  <div class='ocr_page' id='page_1' title='image "/cluster/home/n/w/nwhite01/storage/ocr_20150623/118/mdp.39015078384297/182.png"; bbox 0 0 4112 6250; ppageno 0'>
   <div class='ocr_carea' id='block_1_1' title="bbox 283 369 400 432">
    <p class='ocr_par' dir='ltr' id='par_1_1' title="bbox 283 369 400 432">
     <span class='ocr_line' id='line_1_1' title="bbox 283 369 400 432; baseline 0 -1"><span class='ocrx_word' id='word_1_1' title='bbox 283 369 400 432; x_wconf 59' lang='grc'>349</span> 
     </span>
    </p>
   </div>
   <div class='ocr_carea' id='block_1_2' title="bbox 1435 378 2647 444">
    <p class='ocr_par' dir='ltr' id='par_1_2' title="bbox 1435 378 2647 444">
     <span class='ocr_line' id='line_1_2' title="bbox 1435 378 2647 444; baseline 0.001 -4"><span class='ocrx_word' id='word_1_2' title='bbox 1435 378 1841 441; x_wconf 73' lang='lat' dir='ltr'>COMMENT.</span> <span class='ocrx_word' id='word_1_3' title='bbox 1891 381 1967 440; x_wconf 81' lang='lat' dir='ltr'>IN</span> <span class='ocrx_word' id='word_1_4' title='bbox 2015 381 2266 442; x_wconf 74' lang='lat' dir='ltr'>EPIST.</span> <span class='ocrx_word' id='word_1_5' title='bbox 2313 385 2416 443; x_wconf 83' lang='lat' dir='ltr'>AD</span> <span class='ocrx_word' id='word_1_6' title='bbox 2466 383 2647 444; x_wconf 80' lang='grc' dir='ltr'>ΒΟΜ.</span> 
     </span>
    </p>
   </div>
   <div class='ocr_carea' id='block_1_3' title="bbox 3654 379 3773 440">
    <p class='ocr_par' dir='ltr' id='par_1_3' title="bbox 3654 379 3773 440">
     <span class='ocr_line' id='line_1_3' title="bbox 3654 379 3773 440; baseline 0.008 -2"><span class='ocrx_word' id='word_1_7' title='bbox 3654 379 3773 440; x_wconf 76' lang='lat'>350</span> 
     </span>
    </p>
   </div>
   <div class='ocr_carea' id='block_1_4' title="bbox 306 504 2007 589">
    <p class='ocr_par' dir='ltr' id='par_1_4' title="bbox 306 504 2003 589">
     <span class='ocr_line' id='line_1_4' title="bbox 306 504 2003 589; baseline -0.002 -21"><span class='ocrx_word' id='word_1_8' title='bbox 306 505 435 568; x_wconf 62' lang='grc' dir='ltr'>τοὺς</span> <span class='ocrx_word' id='word_1_9' title='bbox 462 504 555 562; x_wconf 76' lang='grc' dir='ltr'>καὶ</span> <span class='ocrx_word' id='word_1_10' title='bbox 594 507 775 587; x_wconf 64' lang='grc' dir='ltr'>μέχρι</span> <span class='ocrx_word' id='word_1_11' title='bbox 809 515 934 567; x_wconf 75' lang='grc' dir='ltr'>τῶν</span> <span class='ocrx_word' id='word_1_12' title='bbox 966 513 1176 588; x_wconf 77' lang='grc' dir='ltr'>γονέων</span> <span class='ocrx_word' id='word_1_13' title='bbox 1196 513 1535 589; x_wconf 84' lang='grc' dir='ltr'>ἀγνώμονας.</span> <span class='ocrx_word' id='word_1_14' title='bbox 1574 512 1893 574; x_wconf 78' lang='grc' dir='ltr'>Ἀσυνὲτους</span> <span class='ocrx_word' id='word_1_15' title='bbox 1926 509 2003 581; x_wconf 75' lang='grc' dir='ltr'>δὲ,</span> 
     </span>
    </p>
   </div>
   <div class='ocr_carea' id='block_1_5' title="bbox 2122 504 3767 589">
    <p class='ocr_par' dir='ltr' id='par_1_5' title="bbox 2122 512 3767 585">
     <span class='ocr_line' id='line_1_5' title="bbox 2122 512 3767 585; baseline -0.001 -16"><span class='ocrx_word' id='word_1_16' title='bbox 2122 514 2179 570; x_wconf 90' lang='lat' dir='ltr'>in</span> <span class='ocrx_word' id='word_1_17' title='bbox 2210 515 2303 569; x_wconf 90' lang='lat' dir='ltr'>his</span> <span class='ocrx_word' id='word_1_18' title='bbox 2334 532 2465 585; x_wconf 63' lang='lat' dir='ltr'>quas</span> <span class='ocrx_word' id='word_1_19' title='bbox 2495 516 2719 573; x_wconf 82' lang='lat' dir='ltr'>habent</span> <span class='ocrx_word' id='word_1_20' title='bbox 2776 517 3102 572; x_wconf 81' lang='lat' dir='ltr'>efferuntur</span> <span class='ocrx_word' id='word_1_21' title='bbox 3161 513 3441 571; x_wconf 83' lang='lat' dir='ltr'>adversus</span> <span class='ocrx_word' id='word_1_22' title='bbox 3470 512 3605 568; x_wconf 91' lang='lat' dir='ltr'>illos</span> <span class='ocrx_word' id='word_1_23' title='bbox 3666 512 3767 584; x_wconf 87' lang='lat' dir='ltr'>qui</span> 
     </span>
    </p>
   </div>
   <div class='ocr_carea' id='block_1_6' title="bbox 327 595 2009 682">
    <p class='ocr_par' dir='ltr' id='par_1_6' title="bbox 327 595 2009 682">
     <span class='ocr_line' id='line_1_6' title="bbox 327 595 2009 682; baseline 0 -27"><span class='ocrx_word' id='word_1_24' title='bbox 327 600 452 660; x_wconf 58' lang='grc' dir='ltr'>τους</span> <span class='ocrx_word' id='word_1_25' title='bbox 481 595 1028 669; x_wconf 72' lang='grc' dir='ltr'>ἀσυνειδήτους,ὧν</span> <span class='ocrx_word' id='word_1_26' title='bbox 1084 601 1240 657; x_wconf 73' lang='grc' dir='ltr'>οὖδᾶν</span> <span class='ocrx_word' id='word_1_27' title='bbox 1295 604 1701 682; x_wconf 70' lang='grc' dir='ltr'>ἀφρονέστερον.</span> <span class='ocrx_word' id='word_1_28' title='bbox 1763 603 2009 664; x_wconf 78' lang='grc' dir='ltr'>Ἀσυνθε-</span> 
     </span>
    </p>
   </div>
   <div class='ocr_carea' id='block_1_7' title="bbox 340 686 2004 766">
    <p class='ocr_par' dir='ltr' id='par_1_7' title="bbox 340 686 2004 766">
     <span class='ocr_line' id='line_1_7' title="bbox 340 686 2004 766; baseline -0.001 -21"><span class='ocrx_word' id='word_1_29' title='bbox 340 712 467 753; x_wconf 77' lang='grc' dir='ltr'>τους</span> <span class='ocrx_word' id='word_1_30' title='bbox 493 686 568 756; x_wconf 68' lang='grc' dir='ltr'>δὲ,</span> <span class='ocrx_word' id='word_1_31' title='bbox 598 690 727 750; x_wconf 64' lang='grc' dir='ltr'>τοὺς</span> <span class='ocrx_word' id='word_1_32' title='bbox 787 696 915 750; x_wconf 81' lang='grc' dir='ltr'>ταῖς</span> <span class='ocrx_word' id='word_1_33' title='bbox 982 694 1273 763; x_wconf 65' lang='grc' dir='ltr'>συνθήκαις</span> <span class='ocrx_word' id='word_1_34' title='bbox 1334 695 1407 765; x_wconf 80' lang='grc' dir='ltr'>μὴ</span> <span class='ocrx_word' id='word_1_35' title='bbox 1467 692 1819 766; x_wconf 65' lang='grc' dir='ltr'>ἐμμένοντας,</span> <span class='ocrx_word' id='word_1_36' title='bbox 1852 690 1913 751; x_wconf 84' lang='grc' dir='ltr'>’ἀς</span> <span class='ocrx_word' id='word_1_37' title='bbox 1945 691 2004 745; x_wconf 77' lang='grc' dir='ltr'>ἂν</span> 
     </span>
    </p>
   </div>
   <div class='ocr_carea' id='block_1_8' title="bbox 339 778 2003 855">
    <p class='ocr_par' dir='ltr' id='par_1_8' title="bbox 339 778 2003 855">
     <span class='ocr_line' id='line_1_8' title="bbox 339 778 2003 855; baseline -0.003 -19"><span class='ocrx_word' id='word_1_38' title='bbox 339 782 489 855; x_wconf 76' lang='grc' dir='ltr'>πρὸς</span> <span class='ocrx_word' id='word_1_39' title='bbox 512 800 652 839; x_wconf 74' lang='grc' dir='ltr'>τινας</span> <span class='ocrx_word' id='word_1_40' title='bbox 684 778 1027 847; x_wconf 71' lang='grc' dir='ltr'>σῦνθωνται,</span> <span class='ocrx_word' id='word_1_41' title='bbox 1059 783 1355 855; x_wconf 73' lang='grc' dir='ltr'>ἀστόργους</span> <span class='ocrx_word' id='word_1_42' title='bbox 1388 778 1464 849; x_wconf 69' lang='grc' dir='ltr'>δὲ,</span> <span class='ocrx_word' id='word_1_43' title='bbox 1498 782 1623 841; x_wconf 72' lang='grc' dir='ltr'>τοὺς</span> <span class='ocrx_word' id='word_1_44' title='bbox 1654 781 1880 848; x_wconf 80' lang='grc' dir='ltr'>ἀπηνεῖς</span> <span class='ocrx_word' id='word_1_45' title='bbox 1913 781 2003 834; x_wconf 85' lang='grc' dir='ltr'>καὶ</span> 
     </span>
    </p>
   </div>
   <div class='ocr_carea' id='block_1_9' title="bbox 351 868 2004 951">
    <p class='ocr_par' dir='ltr' id='par_1_9' title="bbox 351 868 2004 951">
     <span class='ocr_line' id='line_1_9' title="bbox 351 868 2004 951; baseline -0.002 -24"><span class='ocrx_word' id='word_1_46' title='bbox 351 870 606 951; x_wconf 53' lang='grc' dir='ltr'>ἀιςρὶλους⁸</span> <span class='ocrx_word' id='word_1_47' title='bbox 635 868 935 932; x_wconf 70' lang='grc' dir='ltr'>ἀσπόνδους</span> <span class='ocrx_word' id='word_1_48' title='bbox 973 869 1050 927; x_wconf 70' lang='grc' dir='ltr'>δὲ.</span> <span class='ocrx_word' id='word_1_49' title='bbox 1086 872 1215 934; x_wconf 79' lang='grc' dir='ltr'>τοὺς</span> <span class='ocrx_word' id='word_1_50' title='bbox 1260 870 1660 932; x_wconf 72' lang='grc' dir='ltr'>ἀδιαλλάκτους</span> <span class='ocrx_word' id='word_1_51' title='bbox 1717 871 1806 925; x_wconf 85' lang='grc' dir='ltr'>καὶ</span> <span class='ocrx_word' id='word_1_52' title='bbox 1869 892 2004 943; x_wconf 86' lang='grc' dir='ltr'>μνη-</span> 
     </span>
    </p>
   </div>
   <div class='ocr_carea' id='block_1_10' title="bbox 363 958 2004 1034">
    <p class='ocr_par' dir='ltr' id='par_1_10' title="bbox 363 958 2004 1034">
     <span class='ocr_line' id='line_1_10' title="bbox 363 958 2004 1034; baseline -0.001 -18"><span class='ocrx_word' id='word_1_53' title='bbox 363 964 629 1021; x_wconf 71' lang='grc' dir='ltr'>σικείκους⁸</span> <span class='ocrx_word' id='word_1_54' title='bbox 660 958 1041 1034; x_wconf 67' lang='grc' dir='ltr'>ἀνελεήμονας</span> <span class='ocrx_word' id='word_1_55' title='bbox 1084 960 1157 1025; x_wconf 72' lang='grc' dir='ltr'>δὲ,</span> <span class='ocrx_word' id='word_1_56' title='bbox 1198 963 1325 1024; x_wconf 74' lang='grc' dir='ltr'>τοὺς</span> <span class='ocrx_word' id='word_1_57' title='bbox 1380 963 1646 1034; x_wconf 80' lang='grc' dir='ltr'>ἀκαμπεῖς</span> <span class='ocrx_word' id='word_1_58' title='bbox 1703 960 1793 1016; x_wconf 80' lang='grc' dir='ltr'>καὶ</span> <span class='ocrx_word' id='word_1_59' title='bbox 1854 961 2004 1014; x_wconf 84' lang='grc' dir='ltr'>ἀνεν-</span> 
     </span>
    </p>
   </div>
   <div class='ocr_carea' id='block_1_11' title="bbox 353 1044 2005 1127">
    <p class='ocr_par' dir='ltr' id='par_1_11' title="bbox 353 1044 2005 1127">
     <span class='ocr_line' id='line_1_11' title="bbox 353 1044 2005 1127; baseline 0.001 -24"><span class='ocrx_word' id='word_1_60' title='bbox 353 1046 553 1110; x_wconf 73' lang='grc' dir='ltr'>δότους</span> <span class='ocrx_word' id='word_1_61' title='bbox 583 1051 707 1122; x_wconf 77' lang='grc' dir='ltr'>πρὸς</span> <span class='ocrx_word' id='word_1_62' title='bbox 736 1044 911 1105; x_wconf 81' lang='grc' dir='ltr'>ἔλεον.</span> <span class='ocrx_word' id='word_1_63' title='bbox 948 1074 977 1100; x_wconf 70' lang='grc' dir='ltr'>ι(</span> <span class='ocrx_word' id='word_1_64' title='bbox 1008 1049 1328 1120; x_wconf 82' lang='grc' dir='ltr'>Ἀλαζόνας.</span> <span class='ocrx_word' id='word_1_65' title='bbox 1358 1074 1383 1103; x_wconf 74' lang='grc' dir='ltr'>ι</span> <span class='ocrx_word' id='word_1_66' title='bbox 1420 1050 1482 1106; x_wconf 82' lang='grc' dir='ltr'>Εἰ</span> <span class='ocrx_word' id='word_1_67' title='bbox 1512 1051 1618 1127; x_wconf 88' lang='grc' dir='ltr'>γάρ</span> <span class='ocrx_word' id='word_1_68' title='bbox 1649 1051 1676 1105; x_wconf 89' lang='grc' dir='ltr'>ὁ</span> <span class='ocrx_word' id='word_1_69' title='bbox 1707 1052 2005 1123; x_wconf 78' lang='grc' dir='ltr'>κατορθῶν,</span> 
     </span>
    </p>
   </div>
   <div class='ocr_carea' id='block_1_12' title="bbox 341 1138 2004 1217">
    <p class='ocr_par' dir='ltr' id='par_1_12' title="bbox 341 1138 2004 1217">
     <span class='ocr_line' id='line_1_12' title="bbox 341 1138 2004 1217; baseline -0.001 -23"><span class='ocrx_word' id='word_1_70' title='bbox 341 1143 417 1210; x_wconf 75' lang='grc' dir='ltr'>τῇ</span> <span class='ocrx_word' id='word_1_71' title='bbox 449 1138 729 1208; x_wconf 76' lang='grc' dir='ltr'>ἀλαζονείᾳ</span> <span class='ocrx_word' id='word_1_72' title='bbox 761 1141 1118 1217; x_wconf 71' lang='grc' dir='ltr'>χρήσέμενος</span> <span class='ocrx_word' id='word_1_73' title='bbox 1166 1139 1389 1195; x_wconf 75' lang='grc' dir='ltr'>ἐκένωσε</span> <span class='ocrx_word' id='word_1_74' title='bbox 1443 1141 1509 1194; x_wconf 82' lang='grc' dir='ltr'>τὰ</span> <span class='ocrx_word' id='word_1_75' title='bbox 1562 1141 2004 1210; x_wconf 64' lang='grc' dir='ltr'>κατορθωθέντα,</span> 
     </span>
    </p>
   </div>
   <div class='ocr_carea' id='block_1_13' title="bbox 347 1227 2007 1303">
    <p class='ocr_par' dir='ltr' id='par_1_13' title="bbox 347 1227 2007 1303">
     <span class='ocr_line' id='line_1_13' title="bbox 347 1227 2007 1303; baseline 0 -20"><span class='ocrx_word' id='word_1_76' title='bbox 347 1229 523 1291; x_wconf 80' lang='grc' dir='ltr'>ποίας</span> <span class='ocrx_word' id='word_1_77' title='bbox 578 1229 634 1283; x_wconf 81' lang='grc' dir='ltr'>Ξίν</span> <span class='ocrx_word' id='word_1_78' title='bbox 696 1227 779 1299; x_wconf 66' lang='grc' dir='ltr'>εἴη</span> <span class='ocrx_word' id='word_1_79' title='bbox 846 1231 1123 1303; x_wconf 76' lang='grc' dir='ltr'>τιμωρίας</span> <span class='ocrx_word' id='word_1_80' title='bbox 1176 1231 1203 1284; x_wconf 76' lang='grc' dir='ltr'>ὁ</span> <span class='ocrx_word' id='word_1_81' title='bbox 1250 1228 1303 1284; x_wconf 87' lang='grc' dir='ltr'>ἐν</span> <span class='ocrx_word' id='word_1_82' title='bbox 1353 1228 1619 1303; x_wconf 80' lang='grc' dir='ltr'>ἁμαρτίας</span> <span class='ocrx_word' id='word_1_83' title='bbox 1681 1227 2007 1298; x_wconf 85' lang='grc' dir='ltr'>ἀλαζονευό-</span> 
     </span>
    </p>
   </div>
   <div class='ocr_carea' id='block_1_14' title="bbox 342 1316 2007 1395">
    <p class='ocr_par' dir='ltr' id='par_1_14' title="bbox 342 1316 2007 1395">
     <span class='ocr_line' id='line_1_14' title="bbox 342 1316 2007 1395; baseline 0 -24"><span class='ocrx_word' id='word_1_84' title='bbox 342 1338 515 1390; x_wconf 84' lang='grc' dir='ltr'>μενος</span> <span class='ocrx_word' id='word_1_85' title='bbox 552 1337 565 1383; x_wconf 89' lang='grc'>;</span> <span class='ocrx_word' id='word_1_86' title='bbox 602 1342 628 1366; x_wconf 80' lang='grc'><strong>››</strong></span> <span class='ocrx_word' id='word_1_87' title='bbox 656 1320 978 1395; x_wconf 60' lang='grc' dir='ltr'>Ἐφευρετάς</span> <span class='ocrx_word' id='word_1_88' title='bbox 1007 1323 1209 1374; x_wconf 78' lang='grc' dir='ltr'>κακῶν.</span> <span class='ocrx_word' id='word_1_89' title='bbox 1248 1342 1275 1369; x_wconf 84' lang='grc'><strong>››</strong></span> <span class='ocrx_word' id='word_1_90' title='bbox 1304 1321 1473 1389; x_wconf 73' lang='grc' dir='ltr'>’Ὅπερ</span> <span class='ocrx_word' id='word_1_91' title='bbox 1521 1316 1871 1389; x_wconf 83' lang='grc' dir='ltr'>μελετώντων</span> <span class='ocrx_word' id='word_1_92' title='bbox 1917 1318 2007 1372; x_wconf 83' lang='grc' dir='ltr'>καὶ</span> 
     </span>
    </p>
   </div>
   <div class='ocr_carea' id='block_1_15' title="bbox 326 1404 985 1477">
    <p class='ocr_par' dir='ltr' id='par_1_15' title="bbox 326 1404 985 1477">
     <span class='ocr_line' id='line_1_15' title="bbox 326 1404 985 1477; baseline 0 -16"><span class='ocrx_word' id='word_1_93' title='bbox 326 1404 766 1474; x_wconf 64' lang='grc' dir='ltr'>σπουδαζόντων</span> <span class='ocrx_word' id='word_1_94' title='bbox 827 1405 985 1477; x_wconf 76' lang='grc' dir='ltr'>ἴδιον,</span> 
     </span>
    </p>
   </div>
   <div class='ocr_carea' id='block_1_16' title="bbox 322 1494 2005 1575">
    <p class='ocr_par' dir='ltr' id='par_1_16' title="bbox 322 1494 2005 1575">
     <span class='ocr_line' id='line_1_16' title="bbox 322 1494 2005 1575; baseline 0 -25"><span class='ocrx_word' id='word_1_95' title='bbox 322 1495 557 1562; x_wconf 69' lang='grc' dir='ltr'>θέτους,</span> <span class='ocrx_word' id='word_1_96' title='bbox 592 1494 988 1568; x_wconf 72' lang='grc' dir='ltr'>ἀνελεήμονας.</span> <span class='ocrx_word' id='word_1_97' title='bbox 1024 1522 1053 1550; x_wconf 87' lang='grc'><strong>››</strong></span> <span class='ocrx_word' id='word_1_98' title='bbox 1087 1496 1603 1575; x_wconf 84' lang='grc' dir='ltr'>Ἀποσχοινίζοντας</span> <span class='ocrx_word' id='word_1_99' title='bbox 1627 1497 1733 1553; x_wconf 83' lang='grc' dir='ltr'>ἀπὸ</span> <span class='ocrx_word' id='word_1_100' title='bbox 1766 1499 2005 1567; x_wconf 73' lang='grc' dir='ltr'>πάντων,</span> 
     </span>
    </p>
   </div>
   <div class='ocr_carea' id='block_1_17' title="bbox 333 1585 1862 1662">
    <p class='ocr_par' dir='ltr' id='par_1_17' title="bbox 333 1585 1862 1662">
     <span class='ocr_line' id='line_1_17' title="bbox 333 1585 1862 1662; baseline 0.001 -25"><span class='ocrx_word' id='word_1_101' title='bbox 333 1586 626 1653; x_wconf 69' lang='grc' dir='ltr'>τουτέστι,</span> <span class='ocrx_word' id='word_1_102' title='bbox 663 1586 861 1647; x_wconf 79' lang='grc' dir='ltr'>πάντας</span> <span class='ocrx_word' id='word_1_103' title='bbox 895 1587 1179 1657; x_wconf 76' lang='grc' dir='ltr'>μισοῦντας</span> <span class='ocrx_word' id='word_1_104' title='bbox 1208 1588 1296 1641; x_wconf 83' lang='grc' dir='ltr'>καὶ</span> <span class='ocrx_word' id='word_1_105' title='bbox 1330 1585 1862 1662; x_wconf 74' lang='grc' dir='ltr'>ἀποστρεφομένους.</span> 
     </span>
    </p>
   </div>
   <div class='ocr_carea' id='block_1_18' title="bbox 1066 1408 2005 1484">
    <p class='ocr_par' dir='ltr' id='par_1_18' title="bbox 1066 1408 2005 1484">
     <span class='ocr_line' id='line_1_18' title="bbox 1066 1408 2005 1484; baseline -0.002 -21"><span class='ocrx_word' id='word_1_106' title='bbox 1066 1408 1129 1463; x_wconf 69' lang='grc' dir='ltr'>οὗ</span> <span class='ocrx_word' id='word_1_107' title='bbox 1210 1409 1315 1480; x_wconf 71' lang='grc' dir='ltr'>μὴν</span> <span class='ocrx_word' id='word_1_108' title='bbox 1359 1409 1692 1484; x_wconf 70' lang='grc' dir='ltr'>ἀγνοῦτων.ο</span> <span class='ocrx_word' id='word_1_109' title='bbox 1757 1432 1784 1459; x_wconf 91' lang='grc'><em>‹‹</em></span> <span class='ocrx_word' id='word_1_110' title='bbox 1822 1409 2005 1464; x_wconf 85' lang='grc' dir='ltr'>Ἀσυν-</span> 
     </span>
    </p>
   </div>
   <div class='ocr_carea' id='block_1_19' title="bbox 2120 604 3769 677">
    <p class='ocr_par' dir='ltr' id='par_1_19' title="bbox 2120 604 3769 677">
     <span class='ocr_line' id='line_1_19' title="bbox 2120 604 3769 677; baseline -0.001 -18"><span class='ocrx_word' id='word_1_111' title='bbox 2120 621 2237 659; x_wconf 89' lang='lat' dir='ltr'>non</span> <span class='ocrx_word' id='word_1_112' title='bbox 2270 606 2491 660; x_wconf 81' lang='lat' dir='ltr'>habent</span> <span class='ocrx_word' id='word_1_113' title='bbox 2522 624 2533 660; x_wconf 76' lang='grc' dir='ltr'><strong>ε</strong></span> <span class='ocrx_word' id='word_1_114' title='bbox 2569 606 2855 677; x_wconf 85' lang='lat' dir='ltr'>gloriosos</span> <span class='ocrx_word' id='word_1_115' title='bbox 2889 623 3022 661; x_wconf 91' lang='lat' dir='ltr'>vero</span> <span class='ocrx_word' id='word_1_116' title='bbox 3085 606 3184 676; x_wconf 88' lang='lat' dir='ltr'>qui</span> <span class='ocrx_word' id='word_1_117' title='bbox 3236 604 3307 658; x_wconf 92' lang='lat' dir='ltr'>de</span> <span class='ocrx_word' id='word_1_118' title='bbox 3334 605 3425 657; x_wconf 86' lang='lat' dir='ltr'>his</span> <span class='ocrx_word' id='word_1_119' title='bbox 3459 621 3589 673; x_wconf 65' lang='lat' dir='ltr'>quas</span> <span class='ocrx_word' id='word_1_120' title='bbox 3648 620 3769 657; x_wconf 89' lang='lat' dir='ltr'>non</span> 
     </span>
    </p>
   </div>
   <div class='ocr_carea' id='block_1_20' title="bbox 2120 696 3770 768">
    <p class='ocr_par' dir='ltr' id='par_1_20' title="bbox 2120 696 3770 768">
     <span class='ocr_line' id='line_1_20' title="bbox 2120 696 3770 768; baseline 0 -19"><span class='ocrx_word' id='word_1_121' title='bbox 2120 696 2339 750; x_wconf 83' lang='lat' dir='ltr'>habent</span> <span class='ocrx_word' id='word_1_122' title='bbox 2369 698 2700 768; x_wconf 76' lang='lat' dir='ltr'>gloriantur</span> <span class='ocrx_word' id='word_1_123' title='bbox 2734 715 2799 752; x_wconf 93' lang='lat' dir='ltr'>ac</span> <span class='ocrx_word' id='word_1_124' title='bbox 2834 698 2880 751; x_wconf 87' lang='lat' dir='ltr'>si</span> <span class='ocrx_word' id='word_1_125' title='bbox 2915 714 2983 752; x_wconf 90' lang='lat' dir='ltr'>ea</span> <span class='ocrx_word' id='word_1_126' title='bbox 3020 697 3416 768; x_wconf 82' lang='lat' dir='ltr'>possiderent.</span> <span class='ocrx_word' id='word_1_127' title='bbox 3478 697 3770 749; x_wconf 74' lang='lat' dir='ltr'>Praeterea</span> 
     </span>
    </p>
   </div>
   <div class='ocr_carea' id='block_1_21' title="bbox 2115 784 3769 856">
    <p class='ocr_par' dir='ltr' id='par_1_21' title="bbox 2115 784 3769 856">
     <span class='ocr_line' id='line_1_21' title="bbox 2115 784 3769 856; baseline -0.001 -17"><span class='ocrx_word' id='word_1_128' title='bbox 2115 785 2454 840; x_wconf 81' lang='lat' dir='ltr'>inventores</span> <span class='ocrx_word' id='word_1_129' title='bbox 2490 787 2781 841; x_wconf 90' lang='lat' dir='ltr'>malorum</span> <span class='ocrx_word' id='word_1_130' title='bbox 2816 804 2914 840; x_wconf 82' lang='lat' dir='ltr'>eos</span> <span class='ocrx_word' id='word_1_131' title='bbox 2957 787 3054 856; x_wconf 86' lang='lat' dir='ltr'>qui</span> <span class='ocrx_word' id='word_1_132' title='bbox 3118 792 3332 856; x_wconf 51' lang='lat' dir='ltr'>pralter</span> <span class='ocrx_word' id='word_1_133' title='bbox 3362 790 3559 839; x_wconf 90' lang='lat' dir='ltr'>vetera</span> <span class='ocrx_word' id='word_1_134' title='bbox 3589 784 3769 849; x_wconf 88' lang='lat' dir='ltr'>mala,</span> 
     </span>
    </p>
   </div>
   <div class='ocr_carea' id='block_1_22' title="bbox 2116 873 3768 947">
    <p class='ocr_par' dir='ltr' id='par_1_22' title="bbox 2116 873 3768 947">
     <span class='ocr_line' id='line_1_22' title="bbox 2116 873 3768 947; baseline -0.002 -19"><span class='ocrx_word' id='word_1_135' title='bbox 2116 874 2233 929; x_wconf 89' lang='lat' dir='ltr'>alia</span> <span class='ocrx_word' id='word_1_136' title='bbox 2263 876 2509 946; x_wconf 81' lang='lat' dir='ltr'>insuper</span> <span class='ocrx_word' id='word_1_137' title='bbox 2543 876 2696 931; x_wconf 87' lang='lat' dir='ltr'>mala</span> <span class='ocrx_word' id='word_1_138' title='bbox 2755 876 3089 947; x_wconf 79' lang='lat' dir='ltr'>designant.</span> <span class='ocrx_word' id='word_1_139' title='bbox 3145 874 3230 928; x_wconf 87' lang='lat' dir='ltr'>Ad</span> <span class='ocrx_word' id='word_1_140' title='bbox 3264 875 3388 928; x_wconf 65' lang='lat' dir='ltr'>haec</span> <span class='ocrx_word' id='word_1_141' title='bbox 3422 873 3768 944; x_wconf 84' lang='lat' dir='ltr'>parentibus</span> 
     </span>
    </p>
   </div>
   <div class='ocr_carea' id='block_1_23' title="bbox 2117 964 3766 1035">
    <p class='ocr_par' dir='ltr' id='par_1_23' title="bbox 2117 964 3766 1035">
     <span class='ocr_line' id='line_1_23' title="bbox 2117 964 3766 1035; baseline -0.001 -18"><span class='ocrx_word' id='word_1_142' title='bbox 2117 964 2528 1019; x_wconf 89' lang='lat' dir='ltr'>inobedientes</span> <span class='ocrx_word' id='word_1_143' title='bbox 2561 966 2660 1035; x_wconf 91' lang='lat' dir='ltr'>qui</span> <span class='ocrx_word' id='word_1_144' title='bbox 2695 983 2762 1019; x_wconf 90' lang='lat' dir='ltr'>eo</span> <span class='ocrx_word' id='word_1_145' title='bbox 2796 982 2983 1035; x_wconf 90' lang='lat' dir='ltr'>usque</span> <span class='ocrx_word' id='word_1_146' title='bbox 3020 965 3309 1019; x_wconf 90' lang='lat' dir='ltr'>malorum</span> <span class='ocrx_word' id='word_1_147' title='bbox 3338 964 3766 1034; x_wconf 79' lang='lat' dir='ltr'>pervenissent,</span> 
     </span>
    </p>
   </div>
   <div class='ocr_carea' id='block_1_24' title="bbox 2118 1053 3767 1127">
    <p class='ocr_par' dir='ltr' id='par_1_24' title="bbox 2118 1053 3767 1127">
     <span class='ocr_line' id='line_1_24' title="bbox 2118 1053 3767 1127; baseline -0.001 -20"><span class='ocrx_word' id='word_1_148' title='bbox 2118 1060 2180 1108; x_wconf 88' lang='lat' dir='ltr'>ut</span> <span class='ocrx_word' id='word_1_149' title='bbox 2213 1054 2389 1108; x_wconf 90' lang='lat' dir='ltr'>etiam</span> <span class='ocrx_word' id='word_1_150' title='bbox 2416 1071 2553 1127; x_wconf 90' lang='lat' dir='ltr'>erga</span> <span class='ocrx_word' id='word_1_151' title='bbox 2586 1060 2860 1125; x_wconf 89' lang='lat' dir='ltr'>parentes</span> <span class='ocrx_word' id='word_1_152' title='bbox 2889 1055 3098 1126; x_wconf 81' lang='lat' dir='ltr'>perfidi</span> <span class='ocrx_word' id='word_1_153' title='bbox 3134 1060 3350 1108; x_wconf 87' lang='lat' dir='ltr'>essent.</span> <span class='ocrx_word' id='word_1_154' title='bbox 3412 1053 3767 1122; x_wconf 89' lang='lat' dir='ltr'>lnsipientes</span> 
     </span>
    </p>
   </div>
   <div class='ocr_carea' id='block_1_25' title="bbox 2118 1141 3772 1216">
    <p class='ocr_par' dir='ltr' id='par_1_25' title="bbox 2118 1141 3772 1216">
     <span class='ocr_line' id='line_1_25' title="bbox 2118 1141 3772 1216; baseline -0.002 -20"><span class='ocrx_word' id='word_1_155' title='bbox 2118 1149 2315 1197; x_wconf 90' lang='lat' dir='ltr'>autem</span> <span class='ocrx_word' id='word_1_156' title='bbox 2366 1144 2770 1216; x_wconf 72' lang='lat' dir='ltr'>intelligentim</span> <span class='ocrx_word' id='word_1_157' title='bbox 2831 1150 3135 1214; x_wconf 85' lang='lat' dir='ltr'>expertes,</span> <span class='ocrx_word' id='word_1_158' title='bbox 3196 1142 3410 1212; x_wconf 88' lang='lat' dir='ltr'>quibus</span> <span class='ocrx_word' id='word_1_159' title='bbox 3474 1141 3625 1195; x_wconf 90' lang='lat' dir='ltr'>nihil</span> <span class='ocrx_word' id='word_1_160' title='bbox 3683 1145 3772 1194; x_wconf 90' lang='lat' dir='ltr'>est</span> 
     </span>
    </p>
   </div>
   <div class='ocr_carea' id='block_1_26' title="bbox 2120 1232 3770 1305">
    <p class='ocr_par' dir='ltr' id='par_1_26' title="bbox 2120 1232 3770 1305">
     <span class='ocr_line' id='line_1_26' title="bbox 2120 1232 3770 1305; baseline -0.002 -18"><span class='ocrx_word' id='word_1_161' title='bbox 2120 1232 2379 1287; x_wconf 85' lang='lat' dir='ltr'>stultius.</span> <span class='ocrx_word' id='word_1_162' title='bbox 2414 1234 2770 1305; x_wconf 73' lang='lat' dir='ltr'>Fmdil‘ragos</span> <span class='ocrx_word' id='word_1_163' title='bbox 2802 1250 2934 1288; x_wconf 87' lang='lat' dir='ltr'>vero</span> <span class='ocrx_word' id='word_1_164' title='bbox 2995 1234 3093 1302; x_wconf 88' lang='lat' dir='ltr'>qui</span> <span class='ocrx_word' id='word_1_165' title='bbox 3128 1232 3315 1303; x_wconf 90' lang='lat' dir='ltr'>pactis</span> <span class='ocrx_word' id='word_1_166' title='bbox 3346 1248 3463 1285; x_wconf 93' lang='lat' dir='ltr'>non</span> <span class='ocrx_word' id='word_1_167' title='bbox 3527 1234 3770 1284; x_wconf 90' lang='lat' dir='ltr'>manent</span> 
     </span>
    </p>
   </div>
   <div class='ocr_carea' id='block_1_27' title="bbox 2118 1322 3764 1395">
    <p class='ocr_par' dir='ltr' id='par_1_27' title="bbox 2118 1322 3764 1395">
     <span class='ocr_line' id='line_1_27' title="bbox 2118 1322 3764 1395; baseline -0.002 -17"><span class='ocrx_word' id='word_1_168' title='bbox 2118 1340 2249 1394; x_wconf 63' lang='lat' dir='ltr'>quas</span> <span class='ocrx_word' id='word_1_169' title='bbox 2283 1341 2417 1377; x_wconf 90' lang='lat' dir='ltr'>cum</span> <span class='ocrx_word' id='word_1_170' title='bbox 2449 1325 2757 1379; x_wconf 90' lang='lat' dir='ltr'>nonnullis</span> <span class='ocrx_word' id='word_1_171' title='bbox 2789 1324 3136 1395; x_wconf 83' lang='lat' dir='ltr'>pepigerint.</span> <span class='ocrx_word' id='word_1_172' title='bbox 3183 1323 3496 1377; x_wconf 86' lang='lat' dir='ltr'>Charitatis</span> <span class='ocrx_word' id='word_1_173' title='bbox 3549 1322 3764 1375; x_wconf 84' lang='lat' dir='ltr'>affectu</span> 
     </span>
    </p>
   </div>
   <div class='ocr_carea' id='block_1_28' title="bbox 2118 1410 3769 1483">
    <p class='ocr_par' dir='ltr' id='par_1_28' title="bbox 2118 1410 3769 1483">
     <span class='ocr_line' id='line_1_28' title="bbox 2118 1410 3769 1483; baseline -0.002 -18"><span class='ocrx_word' id='word_1_174' title='bbox 2118 1412 2347 1467; x_wconf 89' lang='lat' dir='ltr'>alienos</span> <span class='ocrx_word' id='word_1_175' title='bbox 2380 1419 2549 1467; x_wconf 88' lang='lat' dir='ltr'>vocat</span> <span class='ocrx_word' id='word_1_176' title='bbox 2597 1431 2779 1468; x_wconf 69' lang='lat' dir='ltr'>saevos</span> <span class='ocrx_word' id='word_1_177' title='bbox 2822 1414 2923 1483; x_wconf 90' lang='lat' dir='ltr'>qui</span> <span class='ocrx_word' id='word_1_178' title='bbox 2984 1412 3182 1467; x_wconf 90' lang='lat' dir='ltr'>nullos</span> <span class='ocrx_word' id='word_1_179' title='bbox 3238 1412 3459 1465; x_wconf 84' lang='lat' dir='ltr'>habent</span> <span class='ocrx_word' id='word_1_180' title='bbox 3515 1410 3589 1464; x_wconf 89' lang='lat' dir='ltr'>ad</span> <span class='ocrx_word' id='word_1_181' title='bbox 3620 1426 3769 1479; x_wconf 89' lang='lat' dir='ltr'>quos</span> 
     </span>
    </p>
   </div>
   <div class='ocr_carea' id='block_1_29' title="bbox 2118 1501 3773 1572">
    <p class='ocr_par' dir='ltr' id='par_1_29' title="bbox 2118 1501 3773 1572">
     <span class='ocr_line' id='line_1_29' title="bbox 2118 1501 3773 1572; baseline -0.004 -15"><span class='ocrx_word' id='word_1_182' title='bbox 2118 1502 2457 1557; x_wconf 85' lang='lat' dir='ltr'>afﬁciantur</span> <span class='ocrx_word' id='word_1_183' title='bbox 2480 1505 2721 1559; x_wconf 88' lang='lat' dir='ltr'>amicos.</span> <span class='ocrx_word' id='word_1_184' title='bbox 2749 1503 3281 1558; x_wconf 89' lang='lat' dir='ltr'>lrreconciliabiles</span> <span class='ocrx_word' id='word_1_185' title='bbox 3301 1502 3400 1572; x_wconf 91' lang='lat' dir='ltr'>qui</span> <span class='ocrx_word' id='word_1_186' title='bbox 3423 1501 3640 1555; x_wconf 91' lang='lat' dir='ltr'>mutari</span> <span class='ocrx_word' id='word_1_187' title='bbox 3666 1515 3773 1552; x_wconf 90' lang='lat' dir='ltr'>ne-</span> 
     </span>
    </p>
   </div>
   <div class='ocr_carea' id='block_1_30' title="bbox 2120 1586 3775 1663">
    <p class='ocr_par' dir='ltr' id='par_1_30' title="bbox 2120 1586 3775 1663">
     <span class='ocr_line' id='line_1_30' title="bbox 2120 1586 3775 1663; baseline -0.003 -18"><span class='ocrx_word' id='word_1_188' title='bbox 2120 1600 2347 1661; x_wconf 88' lang='lat' dir='ltr'>queunt</span> <span class='ocrx_word' id='word_1_189' title='bbox 2377 1600 2434 1647; x_wconf 90' lang='lat' dir='ltr'>et</span> <span class='ocrx_word' id='word_1_190' title='bbox 2466 1594 2758 1647; x_wconf 86' lang='lat' dir='ltr'>malorum</span> <span class='ocrx_word' id='word_1_191' title='bbox 2790 1610 2855 1647; x_wconf 91' lang='lat' dir='ltr'>ac</span> <span class='ocrx_word' id='word_1_192' title='bbox 2889 1594 3242 1663; x_wconf 86' lang='lat' dir='ltr'>injuriarum</span> <span class='ocrx_word' id='word_1_193' title='bbox 3276 1607 3511 1661; x_wconf 86' lang='lat' dir='ltr'>semper</span> <span class='ocrx_word' id='word_1_194' title='bbox 3552 1586 3775 1644; x_wconf 87' lang='lat' dir='ltr'>memi-</span> 
     </span>
    </p>
   </div>
   <div class='ocr_carea' id='block_1_31' title="bbox 330 1678 3755 1752">
    <p class='ocr_par' dir='ltr' id='par_1_31' title="bbox 330 1678 3755 1752">
     <span class='ocr_line' id='line_1_31' title="bbox 330 1678 3755 1752; baseline 0 -16"><span class='ocrx_word' id='word_1_195' title='bbox 330 1686 591 1736; x_wconf 85' lang='lat' dir='ltr'>nerunt.</span> <span class='ocrx_word' id='word_1_196' title='bbox 630 1681 876 1734; x_wconf 88' lang='lat' dir='ltr'>Demum</span> <span class='ocrx_word' id='word_1_197' title='bbox 906 1678 1406 1733; x_wconf 85' lang='lat' dir='ltr'>immisericordes</span> <span class='ocrx_word' id='word_1_198' title='bbox 1436 1678 1579 1732; x_wconf 90' lang='lat' dir='ltr'>dicit</span> <span class='ocrx_word' id='word_1_199' title='bbox 1608 1678 1985 1744; x_wconf 84' lang='lat' dir='ltr'>inﬂexibiles,</span> <span class='ocrx_word' id='word_1_200' title='bbox 2045 1680 2342 1752; x_wconf 91' lang='lat' dir='ltr'>durosque</span> <span class='ocrx_word' id='word_1_201' title='bbox 2402 1683 2475 1735; x_wconf 91' lang='lat' dir='ltr'>ad</span> <span class='ocrx_word' id='word_1_202' title='bbox 2537 1683 3026 1737; x_wconf 86' lang='lat' dir='ltr'>misericordiam.</span> <span class='ocrx_word' id='word_1_203' title='bbox 3090 1704 3116 1729; x_wconf 91' lang='grc'>‹‹</span> <span class='ocrx_word' id='word_1_204' title='bbox 3151 1680 3419 1735; x_wconf 89' lang='lat' dir='ltr'>Gloriosi.</span> <span class='ocrx_word' id='word_1_205' title='bbox 3457 1703 3482 1728; x_wconf 83' lang='lat'>»</span> <span class='ocrx_word' id='word_1_206' title='bbox 3534 1684 3675 1735; x_wconf 86' lang='lat' dir='ltr'>Nam</span> <span class='ocrx_word' id='word_1_207' title='bbox 3706 1684 3755 1738; x_wconf 89' lang='lat' dir='ltr'>si</span> 
     </span>
    </p>
   </div>
   <div class='ocr_carea' id='block_1_32' title="bbox 337 1768 3751 1844">
    <p class='ocr_par' dir='ltr' id='par_1_32' title="bbox 337 1768 3751 1844">
     <span class='ocr_line' id='line_1_32' title="bbox 337 1768 3751 1844; baseline 0 -20"><span class='ocrx_word' id='word_1_208' title='bbox 337 1771 528 1825; x_wconf 79' lang='lat' dir='ltr'>etiam</span> <span class='ocrx_word' id='word_1_209' title='bbox 556 1770 609 1823; x_wconf 86' lang='lat' dir='ltr'>is</span> <span class='ocrx_word' id='word_1_210' title='bbox 641 1769 743 1839; x_wconf 90' lang='lat' dir='ltr'>qui</span> <span class='ocrx_word' id='word_1_211' title='bbox 777 1774 935 1823; x_wconf 86' lang='lat' dir='ltr'>recte</span> <span class='ocrx_word' id='word_1_212' title='bbox 965 1768 1103 1840; x_wconf 82' lang='lat' dir='ltr'>agit,</span> <span class='ocrx_word' id='word_1_213' title='bbox 1135 1784 1241 1838; x_wconf 90' lang='lat' dir='ltr'>per</span> <span class='ocrx_word' id='word_1_214' title='bbox 1272 1768 1667 1839; x_wconf 83' lang='lat' dir='ltr'>arrogantiam</span> <span class='ocrx_word' id='word_1_215' title='bbox 1702 1784 1830 1822; x_wconf 86' lang='lat' dir='ltr'>sese</span> <span class='ocrx_word' id='word_1_216' title='bbox 1860 1768 2142 1839; x_wconf 85' lang='lat' dir='ltr'>jactando</span> <span class='ocrx_word' id='word_1_217' title='bbox 2173 1770 2247 1825; x_wconf 90' lang='lat' dir='ltr'>ad</span> <span class='ocrx_word' id='word_1_218' title='bbox 2278 1772 2533 1826; x_wconf 89' lang='lat' dir='ltr'>nihilum</span> <span class='ocrx_word' id='word_1_219' title='bbox 2561 1772 2779 1844; x_wconf 78' lang='lat' dir='ltr'>redigit</span> <span class='ocrx_word' id='word_1_220' title='bbox 2807 1788 2875 1826; x_wconf 93' lang='lat' dir='ltr'>ea</span> <span class='ocrx_word' id='word_1_221' title='bbox 2905 1788 3035 1842; x_wconf 64' lang='lat' dir='ltr'>quas</span> <span class='ocrx_word' id='word_1_222' title='bbox 3067 1788 3100 1825; x_wconf 88' lang='lat' dir='ltr'>a</span> <span class='ocrx_word' id='word_1_223' title='bbox 3127 1788 3188 1825; x_wconf 89' lang='lat' dir='ltr'>se</span> <span class='ocrx_word' id='word_1_224' title='bbox 3221 1776 3376 1824; x_wconf 92' lang='lat' dir='ltr'>recte</span> <span class='ocrx_word' id='word_1_225' title='bbox 3408 1780 3536 1825; x_wconf 89' lang='lat' dir='ltr'>acta</span> <span class='ocrx_word' id='word_1_226' title='bbox 3564 1778 3751 1842; x_wconf 88' lang='lat' dir='ltr'>erant,</span> 
     </span>
    </p>
   </div>
   <div class='ocr_carea' id='block_1_33' title="bbox 340 1856 3773 1933">
    <p class='ocr_par' dir='ltr' id='par_1_33' title="bbox 340 1856 3773 1933">
     <span class='ocr_line' id='line_1_33' title="bbox 340 1856 3773 1933; baseline 0.001 -19"><span class='ocrx_word' id='word_1_227' title='bbox 340 1875 619 1931; x_wconf 87' lang='lat' dir='ltr'>quonam</span> <span class='ocrx_word' id='word_1_228' title='bbox 651 1857 945 1929; x_wconf 91' lang='lat' dir='ltr'>supplicio</span> <span class='ocrx_word' id='word_1_229' title='bbox 978 1857 1190 1930; x_wconf 87' lang='lat' dir='ltr'>dignus</span> <span class='ocrx_word' id='word_1_230' title='bbox 1213 1857 1342 1924; x_wconf 92' lang='lat' dir='ltr'>erit,</span> <span class='ocrx_word' id='word_1_231' title='bbox 1375 1856 1475 1928; x_wconf 90' lang='lat' dir='ltr'>qui</span> <span class='ocrx_word' id='word_1_232' title='bbox 1508 1857 1567 1911; x_wconf 91' lang='lat' dir='ltr'>in</span> <span class='ocrx_word' id='word_1_233' title='bbox 1598 1857 1855 1927; x_wconf 87' lang='lat' dir='ltr'>peccatis</span> <span class='ocrx_word' id='word_1_234' title='bbox 1887 1856 2169 1929; x_wconf 87' lang='lat' dir='ltr'>gloriatur</span> <span class='ocrx_word' id='word_1_235' title='bbox 2203 1860 2229 1914; x_wconf 88' lang='lat'><strong>?</strong></span> <span class='ocrx_word' id='word_1_236' title='bbox 2258 1883 2285 1909; x_wconf 92' lang='grc'>‹‹</span> <span class='ocrx_word' id='word_1_237' title='bbox 2319 1863 2659 1916; x_wconf 86' lang='lat' dir='ltr'>Inventores</span> <span class='ocrx_word' id='word_1_238' title='bbox 2718 1862 3029 1915; x_wconf 91' lang='lat' dir='ltr'>malorum.</span> <span class='ocrx_word' id='word_1_239' title='bbox 3058 1884 3082 1909; x_wconf 83' lang='lat'>»</span> <span class='ocrx_word' id='word_1_240' title='bbox 3153 1860 3317 1923; x_wconf 88' lang='lat' dir='ltr'>Quod</span> <span class='ocrx_word' id='word_1_241' title='bbox 3377 1877 3577 1915; x_wconf 89' lang='lat' dir='ltr'>eorum</span> <span class='ocrx_word' id='word_1_242' title='bbox 3639 1879 3773 1933; x_wconf 87' lang='lat' dir='ltr'>pro-</span> 
     </span>
    </p>
   </div>
   <div class='ocr_carea' id='block_1_34' title="bbox 335 1945 3763 2021">
    <p class='ocr_par' dir='ltr' id='par_1_34' title="bbox 335 1945 3763 2021">
     <span class='ocr_line' id='line_1_34' title="bbox 335 1945 3763 2021; baseline 0.001 -19"><span class='ocrx_word' id='word_1_243' title='bbox 335 1949 543 2021; x_wconf 87' lang='lat' dir='ltr'>prium</span> <span class='ocrx_word' id='word_1_244' title='bbox 582 1954 677 2002; x_wconf 86' lang='lat' dir='ltr'>est</span> <span class='ocrx_word' id='word_1_245' title='bbox 708 1947 808 2018; x_wconf 91' lang='lat' dir='ltr'>qui</span> <span class='ocrx_word' id='word_1_246' title='bbox 842 1964 981 2002; x_wconf 87' lang='lat' dir='ltr'>cura</span> <span class='ocrx_word' id='word_1_247' title='bbox 1013 1963 1080 2001; x_wconf 91' lang='lat' dir='ltr'>ac</span> <span class='ocrx_word' id='word_1_248' title='bbox 1112 1945 1306 2001; x_wconf 82' lang='lat' dir='ltr'>studio</span> <span class='ocrx_word' id='word_1_249' title='bbox 1338 1951 1608 2011; x_wconf 86' lang='lat' dir='ltr'>utuntur,</span> <span class='ocrx_word' id='word_1_250' title='bbox 1638 1962 1757 2000; x_wconf 89' lang='lat' dir='ltr'>non</span> <span class='ocrx_word' id='word_1_251' title='bbox 1792 1962 1994 2000; x_wconf 89' lang='lat' dir='ltr'>eorum</span> <span class='ocrx_word' id='word_1_252' title='bbox 2026 1948 2127 2018; x_wconf 89' lang='lat' dir='ltr'>qui</span> <span class='ocrx_word' id='word_1_253' title='bbox 2158 1950 2450 2021; x_wconf 80' lang='lat' dir='ltr'>ignorant.</span> <span class='ocrx_word' id='word_1_254' title='bbox 2486 1975 2511 2000; x_wconf 87' lang='grc'><strong>‹‹</strong></span> <span class='ocrx_word' id='word_1_255' title='bbox 2547 1952 2861 2006; x_wconf 86' lang='lat' dir='ltr'>Charitatis</span> <span class='ocrx_word' id='word_1_256' title='bbox 2916 1951 3128 2004; x_wconf 79' lang='lat' dir='ltr'>atTectu</span> <span class='ocrx_word' id='word_1_257' title='bbox 3162 1950 3407 2004; x_wconf 88' lang='lat' dir='ltr'>alienos.</span> <span class='ocrx_word' id='word_1_258' title='bbox 3443 1970 3470 1997; x_wconf 88' lang='grc'><strong>››</strong></span> <span class='ocrx_word' id='word_1_259' title='bbox 3522 1952 3641 2005; x_wconf 85' lang='lat' dir='ltr'>Hoc</span> <span class='ocrx_word' id='word_1_260' title='bbox 3673 1956 3763 2005; x_wconf 91' lang='lat' dir='ltr'>est</span> 
     </span>
    </p>
   </div>
   <div class='ocr_carea' id='block_1_35' title="bbox 336 2035 2487 2105">
    <p class='ocr_par' dir='ltr' id='par_1_35' title="bbox 336 2035 2487 2105">
     <span class='ocr_line' id='line_1_35' title="bbox 336 2035 2487 2105; baseline 0 -13"><span class='ocrx_word' id='word_1_261' title='bbox 336 2037 407 2092; x_wconf 81' lang='lat' dir='ltr'>ab</span> <span class='ocrx_word' id='word_1_262' title='bbox 440 2036 732 2091; x_wconf 88' lang='lat' dir='ltr'>omnibus</span> <span class='ocrx_word' id='word_1_263' title='bbox 762 2035 1149 2099; x_wconf 86' lang='lat' dir='ltr'>dissidentes,</span> <span class='ocrx_word' id='word_1_264' title='bbox 1184 2051 1389 2089; x_wconf 90' lang='lat' dir='ltr'>omnes</span> <span class='ocrx_word' id='word_1_265' title='bbox 1420 2035 1551 2089; x_wconf 89' lang='lat' dir='ltr'>odio</span> <span class='ocrx_word' id='word_1_266' title='bbox 1590 2041 2014 2105; x_wconf 88' lang='lat' dir='ltr'>prosequentes</span> <span class='ocrx_word' id='word_1_267' title='bbox 2046 2043 2101 2091; x_wconf 90' lang='lat' dir='ltr'>et</span> <span class='ocrx_word' id='word_1_268' title='bbox 2132 2046 2487 2093; x_wconf 86' lang='lat' dir='ltr'>aversantes.</span> 
     </span>
    </p>
   </div>
   <div class='ocr_carea' id='block_1_36' title="bbox 405 2122 746 2184">
    <p class='ocr_par' dir='ltr' id='par_1_36' title="bbox 405 2122 746 2184">
     <span class='ocr_line' id='line_1_36' title="bbox 405 2122 746 2184; baseline -0.003 -7"><span class='ocrx_word' id='word_1_269' title='bbox 405 2122 619 2184; x_wconf 56' lang='grc' dir='ltr'>Οῗτινες</span> <span class='ocrx_word' id='word_1_270' title='bbox 683 2124 746 2178; x_wconf 85' lang='grc' dir='ltr'>τὸ</span> 
     </span>
    </p>
   </div>
   <div class='ocr_carea' id='block_1_37' title="bbox 352 2211 1421 2283">
    <p class='ocr_par' dir='ltr' id='par_1_37' title="bbox 352 2211 1421 2283">
     <span class='ocr_line' id='line_1_37' title="bbox 352 2211 1421 2283; baseline -0.003 -16"><span class='ocrx_word' id='word_1_271' title='bbox 352 2214 399 2267; x_wconf 59' lang='grc' dir='ltr'>οἳ</span> <span class='ocrx_word' id='word_1_272' title='bbox 447 2215 509 2267; x_wconf 65' lang='grc' dir='ltr'>τε</span> <span class='ocrx_word' id='word_1_273' title='bbox 566 2213 803 2268; x_wconf 67' lang='grc' dir='ltr'>τοιαῦτὰ</span> <span class='ocrx_word' id='word_1_274' title='bbox 884 2212 1214 2283; x_wconf 69' lang='grc' dir='ltr'>πράσσοντες</span> <span class='ocrx_word' id='word_1_275' title='bbox 1273 2211 1421 2280; x_wconf 75' lang='grc' dir='ltr'>ἀξιοι</span> 
     </span>
    </p>
   </div>
   <div class='ocr_carea' id='block_1_38' title="bbox 366 2298 2007 2377">
    <p class='ocr_par' dir='ltr' id='par_1_38' title="bbox 366 2298 2007 2377">
     <span class='ocr_line' id='line_1_38' title="bbox 366 2298 2007 2377; baseline -0.004 -17"><span class='ocrx_word' id='word_1_276' title='bbox 366 2308 423 2360; x_wconf 66' lang='grc' dir='ltr'>οὗ</span> <span class='ocrx_word' id='word_1_277' title='bbox 454 2306 601 2377; x_wconf 69' lang='grc' dir='ltr'>μὸνον</span> <span class='ocrx_word' id='word_1_278' title='bbox 653 2302 796 2357; x_wconf 77' lang='grc' dir='ltr'>αὐτά</span> <span class='ocrx_word' id='word_1_279' title='bbox 829 2307 1097 2369; x_wconf 70' lang='grc' dir='ltr'>ποιοῦσιν,</span> <span class='ocrx_word' id='word_1_280' title='bbox 1132 2300 1275 2355; x_wconf 74' lang='grc' dir='ltr'>ἀλλά</span> <span class='ocrx_word' id='word_1_281' title='bbox 1320 2300 1413 2355; x_wconf 85' lang='grc' dir='ltr'>καὶ</span> <span class='ocrx_word' id='word_1_282' title='bbox 1477 2298 1860 2355; x_wconf 75' lang='grc' dir='ltr'>συνευδοκοῦσι</span> <span class='ocrx_word' id='word_1_283' title='bbox 1893 2306 2007 2360; x_wconf 82' lang='grc' dir='ltr'>τοῖς</span> 
     </span>
    </p>
   </div>
   <div class='ocr_carea' id='block_1_39' title="bbox 1508 2211 2000 2284">
    <p class='ocr_par' dir='ltr' id='par_1_39' title="bbox 1508 2211 2000 2284">
     <span class='ocr_line' id='line_1_39' title="bbox 1508 2211 2000 2284; baseline -0.006 -20"><span class='ocrx_word' id='word_1_284' title='bbox 1508 2211 1737 2265; x_wconf 72' lang='grc' dir='ltr'>θανᾶτου</span> <span class='ocrx_word' id='word_1_285' title='bbox 1820 2211 2000 2284; x_wconf 76' lang='grc' dir='ltr'>εἰσὶν),</span> 
     </span>
    </p>
   </div>
   <div class='ocr_carea' id='block_1_40' title="bbox 368 2416 669 2469">
    <p class='ocr_par' dir='ltr' id='par_1_40' title="bbox 368 2416 669 2469">
     <span class='ocr_line' id='line_1_40' title="bbox 368 2416 669 2469; baseline 0.003 -20"><span class='ocrx_word' id='word_1_286' title='bbox 368 2416 669 2469; x_wconf 71' lang='grc' dir='ltr'>πρασσουσι.</span> 
     </span>
    </p>
   </div>
   <div class='ocr_carea' id='block_1_41' title="bbox 427 2478 2005 2553">
    <p class='ocr_par' dir='ltr' id='par_1_41' title="bbox 427 2478 2005 2553">
     <span class='ocr_line' id='line_1_41' title="bbox 427 2478 2005 2553; baseline -0.004 -13"><span class='ocrx_word' id='word_1_287' title='bbox 427 2483 587 2540; x_wconf 59' lang='lat' dir='ltr'>&quot;il-so</span> <span class='ocrx_word' id='word_1_288' title='bbox 644 2480 916 2537; x_wconf 68' lang='grc' dir='ltr'>δείκνυσιν</span> <span class='ocrx_word' id='word_1_289' title='bbox 962 2480 1156 2541; x_wconf 76' lang='grc' dir='ltr'>αὖτοσς</span> <span class='ocrx_word' id='word_1_290' title='bbox 1214 2478 1266 2534; x_wconf 79' lang='grc' dir='ltr'>ἐν</span> <span class='ocrx_word' id='word_1_291' title='bbox 1316 2479 1509 2553; x_wconf 71' lang='grc' dir='ltr'>γνώόει</span> <span class='ocrx_word' id='word_1_292' title='bbox 1571 2480 2005 2553; x_wconf 77' lang='grc' dir='ltr'>ἁμαρτάνοντας.</span> 
     </span>
    </p>
   </div>
   <div class='ocr_carea' id='block_1_42' title="bbox 361 2566 2008 2645">
    <p class='ocr_par' dir='ltr' id='par_1_42' title="bbox 361 2566 2008 2645">
     <span class='ocr_line' id='line_1_42' title="bbox 361 2566 2008 2645; baseline -0.003 -18"><span class='ocrx_word' id='word_1_293' title='bbox 361 2575 635 2645; x_wconf 75' lang='grc' dir='ltr'>Δικαίωμα</span> <span class='ocrx_word' id='word_1_294' title='bbox 700 2569 759 2625; x_wconf 77' lang='grc' dir='ltr'>δὲ</span> <span class='ocrx_word' id='word_1_295' title='bbox 813 2572 909 2630; x_wconf 78' lang='grc' dir='ltr'>τὰς</span> <span class='ocrx_word' id='word_1_296' title='bbox 967 2566 1191 2630; x_wconf 73' lang='grc' dir='ltr'>ἐντολὰς</span> <span class='ocrx_word' id='word_1_297' title='bbox 1244 2567 1411 2642; x_wconf 73' lang='grc' dir='ltr'>λέγει.</span> <span class='ocrx_word' id='word_1_298' title='bbox 1471 2569 1532 2625; x_wconf 82' lang='grc' dir='ltr'>Ὀ</span> <span class='ocrx_word' id='word_1_299' title='bbox 1602 2569 1701 2641; x_wconf 75' lang='grc' dir='ltr'>γὰρ</span> <span class='ocrx_word' id='word_1_300' title='bbox 1761 2569 1931 2639; x_wconf 70' lang='grc' dir='ltr'>νόμος</span> <span class='ocrx_word' id='word_1_301' title='bbox 1980 2570 2008 2623; x_wconf 89' lang='grc' dir='ltr'>ὁ</span> 
     </span>
    </p>
   </div>
   <div class='ocr_carea' id='block_1_43' title="bbox 358 2656 2007 2737">
    <p class='ocr_par' dir='ltr' id='par_1_43' title="bbox 358 2656 2007 2737">
     <span class='ocr_line' id='line_1_43' title="bbox 358 2656 2007 2737; baseline -0.004 -18"><span class='ocrx_word' id='word_1_302' title='bbox 358 2669 651 2724; x_wconf 77' lang='grc' dir='ltr'>Μωσαϊκος</span> <span class='ocrx_word' id='word_1_303' title='bbox 680 2666 893 2737; x_wconf 79' lang='grc' dir='ltr'>τρανῶς</span> <span class='ocrx_word' id='word_1_304' title='bbox 925 2659 1017 2713; x_wconf 80' lang='grc' dir='ltr'>καὶ</span> <span class='ocrx_word' id='word_1_305' title='bbox 1048 2658 1351 2730; x_wconf 71' lang='grc' dir='ltr'>ἀποτόμοις</span> <span class='ocrx_word' id='word_1_306' title='bbox 1400 2656 1790 2725; x_wconf 72' lang='grc' dir='ltr'>διακελεύεται,</span> <span class='ocrx_word' id='word_1_307' title='bbox 1826 2658 2007 2728; x_wconf 77' lang='grc' dir='ltr'>ἀξίους</span> 
     </span>
    </p>
   </div>
   <div class='ocr_carea' id='block_1_44' title="bbox 361 2748 2006 2825">
    <p class='ocr_par' dir='ltr' id='par_1_44' title="bbox 361 2748 2006 2825">
     <span class='ocr_line' id='line_1_44' title="bbox 361 2748 2006 2825; baseline -0.004 -16"><span class='ocrx_word' id='word_1_308' title='bbox 361 2756 580 2818; x_wconf 65' lang='grc' dir='ltr'>θανάτου</span> <span class='ocrx_word' id='word_1_309' title='bbox 612 2753 823 2825; x_wconf 86' lang='grc' dir='ltr'>κρίνων</span> <span class='ocrx_word' id='word_1_310' title='bbox 851 2748 977 2810; x_wconf 66' lang='grc' dir='ltr'>τοὺς</span> <span class='ocrx_word' id='word_1_311' title='bbox 1034 2749 1101 2804; x_wconf 76' lang='grc' dir='ltr'>τά</span> <span class='ocrx_word' id='word_1_312' title='bbox 1146 2753 1369 2804; x_wconf 77' lang='grc' dir='ltr'>τοιαῦτα</span> <span class='ocrx_word' id='word_1_313' title='bbox 1420 2749 1772 2821; x_wconf 82' lang='grc' dir='ltr'>πράττοντας.</span> <span class='ocrx_word' id='word_1_314' title='bbox 1831 2751 2006 2806; x_wconf 78' lang='grc' dir='ltr'>Τοῦτο</span> 
     </span>
    </p>
   </div>
   <div class='ocr_carea' id='block_1_45' title="bbox 354 2835 2005 2919">
    <p class='ocr_par' dir='ltr' id='par_1_45' title="bbox 354 2835 2005 2919">
     <span class='ocr_line' id='line_1_45' title="bbox 354 2835 2005 2919; baseline -0.005 -19"><span class='ocrx_word' id='word_1_315' title='bbox 354 2846 444 2919; x_wconf 68' lang='grc' dir='ltr'>γὰρ</span> <span class='ocrx_word' id='word_1_316' title='bbox 475 2843 595 2899; x_wconf 79' lang='grc' dir='ltr'>ἐστι</span> <span class='ocrx_word' id='word_1_317' title='bbox 639 2842 707 2896; x_wconf 88' lang='grc' dir='ltr'>τὸ</span> <span class='ocrx_word' id='word_1_318' title='bbox 740 2837 1017 2912; x_wconf 78' lang='grc' dir='ltr'>δικαίωμα</span> <span class='ocrx_word' id='word_1_319' title='bbox 1073 2838 1162 2892; x_wconf 85' lang='grc' dir='ltr'>καὶ</span> <span class='ocrx_word' id='word_1_320' title='bbox 1220 2840 1253 2907; x_wconf 80' lang='grc' dir='ltr'><strong>ἡ</strong></span> <span class='ocrx_word' id='word_1_321' title='bbox 1315 2835 1505 2907; x_wconf 80' lang='grc' dir='ltr'>ἐντολή</span> <span class='ocrx_word' id='word_1_322' title='bbox 1546 2842 1642 2892; x_wconf 78' lang='grc' dir='ltr'>τοῦ</span> <span class='ocrx_word' id='word_1_323' title='bbox 1688 2843 1841 2895; x_wconf 81' lang='grc' dir='ltr'>Θεοῦ.</span> <span class='ocrx_word' id='word_1_324' title='bbox 1904 2838 2005 2893; x_wconf 71' lang='grc' dir='ltr'>Δύο</span> 
     </span>
    </p>
   </div>
   <div class='ocr_carea' id='block_1_46' title="bbox 342 2928 2008 3005">
    <p class='ocr_par' dir='ltr' id='par_1_46' title="bbox 342 2928 2008 3005">
     <span class='ocr_line' id='line_1_46' title="bbox 342 2928 2008 3005; baseline -0.003 -16"><span class='ocrx_word' id='word_1_325' title='bbox 342 2934 560 3003; x_wconf 78' lang='grc' dir='ltr'>τίθησιν</span> <span class='ocrx_word' id='word_1_326' title='bbox 620 2931 987 3005; x_wconf 72' lang='grc' dir='ltr'>ἐγκλήματα,</span> <span class='ocrx_word' id='word_1_327' title='bbox 1040 2930 1103 2983; x_wconf 90' lang='grc' dir='ltr'>τὸ</span> <span class='ocrx_word' id='word_1_328' title='bbox 1160 2933 1335 2984; x_wconf 84' lang='grc' dir='ltr'>ποιεῖν</span> <span class='ocrx_word' id='word_1_329' title='bbox 1387 2950 1444 2984; x_wconf 89' lang='grc' dir='ltr'>τε</span> <span class='ocrx_word' id='word_1_330' title='bbox 1501 2929 1589 2983; x_wconf 83' lang='grc' dir='ltr'>καὶ</span> <span class='ocrx_word' id='word_1_331' title='bbox 1647 2928 2008 3004; x_wconf 72' lang='grc' dir='ltr'>συμπράττειν</span> 
     </span>
    </p>
   </div>
   <div class='ocr_carea' id='block_1_47' title="bbox 340 3017 2005 3091">
    <p class='ocr_par' dir='ltr' id='par_1_47' title="bbox 340 3017 2005 3091">
     <span class='ocr_line' id='line_1_47' title="bbox 340 3017 2005 3091; baseline -0.004 -12"><span class='ocrx_word' id='word_1_332' title='bbox 340 3030 459 3085; x_wconf 76' lang='grc' dir='ltr'>τοῖς</span> <span class='ocrx_word' id='word_1_333' title='bbox 491 3027 750 3089; x_wconf 72' lang='grc' dir='ltr'>ποιοῦσι,</span> <span class='ocrx_word' id='word_1_334' title='bbox 783 3020 874 3074; x_wconf 83' lang='grc' dir='ltr'>καὶ</span> <span class='ocrx_word' id='word_1_335' title='bbox 930 3018 1006 3082; x_wconf 80' lang='grc' dir='ltr'>εἷς</span> <span class='ocrx_word' id='word_1_336' title='bbox 1039 3019 1099 3074; x_wconf 87' lang='grc' dir='ltr'>τὸ</span> <span class='ocrx_word' id='word_1_337' title='bbox 1127 3018 1290 3073; x_wconf 84' lang='grc' dir='ltr'>κακὸν</span> <span class='ocrx_word' id='word_1_338' title='bbox 1346 3017 1678 3091; x_wconf 79' lang='grc' dir='ltr'>παρακαλεῖν</span> <span class='ocrx_word' id='word_1_339' title='bbox 1731 3020 1821 3073; x_wconf 83' lang='grc' dir='ltr'>τὸν</span> <span class='ocrx_word' id='word_1_340' title='bbox 1851 3018 2005 3087; x_wconf 86' lang='grc' dir='ltr'>πλη-</span> 
     </span>
    </p>
   </div>
   <div class='ocr_carea' id='block_1_48' title="bbox 354 3104 2009 3184">
    <p class='ocr_par' dir='ltr' id='par_1_48' title="bbox 354 3104 2009 3184">
     <span class='ocr_line' id='line_1_48' title="bbox 354 3104 2009 3184; baseline -0.004 -18"><span class='ocrx_word' id='word_1_341' title='bbox 354 3114 493 3167; x_wconf 71' lang='grc' dir='ltr'>σίον.</span> <span class='ocrx_word' id='word_1_342' title='bbox 524 3109 902 3184; x_wconf 75' lang='grc' dir='ltr'>[ιΣιΔΩΡΟΥ.</span> <span class='ocrx_word' id='word_1_343' title='bbox 937 3110 953 3183; x_wconf 88' lang='grc'>]</span> <span class='ocrx_word' id='word_1_344' title='bbox 988 3109 1141 3169; x_wconf 74' lang='grc' dir='ltr'>Τινὲς</span> <span class='ocrx_word' id='word_1_345' title='bbox 1185 3104 1243 3162; x_wconf 72' lang='grc' dir='ltr'>εὶ</span> <span class='ocrx_word' id='word_1_346' title='bbox 1289 3110 1364 3180; x_wconf 85' lang='grc' dir='ltr'>μή</span> <span class='ocrx_word' id='word_1_347' title='bbox 1422 3110 1710 3176; x_wconf 75' lang='grc' dir='ltr'>νοήσαντες</span> <span class='ocrx_word' id='word_1_348' title='bbox 1763 3108 1823 3163; x_wconf 90' lang='grc' dir='ltr'>τὸ</span> <span class='ocrx_word' id='word_1_349' title='bbox 1856 3108 2009 3182; x_wconf 63' lang='grc' dir='ltr'>εῗρη-</span> 
     </span>
    </p>
   </div>
   <div class='ocr_carea' id='block_1_49' title="bbox 366 3198 2009 3272">
    <p class='ocr_par' dir='ltr' id='par_1_49' title="bbox 366 3198 2009 3272">
     <span class='ocr_line' id='line_1_49' title="bbox 366 3198 2009 3272; baseline -0.002 -18"><span class='ocrx_word' id='word_1_350' title='bbox 366 3203 553 3271; x_wconf 68' lang='grc' dir='ltr'>μενον,</span> <span class='ocrx_word' id='word_1_351' title='bbox 584 3198 727 3254; x_wconf 77' lang='grc' dir='ltr'>ἀλλά</span> <span class='ocrx_word' id='word_1_352' title='bbox 760 3198 1211 3272; x_wconf 70' lang='grc' dir='ltr'>διαπορήσαντες,</span> <span class='ocrx_word' id='word_1_353' title='bbox 1242 3198 1328 3251; x_wconf 85' lang='grc' dir='ltr'>καί</span> <span class='ocrx_word' id='word_1_354' title='bbox 1381 3200 1859 3270; x_wconf 71' lang='grc' dir='ltr'>παραπεποιῆσθαι</span> <span class='ocrx_word' id='word_1_355' title='bbox 1913 3198 2009 3260; x_wconf 72' lang='grc' dir='ltr'>τὰς</span> 
     </span>
    </p>
   </div>
   <div class='ocr_carea' id='block_1_50' title="bbox 369 3286 2007 3360">
    <p class='ocr_par' dir='ltr' id='par_1_50' title="bbox 369 3286 2007 3360">
     <span class='ocr_line' id='line_1_50' title="bbox 369 3286 2007 3360; baseline -0.001 -18"><span class='ocrx_word' id='word_1_356' title='bbox 369 3287 728 3348; x_wconf 71' lang='grc' dir='ltr'>ἀποστολικας</span> <span class='ocrx_word' id='word_1_357' title='bbox 756 3286 933 3360; x_wconf 69' lang='grc' dir='ltr'>λέξεις</span> <span class='ocrx_word' id='word_1_358' title='bbox 981 3287 1324 3358; x_wconf 77' lang='grc' dir='ltr'>νομίσαντες,</span> <span class='ocrx_word' id='word_1_359' title='bbox 1377 3287 1551 3347; x_wconf 78' lang='grc' dir='ltr'>οὓτως</span> <span class='ocrx_word' id='word_1_360' title='bbox 1584 3287 1752 3347; x_wconf 80' lang='grc' dir='ltr'>αὐτὰς</span> <span class='ocrx_word' id='word_1_361' title='bbox 1811 3290 2007 3359; x_wconf 74' lang='grc' dir='ltr'>ἡρμή-</span> 
     </span>
    </p>
   </div>
   <div class='ocr_carea' id='block_1_51' title="bbox 378 3373 2007 3449">
    <p class='ocr_par' dir='ltr' id='par_1_51' title="bbox 378 3373 2007 3449">
     <span class='ocr_line' id='line_1_51' title="bbox 378 3373 2007 3449; baseline 0 -20"><span class='ocrx_word' id='word_1_362' title='bbox 378 3394 591 3431; x_wconf 71' lang='grc' dir='ltr'>νευσαν*</span> <span class='ocrx_word' id='word_1_363' title='bbox 633 3377 707 3432; x_wconf 73' lang='grc' dir='ltr'>Οὐ</span> <span class='ocrx_word' id='word_1_364' title='bbox 750 3378 909 3449; x_wconf 78' lang='grc' dir='ltr'>μόνον</span> <span class='ocrx_word' id='word_1_365' title='bbox 955 3376 1006 3430; x_wconf 72' lang='grc' dir='ltr'>οἱ</span> <span class='ocrx_word' id='word_1_366' title='bbox 1064 3378 1342 3436; x_wconf 77' lang='grc' dir='ltr'>ποιοῦντες</span> <span class='ocrx_word' id='word_1_367' title='bbox 1402 3375 1556 3442; x_wconf 70' lang='grc' dir='ltr'>αὐτὰ,</span> <span class='ocrx_word' id='word_1_368' title='bbox 1609 3373 1756 3429; x_wconf 85' lang='grc' dir='ltr'>ἀλλά</span> <span class='ocrx_word' id='word_1_369' title='bbox 1809 3376 1898 3430; x_wconf 83' lang='grc' dir='ltr'>καὶ</span> <span class='ocrx_word' id='word_1_370' title='bbox 1956 3377 2007 3429; x_wconf 64' lang='lat' dir='ltr'>oi</span> 
     </span>
    </p>
   </div>
   <div class='ocr_carea' id='block_1_52' title="bbox 832 2119 2081 2195">
    <p class='ocr_par' dir='ltr' id='par_1_52' title="bbox 832 2119 2081 2195">
     <span class='ocr_line' id='line_1_52' title="bbox 832 2119 2081 2195; baseline 0.002 -20"><span class='ocrx_word' id='word_1_371' title='bbox 832 2119 1108 2192; x_wconf 75' lang='grc' dir='ltr'>δικαίωμα</span> <span class='ocrx_word' id='word_1_372' title='bbox 1186 2127 1281 2176; x_wconf 72' lang='grc' dir='ltr'>τοῦ</span> <span class='ocrx_word' id='word_1_373' title='bbox 1338 2126 1471 2176; x_wconf 81' lang='grc' dir='ltr'>Θεοῦ</span> <span class='ocrx_word' id='word_1_374' title='bbox 1531 2120 1838 2195; x_wconf 81' lang='grc' dir='ltr'>ἐπιγνόντες</span> <span class='ocrx_word' id='word_1_375' title='bbox 1896 2122 2001 2187; x_wconf 81' lang='grc' dir='ltr'>(ὅτι</span> <span class='ocrx_word' id='word_1_376' title='bbox 2035 2129 2081 2193; x_wconf 86' lang='grc' dir='ltr'><strong>Β</strong></span> 
     </span>
    </p>
   </div>
   <div class='ocr_carea' id='block_1_53' title="bbox 2182 2127 3769 2199">
    <p class='ocr_par' dir='ltr' id='par_1_53' title="bbox 2182 2127 3769 2199">
     <span class='ocr_line' id='line_1_53' title="bbox 2182 2127 3769 2199; baseline 0.001 -19"><span class='ocrx_word' id='word_1_377' title='bbox 2182 2129 2225 2191; x_wconf 88' lang='grc' dir='ltr'>Ι,</span> <span class='ocrx_word' id='word_1_378' title='bbox 2260 2130 2344 2182; x_wconf 83' lang='grc'>32.</span> <span class='ocrx_word' id='word_1_379' title='bbox 2377 2152 2403 2177; x_wconf 90' lang='grc'>‹‹</span> <span class='ocrx_word' id='word_1_380' title='bbox 2440 2130 2546 2193; x_wconf 88' lang='lat' dir='ltr'>Qui</span> <span class='ocrx_word' id='word_1_381' title='bbox 2601 2130 2835 2199; x_wconf 76' lang='lat' dir='ltr'>cognita</span> <span class='ocrx_word' id='word_1_382' title='bbox 2892 2129 2994 2183; x_wconf 87' lang='lat' dir='ltr'>Dei</span> <span class='ocrx_word' id='word_1_383' title='bbox 3038 2129 3294 2199; x_wconf 88' lang='lat' dir='ltr'>justitia,</span> <span class='ocrx_word' id='word_1_384' title='bbox 3345 2127 3503 2197; x_wconf 91' lang='lat' dir='ltr'>quod</span> <span class='ocrx_word' id='word_1_385' title='bbox 3538 2128 3636 2197; x_wconf 91' lang='lat' dir='ltr'>qui</span> <span class='ocrx_word' id='word_1_386' title='bbox 3672 2133 3769 2181; x_wconf 91' lang='lat' dir='ltr'>ta-</span> 
     </span>
    </p>
   </div>
   <div class='ocr_carea' id='block_1_54' title="bbox 2121 2217 3765 2289">
    <p class='ocr_par' dir='ltr' id='par_1_54' title="bbox 2121 2217 3765 2289">
     <span class='ocr_line' id='line_1_54' title="bbox 2121 2217 3765 2289; baseline 0.001 -19"><span class='ocrx_word' id='word_1_387' title='bbox 2121 2240 2147 2265; x_wconf 95' lang='grc'>‹‹</span> <span class='ocrx_word' id='word_1_388' title='bbox 2185 2218 2265 2271; x_wconf 90' lang='lat' dir='ltr'>lia</span> <span class='ocrx_word' id='word_1_389' title='bbox 2296 2219 2660 2289; x_wconf 82' lang='lat' dir='ltr'>aguntdigni</span> <span class='ocrx_word' id='word_1_390' title='bbox 2696 2226 2835 2273; x_wconf 87' lang='lat' dir='ltr'>sunt</span> <span class='ocrx_word' id='word_1_391' title='bbox 2882 2226 3090 2282; x_wconf 90' lang='lat' dir='ltr'>morte,</span> <span class='ocrx_word' id='word_1_392' title='bbox 3125 2234 3243 2271; x_wconf 90' lang='lat' dir='ltr'>non</span> <span class='ocrx_word' id='word_1_393' title='bbox 3305 2217 3495 2271; x_wconf 90' lang='lat' dir='ltr'>solum</span> <span class='ocrx_word' id='word_1_394' title='bbox 3556 2234 3623 2271; x_wconf 88' lang='lat' dir='ltr'>ea</span> <span class='ocrx_word' id='word_1_395' title='bbox 3673 2218 3765 2271; x_wconf 78' lang='lat' dir='ltr'>fa-</span> 
     </span>
    </p>
   </div>
   <div class='ocr_carea' id='block_1_55' title="bbox 2129 2308 3763 2377">
    <p class='ocr_par' dir='ltr' id='par_1_55' title="bbox 2129 2308 3763 2377">
     <span class='ocr_line' id='line_1_55' title="bbox 2129 2308 3763 2377; baseline -0.001 -17"><span class='ocrx_word' id='word_1_396' title='bbox 2129 2325 2147 2352; x_wconf 75' lang='grc' dir='ltr'>ι</span> <span class='ocrx_word' id='word_1_397' title='bbox 2182 2308 2366 2367; x_wconf 87' lang='lat' dir='ltr'>ciunt.</span> <span class='ocrx_word' id='word_1_398' title='bbox 2400 2325 2602 2361; x_wconf 87' lang='lat' dir='ltr'>verum</span> <span class='ocrx_word' id='word_1_399' title='bbox 2665 2308 2839 2362; x_wconf 89' lang='lat' dir='ltr'>etiam</span> <span class='ocrx_word' id='word_1_400' title='bbox 2901 2309 3310 2362; x_wconf 87' lang='lat' dir='ltr'>assentiuntur</span> <span class='ocrx_word' id='word_1_401' title='bbox 3367 2308 3763 2377; x_wconf 89' lang='lat' dir='ltr'>perpetranti-</span> 
     </span>
    </p>
   </div>
   <div class='ocr_carea' id='block_1_56' title="bbox 2124 2395 2375 2450">
    <p class='ocr_par' dir='ltr' id='par_1_56' title="bbox 2124 2395 2375 2450">
     <span class='ocr_line' id='line_1_56' title="bbox 2124 2395 2375 2450; baseline 0 -2"><span class='ocrx_word' id='word_1_402' title='bbox 2124 2417 2149 2442; x_wconf 88' lang='grc'>‹‹</span> <span class='ocrx_word' id='word_1_403' title='bbox 2184 2395 2312 2450; x_wconf 87' lang='lat' dir='ltr'>bus.</span> <span class='ocrx_word' id='word_1_404' title='bbox 2351 2421 2375 2444; x_wconf 86' lang='grc'><strong>››</strong></span> 
     </span>
    </p>
   </div>
   <div class='ocr_carea' id='block_1_57' title="bbox 2194 2485 3767 2556">
    <p class='ocr_par' dir='ltr' id='par_1_57' title="bbox 2194 2485 3767 2556">
     <span class='ocr_line' id='line_1_57' title="bbox 2194 2485 3767 2556; baseline -0.001 -16"><span class='ocrx_word' id='word_1_405' title='bbox 2194 2485 2282 2540; x_wconf 74' lang='lat' dir='ltr'>.‘ll</span> <span class='ocrx_word' id='word_1_406' title='bbox 2298 2485 2344 2538; x_wconf 84' lang='lat'><strong>9</strong></span> <span class='ocrx_word' id='word_1_407' title='bbox 2362 2487 2613 2540; x_wconf 81' lang='lat' dir='ltr'>Rursum</span> <span class='ocrx_word' id='word_1_408' title='bbox 2631 2486 2889 2540; x_wconf 87' lang='lat' dir='ltr'>ostendit</span> <span class='ocrx_word' id='word_1_409' title='bbox 2905 2502 3004 2539; x_wconf 88' lang='lat' dir='ltr'>eos</span> <span class='ocrx_word' id='word_1_410' title='bbox 3023 2486 3354 2556; x_wconf 78' lang='lat' dir='ltr'>cognitione</span> <span class='ocrx_word' id='word_1_411' title='bbox 3371 2502 3613 2554; x_wconf 86' lang='lat' dir='ltr'>peccare</span> <span class='ocrx_word' id='word_1_412' title='bbox 3641 2486 3767 2554; x_wconf 86' lang='lat' dir='ltr'>:ju-</span> 
     </span>
    </p>
   </div>
   <div class='ocr_carea' id='block_1_58' title="bbox 2123 2574 3772 2646">
    <p class='ocr_par' dir='ltr' id='par_1_58' title="bbox 2123 2574 3772 2646">
     <span class='ocr_line' id='line_1_58' title="bbox 2123 2574 3772 2646; baseline 0 -19"><span class='ocrx_word' id='word_1_413' title='bbox 2123 2574 2341 2629; x_wconf 90' lang='lat' dir='ltr'>stitiam</span> <span class='ocrx_word' id='word_1_414' title='bbox 2362 2582 2557 2629; x_wconf 89' lang='lat' dir='ltr'>autem</span> <span class='ocrx_word' id='word_1_415' title='bbox 2575 2582 2738 2629; x_wconf 91' lang='lat' dir='ltr'>vocat</span> <span class='ocrx_word' id='word_1_416' title='bbox 2756 2577 2853 2629; x_wconf 90' lang='lat' dir='ltr'>Dei</span> <span class='ocrx_word' id='word_1_417' title='bbox 2872 2581 3165 2646; x_wconf 62' lang='lat' dir='ltr'>praecepta</span> <span class='ocrx_word' id='word_1_418' title='bbox 3192 2591 3203 2627; x_wconf 92' lang='lat'><strong>:</strong></span> <span class='ocrx_word' id='word_1_419' title='bbox 3227 2575 3314 2627; x_wconf 85' lang='lat' dir='ltr'>lex</span> <span class='ocrx_word' id='word_1_420' title='bbox 3336 2574 3492 2625; x_wconf 85' lang='lat' dir='ltr'>enim</span> <span class='ocrx_word' id='word_1_421' title='bbox 3521 2574 3772 2627; x_wconf 85' lang='lat' dir='ltr'>Mosaica</span> 
     </span>
    </p>
   </div>
   <div class='ocr_carea' id='block_1_59' title="bbox 2123 2663 3769 2736">
    <p class='ocr_par' dir='ltr' id='par_1_59' title="bbox 2123 2663 3769 2736">
     <span class='ocr_line' id='line_1_59' title="bbox 2123 2663 3769 2736; baseline -0.001 -17"><span class='ocrx_word' id='word_1_422' title='bbox 2123 2665 2432 2736; x_wconf 86' lang='lat' dir='ltr'>perspicue</span> <span class='ocrx_word' id='word_1_423' title='bbox 2464 2682 2530 2719; x_wconf 89' lang='lat' dir='ltr'>ac</span> <span class='ocrx_word' id='word_1_424' title='bbox 2557 2665 2701 2719; x_wconf 91' lang='lat' dir='ltr'>dure</span> <span class='ocrx_word' id='word_1_425' title='bbox 2726 2666 2797 2719; x_wconf 93' lang='lat' dir='ltr'>de</span> <span class='ocrx_word' id='word_1_426' title='bbox 2840 2666 2931 2719; x_wconf 88' lang='lat' dir='ltr'>his</span> <span class='ocrx_word' id='word_1_427' title='bbox 2980 2664 3280 2720; x_wconf 88' lang='lat' dir='ltr'>admonet.</span> <span class='ocrx_word' id='word_1_428' title='bbox 3314 2663 3522 2731; x_wconf 80' lang='lat' dir='ltr'>dignos</span> <span class='ocrx_word' id='word_1_429' title='bbox 3579 2668 3769 2717; x_wconf 86' lang='lat' dir='ltr'>morte</span> 
     </span>
    </p>
   </div>
   <div class='ocr_carea' id='block_1_60' title="bbox 2112 2751 3767 2824">
    <p class='ocr_par' dir='ltr' id='par_1_60' title="bbox 2112 2751 3767 2824">
     <span class='ocr_line' id='line_1_60' title="bbox 2112 2751 3767 2824; baseline 0 -18"><span class='ocrx_word' id='word_1_430' title='bbox 2112 2752 2392 2823; x_wconf 86' lang='lat' dir='ltr'>judicans</span> <span class='ocrx_word' id='word_1_431' title='bbox 2420 2753 2519 2823; x_wconf 92' lang='lat' dir='ltr'>qui</span> <span class='ocrx_word' id='word_1_432' title='bbox 2556 2753 2695 2807; x_wconf 88' lang='lat' dir='ltr'>talia</span> <span class='ocrx_word' id='word_1_433' title='bbox 2727 2758 3089 2824; x_wconf 86' lang='lat' dir='ltr'>perpetrant.</span> <span class='ocrx_word' id='word_1_434' title='bbox 3125 2752 3187 2804; x_wconf 87' lang='lat' dir='ltr'>Id</span> <span class='ocrx_word' id='word_1_435' title='bbox 3220 2752 3379 2805; x_wconf 89' lang='lat' dir='ltr'>enim</span> <span class='ocrx_word' id='word_1_436' title='bbox 3413 2756 3501 2804; x_wconf 86' lang='lat' dir='ltr'>est</span> <span class='ocrx_word' id='word_1_437' title='bbox 3530 2751 3767 2820; x_wconf 88' lang='lat' dir='ltr'>justitia</span> 
     </span>
    </p>
   </div>
   <div class='ocr_carea' id='block_1_61' title="bbox 2121 2840 3765 2913">
    <p class='ocr_par' dir='ltr' id='par_1_61' title="bbox 2121 2840 3765 2913">
     <span class='ocr_line' id='line_1_61' title="bbox 2121 2840 3765 2913; baseline -0.001 -17"><span class='ocrx_word' id='word_1_438' title='bbox 2121 2841 2341 2912; x_wconf 90' lang='lat' dir='ltr'>Deique</span> <span class='ocrx_word' id='word_1_439' title='bbox 2374 2848 2751 2913; x_wconf 68' lang='lat' dir='ltr'>praeceptum.</span> <span class='ocrx_word' id='word_1_440' title='bbox 2791 2842 2913 2896; x_wconf 93' lang='lat' dir='ltr'>Duo</span> <span class='ocrx_word' id='word_1_441' title='bbox 2948 2843 3110 2912; x_wconf 87' lang='lat' dir='ltr'>ponit</span> <span class='ocrx_word' id='word_1_442' title='bbox 3142 2841 3411 2905; x_wconf 87' lang='lat' dir='ltr'>crimina,</span> <span class='ocrx_word' id='word_1_443' title='bbox 3469 2846 3525 2893; x_wconf 92' lang='lat' dir='ltr'>et</span> <span class='ocrx_word' id='word_1_444' title='bbox 3573 2840 3765 2895; x_wconf 84' lang='lat' dir='ltr'>facere</span> 
     </span>
    </p>
   </div>
   <div class='ocr_carea' id='block_1_62' title="bbox 2119 2929 3765 3001">
    <p class='ocr_par' dir='ltr' id='par_1_62' title="bbox 2119 2929 3765 3001">
     <span class='ocr_line' id='line_1_62' title="bbox 2119 2929 3765 3001; baseline -0.002 -16"><span class='ocrx_word' id='word_1_445' title='bbox 2119 2937 2175 2985; x_wconf 90' lang='lat' dir='ltr'>et</span> <span class='ocrx_word' id='word_1_446' title='bbox 2208 2932 2509 3001; x_wconf 90' lang='lat' dir='ltr'>cooperari</span> <span class='ocrx_word' id='word_1_447' title='bbox 2540 2931 2915 2995; x_wconf 81' lang='lat' dir='ltr'>facientibus,</span> <span class='ocrx_word' id='word_1_448' title='bbox 2944 2948 3009 2984; x_wconf 90' lang='lat' dir='ltr'>ac</span> <span class='ocrx_word' id='word_1_449' title='bbox 3042 2931 3376 3001; x_wconf 82' lang='lat' dir='ltr'>proximum</span> <span class='ocrx_word' id='word_1_450' title='bbox 3420 2929 3491 2983; x_wconf 89' lang='lat' dir='ltr'>ad</span> <span class='ocrx_word' id='word_1_451' title='bbox 3541 2929 3765 2983; x_wconf 87' lang='lat' dir='ltr'>malum</span> 
     </span>
    </p>
   </div>
   <div class='ocr_carea' id='block_1_63' title="bbox 2121 3018 3766 3087">
    <p class='ocr_par' dir='ltr' id='par_1_63' title="bbox 2121 3018 3766 3087">
     <span class='ocr_line' id='line_1_63' title="bbox 2121 3018 3766 3087; baseline -0.001 -14"><span class='ocrx_word' id='word_1_452' title='bbox 2121 3019 2439 3073; x_wconf 86' lang='lat' dir='ltr'>adhortari.</span> <span class='ocrx_word' id='word_1_453' title='bbox 2474 3021 2721 3085; x_wconf 90' lang='lat' dir='ltr'>Quidam</span> <span class='ocrx_word' id='word_1_454' title='bbox 2754 3025 2949 3073; x_wconf 86' lang='lat' dir='ltr'>autem</span> <span class='ocrx_word' id='word_1_455' title='bbox 2983 3019 3039 3071; x_wconf 92' lang='lat' dir='ltr'>id</span> <span class='ocrx_word' id='word_1_456' title='bbox 3066 3019 3223 3087; x_wconf 88' lang='lat' dir='ltr'>quod</span> <span class='ocrx_word' id='word_1_457' title='bbox 3257 3018 3477 3071; x_wconf 89' lang='lat' dir='ltr'>dictum</span> <span class='ocrx_word' id='word_1_458' title='bbox 3527 3023 3615 3071; x_wconf 90' lang='lat' dir='ltr'>est</span> <span class='ocrx_word' id='word_1_459' title='bbox 3645 3034 3766 3071; x_wconf 89' lang='lat' dir='ltr'>non</span> 
     </span>
    </p>
   </div>
   <div class='ocr_carea' id='block_1_64' title="bbox 2120 3105 3767 3177">
    <p class='ocr_par' dir='ltr' id='par_1_64' title="bbox 2120 3105 3767 3177">
     <span class='ocr_line' id='line_1_64' title="bbox 2120 3105 3767 3177; baseline -0.003 -15"><span class='ocrx_word' id='word_1_460' title='bbox 2120 3108 2396 3173; x_wconf 86' lang='lat' dir='ltr'>assecuti,</span> <span class='ocrx_word' id='word_1_461' title='bbox 2422 3114 2479 3161; x_wconf 92' lang='lat' dir='ltr'>et</span> <span class='ocrx_word' id='word_1_462' title='bbox 2513 3108 2772 3177; x_wconf 86' lang='lat' dir='ltr'>Apostoli</span> <span class='ocrx_word' id='word_1_463' title='bbox 2806 3108 2981 3161; x_wconf 55' lang='lat' dir='ltr'>Verba</span> <span class='ocrx_word' id='word_1_464' title='bbox 3004 3107 3372 3175; x_wconf 88' lang='lat' dir='ltr'>suspicantes</span> <span class='ocrx_word' id='word_1_465' title='bbox 3400 3107 3580 3159; x_wconf 83' lang='lat' dir='ltr'>fuisse</span> <span class='ocrx_word' id='word_1_466' title='bbox 3603 3105 3767 3158; x_wconf 89' lang='lat' dir='ltr'>adul-</span> 
     </span>
    </p>
   </div>
   <div class='ocr_carea' id='block_1_65' title="bbox 2124 3194 3768 3266">
    <p class='ocr_par' dir='ltr' id='par_1_65' title="bbox 2124 3194 3768 3266">
     <span class='ocr_line' id='line_1_65' title="bbox 2124 3194 3768 3266; baseline -0.001 -17"><span class='ocrx_word' id='word_1_467' title='bbox 2124 3203 2329 3259; x_wconf 88' lang='lat' dir='ltr'>terata,</span> <span class='ocrx_word' id='word_1_468' title='bbox 2364 3198 2473 3250; x_wconf 87' lang='lat' dir='ltr'>hoc</span> <span class='ocrx_word' id='word_1_469' title='bbox 2505 3197 2677 3250; x_wconf 90' lang='lat' dir='ltr'>modo</span> <span class='ocrx_word' id='word_1_470' title='bbox 2711 3196 2812 3249; x_wconf 89' lang='lat' dir='ltr'>illa</span> <span class='ocrx_word' id='word_1_471' title='bbox 2857 3196 3356 3266; x_wconf 88' lang='lat' dir='ltr'>interpretantur:</span> <span class='ocrx_word' id='word_1_472' title='bbox 3391 3196 3511 3248; x_wconf 84' lang='lat' dir='ltr'>Non</span> <span class='ocrx_word' id='word_1_473' title='bbox 3575 3194 3768 3247; x_wconf 92' lang='lat' dir='ltr'>solum</span> 
     </span>
    </p>
   </div>
   <div class='ocr_carea' id='block_1_66' title="bbox 2123 3285 3768 3356">
    <p class='ocr_par' dir='ltr' id='par_1_66' title="bbox 2123 3285 3768 3356">
     <span class='ocr_line' id='line_1_66' title="bbox 2123 3285 3768 3356; baseline -0.002 -17"><span class='ocrx_word' id='word_1_474' title='bbox 2123 3286 2221 3356; x_wconf 91' lang='lat' dir='ltr'>qui</span> <span class='ocrx_word' id='word_1_475' title='bbox 2252 3286 2475 3339; x_wconf 84' lang='lat' dir='ltr'>faciunt</span> <span class='ocrx_word' id='word_1_476' title='bbox 2496 3302 2583 3342; x_wconf 85' lang='lat' dir='ltr'>ea.</span> <span class='ocrx_word' id='word_1_477' title='bbox 2601 3302 2798 3339; x_wconf 90' lang='lat' dir='ltr'>verum</span> <span class='ocrx_word' id='word_1_478' title='bbox 2824 3286 2999 3340; x_wconf 90' lang='lat' dir='ltr'>etiam</span> <span class='ocrx_word' id='word_1_479' title='bbox 3020 3285 3116 3354; x_wconf 91' lang='lat' dir='ltr'>qui</span> <span class='ocrx_word' id='word_1_480' title='bbox 3139 3285 3544 3338; x_wconf 89' lang='lat' dir='ltr'>assentiuntur</span> <span class='ocrx_word' id='word_1_481' title='bbox 3564 3300 3768 3354; x_wconf 88' lang='lat' dir='ltr'>perpe-</span> 
     </span>
    </p>
   </div>
   <div class='ocr_carea' id='block_1_67' title="bbox 2124 3374 3764 3444">
    <p class='ocr_par' dir='ltr' id='par_1_67' title="bbox 2124 3374 3764 3444">
     <span class='ocr_line' id='line_1_67' title="bbox 2124 3374 3764 3444; baseline -0.001 -15"><span class='ocrx_word' id='word_1_482' title='bbox 2124 3374 2415 3429; x_wconf 89' lang='lat' dir='ltr'>trantibus</span> <span class='ocrx_word' id='word_1_483' title='bbox 2438 3392 2449 3428; x_wconf 91' lang='lat'>:</span> <span class='ocrx_word' id='word_1_484' title='bbox 2476 3392 2609 3429; x_wconf 90' lang='lat' dir='ltr'>nam</span> <span class='ocrx_word' id='word_1_485' title='bbox 2628 3375 2708 3429; x_wconf 91' lang='lat' dir='ltr'>ita</span> <span class='ocrx_word' id='word_1_486' title='bbox 2725 3375 3000 3429; x_wconf 84' lang='lat' dir='ltr'>habuisse</span> <span class='ocrx_word' id='word_1_487' title='bbox 3027 3374 3233 3428; x_wconf 88' lang='lat' dir='ltr'>dicunt</span> <span class='ocrx_word' id='word_1_488' title='bbox 3253 3380 3415 3428; x_wconf 87' lang='lat' dir='ltr'>vetus</span> <span class='ocrx_word' id='word_1_489' title='bbox 3434 3374 3764 3444; x_wconf 86' lang='lat' dir='ltr'>exemplar:</span> 
     </span>
    </p>
   </div>
   <div class='ocr_carea' id='block_1_68' title="bbox 379 3461 2007 3544">
    <p class='ocr_par' dir='ltr' id='par_1_68' title="bbox 379 3461 2005 3541">
     <span class='ocr_line' id='line_1_68' title="bbox 379 3461 2005 3541; baseline -0.003 -21"><span class='ocrx_word' id='word_1_490' title='bbox 379 3464 806 3527; x_wconf 66' lang='grc' dir='ltr'>συνευδοκοῦοοες</span> <span class='ocrx_word' id='word_1_491' title='bbox 856 3470 975 3525; x_wconf 84' lang='grc' dir='ltr'>τοῖς</span> <span class='ocrx_word' id='word_1_492' title='bbox 1034 3464 1381 3535; x_wconf 83' lang='grc' dir='ltr'>πράττουσιν.</span> <span class='ocrx_word' id='word_1_493' title='bbox 1447 3463 1634 3523; x_wconf 78' lang='grc' dir='ltr'>Οὕτῶς</span> <span class='ocrx_word' id='word_1_494' title='bbox 1690 3464 1791 3536; x_wconf 70' lang='grc' dir='ltr'>γὰρ</span> <span class='ocrx_word' id='word_1_495' title='bbox 1860 3461 2005 3541; x_wconf 81' lang='grc' dir='ltr'>ἔχειν</span> 
     </span>
    </p>
   </div>
   <div class='ocr_carea' id='block_1_69' title="bbox 2122 3461 3766 3544">
    <p class='ocr_par' dir='ltr' id='par_1_69' title="bbox 2122 3464 3766 3535">
     <span class='ocr_line' id='line_1_69' title="bbox 2122 3464 3766 3535; baseline -0.001 -16"><span class='ocrx_word' id='word_1_496' title='bbox 2122 3471 2187 3519; x_wconf 92' lang='lat' dir='ltr'>ut</span> <span class='ocrx_word' id='word_1_497' title='bbox 2208 3466 2399 3534; x_wconf 88' lang='lat' dir='ltr'>majus</span> <span class='ocrx_word' id='word_1_498' title='bbox 2414 3465 2488 3519; x_wconf 90' lang='lat' dir='ltr'>sit</span> <span class='ocrx_word' id='word_1_499' title='bbox 2509 3466 2722 3531; x_wconf 84' lang='lat' dir='ltr'>facere,</span> <span class='ocrx_word' id='word_1_500' title='bbox 2745 3466 2941 3519; x_wconf 89' lang='lat' dir='ltr'>minus</span> <span class='ocrx_word' id='word_1_501' title='bbox 2960 3482 3090 3519; x_wconf 85' lang='lat' dir='ltr'>vero</span> <span class='ocrx_word' id='word_1_502' title='bbox 3116 3464 3411 3519; x_wconf 86' lang='lat' dir='ltr'>assentiri.</span> <span class='ocrx_word' id='word_1_503' title='bbox 3434 3467 3545 3535; x_wconf 79' lang='lat' dir='ltr'>Ego</span> <span class='ocrx_word' id='word_1_504' title='bbox 3568 3470 3766 3518; x_wconf 88' lang='lat' dir='ltr'>autem</span> 
     </span>
    </p>
   </div>
   <div class='ocr_carea' id='block_1_70' title="bbox 372 3552 2011 3635">
    <p class='ocr_par' dir='ltr' id='par_1_70' title="bbox 372 3552 2011 3635">
     <span class='ocr_line' id='line_1_70' title="bbox 372 3552 2011 3635; baseline -0.003 -24"><span class='ocrx_word' id='word_1_505' title='bbox 372 3555 565 3635; x_wconf 62' lang='grc' dir='ltr'>ἔρασαν</span> <span class='ocrx_word' id='word_1_506' title='bbox 633 3557 695 3609; x_wconf 86' lang='grc' dir='ltr'>τὸ</span> <span class='ocrx_word' id='word_1_507' title='bbox 780 3554 980 3609; x_wconf 83' lang='grc' dir='ltr'>παλιὸν</span> <span class='ocrx_word' id='word_1_508' title='bbox 1060 3554 1409 3630; x_wconf 77' lang='grc' dir='ltr'>ἀντίγραφος,</span> <span class='ocrx_word' id='word_1_509' title='bbox 1492 3554 1582 3607; x_wconf 80' lang='grc' dir='ltr'>’ἱνα</span> <span class='ocrx_word' id='word_1_510' title='bbox 1654 3559 1835 3623; x_wconf 78' lang='grc' dir='ltr'>μεῖζον</span> <span class='ocrx_word' id='word_1_511' title='bbox 1878 3552 1911 3627; x_wconf 75' lang='grc' dir='ltr'>ᾗ</span> <span class='ocrx_word' id='word_1_512' title='bbox 1948 3552 2011 3607; x_wconf 88' lang='grc' dir='ltr'>τὸ</span> 
     </span>
    </p>
   </div>
   <div class='ocr_carea' id='block_1_71' title="bbox 371 3639 2021 3718">
    <p class='ocr_par' dir='ltr' id='par_1_71' title="bbox 371 3639 2021 3718">
     <span class='ocr_line' id='line_1_71' title="bbox 371 3639 2021 3718; baseline -0.003 -18"><span class='ocrx_word' id='word_1_513' title='bbox 371 3652 558 3711; x_wconf 77' lang='grc' dir='ltr'>ποιεῖν,</span> <span class='ocrx_word' id='word_1_514' title='bbox 602 3647 693 3699; x_wconf 77' lang='grc' dir='ltr'>καί</span> <span class='ocrx_word' id='word_1_515' title='bbox 750 3643 976 3699; x_wconf 78' lang='grc' dir='ltr'>ἔλαττον</span> <span class='ocrx_word' id='word_1_516' title='bbox 1036 3643 1098 3697; x_wconf 87' lang='grc' dir='ltr'>τὸ</span> <span class='ocrx_word' id='word_1_517' title='bbox 1166 3640 1517 3697; x_wconf 79' lang='grc' dir='ltr'>συνευδοκεῖν.</span> <span class='ocrx_word' id='word_1_518' title='bbox 1580 3642 1722 3718; x_wconf 81' lang='grc' dir='ltr'>Ἐγὼ</span> <span class='ocrx_word' id='word_1_519' title='bbox 1781 3640 1837 3695; x_wconf 75' lang='grc' dir='ltr'>δὲ</span> <span class='ocrx_word' id='word_1_520' title='bbox 1894 3639 2021 3697; x_wconf 76' lang='grc' dir='ltr'>οὕτε</span> 
     </span>
    </p>
   </div>
   <div class='ocr_carea' id='block_1_72' title="bbox 370 3726 2016 3809">
    <p class='ocr_par' dir='ltr' id='par_1_72' title="bbox 370 3726 2016 3809">
     <span class='ocr_line' id='line_1_72' title="bbox 370 3726 2016 3809; baseline -0.003 -20"><span class='ocrx_word' id='word_1_521' title='bbox 370 3736 715 3808; x_wconf 73' lang='grc' dir='ltr'>ἡμαρτῆσθαι</span> <span class='ocrx_word' id='word_1_522' title='bbox 762 3734 815 3787; x_wconf 80' lang='grc' dir='ltr'>ἐν</span> <span class='ocrx_word' id='word_1_523' title='bbox 859 3733 1040 3803; x_wconf 70' lang='grc' dir='ltr'>τούτῳ</span> <span class='ocrx_word' id='word_1_524' title='bbox 1071 3733 1247 3809; x_wconf 70' lang='grc' dir='ltr'>φήσας</span> <span class='ocrx_word' id='word_1_525' title='bbox 1305 3730 1372 3784; x_wconf 85' lang='grc' dir='ltr'>τά</span> <span class='ocrx_word' id='word_1_526' title='bbox 1409 3728 1745 3785; x_wconf 84' lang='grc' dir='ltr'>ἀποστολικά</span> <span class='ocrx_word' id='word_1_527' title='bbox 1801 3726 2016 3804; x_wconf 68' lang='grc' dir='ltr'>βιϐλία,</span> 
     </span>
    </p>
   </div>
   <div class='ocr_carea' id='block_1_73' title="bbox 367 3821 2015 3896">
    <p class='ocr_par' dir='ltr' id='par_1_73' title="bbox 367 3821 2015 3896">
     <span class='ocr_line' id='line_1_73' title="bbox 367 3821 2015 3896; baseline -0.004 -17"><span class='ocrx_word' id='word_1_528' title='bbox 367 3824 481 3880; x_wconf 76' lang='grc' dir='ltr'>οὗτε</span> <span class='ocrx_word' id='word_1_529' title='bbox 511 3821 889 3896; x_wconf 75' lang='grc' dir='ltr'>καταδραμεῖν</span> <span class='ocrx_word' id='word_1_530' title='bbox 916 3827 1023 3875; x_wconf 83' lang='grc' dir='ltr'>τῶν</span> <span class='ocrx_word' id='word_1_531' title='bbox 1089 3823 1161 3892; x_wconf 75' lang='grc' dir='ltr'>μὴ</span> <span class='ocrx_word' id='word_1_532' title='bbox 1222 3822 1559 3887; x_wconf 73' lang='grc' dir='ltr'>νενοηκὸτων</span> <span class='ocrx_word' id='word_1_533' title='bbox 1617 3821 1841 3895; x_wconf 74' lang='grc' dir='ltr'>φράσας,</span> <span class='ocrx_word' id='word_1_534' title='bbox 1898 3825 2015 3882; x_wconf 87' lang='grc' dir='ltr'>τοῖς</span> 
     </span>
    </p>
   </div>
   <div class='ocr_carea' id='block_1_74' title="bbox 348 3909 2017 3986">
    <p class='ocr_par' dir='ltr' id='par_1_74' title="bbox 348 3909 2017 3986">
     <span class='ocr_line' id='line_1_74' title="bbox 348 3909 2017 3986; baseline -0.005 -16"><span class='ocrx_word' id='word_1_535' title='bbox 348 3914 762 3986; x_wconf 63' lang='grc' dir='ltr'>ἐπευξαμένοις</span> <span class='ocrx_word' id='word_1_536' title='bbox 790 3910 1067 3985; x_wconf 71' lang='grc' dir='ltr'>ἐπιτρέψω</span> <span class='ocrx_word' id='word_1_537' title='bbox 1095 3912 1195 3979; x_wconf 77' lang='grc' dir='ltr'>τήν</span> <span class='ocrx_word' id='word_1_538' title='bbox 1246 3912 1449 3982; x_wconf 75' lang='grc' dir='ltr'>ψῆφον.</span> <span class='ocrx_word' id='word_1_539' title='bbox 1507 3909 1666 3980; x_wconf 85' lang='grc' dir='ltr'>Φημὶ</span> <span class='ocrx_word' id='word_1_540' title='bbox 1722 3910 1898 3964; x_wconf 84' lang='grc' dir='ltr'>τοίνυν</span> <span class='ocrx_word' id='word_1_541' title='bbox 1932 3910 2017 3965; x_wconf 81' lang='grc' dir='ltr'>ὅτι</span> 
     </span>
    </p>
   </div>
   <div class='ocr_carea' id='block_1_75' title="bbox 338 3996 2017 4073">
    <p class='ocr_par' dir='ltr' id='par_1_75' title="bbox 338 3996 2017 4073">
     <span class='ocr_line' id='line_1_75' title="bbox 338 3996 2017 4073; baseline -0.004 -14"><span class='ocrx_word' id='word_1_542' title='bbox 338 4003 535 4071; x_wconf 78' lang='grc' dir='ltr'>ἐπειδὴ</span> <span class='ocrx_word' id='word_1_543' title='bbox 588 4006 693 4055; x_wconf 79' lang='grc' dir='ltr'>τοῦ</span> <span class='ocrx_word' id='word_1_544' title='bbox 753 3998 1107 4073; x_wconf 71' lang='grc' dir='ltr'>πλημμελεῖν</span> <span class='ocrx_word' id='word_1_545' title='bbox 1161 3999 1223 4054; x_wconf 85' lang='grc' dir='ltr'>τὸ</span> <span class='ocrx_word' id='word_1_546' title='bbox 1277 3998 1514 4052; x_wconf 76' lang='grc' dir='ltr'>ἐπαινεῖν</span> <span class='ocrx_word' id='word_1_547' title='bbox 1574 3998 1699 4058; x_wconf 84' lang='grc' dir='ltr'>τοὺς</span> <span class='ocrx_word' id='word_1_548' title='bbox 1758 3996 2017 4071; x_wconf 83' lang='grc' dir='ltr'>πλημμε-</span> 
     </span>
    </p>
   </div>
   <div class='ocr_carea' id='block_1_76' title="bbox 338 4086 2017 4161">
    <p class='ocr_par' dir='ltr' id='par_1_76' title="bbox 338 4086 2017 4161">
     <span class='ocr_line' id='line_1_76' title="bbox 338 4086 2017 4161; baseline -0.005 -13"><span class='ocrx_word' id='word_1_549' title='bbox 338 4092 575 4153; x_wconf 68' lang='grc' dir='ltr'>λοῦντας</span> <span class='ocrx_word' id='word_1_550' title='bbox 638 4087 847 4160; x_wconf 80' lang='grc' dir='ltr'>πολλῷ</span> <span class='ocrx_word' id='word_1_551' title='bbox 904 4087 1319 4161; x_wconf 81' lang='grc' dir='ltr'>ἀργαλεώτερόν</span> <span class='ocrx_word' id='word_1_552' title='bbox 1397 4086 1505 4140; x_wconf 78' lang='grc' dir='ltr'>ἐστι</span> <span class='ocrx_word' id='word_1_553' title='bbox 1564 4087 1655 4140; x_wconf 79' lang='grc' dir='ltr'>καὶ</span> <span class='ocrx_word' id='word_1_554' title='bbox 1704 4092 1885 4158; x_wconf 80' lang='grc' dir='ltr'>μεῖζον</span> <span class='ocrx_word' id='word_1_555' title='bbox 1938 4086 2017 4149; x_wconf 66' lang='grc' dir='ltr'>εἲς</span> 
     </span>
    </p>
   </div>
   <div class='ocr_carea' id='block_1_77' title="bbox 333 4173 2015 4253">
    <p class='ocr_par' dir='ltr' id='par_1_77' title="bbox 333 4173 2015 4253">
     <span class='ocr_line' id='line_1_77' title="bbox 333 4173 2015 4253; baseline -0.005 -16"><span class='ocrx_word' id='word_1_556' title='bbox 333 4183 630 4241; x_wconf 66' lang='grc' dir='ltr'>κολάσεως</span> <span class='ocrx_word' id='word_1_557' title='bbox 692 4180 883 4253; x_wconf 81' lang='grc' dir='ltr'>λόγον,</span> <span class='ocrx_word' id='word_1_558' title='bbox 957 4178 1181 4239; x_wconf 79' lang='grc' dir='ltr'>εἰκότως</span> <span class='ocrx_word' id='word_1_559' title='bbox 1237 4173 1461 4251; x_wconf 53' lang='grc' dir='ltr'>εἶ’ρεται,</span> <span class='ocrx_word' id='word_1_560' title='bbox 1515 4176 1594 4232; x_wconf 82' lang='grc' dir='ltr'>Οὐ</span> <span class='ocrx_word' id='word_1_561' title='bbox 1660 4177 1819 4247; x_wconf 83' lang='grc' dir='ltr'>μόνον</span> <span class='ocrx_word' id='word_1_562' title='bbox 1880 4175 2015 4231; x_wconf 70' lang='grc' dir='ltr'>αὐτὰ</span> 
     </span>
    </p>
   </div>
   <div class='ocr_carea' id='block_1_78' title="bbox 336 4262 2010 4339">
    <p class='ocr_par' dir='ltr' id='par_1_78' title="bbox 336 4262 2010 4339">
     <span class='ocr_line' id='line_1_78' title="bbox 336 4262 2010 4339; baseline -0.005 -14"><span class='ocrx_word' id='word_1_563' title='bbox 336 4275 630 4336; x_wconf 76' lang='grc' dir='ltr'>ποιοῦσιν,</span> <span class='ocrx_word' id='word_1_564' title='bbox 696 4265 846 4322; x_wconf 84' lang='grc' dir='ltr'>ἀλλά</span> <span class='ocrx_word' id='word_1_565' title='bbox 901 4266 992 4319; x_wconf 81' lang='grc' dir='ltr'>καὶ</span> <span class='ocrx_word' id='word_1_566' title='bbox 1050 4262 1428 4319; x_wconf 63' lang='grc' dir='ltr'>συνευδοκοιῖσι</span> <span class='ocrx_word' id='word_1_567' title='bbox 1496 4269 1611 4324; x_wconf 84' lang='grc' dir='ltr'>τοῖς</span> <span class='ocrx_word' id='word_1_568' title='bbox 1660 4262 2010 4339; x_wconf 75' lang='grc' dir='ltr'>πρέίσσουσιν.</span> 
     </span>
    </p>
   </div>
   <div class='ocr_carea' id='block_1_79' title="bbox 336 4354 2010 4433">
    <p class='ocr_par' dir='ltr' id='par_1_79' title="bbox 336 4354 2010 4433">
     <span class='ocr_line' id='line_1_79' title="bbox 336 4354 2010 4433; baseline -0.002 -21"><span class='ocrx_word' id='word_1_569' title='bbox 336 4364 406 4419; x_wconf 87' lang='lat'>&#39;0</span> <span class='ocrx_word' id='word_1_570' title='bbox 443 4362 543 4431; x_wconf 70' lang='grc' dir='ltr'>μὶν</span> <span class='ocrx_word' id='word_1_571' title='bbox 568 4360 676 4433; x_wconf 70' lang='grc' dir='ltr'>γὰρ</span> <span class='ocrx_word' id='word_1_572' title='bbox 714 4358 847 4431; x_wconf 84' lang='grc' dir='ltr'>μετᾶ</span> <span class='ocrx_word' id='word_1_573' title='bbox 874 4360 971 4411; x_wconf 75' lang='grc' dir='ltr'>τοῦ</span> <span class='ocrx_word' id='word_1_574' title='bbox 1028 4354 1385 4429; x_wconf 78' lang='grc' dir='ltr'>πλημμελεῖν</span> <span class='ocrx_word' id='word_1_575' title='bbox 1434 4356 1853 4427; x_wconf 84' lang='grc' dir='ltr'>καταγινώσκων</span> <span class='ocrx_word' id='word_1_576' title='bbox 1910 4362 2010 4423; x_wconf 77' lang='grc' dir='ltr'>τῆς</span> 
     </span>
    </p>
   </div>
   <div class='ocr_carea' id='block_1_80' title="bbox 339 4440 2009 4524">
    <p class='ocr_par' dir='ltr' id='par_1_80' title="bbox 339 4440 2009 4524">
     <span class='ocr_line' id='line_1_80' title="bbox 339 4440 2009 4524; baseline -0.004 -19"><span class='ocrx_word' id='word_1_577' title='bbox 339 4449 621 4524; x_wconf 80' lang='grc' dir='ltr'>ἁμαρτίας</span> <span class='ocrx_word' id='word_1_578' title='bbox 684 4445 973 4515; x_wconf 69' lang='grc' dir='ltr'>δυνήσεται</span> <span class='ocrx_word' id='word_1_579' title='bbox 1027 4440 1211 4518; x_wconf 84' lang='grc' dir='ltr'>χρόνω</span> <span class='ocrx_word' id='word_1_580' title='bbox 1267 4444 1399 4499; x_wconf 77' lang='grc' dir='ltr'>ποτὲ</span> <span class='ocrx_word' id='word_1_581' title='bbox 1468 4444 1652 4499; x_wconf 71' lang='grc' dir='ltr'>ἑαυτὸν</span> <span class='ocrx_word' id='word_1_582' title='bbox 1709 4444 2009 4513; x_wconf 75' lang='grc' dir='ltr'>ἀνακτήσα-</span> 
     </span>
    </p>
   </div>
   <div class='ocr_carea' id='block_1_81' title="bbox 340 4530 2008 4611">
    <p class='ocr_par' dir='ltr' id='par_1_81' title="bbox 340 4530 2008 4611">
     <span class='ocr_line' id='line_1_81' title="bbox 340 4530 2008 4611; baseline -0.004 -18"><span class='ocrx_word' id='word_1_583' title='bbox 340 4542 492 4607; x_wconf 87' lang='grc' dir='ltr'>σθαι,</span> <span class='ocrx_word' id='word_1_584' title='bbox 562 4536 828 4610; x_wconf 87' lang='grc' dir='ltr'>μεγίστην</span> <span class='ocrx_word' id='word_1_585' title='bbox 884 4536 1141 4609; x_wconf 69' lang='grc' dir='ltr'>βοήθειαν</span> <span class='ocrx_word' id='word_1_586' title='bbox 1199 4530 1344 4611; x_wconf 79' lang='grc' dir='ltr'>ἔχων</span> <span class='ocrx_word' id='word_1_587' title='bbox 1405 4533 1480 4589; x_wconf 85' lang='grc' dir='ltr'>εἰς</span> <span class='ocrx_word' id='word_1_588' title='bbox 1538 4533 1600 4587; x_wconf 86' lang='grc' dir='ltr'>τὸ</span> <span class='ocrx_word' id='word_1_589' title='bbox 1664 4536 2008 4606; x_wconf 70' lang='grc' dir='ltr'>μετανοῆσαι,</span> 
     </span>
    </p>
   </div>
   <div class='ocr_carea' id='block_1_82' title="bbox 337 4619 2011 4698">
    <p class='ocr_par' dir='ltr' id='par_1_82' title="bbox 337 4619 2011 4698">
     <span class='ocr_line' id='line_1_82' title="bbox 337 4619 2011 4698; baseline -0.003 -17"><span class='ocrx_word' id='word_1_590' title='bbox 337 4631 445 4695; x_wconf 72' lang='grc' dir='ltr'>τὴν</span> <span class='ocrx_word' id='word_1_591' title='bbox 508 4628 849 4698; x_wconf 71' lang='grc' dir='ltr'>κατάγνωσιν</span> <span class='ocrx_word' id='word_1_592' title='bbox 904 4630 1005 4691; x_wconf 81' lang='grc' dir='ltr'>τῆς</span> <span class='ocrx_word' id='word_1_593' title='bbox 1040 4624 1326 4696; x_wconf 78' lang='grc' dir='ltr'>ἁμαρτίας.</span> <span class='ocrx_word' id='word_1_594' title='bbox 1385 4623 1447 4678; x_wconf 85' lang='grc' dir='ltr'><em>Ὀ</em></span> <span class='ocrx_word' id='word_1_595' title='bbox 1509 4619 1566 4677; x_wconf 78' lang='grc' dir='ltr'>δὲ</span> <span class='ocrx_word' id='word_1_596' title='bbox 1625 4620 1858 4677; x_wconf 80' lang='grc' dir='ltr'>ἐπαινῶν</span> <span class='ocrx_word' id='word_1_597' title='bbox 1913 4623 2011 4686; x_wconf 70' lang='grc' dir='ltr'>τὴν</span> 
     </span>
    </p>
   </div>
   <div class='ocr_carea' id='block_1_83' title="bbox 342 4711 2008 4786">
    <p class='ocr_par' dir='ltr' id='par_1_83' title="bbox 342 4711 2008 4786">
     <span class='ocr_line' id='line_1_83' title="bbox 342 4711 2008 4786; baseline -0.004 -15"><span class='ocrx_word' id='word_1_598' title='bbox 342 4717 645 4786; x_wconf 74' lang='grc' dir='ltr'>πονηρίαν,</span> <span class='ocrx_word' id='word_1_599' title='bbox 696 4720 795 4780; x_wconf 81' lang='grc' dir='ltr'>τῆς</span> <span class='ocrx_word' id='word_1_600' title='bbox 855 4712 915 4767; x_wconf 81' lang='grc' dir='ltr'>ἐκ</span> <span class='ocrx_word' id='word_1_601' title='bbox 966 4716 1062 4766; x_wconf 79' lang='grc' dir='ltr'>τοῦ</span> <span class='ocrx_word' id='word_1_602' title='bbox 1123 4718 1455 4783; x_wconf 72' lang='grc' dir='ltr'>μετανοῆσαι</span> <span class='ocrx_word' id='word_1_603' title='bbox 1513 4711 1770 4785; x_wconf 75' lang='grc' dir='ltr'>βοηθείας</span> <span class='ocrx_word' id='word_1_604' title='bbox 1819 4711 2008 4765; x_wconf 73' lang='grc' dir='ltr'>ἑαυτὸν</span> 
     </span>
    </p>
   </div>
   <div class='ocr_carea' id='block_1_84' title="bbox 342 4798 2003 4878">
    <p class='ocr_par' dir='ltr' id='par_1_84' title="bbox 342 4798 2003 4878">
     <span class='ocr_line' id='line_1_84' title="bbox 342 4798 2003 4878; baseline -0.004 -19"><span class='ocrx_word' id='word_1_605' title='bbox 342 4807 663 4878; x_wconf 82' lang='grc' dir='ltr'>ἀποστερεῖ.</span> <span class='ocrx_word' id='word_1_606' title='bbox 699 4801 852 4859; x_wconf 81' lang='grc' dir='ltr'>Ἐπεὶ</span> <span class='ocrx_word' id='word_1_607' title='bbox 908 4801 1088 4855; x_wconf 88' lang='grc' dir='ltr'>τοίνυν</span> <span class='ocrx_word' id='word_1_608' title='bbox 1150 4798 1551 4877; x_wconf 77' lang='grc' dir='ltr'>διεφθαρμενης</span> <span class='ocrx_word' id='word_1_609' title='bbox 1610 4798 1721 4854; x_wconf 80' lang='grc' dir='ltr'>ἐστὶ</span> <span class='ocrx_word' id='word_1_610' title='bbox 1753 4801 2003 4876; x_wconf 83' lang='grc' dir='ltr'>γνώμης,</span> 
     </span>
    </p>
   </div>
   <div class='ocr_carea' id='block_1_85' title="bbox 2124 3555 3764 3626">
    <p class='ocr_par' dir='ltr' id='par_1_85' title="bbox 2124 3555 3764 3626">
     <span class='ocr_line' id='line_1_85' title="bbox 2124 3555 3764 3626; baseline -0.002 -17"><span class='ocrx_word' id='word_1_611' title='bbox 2124 3571 2317 3625; x_wconf 90' lang='lat' dir='ltr'>neque</span> <span class='ocrx_word' id='word_1_612' title='bbox 2342 3555 2400 3609; x_wconf 90' lang='lat' dir='ltr'>in</span> <span class='ocrx_word' id='word_1_613' title='bbox 2430 3556 2537 3609; x_wconf 89' lang='lat' dir='ltr'>hoc</span> <span class='ocrx_word' id='word_1_614' title='bbox 2560 3556 2906 3626; x_wconf 88' lang='lat' dir='ltr'>depravatos</span> <span class='ocrx_word' id='word_1_615' title='bbox 2939 3556 3117 3609; x_wconf 78' lang='lat' dir='ltr'>fuisse</span> <span class='ocrx_word' id='word_1_616' title='bbox 3142 3555 3501 3625; x_wconf 88' lang='lat' dir='ltr'>apostolicos</span> <span class='ocrx_word' id='word_1_617' title='bbox 3532 3555 3764 3607; x_wconf 89' lang='lat' dir='ltr'>codices</span> 
     </span>
    </p>
   </div>
   <div class='ocr_carea' id='block_1_86' title="bbox 2123 3643 3767 3714">
    <p class='ocr_par' dir='ltr' id='par_1_86' title="bbox 2123 3643 3767 3714">
     <span class='ocr_line' id='line_1_86' title="bbox 2123 3643 3767 3714; baseline -0.003 -15"><span class='ocrx_word' id='word_1_618' title='bbox 2123 3661 2417 3705; x_wconf 78' lang='lat' dir='ltr'>asserens,</span> <span class='ocrx_word' id='word_1_619' title='bbox 2446 3661 2640 3714; x_wconf 90' lang='lat' dir='ltr'>neque</span> <span class='ocrx_word' id='word_1_620' title='bbox 2673 3662 2806 3698; x_wconf 88' lang='lat' dir='ltr'>cum</span> <span class='ocrx_word' id='word_1_621' title='bbox 2866 3646 2957 3698; x_wconf 89' lang='lat' dir='ltr'>his</span> <span class='ocrx_word' id='word_1_622' title='bbox 3008 3646 3107 3713; x_wconf 87' lang='lat' dir='ltr'>qui</span> <span class='ocrx_word' id='word_1_623' title='bbox 3164 3660 3283 3697; x_wconf 90' lang='lat' dir='ltr'>non</span> <span class='ocrx_word' id='word_1_624' title='bbox 3342 3643 3767 3698; x_wconf 83' lang='lat' dir='ltr'>intellexerunt</span> 
     </span>
    </p>
   </div>
   <div class='ocr_carea' id='block_1_87' title="bbox 2121 3731 3761 3801">
    <p class='ocr_par' dir='ltr' id='par_1_87' title="bbox 2121 3731 3761 3801">
     <span class='ocr_line' id='line_1_87' title="bbox 2121 3731 3761 3801; baseline -0.003 -13"><span class='ocrx_word' id='word_1_625' title='bbox 2121 3733 2482 3788; x_wconf 86' lang='lat' dir='ltr'>contendere</span> <span class='ocrx_word' id='word_1_626' title='bbox 2520 3734 2741 3796; x_wconf 90' lang='lat' dir='ltr'>volens,</span> <span class='ocrx_word' id='word_1_627' title='bbox 2775 3734 3095 3787; x_wconf 89' lang='lat' dir='ltr'>lectoribus</span> <span class='ocrx_word' id='word_1_628' title='bbox 3126 3734 3321 3785; x_wconf 89' lang='lat' dir='ltr'>isthuc</span> <span class='ocrx_word' id='word_1_629' title='bbox 3369 3731 3761 3801; x_wconf 88' lang='lat' dir='ltr'>judicandum</span> 
     </span>
    </p>
   </div>
   <div class='ocr_carea' id='block_1_88' title="bbox 2120 3819 3765 3893">
    <p class='ocr_par' dir='ltr' id='par_1_88' title="bbox 2120 3819 3765 3893">
     <span class='ocr_line' id='line_1_88' title="bbox 2120 3819 3765 3893; baseline -0.004 -17"><span class='ocrx_word' id='word_1_630' title='bbox 2120 3823 2481 3893; x_wconf 82' lang='lat' dir='ltr'>permittam.</span> <span class='ocrx_word' id='word_1_631' title='bbox 2516 3822 2653 3875; x_wconf 90' lang='lat' dir='ltr'>Dico</span> <span class='ocrx_word' id='word_1_632' title='bbox 2688 3838 2822 3891; x_wconf 82' lang='lat' dir='ltr'>ergo</span> <span class='ocrx_word' id='word_1_633' title='bbox 2856 3821 3012 3889; x_wconf 88' lang='lat' dir='ltr'>quod</span> <span class='ocrx_word' id='word_1_634' title='bbox 3044 3837 3177 3873; x_wconf 85' lang='lat' dir='ltr'>cum</span> <span class='ocrx_word' id='word_1_635' title='bbox 3210 3836 3309 3872; x_wconf 88' lang='lat' dir='ltr'>eos</span> <span class='ocrx_word' id='word_1_636' title='bbox 3365 3819 3464 3887; x_wconf 89' lang='lat' dir='ltr'>qui</span> <span class='ocrx_word' id='word_1_637' title='bbox 3515 3822 3765 3887; x_wconf 86' lang='lat' dir='ltr'>peccant</span> 
     </span>
    </p>
   </div>
   <div class='ocr_carea' id='block_1_89' title="bbox 2119 3906 3764 3980">
    <p class='ocr_par' dir='ltr' id='par_1_89' title="bbox 2119 3906 3764 3980">
     <span class='ocr_line' id='line_1_89' title="bbox 2119 3906 3764 3980; baseline -0.004 -15"><span class='ocrx_word' id='word_1_638' title='bbox 2119 3910 2458 3965; x_wconf 89' lang='lat' dir='ltr'>collaudare</span> <span class='ocrx_word' id='word_1_639' title='bbox 2492 3910 2663 3980; x_wconf 87' lang='lat' dir='ltr'>longe</span> <span class='ocrx_word' id='word_1_640' title='bbox 2690 3910 2997 3977; x_wconf 86' lang='lat' dir='ltr'>operosius</span> <span class='ocrx_word' id='word_1_641' title='bbox 3021 3908 3116 3971; x_wconf 87' lang='lat' dir='ltr'>sit,</span> <span class='ocrx_word' id='word_1_642' title='bbox 3142 3924 3207 3960; x_wconf 88' lang='lat' dir='ltr'>ac</span> <span class='ocrx_word' id='word_1_643' title='bbox 3267 3907 3459 3975; x_wconf 81' lang='lat' dir='ltr'>majus</span> <span class='ocrx_word' id='word_1_644' title='bbox 3503 3906 3576 3959; x_wconf 89' lang='lat' dir='ltr'>ad</span> <span class='ocrx_word' id='word_1_645' title='bbox 3626 3923 3764 3975; x_wconf 90' lang='lat' dir='ltr'>sup-</span> 
     </span>
    </p>
   </div>
   <div class='ocr_carea' id='block_1_90' title="bbox 2119 3995 3762 4069">
    <p class='ocr_par' dir='ltr' id='par_1_90' title="bbox 2119 3995 3762 4069">
     <span class='ocr_line' id='line_1_90' title="bbox 2119 3995 3762 4069; baseline -0.003 -17"><span class='ocrx_word' id='word_1_646' title='bbox 2119 3998 2279 4069; x_wconf 89' lang='lat' dir='ltr'>plicii</span> <span class='ocrx_word' id='word_1_647' title='bbox 2313 3998 2602 4052; x_wconf 89' lang='lat' dir='ltr'>rationem</span> <span class='ocrx_word' id='word_1_648' title='bbox 2635 4002 3000 4051; x_wconf 89' lang='lat' dir='ltr'>momentum</span> <span class='ocrx_word' id='word_1_649' title='bbox 3043 3995 3257 4049; x_wconf 83' lang='lat' dir='ltr'>habeat</span> <span class='ocrx_word' id='word_1_650' title='bbox 3286 4011 3462 4064; x_wconf 89' lang='lat' dir='ltr'>quam</span> <span class='ocrx_word' id='word_1_651' title='bbox 3496 4011 3762 4065; x_wconf 86' lang='lat' dir='ltr'>peccare,</span> 
     </span>
    </p>
   </div>
   <div class='ocr_carea' id='block_1_91' title="bbox 2119 4084 3761 4146">
    <p class='ocr_par' dir='ltr' id='par_1_91' title="bbox 2119 4084 3761 4146">
     <span class='ocr_line' id='line_1_91' title="bbox 2119 4084 3761 4146; baseline -0.002 -5"><span class='ocrx_word' id='word_1_652' title='bbox 2119 4087 2329 4141; x_wconf 90' lang='lat' dir='ltr'>merito</span> <span class='ocrx_word' id='word_1_653' title='bbox 2361 4087 2519 4141; x_wconf 90' lang='lat' dir='ltr'>dicto</span> <span class='ocrx_word' id='word_1_654' title='bbox 2551 4091 2677 4139; x_wconf 89' lang='lat' dir='ltr'>est:</span> <span class='ocrx_word' id='word_1_655' title='bbox 2739 4087 2863 4139; x_wconf 91' lang='lat' dir='ltr'>Non</span> <span class='ocrx_word' id='word_1_656' title='bbox 2911 4084 3100 4138; x_wconf 90' lang='lat' dir='ltr'>solum</span> <span class='ocrx_word' id='word_1_657' title='bbox 3145 4100 3213 4138; x_wconf 89' lang='lat' dir='ltr'>ea</span> <span class='ocrx_word' id='word_1_658' title='bbox 3267 4084 3510 4146; x_wconf 79' lang='lat' dir='ltr'>faciunt,</span> <span class='ocrx_word' id='word_1_659' title='bbox 3560 4101 3761 4138; x_wconf 89' lang='lat' dir='ltr'>verum</span> 
     </span>
    </p>
   </div>
   <div class='ocr_carea' id='block_1_92' title="bbox 2120 4173 3761 4244">
    <p class='ocr_par' dir='ltr' id='par_1_92' title="bbox 2120 4173 3761 4244">
     <span class='ocr_line' id='line_1_92' title="bbox 2120 4173 3761 4244; baseline -0.003 -12"><span class='ocrx_word' id='word_1_660' title='bbox 2120 4177 2293 4232; x_wconf 88' lang='lat' dir='ltr'>etiam</span> <span class='ocrx_word' id='word_1_661' title='bbox 2328 4175 2663 4230; x_wconf 88' lang='lat' dir='ltr'>assentiunt</span> <span class='ocrx_word' id='word_1_662' title='bbox 2691 4173 3187 4244; x_wconf 89' lang='lat' dir='ltr'>perpetrantibus.</span> <span class='ocrx_word' id='word_1_663' title='bbox 3224 4175 3363 4227; x_wconf 74' lang='lat' dir='ltr'>Nam</span> <span class='ocrx_word' id='word_1_664' title='bbox 3407 4174 3455 4226; x_wconf 91' lang='lat' dir='ltr'>is</span> <span class='ocrx_word' id='word_1_665' title='bbox 3487 4173 3586 4242; x_wconf 89' lang='lat' dir='ltr'>qui</span> <span class='ocrx_word' id='word_1_666' title='bbox 3619 4173 3761 4227; x_wconf 91' lang='lat' dir='ltr'>dum</span> 
     </span>
    </p>
   </div>
   <div class='ocr_carea' id='block_1_93' title="bbox 2118 4263 3761 4337">
    <p class='ocr_par' dir='ltr' id='par_1_93' title="bbox 2118 4263 3761 4337">
     <span class='ocr_line' id='line_1_93' title="bbox 2118 4263 3761 4337; baseline -0.002 -18"><span class='ocrx_word' id='word_1_667' title='bbox 2118 4271 2368 4337; x_wconf 89' lang='lat' dir='ltr'>peccat,</span> <span class='ocrx_word' id='word_1_668' title='bbox 2430 4264 2607 4319; x_wconf 88' lang='lat' dir='ltr'>simul</span> <span class='ocrx_word' id='word_1_669' title='bbox 2664 4264 2840 4318; x_wconf 88' lang='lat' dir='ltr'>etiam</span> <span class='ocrx_word' id='word_1_670' title='bbox 2901 4268 3209 4334; x_wconf 85' lang='lat' dir='ltr'>peccatum</span> <span class='ocrx_word' id='word_1_671' title='bbox 3271 4263 3655 4327; x_wconf 90' lang='lat' dir='ltr'>condemnat,</span> <span class='ocrx_word' id='word_1_672' title='bbox 3712 4264 3761 4316; x_wconf 90' lang='lat' dir='ltr'>is</span> 
     </span>
    </p>
   </div>
   <div class='ocr_carea' id='block_1_94' title="bbox 2119 4351 3760 4425">
    <p class='ocr_par' dir='ltr' id='par_1_94' title="bbox 2119 4351 3760 4425">
     <span class='ocr_line' id='line_1_94' title="bbox 2119 4351 3760 4425; baseline -0.002 -16"><span class='ocrx_word' id='word_1_673' title='bbox 2119 4355 2474 4425; x_wconf 89' lang='lat' dir='ltr'>quandoque</span> <span class='ocrx_word' id='word_1_674' title='bbox 2501 4354 2781 4425; x_wconf 88' lang='lat' dir='ltr'>temporis</span> <span class='ocrx_word' id='word_1_675' title='bbox 2805 4368 3082 4407; x_wconf 87' lang='lat' dir='ltr'>successu</span> <span class='ocrx_word' id='word_1_676' title='bbox 3115 4351 3375 4421; x_wconf 87' lang='lat' dir='ltr'>seipsum</span> <span class='ocrx_word' id='word_1_677' title='bbox 3409 4367 3760 4420; x_wconf 89' lang='lat' dir='ltr'>recuperare</span> 
     </span>
    </p>
   </div>
   <div class='ocr_carea' id='block_1_95' title="bbox 2118 4440 3759 4516">
    <p class='ocr_par' dir='ltr' id='par_1_95' title="bbox 2118 4440 3759 4516">
     <span class='ocr_line' id='line_1_95' title="bbox 2118 4440 3759 4516; baseline -0.004 -16"><span class='ocrx_word' id='word_1_678' title='bbox 2118 4446 2353 4516; x_wconf 77' lang='lat' dir='ltr'>poterit.</span> <span class='ocrx_word' id='word_1_679' title='bbox 2387 4461 2521 4499; x_wconf 91' lang='lat' dir='ltr'>cum</span> <span class='ocrx_word' id='word_1_680' title='bbox 2556 4444 2880 4498; x_wconf 85' lang='lat' dir='ltr'>maximum</span> <span class='ocrx_word' id='word_1_681' title='bbox 2911 4441 3125 4497; x_wconf 85' lang='lat' dir='ltr'>habeat</span> <span class='ocrx_word' id='word_1_682' title='bbox 3156 4440 3227 4494; x_wconf 86' lang='lat' dir='ltr'>ad</span> <span class='ocrx_word' id='word_1_683' title='bbox 3288 4440 3759 4511; x_wconf 83' lang='lat' dir='ltr'>resipiscentiam</span> 
     </span>
    </p>
   </div>
   <div class='ocr_carea' id='block_1_96' title="bbox 2117 4530 3763 4604">
    <p class='ocr_par' dir='ltr' id='par_1_96' title="bbox 2117 4530 3763 4604">
     <span class='ocr_line' id='line_1_96' title="bbox 2117 4530 3763 4604; baseline -0.004 -14"><span class='ocrx_word' id='word_1_684' title='bbox 2117 4535 2421 4598; x_wconf 85' lang='lat' dir='ltr'>auxilium,</span> <span class='ocrx_word' id='word_1_685' title='bbox 2484 4534 2709 4604; x_wconf 89' lang='lat' dir='ltr'>peccati</span> <span class='ocrx_word' id='word_1_686' title='bbox 2770 4532 3041 4587; x_wconf 88' lang='lat' dir='ltr'>videlicet</span> <span class='ocrx_word' id='word_1_687' title='bbox 3083 4530 3643 4585; x_wconf 85' lang='lat' dir='ltr'>condemnationem</span> <span class='ocrx_word' id='word_1_688' title='bbox 3705 4537 3763 4585; x_wconf 90' lang='lat' dir='ltr'>et</span> 
     </span>
    </p>
   </div>
   <div class='ocr_carea' id='block_1_97' title="bbox 2116 4618 3762 4692">
    <p class='ocr_par' dir='ltr' id='par_1_97' title="bbox 2116 4618 3762 4692">
     <span class='ocr_line' id='line_1_97' title="bbox 2116 4618 3762 4692; baseline -0.003 -13"><span class='ocrx_word' id='word_1_689' title='bbox 2116 4625 2340 4679; x_wconf 90' lang='lat' dir='ltr'>odium.</span> <span class='ocrx_word' id='word_1_690' title='bbox 2383 4625 2489 4688; x_wconf 87' lang='lat' dir='ltr'>Qui</span> <span class='ocrx_word' id='word_1_691' title='bbox 2524 4640 2658 4677; x_wconf 87' lang='lat' dir='ltr'>vero</span> <span class='ocrx_word' id='word_1_692' title='bbox 2691 4622 3037 4692; x_wconf 88' lang='lat' dir='ltr'>pravitatem</span> <span class='ocrx_word' id='word_1_693' title='bbox 3097 4618 3414 4686; x_wconf 84' lang='lat' dir='ltr'>collaudat,</span> <span class='ocrx_word' id='word_1_694' title='bbox 3449 4620 3497 4671; x_wconf 91' lang='lat' dir='ltr'>is</span> <span class='ocrx_word' id='word_1_695' title='bbox 3529 4636 3656 4672; x_wconf 85' lang='lat' dir='ltr'>sese</span> <span class='ocrx_word' id='word_1_696' title='bbox 3688 4620 3762 4674; x_wconf 80' lang='lat' dir='ltr'>ad</span> 
     </span>
    </p>
   </div>
   <div class='ocr_carea' id='block_1_98' title="bbox 2115 4708 3760 4784">
    <p class='ocr_par' dir='ltr' id='par_1_98' title="bbox 2115 4708 3760 4784">
     <span class='ocr_line' id='line_1_98' title="bbox 2115 4708 3760 4784; baseline -0.002 -17"><span class='ocrx_word' id='word_1_697' title='bbox 2115 4712 2589 4784; x_wconf 87' lang='lat' dir='ltr'>resipiscendum</span> <span class='ocrx_word' id='word_1_698' title='bbox 2622 4710 2841 4765; x_wconf 83' lang='lat' dir='ltr'>auxilio</span> <span class='ocrx_word' id='word_1_699' title='bbox 2874 4710 3081 4779; x_wconf 88' lang='lat' dir='ltr'>privat.</span> <span class='ocrx_word' id='word_1_700' title='bbox 3116 4711 3257 4762; x_wconf 73' lang='lat' dir='ltr'>Cum</span> <span class='ocrx_word' id='word_1_701' title='bbox 3290 4725 3425 4780; x_wconf 84' lang='lat' dir='ltr'>ergo</span> <span class='ocrx_word' id='word_1_702' title='bbox 3464 4708 3760 4779; x_wconf 82' lang='lat' dir='ltr'>judicium</span> 
     </span>
    </p>
   </div>
   <div class='ocr_carea' id='block_1_99' title="bbox 2116 4797 3762 4872">
    <p class='ocr_par' dir='ltr' id='par_1_99' title="bbox 2116 4797 3762 4872">
     <span class='ocr_line' id='line_1_99' title="bbox 2116 4797 3762 4872; baseline -0.003 -15"><span class='ocrx_word' id='word_1_703' title='bbox 2116 4803 2227 4857; x_wconf 92' lang='lat' dir='ltr'>hoc</span> <span class='ocrx_word' id='word_1_704' title='bbox 2257 4807 2547 4872; x_wconf 62' lang='lat' dir='ltr'>corruptis</span> <span class='ocrx_word' id='word_1_705' title='bbox 2609 4799 2822 4854; x_wconf 89' lang='lat' dir='ltr'>mentis</span> <span class='ocrx_word' id='word_1_706' title='bbox 2854 4799 2931 4852; x_wconf 90' lang='lat' dir='ltr'>sit</span> <span class='ocrx_word' id='word_1_707' title='bbox 2960 4797 3293 4868; x_wconf 68' lang='lat' dir='ltr'>animaeque</span> <span class='ocrx_word' id='word_1_708' title='bbox 3354 4798 3762 4853; x_wconf 87' lang='lat' dir='ltr'>immedicabi-</span> 
     </span>
    </p>
   </div>
   <div class='ocr_carea' id='block_1_100' title="bbox 343 4861 2007 4970">
    <p class='ocr_par' dir='ltr' id='par_1_100' title="bbox 343 4889 2003 4970">
     <span class='ocr_line' id='line_1_100' title="bbox 343 4889 2003 4970; baseline -0.004 -21"><span class='ocrx_word' id='word_1_709' title='bbox 343 4897 435 4949; x_wconf 76' lang='grc' dir='ltr'>καὶ</span> <span class='ocrx_word' id='word_1_710' title='bbox 467 4899 662 4970; x_wconf 64' lang='grc' dir='ltr'>ψυχῆς</span> <span class='ocrx_word' id='word_1_711' title='bbox 694 4889 879 4947; x_wconf 74' lang='grc' dir='ltr'>ἀνίατα</span> <span class='ocrx_word' id='word_1_712' title='bbox 923 4890 1189 4959; x_wconf 69' lang='grc' dir='ltr'>νοσούσης</span> <span class='ocrx_word' id='word_1_713' title='bbox 1243 4894 1378 4958; x_wconf 72' lang='grc' dir='ltr'>αὕτη</span> <span class='ocrx_word' id='word_1_714' title='bbox 1432 4892 1465 4958; x_wconf 83' lang='grc' dir='ltr'>ἡ</span> <span class='ocrx_word' id='word_1_715' title='bbox 1528 4892 1727 4968; x_wconf 75' lang='grc' dir='ltr'>ψῆφος,</span> <span class='ocrx_word' id='word_1_716' title='bbox 1780 4889 2003 4951; x_wconf 77' lang='grc' dir='ltr'>εἰκότως</span> 
     </span>
    </p>
   </div>
   <div class='ocr_carea' id='block_1_101' title="bbox 2122 4861 3758 4970">
    <p class='ocr_par' dir='ltr' id='par_1_101' title="bbox 2122 4887 3758 4961">
     <span class='ocr_line' id='line_1_101' title="bbox 2122 4887 3758 4961; baseline -0.002 -16"><span class='ocrx_word' id='word_1_717' title='bbox 2122 4891 2251 4945; x_wconf 88' lang='lat' dir='ltr'>liter</span> <span class='ocrx_word' id='word_1_718' title='bbox 2283 4889 2639 4961; x_wconf 71' lang='lat' dir='ltr'>mgrotantis,</span> <span class='ocrx_word' id='word_1_719' title='bbox 2676 4905 2795 4941; x_wconf 91' lang='lat' dir='ltr'>non</span> <span class='ocrx_word' id='word_1_720' title='bbox 2827 4887 3122 4941; x_wconf 90' lang='lat' dir='ltr'>immerito</span> <span class='ocrx_word' id='word_1_721' title='bbox 3156 4888 3254 4957; x_wconf 90' lang='lat' dir='ltr'>qui</span> <span class='ocrx_word' id='word_1_722' title='bbox 3288 4894 3593 4958; x_wconf 86' lang='lat' dir='ltr'>peccatum</span> <span class='ocrx_word' id='word_1_723' title='bbox 3639 4889 3758 4943; x_wconf 88' lang='lat' dir='ltr'>col-</span> 
     </span>
    </p>
   </div>
   <div class='ocr_carea' id='block_1_102' title="bbox 345 4977 2004 5055">
    <p class='ocr_par' dir='ltr' id='par_1_102' title="bbox 345 4977 2004 5055">
     <span class='ocr_line' id='line_1_102' title="bbox 345 4977 2004 5055; baseline -0.002 -18"><span class='ocrx_word' id='word_1_724' title='bbox 345 4988 447 5037; x_wconf 73' lang='grc' dir='ltr'>τοῦ</span> <span class='ocrx_word' id='word_1_725' title='bbox 476 4979 951 5055; x_wconf 72' lang='grc' dir='ltr'>πλημμελοῦντος</span> <span class='ocrx_word' id='word_1_726' title='bbox 982 4982 1010 5034; x_wconf 89' lang='grc' dir='ltr'><strong>ὁ</strong></span> <span class='ocrx_word' id='word_1_727' title='bbox 1039 4980 1141 5048; x_wconf 73' lang='grc' dir='ltr'>τὴν</span> <span class='ocrx_word' id='word_1_728' title='bbox 1175 4978 1444 5053; x_wconf 83' lang='grc' dir='ltr'>ἁμαρτίαν</span> <span class='ocrx_word' id='word_1_729' title='bbox 1494 4977 1745 5048; x_wconf 80' lang='grc' dir='ltr'>ἐπαινῶν,</span> <span class='ocrx_word' id='word_1_730' title='bbox 1803 4977 2004 5050; x_wconf 82' lang='grc' dir='ltr'>πολλῷ</span> 
     </span>
    </p>
   </div>
   <div class='ocr_carea' id='block_1_103' title="bbox 345 5068 1112 5146">
    <p class='ocr_par' dir='ltr' id='par_1_103' title="bbox 345 5068 1112 5146">
     <span class='ocr_line' id='line_1_103' title="bbox 345 5068 1112 5146; baseline -0.009 -19"><span class='ocrx_word' id='word_1_731' title='bbox 345 5093 562 5146; x_wconf 82' lang='grc' dir='ltr'>παρανο</span> <span class='ocrx_word' id='word_1_732' title='bbox 572 5074 822 5144; x_wconf 84' lang='grc' dir='ltr'>μώτερος</span> <span class='ocrx_word' id='word_1_733' title='bbox 844 5068 1064 5143; x_wconf 72' lang='grc' dir='ltr'>κέκριται</span> <span class='ocrx_word' id='word_1_734' title='bbox 1078 5091 1112 5126; x_wconf 87' lang='grc' dir='ltr'>ι.</span> 
     </span>
    </p>
   </div>
   <div class='ocr_carea' id='block_1_104' title="bbox 418 5156 2001 5233">
    <p class='ocr_par' dir='ltr' id='par_1_104' title="bbox 418 5156 2001 5233">
     <span class='ocr_line' id='line_1_104' title="bbox 418 5156 2001 5233; baseline -0.005 -16"><span class='ocrx_word' id='word_1_735' title='bbox 418 5163 514 5218; x_wconf 86' lang='grc' dir='ltr'>Διὸ</span> <span class='ocrx_word' id='word_1_736' title='bbox 546 5158 969 5233; x_wconf 75' lang='grc' dir='ltr'>ἀναπολόγητος</span> <span class='ocrx_word' id='word_1_737' title='bbox 1012 5160 1084 5222; x_wconf 73' lang='grc' dir='ltr'>εἴ,</span> <span class='ocrx_word' id='word_1_738' title='bbox 1142 5159 1215 5212; x_wconf 86' lang='grc' dir='ltr'>ὧν</span> <span class='ocrx_word' id='word_1_739' title='bbox 1273 5156 1524 5231; x_wconf 72' lang='grc' dir='ltr'>ἄνθρωπε</span> <span class='ocrx_word' id='word_1_740' title='bbox 1574 5163 1678 5219; x_wconf 83' lang='grc' dir='ltr'>πᾶς</span> <span class='ocrx_word' id='word_1_741' title='bbox 1728 5157 2001 5232; x_wconf 83' lang='grc' dir='ltr'>ὁκρίνων,</span> 
     </span>
    </p>
   </div>
   <div class='ocr_carea' id='block_1_105' title="bbox 339 5244 1999 5323">
    <p class='ocr_par' dir='ltr' id='par_1_105' title="bbox 339 5244 1999 5323">
     <span class='ocr_line' id='line_1_105' title="bbox 339 5244 1999 5323; baseline 0.004 -30"><span class='ocrx_word' id='word_1_742' title='bbox 339 5253 430 5307; x_wconf 75' lang='grc' dir='ltr'>Ἐν</span> <span class='ocrx_word' id='word_1_743' title='bbox 488 5250 536 5319; x_wconf 82' lang='grc' dir='ltr'>ᾧ</span> <span class='ocrx_word' id='word_1_744' title='bbox 588 5250 694 5323; x_wconf 74' lang='grc' dir='ltr'>γὰρ</span> <span class='ocrx_word' id='word_1_745' title='bbox 752 5246 955 5322; x_wconf 85' lang='grc' dir='ltr'>κρίνεις</span> <span class='ocrx_word' id='word_1_746' title='bbox 1011 5247 1102 5301; x_wconf 87' lang='grc' dir='ltr'>τὸν</span> <span class='ocrx_word' id='word_1_747' title='bbox 1168 5244 1347 5321; x_wconf 73' lang='grc' dir='ltr'>ἕτερον</span> <span class='ocrx_word' id='word_1_748' title='bbox 1382 5290 1396 5315; x_wconf 86' lang='grc'>,</span> <span class='ocrx_word' id='word_1_749' title='bbox 1466 5246 1683 5300; x_wconf 85' lang='grc' dir='ltr'>σεαυτὸν</span> <span class='ocrx_word' id='word_1_750' title='bbox 1746 5246 1999 5319; x_wconf 82' lang='grc' dir='ltr'>κατακρί-</span> 
     </span>
    </p>
   </div>
   <div class='ocr_carea' id='block_1_106' title="bbox 570 5333 1997 5411">
    <p class='ocr_par' dir='ltr' id='par_1_106' title="bbox 570 5333 1997 5411">
     <span class='ocr_line' id='line_1_106' title="bbox 570 5333 1997 5411; baseline -0.002 -18"><span class='ocrx_word' id='word_1_751' title='bbox 570 5339 640 5393; x_wconf 62' lang='lat' dir='ltr'>ut</span> <span class='ocrx_word' id='word_1_752' title='bbox 708 5336 809 5411; x_wconf 79' lang='grc' dir='ltr'>γὰρ</span> <span class='ocrx_word' id='word_1_753' title='bbox 886 5335 1021 5390; x_wconf 82' lang='grc' dir='ltr'>αὐτά</span> <span class='ocrx_word' id='word_1_754' title='bbox 1092 5334 1348 5410; x_wconf 81' lang='grc' dir='ltr'>πράσσεις</span> <span class='ocrx_word' id='word_1_755' title='bbox 1400 5336 1427 5389; x_wconf 89' lang='grc' dir='ltr'><strong>ὁ</strong></span> <span class='ocrx_word' id='word_1_756' title='bbox 1484 5335 1702 5407; x_wconf 83' lang='grc' dir='ltr'>κρίνων.</span> <span class='ocrx_word' id='word_1_757' title='bbox 1765 5333 1997 5410; x_wconf 74' lang='grc' dir='ltr'>Οἶ’δαμεν</span> 
     </span>
    </p>
   </div>
   <div class='ocr_carea' id='block_1_107' title="bbox 1516 5423 1994 5494">
    <p class='ocr_par' dir='ltr' id='par_1_107' title="bbox 1516 5423 1994 5494">
     <span class='ocr_line' id='line_1_107' title="bbox 1516 5423 1994 5494; baseline -0.004 -16"><span class='ocrx_word' id='word_1_758' title='bbox 1516 5425 1652 5478; x_wconf 84' lang='grc' dir='ltr'>κατά</span> <span class='ocrx_word' id='word_1_759' title='bbox 1736 5423 1994 5494; x_wconf 70' lang='grc' dir='ltr'>ἀλήθειαν</span> 
     </span>
    </p>
   </div>
   <div class='ocr_carea' id='block_1_108' title="bbox 342 5360 475 5401">
    <p class='ocr_par' dir='ltr' id='par_1_108' title="bbox 342 5360 475 5401">
     <span class='ocr_line' id='line_1_108' title="bbox 342 5360 475 5401; baseline 0.015 -9"><span class='ocrx_word' id='word_1_760' title='bbox 342 5360 475 5401; x_wconf 87' lang='grc' dir='ltr'>νεις·</span> 
     </span>
    </p>
   </div>
   <div class='ocr_carea' id='block_1_109' title="bbox 342 5423 1429 5500">
    <p class='ocr_par' dir='ltr' id='par_1_109' title="bbox 342 5423 1429 5500">
     <span class='ocr_line' id='line_1_109' title="bbox 342 5423 1429 5500; baseline -0.006 -17"><span class='ocrx_word' id='word_1_761' title='bbox 342 5426 401 5483; x_wconf 71' lang='grc' dir='ltr'>δὲ</span> <span class='ocrx_word' id='word_1_762' title='bbox 453 5427 540 5483; x_wconf 79' lang='grc' dir='ltr'>ὅτι</span> <span class='ocrx_word' id='word_1_763' title='bbox 594 5426 658 5480; x_wconf 80' lang='grc' dir='ltr'>τὸ</span> <span class='ocrx_word' id='word_1_764' title='bbox 715 5431 888 5500; x_wconf 83' lang='grc' dir='ltr'>κρῖμα</span> <span class='ocrx_word' id='word_1_765' title='bbox 938 5428 1035 5480; x_wconf 75' lang='grc' dir='ltr'>τοῦ</span> <span class='ocrx_word' id='word_1_766' title='bbox 1108 5428 1242 5478; x_wconf 74' lang='grc' dir='ltr'>Θεοῦ</span> <span class='ocrx_word' id='word_1_767' title='bbox 1318 5423 1429 5479; x_wconf 79' lang='grc' dir='ltr'>ἐστι</span> 
     </span>
    </p>
   </div>
   <div class='ocr_carea' id='block_1_110' title="bbox 342 5510 1997 5587">
    <p class='ocr_par' dir='ltr' id='par_1_110' title="bbox 342 5510 1997 5587">
     <span class='ocr_line' id='line_1_110' title="bbox 342 5510 1997 5587; baseline -0.002 -15"><span class='ocrx_word' id='word_1_768' title='bbox 342 5517 432 5573; x_wconf 70' lang='grc' dir='ltr'>ἰπὶ</span> <span class='ocrx_word' id='word_1_769' title='bbox 518 5514 649 5575; x_wconf 64' lang='grc' dir='ltr'>τοὺς</span> <span class='ocrx_word' id='word_1_770' title='bbox 725 5516 793 5569; x_wconf 75' lang='grc' dir='ltr'>τὰ</span> <span class='ocrx_word' id='word_1_771' title='bbox 873 5517 1099 5569; x_wconf 73' lang='grc' dir='ltr'>τοιαῦτα</span> <span class='ocrx_word' id='word_1_772' title='bbox 1182 5510 1518 5587; x_wconf 64' lang='grc' dir='ltr'>πράσσοντας</span> <span class='ocrx_word' id='word_1_773' title='bbox 1556 5554 1568 5568; x_wconf 94' lang='grc'><strong>.</strong></span> <span class='ocrx_word' id='word_1_774' title='bbox 1651 5512 1853 5587; x_wconf 75' lang='grc' dir='ltr'>Λογίζῃ</span> <span class='ocrx_word' id='word_1_775' title='bbox 1940 5510 1997 5569; x_wconf 75' lang='grc' dir='ltr'>δὲ</span> 
     </span>
    </p>
   </div>
   <div class='ocr_carea' id='block_1_111' title="bbox 340 5601 1995 5679">
    <p class='ocr_par' dir='ltr' id='par_1_111' title="bbox 340 5601 1995 5679">
     <span class='ocr_line' id='line_1_111' title="bbox 340 5601 1995 5679; baseline -0.002 -17"><span class='ocrx_word' id='word_1_776' title='bbox 340 5612 512 5663; x_wconf 68' lang='grc' dir='ltr'>τοῦτο</span> <span class='ocrx_word' id='word_1_777' title='bbox 550 5650 565 5674; x_wconf 95' lang='grc'>,</span> <span class='ocrx_word' id='word_1_778' title='bbox 652 5606 697 5661; x_wconf 83' lang='grc' dir='ltr'>ὦ</span> <span class='ocrx_word' id='word_1_779' title='bbox 752 5603 1004 5679; x_wconf 76' lang='grc' dir='ltr'>ἄνθρωπε</span> <span class='ocrx_word' id='word_1_780' title='bbox 1059 5603 1088 5657; x_wconf 82' lang='grc' dir='ltr'>ὁ</span> <span class='ocrx_word' id='word_1_781' title='bbox 1143 5603 1340 5678; x_wconf 89' lang='grc' dir='ltr'>κρίνων</span> <span class='ocrx_word' id='word_1_782' title='bbox 1418 5601 1545 5663; x_wconf 75' lang='grc' dir='ltr'>τοὺς</span> <span class='ocrx_word' id='word_1_783' title='bbox 1632 5603 1697 5657; x_wconf 75' lang='grc' dir='ltr'>τὰ</span> <span class='ocrx_word' id='word_1_784' title='bbox 1771 5608 1995 5658; x_wconf 80' lang='grc' dir='ltr'>τοιαῦτα</span> 
     </span>
    </p>
   </div>
   <div class='ocr_carea' id='block_1_112' title="bbox 345 5690 1991 5773">
    <p class='ocr_par' dir='ltr' id='par_1_112' title="bbox 345 5690 1991 5773">
     <span class='ocr_line' id='line_1_112' title="bbox 345 5690 1991 5773; baseline -0.002 -21"><span class='ocrx_word' id='word_1_785' title='bbox 345 5696 703 5768; x_wconf 76' lang='grc' dir='ltr'>πράσσοντας,</span> <span class='ocrx_word' id='word_1_786' title='bbox 767 5693 857 5750; x_wconf 81' lang='grc' dir='ltr'>καὶ</span> <span class='ocrx_word' id='word_1_787' title='bbox 941 5696 1115 5748; x_wconf 80' lang='grc' dir='ltr'>ποιῶν</span> <span class='ocrx_word' id='word_1_788' title='bbox 1172 5692 1306 5748; x_wconf 74' lang='grc' dir='ltr'>αὐτὰ</span> <span class='ocrx_word' id='word_1_789' title='bbox 1332 5736 1348 5763; x_wconf 87' lang='grc'>,</span> <span class='ocrx_word' id='word_1_790' title='bbox 1404 5690 1487 5746; x_wconf 83' lang='grc' dir='ltr'>ὅτι</span> <span class='ocrx_word' id='word_1_791' title='bbox 1540 5691 1601 5747; x_wconf 67' lang='grc' dir='ltr'>σὺ</span> <span class='ocrx_word' id='word_1_792' title='bbox 1650 5690 1876 5773; x_wconf 67' lang='grc' dir='ltr'>ἐκφεύξῃ</span> <span class='ocrx_word' id='word_1_793' title='bbox 1929 5695 1991 5749; x_wconf 86' lang='grc' dir='ltr'>τὸ</span> 
     </span>
    </p>
   </div>
   <div class='ocr_carea' id='block_1_113' title="bbox 346 5784 858 5864">
    <p class='ocr_par' dir='ltr' id='par_1_113' title="bbox 346 5784 858 5864">
     <span class='ocr_line' id='line_1_113' title="bbox 346 5784 858 5864; baseline -0.004 -23"><span class='ocrx_word' id='word_1_794' title='bbox 346 5790 518 5864; x_wconf 77' lang='grc' dir='ltr'>κρῖμα</span> <span class='ocrx_word' id='word_1_795' title='bbox 545 5788 640 5845; x_wconf 74' lang='grc' dir='ltr'>τοῦ</span> <span class='ocrx_word' id='word_1_796' title='bbox 670 5784 809 5846; x_wconf 73' lang='grc' dir='ltr'>οαοῦ</span> <span class='ocrx_word' id='word_1_797' title='bbox 839 5798 858 5856; x_wconf 68' lang='grc' dir='ltr'>ε</span> 
     </span>
    </p>
   </div>
   <div class='ocr_carea' id='block_1_114' title="bbox 2116 4978 3759 5051">
    <p class='ocr_par' dir='ltr' id='par_1_114' title="bbox 2116 4978 3759 5051">
     <span class='ocr_line' id='line_1_114' title="bbox 2116 4978 3759 5051; baseline -0.002 -16"><span class='ocrx_word' id='word_1_798' title='bbox 2116 4981 2320 5037; x_wconf 87' lang='lat' dir='ltr'>laudat</span> <span class='ocrx_word' id='word_1_799' title='bbox 2351 4981 2519 5051; x_wconf 83' lang='lat' dir='ltr'>longe</span> <span class='ocrx_word' id='word_1_800' title='bbox 2569 4978 2831 5049; x_wconf 89' lang='lat' dir='ltr'>iniquior</span> <span class='ocrx_word' id='word_1_801' title='bbox 2885 4978 3187 5048; x_wconf 76' lang='lat' dir='ltr'>judicatus</span> <span class='ocrx_word' id='word_1_802' title='bbox 3218 4985 3308 5034; x_wconf 90' lang='lat' dir='ltr'>est</span> <span class='ocrx_word' id='word_1_803' title='bbox 3337 4995 3403 5032; x_wconf 90' lang='lat' dir='ltr'>eo</span> <span class='ocrx_word' id='word_1_804' title='bbox 3435 4980 3535 5049; x_wconf 89' lang='lat' dir='ltr'>qui</span> <span class='ocrx_word' id='word_1_805' title='bbox 3567 4979 3759 5033; x_wconf 88' lang='lat' dir='ltr'>delin-</span> 
     </span>
    </p>
   </div>
   <div class='ocr_carea' id='block_1_115' title="bbox 2115 5072 2262 5142">
    <p class='ocr_par' dir='ltr' id='par_1_115' title="bbox 2115 5072 2262 5142">
     <span class='ocr_line' id='line_1_115' title="bbox 2115 5072 2262 5142; baseline -0.014 -16"><span class='ocrx_word' id='word_1_806' title='bbox 2115 5072 2262 5142; x_wconf 89' lang='lat' dir='ltr'>quit.</span> 
     </span>
    </p>
   </div>
   <div class='ocr_carea' id='block_1_116' title="bbox 2182 5157 3759 5228">
    <p class='ocr_par' dir='ltr' id='par_1_116' title="bbox 2182 5157 3759 5228">
     <span class='ocr_line' id='line_1_116' title="bbox 2182 5157 3759 5228; baseline -0.002 -14"><span class='ocrx_word' id='word_1_807' title='bbox 2182 5162 2253 5228; x_wconf 89' lang='grc' dir='ltr'>ΙΙ,</span> <span class='ocrx_word' id='word_1_808' title='bbox 2289 5161 2403 5214; x_wconf 84' lang='grc'>1-3.</span> <span class='ocrx_word' id='word_1_809' title='bbox 2438 5161 2787 5228; x_wconf 81' lang='lat' dir='ltr'>Quapropter</span> <span class='ocrx_word' id='word_1_810' title='bbox 2819 5160 3205 5213; x_wconf 66' lang='lat' dir='ltr'>inexcusabilis</span> <span class='ocrx_word' id='word_1_811' title='bbox 3237 5176 3309 5223; x_wconf 69' lang='grc' dir='ltr'>εδ,</span> <span class='ocrx_word' id='word_1_812' title='bbox 3344 5174 3374 5211; x_wconf 92' lang='lat' dir='ltr'>o</span> <span class='ocrx_word' id='word_1_813' title='bbox 3405 5157 3561 5210; x_wconf 86' lang='lat' dir='ltr'>homo</span> <span class='ocrx_word' id='word_1_814' title='bbox 3587 5158 3759 5211; x_wconf 80' lang='lat' dir='ltr'>omnis</span> 
     </span>
    </p>
   </div>
   <div class='ocr_carea' id='block_1_117' title="bbox 2110 5242 3761 5318">
    <p class='ocr_par' dir='ltr' id='par_1_117' title="bbox 2110 5242 3761 5318">
     <span class='ocr_line' id='line_1_117' title="bbox 2110 5242 3761 5318; baseline -0.002 -18"><span class='ocrx_word' id='word_1_815' title='bbox 2110 5250 2207 5318; x_wconf 85' lang='lat' dir='ltr'>qui</span> <span class='ocrx_word' id='word_1_816' title='bbox 2225 5246 2467 5317; x_wconf 79' lang='lat' dir='ltr'>judicas.</span> <span class='ocrx_word' id='word_1_817' title='bbox 2509 5247 2647 5300; x_wconf 83' lang='lat' dir='ltr'>Nam</span> <span class='ocrx_word' id='word_1_818' title='bbox 2676 5246 2773 5300; x_wconf 86' lang='lat' dir='ltr'>hoc</span> <span class='ocrx_word' id='word_1_819' title='bbox 2807 5248 2923 5316; x_wconf 82' lang='lat' dir='ltr'>ipso</span> <span class='ocrx_word' id='word_1_820' title='bbox 2954 5248 3102 5315; x_wconf 77' lang='lat' dir='ltr'>quod</span> <span class='ocrx_word' id='word_1_821' title='bbox 3145 5245 3377 5298; x_wconf 79' lang='lat' dir='ltr'>alterum</span> <span class='ocrx_word' id='word_1_822' title='bbox 3401 5242 3644 5311; x_wconf 83' lang='lat' dir='ltr'>judicas,</span> <span class='ocrx_word' id='word_1_823' title='bbox 3680 5250 3761 5296; x_wconf 81' lang='lat' dir='ltr'>te—</span> 
     </span>
    </p>
   </div>
   <div class='ocr_carea' id='block_1_118' title="bbox 2110 5331 3760 5405">
    <p class='ocr_par' dir='ltr' id='par_1_118' title="bbox 2110 5331 3760 5405">
     <span class='ocr_line' id='line_1_118' title="bbox 2110 5331 3760 5405; baseline -0.002 -16"><span class='ocrx_word' id='word_1_824' title='bbox 2110 5340 2286 5405; x_wconf 69' lang='lat' dir='ltr'>ipsum</span> <span class='ocrx_word' id='word_1_825' title='bbox 2318 5335 2643 5389; x_wconf 87' lang='lat' dir='ltr'>condemnas</span> <span class='ocrx_word' id='word_1_826' title='bbox 2678 5352 2688 5388; x_wconf 92' lang='lat'><strong>:</strong></span> <span class='ocrx_word' id='word_1_827' title='bbox 2726 5337 2911 5389; x_wconf 61' lang='lat' dir='ltr'>eadem</span> <span class='ocrx_word' id='word_1_828' title='bbox 2949 5337 3091 5389; x_wconf 80' lang='lat' dir='ltr'>enim</span> <span class='ocrx_word' id='word_1_829' title='bbox 3116 5339 3418 5401; x_wconf 68' lang='lat' dir='ltr'>perpetras</span> <span class='ocrx_word' id='word_1_830' title='bbox 3450 5338 3507 5384; x_wconf 80' lang='lat' dir='ltr'>tu</span> <span class='ocrx_word' id='word_1_831' title='bbox 3539 5331 3634 5401; x_wconf 84' lang='lat' dir='ltr'>qui</span> <span class='ocrx_word' id='word_1_832' title='bbox 3656 5332 3760 5400; x_wconf 82' lang='lat' dir='ltr'>ju-</span> 
     </span>
    </p>
   </div>
   <div class='ocr_carea' id='block_1_119' title="bbox 2108 5422 3757 5494">
    <p class='ocr_par' dir='ltr' id='par_1_119' title="bbox 2108 5422 3757 5494">
     <span class='ocr_line' id='line_1_119' title="bbox 2108 5422 3757 5494; baseline -0.002 -15"><span class='ocrx_word' id='word_1_833' title='bbox 2108 5427 2275 5480; x_wconf 78' lang='lat' dir='ltr'>dicas.</span> <span class='ocrx_word' id='word_1_834' title='bbox 2312 5426 2523 5479; x_wconf 78' lang='lat' dir='ltr'>Scimus</span> <span class='ocrx_word' id='word_1_835' title='bbox 2558 5423 2705 5478; x_wconf 85' lang='lat' dir='ltr'>enim</span> <span class='ocrx_word' id='word_1_836' title='bbox 2749 5425 2897 5493; x_wconf 83' lang='lat' dir='ltr'>quod</span> <span class='ocrx_word' id='word_1_837' title='bbox 2919 5424 3199 5494; x_wconf 80' lang='lat' dir='ltr'>judicium</span> <span class='ocrx_word' id='word_1_838' title='bbox 3234 5423 3330 5474; x_wconf 88' lang='lat' dir='ltr'>Dei</span> <span class='ocrx_word' id='word_1_839' title='bbox 3358 5428 3433 5474; x_wconf 86' lang='lat' dir='ltr'>est</span> <span class='ocrx_word' id='word_1_840' title='bbox 3464 5422 3757 5476; x_wconf 84' lang='lat' dir='ltr'>secundum</span> 
     </span>
    </p>
   </div>
   <div class='ocr_carea' id='block_1_120' title="bbox 2106 5513 3755 5583">
    <p class='ocr_par' dir='ltr' id='par_1_120' title="bbox 2106 5513 3755 5583">
     <span class='ocr_line' id='line_1_120' title="bbox 2106 5513 3755 5583; baseline -0.002 -12"><span class='ocrx_word' id='word_1_841' title='bbox 2106 5517 2393 5571; x_wconf 74' lang='lat' dir='ltr'>veritatem</span> <span class='ocrx_word' id='word_1_842' title='bbox 2420 5518 2474 5568; x_wconf 82' lang='lat' dir='ltr'>in</span> <span class='ocrx_word' id='word_1_843' title='bbox 2496 5530 2581 5569; x_wconf 82' lang='lat' dir='ltr'>eos</span> <span class='ocrx_word' id='word_1_844' title='bbox 2608 5516 2703 5583; x_wconf 85' lang='lat' dir='ltr'>qui</span> <span class='ocrx_word' id='word_1_845' title='bbox 2731 5513 2869 5567; x_wconf 80' lang='lat' dir='ltr'>talia</span> <span class='ocrx_word' id='word_1_846' title='bbox 2892 5519 3086 5582; x_wconf 77' lang='lat' dir='ltr'>agunt.</span> <span class='ocrx_word' id='word_1_847' title='bbox 3109 5514 3407 5567; x_wconf 66' lang='lat' dir='ltr'>Ewistinws</span> <span class='ocrx_word' id='word_1_848' title='bbox 3426 5520 3605 5567; x_wconf 82' lang='lat' dir='ltr'>autem</span> <span class='ocrx_word' id='word_1_849' title='bbox 3635 5513 3755 5575; x_wconf 84' lang='lat' dir='ltr'>hoc,</span> 
     </span>
    </p>
   </div>
   <div class='ocr_carea' id='block_1_121' title="bbox 2104 5602 3756 5675">
    <p class='ocr_par' dir='ltr' id='par_1_121' title="bbox 2104 5602 3756 5675">
     <span class='ocr_line' id='line_1_121' title="bbox 2104 5602 3756 5675; baseline -0.003 -14"><span class='ocrx_word' id='word_1_850' title='bbox 2104 5624 2134 5661; x_wconf 92' lang='lat'><em>0</em></span> <span class='ocrx_word' id='word_1_851' title='bbox 2165 5606 2321 5660; x_wconf 86' lang='lat' dir='ltr'>homo</span> <span class='ocrx_word' id='word_1_852' title='bbox 2353 5607 2451 5675; x_wconf 87' lang='lat' dir='ltr'>qui</span> <span class='ocrx_word' id='word_1_853' title='bbox 2474 5603 2697 5673; x_wconf 80' lang='lat' dir='ltr'>judicas</span> <span class='ocrx_word' id='word_1_854' title='bbox 2727 5619 2811 5657; x_wconf 86' lang='lat' dir='ltr'>eos</span> <span class='ocrx_word' id='word_1_855' title='bbox 2833 5602 2930 5674; x_wconf 85' lang='lat' dir='ltr'>qui</span> <span class='ocrx_word' id='word_1_856' title='bbox 2962 5603 3097 5657; x_wconf 83' lang='lat' dir='ltr'>talia</span> <span class='ocrx_word' id='word_1_857' title='bbox 3136 5609 3484 5672; x_wconf 60' lang='grc' dir='ltr'>μοῖραι-αλιι,</span> <span class='ocrx_word' id='word_1_858' title='bbox 3537 5609 3586 5657; x_wconf 76' lang='lat' dir='ltr'>ct</span> <span class='ocrx_word' id='word_1_859' title='bbox 3615 5605 3756 5670; x_wconf 83' lang='lat' dir='ltr'>facis</span> 
     </span>
    </p>
   </div>
   <div class='ocr_carea' id='block_1_122' title="bbox 2103 5694 3191 5769">
    <p class='ocr_par' dir='ltr' id='par_1_122' title="bbox 2103 5694 3191 5769">
     <span class='ocr_line' id='line_1_122' title="bbox 2103 5694 3191 5769; baseline -0.001 -17"><span class='ocrx_word' id='word_1_860' title='bbox 2103 5713 2189 5768; x_wconf 89' lang='lat' dir='ltr'>ea,</span> <span class='ocrx_word' id='word_1_861' title='bbox 2222 5696 2373 5769; x_wconf 86' lang='lat' dir='ltr'>quod</span> <span class='ocrx_word' id='word_1_862' title='bbox 2396 5702 2453 5751; x_wconf 79' lang='lat' dir='ltr'>tu</span> <span class='ocrx_word' id='word_1_863' title='bbox 2484 5697 2711 5767; x_wconf 75' lang='lat' dir='ltr'>effugies</span> <span class='ocrx_word' id='word_1_864' title='bbox 2733 5694 3013 5764; x_wconf 76' lang='lat' dir='ltr'>judicium</span> <span class='ocrx_word' id='word_1_865' title='bbox 3045 5695 3191 5751; x_wconf 80' lang='lat' dir='ltr'>Dei?</span> 
     </span>
    </p>
   </div>
  </div>
