4112 6250
365 349 478 411 351

1485 358 1727 421 (ΕΟοΜ
1741 358 1897 419 ENIl
1939 355 2247 420 TBIGCzE
2291 351 2649 416 EPISCOPI

3656 355 3772 416 352

398 510 401 513 λ
439 485 687 541 Noverat
707 484 839 542 urbi
860 487 1245 547 commissum
1264 508 1393 549 esse
1409 492 1569 555 orbis
1590 493 2010 566 principatum:

2199 488 2355 560 ’ᾘδει
2401 491 2470 562 τῇ
2551 485 2711 545 πόλει
2768 486 3200 566 ἑγχειρισθεῖααν
3251 490 3348 542 τοῦ
3404 485 3614 563 κόσμου
3672 489 3774 559 τὴν

363 576 612 647 posthac
644 577 824 649 igitur
853 595 1189 639 sermonem
1211 584 1285 640 ad
1316 586 1617 657 principes
1636 584 1854 658 dirigit,
1886 591 2014 659 pot-

367 670 458 722 est
482 671 679 722 tamen
712 668 870 725 idem
901 672 1145 743 privatis
1203 692 1440 746 quoque
1494 676 1832 732 convenire.
1867 677 2019 733 Dicit

368 761 567 811 autem
600 760 1092 831 transgressionis
1121 765 1617 836 magnitudinem.
1657 767 1727 821 Et
1755 767 1889 838 ipsi,
1922 766 2019 821 in-

368 848 515 920 quit,
549 851 970 922 perpetrabant
995 854 1200 926 iniqua
1223 862 1282 911 et
1300 857 1479 912 simul
1501 874 1636 913 cum
1668 862 2017 929 perpetran-

367 936 527 992 tibus
553 939 891 996 currebant.
929 942 1032 997 Ubi
1053 944 1213 999 enim
1240 945 1538 1018 quispiam
1569 946 1642 1002 ab
1673 945 1788 1002 alio
1819 960 2014 1001 corre-

363 1033 501 1100 ptus
518 1028 591 1083 ad
597 1029 892 1100 judicium
908 1032 1244 1103 duceretur,
1261 1035 1375 1108 ipsi
1398 1036 1703 1101 sedebant,
1724 1036 2014 1106 illumque

363 1118 885 1188 condemnabant;
912 1139 1043 1177 cum
1074 1124 1187 1196 ipsi
1211 1126 1465 1196 aaqualia
1482 1130 1927 1198 perpetrassent
1956 1128 2015 1180 et

361 1223 494 1262 cum
529 1225 596 1263 eo
619 1208 693 1264 ad
737 1212 1200 1282 perpetrandum
1249 1216 1693 1271 concurrissent
1725 1232 1738 1270 :
1772 1215 1926 1272 220
1956 1218 2016 1269 et

362 1302 561 1353 tamen
606 1299 1087 1358 condemnabant
1151 1304 1239 1359 Ita
1266 1310 1556 1361 noverant
1584 1305 1741 1376 quod
1799 1320 2010 1377 pecca-

361 1392 518 1451 rent,
549 1404 796 1460 seseque
829 1391 1015 1447 multo
1048 1394 1236 1465 magis
1265 1394 1754 1450 condemnarent.
1799 1415 1821 1445 ι
1856 1395 2010 1449 Nam

362 1475 472 1531 hoc
506 1477 632 1548 iqso
661 1479 819 1549 quod
848 1480 1102 1537 alterum
1125 1482 1382 1553 judicas.
1418 1506 1446 1535 »
1478 1485 1587 1550 Qui
1635 1484 1797 1541 enim
1856 1483 2010 1540 male

359 1565 495 1637 agit.
531 1572 589 1621 et
618 1572 815 1624 tamen
877 1571 1101 1627 similia
1157 1579 1570 1646 perpetrantes
1629 1574 2007 1643 condemnat,

356 1654 641 1711 adversus
673 1658 936 1729 seipsum
967 1659 1082 1715 fert
1111 1661 1692 1718 condemnationem.
1726 1686 1753 1713 ‹‹
1781 1662 2009 1719 Scimus

358 1744 514 1799 enim
542 1745 700 1817 quod
723 1746 1024 1816 judicium
1046 1750 1148 1805 Dei
1170 1756 1260 1806 est
1276 1750 1603 1807 secundum
1628 1752 1957 1807 veritatem.
1978 1771 2007 1801 »

357 1833 659 1904 Siquidem
692 1836 788 1891 hic
819 1854 941 1893 non
999 1838 1329 1895 secundum
1359 1841 1664 1896 veritatem
1699 1845 1789 1897 est
1838 1839 2007 1912 judi:

355 1922 533 1993 cium,
569 1940 707 1980 nam
738 1930 796 1981 et
827 1926 1001 1981 multi
1065 1931 1152 1984 rei
1208 1930 1596 1986 absolvuntur
1652 1936 1710 1987 et
1737 1930 2006 1987 insontes

353 2012 870 2081 condemnantur;
903 2015 963 2071 in
995 2015 1190 2073 futuro
1249 2026 1447 2074 autem
1497 2020 1827 2075 secundum
1856 2020 2003 2075 veri-

355 2106 536 2156 tatem
570 2102 701 2157 erit.
731 2104 853 2159 Imo
887 2110 946 2160 et
976 2106 1070 2161 hic
1102 2108 1202 2162 Dei
1237 2108 1533 2179 judicium
1588 2126 1781 2182 neque
1812 2110 2000 2181 injus-

357 2192 546 2248 titiam
579 2193 851 2263 absolvit,
884 2198 1320 2269 nequejustum
1340 2200 1721 2265 condemnat,
1753 2217 1888 2256 cum
1911 2201 2007 2256 hic

360 2281 434 2337 ad
458 2281 752 2351 judicium
789 2285 850 2339 in
882 2287 1171 2357 quosdam
1205 2289 1597 2345 descenderit.
1632 2311 1661 2341 «
1693 2290 2007 2346 Existimas

359 2375 555 2425 autem
592 2372 724 2436 hoc,
759 2389 793 2427 ο
823 2374 1021 2430 homo.
1052 2398 1081 2425 »
1115 2377 1277 2432 Multi
1329 2395 1587 2450 namque
1618 2378 2005 2437 arbitrantur.

356 2460 477 2513 Etsi
511 2476 636 2532 ego,
662 2461 963 2532 inquiunt,
996 2481 1197 2536 pecco,
1229 2482 1362 2522 cum
1394 2467 1543 2523 alios
1583 2484 1828 2539 peccare
1872 2484 2004 2539 pro-

360 2547 620 2616 hibeam,
645 2553 980 2609 mercedem
1012 2571 1081 2610 ex
1111 2556 1222 2613 hoc
1245 2558 1455 2614 habeo.
1486 2560 1702 2615 Verum
1733 2558 1884 2615 illud
1903 2575 2008 2614 au-

359 2636 484 2692 diet
512 2655 526 2692 :
556 2662 576 2689 ι
615 2641 857 2710 Medice,
889 2660 1032 2700 cura
1078 2645 1335 2715 teipsum
1364 2648 1405 2702 ⁸.
1441 2668 1462 2697 ι
1524 2648 1791 2703 Primum
1848 2646 2009 2703 enim

362 2727 918 2789 condemnationem
950 2732 1013 2787 in
1045 2735 1301 2805 teipsum
1334 2736 1640 2791 induxisti.

432 2817 501 2881 II,
535 2820 654 2872 4-6.
682 2841 712 2868 ‹‹
746 2821 863 2877 Aut
899 2820 1133 2878 divitias
1170 2823 1557 2897 benignitatis
1615 2824 1778 2880 illius
1836 2829 1895 2879 et
1920 2828 2007 2879 to-

369 2931 390 2958 ι
426 2907 694 2964 lerantize
726 2927 793 2966 ac
824 2911 1293 2986 longanimitatis
1313 2917 1649 2972 contemnis
1670 2917 1698 2972 ‘l
1724 2917 2009 2983 Ignorans

360 3021 387 3048 (ι
422 2998 583 3070 quod
619 2999 830 3057 lenitas
855 3002 959 3058 Dei
989 3003 1061 3059 ad
1095 3005 1503 3076 paenitentiam
1537 3010 1592 3061 te
1617 3005 1826 3061 invitet
1852 3005 1880 3061 ‘l
1908 3005 2006 3061 Se-

364 3109 391 3136 u
416 3089 675 3145 cundum
710 3096 866 3147 tuam
900 3098 1098 3149 autem
1148 3094 1452 3154 duritiam.
1486 3101 1544 3151 et
1572 3113 1675 3152 cor
1720 3096 2008 3168 pcenitere

361 3200 388 3229 α
421 3179 717 3245 nesciens,
750 3182 1026 3238 recondis
1057 3184 1163 3240 tibi
1219 3185 1331 3256 ipsi
1389 3187 1539 3241 iram
1589 3187 1652 3242 in
1684 3186 1779 3241 die
1809 3186 1911 3241 iraa
1943 3191 2002 3242 et

362 3288 389 3319 κ
419 3269 798 3326 revelationis
830 3277 888 3327 et
917 3273 1063 3343 justi
1089 3245 1303 3345 judicii
1336 3276 1459 3344 Dei,
1493 3277 1594 3348 qui
1623 3276 1832 3332 reddet
1860 3276 1998 3331 uni-
2029 3245 2073 3312 C

358 3379 386 3408 ‹‹
420 3357 634 3428 cuique
657 3359 831 3429 juxta
860 3377 1039 3434 Opera
1066 3380 1191 3419 sua.
1230 3386 1258 3414 »

432 3536 813 3608 Longanimis
852 3538 1092 3610 quidem
1126 3544 1234 3606 est,
1269 3546 1531 3598 attamen
1562 3542 1682 3599 nisi
1713 3548 2010 3600 converta-

360 3642 515 3691 mur,
543 3642 745 3681 ensem
770 3644 943 3684 suum
966 3629 1235 3685 vibrabit.
1259 3652 1287 3682 «
1312 3632 1597 3705 Ignorans
1616 3633 1775 3704 quod
1793 3632 2011 3691 lenitas

364 3716 488 3772 Dei.
525 3740 550 3765 »ι
613 3718 897 3788 Proptera
954 3718 1107 3774 lenis
1160 3725 1269 3786 est,
1338 3738 1459 3776 non
1516 3728 1583 3776 ut
1637 3721 1883 3779 lenitate
1934 3721 2009 3778 ad

362 3806 605 3878 majoris
619 3806 749 3862 dem
760 3809 933 3865 entia;
947 3810 1319 3866 occasionem
1340 3811 1540 3875 utaris,
1556 3811 1661 3866 sed
1678 3813 2011 3885 utspatium

361 3898 723 3971 pmnitentiae
747 3900 1024 3972 accipias;
1044 3901 1245 3972 itaque
1262 3918 1645 3972 perseverans
1665 3903 1726 3958 in
1757 3904 2011 3975 pravita-

364 3993 420 4047 te
442 3989 929 4060 deprehenderis.
968 4010 990 4038 ι
1024 3991 1360 4047 Secundum
1392 3998 1554 4048 tuam
1603 4000 1802 4049 autem
1847 3993 2011 4049 duri-

361 4078 531 4134 tiam.
565 4100 593 4127 »
627 4079 770 4134 Cum
822 4081 981 4135 enim
1041 4082 1337 4154 quispiam
1396 4098 1591 4154 neque
1645 4083 2011 4156 benignitate

364 4167 621 4224 emolliri
653 4173 869 4240 potest,
898 4186 1092 4241 neque
1125 4171 1271 4227 iram
1306 4166 1495 4229 timet.
1529 4172 1674 4243 quid
1705 4189 1774 4229 eo
1804 4172 2013 4228 durius

364 4273 497 4313 esse
526 4264 696 4330 potes
719 4258 747 4313 ?
778 4282 805 4309 ι‹
841 4260 1153 4315 Recondis.
1192 4283 1221 4311 »
1266 4261 1571 4333 Signiﬁcat
1599 4261 1757 4332 quod
1805 4263 2011 4318 certis-

362 4348 512 4403 simo
545 4348 892 4416 servabitur,
928 4356 987 4405 et
1016 4350 1174 4421 quod
1199 4355 1259 4405 tu
1286 4350 1387 4405 tibi
1423 4367 1601 4406 causa
1631 4351 1712 4406 sis
1739 4369 1752 4408 :
1775 4368 1916 4406 nam
1949 4357 2013 4406 tu

360 4437 468 4491 tibi
501 4439 742 4510 reponis
763 4455 832 4494 ac
852 4439 1147 4495 recondis.
1179 4462 1198 4487 ι
1236 4441 1305 4493 Et
1322 4440 1719 4496 revelationis.
1748 4462 1773 4490 υ
1808 4442 1887 4495 Νθ
1912 4442 2011 4496 Dei

361 4526 511 4582 iram
543 4527 794 4583 audiens
825 4529 1102 4584 affectum
1149 4528 1476 4595 arbitreris,
1539 4527 1804 4584 subdidit
1835 4545 1847 4584 :
1897 4553 1923 4577 σι
1949 4530 2015 4585 Et

2122 580 2441 655 ἠγεμονίαν.
2474 579 2578 636 Καὶ
2610 576 2803 633 λοιπὸν
2848 577 2984 651 πρὸς
3033 575 3164 639 τοὺς
3221 575 3493 652 ἄρχοντας
3548 576 3778 633 ἀποτείο

2121 690 2288 727 νεται.
2321 670 2382 726 Ὁ
2415 665 2472 724 δὲ
2501 668 2661 730 αὐτὸς
2692 667 2783 723 καὶ
2812 667 2949 741 πρὸς
3007 662 3228 726 ἰδιώτας
3287 667 3515 742 ἁρμόζει
3574 666 3775 741 λόγος.

2125 758 2338 833 [ΦΩΤ.]
2366 753 2706 832 Ὑπερὸολὴν
2735 753 2792 811 δὲ
2821 755 3169 831 παρανομίας
3217 755 3386 833 λέγει.
3440 756 3539 810 Καὶ
3571 750 3783 830 ἔπρατ-

2119 872 2237 923 τον,
2270 850 2456 927 φησὶν,
2492 849 2645 905 αὐτοὶ
2688 849 2756 904 τὰ
2783 868 3093 922 παρανομα,
3151 849 3242 903 καὶ
3299 849 3624 926 συνέτρεχον
3656 852 3780 910 τοῖς

2122 939 2443 1017 πράττουσι,
2478 940 2574 995 Καὶ
2606 936 2794 1009 ἐπειδὴ
2842 936 2900 993 ἄν
2960 960 3045 1002 τις
3094 936 3260 1001 ἁλοὺς
3318 937 3420 992 ὑπό
3478 959 3623 999 τινος
3683 937 3780 993 ἐπὶ

2121 1032 2297 1108 κρίσιν
2330 1028 2521 1109 ἤγετο,
2557 1029 2711 1087 αὐτοὶ
2768 1029 3080 1098 ἐκαθέζοντο
3134 1029 3225 1087 καὶ
3282 1029 3595 1103 κατέκρινον
3629 1026 3777 1085 ἐκεῖ·

2119 1143 2231 1191 νον,
2266 1119 2330 1176 οὗ
2362 1123 2429 1175 τὰ
2459 1118 2547 1176 ἴσα
2586 1117 2740 1175 αὐτοὶ
2799 1117 3077 1194 ἔπραττον.
3141 1119 3243 1175 Καὶ
3292 1119 3338 1190 ᾧ
3369 1118 3445 1179 εἷς
3502 1119 3565 1172 τὸ
3596 1118 3779 1191 πράτ-

2119 1234 2229 1269 τειν
2259 1209 2723 1285 συνέτρεχον,καὶ
2765 1208 2918 1282 ὅμως
2977 1210 3313 1282 κατέκρινον.
3373 1205 3563 1267 Οὕτως
3616 1202 3779 1279 ᾔδει-

2119 1323 2213 1357 σαν
2247 1303 2332 1357 δτι
2364 1299 2782 1375 ἁμαρτάνουσιν,
2831 1296 2972 1353 ὥστε
3008 1294 3208 1369 πολλῷ
3270 1293 3485 1368 μᾶλλον
3542 1296 3776 1356 ἑαυτοὺς

2118 1391 2560 1467 προκατεκρινον.
2612 1412 2638 1441 α
2697 1389 2785 1444 Ἐν
2845 1387 2891 1460 ᾦ
2948 1388 3053 1462 γὰρ
3108 1385 3309 1460 κρίνεις
3356 1384 3449 1439 τὸν
3496 1380 3705 1456 ἕτερον.
3748 1407 3775 1434 ››

2117 1480 2178 1536 Ὁ
2236 1479 2340 1556 γὰρ
2389 1479 2457 1534 τὰ
2500 1476 2641 1532 κακᾶ
2694 1473 2975 1552 πράσσων,
3034 1472 3369 1549 κατακρίνων
3424 1468 3482 1526 δὲ
3540 1471 3671 1533 τοὺς
3702 1473 3777 1526 τὰ

2118 1567 2286 1641 ὅμοια
2332 1566 2693 1642 πράσσοντας,
2753 1566 2868 1620 καθ’
2931 1566 3123 1619 ἑαυτοῦ
3178 1563 3401 1637 πρώτου
3448 1562 3549 1630 τήν
3603 1561 3780 1616 ακτὰ-

2117 1678 2292 1732 κρισιν
2324 1656 2492 1737 φέρει.
2527 1681 2555 1709 ι(
2589 1652 2827 1729 Οἴδαμεν
2887 1652 2964 1727 8‘s,
3024 1652 3107 1708 ὅτι
3163 1652 3226 1707 τὸ
3277 1658 3449 1728 κρῖμα
3503 1656 3601 1705 τοῦ
3635 1654 3777 1705 Θεοῦ

2116 1747 2229 1805 ἐστι
2260 1747 2395 1803 κατὰ
2422 1745 2710 1817 ἀλήθειαν.
2752 1769 2779 1799 ιε
2817 1741 2942 1800 Ὧδε
2991 1744 3085 1818 μὶν
3147 1743 3251 1821 γὰρ
3310 1742 3371 1796 οὐ
3428 1742 3568 1796 κατὰ
3624 1738 3774 1810 ἀλή-

2117 1839 2261 1895 θειάν
2295 1837 2405 1895 ἐστι
2436 1838 2499 1893 τὸ
2529 1840 2719 1911 κρῖμα·
2763 1832 2966 1891 πολλοὶ
2998 1833 3101 1907 γὰρ
3151 1831 3241 1886 καὶ
3298 1826 3487 1911 ἔνοχοι
3547 1827 3772 1906 διαφεύ-

2114 1949 2319 2005 γουσι,
2377 1927 2467 1983 καὶ
2525 1928 2701 1982 ἆθῶοι
2784 1922 3200 1999 κατακρίνονται
3236 1966 3247 1979 .
3280 1923 3455 1994 ξἚκεῖ
3517 1917 3575 1975 δὲ
3634 1918 3770 1973 κατὰ

2115 2016 2375 2086 ἀλήθειάν
2425 2014 2534 2070 ἐστι
2571 2058 2584 2073 .
2647 2012 2750 2071 Καὶ
2809 2009 2915 2067 ὧδε
2970 2011 3031 2067 τὸ
3080 2016 3177 2066 τοῦ
3230 2013 3363 2066 Θεοῦ
3414 2014 3590 2083 κρῖμα
3647 2006 3764 2060 οὔτε

2113 2102 2301 2161 ἄδικον
2332 2103 2523 2172 ἀθωοϊ,
2559 2102 2681 2159 οὕτε
2730 2099 2935 2157 δίκαιον
2992 2100 3317 2173 κατακρίνει,
3377 2097 3505 2152 ὅταν
3538 2096 3616 2157 εἰς
3650 2094 3769 2168 κρί-

2116 2216 2197 2251 σιν
2228 2195 2315 2249 καὶ
2351 2192 2574 2257 ἐνταῦθα
2622 2195 2860 2265 καταστῇ
2918 2210 3077 2246 τισιν.
3139 2212 3166 2239 (ι
3198 2186 3400 2263 Λογίζῃ
3461 2183 3517 2241 δὲ
3574 2190 3772 2253 τοῦτο,

2115 2282 2458 2359 ὧᾶνθρωπε.
2496 2306 2522 2332 ››
2584 2280 2792 2337 Πολλοὶ
2847 2280 2946 2353 γὰρ
3015 2281 3296 2354 ἡγοῦνται,
3330 2276 3413 2331 ὅτε
3466 2274 3569 2329 Κᾶν
3631 2273 3767 2351 ἐγὼ,

2116 2374 2303 2452 φησὶν,
2364 2372 2680 2445 ἁμαρτάνω,
2758 2368 2965 2431 ἄλλους
3026 2365 3082 2422 δὲ
3137 2365 3339 2420 κωλύω
3416 2365 3769 2439 ἁμαρτάνειν,

2120 2462 2312 2538 μισθὸν
2344 2460 2405 2518 ἐκ
2432 2459 2627 2518 τούτου
2657 2455 2795 2540 ἔχω.
2856 2456 3012 2517 Ἀλλ’
3056 2455 3343 2513 ἀκούσεται
3371 2455 3457 2524 τό,
3503 2478 3530 2505 ‹‹
3567 2453 3761 2540 Ἰατρὲ,

2117 2554 2440 2626 θεράπευσον
2473 2539 2721 2607 σεαυτόν,
2750 2573 2778 2601 ››
2812 2551 2921 2619 Τὴν
2971 2548 3074 2623 γὰρ
3126 2543 3443 2615 καταδίκην,
3492 2542 3640 2620 φησὶ,
3692 2539 3759 2595 σὺ

2118 2641 2299 2714 σαότῷ
2324 2641 2599 2716 ἐπήγαγες
2631 2644 2870 2715 πρῶτον.

2187 2824 2262 2880 Ἦ
2315 2826 2413 2877 τοῦ
2495 2820 2741 2879 πλούτου
2823 2826 2925 2889 τῆς
3010 2815 3390 2894 χρηστότητος
3450 2814 3616 2870 αὐτοῦ
3672 2814 3767 2870 καὶ

2116 2917 2218 2983 τῆς
2267 2913 2478 2991 ἀνοχῆς
2556 2910 2648 2966 καὶ
2730 2916 2832 2979 τῆς
2918 2907 3301 2983 μακροθυμίας
3353 2910 3763 2981 καταφρονεῖς;

2116 3004 2328 3081 ἀγνοῶν
2416 3002 2500 3058 ὅτι
2574 3001 2637 3056 τὸ
2695 3000 2935 3077 χρηστὸν
2994 3002 3091 3054 τοῦ
3148 2999 3281 3052 Θεοῦ
3333 2995 3411 3057 εἰς
3475 2994 3758 3068 μετάνοιαν

2118 3114 2175 3149 σε
2253 3092 2414 3169 ἄγει;
2489 3091 2639 3149 Κατᾶ
2724 3091 2782 3146 δὲ
2868 3094 2967 3161 τήν
3048 3087 3399 3163 σκληρότητά
3485 3107 3585 3143 σου
3672 3087 3766 3142 καὶ

2117 3183 2490 3258 ἀμετανόητον
2562 3179 2784 3256 καρδίαν
2822 3225 2835 3249 ,
2942 3179 3285 3253 θησαυρίζεις
3380 3181 3592 3248 σεαυτῷ
3680 3176 3770 3250 ὁρ-

2114 3274 2217 3350 γην
2273 3271 2324 3327 ἐν
2401 3268 2584 3346 ἡμέρᾳ
2641 3270 2811 3348 ὀργῆς
2858 3269 2947 3324 καὶ
3007 3266 3401 3341 ἀποκαλύψεως
3467 3263 3767 3338 δικαιοκρι-

2114 3360 2232 3422 σίας
2259 3364 2357 3416 τοῦ
2406 3363 2561 3432 Θεοῦ,
2622 3359 2681 3421 ’ὀς
2739 3354 3016 3415 ἀποδώσει
3073 3357 3281 3428 ἑκάστῳ
3339 3355 3475 3410 κατὰ
3532 3354 3600 3409 τὰ
3631 3349 3768 3430 ἔργα

2114 3449 2300 3508 αὐτοῦ.

2185 3540 2542 3614 Μακροθυμεῖ
2600 3538 2693 3611 μὲν
2774 3534 2921 3606 πλὴν
3005 3534 3094 3592 ἐὰν
3181 3536 3256 3608 μή
3320 3532 3762 3610 ἐπιστραφῶμεν,

2114 3630 2215 3699 τὴν
2263 3629 2535 3706 ῥόμνραίαν
2606 3627 2768 3684 αὐτοῦ
2827 3622 3142 3682 στιλϐώσει.
3204 3649 3232 3677 «
3265 3628 3498 3701 Ἀγνοῶν
3555 3622 3639 3677 ὅτι
3692 3623 3762 3678 τό

2118 3720 2360 3798 χρηστὸν
2392 3722 2489 3773 τοῦ
2521 3722 2671 3774 Θεοῦ.
2709 3742 2737 3769 ››
2788 3718 2885 3774 Διὰ
2912 3721 3074 3772 τοῦτο
3123 3715 3223 3792 γὰρ
3261 3717 3621 3789 μακροθυμεῖ,
3655 3712 3770 3793 οὐχ

2110 3805 2205 3863 ’ίνα
2257 3813 2327 3881 τῇ
2411 3808 2762 3884 μακροθυμίᾳ
2825 3809 3011 3881 χρήσῃ
3063 3806 3139 3869 εἰς
3198 3805 3455 3882 ἀφορμὴν
3519 3803 3770 3876 μείζονος

2117 3901 2593 3973 καταφρονήσεως,
2635 3897 2765 3955 ἀλλ’
2793 3897 2881 3954 ἳνα
2925 3896 3198 3971 διάστημα
3250 3896 3531 3968 μετανοίας
3565 3890 3759 3968 λαόῃς.

2118 3988 2427 4063 Ἐπιμένων
2460 3988 2550 4045 οὖν
2579 3988 2867 4065 ἀπολήψῃ.
2906 4013 2934 4039 ‹‹
2969 3988 3118 4045 Κατὰ
3176 3985 3232 4042 δὲ
3277 3987 3379 4056 τὴν
3412 3984 3754 4061 σκληρότητά

2119 4100 2236 4136 σου.
2267 4102 2294 4131 »
2327 4081 2493 4137 Ὅταν
2521 4078 2623 4155 γὰρ
2655 4099 2739 4139 τις
2798 4080 2937 4151 μήτε
2985 4076 3326 4151 χρηστότητι
3389 4075 3758 4150 μαλάσσηται,

2125 4170 2266 4241 μήτε
2303 4167 2473 4245 ὀργὴν
2507 4164 2708 4238 δειλιᾷ,
2735 4166 2788 4221 τί
2816 4166 3011 4222 τούτου
3044 4165 3410 4241 σκληρότερον
3444 4183 3460 4233 ;
3493 4190 3519 4217 ιι
3553 4171 3766 4232 Θησαυ-

2123 4257 2309 4334 ρίζεις.
2349 4283 2369 4306 ιι
2404 4258 2481 4314 Τὸ
2506 4259 2721 4318 πάντως
2769 4255 3269 4331 φυλαχθησόμενον
3327 4253 3511 4323 δηλοῖ.
3545 4254 3652 4313 Καὶ
3684 4252 3767 4307 ὅτι

2122 4347 2185 4402 σὺ
2216 4348 2397 4418 σαυτῷ
2439 4346 2633 4409 αἐτιος.
2686 4346 2762 4403 Σὺ
2795 4348 2897 4422 γὰρ
2930 4346 3199 4414 ἀποτίθης
3252 4345 3344 4401 καὶ
3401 4343 3765 4418 θησαυρίζεις.

2122 4463 2149 4490 ‹‹
2187 4438 2281 4492 Καὶ
2311 4435 2731 4511 ἀπδκαλῦψεως.
2767 4462 2795 4491 ››
2827 4438 2939 4494 Ἲνα
2998 4439 3074 4512 μὴ
3129 4439 3297 4510 ὀργὴν
3361 4438 3497 4490 Θεοῦ
3556 4432 3768 4487 ἁκούων

2121 4528 2290 4590 πάθος
2347 4526 2597 4603 νομίσης,
2658 4527 2950 4606 ἐπήγαγεν·
3014 4550 3042 4579 κ
3074 4525 3503 4599 Ἀποκαλῦψεως
3555 4521 3769 4580 δικαιο‹

363 4617 745 4673 revelationis
768 4619 915 4690 justi
939 4618 1153 4690 judicii
1179 4639 1194 4684 ;
1220 4640 1246 4666 »
1266 4618 1364 4674 ubi
1387 4620 1546 4675 enim
1571 4620 1802 4691 justum
1819 4621 2010 4691 estju-

2122 4618 2355 4693 κρισίας.
2402 4642 2430 4669 ››
2461 4619 2621 4674 Ἒνθα
2657 4619 2758 4694 γὰρ
2818 4616 3206 4694 δικαιοκρισία,
3260 4617 3364 4673 οὐκ
3410 4615 3520 4671 ἔστι
3571 4616 3767 4678 πάθος.

362 4706 604 4773 dicium,
644 4708 725 4763 ibi
758 4725 880 4764 non
912 4714 1004 4765 est
1049 4711 1316 4766 aﬂ‘ectus.
1371 4711 1517 4767 Nam
1559 4718 1699 4768 tunc
1754 4713 2011 4769 maxime

355 4795 587 4867 justum
615 4797 910 4867 judicium
940 4800 1253 4867 revelatur,
1288 4802 1525 4872 quando
1556 4801 1753 4857 reddit
1780 4802 2013 4858 unicui-

366 4901 480 4958 que
504 4885 678 4956 juxta
707 4903 886 4959 opera
917 4905 1042 4944 sua.
1080 4912 1106 4938 α
1137 4891 1207 4944 Et
1229 4892 1377 4962 justi
1400 4891 1612 4962 judicii
1644 4893 1768 4947 Dei.
1805 4913 1833 4941 ι)
1860 4894 2011 4949 Tan-

363 4995 542 5052 quam
572 4977 646 5034 ad
676 4977 1144 5037 declarationem
1169 4982 1571 5054 interponitur
1601 4981 1714 5044 καὶ,
1744 4988 1856 5039 etc.

436 5068 508 5128 II.
544 5071 698 5123 7-11.
730 5069 830 5123 His
883 5068 1105 5138 quidem
1160 5086 1258 5140 qui
1311 5073 1607 5127 secundum
1661 5071 2013 5127 tolerantiam

366 5160 546 5229 operis
578 5158 707 5213 boni
737 5156 975 5229 gloriam
1007 5164 1061 5212 et
1111 5158 1370 5214 honorem
1425 5177 1490 5216 ac
1544 5162 2013 5232 incorruptionem

363 5255 642 5322 quaerunt,
670 5251 825 5305 vitan
857 5254 1143 5306 aeternam.
1176 5250 1249 5304 Iis
1278 5264 1404 5305 vero
1453 5252 1552 5321 qui
1606 5257 1735 5306 sunt
1790 5257 2014 5308 conten-

364 5340 512 5401 tiosi,
547 5345 600 5394 et
627 5340 856 5394 veritati
914 5338 1134 5410 quidem
1191 5354 1303 5393 non
1362 5338 1752 5409 obtemperant,
1808 5348 2014 5411 parent

359 5433 543 5482 autem
571 5430 883 5497 injustitiae,
936 5428 1253 5499 indignatio
1290 5434 1343 5483 et
1367 5430 1475 5496 ira,
1510 5429 1796 5485 tribulatio
1827 5436 1879 5486 et
1908 5447 2013 5487 an-

361 5515 570 5588 gustia,
600 5530 766 5588 super
794 5534 1005 5573 omnem
1028 5521 1271 5575 animam
1292 5518 1437 5576 221
1469 5518 1708 5577 hominis
1737 5523 2019 5591 aperanti:

432 5692 505 5768 (ε)
533 5692 679 5750 Joan
707 5695 857 5761 ηπ.

2121 4706 2199 4765 Τό
2229 4728 2287 4763 τε
2324 4708 2429 4783 γὰρ
2491 4706 2728 4783 μάλιστα
2783 4711 2818 4778 ἡ
2878 4705 3246 4780 δικαιοκρισία
3301 4705 3765 4774 ἀποκαλύπτεται,

2122 4796 2248 4855 ὅταν
2276 4794 2610 4854 ἀποδίδωσιν
2643 4799 2851 4871 ἑκάστῳ
2877 4799 3014 4854 κατᾶ
3051 4798 3118 4852 τὰ
3160 4793 3293 4873 ἔργα
3355 4798 3547 4853 αὐτοῦ.
3595 4819 3625 4848 ‹‹
3659 4794 3766 4852 Καὶ

2121 4884 2518 4965 δικαιοκρισίας
2578 4889 2675 4945 τοὺ
2723 4893 2932 4945 Θεοῦ.»
2988 4890 3075 4951 Ὠς
3132 4889 3270 4963 πρὸς
3315 4892 3414 4958 τήν
3472 4888 3768 4964 ἑρμηνείαν

2122 4977 2184 5034 τὸ
2214 4978 2304 5033 καὶ
2331 4975 2680 5054 παρέλκεται,

2194 5071 2325 5131 Τοῖς
2382 5069 2473 5143 μὶν
2549 5070 2666 5124 καθ’
2743 5069 3049 5145 ὑπομονὴν,
3120 5063 3283 5145 ἔργου
3346 5068 3550 5143 ἀγαθοῦ
3607 5064 3765 5138 δόξαν

2121 5157 2212 5213 καὶ
2255 5160 2425 5231 τιμὴν
2502 5161 2592 5215 καὶ
2650 5160 2910 5238 ἀφθασίαν
2965 5163 3236 5229 ζητοῦσι,
3293 5160 3440 5228 ζωὴν
3494 5158 3716 5212 αἰώνιον
3754 5202 3767 5214 .

2121 5254 2251 5311 Τοῖς
2310 5246 2367 5305 δὲ
2413 5250 2462 5321 ἐξ
2520 5250 2772 5327 ἐριθείας,
2828 5251 2916 5304 καὶ
2966 5250 3248 5307 ἀπειθοὺσι
3335 5250 3428 5323 μὶν
3626 5249 3771 5321 ἀλη-

2126 5339 2265 5409 θείᾳ,
2323 5341 2672 5413 πειθομένοις
2752 5337 2809 5396 ὃὶ
2857 5343 2925 5413 τῇ
2964 5336 3193 5410 danda,“
3225 5339 3398 5412 θυμὸς
3457 5339 3549 5393 καὶ
3602 5339 3771 5415 ὀργή,

2122 5427 2320 5501 Θλίψις
2387 5428 2479 5483 καὶ
2562 5429 2901 5505 στενοχωρία
2985 5429 3070 5484 ἐπὶ
3152 5434 3327 5485 πᾶσαν
3412 5430 3597 5504 ψυχὴν
3682 5429 3772 5484 ἀν-

2125 5519 2347 5594 θρώπου
2404 5525 2502 5575 τοῦ
2574 5521 3039 5597 κατερκαζομὲνου
3125 5520 3190 5575 τὸ
3264 5519 3450 5589 κακὸν,
3502 5517 3775 5577 Ἰουδαίου
