4112 6250
299 349 430 411 3353

1451 351 1855 412 COMMENT.
1903 350 1979 410 IN
2030 352 2272 415 EPIS'l‘.
2322 361 2424 417 AD
2474 363 2663 422 ΗΘΜ.

3667 377 3786 434 354

356 507 384 541 ε
467 485 700 558 πρῶτον
773 485 879 539 καὶ
941 483 1247 556 ’Ἕλληνος
1303 480 1427 554 δόξα
1484 480 1541 538 δὲ
1591 481 1683 537 καὶ
1741 483 1876 554 τιμὴ
1935 482 2023 537 καὶ

2145 489 2366 556 malum,
2398 493 2686 565 Judwique
2708 495 2955 566 primum
3000 505 3050 553 et
3081 501 3274 558 erci.
3326 503 3516 561 Gloria
3569 524 3695 563 vero
3740 515 3791 562 et

337 577 542 653 εὶρῆντ,
599 575 765 630 παντὶ
828 581 916 649 τῷ
980 575 1326 651 ἐργαζομένῳ
1382 575 1443 630 τὸ
1497 573 1721 651 ἀγαθὸν,
1779 569 2033 646 Ἰουδαίῷ

346 691 408 723 τε
476 672 693 740 πρῶτον
758 668 857 720 καὶ
929 665 1195 738 Ἕλληνι.
1263 665 1337 722 Οὐ
1397 665 1501 742 γάρ
1570 663 1679 719 ἐστι
1736 682 2034 738 προσωπο-

355 757 558 832 Ity-bid.
585 756 730 830 παρὰ
759 760 846 828 τῷ
877 760 1020 828 Θεῷ.

453 849 986 920 [ΟῘΚΟΥΜΕΝΙΟΥᾸ
1047 872 1074 898 ‹‹
1130 850 1254 907 Τοῖς
1310 847 1402 918 μέν
1458 847 1578 899 καθ’
1640 845 1943 918 ὑπομονήν·
2004 865 2032 895 ››

377 939 467 997 Οὐ
494 939 590 1013 γὰρ
621 938 774 1011 μόνον
805 940 843 1006 ἡ
875 937 1058 999 πίστις
1093 936 1264 1010 ἀρκεῖ,
1295 933 1442 990 ἀλλὰ
1479 936 1569 989 καὶ
1627 930 1796 1010 ἔργων
1851 933 2030 1008 χρεία.

382 1054 410 1078 (ι
476 1028 764 1098 Ὑπομονὴν
829 1051 857 1077 ››
913 1022 972 1079 δὲ
1036 1025 1220 1097 εἰπὼν,
1272 1024 1530 1098 γενναίως
1588 1017 1733 1098 ἔχειν
1793 1020 2033 1078 διδάσκει

370 1121 518 1193 πρὸς
580 1118 704 1178 τοὺς
789 1117 1156 1191 πειρασμοῦς.
1245 1117 1468 1189 [ΦΩΤ.]
1552 1115 1628 1172 Τὸ
1710 1109 2033 1189 ὑπερϐατὸν,

370 1209 529 1262 οὕτω
586 1205 831 1262 τακτέον·
906 1207 1038 1268 Τοις
1091 1205 1210 1260 καθ’
1274 1205 1558 1277 ὑπομονὴν
1614 1197 1771 1278 ἔργοο
1828 1203 2033 1280 ἀγαθοῦ

363 1301 604 1366 ζητοῦσι
655 1297 799 1366 ζωὴν
833 1296 1075 1364 αἰώνιον,
1138 1291 1412 1350 ἀποδώσει
1478 1291 1631 1362 δόξαν
1686 1293 1777 1348 καὶ
1835 1293 2034 1371 ἀφθαρ-

360 1386 513 1450 σίαν.
573 1411 602 1438 α
653 1385 758 1442 Καὶ
818 1384 1136 1460 ἀφθαρσίαν.
1201 1408 1228 1435 ››
1287 1375 1398 1444 Τὰς
1485 1381 1610 1456 περὶ
1691 1381 2035 1444 ἀναστάσεως

351 1474 580 1551 ἀνοίγει
649 1475 834 1548 θύρας,
907 1474 1039 1530 Ἀπὸ
1099 1477 1286 1528 κοινοῦ
1342 1473 1426 1540 τὸ,
1488 1469 1785 1542 ἀποδώσει,
1827 1471 1884 1533 ὃς
1942 1471 2033 1526 καὶ

354 1564 676 1622 ἀποδώσει.
710 1561 1014 1620 Ἀποδώσει
1059 1563 1182 1638 γὰρ,
1230 1568 1348 1623 τοῖς
1407 1562 1502 1636 μὲν
1548 1563 1614 1616 τὰ
1662 1561 1859 1635 ἀγαθᾶ,
1917 1569 2034 1621 τοῖς

358 1655 422 1711 δὲ
461 1653 869 1725 ἀποδοθήσεται
902 1655 1071 1725 θυμὸς
1101 1654 1193 1708 καὶ
1223 1653 1360 1728 ὀργὴ
1419 1651 1510 1706 καὶ
1556 1653 1625 1706 τά
1671 1652 1862 1725 ὃμοια.
1914 1655 2036 1706 ’Ότῖ

359 1745 424 1800 δὲ
460 1743 706 1800 διπλοῦν
737 1744 798 1800 τὸ
831 1751 1024 1822 σχῆμα
1049 1748 1144 1798 τοῦ
1179 1741 1348 1818 λόγου
1384 1741 1490 1816 (καὶ
1527 1743 1631 1796 ἀπὸ
1669 1745 1855 1796 κοινοῦ
1904 1743 2032 1816 γὰρ,

2143 578 2319 634 honor
2347 589 2397 636 et
2425 601 2542 654 pax
2568 588 2718 640 omni
2747 589 3003 657 aperanti
3035 591 3252 661 bonum,
3307 595 3497 650 Judoeo
3544 601 3788 666 primum

2141 675 2192 723 et
2221 671 2423 728 Graec.
2457 677 2573 730 Non
2605 679 2748 732 enim
2778 685 2854 733 est
2897 696 3260 750 personarum
3319 693 3593 754 respectus
3642 689 3795 756 apud

2140 758 2328 815 Deum.

2217 870 2242 899 ιι
2267 850 2372 913 Qui
2395 854 2723 910 secundum
2747 856 3144 914 tolerantiam.
3185 885 3204 909 ιο
3238 863 3438 932 Neque
3472 865 3630 920 enim
3665 865 3792 921 sola

2143 937 2291 993 ﬁdes
2323 941 2561 1010 sufficit,
2599 945 2701 999 sed
2753 952 2808 1000 et
2857 965 3037 1018 opera
3069 956 3207 1004 sunt
3255 955 3612 1009 necessaria.
3649 957 3792 1011 Cum

2143 1036 2339 1086 autem
2371 1032 2536 1100 dixit,
2574 1058 2600 1085 «
2633 1037 3055 1096 Tolerantiam.
3089 1063 3117 1091 ››
3175 1042 3348 1099 docet
3399 1051 3462 1099 ut
3511 1047 3794 1104 adversus

2143 1121 2500 1178 tentationes
2535 1129 2774 1181 strenue
2809 1145 2868 1182 se
2897 1129 3175 1187 habeant.
3210 1134 3311 1187 Est
3341 1140 3544 1190 autem
3578 1137 3796 1209 hyper-

2141 1207 2366 1277 batum,
2402 1219 2458 1267 et
2491 1215 2572 1268 ita
2604 1215 2780 1271 debet
2810 1218 3108 1276 ordinari:
3154 1222 3254 1276 His
3315 1224 3416 1294 qui
3465 1207 3795 1284 secundum

2143 1300 2524 1358 tolerantiam
2557 1307 2753 1377 operis
2786 1307 2923 1363 boni
2959 1316 3233 1380 quaerunt
3281 1313 3454 1369 vitam
3482 1323 3798 1388 aeternam,

2142 1392 2350 1448 reddet
2369 1395 2617 1468 gloriam
2641 1400 3003 1456 ethonorem
3027 1419 3093 1458 ac
3110 1405 3639 1478 incorruptionem.
3664 1434 3690 1459 ‹‹
3713 1412 3794 1466 Ac

2142 1480 2670 1555 incorruptionem.
2704 1510 2731 1536 »
2765 1490 2844 1543 De
2879 1494 3314 1550 resurrectione
3345 1498 3495 1552 ostia
3538 1499 3791 1570 aperuit,

2143 1576 2201 1624 et
2220 1587 2353 1626 cum
2377 1574 2572 1641 verbo,
2602 1576 2828 1642 reddet,
2853 1579 3011 1649 quod
3032 1597 3066 1635 a
3088 1585 3388 1638 communi
3423 1602 3599 1640 sensu
3625 1603 3791 1659 repe-

2142 1662 2386 1718 tendum
2419 1670 2528 1735 est,
2559 1667 2892 1738 completur
2923 1673 3236 1728 sententia.
3271 1676 3414 1730 Nam
3446 1676 3655 1731 reddet
3703 1678 3796 1732 his

2144 1750 2382 1819 quidem
2417 1752 2592 1812 bona.
2628 1754 2748 1810 illis
2780 1774 2914 1812 vero
2948 1759 3230 1815 reddetur
3259 1762 3592 1836 indignatio
3625 1770 3682 1820 et
3712 1767 3799 1821 ira

358 1837 459 1891 καὶ
515 1838 773 1909 ζεῦγμα),
829 1834 1014 1887 σκόπει
1076 1834 1159 1888 ὅτι
1219 1833 1286 1887 τὰ
1347 1831 1441 1904 μὶν
1511 1831 1683 1904 ἀγαθὰ
1739 1827 2034 1931 ἁποδκώσει,

2145 1837 2379 1909 aliaque
2412 1841 2928 1910 hujusmodi.Cum
2960 1852 3158 1902 autem
3179 1827 3792 1920 duplexvsitorationis

360 1926 528 1993 σησῖ,
566 1925 668 1989 τήν
706 1920 762 1976 δὲ
793 1921 1014 1977 κόλασιν
1057 1921 1156 1976 οὐκ
1211 1917 1509 1986 ἀποδώσει,
1568 1917 1697 1974 ἀλλ’
1753 1916 2034 1990 ἀποδοθή-

369 1989 541 2072 σεται,
584 2012 685 2066 Καὶ
720 2009 1036 2066 οὐδὲτοῦτο
1073 2010 1210 2066 κατά
1255 2008 1398 2079 λέξιν
1456 2009 1620 2077 εἶπεν,
1681 2007 1806 2063 ἀλλ’
1863 2009 2040 2086 ἀφῆκε

977 2103 988 2114 r
1236 2098 1258 2117 ’ἴ
1406 2100 1420 2117 \
1525 2101 1541 2119 \
1647 2096 1670 2116 Ν
1831 2104 1854 2115 υ
2021 2099 2036 2120 ‘

373 2105 866 2172 συνεπινοηθῆναι.
929 2102 1117 2163 Οὐτως
1172 2102 1308 2164 olea,
1367 2121 1430 2154 10
1487 2121 1581 2174 μεν
1643 2113 1891 2154 οικαιουν
1949 2121 2038 2155 και

386 2197 595 2262 σώζειν,
661 2191 868 2246 οἰκεῖον
921 2195 1076 2249 Θεοῦ,
1137 2191 1215 2248 Τὸ
1275 2187 1331 2244 δὲ
1411 2195 1675 2264 τιμωρεῖν
1733 2189 1894 2244 αὐτὸν
1949 2204 2040 2258 καὶ

399 2282 658 2349 κολάζειν,
725 2279 834 2334 ἀπὸ
888 2287 987 2348 τῆς
1041 2285 1146 2334 τῶν
1222 2279 1640 2355 ἁμαρτανόντων
1705 2279 2039 2352 πωρώσεως,

402 2371 486 2423 καὶ
517 2374 605 2423 τοῦ
637 2372 720 2440 μή
761 2373 1042 2442 μετανοεῖν
1083 2369 1173 2422 καὶ
1222 2368 1579 2446 ἐπιστρέφειν.
1616 2392 1644 2419 ››
1699 2369 1829 2427 Τοῖς
1889 2365 1946 2421 δὲ
1989 2367 2041 2438 ἐξ

386 2459 634 2533 ἐριθεὶας.
706 2481 736 2509 ››
798 2456 972 2512 Πάλιν
1019 2454 1255 2512 δείκνυσι
1340 2455 1676 2536 φιλονεικίας
1763 2458 1895 2511 εἶναι
1951 2457 2041 2510 καὶ

379 2549 649 2624 (ignauia;
697 2549 764 2603 τὰ
825 2549 1215 2622 ἁμαρτήματα.
1279 2572 1305 2598 ιι
1340 2546 1445 2602 Καὶ
1503 2545 1759 2617 ἀληθείᾳ.
1804 2570 1832 2597 ››
1893 2549 2041 2620 Ηαρ-

386 2638 596 2692 ἕλκεται
626 2637 698 2692 τὸ
732 2636 847 2692 καί.
911 2638 1458 2708 [ΟΙΚΟΥΜΕΝΙΟΥ.]
1518 2660 1544 2688 ‹‹
1578 2633 1930 2707 Πειθομένοις
1985 2632 2041 2690 δὲ

377 2733 443 2799 τῇ
474 2726 690 2797 ἀδικίᾳ.
725 2751 752 2777 ››
808 2726 906 2786 Τίς
965 2727 1068 2802 γὰρ
1126 2724 1365 2781 πιστεύει
1425 2724 1508 2780 ὅτι
1566 2725 1734 2779 καλὸν
1767 2727 1800 2794 ἡ
1834 2721 2036 2780 ἀδικία.

377 2820 458 2870 καὶ
490 2817 667 2870 κακὸν
702 2817 736 2886 ἡ
772 2816 1039 2885 ἀλ.ήοεια;
1076 2822 1252 2884 Δῆλον
1279 2812 1396 2884 οὖν,
1440 2815 1512 2876 ὡς
1562 2813 1612 2868 ἐν
1663 2815 1855 2891 γνώσει
1898 2813 2037 2870 ἐστὶν

365 2910 394 2974 ἡ
459 2905 740 2979 ἁμαρτία.
803 2908 980 2962 Τοῦτο
1038 2905 1142 2982 γὰρ
1229 2902 1466 2977 μάλιστα
1549 2905 1610 2959 τὸ
1695 2902 2042 2977 Πειθομένοις

373 2996 569 3065 δηλοῖ·
609 2995 753 3051 ἑκὼν
794 2997 895 3070 γαρ
959 2996 1196 3050 πείθεται
1229 2996 1256 3050 ὁ
1298 2995 1635 3068 πειθόμενος,
1696 3020 1716 3045 ι
1753 2997 1876 3051 Ἐπὶ
1934 3001 2040 3050 πᾶ-

376 3108 473 3139 σαν
503 3087 725 3160 ψυχήν.
764 3110 794 3135 ››
827 3083 941 3140 Οὖκ
973 3079 1075 3152 ἔνι,
1109 3085 1264 3162 φησὶ,
1303 3080 1580 3158 βασιλεὺς,
1613 3084 1714 3138 οὐκ
1760 3076 1833 3138 ἔνι
1884 3081 2036 3138 δυνά·

385 3195 522 3241 στης
552 3173 611 3234 ὃς
644 3171 1012 3252 ὃιαᾳεύξεται.
1067 3196 1093 3224 ι(
1126 3170 1391 3228 Ἰουδαίου
1439 3193 1495 3226 τε
1545 3177 1779 3245 πρῶτον.
1815 3196 1843 3223 ››
1885 3173 2035 3242 Ὄσῳ

2147 1927 2384 1982 schema
2407 1932 2568 1998 (nam
2593 1936 2650 1984 et
2673 1946 2706 1985 a
2728 1935 3030 1987 communi
3059 1953 3336 1992 sermono
3359 1941 3631 2010 repetitio
3653 1943 3794 1996 dici-

2145 2021 2920 2090 turetzeugma),considera
2936 2024 3093 2094 quod
3113 2027 3282 2081 dicit:
3311 2052 3329 2076 σι
3365 2030 3522 2084 Bona
3551 2031 3792 2100 quidem

2144 2105 2400 2174 reddet,»
2422 2108 2712 2164 ultionem
2727 2129 2860 2165 vero
2883 2130 3001 2167 non
3026 2115 3478 2180 reddet,sedilla
3492 2119 3792 2175 reddetur:

2147 2199 2204 2247 et
2235 2211 2308 2248 ne
2340 2195 2450 2249 hoc
2475 2197 2712 2268 quidem
2740 2216 3015 2271 expresse
3036 2202 3201 2268 dicit,
3228 2205 3332 2259 sed
3354 2206 3802 2281 subintelligen-

2145 2281 2284 2336 dum
2335 2285 2576 2355 reliquit
2629 2303 2641 2339 :
2679 2287 2760 2342 ita
2792 2290 2985 2343 sciens
3031 2291 3083 2344 ei
3117 2295 3423 2364 proprium
3476 2313 3604 2351 esse
3637 2297 3794 2366 quod

2137 2371 2370 2443 justum
2405 2381 2494 2427 est
2520 2374 2784 2430 salvare:
2819 2394 2992 2447 porro
3030 2378 3232 2435 ulcisci
3267 2400 3333 2437 ac
3357 2385 3565 2454 punire
3590 2403 3796 2456 prove-

2146 2461 2235 2514 nit
2264 2479 2298 2515 a
2328 2468 2705 2532 peccatorum
2727 2464 3118 2522 obduratione
3155 2487 3166 2522 :
3196 2472 3469 2542 quodque
3506 2476 3789 2544 paenitere

2145 2549 2342 2604 nolint
2374 2568 2440 2605 ac
2473 2553 2754 2606 converti.
2782 2575 2808 2603 ι(
2836 2554 2911 2608 lis
2936 2573 3068 2609 vero
3089 2558 3186 2627 qui
3207 2565 3346 2612 sunt
3366 2563 3740 2616 contentiosi.
3762 2584 3789 2614 υ

2147 2642 2399 2696 Rursum
2432 2649 2672 2713 peccata
2717 2660 2786 2698 ex
2841 2646 3171 2715 pertinacia
3223 2655 3280 2702 et
3339 2651 3609 2706 socordia
3667 2669 3794 2708 esse

2145 2731 2426 2786 ostendit.
2477 2754 2502 2784 ι
2541 2735 2610 2787 Et
2635 2733 2885 2789 veritati.
2924 2757 2945 2786 ι
2981 2738 3334 2809 Conjunctio
3358 2741 3469 2809 καὶ,
3504 2749 3576 2807 et,
3609 2744 3796 2798 otiose

2146 2821 2401 2876 additur.
2439 2844 2465 2872 ιι
2497 2825 2714 2878 Parent
2751 2830 2950 2881 autem
3003 2826 3332 2899 injustitiaa.
3362 2853 3391 2880 »
3440 2833 3580 2897 Quis
3634 2835 3794 2888 enim

2146 2911 2335 2966 credit
2365 2912 2522 2983 quod
2548 2913 2771 2968 bonum
2811 2915 2888 2970 sit
2945 2916 3262 2987 injustitia,
3319 2921 3549 2977 malum
3598 2932 3796 2979 autem

2147 3000 2224 3053 sit
2253 3001 2514 3055 veritas?
2562 3003 2764 3072 Itaque
2815 3004 3196 3061 manifestum
3245 3014 3334 3064 est
3365 3011 3527 3080 quod
3578 3029 3646 3066 ex
3696 3031 3796 3068 co-

2144 3088 2430 3158 gnitione,
2465 3095 2524 3142 et
2551 3105 2670 3144 non
2702 3107 2772 3144 ex
2803 3092 3139 3162 ignorantia
3170 3095 3245 3149 sit
3288 3105 3618 3167 peccatum.
3653 3103 3795 3156 Nam

2149 3177 2259 3230 hoc
2290 3177 2544 3232 maxime
2569 3178 2862 3250 signiﬁcat
2882 3180 3061 3236 dictio
3075 3182 3796 3259 natoopévozqguiparent;

482 3235 492 3241 .
751 3235 760 3252 ,
855 3235 869 3243 ,
1587 3235 1596 3245 ,
2007 3235 2017 3242 .

404 3263 508 3336 γὶιτ
539 3262 787 3325 πλείονος
834 3259 1189 3322 διδασκαλίας
1244 3261 1496 3332 ἠξίωται,
1556 3261 1804 3332 τοσούτῳ
1860 3263 2034 3336 ἁμαρ-

2622 3235 2654 3250 υ
3040 3235 3050 3236 ί
3173 3235 3194 3245 ν
3238 3235 3793 3259 |"""1‘1“'I""“""‘|

2149 3267 2476 3323 voluntarie
2511 3286 2768 3340 namque
2802 3277 2968 3341 paret
2990 3272 3037 3327 is
3068 3275 3166 3344 qui
3192 3282 3379 3346 paret.
3407 3301 3432 3328 ‹‹
3461 3279 3647 3351 Super
3669 3299 3793 3337 om-

419 3352 564 3404 τᾶνω
618 3351 762 3406 πλέον
845 3355 1321 3428 τιμωρηθήσεται.
1399 3355 1674 3424 Ἒσεσθαι,
1762 3350 1944 3430 φησῖν,
2003 3353 2039 3422 ἢ

416 3437 624 3509 μᾶλλον
654 3436 840 3499 ἔσεται.
903 3443 1123 3497 Ἐσεται
1162 3442 1267 3515 γὰρ
1313 3440 1452 3516 ὀργὴ
1497 3437 1582 3495 ἐπἓ
1631 3444 1803 3494 πᾶσαν
1853 3440 2039 3514 ψυχήν

403 3529 682 3602 ἂνθρώπου
709 3535 806 3586 τοῦ
857 3531 1345 3606 κατεργαζομένου.
1401 3553 1424 3584 α
1461 3531 1594 3599 Δόξα
1645 3527 1701 3584 δὲ
1754 3530 1843 3583 καὶ
1903 3531 2038 3602 τιμὴ

395 3620 479 3672 καῖ
511 3618 719 3693 εἰρήνη.
762 3644 789 3670 ιι
816 3617 1017 3680 Καλῶς
1074 3619 1158 3685 τὸ,
1210 3643 1238 3670 ‹‹
1273 3616 1381 3673 Καὶ
1431 3617 1646 3691 εἰρήνη,
1682 3643 1703 3670 ι
1749 3618 1890 3672 Ἐκεῖ
1935 3616 2048 3690 γόιρ⁸

398 3705 566 3768 οὓΞεὲς
603 3707 696 3762 διὰ
748 3709 945 3785 φθόνον
1010 3709 1321 3786 μαχήσεται
1373 3711 1452 3778 τῷ
1500 3706 1782 3778 τιμηθέντι
1815 3705 1848 3774 ἧ
1883 3703 2037 3775 δοξα-

391 3798 570 3853 σθὲντι.
609 3827 636 3849 α
684 3797 939 3870 Ἰουδαίῳ
995 3819 1052 3852 τε
1102 3803 1320 3871 πρῶτον
1377 3797 1468 3851 καὶ
1524 3793 1783 3866 Ἔλλητι.
1850 3822 1869 3846 ι
1931 3797 2041 3851 Ἳνα

381 3892 451 3958 μὴ
487 3890 800 3961 νομίζωσιν
828 3885 1083 3942 Ἰουδαῖοι
1113 3887 1206 3941 τὸν
1239 3880 1588 3962 ἀκρόϐυστον,
1629 3885 1724 3939 κᾶν
1785 3880 2042 3954 θεοσεϐὴς

367 3977 422 4046 ἦ,
459 3978 698 4033 ἔλαττον
734 3972 905 4054 ἔχειν,
969 3977 1218 4031 συνάπτει
1271 3975 1484 4036 αὐτούς
1523 3973 1795 4043 Ἐὶληνα,
1844 3973 1904 4028 οὗ
1949 3975 2040 4030 τὸν

369 4066 806 4139 εἰδωλολάτρην
840 4065 1010 4140 λέγει,
1043 4065 1186 4120 ἀλλὰ
1216 4066 1307 4120 τὸν
1348 4059 1680 4139 ἆκρόϐυστον
1745 4063 1860 4136 μὲν,
1915 4074 2040 4126 θεο-

367 4153 505 4226 σεεῆ
538 4155 599 4210 δὲ
633 4157 726 4210 καὶ
762 4157 972 4212 πιστόν.
1007 4179 1034 4207 ‹‹
1068 4154 1143 4211 Οὐ
1192 4156 1292 4230 γάρ
1347 4153 1457 4208 ἐστι
1506 4152 1970 4228 προσωπολῃψία.
2004 4175 2035 4205 ν

366 4247 446 4303 Οὗ
509 4247 618 4320 γὰρ
673 4247 1010 4318 προσώπων,
1069 4242 1196 4300 ἀλλ’
1260 4237 1432 4319 ἔργων
1492 4240 1631 4297 ἐστὶν
1689 4244 1724 4310 ἡ
1788 4243 2034 4319 ζήτησὶς,

367 4338 648 4390 Ἐντεῦθεν
708 4334 841 4412 ἄχρι
902 4333 1132 4407 ψύλλων
1215 4330 1503 4401 πλειόνων,
1568 4332 1755 4408 μάχην
1831 4330 2032 4408 εἰσάγει

369 4426 596 4480 ὲ⁴3ν;κῶν
631 4424 724 4478 καὶ
758 4420 1058 4478 Ἰουδαίωψ
1115 4422 1204 4478 καὶ
1264 4426 1560 4496 συνηγορεῐ
1617 4425 1738 4481 τοῖς
1800 4419 2034 4482 ἐθνικοῖς

375 4519 492 4588 μὲν,
529 4518 687 4593 φῦσει
731 4514 787 4571 δέ
843 4517 933 4572 καὶ
991 4517 1056 4572 τὰ
1117 4514 1298 4571 δίκαια
1355 4514 1674 4589 πράττουσι.
1736 4515 1914 4570 Τοῦτο
1975 4511 2032 4568 δὲ

2150 3373 2286 3412 nem
2319 3358 2600 3413 animam.
2623 3378 2647 3408 ιο
2676 3361 2801 3414 Non
2826 3365 3040 3430 potest,
3067 3362 3281 3434 inquit,
3307 3384 3428 3433 rex,
3460 3386 3578 3424 non
3604 3377 3798 3441 potest

2149 3447 2526 3517 magistratus
2553 3449 3188 3524 effugereuludaaique
3211 3457 3536 3526 primum.»
3565 3462 3792 3525 Quanto

2147 3536 2306 3591 enim
2330 3537 2614 3608 majorem
2634 3537 2966 3594 doctrinam
2982 3544 3399 3614 accepit,tanto
3413 3566 3664 3619 peccans
3677 3568 3798 3607 ma-

2139 3625 2255 3695 jori
2288 3627 2569 3697 punietur
2603 3628 2913 3699 supplicio.
2948 3632 3303 3706 Intelligitur
3323 3645 3520 3693 autem
3545 3641 3785 3696 verbum

2145 3708 2340 3781 ἔσεται,
2376 3717 2506 3780 erit,
2550 3716 2667 3771 sive
2700 3718 3004 3787 Obveniet;
3038 3723 3309 3778 Obveniet
3342 3728 3498 3781 enim
3530 3730 3636 3795 ira,
3672 3737 3782 3786 etc.

2146 3823 2324 3877 super
2354 3823 2593 3861 omnem
2626 3808 2886 3862 animam
2911 3809 3169 3866 hominis
3196 3814 3295 3883 qui
3323 3816 3544 3870 malum
3578 3835 3788 3888 opera-

2147 3901 2256 3949 tur.
2294 3919 2319 3944 ‹‹
2346 3895 2546 3950 Gloria
2568 3911 2701 3948 vero
2726 3902 2783 3950 et
2803 3897 2994 3951 honor
3015 3907 3072 3953 et
3094 3918 3222 3971 pax.
3256 3923 3282 3954 ι
3302 3904 3552 3960 Pulchre
3582 3907 3745 3962 addit
3771 3926 3784 3962 :

2143 4001 2169 4026 α
2209 3979 2278 4030 Et
2318 3993 2472 4047 pax;
2508 3999 2535 4026 »
2595 3976 2674 4030 ibi
2737 3979 2894 4032 enim
2951 3981 3153 4036 nullus
3211 3984 3429 4040 invidia
3479 4003 3785 4057 accensus,

2143 4065 2435 4138 pugnabit
2458 4064 2738 4118 adversus
2769 4064 2937 4120 illum
2971 4070 3072 4138 qui
3111 4070 3434 4128 honoratus
3463 4075 3641 4131 fuerit
3686 4086 3789 4134 aut

2149 4154 2346 4226 gloria
2375 4155 2642 4209 allectus.
2673 4175 2701 4204 ››
2733 4155 2933 4209 ludat-0
2979 4158 3234 4227 primum
3279 4168 3335 4215 et
3382 4164 3597 4220 Graeco.
3634 4189 3660 4215 n
3710 4170 3789 4223 Ne

2147 4243 2498 4299 existiment
2518 4242 2699 4296 Judmi
2725 4260 2856 4298 eum
2888 4245 2987 4314 qui
3011 4245 3070 4300 in
3095 4251 3384 4320 praeputio
3417 4255 3586 4320 est,si
3612 4256 3790 4310 etiam

2141 4332 2248 4388 Dei
2279 4332 2471 4387 cultor
2498 4331 2696 4399 fuerit,
2731 4332 3074 4390 inferiorem
3117 4353 3266 4408 esse,
3309 4342 3618 4413 conjunxit
3646 4360 3782 4399 eos:

2140 4425 2408 4480 Graecum
2437 4429 2634 4478 autem
2659 4429 2826 4478 vocat
2851 4441 2970 4480 non
2993 4425 3388 4497 idololatram,
3413 4433 3512 4486 sed
3537 4437 3785 4505 eumqui

2138 4514 2204 4567 in
2235 4513 2526 4585 praeputio
2561 4517 2670 4577 est,
2701 4530 2903 4568 verum
2934 4516 3035 4570 Dei
3059 4517 3251 4573 cultor
3275 4536 3342 4574 ac
3384 4521 3596 4578 fidelis.
3630 4525 3782 4582 222

370 4613 543 4677 ποιεῖ,
580 4606 758 4671 θέλων
789 4606 880 4660 τὸν
914 4605 1009 4679 μὶν
1039 4605 1205 4679 νόμον
1260 4599 1534 4672 ἐκϐαλεῖν,
1594 4603 1693 4672 τὴν
1750 4600 1807 4657 δὲ
1854 4601 2034 4658 πίστιν

2149 4624 2173 4655 α
2209 4605 2334 4658 Non
2367 4602 2524 4657 enim
2553 4608 2642 4657 est
2662 4619 3050 4674 personarum
3077 4615 3401 4679 respectus.
3430 4633 3456 4659 ››
3476 4611 3782 4683 Siquidem

373 4697 493 4751 αντε
504 4717 630 4770 ισαγ
638 4701 737 4754 εἶν.

2131 4707 2252 4746 non
2284 4707 2687 4763 personarum.
2727 4693 2829 4746 sed
2861 4710 3107 4764 operum
3143 4696 3208 4749 ﬁt
3267 4697 3590 4771 inquisitio.
3631 4703 3781 4758 Hinc

367 4791 812 4858 consequenter
828 4804 1084 4857 pugnam
1107 4803 1172 4842 ac
1195 4784 1638 4840 contentionem
1663 4780 1912 4850 inducit,
1937 4798 2066 4853 quae
2092 4779 2162 4834 de
2187 4779 2456 4850 pluribus
2478 4779 2638 4850 parvi
2669 4781 2954 4834 momenti
2990 4783 3164 4840 rebus
3197 4785 3354 4843 inter
3410 4790 3660 4862 gentiles
3715 4810 3781 4848 ac

367 4877 600 4932 Judzeos
636 4883 794 4931 erat:
831 4877 988 4932 etiis
1020 4877 1423 4948 patrocinatur
1453 4874 1554 4947 qui
1600 4873 1851 4948 gentiles
1907 4870 2146 4943 quidem
2205 4874 2362 4934 sunt,
2422 4874 2680 4922 attamen
2741 4875 2966 4926 naturae
3034 4874 3214 4930 ductu
3272 4887 3592 4950 operantur
3649 4899 3779 4953 qua)

367 4964 519 5022 bona
550 4972 713 5021 sunt.
750 4967 866 5021 Hoc
897 4973 1091 5022 autem
1125 4967 1266 5021 facit
1295 4967 1496 5022 volens
1527 4967 1718 5039 legem
1747 4964 2024 5036 abjicere,
2059 4976 2126 5015 ac
2158 4958 2218 5012 in
2251 4960 2380 5030 ejus
2411 4957 2606 5012 locum
2640 4957 2817 5012 fidem
2851 4960 3248 5025 introducere.

1017 5059 1272 5112 ΚΕΦΑΛ.
1315 5060 1382 5112 Γ“.

917 5149 1019 5218 ςτῆς
1102 5143 1240 5198 κατᾶ
1290 5147 1419 5218 ,τοῦ
1495 5142 1738 5218 Ἰσραὴλ,
1790 5145 1886 5198 τοῦ
1947 5143 2022 5216 μὴ

373 5145 501 5219 Περὶ

836 5214 1208 5293 φυλάσσοντος
1247 5216 1314 5270 τὰ
1340 5215 1574 5288 νόμιμα.

591 5142 826 5218 κρίσεως

437 5309 596 5364 ’Όσοι
653 5307 758 5382 γὰρ
819 5307 1040 5380 ἀνόμως
1098 5305 1368 5381 ἥμαρτον,
1427 5305 1644 5379 ἀνόμως
1734 5307 1823 5362 καὶ
1890 5306 2024 5362 ἀποο

373 5393 613 5450 λοῦνταιο
673 5396 765 5452 καὶ
826 5396 946 5450 ὅσοι
1012 5393 1064 5448 ἐν
1118 5395 1271 5468 νόμῳ
1329 5394 1596 5469 ἥμαρτον,
1681 5393 1770 5450 διὰ
1849 5391 2024 5468 νὸμου

370 5489 717 5559 κριθήσονται
805 5485 886 5542 Οὐ
946 5483 1050 5559 γὰρ
1105 5485 1156 5537 οἱ
1216 5484 1476 5559 ἀκροαταὶ
1533 5489 1631 5540 τοῦ
1709 5485 1883 5558 νόμου
1939 5483 2024 5540 δί-

365 5596 505 5632 καιοι
547 5579 697 5652 παρὰ
755 5579 839 5647 τῷ
907 5578 1046 5647 Θεῷ,
1100 5573 1227 5630 ἀλλ’
1295 5575 1352 5628 οἱ
1408 5575 1636 5648 ποιηταὶ
1688 5579 1786 5631 τοῦ
1844 5576 2020 5650 νόμου

364 5662 850 5741 δικαιωθήσονται.

2776 5050 3006 5107 CAPUT
3040 5055 3138 5109 IlI.

2138 5139 2210 5194 De
2219 5137 2437 5209 judicio
2468 5138 2616 5207 quod
2641 5140 2824 5206 fertur
2853 5143 3107 5199 adversus
3137 5148 3414 5203 Israelitas
3437 5146 3637 5216 legalia
3668 5165 3778 5206 non

2808 5240 3099 5290 servantes.

2205 5316 2275 5382 II,
2311 5317 2397 5378 t2.
2434 5315 2517 5369 i3.
2554 5317 2686 5370 Nam
2717 5321 3031 5391 quicunque
3066 5323 3186 5378 sine
3236 5325 3350 5394 lege
3390 5335 3756 5396 peccaverunt

2132 5407 2246 5461 sine
2276 5405 2392 5474 lege
2411 5405 2695 5474 peribunt.
2729 5415 2780 5460 et
2809 5411 3120 5480 quicunque
3150 5414 3209 5465 in
3241 5412 3356 5483 lege
3389 5425 3775 5486 peccaverunt,

2125 5512 2229 5567 per
2263 5493 2437 5562 legem
2482 5493 2907 5562 judicabantur.
2954 5501 3073 5554 Non
3123 5504 3267 5556 enim
3327 5505 3606 5561 auditores
3647 5506 3781 5579 legis

2119 5587 2265 5657 justi
2293 5589 2420 5640 sunt
2450 5585 2603 5652 apud
2633 5585 2819 5658 Deum,
2851 5589 2946 5642 sed
2995 5589 3092 5661 qui
3143 5592 3312 5663 legem
3365 5597 3528 5665 factis
3588 5597 3778 5667 expri-

2127 5680 2302 5745 munt,
2323 5673 2807 5747 justiﬁcabuntur.
