4112 6250
366 335 481 397 355

1482 328 1899 393 (ECUMENII
1943 326 2247 390 TRICCE
2290 330 2634 398 EPISCOPI

3654 354 3771 415 356

439 470 764 527 Ostendero
787 469 909 525 vult
928 468 1086 540 quod
1108 483 1241 523 cum
1255 467 1369 523 due
1392 466 1781 538 peccaverint,
1797 480 1991 534 nempt

2144 551 2156 557 _
2200 467 2375 557 Δεῖξαι
2409 469 2561 533 θελεῖ
2589 472 2641 527 ἐν
2690 470 2786 530 δύο
2828 476 3226 555 ἁμαρτήσασιν,
3278 481 3528 557 Ἰουδαίῳ
3572 505 3634 540 τε
3685 486 3779 541 καὶ

365 562 600 617 Ιιιᾱῖειιε
633 577 699 615 ac
730 560 1146 631 praeputiatus,
1188 557 1418 630 gravius
1464 555 1708 627 punitur
1755 553 2018 627 Judaeus,

372 668 439 707 eo
473 651 653 720 quod,
687 650 865 704 etiam
902 648 1091 719 legem
1124 647 1350 702 habens
1380 646 1513 700 vita:
1546 646 1778 709 ducem,
1812 657 2021 714 pecca-

370 741 554 796 verit:
590 739 1007 810 prazputiatum
1039 753 1172 791 vero
1208 735 1438 790 inducit
1466 750 1594 789 ειιιθ
1614 734 1739 804 lege
1765 746 2019 803 peccan-

373 835 514 895 tem,
548 828 649 899 qui
676 828 804 881 sine
838 827 986 897 lege,
1019 825 1235 894 inquit,
1270 823 1490 894 peribit
1522 839 1534 876 :
1571 824 1681 876 hoc
1739 825 1847 885 est,
1897 835 2016 873 non

363 921 538 992 juxta
566 917 712 988 legis
737 915 1126 972 exactionem.
1153 913 1311 984 quod
1335 912 1700 966 moderatam
1723 909 2020 981 significat

371 1007 810 1081 perditionem:
852 1005 1119 1059 Judaeum
1168 1019 1304 1057 vero
1354 1019 1425 1056 ex
1477 1000 1821 1071 praescripto
1871 997 2016 1070 legis

370 1099 515 1153 dicit
544 1096 1073 1169 praevaricatorem,
1108 1093 1207 1163 qui
1242 1108 1348 1163 per
1375 1091 1587 1162 legem,
1615 1089 2017 1160 inquit,quam

367 1194 775 1260 transgressus
807 1189 898 1239 est
918 1182 1322 1254 judicabitur;
1354 1181 1465 1235 hoc
1495 1185 1693 1235 autem
1724 1177 2019 1249 significat

364 1278 651 1333 acriorem
670 1273 1288 1346 perditionem.lpsum
1302 1286 1436 1324 vero
1450 1265 2011 1340 appellatjudicium

360 1382 482 1421 non
505 1363 916 1436 perditionem,
941 1377 1009 1414 eo
1032 1359 1191 1430 quod
1212 1366 1492 1428 tanquam
1516 1351 2005 1424 forumjudiciale

366 1454 753 1510 existimetur.
778 1451 988 1505 Verum
1013 1451 1060 1503 si
1084 1448 1319 1521 gravius
1340 1441 2015 1518 puniturludmusjuxta

364 1541 895 1615 praescriptionem,
928 1537 1228 1610 quomodo
1261 1536 1332 1591 de
1363 1537 1561 1591 Graeco
1593 1531 1836 1604 quidem
1866 1529 2015 1583 dixit

369 1655 391 1682 ι
418 1631 720 1694 Peribunt,
754 1656 779 1680 ιι
816 1629 887 1684 de
913 1629 1113 1683 Judmo
1141 1633 1362 1693 autem,
1414 1648 1441 1675 ‹‹
1475 1621 1901 1679 iudicabuntur
1923 1617 1950 1673 ?
1981 1639 2009 1668 »

366 1719 785 1785 Quorumillud
805 1718 1136 1772 indubitato
1162 1715 1384 1770 malum
1417 1729 1547 1768 esse
1578 1711 1825 1775 videtur,
1854 1706 2012 1764 istud

366 1825 501 1864 vero
533 1810 594 1862 in
623 1807 870 1862 dubium
904 1806 1111 1859 referri
1152 1802 1388 1876 potest?
1417 1801 1528 1856 Sed
1583 1799 1819 1856 adverte
1852 1799 2009 1870 quod

361 1920 390 1947 «
422 1897 719 1952 Judicium
757 1918 783 1944 ››
815 1901 984 1950 vocat
1020 1894 1117 1948 hic
1145 1891 1724 1951 condemnationem,
1755 1889 1865 1942 hoc
1924 1893 2013 1943 est

360 1986 761 2040 indubitatam
795 1983 1188 2055 perditionem
1212 1999 1225 2046 ;
1247 1987 1332 2036 est
1360 1988 1558 2036 autem
1579 1977 1808 2051 punitio
1831 1993 2010 2047 supra

360 2075 763 2144 punitionem,
817 2078 874 2127 et
939 2077 1256 2141 utrumque
1314 2069 1576 2124 indubize
1635 2065 2005 2138 perditionis,

362 2163 696 2218 Aliter.Hoc
725 2162 851 2216 loco
885 2178 1006 2215 non
1036 2160 1323 2231 aequalem
1357 2157 1618 2213 ostendit
1659 2156 2006 2228 dignitatem

358 2251 549 2306 Judaei
573 2256 629 2305 et
649 2251 853 2313 Grzeci,
890 2249 991 2304 sed
1020 2249 1287 2303 Judaeum
1311 2264 1343 2302 a
1374 2247 1517 2319 legis
1539 2246 1778 2300 datione
1801 2243 2008 2299 admo-

356 2340 495 2395 dum
531 2357 660 2394 esse
692 2339 869 2393 etiam
899 2343 1220 2410 gravatum.
1266 2336 1417 2392 223
1465 2336 1698 2389 Graecus
1746 2347 2005 2403 namque

356 2429 485 2484 sine
519 2429 645 2500 lege
669 2428 989 2499 judicatur.
1026 2425 1192 2491 Quod
1222 2430 1421 2480 autem
1472 2423 1651 2479 habet
1698 2423 1817 2487 hic,
1873 2422 2002 2476 sine

347 2517 502 2590 lege,
546 2534 664 2571 non
695 2518 925 2590 gravius
957 2515 1119 2582 dicit,
1152 2515 1254 2571 sed
1283 2514 1518 2569 mitius:
1552 2514 1662 2568 hoc
1721 2518 1829 2581 est,
1881 2527 2000 2565 non

342 2609 525 2663 habet
544 2614 923 2663 accusantem
946 2608 1154 2678 legem.
1181 2608 1321 2660 Nam
1350 2606 1477 2660 sine
1501 2603 1715 2675 lege.id
1740 2609 1828 2656 est
1856 2600 1998 2656 abs-

341 2714 454 2767 que
493 2697 654 2751 illius
687 2696 1205 2761 condemnatione,
1237 2712 1270 2750 a
1291 2701 1516 2749 natura:
1537 2695 1727 2748 solum
1760 2691 2001 2746 ratioci-

340 2786 685 2841 nationibus
704 2784 1139 2838 condemnatur
1165 2801 1175 2835 :
1200 2782 1435 2837 Iudaeus
1458 2797 1592 2836 vero
1616 2779 2000 2836 conformiter

340 2873 413 2928 ad
443 2874 668 2944 legem:
692 2874 805 2927 hoc
831 2878 919 2928 est
942 2872 1067 2943 lege
1092 2870 1268 2926 simul
1297 2888 1431 2926 cum
1464 2876 1677 2925 natura
1703 2868 1992 2924 condem-

340 2969 559 3029 nante;
598 2962 820 3017 etenim
854 2979 969 3032 quo
1006 2961 1195 3032 major
1224 2960 1295 3015 de
1337 2977 1405 3015 eo
1454 2976 1595 3014 cura
1643 2957 1990 3023 habebatur,

342 3058 503 3107 tanto
540 3053 796 3121 majores
832 3051 996 3105 dabit
1025 3067 1246 3121 pcnnas.
1285 3071 1313 3099 ι(
1347 3051 1470 3104 Non
1506 3049 1662 3103 enim
1689 3048 1990 3103 auditores

332 3141 498 3214 legis.
529 3163 551 3191 η
580 3141 635 3195 Si
662 3141 904 3211 quidem
938 3139 1279 3194 hominibus
1329 3138 1595 3193 fortassis
1652 3138 1982 3208 imponunt.

2132 551 2474 649 ἀκροϐύστῳ,
2526 567 2714 640 χεῖρον
2768 567 2859 622 τὸν
2916 568 3180 626 Ἰουδαῖον
3231 580 3613 649 τιμωρεῖσθαι,
3666 574 3781 648 ὅσῳ

2130 642 2221 748 καὶ
2260 645 2435 748 νόμου
2493 649 2702 726 ὁδηγοῦ
2762 655 3067 733 εὐπορήσας
3118 642 3395 737 ἥμαρτεν.
3446 642 3666 737 ἀνόμως
3726 642 3785 719 δῖ

2131 734 2509 830 ἀμαρτάνοντα
2568 741 2769 818 εἰσάγει
2826 746 2918 801 τὸν
2991 745 3349 825 ἀκρόϐυστον,
3435 753 3514 823 ὃς,
3583 753 3775 830 φησὶν,

2128 818 2350 893 ἀνόμως
2432 827 2742 886 ἀπολεῖται·
2817 818 3112 909 τουτέστιν,
3192 840 3254 894 οὐ
3321 843 3453 915 μετὰ
3501 818 3785 917 ἀκριϐείας

2126 909 2319 1004 γόμου,
2349 912 2575 986 ὅδηλοῖ
2626 922 2724 990 τήν
2778 924 3088 1001 σύμμετρον
3144 927 3444 988 ἀπώλειαν.
3499 932 3784 1004 Ἐννόμως

2127 994 2184 1099 δε
2217 1002 2524 1099 ἁμαρτόντα
2554 1005 2703 1084 λέγει
2731 1013 2823 1068 τὸν
2865 1013 3148 1087 Ἰουδαῖον,
3205 1020 3283 1082 ὅς,
3332 1021 3489 1099 φησὶ,
3541 1019 3630 1076 διὰ
3676 1026 3779 1077 τοῦ

2125 1088 2304 1161 νόμου
2336 1090 2392 1146 ὅν
2421 1093 2769 1169 παραϐέϐηκε
2816 1107 3155 1177 κριθήσεται,
3208 1088 3453 1164 τουτέστι
3509 1131 3774 1186 κατακρι-

2124 1182 2576 1280 θήσεται.-Δηλοῖ
2602 1188 2661 1280 δὲ
2689 1197 2851 1250 τοῦτο
2880 1198 2979 1266 τήν
3010 1199 3233 1273 χείρονα
3281 1201 3580 1259 ἀπώλειαν.
3644 1182 3776 1280 Κρί-

2123 1290 2205 1368 σιν
2222 1269 2296 1368 *δὲ
2325 1276 2492 1346 αὐτήν
2526 1278 2705 1349 καλεῖ,
2730 1283 2820 1338 καὶ
2848 1284 2946 1340 οὐκ
2980 1287 3275 1359 ἀπώλειαν,
3318 1287 3407 1346 διὰ
3421 1293 3483 1347 τὸ
3514 1269 3770 1368 ἡγεὶσόαι

2123 1360 2184 1414 τὸ
2217 1358 2590 1458 δικαστήριον.
2624 1370 2689 1426 Εἰ
2720 1378 2909 1451 χεῖρον
2941 1376 3034 1431 οὗν
3067 1378 3096 1431 6
3123 1358 3388 1443 Ἰουδαῖος
3442 1358 3770 1458 τιμωρεῖται

2120 1452 2257 1505 κατὰ
2286 1455 2389 1547 την
2437 1465 2822 1539 παραγραφὴν,
2876 1470 2994 1529 πῶς
3053 1467 3141 1522 ἐπὶ
3186 1469 3282 1542 μὲν
3332 1476 3430 1527 τοῦ
3468 1471 3772 1547 ⁶¹Ελληνος,

2125 1540 2576 1640 ςῖΑπολοῦνται,
2603 1572 2632 1599 υ
2664 1550 2828 1640 εἶπεν,
2864 1552 2949 1610 ἐπὶ
2997 1553 3055 1611 δὲ
3081 1540 3212 1640 τοῦ,
3236 1557 3523 1629 Ἰουδαίου,
3575 1586 3605 1613 ι(
3638 1540 3771 1637 Κριί

2122 1630 2380 1717 ρήσονται
2418 1644 2432 1694 ;
2474 1650 2502 1681 »
2554 1630 2649 1684 Ὧν
2704 1632 2766 1687 τὸ
2824 1634 2919 1705 μὲν
2974 1633 3350 1717 ἀναμφίϐολον
3407 1642 3573 1696 κακὸν
3632 1630 3774 1699 εἶναι

2121 1705 2291 1806 δοκεῖ,
2318 1714 2381 1768 τὸ
2413 1713 2470 1771 δὲ
2518 1715 2872 1793 ἀμφίϐολοδ;
2936 1705 3414 1806 ἰκλλδιιπρόσχες.
3468 1756 3497 1782 ‹‹
3534 1737 3717 1806 Κρῖμα
3744 1757 3770 1785 υ

2120 1795 2344 1896 ἐνταῦθα
2398 1806 2461 1860 τὸ
2515 1810 2827 1884 κατάκριμα
2882 1813 3050 1889 λέγει,
3131 1817 3379 1874 τουτέστι
3438 1822 3540 1890 τὴν
3609 1822 3770 1896 ἀναμ-

2120 1884 2348 1985 φέϐολον
2405 1895 2682 1953 ἀπώλειαν
2742 1897 2915 1972 δηλιῖ·
2958 1884 3123 1960 -ἀλλὰ
3178 1900 3251 1961 ἔνι
3304 1884 3551 1984 τιμωρία
3627 1884 3759 1985 παρά

2117 1981 2411 2073 τιμωρίαν,
2443 1986 2631 2041 καὶτὰ
2675 1985 2771 2044 δύο
2831 1992 2933 2047 οὐκ
2986 1990 3303 2073 ἀμφίϐολον
3359 1981 3667 2062 ἀπωλείας.
3696 1981 3757 2043 ί-

2116 2065 2363 2161 Ἂλλως.
2451 2074 2709 2131 Ἐνταῦθα
2779 2079 2841 2134 οὐ
2922 2065 3091 2154 μόνον’
3170 2085 3440 2161 ἰσοτιμίαν
3496 2084 3760 2144 δείκνυσιν

2116 2154 2391 2215 Ἰουδαίου
2422 2183 2479 2218 τε
2507 2165 2597 2219 καὶ
2627 2165 2924 2240 Ἕλληνος,
2957 2170 3104 2228 ἀλλά
3158 2176 3249 2230 καὶ
3298 2154 3443 2232 πολύ
3480 2181 3576 2233 τὸν
3625 2180 3761 2236 Ἰου-

2116 2246 2272 2343 δοιῖογΔ
2299 2248 2632 2343 βαρούμενον
2660 2255 2768 2311 ἀπὸ
2806 2265 2906 2327 τῆς
2953 2265 3053 2315 τοῦ
3095 2264 3266 2335 νόμου
3317 2261 3538 2329 δόσεως.
3571 2268 3629 2322 Ὀ
3665 2270 3759 2343 μὶν

2113 2334 2215 2428 γὰρ
2248 2336 2461 2411 Ἕλλην
2518 2342 2739 2416 ἀνόμως
2791 2348 3051 2421 κρίνεται.
3112 2334 3186 2407 Τὸ
3245 2350 3325 2421 δὲ,
3376 2353 3613 2428 ἀνόμως,
3665 2334 3760 2411 ’ἐν-

2109 2426 2277 2520 ταῦοα
2328 2428 2389 2483 οὐ
2445 2432 2508 2520 τὸ
2567 2433 2980 2520 χαλεπώτερον,
3069 2440 3215 2496 ἀλλὰ
3267 2442 3331 2496 τὸ
3409 2426 3760 2520 ἡμερώτερον

2111 2510 2278 2589 λέγει,
2309 2519 2603 2590 τουτέστιν,
2649 2522 2748 2579 οὐκ
2797 2518 2914 2601 ἔχει
2973 2534 3381 2604 κατηγοροῦντα
3435 2533 3521 2587 τὸν
3555 2532 3750 2606 νόμον.

2108 2605 2183 2662 Τὸ
2211 2607 2335 2682 γὰρ,
2369 2610 2604 2683 ἀνόμως,
2634 2617 2902 2684 τουτέστι,
2963 2620 3142 2697 χωρὶς
3188 2627 3289 2690 τῆς
3331 2620 3527 2678 ἐκείνου
3581 2645 3756 2679 κατα-

2107 2694 2365 2786 κρίσεως,
2389 2698 2494 2754 ἀπὸ
2528 2706 2651 2786 acim
2705 2708 2803 2774 τῆς
2858 2707 3068 2785 φύσεως
3124 2706 3409 2786 λογισμῶν
3466 2710 3759 2767 καταδικά-

2108 2779 2253 2866 ζεται
2297 2777 2483 2866 μόνον,
2519 2781 2547 2835 6
2579 2781 2636 2839 δὲ
2665 2777 2929 2849 Ἰουδαῖος
2985 2777 3247 2862 ἐννόμως,
3295 2777 3565 2862 τουτέστι,
3624 2794 3759 2866 μετὰ

2104 2863 2203 2957 τῇς
2262 2864 2493 2941 φύσεως,
2553 2870 2641 2927 καὶ
2700 2878 2796 2929 τοῦ
2851 2875 3026 2949 νόμου
3080 2883 3543 2957 κατηγοροῦντος.
3603 2885 3755 2956 Ὀσῳ

2102 2950 2205 3025 γὰρ
2252 2955 2507 3044 πλείονος
2556 2961 2867 3031 ἀπήλαυσεν
2923 2950 3260 3038 ἐπιμελείας,
3299 2950 3568 3044 τοσούτῳ
3638 2950 3746 3044 psi;

2104 3046 2231 3110 ζοια
2260 3040 2419 3101 δώσει
2456 3046 2634 3121 δίκην.
2669 3077 2696 3105 ‹‹
2728 3054 2807 3110 Οὐ
2838 3055 2939 3130 γὰρ
2970 3057 3021 3110 οἱ
3052 3058 3310 3131 ἀκροαταὶ
3341 3064 3438 3115 τοῦ
3491 3062 3691 3134 νόμου.
3725 3087 3745 3115 ι

2099 3132 2258 3196 Ἶσως
2345 3138 2444 3212 γὰρ
2532 3139 2850 3217 ἀνθρώπους
2926 3148 3226 3220 πλανῶσιν,
3303 3147 3434 3205 ἀλλ’
3494 3132 3574 3205 οὖν
3628 3154 3756 3215 τοὺς

333 3246 536 3284 verum
574 3236 722 3285 Deus
755 3246 872 3284 non
906 3246 1030 3283 esse
1058 3246 1181 3297 eos,
1205 3228 1305 3299 qui
1324 3227 1514 3300 legem
1537 3227 1988 3296 audiuntjustos

2104 3222 2370 3297 ἀκροατὰς
2398 3232 2494 3282 τοῦ
2524 3231 2698 3305 νόμου
2732 3231 2938 3290 δικαιοῖ
2968 3236 2994 3290 6
3027 3237 3179 3305 Θεὸς,
3213 3235 3359 3293 ἀλλὰ
3407 3239 3537 3302 τοὺς
3583 3262 3754 3313 ποιη-

328 3320 527 3385 habet,
560 3320 664 3375 sed
696 3320 826 3375 illos
862 3320 962 3390 qui
994 3320 1163 3374 factis
1199 3319 1557 3390 exprimunt.

398 3410 470 3473 Il,
506 3411 685 3463 14-16.
722 3412 856 3464 Nam
904 3426 1022 3463 cum
1084 3415 1266 3477 gentes
1317 3408 1485 3478 legem
1536 3425 1647 3462 non
1700 3408 1982 3475 habentes,

328 3503 533 3552 natura
562 3497 698 3551 duce
727 3514 848 3567 quae
878 3497 1010 3567 legis
1040 3504 1186 3565 sunt,
1241 3500 1495 3566 fecerint,
1549 3498 1609 3551 hi
1661 3499 1826 3567 legem
1874 3514 1987 3552 non

332 3587 589 3641 habentes
618 3587 723 3642 sibi
756 3586 886 3656 ipsis
915 3593 1043 3641 sunt
1075 3587 1198 3641 lex:
1227 3589 1326 3656 qui
1357 3589 1648 3641 ostendunt
1685 3602 1819 3657 opus
1853 3588 1985 3656 legis

324 3679 595 3746 scriptum
628 3676 685 3731 in
718 3677 972 3732 cordibus
1006 3679 1137 3744 suis,
1195 3677 1362 3732 simul
1415 3683 1717 3732 attestantc
1763 3677 1983 3732 illorum

324 3765 684 3832 conscientia,
721 3773 774 3820 et
827 3766 1256 3835 cogitationibus
1306 3765 1454 3820 inter
1500 3782 1556 3821 se
1604 3767 1983 3821 accusantibus

331 3863 428 3911 aut
456 3859 622 3912 etiam
645 3857 1050 3925 excusantibus,
1086 3859 1145 3911 in
1176 3857 1264 3911 die
1284 3857 1506 3926 quando
1527 3857 1809 3927 judicabit
1843 3859 1981 3912 Deus

329 3948 540 4002 occulta
566 3948 850 4001 hominum
881 3947 1176 4002 secundum
1228 3946 1588 4015 Evangelium
1633 3963 1831 4012 meum,
1876 3963 1979 4017 per

323 4036 506 4091 Iesum
535 4036 826 4093 Christum.

395 4238 423 4264 ‹‹
458 4216 596 4281 Quae
629 4214 774 4288 legis
798 4221 935 4269 sunt
966 4214 1235 4280 fecerint,
1264 4237 1292 4266 »
1325 4217 1557 4271 Natura;
1580 4215 1976 4271 ratiocinatio-

323 4304 500 4359 nibus
523 4305 597 4359 ad
616 4305 755 4359 boni
771 4304 1215 4374 operationibus
1236 4310 1489 4359 utentes.
1504 4303 1851 4360 Admiraudi
1873 4322 1974 4360 au-

321 4401 440 4450 tem
477 4401 613 4451 sunt
644 4395 705 4449 hi
739 4396 839 4466 qui
894 4394 1020 4465 lege
1079 4394 1394 4467 paedagogo
1436 4411 1556 4448 non
1613 4401 1807 4467 egent,
1866 4396 1969 4450 sed

315 4483 431 4538 sibi
466 4484 613 4555 ipsis
643 4484 834 4557 legem
864 4483 1082 4547 ferunt,
1116 4500 1181 4538 ac
1211 4483 1391 4538 latam
1420 4482 1719 4554 complent
1750 4483 1963 4556 legem.

2096 3312 2214 3373 τάς.

2167 3403 2332 3495 Ὀταν
2367 3406 2471 3482 γὰρ
2528 3401 2653 3479 ἔθνη
2713 3411 2776 3464 τὰ
2839 3415 2914 3485 μὴ
2974 3413 3144 3488 νόμον
3192 3409 3415 3489 ἔχοντα,
3468 3417 3619 3495 φύσει
3687 3420 3756 3475 τά

2096 3495 2198 3545 τοῦ
2226 3492 2397 3564 νόμου
2447 3501 2604 3569 ποιῇ,
2661 3499 2811 3555 οὗτοι
2869 3503 3038 3574 νόμον
3100 3504 3177 3576 μή
3236 3492 3488 3580 ἔχοντες,⁷
3526 3506 3746 3568 ἑαυτοῖς

2097 3581 2199 3637 εἰσι
2286 3585 2477 3658 νόμος.
2552 3588 2766 3651 Οἳτινες
2852 3589 3210 3649 ἐνδείκνυνται
3291 3596 3354 3649 τὸ
3431 3588 3585 3669 ἔργον
3638 3599 3740 3650 τοῦ

2090 3669 2262 3743 νόμου
2321 3676 2564 3748 γραπτὸν
2620 3677 2670 3732 ἐν
2739 3684 2856 3741 ταῖς
2921 3679 3169 3756 καρδίαις
3239 3682 3438 3753 αὐτῶν,
3485 3704 3744 3760 συμμαρ-

2088 3762 2359 3836 τυρούσης
2446 3765 2623 3821 αὐτῶν
2709 3776 2809 3837 τῆς
2884 3768 3267 3842 συνειδήσεως,
3352 3774 3443 3828 καὶ
3552 3776 3750 3847 μεταξὺ

2088 3846 2357 3921 ἀλλήλων
2416 3858 2523 3909 τῶν
2605 3854 2889 3933 λογισμῶν
2968 3861 3445 3937 κατηγορούντων,
3652 3865 3741 3919 καὶ

2087 3936 2544 4014 ἀπολογουμένων
2632 3943 2683 3998 ἐν
2768 3948 2950 4022 ἡμέρᾳ
3063 3950 3153 4005 ’ὀτε
3237 3934 3415 4024 κρίνεῖ
3497 3952 3525 4006 6
3611 3952 3729 4007 Θεὸς

2084 4026 2152 4082 τὰ
2235 4031 2446 4103 κρυπτά
2527 4038 2634 4088 τῶν
2719 4035 3042 4110 ἀνθρώπων,
3091 4040 3229 4094 κατὰ
3279 4040 3343 4095 τὸ
3402 4039 3723 4116 Εὐαγγὲλιόν

2088 4139 2216 4191 μου,
2253 4116 2342 4174 διὰ
2370 4120 2550 4189 Ἰησοῦ
2582 4125 2840 4197 Χριστοῦ.

2154 4234 2180 4261 ‹‹
2216 4209 2298 4266 Τά
2325 4214 2421 4265 τοῦ
2449 4212 2622 4285 νόμου
2671 4218 2886 4289 ποιῇ.»
2950 4219 3082 4279 Τοῖς
3134 4225 3237 4288 τῆς
3296 4218 3509 4295 φύσεως
3566 4218 3728 4294 λογι-

2082 4303 2242 4370 σμοῖς
2264 4299 2529 4375 χρώμενα
2585 4302 2720 4377 πρὸς
2780 4300 3213 4382 δικαιοπραγίαν.
3274 4309 3576 4381 Θαυμάσιοι
3636 4308 3727 4363 οὗν

2082 4385 2231 4441 οὗτοι
2262 4384 2612 4464 παιδαγωγοῦ
2646 4392 2723 4464 μὴ
2779 4388 3076 4463 δεηθέντες,
3126 4395 3280 4450 αὐτοῖ
3329 4397 3617 4468 νομοθέται
3673 4417 3731 4451 τε

2079 4475 2211 4530 εἴσῖν
2236 4477 2460 4543 ἑαυτῶν,
2493 4480 2581 4535 καὶ
2611 4479 2903 4558 πληρωταὶ
2962 4493 3061 4553 τῆς
3117 4485 3468 4560 νομοθεσίας.
3530 4510 3559 4537 ‹‹
3593 4492 3733 4561 Γρα-

318 4592 349 4626 ι(
412 4572 704 4644 Scriptum
764 4573 825 4627 in
891 4572 1188 4627 cordibus.
1254 4594 1280 4619 ››
1340 4573 1538 4642 Neque
1624 4573 1783 4627 enim
1840 4572 1959 4628 illis

2103 4566 2199 4621 :tbv
2252 4566 2304 4621 ἐν
2364 4574 2482 4631 ταῖς
2534 4568 2800 4644 καρδίαις,
2862 4597 2890 4624 ››
2950 4575 3028 4632 Οὐ
3086 4575 3190 4652 γὰρ
3250 4572 3464 4631 δέονται
3513 4582 3612 4632 τοῦ
3671 4575 3727 4631 ὲν

318 4678 466 4733 Opus
497 4667 607 4729 est,
640 4662 855 4732 inquit,
912 4661 1129 4717 litteris
1187 4661 1333 4734 legis
1394 4677 1645 4731 quorum
1707 4678 1808 4716 cor
1864 4662 1959 4717 in-

322 4751 609 4819 scriptum
641 4757 730 4805 est
760 4750 1135 4805 considerata
1182 4750 1331 4822 lege.
1367 4772 1394 4801 «
1447 4752 1776 4805 Attestante
1827 4751 1964 4805 illo-

319 4856 450 4895 rum
481 4839 864 4894 conscientia.
903 4861 927 4887 »
961 4841 1102 4894 Nam
1158 4840 1299 4895 satis
1355 4844 1444 4893 est
1494 4839 1615 4894 illis
1673 4857 1778 4911 pro
1838 4840 1963 4911 lege

316 4926 621 5000 propriam
653 4926 869 4981 habere
902 4933 1279 4982 attestantem
1339 4929 1787 4983 conscientiam.
1837 4952 1861 4979 (ι
1897 4931 1967 4983 Ει

313 5014 771 5090 cogitationibus
824 5015 979 5068 inter
1037 5032 1118 5069 se.
1190 5037 1219 5065 »
1275 5017 1338 5070 In
1397 5033 1464 5071 eo
1526 5017 1687 5071 enim
1737 5016 1964 5087 judicio

310 5124 432 5162 non
463 5111 554 5161 est
586 5105 760 5161 nobis
802 5120 948 5175 opus
991 5104 1338 5160 extrinsecis
1391 5105 1479 5160 vel
1520 5106 1964 5162 accusatoribus

314 5196 407 5251 vel
439 5196 610 5251 utilia
640 5194 811 5250 nobis
852 5193 1195 5248 testimonia
1224 5192 1590 5249 ferentibus:
1625 5194 1727 5248 scd
1759 5197 1964 5267 cujus-

316 5302 429 5355 que
462 5286 847 5358 cogitationes
880 5299 947 5338 ac
978 5283 1345 5337 conscientia
1382 5283 1471 5337 vel
1524 5285 1825 5339 accusabit
1873 5286 1962 5340 vel

316 5374 638 5428 excusabit.
699 5406 762 5414 —
810 5372 975 5438 Quod
1009 5378 1205 5427 autem
1256 5371 1358 5438 ait,
1419 5394 1446 5421 ‹‹
1499 5372 1963 5436 Cogitationibus

316 5461 473 5516 inter
494 5479 578 5527 se,
603 5485 623 5512 ι
655 5479 760 5532 per
783 5461 1151 5533 hyperbaton
1182 5459 1407 5514 dictum
1430 5465 1545 5513 est:
1581 5462 1965 5532 consequitur

310 5567 568 5622 namque
591 5550 663 5605 ad
684 5551 741 5604 id
758 5550 915 5621 quod
938 5550 1272 5620 praecessit:
1295 5572 1319 5596 ‹‹
1339 5551 1463 5603 Non
1489 5550 1645 5604 enim
1662 5551 1962 5608 auditores

306 5638 455 5713 legis
479 5638 626 5710 justi
659 5645 800 5692 sunt
837 5639 993 5708 apud
1030 5641 1232 5706 Deum,
1267 5637 1368 5693 sed
1403 5638 1500 5708 qui
1546 5637 1733 5711 legem
1791 5641 1961 5698 factis

2073 4655 2367 4742 γράμμασι
2392 4657 2584 4731 νόμου,
2618 4661 2804 4737 φησὶν,
2835 4659 2980 4718 ἀλλά
3031 4663 3249 4729 τούτοις
3279 4667 3313 4735 ἡ
3369 4662 3587 4740 καρδία,
3638 4660 3731 4742 ἔγ-

2074 4764 2313 4819 γραπτον
2342 4741 2459 4823 ἔχει
2488 4749 2918 4824 κατανοούμενον
2948 4752 3039 4806 τὸν
3070 4755 3260 4826 νόμον,
3323 4778 3351 4805 ‹‹
3387 4761 3730 4830 Συμμαρτυ-

2076 4833 2274 4906 ρούσης
2318 4836 2492 4892 αὐτῶν
2545 4846 2646 4909 τῆς
2702 4837 3077 4911 συνειδήσεως.
3114 4867 3141 4894 ››
3202 4844 3389 4917 Ἀρκεῖ
3444 4844 3548 4920 γὰρ
3609 4842 3727 4898 ἀντὶ

2072 4929 2169 4979 τοῦ
2219 4928 2395 5000 νόμου
2451 4932 2551 5000 τὴν
2608 4931 2809 4986 οἰκείαν
2858 4931 3161 5005 συνείδησιν
3216 4929 3362 5010 ἔχειν
3425 4940 3731 5012 μαρτυροῦ-

2075 5039 2186 5074 σαν.
2246 5044 2272 5070 α
2307 5022 2401 5075 Καὶ
2464 5021 2660 5093 μεταξὺ
2723 5020 2989 5094 ἀλλήλων
3049 5030 3158 5079 τῶν
3205 5025 3510 5102 λογισμῶν.
3559 5052 3587 5079 ››
3633 5030 3724 5084 Ἐν

2075 5106 2262 5180 ἐκείνῳ
2299 5109 2401 5185 γὰρ
2458 5114 2539 5182 τῷ
2594 5112 2888 5186 κριτηρίῳ,
2932 5113 2993 5168 οὐ
3057 5110 3291 5188 δεόμεθα
3348 5121 3453 5173 τῶν
3508 5112 3729 5187 ἔξωθεν,

2072 5191 2109 5265 ἤ
2141 5198 2616 5272 κατηγορούντων,
2651 5198 2687 5269 ἤ
2726 5201 3153 5276 μαρτυρούντων
3184 5206 3318 5277 ἡμῖν
3373 5206 3439 5260 τὰ
3488 5206 3727 5282 γρηστά,

2073 5284 2200 5340 ἀλλ’
2232 5287 2282 5339 οἱ
2314 5286 2541 5343 ἑκάστου
2600 5287 2863 5362 λογισμοὶ
2916 5291 3006 5346 καὶ
3063 5291 3124 5347 τὰ
3181 5292 3449 5362 συνειδὸς,
3482 5295 3516 5364 ἢ
3561 5316 3729 5366 κατη-

2071 5380 2227 5449 γορεῖ
2253 5375 2288 5444 ἢ
2322 5374 2702 5453 ἀπολογεῖται.
2737 5380 2944 5453 [ΦΩΤ.]
2980 5381 3054 5438 Τὸ
3086 5378 3163 5447 δὲ,
3206 5383 3402 5456 μεταξὺ
3456 5382 3724 5455 ἀλλήλων

2070 5469 2177 5519 τῶν
2211 5462 2518 5541 λογισμῶν,
2570 5470 2689 5532 καθ’
2750 5466 3048 5544 ὑπερϐατὸν
3109 5470 3350 5544 εἴρηται.
3420 5474 3536 5551 Ἐφ’
3599 5474 3724 5545 ἑξῆς

2068 5556 2168 5632 γάρ
2202 5554 2313 5612 ἐστι
2343 5563 2459 5630 τοῦ,
2496 5583 2522 5611 ιι
2550 5560 2623 5615 Ού
2653 5562 2757 5636 γὰρ
2790 5563 2843 5616 οἱ
2873 5561 3130 5639 ἀκροαταὲ
3162 5568 3259 5620 τοῦ
3288 5565 3465 5638 νόμου
3516 5564 3725 5623 δίκαιοι

2069 5646 2215 5722 παρά
2242 5650 2320 5720 τῷ
2341 5651 2477 5723 Θεῷ,
2508 5644 2637 5703 ἀλλ’
2665 5651 2718 5704 οἱ
2768 5652 2994 5724 ποιηταὶ
3031 5656 3133 5707 τοῦ
3180 5653 3353 5728 νόμου
3404 5652 3605 5711 δικαιω
3622 5658 3725 5731 02i-
