4112 6250
371 326 485 386 351

1487 321 1905 383 CDMMENT.
1957 321 2034 380 IN
2086 319 2331 380 EPIST.
2376 321 2480 382 AD
2531 324 2715 383 llOEl.

3691 342 3810 401 858

378 479 580 515 σονται.
617 479 640 509 ι
671 455 980 531 Ἑρμηνεία
1041 457 1144 533 γάρ
1183 455 1292 511 ἐστι
1351 459 1467 516 πῶς
1527 453 1576 508 οἱ
1640 454 1732 525 μὲν
1774 450 2035 508 δικαιοῦν-

2159 454 2674 526 exprimuut,justi
2703 456 3102 516 habebuntur.
3120 485 3145 510 ‹‹
3169 462 3469 534 Siquidem
3493 469 3814 532 declaratio

832 543 856 562 δ

373 571 488 604 ται.
527 575 545 599 ο
605 547 655 600 0".
713 543 774 600 δὲ
831 543 1208 604 δικαιοῦνται.
1250 545 1351 601 Καὶ
1398 565 1580 622 φησιν,
1632 541 1715 597 ὅτι
1759 541 1820 596 οὐ
1855 539 2051 613 δεομέ-

374 659 478 692 νου
509 641 601 691 τοῦ
656 632 950 706 κριτηρίου
1018 631 1329 708 μαρτόρυυν,
1385 637 1445 685 0'3
1501 633 1661 684 τινῶν
1693 626 1882 698 ἔξωθεν
1912 627 2046 682 ἀπο-

385 724 630 796 δείξεων,
686 720 811 776 ἀλλ’
883 720 1105 784 οἷ’κοθεν
1167 719 1218 790 ἐξ
1277 719 1450 774 αὐτῶν
1493 725 1599 774 τῶν
1635 717 1926 795 λογισμῶν
1957 715 2047 770 καὶ

385 819 428 884 ἡ
464 813 692 886 ἁμαρτία
747 811 1102 886 παρίσταται,
1165 810 1254 865 καὶ
1313 812 1346 878 ἡ
1393 809 1557 884 αρετὴ
1613 805 1876 876 ἐπίδηλος
1906 807 2049 879 γίνεο

397 927 514 960 ται.
551 906 640 958 Διὸ
689 903 778 956 κᾶν
839 903 890 956 οἱ
950 900 1230 970 ἅνθρωποι
1283 898 1506 954 ἐνταῦθα
1563 899 1832 962 ἀοωῶσιν,
1875 896 1936 951 οῦ
1970 893 2051 950 δεῖ

395 994 623 1053 τούτους
676 991 909 1065 Οαρῥεῖψ
997 988 1153 1044 οὐδὲν
1234 990 1334 1064 γάρ
1423 988 1622 1052 ἐκεῖθεν
1677 984 2045 1062 ὠφελήσουσι.

389 1080 505 1138 Κᾶν
555 1079 716 1135 πάλιν
749 1079 1174 1154 κατακρίνωσιν,
1229 1080 1292 1133 οὐ
1344 1079 1455 1152 χρὴ
1517 1075 1837 1150 φροντίζειν.
1883 1073 2049 1130 Οὐδὲν

382 1171 496 1248 γὰρ
556 1169 665 1224 ἐκεῖ
715 1168 1041 1244 βλάψουσιν,
1108 1167 1234 1223 ἀλλ’
1292 1167 1445 1242 ἀρκεῖ
1499 1167 1588 1221 καὶ
1631 1165 1705 1227 εἰς
1736 1164 2049 1239 κατάκρισιν

379 1258 478 1313 καί
539 1259 613 1319 si;
670 1258 938 1331 ἀοώωσιν,
996 1260 1030 1326 ἡ
1087 1262 1195 1312 τῶν
1253 1257 1465 1311 οἰκείων
1526 1255 1807 1329 λογισμῶν
1867 1252 2047 1308 συναί-

376 1359 582 1418 σθησις
614 1348 703 1401 καὶ
742 1346 1028 1422 μαρτυρία.
1087 1347 1235 1401 Διατί
1289 1343 1344 1400 δὲ
1383 1346 1571 1400 εἲπών·
1612 1370 1631 1395 α
1666 1342 2048 1418 Κατηγορούν-

366 1461 487 1494 των
544 1445 653 1493 τῶν
715 1439 1024 1515 λογισμῶν,
1061 1463 1089 1490 ››
1153 1438 1252 1493 οὐκ
1310 1439 1447 1494 εἶπε.
1509 1462 1536 1490 ‹‹
1572 1437 2041 1504 Δικαιούντων;ι

365 1530 553 1591 οὓτως
587 1532 692 1604 γὰρ
739 1527 795 1582 ἂν
851 1526 1174 1597 ἐδηλοῦντο,
1227 1529 1277 1582 οἱ
1325 1525 1690 1598 κολαζόμενοί
1721 1546 1778 1581 τε
1810 1523 1900 1579 διὰ
1929 1527 2048 1593 τοῦ,

367 1641 398 1671 α
421 1616 931 1692 Κατηγορούντων,
952 1638 978 1668 υ
1017 1616 1110 1670 καὶ
1135 1617 1186 1670 οἱ
1209 1618 1512 1688 σωζόμενοι
1541 1613 1629 1670 διὰ
1651 1611 2054 1682 τοῦ,Δικαιούν-

361 1735 504 1768 των.
563 1716 678 1766 Νῦν
732 1709 789 1765 δὲ
838 1711 914 1772 ὡς
968 1709 1056 1765 ἐπὶ
1095 1711 1212 1772 ἑνὸς
1245 1712 1331 1765 καὶ
1365 1715 1462 1765 τοῦ
1494 1709 1658 1764 αὐτοῦ
1689 1707 2049 1783 προτρέπεται

359 1807 513 1856 νοεῖν
547 1803 583 1870 ἡ
621 1799 947 1867 ἀκολουθία,
976 1799 1066 1854 καὶ
1095 1801 1180 1866 τὸ,
1217 1826 1242 1850 ‹‹
1273 1799 1759 1875 Κατηγορούντων,
1789 1824 1814 1849 υ
1840 1799 1928 1852 καὶ
1959 1797 2043 1863 τὸ,

2159 549 2248 598 est
2278 545 2572 615 quomodo
2602 547 2658 600 hi
2701 549 3130 618 justiﬁcantur,
3158 554 3240 608 illi
3293 573 3424 612 vero
3461 576 3600 616 non.
3639 566 3704 618 Et
3735 568 3816 622 ait

2157 634 2315 703 quod
2343 634 2468 688 foro
2504 653 2622 690 non
2657 645 2864 709 egente
2899 641 3166 708 testibus,
3189 661 3307 699 non
3329 650 3816 725 extrinsecisqui-

2157 725 2356 780 busvis
2390 726 3022 792 demonstrationibus.
3060 733 3161 787 sed
3196 736 3357 790 intus
3389 738 3459 792 ab
3492 739 3634 810 ipsis
3667 746 3818 815 cogi-

2157 815 2508 880 tationibus,
2539 818 2947 873 testimonium
2982 820 3316 891 adducitur,
3352 825 3651 899 virtusque
3684 831 3814 887 lau-

2157 903 2349 960 datur.
2388 905 2606 961 Idcirco
2641 924 2985 978 quanquam
3022 911 3286 967 224hic
3319 915 3593 973 homines
3616 920 3808 976 absol-

2157 993 2364 1058 verint,
2397 1011 2517 1049 non
2551 1003 2782 1066 oportet
2823 998 2929 1052 hos
2981 1015 3107 1053 esse
3157 1017 3434 1059 securos:
3469 1007 3617 1061 nihil
3650 1011 3808 1066 enim

2159 1082 2298 1137 inde
2340 1083 2727 1153 juvabuntur.
2780 1088 3032 1141 Rursum
3094 1089 3200 1142 etsi
3263 1093 3808 1166 condemuaverint,

2165 1187 2287 1225 non
2317 1171 2638 1228 admodum
2671 1176 2804 1246 angi
2868 1183 3136 1246 oportet:
3173 1180 3219 1232 si
3255 1182 3494 1251 quidem
3547 1186 3698 1240 nihil
3733 1187 3809 1242 ibi

2157 1260 2478 1325 nocebunt,
2513 1263 2615 1316 sed
2658 1265 2801 1318 satis
2835 1271 2922 1319 est
2969 1272 3025 1319 et
3053 1267 3125 1321 ad
3157 1268 3718 1330 condemnationem
3752 1283 3811 1331 et

2158 1348 2230 1402 ad
2250 1348 2682 1406 absolutionem
2716 1355 3016 1424 propriam
3050 1357 3471 1428 cogitationum
3505 1365 3811 1419 conscien-

2159 1437 2240 1492 tia
2265 1438 2353 1493 vel
2388 1440 2811 1495 testimonium.
2846 1445 3059 1498 Verum
3097 1462 3230 1500 cum
3278 1447 3560 1505 dixisset:
3586 1476 3612 1501 ‹‹
3638 1454 3808 1525 Cogi-

2160 1527 2483 1583 tationibus
2562 1532 2998 1599 accusantibus,
3063 1554 3086 1583 n
3135 1552 3318 1606 quare
3373 1556 3491 1594 non
3554 1541 3804 1609 addidit,

2169 1639 2191 1669 ι
2221 1618 2691 1676 Justiﬁcantibus
2713 1621 2739 1676 ?
2762 1646 2789 1671 »
2821 1625 2908 1677 Ita
2965 1625 3122 1679 enim
3158 1628 3454 1684 manifesti
3509 1631 3718 1687 fierent
3748 1639 3808 1688 et

2161 1708 2260 1776 qui
2288 1709 2620 1779 puniuntur
2650 1728 2754 1782 per
2784 1713 2893 1768 hoc
2927 1715 3084 1784 quod
3137 1717 3374 1783 dicitur,
3397 1743 3422 1770 «
3458 1723 3807 1778 Accusauti-

2157 1797 2289 1863 bus,
2313 1821 2339 1847 ››
2369 1805 2427 1853 et
2459 1800 2556 1870 qui
2593 1801 2733 1856 salvi
2769 1802 2919 1856 ﬁunt
2976 1820 3081 1873 per
3113 1805 3222 1861 hoc
3255 1808 3413 1877 quod
3463 1810 3800 1880 adderetur,

367 1915 392 1944 ι
424 1888 973 1965 Ἀπολογουμὲνων.
999 1913 1026 1940 )›
1049 1891 1234 1962 Φαμὲι
1262 1890 1372 1960 οὖν,
1397 1891 1481 1944 ὅτι
1503 1887 1564 1944 οὐ
1592 1885 1672 1942 δεῖ
1695 1887 1782 1942 ἐπὶ
1811 1891 1907 1942 τοῦ
1933 1887 2035 1948 ἑνὸς

2151 1869 2823 1945 Justiﬁcantibusﬁiuuc
2849 1869 3046 1946 autem
3072 1896 3237 1964 quasi
3265 1869 3335 1951 de
3353 1913 3472 1952 uno
3499 1869 3800 1970 eteadem,

365 1982 456 2035 καὶ
488 1985 590 2035 τοῦ
625 1980 796 2034 αὐτοῦ
830 1980 1108 2053 ἀμφότερα
1149 1975 1358 2047 λαϐεῖν,
1399 1977 1546 2034 ἀλλὰ
1589 1998 2041 2052 κατηγορουντων

381 2073 619 2146 μἐντῶν
683 2071 977 2143 λογισμῶν
1030 2070 1111 2147 ἐφ’
1170 2069 1385 2142 ἑτέρων,
1443 2068 1566 2139 ἢτοι
1623 2073 1729 2124 τῶν
1763 2067 2039 2138 κολασθη-

390 2161 649 2233 σομὲ-ιων,
717 2156 1186 2233 ἀπολογουμένων
1243 2157 1300 2214 δὲ
1356 2157 1434 2238 ἐφ’
1481 2159 1698 2233 ἑτέρων,
1759 2157 1886 2227 ἦτοι
1933 2161 2040 2210 τῶν

405 2248 812 2320 σωῦησομὲνων.
877 2247 1027 2302 Διατί
1085 2245 1141 2302 δὲ
1199 2247 1296 2303 οὐκ
1348 2248 1482 2302 εἶπε·
1545 2248 1645 2304 Καὶ
1691 2245 2038 2301 δικαιούντων

400 2339 486 2393 καῖ
539 2341 1018 2412 κατακρινόντωνς
1079 2339 1201 2394 ’Ότι
1262 2338 1326 2391 οὐ
1386 2333 1682 2391 δικαιοῦσιν
1737 2336 1885 2389 οὗτοι
1919 2330 2042 2388 οὐδὲ

398 2434 783 2501 τιμωροῦνται,
843 2425 990 2482 ἀλλὰ
1048 2430 1416 2501 κατηγοροῦσι
1452 2425 1545 2500 μὲν
1603 2425 1638 2494 ἢ
1697 2422 2042 2498 ἀπολογοῦν-

393 2541 492 2574 ται.
544 2524 648 2590 Τήν
705 2519 766 2575 δὲ
823 2520 1000 2594 κρίσιν
1054 2523 1153 2584 τῆς
1206 2520 1477 2594 τιμωρίας
1509 2517 1543 2587 ἦ
1575 2525 1673 2586 τῆς
1706 2515 2037 2578 δικαιώσεως

387 2613 631 2684 ὀκριτῆς
682 2610 899 2683 ἐπάγει.
963 2607 1162 2672 Καλῶς
1223 2612 1310 2664 03v
1372 2630 1525 2685 φησι,
1580 2613 1686 2662 τῶν
1757 2605 2037 2681 λογισμῶν

384 2701 845 2776 κατηγορούντων
996 2699 1086 2752 καί
1147 2696 1603 2773 ἀπολογουμένων
1675 2695 1846 2750 Πάλιν
1896 2693 2038 2750 ἔστιν

386 2787 573 2843 εἷπεῖν·
611 2789 676 2844 Ei
714 2788 806 2841 οῦν
838 2807 851 2854 ;
885 2792 1002 2849 πῶς
1050 2785 1474 2861 ἀπολογοῦνται,
1531 2783 1764 2860 μηδενὸς
1795 2805 2034 2861 κατηγο-

370 2884 644 2952 ροῦντος;
714 2880 791 2934 Τὸ
851 2878 977 2952 γὰρ,
1039 2877 1506 2952 κατηγοίούντων,
1568 2872 1804 2950 εἷ’ρηται,
1837 2875 1920 2929 ’ὁτι
1950 2872 2037 2928 ἐπὶ

363 2974 470 3022 τῶν
511 2967 1028 3037 κολαςοησομὲνων
1073 2962 1156 3020 δεῖ
1199 2960 1406 3036 λαϐεῖν,
1455 2969 1517 3020 τό
1569 2961 1626 3018 δὲ
1656 2960 2037 3036 ἀπολογουμὲ-

360 3080 491 3118 νων,
546 3055 638 3111 ἐπὶ
673 3061 784 3111 τῶν
845 3053 1382 3128 δικαιωοησομὲνων,
1441 3056 1529 3110 καὶ
1590 3053 1772 3115 καλῶς
1804 3051 2038 3126 εἶ’ρηται,

378 3150 497 3205 πῶς
556 3144 969 3222 ἀπολογοῦνται
1032 3143 1260 3217 μηδενὸς
1318 3147 1791 3220 κατηγοροῦντος;
1851 3145 2034 3211 Κατη-

379 3237 608 3305 γοροῦσι
657 3236 743 3287 καὶ
799 3233 1046 3289 ἐνταῦθα.
1109 3231 1179 3288 Οὐ
1237 3233 1338 3308 γὰρ
1396 3227 1557 3302 ἔστιν,
1617 3230 1716 3286 οὐκ
1771 3229 1910 3284 ἔστιν
1941 3232 2034 3284 ἃν-

397 3331 616 3391 θρωπον
673 3320 779 3375 ius)
857 3323 1127 3396 ἁμαρτίας
1209 3322 1408 3377 ἐκεῖθεν
1469 3321 1722 3400 ὀφθῆναι.
1785 3316 1944 3375 Ἀλλ’
2000 3320 2035 3387 ἡ

942 3410 1040 3466 οὐκ
1097 3409 1207 3466 ἔστι
1271 3413 1440 3486 βάρος
1497 3409 1697 3486 ἔχοντα
1747 3409 1835 3463 καὶ
1867 3405 2032 3485 ὄγκον

395 3500 457 3553 τά
489 3501 868 3570 ἁμαρτήματα,
905 3501 1005 3556 οὐκ
1034 3500 1142 3557 ἔστι
1197 3500 1404 3576 σφοδρά
1434 3499 1556 3556 οὐδὲ
1585 3500 2032 3577 ἀπαράγραπτος,

395 3412 714 3484 κατηγορία.
765 3411 877 3466 ἐπεῖ

391 3587 526 3641 sm
584 3588 889 3663 ἀπολογίαν
945 3592 1239 3665 προάγουσι
1293 3592 1430 3667 πρὸς
1462 3591 1628 3660 αὐτὴν
1657 3591 1708 3644 οἱ
1741 3587 2030 3666 λογισμοὶ,

385 3678 443 3730 τὸ
473 3677 752 3742 εῦὸλισοον
807 3683 906 3747 τῆς
964 3681 1197 3757 φύσεως,
1254 3682 1315 3735 τὸ
1374 3680 1608 3751 ἀσθενὲς,
1641 3681 1740 3748 τὴν
1771 3683 1866 3733 τοῦ
1899 3682 2032 3734 Θεοῦ

381 3770 813 3841 ξι).ανθρωπῖαν,
870 3769 959 3824 τὸν
1012 3763 1186 3825 ἔλεον.
1236 3770 1338 3826 Καὶ
1396 3769 1618 3824 παύεται
1677 3769 1770 3841 μὶν
1829 3767 2029 3835 ἐκείνη,

373 3861 486 3925 νικᾷ
545 3854 605 3911 δὲ
661 3860 698 3924 ἡ
743 3856 1038 3933 ἀπολογία.
1093 3859 1232 3915 Ἀπὸ
1288 3865 1386 3927 τῆς
1443 3857 1747 3931 ἀπολογίας
1780 3854 1870 3910 οὖν
1905 3856 2028 3924 εἶσι,

365 3944 460 3998 κάν
514 3952 552 4014 ἡ
618 3947 932 4020 κατηγορία
987 3951 1364 4022 προηγήσατο,
1419 3946 1554 4017 ἄξιοι
1616 3947 1767 4001 οὗτοι
1823 3947 2027 4018 σημαί-

355 4047 568 4098 νεσθαι.
606 4033 841 4103 Ἐπειδὴ
895 4033 952 4090 δὲ
1008 4035 1059 4090 ἐν
1113 4042 1230 4096 τοῖς
1289 4034 1695 4108 ἀπολλυμένοις
1727 4034 1899 4090 ἄτοπα
1934 4034 2027 4108 μὲν

354 4124 446 4176 καὶ
480 4122 719 4198 χαλεπά
771 4124 836 4178 τὰ
896 4126 1284 4198 ἁμαρτήματα,
1344 4123 1551 4205 σφοδρὰ
1581 4123 1754 4180 δὲκαὶ
1794 4123 2026 4198 ἀπαραί-

354 4233 527 4280 τητος
561 4215 597 4279 ἡ
634 4233 968 4286 κατηγορια,
1011 4211 1257 4287 οὐδαμοῦ
1312 4211 1367 4268 δῖε
1425 4216 1460 4283 ἡ
1493 4211 1791 4288 ἀπολογία,
1819 4212 2030 4281 τίθησιν

352 4299 438 4354 ἐπ’
504 4302 689 4355 αῦτῶν
753 4301 919 4356 πάλιν
981 4304 1147 4375 μόνον
1215 4305 1298 4374 τὸ,
1373 4304 1843 4378 κατηγορούντων.
1906 4301 2029 4358 Εἰσὶ

361 4386 418 4444 δὲ
479 4392 802 4464 συγγνωστά
858 4392 972 4464 μὲν,
1033 4394 1067 4447 ἆ
1120 4393 1261 4449 κατὰ
1318 4391 1624 4470 λογισμοὺς
1684 4391 2028 4466 ἡμάρτομεν,

360 4478 724 4554 ἀσίιγγνωστα
783 4477 862 4550 δὲ,
923 4482 956 4535 ’ὰ
1018 4481 1185 4556 μέχρι
1244 4483 1488 4556 πράξεων
1563 4479 2023 4555 παρειλκύσαμεν.

2154 1976 2494 2030 consecutio
2535 1979 2829 2034 sermonis
2892 1980 3221 2054 intelligere
3278 2002 3385 2041 nos
3417 1987 3699 2044 admonet
3745 1998 3804 2045 et

2153 2067 2639 2122 «Accusantibus
2682 2090 2708 2117 ››
2769 2074 2828 2124 et
2885 2094 2902 2118 υ
2951 2073 3399 2130 Excusantibus.
3459 2100 3483 2126 »
3535 2079 3797 2134 Dicimus

2150 2160 2344 2208 autem
2365 2156 2523 2226 quod
2555 2173 2675 2211 non
2707 2163 2974 2228 oporteat
3005 2161 3076 2214 de
3107 2178 3224 2216 uno
3259 2169 3315 2218 et
3346 2165 3554 2221 eodem
3587 2174 3803 2223 utrum.

2151 2260 2264 2314 que
2297 2244 2602 2314 accipere:
2633 2246 2735 2300 sed
2759 2249 3177 2305 accusantibus
3210 2253 3454 2322 quidem
3481 2256 3550 2310 de
3573 2258 3800 2326 alteris,

2149 2339 2293 2402 puta
2324 2332 2640 2402 puniendis
2674 2351 2688 2400 ;
2723 2338 3139 2392 excusantibus
3162 2357 3300 2395 vero
3334 2343 3404 2397 de
3429 2345 3803 2418 alteris,puta

2150 2421 2468 2477 salvandis.
2502 2423 2614 2478 Sed
2648 2441 2751 2478 cur
2777 2442 2895 2480 non
2928 2427 3093 2493 dixit,
3130 2431 3198 2483 Et
3237 2431 3710 2502 justiﬁcantibus
3744 2446 3802 2492 et

2149 2511 2685 2567 condemnantibus
2706 2513 2732 2568 ?
2753 2513 2898 2577 Quia
2912 2514 3036 2569 haec
3051 2519 3591 2588 nequejustiticant
3604 2541 3797 2594 neque

2147 2601 2422 2671 puniunt,
2457 2601 2559 2655 sed
2605 2610 2889 2658 accusant
2919 2604 3308 2676 cogitationes
3359 2609 3447 2663 vel
3481 2620 3793 2680 excusant;

2140 2691 2437 2762 judicium
2494 2709 2628 2747 vero
2678 2694 3004 2764 punitionis
3056 2695 3144 2750 vel
3185 2698 3635 2768 justiﬁcationis
3684 2704 3798 2757 fert

2140 2780 2346 2852 judex.
2369 2782 2522 2836 Bene
2550 2799 2685 2854 ergo
2719 2783 2804 2837 ait
2834 2800 2846 2838 :
2881 2785 3348 2856 Cogitationibus
3380 2792 3795 2847 accusantibus

2146 2869 2236 2924 vel
2268 2870 2446 2925 etiam
2481 2871 2924 2927 excusantibus.
2969 2875 3222 2930 Rursum
3267 2885 3468 2948 posset
3497 2881 3796 2952 quispiam

2149 2961 2558 3028 dicerezQuid
2612 2964 2836 3035 igitur?
2883 2967 3180 3034 quomodo
3226 2977 3510 3026 excusant
3557 2975 3796 3029 nemine

2147 3060 2460 3108 accusante
2482 3054 2508 3108 ?
2543 3056 2771 3110 Dictum
2807 3057 2966 3111 enim
2997 3063 3548 3131 est,accusantibus,
3575 3064 3645 3119 de
3665 3083 3800 3120 con-

2149 3141 2504 3197 demnandis
2539 3144 2690 3198 sumi
2723 3151 3032 3216 oportere;
3067 3150 3504 3219 excusantibus,
3557 3169 3690 3208 vero
3725 3154 3796 3209 de

2149 3229 2462 3298 salvandis,
2495 3236 2554 3286 et
2582 3231 2730 3286 bene
2779 3233 3002 3289 dictum
3035 3241 3142 3303 est,
3177 3241 3472 3308 quomodo
3513 3250 3796 3298 excusant

2147 3320 2386 3376 nemine
2418 3323 2778 3378 accusante?
2809 3328 3096 3380 Accusant
3127 3327 3303 3382 etiam
3335 3329 3448 3385 hic.
3477 3332 3600 3386 Non
3633 3333 3794 3388 enim

2143 3416 2358 3480 potest,
2393 3411 2658 3482 inquam,
2690 3412 2784 3468 hic
2812 3414 2991 3470 homo
3051 3432 3252 3473 carere
3296 3427 3558 3490 peccato,
3592 3439 3792 3478 verum

2142 3501 2464 3564 accusatio,
2499 3519 2633 3556 cum
2665 3510 2907 3574 peccata
2939 3505 3135 3578 gravia
3166 3524 3285 3562 non
3320 3509 3438 3564 sint
3467 3517 3568 3566 aut
3598 3514 3795 3585 magni

2140 3589 2444 3658 ponderis,
2479 3607 2596 3645 non
2621 3597 2711 3646 est
2741 3593 3056 3650 vehemens
3083 3602 3183 3650 aut
3205 3597 3488 3667 legitima,
3515 3601 3618 3655 sed
3651 3620 3790 3657 exu-

2141 3679 2432 3734 sationem
2455 3679 2527 3734 ad
2554 3697 2680 3735 eam
2715 3683 3039 3752 prmferunt
3068 3687 3476 3756 cogitationes,
3511 3697 3652 3759 puta
3683 3709 3789 3746 na-

2139 3772 2286 3823 tura:
2302 3768 2700 3824 lubricitatem
2716 3788 2781 3825 ac
2797 3773 3227 3838 infirmitatem,
3249 3777 3349 3830 Dei
3366 3795 3501 3850 erga
3514 3779 3787 3836 homines

2140 3873 2405 3912 amorem
2431 3876 2497 3914 ac
2543 3860 3012 3916 misericordiam
3041 3880 3053 3916 :
3089 3869 3146 3918 et
3177 3864 3279 3918 illa
3309 3868 3544 3936 quidem
3573 3877 3786 3939 cessat,

2141 3947 2441 4001 excusatio
2470 3954 2668 4002 autem
2700 3949 2902 4004 vincit.
2943 3951 3090 4005 Sunt
3136 3952 3316 4023 igitur
3348 3955 3436 4009 hac
3469 3958 3786 4028 cogitatio-

2136 4052 2242 4090 nes
2269 4036 2477 4090 merito
2493 4037 2812 4107 designata}
2831 4038 2903 4092 ab
2920 4042 3467 4106 excusationeJicet
3490 4049 3787 4104 accusatio

2134 4124 2525 4194 praecesserit.
2558 4125 2624 4179 In
2657 4125 2747 4179 his
2796 4142 2928 4181 vero
2962 4129 3061 4198 qui
3093 4138 3346 4200 pereunt
3395 4135 3498 4204 qui
3532 4135 3789 4192 absurda

2136 4218 2274 4266 sunt
2304 4218 2362 4266 et
2388 4213 2584 4285 gravia
2615 4217 3320 4289 peccata,vehemensque
3348 4227 3405 4275 et
3427 4223 3786 4280 inevitabilis

2134 4305 2453 4370 accusatio,
2489 4305 2788 4361 excusatio
2820 4313 3019 4362 autem
3058 4326 3456 4381 nequaquam,
3493 4314 3553 4369 in
3576 4315 3659 4368 eis
3691 4334 3785 4370 so-

2135 4393 2258 4448 lum
2289 4393 2474 4464 ponit,
2512 4417 2537 4444 «
2572 4398 3019 4453 Accusantibus.
3063 4422 3082 4446 ι
3119 4400 3411 4457 Praeterea
3443 4401 3620 4475 digna
3649 4411 3788 4459 sunt

2138 4482 2657 4551 condemnatione,
2707 4504 2836 4557 qua)
2896 4489 3353 4559 cogitationibus
3392 4493 3781 4563 deliquimus:

361 4570 459 4623 Καὶ
524 4568 700 4622 πάλιν
758 4571 1078 4646 συγγνωστᾶ
1139 4573 1257 4645 μὲν,
1317 4573 1350 4626 ’ὰ
1410 4569 1498 4626 διὰ
1562 4571 1846 4644 μετανοίας
1898 4582 2025 4634 καθ-

2147 4590 2342 4629 verum
2377 4592 2497 4631 non
2530 4583 2836 4632 merentur
2861 4579 3090 4633 veniam
3125 4597 3255 4649 quaa
3278 4581 3352 4636 ad
3386 4599 3566 4654 Opera
3594 4602 3784 4656 usque

1082 4657 1104 4676 ﬁ

362 4657 617 4728 ηράμεθα
676 4657 1028 4734 ἀσυγγνωστα
1079 4657 1155 4730 δὲ,
1217 4662 1307 4724 οἷς
1375 4657 1518 4732 μηδὲ
1554 4660 1617 4715 τὸ
1675 4657 1766 4714 διὰ
1821 4660 2022 4729 ταύτης

361 4741 612 4817 ἷατῆριον
648 4744 740 4799 καὶ
774 4747 873 4814 τήν
903 4750 1190 4821 θεραπείαν
1223 4750 1718 4823 προσενηνόχαμεν.

435 4922 665 4978 Δύναται
700 4920 758 4977 δὲ
787 4925 875 4978 καὶ
929 4926 1002 4986 ὡς
1060 4922 1172 5001 ἔχει
1227 4927 1425 4997 τάξεως
1458 4930 1492 4997 ἡ
1529 4926 1691 4998 λέξις,
1726 4932 1821 4983 τοῦ
1853 4928 2021 5004 ρητοῦ

366 5011 400 5077 ἡ
463 5009 678 5067 διάιοια
731 5011 1178 5092 παραληφθῆναι.
1242 5019 1376 5074 Οἷον
1428 5018 1480 5071 οἱ
1536 5019 1630 5088 μὲν
1709 5018 1800 5073 τὸν
1853 5018 2022 5092 νόμον

362 5095 646 5171 Λαϐόντες,
691 5102 779 5156 καὶ
833 5105 924 5157 τὸν
985 5104 1149 5176 νόμον
1210 5107 1297 5160 .ιαὶ
1346 5108 1444 5175 τήν
1492 5104 1792 5177 συνείδησιν
1823 5105 1902 5184 ἐφ’
1934 5110 2020 5170 οἷς

361 5189 733 5262 ἁμαρτάνουσι
766 5198 1194 5268 κατηγοροῦσαν.
1253 5195 1315 5250 Ol
1369 5191 1426 5248 δὲ
1489 5197 1563 5268 μη
1597 5194 2019 5273 παρειληφότες,

363 5281 517 5354 φησὶ,
549 5283 641 5334 τὸν
672 5282 864 5354 νόμον,
907 5283 1229 5355 πράττοντες
1287 5281 1343 5338 δὲ
1402 5284 1507 5339 ἀπὸ
1567 5282 1925 5355 συνειδήσεως
1956 5287 2022 5342 τά

355 5372 446 5420 τοῦ
473 5370 668 5442 νίμου,
700 5371 854 5426 οὗτοι
912 5373 1010 5438 τήν
1061 5370 1364 5442 συνείδησιν
1417 5368 1827 5447 προϐάλλονται
1882 5377 2020 5450 μάρ-

354 5476 485 5531 τυρα
544 5469 642 5531 τῆς
703 5461 1094 5538 ἀγαθοεργίας.
1153 5464 1268 5516 Ἵνα
1325 5464 1430 5538 γὰρ
1491 5466 1566 5536 μή
1618 5485 1698 5525 τις
1730 5465 2017 5540 ε’ἶπῃ.οὐ-

357 5552 480 5603 κοῦν
509 5553 644 5608 κατά
693 5553 882 5628 τύχην
943 5550 1245 5622 πράττουσι
1301 5553 1362 5607 τὸ
1420 5551 1642 5626 ἀγαθὸν,
1672 5553 1717 5609 εἰ
1752 5557 1828 5627 μὴ
1861 5577 2019 5630 νομῳ

353 5639 690 5717 πράττουσιν,
759 5639 1074 5714 Οὐμενοῦν,
1136 5641 1325 5712 φησὶν,
1383 5639 1530 5697 ἀλλὰ
1590 5643 1725 5718 μετά
1770 5642 2022 5720 συνειδή-

2136 4665 2882 4736 protraximus.Etrursum
2901 4668 3274 4739 ignoscibilia
3289 4677 3428 4726 sunt
3443 4690 3574 4744 quae
3600 4676 3790 4746 paeni-

2137 4753 2324 4809 tentia
2355 4754 2706 4819 delevimus,
2732 4772 2802 4810 ea
2828 4762 3025 4811 autem
3058 4759 3447 4817 condemnari
3481 4771 3790 4836 nequeunt

2135 4843 2351 4913 quibus
2378 4860 2578 4899 curam
2610 4860 2678 4899 ac
2710 4845 2962 4900 salutem
2984 4863 3090 4918 per
3115 4848 3267 4904 hanc
3299 4867 3417 4906 non
3452 4855 3782 4912 attulimus.

2207 4933 2353 4989 225
2388 4935 2589 4987 Potest
2645 4950 2879 5004 quoque
2924 4936 3064 4991 dicti
3117 4957 3325 4996 sensus
3384 4944 3593 5014 accipi,
3627 4946 3784 5000 velut

2133 5022 2311 5076 habet
2341 5022 2483 5076 ordo
2507 5022 2856 5083 dictionum.
2881 5032 3022 5095 puta
3048 5027 3147 5097 qui
3180 5029 3367 5101 legem
3401 5039 3780 5104 acceperunt,

2135 5118 2192 5166 et
2219 5111 2408 5182 legem
2439 5110 2680 5177 habent,
2706 5118 2763 5168 et
2792 5116 3241 5181 conscientiam,
3277 5120 3348 5174 de
3367 5121 3458 5175 his
3476 5139 3607 5191 quae
3640 5122 3782 5176 deli-

2133 5206 2409 5271 querunt,
2439 5207 2852 5256 accusantem:
2889 5205 2989 5274 qui
3041 5223 3174 5260 vero
3224 5207 3413 5278 legem
3463 5226 3581 5264 non
3613 5227 3783 5266 acce-

2133 5295 2368 5362 perunt.
2394 5288 2496 5344 sed
2529 5306 2598 5344 ex
2631 5291 3000 5349 conscientia
3031 5312 3160 5364 qum
3193 5295 3335 5366 legis
3367 5302 3506 5350 sunt
3537 5298 3781 5369 faciunt,

2133 5380 2192 5433 hi
2215 5378 2642 5432 conscientiam
2695 5378 2863 5434 bona)
2918 5384 3279 5452 Operationis
3322 5391 3532 5442 testem
3565 5390 3786 5460 produ-

2131 5475 2296 5524 cunt.
2331 5468 2410 5522 Ne
2442 5467 2575 5537 quis
2608 5468 2766 5522 enim
2801 5469 2992 5524 dicat:
3023 5472 3170 5526 Casu
3204 5489 3340 5545 ergo
3372 5476 3527 5546 quod
3561 5479 3782 5535 bonum

2133 5562 2224 5612 est
2253 5562 2454 5630 agunt,
2486 5556 2532 5611 si
2567 5573 2685 5611 non
2719 5557 2844 5630 lege
2885 5566 3103 5631 agunt:
3142 5563 3778 5640 Nequaquam,inquit,

2134 5646 2238 5704 sed
2267 5645 2416 5704 duce
2433 5645 2820 5719 conscientia,
2842 5647 2994 5707 hanc
3015 5657 3442 5724 praeceptorem
3463 5671 3531 5712 ac
3564 5662 3775 5714 testem
