4112 6250
377 353 493 410 359

1493 339 1902 406 (ΕΟΗΜΕΝΙΙ
1947 334 2254 396 ΤΗΙΕΟᾹΞ
2298 336 2649 399 EPISCOPI

3668 347 3789 409 360

378 484 690 550 habentes,
722 482 978 553 ideoque
1032 480 1256 552 majore
1286 478 1447 552 digni
1509 482 1650 534 sunt
1678 488 2020 531 remunera-

2138 487 2297 537 σεως,
2358 466 2683 527 διδάσκαλον
2740 472 2942 545 ταύτην
3000 475 3091 530 καὶ
3133 476 3380 552 μάρτυρα
3433 477 3657 554 ἔχοντες
3685 486 3791 549 τῆς

374 575 979 646 tione,majoremque
1011 572 1307 627 inducunt
1337 566 2028 625 cont‘utationemadver-

373 683 480 721 sus
512 682 612 719 eos
646 664 745 735 qui
778 663 980 718 habita
1034 661 1160 733 lege
1193 661 1593 731 deliquerunt.
1636 656 1859 713 Deinde
1889 654 2031 726 quia

377 774 500 813 non
533 772 739 812 omnes
773 755 874 826 qui
903 754 1029 826 lege
1063 758 1287 819 carent,
1334 752 1489 807 bene
1537 753 1877 822 operantur,
1910 744 2029 800 imo

375 853 514 902 sunt
543 846 642 917 qui
677 845 857 900 etiam
873 844 1235 915 delinquunt
1265 860 1276 896 :
1309 839 1781 909 ostenditneque
1803 837 1911 892 hos
1936 834 2030 888 fu-

374 942 538 991 turos
562 935 911 1006 impunitos.
936 935 1279 1003 Quanquam
1294 925 2027 1001 enimlegem,inquit,non

370 1026 630 1081 habeant
685 1029 1091 1088 accusantem,
1140 1020 1537 1077 nihilominus
1591 1024 1791 1072 tamen
1823 1028 2027 1086 pmnas

373 1116 619 1182 dabunt,
653 1113 1109 1187 cogitationibus
1139 1113 1293 1166 inter
1322 1128 1384 1165 se
1417 1101 2028 1169 accusantibus.Quod

374 1212 571 1261 autem
603 1204 858 1270 additur,
892 1203 983 1257 vel
1015 1203 1194 1258 etiam
1227 1198 1670 1261 excusantibus,
1696 1213 1764 1252 ex
1787 1198 2022 1250 contra-

377 1296 461 1349 rio
494 1294 672 1350 fidem
718 1293 879 1360 facit,
914 1309 981 1347 ac
1011 1292 1058 1346 si
1100 1291 1361 1346 diceret:
1389 1283 1901 1353 Quemadmodum
1923 1298 2027 1338 ex-

372 1384 717 1440 cusantibus
749 1381 1204 1455 cogitationibus
1229 1378 1453 1451 absque
1481 1378 1606 1449 lege
1639 1373 2025 1445 consequitur

377 1474 692 1539 absolutio,
726 1489 1031 1545 pcenzeque
1084 1468 1580 1536 immunitas;ita
1608 1480 1845 1521 rursum
1895 1463 2023 1518 sine

376 1565 501 1637 lege
534 1563 972 1628 accusantibus,
1025 1561 1294 1632 sequitur
1334 1555 1773 1614 condemnatio.
1808 1555 2025 1609 Verum

378 1654 613 1726 quando
646 1654 772 1709 haec
823 1652 1044 1708 erunt?
1077 1651 1141 1706 In
1191 1648 1452 1705 secundo
1498 1647 1772 1711 adventu,
1804 1642 2023 1713 inquit.

376 1765 402 1792 ‹‹
441 1742 683 1807 Quando
721 1741 1017 1813 judicabit
1060 1741 1211 1793 Deus
1243 1737 1475 1793 occulta
1507 1736 1836 1791 hominum.
1871 1750 1901 1784 »
1934 1731 2023 1785 Si-

2132 565 2514 641 ἀγαθοεργίας.
2576 566 2670 622 Διὸ
2724 567 2814 623 καὶ
2874 570 3122 641 μείζονος
3172 573 3315 642 ἄζιοι
3349 571 3661 649 ἀποδοχῆς,
3697 574 3791 629 καὶ

2137 654 2358 730 μείζονα
2386 655 2478 710 τὸν
2528 653 2757 733 ἔλεγχον
2816 660 2952 714 κατᾶ
3007 664 3116 715 τῶν
3171 661 3305 736 μετᾶ
3333 682 3506 735 νομου
3539 664 3791 735 ἁμαρτα-

2131 744 2332 800 νόντων
2387 745 2706 821 ἀπάγονται.
2766 748 2905 803 Εἶτα
2961 746 3151 819 ἐπειδὴ
3207 749 3270 805 οὗ
3300 750 3492 814 πάντες
3525 752 3575 806 οἱ
3607 751 3791 826 χωρὶς

2131 834 2306 907 νόμου
2337 833 2783 910 ἀγαθοεργοῦσιν,
2818 835 2946 892 ἀλλ’
2985 837 3119 893 εἰσὶν
3148 839 3201 894 οἳ
3230 840 3322 895 καὶ
3355 838 3787 914 πλημμελοῦσι,

2133 920 2400 978 δείκνυσιν
2466 922 2580 979 οὐδ’
2646 924 2844 989 αὐτοὺς
2909 926 3196 1003 ἐσομένους
3251 929 3660 1005 ἀτιμωρήτους.
3714 929 3788 987 Εἴ

2132 1013 2355 1089 γὰρκαὶ
2409 1016 2484 1088 μή
2542 1016 2711 1091 νόμον
2767 1010 2980 1093 ἔχουσι,
3041 1019 3195 1098 φησὶ,
3227 1021 3320 1076 τὸν
3347 1025 3782 1097 κατηγοροῦντα,

2133 1102 2278 1159 ἀλλὰ
2309 1104 2396 1159 καὶ
2429 1102 2602 1170 οὕτως
2633 1103 2781 1169 δίκας
2816 1107 3086 1187 ὑφέξουσι,
3135 1109 3331 1181 μεταξὺ
3362 1108 3630 1181 ἀλλήλων
3669 1113 3779 1164 τῶν

2133 1192 2415 1270 λογισμῶν
2448 1195 2922 1272 κατηγορούντων.
2963 1200 3037 1255 Τὸ
3088 1196 3163 1269 δὲ,
3197 1201 3232 1269 ἢ
3264 1200 3358 1255 καὶ
3388 1198 3784 1274 ἀπολογουμέ-

2131 1306 2259 1352 νων,
2333 1284 2596 1348 πίστωσίς
2650 1284 2793 1343 ἐστιν
2877 1287 2937 1343 ἐκ
2988 1288 3087 1343 τοῦ
3144 1289 3386 1345 ἐναντίου
3442 1289 3779 1366 ἐπαγομένη.

2130 1374 2340 1429 Ὠσανεὶ
2388 1372 2594 1452 ἔλεγεν,
2644 1376 2730 1431 δτι
2783 1377 2983 1450 Ὠσπερ
3033 1377 3486 1455 ἀπολογουμένων
3532 1384 3643 1435 τῶν
3682 1382 3783 1437 λο-

2130 1469 2365 1540 γισμῶν,
2396 1463 2646 1529 ἀθώωσις
2677 1465 2975 1532 ἀκολουθεῖ
3021 1466 3119 1523 τοῖ’)
3169 1489 3344 1542 νομου
3372 1471 3571 1549 χωρίς,
3608 1470 3783 1533 οὕτως

2132 1554 2605 1628 κατηγορούντων,
2630 1555 2795 1611 πάλιν
2835 1557 3013 1633 χωρὶς
3042 1562 3140 1613 τοῦ
3170 1557 3366 1631 νόμου,
3397 1561 3432 1629 ἡ
3464 1559 3784 1635 κατάκρισις

2128 1642 2337 1703 ἕπεται.
2372 1645 2509 1702 Πότε
2559 1644 2616 1702 δὲ
2670 1647 2878 1719 ταῦτας
2945 1649 3030 1705 Ἐν
3083 1652 3152 1722 τῇ
3212 1646 3434 1724 δευτέρᾳ
3487 1650 3779 1724 παρουσίᾳ.

2133 1760 2162 1789 ‹‹
2195 1737 2322 1795 Ὀτε
2375 1744 2551 1814 κρινεῖ
2602 1740 2629 1794 ὁ
2682 1739 2811 1801 Θεὸς
2862 1740 2927 1794 τά
2978 1739 3189 1813 κρυπτά
3238 1746 3344 1795 τῶν
3384 1738 3710 1816 ἀνθρώπων.
3750 1764 3782 1794 ιο

379 1833 619 1904 quidem
655 1832 927 1887 homines
959 1830 1274 1886 manifesta
1302 1827 1524 1895 vident,
1587 1826 1739 1880 Deus
1767 1838 1899 1877 vero
1922 1837 2020 1876 oc-

2133 1827 2195 1881 Οἱ
2257 1826 2351 1900 μὶν
2406 1828 2509 1905 γάρ
2569 1826 2845 1902 ἄνθρωποι
2903 1830 2969 1885 τὰ
3025 1829 3247 1907 φανερά,
3305 1830 3334 1885 ὁ
3397 1827 3455 1885 δὲ
3506 1831 3637 1893 Θεὸς
3674 1834 3781 1885 τῶν

379 1923 671 1977 cultorum
704 1927 999 1977 scrutator
1019 1926 1127 1975 est.
1162 1943 1188 1968 ‹‹
1224 1921 1334 1973 Per
1389 1918 1588 1972 Iesum
1635 1913 1954 1969 Christum.
1991 1928 2017 1961 ι

378 2043 448 2053 —-
471 2036 495 2060 ‹‹
531 2013 673 2066 Nam
706 2013 897 2077 Pater,
932 2010 1033 2073 ait,
1084 2026 1203 2064 non
1228 2008 1460 2080 judic'at
1503 2020 1883 2077 quemquam,
1917 2000 2020 2057 sed

380 2118 553 2156 omne
578 2100 871 2171 judicium
910 2099 1076 2154 dedit
1104 2098 1322 2153 Filio“.
1362 2120 1389 2145 »

448 2192 740 2255 11,17-20.
802 2192 933 2244 Ecce
988 2198 1051 2243 lu
1106 2187 1324 2243 Jula’us
1364 2186 1765 2256 cognominaris
1821 2190 1875 2239 et
1930 2195 2023 2237 re-

377 2283 610 2352 quiescis
635 2283 694 2335 in
727 2282 863 2350 lege,
897 2286 945 2335 et
973 2279 1237 2350 gloriaris
1284 2282 1342 2333 in
1374 2280 1499 2344 Deo,
1542 2283 1593 2332 et
1622 2277 1897 2346 cognoscis
1925 2291 2019 2331 vo-

379 2372 665 2437 luntatem,
704 2387 767 2424 ac
808 2370 1009 2440 probas
1075 2371 1282 2424 eximia
1342 2371 1621 2424 instzlutus
1671 2383 1774 2437 per
1828 2366 2019 2436 legem,

378 2462 714 2531 conﬁdisque
771 2462 999 2530 teipsum
1056 2460 1245 2516 ducem
1296 2476 1404 2515 esse
1433 2458 1930 2524 czecorumJumen
1959 2458 2021 2510 in

378 2552 614 2605 tenebris
642 2552 993 2610 t‘ersantium.
1036 2551 1372 2605 eruditorem
1404 2549 1805 2619 insipientium,
1834 2548 2020 2602 docto-

375 2658 490 2695 rem
509 2642 912 2711 imperitorum,
980 2640 1262 2693 habenten:
1301 2643 1538 2708 formam
1584 2639 1915 2707 cognitionis
1956 2651 2020 2691 ac

377 2733 627 2786 veritatis
658 2745 785 2800 quae
824 2731 882 2783 in
922 2730 1037 2798 lege
1066 2735 1162 2783 est.

450 2909 593 2962 Cum
622 2907 867 2962 dixisset
896 2905 1044 2961 nihil
1079 2905 1181 2961 Dei
1211 2905 1602 2973 cultori,licet
1630 2904 2017 2977 prmputiatus

374 2998 470 3063 sit,
505 2997 731 3063 deesse,
761 3014 876 3067 quo
910 2996 1107 3050 minus
1136 2995 1329 3051 salvus
1362 2995 1489 3050 ﬁeri
1521 2993 1911 3067 possit,modo
1942 2992 2022 3049 le-

375 3104 505 3160 gem
537 3086 709 3141 factis
742 3085 1069 3157 exprimat:
1104 3085 1274 3156 ponit
1306 3084 1583 3156 deinceps
1617 3100 1685 3139 ea
1712 3083 1770 3139 in
1802 3082 2018 3155 quibus

2133 1921 2383 1992 κρυπτῶν
2441 1916 2583 1972 ἐστιν
2639 1917 2938 1990 έξεταστής.
2997 1944 3026 1971 «
3069 1918 3166 1974 Διά
3221 1919 3401 1988 Ἰησοῦ
3455 1923 3708 1993 Χριστοῦ.
3744 1941 3773 1971 ν

2137 2038 2199 2048 --
2234 2031 2262 2058 ι(
2294 2006 2355 2064 Ὁ
2386 2006 2488 2080 γάρ
2539 2007 2745 2081 Πατήρ,
2788 2009 2943 2085 φησὶ,
3001 2012 3175 2082 κρινεῖ
3230 2004 3441 2079 οὐδένα,
3503 2005 3656 2063 ἀλλά
3677 2009 3767 2077 τὴν

2132 2095 2308 2170 κρίσιν
2339 2100 2510 2150 πᾶσαν
2555 2093 2757 2151 δέδωκε
2785 2101 2866 2168 τῷ
2896 2098 3025 2169 Υῖῷ.
3059 2121 3086 2149 »

2205 2182 2306 2241 ’Ῑδὶ
2380 2186 2442 2239 σὺ
2519 2183 2785 2251 Ἰουδαῖος
2857 2185 3191 2262 ἐπονομάζῃ,
3276 2188 3366 2243 καὶ
3469 2187 3786 2263 ἐπωαπαῦῃ

2130 2275 2209 2348 τῷ
2281 2275 2458 2349 νόμῳ,
2533 2275 2624 2330 καὶ
2690 2280 2960 2351 καυχᾶσαι
3018 2275 3071 2331 ἐν
3137 2277 3275 2349 Θεῷ,
3340 2276 3430 2332 καὶ
3496 2278 3789 2353 γινώσκεις

2131 2366 2194 2420 τὸ
2261 2363 2498 2438 θέλημα,
2565 2366 2653 2420 καὶ
2720 2362 3035 2438 δοκιμάζεις
3110 2366 3176 2420 τὰ
3242 2362 3586 2443 διαφέροντα,
3656 2388 3786 2422 κατ-

2133 2455 2445 2530 ηχούμενος
2522 2453 2581 2509 ἐκ
2653 2458 2749 2511 τοῦ
2822 2454 3017 2527 νόμου·
3096 2454 3361 2518 πέποιθάς
3433 2476 3491 2510 τε
3552 2455 3783 2510 σεαυτὸν

2133 2541 2332 2619 ὁδηγὸν
2400 2545 2539 2599 εἶναι
2606 2540 2847 2623 τυφλῶν,
2915 2548 3031 2620 φῶς
3086 2546 3194 2598 τῶν
3264 2542 3316 2599 έν
3386 2544 3577 2612 σκότει,
3645 2564 3775 2598 παι-

2133 2629 2324 2704 δευτήν
2428 2630 2693 2713 ἀφρόνων,
2810 2630 3137 2688 διδάσκαλον
3240 2632 3473 2702 νηπίων,
3570 2626 3779 2707 ἔχοντα

2129 2723 2230 2791 τὴν
2307 2721 2590 2800 μόρφωσιν
2664 2729 2764 2792 τῆς
2828 2723 3078 2798 γνώσεως
3153 2722 3241 2777 καὶ
3316 2729 3415 2793 τῆς
3514 2718 3782 2793 ἀληθείας

2130 2811 2182 2867 έν
2211 2816 2291 2883 τῷ
2319 2813 2497 2885 νόμῳ.

2202 2900 2387 2957 Εἰπὼν
2418 2901 2500 2958 ὅτι
2533 2899 2685 2958 οὐδὲν
2743 2907 2821 2974 τῷ
2876 2898 3119 2959 θεοσεϐεῖ
3177 2902 3296 2977 μὶν,
3344 2897 3673 2977 ἀκροϐὖστῳ
3702 2898 3773 2971 δὶ,

2130 2992 2305 3048 λείπει
2373 2992 2507 3066 πρὸς
2556 2993 2617 3047 τὸ
2666 2993 2930 3063 σωθῆναι,
2990 2992 3076 3047 ἐὰν
3244 2991 3409 3066 μόνον
3466 2995 3567 3045 τοῦ
3611 2990 3770 3062 νόμου

2129 3082 2389 3152 ποιητὴς,
2419 3081 2604 3149 τίθησι
2654 3078 2851 3136 λοιπὸν
2908 3081 2997 3136 καὶ
3054 3078 3137 3160 ἐφ’
3195 3082 3278 3141 οἷς
3338 3079 3474 3154 μέγα
3526 3078 3780 3158 ἐφρόνουν

3240 2632 3448 2702 νηπίων
3459 2676 3473 2702 ,

377 3174 812 3231 extollebantur
839 3174 1047 3237 Judaei,
1082 3173 1404 3231 ostendens
1435 3173 1591 3245 quod
1623 3172 1791 3229 nulla
1807 3173 1885 3227 sit
1911 3173 2016 3227 ho-

2134 3166 2415 3238 Ἰουδαῖοι,
2475 3167 2684 3232 δεικνὺς
2742 3166 2902 3225 οὐδὲν
2956 3169 3162 3226 τούτων
3222 3169 3427 3246 ὠφελεῖ
3454 3168 3549 3224 τὸν
3586 3171 3663 3238 μή
3699 3166 3785 3243 ὁρ-

376 3281 507 3319 rum
541 3265 766 3319 utilitas
799 3281 920 3318 non
953 3270 1108 3319 recte
1142 3264 1377 3330 viventi,
1413 3264 1794 3334 primumque
1825 3262 2020 3333 ipsum

376 3354 547 3423 ponit
576 3353 1212 3423 nomen.Ecce.inquit,
1232 3360 1289 3407 tu
1303 3352 1538 3407 Judaeus
1561 3351 2022 3425 cognominaris.

376 3442 577 3511 Ipsum
611 3440 908 3511 siquidem
961 3458 1180 3495 nomen
1222 3442 1377 3496 226
1428 3458 1707 3514 magnum
1741 3440 2025 3511 quiddam

379 3544 509 3583 esse
543 3528 872 3593 videbatur,
905 3528 1084 3583 veluti
1116 3545 1276 3584 nunc
1307 3536 1397 3584 est
1425 3546 1642 3585 nomen
1668 3529 2026 3584 Christiano-

378 3632 533 3671 rum.
564 3638 591 3666 ‹‹
625 3617 1146 3684 Cognominaris.»
1183 3620 1381 3690 Neque
1432 3618 1581 3673 enim
1632 3633 1695 3673 re
1754 3634 1889 3673 vera
1937 3633 2020 3686 es,

382 3704 498 3760 nisi
530 3704 719 3778 legem
744 3705 939 3776 compl
965 3723 1097 3761 -as.«
1132 3708 1202 3761 Et
1230 3707 1556 3778 requiescis
1585 3706 1645 3762 in
1677 3707 1827 3779 lege.
1855 3729 1882 3755 ν
1897 3708 2022 3761 Non

376 3795 535 3849 enim
567 3795 822 3859 laboras,
858 3795 1074 3867 inquit,
1107 3798 1261 3853 sicut
1289 3797 1376 3851 illi
1409 3797 1509 3867 qui
1562 3803 1701 3852 sunt
1750 3802 1914 3851 extra
1942 3795 2022 3850 le-

364 3901 516 3957 gem,
543 3884 901 3955 inquirendo
931 3886 1070 3956 quid
1105 3887 1179 3941 sit
1210 3888 1529 3956 agendum,
1563 3886 1663 3942 sed
1697 3886 1883 3958 legem
1916 3885 2021 3941 ha-

371 3974 476 4028 bes
507 3974 711 4029 omnia
742 3980 796 4028 te
837 3975 1148 4030 manifeste
1182 3975 1626 4031 docentem.Vel
1676 3977 1787 4031 hoc
1819 3976 2016 4031 modo.

365 4063 611 4117 Multum
656 4064 715 4119 in
751 4064 875 4136 lege
925 4064 1248 4129 extolleris,
1281 4066 1503 4137 illaque
1537 4071 1590 4121 te
1642 4067 1837 4133 effers,
1862 4065 2019 4137 quod

369 4169 547 4225 supra
573 4160 816 4208 creteros
844 4153 1103 4209 divinam
1135 4156 1434 4226 acceperis
1462 4155 1894 4228 legem.Dicens
1915 4172 2018 4209 au-

366 4246 504 4310 tem,
536 4266 561 4292 ‹‹
598 4243 962 4314 Iiequiescis,
998 4266 1024 4293 »
1059 4245 1356 4316 significat
1379 4245 1537 4315 quod
1570 4262 1690 4300 non
1721 4245 1924 4301 labore
1955 4244 2021 4299 il-

364 4330 559 4387 lorum
591 4333 961 4405 egregiisque
986 4334 1373 4389 facinioribus
1406 4334 1542 4389 data
1570 4334 1665 4399 sit,
1687 4334 1789 4389 sed
1821 4334 2020 4389 divina

367 4419 574 4493 gratia.
607 4444 633 4469 ‹‹
671 4422 741 4475 Et
769 4421 1041 4489 gloriaris
1081 4422 1142 4476 in
1197 4422 1336 4477 Deo.
1387 4446 1405 4469 ι
1438 4425 1518 4477 Ac
1550 4422 1599 4476 si
1644 4422 1806 4477 solus
1840 4441 2020 4493 supra

366 4516 612 4565 caeteros
645 4510 920 4567 homines
952 4510 1205 4566 dilectus
1238 4511 1337 4566 sis.
1384 4511 1624 4565 Videtur
1654 4517 1853 4566 autem
1880 4512 2017 4568 illos

362 4600 598 4672 objecta
636 4618 873 4673 quoque
905 4600 1179 4655 vecordia
1239 4599 1506 4655 irridere.
1541 4620 1561 4646 ι
1586 4602 1656 4654 Et
1709 4602 2015 4673 cognoscis

366 4689 757 4745 voluntatem.
786 4715 805 4742 ι
846 4690 1023 4761 Atqui
1056 4706 1413 4758 cognoscere
1434 4706 1545 4744 nec
1560 4689 1751 4745 facere
1782 4691 2015 4763 gravius

369 4777 606 4831 advehit
636 4779 996 4850 supplicium
1023 4796 1036 4833 :
1069 4779 1406 4835 attamenin
1438 4781 1547 4835 hoc
1580 4797 1815 4851 quoque
1831 4780 2022 4836 extol-

361 4866 833 4922 lebantur.Unde
866 4885 985 4923 non
1010 4867 1172 4934 dicit,
1194 4869 1502 4937 facis,sed,
1537 4894 1562 4919 «
1586 4869 1900 4942 Cognoscis
1917 4869 2018 4925 Dei

364 4958 748 5014 voluntatem.
790 4984 809 5007 ι
834 4990 905 4999 -
931 4983 954 5007 α
982 4963 1062 5015 Ac
1091 4961 1306 5032 probas
1339 4962 1553 5016 eximia
1584 4963 1891 5017 institutus
1913 4979 2020 5034 per

364 5048 579 5121 legem.
617 5072 637 5100 ι
676 5048 843 5121 Legis
893 5049 1049 5103 enim
1082 5050 1336 5104 eruditio
1384 5051 1545 5104 novit
1573 5057 1773 5106 exacte
1804 5051 2017 5106 docere

368 5140 840 5212 explorationem
865 5156 1068 5194 eorum
1107 5157 1237 5211 quas
1269 5141 1600 5196 conferunt.
1633 5142 1697 5196 Hi
1729 5159 1863 5196 vero
1880 5157 2015 5197 cum

368 5245 488 5284 non
520 5233 894 5301 praestarent,
926 5229 987 5283 in
1019 5229 1127 5283 hoc
1182 5229 1361 5283 etiam
1403 5231 1822 5293 efferebantur.
1858 5231 2017 5303 quod

367 5319 608 5374 utilium
658 5325 910 5376 nossent
962 5318 1451 5390 explorationem.
1494 5341 1521 5367 «
1556 5320 2009 5392 Conﬁdisque.»

364 5408 489 5461 Non
520 5424 604 5471 es,
634 5410 849 5481 inquit,
874 5408 992 5464 dux
1023 5424 1339 5467 caecorum.
1359 5408 1461 5463 sed
1484 5408 1566 5463 ita
1595 5408 1667 5463 de
1702 5410 1885 5481 teipso
1917 5427 2015 5466 ar-

363 5493 624 5552 bitraris.
660 5499 858 5555 Cmcos
918 5505 1116 5555 autem
1148 5503 1315 5553 vocat
1344 5514 1467 5565 eos,
1515 5499 1615 5569 qui
1660 5499 1722 5553 in
1749 5499 2010 5555 tenebris

433 5682 455 5718 ⁸
482 5681 620 5739 Luc.
643 5697 717 5748 IV,
735 5683 825 5737 23.

2134 3261 2241 3319 θῶς
2277 3259 2516 3333 βιοῦντα.
2577 3259 2679 3315 Καὶ
2736 3264 2957 3332 πρῶτον
3011 3257 3141 3315 αὐτὸ
3195 3259 3257 3313 τὸ
3317 3255 3497 3328 ὄνομα
3524 3257 3783 3321 τέθεικεν.

2130 3345 2240 3403 Ἴδε
2269 3349 2353 3417 σὺ,
2386 3348 2573 3425 φησὶν,
2628 3345 2893 3411 Ἰουδαῖος
2950 3348 3288 3422 ἐπονομάζῃ.
3320 3344 3530 3403 Ἐδόκει
3563 3346 3670 3421 γὰρ
3695 3344 3788 3401 καὶ

2133 3436 2261 3494 αὐτὸ
2292 3437 2353 3492 τὸ
2385 3435 2559 3509 ὄνομα
2591 3436 2728 3513 μέγα
2759 3436 2915 3505 εἶναι,
2965 3438 3040 3498 ὡς
3097 3441 3188 3491 νῦν
3242 3436 3305 3492 τὸ
3359 3440 3466 3492 τῶν
3516 3440 3781 3510 Χριστια-

2129 3533 2260 3585 νῶν.
2340 3551 2368 3583 α
2400 3530 2831 3604 Ἐπονομάζῃ,››
2887 3529 2967 3586 Οὐ
3027 3529 3132 3605 γάρ
3188 3527 3240 3582 εἴ
3287 3527 3421 3583 κατὰ
3489 3523 3780 3611 ἀλήθειαν⁹

2131 3617 2176 3673 εἰ
2234 3620 2310 3693 μὴ
2369 3616 2615 3689 πληροῖς
2669 3619 2762 3674 τὸν
2820 3614 3008 3691 νόμον.
3082 3644 3102 3669 α
3167 3618 3265 3672 Καὶ
3328 3613 3634 3688 ἐπαναπαύῃ
3690 3617 3782 3686 τῷ

2129 3708 2306 3781 νόμῳ.
2344 3731 2372 3759 ››
2431 3707 2509 3765 Οὐ
2567 3707 2673 3785 γὰρ
2724 3709 2972 3780 κάμνεις,
3022 3706 3204 3785 φησῖν,
3257 3700 3358 3776 ἔξω
3407 3704 3579 3777 νόμου
3617 3704 3787 3759 πολι-

2128 3802 2436 3873 τευόμενος,
2495 3802 2558 3857 τὸ
2614 3802 2880 3876 πρακτέον
2944 3799 3238 3871 ἐπιζητῶν,
3295 3796 3421 3855 ἀλλ’
3478 3794 3627 3872 ἔχεις
3684 3797 3778 3852 τὸν

2127 3911 2320 3963 νομον,
2387 3895 2573 3969 σαφῶς
2631 3890 2837 3945 ἅπαντά
2914 3910 2970 3945 σε
3034 3886 3375 3944 διδάσκοντα.
3443 3888 3512 3944 ἸΙ
3584 3886 3776 3947 οὕτως*

2130 3981 2309 4056 Μέγα,
2369 3979 2556 4055 φησὶν,
2615 3977 2704 4035 ἐπὶ
2755 3982 2837 4050 τῷ
2893 3978 3051 4050 νόμῳ
3109 3981 3344 4052 φρονεῖς,
3402 3976 3495 4030 καὶ
3524 3974 3768 4051 ἐντρυφᾷς

2127 4069 2295 4140 αὐτῷ,
2329 4068 2403 4128 ὡς
2436 4066 2741 4140 ἠξιωμένος
2789 4066 2960 4141 νόμου
3011 4065 3155 4131 θείου
3198 4067 3344 4140 παρά
3370 4063 3500 4126 τοὺς
3531 4060 3772 4123 λοιπούς.

2126 4158 2201 4214 Τὸ
2234 4155 2313 4224 δὶ,
2354 4182 2379 4212 ι
2408 4157 2758 4231 Ἐπαναπούῃ
2795 4181 2821 4207 ››
2871 4153 3058 4227 δηλοῖ,
3112 4155 3194 4211 ὅτι
3246 4156 3310 4210 οὐ
3341 4157 3576 4228 καμάτῳ
3607 4151 3783 4207 αὐτῶν

2126 4246 2160 4316 ἢ
2192 4248 2578 4321 κατορθώματι
2610 4243 2797 4316 ἐδόθη,
2848 4244 2999 4301 ἀλλὰ
3049 4245 3238 4320 χάριτι
3287 4243 3421 4316 θείᾳ.
3453 4268 3481 4295 ‹‹
3517 4243 3613 4298 Καὶ
3644 4262 3786 4297 καυ-

2127 4342 2292 4412 χᾶσαι
2364 4335 2416 4391 ὲν
2479 4339 2621 4407 Θεῷ.
2689 4335 2779 4397 Ὣς
2843 4333 3008 4409 μόνος
3074 4333 3379 4412 ἀγαπηθεὶς
3440 4332 3588 4407 παρά
3649 4330 3789 4394 τοὺς

2131 4424 2364 4486 λοιποὺς
2422 4425 2764 4500 ἀνθρώπους.
2828 4429 2988 4480 Δοκεῖ
3045 4422 3101 4479 δὲ
3158 4423 3358 4485 αὐτοὺς
3414 4422 3504 4477 καὶ
3537 4421 3615 4484 εἷς
3649 4421 3789 4476 ἀπό-

2126 4535 2278 4569 νοιαν
2310 4515 2597 4573 σκώπτειν.
2635 4539 2663 4567 ι(
2693 4512 2797 4569 Καὶ
2844 4513 3129 4586 γινώσκεις
3188 4512 3251 4568 τὸ
3311 4508 3549 4584 θέλημα,
3586 4533 3615 4562 ››
3656 4510 3791 4567 Καί-

2124 4626 2211 4660 τοι
2239 4606 2301 4658 τὸ
2329 4605 2613 4679 γινώσκειν
2677 4603 2796 4677 μὲν,
2859 4606 2935 4677 μή
2995 4607 3170 4658 ποιεῖν
3226 4600 3306 4670 δὲ,
3349 4599 3577 4657 πλείονα
3607 4620 3793 4675 παρα-

2135 4694 2380 4763 σκευάζει
2430 4694 2529 4762 τὴν
2590 4692 2837 4748 κόλασιν.
2897 4690 3057 4749 Ἀλλ’
3112 4694 3266 4765 ὅμως
3320 4691 3410 4747 καὶ
3468 4688 3554 4745 ἐπὶ
3601 4690 3789 4762 τούτῳ

2132 4782 2267 4859 μέγα
2297 4782 2577 4858 ἐφρόνουν.
2610 4783 2767 4840 Ὅθεν
2804 4782 2868 4838 οὗ
2908 4783 3077 4858 λέγει,
3109 4787 3309 4849 ποιεῖς,
3340 4779 3524 4849 ana;
3557 4805 3585 4833 ι(
3618 4780 3791 4839 Γινώ.

2128 4893 2271 4935 σκεις
2303 4872 2365 4927 τὸ
2423 4876 2519 4927 τοῦ
2575 4874 2708 4927 Θεοῦ
2766 4870 3001 4946 θέλημα.
3037 4895 3064 4923 ››
3127 4870 3288 4928 «Καὶ
3347 4867 3660 4943 δοκιμάζεις
3713 4869 3790 4924 τά

2130 4960 2444 5039 διαφέροντα
2498 4961 2918 5036 κατηχούμενος
2976 4960 3037 5016 ἐκ
3092 4965 3189 5016 τοῦ
3244 4960 3439 5035 νόμου.
3474 4982 3500 5014 ι
3556 4960 3618 5015 Ἦ
3674 4958 3785 5035 γάρ

2125 5055 2223 5105 τοῦ
2252 5052 2424 5124 νόμου
2456 5054 2764 5126 κατ-ιςχησις
2823 5047 2942 5106 οἶδε
2998 5055 3105 5106 τῶν
3162 5050 3541 5129 συμφερόντων
3575 5041 3784 5124 ἀκριϐῆ

2126 5137 2448 5213 δοκιμασίαν
2490 5136 2781 5210 ἐκδιδάξαι.
2841 5140 3007 5197 Οὗτοι
3068 5137 3126 5195 δὲ
3183 5140 3260 5213 μή
3322 5143 3627 5204 ποιοῦντες,
3689 5138 3784 5193 καὶ

2123 5228 2210 5285 ἐπὶ
2267 5234 2346 5302 τῷ
2402 5226 2601 5285 εῗδέναι
2657 5231 2756 5298 τήν
2822 5233 2931 5284 τῶν
3008 5228 3393 5305 συμφερόντων
3452 5225 3788 5299 δοκιμασίαν

2126 5318 2261 5396 μέγα
2325 5318 2603 5396 ἐφρόνουν.
2672 5343 2700 5371 ι(
2763 5316 3033 5383 Πέποιθάς
3088 5339 3163 5374 τε.
3227 5342 3254 5370 ››
3314 5317 3427 5376 Οὐκ
3466 5317 3533 5383 εἴ,
3590 5314 3785 5394 φησὶν,

2120 5406 2321 5483 ὁδηγὸς
2375 5407 2617 5487 τυφλῶν,
2673 5405 2801 5464 ἀλλ’
2867 5407 3010 5463 οὕτω
3075 5407 3199 5483 περὶ
3278 5410 3500 5462 σεαυτοῦ
3557 5404 3781 5487 λογίζῃ,

2118 5482 2376 5575 Τυφλοὺς
2406 5482 2465 5553 δέ
2516 5497 2660 5573 λέγει
2714 5496 2805 5554 καὶ
2863 5497 2916 5554 έν
2972 5482 3173 5568 σκότει,
3231 5499 3321 5553 καὶ
3380 5499 3637 5575 ἄφρονας,
3689 5482 3788 5551 καὶ
