4112 6250
244 335 364 395 361

1415 342 1807 402 COMMENT.
1856 343 1941 402 IN
1992 342 2239 402 EPIST.
2289 345 2390 404 AD
2442 345 2623 406 ROM.

3614 345 3734 404 362

267 470 533 543 νηπίους,
564 470 702 535 τοὺς
735 472 1301 547 προσκολλωμὲνους
1340 475 1523 536 αὐτοῖς
1565 474 1970 550 προσηλότους,

2103 483 2400 534 versantur
2424 496 2437 533 :
2471 485 2529 533 et
2558 479 2909 551 insipientes
2941 498 3008 536 ac
3028 482 3335 553 imperitos
3358 482 3503 538 dicit
3521 483 3738 545 Judmis

290 564 347 619 οἵ
380 560 536 619 οὔπω
568 560 790 633 εἴδησιν
855 562 1021 643 εἶχον
1078 570 1174 619 τοῦ
1232 565 1423 638 νόμου.
1472 564 1693 627 Τούτοις
1734 565 1839 641 γὰρ
1863 570 1983 629 τοῖς

299 656 556 727 ὀνόμασιν
622 652 730 706 ἆ.πῦ
795 652 1121 721 κενοδοξίας
1204 652 1356 706 αὐτοὶ
1410 651 1537 716 τοὺς
1600 653 1982 728 προσηλύτους

303 747 562 802 ἐκάλουν.
621 743 718 797 Διὸ
777 744 873 798 καί
934 744 1101 805 αὐτὸς
1162 745 1343 817 ἡρέμα
1394 743 1763 814 ἐπονειδὶζων,
1795 746 1983 807 αὐτοῖς

311 839 538 897 τοῦτοις
564 840 676 896 τοῖς
708 833 993 896 τοιούτοις
1030 835 1292 908 ὀνόμασιν
1348 834 1641 913 ἐχρήσατο.
1684 856 1705 885 ι
1740 836 1983 913 Ἒχοντα

326 928 429 994 τὴν
492 925 757 1001 μόρφωσιν
832 931 938 992 τῆς
1019 924 1275 999 γνώσεως
1324 925 1414 978 καὶ
1462 930 1565 992 τῆς
1618 923 1896 993 ἀληθείας.
1952 947 1979 975 ››

334 1018 561 1094 Εὗφυῶς
611 1015 723 1069 εἶπε
782 1040 809 1065 ‹‹
843 1016 1144 1091 Μόρφωσιν
1201 1016 1449 1089 γνώσεως
1506 1013 1595 1068 καὶ
1627 1009 1917 1079 εὐσεϐείας,
1952 1037 1979 1064 ››

326 1104 517 1174 δηλῶν
548 1105 629 1159 δτι
660 1104 764 1159 οὐκ
793 1102 963 1171 αὐτὴν
1021 1101 1207 1176 ἔχουσι
1264 1103 1362 1171 την
1419 1101 1599 1172 ἀληθῆ
1659 1108 1857 1177 γνῶσιν
1891 1104 1979 1157 καὶ

323 1189 619 1260 εὐσὲὅείαν,
668 1192 794 1248 ἀλλ’
851 1190 1187 1247 ἐπίπλαστον
1248 1191 1431 1247 εἷ’κόνα
1484 1193 1626 1260 τινὰ,
1660 1196 1855 1268 σχῆμα
1889 1194 1982 1265 μὲν

315 1279 561 1359 ἔχουσαν
594 1280 878 1352 ἀληθείας,
913 1283 1013 1337 οὐκ
1058 1283 1215 1336 οὖσαν
1258 1279 1331 1336 δὲ.
1386 1282 1577 1344 Καλῶς
1607 1280 1663 1336 δὲ
1692 1288 1864 1336 κεῖται
1895 1283 1978 1351 τὸ,

314 1398 345 1426 κ
380 1376 475 1429 Ἐν
506 1377 591 1444 τῷ
618 1372 791 1444 νόμῳ.
826 1396 853 1423 ι)
914 1368 1063 1428 ’Έδει
1115 1371 1219 1446 γὰρ
1274 1373 1375 1441 τήν
1435 1371 1613 1425 εἰκόνα
1642 1374 1740 1441 τήν
1773 1370 1979 1441 ἀληθῆ,

312 1461 367 1515 ἐν
430 1467 513 1533 τῷ
580 1458 843 1515 συνειδότι
903 1461 994 1514 καὶ
1064 1461 1116 1513 ἐν
1194 1466 1312 1521 ταῖς
1387 1460 1611 1533 πράξεσι
1667 1461 1982 1528 κεκτῆσθαι’

313 1550 377 1604 σὺ
416 1546 498 1619 δὲ,
535 1549 694 1627 φησὶ,
736 1548 869 1624 μέγα
926 1555 1170 1622 φρονεῖς,
1230 1550 1306 1610 ὠς
1356 1547 1438 1602 ὅτι
1471 1549 1498 1602 6
1529 1549 1701 1620 νόμος
1735 1546 1852 1623 ἔχει
1879 1550 1977 1616 τήν

313 1640 507 1694 εἰκόνα
538 1639 768 1708 ταύτην,
830 1636 956 1694 ἀλλ’
1014 1635 1165 1693 οὐδὲν
1218 1642 1379 1692 τοῦτο
1438 1638 1571 1711 πρὸς
1624 1640 1699 1707 σε,
1751 1637 1867 1692 ἐπεὶ
1902 1638 1978 1709 μή

311 1730 565 1796 ποιητής
598 1730 647 1783 εἴ
676 1732 770 1782 τοῦ
802 1729 996 1800 νόμου.
1031 1761 1098 1771 -
1125 1727 1370 1788 Ἄλλως.
1405 1728 1617 1800 [ΦΩΤ.]
1660 1730 1979 1802 Μορφοῦται

2095 569 2466 625 adhaarentes
2498 571 2830 643 proselytos
2858 572 2958 642 qui
2982 572 3127 640 legis
3159 574 3557 644 cognitionem
3588 593 3739 631 non-

2094 658 2235 712 dum
2267 658 2584 713 habebant.
2619 660 2719 713 His
2750 677 3007 730 namque
3039 662 3384 717 nominibus
3425 680 3545 733 praa
3578 665 3742 719 inani

2094 747 2279 818 gloria
2310 748 2639 819 proselytos
2671 749 3070 820 appellabant,
3127 750 3376 822 ideoque
3425 753 3743 823 Apostolus

2096 838 2269 891 tacite
2300 838 2392 891 his
2445 838 2588 909 ipsis
2638 838 3022 909 exprobrans,
3074 840 3417 911 hujusmodi
3463 859 3607 896 usus
3656 848 3745 897 est

2095 926 2469 980 nominibus:
2502 949 2520 973 ιι
2556 926 2877 981 Habentem
2900 928 3147 983 formam
3181 930 3534 1001 cognitionis
3566 948 3633 986 ac
3654 948 3745 986 ve-

2094 1016 2306 1072 ritatis.
2335 1038 2361 1063 »
2394 1016 2545 1071 Scite
2579 1016 2744 1083 dixit,
2769 1018 3040 1072 Formam
3063 1018 3415 1090 cognitionis
3439 1020 3742 1091 divinique

2095 1107 2310 1175 cultus,
2348 1109 2689 1177 significans
2722 1109 2879 1179 quod
2906 1110 3094 1180 ipsam
3125 1126 3321 1165 veram
3344 1111 3743 1179 cognitionem

2096 1195 2479 1267 divinumque
2504 1197 2728 1252 cultum
2745 1214 2864 1252 non
2887 1198 3306 1266 haberent,sed
3330 1198 3586 1255 efﬁctam
3602 1201 3745 1255 ima-

2093 1286 2293 1357 ginem
2317 1286 2916 1356 quamdam,formam
2941 1288 3179 1358 quidem
3204 1287 3523 1343 habentem
3536 1289 3747 1343 verita-

2098 1375 2330 1444 tis,quae
2356 1381 2555 1429 tamen
2581 1392 2701 1429 non
2728 1378 3073 1430 esset.Bene
3095 1382 3292 1431 autem
3315 1376 3516 1431 addit:
3552 1400 3579 1427 ‹‹
3606 1378 3742 1442 Quas

2098 1463 2160 1516 in
2190 1463 2315 1534 lege
2350 1469 2455 1518 est.
2492 1486 2518 1512 ›ι
2554 1465 2855 1535 Siquidem
2889 1466 3151 1537 oportuit
3190 1482 3386 1521 veram
3423 1466 3743 1538 imaginem

2095 1554 2157 1607 in
2191 1553 2554 1609 conscientia
2584 1554 2876 1626 bonisque
2909 1556 3188 1627 operibus
3235 1556 3408 1610 sitam
3462 1573 3628 1611 esse:
3681 1560 3743 1610 tu

2099 1659 2235 1697 vero
2262 1644 2582 1712 extolleris,
2612 1645 2837 1714 inquit:
2861 1651 3065 1714 utpote
3079 1645 3236 1715 quod
3257 1645 3574 1716 imaginem
3591 1646 3744 1701 hanc

2096 1731 2190 1787 lex
2222 1732 2454 1792 habeat.
2488 1749 2691 1787 verum
2722 1733 2781 1787 id
2808 1734 2958 1787 nihil
2989 1734 3062 1788 ad
3113 1740 3168 1788 te
3217 1734 3318 1804 qui
3366 1734 3511 1806 legis
3554 1735 3745 1789 iactor

306 1822 410 1887 τήν
476 1817 771 1894 μόρφωσιν
829 1823 929 1885 τῆς
987 1818 1240 1893 γνώσεως
1305 1817 1395 1871 καὶ
1456 1822 1555 1884 τῆς
1614 1815 1665 1869 ἐν
1722 1821 1799 1887 τῷ
1830 1816 1982 1888 νόμῳ

2103 1838 2217 1876 non
2250 1821 2346 1876 sis.
2384 1822 2512 1876 Alio
2542 1823 2721 1876 modo.
2758 1823 3028 1878 Formam
3060 1824 3413 1895 cognitionis
3443 1840 3509 1878 ac
3530 1824 3745 1878 verita-

304 1904 607 1974 ἀληθείας,
641 1906 671 1958 6
705 1902 866 1965 εἰδὼς
924 1904 1082 1958 αὐτὸν
1137 1904 1227 1958 καὶ
1284 1902 1713 1977 πολιτευόμενος
1742 1905 1860 1958 κατ’
1890 1903 1985 1957 αὐ-

304 1995 417 2049 τόν.
455 1992 689 2051 Τέθεικε
720 1993 842 2067 γὰρ,
875 1994 938 2047 τὸ
993 1994 1087 2066 μὲν
1146 2018 1175 2045 ‹‹
1212 1993 1495 2068 μόρφωσιν
1527 1992 1800 2068 γνώσεως,
1841 2016 1862 2043 ι
1898 1991 1985 2046 ἐπὶ

317 2089 409 2138 τοῦ
432 2081 664 2150 εἰδέναι,
696 2084 759 2136 τὸ
783 2080 841 2136 δὲ
864 2106 891 2135 ‹‹
921 2083 1198 2159 μόρφωσιν
1219 2083 1505 2151 ἀληθείας,
1530 2109 1553 2133 ››
1584 2081 1670 2136 ἐπὶ
1700 2086 1797 2136 τοῦ
1819 2081 1987 2156 πράτο

329 2193 450 2227 tam.
501 2174 756 2233 Ἐκεῖνος
813 2173 919 2246 γὰρ
978 2170 1157 2241 ἀληθῆ
1220 2173 1319 2241 τήν
1373 2171 1425 2225 ἐν
1484 2176 1561 2242 τῷ
1604 2170 1760 2243 νόμῳ
1788 2173 1985 2244 γνῶσιν

341 2258 580 2330 δεικνύει,
638 2262 668 2314 6
732 2256 823 2314 διὰ
872 2264 981 2314 τῶν
1041 2257 1209 2335 ἔργων
1268 2259 1497 2336 πληρῶν
1557 2259 1751 2331 αὐτὴν,
1781 2256 1985 2320 ἐκεῖνος

344 2353 553 2419 πῖπτεν.
582 2352 652 2403 Σὺ
688 2347 769 2417 δὲ,
806 2351 965 2426 φησὶ,
1019 2352 1282 2411 πέποιθας
1343 2350 1562 2404 σεαυτὸν
1593 2350 1734 2404 εἶναι
1766 2345 1992 2402 παιδευ-

340 2440 431 2505 τὴν
464 2438 548 2493 καί
599 2437 811 2515 ὁδηγὸν
862 2439 950 2493 καὶ
1026 2437 1375 2506 διδάσκαλον,
1437 2438 1544 2494 067.
1598 2436 1810 2506 ἁπλῶς,
1861 2435 1988 2492 ἀλλ’

329 2526 520 2606 ἔχοντα
549 2531 648 2598 τὴν
691 2529 982 2606 μόρφωσιν
1013 2537 1111 2598 τῆς
1156 2529 1207 2584 ἐν
1270 2534 1350 2601 τῷ
1406 2528 1563 2602 νόμῳ
1595 2529 1868 2603 γνώσεως,
1900 2527 1989 2582 καὶ

324 2627 421 2686 τῆς
480 2619 534 2673 ἐν
590 2624 674 2690 τῷ
733 2620 892 2690 νόμῳ
950 2618 1231 2688 ἀληθείας.
1278 2618 1449 2679 οὕτως
1485 2616 1543 2672 δὲ
1570 2616 1863 2691 πολιτεύῃ,
1913 2617 1987 2679 ὡς

333 2707 468 2781 μηδὲ
521 2707 891 2769 διδασκαλίας
948 2715 1179 2780 νομικῆς
1232 2730 1321 2763 πω
1377 2709 1627 2769 ἀκούσας.
1678 2709 1738 2765 Ὁ
1770 2706 1859 2761 οὖν
1890 2708 1991 2776 τήν

329 2800 614 2875 μόρᾳωσιν
678 2798 963 2861 πεποιθὼς
1037 2792 1183 2872 ἔχειν
1257 2800 1358 2862 τῆς
1432 2798 1685 2872 γνώσεως
1742 2797 1832 2850 καὶ
1886 2803 1988 2864 τῆς

313 2886 609 2957 ἀληθείας,
677 2888 708 2940 6
766 2891 874 2941 τῶν
939 2886 1182 2962 ἀφρόνων
1246 2883 1563 2954 παιδευτὴς,
1617 2888 1645 2940 6
1702 2882 1926 2960 ὁδηγὸς,
1961 2886 1988 2938 6

301 2977 657 3039 διδασκαλος
723 2979 865 3031 εἶναι
923 2978 1222 3041 πεποιθὼς,
1283 2981 1498 3050 πρῶτον
1557 2976 1775 3030 σεαυτὸν
1838 2972 1991 3029 δίδα-

304 3070 425 3138 ξον.
462 3066 719 3136 Διδᾲξεις
750 3063 830 3137 δὲ,
863 3067 953 3121 ὅτε
984 3065 1073 3120 ἐπὶ
1122 3072 1239 3129 τοῖς
1290 3060 1473 3140 ἔργοις
1531 3063 1720 3137 δείξεις
1751 3062 1986 3134 ἀληθεύ-

316 3178 482 3210 ουσιν
509 3159 615 3224 τὴν
647 3153 1026 3212 διδασκαλίαν.

400 3246 467 3299 Ὀ
573 3242 659 3296 οὖν
734 3243 1007 3298 διδάσκων
1082 3240 1282 3316 ἕτερον,
1361 3243 1582 3298 σεαυτὸν
1680 3241 1740 3294 o6
1833 3238 1982 3295 διδά-

346 3349 540 3395 σκεις;
614 3331 639 3381 6
707 3331 984 3405 κηρύσσων
1067 3332 1141 3402 μή
1217 3329 1496 3397 κλέπτειν,
1574 3328 1865 3395 κλὲπτεις;
1925 3330 1985 3385 Ὀ

356 3416 543 3489 λεὶγων
617 3420 687 3489 μή
757 3420 1039 3495 μοιχεύειν
1122 3419 1439 3495 μοιχε·3εις;
1519 3419 1545 3472 ὁ
1625 3415 1986 3492 βδελυσσόμε.

356 3529 449 3569 νος
489 3510 555 3563 τὰ
590 3508 805 3577 εἴδωλα,
889 3509 1234 3586 ἱεροσυλεῖς;
1276 3513 1372 3571 Ὃς
1439 3508 1493 3562 ἐν
1560 3509 1719 3582 νόμῳ
1776 3513 1986 3584 καυχᾶ·

349 3620 448 3665 σαο,
520 3596 607 3653 διὰ
676 3607 775 3668 τῆς
844 3594 1201 3675 παραϐάσεως
1269 3603 1366 3653 τοῦ
1441 3598 1611 3670 νόμου
1686 3597 1778 3651 τὸν
1856 3596 1988 3651 Θεὸν

343 3688 644 3761 ἀτιμάζεις
711 3691 787 3745 Τὸ
842 3690 943 3762 γὰρ
1002 3684 1180 3762 ὄνομα
1225 3692 1323 3742 τοῦ
1376 3691 1510 3742 Θεοῦ
1543 3686 1612 3741 δι’
1646 3687 1784 3759 ὑμᾶς
1820 3685 1989 3760 βλασ-

340 3783 589 3853 σηςιεῖται
620 3775 673 3830 ὲν
705 3783 824 3838 τοῖς
856 3775 1053 3846 ἔθνεσι,
1084 3778 1263 3839 καθὼς
1292 3776 1610 3851 γέγραπται.

400 3870 529 3923 Εἶτα
560 3868 872 3931 ἀκόλουθον
902 3868 969 3935 ἦν
997 3867 1186 3934 εἰπεῖν,
1238 3866 1321 3921 ὅτι
1377 3866 1427 3920 οἱ
1487 3867 1553 3921 τὰ
1581 3869 1806 3919 τοιαῦτα
1846 3864 1989 3938 παρὰ

323 3961 455 4011 Θεοῦ
487 3952 784 4021 λαϐόντες,
844 3956 934 4010 καὶ
999 3958 1073 4029 μή
1132 3955 1488 4033 φολάττοντες
1552 3954 1708 4022 αὐτὰ,
1746 3953 1988 4027 μείζονος

316 4041 536 4100 ἔσονται
580 4045 858 4120 τιμωρίας
908 4044 1117 4119 ἔνοχοι,
1170 4045 1281 4116 ὅσῳ
1313 4044 1401 4098 καὶ
1429 4044 1481 4098 ἐν
1514 4043 1711 4119 γνώσει
1744 4044 1778 4110 ἡ
1814 4043 1990 4115 ἁμαρ-

310 4138 427 4192 τία.
462 4132 652 4188 Ἀ).λά
683 4135 821 4195 τὲως
874 4134 936 4188 06
990 4130 1197 4210 σφόδρα
1257 4132 1429 4186 αὐτῶν
1462 4131 1810 4195 καθάπτεται,
1845 4127 1989 4184 ἀλλὰ

312 4225 439 4278 κατ’
505 4222 781 4292 ἐρώτησιν
842 4227 1101 4296 προάγων
1161 4222 1252 4276 τὸν
1316 4221 1504 4294 λόγον,
1552 4224 1712 4274 τοῦτο
1746 4219 1873 4273 αὐτὸ
1905 4218 1989 4272 ἐν-

319 4310 629 4369 δείκνυται.
692 4313 846 4373 Τινὲς
905 4310 961 4366 δῖε
1031 4310 1243 4384 μᾶλλον
1304 4312 1683 4386 ἀποφαντικῶς
1746 4308 1987 4383 ἀναγνω-

322 4403 485 4457 στέον
551 4400 728 4480 φασίν·
794 4402 854 4457 Ὀ
915 4398 1349 4475 βδελυσσόμενος
1394 4400 1462 4454 τὰ
1521 4395 1992 4469 εἶ’δωλα,⁴ιεροσυ-

324 4490 455 4553 λε’ῐς
485 4509 499 4557 ;
530 4491 591 4546 Ὀ
622 4490 717 4561 μὲν
744 4489 912 4561 νόμος
972 4490 1062 4543 καὶ
1120 4490 1185 4543 τὰ
1243 4487 1294 4543 ἐν
1347 4494 1463 4548 τοῖς
1494 4484 1797 4546 εἶδιυλείοις
1850 4487 1990 4561 χρή-

2099 1911 2174 1965 tis
2206 1928 2335 1981 quae
2368 1912 2427 1965 in
2460 1912 2586 1983 lege
2622 1916 2712 1965 est
2743 1911 2962 1965 efﬁciat
2991 1912 3062 1973 is,
3097 1912 3196 1982 qui
3240 1912 3429 1982 legem
3479 1912 3639 1967 novit
3686 1917 3745 1967 et

2088 1999 2261 2071 juxta
2287 2016 2415 2054 eam
2450 2004 2853 2054 conversatur.
2889 2002 3159 2055 Formam
3194 2001 3353 2055 enim
3405 2000 3605 2072 posuit
3646 2016 3745 2055 co-

2093 2089 2376 2160 gnitionis
2396 2090 2468 2144 ad
2493 2090 2964 2161 intelligendum,
2989 2089 3240 2144 formam
3265 2095 3462 2144 autem
3482 2090 3744 2145 veritatis

2096 2178 2169 2232 ad
2200 2179 2585 2249 operandam.
2622 2179 2725 2233 llle
2754 2195 3012 2248 namque
3036 2195 3233 2233 veram
3266 2196 3395 2249 quas
3422 2180 3485 2234 in
3508 2179 3635 2251 lege
3657 2183 3747 2234 est

2098 2268 2498 2339 cognitionem
2522 2267 2804 2333 ostendit,
2829 2268 2930 2337 qui
2962 2268 3152 2337 ipsam
3176 2268 3452 2337 operibus
3467 2267 3744 2339 complet,

2098 2356 2245 2411 227
2287 2355 2387 2408 ille
2419 2372 2548 2409 eam
2589 2354 2826 2408 ﬁdelem
2860 2355 3143 2409 ostendit.
3179 2356 3322 2408 Tum
3348 2372 3502 2421 vero,
3528 2356 3745 2425 inquit,

2099 2442 2353 2499 conﬁdis
2382 2448 2435 2497 te
2462 2460 2591 2497 esse
2608 2443 2818 2497 ducem
2848 2447 2905 2495 et
2928 2442 3291 2497 eruditorem
3315 2460 3381 2498 ac
3405 2443 3745 2500 doctorem:

2098 2550 2207 2588 nec
2230 2532 2289 2587 id
2317 2532 2536 2604 vulgari
2562 2531 2760 2598 modo,
2788 2530 2891 2586 sed
2917 2531 3235 2585 habentem
3267 2531 3519 2585 formam
3544 2532 3748 2603 cogni—

2098 2624 2297 2689 tionis,
2323 2639 2453 2693 quaa
2476 2622 2683 2693 inlege
2716 2625 2824 2687 est,
2850 2626 2908 2675 et
2926 2620 3189 2674 veritatis
3211 2637 3341 2690 quae
3364 2620 3425 2673 in
3457 2619 3584 2690 lege
3616 2625 3744 2675 est:

2097 2713 2181 2767 ita
2212 2718 2412 2767 tamen
2444 2711 2810 2765 conversaris
2841 2710 3010 2780 quasi
3056 2710 3200 2781 legis
3232 2710 3563 2764 doctrinam
3596 2725 3746 2764 non-

2099 2802 2238 2857 dum
2270 2802 2549 2856 audieris.
2585 2800 2692 2865 Qui
2725 2817 2861 2872 ergo
2894 2800 3145 2854 formam
3179 2806 3233 2854 te
3260 2800 3475 2854 habere
3495 2799 3745 2854 conﬁdis

2098 2891 2452 2958 cognitionis
2485 2906 2550 2944 ac
2583 2890 2873 2943 veritatis:
2907 2890 3009 2959 qui
3039 2895 3093 2943 te
3125 2889 3536 2960 insipientium
3559 2889 3749 2943 erudi-

2099 2984 2287 3033 torem
2311 2986 2370 3033 et
2397 2979 2606 3032 ducem
2630 2995 2697 3033 ac
2721 2978 3023 3032 doctorem
3054 2994 3184 3031 esse
3211 2978 3748 3048 conﬁdis,teipsum

2098 3069 2310 3123 doceas
2342 3069 2600 3138 primum
2624 3085 2634 3120 :
2661 3067 2901 3121 docebis
2920 3073 3117 3121 autem
3136 3068 3371 3137 quando
3393 3067 3747 3137 doctrinam,

2102 3158 2379 3228 operibus
2406 3173 2475 3211 ea
2505 3173 2635 3226 qum
2667 3156 2815 3210 dicis
2848 3162 3252 3226 praestantem,
3286 3155 3637 3210 ostenderis.

2174 3248 2244 3311 Il,
2278 3248 2467 3299 21-24.
2504 3267 2531 3295 «
2561 3246 2669 3309 Qui
2701 3262 2834 3316 ergo
2868 3245 3050 3298 alium
3084 3245 3280 3311 doces,
3319 3246 3572 3315 teipsum
3624 3261 3745 3299 non

2100 3338 2275 3393 doces
2298 3337 2325 3391 ?
2358 3336 2457 3407 qui
2483 3336 2772 3407 praedicas
2803 3352 2924 3390 non
2950 3335 3289 3405 furandum,
3341 3336 3556 3391 furaris
3583 3336 3611 3391 ?
3642 3336 3745 3407 qui

2102 3427 2249 3481 dicis
2272 3442 2394 3481 non
2412 3425 2863 3481 adulterandum
2877 3427 3218 3491 ,committis
3231 3426 3590 3481 adulterium
3607 3426 3748 3496 ‘Iqui

2102 3515 2421 3571 simulacra
2443 3515 3175 3587 exsecraris,sacrilegium
3198 3514 3669 3585 committis?qui
3682 3515 3746 3568 in

2099 3604 2226 3676 lege
2242 3604 2534 3677 gloriaris,
2570 3621 2676 3675 per
2708 3604 2852 3676 legis
2884 3604 3413 3676 transgressionem
3438 3605 3623 3658 Deum
3655 3604 3749 3658 in-

2100 3694 2355 3749 honoras
2380 3697 2402 3748 Ρ
2422 3696 2647 3749 Nomen
2672 3693 2830 3747 enim
2855 3694 2954 3748 Dei
2978 3700 3219 3764 propter
3238 3711 3337 3748 vos
3358 3692 3748 3763 blasphemiis

2100 3784 2359 3839 afﬁcitur
2389 3784 2548 3837 inter
2576 3788 2802 3851 gentes,
2840 3782 2993 3837 sicut
3018 3783 3305 3852 scriptum
3349 3786 3455 3835 est.
3492 3800 3521 3830 »

2172 3878 2553 3940 Consequens
2586 3869 2804 3923 deinde
2845 3875 2971 3923 erat
3026 3875 3092 3923 ut
3142 3869 3382 3935 diceret,
3437 3867 3597 3939 quod
3644 3869 3745 3937 qui

2102 3960 2308 4014 taliaa
2344 3964 2460 4013 Deo
2498 3958 2867 4027 accepissent
2917 3974 3028 4012 nec
3078 3974 3147 4012 ea
3202 3962 3521 4023 servarent,
3584 3961 3747 4011 tanto

2102 4048 2315 4119 majori
2338 4045 2825 4102 condemnationi
2843 4046 3081 4100 obnoxii
3101 4046 3283 4100 futuri
3298 4052 3747 4117 essent,quanto

2103 4136 2299 4207 majus
2322 4140 2478 4190 esset
2508 4134 3005 4205 peccatum,quod
3032 4150 3064 4188 a
3087 4133 3337 4189 scientia
3365 4133 3749 4205 procederet:

2104 4227 2344 4281 interim
2378 4230 2576 4279 tamen
2610 4240 2710 4277 eos
2741 4240 2858 4277 non
2889 4223 3104 4278 acriter
3150 4223 3441 4295 objurgat,
3485 4223 3587 4279 sed
3619 4240 3751 4277 ser-

2105 4332 2346 4372 monem
2369 4332 2474 4386 per
2497 4313 3023 4385 interrogationem
3052 4313 3407 4384 producens,
3433 4313 3752 4383 hocipsum

2106 4404 2387 4462 ostendit.
2405 4403 2655 4468 Quidam
2684 4419 2817 4457 vero
2843 4403 3200 4457 enuntiative
3222 4402 3417 4472 potius
3434 4400 3747 4474 legendum

2108 4512 2236 4549 esse
2258 4494 2482 4549 dicunt.
2505 4512 2525 4539 ι
2551 4490 2996 4556 Quisimulacra
3009 4490 3376 4545 exsecraris?
3406 4512 3431 4539 ››
3446 4492 3559 4545 Lex
3591 4495 3749 4544 certe

335 4599 484 4650 ματα
546 4575 823 4652 βδελυκτᾶ
882 4579 1024 4655 εἶχε,
1086 4576 1173 4632 διὰ
1226 4577 1288 4631 τὸ
1348 4574 1597 4648 δαίμοσιν
1655 4577 1988 4643 ἂνατεθῆναι.

2103 4600 2309 4638 omnes
2341 4582 2519 4637 etiam
2550 4597 2645 4635 res
2679 4597 2808 4650 qum
2836 4580 2897 4634 in
2930 4579 3228 4634 idolorum
3265 4580 3500 4651 templis
3561 4584 3749 4644 erant,

327 4670 522 4740 Ὑμεῖς
558 4665 635 4732 δὲ,
694 4669 848 4740 φησὶ,
900 4668 968 4721 τὰ
1028 4667 1119 4739 μὲν
1182 4664 1387 4720 εἴδωλα
1423 4662 1815 4740 βδελύσσεσθαί
1846 4684 1996 4739 φατε,

369 4759 382 4772 ι
438 4755 547 4811 κιέ
596 4758 608 4775 ν
688 4758 699 4775 7
778 4762 800 4772 «-
966 4783 970 4785 Δ
1338 4756 1347 4771 ν
1551 4754 1573 4773 ιι
1762 4750 1788 4769 γ
1918 4749 1991 4771 ’Μ

325 4779 395 4811 τι
432 4777 490 4811 οε
552 4779 591 4811 π
642 4778 828 4818 αυτοις
888 4759 1151 4831 χρήματα
1210 4756 1493 4828 ἀρπαζετε.
1575 4759 1690 4827 Αρα
1730 4773 1842 4821 ουν,
1878 4766 2001 4805 ουοε

328 4849 402 4900 τα
470 4842 676 4901 εἳδωλα
731 4847 868 4900 κατά
917 4845 1172 4916 ἀλήθειαν
1238 4841 1613 4919 βδελύσσεσθε.
1678 4843 1887 4914 [ΦΩΤ.]
1934 4844 2001 4896 Ei.

336 4936 450 5009 γαρ
504 4956 586 4998 τις
650 4933 1002 5009 βδελύσσεται
1058 4935 1124 4988 τὰ
1196 4930 1422 5001 ε’ἰδωλα,
1486 4930 1560 4992 ὠς
1622 4934 1729 4984 τῶν
1787 4929 2004 4984 οἰκείων

343 5024 485 5087 ἐθῶν
516 5025 602 5078 καὶ
636 5024 894 5096 νομίμων
944 5023 1033 5077 καὶ
1090 5023 1250 5095 ἱερῶν
1313 5014 1548 5094 ἀκριϐὴς
1593 5018 1786 5097 φύλαξ,
1819 5012 2001 5074 ἔπειτα

334 5112 408 5168 τὰ
442 5115 611 5169 οἰκεῖα
641 5113 763 5188 ἰερά
809 5110 1078 5181 ἀποσυλᾷ,
1132 5110 1307 5178 πόσης
1368 5109 1528 5170 οὗτος
1559 5108 1658 5162 οὐκ
1683 5104 1823 5161 ἔστιν
1853 5106 1999 5178 ἄξιος

334 5203 650 5278 τιμωρίας;
720 5202 790 5257 δι’
848 5203 920 5255 ὧν
978 5202 1074 5274 μὶν
1133 5203 1513 5275 προσποιεῖται
1575 5197 1998 5273 ἀποστρέφεσθαι

335 5295 410 5348 τὰ
452 5292 680 5362 εἴδωλα,
734 5297 900 5365 τιμᾷν
956 5291 1044 5345 καὶ
1101 5288 1553 5364 περιπτύσσεσθαι
1588 5285 1760 5341 δοκῶν
1788 5288 1886 5356 τήν
1920 5288 2001 5342 οἷ-

343 5383 489 5437 κείαν
549 5382 829 5455 λατρείαν,
884 5380 975 5434 καὶ
1028 5380 1093 5433 τὰ
1150 5379 1275 5451 περὶ
1333 5377 1499 5444 αὐτὴν
1554 5376 1692 5450 ἱερὰ,
1745 5373 1815 5430 δι’
1842 5377 1914 5431 ὧν
1945 5375 2002 5432 δὲ

344 5472 631 5549 τολμηρὰν
690 5472 781 5526 καὶ
840 5468 1180 5524 κλέπτουσαν
1228 5472 1391 5540 χεῖρα
1442 5463 1731 5540 ἐπαφίησιν
1793 5464 1998 5535 αὐταῖς,

353 5561 565 5635 μᾶλλον
622 5566 733 5618 τῶν
794 5555 1045 5615 εἰδώλων
1100 5551 1389 5630 ἐξυϐρίζων
1444 5554 1533 5609 καὶ
1592 5552 1668 5615 εἰς
1723 5555 1787 5609 τὸ
1829 5554 1997 5627 μηδὲν

348 5653 649 5728 ἡγούμενος
702 5650 864 5719 αὐτὰ,
922 5644 1307 5719 παραπλήσιύς
1367 5644 1505 5698 ἐστιν
1567 5642 1724 5704 οὗτος
1761 5643 1834 5704 ὡς
1860 5643 2001 5716 ἀλη-

644 5787 937 5845 Ρλτιιοιι.
986 5775 1096 5833 GR.
1142 5772 1403 5833 CXVllI.

2110 4671 2502 4728 exsecrandas
2525 4670 2777 4738 dicebat,
2794 4686 2860 4723 eo
2880 4669 3035 4739 quod
3052 4668 3422 4724 daemonibus
3436 4675 3636 4725 essent
3665 4668 3752 4722 di-

2109 4767 2275 4817 catae.
2316 4762 2424 4814 Vos
2456 4764 2674 4825 autem,
2708 4758 2921 4828 inquit,
2956 4758 3273 4814 simulacra
3302 4764 3360 4812 et
3396 4758 3557 4813 idola
3588 4774 3756 4812 exse-

2110 4851 2261 4906 crari
2300 4849 2539 4920 quidem
2572 4866 2672 4902 vos
2704 4847 2922 4915 dicitis,
2958 4854 3016 4902 et
3049 4852 3244 4902 tamen
3269 4848 3560 4918 repositas
3610 4846 3755 4917 ipsis

2108 4939 2420 4994 facultates
2459 4937 2684 5007 rapitis.
2734 4938 2937 5006 Itaque
2987 4953 3181 5007 neque
3238 4954 3371 4992 vere
3439 4937 3758 4991 simulacra

2113 5028 2523 5083 exsecramini.
2554 5028 2694 5079 Nam
2730 5026 2778 5079 si
2805 5026 3101 5096 quispiam
3137 5026 3457 5082 simulacra
3487 5039 3756 5079 exsecre-

2110 5120 2224 5185 tur,
2259 5122 2537 5185 tanquam
2558 5114 2923 5184 propriarum
2942 5115 3443 5169 consuetudinum
3461 5111 3756 5183 legitima-

2108 5220 2361 5273 rumque
2393 5208 2451 5256 et
2482 5217 2783 5256 sacrarum
2817 5208 3055 5257 exactus
3103 5203 3462 5261 observator,
3512 5198 3755 5252 interim

2113 5301 2310 5350 autem
2345 5293 2586 5365 propria
2617 5292 2834 5363 templa
2868 5292 3260 5363 deprendatur,
3285 5308 3398 5361 quo
3426 5290 3519 5343 hic
3541 5288 3755 5360 dignus

2111 5402 2233 5440 non
2257 5390 2344 5438 est
2368 5381 2827 5454 supplicio?Qui
2883 5382 3021 5436 hinc
3081 5398 3141 5436 se
3201 5381 3370 5449 ﬁngit
3426 5378 3756 5433 abominari

2110 5474 2290 5542 idola,
2320 5472 2625 5543 proprium
2652 5470 2876 5524 cultum
2896 5470 3189 5523 honorare
3212 5469 3369 5522 visus
3392 5472 3451 5523 et
3480 5466 3757 5538 amplecti

2110 5581 2178 5618 ac
2210 5578 2397 5625 sacra,
2435 5578 2565 5631 quae
2599 5560 2757 5614 circa
2789 5559 2960 5612 illum
3004 5557 3346 5613 habentur:
3408 5557 3575 5612 illinc
3624 5572 3759 5610 vero

2113 5652 2490 5707 temerariam
2521 5650 2905 5717 furacemque
2950 5664 3193 5705 manum
3236 5649 3308 5704 ad
3358 5666 3427 5704 ea
3478 5646 3760 5715 extendit,

3399 5777 3471 5834 12
