4126 6256
421 365 538 424 363

1539 343 1962 406 (ΕΕΠΜΕΝΙΙ
2010 338 2315 401 ΤΙΗΟΟιΕ
2360 335 2735 397 EPISCOPI.

3712 325 3844 386 364

420 499 550 569 ipsa
587 490 798 562 majori
819 487 1088 544 afﬁciens
1107 483 1327 556 injuria
1349 496 1525 551 quam
1549 478 1708 532 idola
1721 491 1908 546 eaque
1920 473 2066 528 nihil

2205 472 2307 538 πῶς,
2337 471 2416 539 τῷ
2448 467 2658 542 λέγοντι
2692 465 2789 538 μὲν
2819 463 3027 539 ἑτέροις
3062 464 3137 537 μὴ
3186 459 3294 518 δεῖν
3347 457 3621 526 κλέπτειν,
3651 454 3842 531 πράτ-

2362 553 2404 569 ...
2486 555 2498 569 .
2598 559 2625 569 -
2767 554 2785 569 .
2922 556 2932 566 .
3161 553 3221 569 ..Α
3432 549 3445 564 ς
3523 547 3536 564 ς
3608 544 3805 569 -.ί-ι,

421 565 664 646 ducens.
703 586 845 638 Vere
877 581 1034 636 enim
1068 579 1163 633 hic
1195 577 1282 631 illi
1309 572 1590 630 assimilis
1612 576 1702 626 est
1722 565 2066 640 quicaeteris

423 695 542 734 non
575 673 892 730 furandum
925 670 1088 736 dicit,
1115 669 1239 738 ipse
1271 664 1506 720 interim
1538 679 1670 732 qua)
1699 660 1898 714 furum
1931 660 2069 711 sunt

421 770 794 840 perpetrans.
825 765 968 818 Nam
1001 760 1156 814 sicut
1195 757 1295 810 ille
1352 753 1650 809 contraria
1694 746 2068 804 sermonibus

419 832 614 911 iacere
644 850 978 908 ostenditur
1007 864 1112 920 per
1143 861 1360 918 opera:
1395 841 1545 899 228
1579 841 1662 894 ita
1717 843 1776 893 et
1820 837 1918 891 hic
1968 832 2068 905 qui

427 943 804 1015 sacrilegium
835 942 1156 1012 perpetrat,
1191 932 1490 989 contraria
1519 929 1638 1001 agit
1677 928 1751 992 ei,
1785 924 1944 996 quod
1984 927 2073 977 est

424 1034 586 1089 idola
613 1028 968 1093 abominari,
998 1044 1104 1098 per
1124 1024 1350 1080 furtum
1381 1015 1859 1092 injuriamquein
1883 1027 2070 1077 sacra,

428 1124 730 1179 dmmones
761 1119 984 1185 colens,
1019 1130 1270 1186 quorum
1301 1110 1461 1166 idola
1490 1113 1658 1163 erant
1713 1099 2069 1159 habitacula.

429 1236 457 1264 α
492 1212 600 1277 Qui
633 1211 693 1265 in
725 1210 854 1280 lege
881 1205 1174 1280 gloriaris.
1208 1224 1234 1252 ››
1270 1199 1571 1264 Gloriaris,
1605 1194 1774 1267 quasi
1805 1209 1838 1247 a
1870 1192 1986 1246 Deo
2009 1189 2072 1244 in

427 1305 657 1358 honore
681 1299 915 1358 habitus
935 1299 1177 1368 propter
1196 1293 1408 1364 legem,
1432 1306 1537 1344 cur
1568 1303 1702 1358 ergo
1736 1291 2072 1354 transgres-

440 1393 606 1448 sione
619 1390 808 1460 legem
830 1380 1478 1452 inhonoras,simulque
1498 1378 1750 1433 etDeum
1767 1373 1794 1428 ‘2
1807 1396 1834 1423 «
1849 1374 2074 1426 Nomen

436 1481 595 1537 enim
628 1479 752 1534 Dei.
791 1499 816 1527 μ›
848 1481 990 1530 Cum
1020 1473 1179 1529 enim
1212 1486 1382 1544 grave
1414 1472 1570 1524 esset
1619 1463 1776 1536 quod
1825 1462 2073 1525 dixerat,

426 1590 454 1619 ‹‹
489 1569 674 1623 Deum
705 1566 1053 1630 inhonoras,
1091 1582 1118 1610 »
1153 1559 1501 1631 prophetam
1535 1555 1596 1607 in
1626 1557 1838 1606 testem
1862 1548 2077 1620 produ-

427 1655 507 1710 cit
534 1653 577 1726 ⁷,
612 1671 678 1710 ac
710 1653 758 1708 si
819 1652 1078 1707 diceret:
1142 1650 1267 1702 Non
1323 1660 1490 1700 meus
1549 1657 1743 1697 sermo
1803 1644 1912 1702 est,
1975 1635 2078 1692 sed

427 1744 614 1799 Isaia).
647 1745 792 1798 Nam
824 1740 924 1811 qui
970 1755 1040 1792 ex
1093 1735 1369 1809 gentibus
1413 1736 1601 1798 erant,
1656 1728 1921 1783 videntes
1979 1742 2080 1781 eos

434 1849 613 1906 prave
662 1829 1020 1895 conversari,
1081 1827 1142 1881 in
1201 1822 1601 1894 blasphemias
1659 1817 2078 1880 efferebantur,

432 1923 728 1978 dicentes:
760 1921 911 1974 Num
944 1916 1222 1987 oportuit,
1256 1919 1322 1968 ut
1347 1914 1453 1968 hos
1476 1913 1630 1966 Deus
1661 1908 1953 1979 diligeret,
1985 1909 2087 1959 aut

441 2010 749 2081 quidpiam
776 2008 860 2062 eis
881 2004 1167 2061 donaret?
1197 2020 1272 2058 an
1304 2018 1379 2056 ne
1410 2002 1517 2056 hos
1549 2005 1607 2054 et
1628 2014 1756 2052 esse
1778 2002 1833 2051 et
1854 1996 2086 2050 futuros

444 2099 636 2156 malos
667 2093 1184 2169 praecognoverat‘?
1203 2115 1228 2141 α
1259 2093 1418 2146 lnter
1447 2093 1723 2162 gentes.»
1747 2088 1871 2141 Non
1894 2083 2087 2139 solum

440 2205 564 2256 vos,
597 2187 812 2258 inquit,
846 2187 1030 2240 Deum
1061 2179 1456 2246 inhonoratis,
1483 2178 1587 2233 sed
1612 2176 1746 2232 aliis
1767 2189 2004 2246 quoque
2029 2171 2088 2226 id

445 2280 660 2355 agendi
689 2278 1064 2336 occasionem
1095 2274 1390 2347 praebetis.

510 2372 582 2440 II,
617 2373 708 2424 25.
747 2367 1105 2425 Gircumcisio
1129 2364 1399 2435 siquidem
1415 2362 1714 2432 prodest,si
1738 2360 1907 2430 legem
1927 2359 2091 2426 factis

443 2463 759 2532 exprimas:
794 2457 942 2528 quod
969 2458 1018 2511 si
1049 2457 1184 2524 legis
1213 2461 1575 2523 transgressor
1615 2452 1808 2519 fueris,
1854 2452 2090 2503 circum-

448 2552 581 2606 cisio
613 2556 708 2603 tua
729 2550 1067 2619 praeputium
1096 2548 1250 2613 facta
1283 2549 1380 2598 est.

515 2638 664 2704 Quia
694 2652 974 2708 magnum
1007 2632 1290 2705 quiddam
1336 2630 1646 2685 videbatur
1694 2628 2091 2694 circumcisio,

447 2728 522 2784 ad
554 2744 685 2783 eam.
718 2726 957 2780 tandem
990 2723 1172 2787 venit,
1207 2727 1265 2775 et
1293 2721 1377 2775 ait
1400 2719 1646 2774 :Verum
1692 2716 2092 2772 circumcisio-

448 2833 586 2872 nem
609 2815 782 2870 dictis
808 2828 1078 2885 magnam
1102 2811 1432 2880 utilemque
1457 2825 1582 2862 rem
1598 2805 1917 2876 quamdam
1942 2820 2092 2860 esse.

448 2905 682 2974 Utique,
726 2903 941 2972 inquit,
975 2900 1213 2956 fateor:
1247 2897 1350 2953 sed
1410 2901 1552 2951 tunc
1612 2894 1847 2965 quando
1907 2893 2096 2964 legem

444 2994 617 3049 factis
668 2992 968 3064 exprimis.
1021 3013 1048 3038 «
1110 2988 1275 3054 Quod
1337 2987 1384 3042 si
1424 2992 1845 3057 transgressor.
1877 3006 1905 3033 n
1964 2983 2102 3037 Vult

451 3081 764 3138 ostendere
780 3078 1284 3135 circumcisionem
1298 3094 1426 3131 esse
1440 3072 2100 3144 intellectualem,cujus

459 3180 631 3243 typus
665 3176 754 3225 est
778 3187 848 3225 ea
878 3186 1008 3240 quae
1041 3184 1220 3223 sensu
1251 3166 1597 3238 percipitur,
1631 3180 1845 3235 nempe
1892 3163 2095 3235 puriﬁ-

453 3267 650 3317 catum
683 3276 811 3315 esse
844 3258 1124 3313 resecatis
1155 3256 1493 3327 superﬂuis.
1527 3257 1629 3310 Est
1658 3260 1856 3309 autem
1889 3269 2092 3324 super-

454 3352 664 3417 ﬂuum,
701 3349 990 3420 quidquid
1021 3347 1298 3418 displicet
1327 3347 1464 3401 Deo.
1501 3345 1853 3416 Hujusmodi
1900 3345 2099 3414 itaque

456 3439 975 3497 circumcisionem
990 3436 1210 3490 habere
1223 3440 1417 3506 potest
1429 3435 1644 3504 aliquis
1659 3435 1835 3488 etiam
1855 3450 2100 3504 corpore

457 3527 877 3585 circumcisus:
895 3541 1251 3594 rursumque
1271 3540 1516 3593 corpore
1539 3523 1926 3576 circumcisus
1950 3538 2098 3587 esse,

459 3619 658 3674 animo
673 3633 806 3671 vero
820 3614 1293 3669 incircumcisus.
1319 3613 1683 3683 Praeputium
1704 3619 1901 3667 autem
1919 3611 2104 3666 etcir-

457 3706 1129 3774 cumcisionem,nempe
1141 3717 1323 3756 veram
1335 3701 1505 3756 bona:
1518 3717 1827 3772 pravaaque
1840 3702 2106 3757 actiones

457 3797 1069 3869 designant.Curnergo
1085 3792 1440 3847 circumcisio
1457 3792 1688 3863 signum
1703 3793 2108 3847 sitexcisionis

453 3884 902 3956 aﬂectuum:qui
917 3899 1036 3939 non
1049 3883 1324 3938 habuerit
1337 3883 1563 3937 excisos
1577 3883 1945 3950 affectus,hic
1961 3900 2102 3938 sane

459 3977 848 4050 praeputiatus
865 3980 1324 4045 est,quanquam
1341 3973 1574 4041 signum
1596 3990 1841 4044 corpore
1854 3973 2106 4028 ferat.A-

457 4068 644 4139 lioqui
666 4067 824 4121 enim
843 4083 964 4120 non
993 4064 1186 4119 solum
1209 4065 1319 4118 iste
1341 4064 1494 4118 nihil
1513 4064 1650 4118 inde
1664 4063 2106 4135 adjumentiac-

459 4155 814 4228 ciperet,sed
829 4160 886 4210 et
905 4155 1097 4225 majus
1112 4157 1535 4208 nocumentum
1548 4170 1702 4218 ,vera
1714 4154 1974 4224 privatus
1993 4153 2104 4206 cir-

459 4243 1024 4314 cumcisione,cujus
1049 4244 1282 4315 signum
1302 4242 1634 4296 eratcarnis
1650 4242 2108 4308 circumcisio,e-

457 4335 599 4389 tiam
618 4334 770 4388 hanc
783 4334 972 4404 ipsam
986 4331 1210 4403 injuria
1225 4330 1698 4400 afﬁciens,atque
1713 4331 1986 4384 inutilem
2002 4329 2104 4384 red

458 4422 904 4493 dens,nihilque
924 4421 1361 4494 significantem
1382 4436 1586 4474 eorum
1612 4419 1684 4473 ad
1710 4436 1838 4489 qum
1859 4419 1995 4473 data
2017 4424 2106 4474 est

2178 578 2324 612 τοντι
2359 553 2416 610 δὲ
2442 555 2509 611 τὰ
2558 559 2666 610 τῶν
2729 554 3100 610 κλεπτόντων,
3161 553 3361 625 Ὠσπερ
3388 549 3488 624 γὰρ
3521 547 3719 607 ἐκεῖνος
3751 544 3850 599 ἐν-

2188 647 2341 702 αντία
2395 652 2512 709 τοῖς
2572 645 2761 721 λόγοις
2821 644 2910 701 διὰ
2967 650 3073 701 τῶν
3129 639 3299 719 ἔργων
3349 643 3599 713 πράττειν
3633 635 3851 694 ἐπιδεί-

2181 757 2392 805 κνυται,
2425 736 2602 793 οὕτως
2631 736 2723 790 καὶ
2751 736 2908 796 οὗτος
2950 733 3162 789 ἐναντία
3204 736 3303 786 τοῦ
3358 728 3742 806 βδελύσσεσθαι
3772 726 3857 780 τὰ

2209 823 2260 847 N‘
2507 827 2518 846 ν
2591 825 2619 844 γ
2967 830 2992 840 ..
3051 822 3074 841 εκ
3237 822 3246 839 y
3517 817 3540 836 κ
3578 818 3591 835 ε
3668 820 3698 830 ..ι

2181 839 2311 880 ειοω
2345 826 2414 880 λα
2447 823 2497 881 δι
2581 847 2657 880 ων
2715 823 2990 899 ἱεροσυλει
3047 841 3457 896 οιαπραττεται,
3515 835 3602 873 οια
3629 838 3727 886 της
3759 815 3855 878 εἷς

2180 915 2247 969 τὰ
2278 915 2396 988 ἱερὰ
2427 913 2645 983 κλοπῆς
2677 915 2769 970 καὶ
2800 909 3010 988 ὕϐρεως
3050 911 3358 987 θεραπεύων
3387 912 3514 971 τοὺς
3545 907 3853 982 δαίμονας,

2184 1005 2257 1058 ὦν
2286 1004 2421 1072 ἦσαν
2453 1006 2517 1059 τὰ
2549 1003 2754 1059 εἴδωλα
2804 1004 3118 1077 οἱκητῆρια.
3176 1026 3200 1056 ι
3235 1003 3329 1063 ’ος
3361 1000 3414 1054 ἐν
3440 1000 3597 1072 νόμῳ
3623 1000 3860 1072 καυχᾶ-

2185 1114 2294 1152 σαι.
2330 1117 2358 1144 ››
2417 1098 2695 1168 Καυχᾶσαι
2755 1094 2830 1154 ὡς
2887 1091 3139 1165 τιμηθεὶς
3197 1090 3343 1164 παρὰ
3399 1092 3498 1144 τοῦ
3555 1091 3687 1143 Θεοῦ
3747 1083 3860 1140 διὰ

2183 1182 2275 1237 τὸν
2324 1183 2518 1256 νόμον.
2577 1185 2641 1240 Τί
2697 1183 2875 1238 τοίνυν
2939 1185 3009 1255 τῇ
3070 1175 3370 1255 παραϐάσει
3428 1177 3710 1251 ἀτιμάζεις
3748 1177 3860 1231 τὸν

2184 1272 2378 1344 νόμον,
2436 1273 2527 1326 καὶ
2588 1274 2967 1343 συνατιμάζεις
3020 1271 3112 1325 τὸν
3163 1270 3335 1338 Θεόν;
3393 1267 3514 1321 «Τὸ
3542 1267 3641 1342 γὰρ
3670 1261 3862 1338 ὄνομα

2185 1366 2282 1416 τοῦ
2313 1366 2522 1419 Θεοῦ.»
2595 1357 2818 1429 Ἐπειδὴ
2893 1359 3030 1435 βαρὺ
3107 1361 3280 1429 εἶπεν,
3348 1358 3430 1411 ὅτι
3500 1356 3668 1412 «Τὸν
3715 1355 3860 1410 Θεὸν

2189 1450 2492 1522 ἀτιμάζεις,
2528 1472 2557 1500 ››
2587 1449 2679 1504 τὸν
2737 1451 3030 1526 προφήτην
3084 1448 3311 1523 παράγει
3379 1447 3646 1519 μάρτυρα,
3689 1445 3765 1504 ὡς
3801 1442 3863 1498 εἲ

2190 1541 2361 1607 εἶπεν,
2403 1539 2517 1596 Οὐκ
2566 1538 2698 1612 ἐμὸς
2732 1540 2759 1593 ὁ
2793 1537 2976 1614 λόγος,
3029 1535 3176 1592 ἀλλὰ
3220 1540 3318 1590 τοῦ
3367 1534 3612 1592 Ἡσαΐου.
3644 1533 3709 1586 Οἱ
3740 1532 3855 1609 γὰρ

2191 1628 2243 1700 ἐξ
2273 1627 2436 1692 ἐθνῶν
2487 1629 2720 1702 ὁρῶντες
2779 1628 2978 1689 αὐτοὺς
3027 1630 3208 1688 κακῶς
3250 1622 3737 1695 πολιτευομένους,
3768 1622 3861 1684 εἰς

2195 1717 2556 1794 βλασφημίας
2585 1716 2914 1794 ἐξεφέροντο,
2945 1715 3207 1785 Τούτους,
3241 1713 3516 1790 λέγοντες,
3567 1709 3672 1767 ἔδει
3726 1712 3863 1787 ἀγα-

2193 1814 2361 1877 πῆσαι
2388 1807 2479 1861 τὸν
2512 1807 2640 1862 Θεὸν
2667 1804 2702 1876 ἤ
2737 1804 2924 1862 δοῦναί
2980 1828 3033 1861 τι
3091 1808 3278 1867 αὐτοῖς
3306 1825 3320 1874 ;
3373 1804 3472 1859 οὐκ
3495 1799 3618 1877 ᾔδει
3648 1801 3852 1864 κακοὺς

2191 1895 2348 1959 ὄντας
2380 1897 2470 1952 καὶ
2515 1895 2838 1969 ἐσομένους;
2900 1921 2921 1947 ιι
2958 1897 3046 1953 Ἐν
3106 1900 3223 1958 τοῖς
3267 1892 3454 1958 ἔθνεσι.
3492 1917 3514 1945 ι
3555 1891 3633 1948 Οὐ
3659 1893 3838 1963 μόνον,

2192 1986 2352 2061 φησὶν
2410 1987 2564 2059 ὑμεῖς
2621 1984 2912 2058 ἀτιμάζετε
2948 1984 3038 2040 τὸν
3099 1985 3252 2054 Θεὸν,
3313 1982 3459 2039 ἀλλὰ
3511 1981 3604 2036 καὶ
3653 1979 3835 2040 ἄλλοις

2191 2073 2459 2150 πρόφασιν
2489 2074 2778 2152 παρέχετε.

2278 2363 2558 2438 Περιτομῆ
2617 2363 2710 2435 μὶν
2767 2363 2868 2437 γὰρ
2929 2361 3151 2441 ὠφελεῖ,
3203 2361 3290 2416 ἐὰν
3348 2358 3516 2432 νόμον
3579 2361 3862 2434 πράσσῃς·

2200 2450 2289 2507 ἐὰν
2369 2450 2427 2506 δὲ
2499 2447 2822 2526 παραϐάτης
2893 2453 3062 2525 νόμου
3127 2455 3217 2525 ᾖς,
3295 2454 3329 2521 ἡ
3405 2452 3676 2527 περιτομή
3757 2469 3864 2503 σου

2201 2541 2530 2621 ἀκροϐυστία
2567 2542 2799 2620 γέγονεν.

2273 2632 2494 2703 Ἐπειδὴ
2532 2637 2672 2708 μέγα
2701 2656 2752 2689 τι
2785 2632 2960 2689 ἐδόκει
3003 2637 3036 2703 ἡ
3089 2636 3391 2708 περιτομὴ,
3425 2631 3740 2688 τελευταῖον
3766 2631 3865 2686 ἐπ’

2200 2724 2367 2794 αὐτὴν
2399 2722 2558 2797 ἦλθε,
2587 2724 2674 2777 καὶ
2707 2743 2891 2800 φησιν’
2925 2722 3104 2794 ’Δλλ’,
3146 2723 3334 2798 ἐρεῖτε,
3389 2723 3524 2799 μέγα
3567 2723 3657 2778 καὶ
3707 2721 3863 2800 ὠφέ-

2202 2814 2368 2887 λιμόν
2400 2835 2453 2868 τι
2487 2820 2682 2888 χρῆμα
2729 2817 2763 2883 ἡ
2824 2816 3122 2890 περιτομή,
3184 2813 3452 2886 Εἷσκρίνει
3485 2817 3588 2891 γὰρ
3619 2818 3698 2886 τῷ
3734 2810 3858 2885 λαῷ

2201 2908 2297 2958 τοῦ
2329 2907 2484 2958 Θεοῦ.
2521 2903 2642 2970 Ναὶ,
2677 2903 2860 2979 φησὶν,
2912 2902 3203 2978 ὁμηλογῶ,
3243 2901 3390 2958 ἀλλὰ
3416 2904 3562 2971 τότε,
3599 2904 3720 2957 ὅταν
3758 2903 3848 2955 νό-

2210 3014 2307 3067 μον
2342 2995 2610 3068 πράσσῃς.
2661 3015 2688 3044 ‹‹
2722 2994 2844 3048 Ἐὰν
2901 2990 2959 3047 δὲ
3013 2987 3354 3067 παραϐάτης.
3388 3016 3411 3045 υ
3450 2992 3702 3050 Βούλεται
3733 2989 3845 3044 δεῖ·

2205 3084 2288 3154 ξαι
2343 3080 2424 3134 ὅτι
2484 3074 2593 3134 ἔστι
2653 3082 2925 3155 περιτομή
2986 3081 3184 3151 νοητὴ,
3227 3083 3294 3149 ἧς
3333 3080 3509 3145 τύπος
3539 3083 3572 3150 ἡ
3603 3078 3856 3149 αἴσθητῆ,

2208 3171 2536 3243 κεκαθάρϐαι
2566 3170 2655 3223 καὶ
2711 3171 2778 3224 τὰ
2805 3173 3030 3244 περιττά
3087 3174 3536 3244 περιτετμῆσθαι.
3601 3169 3857 3243 Περιττὸν

2213 3257 2269 3314 δὲ
2299 3265 2401 3313 πᾶν
2436 3259 2560 3313 ὅσον
2619 3259 2686 3313 οὐ
2745 3258 2906 3335 φίλον
2967 3264 3100 3328 Θεῷ.
3161 3261 3255 3316 Ἐκ
3301 3258 3355 3314 δὲ
3385 3260 3604 3327 τούτου,
3632 3258 3745 3315 ἔστι
3777 3280 3866 3322 τις

2215 3344 2546 3423 ἀκρὸϐυστος
2577 3349 2671 3421 μὲν
2703 3349 2765 3402 τὸ
2797 3353 2975 3422 σῶμα,
3005 3351 3105 3418 τήν
3149 3346 3205 3403 δὲ
3245 3349 3502 3420 τοιαύτην
3534 3347 3681 3424 ἔχων
3715 3368 3874 3422 περι-

2214 3440 2414 3512 τομιιςν.
2449 3438 2545 3492 Καὶ
2586 3436 2752 3492 πάλιν
2804 3436 3172 3511 ἐμπερίτομος
3205 3440 3300 3512 μὶν
3330 3440 3394 3494 τὸ
3419 3443 3595 3512 σῶμα,
3628 3432 3876 3511 ἀκρόϐυ-

2216 3548 2344 3589 στος
2375 3524 2431 3581 δὲ
2459 3527 2557 3594 τῆν
2589 3529 2792 3601 ψυχήν.
2827 3522 3224 3602 Ἀκροϐυστίαν
3251 3525 3307 3582 δὲ
3327 3527 3413 3582 καὶ
3436 3527 3738 3602 περιτομήν
3763 3528 3873 3595 τήν

2216 3614 2400 3684 ἀληθῆ
2436 3613 2694 3685 δηλονότι
2723 3618 2775 3668 αἱ
2809 3617 3001 3690 ἀγαθαὶ
3033 3615 3123 3670 καὶ
3173 3617 3406 3690 πονηραὶ
3435 3613 3651 3686 πράξεις
3683 3633 3881 3690 χαρα-

2217 3706 2597 3778 κτηρίζουσιν.
2621 3738 2689 3746 --
2712 3707 2924 3779 [ΦΩΤ.]
2947 3705 3100 3762 Ἐπεὶ
3124 3705 3216 3760 οὖν
3241 3706 3468 3779 σημεῖόν
3493 3703 3675 3775 ἐστινὴ
3711 3725 3875 3778 περι-

2215 3797 2363 3868 τομὴ
2415 3797 2602 3850 παθῶν
2651 3793 2907 3867 ἐκκοπῆς,
2961 3795 3013 3851 εἷ’
3054 3817 3136 3860 τις
3187 3798 3289 3852 οὐκ
3329 3797 3648 3852 ἐκκέκοπται
3677 3796 3745 3850 τὰ
3775 3798 3876 3850 πά-

2217 3885 2306 3954 Θη,
2342 3880 2598 3954 δηλονότι
2631 3882 2963 3958 ἁκρὸϐυστός
3015 3884 3148 3954 ἐστι,
3195 3885 3354 3941 κᾶντὸ
3389 3891 3620 3959 σημεῖον
3651 3885 3734 3940 ἐπὶ
3765 3889 3858 3937 τοῦ

2218 3974 2470 4047 σώματος
2499 3971 2657 4052 φέρῃ.
2687 3973 3016 4030 Τοὺναντίον
3064 3975 3164 4049 γὰρ
3215 3976 3276 4029 οὐ
3337 3977 3502 4049 μόνον
3538 3973 3682 4030 οὐδὲν
3711 3973 3851 4050 ὠφε-

2221 4061 2398 4117 λεῖται
2430 4063 2605 4130 οὗτος,
2626 4060 2773 4116 ἀλλὰ
2794 4065 2881 4118 καὶ
2908 4061 3071 4118 πλέον
3102 4064 3421 4138 βλάπτεται,
3457 4063 3780 4138 ψευδόμενός
3799 4082 3860 4116 τε

2217 4152 2350 4206 κατὰ
2378 4158 2477 4220 τῆς
2511 4151 2750 4218 ἀληθοῦς
2783 4160 3109 4228 περιτομῆς,
3149 4156 3213 4222 ἧς
3263 4155 3330 4222 ἦν
3361 4149 3644 4226 σύμϐολον
3669 4156 3702 4222 ἠ
3734 4151 3870 4206 κατᾶ

2218 4239 2406 4316 σάρκα,
2461 4242 2549 4294 καὶ
2607 4240 2774 4310 αὐτὴν
2828 4242 3028 4312 ταύτην
3088 4237 3398 4316 ἐνυϐρίζων,
3445 4244 3533 4298 καὶ
3584 4241 3866 4318 ἄχρηστον

2214 4334 2408 4399 ποιῶν,
2441 4330 2530 4383 καὶ
2584 4328 2754 4402 μηδὲν
2807 4331 3194 4403 σημαίνουσαν,
3227 4332 3300 4385 ὧν
3335 4329 3494 4402 ἐδόθη
3531 4337 3765 4404 σημεῖον
3800 4330 3868 4385 εἴ·

2212 4440 2316 4475 ναι.
2352 4418 2412 4474 Εἴ
2445 4415 2501 4472 δὲ
2530 4440 2612 4480 τις
2644 4419 2962 4474 ἐκκέκοπται
2993 4421 3058 4474 τὰ
3091 4420 3258 4492 πάθη,
3282 4420 3375 4476 κᾶν
3408 4422 3469 4476 τὸ
3501 4427 3732 4493 σημεῖον
3771 4421 3871 4475 οὐκ

455 4517 523 4567 ut
553 4513 785 4584 signum
819 4517 994 4565 esset.
1031 4510 1182 4565 229
1207 4509 1262 4563 Si
1283 4510 1415 4579 quis
1437 4512 1633 4562 autem
1658 4507 1835 4562 habet
1859 4508 2091 4562 affectus

2211 4507 2569 4562 ἐντετύπωται
2629 4512 2696 4582 τῇ
2775 4510 2952 4583 σαρκὶ,
3032 4509 3188 4565 οὐδὲν
3255 4513 3415 4579 ἦττον
3473 4512 3872 4584 περιτέτμηται

2257 4601 2271 4614 ι
2356 4598 2401 4614 ,κ
2469 4611 2481 4614 ,
2558 4602 2570 4614 .
2925 4603 2937 4614 .
3093 4601 3107 4614 .
3227 4605 3240 4614 .
3383 4603 3396 4614 .
3503 4601 3599 4614 μ..
3764 4604 3789 4614 ..

461 4602 709 4671 excisos,
746 4615 1090 4671 quanquam
1120 4616 1294 4654 carne
1325 4614 1446 4652 non
1477 4599 1552 4651 sit
1583 4597 1985 4662 circumcisus,
2013 4595 2102 4649 ni-

457 4690 784 4744 hilominus
819 4696 1016 4744 tamen
1047 4705 1183 4743 vera
1213 4693 1476 4742 resectus
1508 4691 1598 4741 est
1627 4685 2103 4751 circumcisione,

459 4795 648 4848 eoque
675 4779 878 4850 magis,
912 4795 1028 4849 quo
1062 4779 1261 4832 minus
1293 4782 1424 4849 eget
1454 4775 1745 4841 sensibili,
1779 4791 1910 4845 quae
1970 4791 2101 4828 me-

455 4868 658 4922 moriae
692 4868 961 4939 signique
993 4868 1180 4939 gratia
1212 4870 1644 4921 assumebatur.
1680 4887 1708 4913 ‹‹
1741 4865 2100 4935 Ριυεθριιιίιιπι

450 4956 611 5012 facta
631 4962 739 5011 est.
780 4979 804 5003 υ
839 4956 955 5010 Hoc
987 4962 1078 5010 est
1113 4955 1511 5010 abominanda
1533 4971 1625 5009 res
1651 4954 1820 5025 juxta
1841 4958 2100 5007 mentem

453 5062 678 5102 eorum.
714 5045 945 5100 Etenim
979 5045 1088 5116 ipsi
1121 5045 1538 5115 praeputiatum
1567 5043 2102 5098 ducebantabomi-

452 5137 738 5192 nandum.
776 5135 830 5190 Si
855 5151 991 5206 ergo
1036 5149 1153 5187 non
1213 5134 1530 5188 servaveris
1578 5149 1770 5202 neque
1823 5137 2101 5202 operatus

449 5228 634 5282 fueris
665 5243 795 5297 quae
830 5224 975 5296 legis
1009 5229 1165 5290 sunt,
1199 5223 1574 5277 circumcisio
1632 5227 1750 5289 tua,
1801 5237 1931 5291 quae
1983 5222 2099 5276 Deo

451 5323 615 5388 grata
645 5321 790 5382 erat,
824 5313 1228 5369 abominanda
1257 5313 1410 5367 facta
1437 5316 1525 5365 est
1555 5315 1613 5364 et
1659 5311 1901 5381 rejecta.
1935 5310 2100 5374 Quod

453 5406 501 5458 si
524 5407 911 5475 praeputiatus
936 5403 1170 5476 egregia
1191 5403 1336 5474 legis
1355 5417 1535 5472 opera
1551 5400 2100 5471 praastiterit,hujus

450 5495 806 5565 praaputium
822 5493 982 5566 quod
1006 5511 1104 5550 res
1127 5491 1527 5548 abominanda
1549 5496 1695 5557 erat,
1727 5491 1845 5546 Deo
1867 5495 2099 5562 gratum

521 5638 541 5672 ⁷
571 5638 684 5693 Isa.
718 5655 812 5708 Lll,
845 5643 898 5694 5.

2213 4601 2312 4668 τὴν
2347 4598 2611 4670 ἀληθινὴν
2671 4603 3002 4674 περιτομὴν,
3065 4601 3108 4656 εἰ
3175 4605 3249 4675 μὴ
3310 4603 3399 4657 καὶ
3461 4601 3706 4676 μᾶλλον,
3758 4604 3872 4674 ὅσῳ

2215 4685 2356 4760 μηδὲ
2389 4685 2598 4759 δεηθεὶς
2656 4697 2758 4758 τῆς
2817 4692 3098 4760 αἰσθητῆς,
3148 4692 3266 4760 ἣτις
3315 4689 3474 4765 χάριν
3509 4686 3874 4766 παρελαμϐά-

2208 4798 2329 4832 νετο
2363 4779 2587 4850 μνήμης
2639 4777 2729 4832 καὶ
2785 4776 3091 4852 συμϐόλου.
3125 4801 3158 4834 ‹(
3200 4775 3558 4854 ’Ᾱκροϐυστία
3587 4786 3800 4856 γέγονε.
3835 4804 3866 4833 »

2210 4899 2278 4908 -—
2337 4868 2492 4938 [ΤΟΥ
2529 4869 2776 4938 ΑΥΤΟΥ]
2853 4864 3112 4924 Τουτέστι
3185 4865 3502 4942 βδελυκτὸν,
3575 4869 3712 4924 κατὰ
3770 4870 3866 4924 τὸν

2209 4952 2424 5008 ἐκείνων
2455 4959 2601 5012 νοῦν.
2640 4953 2944 5011 Βδελυκτὸν
2987 4958 3089 5031 γὰρ
3142 4957 3338 5013 ἐκεῖνοι
3384 4958 3476 5013 τὸν
3523 4953 3866 5035 ἆκρὸὅυστον

2208 5041 2456 5119 ἕγοῦντο.
2510 5045 2628 5100 Ἐὰν
2674 5045 2790 5114 οὖν,
2841 5046 3096 5123 φησίν,οὐ
3145 5045 3422 5124 φυλάττῃς
3451 5044 3579 5102 οὐδὲ
3623 5050 3874 5124 πράττῃς

2207 5133 2273 5186 τὰ
2327 5137 2424 5186 τοῦ
2480 5132 2676 5204 νόμου,
2711 5135 2743 5201 ἡ
2787 5137 3060 5208 περιτομή
3123 5141 3239 5208 σοῦ,
3297 5138 3428 5211 ὅπερ
3462 5138 3526 5206 ἦν
3560 5136 3874 5212 Θεάρεστον,

2206 5218 2397 5295 γέγονε
2430 5218 2725 5293 βδελυκτὸν
2773 5223 2862 5276 καὶ
2916 5219 3255 5294 ἀπόϐλητον.
3309 5225 3432 5280 Ἐὰν
3480 5222 3535 5280 δὲ
3567 5226 3595 5279 ὁ
3626 5221 3874 5299 ἀκροϐυ-

2209 5329 2332 5369 στος
2369 5309 2435 5363 τὰ
2492 5306 2836 5382 δικαιώματα
2887 5311 3130 5390 φυλάττῃ
3186 5319 3282 5368 τοῦ
3339 5313 3536 5387 νόμου,
3572 5316 3601 5384 ἡ
3634 5309 3877 5389 ἀκροϐυ-

2205 5397 2324 5452 στία
2379 5397 2568 5466 ἀύτοῦ,
2623 5397 2753 5473 ὅπερ
2810 5401 2874 5469 ἦν
2933 5398 3250 5475 βδελυκτὸν,
3301 5404 3585 5478 θεάρεστον
3629 5403 3721 5458 καὶ
3757 5406 3874 5459 θεο-

2206 5486 2362 5564 φιλὲς
2388 5485 2766 5561 λογισθήσεται
2798 5488 2946 5564 αὐτῷ
2975 5496 3054 5564 τῷ
3083 5491 3352 5568 νομοθέτῃ
3383 5493 3473 5548 καὶ
3505 5498 3873 5571 Δημιουργῷ.
