4126 6256
254 345 364 404 3C5

1384 331 1776 397 OOMMENT.
1827 326 1907 386 IN
1953 325 2206 392 EPIST.
2254 335 2356 394 AD
2403 337 2595 398 RUM.

3557 412 3560 415 ,
3578 341 3697 402 366

250 475 350 538 Καὶ
409 479 674 531 τοσοῦτον
739 475 1045 548 θεάρεστον
1123 477 1209 530 καὶ
1285 471 1599 540 ἀποδεκτὸν,
1661 470 1783 524 ὅσον
1840 466 1929 521 καὶ

2060 477 2107 527 3t
2125 474 2404 528 dilectum
2437 476 2549 546 ipsi
2572 476 2831 530 Creatori
2855 493 2922 531 ac
2954 477 3277 549 legislatori
3303 478 3698 548 reputabitur,

255 571 312 624 σε
367 565 436 622 δι’
491 564 661 621 αὐτοῦ
725 561 1067 640 ἐλέγχεσθαι
1124 564 1211 619 καὶ
1269 562 1698 638 κατακρίνεσθαι.
1733 557 1932 613 Σκόπει

258 657 316 714 δὲ
343 663 458 718 πῶς
489 659 673 732 σοφῶς
706 653 799 708 καὶ
834 650 1090 728 δριμέως
1123 656 1309 734 φησὶν,
1353 677 1379 704 ‹‹
1414 653 1537 710 Ἐὰν
1572 652 1663 706 οὖν
1697 651 1730 718 ἡ
1766 648 1930 722 ἀκρο-

260 745 457 803 ϐυστία
507 745 572 800 τα
628 741 992 816 δικαιώματα
1051 749 1149 797 τοῦ
1205 744 1382 815 νόμου
1442 742 1718 819 φυλάσσῃ,
1772 761 1800 790 ››
1843 733 1934 791 καὶ

275 837 382 892 οὒκ
436 837 565 890 εἶπε*
624 834 754 888 Ἐὰν
813 833 908 887 τὸν
964 832 1134 904 νόμον
1191 829 1460 910 φυλάσσῃ.
1519 831 1630 886 Ἵνα
1689 827 1792 904 γὰρ
1857 826 1933 899 μὴ

280 925 417 1000 εἴπῃ
454 919 781 983 δἸουδαῖος·
847 922 952 977 Καὶ
1016 927 1135 982 πῶς
1182 919 1260 976 ἔνι
1315 921 1407 974 τὸν
1465 912 1801 992 ἀκρὸϐυστον
1835 936 1936 992 φυ-

285 1014 502 1069 λάττειν
558 1013 640 1067 τὸν
695 1012 902 1083 νόμον,
961 1011 1112 1082 αὐτῷ
1170 1008 1346 1081 τούτῳ
1407 1002 1815 1082 παραϐαίνοντα
1843 1004 1934 1058 τὸν

277 1107 470 1177 νόμον,
502 1107 580 1175 τῷ
607 1096 945 1175 ἀκρόϐυστον
981 1101 1117 1155 εἶναι
1146 1119 1158 1170 ;
1184 1098 1271 1154 ἵνα
1314 1100 1403 1154 οῦν
1466 1095 1595 1171 μηδ’
1651 1097 1700 1150 ἐν
1756 1093 1934 1165 τούτῳ

270 1191 354 1265 δῷ
387 1193 569 1253 αὐτοῖς
598 1186 798 1261 λαϐὴν,
863 1191 972 1265 οὔχ
1028 1189 1202 1252 οὕτως
1256 1188 1442 1268 φησὶν,
1477 1185 1644 1254 ἀλλα,
1679 1210 1706 1238 ‹‹
1737 1185 1818 1240 Τὰ
1849 1181 1932 1238 δι-

262 1285 567 1356 καιώματα
618 1287 715 1337 τοῦ
766 1283 966 1354 νόμον).
1000 1304 1028 1331 ››
1061 1281 1160 1337 Καὶ
1219 1279 1306 1334 ἐπὶ
1361 1280 1453 1351 μὲν
1486 1277 1660 1332 αὐτῶν
1693 1273 1933 1342 ἐκείνων,

260 1375 357 1429 τὸν
392 1375 569 1446 νόμον
602 1372 792 1451 φησὶν,
850 1371 940 1426 ἐπὶ
1001 1368 1059 1424 δὲ
1112 1375 1220 1424 τῶν
1275 1363 1650 1442 ἀκροϐύστων,
1682 1391 1709 1417 ‹‹
1751 1368 1816 1418 τὰ
1843 1360 1934 1416 δι-

257 1464 569 1536 καιώματα
597 1467 697 1516 τοῦ
727 1461 926 1533 νόμου.
964 1483 992 1511 ››
1020 1459 1099 1516 Οὐ
1131 1459 1320 1528 πάντα,
1351 1456 1506 1534 φησὶ,
1540 1456 1632 1510 τὸν
1660 1455 1825 1527 νόμον
1861 1452 1934 1506 εἶ-

257 1574 390 1620 πον,
428 1550 586 1605 ἀλλὰ
641 1550 707 1604 τὰ
765 1547 1080 1603 δικαιοῦντα
1141 1544 1324 1621 μόνον,
1384 1548 1495 1619 ἅμα
1541 1547 1720 1622 σοφῶς
1758 1543 1935 1615 ὑπεμ-

262 1641 499 1721 φαίνων,
535 1641 624 1694 ὅτι
689 1637 748 1692 οὗ
803 1638 974 1693 πάντα
1032 1636 1098 1692 τὰ
1154 1635 1204 1691 ἐν
1276 1640 1354 1706 τῷ
1409 1634 1563 1707 νόμῳ
1592 1633 1726 1702 ἦσαν
1761 1629 1937 1686 δικαι-

263 1717 448 1788 οῦντα.
514 1725 705 1784 Ἀ).λᾶ
759 1726 827 1780 τὰ
910 1726 1004 1799 μὲν
1083 1723 1429 1798 δικαιώματα
1489 1723 1624 1792 ἦσαν
1681 1721 1768 1775 καὶ
1825 1717 1932 1774 ἐδι-

2046 561 2312 634 adeoque
2337 566 2452 619 Deo
2479 570 2709 638 gratum
2744 572 2801 620 et
2833 572 3161 637 acceptum,
3197 570 3261 620 ut
3292 567 3468 620 etiam
3506 571 3558 620 te
3592 582 3700 638 per

2046 652 2240 724 ipsum
2265 661 2503 710 accuset
2523 673 2589 710 ac
2611 656 2987 712 condemnet.
3027 655 3349 711 Considera
3362 672 3496 727 ergo
3519 672 3696 726 quam

2046 745 2349 815 sapienter
2378 747 2710 816 acriterque
2743 747 2935 801 dicat:
2969 770 2995 796 «
3031 748 3084 801 Si
3117 747 3294 818 igitur
3340 746 3696 818 praeputium

2039 833 2499 904 justiﬁcationes
2523 837 2667 907 legis
2690 837 3035 903 servaverit;
3075 860 3094 886 ι
3131 855 3250 892 non
3273 842 3472 892 autem
3504 837 3692 891 dixit:

2048 923 2102 976 Si
2137 925 2324 994 legem
2359 926 2696 980 servaverit.
2730 928 3033 998 Siquidem
3082 944 3156 981 ne
3205 927 3362 982 dicat
3409 927 3647 981 Judznus
3681 941 3695 980 :

2044 1013 2114 1066 Et
2145 1015 2441 1084 quomodo
2484 1016 2612 1070 ﬁeri
2661 1021 2874 1087 potest,
2938 1021 3003 1070 ut
3060 1017 3449 1087 praaputiatus
3509 1019 3702 1070 servet

2044 1101 2232 1174 legem
2265 1105 2364 1174 qui
2400 1105 2508 1160 hoc
2543 1105 2671 1176 ipso
2723 1105 2870 1177 legis
2933 1111 3333 1177 transgressor
3390 1110 3480 1159 est
3536 1102 3698 1174 quod

2044 1191 2432 1264 praeputiatus
2459 1195 2598 1249 est?
2627 1197 2705 1249 Ne
2748 1212 2881 1267 ergo
2947 1196 3007 1249 in
3065 1195 3173 1249 hoc
3226 1195 3316 1249 vel
3364 1210 3572 1249 ansam
3605 1193 3690 1248 eis

2043 1282 2325 1352 prmbeat,
2359 1301 2480 1337 non
2512 1283 2593 1338 ita
2624 1284 2786 1351 dicit,
2812 1284 2914 1339 sed
2940 1307 2966 1333 ‹‹
2993 1282 3636 1354 Justiﬁcationeslegis.
3666 1303 3695 1330 ››

2043 1372 2113 1425 Ει
2141 1370 2213 1425 de
2244 1373 2390 1442 ipsis
2420 1374 2663 1443 quidem
2693 1373 2909 1427 Judaeis
2941 1373 3132 1444 legem
3153 1373 3318 1439 dicit,
3355 1372 3425 1426 de
3454 1387 3696 1443 przepu-

2044 1461 2204 1516 tiatis
2235 1479 2369 1516 vero
2399 1479 2411 1516 :
2445 1485 2473 1511 «
2515 1463 2982 1517 iustificationes
3013 1464 3178 1535 legis.
3215 1484 3242 1513 »
3278 1464 3403 1516 Non
3437 1476 3694 1526 omnem,

2044 1551 2259 1622 inquit,
2292 1552 2480 1624 legem
2513 1552 2654 1622 dixi,
2689 1553 2792 1608 sed
2823 1570 2892 1607 ea
2923 1558 3151 1608 tantum
3186 1549 3316 1622 quae
3341 1551 3696 1623 justiﬁcant.

2045 1640 2352 1712 Sapienter
2373 1641 2574 1696 itidem
2593 1642 2998 1710 subindicans,
3025 1642 3184 1713 quod
3208 1657 3328 1696 non
3345 1640 3546 1695 omnia
3566 1653 3697 1710 qum

2043 1727 2105 1782 in
2137 1728 2264 1800 lege
2294 1735 2464 1784 erant
2486 1730 2939 1802 justiﬁcabant:
2974 1730 3076 1784 sed
3117 1728 3392 1800 quaedam
3429 1744 3570 1783 sane
3596 1727 3698 1798 ju-

267 1819 482 1886 καίουν,
520 1818 627 1871 ὅσα
681 1814 970 1893 συνεφώνει
1029 1818 1098 1888 τῇ
1153 1813 1364 1887 χάριτι,
1421 1812 1488 1867 τὰ
1545 1809 1620 1883 δὲ,
1651 1807 1802 1864 ἕνεκα
1835 1809 1934 1881 μό-

2060 1817 2432 1874 stificationes
2447 1820 2952 1890 erant,justosque
2969 1819 3698 1889 reddebant,quascunque

263 1931 358 1979 γης
389 1915 493 1977 τῆς
530 1905 756 1960 ἐκείνων
791 1904 1058 1965 ἀσθενείας
1091 1905 1224 1972 ἦσαν
1255 1898 1538 1974 δεδομένα.
1570 1933 1640 1942 -—
1686 1897 1932 1959 ”Αλλως’

270 1999 361 2060 Εἷς
415 1996 634 2066 νοητὴν
696 1988 1079 2067 ἀκροϐυστίαν,
1131 1989 1285 2070 φησὶ,
1347 1987 1782 2066 μεταπεφοίτηκέ
1841 2006 1936 2040 σου

281 2084 648 2159 gmw-toga,
687 2079 777 2136 διὰ
827 2081 884 2135 σὲ
935 2081 1025 2135 τὸν
1083 2083 1260 2134 κακῶν
1319 2079 1626 2155 χρώμενον.
1661 2078 1805 2136 Τέως
1834 2074 1936 2149 γὰρ

294 2176 348 2229 οὗ
376 2174 633 2248 ’ξιονόλεται
668 2175 916 2247 φανερῶς
945 2169 1206 2243 ἀτιμάσαι
1234 2171 1332 2238 τὴν
1363 2168 1686 2244 περιτομήν.

367 2356 484 2412 Ἐὰν
539 2356 620 2407 οὖν
683 2355 720 2420 ἡ
787 2346 1118 2426 ἀκροϐυστία
1170 2352 1236 2405 τὰ
1294 2347 1639 2422 δικαιώματα
1696 2351 1793 2402 τοῦ
1849 2347 1940 2399 νό-

294 2467 394 2520 μου
457 2442 719 2521 φυλάσσῃ,
782 2441 916 2519 οὐχὶ
975 2443 1010 2509 ἡ
1070 2434 1400 2513 ἀκροϐυστία
1482 2437 1648 2492 αὐτοῦ
1715 2435 1791 2498 εἷς
1841 2454 1938 2488 πε-

287 2535 516 2608 ριτομήν
579 2530 1023 2606 λογισθήσεταις
1085 2529 1186 2584 Καὶ
1273 2531 1449 2603 κρινεῖ
1502 2528 1536 2594 ἡ
1600 2524 1658 2579 ἐκ
1730 2521 1939 2601 φύσεως

291 2619 615 2696 ἀκροϐυστία
643 2621 741 2675 τὸν
775 2618 948 2692 νόμον
977 2617 1230 2687 τελοῦσα,
1261 2618 1318 2671 σὲ
1347 2616 1440 2672 τὸν
1496 2613 1586 2669 διὰ
1615 2614 1941 2690 γράμματος

285 2714 370 2767 καὶ
401 2716 716 2786 περιτομῆς
750 2701 1071 2782 παραϐάτην
1100 2705 1270 2778 νόμου
1299 2725 1313 2774 ;

348 2827 376 2855 σι
433 2803 560 2858 Ἐὰν
622 2799 720 2854 οὖν
781 2800 817 2867 ἡ
872 2791 1231 2873 ἀκροϐυστία.
1290 2819 1316 2846 ››
1383 2791 1673 2851 Τουτὲστιν
1736 2791 1788 2846 οἱ
1845 2794 1945 2858 τὴν

268 2887 635 2966 ἀκροϐυστίαν
726 2885 945 2962 ἔχοντες
1030 2883 1251 2939 ἐθνικοί.
1339 2906 1368 2935 ι(
1435 2883 1866 2956 Λογισθήσεταις
1917 2902 1945 2930 ››

258 2982 370 3040 Οὔκ
401 2981 585 3051 εἶπεν,
652 2976 740 3032 ὅτι
799 2978 941 3045 Νικᾷ
987 2976 1090 3043 τὴν
1147 2973 1454 3048 περιτομὴν
1501 2972 1655 3045 (τέως
1705 2970 1806 3044 γὰρ
1853 2966 1946 3022 ἐπ-

265 3074 436 3147 αχθὲς
467 3073 586 3142 ἦν),
619 3067 753 3123 ἀλλ’
787 3065 874 3121 ὅτι
905 3065 980 3126 εἰς
1018 3063 1323 3138 περιτομὴν
1359 3060 1772 3136 λογισθήσεται,
1805 3057 1951 3132 παρᾶ

2043 1909 2317 1965 videlicet
2332 1912 2532 1983 gratim
2552 1912 2882 1966 conformia
2899 1915 3095 1977 erant;
3121 1909 3238 1964 alia
3258 1926 3394 1963 vero
3417 1907 3490 1962 ob
3512 1907 3697 1961 solius

2045 1996 2285 2052 illorum
2318 1999 2747 2054 imbecillitatis
2781 2016 3020 2054 causam
3071 1998 3206 2052 data
3260 2003 3445 2052 erant.
3495 1995 3689 2049 Aliter.

2044 2086 3043 2160 Adintellectuale,ait,przeputium
3067 2091 3461 2142 transmutata
3491 2089 3578 2138 est
3596 2089 3696 2139 tua

2049 2176 2444 2246 circumcisio,
2470 2195 2538 2232 eo
2553 2178 2710 2248 quod
2726 2184 2786 2232 tu
2808 2178 2963 2233 male
2977 2177 3162 2232 utaris
3183 2193 3193 2229 :
3220 2175 3431 2230 nolens
3452 2174 3693 2228 interim

2048 2267 2563 2322 circumcisionem
2598 2267 2911 2322 manifeste
2943 2268 3297 2336 vituperare.

2117 2356 2186 2421 II,
2219 2357 2309 2418 26,
2346 2359 2435 2409 27.
2467 2358 2527 2410 Si
2557 2358 2734 2424 igitur
2750 2357 3090 2425 prwputium
3123 2353 3256 2422 legis
3271 2352 3694 2422 justi/icationes

2046 2445 2370 2510 servaverit,
2402 2461 2473 2498 an
2506 2461 2618 2498 non
2651 2444 2816 2513 hujus
2838 2445 3178 2512 prcrputium
3208 2443 3268 2494 in
3321 2441 3694 2495 circumcisio-

2049 2549 2172 2588 nem
2195 2533 2598 2601 reputabitur?
2627 2536 2698 2587 Et
2720 2532 3001 2601 judicabit
3026 2531 3086 2584 id
3117 2529 3266 2600 quod
3293 2545 3365 2582 ex
3390 2534 3594 2581 natura
3621 2533 3698 2580 est

2042 2624 2384 2692 praeputium
2417 2623 2587 2691 legem
2611 2623 2900 2692 perﬁciens
2931 2625 2983 2672 te
3043 2619 3176 2687 legis
3225 2623 3694 2685 transgressorem,

2049 2715 2147 2782 qui
2177 2729 2248 2766 ex
2278 2714 2460 2767 littera
2493 2729 2546 2768 es
2579 2718 2631 2766 et
2662 2712 3087 2766 circumcisione.

2124 2827 2151 2853 «
2185 2805 2242 2860 Si
2274 2805 2452 2877 igitur
2477 2804 2854 2877 praaputium,
2892 2826 2912 2854 ι
2949 2803 3061 2856 hoc
3093 2805 3182 2856 est
3213 2798 3434 2854 ethnici
3465 2811 3698 2868 praepu-

2053 2894 2200 2948 tium
2233 2895 2520 2949 habentes
2553 2895 2671 2948 sive
2701 2892 2974 2964 gentiles.
3010 2913 3037 2941 «
3072 2886 3503 2961 Reputabitur?
3525 2906 3552 2935 »
3575 2887 3703 2940 Non

2052 2982 2239 3036 dixit:
2275 2984 2526 3053 Superat
2554 2981 3074 3036 circumcisionem
3119 2978 3332 3046 (adhuc
3375 2976 3536 3030 enim
3588 2973 3702 3028 hoc

2051 3087 2223 3144 grave
2254 3071 2508 3140 fuisset),
2543 3071 2646 3125 sed
2676 3069 2834 3140 quod
2867 3069 2926 3122 in
2978 3066 3492 3122 circumcisionem
3522 3077 3702 3132 repu-

270 3165 347 3231 τῶ
385 3163 509 3229 Θεῷ
567 3155 856 3226 δηλόνοτι.
916 3177 944 3205 ι(
976 3153 1080 3210 Καὶ
1138 3156 1333 3225 κρινεῖ.
1367 3176 1394 3203 n
1455 3149 1707 3204 Τουτὲστι
1774 3165 1942 3201 κατα-

432 3252 457 3258 ..
556 3246 568 3258 ο
741 3244 756 3258 ς
847 3240 874 3258 υ
1194 3241 1215 3258 ν
1237 3247 1249 3258 .
1305 3236 1329 3258 δ
1485 3239 1533 3258 ιν
1653 3235 1703 3258 1.,
1731 3257 1756 3258 η
1824 3233 1916 3258 2....

2061 3159 2301 3227 tabitur,
2335 3175 2550 3230 nempe
2582 3158 2737 3228 apud
2777 3157 2985 3212 Deum.
3022 3179 3049 3206 «
3081 3155 3153 3210 Et
3177 3152 3490 3226 judicabit.
3528 3169 3552 3200 ι»
3588 3150 3706 3204 Hoc

285 3252 480 3320 κρινεῖο
545 3246 619 3304 ῶς
673 3244 759 3298 καὶ
820 3240 1058 3317 εἷ’ρηται.
1121 3265 1148 3293 ‹‹
1194 3236 1424 3315 Ἀνὸρες
1485 3235 1763 3294 Νινευίται
1818 3233 1944 3288 ἀνα-

298 3336 618 3400 στήσονται,
674 3333 754 3385 καὶ
805 3335 1050 3408 κρινοῦσι
1107 3331 1205 3398 τήν
1272 3329 1455 3405 γενεὰν
1507 3328 1730 3395 ταύτην.
1793 3347 1820 3375 ››
1877 3323 1951 3376 Ἦ

301 3421 513 3496 ἐλέγξει
551 3442 622 3486 σε,
656 3423 825 3499 φησὶν,
860 3423 890 3475 ὁ
921 3421 984 3475 τὸ
1031 3423 1258 3491 σημεῖον
1315 3418 1410 3490 μὲν
1470 3417 1546 3490 μὴ
1597 3413 1765 3489 ἔχων,
1798 3413 1865 3466 τά
1895 3407 1952 3464 δὲ

309 3515 403 3564 τοῦ
434 3510 658 3582 σημείου
688 3513 1058 3585 κατορθώσας,
1093 3508 1166 3569 ὡς
1218 3508 1292 3579 μὴ
1343 3502 1781 3579 κατορθώσοντα.
1817 3499 1949 3556 Καί-

314 3621 390 3653 τοι
422 3597 557 3664 δέον,
591 3598 704 3653 ἐπεὶ
735 3599 827 3653 καὶ
863 3597 1108 3671 ὑπέσχου
1160 3591 1249 3649 διὰ
1306 3597 1400 3648 τοῦ
1455 3592 1707 3666 σημείου,
1740 3587 1953 3664 μᾶλλον

314 3688 509 3742 ἐκείνου
565 3689 626 3743 τὸ
686 3687 1022 3763 κατόρθωμα
1080 3680 1458 3738 ἐπιδεικνύναι.
1494 3706 1520 3734 ‹‹
1554 3683 1614 3737 ἹΙ
1657 3680 1715 3734 ἐκ
1745 3678 1952 3755 φύσεως

313 3773 644 3851 ἀκροϐυστία.
684 3801 712 3826 »ι
774 3778 872 3832 Ἐκ
929 3775 1137 3854 φύσεως
1197 3766 1555 3846 ἀκροϐυστίαν
1604 3767 1755 3843 λέγει
1783 3768 1874 3823 τὸν
1904 3766 1954 3821 ἐν

311 3868 451 3940 σαρκὲ
483 3861 854 3940 ἁκρόϐυστον,
911 3864 1086 3923 Οὗτος
1140 3865 1428 3937 τοιγαροῦν
1480 3858 1709 3932 πληρῶν
1754 3858 1820 3912 τὰ
1848 3857 1954 3911 ἀπὸ

295 3962 384 4010 τοῦ
413 3958 614 4028 νόμου,
646 3957 966 4027 κατακρινεῖ
1023 3971 1080 4004 σε
1135 3950 1226 4004 τὸν
1277 3948 1580 4022 περιτομὴν
1613 3944 1832 4021 ἔχοντα,
1866 3946 1954 3999 καὶ

287 4049 410 4101 ὅσον
439 4049 574 4114 ἧκεν
612 4045 692 4105 εἷς
724 4044 788 4097 τὸ
827 4044 1078 4117 γράμμα,
1136 4040 1226 4093 τὸν
1282 4038 1474 4110 νόμον»
1505 4042 1624 4098 ταῖς
1652 4034 1707 4090 δὲ
1736 4036 1955 4108 πράξεσι

281 4131 702 4211 παραϐαίνοντα
761 4131 944 4186 αὐτόν.
1009 4130 1172 4186 «Τὸν
1237 4127 1408 4202 νόμον
1464 4127 1712 4182 τελοῦσα.
1751 4152 1779 4177 ››
1835 4129 1955 4181 Κατ’

282 4225 460 4278 ἐκεῖνο
495 4221 795 4291 δηλονότι,
826 4221 937 4273 καθ’
999 4218 1028 4271 ὅ
1083 4218 1148 4272 τὰ
1179 4215 1523 4289 δικαιώματα
1556 4213 1716 4268 αὐτοῦ
1751 4212 1955 4288 φυλάτ-

525 4312 536 4330 ρ
675 4306 722 4328 ἢν
873 4314 899 4324 ~
1091 4308 1107 4325 \
1185 4303 1208 4324 Ν
1353 4307 1364 4325 Ι
1600 4305 1611 4323 1
1793 4303 1807 4324 ν
1879 4304 1891 4322 Ι

278 4335 386 4369 τει.
425 4319 636 4367 Σκοπει
671 4323 748 4363 οε’
786 4315 1006 4384 Πρῶτον
1053 4329 1145 4380 μεν
1180 4321 1524 4377 οικαιωματα
1553 4325 1732 4377 νομου
1766 4325 1954 4372 ειπων,

286 4404 382 4458 καὶ
420 4401 525 4455 οὐκ
553 4400 719 4454 αὐτὸν
747 4399 838 4452 τὸν
891 4398 1080 4471 νόμον,
1135 4401 1224 4450 νῦν
1277 4396 1437 4450 αὐτὸν
1466 4395 1556 4448 τὸν
1583 4395 1750 4466 νόμον
1777 4391 1861 4447 τε)
1880 4399 1956 4446 εῖν

285 4513 484 4568 φησιν,
544 4485 846 4557 ὖποδηλῶν
901 4487 982 4541 ὃτι
1042 4486 1210 4540 ταῦτά
1265 4485 1375 4539 ἐστι
1407 4482 1612 4559 κυρίως
1669 4481 1859 4554 νόμος.
1891 4482 1950 4537 ἹΙ

295 4543 313 4568 ῑ
336 4543 362 4560 ίι
381 4543 393 4544 ί
417 4543 424 4544 ί
444 4543 450 4545 ⁷
471 4543 484 4559 ⁷
556 4543 559 4544 ⁷
715 4543 725 4557 ·
1480 4543 1488 4559 ³
1601 4543 1607 4545 ⁷
1737 4543 1746 4554 ⁸
1827 4543 1831 4544 ⁷

290 4579 347 4635 δὲ
378 4583 668 4654 περιτομὴ
700 4576 791 4631 καὶ
832 4577 901 4630 τὰ
949 4579 1194 4642 τοιαῦτα,
1229 4570 1354 4627 οὐδὲ
1385 4571 1786 4646 κυρίωςνὸμος.
1826 4593 1853 4624 α
1885 4570 1954 4623 Σὲ
1989 4543 2032 4607 D

292 4674 384 4724 τὸν
424 4667 519 4724 διὰ
551 4669 879 4742 γράμματος
933 4663 1024 4719 καί
1080 4669 1406 4737 περιτομῆς.
1442 4686 1468 4713 ››
1528 4662 1626 4715 Διὰ
1653 4660 1752 4737 γὰρ
1783 4661 1954 4732 νόμου

290 4762 547 4834 γραπτοῦ
605 4756 696 4811 καὶ
753 4757 1059 4831 περιτομῆς
1122 4751 1446 4828 προαχθεὶς,
1503 4749 1686 4828 ἐγένου
1745 4749 1956 4804 πάντων

297 4843 597 4922 παραϐἁτη
609 4869 653 4908 ς.

374 5118 458 5177 Οὖ
513 5120 613 5196 γαρ
677 5120 706 5173 ὁ
767 5117 817 5171 ἐν
880 5121 960 5188 τῷ
1017 5117 1248 5193 φανερῷ,
1310 5110 1574 5175 Ἰουδαῖός
1633 5109 1797 5166 ἐστιν’
1843 5107 1967 5165 οὐδὲ

304 5212 340 5277 ἦ
405 5208 459 5263 ἐν
507 5209 586 5283 τῷ
645 5210 890 5287 φανερῶ,
952 5203 1003 5259 ἐν
1063 5203 1242 5278 σαρκὶ,
1299 5202 1593 5275 περιτομή
1655 5198 1780 5255 ἀλλ’
1834 5202 1860 5254 ὁ
1913 5198 1962 5254 ἐν

449 5286 671 5377 κρυπτῷ
731 5291 1024 5360 Ἰουδαῖος,
1109 5291 1196 5345 καὶ
1279 5290 1554 5364 περιτομὴ
1611 5286 1858 5363 καρδίας,
1916 5287 1967 5344 ἐν

304 5375 581 5465 πνεεςμάτι,
643 5389 708 5444 οὐ
767 5384 1084 5462 γράμματι·
1147 5379 1208 5434 οὗ
1266 5380 1294 5433 ὁ
1350 5375 1568 5441 ἔπαινος
1627 5378 1724 5433 οὐκ
1765 5376 1816 5449 ἐξ
1876 5379 1964 5433 ἀν-

304 5481 544 5559 θρώπων,
581 5478 718 5537 ἀλλ’
749 5474 814 5531 ἒκ
846 5475 951 5527 τοῦ
982 5475 1134 5526 Θεοῦ.

346 5680 373 5716 ⁸
402 5682 538 5738 Luc.
573 5694 659 5748 ιι,
696 5674 796 5728 32-

2059 3257 2150 3304 est
2179 3248 2600 3304 condemnabit
2634 3265 2644 3301 :
2680 3249 2833 3304 230
2866 3247 3018 3301 sicut
3067 3246 3244 3300 etiam
3294 3243 3518 3297 dictum
3577 3245 3704 3295 est:

2062 3336 2224 3390 «Viri
2250 3337 2517 3390 Ninivitae
2543 3339 2785 3407 surgent
2807 3335 2868 3389 in
2895 3333 3122 3405 judicio
3143 3337 3200 3387 et
3220 3327 3710 3386 condemnabunt

2059 3425 2501 3497 generationem
2532 3424 2686 3480 hanc
2714 3425 2755 3479 ⁸.
2792 3446 2819 3472 ››
2854 3422 2956 3477 Vel
2987 3426 3214 3494 arguet,
3275 3419 3487 3490 inquit,
3522 3418 3571 3471 is
3602 3415 3704 3488 qui

2061 3515 2295 3585 signum
2329 3514 2476 3569 illud
2506 3531 2627 3568 non
2660 3513 2908 3580 habens,
2942 3529 3012 3567 ea
3041 3529 3172 3583 qua:
3190 3515 3344 3565 notua
3371 3509 3532 3563 illius
3548 3511 3708 3573 sunt,

2063 3604 2290 3676 egregie
2321 3604 2683 3675 praestiterit,
2720 3619 2856 3658 eum
2890 3602 3183 3670 videlicet,
3215 3600 3317 3671 qui
3343 3615 3464 3653 non
3481 3597 3712 3668 praesti-

2063 3694 2149 3748 tit.
2184 3694 2362 3764 Atqui
2395 3694 2676 3764 oportuit,
2736 3709 2869 3746 cum
2928 3707 3034 3762 per
3094 3690 3243 3761 signi
3299 3687 3707 3759 acceptionem

2061 3783 2459 3855 promisisses,
2520 3783 2933 3853 praestantiora
2983 3796 3160 3850 quam
3210 3777 3380 3830 illam
3430 3775 3707 3830 exhibere

2062 3889 2260 3944 opera.
2295 3894 2321 3919 ‹‹
2358 3872 2417 3924 id
2450 3872 2609 3941 quod
2641 3886 2709 3924 ex
2740 3875 2952 3924 natura
3001 3874 3089 3922 est
3136 3865 3514 3937 praeputium.
3562 3886 3583 3911 ιι
3627 3864 3709 3916 Ex

2063 3967 2276 4015 natura
2296 3960 2650 4029 praeputium
2673 3964 2839 4012 vocat
2861 3973 3016 4018 eum,
3054 3957 3153 4026 qui
3176 3957 3236 4008 in
3265 3970 3440 4009 carne
3474 3968 3710 4023 prmpu-

2067 4051 2242 4104 tiatus
2276 4054 2383 4102 est.
2420 4049 2520 4101 Hic
2554 4064 2689 4118 ergo
2723 4046 3030 4115 complens
3061 4063 3130 4099 ea
3157 4061 3288 4114 qua:
3348 4043 3493 4114 legis
3549 4046 3707 4112 sunt,

2065 4138 2487 4194 condemnabit
2519 4142 2570 4190 te
2605 4137 2704 4206 qui
2732 4134 3244 4189 circumcisionem
3277 4133 3479 4199 habes,
3506 4132 3623 4184 imo
3654 4135 3712 4184 et

2067 4228 2254 4299 legem
2289 4226 2444 4297 quod
2478 4226 2737 4280 litteram
2771 4231 3014 4295 spectat,
3050 4229 3310 4277 attamen
3344 4221 3533 4291 legem
3564 4235 3708 4290 ope-

2066 4319 2230 4372 ribus
2263 4315 2711 4388 transgrederis.
2769 4337 2794 4364 ‹‹
2839 4315 3046 4385 Legem
3110 4312 3444 4383 perficiens.
3476 4332 3502 4358 ››
3557 4311 3713 4372 Quo-

2067 4407 2139 4462 ad
2166 4407 2277 4460 hoc
2309 4405 2584 4460 videlicet
2614 4404 2772 4475 quod
2799 4403 2945 4473 legis
2994 4407 3186 4457 servat
3223 4398 3706 4471 justiﬁcationes.

2067 4497 2389 4552 Considera
2407 4513 2542 4550 vero
2571 4495 2727 4566 quod
2749 4510 2883 4549 cum
2901 4493 3066 4564 prius
3091 4488 3712 4563 legisjustiﬁcationes

2066 4585 2312 4642 dixisset
2342 4592 2399 4641 et
2428 4603 2551 4640 non
2583 4586 2774 4657 legem
2827 4584 3020 4654 ipsam
3068 4582 3150 4636 ait
3193 4595 3330 4634 eum
3379 4578 3667 4650 perﬁcere
3700 4593 3712 4630 :

2067 4673 2474 4742 subindicans,
2509 4673 2666 4746 quod
2697 4673 2822 4726 haec
2850 4671 3090 4742 proprie
3117 4670 3236 4724 sint
3287 4668 3402 4738 lex,
3459 4668 3718 4724 circum-

2072 4767 2215 4822 cisio
2248 4783 2380 4822 vero
2413 4766 2647 4836 aliaque
2680 4761 3047 4835 hujusmodi,
3079 4759 3423 4833 improprie.
3458 4782 3485 4810 ‹‹
3509 4760 3616 4825 Qui
3648 4776 3719 4814 ex

2071 4855 2270 4912 littera
2296 4873 2357 4911 es
2388 4861 2447 4911 et
2484 4852 2960 4911 circumcisione.
2995 4873 3022 4901 n
3083 4853 3227 4906 Nam
3275 4867 3381 4923 per
3437 4849 3720 4922 scriptam

2074 4946 2265 5020 legem
2295 4963 2363 5001 ac
2389 4942 2905 5000 circumcisionem
2937 4946 3195 5010 evectus,
3229 4940 3497 4996 omnium
3527 4945 3722 4993 trans-

2073 5052 2310 5108 gressor
2338 5035 2528 5089 factus
2557 5049 2639 5087 es.

2145 5127 2216 5192 II,
2246 5126 2334 5191 28,
2369 5127 2456 5178 29.
2485 5127 2606 5179 Non
2629 5122 2775 5176 enim
2799 5122 2844 5176 is
2868 5138 2990 5176 vere
3011 5122 3233 5175 Iudaeus
3263 5126 3362 5184 est,
3394 5117 3493 5187 qui
3522 5119 3580 5170 in
3602 5131 3725 5169 ma-

2075 5217 2274 5282 nifesto
2301 5207 2522 5267 Iudaeus
2553 5219 2668 5267 est:
2697 5228 2796 5266 nec
2827 5228 2892 5265 ea
2920 5228 3042 5264 vere
3073 5216 3150 5264 est
3179 5209 3542 5274 circumcisio,
3601 5220 3723 5275 quae

2077 5321 2138 5360 ιη
2166 5306 2458 5372 manifesto
2491 5306 2548 5357 in
2606 5320 2766 5357 carne
2816 5309 2893 5357 est
2940 5298 3328 5356 circumcisio:
3376 5297 3468 5352 sed
3516 5298 3620 5367 qui
3664 5297 3724 5350 in

2079 5393 2292 5449 occulto
2321 5393 2542 5446 Iudaeus
2573 5398 2668 5457 est,
2703 5394 2746 5446 is
2779 5407 2899 5445 vere
2927 5390 3152 5445 Juda’us
3197 5392 3313 5440 est:
3345 5393 3396 5440 et
3442 5387 3727 5442 circumci-

2076 5486 2157 5540 sio
2188 5482 2364 5537 cordis
2392 5484 2450 5535 in
2478 5483 2699 5552 spiritu,
2732 5496 2843 5534 non
2875 5479 3081 5539 littera,
3113 5492 3177 5530 ea
3205 5492 3336 5531 vera
3388 5477 3729 5534 circumcisio

2079 5578 2176 5640 est,
2221 5571 2377 5641 cujus
2409 5571 2526 5626 laus
2555 5586 2666 5625 non
2704 5586 2774 5625 ex
2803 5567 3113 5623 hominibus
3143 5572 3242 5636 est,
3273 5565 3370 5621 sed
3398 5582 3467 5621 ea:
3493 5567 3620 5623 Deo.
