4126 6256
1587 371 2002 433 CECUMENII
2049 369 2351 434 'l‘RlCCxE
2395 373 2769 435 EPISCOPI.
3791 377 3921 438 368

2336 507 2538 560 Λοιπὸν
2569 506 2737 580 ὁρίζει
2787 504 2867 566 τίς
2899 505 2927 559 ὁ
2957 502 3128 568 ὅντως
3163 501 3444 574 Ἰουδαῖος,
3496 507 3588 561 καὶ
3637 505 3716 569 τίς
3747 507 3777 562 ὁ
3822 505 3885 563 ὅν
3910 542 3936 555 -

2264 615 2373 656 τως
2425 589 2774 667 ἀκρόϐυστος.
2833 594 2928 649 Καὶ
2992 593 3142 650 δοκεῖ
3200 595 3292 668 μὲν
3347 596 3420 668 μὴ
3473 590 3765 650 ἐκϐάΛλειν
3821 598 3928 651 τὸν

2267 681 2546 750 Ἰουδαῖον,
2594 682 2739 738 ἀλλᾶ
2793 684 2883 738 τὸν
2937 679 3278 758 παραϐάτην·
3311 682 3454 739 πολὺ
3487 682 3542 739 δὲ
3575 680 3932 742 καταϐάλλει

2264 769 2484 841 αὐτοὺς,
2544 773 2826 847 σημαίνων
2908 776 3078 828 πάντα
3162 774 3297 848 πρὸς
3383 771 3636 846 ἐπίδειξιν
3717 775 3936 839 αὐτοὺς

2263 866 2570 923 ποιοῦντας,
2623 861 2818 920 «Οὐδὲ
2874 867 2908 932 ἡ
2967 863 3017 917 ἐν
3072 869 3150 935 τῷ
3208 884 3418 938 φανερῳ
3471 862 3522 918 έν
3567 867 3719 938 σαρκὶ
3755 887 3934 940 περι-

2260 953 2429 1022 τομή.
2466 974 2493 1002 ››
2521 954 2696 1008 Τοῦτο
2757 952 2921 1006 εἰπὼν
2983 948 3202 1022 ἐξέϐαλε
3258 953 3324 1008 τά
3378 956 3662 1026 σωματικὰ
3716 955 3930 1011 πάντα.

2263 1065 2291 1094 ι(
2323 1043 2412 1094 Ἐν
2445 1046 2522 1114 τῷ
2553 1046 2775 1115 κρυπτῷ
2798 1039 3081 1104 Ἰουδαῖος.
3113 1067 3138 1093 ››
3163 1044 3294 1099 Οἷον
3328 1044 3354 1097 ὁ
3386 1042 3600 1112 νοητὸς.
3633 1067 3658 1097 ι
3689 1044 3792 1100 Καὶ
3819 1066 3936 1099 πε-

2262 1131 2487 1204 ριτομή.
2525 1155 2553 1181 ››
2586 1129 2663 1187 Οὐ
2717 1131 2818 1206 γὰρ
2877 1131 3060 1206 χρεία,
3117 1132 3276 1210 φησὶ,
3332 1132 3431 1200 τήν
3465 1134 3725 1208 σαρκικήν
3753 1155 3930 1209 περι-

2259 1217 2472 1292 τέμνειν
2527 1215 2910 1294 ἀκροϐυστίαν,
2961 1218 3107 1276 ἀλλὰ
3163 1221 3262 1289 τήν
3323 1219 3547 1295 καρδίαν
3589 1221 3649 1276 ἐκ
3676 1227 3783 1277 τῶν
3816 1245 3933 1278 κα-

2257 1314 2367 1364 κῶν
2401 1311 2662 1384 πράξεων.
2699 1310 2882 1367 Εἰπὼν
2911 1308 2967 1366 δὲ
2997 1336 3025 1362 ‹‹
3057 1313 3146 1368 ’Ev
3169 1311 3456 1385 πνεύματι,
3490 1337 3518 1363 ››
3556 1310 3932 1388 προοδοποιεῖ

2256 1402 2324 1472 τῇ
2357 1398 2554 1457 πίστει.
2609 1401 2676 1458 Οἱ
2728 1401 2830 1476 γὰρ
2890 1401 3074 1455 πιστοὶ
3135 1397 3226 1455 διὰ
3289 1400 3592 1474 ΙΙνεύματος
3627 1403 3782 1479 ἁγίου
3811 1405 3926 1473 τὴν

2256 1489 2564 1564 περιτομὴν
2625 1487 2814 1565 ἔχουσι
2872 1493 2980 1544 τῶν
3038 1491 3342 1564 ἁμαρτιῶν.
3401 1491 3462 1547 Ὀ
3508 1491 3607 1560 τὴν
3660 1489 3925 1567 καρδίαν,

507 385 624 445 367

576 517 865 588 Deinceps
899 514 1109 569 deﬁnit
1128 513 1260 584 quis
1284 525 1414 563 vere
1439 506 1674 563 Judmus
1698 507 1774 561 sit
1796 512 1853 561 et
1875 507 2006 578 quis
2020 522 2150 560 vere
2181 507 2234 571 Α

501 607 910 680 ρι’ωριιιίαιιιε.
945 605 1013 660 Et
1035 603 1265 658 ridetur
1298 617 1417 655 non
1447 598 1707 669 abjicere
1730 597 2020 662 Judmum,
2046 596 2148 652 sed

497 704 1001 769 transgressorem
1029 712 1040 749 :
1077 693 1400 766 plurimum
1430 696 1628 745 tamen
1661 689 1795 743 illos
1845 688 2147 760 deprimit,

500 788 842 860 significans
873 805 972 842 eos
1020 786 1213 840 facere
1273 783 1475 839 omnia
1535 779 1609 836 ad
1663 780 2146 835 ostentationem.

508 901 535 932 ι
561 880 698 944 Qum
722 879 782 932 in
803 876 1114 933 manifesto
1135 874 1193 928 in
1217 890 1392 929 carne
1415 876 1503 927 est
1524 871 1917 936 circumcisio,
1955 892 1982 919 »
2005 870 2148 924 Cum

502 967 615 1022 hoc
645 967 812 1037 dixit,
863 967 1064 1022 omnia
1093 963 1424 1036 corporalia
1470 961 1702 1031 abjecit.
1763 980 1786 1010 α
1822 961 1886 1013 In
1917 958 2148 1013 occulto

501 1056 757 1114 Iudaeus.
787 1078 807 1106 ι
828 1058 968 1111 Puta
989 1053 1428 1109 intellectualis.
1452 1074 1479 1100 ‹‹
1494 1048 1876 1105 Circumcisio
1895 1048 2148 1102 cordis.»

502 1147 675 1203 Nulla
708 1147 865 1201 enim
898 1144 1220 1200 necessitas
1254 1147 1360 1207 est,
1395 1141 1608 1212 inquit,
1659 1139 1853 1193 carnis
1880 1153 2146 1192 resecare

502 1236 878 1310 prmputium,
907 1234 1009 1290 sed
1040 1250 1140 1288 cor
1171 1233 1365 1304 ipsum
1398 1247 1430 1286 a
1460 1229 1652 1302 pravis
1680 1226 2144 1300 operationibus.

502 1327 716 1382 Dicens
748 1331 984 1380 autem:
1020 1327 1085 1380 ln
1144 1322 1376 1394 spiritu,
1427 1321 1581 1376 viam
1639 1324 1930 1391 praeparat
1985 1316 2143 1372 ﬁdei.

499 1417 643 1471 Nam
676 1415 882 1470 ﬁdeles
907 1431 1012 1486 per
1041 1413 1324 1485 Spiritum
1341 1407 2146 1465 sanctumcircumcisionem

499 1507 721 1562 habent
751 1511 1128 1578 peccatorum
1162 1522 1173 1557 :
1209 1503 1307 1574 qui
1335 1501 1532 1568 corde,
1565 1500 1667 1570 ait,
1700 1504 2000 1554 resecatus
2059 1500 2148 1551 est

498 1597 658 1652 omni
717 1595 1079 1666 impuritate.
1140 1592 1242 1646 Hic
1296 1592 1456 1646 enim
1513 1607 1685 1644 verus
1747 1593 1836 1642 est
1885 1587 2144 1653 Judzeus,

497 1685 596 1757 qui
628 1685 820 1755 legem
851 1683 1111 1754 complet
1149 1698 1215 1736 ac
1247 1684 1457 1734 servat.
1492 1701 1519 1729 «
1553 1677 1733 1749 Cujus
1765 1676 1892 1731 laus
1923 1692 2043 1729 non
2077 1691 2145 1728 ex

497 1773 844 1830 hominibus
877 1777 985 1838 est,
1023 1771 1125 1826 sed
1157 1788 1225 1825 ex
1262 1773 1396 1824 Deo.
1435 1790 1463 1818 ››
1494 1768 1636 1824 231
1687 1766 1942 1821 Occulta:
1973 1781 2140 1820 nam-

499 1881 614 1936 que
645 1861 1117 1918 circumcisionis
1148 1865 1205 1914 et
1237 1877 1367 1930 quze
1396 1858 1457 1912 in
1490 1856 1666 1912 corde
1697 1862 1944 1923 est,uon
1967 1855 2143 1909 homo

497 1953 772 2008 laudator
801 1956 909 2020 est,
968 1949 1070 2004 sed
1124 1949 1225 2020 qui
1285 1947 1464 2004 corda
1521 1951 1816 2002 scrutatur
1863 1951 1920 1999 et
1970 1961 2142 2000 renes

2257 1579 2409 1657 φησὶ,
2441 1581 2787 1654 τετμημένος
2844 1581 2949 1636 ἀπὸ
3007 1582 3185 1651 πάσης
3217 1581 3565 1655 ἀκαθαρσίας.
3599 1583 3777 1646 Οὗτος
3805 1585 3923 1661 γὰρ

2257 1668 2534 1740 ὁάληθῶς
2595 1668 2878 1734 Ἰουδαῖος.
2943 1673 2970 1726 ὁ
3031 1672 3120 1726 τὸν
3178 1673 3342 1745 νόμον
3398 1670 3650 1747 πληρῶν.
3718 1696 3741 1723 ε
3777 1676 3922 1731 Οὗὸ

2255 1755 2468 1820 ἔπαινος
2512 1759 2610 1814 οὐκ
2641 1759 2688 1828 ἐξ
2723 1759 3045 1834 ἀνθρώπων,
3099 1758 3226 1815 ἀλλ’
3286 1760 3344 1816 ἐκ
3397 1766 3496 1816 τοῦ
3545 1767 3702 1818 Θεοῦ.
3741 1788 3767 1812 n
3797 1766 3919 1833 Τῆς

2251 1848 2352 1922 γάρ
2409 1857 2654 1924 κρυπτῆς
2713 1851 2804 1904 καὶ
2858 1851 2908 1906 ἐν
2968 1849 3165 1924 καρδίᾳ
3221 1854 3546 1926 περιτομῆς,
3608 1853 3704 1908 οὐκ
3759 1850 3911 1908 ἔσται

2251 1935 2534 2008 ἐπαινέτης
2593 1938 2899 2016 ἄνθρωπος,
2965 1939 3094 1995 ἀλλ’
3171 1941 3198 1994 ὁ
3282 1941 3482 2010 ἐτάζων
3537 1941 3752 2017 καρδίας
3803 1941 3903 1996 καὶ

499 2043 674 2098 Deus.
1257 2048 1260 2050 ⁷

2256 2027 2479 2106 νεφροὺς
2512 2029 2663 2092 Θεὸς.

1156 2180 1389 2236 CAPUT
1427 2181 1490 2236 V.

2886 2179 3152 2236 ΚΕΦΑΛ.
3195 2179 3268 2234 Δ’.

495 2294 573 2348 De
596 2290 979 2348 Israelitarum
1005 2291 1410 2361 praerogativa,
1445 2289 1545 2358 qui
1566 2285 1983 2358 promissionem
2013 2302 2138 2341 con-

2256 2284 2380 2360 Περὶ
2459 2285 2736 2361 ὑπεροχῆς
2824 2285 3070 2361 Ἰσραὴλ.
3109 2290 3256 2361 ⁸τοῦ
3332 2287 3706 2360 τυγχάνοντος
3807 2294 3920 2358 τῆς

1142 2355 1313 2416 secuti
1341 2355 1486 2416 sunt.
1566 2355 1584 2358 “

2328 2355 2336 2360 ’
2562 2355 2570 2361 ’
2630 2355 2668 2360 ’⁷
2902 2355 3254 2434 ἐπαγγελίας.

564 2489 661 2553 III,
693 2491 742 2555 l,
775 2489 826 2542 2.
862 2488 988 2551 Qum
1050 2485 1221 2555 igitur
1263 2484 1584 2540 excellentia
1641 2491 1718 2539 est
1763 2485 1992 2539 Judazi?
2043 2491 2141 2538 aut

2321 2482 2388 2538 Τί
2442 2480 2532 2537 οὖν
2603 2483 2665 2536 τὸ
2732 2484 2984 2558 περισσὸν
3048 2486 3146 2539 τοῦ
3213 2481 3520 2550 Ἰουδαίους
3615 2486 3651 2554 ἢ
3719 2484 3803 2547 τίς
3882 2489 3918 2556 ἡ

495 2595 618 2648 quae
648 2577 860 2633 utilitas
887 2578 1313 2632 circumcisionis
1342 2578 1366 2627 .9
1402 2575 1579 2631 Multa
1614 2592 1718 2645 per
1772 2592 1979 2630 omnem
2022 2590 2139 2629 mo-

2256 2569 2488 2648 ὦιρέλεια
2539 2578 2640 2642 τῆς
2697 2579 3051 2646 περιτομῆς;
3130 2569 3275 2626 πολὺ
3360 2571 3496 2627 κατᾶ
3550 2573 3724 2628 πάντα
3778 2575 3923 2648 τρό-

493 2667 643 2723 dum.

569 2755 784 2827 Objicit
815 2755 926 2809 sibi
956 2752 1091 2825 ipsi.
1151 2753 1207 2807 Si
1265 2769 1425 2825 ergo,
1487 2751 1698 2824 inquit,
1751 2753 1922 2824 juxta
1973 2757 2141 2808 tuum

500 2860 859 2910 sermonem,
905 2842 1054 2897 nihil
1099 2841 1341 2914 prodest
1393 2841 1485 2895 vel
1539 2841 1806 2897 Judaeum
1867 2857 1994 2896 esse
2053 2841 2141 2896 vel

497 2931 866 2999 circumcidi,
893 2931 1038 3002 quin
1071 2931 1268 3002 potius
1299 2935 1491 2995 nocet,
1517 2946 1642 2984 cum
1673 2934 2140 3001 transgressores

493 3021 720 3092 majore
758 3021 877 3076 sint
916 3020 1077 3092 digni
1129 3019 1438 3091 supplicio.
1483 3019 1567 3074 Ad
1613 3018 1756 3090 quid
1806 3019 1984 3090 igitur
2033 3035 2142 3072 nos

495 3109 673 3181 elegit
705 3111 876 3175 Deus,
923 3116 1025 3166 aut
1083 3127 1188 3164 cur
1239 3127 1349 3164 nos
1408 3108 1752 3164 circumcidi
1806 3108 2143 3180 praecepit?

2256 3108 2396 3178 ἡμᾶς
2430 3108 2518 3161 καὶ
2568 3105 2843 3177 ἐξελέξατο
2891 3111 2918 3163 ὁ
2969 3109 3133 3178 Θεὸς;
3195 3106 3335 3163 διατί
3373 3107 3430 3164 δὲ
3460 3109 3552 3164 καὶ
3586 3109 3902 3185 περιτέμνε-

490 3199 957 3270 Poteratitaque
989 3199 1063 3254 ad
1113 3199 1511 3271 objectionem
1571 3198 1768 3253 dicere
1818 3197 1971 3268 quod
2026 3198 2138 3252 cir-

2256 3197 2368 3249 σθαι
2401 3197 2762 3270 προσέταξεν;
2827 3202 2925 3254 Ἠν
2990 3199 3083 3269 μὶν
3141 3196 3234 3251 οὖν
3293 3198 3430 3272 πρὸς
3487 3200 3588 3268 τήν
3640 3199 3904 3254 ἀντίθεσιν

489 3288 773 3343 cumcisio
840 3256 1012 3360 tjypus
1054 3256 1206 3344 erat“
1235 3290 1414 3361 hujus
1465 3307 1594 3360 quae
1653 3305 1758 3360 per
1815 3256 1993 3342 fidem
2050 3293 2141 3341 est

2445 3256 2453 3270 .
2645 3256 2664 3270 ν
2749 3256 2761 3266 ,
2990 3256 3000 3269 .
3337 3256 3347 3272 ,
3416 3256 3426 3260 -
3545 3256 3554 3268 .

2256 3284 2443 3350 εἰπεῖν,
2503 3287 2585 3340 ὅτι
2646 3285 2819 3347 τύπος
2875 3288 2940 3354 ἧν
2996 3289 3030 3356 ἡ
3090 3289 3386 3360 περιτομή,
3445 3290 3649 3358 ταύτης
3689 3295 3789 3356 τῆς
3820 3286 3913 3343 διὰ

494 3376 872 3433 circumcisio
898 3379 958 3432 in
992 3378 1242 3448 spiritu:
1278 3379 1540 3450 itemque
1565 3378 1819 3443 Judaaus,
1865 3378 2143 3448 spiritua-

2256 3374 2480 3436 πίστεως
2539 3373 2589 3428 ἐν
2645 3374 2912 3448 πνεύματι
2969 3383 3296 3450 περιτομῆς,
3351 3377 3442 3430 καὶ
3502 3375 3769 3437 Ἰουδαῖος
3811 3383 3912 3432 τοῦ

2249 2679 2373 2714 πον.

2320 2751 2690 2820 Ἀντιτίθησιν
2726 2751 2920 2823 ἑαυτῷ.
2955 2751 3018 2808 Εἰ
3051 2750 3164 2820 οὖν,
3198 2750 3355 2830 φησὶ,
3390 2754 3525 2806 κατὰ
3551 2753 3643 2806 τὸν
3685 2753 3777 2807 σὸν
3811 2752 3919 2808 λό-

2249 2858 2342 2912 γον
2376 2836 2528 2893 ούδεν
2557 2837 2783 2912 ὠφελεῖ,
2818 2837 2941 2895 οὔτε
2982 2841 3044 2895 τὸ
3094 2840 3222 2895 εἶναι
3275 2839 3562 2910 Ἰουδαῖον,
3598 2839 3722 2896 οὔτε
3753 2863 3910 2916 περι-

2250 2924 2557 2995 τέμνεσθαι,
2620 2926 2762 2982 ὸιλλὰ
2833 2929 2921 2984 καὶ
3003 2928 3255 3004 βλάπτει,
3315 2931 3391 2994 ὼς
3449 2930 3576 2992 τοὺς
3630 2926 3898 3006 παραϐαί-

2248 3029 2441 3077 νοντας
2511 3018 2757 3090 μείζονος
2819 3019 2956 3072 εἶναι
3012 3019 3282 3093 τιμωρίας
3337 3018 3546 3088 ἀξίους,
3588 3021 3642 3075 τί
3672 3018 3731 3088 δὴ
3762 3039 3893 3073 ποτε

487 3464 564 3519 lis
594 3465 781 3520 Judaei
815 3467 914 3536 qui
947 3467 1131 3521 Deum
1164 3468 1498 3522 confitetur.
1531 3467 1706 3522 Judas
1739 3465 2140 3536 siquidemin-

487 3555 920 3625 terpretatione
981 3558 1371 3623 confessionem
1427 3573 1439 3609 :
1520 3555 1836 3627 signiﬁcat.
1929 3556 2140 3610 Verum

491 3646 602 3701 hac
634 3647 876 3702 interim
911 3647 1119 3702 relicta
1149 3647 1466 3716 solutione,
1501 3664 1631 3718 qua:
1662 3645 1927 3702 nondum
1954 3647 2137 3718 recipi

491 3735 822 3806 poterat,ad
836 3736 1012 3792 aliam
1033 3737 1208 3792 venit.
1224 3736 1642 3791 Prodestenim
1659 3735 1994 3790 Judaismus
2019 3752 2031 3789 :
2069 3752 2137 3790 ex

492 3824 603 3879 hoc
629 3826 789 3880 enim
813 3826 965 3882 viam
994 3827 1203 3882 salutis
1225 3826 1580 3895 didicerunt,
1611 3825 1798 3898 legem
1822 3825 2030 3880 ducem
2063 3826 2135 3880 ad

493 3931 561 3969 ea
592 3931 723 3984 qum
754 3916 980 3988 agenda
1025 3922 1193 3972 erant
1247 3922 1622 3987 acceperunt.
1686 3915 1850 3980 Quod
1910 3915 1957 3969 si
2013 3932 2133 3970 non

490 4011 818 4074 servarunt,
851 4006 961 4060 sibi
996 4007 1140 4078 ipsis
1177 4007 1578 4079 indignentur.
1636 4009 1777 4061 Nam
1825 4005 1994 4070 mihi,
2041 4005 2130 4058 in-

485 4093 632 4164 quit,
687 4095 762 4150 ad
821 4111 921 4150 eos
979 4096 1079 4166 qui
1139 4114 1260 4152 non
1319 4103 1457 4152 sunt
1540 4095 1891 4168 transgressi
1975 4096 2130 4150 inte-

478 4183 594 4238 rim
649 4201 842 4240 sermo
905 4192 1012 4241 est.
1091 4219 1143 4226 —-
1191 4188 1320 4244 Alio
1398 4188 1575 4241 modo.
1639 4187 1740 4242 Ubi
1820 4185 2127 4241 Judaicum

477 4273 872 4344 depressisset
903 4275 1310 4346 supercilium,
1345 4275 1820 4346 ostendissetque
1852 4292 1952 4329 eos
1980 4291 2124 4330 vane

475 4361 546 4416 de
581 4363 1032 4418 circumcisione
1065 4380 1132 4419 ac
1165 4363 1312 4436 lege,
1370 4363 1673 4434 Judaeique
1723 4363 2121 4434 appellatione

2246 3461 2448 3533 νοητοῦ
2495 3461 2756 3518 Ἰουδαίου
2803 3464 2899 3519 τοῦ
2946 3463 3454 3540 ἐξομολογουμένου
3504 3470 3639 3536 Θεῷ.
3693 3464 3916 3530 Ἰούδας

2248 3552 2352 3628 γὰρ
2401 3551 2796 3628 ἐξομολόγησις
2857 3553 3233 3628 ἑρμηνεύεται.
3293 3552 3470 3610 Ἀλλά
3517 3554 3722 3623 ταύτην
3756 3557 3909 3620 τέως

2249 3642 2399 3716 ἀφεὶς
2454 3643 2553 3710 τὴν
2606 3640 2761 3696 λύσιν
2815 3640 3183 3716 ἆπαράδεκτον
3244 3638 3320 3698 ἔτι
3380 3642 3552 3710 οὖσαν,
3587 3642 3663 3706 εἷς
3704 3644 3905 3719 ἑτέραν

2245 3731 2434 3801 ἦλθεν,
2470 3732 2552 3788 ὅτι
2583 3731 2786 3809 ὠφελεῖ
2835 3735 2861 3787 ὁ
2913 3731 3277 3807 Ἰουδαῖσμός.
3314 3736 3457 3790 Κατᾶ
3486 3739 3673 3804 τοῦτο,
3707 3738 3898 3813 φησὶν,

2245 3815 2446 3892 ἔμαθον
2505 3818 2627 3876 ὁδὸν
2689 3822 2981 3898 σωτηρίας,
3045 3818 3240 3879 ἔλαϐον
3298 3825 3464 3897 νόμον
3525 3821 3728 3902 ὁδηγὸν
3787 3831 3894 3879 τῶν

2243 3909 2544 3984 πρακτέων.
2598 3909 2659 3966 Εἰ
2722 3909 2778 3965 δὲ
2839 3912 2915 3984 μή
2976 3911 3260 3989 ἐφύλαξαν,
3319 3914 3534 3976 ἑαυτοῖς
3573 3915 3888 3992 μεμιρέσοω-

2243 4019 2358 4054 σαν.
2401 3999 2559 4070 Ἑμοῖ
2617 4000 2719 4076 γάρ
2776 4001 2932 4069 τέως,
2995 4001 3149 4080 φησὶ,
3209 4003 3342 4074 πρὸς
3399 4002 3528 4064 τοὺς
3590 4004 3658 4075 μή
3713 4022 3878 4074 παρα-

2241 4081 2519 4149 ϐαίνοντας
2553 4090 2580 4143 ὁ
2612 4087 2799 4162 λόγος.
2833 4123 2900 4131 —
2930 4089 3176 4151 Ἀλλως.
3230 4093 3718 4163 [ΘΕΟΔΩΡΙΤΟΥ.]
3762 4092 3876 4158 Τὴν

2239 4173 2542 4245 Ἰουδαϊκὴν
2602 4177 2956 4240 καταστείλας
3032 4178 3219 4256 ὀφρὺν,
3304 4181 3394 4234 καὶ
3480 4178 3652 4250 δείξας
3713 4178 3884 4254 μάτην

2235 4265 2430 4328 αὐτοὺς
2489 4265 2576 4320 ἐπὶ
2633 4270 2701 4340 τῇ
2777 4271 3050 4342 περιτομῇ
3133 4269 3221 4323 καὶ
3289 4273 3368 4341 τῷ
3417 4270 3597 4343 νόμῳ,
3669 4270 3761 4324 καὶ
3819 4274 3888 4344 τῇ

2235 4354 2500 4409 Ἰουδαίου
2547 4357 2895 4431 προσηγορίᾳ
2949 4356 3529 4432 μεγαλαυχουμένους,
3569 4357 3665 4413 ’ἱνα
3701 4362 3780 4431 μή
3813 4381 3893 4421 τις

473 4451 778 4524 gloriari:
853 4470 928 4508 ne
1006 4453 1141 4524 quis
1225 4469 1358 4508 eum
1444 4451 1778 4522 suspicetur
1863 4451 1995 4506 odio
2053 4469 2119 4508 ac

2256 4441 2487 4521 ιπολάϐῃ
2547 4445 2778 4520 δυσμείᾳ
2831 4452 2992 4504 τοῦτο
3071 4450 3162 4504 καὶ
3219 4449 3486 4524 ἀπεχθείᾳ
3541 4457 3744 4522 ποιεῖν,
3803 4448 3892 4505 έπ-

473 4539 801 4597 invidentia
834 4541 890 4595 id
920 4558 1113 4614 agere,
1147 4541 1377 4596 subdit:
1416 4563 1439 4593 α
1477 4543 1613 4606 Quae
1645 4541 1994 4596 excellentia
2025 4549 2114 4597 est

2256 4535 2375 4608 Ξγει·
2417 4536 2531 4593 (Τί
2559 4539 2621 4591 τὸ
2666 4539 2919 4613 περισσὸν
2980 4543 3078 4593 τοῦ
3137 4537 3423 4608 Ἰουδαίου,
3478 4541 3512 4610 ἢ
3572 4540 3655 4603 τίς
3683 4544 3719 4610 ἡ
3759 4541 3897 4618 ὠφέ·

474 4629 685 4702 Judaei,
706 4637 808 4686 aut
834 4650 965 4704 quas
987 4633 1213 4688 utilitas
1230 4631 1740 4688 circumcisionis?
1771 4632 1827 4686 Si
1860 4632 2124 4702 quidam,

2256 4646 2356 4681 ιεια
2386 4633 2486 4695 τῆς
2541 4631 2851 4700 περιτομῆς
2879 4647 2892 4695 ;
2925 4653 2951 4680 ››
3012 4627 3082 4684 Ei'
3129 4633 3238 4684 τῶν
3298 4628 3655 4708 ἀλλοφύλων,
3702 4633 3890 4706 φησῖν,

472 4716 688 4787 inquit,
722 4721 986 4792 gentium
1017 4721 1482 4795 alienigenarum
1513 4721 1709 4777 divino
1742 4721 1905 4776 cultu
1936 4722 2115 4777 virtu-

2258 4723 2390 4782 ονῶν
2447 4739 2590 4780 τινες
2647 4714 2922 4791 θεοσεϐείᾳ
2976 4719 3066 4774 καὶ
3127 4719 3292 4796 ἀρετῇ
3351 4721 3892 4794 κοσμούμενοι,τῶν

473 4810 648 4875 teque
682 4810 897 4877 ornati,
929 4811 1125 4867 divina
1153 4811 1432 4866 fruuntur
1488 4811 1801 4877 electione,
1843 4810 1916 4865 ad
1974 4811 2117 4882 quid

2260 4807 2382 4862 είων
2438 4807 2782 4884 ἀναῤῥήσεων
2865 4806 3227 4880 ἀπολαύουσι,
3309 4809 3361 4865 τί
3447 4807 3512 4880 δή
3580 4832 3719 4866 ποτε
3777 4817 3883 4867 τῶν

469 4893 649 4965 igitur
676 4895 912 4952 tandem
935 4915 969 4954 a
988 4901 1262 4973 gentibus
1285 4901 1606 4974 segregavit
1638 4901 1789 4956 Deus
1810 4900 2114 4969 Israelem,

2256 4901 2393 4961 θνῶν
2435 4895 2671 4972 ἐχώρισε
2701 4898 2792 4952 τὸν
2853 4896 3072 4973 Ἰσραήλ
3131 4900 3159 4953 ὁ
3219 4900 3372 4968 Θεὸς,
3414 4900 3502 4954 καὶ
3533 4901 3630 4968 τήν
3665 4921 3887 4977 περιτο-

468 4991 570 5041 aut
590 4987 1221 5046 curcircumcisionem
1248 4991 1367 5046 illis
1390 4991 1596 5046 dedit?
1615 5007 1753 5045 nam
1776 4988 1836 5043 τὸ
1859 4989 2114 5062 περισσὸν

2256 4985 2334 5053 ιὴν
2393 4982 2580 5046 αὐτοῖς
2638 4981 2916 5054 δέδωκεν;
2977 4985 3038 5039 τὸ
3096 4986 3199 5059 γὰρ
3272 4987 3524 5061 περισσὸν
3583 4992 3681 5041 τοῦ
3751 4991 3887 5045 Ἰου-

464 5078 562 5130 τοῦ
592 5071 860 5131 Ἰουδαίου
893 5077 1037 5133 dicit
1066 5080 1598 5135 circumcisionem.
1633 5078 1854 5134 Deinde
1906 5079 2110 5135 addit:

2259 5071 2400 5140 αίου,
2456 5072 2554 5139 τήν
2628 5072 2929 5146 περιτομὴν
2995 5071 3168 5148 λέγει.
3237 5076 3372 5130 Εἶτα
3440 5074 3651 5150 ἒπάγειο
3728 5075 3882 5132 ΙΙολὺ

466 5164 644 5222 Multa
673 5184 780 5239 per
818 5183 1059 5222 omnem
1116 5167 1380 5223 modum.
1419 5168 1606 5241 Elegit
1657 5167 1815 5222 enim
1870 5169 2110 5222 illorum

2258 5160 2358 5214 ατὰ
2407 5161 2581 5214 πάντα
2659 5161 2885 5234 τρόπον.
2976 5161 3281 5234 Ἐξελέξατο
3351 5163 3454 5239 γάρ
3514 5162 3692 5218 αὐτῶν
3752 5166 3882 5227 τοὺς

462 5259 902 5330 progenitores:
935 5258 1006 5313 ab
1036 5259 1435 5332 ASgyptiorum
1467 5259 1747 5314 violentia
1776 5275 1843 5314 ac
1902 5265 2108 5331 poten-

2256 5249 2545 5324 τρογόνους.
2599 5250 2714 5318 Τῆς
2769 5249 3084 5325 Αἰγυπτίων
3142 5251 3486 5324 ἠλευθέρωσε
3537 5249 3875 5315 δυναστείας.

464 5349 588 5401 tatu
617 5347 924 5404 liberavit:
960 5348 1212 5420 inclytos
1253 5365 1358 5420 per
1387 5347 1745 5420 multiplicia
1791 5347 1958 5420 signa
2005 5349 2108 5403 de-

2256 5336 2720 5412 Ιολυθρυλλήτους
2774 5335 2864 5392 διὰ
2913 5341 3008 5403 τὰς
3055 5338 3399 5403 παντοδαπάς
3433 5343 3882 5417 Θαυματουργίας

460 5437 831 5504 monstravit,
864 5438 1053 5510 legem
1086 5437 1146 5492 in
1169 5438 1456 5493 auxilium
1481 5436 1662 5506 dedit,
1688 5437 2008 5509 pr0phetas
2035 5437 2108 5492 ad

2257 5430 2482 5506 πέφηνε.
2542 5429 2730 5500 Νόμον
2809 5425 3006 5484 ἔδωκεν
3087 5429 3163 5494 εἷς
3250 5430 3526 5506 βοήθειαν,
3584 5434 3876 5509 προφήτας

459 5535 558 5574 eos
577 5522 766 5580 misit:
796 5525 948 5580 23'!
977 5525 1271 5596 siquidem
1297 5526 1408 5580 hoc
1443 5526 1757 5598 significat,
1792 5525 1971 5581 Multa
2003 5542 2110 5598 per

2256 5515 2520 5572 πέστειλε.
2581 5519 2760 5573 Τοῦτο
2816 5517 2918 5594 γὰρ
2978 5517 3148 5593 λέγει,
3209 5543 3237 5571 ι(
3290 5517 3440 5574 Πολὺ
3497 5519 3636 5575 κατὰ
3699 5522 3874 5576 πάντα

457 5624 699 5664 omnem
732 5613 994 5668 modum.
1028 5615 1128 5669 His
1157 5620 1356 5670 tamen
1389 5615 1666 5670 omnibus
1694 5615 1931 5669 silentio
1955 5632 2104 5686 pra:-

2256 5609 2441 5684 ρόπον.
2479 5609 2717 5660 »Ταῦτα
2778 5607 2966 5680 μέντοι
3016 5609 3190 5662 πάντα
3250 5611 3502 5684 σιγήσας,
3547 5613 3644 5664 τοῦ
3696 5610 3873 5684 νόμου

453 5697 644 5752 teritis
678 5699 866 5754 solam
889 5702 1087 5771 posuit
1106 5703 1560 5772 legislationem.
1580 5705 1840 5758 Primum
1862 5704 2103 5774 quidem

2256 5699 2314 5766 ἡν
2348 5695 2488 5762 θέσιν
2543 5695 2728 5766 τίθησι
2789 5696 2976 5769 μόνον.
3038 5700 3260 5772 Πρῶτον
3326 5697 3443 5770 μὲν,
3497 5696 3872 5756 ὅτιᾶπιστεύ-
