4126 6256
290 323 405 389 369

1426 331 1823 393 COMMENT.
1870 331 1956 391 ΙΝ
2004 330 2248 391 EPIST.
2296 332 2402 390 AD
2445 332 2643 391 ROM.

3623 326 3747 387 370

307 464 482 533 θησαν
512 459 580 515 τὰ
617 458 793 535 Λόγια
812 464 914 515 τοῦ
949 466 1122 533 Θεοῦ,
1155 462 1299 519 πολὺ
1331 464 1464 519 κατᾶ
1492 464 1665 519 πάντα
1688 462 1927 527 συντίθετ

2044 463 2243 536 [quia
2290 462 2631 521 concredita
2677 468 2815 519 sunt
2872 462 2991 518 illis
3044 460 3280 534 eloquia
3328 458 3452 531 Dei,
3482 460 3738 517 multum

303 555 450 609 εἶναι
479 550 541 606 τὸ
574 550 825 623 περισσὸν
855 552 949 605 καὶ
987 551 1304 630 ὠφέλιμον.

386 738 609 809 Πρῶτον
699 732 793 805 μέν
885 734 991 809 γὰρ
1055 735 1139 787 ὅτι

314 829 430 881 ποῖ)
489 828 636 881 Θεοῖ).
687 823 751 879 Τί
838 822 969 898 γὰρ,
1042 823 1088 877 εἰ
1148 825 1457 894 ἠπίστησάν
1513 846 1653 887 τινες
1715 843 1729 892 ;
1810 825 1884 897 μή
1941 826 1975 892 ἡ

334 914 563 971 ἀπιστία
592 913 751 969 αὐτῶν
784 913 886 981 τήν
936 914 1121 968 πίστιν
1175 918 1270 969 τοῦ
1300 918 1431 971 Θεοῦ
1457 916 1790 989 καταργήσει
1821 933 1834 983 ;
1883 914 1973 983 Μὴ

324 1004 542 1078 γένοιτο
574 1005 589 1059 ί

388 1093 520 1150 Ὀτι
554 1090 718 1157 ὅλως,
752 1092 937 1169 φησὶν,
976 1091 1414 1167 ἐνεχειρίσθησαν
1446 1092 1538 1147 τὸν
1580 1093 1765 1164 νόμον.
1798 1092 1970 1153 Οὗτος

295 1182 412 1258 γὰρ
450 1182 715 1255 τάΛὸγια
743 1185 840 1235 τοῦ
871 1184 1024 1236 Θεοῦ.
1067 1205 1093 1235 ο
1148 1180 1216 1237 Τί
1273 1182 1376 1255 γὰρ
1435 1180 1480 1236 εί
1542 1181 1850 1251 ἠπίστησάν
1883 1202 1968 1235 τι-

285 1291 431 1341 νες;
470 1293 496 1324 ι
533 1270 667 1327 Εἶτα
696 1268 784 1325 ἵνα
819 1271 893 1343 μὴ
948 1268 1172 1345 λέγωσι,
1234 1271 1355 1339 Ναὶ,
1398 1271 1585 1347 φησὶν,
1641 1269 1964 1345 ἐνεχείρισεν

287 1362 499 1433 ἡμῖνὸ
532 1361 665 1421 Θεὸς
694 1360 788 1414 τὸν
821 1359 1011 1431 νόμον,
1066 1360 1157 1413 καὶ
1212 1360 1293 1420 τίς
1352 1358 1588 1430 ὠφέλεια
1644 1364 1739 1413 τοῦ
1794 1358 1965 1432 νόμου

280 1450 739 1526 ἐγχειρισθῆναι,
774 1448 935 1503 ὁπότε
976 1447 1181 1503 πολλοῖ
1242 1448 1341 1504 οὐκ
1398 1447 1712 1503 ἐπίστευσαν
1768 1447 1961 1520 αὑτῷ;

289 1540 401 1598 Καὶ
434 1540 514 1608 τί,
550 1540 713 1616 φησί,
746 1540 880 1614 πρὸς
908 1540 997 1592 τὸν
1057 1540 1208 1604 Θεὸν,
1265 1539 1308 1594 εί
1372 1540 1526 1612 ὑμεῖς
1584 1541 1959 1609 intacti/pars;

291 1631 370 1701 μή
406 1629 518 1703 γὰρ
556 1628 771 1702 ἀνάγκῃ
830 1632 996 1682 σῶσαι
1053 1629 1191 1700 ὑμᾶς
1251 1628 1396 1704 εἶχεν
1455 1629 1483 1682 ὸ
1530 1629 1658 1691 Θεὸς
1692 1627 1958 1697 ἅκοντας;

287 1722 367 1791 μή
404 1719 517 1794 γάρ
553 1715 776 1788 ἐπειδὴ,
810 1718 964 1792 φησὶ,
1020 1718 1158 1781 τινὲς
1206 1718 1535 1789 ἠπίστησαν,
1596 1720 1741 1793 παρᾶ
1797 1723 1958 1773 τοῦτο

1235 733 1621 804 έπιστευθησαν
1695 735 1763 789 τὰ
1815 735 1981 808 Λόγια

2090 572 2198 627 per
2228 574 2466 612 omnem
2511 556 2753 612 modum
2806 554 3190 611 constituitur
3221 570 3350 609 esse
3370 550 3433 606 τὸ
3462 552 3739 625 περισσὸν,

2091 645 2202 701 hoc
2234 650 2324 701 est
2354 645 2711 705 excellentia
2742 648 2800 699 et
2819 660 2913 698 res
2945 643 3129 698 utilis.

2160 734 2262 802 IIl,
2294 738 2348 799 2,
2383 737 2433 789 3.
2472 736 2719 788 Primum
2786 732 3003 803 quidem
3061 734 3193 801 quia
3246 730 3560 785 concredita
3614 736 3740 783 sunt

2082 824 2195 879 illis
2226 825 2445 895 eloquia
2472 826 2588 877 Dei.
2623 822 2767 888 Quid
2795 825 2978 877 enim?
2996 821 3046 877 si
3075 822 3300 891 quidam
3329 820 3737 887 incredulifue-

2080 915 2269 967 runt?
2300 915 2439 967 Num
2480 912 2705 966 illorum
2760 911 3122 965 incredulitas
3171 911 3331 979 ﬁdem
3388 909 3487 962 Dei
3518 910 3737 962 irritam

2076 1005 2245 1071 faciet
2272 1006 2300 1057 ἶ)
2323 1002 2472 1057 Absit
2502 1004 2525 1058 Ι

2150 1092 2438 1157 Quoniam
2467 1091 2740 1158 omnino,
2773 1090 2987 1161 inquit,
3029 1089 3244 1144 tradita
3301 1094 3391 1144 est
3446 1089 3565 1143 illis
3614 1089 3729 1144 lex.

2076 1184 2220 1237 Nam
2252 1182 2364 1235 hoc
2395 1182 2524 1236 loco
2556 1181 2774 1236 dicitur
2804 1180 2899 1236 lex
2936 1181 3172 1251 eloquia
3205 1181 3369 1235 Dei.«
3404 1180 3553 1246 Quid
3568 1181 3729 1236 enim

2077 1272 2123 1327 si
2158 1270 2403 1342 quidam
2434 1271 2729 1326 increduli
2761 1270 3003 1325 fuerunt
3032 1270 3059 1325 ?
3092 1294 3111 1319 ι
3151 1270 3371 1326 Deinde
3402 1287 3476 1325 ne
3505 1270 3724 1338 dicant,

2074 1361 2284 1432 Utique
2309 1360 2553 1416 tradidit
2583 1361 2754 1415 nobis
2787 1362 2939 1415 Deus
2970 1361 3293 1433 legem,sed
3325 1377 3454 1432 qua:
3473 1366 3561 1415 est
3583 1360 3721 1416 inde

2073 1450 2321 1515 utilitas,
2357 1466 2491 1503 cum
2522 1448 2695 1503 multi
2737 1465 2858 1503 non
2891 1448 3256 1503 crediderint
3285 1448 3421 1503 illi?
3454 1448 3519 1502 Et
3578 1448 3720 1519 quid

2072 1538 2182 1593 hoc
2211 1538 2281 1593 ad
2316 1539 2498 1592 Deum
2534 1537 2749 1607 inquit,
2784 1537 2828 1592 si
2863 1555 2963 1591 vos
2994 1536 3283 1593 increduli
3315 1536 3715 1591 fuistis?num

2068 1628 2227 1684 enim
2263 1627 2451 1681 salvos
2482 1627 2676 1682 facere
2709 1627 2901 1698 potuit
2942 1644 3041 1681 vos
3091 1628 3244 1682 Deus
3276 1627 3488 1681 invitos
3512 1626 3540 1679 ?
3570 1643 3714 1681 num

2066 1718 2226 1773 enim
2260 1717 2399 1788 quia
2430 1716 2613 1786 aliqui
2646 1715 2886 1770 fuerunt
2920 1716 3417 1781 increduliﬁdem
3451 1716 3575 1783 Dei,
3598 1716 3709 1770 hoc

268 1812 371 1877 τήν
404 1808 598 1862 πίστιν
632 1812 733 1861 τοῦ
783 1811 936 1875 Θεοῦ,
991 1807 1235 1861 τουτέστι
1293 1810 1391 1877 τήν
1452 1808 1757 1883 εὐεργεσίαν
1816 1829 1930 1862 κατ‹

2054 1814 2143 1863 est
2173 1808 2632 1863 beneficentiam
2664 1807 3197 1879 promissam,obid
3229 1808 3456 1863 irritam
3473 1811 3574 1862 aut
3603 1823 3704 1862 va-

276 1900 529 1973 ηργησαν
594 1897 688 1950 καὶ
750 1895 1268 1968 έματαιοποίησαν;
1325 1896 1627 1968 Οὐμενοῦν.
1696 1897 1759 1954 Εἰ
1842 1899 1942 1973 γὰρ

280 1990 371 2043 καὶ
422 1986 583 2042 αὐτοὶ
619 1985 726 2040 οὑκ
757 1980 1171 2057 ἠϐουλήθησαν,
1229 1987 1256 2039 ὸ
1317 1986 1499 2058 μέντοι
1556 1988 1682 2049 Θεὸς
1739 1988 1799 2041 τὸ
1848 1987 1944 2042 αὑ-

288 2082 380 2132 τοῦ
410 2076 733 2145 πεποίηκεν.
767 2106 842 2117 -
870 2073 1117 2137 ’Ἄλλως
1152 2077 1353 2149 [ΦΩΤ.]
1393 2077 1740 2131 Ἀντιπῖπτον
1799 2076 1936 2134 λύει.

295 2166 357 2221 Ti
388 2168 484 2241 γὰρ
521 2166 567 2219 εἰ
624 2163 941 2233 ἠπίστησάν
991 2184 1128 2225 τινες
1164 2184 1177 2234 ;
1212 2163 1505 2237 ἀπορήσειε
1554 2164 1654 2239 γὰρ
1716 2165 1777 2220 ἄν
1834 2188 1937 2235 τις,

301 2258 385 2311 ὅτι
419 2256 853 2323 ένεπιστεύθησαν
891 2255 984 2326 μὲν
1052 2256 1119 2309 τὰ
1178 2256 1345 2330 Λὸγια
1402 2261 1498 2309 τοῦ
1553 2260 1710 2310 Θεοῦ⁶
1770 2258 1835 2309 τὰ
1882 2255 1937 2311 δὲ

289 2348 458 2421 Δόγια
486 2351 578 2399 τοῦ
606 2350 764 2412 Θεοῦ,
805 2342 1047 2418 μεγάλας
1084 2344 1177 2417 μὲν
1232 2342 1436 2419 δωρεὰς
1483 2345 1574 2399 καὶ
1634 2344 1933 2420 εὐεργεσίας

288 2436 644 2510 ὑπισχνεῖται,
678 2432 814 2489 ἀλλ’
846 2433 901 2489 έν
930 2437 999 2506 τῇ
1028 2438 1135 2488 τῶν
1170 2431 1616 2508 παραδεξαμένων
1647 2435 1819 2490 πίστει
1844 2437 1929 2490 καὶ

282 2524 640 2605 παρασυλακῇ
707 2524 864 2579 αὗται
922 2524 1021 2592 την
1082 2522 1369 2578 ὑπόστασιν
1418 2525 1508 2579 καὶ
1566 2525 1664 2593 τήν
1716 2519 1931 2580 ἔκϐασιν

282 2617 448 2689 εἶχεν.
503 2613 748 2668 Πολλῶν
814 2610 871 2667 δὲ
920 2612 1332 2683 ἀπιστησάντων
1412 2611 1500 2667 καί
1556 2609 1934 2687 παραϐεϐηκό-

275 2726 399 2771 των,
457 2702 776 2757 ἆκὸ).ο·.›θον
832 2700 1169 2756 κεκωλὺσθαι
1251 2702 1344 2775 μὶν
1428 2705 1523 2765 τὰς
1610 2702 1929 2778 ὑποσχέσεις

271 2792 351 2852 εἷς
378 2791 542 2865 πέρας
574 2789 850 2859 ἐξελθεῖν,
888 2789 1059 2858 μάτην
1114 2786 1170 2843 δὲ
1201 2792 1264 2842 τὰ
1323 2790 1491 2864 Λὸγια
1520 2794 1617 2844 τοῦ
1649 2795 1781 2845 Θεοῦ
1834 2812 1929 2845 καο

254 2882 698 2948 ταπιστευθῆναι
746 2879 964 2938 τούτοις
1024 2878 1100 2942 εἷς
1132 2876 1299 2950 μηδὲν
1329 2882 1627 2957 χρήσιμον,
1690 2880 1778 2934 καὶ
1829 2882 1926 2949 τήν

249 2971 575 3044 περιτομὴν
620 2968 1043 3042 ἐξελεγχθῆναι,
1079 2969 1186 3042 εἳγε
1243 2971 1277 3038 ἡ
1341 2971 1435 3042 μὲν
1482 2972 1781 3043 περιτομὴ,
1841 2968 1929 3026 διὰ

256 3062 325 3113 τὰ
352 3061 553 3133 mixta,
583 3060 657 3114 ti
691 3056 748 3112 δὲ
780 3058 970 3134 Λὸγια,
1006 3055 1094 3112 διὰ
1122 3058 1216 3122 τὰς
1246 3056 1475 3133 δωρεὰς,
1507 3060 1561 3113 αἱ
1601 3056 1657 3114 δὲ
1708 3057 1926 3135 δωρεαὶ,

2051 1918 2193 1956 nam
2226 1900 2601 1955 effecerunt?
2632 1902 3035 1971 Nequaquam.
3071 1902 3215 1954 Nam
3244 1900 3353 1954 etsi
3392 1900 3449 1953 hi
3482 1899 3703 1954 noluis-

2049 1996 2200 2057 sent,
2231 1992 2381 2046 Deus
2406 1997 2603 2045 tamen
2632 1990 2788 2060 quod
2822 2006 2993 2044 suum
3019 1994 3109 2043 est
3139 1989 3451 2044 effecisset.
3476 2020 3541 2028 —-
3567 1989 3696 2043 Alio

2046 2082 2234 2136 modo.
2261 2079 2628 2135 Incidentem
2679 2079 2851 2133 solvit
2899 2078 3317 2148 objectionem.
3351 2077 3500 2143 Quid
3532 2078 3693 2132 enim

2047 2170 2094 2223 si
2124 2169 2365 2224 fuerunt
2387 2168 2628 2239 quidam
2660 2167 2949 2222 increduli
2982 2167 3009 2220 ‘I
3037 2183 3174 2222 nam
3233 2172 3435 2238 posset
3476 2165 3693 2237 aliquis

2045 2258 2315 2314 dubitare
2349 2276 2413 2312 ac
2444 2258 2661 2325 dicere,
2703 2257 2859 2327 quod
2891 2257 3229 2311 concredita
3260 2257 3499 2327 quidem
3556 2261 3695 2310 sunt

2044 2348 2281 2419 eloquia
2310 2348 2452 2403 Dei:
2496 2346 2733 2416 eloquia
2779 2351 2977 2400 autem
3031 2346 3132 2401 Dei
3184 2362 3397 2416 magna
3440 2346 3596 2401 dona
3627 2363 3694 2401 ac

2043 2438 2332 2495 beneﬁcia
2362 2438 2719 2509 promittunt
2754 2453 2765 2489 :
2800 2452 3001 2490 verum
3034 2437 3159 2491 hinc
3203 2437 3264 2490 in
3323 2453 3527 2491 eorum
3561 2454 3691 2508 quaa

2042 2533 2316 2600 suscepta
2337 2532 2507 2583 erant
2524 2525 2638 2582 fide
2653 2543 2720 2581 ac
2750 2526 3164 2582 observatione
3191 2525 3307 2580 vim
3330 2542 3396 2579 ac
3419 2530 3695 2579 eventum

2042 2618 2339 2674 habebant
2393 2618 2536 2672 Cum
2570 2621 2769 2671 autem
2801 2614 2974 2671 multi
3006 2614 3261 2669 fuissent
3306 2614 3600 2669 increduli
3625 2630 3693 2669 ac

2042 2716 2555 2781 transgressores:
2604 2721 2979 2776 consequens
3040 2720 3175 2776 ergo
3225 2708 3317 2759 est
3363 2702 3691 2774 prohibitas

2038 2800 2222 2855 fuisse
2255 2797 2703 2870 promissiones,
2738 2812 2813 2850 ne
2845 2794 2918 2849 ad
2958 2795 3137 2849 finem
3168 2794 3636 2865 perducerentur
3671 2809 3685 2847 :

2040 2891 2261 2960 Deique
2296 2888 2533 2958 eloquia
2553 2901 2699 2941 vane
2731 2885 2850 2939 illis
2882 2889 2940 2939 et
2992 2883 3159 2939 nulla
3214 2882 3472 2937 utilitate
3502 2882 3686 2939 fuisse

2036 2978 2402 3042 concredita,
2438 2993 2504 3030 ac
2527 2973 2879 3046 reprehendi
2915 2972 3449 3041 circumcisionem,
3485 2972 3532 3026 si
3557 2972 3685 3043 ipsa

2036 3068 2277 3139 quidem
2317 3064 2687 3119 circumcisio
2720 3066 2961 3133 prOpter
2990 3061 3247 3131 eloquia,
3282 3060 3518 3130 eloquia
3548 3076 3683 3114 vero

274 3144 366 3200 ὸιᾶ
417 3154 524 3214 τῆς
579 3146 815 3208 πίστεως
864 3142 1173 3219 ἐλάμϐανον
1249 3148 1437 3221 πέρας,
1491 3148 1590 3216 τήν
1642 3148 1820 3202 πίστιν
1875 3145 1930 3203 δὲ

2044 3162 2285 3230 propter
2316 3153 2489 3219 dona,
2538 3168 2712 3223 porro
2745 3150 2901 3204 dona
2955 3166 3061 3220 per
3118 3149 3297 3203 finem
3351 3153 3521 3203 erant
3562 3154 3683 3202 ter-

284 3236 559 3303 ἠθέτησαν
619 3238 672 3289 οἱ
719 3231 1184 3310 παραϐεϐηκότες.
1243 3238 1401 3291 Ὠστε
1449 3234 1699 3309 οὐδεμία,
1734 3239 1921 3315 φησὶν,

283 3321 536 3399 ὠφέλεια
581 3330 679 3391 τῆς
731 3332 1048 3399 περιτομῆς.
1113 3327 1331 3398 Ταύτην
1391 3326 1484 3381 οὖν
1561 3325 1920 3399 ἐπιλυόμενος

284 3412 387 3479 την
418 3411 645 3485 ἀπορίαν
679 3416 845 3487 φησίν·
899 3439 926 3467 ι(
980 3414 1048 3471 Τί
1104 3416 1204 3489 γὰρ
1263 3415 1307 3470 εἰ
1366 3415 1671 3487 ἠπίστησάν
1730 3437 1919 3488 τινες;

290 3502 361 3571 μή
395 3503 428 3570 ἡ
460 3501 680 3556 ἀπιστία
704 3504 879 3558 αὐτῶν
913 3505 1015 3573 τήν
1076 3504 1251 3559 πίστιν
1312 3509 1408 3560 τοῦ
1461 3510 1594 3561 Θεοῦ
1648 3509 1919 3584 καταργή-

285 3592 732 3659 σειςητουτέστι
790 3594 852 3647 τὸ
911 3594 1101 3647 πιστὸν
1157 3598 1263 3648 τῶν
1329 3595 1674 3670 ὑποσχέσεων
1732 3596 1917 3666 αὑτοῦ,

278 3680 339 3733 τὸ
369 3678 580 3751 ἀληθὲς,
610 3682 675 3735 τὸ
736 3682 1106 3754 ἆμετάθετον;
1160 3684 1251 3752 Μὴ
1310 3687 1542 3759 γένοιτο,
1603 3686 1755 3763 φησὶ,
1835 3684 1921 3741 διὰ

280 3769 376 3836 τὴν
404 3768 612 3824 ἐκείνων
645 3770 928 3838 ἀπιστίαν,
962 3772 996 3840 ἤ
1029 3772 1091 3825 τὸ
1126 3772 1178 3826 ἐν
1214 3777 1331 3834 ταῖς
1364 3773 1722 3852 ὑποσχέσεσιν
1756 3775 1920 3831 αὑτοῦ

273 3860 454 3913 πιστὸν
517 3862 609 3913 καὶ
668 3858 896 3929 ἀληθὲς,
959 3862 1187 3933 μάταιον
1244 3860 1672 3938 ἀπελεγχθῆναι,
1730 3863 1766 3933 ἤ
1825 3872 1921 3935 τῆς

258 3956 575 4021 περιτομῆς
602 3950 709 4018 τήν
741 3950 1061 4021 νομοθεσίαν
1102 3950 1177 4012 εἰς
1240 3948 1410 4023 μηδὲν
1444 3952 1725 4031 ὠφέλιμον
1784 3975 1922 4034 χρη-

256 4038 512 4111 ματίσαι,
546 4038 663 4105 Τὴν
697 4039 801 4112 γὰρ
835 4038 1009 4096 αἰτίαν
1066 4036 1212 4118 ἔχειν
1276 4042 1378 4095 οὐκ
1430 4040 1628 4113 ἄλλος,
1683 4043 1809 4100 ἀλλ’
1869 4048 1920 4099 οἱ

248 4121 720 4201 παραϐεϐηκότες
793 4127 892 4181 εῗσὶ
949 4125 1170 4187 δίκαιοι.
1261 4127 1492 4186 Μᾶλλον
1550 4131 1740 4196 οὕτως’
1828 4138 1916 4205 Μὴ

242 4217 475 4289 γένοιτο
567 4216 929 4291 ὑπερισχὺσαι
988 4219 1086 4287 τήν
1147 4218 1396 4274 ἀπιστίαν
1482 4218 1723 4293 ἐκείνων,
1781 4224 1920 4284 ὣστε

244 4303 318 4359 δι’
354 4304 588 4359 ἐκείνων
617 4307 1053 4380 καταργηθῆναι,
1110 4308 1205 4363 καὶ
1266 4306 1453 4373 ἀτελὲς
1480 4309 1569 4365 καὶ
1627 4310 1917 4373 ἀνέκϐατον

244 4394 519 4471 ὀφθῆναι,
579 4394 641 4447 τὸ
700 4394 750 4449 έν
808 4400 925 4457 ταῖς
985 4397 1341 4471 ὕποσχέσεσιν
1372 4397 1537 4454 αὑτοῦ
1576 4404 1767 4458 πιστὸν
1826 4407 1917 4461 καὶ

248 4481 603 4551 παναληθες.
683 4482 789 4537 Κάν
872 4485 973 4560 γὰρ
1061 4483 1254 4540 ἐκεῖνοι
1334 4487 1665 4559 ἠπίστησαν,

249 4571 423 4627 οὐδὲν
468 4568 694 4627 ἔλαττον
749 4574 809 4629 τὸ
865 4574 1057 4631 ἑαυτοῦ
1108 4575 1331 4646 ἐποίησε
1387 4578 1475 4633 καὶ
1531 4579 1626 4642 τὰς
1684 4581 1913 4659 ἐπαγγε-

249 4661 383 4723 λίας
446 4661 813 4737 ἐξεπλήρωσε.
857 4664 1087 4719 Δυνατὸν
1160 4663 1216 4720 δὲ
1247 4666 1425 4722 πίστιν
1478 4674 1611 4725 Θεοῦ
1667 4669 1916 4730 ἐκλαϐεῖν

247 4753 349 4808 καὶ
383 4754 485 4820 τὴν
542 4751 595 4806 ἐν
651 4759 766 4815 τοῖς
832 4755 908 4826 μή
970 4750 1378 4829 παραϐεϐηκόσι
1427 4756 1771 4832 διαμείνασαν
1824 4764 1913 4820 πί-

250 4863 405 4897 στιν.
439 4842 586 4913 Αὕτη
618 4844 722 4918 γὰρ
752 4848 886 4899 Θεοῦ
909 4843 1106 4913 πίστις,
1169 4847 1244 4909 ὡς
1301 4847 1377 4909 εἷς
1436 4849 1565 4904 Θεὸν
1620 4850 1773 4921 οὖσα,
1822 4855 1912 4909 καὶ

256 4932 324 4986 ἐκ
362 4937 490 4987 Θεοῦ
521 4935 714 4988 αὐτοῖς
766 4931 1217 5008 διαφυλαχθεῖσα.
1253 4937 1315 4990 Ἡ
1376 4938 1471 5009 μὲν
1527 4940 1630 5015 γὰρ
1688 4941 1913 4999 ἀπιστία

250 5028 361 5089 τῆς
396 5022 707 5101 μοχθηρίας
755 5026 862 5076 τῶν
923 5021 1358 5094 ἀπιστησάντων,
1418 5028 1453 5094 ἡ
1509 5023 1566 5080 δὲ
1613 5028 1791 5093 πίστις
1852 5032 1913 5088 ἐκ

256 5111 397 5168 Θεοῦ
428 5108 704 5184 έδράζεται
735 5116 855 5172 τοῖς
887 5110 1077 5181 ἀξίοις.
1112 5113 1171 5167 ἸΙ
1236 5113 1325 5167 οὖν
1391 5112 1607 5169 ἐκείνων
1664 5118 1905 5188 ἀπιστία,

256 5203 334 5274 μὴ
366 5201 590 5277 γένοιτο,
626 5203 817 5281 φησὶν,
852 5198 936 5254 ὅτι
971 5199 1151 5272 ἐκνικᾷ
1188 5202 1286 5270 τὴν
1347 5202 1423 5264 εἷς
1482 5205 1611 5259 Θεὸν
1670 5208 1759 5261 καὶ
1819 5206 1907 5264 διὰ

255 5296 384 5347 Θεοῦ
437 5296 818 5372 μεμενηκυῖαν
890 5287 1091 5345 πίστιν.
1133 5296 1293 5345 ’Ὡστε
1356 5289 1508 5354 τέλος
1562 5290 1766 5366 ἕξουσιν
1850 5300 1904 5352 αἱ

253 5379 574 5466 ἕπετγελίαι,
639 5382 793 5439 ὥστε
854 5371 997 5433 ἔστιν
1082 5379 1321 5459 ὠφέλεια
1374 5381 1611 5451 καὶτῆς
1684 5406 1900 5462 περιτο.

232 5486 345 5557 Pic-

260 5671 503 5738 Γινισθω
601 5654 673 5717 δέ
780 5648 811 5704 δ
907 5644 1031 5709 θεὸς
1090 5644 1330 5719 ἀληθὴς,
1392 5653 1487 5714 αᾶς
1574 5647 1632 5707 δὲ
1686 5652 1898 5729 ἅνθρω-

1754 4493 1913 4558 αὐτὸς
1949 4536 1993 4599 D

2027 3248 2258 3307 minum
2294 3243 2577 3299 sortitura
2609 3258 2621 3295 :
2658 3239 2761 3295 sed
2794 3238 2975 3294 ﬁdem
3006 3238 3305 3310 aspernati
3337 3241 3476 3292 sunt
3493 3243 3685 3293 trans-

2025 3352 2327 3413 gressores
2354 3350 2365 3387 :
2400 3334 2597 3403 itaque
2624 3330 2790 3384 nulla
2812 3335 2901 3384 est
2939 3328 3413 3383 circumcisionis
3430 3328 3677 3386 utilitas.

2028 3431 2188 3484 Hanc
2215 3441 2349 3495 ergo
2373 3420 2805 3477 dubitationem
2836 3418 3275 3480 dissolvens,ait
3301 3435 3313 3471 :
3339 3418 3487 3483 Quid
3519 3418 3679 3473 enim

2028 3518 2075 3575 si
2109 3512 2624 3588 quidamlfuerunt
2645 3508 2935 3565 increduli
2954 3509 3140 3563 ‘INum
3160 3507 3397 3563 illorum
3413 3507 3682 3564 incredu-

2027 3606 2162 3661 litas
2188 3603 2366 3659 tidem
2397 3601 2499 3656 Dei
2533 3600 2762 3654 irritam
2793 3598 3017 3653 faciet?
3037 3619 3063 3646 ››
3089 3598 3201 3652 hoc
3224 3602 3313 3651 est
3329 3597 3674 3652 ﬁdelitatem

2027 3692 2493 3767 piomizsionum
2527 3689 2677 3761 ejus,
2701 3688 3007 3742 veritatem
3040 3685 3678 3741 etimmutabilitatem.

2029 3781 2517 3851 Absit,inquit,ut
2547 3793 2652 3848 per
2680 3776 2921 3830 illorum
2946 3774 3446 3839 incredulitatem,
3482 3773 3667 3827 fideli-

2027 3877 2114 3929 tas
2141 3888 2206 3927 ac
2234 3869 2442 3924 veritas
2470 3883 2602 3937 quas
2635 3864 2803 3919 estin
2818 3862 3682 3934 promissionibusipsiusvana

2026 3976 2155 4016 esse
2176 3951 2745 4020 convinceretur,vel
2764 3950 3239 4006 circumcisionis
3261 3949 3575 4022 legislatio,
3604 3949 3677 4006 ad

2024 4047 2252 4104 nullam
2281 4043 2601 4099 utilitatem
2635 4040 2885 4107 sancita,
2914 4039 3135 4109 alioqui
3163 4040 3324 4094 enim
3342 4039 3544 4094 nullus
3558 4041 3670 4095 cri-

2025 4153 2161 4192 men
2191 4131 2618 4199 haberet,233
2642 4128 2744 4183 sed
2776 4132 3247 4201 transgressores
3270 4128 3417 4198 justi
3451 4133 3670 4186 essent.

2023 4226 2128 4281 Vel
2161 4224 2356 4297 potius
2386 4222 2497 4277 hoc
2519 4218 2891 4275 modo.Absit
2921 4223 2984 4272 ut
3011 4216 3251 4272 illorum
3284 4217 3670 4275 incredulitas

2024 4312 2536 4388 prmvaluerit:et
2564 4307 2887 4366 credulitas
2944 4323 3011 4363 ac
3060 4306 3403 4362 omnimoda
3453 4308 3667 4363 veritas

2024 4422 2154 4477 qua:
2188 4408 2277 4459 est
2306 4402 2367 4458 in
2400 4402 2527 4473 ejus
2558 4397 3076 4472 promissionibus,
3106 4398 3229 4453 visa
3276 4398 3352 4452 sit
3390 4414 3496 4469 per
3530 4397 3666 4453 illos

2024 4494 2191 4549 irrita
2217 4492 2398 4547 fuisse
2430 4496 2489 4546 et
2517 4490 2881 4562 imperfecta,
2913 4507 3021 4545 nec
3052 4504 3225 4544 suum
3256 4487 3464 4543 sortita
3494 4502 3665 4542 even-

2025 4588 2355 4638 tumznam
2377 4579 2592 4637 etsiilli
2642 4580 2863 4635 fuerint
2918 4577 3232 4645 increduli,
3290 4577 3416 4648 ipse
3447 4575 3665 4631 nihilo-

2026 4672 2224 4727 minus
2253 4671 2411 4743 quod
2434 4686 2607 4726 suum
2638 4674 2727 4724 est
2746 4669 2903 4733 fecit,
2937 4685 3003 4724 ac
3062 4666 3486 4739 promissiones
3507 4682 3667 4722 com-

2024 4761 2224 4832 plevit.
2258 4763 2459 4817 Potest
2490 4775 2726 4831 quoque
2752 4759 2853 4813 Dei
2883 4758 3028 4813 fides
3057 4758 3244 4829 accipi
3276 4774 3381 4829 pro
3407 4757 3522 4812 fide
3536 4773 3666 4829 quin

2021 4850 2084 4904 in
2106 4851 2225 4905 illis
2257 4849 2587 4921 permansit
2625 4848 2725 4919 qui
2758 4864 2877 4902 non
2909 4847 3151 4902 fuerunt
3172 4852 3664 4919 transgressores.

2022 4939 2155 4994 Haec
2187 4941 2347 4995 enim
2381 4940 2479 4993 Dei
2513 4937 2658 4991 ﬁdes
2690 4942 2868 5007 est,ut
2890 4937 2989 5007 qui
3013 4936 3074 4991 in
3097 4936 3282 4992 Deum
3324 4943 3666 5007 eratetquaa

2018 5044 2054 5082 a
2085 5029 2202 5083 Deo
2234 5029 2353 5083 illis
2387 5031 2615 5083 servata
2640 5030 2785 5083 erat.
2815 5025 3120 5097 Siquidem
3152 5026 3539 5081 incredulitas
3562 5043 3663 5082 ne-

2019 5118 2220 5186 quitias
2252 5124 2340 5171 est
2360 5115 2825 5180 incredulorum,
2848 5116 2993 5171 fides
3024 5121 3221 5172 autem
3261 5132 3295 5170 a
3328 5115 3440 5169 Deo
3464 5117 3659 5171 firma-

2016 5213 2113 5263 tur
2140 5207 2200 5261 in
2232 5207 2323 5261 his
2346 5206 2446 5277 qui
2496 5206 2657 5278 digni
2690 5212 2846 5260 sunt.
2908 5205 3075 5260 Absit
3112 5222 3270 5275 ergo,
3331 5204 3544 5275 inquit,
3598 5209 3662 5258 ut

2014 5296 2253 5352 illorum
2286 5295 2674 5351 incredulitas
2718 5296 2977 5350 vinceret
3003 5299 3343 5349 manentem
3380 5294 3440 5347 in
3472 5292 3657 5348 Deum

2012 5391 2070 5441 et
2099 5403 2205 5458 per
2237 5386 2422 5440 Deum
2456 5385 2654 5441 fidem.
2688 5388 2889 5457 Itaque
2923 5386 3103 5440 finem
3128 5401 3194 5439 ac
3230 5383 3655 5455 perfectionem

2012 5475 2315 5531 habebunt
2346 5475 2791 5547 promissiones,
2824 5476 3025 5546 itaque
3073 5473 3300 5528 utilitas
3356 5479 3445 5530 est
3474 5477 3654 5533 etiam

2007 5565 2498 5622 circumcisionis.

2077 5656 2176 5728 III,
2206 5658 2258 5712 4.
2292 5654 2380 5712 Sit
2420 5662 2602 5713 autem
2627 5657 2767 5712 Deus
2822 5671 3011 5724 veram,
3053 5656 3228 5713 omnis
3285 5662 3465 5714 autem
3494 5655 3651 5713 homo
