4126 6256
382 370 497 429 371
1504 363 1922 427 (ΕΟΗΜΕΝΙΙ
1966 366 2056 423 Tll

2171 367 2278 428 32E
2321 371 2710 434 EPISCOPI.
3684 366 3820 427 3'12

377 504 638 565 mendax,
666 504 806 558 sicut
861 501 1128 572 scriptum
1157 509 1235 558 est
1266 519 1285 557 :
1350 502 1417 557 Ut
1469 501 1794 572 justiﬁcerz's
1842 500 1901 554 in
1931 515 2037 554 ser-

2171 519 2251 561 τος
2285 502 2544 575 ψεύστης,
2602 505 2783 568 καθὼς
2842 505 3171 582 γέγραπται.
3230 505 3414 564 Ὅπως
3468 497 3528 554 ἄν
3580 495 3830 582 δικαιωτ

380 594 630 648 monibus
661 595 788 661 tuis,
822 599 873 647 et
911 595 1097 648 vincas
1127 609 1247 648 cum
1267 593 1564 663 judicnris.

2175 594 2240 663 ᾖς
2278 571 2329 647 ἐν
2360 571 2486 657 τοῖς.
2511 571 2702 674 λόγοις
2733 571 2976 666 σου,καῖ
3023 596 3246 670 νικήσῃς
3305 592 3359 649 ἐν
3412 598 3495 666 τῷ
3522 571 3824 667 κρίνεσθαί

2141 701 2228 738 σε.

459 775 638 843 Licet,
672 775 889 846 inquit,
913 774 1205 830 increduli
1253 774 1477 830 fuerint
1503 773 1710 842 Judaei,
1744 790 1864 828 non
1894 788 2032 845 pro-

386 869 591 935 pterea
620 864 845 920 donum
877 865 977 920 Dei
1014 866 1244 935 accepit
1298 864 1489 918 ullum
1540 862 2034 935 impedimentum

386 959 490 1009 aut
520 954 882 1009 diminutum
912 960 1001 1010 est
1035 971 1047 1007 :
1086 953 1191 1008 sed
1222 954 1422 1008 omnia
1450 952 1606 1008 facta
1637 957 1778 1007 sunt
1798 958 1864 1006 ut
1882 967 2038 1006 com-

385 1042 738 1116 probaretur
768 1043 945 1098 etiam
976 1044 1079 1099 Dei
1098 1044 1311 1098 veritas
1336 1043 1398 1098 in
1422 1043 1516 1097 his
1552 1058 1680 1113 qum
1713 1041 1824 1112 ipsi
1848 1040 2034 1096 Abra-

385 1132 524 1188 ham
556 1133 1285 1204 promisit,hominumque
1316 1130 1849 1187 mendacium.Sua
1879 1129 2038 1184 enim

387 1218 826 1288 incredulitate,
845 1219 908 1273 in
941 1221 1126 1274 Deum
1154 1219 1388 1274 mentiti
1421 1223 1579 1285 sunt,
1605 1217 1868 1272 colentes
1900 1215 2040 1270 deos

386 1324 454 1363 ac
511 1307 832 1363 daemones.
895 1308 1092 1363 Aliter.
1145 1308 1230 1363 Sit
1311 1307 1497 1371 vobis,
1584 1307 1802 1378 inquit,
1884 1311 2042 1360 Deus

390 1412 570 1452 verax
624 1402 953 1469 reputetur,
1013 1397 1414 1469 intelligatur,
1472 1396 1842 1466 concipiatur
1889 1393 2048 1465 quod

390 1485 544 1542 Deus
574 1503 748 1543 verax
779 1493 889 1556 est,
921 1492 980 1544 et
1018 1488 1213 1543 omnis
1259 1489 1437 1543 homo
1473 1486 1726 1542 mendax
1756 1502 1768 1539 :
1804 1483 1963 1556 quod
1996 1484 2046 1538 si

400 1577 483 1632 ita
560 1577 657 1643 sit,
717 1594 1059 1649 quanquam
1116 1576 1393 1632 nonnulli
1443 1576 1686 1631 fuerunt
1731 1573 2050 1640 increduli,

399 1666 796 1724 nihilominus
828 1685 959 1739 qua:
990 1670 1144 1724 Deus
1178 1668 1292 1740 ipsi
1323 1667 1621 1723 Abraham
1652 1666 1944 1738 promisit,
1979 1664 2054 1720 ad

397 1756 824 1828 perfectionem
884 1756 1180 1813 deducet:
1239 1757 1538 1829 quomodo
1570 1772 1708 1829 ergo
1753 1750 2059 1810 increduli

2223 770 2340 827 Οὐκ
2370 771 2584 845 ἐπειδὴ,
2622 775 2806 853 φησὶν,
2848 774 3150 845 ἠπείθησαν
3207 770 3489 841 Ἰουδαῖοι,
3522 769 3610 826 διά
3638 775 3816 826 τοῦτο

2153 856 2480 935 παρεϐλάϐη
2508 885 2561 918 τι
2593 866 2627 933 ἡ
2656 860 2833 938 διορεᾶ
2860 866 2957 918 τοῦ
2988 867 3142 930 Θεοῦ,
3190 862 3225 931 ἤ
3284 861 3603 932 ’ἠλαττώθη⁸
3663 858 3833 915 ἀλλὰ

2153 951 2331 1006 πάντα
2360 953 2581 1030 γέγονεν
2609 953 2704 1010 ’ίνα
2734 952 3035 1033 διελεγχθῇ
3065 953 3156 1008 καὶ
3180 958 3279 1010 τοῦ
3309 957 3443 1008 Θεοῦ
3486 952 3548 1006 τὸ
3579 950 3830 1022 ἀληθὲς,

2153 1038 2235 1094 ἐφ’
2295 1043 2382 1105 οἷς
2436 1041 2806 1119 ἐπηγγείλατο
2861 1048 2981 1105 τοῖς
3039 1042 3180 1122 ἀμφὶ
3241 1042 3332 1097 τὸν
3390 1037 3665 1114 ’Δϐραάμ,
3722 1041 3833 1096 xui

2151 1134 2260 1184 τῶν
2321 1131 2618 1202 ἀνθρώπων
2675 1133 2738 1188 τὸ
2815 1129 3062 1210 ψευδὲς.⁸
3103 1164 3174 1175 —
3255 1131 3821 1206 [OIKOI‘MENIOI‘J

2155 1218 2487 1292 Ἐψεύσαντο
2535 1221 2640 1297 γὰρ
2719 1221 2788 1297 τῇ
2841 1221 3068 1292 ἀπιστίᾳ
3124 1221 3215 1277 τὸν
3301 1221 3457 1287 Θεὸν,
3515 1224 3658 1283 θεοῖς
3712 1217 3835 1274 λα-

2150 1308 2466 1383 τρεύσαντες
2499 1312 2588 1366 xui
2641 1309 2912 1385 δαίμοσιν.
2964 1344 3035 1355 -—
3088 1309 3335 1374 ”Λλλως.
3392 1311 3601 1386 [ΦΩΤ]
3664 1308 3827 1365 Γινὲ-

2152 1402 2267 1455 σθω
2299 1399 2453 1475 ὑμῖν,
2489 1402 2677 1480 φησὶν,
2729 1403 2757 1457 6
2790 1401 2919 1463 Θεὸς
2978 1401 3217 1471 ἀληθὴς,
3277 1397 3602 1475 λογιζέσθω.

2158 1490 2655 1568 σθω,ιρρονείσθω,
2714 1492 2798 1547 ὅτι
2857 1492 2885 1545 6
2942 1491 3073 1553 Θεὸς
3132 1489 3373 1561 ἁληθῆς,
3423 1489 3512 1543 xui
3574 1488 3657 1542 ὅτι
3714 1493 3829 1544 πᾶς

2162 1578 2451 1653 ἄνθρωπος
2475 1580 2733 1654 ψεύστης.
2784 1581 2848 1636 Εἰ
2902 1581 2994 1635 οὗν
3027 1583 3211 1649 τοῦτο,
3244 1578 3291 1634 εἰ
3347 1579 3437 1633 καί
3469 1598 3609 1639 τινες
3662 1579 3830 1647 ἠπεί-

2164 1679 2358 1739 θησαν,
2414 1667 2567 1724 οὒδὲν
2620 1671 2784 1739 ἧττον
2872 1670 2900 1723 ὁ
2971 1667 3100 1731 Θεὸς
3178 1669 3211 1722 ἃ
3296 1664 3671 1741 ἐπηγγείλατο
3742 1670 3829 1737 τῷ

2167 1751 2419 1830 Ἀϐραὰμ
2459 1757 2537 1821 εἷς
2569 1757 2728 1820 τέλος
2777 1754 2905 1829 ἃξει.
2977 1760 3099 1819 “(ac
3152 1757 3274 1826 οὖν,
3323 1755 3482 1836 φησὶ,
3540 1756 3629 1810 καὶ
3688 1753 3824 1810 ἀπι-

3692 1398 3834 1454 νοεί-

401 1851 614 1902 suntet
641 1847 789 1919 legis
811 1852 1282 1920 transgressores
1302 1847 1330 1902 ?
1346 1848 1463 1913 Naa,
1498 1845 2056 1917 inquit,suasipsius

2171 1852 2352 1901 στοῦσι
2384 1847 2473 1902 xui
2497 1853 2869 1923 παρανομοῦσι
2908 1867 2922 1916 ;
2955 1846 3085 1916 Ναὶ,
3116 1847 3270 1924 φησί·
3322 1847 3419 1909 τὰς
3481 1847 3588 1921 γὰρ
3618 1845 3813 1906 οἰκείας

407 1935 837 2007 promissiones
869 1935 1240 2004 adducendo,
1274 1935 1416 1990 licet
1455 1935 1542 1989 illi
1586 1940 2058 2007 transgressores

396 2024 623 2080 fuerint
653 2030 712 2079 et
738 2025 1424 2097 peccatores,perﬁdiam
1438 2023 2059 2096 magisillorumcoar—

395 2113 522 2185 guit
551 2129 620 2168 ac
652 2113 1158 2187 ingratitudinem.
1185 2116 1401 2169 Verum
1425 2113 1736 2168 enimvero
1757 2111 2056 2168 excellen~

399 2202 482 2257 tia
511 2219 747 2274 quoque
772 2202 1181 2258 beneficentia:
1208 2218 1276 2259 ac
1292 2203 1555 2258 veritatis
1581 2202 1794 2257 divinas
1806 2201 2057 2273 justitiaa

402 2292 661 2363 amplius
690 2293 1108 2348 manifestatur
1138 2310 1205 2348 ac
1257 2293 1724 2358 demonstratur,
1758 2297 1817 2346 et
1847 2290 2056 2363 splen-

402 2379 544 2436 dida
581 2382 634 2437 ei
668 2382 897 2438 accedit
923 2399 991 2437 ex
1008 2383 1118 2439 hoc
1141 2381 1588 2451 victoria,veluti
1611 2382 1791 2437 etiam
1806 2385 2062 2437 testatur

402 2471 856 2542 David,dicens:
890 2473 1335 2546 Utjustificeris
1384 2473 1450 2527 in
1509 2471 1890 2527 sermonibus
1919 2471 2058 2549 tuis,

405 2566 465 2617 et
494 2562 695 2618 vincas
723 2578 859 2618 cum
878 2560 1229 2634 judicaris“.
1258 2562 1462 2633 Itaque
1489 2562 1539 2617 si
1570 2578 1642 2616 ex
1663 2559 2059 2633 promissione

405 2652 594 2707 oritur
619 2652 833 2707 veritas
856 2652 1292 2723 promissionis,
1326 2652 1479 2705 hanc
1505 2655 1704 2705 autem
1737 2648 1847 2703 sibi
1880 2647 2057 2702 tradi-

405 2746 527 2797 tam
560 2745 919 2812 acceperunt
946 2740 1131 2795 Judaei
1162 2756 1175 2793 :
1211 2740 1465 2794 multum
1498 2756 1604 2809 per
1633 2753 1875 2792 omnem
1931 2753 2060 2791 mo-

408 2831 549 2885 dum
584 2836 674 2885 est
700 2830 761 2883 τὸ
792 2829 1188 2901 περισσὸνώοο
1221 2834 1310 2884 est
1339 2827 1695 2884 excellentia
1725 2830 1783 2882 et
1813 2826 2059 2881 circum-

406 2919 550 2975 cisio
563 2919 917 2983 JudzeiJicet
933 2918 1173 2990 quidam
1194 2919 1459 2989 ipsorum
1486 2915 1711 2970 fuerint
1732 2920 2062 2986 transgres-

407 3025 595 3066 sores.
630 3009 785 3064 234
807 3006 1204 3078 Deinde,quid
1236 3022 1394 3078 ergo,
1421 3004 1637 3075 inquit,
1672 3004 1720 3059 si
1754 3018 1825 3057 ex
1852 3008 2059 3058 nostra

406 3100 490 3172 inj
500 3100 704 3156 ustitia
722 3101 840 3155 Deo
854 3099 1141 3154 accrescit
1163 3097 1544 3163 victoria,etc.
1557 3116 1582 3148 α
1599 3095 1759 3151 Sicut
1772 3094 2060 3166 scriptum

405 3195 560 3246 est.»
593 3188 847 3244 Adducit
874 3193 933 3243 et
960 3187 1140 3243 David
1163 3185 1423 3259 idipsum
1455 3185 1769 3242 dicentem.
1807 3186 2056 3257 Propter

404 3278 758 3348 hoc,inquit,
781 3278 960 3332 etiam
999 3275 1264 3350 indignis
1293 3279 1536 3349 praestat
1564 3276 1718 3331 Deus
1739 3273 2054 3341 beneficia,

406 3370 475 3420 ut
502 3364 740 3421 bonitas
771 3365 900 3436 ejus
933 3365 1308 3431 ostendatur,
1339 3369 1523 3435 utque
1552 3365 1749 3419 vincat
1798 3362 1897 3417 ubi
1930 3379 2065 3417 cum

409 3453 762 3509 hominibus
792 3455 854 3508 in
879 3453 1176 3525 judicium
1207 3453 1608 3525 congreditur.

480 3543 578 3611 III,
612 3546 665 3609 5,
698 3546 749 3598 6.
774 3544 836 3599 Si
864 3549 1045 3598 autem
1102 3544 1380 3613 injustitia
1436 3548 1631 3597 nostra
1664 3542 1770 3596 Dei
1787 3544 2069 3613 justitiam

411 3633 721 3701 constituit,
747 3632 884 3703 quid
947 3632 1183 3686 dicemus
1237 3633 1265 3685 ?
1316 3632 1456 3685 Num
1512 3631 1749 3701 injustas
1778 3631 1919 3685 Deus
1973 3631 2071 3701 qui

411 3722 627 3778 inducit
655 3724 800 3777 iram
827 3724 856 3777 ?
876 3723 1133 3777 Humano
1162 3737 1314 3775 more
1346 3721 1556 3791 loquor.
1589 3721 1748 3776 Absit
1772 3722 1794 3775 Ι

478 3901 746 3971 Objectio.
809 3899 989 3967 Deus,
1048 3898 1264 3971 inquit,
1324 3897 1481 3954 bona
1534 3898 1708 3954 nobis
1766 3899 2063 3971 praestitit,

407 4007 516 4046 nos
539 3994 735 4046 autem
771 3989 824 4044 ei
863 3989 1097 4043 mentiti
1126 4004 1332 4044 sumus
1368 4005 1381 4043 :
1415 3994 1738 4060 nostraque
1756 3989 2061 4060 spravitate

402 4084 567 4134 tanto
627 4079 815 4151 magis
860 4078 1202 4133 misericors
1253 4078 1547 4149 apparuit,
1602 4082 1823 4149 quanto
1883 4078 2061 4132 etiam

400 4168 663 4247 indignis
693 4168 851 4223 bona
878 4167 1195 4239 praestitit:
1230 4165 1304 4221 ob
1336 4167 1447 4221 hoc
1480 4183 1616 4240 ergo
1672 4167 1852 4222 etiam
1880 4168 2061 4224 vincit

400 4262 464 4317 in
490 4260 741 4335 judicio.
763 4263 875 4316 Nos
907 4260 1086 4333 igitur
1116 4260 1216 4330 qui
1252 4276 1389 4332 erga
1420 4277 1554 4315 eum
1583 4261 1795 4333 perﬁdi
1813 4260 2060 4328 fuimus,

400 4353 660 4409 victoriae
691 4351 1066 4408 occasionem
1094 4350 1413 4405 tribuimus
1441 4368 1453 4405 :
1488 4368 1670 4422 quare
1710 4368 1846 4424 ergo
1889 4353 2063 4424 punit

406 4456 517 4497 nos
540 4457 644 4512 per
673 4457 822 4512 quos
874 4440 1110 4494 vincere
1166 4437 1325 4491 visus
1368 4436 1511 4491 est?
1540 4438 1752 4493 Salutio
1794 4438 2056 4508 objectio-

407 4534 512 4587 nis.
547 4531 605 4586 Si
640 4534 703 4585 tu
736 4528 824 4584 illi
857 4545 1038 4584 causa
1067 4543 1129 4581 es
1168 4526 1425 4581 victorias
1458 4531 1515 4582 et
1544 4532 1745 4582 tamen
1775 4529 1949 4600 punit
1977 4533 2054 4594 te,

412 4620 635 4692 injuste
680 4620 833 4692 agit:
865 4617 1025 4690 quod
1047 4617 1094 4672 si
1127 4617 1385 4689 injustus
1440 4633 1562 4672 non
1613 4623 1702 4672 est
1753 4623 1812 4672 et
1866 4618 2059 4690 punit,
2094 4607 2139 4670 Ι)

415 4710 621 4779 utique
649 4716 710 4764 tu
740 4708 829 4764 illi
861 4725 982 4765 non
1012 4725 1075 4763 es
1106 4723 1284 4763 causa
1312 4706 1746 4772 victoria},nam
1769 4707 1885 4763 alio
1915 4726 2061 4779 quo-

415 4815 530 4871 que
561 4798 734 4854 modo
766 4799 819 4852 ei
851 4798 1101 4855 dabatur
1129 4798 1363 4853 vincere
1394 4811 1735 4868 quanquam
1755 4799 1819 4850 tu
1832 4812 1950 4851 non
1969 4814 2040 4869 ap

410 4888 712 4962 paruisses
742 4888 971 4943 malus:
1004 4903 1198 4958 neque
1228 4887 1388 4941 enim
1434 4887 1534 4957 qui
1567 4885 1762 4942 malus
1793 4903 1913 4941 non
1946 4892 2059 4955 est,

409 4979 694 5034 continuo
726 4977 903 5034 etiam
934 4978 1147 5046 dignus
1178 4981 1266 5030 est
1296 4976 1395 5047 qui
1422 4977 1522 5030 Dei
1554 4976 1866 5031 contrahat
1881 4993 2054 5031 amo-

406 5087 551 5125 rem.
591 5068 859 5140 Magnam
890 5072 1088 5121 autem
1122 5083 1192 5120 ex
1237 5066 1328 5120 his
1384 5069 1583 5121 movet
1631 5062 2063 5122 dubitationem

406 5166 585 5232 atque
630 5157 933 5230 sapienter
981 5154 1302 5211 admodum
1355 5170 1423 5210 ac
1479 5154 1808 5226 prudenter
1862 5155 2057 5212 diluit.

412 5249 687 5315 Quidam,
720 5246 936 5318 inquit,
971 5243 1178 5300 dicunt
1211 5260 1224 5298 :
1256 5244 1313 5299 Si
1368 5243 1517 5298 nulli
1549 5250 1914 5315 peccassent,
1963 5261 2075 5301 ne-

417 5355 717 5411 quaquam
749 5339 904 5394 Deus
927 5352 1106 5391 verax
1126 5334 1520 5407 apparuisset,
1542 5351 1920 5407 nequaquam
1971 5337 2074 5409 ju-

428 5434 960 5499 stus,nequaquam
990 5425 1246 5481 vicisset.
1280 5423 1501 5490 Quibus
1532 5440 1641 5480 nos
1671 5424 1939 5481 dicamus
1965 5442 1978 5480 :
2011 5426 2069 5482 Si

425 5520 486 5569 tu
515 5515 627 5587 ipsi
677 5532 856 5573 causa
886 5532 950 5572 es
978 5516 1239 5573 victorias
1288 5519 1346 5570 et
1374 5512 1640 5570 veritatis
1678 5530 1746 5570 ac
1793 5514 2065 5587 justitiaa,

480 5694 502 5730 ⁹
530 5691 684 5749 Psal.
717 5708 773 5747 ι..
806 5694 861 5749 6.

2165 1935 2494 2014 ἐπαγγελίας
2543 1936 2705 1993 αὐτοῦ
2754 1937 2993 2012 ἐπάγων,
3052 1936 3268 1992 ἐκείνων
3313 1930 3803 2010 παραϐεϐηκότων,

2163 2025 2253 2081 καὶ
2328 2027 2391 2081 τὸ
2470 2024 2683 2082 ἐκείνων
2740 2024 2991 2103 ἄγνωμον
3066 2024 3158 2080 xui
3237 2025 3535 2104 ἀχάριστον
3601 2021 3810 2097 μᾶλλον

2166 2115 2473 2190 ἐλέγχεται.
2534 2115 2611 2173 Οὐ
2666 2117 2772 2189 μὴν
2844 2113 2990 2170 ἀλλὰ
3048 2115 3137 2169 xui
3192 2115 3255 2170 τὸ
3317 2108 3661 2183 ὑπερϐάλλον
3721 2119 3825 2182 τῆς

2170 2202 2477 2279 εὐεργεσίας
2505 2202 2595 2258 xui
2657 2202 2915 2274 ἀληθείας
2966 2206 3062 2258 τοῦ
3120 2207 3254 2257 Θεοῦ
3314 2199 3690 2272 δικαιοσύνης,
3736 2199 3828 2255 ἐπὶ

2170 2289 2337 2347 πλέον
2420 2293 2831 2368 ἀπογδμνοῦται
2918 2291 3008 2346 καὶ
3095 2288 3477 2358 ἐπιδείκνυται,
3536 2290 3627 2345 xui
3699 2288 3831 2359 νίκη

2170 2380 2318 2453 αὖτῷ
2374 2380 2603 2456 λαμπρὰ
2659 2380 2719 2436 ἐκ
2772 2382 2968 2436 τούτου
3035 2380 3385 2457 περιγίνεται,
3465 2378 3540 2441 ὡς
3622 2379 3718 2433 xui
3802 2378 3834 2432 ὁ

2171 2469 2337 2526 Δαυ³ιδ
2374 2477 2635 2547 μαρτυρεῖ
2666 2470 2866 2549 λέγων,
2900 2494 2930 2522 ι(
2956 2472 3147 2532 "Cum:
3182 2469 3243 2524 ἄν
3293 2467 3590 2542 δικαιωθῇς
3621 2467 3674 2524 ἐν
3705 2473 3831 2530 τοῖς

2170 2559 2369 2635 λόγοις
2403 2582 2519 2629 σου,
2551 2560 2641 2615 καὶ
2671 2562 2903 2635 νικήσῃς
2935 2560 2989 2615 ἐν
3018 2565 3099 2631 τῷ
3145 2559 3423 2634 κρίνεσθαί
3454 2578 3532 2616 σε.
3595 2581 3624 2609 ››
3665 2563 3835 2613 Ὥστε

2170 2651 2216 2704 εί
2274 2649 2334 2705 ἐκ
2390 2658 2492 2720 τῆς
2546 2649 2877 2728 ἐπαγγελίας
2925 2651 2988 2705 τὸ
3047 2650 3216 2726 πέρας
3282 2646 3636 2723 ἐπαγγελίας,
3691 2648 3832 2703 ταῦ-

2163 2760 2264 2810 την
2295 2737 2352 2794 δὲ
2385 2739 2882 2809 κατεπιστεύθησαν
2911 2741 2964 2795 oi
2997 2738 3275 2811 Ἰουδαῖοι,
3308 2737 3452 2794 πολὺ
3482 2738 3619 2794 κατά
3646 2740 3829 2793 πάντα

2164 2830 2227 2883 τὸ
2248 2824 2450 2903 τρόπον
2482 2830 2734 2905 περισσὸν
2768 2834 2866 2884 τοῦ
2925 2827 3210 2900 Ἰουδαίου,
3256 2828 3304 2885 εἲ
3345 2829 3436 2884 καί
3464 2849 3606 2891 τινες
3637 2828 3816 2883 αὐτῶν

2165 2919 2419 2993 γεγόνασι
2468 2913 2797 2993 παραϐάται.
2853 2918 3010 2987 Εἶτα,
3041 2920 3109 2976 Τί
3171 2918 3285 2988 οῦν,
3318 2918 3505 2995 φησὶν,
3538 2917 3587 2972 εἰ
3617 2917 3674 2972 ἐκ
3714 2915 3810 2980 τῆς

2166 3005 2381 3069 ἀδικίας
2456 3009 2618 3078 ἡμῶν
2686 3008 2810 3077 νίκη
2866 3008 3072 3083 γίνεται
3129 3012 3208 3080 τῷ
3269 3012 3443 3079 Otii);
3501 3006 3596 3061 καὶ
3665 3005 3812 3075 ἑξῆς.

2166 3122 2193 3148 ιι
2233 3097 2422 3161 Καθὼς
2455 3093 2779 3172 γέγραπται.
2827 3119 2851 3150 ι
2883 3096 3120 3173 Παράγει
3152 3097 3240 3153 καὶ
3270 3096 3361 3151 τὸν
3383 3094 3547 3152 Δαυῖδ
3598 3097 3661 3151 τὸ
3692 3093 3825 3150 αὐτὸ

2170 3182 2422 3263 λέγοντα.
2456 3188 2580 3245 Ὅτι
2623 3182 2711 3240 διὰ
2765 3190 2950 3259 τοῦτο,
3008 3186 3165 3266 φησὶ,
3224 3185 3314 3241 καὶ
3371 3184 3618 3256 ἀναξίους
3668 3183 3831 3259 εὐερ-

2173 3282 2320 3353 γετεῖ
2350 3278 2377 3331 6
2409 3276 2560 3347 Θεὸς,
2591 3276 2676 3331 ἳνα
2725 3273 2918 3351 δειχθῇ
2979 3274 3142 3330 αὐτοῦ
3197 3275 3260 3330 τὸ
3319 3273 3540 3350 ἀγαθὸν,
3589 3274 3681 3328 xui
3737 3271 3837 3330 ’ἕνα

2175 3368 2390 3440 νικήσῃ,
2422 3367 2497 3429 εἷς
2529 3365 2703 3441 κρίσιν
2732 3370 2849 3428 τοῖς
2880 3364 3190 3441 ἀνθρώποις
3235 3365 3525 3425 καταστάς.

2246 3550 2311 3606 Ei
2365 3547 2422 3604 δὲ
2479 3550 2513 3617 ἡ
2576 3545 2760 3603 ἀδικία
2815 3549 2977 3620 ἡμῶν
3064 3550 3199 3601 Θεοῦ
3287 3542 3624 3613 δικαιοσύνην
3686 3564 3829 3596 συν-

2843 3639 2920 3711 μὴ
2970 3633 3156 3698 ἄδικος
3216 3638 3244 3690 6
3303 3635 3431 3697 Θεὸς
3476 3634 3502 3688 ὁ
3547 3631 3833 3711 ἐπιφέρων

2879 3726 3156 3802 ἄνθρωπον
3238 3726 3475 3802 λέγω.)
3562 3726 3657 3794 Μὴ
3742 3723 3827 3800 γέ-

2177 3640 2376 3710 ίστησι,
2407 3640 2459 3693 τί
2509 3637 2737 3714 ἐροῦμεν
2765 3657 2779 3708 ;

2170 3732 2268 3801 τὴν
2352 3730 2524 3806 ὀργήν
2581 3749 2595 3801 ;
2659 3732 2796 3806 (κατ’

2171 3841 2341 3875 νοιτο.

2243 3911 2554 3974 Ἀντίθεσις.
2613 3909 2674 3967 Ὁ
2727 3909 2881 3978 Θεὸς,
2966 3907 3149 3985 φησὶν,
3212 3904 3598 3981 εὐηργέτησεν,
3648 3905 3807 3975 ἡμεῖς

2171 3998 2229 4056 δὲ
2255 4001 2418 4056 αὐτὸν
2450 4000 2811 4074 ἐψευσάμεθα.
2859 3997 2960 4056 Καὶ
3023 3995 3111 4051 διὰ
3157 3997 3255 4065 τὴν
3298 3994 3573 4073 ἡμετέραν
3624 3992 3802 4048 κακίαν

2170 4090 2324 4167 ὤφθη
2363 4086 2576 4164 μᾶλλον
2611 4087 2892 4161 ἐλεήμων,
2926 4088 3038 4160 ὅσῳ
3092 4086 3182 4142 καὶ
3240 4084 3486 4156 ἀναξίους
3520 4085 3809 4159 εὐεργετεῖ.

2170 4179 2265 4234 Διὰ
2299 4183 2459 4234 τοῦτο
2488 4181 2775 4255 τοιγαροῦν
2807 4177 2897 4231 xui
2959 4180 3082 4248 νικᾷ
3139 4174 3192 4230 ἐν
3250 4179 3318 4249 τῇ
3376 4175 3572 4250 κρίσει.
3630 4175 3824 4246 Ἡμεῖς

2169 4268 2262 4323 οὗν
2295 4267 2442 4340 αὐτῷ
2485 4264 2988 4341 ἆγνωμονήσαντες,
3036 4266 3135 4335 τὴν
3191 4265 3462 4342 πρόφασιν
3515 4270 3615 4332 τῆς
3670 4261 3828 4332 νίκη(

2170 4358 2542 4432 παρέσχομεν,
2577 4354 2725 4409 Διατί
2758 4355 2847 4409 οὗν
2878 4352 3099 4423 κολάζει
3158 4355 3331 4427 ἡμᾶς,
3381 4350 3449 4407 δι’
3509 4351 3601 4413 οὕς
3657 4350 3823 4427 ὤφθη

2168 4449 2330 4499 νικῶν
2366 4464 2379 4514 ;
2413 4442 2598 4506 Λύσις.
2630 4443 2691 4498 Ei
2724 4442 2894 4505 αἴτιος
2927 4442 3075 4516 αὐτῷ
3102 4443 3162 4497 σὺ
3214 4449 3317 4512 τῆς
3370 4441 3548 4511 νίκης,
3593 4437 3824 4509 κολάζει

2169 4530 2226 4588 δὲ
2260 4554 2337 4604 σε,
2370 4530 2565 4587 ἀδικεῖ.
2594 4531 2658 4589 Ei
2690 4529 2747 4586 δὲ
2787 4529 2978 4593 ἄδικος
3010 4531 3112 4586 οὐκ
3162 4527 3296 4599 ἔστι,
3336 4527 3559 4598 κολάζει
3609 4525 3688 4597 δὲ,
3721 4526 3829 4601 ἄρα

2172 4623 2236 4680 οὗ
2268 4624 2330 4677 σὺ
2362 4621 2508 4691 αὖτῷ
2553 4628 2652 4690 τῆς
2705 4619 2861 4690 νίκης
2903 4618 3098 4682 αἴτιος.
3154 4621 3312 4688 Ἐνῆς
3368 4619 3471 4694 γὰρ
3526 4617 3675 4689 αὖτῷ
3734 4615 3826 4671 καὶ

2173 4711 2361 4774 ἄλλως
2389 4716 2560 4782 νικᾷν,
2593 4711 2689 4765 κᾶν
2723 4708 2786 4763 σὺ
2813 4711 2888 4783 μὴ
2922 4707 3110 4786 ὤφθης
3149 4708 3333 4769 κακός.
3366 4707 3442 4765 Οὐ
3501 4707 3603 4782 γὰρ
3655 4705 3684 4759 ὁ
3743 4704 3822 4776 μὴ

2172 4802 2357 4868 κακὸς,
2417 4798 2525 4870 ἢδη
2584 4798 2674 4854 καὶ
2732 4794 2879 4868 ἄξιος
2937 4797 3154 4873 ἀγάπην
3213 4799 3346 4852 Θεοῦ
3403 4795 3825 4857 ἐπισπάσασθαι.

2176 4889 2433 4966 Ἀπορίαν
2469 4887 2526 4943 δὲ
2577 4886 2667 4943 διὰ
2720 4887 2926 4942 τούτων
2965 4885 3206 4962 μεγάλην
3256 4885 3516 4953 ἀνακινεῖ,
3547 4883 3639 4938 xui
3699 4882 3828 4938 ἐπι-

2180 4978 2362 5033 λύεται
2395 4977 2518 5033 λίαν
2569 4979 2751 5053 σοφῶς
2802 4974 2892 5029 xui
2951 4974 3261 5052 ἐμφρόνως.
3321 4973 3382 5031 Εί
3418 4974 3494 5047 μή
3551 4968 3827 5043 ἥμαρτον,

2176 5068 2359 5146 φησὶν,
2388 5066 2571 5141 ἐροῦσί
2598 5085 2761 5128 τινες,
2822 5064 2921 5119 οὐκ
2975 5064 3034 5118 ἄν
3088 5063 3115 5118 6
3174 5068 3304 5125 Θεὸς
3362 5060 3530 5130 ἐφάνη
3581 5059 3825 5132 ἀληθὴς,

2175 5158 2276 5212 οὐκ
2303 5156 2363 5211 ἂν
2390 5154 2619 5220 δίκαιος,
2670 5155 2774 5208 οὐκ
2821 5151 2881 5208 ex.
2941 5151 3176 5220 ἐνίκησε.
3211 5153 3355 5227 Πρὸς
3408 5152 3499 5214 οῦς
3549 5150 3824 5226 λέγωμεν·

2174 5245 2241 5301 Ei
2290 5247 2350 5299 σὺ
2407 5251 2507 5314 τῆς
2557 5243 2708 5313 νίκης
2767 5242 2918 5314 αὐτῷ
2973 5242 3062 5296 καὶ
3131 5248 3229 5310 τῆς
3257 5240 3519 5310 ἀληθείας
3575 5241 3669 5296 καὶ
3727 5241 3829 5309 τῆς

2176 5332 2526 5404 δικαιοσύνης
2586 5329 2781 5401 α’ίτιος,
2840 5334 2957 5393 πῶς
3017 5351 3073 5384 σε
3119 5330 3341 5400 κολάζει
3403 5330 3825 5402 ἁμαρτάνοντα;

2174 5428 2292 5485 πῶς
2341 5443 2397 5477 σε
2452 5424 2827 5496 τιμωρεῖται;
2878 5419 2966 5487 Μὴ
3026 5415 3209 5473 ἄδικον
3271 5419 3432 5474 αὐτὸν
3488 5418 3676 5493 ἐρεῖςς
3731 5418 3823 5474 καὶ

2174 5512 2335 5575 ποίας
2394 5508 2743 5578 δικαιοσύνης
2814 5506 2978 5563 αὐτοῦ
3057 5508 3247 5563 σαυτὸν
3331 5505 3513 5585 ἔλεγες
3594 5505 3769 5563 αἴτιον
