4126 6256
224 378 347 443 313

256 522 431 580 τοῖ’)το
457 520 575 601 γᾶρ
645 531 839 604 οἶμαι
940 535 1179 609 δηλοῦν
1252 539 1435 611 αὐτὸν,

290 614 512 674 α’ῗιπελ
542 622 673 681 πῶς
702 631 907 694 κρινεῖ
942 627 974 680 6
1033 629 1173 692 Θεὸς
1226 630 1311 683 τὸν
1344 628 1587 702 κόσμον;
1624 652 1650 678 ι)
1684 630 1828 684 ’Δντὶ
1887 634 2005 699 τοῦ,

311 708 627 773 “Inc-1616‘:
693 708 928 768 δίκαιον
983 714 1178 794 ἔλεγες
1231 718 1315 772 καὶ
1373 720 1563 792 κριτήι
1596 737 1609 785 ;
1644 722 1719 772 Δι’
1776 720 1849 773 ὧν
1906 720 2005 795 γὰρ

350 802 531 861 σαυτὸν
558 800 730 857 α’ἷτιον
763 798 970 879 ἔλεγες
1033 813 1138 875 τῆς
1195 803 1533 876 δικαιοσύνης
1591 808 1776 877 αὐτοῦ,
1817 810 2009 882 κριτὴν

363 893 424 950 ἄν
474 892 766 967 ὡμολόγεις
830 894 932 949 καὶ
1000 892 1225 953 δίκαιον.
1285 896 1607 967 Δικαιοσύνη
1665 898 1789 971 γάρ,
1847 896 2005 960 τέλος

368 984 610 1060 κρίσεως·
652 982 694 1037 εἰ
747 982 840 1037 οὖν
930 983 1119 1057 ἐπάγει
1179 985 1340 1060 ὀργήν
1416 991 1531 1048 τοῖς
1616 987 2005 1061 ἁμαρτάνουσι,

362 1080 490 1137 πῶς
538 1073 695 1127 αἴτιοι
750 1080 852 1143 τῆς
917 1071 1268 1145 δικαιοσύνης
1329 1076 1537 1149 αὐτοῦ;
1592 1078 1737 1134 ἀλλὰ
1796 1078 2004 1133 δίκαιον

354 1162 526 1239 ἐρεῖς,
558 1163 764 1240 φησίν;
817 1162 983 1221 Ἀλλ’
1023 1165 1122 1219 οὐκ
1178 1163 1323 1239 ἔχεις
1378 1168 1569 1224 εἰπεῖν.
1629 1168 1842 1223 Δίκαιον
1900 1168 2006 1243 γὰρ

352 1252 430 1309 δι’
474 1256 549 1308 ὧν
600 1255 828 1328 ἠπόρεις
881 1254 1338 1331 ἀνωμολόγησας.
1395 1260 1556 1313 Ὥστε
1609 1259 1707 1314 οὐκ
1764 1260 1896 1313 εἰσὶν
1954 1260 2007 1312 οἱ

344 1345 757 1417 ἁμαρτάνοντες
790 1344 915 1399 οὔτε
942 1344 1118 1415 νίκης,
1177 1346 1299 1401 οὒτε
1351 1353 1453 1415 τῆς
1518 1346 1828 1418 Ἀληθείας,
1887 1346 2009 1403 οὕτε

340 1440 452 1503 τῆς
484 1431 835 1499 δικαιοσύνης
878 1433 1063 1488 αἴτιοι.
1097 1434 1231 1490 Εἶτα
1262 1437 1489 1510 προάγει
1539 1437 1629 1491 καὶ
1688 1437 1883 1512 ἑτέρως
1944 1437 2008 1491 τὸ

339 1522 719 1598 ἰπιχείρημα.
790 1524 854 1579 Εἰ
894 1522 980 1577 διὰ
1028 1528 1124 1578 τοῦ
1183 1524 1319 1597 ἐμοῦ
1368 1523 1617 1599 ψεύδους,
1669 1527 1742 1588 ὡς
1800 1524 2003 1601 λέγεις,

339 1611 632 1682 δοξάζεται
704 1613 732 1665 6
782 1612 909 1673 Θεὸς
962 1612 1198 1683 ἀληθὴς,
1268 1614 1329 1669 οὐ
1415 1615 1803 1689 κατακρίσεως,
1864 1613 2009 1669 ἀλλὰ

336 1705 515 1772 τιμῆς
553 1697 856 1753 ἀπολαύειν
890 1699 1101 1773 μᾶλλον
1134 1700 1394 1777 ὤφειλον.
1428 1704 1531 1760 Καὶ
1581 1703 1749 1759 πλέον
1809 1701 2005 1777 ψεύδε-

336 1793 465 1846 σθαι
496 1790 595 1843 καὶ
628 1791 959 1862 ἁμαρτάνειν
1020 1784 1127 1844 ἔδει
1190 1813 1276 1864 με,
1315 1790 1407 1846 ἵνα
1463 1790 1628 1847 πλέον
1662 1791 1948 1863 δοξάζηται
1977 1794 2004 1848 6

335 1880 493 1951 Θεὸς,
527 1878 627 1933 καὶ
659 1877 835 1933 πλέον
867 1878 1148 1948 ἀπήλαυον
1182 1880 1287 1956 ἐγὼ
1318 1887 1424 1936 τῶν
1457 1882 1690 1955 ἀγαθῶν.

1443 405 1861 468 COMMENT.
1910 407 1981 466 IN
2032 407 2279 469 EPlST.
2330 412 2432 470 AD
2481 411 2670 471 ROM.

1517 536 1607 594 διὰ
1659 544 1756 595 τοῦ
1813 541 2000 596 εἰπεῖν·

2123 545 2419 615 quomodo
2453 550 2506 600 te
2539 546 2709 617 punit
2736 548 3081 617 peccantem
3103 544 3129 598 ?
3160 544 3455 615 quomodo
3490 549 3542 599 te
3574 544 3764 617 pomis

3647 412 3768 469 374

2120 633 2394 689 addicit?
2424 652 2565 689 num
2598 635 2769 689 illum
2800 634 2962 689 dices
2994 634 3282 705 injustum
3304 634 3331 687 ?
3360 635 3429 688 Et
3470 635 3641 706 cujus
3665 635 3765 706 ju-

2120 724 2295 777 stitiaa
2327 724 2513 794 ipsius
2544 731 2599 777 te
2623 741 2861 778 causam
2893 722 3076 777 fuisse
3121 723 3356 777 dicebas
3377 723 3404 777 ?
3461 725 3603 777 Nam
3656 724 3764 778 hoc

2118 813 2462 882 Apostolum
2484 813 2819 884 signiﬁcare
2849 812 3081 883 opinor,
3101 829 3238 866 cum
3259 812 3341 867 ait
3368 829 3381 865 :
3415 835 3439 861 ‹‹
3466 814 3610 866 Nam
3626 829 3765 883 quo-

2124 900 2297 955 modo
2321 902 2618 972 judicabit
2647 904 2800 957 Deus
2831 902 3120 956 mundum
3144 902 3169 955 ?
3194 903 3304 956 hoc
3327 906 3434 970 est,
3469 902 3765 972 quomodo

2121 1006 2257 1045 eum
2290 992 2581 1062 injustum
2613 991 2841 1047 diceres
2873 996 2930 1045 et
2951 991 3217 1061 judicem
3249 991 3275 1045 ?
3304 991 3416 1045 hoc
3446 991 3573 1062 ipso
3606 991 3765 1047 enim

2121 1079 2280 1151 quod
2314 1082 2567 1152 teipsum
2590 1097 2831 1136 causam
2863 1080 3093 1135 diceres
3116 1080 3367 1150 justitiai
3393 1080 3767 1151 ipsius,judi-

2120 1186 2246 1224 cem
2279 1170 2553 1225 fatereris
2575 1188 2642 1225 ac
2668 1172 2940 1241 justum:
3001 1185 3139 1223 nam
3189 1169 3426 1239 justitia
3483 1170 3619 1224 ﬁnis
3678 1175 3768 1224 est

2112 1258 2322 1330 judicii
2346 1275 2358 1314 :
2385 1260 2541 1330 quod
2564 1260 2774 1314 siiram
2791 1259 3090 1313 inducitin
3113 1264 3447 1329 peccantes,
3468 1259 3765 1328 quomodo

2121 1348 2209 1402 illi
2240 1366 2419 1403 causa
2451 1355 2589 1403 sunt
2610 1349 2861 1419 justitiaa
2890 1348 3121 1417 ipsius?
3150 1352 3237 1402 An
3269 1364 3404 1419 ergo
3429 1349 3661 1419 justum
3684 1348 3769 1402 di-

2120 1455 2239 1503 ces,
2274 1439 2517 1509 inquit?
2550 1440 2763 1493 Verum
2795 1439 2854 1492 id
2885 1455 3004 1492 non
3035 1442 3201 1508 potes
3225 1437 3421 1492 dicere
3449 1455 3461 1490 ;
3495 1454 3633 1492 nam
3660 1453 3767 1509 per

2121 1544 2189 1582 ea
2217 1528 2277 1581 in
2309 1527 2524 1597 quibus
2555 1527 2844 1589 haerebas,
2870 1528 3104 1598 justum
3144 1542 3273 1581 esse
3324 1526 3629 1581 confessus
3678 1544 3763 1589 es,

2120 1619 2243 1671 Non
2277 1623 2415 1671 sunt
2446 1616 2643 1689 itaque
2676 1622 3015 1687 peccatores
3045 1616 3303 1670 victoria)
3362 1621 3463 1670 aut
3508 1616 3769 1670 veritatis

2118 1707 2492 1777 autjustitiaa
2527 1723 2722 1762 causa.
2760 1706 2981 1761 Deinde
3014 1706 3288 1777 producit
3315 1710 3373 1760 et
3428 1706 3543 1760 alio
3589 1705 3765 1760 modo

2118 1800 2554 1867 argumentum.
2582 1796 2637 1849 Si
2662 1811 2768 1866 per
2791 1812 2987 1849 meum
3010 1793 3410 1859 mendacium,
3445 1800 3509 1849 ut
3526 1794 3769 1866 ais,glo-

2038 1865 2083 1927 Β
2115 1885 2381 1939 riticatur
2400 1901 2572 1939 verax
2589 1884 2892 1951 Deus,non
2914 1884 3497 1954 condemnationem,
3515 1884 3617 1938 sed
3639 1884 3763 1956 glo-

334 1972 492 2026 riam
524 1970 807 2041 accipere
839 1970 1182 2041 debueram,
1216 1973 1363 2029 235
1396 1978 1454 2027 et
1479 1991 1573 2029 me
1605 1974 1860 2046 amplius
1888 1974 2127 2029 mentiri
2156 1991 2223 2029 ac
2249 1991 2493 2045 peccare
2528 1974 2809 2045 oportuit,
2862 1990 2979 2045 quo
3027 1973 3283 2045 amplius
3336 1973 3767 2045 gloriﬁcaretur

339 2063 517 2126 Deus,
567 2064 627 2115 et
657 2077 765 2131 ego
795 2060 965 2115 bonis
996 2061 1248 2132 amplius
1272 2061 1521 2118 fruerer.

416 2147 593 2205 Ἀ).λᾶ
688 2150 797 2219 μὴν
854 2144 1033 2209 οὐδεὶς
1107 2147 1168 2203 ἄν
1221 2153 1383 2204 τοῦτο
1451 2147 1750 2222 τολμήσειε
1808 2150 2006 2226 λέγειν’

363 2235 527 2305 ἰῆλον
557 2239 664 2311 γάρ
701 2236 764 2291 τὸ
802 2235 1029 2294 ἄτοπον.
1064 2237 1156 2292 Διὸ
1203 2239 1292 2292 καὶ
1349 2237 1402 2293 εἷ’
1453 2260 1594 2303 τινες
1641 2239 1857 2315 λέγουσι
1889 2239 2012 2313 περὶ

367 2329 547 2398 ἡμῶν,
602 2329 689 2381 ὅτι
751 2331 1061 2403 φρονοῦμεν
1120 2328 1193 2388 ὡς
1249 2328 1299 2382 ἐν
1357 2332 1426 2402 τῇ
1479 2330 1665 2403 πράξει
1692 2333 1800 2383 τῶν
1833 2334 2011 2383 κακῶν

363 2414 575 2495 ἔρχετιε
602 2419 747 2488 ἡμῖν
779 2416 848 2470 τά
901 2417 1096 2490 ἀγαθὰ,
1131 2417 1497 2489 ἀπαραίτητον
1556 2423 1731 2493 κρῖμα
1779 2415 2009 2488 ἕξουσιν,

350 2509 430 2560 ὅτι
505 2507 583 2565 εἰς
640 2504 991 2575 τηλικαύτην
1046 2506 1399 2584 συκοφαντίαν
1470 2509 1617 2579 ἡμᾶς
1674 2504 2010 2581 διασύρουσι.

347 2597 452 2653 Καὶ
507 2595 606 2669 δρα
670 2594 890 2674 σοφίαν.
949 2595 1193 2664 Αὐξῆσαι
1253 2598 1355 2673 γὰρ
1416 2596 1585 2651 θέλων
1642 2597 1705 2651 τὸ
1783 2594 2009 2669 ἄτοπον,

346 2684 467 2740 ούξὲ
510 2688 641 2745 τοὺς
702 2686 1042 2758 ἀποροῦντας
1114 2688 1279 2740 ταῦτα
1361 2690 1521 2740 τοῦτο
1569 2683 1827 2760 λέγοντας
1899 2687 2009 2742 εἰσ-

351 2780 480 2847 άγει,
526 2774 660 2829 ἀλλ’
694 2774 910 2847 ἑτέρους
942 2774 1109 2842 τινάς,
1141 2774 1231 2828 καὶ
1266 2772 1621 2851 βλασφημίαν
1669 2775 1799 2831 αὐτὸ
1831 2774 2004 2831 καλεῖο

334 2870 525 2928 Καθὼς
557 2867 693 2942 γάρ,
727 2866 886 2941 φησὶ,
926 2865 1422 2942 βλασφημούμεθα.
1459 2868 1519 2921 Εἰ
1553 2868 1645 2921 οὗν
1672 2868 1725 2921 οἱ
1766 2867 2007 2943 λέγοντες

319 2964 491 3015 τοῦτο
553 2958 682 3010 καθ’
736 2958 901 3026 ἡμῶν
977 2955 1345 3029 ἀπαραίτητον
1430 2953 1604 3027 ἕξουσι
1661 2959 1760 3026 τὴν
1826 2957 2009 3030 δίκην»

321 3046 539 3118 πολλῷ
576 3044 804 3118 μᾶλλον
865 3043 963 3098 οὐκ
1020 3041 1078 3099 ἄν
1111 3046 1492 3119 τολμήσαιμεν
1553 3050 1717 3120 ἡμεῖς
1773 3044 1885 3102 οὐδ’
1926 3050 2001 3110 εἰς

326 3142 459 3191 νοῦν
502 3132 931 3209 παραδέξασθαι,
990 3135 1075 3189 ’ὁτι
1131 3133 1184 3189 ἐν
1260 3139 1328 3208 τῇ
1410 3136 1597 3210 πράξει
1656 3140 1761 3192 τῶν
1822 3137 2000 3191 κακῶν

2196 2153 2372 2223 Atqui
2404 2152 2464 2206 id
2494 2170 2670 2208 nemo
2710 2153 2906 2209 dicere
2938 2152 3181 2208 audebit
3213 2170 3225 2207 :
3258 2152 3570 2208 manifeste
3604 2152 3766 2208 enim

2125 2242 2447 2297 absurdum
2481 2248 2589 2297 est.
2628 2243 2760 2297 Ideo
2792 2242 2931 2298 licet
2960 2242 3203 2312 quidam
3233 2242 3305 2296 de
3346 2242 3518 2297 nobis
3549 2242 3767 2308 dicant,

2126 2331 2283 2401 quod
2315 2332 2606 2387 sentimus
2627 2348 2733 2402 per
2763 2332 3059 2386 actionem
3089 2331 3383 2386 malorum
3398 2337 3643 2385 ventura
3663 2348 3769 2385 no-

2125 2419 2215 2473 bis
2249 2436 2377 2474 esse
2406 2420 2585 2485 bona,
2620 2419 2956 2475 inevitabile
2979 2419 3614 2490 habebuntjudicium,
3635 2420 3775 2490 quia

2124 2508 2197 2563 ad
2230 2514 2453 2563 tantam
2486 2525 2595 2562 nos
2625 2507 2981 2578 pertrahunt
3010 2507 3480 2577 sycophantiam.
3531 2510 3599 2561 Et
3640 2508 3769 2564 vide

2122 2597 2355 2652 consilii
2388 2597 2763 2668 prudentiam
2790 2614 2802 2650 :
2828 2613 2965 2651 nam
2989 2596 3075 2650 rei
3105 2595 3535 2651 absurditatem
3554 2613 3767 2666 augere

2121 2689 2345 2756 volens,
2378 2706 2497 2743 non
2535 2689 2695 2759 ipsos
2726 2688 2827 2759 qui
2856 2688 3203 2743 btesitarent
3230 2687 3461 2742 inducit
3491 2688 3616 2742 huic
3674 2687 3761 2742 di-

2121 2785 2345 2845 centes,
2379 2778 2480 2833 sed
2513 2778 2662 2833 alios
2693 2778 3005 2848 quosdam,
3036 2782 3096 2831 et
3148 2775 3578 2848 blasphemiam
3614 2776 3763 2832 illud

2118 2869 2398 2939 appellat.
2447 2868 2626 2934 Sicut,
2687 2867 2905 2937 inquit,
2952 2865 3343 2936 blasphemiis
3382 2867 3644 2937 jactatur
3690 2867 3762 2922 de

2118 2958 2309 3013 nobis.
2340 2957 2505 3022 Quod
2536 2957 2585 3011 si
2617 2956 2883 3011 dicentes
2930 2956 3040 3009 hoc
3098 2955 3170 3010 de
3227 2955 3399 3010 nobis
3459 2955 3762 3012 habebunt

2113 3046 2456 3102 inevitabile
2478 3046 2775 3117 judicium
2802 3062 2814 3099 :
2846 3061 3042 3115 neque
3073 3061 3183 3098 nos
3214 3044 3568 3099 auderemus
3600 3061 3675 3099 ne
3696 3046 3760 3100 in

2112 3142 2372 3193 mentem
2407 3135 2645 3205 quidem
2677 3134 2998 3204 suscipere,
3032 3133 3188 3204 quod
3205 3150 3311 3204 per
3340 3132 3631 3187 malorum
3666 3148 3760 3189 ac-

346 3224 701 3296 παραγίνεται
720 3225 789 3278 τά
829 3223 1026 3297 ἀγαθά.
1063 3224 1124 3278 Εἰ
1182 3220 1238 3278 δὲ
1300 3225 1374 3295 μή
1406 3228 1590 3289 τοῦτο,
1623 3222 1736 3279 οὐδ’
1768 3224 1850 3279 ὅτι
1907 3222 1995 3279 ἐπὶ

2114 3227 2332 3281 tionem
2365 3223 2682 3279 adveniant
2711 3222 2915 3277 bona:
2969 3220 3129 3291 quod
3179 3221 3225 3275 si
3271 3237 3393 3275 non
3445 3220 3756 3289 audemus,

360 3311 535 3366 πλέον
570 3314 874 3385 ἁμαρτάνειν
905 3310 1011 3379 δεῖ,
1039 3310 1133 3367 ’ίνα
1162 3311 1352 3367 πλεῖον
1407 3310 1636 3385 δοξασθῇ
1669 3314 1696 3367 6
1754 3314 1906 3376 Θεός.
1938 3315 2002 3371 Εἰ

369 3397 433 3453 δὲ
470 3394 612 3470 μηδὲ
642 3403 801 3467 τοῦτο,
835 3397 1011 3467 δῆλον
1046 3400 1120 3460 ὡς
1153 3396 1281 3453 οὐδὲ
1307 3401 1369 3454 τὸ
1408 3398 1611 3473 λέγειν,
1644 3399 1725 3454 ὃτι
1786 3399 1883 3454 Διὰ
1906 3397 2002 3453 τοῦ

368 3488 505 3561 ἐμοῦ
538 3491 827 3562 ψεύσματος
861 3488 1144 3563 δοξάζεται
1177 3491 1204 3543 ὁ
1244 3490 1373 3551 Θεὸς
1428 3488 1666 3561 ἀληθής.
1698 3491 1813 3547 Οὑκ
1869 3487 2003 3565 ἂρα-

364 3578 538 3641 αῗτιος
566 3584 679 3651 Θεῴ
724 3580 846 3635 οὔτε
903 3587 1004 3648 τῆς
1051 3577 1313 3649 ἀληθείας
1370 3578 1556 3647 αὐτοῦ,
1614 3579 1736 3634 οὕτε
1787 3580 1885 3650 τῆς
1918 3576 2002 3633 δι-

362 3669 669 3738 καιοσύνης,
704 3666 827 3724 οὔτε
874 3676 973 3737 τῆς
1035 3668 1191 3739 νίκης
1249 3668 1438 3725 αὐτοῦ.
1507 3693 1531 3723 ι
1582 3671 1672 3739 Μή
1733 3667 1917 3732 ἄδικος
1972 3671 2000 3724 6

364 3759 484 3820 Θεὸς
516 3777 529 3827 ;
562 3785 586 3812 ι
625 3759 689 3813 Εἰ
722 3756 800 3823 δὲ,
836 3759 1021 3831 φησὶν,
1057 3756 1117 3813 ἐκ
1160 3763 1258 3825 τῆς
1299 3760 1456 3829 ἡμῶν
1513 3756 1722 3820 ἀδικίας
1788 3756 1998 3831 μᾶλλον

360 3845 614 3902 Ξεῦινυτιιι
648 3850 684 3916 ἡ
718 3846 951 3916 ἀλήθεια
982 3847 1072 3901 καὶ
1105 3850 1138 3915 ἡ
1173 3844 1487 3917 δικαιοσύνη
1547 3853 1643 3901 τοῦ
1702 3852 1858 3919 Θεοῦ,
1915 3847 1997 3902 ὅτι

347 3934 410 4006 δὴ
446 3935 571 3992 οὔτε
631 3939 670 4005 ἡ
729 3938 891 4007 ἡμῶν
953 3932 1134 3990 ἀδικία
1190 3934 1458 3990 ἐκώλυσεν
1496 3936 1654 3991 αὐτὸν
1708 3938 1775 3991 τὰ
1820 3932 2000 3991 δίκαια

335 4033 599 4095 ποιῆσαι,
653 4024 928 4080 τουτέστιν
995 4024 1071 4084 εἷς
1127 4023 1286 4085 τέλος
1345 4024 1563 4101 ἀγαγεῖν
1648 4025 1713 4079 τὰ
1762 4026 2001 4099 ὑποσχε-

336 4117 504 4171 θέντα
544 4120 627 4187 τῷ
683 4109 961 4189 Ἁϐραάμ,
1046 4113 1136 4169 καὶ
1188 4114 1287 4168 οὐκ
1346 4112 1404 4168 ἂν
1482 4110 1669 4175 ἄλλως
1752 4109 1905 4193 ὤφθη
1970 4115 1997 4169 ὁ

335 4207 475 4266 Θεὸς
538 4203 750 4264 δίκαιος
804 4205 891 4258 καὶ
952 4202 1188 4273 ἀληθὴς,
1244 4203 1288 4258 εἰ
1353 4205 1426 4276 μὴ
1486 4205 1650 4275 ἡμεῖς
1702 4204 1995 4279 γεγόναμεν

332 4295 555 4352 ἄδικοι.
612 4294 676 4350 Εἰ
732 4289 894 4349 τοῦτὸ
956 4293 1121 4361 ἐστιν,
1182 4289 1286 4369 ἄρα
1339 4291 1542 4357 ἀδίκως
1584 4293 1805 4364 κολάζει
1870 4292 1996 4355 τοὺς

336 4386 560 4445 αἰτίους
615 4383 761 4455 αὐτῷ
817 4383 1077 4453 ἀληθείας
1134 4381 1480 4459 γενομένους.
1538 4382 1601 4440 Εἰ
1659 4380 1716 4437 δὲ
1750 4384 1825 4454 μή
1877 4382 1997 4437 ἀδί-

332 4495 459 4534 κως
522 4470 773 4541 κολάζει,
860 4474 962 4547 ἄρα
1047 4472 1160 4546 οὐχ
1240 4473 1404 4544 ἡμεῖς
1478 4472 1643 4526 αὐτοῦ
1699 4474 1797 4539 τῆς
1857 4470 1999 4541 ἀλη-

2109 3330 2304 3384 neque
2337 3313 2417 3380 id,
2450 3329 2666 3383 nempe
2700 3310 2859 3381 quod
2886 3310 3143 3381 amplius
3189 3326 3440 3381 peccaee
3490 3315 3759 3381 oporteat

2108 3410 2173 3460 ut
2201 3404 2389 3475 magis
2420 3402 2784 3475 glorificetur
2813 3402 2966 3456 Deus
3000 3418 3015 3466 ;
3050 3401 3098 3455 si
3128 3405 3328 3456 autem
3373 3416 3567 3471 neque
3617 3401 3751 3469 hoc,

2108 3492 2489 3548 manifestum
2518 3495 2608 3545 est
2629 3490 2786 3561 quod
2814 3506 2923 3544 nec
2954 3488 3151 3545 dicere
3175 3488 3331 3559 quod
3354 3505 3485 3544 meo
3510 3489 3753 3545 menda-

2107 3584 2196 3638 cio
2219 3582 2585 3655 glorificetur
2614 3582 2768 3636 Deus
2799 3596 2991 3635 verax.
3024 3582 3228 3651 Itaque
3263 3580 3381 3635 Deo
3424 3597 3602 3636 causa
3632 3599 3755 3637 non

2108 3689 2238 3728 sum
2262 3672 2350 3726 vel
2366 3671 2625 3726 veritatis
2644 3670 2831 3741 ipsius
2852 3670 3199 3741 veljustitiaa
3218 3669 3309 3723 vel
3328 3669 3582 3724 victoriae
3600 3672 3749 3739 ejus.

2110 3785 2137 3813 «
2166 3765 2313 3818 Num
2347 3763 2604 3833 injustus
2639 3760 2833 3815 Deus?
2854 3780 2880 3811 ιι
2906 3759 3072 3823 Quod
3095 3759 3143 3813 si
3168 3776 3239 3813 ex
3270 3764 3493 3824 nostra,
3530 3760 3750 3829 inquit,

2106 3852 2401 3924 injustitia
2434 3852 2542 3905 Dei
2575 3851 2791 3904 veritas
2822 3854 2997 3918 atque
3021 3850 3259 3919 justitia
3279 3849 3464 3920 magis
3486 3850 3744 3903 ostendi-

2106 3947 2222 4008 tur,
2254 3939 2395 4009 quia
2423 3954 2617 4006 neque
2649 3942 2853 3991 nostra
2882 3940 3038 3990 certe
3079 3935 3374 4005 injustitia
3430 3951 3564 3989 eum
3612 3953 3751 4005 pro—

2104 4029 2317 4095 hibuit,
2349 4044 2423 4081 ne
2457 4044 2529 4082 ea
2559 4043 2689 4096 quae
2713 4027 2877 4097 justa
2914 4029 3052 4080 sunt
3096 4028 3315 4096 ageret,
3368 4026 3477 4079 hoc
3541 4030 3632 4080 est
3675 4026 3751 4081 ad

2104 4115 2532 4188 perfectionem
2556 4118 2614 4167 et
2635 4113 2815 4168 ﬁnem
2840 4111 3158 4168 deduceret
3179 4129 3310 4183 quas
3345 4113 3594 4169 Abrahae
3611 4132 3745 4186 pro-

2104 4206 2287 4262 missa
2304 4208 2500 4271 erant;
2522 4219 2631 4257 nec
2655 4202 2770 4257 alio
2792 4200 2968 4256 modo
2986 4201 3522 4272 apparuissetDeus
3545 4204 3746 4274 justus

2105 4303 2163 4352 et
2188 4312 2385 4362 verax,
2420 4293 2537 4349 nisi
2569 4309 2677 4347 nos
2707 4291 2845 4347 facti
2876 4290 3196 4346 fuissemus
3226 4290 3435 4361 injusti
3464 4308 3475 4345 :
3539 4292 3585 4345 si
3636 4293 3747 4348 hoc

2104 4386 2185 4440 ita
2212 4390 2318 4451 est,
2342 4401 2479 4454 ergo
2508 4383 2729 4455 injuste
2761 4397 2860 4437 eos
2881 4380 3169 4452 punitqui
3193 4380 3533 4435 fueruntilli
3568 4398 3747 4437 causa

2102 4475 2398 4530 veritatis:
2433 4474 2591 4545 quod
2622 4474 2669 4528 si
2703 4490 2822 4527 non
2854 4472 3075 4544 injuste
3106 4470 3295 4542 punit,
3330 4471 3509 4541 igitur
3528 4488 3635 4527 nos
3657 4473 3745 4527 illi

333 4565 494 4626 θείας
529 4564 719 4621 αἴτιοι.
756 4589 782 4615 α
830 4564 975 4619 Κατᾶ
1031 4562 1315 4639 ἄνθρωπον
1351 4564 1516 4638 λέγω.
1555 4589 1583 4615 ››
1618 4560 1836 4632 Ἐπειδή
1896 4564 1995 4639 γὰρ

2114 4582 2225 4619 non
2249 4580 2456 4619 sumus
2481 4580 2659 4619 causa
2678 4562 2958 4617 veritatis.
2974 4583 3002 4609 ‹‹
3024 4561 3288 4615 Humano
3302 4560 3747 4631 moreloquor.»

336 4653 712 4728 ἀνθρωπίνοις
768 4651 1063 4729 λογισμοῖς
1116 4652 1390 4727 ἐχρήσατο
1475 4654 1575 4708 οὑκ
1629 4651 1756 4707 ὄντα
1814 4650 1994 4707 ἃδικον

335 4741 562 4803 δεικνὺς
621 4743 712 4795 τὸν
772 4742 924 4809 Θεὸν,
1002 4740 1206 4816 ἐπάγει·
1270 4742 1413 4797 Κατὰ
1480 4739 1762 4813 ἄνθρωπον
1825 4739 1995 4815 λέγω,

334 4833 505 4911 φησὶ,
538 4830 665 4893 τοὺς
700 4830 1005 4905 λογισμοὺς
1033 4831 1276 4895 τούτους,
1325 4829 1439 4884 ἐπεὶ
1495 4832 1585 4885 καὶ
1646 4829 1832 4897 ἃλλοι,
1888 4853 1995 4908 φη-

340 4922 456 4986 σὶν,
489 4919 591 4975 εἰσί
629 4918 889 4994 λογισμοὶ
924 4920 1208 4995 θειότεροι.
1242 4922 1327 4981 Ὠς
1370 4920 1413 4974 εἰ
1474 4921 1647 4991 εἶπεν,
1713 4920 1853 4975 Κατᾶ
1903 4921 1992 4975 άν-

344 5009 619 5082 θρώπινον
651 5006 919 5082 λογισμὸν
953 5007 1305 5079 λαλήσωμενο
1336 5006 1562 5070 ’Ἀδικός
1596 5008 1736 5063 ἐστιν
1767 5010 1794 5063 ὁ
1826 5011 1991 5078 Θεός;

334 5101 436 5169 Μὴ
468 5102 678 5175 γένοιτο
717 5103 729 5158 l
766 5105 892 5161 Πῶς
941 5097 1030 5154 οὖν
1084 5101 1250 5173 ὀργὴν
1310 5098 1493 5170 ἐπάγει
1530 5116 1544 5166 ;
1576 5100 1645 5155 Ἦ
1706 5096 1875 5168 δῆλον
1909 5098 1991 5153 ὅτι

338 5188 456 5264 οὐχ
482 5193 643 5264 ἡμεῖς
675 5189 830 5261 αὐτῷ
866 5196 966 5257 τῆς
1022 5186 1278 5258 ἀληθείας
1338 5186 1427 5241 καὶ
1486 5194 1585 5255 τῆς
1645 5185 1991 5259 δικαιοσύνης

336 5278 524 5350 αἴτιοι,
557 5279 685 5336 ἀλλ’
715 5279 880 5335 αὐτὸς
914 5279 1108 5350 ἑαυτῷ.

409 5374 549 5431 Ἐπεί
583 5379 703 5435 πῶς
737 5375 923 5446 κρινεῖ
982 5370 1010 5423 ὸ
1067 5369 1195 5430 Θεὸς
1255 5370 1347 5423 τὸν
1419 5366 1677 5441 κόσμον;
1726 5369 1769 5423 εἰ
1819 5369 1921 5445 γάρ
1952 5372 1986 5438 ἡ

328 5460 556 5537 ἀλήθεια
636 5467 737 5519 τοῦ
801 5463 940 5514 Θεοῦ
1000 5456 1051 5512 ἐν
1108 5461 1187 5528 τῷ
1266 5456 1383 5527 ἐμῷ
1450 5456 1718 5529 ψεύσματι
1770 5455 1991 5530 ἐπερίσ-

317 5575 495 5614 σευσεν
584 5554 667 5616 εἰς
758 5549 867 5617 τήν
927 5543 1085 5614 δόξαν
1162 5544 1350 5613 αὐτοῦ,
1418 5543 1468 5597 τί
1552 5542 1630 5598 ἔτι
1686 5544 1834 5618 κάγὼ
1909 5546 1985 5607 ὡς

304 5648 646 5731 ἁμαρτωλὸς
729 5640 1009 5731 κρίνομαι
1067 5653 1079 5702 ;
1137 5634 1224 5731 καὶ
1312 5636 1387 5707 μή
1448 5634 1699 5731 ςκαῌθὼςῌ
1737 5634 1987 5731 placa-tq—

288 5721 569 5826 ᾠόμεθα,
636 5733 741 5794 καὶ
808 5727 1004 5788 καθὼς
1072 5723 1194 5803 φασί
1251 5744 1387 5787 τινες
1436 5725 1585 5797 ἡμᾶς
1645 5721 1841 5800 λέγειν)
1900 5725 1982 5782 ὅτι

2108 4656 2253 4719 Quia
2274 4654 2432 4708 enim
2456 4653 2733 4707 humanis
2764 4648 3321 4706 ratiocinationibus
3343 4666 3485 4704 usus
3518 4657 3645 4705 erat
3674 4653 3747 4707 ad

2106 4738 2543 4794 ostendendum
2576 4740 2759 4792 Deum
2793 4753 2913 4790 non
2946 4752 3074 4789 esse
3096 4735 3743 4809 injustum,subjungit,

2107 4831 2375 4886 Humano
2405 4845 2569 4883 more
2603 4829 2831 4898 loquor,
2856 4826 3071 4895 inquit,
3096 4827 3203 4879 has
3223 4826 3743 4883 ratiocinationes:

2104 4938 2244 4976 nam
2268 4921 2396 4976 alim
2418 4935 2655 4990 quoque
2679 4923 2816 4971 sunt
2838 4916 3023 4987 magis
3048 4916 3371 4973 divinaa.Ac
3393 4919 3702 4974 sidixisset
3729 4938 3745 4973 :

2106 5012 2372 5067 Humana
2401 5009 2629 5063 ratione
2680 5007 3031 5077 loquamur;
3090 5007 3347 5079 injustus
3397 5014 3486 5062 est
3542 5008 3748 5062 Deus?

2105 5099 2302 5157 Absit!
2337 5097 2640 5163 Quomodo
2669 5113 2805 5166 ergo
2836 5096 2985 5151 iram
3018 5096 3293 5151 inducit?
3326 5099 3460 5163 Aut,
3496 5097 3745 5149 manife-

2104 5196 2257 5244 stum
2290 5196 2379 5244 est
2408 5189 2563 5259 quod
2598 5206 2706 5243 nos
2738 5188 2825 5242 illi
2858 5205 3039 5243 causa
3068 5204 3188 5243 non
3220 5204 3423 5242 sumus
3486 5186 3746 5242 veritatis

2100 5296 2168 5335 ac
2191 5279 2463 5350 justitiaz,
2499 5278 2601 5333 sed
2632 5279 2758 5349 ipse
2790 5278 2898 5332 sibi
2928 5278 3059 5348 ipsi.

2173 5368 2266 5436 lll,
2309 5369 2428 5421 6-8.
2462 5368 2595 5420 Nam
2626 5366 2895 5435 quomodo
2919 5363 3209 5435 judicabit
3260 5364 3395 5415 Deus
3439 5362 3751 5417 mundum?

2098 5457 2313 5514 Etenim
2341 5460 2389 5512 si
2417 5458 2618 5511 veritas
2651 5458 2744 5509 Dei
2781 5473 2885 5525 per
2912 5471 3088 5509 meum
3115 5452 3457 5507 mendacium
3488 5454 3749 5508 excelluit

2096 5552 2155 5605 in
2178 5548 2414 5619 gloriam
2442 5550 2631 5618 ipsius,
2665 5563 2762 5601 cur
2792 5552 2843 5600 et
2873 5563 2968 5614 ego
2998 5544 3179 5598 adhuc
3211 5550 3472 5613 tanquam
3488 5552 3748 5614 peccator

2084 5638 2355 5711 judicor?
2392 5640 2461 5692 Et
2492 5654 2623 5705 non,
2657 5639 2796 5691 sicut
2832 5632 3180 5704 blasphemiis
3208 5636 3388 5702 fertur
3420 5633 3485 5687 de
3510 5635 3744 5700 nobis,et

2082 5731 2224 5786 sicut
2253 5730 2411 5785 aiunt
2433 5730 2661 5800 quidam
2690 5743 2786 5783 nos
2816 5727 2970 5784 236
3022 5728 3222 5797 dicere,
3270 5726 3414 5798 quod
3460 5730 3749 5797 faciamus
