4126 6256
402 376 522 439 3'75

1489 372 1902 434 OEGUMENII
1948 371 2255 432 'l‘RICC/E
2301 373 2677 434 EPISCOP].

3694 371 3823 431 3'16

405 511 573 577 mala,
604 517 665 566 ut
708 514 931 566 veniant
992 511 1184 566 bona?
1239 525 1467 581 quorum
1516 507 1798 579 judicium
1855 509 2059 575 iustum

2179 505 2494 579 Ποίήσωμεν
2517 507 2585 562 τὰ
2613 507 2770 577 κακά,
2811 505 2904 564 ’ίνα
2933 504 3065 582 ἔλθῃ
3095 507 3164 562 τὰ
3191 507 3362 584 ἀγαθά
3387 525 3400 575 ;
3432 508 3504 560 ὦν
3543 507 3607 562 τὸ
3631 512 3821 580 κρῖμα

412 607 511 657 est.

478 782 534 835 Si
569 780 743 849 Deus,
777 780 993 851 inquit,
1027 785 1183 835 esset
1206 777 2056 851 injustus,nequaquamjudi-

412 876 575 925 caret
604 869 934 926 mundum:
972 870 1166 940 ipsum
1199 870 1357 924 enim
1387 869 1661 940 judicare
1721 867 2065 921 manifestat

416 960 788 1032 quodjustus
813 959 908 1023 sit,
943 964 1158 1013 natura
1189 959 1348 1013 enim
1381 955 1857 1028 adjudicandum
1884 955 2065 1028 exigit

411 1049 930 1121 utjustusjudicet
960 1050 1234 1119 injustos.
1263 1070 1288 1096 α
1317 1047 1543 1101 Etenim
1569 1048 1616 1100 si
1640 1047 1854 1101 veritas
1880 1047 2001 1113 Dei,
2033 1069 2060 1094 ››

411 1145 522 1194 etc.
557 1139 719 1193 Idem
751 1155 988 1193 rursum
1019 1139 1179 1191 dicit.
1217 1139 1271 1192 Si
1305 1137 1462 1192 enim
1495 1153 1598 1207 per
1655 1137 1786 1202 hoc,
1836 1137 2054 1206 inquit,

415 1227 695 1284 excelluit
731 1228 962 1295 veritas,
985 1227 1340 1297 justitiaque
1370 1243 1437 1280 ac
1484 1226 1724 1280 Victoria
1764 1226 1885 1291 Dei,
1921 1227 2061 1296 quia

413 1334 518 1390 ego
551 1317 753 1386 inique
784 1317 895 1385 egi,
931 1332 1034 1387 ego
1067 1316 1153 1370 illi
1187 1316 1470 1370 mentitus
1507 1331 1659 1380 sum,
1686 1316 1811 1370 sine
1835 1316 2064 1370 ratione

406 1406 645 1477 judicor
672 1425 684 1459 .
720 1421 812 1459 me
838 1405 1132 1476 siquidem
1166 1405 1552 1460 retributione
1584 1405 1780 1476 potius
1811 1404 2060 1477 dignum

415 1495 619 1551 haberi
651 1494 931 1566 oportuit,
960 1500 1021 1548 ut
1059 1496 1160 1565 qui
1221 1496 1306 1549 illi
1355 1495 1610 1550 victoria)
1670 1511 1735 1549 ac
1798 1496 2063 1550 veritatis

412 1588 608 1659 potius
639 1604 817 1642 causa
846 1587 1112 1641 fuissem.
1149 1588 1323 1657 Atqui
1358 1605 1517 1642 nunc
1551 1603 1654 1658 ego
1703 1603 1882 1640 causa
1934 1603 2054 1640 non

418 1695 569 1744 sum,
596 1678 816 1732 idcirco
842 1684 898 1732 et
920 1678 1302 1749 egojudicor.
1355 1700 1382 1726 «
1420 1679 1480 1731 In
1513 1677 1760 1749 gloriam
1795 1677 2000 1748 ipsius.
2042 1699 2068 1726 υ

422 1767 492 1824 Ut
520 1767 884 1840 gloriﬁcetur
915 1784 1019 1838 per
1039 1767 1343 1822 victoriam
1376 1766 1742 1836 etjustitiam
1768 1782 1835 1819 ac
1859 1766 2071 1821 verita-

2171 591 2378 652 ἔνδικόν
2412 596 2545 654 ἐστι.

2241 777 2303 834 Εἰ
2336 779 2419 847 ἦν,
2455 777 2641 852 φησὶν,
2675 777 2880 847 ἄδικος,
2941 778 3038 834 οὐκ
3083 779 3141 833 ἂν
3199 773 3374 853 ἔκρινε
3427 778 3516 833 τὸν
3573 777 3823 850 κόσμον.

2174 867 2310 925 Αὐτὸ
2342 868 2444 943 γὰρ
2475 870 2536 923 τὸ
2576 869 2770 944 κρίνειν
2830 867 3018 940 δηλοῖ,
3071 869 3156 924 ὅτι
3207 866 3412 932 δίκαιός
3469 866 3598 922 ἐστι·
3662 869 3838 944 φύσις

2171 959 2271 1034 γάρ
2306 957 2441 1028 αὕτη
2493 963 2590 1012 τοῦ
2641 961 2867 1033 κρίνειν,
2917 960 2980 1013 τὸ
3030 958 3120 1012 τὸν
3176 955 3383 1014 δίκαιον
3436 959 3631 1032 κρίνειν
3696 958 3834 1019 τοὺς

2171 1045 2416 1108 ἀδίκους.
2453 1072 2479 1098 ι(
2518 1048 2579 1104 Εἰ
2633 1049 2734 1122 γὰρ
2793 1050 2826 1116 ἡ
2861 1047 3097 1116 ἀλήθεια
3159 1051 3248 1102 τοῦ
3309 1051 3463 1116 Θεοῦ,
3519 1069 3539 1099 ι
3612 1048 3708 1102 καὶ
3769 1048 3840 1101 τά

2174 1138 2317 1205 ἑξῆς.
2349 1137 2428 1192 Τὸ
2461 1137 2592 1192 αὐτὸ
2625 1136 2792 1192 πάλιν
2826 1135 2997 1211 λέγει.
3036 1136 3096 1193 Εἰ
3129 1137 3232 1213 γὰρ
3281 1133 3370 1190 διὰ
3417 1141 3598 1204 τοῦτο,
3640 1138 3837 1214 φησὶν,

2176 1229 2548 1302 ἐπερίσσευσεν
2582 1233 2615 1298 ἡ
2649 1229 2881 1300 ἀλήθεια
2911 1232 3000 1285 καὶ
3037 1233 3070 1298 ἡ
3117 1227 3434 1300 δικαιοσύνη
3461 1231 3548 1283 καὶ
3605 1233 3639 1299 ἠ
3706 1229 3838 1299 νίκη

2178 1324 2274 1374 τοῦ
2307 1325 2461 1390 Θεοῦ,
2496 1318 2681 1390 ἐπειδὴ
2743 1320 2854 1395 ἐγὼ
2911 1318 3170 1391 ἠδίκησα,
3222 1320 3311 1374 καὶ
3369 1320 3678 1394 ἐψευσάμην
3742 1320 3839 1375 αῦ-

2173 1410 2295 1482 τὸν,
2353 1408 2575 1484 ἀλόγως
2629 1411 2908 1486 κρίνομαι.
2971 1409 3120 1464 Ἔδει
3172 1413 3275 1486 γάρ
3340 1431 3405 1484 με
3454 1409 3543 1464 καὶ
3583 1405 3844 1481 ἀμοιϐὧν

2176 1500 2495 1570 ἀξιωθῆναι,
2529 1501 2602 1562 ὡς
2637 1500 2810 1555 αἴτιον
2860 1499 3006 1572 αύτῷ
3035 1507 3133 1570 τῆς
3179 1501 3336 1570 νίκης
3393 1500 3484 1554 καὶ
3544 1499 3840 1570 ἀληθείας.

2178 1587 2355 1645 Ἀλλά
2385 1594 2475 1643 νῦν
2507 1589 2605 1645 οὐκ
2634 1589 2744 1666 ἐγὼ
2793 1588 2992 1659 αἶ’τιος,
3047 1594 3338 1664 τοιγαροῦν
3399 1589 3491 1643 καὶ
3547 1590 3838 1664 κρίνομαι.

2181 1700 2206 1731 ιι
2240 1679 2334 1742 Εἷς
2363 1680 2459 1747 τήν
2509 1677 2664 1751 δόξαν
2725 1679 2913 1738 α·’›τοῦ.
2977 1703 3005 1732 ι)
3065 1686 3177 1734 Ἳνα
3233 1676 3523 1751 δοξάζηται
3558 1679 3641 1734 ἐπὶ
3705 1681 3831 1755 νίκῃ

2176 1769 2264 1821 καὶ
2323 1765 2638 1844 δικαιοσύνῃ
2704 1768 2794 1823 καὶ
2853 1767 3104 1839 ἀληθείᾳ.
3173 1790 3194 1818 ι
3253 1768 3320 1824 Τί
3385 1763 3461 1822 ἔτι
3516 1769 3666 1842 κάγὼ
3759 1771 3832 1831 ὡς

424 1862 565 1914 tem.
589 1880 614 1906 α
635 1859 749 1912 Cur
775 1862 834 1911 et
855 1873 959 1928 ego
987 1862 1269 1926 tanquam
1295 1861 1570 1927 peccator
1590 1855 1866 1926 judicor?
1889 1878 1916 1904 n
1936 1857 2068 1925 Cur,

2179 1856 2508 1932 ἁμαρτωλὸς
2568 1859 2821 1932 κρίνομαι
2877 1878 2889 1926 ;
2943 1883 2969 1910 η
3029 1860 3089 1911 Τί
3137 1858 3451 1931 κρινόμεθα,
3510 1880 3696 1933 φησιν,
3758 1860 3827 1919 ὡς

425 1947 641 2017 inquit,
671 1951 956 2016 tanquam
997 1951 1336 2016 peccatores
1383 1945 1748 2017 judicamur,
1801 1945 1901 2015 qui
1953 1946 2070 2000 Deo

431 2051 609 2090 causa
628 2034 888 2088 victoria)
906 2035 1043 2088 facti
1065 2035 1310 2088 sumus?
1333 2040 1390 2088 et
1418 2051 1539 2088 non
1572 2034 1656 2099 ﬁt,
1692 2034 2071 2104 quemadmo-

432 2123 573 2178 dum
605 2123 788 2194 aliqui
821 2140 928 2178 nos
955 2123 1323 2178 arbitrantur
1351 2123 1592 2178 dicere?
1627 2124 1824 2194 itaque
1863 2123 2078 2195 suggil-

429 2218 608 2273 lando
638 2218 823 2286 aiunt,
858 2218 1015 2288 quod
1040 2218 1328 2273 faciamus
1359 2218 1534 2285 mala,
1579 2223 1644 2272 ut
1696 2218 1794 2272 ubi
1850 2235 1920 2274 ex
1967 2219 2080 2274 hoc

430 2310 906 2366 Deusvictoriam
932 2315 1140 2364 nactus
1158 2310 1354 2378 fuerit,
1383 2309 1670 2381 rependat
1695 2309 1866 2364 nobis
1898 2309 2076 2376 bona,

433 2404 499 2453 ut
529 2399 628 2470 qui
660 2398 919 2453 victoriw
951 2414 1128 2453 causa
1163 2398 1249 2454 illi
1281 2399 1570 2454 fuerimus
1596 2415 1701 2469 per
1731 2399 1889 2453 mala
1943 2415 2074 2469 qum

431 2487 919 2560 perpetravimus.
953 2487 1076 2543 Alio
1105 2488 1284 2543 modo.
1316 2489 1384 2543 Et
1414 2504 1487 2542 ne
1520 2487 1690 2555 illud,
1722 2488 1938 2559 inquit,
1972 2489 2076 2542 ﬁat

431 2577 589 2649 quod
621 2577 817 2633 dicere
842 2578 1271 2643 existimamur,
1295 2578 1452 2648 quod
1476 2593 1544 2632 ex
1565 2577 2077 2647 nostrainjustitia

429 2666 587 2722 Deus
617 2683 728 2720 nos
757 2665 1049 2720 beneficio
1082 2665 1322 2732 afﬁciat,
1355 2671 1418 2719 ut
1451 2666 1550 2736 qui
1582 2666 1840 2719 victoria":
1899 2681 2077 2720 causa

428 2755 520 2809 illi
550 2754 857 2808 fuerimus.
892 2759 976 2810 Ne
1004 2755 1113 2808 hoc
1135 2760 1332 2808 autem
1366 2754 1487 2809 fiat.
1514 2752 1844 2817 Quidnam?
1865 2754 2074 2808 Venire

431 2843 608 2906 bona,
641 2858 871 2912 nosque
902 2859 936 2896 a
966 2843 1080 2896 Deo
1115 2842 1270 2896 afﬁci
1302 2842 1617 2906 beneficio,
1653 2847 1933 2912 tanquam
1988 2842 2075 2894 illi

428 2933 713 2987 fuerimus
734 2932 992 2986 victorias
1015 2938 1306 2986 auctores.
1328 2933 1492 2986 Nunc
1515 2931 1672 2986 enim
1691 2932 2074 2988 contrarium.

425 3025 642 3096 inquit,
672 3023 904 3086 accidit,
950 3039 1088 3076 nam
1121 3021 1298 3077 etiam
1322 3020 1690 3092 judicamur.
1751 3040 1774 3070 σ
1811 3021 2076 3086 Quorum

416 3115 707 3188 judicium
737 3116 968 3187 justum
1001 3119 1107 3169 est.
1147 3136 1172 3162 ››
1208 3113 1532 3168 Audierant
1576 3113 1759 3168 Graeci
1792 3113 2076 3168 Christia-

426 3222 534 3260 nos
565 3205 830 3259 dicentes
861 3221 872 3259 :
911 3226 936 3252 ‹‹
973 3203 1078 3258 Ubi
1111 3202 1376 3258 abundat
1406 3202 1708 3264 delictum,
1748 3201 1828 3256 ibi
1888 3204 2074 3274 magis

427 3294 767 3349 exuberavit
795 3293 983 3364 gratia
1010 3293 1074 3346 ‘0.
1110 3316 1130 3342 ι
1171 3296 1238 3345 Et
1287 3291 1398 3361 ipsi
1453 3292 1690 3361 quidem
1754 3292 1864 3346 hoc
1912 3291 2074 3346 dice-

424 3383 588 3448 bant,
625 3381 783 3453 quod
814 3381 1030 3452 plenus
1064 3380 1297 3435 delictis
1329 3381 1587 3434 mundus
1621 3381 1833 3434 Filium
1866 3381 1968 3434 Dei
2000 3381 2073 3435 ad

423 3470 675 3525 salutem
708 3469 1115 3540 pertraxisset,
1155 3477 1212 3523 et
1255 3486 1323 3523 ex
1351 3469 1460 3522 hoc
1519 3469 1838 3523 abundavit
1862 3469 1923 3522 in
1964 3486 2074 3523 nos

421 3559 628 3632 gratia.
666 3558 780 3629 Ipsi
812 3562 1008 3612 autem
1041 3557 1197 3627 quod
1231 3557 1453 3611 dictum
1489 3561 1578 3610 est
1627 3557 2070 3628 detorquentes,

422 3647 663 3703 aiebant
689 3646 1057 3700 Christianos
1089 3645 1286 3700 dicere
1317 3645 1475 3714 quod
1507 3661 1751 3716 peccare
1782 3651 2069 3716 oporteat,

421 3739 487 3788 ut
511 3733 776 3788 abundet
805 3733 1011 3804 gratia.
1044 3733 1326 3797 Quorum,
1348 3733 1563 3803 inquit,
1593 3738 1736 3803 puta
1767 3733 1877 3788 hoc
1900 3739 2069 3804 pacto

420 3822 810 3894 blasphemiis
827 3838 936 3876 nos
960 3821 1933 3893 impetentium.judiciumjustum
1951 3829 2068 3877 est:

422 3927 490 3966 eo
523 3911 680 3981 quod
720 3910 871 3964 bene
929 3909 1086 3963 dicta
1142 3909 1295 3964 male
1353 3909 1815 3980 interpretantes
1872 3910 2072 3965 detor-

423 4007 664 4070 queant.
700 4030 764 4040 —-
797 3999 947 4065 Quid
979 4017 1114 4071 ergo
1139 3999 1166 4054 ?
1193 4016 1299 4070 per
1329 3999 1542 4071 legem,
1577 4000 1792 4070 inquit,
1835 4016 1902 4056 ac
1956 4002 2071 4055 cir-

419 4089 848 4144 cumcisionem
883 4089 1030 4142 nihil
1065 4089 1449 4160 percipimus,
1476 4105 1655 4159 supra
1681 4089 1911 4160 reliqua
1938 4107 2068 4160 qum

419 4177 728 4233 habemus.
759 4177 908 4242 Quid
937 4179 1096 4232 enim
1157 4178 1520 4248 percipimus
1567 4178 1871 4249 amplius?
1926 4181 2069 4233 Nam

423 4272 598 4322 antea
630 4266 878 4322 redditis
906 4267 1098 4321 causis
1132 4266 1504 4321 ostendimus
1535 4266 1768 4322 Judaaos
1799 4283 1864 4321 ac
1911 4269 2068 4320 Grac-

427 4373 548 4419 cos,
583 4363 716 4422 etc.,
751 4373 856 4427 per
887 4355 1179 4410 defectum
1211 4355 1434 4409 dictum
1468 4361 1577 4408 est.
1611 4357 1670 4408 Ei
1709 4357 1866 4410 enim
1911 4357 2067 4425 quod

424 4445 676 4511 dixerat,
710 4446 859 4509 Quid
892 4462 1026 4516 ergo
1059 4444 1422 4515 percipimus
1455 4445 1756 4514 amplius?
1786 4461 2064 4499 consecu-

2184 1946 2528 2018 ἀμαρτωλοὶ,
2561 1949 2611 2001 οἱ
2651 1947 2824 2002 αἵτιοι
2848 1947 3004 2016 νίκης
3058 1953 3174 2019 Θεῷ
3229 1947 3516 2022 γενόμενοι
3549 1967 3561 2015 ;
3622 1947 3705 2001 καί
3743 1949 3816 2020 μὴ

2180 2035 2378 2110 γίνεται
2410 2039 2591 2100 καθώς
2626 2059 2766 2100 τινες
2823 2040 2972 2111 ἡμᾶς
3019 2036 3307 2110 νομίζουσι
3332 2035 3510 2112 λέγειν
3553 2056 3566 2104 ;
3599 2041 3828 2111 Τοιγαρ-

2185 2130 2277 2179 οῦν
2308 2125 2398 2180 καὶ
2430 2124 2816 2199 κωμῳδοῦσιν,
2861 2128 2944 2181 ὅτι
3001 2129 3327 2198 Ποιήσωμεν
3385 2126 3447 2179 τὸ
3505 2127 3692 2192 κακὸν,
3748 2125 3836 2180 ’ἶνα

2185 2213 2243 2268 ἐκ
2270 2215 2464 2268 τούτου
2495 2217 2722 2284 νικήσας
2777 2217 2804 2270 ὁ
2863 2216 3013 2278 Θεὸς,
3071 2214 3371 2288 ἀμείψηται
3424 2218 3570 2287 ἡμᾶς
3621 2214 3841 2290 εὐεργε-

2184 2306 2350 2372 σίαις,
2381 2305 2456 2366 ὡς
2483 2305 2690 2369 αἰτίους
2718 2307 2874 2376 νίκης
2907 2304 3052 2375 αὐτῷ
3104 2305 3453 2380 γενομὲνους,
3513 2303 3562 2376 ἐξ
3595 2305 3667 2358 ὧν
3737 2325 3843 2358 κα-

2181 2399 2290 2455 κῶς
2321 2393 2644 2468 ἐπράξαμεν.
2677 2429 2746 2437 --
2775 2392 3017 2456 Ἄλλως.
3076 2394 3180 2450 Καὶ
3243 2396 3318 2466 μὴ
3360 2395 3579 2468 γένηται
3633 2392 3838 2462 ἐκεῖνο,

2183 2485 2366 2560 φησὶν,
2401 2485 2532 2558 ὅπερ
2567 2483 2742 2558 λέγειν
2797 2484 3157 2556 νομιζόμεθα,
3217 2481 3302 2537 ὅτι
3349 2482 3408 2537 ἐκ
3464 2490 3562 2551 τῆς
3619 2480 3842 2543 ἀδικίας

2180 2574 2338 2643 ἡμῶν
2401 2573 2669 2647 εὐεργετεῖ
2727 2574 2875 2643 ἡμᾶς
2948 2573 2976 2625 ὸ
3057 2572 3208 2639 Θεὸς,
3276 2571 3349 2632 ὡς
3407 2570 3608 2631 αἰτίους
3680 2569 3836 2644 αὐτῷ

2178 2661 2352 2730 νίκης.
2389 2663 2476 2729 Μὴ
2511 2660 2727 2737 γένηται
2786 2657 2843 2714 δὲ
2903 2660 3094 2716 ἐκεῖνο.
3132 2665 3295 2715 Ποῖον
3329 2681 3342 2728 ;
3402 2660 3478 2714 Τὸ
3507 2657 3681 2714 ἐλθεῖν
3770 2661 3837 2714 τὰ

2179 2751 2370 2823 ἀγαθὰ,
2430 2752 2519 2804 καὶ
2575 2751 2638 2804 τὸ
2727 2749 3120 2824 εὐεργετεῖσθαι
3199 2750 3346 2823 παρὰ
3400 2754 3481 2820 τῷ
3563 2753 3696 2820 Θεῷ,
3760 2751 3838 2810 ὡς

2179 2837 2390 2899 αἰτίους
2433 2838 2579 2910 αὐτῷ
2611 2840 2792 2909 νίκης.
2837 2843 2945 2894 Νῦν
3008 2839 3134 2916 γὰρ,
3168 2839 3322 2917 φησὶ,
3356 2839 3419 2894 τὸ
3452 2837 3716 2908 ἐναντίον,
3742 2838 3834 2892 καὶ

2180 2929 2596 3000 τιμωρούμεθα.
2631 2954 2658 2980 ‹‹
2696 2931 2789 2982 Ὧν
2820 2929 2881 2983 τὸ
2912 2936 3084 3005 κρῖμα
3142 2925 3350 2984 ἔνδικόν
3407 2927 3538 2983 ἐστι.
3579 2953 3599 2979 ι
3636 2929 3823 2985 Ἦκου·

2183 3035 2275 3069 σαν
2319 3012 2590 3084 Ἓλληνες
2651 3024 2759 3071 τῶν
2823 3021 3160 3090 Χριστιανῶν
3222 3015 3513 3091 λεγόντων,
3579 3044 3599 3068 ι
3660 3019 3824 3073 Ὅπου

2183 3103 2503 3160 ἐπλεόνασεν
2533 3108 2567 3174 ἡ
2610 3105 2868 3180 ἁμαρτία,
2931 3106 3440 3180 ὑπερεπερίσσευσεν
3489 3108 3524 3174 ἡ
3581 3108 3766 3182 χάρις.
3803 3130 3831 3157 »

2105 3228 2146 3293 Ο
2187 3193 2290 3250 Καὶ
2339 3194 2492 3248 αὐτοὶ
2551 3196 2643 3266 μὲν
2692 3199 2858 3248 ταῦτα
2907 3191 3112 3270 ἔλεγον,
3173 3196 3256 3250 ὃτι
3306 3193 3611 3259 πλεονάσας
3663 3196 3691 3250 ό
3740 3195 3837 3250 κό-

2187 3305 2326 3354 σμος
2360 3283 2793 3358 ἁμαρτημάτων,
2851 3284 3012 3338 αὐτὸν
3067 3285 3159 3338 τὸν
3218 3285 3340 3338 Υἱὸν
3393 3289 3489 3337 τοῦ
3546 3289 3681 3339 Θεοῦ
3741 3283 3838 3340 ἐπ-

2181 3374 2448 3427 εσπάσατο
2506 3373 2580 3434 είς
2641 3373 2934 3448 σωτηρίαν.
2978 3374 3080 3430 Καὶ
3136 3371 3192 3427 ἐκ
3249 3373 3442 3428 τούτου
3500 3373 3825 3430 ἐπλεόνασεν

2180 3461 2254 3522 εἰς
2291 3465 2437 3533 ἡμᾶς
2467 3465 2500 3532 ἡ
2536 3464 2719 3537 χάρις.
2779 3461 2946 3519 Αὐτοὶ
3005 3460 3061 3517 δὲ
3121 3460 3456 3537 διασύροντες
3492 3463 3552 3516 τὸ
3601 3462 3838 3538 είρημέο

2177 3572 2288 3619 νον,
2321 3545 2549 3623 ἔφασκον
2576 3551 2702 3613 τοὺς
2759 3551 3113 3624 Χριστιανοὺς
3167 3549 3366 3626 λέγειν,
3417 3548 3519 3605 δεῖν
3579 3551 3831 3625 ἁμαρτᾶ-

2176 3661 2306 3708 νειν,
2363 3638 2454 3693 ’ίνα
2507 3639 2779 3715 πλεονάσῃ
2843 3644 2875 3709 ἡ
2937 3640 3120 3714 χάρις.
3173 3641 3294 3706 Ὧν,
3355 3640 3506 3719 φησὶ,
3565 3637 3831 3710 δηλονότι

2175 3735 2284 3783 τῶν
2316 3729 2490 3790 οὓτως
2523 3727 2997 3808 βλασφημούντων
3050 3733 3221 3802 ἡμᾶς,
3277 3731 3340 3784 τὸ
3395 3736 3565 3804 κρῖμα
3622 3728 3830 3785 ἐνδικόν

2176 3817 2342 3886 ἐστιν,
2426 3819 2508 3874 ’ὁτι
2567 3819 2634 3874 τὰ
2715 3817 2902 3881 καλῶς
2961 3821 3221 3893 εἰρημένα
3307 3825 3489 3882 κακῶς
3552 3832 3827 3895 μεθερμη-

2926 3942 2989 3951 -
3046 3911 3337 3983 [ΣΕὶἩΡ.]
3395 3910 3458 3966 Τί
3520 3910 3662 3980 οὗν;
3741 3911 3819 3964 6ιά

2177 4002 2272 4052 τοῦ
2302 3998 2496 4070 νόμου,
2539 3999 2694 4074 φησὶ,
2741 3998 2831 4052 καὶ
2891 4005 2991 4066 τῆς
3052 4005 3357 4070 περιτομῆς
3397 3997 3552 4054 οὐδὲν
3589 4019 3813 4074 προκατ-

2178 4084 2377 4159 έχομεν
2413 4085 2578 4141 πλέον
2609 4087 2680 4139 ὧν
2713 4085 2937 4159 ἔχομεν.
2973 4085 3038 4142 Τί
3071 4087 3162 4141 οὗν
3195 4089 3502 4161 κατέχομεν
3532 4088 3823 4161 περισσόνς

2176 4173 2621 4246 προῃτιασάμεθα
2709 4175 2808 4249 γάρ
2868 4171 3160 4237 Ἰουδαίους
3216 4195 3273 4229 τε
3343 4175 3432 4228 καὶ
3521 4175 3828 4246 Ἕλληνας,

2177 4263 2266 4316 καὶ
2297 4264 2363 4316 τὰ
2395 4263 2538 4333 ἑξῆς.
2577 4260 2854 4323 Ἐλλιπῶς
2889 4262 3122 4336 εἴρηται.
3157 4269 3247 4336 Τῷ
3289 4266 3414 4340 γάρ,
3448 4265 3510 4319 Τί
3543 4266 3637 4319 οὖν
3697 4287 3828 4320 κατ·

2180 4351 2380 4425 ἐχομεν
2412 4353 2668 4427 περισσόν
2707 4351 3057 4418 ςάκόλουθον
3120 4354 3184 4422 ἦν
3244 4353 3552 4428 ἐπαγαγεῖν,
3613 4356 3714 4424 τήν
3774 4354 3831 4410 ἐκ

2177 3909 2413 3970 νεύοντες
2464 3906 2826 3982 διασύρουσιν.

2176 4443 2409 4502 πίστεως
2438 4438 2809 4512 δικαιοσύνην,
2835 4442 2966 4516 ὅπερ
3009 4441 3062 4495 ἐν
3091 4447 3206 4503 τοῖς
3257 4443 3378 4514 ἑξῆς
3410 4445 3617 4519 προϊὼν
3653 4443 3828 4521 λέγει.

421 4534 602 4588 tivum
638 4538 763 4588 erat
794 4539 859 4588 ut
887 4534 1244 4588 adderetur:
1304 4533 1602 4588 Justitiam
1633 4550 1762 4602 qum
1811 4550 1880 4586 ex
1930 4533 2066 4600 fide,

2179 4529 2596 4598 «Δικαιοσύνην
2631 4533 2788 4599 Θεοῦ,
2841 4527 2930 4584 διὰ
2986 4530 3218 4593 πίστεως
3276 4532 3456 4602 Ἰησοῦ
3515 4538 3826 4602 Χριστοῦ.»

423 4625 577 4694 quod
610 4625 670 4678 in
703 4624 1081 4694 sequentium
1132 4640 1447 4696 progressu
1493 4623 1672 4677 dicit:
1721 4623 1866 4677 237
1908 4646 1932 4671 α
1964 4625 2065 4678 Ju-

425 4713 650 4766 stitiam
682 4713 781 4766 Dei
815 4729 920 4782 per
960 4713 1137 4767 ﬁdem
1194 4715 1329 4766 .Iesu
1389 4712 1620 4766 Christi.
1661 4733 1688 4759 »
1747 4711 1895 4775 Quid
1954 4729 2064 4767 nos

422 4817 582 4871 ergo,
617 4801 831 4870 inquit,
865 4802 1122 4871 amplius
1151 4802 1510 4872 percipimus
1532 4801 1559 4854 ?
1588 4801 1884 4854 Justitiam
1934 4817 2063 4870 quas

417 4897 507 4945 est
533 4905 601 4944 ex
625 4888 758 4944 ﬁde.
787 4891 929 4944 Nam
963 4897 1137 4945 antea
1168 4891 1414 4946 redditis
1445 4890 1640 4944 causis
1673 4888 2062 4944 ostendimus.

416 4976 720 5044 Quomodo
751 4984 948 5033 autem
1005 4985 1179 5033 antea
1229 4979 1475 5034 redditis
1521 4980 1712 5034 causis
1762 4977 2069 5034 ostendit?

420 5071 650 5126 Grazcos
666 5068 907 5140 quidem
933 5067 1339 5139 redarguendo
1363 5069 1519 5139 quod
1544 5069 1944 5140 cognitionem
1964 5085 2068 5123 na-

423 5159 675 5215 turalem
700 5158 1201 5229 corrupissent,cu
1212 5173 1265 5210 n1
1284 5158 1420 5211 aitzu
1442 5159 1594 5212 Deus
1609 5158 1768 5212 enim
1793 5157 1934 5228 ipsis
1953 5174 2071 5211 ma-

415 5249 768 5315 nifestavit,»
787 5254 894 5303 etzu
923 5249 1061 5300 Cum
1082 5247 1261 5300 Deum
1287 5247 1752 5317 cognovissent,»
1776 5264 1894 5301 non
1919 5247 2072 5301 sicut

416 5338 599 5392 Deum
631 5338 1114 5411 gloriﬁcaverunt
1146 5341 1246 5390 aut
1275 5337 1492 5408 gratias
1524 5343 1794 5408 egerunt.
1839 5335 2070 5390 Judaeos

415 5442 550 5480 vero
573 5429 718 5497 legis
747 5434 1237 5498 transgressores,
1272 5443 1405 5480 cum
1429 5425 1574 5481 dicit
1601 5443 1613 5480 :
1651 5449 1677 5476 ‹‹
1712 5427 1818 5490 Qui
1850 5427 1910 5480 in
1943 5425 2068 5496 lege

419 5514 723 5586 gloriaris,
759 5539 785 5564 »
818 5524 876 5572 et
905 5516 1227 5572 ostendens
1259 5515 1417 5587 quod
1449 5514 1607 5586 apud
1653 5514 1790 5570 illos
1829 5513 2068 5584 quidem

487 5683 532 5722 ιο
562 5686 730 5740 Rom.
761 5701 816 5751 ν,
849 5686 937 5737 20.

2171 4620 2236 4675 Τί
2295 4620 2384 4674 οὖν
2443 4619 2773 4692 κατὲ7.ομεν,
2830 4619 2978 4698 φησῗ,
3033 4621 3284 4694 περισσὸν
3347 4622 3509 4693 ἡμεῖς
3548 4640 3560 4687 ;
3593 4623 3702 4690 Τήν
3763 4621 3824 4676 ἐκ

2172 4708 2405 4769 πίστεως
2440 4705 2809 4776 δικαιοσύνην.
2858 4708 3307 4782 Προῃτιασάμεθα
3363 4711 3468 4784 γᾶρ
3525 4707 3830 4772 Ἰουδαίους

2172 4819 2228 4852 τε
2258 4799 2347 4851 καὶ
2379 4795 2675 4866 Ἕλληνας.
2736 4799 2862 4860 Πῶς
2918 4793 2973 4851 δὲ
3027 4798 3398 4872 προῃτιάσατο
3435 4818 3447 4867 ;
3481 4798 3531 4853 ἐν
3574 4804 3652 4871 τῷ
3692 4799 3830 4855 Ἕλ-

2177 4884 2347 4955 ληνας
2411 4886 2506 4958 μὲν
2558 4883 2868 4958 ἀπελέγξαι,
2958 4885 3369 4961 διαφθείραντας
3423 4888 3522 4955 τήν
3589 4889 3822 4963 φυσικήν

2176 4979 2398 5048 γνῶσιν,
2451 4972 2502 5027 ἐν
2563 4975 2642 5034 οἷς
2701 4971 2823 5050 ἔφη’
2887 4999 2912 5024 ‹‹
2967 4975 3027 5030 Ὁ
3059 4975 3188 5036 Θεὸς
3257 4975 3360 5050 γὰρ
3418 4976 3602 5037 αὐτοῖς
3629 4976 3828 5050 ἐφανέ-

2179 5083 2338 5138 ρωσε.
2374 5088 2401 5114 ››
2437 5065 2560 5130 Καὶ,
2597 5087 2623 5112 ‹‹
2655 5064 2780 5120 ’Ὁτι
2832 5058 3046 5137 γνόντες
3102 5065 3191 5118 τὸν
3248 5065 3401 5133 Θεὸν,
3458 5065 3562 5120 οὐχ
3593 5066 3669 5129 ὡς
3700 5065 3827 5122 Θεὸν

2177 5149 2428 5222 ἐδόξασαν
2487 5155 2520 5222 ἢ
2569 5152 2988 5227 εὐχαρίστησαν.
3024 5177 3044 5204 ι
3105 5151 3401 5216 Ἰουδαίους
3452 5153 3528 5221 δὲ,
3585 5152 3824 5228 παραϐε-

2179 5237 2416 5309 ἕηκότας
2443 5242 2531 5297 τὸν
2564 5242 2759 5314 νόμον,
2792 5238 2858 5295 ’δι’
2892 5243 2966 5295 ὧν
2996 5261 3178 5320 φησιν’
3214 5267 3241 5294 cc
3272 5245 3367 5304 ’⁸ος
3400 5242 3450 5298 ἐν
3483 5245 3638 5316 νόμῳ
3692 5267 3827 5299 καυ-

2179 5336 2364 5405 χᾶσαι.
2401 5355 2429 5382 ››
2462 5331 2563 5387 Καὶ
2596 5328 2768 5400 δείξας
2814 5329 2895 5385 ὅτι
2953 5333 3079 5406 παρ’
3135 5334 3220 5394 οἷς
3284 5333 3377 5405 μὲν
3410 5336 3443 5402 ἡ
3479 5335 3634 5410 φύσις
3665 5335 3825 5404 ἠσθε-

2180 5440 2332 5490 νησε,
2363 5420 2488 5493 παρ’
2521 5422 2602 5481 οἷς
2633 5417 2687 5474 δὲ
2719 5419 2808 5473 καὶ
2839 5422 2872 5488 ἡ
2919 5420 3076 5492 φύσις
3134 5420 3222 5475 καὶ
3281 5421 3308 5476 ὁ
3337 5421 3528 5495 νόμος,
3583 5421 3826 5478 ἀκολού-

2182 5511 2290 5572 θως
2319 5510 2416 5576 την
2450 5507 2510 5563 ἐκ
2539 5513 2634 5563 τοῦ
2667 5506 3006 5585 Εὐαγγελίου
3047 5511 3207 5584 χάριν
3266 5509 3491 5583 εἰσάγει,
3522 5512 3613 5567 καί
3673 5529 3824 5588 φησι’
