4126 6256
269 386 406 450 377

297 619 647 695 ρετονςτὴν
678 620 882 678 πίστιν
930 629 1047 696 τὴν
1105 625 1200 682 διὰ
1255 629 1427 698 Ἰησοῦ
1484 631 1741 704 Χριστοῦ,
1802 624 2011 681 δικαιο-

315 709 482 781 σῦνης
509 709 673 764 οὖσαν
710 711 1190 788 ἀπεργαστικήν.

989 990 1249 1045 ΚΕΦΑΛ.
1299 989 1372 1043 Ε“.

355 1096 499 1169 Περί
542 1091 890 1169 χάριτοςᾼδΰ
957 1095 1029 1169 ᾗς
1092 1094 1361 1169 ἄνθρωποι
1426 1097 1608 1169 μόνον
1653 1095 2013 1163 δικαιοῦνται,

547 1163 686 1241 ’κατά
738 1165 895 1241 γένος
958 1163 1436 1241 διοικεκριι.ι.ένως,⁷
1478 1166 1625 1241 ἀλλά
1681 1169 1816 1223 κατά
1881 1172 2014 1222 Θεοῦ

434 1235 584 1292 δόσιν
615 1234 874 1309 ἰσοτίμως
910 1240 1050 1293 κατὰ
1078 1234 1169 1293 τὸν
1201 1234 1451 1314 ’Ἀϐρααμ
1477 1239 1665 1295 τύπον.

427 1343 499 1400 Τί
554 1345 646 1398 οὖν
699 1363 714 1411 ;
773 1345 1183 1419 προεχόμεοα;
1244 1347 1320 1402 Οὐ
1385 1347 1618 1408 παντως·
1678 1346 2017 1421 προῃτιασά-

347 1443 495 1506 μεθα
543 1433 650 1508 γὰρ
711 1429 1011 1494 Ἰουδαίους
1069 1455 1126 1488 τε
1185 1434 1273 1488 καὶ
1330 1432 1611 1504 Ἕλληνας
1665 1435 1866 1496 πάντας
1927 1435 2012 1513 ὑφ’

346 1522 634 1597 ἀμαρτίαν
694 1523 853 1586 εἶναι,
920 1524 1102 1584 καθὼς
1162 1521 1479 1599 γέγραπται,
1539 1524 1622 1578 ὅτι
1707 1524 1815 1578 Οὐκ
1900 1522 2012 1578 ἔστι

347 1609 579 1671 δίκαιος
677 1607 804 1665 οὐδὲ
903 1613 1004 1672 εἶς’
1109 1610 1207 1666 οὐκ
1305 1606 1446 1666 ἔστιν
1521 1613 1549 1667 ὁ
1625 1614 1840 1676 συνιὼν,

351 1700 500 1757 ἔστιν
576 1702 607 1754 ὁ
677 1700 918 1769 ἐκζητῶν
995 1702 1088 1755 τὸν
1182 1703 1334 1758 Θεόν,
1430 1703 1632 1764 Πάντες
1724 1701 2014 1771 ἐξέκλιναν,

349 1795 466 1864 ἅμα
525 1791 940 1866 ἠχρειώθησαν·
1004 1792 1102 1845 οὐκ
1188 1791 1300 1846 ἔστι
1384 1798 1556 1847 ποιῶν
1643 1793 2016 1867 χρηστότητα,

353 1879 453 1935 οὐκ
503 1876 654 1935 ἔστιν
723 1878 829 1941 ἓως
888 1881 1027 1941 ένός.
1087 1880 1272 1954 Τάφος
1326 1881 1666 1958 ἀνεῳγμένος
1726 1883 1753 1935 ὁ
1813 1880 2015 1958 λάρυγξ

354 1970 558 2023 αὐτῶν·
667 1973 790 2029 ταῖς
880 1971 1158 2042 γλώσσαις
1247 1969 1422 2024 αὐτῶν
1509 1967 1845 2024 ἐδολιοῦσαν.
1933 1971 2015 2031 ib;

356 2055 600 2114 ἀσπίδων
677 2058 784 2112 ὑπὸ
851 2058 916 2112 τά
999 2057 1165 2136 χείλη
1261 2060 1452 2114 αὐτῶν.
1527 2062 1623 2114 Ὧν
1696 2060 1758 2114 τὸ
1841 2059 2015 2133 στόμα

368 2149 482 2221 ἀρᾶς
545 2147 644 2202 καὶ
717 2147 942 2221 πικρίας
1010 2147 1186 2222 γέμειτ
1257 2147 1396 2218 ὀξεῖς
1471 2150 1522 2203 οἱ
1606 2146 1769 2210 πόδες
1835 2147 2010 2202 αὐτῶν

379 2235 544 2310 ﬁliai
597 2240 760 2308 αἷμα.
820 2236 1144 2311 Σύντριμμα
1227 2238 1317 2292 καὶ
1374 2238 1722 2312 ταλαιπωρία
1788 2236 1840 2291 έν
1894 2243 2012 2298 ταῖς

378 2323 513 2386 ὁδοῖς
566 2325 759 2381 αὐτῶν.
825 2323 924 2378 Καὶ
983 2321 1106 2379 ὁδὸν
1163 2325 1392 2399 εἲρήνης
1451 2326 1550 2381 οὐκ
1589 2323 1854 2393 ἔγνωσαν,
1913 2325 2013 2380 οὐκ

374 2411 471 2468 ἔστι
531 2411 693 2491 φόϐος
755 2418 892 2469 Θεοῦ
951 2412 1201 2468 ἀπέναντι
1258 2420 1362 2470 τῶν
1419 2414 1722 2495 ὀφθαλμῶν
1807 2416 2006 2474 αὐτῶν,

426 2505 488 2560 Τί
543 2504 635 2558 οὖν
700 2502 1109 2578 προεχόμεθα;
1167 2505 1240 2558 Τὸ
1325 2505 1532 2579 χωρίον
1588 2508 1749 2558 τοῦτο
1811 2502 2010 2566 διττῶς

370 2593 567 2648 δύναται
636 2593 1075 2670 ἀναγνωσθῆναι,
1143 2593 1231 2647 καὶ
1327 2591 1422 2648 δύο
1487 2594 1573 2647 καὶ
1641 2594 1738 2655 τὰς
1803 2592 2006 2655 ἐννοίας

371 2684 522 2762 ἱχειν,
555 2685 703 2738 Μίαν
737 2683 860 2753 μὲν,
893 2682 966 2743 ὠς
994 2682 1099 2738 ἀπὸ
1144 2689 1250 2737 τῶν
1316 2681 1591 2740 Ἰουδαίων
1650 2683 2006 2757 προτεινόμε-

371 2794 468 2842 νον,
496 2771 682 2845 ἑτέραν
716 2769 797 2839 δὲ,
849 2771 926 2832 ὡς
978 2771 1086 2825 ἀπὸ
1139 2776 1246 2826 τῶν
1310 2770 1361 2826 έν
1418 2767 1747 2846 ἀκροϐυστίᾳ
1803 2776 2007 2826 πιστῶν

361 2857 835 2937 προϐαλλόμενον.
892 2859 960 2917 Εἰ
1023 2859 1115 2934 μέν
1175 2862 1281 2936 γὰρ
1337 2860 1673 2937 ἀναγνῶμεν,
1743 2883 1765 2911 ε
1798 2862 1864 2918 Τί
1917 2863 2007 2916 οὗν

351 2953 748 3027 προεχόμεθα;
782 2975 810 3000 ››
841 2951 956 3022 ἃμα
987 2949 1320 3026 συνείροντες
1367 2955 1445 3022 τῷ
1476 2950 1871 3026 ἐρωτηματικῷ
1905 2973 2006 3022 μο-

351 3044 444 3115 ρίῳ
473 3043 579 3110 τὸς
616 3066 645 3092 ‹‹
685 3040 1073 3114 Προεχόμεθα,
1116 3063 1144 3090 »
1183 3039 1256 3101 ὡς
1288 3039 1393 3095 ἀπὸ
1422 3046 1530 3095 τῶν
1576 3038 1852 3096 Ἰουδαίων
1907 3038 2008 3108 δη·-

353 3129 540 3184 λοῦται
569 3128 1019 3202 προτεινόμενον,
1051 3127 1141 3182 καὶ
1173 3125 1374 3182 ἔννοιαν
1407 3126 1529 3203 ἔχοι
1576 3128 1636 3183 ἄν
1683 3131 1905 3197 ταύτην·
1937 3130 2005 3184 Τί

367 3217 483 3285 οὖν,
536 3218 694 3294 omni,
738 3216 1074 3292 προέχομεν,
1134 3217 1224 3272 καὶ
1277 3217 1332 3272 τί
1416 3215 1804 3292 ἐκερδήσαμεν,
1862 3237 2001 3288 προ-

1446 407 1846 469 ΟΟΝΜΕΝΤ.
1896 406 1980 466 1N
2028 402 2279 466 EPIST.
2325 407 2428 464 AD
2479 405 2663 465 ROM.

264 522 332 581 τί.
357 517 577 600 ’ἔχομεν
608 528 794 602 ἡμεῖς
832 531 897 589 έγ
936 538 1058 608 τῆς
1126 540 1354 614 χάριτος
1409 540 1662 615 περισσὸν
1715 537 1805 594 καὶ
1862 536 2002 607 ἐξαί-
2035 543 2080 606 Α

1919 1612 2018 1667 οὐκ

3644 407 3765 469 378

2115 538 2410 593 inﬁrmior
2437 539 2550 593 fuit
2579 543 2810 605 natura,
2846 538 3002 611 apud
3029 538 3141 594 hoc
3197 543 3395 596 autem
3451 546 3510 596 et
3557 542 3649 598 lex
3709 549 3767 600 et

2118 634 2348 684 natura.
2368 629 2747 684 Consecutive
2765 631 3012 702 gratiam
3045 646 3175 699 quae
3207 635 3297 684 est
3331 647 3400 684 ex
3448 633 3760 704 Evangelio

2117 717 2366 785 inducit,
2403 723 2460 773 et
2488 719 2600 774 ait:
2635 719 2782 784 Quid
2813 736 2922 773 nos
2955 735 3024 773 ex
3062 720 3250 791 gratia
3306 719 3594 776 habemus
3640 739 3766 777 am-

2118 808 2275 880 plius
2308 813 2366 864 et
2395 809 2742 865 excellens?
2800 808 3001 864 Fidem
3061 827 3194 880 qua)
3250 826 3356 880 per
3409 812 3612 866 Jesum
3662 813 3770 883 ju-

2117 895 2292 950 stitiaa
2324 897 2620 968 operatrix
2652 902 2759 952 est.

2771 987 2998 1041 CAPUT
3036 985 3103 1041 V.

2125 1094 2195 1146 De
2223 1096 2410 1162 gratia
2456 1110 2568 1163 qua
2621 1093 2736 1148 sola
2794 1094 3038 1148 homines
3085 1095 3490 1164 justiﬁcantur,
3548 1097 3764 1152 nullum

2189 1166 2543 1220 discernenda
2572 1181 2761 1234 genus,
2802 1166 2896 1220 sed
2945 1167 3041 1219 Dei
3098 1165 3244 1220 dona
3288 1167 3463 1236 juxta
3519 1169 3759 1223 Abrahae

2191 1243 2382 1306 typum
2421 1238 2712 1306 aequaliter
2737 1239 3100 1291 honorantur.

2193 1342 2338 1408 Quid
2365 1346 2538 1414 igitur
2558 1349 2586 1398 ?
2604 1345 2974 1414 pi'a’ccllimus
2996 1348 3024 1398 ?
3053 1345 3213 1399 Nullo
3244 1345 3424 1399 modo.
3487 1348 3624 1402 Nam
3667 1365 3772 1402 an-

2123 1438 2209 1487 tea
2242 1433 2475 1488 redditis
2505 1437 2681 1489 causis
2713 1435 3047 1488 ostendimus
3093 1441 3144 1488 et
3188 1435 3402 1490 Iudaeos
3453 1442 3506 1490 et
3553 1437 3770 1493 Gra’cos

2121 1525 2350 1578 omnino
2373 1524 2471 1577 sub
2492 1530 2715 1593 peccato
2745 1540 2874 1592 esse,
2906 1526 3044 1578 sicut
3071 1527 3336 1594 scriptum
3381 1532 3458 1579 est
3483 1543 3502 1578 :
3547 1529 3659 1581 Non
3691 1534 3771 1582 est

2112 1613 2318 1681 justus,
2353 1629 2420 1666 ne
2450 1629 2590 1667 unus
2621 1612 2859 1682 quidem,
2895 1630 3002 1667 non
3035 1620 3108 1668 est
3139 1614 3240 1682 qui
3259 1615 3671 1682 intelligat,non
3692 1621 3771 1669 est

2121 1704 2218 1771 qui
2248 1705 2508 1771 exquirat
2539 1704 2702 1756 Deum
2729 1718 2954 1766 ;omnes
2975 1703 3409 1768 declinaverunt,
3441 1705 3606 1758 simul
3635 1707 3768 1758 inu-

2124 1791 2243 1846 tiles
2273 1791 2416 1860 facti
2452 1799 2598 1861 sunt,
2631 1808 2739 1845 non
2765 1801 2843 1846 est
2873 1795 2970 1860 qui
2999 1791 3177 1860 faciat
3210 1793 3528 1860 bonitatem,
3562 1810 3668 1848 non
3691 1801 3768 1848 est

2125 1881 2378 1950 usquead
2405 1896 2590 1934 unum.
2641 1880 2964 1950 Sepulcrum
3018 1888 3269 1950 apertum
3317 1889 3512 1952 guttur
3561 1899 3769 1948 eorum,

2130 1970 2334 2038 linguis
2361 1973 2472 2024 suis
2502 1969 2683 2024 dolose
2731 1971 2985 2040 agebant,
3043 1987 3307 2025 venenum
3363 1972 3616 2041 aspidum
3673 1973 3770 2027 sub

2125 2057 2284 2112 labiis
2323 2074 2526 2113 eorum.
2563 2061 2803 2124 Quorum
2833 2075 2890 2113 os
2920 2061 3291 2114 exsecratione
3311 2067 3364 2114 et
3397 2062 3770 2116 amaritudine

2113 2147 2341 2215 plenum
2372 2153 2468 2213 est,
2499 2149 2703 2202 veloces
2724 2149 2891 2217 pedes
2920 2165 3105 2203 eorum
3135 2149 3208 2203 ad
3234 2149 3621 2219 effundendum
3643 2166 3766 2204 san-

2117 2235 2384 2303 guinemi.
2420 2238 2689 2290 Contritio
2719 2245 2770 2290 et
2800 2240 3022 2292 miseria
3051 2241 3108 2292 in
3139 2241 3241 2293 viis
3261 2240 3642 2293 eorum.Viam
3658 2255 3761 2308 pa-

2116 2327 2191 2378 cis
2221 2341 2329 2378 non
2357 2333 2749 2393 cognoverunt,
2781 2343 2891 2379 non
2923 2334 2999 2381 est
3032 2329 3194 2380 timor
3223 2329 3322 2381 Dei
3363 2345 3545 2382 coram
3588 2329 3758 2384 oculis

2116 2430 2300 2468 eorum
2313 2456 2321 2468 ι

2187 2503 2339 2558 288
2373 2501 2434 2556 Τί
2467 2503 2558 2556 οὖν
2585 2498 2974 2577 προεχόμεῡα;
3013 2505 3338 2576 Dupliciter
3393 2505 3505 2577 legi
3561 2513 3756 2576 potest

2113 2593 2239 2648 haec
2252 2593 2543 2663 particula
2555 2609 2622 2648 ac
2634 2592 2931 2664 duplicem
2953 2593 3171 2648 habere
3193 2595 3761 2650 sententiam.Unam

2113 2682 2352 2752 quidem
2383 2689 2450 2736 ut
2479 2699 2513 2737 a
2543 2683 2760 2738 Judaais
2793 2683 3020 2753 prolata
3053 2684 3148 2746 sit,
3183 2683 3430 2738 alteram
3465 2701 3600 2739 vero
3631 2690 3698 2739 ut
3727 2703 3762 2740 a

2111 2772 2478 2842 praeputiatis
2512 2771 2786 2827 ﬁdelibus
2819 2772 2879 2826 in
2913 2772 3172 2827 medium
3197 2774 3495 2828 aﬂ'eratur.
3527 2774 3757 2830 Etenim

2113 2860 2159 2914 si
2194 2859 2478 2931 legamus.
2522 2861 2670 2925 Quid
2703 2877 2837 2933 ergo
2872 2862 3290 2932 praecellimus,
3325 2863 3503 2916 simul
3535 2879 3756 2918 conne-

2111 2954 2336 3004 ctentes
2349 2955 2485 3003 ante
2501 2949 2975 3022 interrogativam
2991 2950 3341 3021 particulam
3360 2951 3594 3006 verbum
3607 2954 3755 3006 Pras-

2111 3038 2404 3106 cellimus,
2439 3044 2573 3093 tunc
2615 3040 2779 3108 quasi
2815 3056 2847 3092 a
2875 3039 3092 3094 Iudaeis
3121 3039 3415 3110 prolatum
3441 3041 3747 3110 signiﬁca-

2111 3131 2208 3180 tur
2237 3145 2247 3180 :
2285 3133 2344 3181 et
2372 3128 2524 3182 hanc
2554 3132 2747 3198 potest
2778 3127 2996 3182 habere
3049 3127 3504 3199 intelligentiam
3539 3145 3552 3180 :
3602 3128 3752 3193 Quid

2111 3232 2269 3286 ergo,
2305 3216 2406 3272 ait.
2439 3216 2837 3287 praecellimus
2865 3221 2922 3270 et
2953 3217 3095 3287 quid
3135 3217 3560 3283 lucrifecimus,
3593 3217 3752 3287 quod

372 3307 641 3378 κριθέντες
662 3311 761 3359 τῶν
789 3301 1190 3382 ἀκροϐύστωνς
1248 3305 1387 3381 Πρὸς
1448 3306 1538 3368 οὓς
1595 3307 1682 3371 τὸ,
1733 3305 1811 3363 Οὐ
1868 3305 2000 3360 πάν-

2116 3305 2482 3376 przeputiatis
2515 3321 2721 3359 sumus
2772 3305 3122 3376 praepositi?
3165 3305 3380 3375 quibus
3430 3306 3602 3360 datur
3649 3306 3754 3361 illa

375 3414 508 3460 τως,
541 3393 810 3466 ἀπόκρισις
860 3392 1210 3450 ἀποδίδοταιο
1270 3394 1563 3463 τουτέστιν,
1615 3395 1729 3452 Οὐκ
1777 3395 1836 3449 ἐκ
1881 3415 2005 3448 παν-

377 3482 467 3543 τὸς
497 3485 697 3556 τρόπου
724 3482 906 3559 κέρδος
940 3487 1078 3558 ἥμιν
1111 3489 1291 3542 τοῦτο.
1325 3487 1413 3555 Μὴ
1461 3483 1724 3562 φυλάξασι
1781 3485 1880 3558 γὰρ
1937 3483 2004 3538 τὰ

374 3571 800 3643 έμπιστευθέντα,
888 3571 1015 3628 οὐδὲ
1101 3572 1198 3646 μία
1280 3571 1531 3650 διαφορὰ,
1614 3571 1739 3628 οὐδὲ
1786 3570 1999 3647 κέρδος,

367 3661 502 3716 ἀλλὰ
527 3664 612 3716 καὶ
645 3665 680 3732 ὴ
712 3665 960 3736 τιμωρία
1004 3664 1222 3736 μείζων.
1279 3663 1466 3725 Οὕτως
1527 3665 1619 3736 μέν
1672 3669 1715 3718 εἱ
1765 3661 1815 3717 ἐν
1878 3684 2000 3717 συν-

366 3754 505 3820 επείᾳ
535 3754 615 3822 τὸ,
648 3753 712 3806 Τί
743 3752 862 3820 οὖν,
926 3753 1060 3826 μετά
1097 3757 1193 3807 τοῦ
1242 3753 1595 3832 προεχόμεθά
1639 3775 1722 3815 τις
1771 3752 1997 3826 ἀναγνῷ.

360 3839 420 3896 ΕΞ
480 3837 532 3894 δὲ
584 3841 730 3895 κατά
791 3837 1086 3910 διαστολὴν
1135 3840 1302 3919 ἄμφω
1359 3847 1530 3896 ποιῶν
1591 3841 1998 3916 ἐρωτηματικὰ,

348 3931 544 3995 καὶτὸ,
577 3930 634 3983 τί
701 3930 823 3997 οὗν,
880 3930 970 3984 καὶ
1023 3932 1086 3985 τὸ
1143 3931 1514 4005 προεχόμεθα⁶
1573 3931 1664 3985 καὶ
1723 3931 1827 3985 ἀπὸ
1889 3934 1997 3984 τῶν

337 4015 702 4094 ἀκροὸύστων
733 4023 940 4072 πιστῶν
1003 4019 1088 4089 εἴη
1149 4018 1209 4074 ἄν
1271 4017 1724 4095 διαπορο·3ι.ιενον.
1776 4017 1996 4088 Ἐπειδή

331 4111 435 4183 γὰρ
470 4113 746 4183 προεῖπεν
779 4107 863 4161 δτι
921 4106 1064 4162 πολὺ
1122 4108 1184 4162 τὸ
1248 4109 1500 4183 περισσὸν
1557 4114 1654 4163 τ(ιῦ
1711 4106 1997 4178 Ἰουδαίου,

331 4196 527 4272 ἐπάγει
560 4191 967 4269 ὁάκρόϐυστος
1019 4195 1291 4270 διαπορῶν
1351 4198 1439 4251 καὶ
1489 4195 1686 4270 λέγων’
1737 4199 1802 4254 Τί
1862 4199 1995 4266 οὗν;

331 4287 755 4361 Προεκρίθησαν
789 4284 1008 4354 ἐκεῖνοι,
1041 4281 1370 4360 προέλαϐον,
1430 4289 1593 4360 ἡμεῖς
1639 4284 1995 4363 προελήφθη·

339 4397 460 4447 μεν,
490 4375 896 4449 προεχόμεθα;
927 4380 1034 4429 ποῦ
1068 4379 1102 4444 ἡ
1131 4380 1229 4430 τοῦ
1259 4381 1392 4432 Θεοῦ
1458 4373 1772 4446 δικαιοσύνη
1811 4394 1825 4444 ;
1860 4375 1995 4450 πρὸς

341 4464 438 4525 οὓς
469 4466 496 4518 ὁ
529 4469 679 4528 θεῖος
711 4462 930 4525 Παῦλός
991 4485 1144 4541 φησι,
1205 4466 1297 4535 Μή
1336 4465 1584 4539 γένοιτοί
1649 4467 1727 4522 Οὐ
1783 4463 1997 4526 πάντως

344 4554 670 4630 γὰρμρησί.
733 4554 828 4621 Μὴ
885 4555 1320 4629 κατορθώσαντες
1380 4555 1495 4628 μὲν,
1557 4552 1798 4610 ὑπαίτιοί
1840 4553 1994 4622 εἰσιν,

2112 3394 2457 3464 responsio:
2494 3393 2662 3448 Nullo
2695 3394 2892 3461 modo,
2925 3395 3037 3449 hoc
3087 3400 3196 3461 est,
3246 3395 3305 3449 id
3359 3395 3524 3450 nullo
3574 3395 3749 3450 modo

2109 3482 2284 3537 nobis
2317 3482 2487 3537 cedet
2518 3483 2703 3549 lucro,
2740 3484 2840 3554 qui
2874 3500 2995 3539 non
3029 3485 3386 3540 servavimus
3417 3503 3547 3556 quae
3579 3484 3752 3540 nobis

2111 3574 2430 3630 commissa
2467 3581 2673 3631 erant:
2707 3593 2899 3646 neque
2949 3577 3073 3630 ulla
3123 3577 3474 3633 excellentia
3519 3583 3620 3632 aut
3668 3577 3752 3631 lu-

2110 3681 2295 3729 crum,
2332 3665 2472 3736 quin
2506 3665 2700 3736 potius
2731 3666 2924 3720 acrior
2949 3683 3137 3736 poma.
3174 3669 3260 3722 Ita
3291 3667 3527 3737 quidem
3552 3666 3752 3720 decla—

2109 3760 2273 3808 ratur
2303 3755 2350 3808 si
2385 3755 2516 3825 quis
2549 3756 2609 3809 in
2640 3757 3062 3826 consequentia
3094 3757 3268 3828 legat,
3303 3756 3450 3820 Quid
3479 3772 3636 3825 ergo,
3670 3755 3749 3808 si-

2109 3845 2233 3899 mul
2261 3861 2394 3898 eum
2449 3841 2800 3920 προεχόμεθα
2850 3846 2936 3912 (ut
2991 3845 3286 3909 signiﬁcet
3335 3842 3751 3914 praecedimus).

2109 3933 2166 3986 Si
2199 3949 2334 3986 vero
2365 3949 2469 4002 per
2489 3933 3277 4003 distinctionem,utrumque
3305 3932 3750 3987 faciatinterro-

2107 4022 2384 4094 gativum,
2417 4027 2475 4076 et
2503 4020 2563 4074 τὸ
2597 4018 2690 4073 οὖν
2714 4028 2772 4075 et
2800 4019 3149 4094 προεχόμεθα
3176 4040 3188 4086 ;
3224 4028 3281 4076 et
3319 4039 3353 4076 a
3382 4020 3750 4093 praeputiatis

2109 4110 2382 4166 ﬁdelibus
2414 4111 2472 4164 in
2505 4111 2893 4181 quaestionem
2921 4112 3220 4166 all‘eratur.
3256 4112 3402 4176 Quia
3425 4111 3581 4164 enim
3608 4127 3752 4180 pra:-

2108 4199 2255 4254 dixit
2284 4198 2532 4254 multam
2561 4215 2688 4252 esse
2719 4199 2901 4254 Judaei
2963 4200 3396 4262 excellentiam,
3447 4199 3752 4270 subjungit

2107 4287 2433 4343 dubitando
2463 4288 2849 4358 prarputiatus
2877 4293 2935 4342 et
2963 4288 3076 4343 ait:
3118 4287 3268 4352 Quid
3326 4304 3462 4359 ergo
3486 4288 3511 4340 ?
3567 4291 3746 4341 Ante-

2107 4378 2280 4449 positi
2315 4383 2453 4431 sunt
2482 4378 2566 4432 illi
2599 4395 2667 4433 ac
2697 4383 3142 4450 praeverterunt,
3177 4395 3285 4433 nos
3341 4393 3475 4432 vero
3523 4394 3749 4447 praeoc—

2108 4467 2306 4538 cupati
2338 4484 2543 4522 sumus
2573 4474 2631 4522 et
2669 4468 2979 4539 superati?
3011 4469 3176 4532 (Nam
3216 4468 3297 4522 ita
3326 4467 3554 4538 passive
3587 4468 3752 4538 capi-

2107 4565 2204 4614 tur
2227 4560 2619 4633 προεχόμεθας,
2649 4561 2748 4616 ubi
2782 4568 2871 4616 est
2901 4562 3001 4616 Dei
3027 4560 3306 4632 justitia?
3347 4560 3570 4625 Quibus
3603 4559 3752 4613 divi-

350 4640 535 4714 ὦσπερ
597 4642 686 4697 καὶ
748 4643 905 4713 ὑμεῖς
962 4643 1037 4716 μή
1097 4646 1557 4718 κατορθώσαντες,
1623 4644 2000 4717 κατορθωσάν-

2116 4666 2218 4703 nus
2245 4650 2482 4716 Paulus,
2520 4651 2685 4704 Absit
2713 4651 2725 4704 ί
2760 4651 2974 4720 inquit,
3008 4650 3172 4704 nullo
3205 4648 3399 4704 modo.
3443 4649 3534 4703 llli
3569 4650 3615 4704 si
3635 4649 3747 4703 vir-

352 4749 464 4783 των
495 4729 552 4785 δέ
580 4733 875 4804 ἑκατέρων,
926 4729 1017 4801 ἴση
1052 4735 1086 4799 ἡ
1126 4733 1390 4805 σωτηρία,
1446 4733 1583 4788 ὥστε
1636 4733 1700 4786 οὐ
1759 4733 1998 4810 προέχει

354 4820 472 4874 σθε.
502 4853 563 4862 -
595 4818 847 4882 Ἀλλως.
882 4820 1166 4896 Μάχεσθαι
1217 4818 1368 4876 δοκεῖ
1419 4823 1482 4876 τὸ
1513 4845 1537 4874 α
1591 4821 1659 4878 Τί
1717 4821 1810 4875 οὖν
1860 4840 1998 4892 προ-

359 4906 614 4979 εχόμεθα,
644 4933 674 4962 ››
707 4909 798 4963 καὶ
831 4910 974 4978 έξῆς,
1019 4911 1152 4983 πρὸς
1211 4911 1273 4966 τὸ
1332 4911 1644 4985 εἰρημένον,
1703 4911 1785 4965 ὅτι
1847 4907 1998 4963 Ιιολὺ

354 4999 494 5050 κατᾶ
518 5001 686 5054 πάντα
713 4997 920 5073 τρόπον
970 5000 1032 5053 τὸ
1089 5001 1340 5074 περισσὸν
1398 5005 1504 5054 τῶν
1550 4997 1849 5071 Ἰουδαίων,
1907 5001 1996 5055 καὶ

346 5085 384 5152 ἠ
422 5085 652 5164 ὠφέλεια
683 5095 789 5156 τῆς
823 5095 1150 5163 περιτομῆς.
1185 5090 1341 5164 Λέγει
1400 5089 1502 5164 γάρ
1562 5089 1672 5144 ἐκεῖ
1723 5090 1816 5162 μὲν
1859 5111 1998 5164 προ-

338 5176 640 5249 κεκρίσθαι,
727 5177 818 5231 καὶ
887 5174 1058 5232 πλέον
1161 5178 1289 5240 τοὺς
1387 5176 1803 5252 περιτετμένους
1888 5180 1994 5233 τῶν

338 5260 694 5336 ἆκροϐόστων
754 5262 924 5341 ἔχειν,
985 5266 1212 5330 ἐνταῦθα
1269 5263 1325 5321 δέ
1384 5266 1534 5323 οὐδέν
1585 5269 1866 5345 προέχειν.
1926 5272 1995 5324 ’Ή

342 5352 460 5406 οὐκ
516 5351 627 5410 ἔστι
688 5355 1061 5431 μαχόμενον;
1120 5357 1266 5412 Ἐκεῖ
1317 5357 1409 5428 μὲν
1471 5357 1574 5432 γάρ
1622 5356 1788 5411 πλέον
1849 5351 1994 5432 ἔχειν

343 5444 530 5515 φησὶν,
599 5446 704 5500 ἀπὸ
758 5453 862 5515 τῆς
951 5445 1362 5521 φιῖανθρωπίας
1414 5447 1505 5500 καὶ
1589 5445 1847 5517 ἀληθείας
1901 5451 1996 5502 τοῦ

347 5534 505 5603 Θεοῦ,
539 5534 709 5590 ὅτιτά
749 5535 922 5608 Λόγια
969 5535 1401 5605 κατεπίστευσεν,
1461 5534 1543 5590 ὅτι
1597 5535 1690 5596 τὰς
1750 5534 1996 5610 ὑποσχέ-

340 5639 460 5682 σεις
502 5621 817 5701 ἐπλήρωσε,
877 5623 955 5696 μή
1015 5621 1283 5686 κωλυθεὶς
1345 5623 1450 5678 ὑπὸ
1502 5627 1610 5678 τῶν
1666 5623 1996 5694 ἀπιστησάν-

335 5729 476 5768 των.
542 5715 800 5778 Ἐνταῦθα
886 5708 948 5766 δὶ
995 5709 1151 5788 labra
1207 5712 1325 5768 καθ’
1382 5711 1546 5767 ἑαυτὰ
1607 5712 1694 5788 τὰ,
1729 5712 1996 5787 πρόσωπα

2108 4744 2262 4793 tutes
2289 4739 2528 4808 quidem
2549 4739 2822 4810 bonaque
2853 4756 3033 4810 opera
3054 4739 3376 4810 negligant,
3400 4739 3592 4811 poenis
3614 4743 3753 4794 sunt

2109 4828 2366 4893 obnoxii,
2403 4829 2555 4883 sicut
2585 4835 2643 4883 et
2673 4845 2772 4882 vos
2804 4845 2938 4883 cum
2970 4828 3125 4884 bona
3143 4829 3518 4901 negligeretis
3548 4846 3749 4901 opera,

2108 4918 2374 4987 utrisque
2397 4923 2591 4972 autem
2618 4917 2766 4971 bene
2788 4918 3170 4988 operantibus
3192 4919 3438 4989 aequalis
3460 4924 3550 4972 est
3566 4919 3748 4973 salus:

2108 5024 2228 5062 non
2261 5008 2439 5079 igitur
2468 5007 2840 5062 excedimini.
2874 5039 2944 5047 ——
2978 5009 3178 5063 Aliter.
3222 5010 3490 5079 Pugnare
3522 5008 3751 5061 videtur

2109 5118 2136 5145 «
2171 5096 2317 5160 Quid
2343 5096 2520 5167 igitur
2537 5095 2564 5148 ?
2590 5095 3004 5166 praecellimus,
3029 5120 3055 5145 ››
3078 5097 3255 5168 idque
3279 5096 3435 5167 quod
3457 5096 3745 5165 sequitur,

2107 5201 2239 5238 cum
2274 5201 2340 5238 eo
2374 5183 2531 5254 quod
2550 5183 2772 5238 dictum
2794 5190 2908 5239 est:
2932 5185 3111 5240 Multa
3134 5201 3486 5257 peromnem
3505 5183 3747 5238 modum

2109 5280 2197 5329 est
2227 5275 2576 5330 excellentia
2606 5275 2812 5342 Judaei,
2866 5294 2932 5332 ac
2985 5274 3455 5332 circumcisionis
3499 5273 3743 5326 utilitas.

2107 5365 2250 5418 Nam
2282 5363 2360 5417 ibi
2395 5364 2536 5418 dicit
2563 5381 2664 5418 eos
2692 5366 3057 5435 antepositos
3089 5381 3219 5420 esse
3269 5369 3328 5417 et
3373 5361 3600 5432 aliquid
3644 5362 3746 5418 ha-

2106 5453 2242 5506 bere
2297 5453 2662 5507 excellentia;
2693 5454 3074 5508 circumcisos
3108 5468 3286 5522 supra
3315 5451 3702 5522 prmputiatos
3729 5467 3742 5504 :

2109 5542 2200 5596 hic
2231 5546 2427 5596 autem
2458 5542 2606 5596 nihil
2641 5542 2999 5613 praecellere.
3036 5545 3152 5596 Aut
3179 5540 3445 5595 fortassis
3467 5540 3633 5597 nulla
3655 5547 3747 5596 est

2105 5631 2516 5704 repugnantia.
2550 5633 2690 5686 Nam
2725 5631 2806 5685 ibi
2837 5631 3063 5701 aliquid
3089 5631 3455 5686 excellentiae
3478 5629 3622 5686 dicit
3643 5647 3743 5686 eos

2103 5721 2322 5778 habere
2344 5720 2418 5776 ob
2437 5721 2539 5778 Dei
2563 5720 2839 5777 videlicet
2866 5720 3292 5794 benignitatem
3318 5737 3386 5778 ac
3414 5721 3741 5790 veritatem,
