4126 6256
417 370 534 429 379

1561 369 1973 430 (ECUMENII
2019 371 2326 431 TRICCE
2369 375 2728 438 EPISCOPI
2739 424 2752 436 .

3720 379 3840 444 380

425 506 526 579 qui
549 506 669 562 illis
690 505 927 577 eloquia
956 505 1449 578 concredidit,qui
1470 506 2071 579 promissionescom-

2190 507 2450 582 συγκρίνει
2502 516 2610 566 τῶν
2691 508 3037 586 ἀκροϐύστων
3095 513 3185 569 καὶ
3267 517 3375 568 τῶν
3423 535 3842 588 περιτετμημέ-

421 596 624 670 plevit,
650 597 818 651 nullo
850 603 1091 667 accepto
1119 596 1548 668 impedimento
1571 595 2036 668 perincredulos
2064 612 2077 649 :

423 688 521 742 hic
552 692 750 742 autem
781 687 940 758 ipsas
972 687 1204 741 confert
1234 705 1339 757 per
1371 703 1430 741 se
1455 703 1739 758 personas
1763 688 2079 742 circumci-

423 793 626 832 sorum
657 793 725 830 ac
759 776 1249 847 przeputiatorum
1277 793 1290 830 :
1326 782 1382 830 et
1415 776 1561 830 dicit
1586 777 1730 847 ipsis
1757 776 1906 830 nihil
1929 776 2080 830 alte-

431 887 530 924 ros
563 869 767 924 alteris
801 869 1155 940 prmcellere.
1200 869 1500 939 Siquidem
1534 870 1634 939 qui
1676 869 1950 923 virtutem
1979 886 2080 923 co-

421 959 553 1014 lunt
577 959 986 1029 cujuscunque
1033 959 1152 1012 sint
1183 959 1433 1024 ordinis,
1475 957 1768 1012 beneﬁcio
1803 958 2080 1012 similiter

424 1048 742 1104 fruuntur:
778 1065 1136 1118 rursumque
1163 1054 1653 1119 transgressores,
1691 1048 1808 1101 sive
1862 1064 1933 1100 ex
1965 1047 2080 1102 cir-

426 1138 705 1194 cumcisis
739 1138 878 1201 sint,
913 1137 1031 1191 sive
1094 1137 1484 1208 praeputiatis,
1540 1136 1917 1191 consimilem
1967 1135 2078 1190 sibi

428 1228 575 1299 ipsis
606 1243 840 1298 pcenam
874 1226 1300 1282 conciliabunt.

500 1318 651 1373 239
681 1319 805 1371 Non
830 1316 1028 1386 itaque
1049 1315 1509 1388 pugnant.l\'ihil
1533 1313 1932 1386 prwcellimus
1957 1330 1970 1367 :
1999 1319 2078 1378 et,

427 1407 608 1462 Multa
624 1411 712 1460 est
730 1405 1303 1472 excellentialudaai,
1328 1422 1393 1460 ac
1420 1404 1893 1459 circumcisionis
1916 1402 2077 1457 utili-

423 1497 722 1567 taszjuxta
747 1494 930 1549 alium
965 1496 1120 1549 enim
1156 1493 1395 1550 modum
1421 1494 1498 1548 ibi
1527 1493 1748 1547 dictum
1778 1497 1888 1559 est,
1915 1492 2085 1561 juxla

419 1587 600 1642 alium
612 1585 705 1641 hic
720 1585 1082 1655 comparatio
1098 1584 1313 1638 tradita
1335 1585 1584 1638 est.Cum
1598 1599 1733 1652 ergo
1751 1583 1808 1635 in
1824 1581 2086 1651 superio-

417 1678 581 1732 ribus
596 1676 840 1730 dixisset
853 1673 1508 1738 Excellentialudazi,ac
1525 1671 1797 1726 docuisse
1807 1669 2077 1725 tJudaaum

421 1765 638 1819 habere
667 1762 1104 1828 excellentiam,
1137 1761 1209 1815 ob
1242 1761 1642 1816 concreditam
1673 1759 1886 1829 legem,
1922 1773 2086 1812 nunc

421 1851 683 1908 ostendit
707 1852 867 1922 ipsos
892 1849 1120 1904 nullam
1143 1848 1362 1903 habere
1387 1845 2077 1916 excellentiam,quodil-
2109 1881 2156 1945 Β

419 1945 537 2000 lam
552 1960 670 1998 non
688 1939 1219 2009 servaverintzquin
1235 1937 1432 2009 potius
1448 1943 1609 1992 tanto
1624 1936 1934 1991 inferiores
1948 1951 2078 1990 esse

418 2040 638 2106 quanto
671 2033 842 2103 pejus
874 2035 963 2084 est
995 2046 1065 2084 ex
1099 2028 1348 2083 scientia
1377 2044 1449 2098 pe
1491 2043 1646 2082 care.
1681 2025 1828 2091 Quid
1891 2024 2079 2098 ergo?

423 2124 736 2185 habemus,
770 2120 985 2191 inquit,
1019 2135 1128 2174 nos
1159 2117 1342 2172 Judaei
1385 2116 1610 2186 aliquid
1663 2114 2076 2170 excellentiae?

419 2211 602 2280 Nihil,
635 2210 849 2280 inquit.
886 2210 999 2262 Cur
1031 2208 1088 2262 id
1112 2206 1352 2262 tandem
1379 2205 1565 2270 ?Quia
1593 2221 1799 2259 omnes
1818 2203 1926 2259 sub
1941 2219 2076 2274 pec-

430 2307 558 2358 cato
589 2317 824 2356 eramus
861 2305 976 2352 tam
1007 2297 1191 2352 Judaei
1225 2312 1404 2367 quam
1437 2295 1642 2350 Graeci.
1685 2317 1711 2344 ιι
1749 2296 1817 2348 Et
1845 2293 2077 2349 Judaaos

427 2396 484 2446 et
515 2393 746 2446 Graecos
778 2388 1023 2444 omnino
1057 2387 1164 2444 sub
1196 2391 1437 2457 peccato
1489 2401 1637 2440 esse.
1678 2405 1704 2431 ››
1767 2383 1927 2438 Nihil
1978 2399 2078 2436 er-

429 2499 500 2555 go
531 2481 730 2537 Judaeo
767 2485 855 2534 est
886 2477 1278 2541 excellentiae,
1311 2476 1527 2546 inquit,
1585 2492 1654 2530 ex
1712 2475 1861 2547 lege,
1895 2490 2074 2545 quam

425 2590 547 2628 non
583 2572 864 2627 servavit:
898 2587 1094 2640 neque
1126 2569 1498 2640 prmputiato,
1530 2567 1749 2637 quippe
1782 2567 1881 2637 qui
1936 2581 2073 2637 pec-

430 2663 598 2719 cavit.
633 2661 840 2716 Nullus
873 2677 1008 2731 ergo
1042 2659 1341 2714 excelsum
1368 2656 1695 2727 quidquam
1726 2655 1906 2709 hobet
1958 2670 2080 2724 pra)

429 2754 636 2808 altero.
673 2750 976 2821 Siquidem
1009 2748 1258 2803 redditis
1289 2747 1484 2803 causis
1533 2745 1924 2807 ostendimus,
1976 2744 2079 2798 hoc

429 2847 518 2897 est
530 2841 1127 2906 convicimus,omnes
1143 2853 1270 2891 esse
1285 2841 1522 2908 peccato
1541 2832 2080 2888 obnoxios.Deinde

433 2947 507 2985 ne
539 2930 598 2985 id
630 2946 845 2985 novum
878 2943 1007 2983 esse
1035 2926 1320 2994 videatur,
1355 2922 1534 2979 David
1565 2940 1632 2978 ac
1653 2923 1865 2977 Isaiam
1897 2926 2079 2976 testes

439 3018 697 3075 adducit.
734 3041 760 3068 ‹‹
795 3017 1001 3072 Simul.
1037 3042 1062 3065 ››
1092 3017 1234 3072 Cum
1294 3031 1360 3069 eo
1411 3013 1685 3068 videlicet
1733 3011 1832 3082 qui
1884 3015 1974 3065 est
2019 3010 2080 3064 in

429 3108 743 3181 prmputio.
780 3130 805 3156 ‹‹
843 3107 1088 3162 Inutiles
1114 3105 1251 3160 facti
1279 3107 1434 3160 sunt.
1461 3124 1488 3150 »
1519 3101 1794 3156 Protinus
1817 3104 1935 3156 uta
1964 3101 2077 3154 Deo

426 3197 892 3263 declinaverunt,
920 3195 1159 3250 inutiles
1177 3199 1235 3249 et
1250 3193 1465 3265 abjecti
1487 3191 1624 3247 facti
1647 3195 1844 3245 sunt.«
1867 3189 2072 3261 Sepul-

425 3305 611 3353 crum,
637 3309 664 3336 ››
691 3288 943 3341 etc.Ha:c
961 3283 1458 3339 obtrectatoribus
1472 3281 1851 3337 conveniunt.
1882 3302 1908 3329 (ι
1927 3280 2071 3333 Con-

424 3377 586 3430 tritio
611 3381 667 3429 et
691 3375 934 3429 miseria
957 3375 1018 3427 in
1043 3374 1149 3426 viis
1175 3388 1405 3426 eorum.
1424 3393 1451 3419 κ
1478 3373 1619 3424 Nam
1636 3369 1755 3422 vias
1771 3385 2079 3423 conversa-

427 3464 651 3518 tionem
667 3462 809 3516 dicit
823 3467 880 3515 et
901 3460 1516 3526 vitam;contritionem
1528 3463 1711 3514 auten
1729 3456 2078 3512 etmiseriam

428 3549 856 3622 peccataNihil
870 3549 1032 3603 enim
1048 3548 1192 3603 adeo
1209 3553 1452 3602 mentem
1473 3561 1808 3617 corpusque
1823 3544 2078 3599 conterit

435 3645 493 3693 et
523 3640 798 3694 exhaurit
827 3655 894 3692 ac
927 3642 1254 3708 peccatum.
1291 3658 1317 3685 κ
1348 3635 1512 3691 Viam
1541 3634 1701 3706 pacis
1725 3650 1844 3688 non
1868 3649 2079 3705 cogno-

428 3737 658 3786 verunt.
695 3752 721 3778 η
759 3730 922 3784 Viam
953 3728 1114 3799 pacis
1145 3727 1288 3781 dicit
1323 3727 1530 3781 utilem
1556 3725 1787 3780 vivendi
1814 3726 2074 3779 modum.

501 3821 598 3888 IlI,
635 3823 720 3885 19,
757 3822 846 3873 20.
907 3819 1118 3873 Scimus
1170 3823 1350 3871 autem
1405 3817 1556 3885 quod
1601 3831 1942 3885 quaecunque
1989 3813 2079 3868 lea:

434 3911 590 3976 dicit,
627 3911 711 3965 his
741 3911 920 3979 quiin
952 3909 1068 3978 lege
1095 3914 1222 3964 sunt
1254 3907 1501 3976 loquitur
1527 3921 1541 3966 :
1575 3913 1636 3961 ut
1667 3922 1822 3961 omne
1868 3921 1926 3960 os
1972 3905 2077 3958 ob-

435 4007 670 4066 turetur,
702 4006 751 4053 et
784 3997 1052 4054 obnomius
1080 4001 1178 4066 ﬁat
1206 4004 1350 4052 totus
1378 3997 1614 4051 mundus
1643 3996 1772 4066 Deo,
1826 4011 1887 4049 eo
1933 3995 2081 4064 quod

433 4105 502 4144 ea:
531 4089 783 4158 aperibus
833 4088 966 4157 legis
1023 4103 1132 4142 non
1174 4086 1575 4157 justiﬁcabitur
1630 4087 1802 4140 omnis
1845 4100 1972 4139 caro
2018 4082 2078 4138 in

434 4184 726 4249 conspectu
759 4180 894 4248 ejus.

506 4271 585 4323 Ne
618 4267 817 4322 dicant
847 4265 1030 4321 Judmi
1059 4282 1071 4319 :
1104 4268 1171 4319 Et
1201 4265 1345 4336 quid
1376 4265 1502 4319 haec
1533 4263 1606 4318 ad
1647 4280 1755 4317 nos
1775 4262 1802 4317 ‘I
1823 4263 2078 4318 Omnino

437 4358 597 4413 enim
629 4357 700 4411 de
732 4355 906 4410 nobis
935 4355 1093 4409 dicta
1124 4371 1244 4408 non
1277 4359 1435 4408 sunt.
1473 4353 1705 4422 Utique,
1733 4353 1947 4421 inquit,
1979 4367 2079 4404 vos

438 4451 706 4518 tangunt.
733 4447 950 4502 Omnes
971 4459 1227 4513 namque
1250 4443 1362 4497 hoc
1385 4442 1605 4496 scimus
1628 4441 1784 4510 quod
1809 4457 2082 4511 quascun-

439 4552 552 4607 que
578 4535 723 4590 dicit
752 4535 845 4590 lex
875 4539 1066 4602 (vocat
1095 4538 1294 4588 autem
1326 4531 1538 4603 legem,
1571 4547 1745 4584 omne
1779 4531 1954 4584 Vetus
1985 4529 2082 4582 In-

2185 617 2314 668 νων,
2356 599 2446 651 καὶ
2507 596 2652 674 λέγει
2710 600 2891 662 αὐτοῖς
2951 599 3119 675 μηδὲν
3179 603 3394 677 ἑτέρους
3449 602 3639 675 ἑτέρων
3704 624 3844 677 προ·

2189 682 2360 759 ἐχειν.
2393 687 2459 743 Οἳ
2488 710 2539 742 τι
2593 691 2698 763 γὰρ
2744 693 3126 764 κατορθοῦντες
3172 695 3272 761 τὴν
3302 692 3494 767 ἀρετήν
3546 694 3748 754 ὁποίας
3784 691 3844 748 ἄν

2186 772 2298 844 εἴη’
2354 776 2667 849 συντάξεως,
2728 779 2936 851 ὁμοίως
2993 787 3092 849 τῆς
3158 779 3456 856 εὐεργεσίας
3524 781 3845 836 ἀπολαύου-

2190 884 2294 920 σιν.
2327 864 2395 922 Οἳ
2426 887 2482 920 τε
2512 867 2677 921 πάλιν
2736 864 3181 944 παραϐαίνοντες,
3243 871 3337 926 κᾶν
3399 892 3455 926 τε
3508 877 3616 926 τῶν
3680 872 3845 946 ἀκρο-

2188 949 2398 1009 ϐόστων
2435 958 2562 1023 εἶεν,
2598 957 2692 1012 κᾶν
2732 980 2790 1014 τε
2843 965 2950 1014 τῶν
3011 960 3420 1035 έμπεριτὸμων,
3477 962 3576 1029 τήν
3637 963 3843 1035 ὁμοίαν

2184 1045 2457 1118 τιμωρίαν
2486 1046 2696 1109 ἑαυτοῖς
2729 1046 3139 1105 ἐπισπασονται·

2261 1314 2417 1368 Ὧστε
2448 1315 2510 1369 οὐ
2543 1318 2775 1396 μάχεται
2831 1320 2914 1380 τὸ.
2967 1319 3117 1376 οὐδέν
3173 1321 3546 1395 προεχόμεθα,
3599 1323 3697 1375 καὶ
3762 1323 3844 1390 τὸ,

2187 1402 2332 1457 πολὺ
2363 1405 2423 1458 τὸ
2465 1409 2720 1480 περισσὸν
2775 1412 2870 1464 τοῦ
2930 1407 3194 1466 Ἰουδαίου
3253 1411 3342 1464 καὶ
3374 1413 3408 1480 ἡ
3441 1409 3686 1487 ὠφέλεια
3748 1418 3849 1480 τῆς

2187 1501 2518 1568 περιτομῆς.
2553 1497 2684 1552 Κατ’
2715 1494 2887 1552 ἄλλον
2928 1499 3032 1575 γὰρ
3065 1501 3266 1575 ορόπον
3296 1499 3408 1554 ἐκεῖ
3455 1498 3701 1575 εἶ’ρηται,
3757 1499 3845 1554 καὶ

2187 1584 2305 1638 κατ’
2336 1582 2505 1638 ἂλλον
2534 1590 2624 1639 νῦν
2645 1589 2678 1656 ἡ
2707 1587 2983 1662 σύγκρισις
3015 1589 3408 1664 παρείληπται.
3455 1591 3605 1646 “Ανω
3673 1591 3840 1644 εἱπὼν

2189 1673 2250 1726 τὸ
2283 1674 2534 1747 περισσὸν
2569 1674 2664 1729 τοῦ
2699 1675 2988 1748 Ἰουδαίου,
3020 1679 3109 1732 καὶ
3165 1677 3383 1748 διδάξας
3432 1672 3579 1757 ἔχειν
3631 1700 3689 1732 τι
3745 1700 3841 1733 πε-

2189 1764 2372 1836 ρισσὸν
2400 1764 2490 1818 τὸν
2522 1762 2786 1820 Ἰουδαῖον
2819 1764 2908 1822 διὰ
2934 1769 2997 1822 τὸ
3041 1767 3450 1842 ἐγχειρισθῆναι
3503 1769 3596 1823 τὸν
3651 1769 3841 1841 νόμον,

2189 1853 2280 1904 νῦν
2336 1848 2571 1906 δείκδυσι
2631 1851 2801 1924 μηδὲν
2860 1853 3005 1929 ἔχειν
3056 1856 3331 1930 περισσὸν,
3395 1857 3470 1918 ὡς
3526 1857 3602 1928 μή
3670 1855 3838 1933 φυλά-

2191 1940 2352 2010 ξαντα
2392 1941 2578 2000 αὐτόν.
2615 1944 2704 2010 Μή
2738 1941 2820 1997 ὅτι
2852 1945 2939 1998 καὶ
2971 1938 3220 2013 ἔλαττον,
3252 1946 3376 1999 ὅσον
3407 1945 3469 2000 τὸ
3529 1944 3582 1999 έν
3644 1947 3828 2020 γνώσει

2187 2029 2510 2104 ἁμαρτάνειν
2543 2031 2754 2106 χεῖρον.
2788 2033 2853 2090 Τί
2884 2033 3016 2102 οὗν;
3051 2030 3272 2108 ἔχομεν,
3332 2035 3513 2109 φησὶν,
3569 2036 3738 2108 ἡμεῖς
3778 2034 3832 2087 οἱ

2187 2115 2444 2174 Ἰουδαῖοι
2475 2117 2643 2175 πλέον
2674 2141 2726 2176 τι
2756 2141 2769 2191 ;
2802 2120 2988 2194 Οὗδὶν,
3043 2125 3198 2202 φησί.
3255 2122 3322 2180 Τί
3367 2120 3432 2194 δή
3479 2144 3610 2178 ποτε
3641 2142 3656 2192 ;
3718 2125 3838 2180 ’Ὁτι

2184 2206 2377 2269 πάντες
2411 2207 2514 2262 ὑπὸ
2544 2208 2810 2283 ἁμαρτίαν
2843 2209 3022 2282 ἐσμέν,
3073 2208 3328 2266 Ἰουδαῖοί
3376 2231 3435 2264 τε
3479 2211 3570 2264 καὶ
3616 2210 3839 2280 ’Ἐλληί

2183 2317 2287 2358 νει..
2323 2321 2351 2348 ‹‹
2385 2294 2688 2359 Ἰουδαίους
2713 2319 2770 2352 τε
2799 2300 2888 2354 καὶ
2921 2298 3222 2370 Ἕλληνας,
3272 2299 3483 2360 πάντως
3534 2300 3617 2378 ὑφ’
3654 2302 3839 2371 ἀμαρ-

2183 2388 2301 2441 τίαν
2333 2387 2489 2441 εἶναι.
2527 2415 2554 2439 υ
2589 2386 2752 2443 Οὐδέν
2783 2387 2893 2458 οὖν,
2927 2389 3082 2468 φησὶ,
3131 2393 3209 2459 τῷ
3251 2385 3499 2460 Ἰουδαίῳ
3554 2389 3735 2443 πλέον
3781 2388 3840 2444 ἐκ

2183 2481 2280 2532 τοῦ
2309 2474 2502 2550 νόμου·
2560 2478 2656 2533 οὐκ
2711 2475 2939 2553 ἐφύλαξε
2994 2477 3114 2554 γάρ’
3177 2476 3304 2532 οὐδὲ
3357 2483 3436 2549 τῷ
3485 2472 3832 2551 ἀκροϐύστῳο

2185 2567 2398 2641 ἥμαρτε
2425 2568 2549 2644 γάρ.
2583 2565 2779 2630 Οὐδεὶς
2809 2568 2898 2621 οὗν
2955 2561 3070 2642 ἔχει
3115 2565 3282 2622 πλέον
3332 2572 3428 2622 τοῦ
3487 2566 3682 2625 ἀλλου.
3731 2567 3831 2621 Καὶ

2184 2655 2284 2731 γὰρ
2316 2656 2518 2716 πάντας
2547 2655 2906 2729 ᾐτιασάμεθα,
2955 2655 3226 2710 τουτέστιν
3287 2655 3612 2733 ἡλέγξαμεν,
3672 2652 3834 2717 ὂντας

2188 2744 2275 2820 ὑφ’
2307 2745 2594 2817 ἁμαρτίαν.
2631 2746 2762 2800 Εἶτα
2798 2746 2888 2799 ἳνα
2924 2747 2998 2817 μὴ
3043 2742 3170 2819 δόξῃ
3232 2744 3465 2823 ἐπαχθές
3525 2747 3692 2814 εἶναι,
3741 2751 3832 2800 τόν

2187 2827 2353 2886 Δαϐἰδ
2385 2832 2474 2886 καὶ
2505 2833 2720 2888 Ἠσαίαν
2741 2839 2888 2910 φέρει
2934 2833 3225 2909 μάρτυρας.
3294 2856 3314 2883 ι
3347 2837 3519 2907 “Ana.
3556 2857 3584 2884 n
3642 2838 3743 2906 Τῷ
3785 2835 3834 2889 ἐν

2189 2917 2518 2997 ἀκροϐυστίᾳ
2575 2920 2851 2992 δηλονότι
2918 2949 2944 2975 ‹‹
2983 2925 3422 2998 Ἠχρειώθησαν,
3465 2949 3490 2974 η
3549 2925 3705 2995 ’Ἅμα
3757 2927 3826 2993 τῷ

2185 3009 2432 3066 ἐκκλῖναι
2460 3012 2566 3066 ἀπὸ
2615 3016 2769 3080 Θεοῦ,
2815 3011 3032 3086 ἀχρεῖοι
3089 3012 3178 3067 καὶ
3234 3011 3635 3087 ἀπερριμμένοι
3696 3013 3826 3089 γεγέ-

2183 3124 2392 3173 νηνται.
2431 3125 2456 3157 ι
2489 3104 2691 3180 Τάφος,
2723 3125 2749 3156 n
2784 3103 2872 3156 καὶ
2903 3103 2969 3158 τὰ
2999 3105 3142 3174 ἑξῆς·
3194 3106 3374 3161 Ταῦτα
3426 3109 3548 3165 τοῖς
3597 3103 3832 3160 καταλα-

2185 3189 2343 3246 λοῦσι
2384 3191 2597 3267 πρέπει.
2636 3215 2663 3244 ‹‹
2695 3191 3015 3266 Σύντριμμα
3062 3193 3149 3247 καὶ
3210 3191 3559 3267 ταλαιπωρία
3618 3193 3672 3246 έν
3723 3197 3838 3255 ταῖς

2183 3279 2336 3345 ὁδοῖς
2359 3281 2559 3338 αὐτῶν.
2597 3307 2620 3336 ι
2659 3281 2849 3342 Ὁδοὺς
2907 3283 3006 3349 τήν
3065 3280 3345 3337 πολιτείαν
3399 3283 3534 3358 φησί
3587 3284 3678 3338 καὶ
3736 3286 3832 3350 τὴν

2185 3373 2352 3440 ζωήν
2381 3370 2688 3444 σύντριμμα
2721 3369 2778 3425 δέ
2809 3371 2895 3425 καὶ
2947 3368 3347 3445 ταλαιπωρίαν,
3402 3371 3498 3432 τὰς
3539 3371 3830 3446 ἁμαρτίας.

2181 3457 2347 3516 Οὐδέν
2371 3460 2475 3535 γὰρ
2508 3461 2682 3522 οὕτως
2716 3456 2977 3535 ἐπιτρίϐει
3011 3462 3097 3515 καὶ
3132 3460 3379 3530 ἐξίτηλον
3438 3465 3588 3514 ποιεῖ
3633 3464 3830 3535 ψυχὴν

2183 3549 2272 3604 καὶ
2305 3554 2489 3621 σῶμα,
2523 3549 2597 3611 ὡς
2631 3551 2888 3625 ἁμαρτία.
2951 3573 2970 3600 ι
3008 3547 3162 3607 Ὀδὸν
3221 3550 3438 3624 εἰρήνης
3495 3549 3594 3604 οὐκ
3649 3544 3830 3626 ἔγνω-

2186 3660 2303 3693 σαν.
2340 3663 2368 3689 ››
2400 3640 2510 3708 Τὴν
2540 3641 2790 3714 χρηστὴν
2825 3637 2970 3714 λέγει
2995 3637 3297 3694 πολιτείαν.

2255 3815 2496 3888 Οἴδαμεν
2545 3813 2602 3870 δέ
2640 3817 2723 3870 ’ὁτι
2776 3814 2874 3870 ὅσα
2934 3817 2961 3870 ὁ
3016 3817 3186 3888 νόμος
3248 3815 3418 3889 λέγει,
3471 3821 3588 3876 τοῖς
3642 3815 3695 3870 έν
3754 3821 3830 3887 τῷ

2184 3907 2342 3979 νόμῳ
2383 3903 2562 3960 λαλεῖ⁴
2617 3904 2710 3958 ’ίνα
2761 3909 2864 3959 πᾶν
2929 3905 3105 3976 στόμα
3162 3910 3364 3983 φραγῇ,
3425 3905 3518 3959 καὶ
3572 3903 3825 3966 ὑπόδικος

2183 3996 2404 4071 γένηται
2463 4001 2566 4055 πᾶς
2625 3995 2652 4048 ὁ
2719 3993 2924 4067 κόσμος
2989 3997 3068 4065 τῷ
3149 3998 3285 4066 Θεῷ.
3348 3995 3496 4049 Διότι
3553 3993 3604 4064 ἐξ
3657 3989 3814 4068 ἔργων

2185 4087 2356 4158 νόμου
2415 4083 2476 4139 οὐ
2554 4079 2971 4154 δίκαιωθήσεται
3042 4087 3184 4137 πᾶσα
3269 4082 3394 4157 σὰρξ
3452 4082 3685 4138 ἐνώπιον
3737 4080 3826 4137 αὖ·

2184 4193 2302 4228 του.

2255 4265 2370 4319 Ἳνα
2395 4265 2470 4337 μή
2505 4262 2732 4338 λέγωσιν
2762 4259 3038 4331 Ἰουδαῖοι,
3067 4261 3168 4318 Καὶ
3198 4263 3251 4316 τί
3280 4263 3416 4336 πρὸς
3446 4265 3594 4335 ἡμᾶς
3623 4267 3830 4328 ταῦτα;

2187 4354 2267 4410 Οὐ
2299 4352 2512 4412 πάντως
2551 4352 2655 4428 γὰρ
2679 4352 2803 4425 περὶ
2838 4353 2998 4424 ἡμῶν
3028 4350 3258 4425 εἴρηται.
3318 4353 3445 4420 Ναὶ,
3495 4352 3651 4422 φησὶ,
3697 4351 3835 4426 πρὸς

2189 4443 2349 4516 ὑμᾶς.
2385 4445 2585 4502 Πάντες
2613 4441 2714 4516 γὰρ
2744 4444 2904 4494 τοῦτο
2962 4439 3140 4513 ἴσμεν,
3193 4442 3278 4496 ὃτι
3321 4440 3420 4496 ὅσα
3453 4442 3480 4496 ὁ
3519 4440 3691 4513 νόμος
3742 4439 3830 4496 λέ·

2187 4554 2266 4607 γει
2299 4533 2485 4606 (νὸἡον
2516 4529 2573 4586 δέ
2604 4529 2753 4606 λέγει
2785 4538 2956 4586 πᾶσαν
2979 4533 3076 4600 τήν
3128 4529 3415 4605 Παλαιὰν),
3475 4538 3592 4592 τοῖς
3647 4531 3701 4585 ἐν
3753 4535 3832 4603 τῷ

439 4631 861 4693 strumentum)
894 4627 986 4682 his
1017 4625 1116 4696 qui
1143 4626 1205 4681 in
1249 4624 1378 4696 lege
1428 4628 1566 4679 sunt
1608 4622 1891 4694 loquitur.
1941 4623 2078 4686 Quae

2190 4618 2337 4694 νόμῳ
2369 4619 2548 4676 λαλεῖ.
2585 4620 2718 4674 Ποία
2746 4621 2848 4695 γὰρ
2880 4621 2966 4689 ἦν,
3027 4621 3212 4697 φησὶν,
3271 4619 3474 4696 ἀνάγκη
3535 4625 3616 4693 τῷ
3661 4618 3830 4676 Δαυῖδ

437 4723 561 4772 erat
593 4717 751 4770 enim
783 4716 1131 4781 necessitas,
1166 4714 1378 4784 inquit,
1409 4718 1476 4768 ut
1498 4712 1675 4767 David
1706 4716 1937 4767 exteros
1984 4727 2076 4764 ar-

435 4811 638 4878 gueret
660 4810 847 4859 etnon
872 4803 1054 4859 suos?
1080 4809 1183 4859 aut
1203 4809 1270 4858 ut
1301 4803 1503 4871 Isaias,
1529 4802 1628 4872 qui
1653 4801 1725 4856 ad
1741 4801 2076 4856 Iudaeorum

434 4894 864 4952 correctionem
887 4894 1142 4948 emissus
1156 4893 1460 4960 erat,alios
1484 4890 1794 4962 carperet?
1813 4913 1840 4939 ‹‹
1857 4890 1957 4944 His
1978 4890 2080 4961 qui

439 4987 499 5041 in
558 4984 684 5055 lege
736 4987 876 5037 sunt
931 4981 1213 5052 loquitur.
1258 5003 1287 5031 ››
1343 4983 1522 5036 Caute
1578 4979 1899 5036 admodum
1969 4980 2080 5034 hoc

442 5076 596 5134 240
629 5072 846 5145 posuit.
875 5073 1074 5141 Neque
1107 5071 1267 5125 enim
1299 5071 1482 5126 dixit:
1519 5071 1596 5124 Be
1644 5070 1736 5124 his
1786 5070 1886 5140 qui
1941 5075 2081 5124 sunt

437 5167 498 5220 in
531 5165 682 5236 lege,
717 5161 840 5229 sed,
878 5184 904 5212 «
939 5160 1039 5215 His
1071 5160 1171 5230 qui
1204 5164 1342 5214 sunt
1372 5159 1434 5213 in
1465 5159 1660 5231 lege.»
1687 5157 1866 5214 Multa
1887 5157 2075 5229 siqui-

435 5255 571 5310 dem
603 5259 661 5308 et
689 5253 762 5307 de
796 5248 1137 5323 Babyloniis
1178 5248 1341 5316 dicit,
1383 5248 1695 5318 Persisque
1719 5253 1777 5303 et
1795 5247 1978 5302 Medis
2009 5264 2078 5302 ac

432 5344 734 5416 Egyptiis,
777 5342 1028 5412 aliisque
1061 5339 1333 5411 plurimis
1390 5337 1754 5394 nationibus.
1805 5342 2077 5392 Attamen

436 5433 614 5487 etiam
647 5450 778 5502 quas
810 5433 882 5488 de
909 5432 1001 5487 his
1029 5436 1200 5486 erant
1228 5429 1524 5491 vaticinia,
1556 5427 1774 5483 Judaais
1795 5426 2081 5482 afferebat

438 5523 537 5595 qui
571 5522 632 5576 in
663 5522 789 5594 lege
823 5529 1012 5591 erant,
1046 5523 1157 5576 hoc
1189 5527 1278 5575 est
1307 5520 1416 5575 sub
1448 5520 1594 5591 lege.
1630 5541 1656 5570 «
1691 5521 1762 5573 Ut
1803 5535 1978 5574 omne
2013 5535 2078 5574 os

438 5611 764 5668 obturetur.
799 5633 827 5660 »
859 5610 1130 5667 Ostendit
1167 5610 1480 5682 magniﬁce
1529 5608 1843 5680 loquentes
1893 5607 1964 5664 de
2013 5623 2076 5662 se

437 5701 692 5759 Judaos.
725 5700 808 5756 Ob
839 5700 951 5756 hoc
973 5716 1108 5772 ergo
1132 5700 1533 5771 arguebantur
1560 5714 1596 5753 a
1614 5697 1940 5770 prophetis,
1960 5713 2078 5768 quo

2187 4711 2383 4785 ἐτέρων
2415 4716 2744 4786 κατηγορτῖν
2776 4709 2864 4764 καὶ
2894 4710 3024 4784 οὐχὶ
3050 4714 3156 4763 τῶν
3191 4709 3424 4781 οἰκείων,
3481 4710 3574 4764 καὶ
3621 4708 3833 4773 ἄλλους

2186 4798 2457 4875 ἐλέγχειν,
2487 4801 2578 4852 τὸν
2639 4800 2714 4862 εἰς
2777 4796 3064 4873 διόρθωσιν
3119 4795 3396 4853 Ἰουδαίων
3453 4798 3830 4855 ἀποσταλέντα

2184 4887 2406 4944 Ἡσαΐαν
2440 4911 2453 4955 ;
2489 4911 2516 4940 «
2549 4891 2682 4950 Τοῖς
2711 4887 2762 4941 έν
2789 4892 2868 4959 τῷ
2897 4889 3054 4959 νόμῳ
3086 4885 3264 4942 λαλεῖ,
3301 4912 3328 4939 ››
3370 4890 3476 4943 Σὺν
3515 4887 3703 4962 πολλῇ
3737 4891 3824 4943 καὶ

2185 4982 2347 5032 τοῦτο
2376 4979 2608 5040 τέθεικεν
2641 4971 2905 5051 ἀκριϐείᾳ.
2964 4975 3040 5032 Οὐ
3077 4976 3180 5051 γὰρ
3221 4977 3363 5045 ὸῖπε,
3428 4978 3555 5052 Περὶ
3609 4983 3718 5032 τῶν
3771 4977 3825 5034 έν

2186 5067 2363 5140 νόμῳ,
2395 5065 2560 5132 ἀλλὰ,
2593 5090 2619 5116 ‹‹
2650 5068 2778 5126 Τοῖς
2810 5063 2861 5120 έν
2889 5065 3062 5137 νόμῳ.
3097 5089 3125 5116 ››
3162 5062 3354 5121 Πολλά
3411 5067 3514 5142 γὰρ
3561 5065 3652 5120 καὶ
3701 5067 3827 5141 περὶ

2188 5155 2554 5214 Βαϐυλωνίων
2591 5154 2756 5230 λέγει,
2799 5159 3014 5230 Περσῶν
3063 5175 3120 5208 τε
3178 5155 3265 5208 καὶ
3328 5153 3529 5226 Μήδων
3575 5156 3664 5210 καὶ
3727 5155 3824 5211 Αί-

2187 5246 2450 5323 γυπτίων,
2492 5243 2580 5298 καὶ
2636 5244 2830 5316 ἑτέρων
2889 5241 3159 5298 πλείστων
3218 5243 3402 5300 ἐθνῶν.
3460 5244 3618 5300 Ἀλλ’
3673 5246 3827 5317 ὅμως

2187 5332 2488 5395 Ἰουδαίδυς
2535 5333 2625 5386 καὶ
2681 5333 2776 5394 τὰς
2834 5333 2956 5404 περὶ
3011 5333 3216 5386 τούτων
3270 5333 3605 5408 προρρήσεις
3657 5353 3822 5408 προσ·

2188 5427 2370 5502 έφερεν
2398 5428 2514 5484 τοῖς
2549 5421 2601 5476 έν
2633 5427 2712 5494 τῷ
2767 5423 2940 5494 νόμῷ,
2997 5423 3243 5476 τουτέστι
3297 5427 3415 5483 τοῖς
3476 5423 3579 5478 ὑπὸ
3634 5423 3818 5494 νόμον.

2191 5539 2217 5564 ‹‹
2249 5516 2366 5570 Ἵνα
2393 5517 2496 5566 πᾶν
2543 5510 2718 5584 στόμα
2775 5514 2979 5586 φραγῇ.
3013 5535 3040 5562 ››
3101 5511 3341 5565 Δείκνυσι
3401 5509 3819 5586 μεγαλορῥήμοο

2185 5623 2275 5664 νας
2305 5601 2431 5664 τοὺς
2461 5598 2775 5662 Ἰουδαίους.
2810 5601 2907 5655 Διά
2955 5603 3113 5656 τοῦτο
3167 5604 3450 5676 τοιγαροῦν
3508 5600 3815 5678 ἠλέγχοντο

2189 5691 2292 5749 ὑπὸ
2321 5697 2429 5748 τῶν
2461 5695 2788 5770 ὦροφητῶν,
2813 5689 2906 5746 *ίνα
2953 5695 3058 5746 τῶν
3123 5688 3628 5767 μεγαλοῤῥημόνων
3677 5691 3809 5746 ἀπο-
