  <div class='ocr_page' id='page_1' title='image "/cluster/home/n/w/nwhite01/storage/ocr_20150623/118/mdp.39015078384297/198.png"; bbox 0 0 4126 6256; ppageno 0'>
   <div class='ocr_carea' id='block_1_1' title="bbox 314 402 426 463">
    <p class='ocr_par' dir='ltr' id='par_1_1' title="bbox 314 402 426 463">
     <span class='ocr_line' id='line_1_1' title="bbox 314 402 426 463; baseline -0.027 0"><span class='ocrx_word' id='word_1_1' title='bbox 314 402 426 463; x_wconf 75' lang='grc'><strong>381</strong></span> 
     </span>
    </p>
   </div>
   <div class='ocr_carea' id='block_1_2' title="bbox 1429 392 2652 459">
    <p class='ocr_par' dir='ltr' id='par_1_2' title="bbox 1429 392 2652 459">
     <span class='ocr_line' id='line_1_2' title="bbox 1429 392 2652 459; baseline 0.002 -3"><span class='ocrx_word' id='word_1_2' title='bbox 1429 393 1837 456; x_wconf 74' lang='lat' dir='ltr'><strong>COMMENT.</strong></span> <span class='ocrx_word' id='word_1_3' title='bbox 1880 393 1970 455; x_wconf 88' lang='lat' dir='ltr'><strong>IN</strong></span> <span class='ocrx_word' id='word_1_4' title='bbox 2018 392 2265 455; x_wconf 81' lang='lat' dir='ltr'><strong>EPIST.</strong></span> <span class='ocrx_word' id='word_1_5' title='bbox 2310 397 2417 455; x_wconf 85' lang='lat' dir='ltr'><strong>AD</strong></span> <span class='ocrx_word' id='word_1_6' title='bbox 2465 397 2652 459; x_wconf 78' lang='lat' dir='ltr'><strong>ROM.</strong></span> 
     </span>
    </p>
   </div>
   <div class='ocr_carea' id='block_1_3' title="bbox 3648 397 3766 459">
    <p class='ocr_par' dir='ltr' id='par_1_3' title="bbox 3648 397 3766 459">
     <span class='ocr_line' id='line_1_3' title="bbox 3648 397 3766 459; baseline 0 -1"><span class='ocrx_word' id='word_1_7' title='bbox 3648 397 3766 459; x_wconf 72' lang='lat'><strong>382</strong></span> 
     </span>
    </p>
   </div>
   <div class='ocr_carea' id='block_1_4' title="bbox 318 523 2009 610">
    <p class='ocr_par' dir='ltr' id='par_1_4' title="bbox 318 523 2006 610">
     <span class='ocr_line' id='line_1_4' title="bbox 318 523 2006 610; baseline -0.004 -25"><span class='ocrx_word' id='word_1_8' title='bbox 318 533 497 610; x_wconf 67' lang='grc' dir='ltr'>φραγῇ</span> <span class='ocrx_word' id='word_1_9' title='bbox 519 527 584 584; x_wconf 78' lang='grc' dir='ltr'><strong>τὰ</strong></span> <span class='ocrx_word' id='word_1_10' title='bbox 630 526 948 602; x_wconf 81' lang='grc' dir='ltr'>στόματα.</span> <span class='ocrx_word' id='word_1_11' title='bbox 1024 553 1060 582; x_wconf 78' lang='grc' dir='ltr'><strong><em>κ</em></strong></span> <span class='ocrx_word' id='word_1_12' title='bbox 1097 528 1193 585; x_wconf 83' lang='grc' dir='ltr'>Καὶ</span> <span class='ocrx_word' id='word_1_13' title='bbox 1253 523 1509 589; x_wconf 80' lang='grc' dir='ltr'>ὑπόδικος</span> <span class='ocrx_word' id='word_1_14' title='bbox 1560 525 1782 603; x_wconf 70' lang='grc' dir='ltr'>γένηται</span> <span class='ocrx_word' id='word_1_15' title='bbox 1839 529 1945 586; x_wconf 75' lang='grc' dir='ltr'><strong>πᾶς</strong></span> <span class='ocrx_word' id='word_1_16' title='bbox 1977 524 2006 579; x_wconf 82' lang='grc' dir='ltr'>ὁ</span> 
     </span>
    </p>
   </div>
   <div class='ocr_carea' id='block_1_5' title="bbox 2119 523 3772 610">
    <p class='ocr_par' dir='ltr' id='par_1_5' title="bbox 2120 526 3772 603">
     <span class='ocr_line' id='line_1_5' title="bbox 2120 526 3772 603; baseline 0.003 -22"><span class='ocrx_word' id='word_1_17' title='bbox 2120 526 2379 583; x_wconf 85' lang='lat' dir='ltr'><strong>inaniter</strong></span> <span class='ocrx_word' id='word_1_18' title='bbox 2408 545 2537 586; x_wconf 90' lang='lat' dir='ltr'><strong>sese</strong></span> <span class='ocrx_word' id='word_1_19' title='bbox 2588 531 2944 603; x_wconf 90' lang='lat' dir='ltr'><strong>jactantium</strong></span> <span class='ocrx_word' id='word_1_20' title='bbox 3004 531 3427 588; x_wconf 81' lang='lat' dir='ltr'><strong>obturarentur</strong></span> <span class='ocrx_word' id='word_1_21' title='bbox 3484 547 3608 586; x_wconf 89' lang='lat' dir='ltr'><strong>ora.</strong></span> <span class='ocrx_word' id='word_1_22' title='bbox 3636 554 3666 581; x_wconf 87' lang='grc'><strong>‹‹</strong></span> <span class='ocrx_word' id='word_1_23' title='bbox 3702 533 3772 585; x_wconf 86' lang='lat' dir='ltr'><strong>Et</strong></span> 
     </span>
    </p>
   </div>
   <div class='ocr_carea' id='block_1_6' title="bbox 319 616 2009 698">
    <p class='ocr_par' dir='ltr' id='par_1_6' title="bbox 319 616 2009 698">
     <span class='ocr_line' id='line_1_6' title="bbox 319 616 2009 698; baseline -0.007 -18"><span class='ocrx_word' id='word_1_24' title='bbox 319 624 520 698; x_wconf 79' lang='grc' dir='ltr'>κόσμος</span> <span class='ocrx_word' id='word_1_25' title='bbox 544 640 623 691; x_wconf 84' lang='grc' dir='ltr'>τῳ</span> <span class='ocrx_word' id='word_1_26' title='bbox 856 644 890 671; x_wconf 83' lang='grc'><strong>››</strong></span> <span class='ocrx_word' id='word_1_27' title='bbox 925 619 1209 678; x_wconf 85' lang='grc' dir='ltr'>Τοιοῦτόν</span> <span class='ocrx_word' id='word_1_28' title='bbox 1254 639 1305 673; x_wconf 91' lang='grc' dir='ltr'><strong>τι</strong></span> <span class='ocrx_word' id='word_1_29' title='bbox 1359 617 1666 672; x_wconf 73' lang='grc' dir='ltr'>αἰνίττεταιο</span> <span class='ocrx_word' id='word_1_30' title='bbox 1696 616 1795 671; x_wconf 82' lang='grc' dir='ltr'><strong>Διᾶ</strong></span> <span class='ocrx_word' id='word_1_31' title='bbox 1820 619 2009 683; x_wconf 86' lang='grc' dir='ltr'>τοῦτο,</span> 
     </span>
    </p>
   </div>
   <div class='ocr_carea' id='block_1_7' title="bbox 2118 616 3769 692">
    <p class='ocr_par' dir='ltr' id='par_1_7' title="bbox 2118 616 3769 692">
     <span class='ocr_line' id='line_1_7' title="bbox 2118 616 3769 692; baseline 0.003 -22"><span class='ocrx_word' id='word_1_32' title='bbox 2118 616 2406 674; x_wconf 86' lang='lat' dir='ltr'><strong>obnoxius</strong></span> <span class='ocrx_word' id='word_1_33' title='bbox 2437 620 2541 676; x_wconf 83' lang='lat' dir='ltr'><strong>ﬁat</strong></span> <span class='ocrx_word' id='word_1_34' title='bbox 2570 626 2727 676; x_wconf 89' lang='lat' dir='ltr'><strong>totus</strong></span> <span class='ocrx_word' id='word_1_35' title='bbox 2761 622 3019 677; x_wconf 90' lang='lat' dir='ltr'><strong>mundus</strong></span> <span class='ocrx_word' id='word_1_36' title='bbox 3058 622 3194 676; x_wconf 93' lang='lat' dir='ltr'><strong>Deo.</strong></span> <span class='ocrx_word' id='word_1_37' title='bbox 3231 642 3258 670; x_wconf 74' lang='grc' dir='ltr'><strong>ιι</strong></span> <span class='ocrx_word' id='word_1_38' title='bbox 3290 620 3426 676; x_wconf 86' lang='lat' dir='ltr'><strong>Tale</strong></span> <span class='ocrx_word' id='word_1_39' title='bbox 3459 620 3769 692; x_wconf 86' lang='lat' dir='ltr'><strong>quidpiam</strong></span> 
     </span>
    </p>
   </div>
   <div class='ocr_carea' id='block_1_8' title="bbox 336 704 2009 794">
    <p class='ocr_par' dir='ltr' id='par_1_8' title="bbox 336 704 2009 794">
     <span class='ocr_line' id='line_1_8' title="bbox 336 704 2009 794; baseline -0.006 -27"><span class='ocrx_word' id='word_1_40' title='bbox 336 712 518 794; x_wconf 67' lang='grc' dir='ltr'>φησὶν,</span> <span class='ocrx_word' id='word_1_41' title='bbox 545 710 597 764; x_wconf 73' lang='grc' dir='ltr'>οἱ</span> <span class='ocrx_word' id='word_1_42' title='bbox 622 715 943 785; x_wconf 74' lang='grc' dir='ltr'>προφῆται</span> <span class='ocrx_word' id='word_1_43' title='bbox 981 706 1300 782; x_wconf 72' lang='grc' dir='ltr'>διήλεγξαι,</span> <span class='ocrx_word' id='word_1_44' title='bbox 1329 706 1421 762; x_wconf 83' lang='grc' dir='ltr'><strong>καὶ</strong></span> <span class='ocrx_word' id='word_1_45' title='bbox 1450 704 1813 794; x_wconf 77' lang='grc' dir='ltr'>ἓδειξαντοὺς</span> <span class='ocrx_word' id='word_1_46' title='bbox 1871 705 2009 759; x_wconf 84' lang='grc' dir='ltr'>Ἰου-</span> 
     </span>
    </p>
   </div>
   <div class='ocr_carea' id='block_1_9' title="bbox 2119 704 3769 794">
    <p class='ocr_par' dir='ltr' id='par_1_9' title="bbox 2119 706 3769 783">
     <span class='ocr_line' id='line_1_9' title="bbox 2119 706 3769 783; baseline 0.003 -23"><span class='ocrx_word' id='word_1_47' title='bbox 2119 706 2456 779; x_wconf 84' lang='lat' dir='ltr'><strong>subindicat</strong></span> <span class='ocrx_word' id='word_1_48' title='bbox 2487 712 2843 783; x_wconf 87' lang='lat' dir='ltr'><strong>:Pr0pterea</strong></span> <span class='ocrx_word' id='word_1_49' title='bbox 2872 712 3198 783; x_wconf 65' lang='lat' dir='ltr'><strong>prophetas,</strong></span> <span class='ocrx_word' id='word_1_50' title='bbox 3258 710 3475 781; x_wconf 85' lang='lat' dir='ltr'><strong>inquit,</strong></span> <span class='ocrx_word' id='word_1_51' title='bbox 3535 709 3769 765; x_wconf 60' lang='lat' dir='ltr'><strong>Iudaeos</strong></span> 
     </span>
    </p>
   </div>
   <div class='ocr_carea' id='block_1_10' title="bbox 344 793 2009 876">
    <p class='ocr_par' dir='ltr' id='par_1_10' title="bbox 344 793 2009 876">
     <span class='ocr_line' id='line_1_10' title="bbox 344 793 2009 876; baseline -0.007 -17"><span class='ocrx_word' id='word_1_52' title='bbox 344 793 523 862; x_wconf 71' lang='grc' dir='ltr'>δαίους</span> <span class='ocrx_word' id='word_1_53' title='bbox 547 799 660 868; x_wconf 69' lang='grc' dir='ltr'><strong>εἷκῆ</strong></span> <span class='ocrx_word' id='word_1_54' title='bbox 695 796 1377 876; x_wconf 74' lang='grc' dir='ltr'>μεγαλορῥημονοῦντας,</span> <span class='ocrx_word' id='word_1_55' title='bbox 1415 795 1630 870; x_wconf 73' lang='grc' dir='ltr'>μᾶλλον</span> <span class='ocrx_word' id='word_1_56' title='bbox 1662 793 1720 850; x_wconf 72' lang='grc' dir='ltr'>δὲ</span> <span class='ocrx_word' id='word_1_57' title='bbox 1759 793 1888 850; x_wconf 76' lang='grc' dir='ltr'>ὅλον</span> <span class='ocrx_word' id='word_1_58' title='bbox 1916 794 2009 849; x_wconf 84' lang='grc' dir='ltr'><strong>τὸν</strong></span> 
     </span>
    </p>
   </div>
   <div class='ocr_carea' id='block_1_11' title="bbox 356 883 2008 967">
    <p class='ocr_par' dir='ltr' id='par_1_11' title="bbox 356 883 2008 967">
     <span class='ocr_line' id='line_1_11' title="bbox 356 883 2008 967; baseline -0.007 -18"><span class='ocrx_word' id='word_1_59' title='bbox 356 892 550 967; x_wconf 73' lang='grc' dir='ltr'>κόσμον</span> <span class='ocrx_word' id='word_1_60' title='bbox 579 888 884 944; x_wconf 72' lang='grc' dir='ltr'>ὒπεύθυνον</span> <span class='ocrx_word' id='word_1_61' title='bbox 942 886 1260 963; x_wconf 83' lang='grc' dir='ltr'>ἁμαρτίαις,</span> <span class='ocrx_word' id='word_1_62' title='bbox 1289 887 1379 942; x_wconf 72' lang='grc' dir='ltr'>’ἕνα</span> <span class='ocrx_word' id='word_1_63' title='bbox 1433 883 1884 960; x_wconf 76' lang='grc' dir='ltr'>προδοποιήσωσι</span> <span class='ocrx_word' id='word_1_64' title='bbox 1940 887 2008 957; x_wconf 75' lang='grc' dir='ltr'><strong>τῇ</strong></span> 
     </span>
    </p>
   </div>
   <div class='ocr_carea' id='block_1_12' title="bbox 369 972 2010 1053">
    <p class='ocr_par' dir='ltr' id='par_1_12' title="bbox 369 972 2010 1053">
     <span class='ocr_line' id='line_1_12' title="bbox 369 972 2010 1053; baseline -0.007 -15"><span class='ocrx_word' id='word_1_65' title='bbox 369 984 552 1050; x_wconf 85' lang='grc' dir='ltr'>πίστει,</span> <span class='ocrx_word' id='word_1_66' title='bbox 579 978 662 1035; x_wconf 79' lang='grc' dir='ltr'><strong>καὶ</strong></span> <span class='ocrx_word' id='word_1_67' title='bbox 700 978 1097 1053; x_wconf 82' lang='grc' dir='ltr'>γινώσκοντες</span> <span class='ocrx_word' id='word_1_68' title='bbox 1154 978 1202 1032; x_wconf 74' lang='grc' dir='ltr'><strong>(ιί</strong></span> <span class='ocrx_word' id='word_1_69' title='bbox 1256 974 1534 1051; x_wconf 76' lang='grc' dir='ltr'>ἅνθρωποι</span> <span class='ocrx_word' id='word_1_70' title='bbox 1591 975 1676 1031; x_wconf 83' lang='grc' dir='ltr'><strong>ὅτι</strong></span> <span class='ocrx_word' id='word_1_71' title='bbox 1734 973 1858 1030; x_wconf 72' lang='grc' dir='ltr'>οὔτε</span> <span class='ocrx_word' id='word_1_72' title='bbox 1903 972 2010 1027; x_wconf 81' lang='grc' dir='ltr'>ἀπὸ</span> 
     </span>
    </p>
   </div>
   <div class='ocr_carea' id='block_1_13' title="bbox 362 1059 2010 1144">
    <p class='ocr_par' dir='ltr' id='par_1_13' title="bbox 362 1059 2010 1144">
     <span class='ocr_line' id='line_1_13' title="bbox 362 1059 2010 1144; baseline -0.007 -17"><span class='ocrx_word' id='word_1_73' title='bbox 362 1074 523 1144; x_wconf 84' lang='grc' dir='ltr'>νόμου</span> <span class='ocrx_word' id='word_1_74' title='bbox 548 1067 635 1123; x_wconf 80' lang='grc' dir='ltr'><strong>καὶ</strong></span> <span class='ocrx_word' id='word_1_75' title='bbox 663 1074 1019 1141; x_wconf 73' lang='grc' dir='ltr'><strong>περιτομῆς,</strong></span> <span class='ocrx_word' id='word_1_76' title='bbox 1054 1067 1176 1123; x_wconf 72' lang='grc' dir='ltr'>οὒτε</span> <span class='ocrx_word' id='word_1_77' title='bbox 1221 1065 1327 1120; x_wconf 83' lang='grc' dir='ltr'><strong>ἀπὸ</strong></span> <span class='ocrx_word' id='word_1_78' title='bbox 1378 1059 1740 1139; x_wconf 76' lang='grc' dir='ltr'>ἀκροϐυστίας</span> <span class='ocrx_word' id='word_1_79' title='bbox 1791 1060 1868 1118; x_wconf 84' lang='grc' dir='ltr'>ἔνι</span> <span class='ocrx_word' id='word_1_80' title='bbox 1900 1083 2010 1116; x_wconf 84' lang='grc' dir='ltr'>σω-</span> 
     </span>
    </p>
   </div>
   <div class='ocr_carea' id='block_1_14' title="bbox 354 1154 2010 1235">
    <p class='ocr_par' dir='ltr' id='par_1_14' title="bbox 354 1154 2010 1235">
     <span class='ocr_line' id='line_1_14' title="bbox 354 1154 2010 1235; baseline -0.007 -18"><span class='ocrx_word' id='word_1_81' title='bbox 354 1165 531 1231; x_wconf 79' lang='grc' dir='ltr'>θῆναι,</span> <span class='ocrx_word' id='word_1_82' title='bbox 588 1158 839 1235; x_wconf 72' lang='grc' dir='ltr'>εὐχερῶς</span> <span class='ocrx_word' id='word_1_83' title='bbox 893 1164 978 1231; x_wconf 82' lang='grc' dir='ltr'>τῷ</span> <span class='ocrx_word' id='word_1_84' title='bbox 1008 1159 1228 1230; x_wconf 79' lang='grc' dir='ltr'><strong>Χριστῷ</strong></span> <span class='ocrx_word' id='word_1_85' title='bbox 1258 1154 1624 1232; x_wconf 72' lang='grc' dir='ltr'>προσέλθωσι,</span> <span class='ocrx_word' id='word_1_86' title='bbox 1690 1158 1769 1225; x_wconf 80' lang='grc' dir='ltr'>τῷ</span> <span class='ocrx_word' id='word_1_87' title='bbox 1820 1155 2010 1230; x_wconf 69' lang='grc' dir='ltr'><strong>⁶χάριτι</strong></span> 
     </span>
    </p>
   </div>
   <div class='ocr_carea' id='block_1_15' title="bbox 352 1241 2011 1326">
    <p class='ocr_par' dir='ltr' id='par_1_15' title="bbox 352 1241 2011 1326">
     <span class='ocr_line' id='line_1_15' title="bbox 352 1241 2011 1326; baseline -0.005 -21"><span class='ocrx_word' id='word_1_88' title='bbox 352 1250 583 1320; x_wconf 77' lang='grc' dir='ltr'>σώζοντι</span> <span class='ocrx_word' id='word_1_89' title='bbox 614 1250 678 1304; x_wconf 85' lang='grc' dir='ltr'>τὸ</span> <span class='ocrx_word' id='word_1_90' title='bbox 708 1247 871 1326; x_wconf 66' lang='grc' dir='ltr'>γενος</span> <span class='ocrx_word' id='word_1_91' title='bbox 904 1251 1015 1302; x_wconf 88' lang='grc' dir='ltr'><strong>τῶν</strong></span> <span class='ocrx_word' id='word_1_92' title='bbox 1046 1247 1361 1322; x_wconf 82' lang='grc' dir='ltr'>ἀνθρώπων.</span> <span class='ocrx_word' id='word_1_93' title='bbox 1399 1246 1503 1301; x_wconf 83' lang='grc' dir='ltr'>Καὶ</span> <span class='ocrx_word' id='word_1_94' title='bbox 1556 1241 1836 1313; x_wconf 79' lang='grc' dir='ltr'>ὑπόδικος,</span> <span class='ocrx_word' id='word_1_95' title='bbox 1874 1243 2011 1298; x_wconf 86' lang='grc' dir='ltr'>ὑπό-</span> 
     </span>
    </p>
   </div>
   <div class='ocr_carea' id='block_1_16' title="bbox 343 1333 2011 1417">
    <p class='ocr_par' dir='ltr' id='par_1_16' title="bbox 343 1333 2011 1417">
     <span class='ocr_line' id='line_1_16' title="bbox 343 1333 2011 1417; baseline -0.005 -22"><span class='ocrx_word' id='word_1_96' title='bbox 343 1359 517 1417; x_wconf 80' lang='grc' dir='ltr'>χρεος</span> <span class='ocrx_word' id='word_1_97' title='bbox 552 1338 630 1401; x_wconf 71' lang='grc' dir='ltr'>εἷς</span> <span class='ocrx_word' id='word_1_98' title='bbox 659 1338 724 1393; x_wconf 83' lang='grc' dir='ltr'>τὸ</span> <span class='ocrx_word' id='word_1_99' title='bbox 752 1341 1043 1393; x_wconf 87' lang='grc' dir='ltr'>πιστεῦσαι</span> <span class='ocrx_word' id='word_1_100' title='bbox 1084 1339 1304 1411; x_wconf 79' lang='grc' dir='ltr'>Χριστῷ</span> <span class='ocrx_word' id='word_1_101' title='bbox 1331 1340 1412 1408; x_wconf 77' lang='grc' dir='ltr'>τῷ</span> <span class='ocrx_word' id='word_1_102' title='bbox 1446 1338 1581 1406; x_wconf 82' lang='grc' dir='ltr'>Θεῷ.</span> <span class='ocrx_word' id='word_1_103' title='bbox 1628 1334 1695 1391; x_wconf 74' lang='grc' dir='ltr'>Εἰ</span> <span class='ocrx_word' id='word_1_104' title='bbox 1744 1333 1849 1407; x_wconf 82' lang='grc' dir='ltr'><strong>γὰρ</strong></span> <span class='ocrx_word' id='word_1_105' title='bbox 1894 1337 2011 1393; x_wconf 87' lang='grc' dir='ltr'>τοῖς</span> 
     </span>
    </p>
   </div>
   <div class='ocr_carea' id='block_1_17' title="bbox 340 1421 2013 1503">
    <p class='ocr_par' dir='ltr' id='par_1_17' title="bbox 340 1421 2013 1503">
     <span class='ocr_line' id='line_1_17' title="bbox 340 1421 2013 1503; baseline -0.005 -18"><span class='ocrx_word' id='word_1_106' title='bbox 340 1430 454 1486; x_wconf 79' lang='grc' dir='ltr'>ὑπό</span> <span class='ocrx_word' id='word_1_107' title='bbox 482 1429 659 1503; x_wconf 84' lang='grc' dir='ltr'>νόμον</span> <span class='ocrx_word' id='word_1_108' title='bbox 700 1425 923 1502; x_wconf 70' lang='grc' dir='ltr'>εἴρηται</span> <span class='ocrx_word' id='word_1_109' title='bbox 955 1427 1043 1482; x_wconf 80' lang='grc' dir='ltr'>ὑπ’</span> <span class='ocrx_word' id='word_1_110' title='bbox 1072 1426 1248 1481; x_wconf 79' lang='grc' dir='ltr'>αὐτῶν</span> <span class='ocrx_word' id='word_1_111' title='bbox 1275 1429 1382 1479; x_wconf 91' lang='grc' dir='ltr'><strong>τῶν</strong></span> <span class='ocrx_word' id='word_1_112' title='bbox 1426 1428 1748 1502; x_wconf 69' lang='grc' dir='ltr'>προφητῶν,</span> <span class='ocrx_word' id='word_1_113' title='bbox 1780 1421 1863 1478; x_wconf 79' lang='grc' dir='ltr'><strong>ὅτι</strong></span> <span class='ocrx_word' id='word_1_114' title='bbox 1913 1421 2013 1477; x_wconf 82' lang='grc' dir='ltr'>οὐκ</span> 
     </span>
    </p>
   </div>
   <div class='ocr_carea' id='block_1_18' title="bbox 334 1509 2014 1596">
    <p class='ocr_par' dir='ltr' id='par_1_18' title="bbox 334 1509 2014 1596">
     <span class='ocr_line' id='line_1_18' title="bbox 334 1509 2014 1596; baseline -0.005 -21"><span class='ocrx_word' id='word_1_115' title='bbox 334 1515 775 1596; x_wconf 69' lang='grc' dir='ltr'>ὀρθοποδοῦσιν,</span> <span class='ocrx_word' id='word_1_116' title='bbox 808 1515 956 1572; x_wconf 83' lang='grc' dir='ltr'>ἀλλὰ</span> <span class='ocrx_word' id='word_1_117' title='bbox 986 1514 1177 1592; x_wconf 68' lang='grc' dir='ltr'>πόρῥω</span> <span class='ocrx_word' id='word_1_118' title='bbox 1206 1520 1307 1583; x_wconf 80' lang='grc' dir='ltr'><strong>τῆς</strong></span> <span class='ocrx_word' id='word_1_119' title='bbox 1339 1513 1506 1588; x_wconf 79' lang='grc' dir='ltr'>ὀρθῆς</span> <span class='ocrx_word' id='word_1_120' title='bbox 1568 1509 1851 1584; x_wconf 76' lang='grc' dir='ltr'><strong>βαδίζουσι</strong></span> <span class='ocrx_word' id='word_1_121' title='bbox 1908 1533 2014 1566; x_wconf 89' lang='grc' dir='ltr'>πο-</span> 
     </span>
    </p>
   </div>
   <div class='ocr_carea' id='block_1_19' title="bbox 334 1600 2013 1678">
    <p class='ocr_par' dir='ltr' id='par_1_19' title="bbox 334 1600 2013 1678">
     <span class='ocr_line' id='line_1_19' title="bbox 334 1600 2013 1678; baseline -0.005 -15"><span class='ocrx_word' id='word_1_122' title='bbox 334 1607 582 1677; x_wconf 83' lang='grc' dir='ltr'>λιτείας,</span> <span class='ocrx_word' id='word_1_123' title='bbox 613 1608 687 1661; x_wconf 76' lang='grc' dir='ltr'><strong>τὰ</strong></span> <span class='ocrx_word' id='word_1_124' title='bbox 718 1605 777 1661; x_wconf 72' lang='grc' dir='ltr'>δὲ</span> <span class='ocrx_word' id='word_1_125' title='bbox 823 1604 943 1676; x_wconf 82' lang='grc' dir='ltr'>ἔθνη</span> <span class='ocrx_word' id='word_1_126' title='bbox 1001 1602 1201 1676; x_wconf 81' lang='grc' dir='ltr'>πολλῷ</span> <span class='ocrx_word' id='word_1_127' title='bbox 1260 1601 1473 1676; x_wconf 80' lang='grc' dir='ltr'>μᾶλλον</span> <span class='ocrx_word' id='word_1_128' title='bbox 1536 1602 1771 1678; x_wconf 80' lang='grc' dir='ltr'>ὑπάρχει</span> <span class='ocrx_word' id='word_1_129' title='bbox 1828 1600 1879 1656; x_wconf 80' lang='grc' dir='ltr'>ἐν</span> <span class='ocrx_word' id='word_1_130' title='bbox 1910 1601 2013 1655; x_wconf 80' lang='grc' dir='ltr'>ἀπ·-</span> 
     </span>
    </p>
   </div>
   <div class='ocr_carea' id='block_1_20' title="bbox 337 1688 2014 1770">
    <p class='ocr_par' dir='ltr' id='par_1_20' title="bbox 337 1688 2014 1770">
     <span class='ocr_line' id='line_1_20' title="bbox 337 1688 2014 1770; baseline -0.005 -18"><span class='ocrx_word' id='word_1_131' title='bbox 337 1695 525 1768; x_wconf 77' lang='grc' dir='ltr'>ωλείᾳ</span> <span class='ocrx_word' id='word_1_132' title='bbox 553 1697 651 1751; x_wconf 76' lang='grc' dir='ltr'><strong>καὶ</strong></span> <span class='ocrx_word' id='word_1_133' title='bbox 686 1694 891 1770; x_wconf 78' lang='grc' dir='ltr'>πλάνῃ,</span> <span class='ocrx_word' id='word_1_134' title='bbox 914 1692 1293 1764; x_wconf 58' lang='grc' dir='ltr'>δηλονὼιπᾶς</span> <span class='ocrx_word' id='word_1_135' title='bbox 1313 1693 1342 1747; x_wconf 79' lang='grc' dir='ltr'>ὁ</span> <span class='ocrx_word' id='word_1_136' title='bbox 1370 1692 1577 1766; x_wconf 82' lang='grc' dir='ltr'>κόσμος</span> <span class='ocrx_word' id='word_1_137' title='bbox 1608 1690 1881 1769; x_wconf 81' lang='grc' dir='ltr'>ὑπόχρεος</span> <span class='ocrx_word' id='word_1_138' title='bbox 1902 1688 2014 1744; x_wconf 76' lang='grc' dir='ltr'>ἐστι</span> 
     </span>
    </p>
   </div>
   <div class='ocr_carea' id='block_1_21' title="bbox 338 1776 2012 1858">
    <p class='ocr_par' dir='ltr' id='par_1_21' title="bbox 338 1776 2012 1858">
     <span class='ocr_line' id='line_1_21' title="bbox 338 1776 2012 1858; baseline -0.005 -17"><span class='ocrx_word' id='word_1_139' title='bbox 338 1790 642 1842; x_wconf 81' lang='grc' dir='ltr'>πιστεῦσαι</span> <span class='ocrx_word' id='word_1_140' title='bbox 687 1786 908 1858; x_wconf 81' lang='grc' dir='ltr'>Χριστῷ</span> <span class='ocrx_word' id='word_1_141' title='bbox 962 1788 1041 1855; x_wconf 82' lang='grc' dir='ltr'>τῷ</span> <span class='ocrx_word' id='word_1_142' title='bbox 1070 1787 1186 1855; x_wconf 86' lang='grc' dir='ltr'>Θεῷ</span> <span class='ocrx_word' id='word_1_143' title='bbox 1243 1786 1321 1855; x_wconf 77' lang='grc' dir='ltr'><strong>τῷ</strong></span> <span class='ocrx_word' id='word_1_144' title='bbox 1374 1779 1523 1853; x_wconf 85' lang='grc' dir='ltr'>μόνῳ</span> <span class='ocrx_word' id='word_1_145' title='bbox 1578 1777 1858 1853; x_wconf 70' lang='grc' dir='ltr'>δυναμένῳ</span> <span class='ocrx_word' id='word_1_146' title='bbox 1918 1776 2012 1853; x_wconf 83' lang='grc' dir='ltr'><strong>ῥύ-</strong></span> 
     </span>
    </p>
   </div>
   <div class='ocr_carea' id='block_1_22' title="bbox 337 1867 2013 1942">
    <p class='ocr_par' dir='ltr' id='par_1_22' title="bbox 337 1867 2013 1942">
     <span class='ocr_line' id='line_1_22' title="bbox 337 1867 2013 1942; baseline -0.005 -11"><span class='ocrx_word' id='word_1_147' title='bbox 337 1878 548 1931; x_wconf 79' lang='grc' dir='ltr'>σασθαι</span> <span class='ocrx_word' id='word_1_148' title='bbox 579 1874 680 1930; x_wconf 87' lang='grc' dir='ltr'><strong>καὶ</strong></span> <span class='ocrx_word' id='word_1_149' title='bbox 719 1870 1017 1934; x_wconf 81' lang='grc' dir='ltr'>Ἰουδαίους</span> <span class='ocrx_word' id='word_1_150' title='bbox 1065 1873 1157 1927; x_wconf 83' lang='grc' dir='ltr'><strong>καὶ</strong></span> <span class='ocrx_word' id='word_1_151' title='bbox 1212 1868 1494 1942; x_wconf 86' lang='grc' dir='ltr'>’Έλληνας</span> <span class='ocrx_word' id='word_1_152' title='bbox 1550 1870 1641 1924; x_wconf 87' lang='grc' dir='ltr'><strong>καὶ</strong></span> <span class='ocrx_word' id='word_1_153' title='bbox 1697 1869 1869 1924; x_wconf 87' lang='grc' dir='ltr'>πάντα</span> <span class='ocrx_word' id='word_1_154' title='bbox 1922 1867 2013 1922; x_wconf 85' lang='grc' dir='ltr'>τὸν</span> 
     </span>
    </p>
   </div>
   <div class='ocr_carea' id='block_1_23' title="bbox 332 1958 2011 2041">
    <p class='ocr_par' dir='ltr' id='par_1_23' title="bbox 332 1958 2011 2041">
     <span class='ocr_line' id='line_1_23' title="bbox 332 1958 2011 2041; baseline -0.007 -20"><span class='ocrx_word' id='word_1_155' title='bbox 332 1967 562 2039; x_wconf 73' lang='grc' dir='ltr'>κόσμον</span> <span class='ocrx_word' id='word_1_156' title='bbox 594 1961 697 2019; x_wconf 74' lang='grc' dir='ltr'>διὰ</span> <span class='ocrx_word' id='word_1_157' title='bbox 723 1969 825 2033; x_wconf 82' lang='grc' dir='ltr'><strong>τῆς</strong></span> <span class='ocrx_word' id='word_1_158' title='bbox 875 1961 1076 2023; x_wconf 75' lang='grc' dir='ltr'>οἰκείας</span> <span class='ocrx_word' id='word_1_159' title='bbox 1109 1961 1337 2041; x_wconf 85' lang='grc' dir='ltr'>χάριτος</span> <span class='ocrx_word' id='word_1_160' title='bbox 1369 1959 1430 2015; x_wconf 79' lang='grc' dir='ltr'>ἐκ</span> <span class='ocrx_word' id='word_1_161' title='bbox 1455 1962 1564 2014; x_wconf 88' lang='grc' dir='ltr'><strong>τῶν</strong></span> <span class='ocrx_word' id='word_1_162' title='bbox 1599 1958 2011 2035; x_wconf 68' lang='grc' dir='ltr'><strong>ἁμαρτημάτων</strong></span> 
     </span>
    </p>
   </div>
   <div class='ocr_carea' id='block_1_24' title="bbox 336 2045 2011 2125">
    <p class='ocr_par' dir='ltr' id='par_1_24' title="bbox 336 2045 2011 2125">
     <span class='ocr_line' id='line_1_24' title="bbox 336 2045 2011 2125; baseline -0.005 -15"><span class='ocrx_word' id='word_1_163' title='bbox 336 2055 525 2110; x_wconf 67' lang='grc' dir='ltr'>αὐτῶν</span> <span class='ocrx_word' id='word_1_164' title='bbox 559 2053 659 2109; x_wconf 82' lang='grc' dir='ltr'><strong>καὶ</strong></span> <span class='ocrx_word' id='word_1_165' title='bbox 693 2058 797 2123; x_wconf 79' lang='grc' dir='ltr'>τῆς</span> <span class='ocrx_word' id='word_1_166' title='bbox 832 2055 1038 2125; x_wconf 80' lang='grc' dir='ltr'>μακρᾶς</span> <span class='ocrx_word' id='word_1_167' title='bbox 1069 2047 1287 2119; x_wconf 84' lang='grc' dir='ltr'>πλάνης</span> <span class='ocrx_word' id='word_1_168' title='bbox 1324 2048 1415 2104; x_wconf 78' lang='grc' dir='ltr'><strong>καὶ</strong></span> <span class='ocrx_word' id='word_1_169' title='bbox 1476 2045 1753 2107; x_wconf 79' lang='grc' dir='ltr'>ἀπωλείας</span> <span class='ocrx_word' id='word_1_170' title='bbox 1812 2045 2011 2102; x_wconf 84' lang='grc' dir='ltr'>αὐτῶν.</span> 
     </span>
    </p>
   </div>
   <div class='ocr_carea' id='block_1_25' title="bbox 344 2135 2011 2215">
    <p class='ocr_par' dir='ltr' id='par_1_25' title="bbox 344 2135 2011 2215">
     <span class='ocr_line' id='line_1_25' title="bbox 344 2135 2011 2215; baseline -0.007 -16"><span class='ocrx_word' id='word_1_171' title='bbox 344 2145 477 2200; x_wconf 76' lang='grc' dir='ltr'>Εἶτα</span> <span class='ocrx_word' id='word_1_172' title='bbox 512 2141 697 2198; x_wconf 82' lang='grc' dir='ltr'>πάλιν</span> <span class='ocrx_word' id='word_1_173' title='bbox 732 2141 915 2215; x_wconf 82' lang='grc' dir='ltr'>ὥσπερ</span> <span class='ocrx_word' id='word_1_174' title='bbox 945 2139 1261 2194; x_wconf 82' lang='grc' dir='ltr'>ἀντιπίπτον</span> <span class='ocrx_word' id='word_1_175' title='bbox 1291 2137 1433 2195; x_wconf 88' lang='grc' dir='ltr'>λύει.</span> <span class='ocrx_word' id='word_1_176' title='bbox 1487 2139 1603 2193; x_wconf 86' lang='grc' dir='ltr'><strong>Ἵνα</strong></span> <span class='ocrx_word' id='word_1_177' title='bbox 1656 2135 1761 2213; x_wconf 77' lang='grc' dir='ltr'><strong>γὰρ</strong></span> <span class='ocrx_word' id='word_1_178' title='bbox 1822 2136 1896 2208; x_wconf 77' lang='grc' dir='ltr'><strong>μή</strong></span> <span class='ocrx_word' id='word_1_179' title='bbox 1928 2154 2011 2196; x_wconf 90' lang='grc' dir='ltr'><strong>τις</strong></span> 
     </span>
    </p>
   </div>
   <div class='ocr_carea' id='block_1_26' title="bbox 358 2223 2010 2305">
    <p class='ocr_par' dir='ltr' id='par_1_26' title="bbox 358 2223 2010 2305">
     <span class='ocr_line' id='line_1_26' title="bbox 358 2223 2010 2305; baseline -0.007 -16"><span class='ocrx_word' id='word_1_180' title='bbox 358 2234 501 2305; x_wconf 41' lang='lat' dir='ltr'><strong>aii-.27.,</strong></span> <span class='ocrx_word' id='word_1_181' title='bbox 528 2233 606 2290; x_wconf 86' lang='grc' dir='ltr'><strong>Τί</strong></span> <span class='ocrx_word' id='word_1_182' title='bbox 639 2227 738 2286; x_wconf 70' lang='grc' dir='ltr'><strong>οὖν</strong></span> <span class='ocrx_word' id='word_1_183' title='bbox 766 2248 781 2301; x_wconf 87' lang='lat'><strong>;</strong></span> <span class='ocrx_word' id='word_1_184' title='bbox 815 2232 844 2284; x_wconf 81' lang='grc' dir='ltr'>ὁ</span> <span class='ocrx_word' id='word_1_185' title='bbox 871 2229 1041 2304; x_wconf 88' lang='grc' dir='ltr'>νόμος</span> <span class='ocrx_word' id='word_1_186' title='bbox 1098 2224 1249 2282; x_wconf 74' lang='grc' dir='ltr'>οὐδὲν</span> <span class='ocrx_word' id='word_1_187' title='bbox 1314 2225 1596 2299; x_wconf 65' lang='grc' dir='ltr'>ὠφέλησεν</span> <span class='ocrx_word' id='word_1_188' title='bbox 1634 2244 1647 2294; x_wconf 91' lang='grc'>;</span> <span class='ocrx_word' id='word_1_189' title='bbox 1707 2223 1894 2301; x_wconf 79' lang='grc' dir='ltr'>ἐπάγει</span> <span class='ocrx_word' id='word_1_190' title='bbox 1924 2224 2010 2293; x_wconf 88' lang='grc' dir='ltr'>τὸ,</span> 
     </span>
    </p>
   </div>
   <div class='ocr_carea' id='block_1_27' title="bbox 2117 796 3769 872">
    <p class='ocr_par' dir='ltr' id='par_1_27' title="bbox 2117 796 3769 872">
     <span class='ocr_line' id='line_1_27' title="bbox 2117 796 3769 872; baseline 0.002 -22"><span class='ocrx_word' id='word_1_191' title='bbox 2117 796 2566 869; x_wconf 87' lang='lat' dir='ltr'><strong>redarguerunt,</strong></span> <span class='ocrx_word' id='word_1_192' title='bbox 2600 800 2855 872; x_wconf 90' lang='lat' dir='ltr'><strong>illosque</strong></span> <span class='ocrx_word' id='word_1_193' title='bbox 2888 801 3284 856; x_wconf 90' lang='lat' dir='ltr'><strong>ostenderunt</strong></span> <span class='ocrx_word' id='word_1_194' title='bbox 3323 798 3584 855; x_wconf 83' lang='lat' dir='ltr'><strong>inaniter</strong></span> <span class='ocrx_word' id='word_1_195' title='bbox 3639 814 3769 854; x_wconf 86' lang='lat' dir='ltr'><strong>sese</strong></span> 
     </span>
    </p>
   </div>
   <div class='ocr_carea' id='block_1_28' title="bbox 2110 885 3767 961">
    <p class='ocr_par' dir='ltr' id='par_1_28' title="bbox 2110 885 3767 961">
     <span class='ocr_line' id='line_1_28' title="bbox 2110 885 3767 961; baseline 0.002 -21"><span class='ocrx_word' id='word_1_196' title='bbox 2110 885 2360 957; x_wconf 83' lang='lat' dir='ltr'><strong>jactare,</strong></span> <span class='ocrx_word' id='word_1_197' title='bbox 2391 887 2510 943; x_wconf 92' lang='lat' dir='ltr'><strong>imo</strong></span> <span class='ocrx_word' id='word_1_198' title='bbox 2543 894 2733 944; x_wconf 91' lang='lat' dir='ltr'><strong>totum</strong></span> <span class='ocrx_word' id='word_1_199' title='bbox 2782 890 3071 945; x_wconf 91' lang='lat' dir='ltr'><strong>mundum</strong></span> <span class='ocrx_word' id='word_1_200' title='bbox 3115 906 3285 945; x_wconf 91' lang='lat' dir='ltr'><strong>reum</strong></span> <span class='ocrx_word' id='word_1_201' title='bbox 3316 906 3445 944; x_wconf 83' lang='lat' dir='ltr'><strong>esse</strong></span> <span class='ocrx_word' id='word_1_202' title='bbox 3475 894 3717 961; x_wconf 90' lang='lat' dir='ltr'><strong>peccato</strong></span> <span class='ocrx_word' id='word_1_203' title='bbox 3752 904 3767 943; x_wconf 91' lang='lat'><strong>:</strong></span> 
     </span>
    </p>
   </div>
   <div class='ocr_carea' id='block_1_29' title="bbox 2119 975 3775 1050">
    <p class='ocr_par' dir='ltr' id='par_1_29' title="bbox 2119 975 3775 1050">
     <span class='ocr_line' id='line_1_29' title="bbox 2119 975 3775 1050; baseline 0.002 -22"><span class='ocrx_word' id='word_1_204' title='bbox 2119 990 2234 1045; x_wconf 90' lang='lat' dir='ltr'><strong>quo</strong></span> <span class='ocrx_word' id='word_1_205' title='bbox 2265 975 2405 1031; x_wconf 81' lang='lat' dir='ltr'><strong>ﬁdei</strong></span> <span class='ocrx_word' id='word_1_206' title='bbox 2426 977 2574 1032; x_wconf 85' lang='lat' dir='ltr'><strong>viam</strong></span> <span class='ocrx_word' id='word_1_207' title='bbox 2592 984 3039 1050; x_wconf 71' lang='lat' dir='ltr'><strong>prmstruerent,</strong></span> <span class='ocrx_word' id='word_1_208' title='bbox 3064 985 3119 1035; x_wconf 90' lang='lat' dir='ltr'><strong>et</strong></span> <span class='ocrx_word' id='word_1_209' title='bbox 3142 984 3562 1050; x_wconf 73' lang='lat' dir='ltr'><strong>cognoscentes</strong></span> <span class='ocrx_word' id='word_1_210' title='bbox 3586 978 3775 1033; x_wconf 87' lang='lat' dir='ltr'><strong>homi-</strong></span> 
     </span>
    </p>
   </div>
   <div class='ocr_carea' id='block_1_30' title="bbox 2118 1064 3774 1142">
    <p class='ocr_par' dir='ltr' id='par_1_30' title="bbox 2118 1064 3774 1142">
     <span class='ocr_line' id='line_1_30' title="bbox 2118 1064 3774 1142; baseline 0.002 -25"><span class='ocrx_word' id='word_1_211' title='bbox 2118 1078 2225 1117; x_wconf 85' lang='lat' dir='ltr'><strong>nes</strong></span> <span class='ocrx_word' id='word_1_212' title='bbox 2239 1064 2399 1134; x_wconf 93' lang='lat' dir='ltr'><strong>quod</strong></span> <span class='ocrx_word' id='word_1_213' title='bbox 2420 1082 2613 1137; x_wconf 91' lang='lat' dir='ltr'><strong>neque</strong></span> <span class='ocrx_word' id='word_1_214' title='bbox 2635 1069 3101 1125; x_wconf 89' lang='lat' dir='ltr'><strong>circumcisionis</strong></span> <span class='ocrx_word' id='word_1_215' title='bbox 3115 1070 3264 1142; x_wconf 90' lang='lat' dir='ltr'><strong>lege,</strong></span> <span class='ocrx_word' id='word_1_216' title='bbox 3281 1085 3475 1139; x_wconf 78' lang='lat' dir='ltr'><strong>neque</strong></span> <span class='ocrx_word' id='word_1_217' title='bbox 3494 1085 3528 1124; x_wconf 97' lang='lat' dir='ltr'><strong>a</strong></span> <span class='ocrx_word' id='word_1_218' title='bbox 3544 1083 3774 1140; x_wconf 80' lang='lat' dir='ltr'><strong>praepu-</strong></span> 
     </span>
    </p>
   </div>
   <div class='ocr_carea' id='block_1_31' title="bbox 2119 1157 3766 1225">
    <p class='ocr_par' dir='ltr' id='par_1_31' title="bbox 2119 1157 3766 1225">
     <span class='ocr_line' id='line_1_31' title="bbox 2119 1157 3766 1225; baseline 0.001 -16"><span class='ocrx_word' id='word_1_219' title='bbox 2119 1157 2198 1211; x_wconf 91' lang='lat' dir='ltr'><strong>tio</strong></span> <span class='ocrx_word' id='word_1_220' title='bbox 2232 1157 2441 1213; x_wconf 87' lang='lat' dir='ltr'><strong>salvari</strong></span> <span class='ocrx_word' id='word_1_221' title='bbox 2469 1157 2728 1225; x_wconf 81' lang='lat' dir='ltr'><strong>daretur,</strong></span> <span class='ocrx_word' id='word_1_222' title='bbox 2756 1159 2831 1213; x_wconf 93' lang='lat' dir='ltr'><strong>ad</strong></span> <span class='ocrx_word' id='word_1_223' title='bbox 2851 1157 3149 1213; x_wconf 85' lang='lat' dir='ltr'><strong>Christum</strong></span> <span class='ocrx_word' id='word_1_224' title='bbox 3178 1157 3351 1213; x_wconf 86' lang='lat' dir='ltr'><strong>facile</strong></span> <span class='ocrx_word' id='word_1_225' title='bbox 3393 1157 3766 1225; x_wconf 90' lang='lat' dir='ltr'><strong>accederent,</strong></span> 
     </span>
    </p>
   </div>
   <div class='ocr_carea' id='block_1_32' title="bbox 2119 1246 3769 1320">
    <p class='ocr_par' dir='ltr' id='par_1_32' title="bbox 2119 1246 3769 1320">
     <span class='ocr_line' id='line_1_32' title="bbox 2119 1246 3769 1320; baseline 0.001 -20"><span class='ocrx_word' id='word_1_226' title='bbox 2119 1246 2219 1317; x_wconf 90' lang='lat' dir='ltr'><strong>qui</strong></span> <span class='ocrx_word' id='word_1_227' title='bbox 2250 1263 2357 1317; x_wconf 88' lang='lat' dir='ltr'><strong>per</strong></span> <span class='ocrx_word' id='word_1_228' title='bbox 2386 1247 2637 1319; x_wconf 77' lang='lat' dir='ltr'><strong>gratiam</strong></span> <span class='ocrx_word' id='word_1_229' title='bbox 2666 1246 2808 1301; x_wconf 85' lang='lat' dir='ltr'><strong>facit</strong></span> <span class='ocrx_word' id='word_1_230' title='bbox 2837 1247 3062 1302; x_wconf 87' lang='lat' dir='ltr'><strong>salvum</strong></span> <span class='ocrx_word' id='word_1_231' title='bbox 3093 1264 3282 1320; x_wconf 86' lang='lat' dir='ltr'><strong>genus</strong></span> <span class='ocrx_word' id='word_1_232' title='bbox 3311 1247 3665 1303; x_wconf 90' lang='lat' dir='ltr'><strong>humanum.</strong></span> <span class='ocrx_word' id='word_1_233' title='bbox 3700 1248 3769 1301; x_wconf 89' lang='lat' dir='ltr'><strong>Et</strong></span> 
     </span>
    </p>
   </div>
   <div class='ocr_carea' id='block_1_33' title="bbox 2119 1334 3767 1405">
    <p class='ocr_par' dir='ltr' id='par_1_33' title="bbox 2119 1334 3767 1405">
     <span class='ocr_line' id='line_1_33' title="bbox 2119 1334 3767 1405; baseline 0.001 -16"><span class='ocrx_word' id='word_1_234' title='bbox 2119 1335 2432 1405; x_wconf 86' lang='lat' dir='ltr'><strong>obnoxius,</strong></span> <span class='ocrx_word' id='word_1_235' title='bbox 2466 1335 2526 1390; x_wconf 89' lang='lat' dir='ltr'><strong>id</strong></span> <span class='ocrx_word' id='word_1_236' title='bbox 2574 1340 2665 1391; x_wconf 91' lang='lat' dir='ltr'><strong>est</strong></span> <span class='ocrx_word' id='word_1_237' title='bbox 2714 1335 2947 1391; x_wconf 86' lang='lat' dir='ltr'><strong>debitor</strong></span> <span class='ocrx_word' id='word_1_238' title='bbox 2996 1336 3070 1391; x_wconf 93' lang='lat' dir='ltr'><strong>ad</strong></span> <span class='ocrx_word' id='word_1_239' title='bbox 3120 1336 3483 1391; x_wconf 86' lang='lat' dir='ltr'><strong>credendum</strong></span> <span class='ocrx_word' id='word_1_240' title='bbox 3535 1334 3767 1390; x_wconf 85' lang='lat' dir='ltr'><strong>Christo</strong></span> 
     </span>
    </p>
   </div>
   <div class='ocr_carea' id='block_1_34' title="bbox 2123 1424 3764 1497">
    <p class='ocr_par' dir='ltr' id='par_1_34' title="bbox 2123 1424 3764 1497">
     <span class='ocr_line' id='line_1_34' title="bbox 2123 1424 3764 1497; baseline -0.001 -17"><span class='ocrx_word' id='word_1_241' title='bbox 2123 1426 2258 1481; x_wconf 78' lang='lat' dir='ltr'><strong>Deo.</strong></span> <span class='ocrx_word' id='word_1_242' title='bbox 2293 1425 2349 1479; x_wconf 94' lang='lat' dir='ltr'><strong>Si</strong></span> <span class='ocrx_word' id='word_1_243' title='bbox 2381 1425 2539 1480; x_wconf 89' lang='lat' dir='ltr'><strong>enim</strong></span> <span class='ocrx_word' id='word_1_244' title='bbox 2575 1424 2666 1480; x_wconf 88' lang='lat' dir='ltr'><strong>bis</strong></span> <span class='ocrx_word' id='word_1_245' title='bbox 2697 1425 2797 1496; x_wconf 88' lang='lat' dir='ltr'><strong>qui</strong></span> <span class='ocrx_word' id='word_1_246' title='bbox 2830 1425 2937 1480; x_wconf 88' lang='lat' dir='ltr'><strong>sub</strong></span> <span class='ocrx_word' id='word_1_247' title='bbox 2969 1425 3097 1497; x_wconf 89' lang='lat' dir='ltr'><strong>lege</strong></span> <span class='ocrx_word' id='word_1_248' title='bbox 3146 1429 3335 1492; x_wconf 86' lang='lat' dir='ltr'><strong>erant,</strong></span> <span class='ocrx_word' id='word_1_249' title='bbox 3368 1440 3403 1479; x_wconf 90' lang='lat' dir='ltr'><strong>a</strong></span> <span class='ocrx_word' id='word_1_250' title='bbox 3456 1425 3764 1497; x_wconf 86' lang='lat' dir='ltr'><strong>prophetis</strong></span> 
     </span>
    </p>
   </div>
   <div class='ocr_carea' id='block_1_35' title="bbox 2120 1514 3767 1588">
    <p class='ocr_par' dir='ltr' id='par_1_35' title="bbox 2120 1514 3767 1588">
     <span class='ocr_line' id='line_1_35' title="bbox 2120 1514 3767 1588; baseline 0 -18"><span class='ocrx_word' id='word_1_251' title='bbox 2120 1515 2343 1570; x_wconf 87' lang='lat' dir='ltr'><strong>dictum</strong></span> <span class='ocrx_word' id='word_1_252' title='bbox 2375 1521 2465 1571; x_wconf 90' lang='lat' dir='ltr'><strong>est</strong></span> <span class='ocrx_word' id='word_1_253' title='bbox 2495 1516 2558 1582; x_wconf 83' lang='lat'><strong>“,</strong></span> <span class='ocrx_word' id='word_1_254' title='bbox 2585 1515 2744 1587; x_wconf 89' lang='lat' dir='ltr'><strong>quod</strong></span> <span class='ocrx_word' id='word_1_255' title='bbox 2773 1532 2893 1570; x_wconf 90' lang='lat' dir='ltr'><strong>non</strong></span> <span class='ocrx_word' id='word_1_256' title='bbox 2914 1521 3075 1570; x_wconf 90' lang='lat' dir='ltr'><strong>recto</strong></span> <span class='ocrx_word' id='word_1_257' title='bbox 3099 1515 3249 1588; x_wconf 89' lang='lat' dir='ltr'><strong>pede</strong></span> <span class='ocrx_word' id='word_1_258' title='bbox 3272 1514 3640 1583; x_wconf 87' lang='lat' dir='ltr'><strong>incederent,</strong></span> <span class='ocrx_word' id='word_1_259' title='bbox 3664 1516 3767 1570; x_wconf 92' lang='lat' dir='ltr'><strong>sed</strong></span> 
     </span>
    </p>
   </div>
   <div class='ocr_carea' id='block_1_36' title="bbox 2122 1605 3768 1678">
    <p class='ocr_par' dir='ltr' id='par_1_36' title="bbox 2122 1605 3768 1678">
     <span class='ocr_line' id='line_1_36' title="bbox 2122 1605 3768 1678; baseline -0.001 -18"><span class='ocrx_word' id='word_1_260' title='bbox 2122 1606 2297 1677; x_wconf 88' lang='lat' dir='ltr'><strong>longe</strong></span> <span class='ocrx_word' id='word_1_261' title='bbox 2331 1622 2366 1660; x_wconf 91' lang='lat' dir='ltr'><strong>a</strong></span> <span class='ocrx_word' id='word_1_262' title='bbox 2394 1610 2557 1661; x_wconf 89' lang='lat' dir='ltr'><strong>recta</strong></span> <span class='ocrx_word' id='word_1_263' title='bbox 2600 1605 3045 1661; x_wconf 83' lang='lat' dir='ltr'><strong>conversatione</strong></span> <span class='ocrx_word' id='word_1_264' title='bbox 3103 1605 3530 1678; x_wconf 80' lang='lat' dir='ltr'><strong>graderentur:</strong></span> <span class='ocrx_word' id='word_1_265' title='bbox 3564 1613 3768 1678; x_wconf 79' lang='lat' dir='ltr'><strong>gentes</strong></span> 
     </span>
    </p>
   </div>
   <div class='ocr_carea' id='block_1_37' title="bbox 2121 1694 3765 1767">
    <p class='ocr_par' dir='ltr' id='par_1_37' title="bbox 2121 1694 3765 1767">
     <span class='ocr_line' id='line_1_37' title="bbox 2121 1694 3765 1767; baseline -0.001 -17"><span class='ocrx_word' id='word_1_266' title='bbox 2121 1700 2317 1750; x_wconf 89' lang='lat' dir='ltr'><strong>autem</strong></span> <span class='ocrx_word' id='word_1_267' title='bbox 2349 1694 2537 1749; x_wconf 91' lang='lat' dir='ltr'><strong>multo</strong></span> <span class='ocrx_word' id='word_1_268' title='bbox 2562 1694 2747 1767; x_wconf 89' lang='lat' dir='ltr'><strong>magis</strong></span> <span class='ocrx_word' id='word_1_269' title='bbox 2778 1695 2841 1750; x_wconf 93' lang='lat' dir='ltr'><strong>in</strong></span> <span class='ocrx_word' id='word_1_270' title='bbox 2873 1695 3206 1766; x_wconf 88' lang='lat' dir='ltr'><strong>perditione</strong></span> <span class='ocrx_word' id='word_1_271' title='bbox 3239 1699 3378 1750; x_wconf 89' lang='lat' dir='ltr'><strong>sunt</strong></span> <span class='ocrx_word' id='word_1_272' title='bbox 3406 1711 3475 1749; x_wconf 94' lang='lat' dir='ltr'><strong>ac</strong></span> <span class='ocrx_word' id='word_1_273' title='bbox 3517 1709 3714 1749; x_wconf 89' lang='lat' dir='ltr'><strong>errore</strong></span> <span class='ocrx_word' id='word_1_274' title='bbox 3751 1709 3765 1748; x_wconf 91' lang='lat'><strong>:</strong></span> 
     </span>
    </p>
   </div>
   <div class='ocr_carea' id='block_1_38' title="bbox 2121 1782 3765 1855">
    <p class='ocr_par' dir='ltr' id='par_1_38' title="bbox 2121 1782 3765 1855">
     <span class='ocr_line' id='line_1_38' title="bbox 2121 1782 3765 1855; baseline -0.001 -17"><span class='ocrx_word' id='word_1_275' title='bbox 2121 1784 2313 1838; x_wconf 91' lang='lat' dir='ltr'><strong>omnis</strong></span> <span class='ocrx_word' id='word_1_276' title='bbox 2340 1783 2516 1855; x_wconf 91' lang='lat' dir='ltr'><strong>plane</strong></span> <span class='ocrx_word' id='word_1_277' title='bbox 2540 1784 2799 1838; x_wconf 90' lang='lat' dir='ltr'><strong>mundus</strong></span> <span class='ocrx_word' id='word_1_278' title='bbox 2821 1783 3113 1839; x_wconf 87' lang='lat' dir='ltr'><strong>obnoxius</strong></span> <span class='ocrx_word' id='word_1_279' title='bbox 3140 1788 3247 1851; x_wconf 90' lang='lat' dir='ltr'><strong>est,</strong></span> <span class='ocrx_word' id='word_1_280' title='bbox 3281 1788 3347 1837; x_wconf 92' lang='lat' dir='ltr'><strong>ut</strong></span> <span class='ocrx_word' id='word_1_281' title='bbox 3376 1782 3437 1838; x_wconf 91' lang='lat' dir='ltr'><strong>in</strong></span> <span class='ocrx_word' id='word_1_282' title='bbox 3467 1783 3765 1838; x_wconf 86' lang='lat' dir='ltr'><strong>Christum</strong></span> 
     </span>
    </p>
   </div>
   <div class='ocr_carea' id='block_1_39' title="bbox 2048 1870 3761 1961">
    <p class='ocr_par' dir='ltr' id='par_1_39' title="bbox 2048 1870 3761 1961">
     <span class='ocr_line' id='line_1_39' title="bbox 2048 1870 3761 1961; baseline -0.002 -33"><span class='ocrx_word' id='word_1_283' title='bbox 2048 1898 2090 1961; x_wconf 75' lang='grc' dir='ltr'><strong>Β</strong></span> <span class='ocrx_word' id='word_1_284' title='bbox 2122 1875 2306 1928; x_wconf 90' lang='lat' dir='ltr'><strong>Deum</strong></span> <span class='ocrx_word' id='word_1_285' title='bbox 2337 1872 2560 1943; x_wconf 88' lang='lat' dir='ltr'><strong>credat,</strong></span> <span class='ocrx_word' id='word_1_286' title='bbox 2593 1873 2694 1944; x_wconf 90' lang='lat' dir='ltr'><strong>qui</strong></span> <span class='ocrx_word' id='word_1_287' title='bbox 2726 1872 2888 1928; x_wconf 90' lang='lat' dir='ltr'><strong>solus</strong></span> <span class='ocrx_word' id='word_1_288' title='bbox 2919 1878 2978 1927; x_wconf 91' lang='lat' dir='ltr'><strong>et</strong></span> <span class='ocrx_word' id='word_1_289' title='bbox 3003 1871 3238 1927; x_wconf 58' lang='lat' dir='ltr'><strong>Iudaeos</strong></span> <span class='ocrx_word' id='word_1_290' title='bbox 3268 1877 3327 1926; x_wconf 92' lang='lat' dir='ltr'><strong>et</strong></span> <span class='ocrx_word' id='word_1_291' title='bbox 3356 1873 3587 1927; x_wconf 68' lang='lat' dir='ltr'><strong>Grmcos</strong></span> <span class='ocrx_word' id='word_1_292' title='bbox 3612 1870 3761 1925; x_wconf 90' lang='lat' dir='ltr'><strong>libe-</strong></span> 
     </span>
    </p>
   </div>
   <div class='ocr_carea' id='block_1_40' title="bbox 2120 1960 3768 2035">
    <p class='ocr_par' dir='ltr' id='par_1_40' title="bbox 2120 1960 3768 2035">
     <span class='ocr_line' id='line_1_40' title="bbox 2120 1960 3768 2035; baseline -0.002 -18"><span class='ocrx_word' id='word_1_293' title='bbox 2120 1979 2253 2017; x_wconf 88' lang='lat' dir='ltr'><strong>rare</strong></span> <span class='ocrx_word' id='word_1_294' title='bbox 2275 1968 2487 2034; x_wconf 91' lang='lat' dir='ltr'><strong>potest,</strong></span> <span class='ocrx_word' id='word_1_295' title='bbox 2538 1966 2847 2035; x_wconf 90' lang='lat' dir='ltr'><strong>totumque</strong></span> <span class='ocrx_word' id='word_1_296' title='bbox 2900 1962 3190 2017; x_wconf 90' lang='lat' dir='ltr'><strong>mundum</strong></span> <span class='ocrx_word' id='word_1_297' title='bbox 3221 1977 3328 2017; x_wconf 92' lang='lat' dir='ltr'><strong>sua</strong></span> <span class='ocrx_word' id='word_1_298' title='bbox 3355 1960 3544 2035; x_wconf 87' lang='lat' dir='ltr'><strong>gratia</strong></span> <span class='ocrx_word' id='word_1_299' title='bbox 3564 1977 3599 2015; x_wconf 88' lang='lat' dir='ltr'><strong>a</strong></span> <span class='ocrx_word' id='word_1_300' title='bbox 3627 1976 3768 2032; x_wconf 91' lang='lat' dir='ltr'><strong>pec-</strong></span> 
     </span>
    </p>
   </div>
   <div class='ocr_carea' id='block_1_41' title="bbox 2120 2047 3762 2125">
    <p class='ocr_par' dir='ltr' id='par_1_41' title="bbox 2120 2047 3762 2125">
     <span class='ocr_line' id='line_1_41' title="bbox 2120 2047 3762 2125; baseline -0.002 -18"><span class='ocrx_word' id='word_1_301' title='bbox 2120 2052 2265 2107; x_wconf 86' lang='lat' dir='ltr'><strong>catis</strong></span> <span class='ocrx_word' id='word_1_302' title='bbox 2286 2051 2582 2125; x_wconf 87' lang='lat' dir='ltr'><strong>longoque</strong></span> <span class='ocrx_word' id='word_1_303' title='bbox 2605 2068 2802 2107; x_wconf 88' lang='lat' dir='ltr'><strong>errore</strong></span> <span class='ocrx_word' id='word_1_304' title='bbox 2824 2068 2890 2107; x_wconf 92' lang='lat' dir='ltr'><strong>ac</strong></span> <span class='ocrx_word' id='word_1_305' title='bbox 2906 2051 3242 2123; x_wconf 87' lang='lat' dir='ltr'><strong>perditione</strong></span> <span class='ocrx_word' id='word_1_306' title='bbox 3257 2051 3517 2106; x_wconf 86' lang='lat' dir='ltr'><strong>illorum.</strong></span> <span class='ocrx_word' id='word_1_307' title='bbox 3541 2047 3762 2106; x_wconf 90' lang='lat' dir='ltr'><strong>Deinde</strong></span> 
     </span>
    </p>
   </div>
   <div class='ocr_carea' id='block_1_42' title="bbox 2117 2139 3765 2211">
    <p class='ocr_par' dir='ltr' id='par_1_42' title="bbox 2117 2139 3765 2211">
     <span class='ocr_line' id='line_1_42' title="bbox 2117 2139 3765 2211; baseline -0.001 -17"><span class='ocrx_word' id='word_1_308' title='bbox 2117 2157 2356 2196; x_wconf 87' lang='lat' dir='ltr'><strong>rursum</strong></span> <span class='ocrx_word' id='word_1_309' title='bbox 2388 2141 2558 2211; x_wconf 91' lang='lat' dir='ltr'><strong>quasi</strong></span> <span class='ocrx_word' id='word_1_310' title='bbox 2593 2140 2989 2211; x_wconf 89' lang='lat' dir='ltr'><strong>objectionem</strong></span> <span class='ocrx_word' id='word_1_311' title='bbox 3022 2139 3214 2195; x_wconf 87' lang='lat' dir='ltr'><strong>solvit.</strong></span> <span class='ocrx_word' id='word_1_312' title='bbox 3275 2141 3355 2195; x_wconf 87' lang='lat' dir='ltr'><strong>Ne</strong></span> <span class='ocrx_word' id='word_1_313' title='bbox 3413 2139 3547 2210; x_wconf 89' lang='lat' dir='ltr'><strong>quis</strong></span> <span class='ocrx_word' id='word_1_314' title='bbox 3605 2139 3765 2193; x_wconf 90' lang='lat' dir='ltr'><strong>enim</strong></span> 
     </span>
    </p>
   </div>
   <div class='ocr_carea' id='block_1_43' title="bbox 2120 2229 3762 2303">
    <p class='ocr_par' dir='ltr' id='par_1_43' title="bbox 2120 2229 3762 2303">
     <span class='ocr_line' id='line_1_43' title="bbox 2120 2229 3762 2303; baseline -0.001 -20"><span class='ocrx_word' id='word_1_315' title='bbox 2120 2229 2277 2285; x_wconf 91' lang='lat' dir='ltr'><strong>dicat</strong></span> <span class='ocrx_word' id='word_1_316' title='bbox 2301 2230 2493 2295; x_wconf 72' lang='lat' dir='ltr'><strong>:.Quid</strong></span> <span class='ocrx_word' id='word_1_317' title='bbox 2525 2246 2660 2303; x_wconf 90' lang='lat' dir='ltr'><strong>ergo</strong></span> <span class='ocrx_word' id='word_1_318' title='bbox 2685 2230 2713 2286; x_wconf 84' lang='lat'><strong>?</strong></span> <span class='ocrx_word' id='word_1_319' title='bbox 2742 2231 2894 2285; x_wconf 90' lang='lat' dir='ltr'><strong>nihil</strong></span> <span class='ocrx_word' id='word_1_320' title='bbox 2950 2230 3173 2302; x_wconf 88' lang='lat' dir='ltr'><strong>profuit</strong></span> <span class='ocrx_word' id='word_1_321' title='bbox 3214 2229 3358 2286; x_wconf 85' lang='lat' dir='ltr'><strong>lex?</strong></span> <span class='ocrx_word' id='word_1_322' title='bbox 3417 2229 3723 2302; x_wconf 87' lang='lat' dir='ltr'><strong>subjungit</strong></span> <span class='ocrx_word' id='word_1_323' title='bbox 3749 2244 3762 2282; x_wconf 94' lang='lat'><strong>:</strong></span> 
     </span>
    </p>
   </div>
   <div class='ocr_carea' id='block_1_44' title="bbox 365 2313 2009 2394">
    <p class='ocr_par' dir='ltr' id='par_1_44' title="bbox 365 2313 2009 2394">
     <span class='ocr_line' id='line_1_44' title="bbox 365 2313 2009 2394; baseline -0.005 -20"><span class='ocrx_word' id='word_1_324' title='bbox 365 2348 391 2374; x_wconf 78' lang='grc' dir='ltr'>ι(</span> <span class='ocrx_word' id='word_1_325' title='bbox 447 2323 588 2379; x_wconf 80' lang='grc' dir='ltr'>Διότι</span> <span class='ocrx_word' id='word_1_326' title='bbox 658 2319 715 2391; x_wconf 78' lang='grc' dir='ltr'><strong>ἐξ</strong></span> <span class='ocrx_word' id='word_1_327' title='bbox 767 2319 946 2394; x_wconf 81' lang='grc' dir='ltr'>ἔργων</span> <span class='ocrx_word' id='word_1_328' title='bbox 1030 2318 1204 2391; x_wconf 90' lang='grc' dir='ltr'>νόμου</span> <span class='ocrx_word' id='word_1_329' title='bbox 1262 2317 1327 2372; x_wconf 85' lang='grc' dir='ltr'><strong>ού</strong></span> <span class='ocrx_word' id='word_1_330' title='bbox 1389 2313 1811 2385; x_wconf 82' lang='grc' dir='ltr'>δικαιωθήσεται</span> <span class='ocrx_word' id='word_1_331' title='bbox 1868 2316 2009 2368; x_wconf 83' lang='grc' dir='ltr'>πᾶσα</span> 
     </span>
    </p>
   </div>
   <div class='ocr_carea' id='block_1_45' title="bbox 2119 2313 3763 2394">
    <p class='ocr_par' dir='ltr' id='par_1_45' title="bbox 2119 2319 3763 2391">
     <span class='ocr_line' id='line_1_45' title="bbox 2119 2319 3763 2391; baseline 0.002 -20"><span class='ocrx_word' id='word_1_332' title='bbox 2119 2342 2147 2370; x_wconf 75' lang='grc' dir='ltr'><strong>ί(</strong></span> <span class='ocrx_word' id='word_1_333' title='bbox 2181 2322 2261 2374; x_wconf 91' lang='lat' dir='ltr'><strong>Eo</strong></span> <span class='ocrx_word' id='word_1_334' title='bbox 2293 2319 2453 2390; x_wconf 91' lang='lat' dir='ltr'><strong>quod</strong></span> <span class='ocrx_word' id='word_1_335' title='bbox 2506 2336 2577 2374; x_wconf 89' lang='lat' dir='ltr'><strong>ex</strong></span> <span class='ocrx_word' id='word_1_336' title='bbox 2633 2320 2910 2391; x_wconf 89' lang='lat' dir='ltr'><strong>operibus</strong></span> <span class='ocrx_word' id='word_1_337' title='bbox 2963 2320 3110 2391; x_wconf 86' lang='lat' dir='ltr'><strong>legis</strong></span> <span class='ocrx_word' id='word_1_338' title='bbox 3163 2337 3283 2374; x_wconf 91' lang='lat' dir='ltr'><strong>non</strong></span> <span class='ocrx_word' id='word_1_339' title='bbox 3332 2319 3763 2391; x_wconf 84' lang='lat' dir='ltr'><strong>justiﬁcabitur</strong></span> 
     </span>
    </p>
   </div>
   <div class='ocr_carea' id='block_1_46' title="bbox 355 2401 2006 2487">
    <p class='ocr_par' dir='ltr' id='par_1_46' title="bbox 355 2401 2006 2487">
     <span class='ocr_line' id='line_1_46' title="bbox 355 2401 2006 2487; baseline -0.007 -19"><span class='ocrx_word' id='word_1_340' title='bbox 355 2416 493 2487; x_wconf 65' lang='grc' dir='ltr'>σάρξ.</span> <span class='ocrx_word' id='word_1_341' title='bbox 529 2435 561 2463; x_wconf 73' lang='grc' dir='ltr'>ι)</span> <span class='ocrx_word' id='word_1_342' title='bbox 591 2412 691 2471; x_wconf 79' lang='grc' dir='ltr'>Ὠς</span> <span class='ocrx_word' id='word_1_343' title='bbox 747 2408 797 2464; x_wconf 66' lang='grc' dir='ltr'><strong>εἴ</strong></span> <span class='ocrx_word' id='word_1_344' title='bbox 825 2406 1035 2486; x_wconf 78' lang='grc' dir='ltr'>ἔλεγεν,</span> <span class='ocrx_word' id='word_1_345' title='bbox 1094 2404 1179 2463; x_wconf 78' lang='grc' dir='ltr'><strong>ὅτι</strong></span> <span class='ocrx_word' id='word_1_346' title='bbox 1239 2429 1267 2458; x_wconf 82' lang='grc' dir='ltr'>ι(</span> <span class='ocrx_word' id='word_1_347' title='bbox 1299 2403 1515 2486; x_wconf 77' lang='grc' dir='ltr'>Ὠφὲλει</span> <span class='ocrx_word' id='word_1_348' title='bbox 1572 2403 1632 2459; x_wconf 82' lang='grc' dir='ltr'><strong>ἂν</strong></span> <span class='ocrx_word' id='word_1_349' title='bbox 1693 2401 1825 2463; x_wconf 74' lang='grc' dir='ltr'>ἴσως</span> <span class='ocrx_word' id='word_1_350' title='bbox 1856 2403 1884 2456; x_wconf 89' lang='grc' dir='ltr'>ὁ</span> <span class='ocrx_word' id='word_1_351' title='bbox 1914 2406 2006 2457; x_wconf 86' lang='grc' dir='ltr'>νό-</span> 
     </span>
    </p>
   </div>
   <div class='ocr_carea' id='block_1_47' title="bbox 342 2492 2009 2580">
    <p class='ocr_par' dir='ltr' id='par_1_47' title="bbox 342 2492 2009 2580">
     <span class='ocr_line' id='line_1_47' title="bbox 342 2492 2009 2580; baseline -0.007 -23"><span class='ocrx_word' id='word_1_352' title='bbox 342 2524 469 2575; x_wconf 81' lang='grc' dir='ltr'>μος,</span> <span class='ocrx_word' id='word_1_353' title='bbox 500 2501 551 2556; x_wconf 81' lang='grc' dir='ltr'><strong>εί</strong></span> <span class='ocrx_word' id='word_1_354' title='bbox 582 2497 861 2580; x_wconf 72' lang='grc' dir='ltr'>ἐφύλαξαν</span> <span class='ocrx_word' id='word_1_355' title='bbox 921 2498 980 2552; x_wconf 73' lang='grc' dir='ltr'>οἳ</span> <span class='ocrx_word' id='word_1_356' title='bbox 1029 2494 1429 2573; x_wconf 75' lang='grc' dir='ltr'>παρειληφότες</span> <span class='ocrx_word' id='word_1_357' title='bbox 1487 2494 1554 2551; x_wconf 71' lang='grc' dir='ltr'>τὰ</span> <span class='ocrx_word' id='word_1_358' title='bbox 1610 2492 2009 2570; x_wconf 73' lang='grc' dir='ltr'>προστάγματα</span> 
     </span>
    </p>
   </div>
   <div class='ocr_carea' id='block_1_48' title="bbox 336 2581 2007 2666">
    <p class='ocr_par' dir='ltr' id='par_1_48' title="bbox 336 2581 2007 2666">
     <span class='ocr_line' id='line_1_48' title="bbox 336 2581 2007 2666; baseline -0.007 -19"><span class='ocrx_word' id='word_1_359' title='bbox 336 2592 539 2661; x_wconf 80' lang='grc' dir='ltr'>αύτοῦ,</span> <span class='ocrx_word' id='word_1_360' title='bbox 572 2586 772 2658; x_wconf 74' lang='grc' dir='ltr'>ἐπειδὴ</span> <span class='ocrx_word' id='word_1_361' title='bbox 807 2585 865 2642; x_wconf 74' lang='grc' dir='ltr'>δὲ</span> <span class='ocrx_word' id='word_1_362' title='bbox 896 2586 996 2642; x_wconf 81' lang='grc' dir='ltr'><strong>οὐκ</strong></span> <span class='ocrx_word' id='word_1_363' title='bbox 1037 2585 1324 2666; x_wconf 75' lang='grc' dir='ltr'>ἐφύλαξαν,</span> <span class='ocrx_word' id='word_1_364' title='bbox 1384 2585 1446 2640; x_wconf 83' lang='grc' dir='ltr'>ἐκ</span> <span class='ocrx_word' id='word_1_365' title='bbox 1501 2581 1863 2659; x_wconf 81' lang='grc' dir='ltr'>περιστάσεως</span> <span class='ocrx_word' id='word_1_366' title='bbox 1917 2582 2007 2636; x_wconf 85' lang='grc' dir='ltr'><strong>καὶ</strong></span> 
     </span>
    </p>
   </div>
   <div class='ocr_carea' id='block_1_49' title="bbox 342 2669 2009 2754">
    <p class='ocr_par' dir='ltr' id='par_1_49' title="bbox 342 2669 2009 2754">
     <span class='ocr_line' id='line_1_49' title="bbox 342 2669 2009 2754; baseline -0.007 -18"><span class='ocrx_word' id='word_1_367' title='bbox 342 2675 607 2753; x_wconf 70' lang='grc' dir='ltr'>ἔϐλαψεν,</span> <span class='ocrx_word' id='word_1_368' title='bbox 644 2678 710 2733; x_wconf 79' lang='grc' dir='ltr'>οὗ</span> <span class='ocrx_word' id='word_1_369' title='bbox 846 2677 1038 2732; x_wconf 69' lang='grc' dir='ltr'>ἑαυτοῦ</span> <span class='ocrx_word' id='word_1_370' title='bbox 1065 2674 1240 2754; x_wconf 86' lang='grc' dir='ltr'>φύσει,</span> <span class='ocrx_word' id='word_1_371' title='bbox 1281 2672 1431 2730; x_wconf 82' lang='grc' dir='ltr'><strong>ἀλλά</strong></span> <span class='ocrx_word' id='word_1_372' title='bbox 1458 2677 1527 2747; x_wconf 80' lang='grc' dir='ltr'><strong>τῇ</strong></span> <span class='ocrx_word' id='word_1_373' title='bbox 1574 2678 1685 2727; x_wconf 87' lang='grc' dir='ltr'><strong>τῶν</strong></span> <span class='ocrx_word' id='word_1_374' title='bbox 1720 2673 1794 2746; x_wconf 83' lang='grc' dir='ltr'>μὴ</span> <span class='ocrx_word' id='word_1_375' title='bbox 1829 2669 2009 2752; x_wconf 80' lang='grc' dir='ltr'>φυλα-</span> 
     </span>
    </p>
   </div>
   <div class='ocr_carea' id='block_1_50' title="bbox 350 2759 2005 2844">
    <p class='ocr_par' dir='ltr' id='par_1_50' title="bbox 350 2759 2005 2844">
     <span class='ocr_line' id='line_1_50' title="bbox 350 2759 2005 2844; baseline -0.006 -20"><span class='ocrx_word' id='word_1_376' title='bbox 350 2770 551 2839; x_wconf 76' lang='grc' dir='ltr'>ξάντων</span> <span class='ocrx_word' id='word_1_377' title='bbox 601 2769 834 2844; x_wconf 76' lang='grc' dir='ltr'>γνώμῃ.</span> <span class='ocrx_word' id='word_1_378' title='bbox 908 2787 935 2820; x_wconf 71' lang='grc' dir='ltr'><strong>α</strong></span> <span class='ocrx_word' id='word_1_379' title='bbox 966 2764 1111 2822; x_wconf 86' lang='grc' dir='ltr'>Διότι</span> <span class='ocrx_word' id='word_1_380' title='bbox 1172 2763 1221 2838; x_wconf 76' lang='grc' dir='ltr'><strong>ἐξ</strong></span> <span class='ocrx_word' id='word_1_381' title='bbox 1275 2759 1468 2841; x_wconf 77' lang='grc' dir='ltr'>ἔργων.</span> <span class='ocrx_word' id='word_1_382' title='bbox 1506 2787 1532 2813; x_wconf 70' lang='grc' dir='ltr'>ι)</span> <span class='ocrx_word' id='word_1_383' title='bbox 1590 2763 1725 2819; x_wconf 76' lang='grc' dir='ltr'>Εἶτα</span> <span class='ocrx_word' id='word_1_384' title='bbox 1777 2759 1873 2816; x_wconf 74' lang='grc' dir='ltr'>’ίνα</span> <span class='ocrx_word' id='word_1_385' title='bbox 1930 2760 2005 2834; x_wconf 78' lang='grc' dir='ltr'>μὴ</span> 
     </span>
    </p>
   </div>
   <div class='ocr_carea' id='block_1_51' title="bbox 348 2850 2006 2928">
    <p class='ocr_par' dir='ltr' id='par_1_51' title="bbox 348 2850 2006 2928">
     <span class='ocr_line' id='line_1_51' title="bbox 348 2850 2006 2928; baseline -0.005 -13"><span class='ocrx_word' id='word_1_386' title='bbox 348 2859 461 2915; x_wconf 67' lang='grc' dir='ltr'><strong>πάλ</strong></span> <span class='ocrx_word' id='word_1_387' title='bbox 474 2880 518 2913; x_wconf 83' lang='grc' dir='ltr'><strong>ιν</strong></span> <span class='ocrx_word' id='word_1_388' title='bbox 550 2857 1069 2927; x_wconf 78' lang='grc' dir='ltr'>ἂνακιοπαθήσῶσιν</span> <span class='ocrx_word' id='word_1_389' title='bbox 1099 2850 1360 2910; x_wconf 84' lang='grc' dir='ltr'>Ἰουδαῖοι</span> <span class='ocrx_word' id='word_1_390' title='bbox 1408 2851 2006 2928; x_wconf 78' lang='grc' dir='ltr'>συγκαταριθμούμενοι</span> 
     </span>
    </p>
   </div>
   <div class='ocr_carea' id='block_1_52' title="bbox 338 2939 2004 3020">
    <p class='ocr_par' dir='ltr' id='par_1_52' title="bbox 338 2939 2004 3020">
     <span class='ocr_line' id='line_1_52' title="bbox 338 2939 2004 3020; baseline -0.006 -16"><span class='ocrx_word' id='word_1_391' title='bbox 338 2949 502 3004; x_wconf 83' lang='grc' dir='ltr'>παντὶ</span> <span class='ocrx_word' id='word_1_392' title='bbox 534 2948 621 3019; x_wconf 78' lang='grc' dir='ltr'>τῷ</span> <span class='ocrx_word' id='word_1_393' title='bbox 681 2946 880 3020; x_wconf 82' lang='grc' dir='ltr'>κόσμῳ</span> <span class='ocrx_word' id='word_1_394' title='bbox 927 2942 1003 3006; x_wconf 77' lang='grc' dir='ltr'><strong>εἰς</strong></span> <span class='ocrx_word' id='word_1_395' title='bbox 1028 2943 1093 2998; x_wconf 88' lang='grc' dir='ltr'>τὸ</span> <span class='ocrx_word' id='word_1_396' title='bbox 1126 2939 1377 2998; x_wconf 82' lang='grc' dir='ltr'>ὑπόδικοι</span> <span class='ocrx_word' id='word_1_397' title='bbox 1408 2944 1564 3012; x_wconf 80' lang='grc' dir='ltr'>εἶναι,</span> <span class='ocrx_word' id='word_1_398' title='bbox 1595 2939 1762 2998; x_wconf 80' lang='grc' dir='ltr'>πάλιν</span> <span class='ocrx_word' id='word_1_399' title='bbox 1793 2940 1860 2995; x_wconf 81' lang='grc' dir='ltr'>τὰ</span> <span class='ocrx_word' id='word_1_400' title='bbox 1888 2941 2004 2995; x_wconf 86' lang='grc' dir='ltr'>κατ’</span> 
     </span>
    </p>
   </div>
   <div class='ocr_carea' id='block_1_53' title="bbox 336 3028 2005 3108">
    <p class='ocr_par' dir='ltr' id='par_1_53' title="bbox 336 3028 2005 3108">
     <span class='ocr_line' id='line_1_53' title="bbox 336 3028 2005 3108; baseline -0.005 -15"><span class='ocrx_word' id='word_1_401' title='bbox 336 3037 541 3099; x_wconf 67' lang='grc' dir='ltr'>αὐτοὺς</span> <span class='ocrx_word' id='word_1_402' title='bbox 569 3034 833 3107; x_wconf 79' lang='grc' dir='ltr'>ἐξετάζει.</span> <span class='ocrx_word' id='word_1_403' title='bbox 864 3058 893 3087; x_wconf 92' lang='grc'><strong>‹‹</strong></span> <span class='ocrx_word' id='word_1_404' title='bbox 929 3039 1082 3088; x_wconf 78' lang='grc' dir='ltr'>Πᾶσα</span> <span class='ocrx_word' id='word_1_405' title='bbox 1110 3032 1258 3108; x_wconf 79' lang='grc' dir='ltr'>σάρξ.</span> <span class='ocrx_word' id='word_1_406' title='bbox 1295 3059 1316 3087; x_wconf 77' lang='grc' dir='ltr'><strong>ι</strong></span> <span class='ocrx_word' id='word_1_407' title='bbox 1380 3029 1522 3090; x_wconf 74' lang='grc' dir='ltr'>Οὐδὲ</span> <span class='ocrx_word' id='word_1_408' title='bbox 1551 3033 1657 3108; x_wconf 83' lang='grc' dir='ltr'>γὰρ</span> <span class='ocrx_word' id='word_1_409' title='bbox 1715 3028 2005 3104; x_wconf 78' lang='grc' dir='ltr'>ἐπλήρωσε</span> 
     </span>
    </p>
   </div>
   <div class='ocr_carea' id='block_1_54' title="bbox 340 3125 807 3200">
    <p class='ocr_par' dir='ltr' id='par_1_54' title="bbox 340 3125 807 3200">
     <span class='ocr_line' id='line_1_54' title="bbox 340 3125 807 3200; baseline -0.002 -19"><span class='ocrx_word' id='word_1_410' title='bbox 340 3128 413 3181; x_wconf 71' lang='grc' dir='ltr'><strong>τὸ.</strong></span> <span class='ocrx_word' id='word_1_411' title='bbox 439 3128 494 3182; x_wconf 73' lang='grc' dir='ltr'>ὲν</span> <span class='ocrx_word' id='word_1_412' title='bbox 521 3130 601 3198; x_wconf 77' lang='grc' dir='ltr'><strong>τῶ</strong></span> <span class='ocrx_word' id='word_1_413' title='bbox 620 3125 807 3200; x_wconf 86' lang='grc' dir='ltr'>νόμῳ.</span> 
     </span>
    </p>
   </div>
   <div class='ocr_carea' id='block_1_55' title="bbox 426 3205 2071 3314">
    <p class='ocr_par' dir='ltr' id='par_1_55' title="bbox 426 3205 2071 3314">
     <span class='ocr_line' id='line_1_55' title="bbox 426 3205 2071 3314; baseline -0.005 -44"><span class='ocrx_word' id='word_1_414' title='bbox 426 3216 525 3270; x_wconf 65' lang='grc' dir='ltr'>Διὰ</span> <span class='ocrx_word' id='word_1_415' title='bbox 603 3216 704 3314; x_wconf 52' lang='grc' dir='ltr'><strong>γαρ</strong></span> <span class='ocrx_word' id='word_1_416' title='bbox 788 3213 967 3314; x_wconf 57' lang='grc' dir='ltr'>νόμου</span> <span class='ocrx_word' id='word_1_417' title='bbox 1052 3211 1347 3314; x_wconf 57' lang='grc' dir='ltr'>ξπίγνωσις</span> <span class='ocrx_word' id='word_1_418' title='bbox 1404 3211 1693 3314; x_wconf 38' lang='grc' dir='ltr'>ἆμαρτιίας.</span> <span class='ocrx_word' id='word_1_419' title='bbox 1754 3208 1891 3266; x_wconf 80' lang='grc' dir='ltr'>Νυνὶ</span> <span class='ocrx_word' id='word_1_420' title='bbox 1941 3205 1998 3262; x_wconf 79' lang='grc' dir='ltr'>δὲ</span> <span class='ocrx_word' id='word_1_421' title='bbox 2028 3248 2071 3314; x_wconf 77' lang='lat' dir='ltr'><strong><em>C</em></strong></span> 
     </span>
    </p>
   </div>
   <div class='ocr_carea' id='block_1_56' title="bbox 358 3299 1998 3378">
    <p class='ocr_par' dir='ltr' id='par_1_56' title="bbox 358 3299 1998 3378">
     <span class='ocr_line' id='line_1_56' title="bbox 358 3299 1998 3378; baseline -0.004 -22"><span class='ocrx_word' id='word_1_422' title='bbox 358 3303 543 3377; x_wconf 75' lang='grc' dir='ltr'>χωρὶς</span> <span class='ocrx_word' id='word_1_423' title='bbox 592 3302 752 3373; x_wconf 73' lang='grc' dir='ltr'>νόμου</span> <span class='ocrx_word' id='word_1_424' title='bbox 828 3299 1148 3370; x_wconf 74' lang='grc' dir='ltr'>δικαιοσύνη</span> <span class='ocrx_word' id='word_1_425' title='bbox 1205 3303 1339 3355; x_wconf 89' lang='grc' dir='ltr'>Θεοῦ</span> <span class='ocrx_word' id='word_1_426' title='bbox 1397 3299 1792 3378; x_wconf 69' lang='grc' dir='ltr'>πεφανέρωται,</span> <span class='ocrx_word' id='word_1_427' title='bbox 1858 3316 1998 3372; x_wconf 84' lang='grc' dir='ltr'>μαρ-</span> 
     </span>
    </p>
   </div>
   <div class='ocr_carea' id='block_1_57' title="bbox 359 3388 1786 3466">
    <p class='ocr_par' dir='ltr' id='par_1_57' title="bbox 359 3388 1786 3466">
     <span class='ocr_line' id='line_1_57' title="bbox 359 3388 1786 3466; baseline -0.001 -23"><span class='ocrx_word' id='word_1_428' title='bbox 359 3388 674 3464; x_wconf 80' lang='grc' dir='ltr'>τυρουμὲνη</span> <span class='ocrx_word' id='word_1_429' title='bbox 709 3390 798 3446; x_wconf 69' lang='grc' dir='ltr'>ὑπὸ</span> <span class='ocrx_word' id='word_1_430' title='bbox 837 3395 939 3446; x_wconf 88' lang='grc' dir='ltr'><strong>τοῦ</strong></span> <span class='ocrx_word' id='word_1_431' title='bbox 967 3388 1142 3463; x_wconf 89' lang='grc' dir='ltr'>νόμου</span> <span class='ocrx_word' id='word_1_432' title='bbox 1170 3388 1262 3444; x_wconf 81' lang='grc' dir='ltr'><strong>καὶ</strong></span> <span class='ocrx_word' id='word_1_433' title='bbox 1313 3393 1422 3445; x_wconf 88' lang='grc' dir='ltr'><strong>τῶν</strong></span> <span class='ocrx_word' id='word_1_434' title='bbox 1464 3392 1786 3466; x_wconf 80' lang='grc' dir='ltr'>προφητῶν.</span> 
     </span>
    </p>
   </div>
   <div class='ocr_carea' id='block_1_58' title="bbox 430 3563 2001 3644">
    <p class='ocr_par' dir='ltr' id='par_1_58' title="bbox 430 3563 2001 3644">
     <span class='ocr_line' id='line_1_58' title="bbox 430 3563 2001 3644; baseline -0.002 -20"><span class='ocrx_word' id='word_1_435' title='bbox 430 3569 526 3624; x_wconf 74' lang='grc' dir='ltr'><strong>Καὶ</strong></span> <span class='ocrx_word' id='word_1_436' title='bbox 553 3568 607 3624; x_wconf 82' lang='grc' dir='ltr'><strong>τί</strong></span> <span class='ocrx_word' id='word_1_437' title='bbox 634 3569 779 3644; x_wconf 70' lang='grc' dir='ltr'>λέγω</span> <span class='ocrx_word' id='word_1_438' title='bbox 824 3569 911 3626; x_wconf 83' lang='grc' dir='ltr'><strong>ὅτι</strong></span> <span class='ocrx_word' id='word_1_439' title='bbox 965 3565 1120 3624; x_wconf 74' lang='grc' dir='ltr'>οὐδὲν</span> <span class='ocrx_word' id='word_1_440' title='bbox 1151 3568 1450 3643; x_wconf 77' lang='grc' dir='ltr'>ὠφελεῖσθε</span> <span class='ocrx_word' id='word_1_441' title='bbox 1509 3563 1768 3623; x_wconf 87' lang='grc' dir='ltr'>Ἰουδαῖοι</span> <span class='ocrx_word' id='word_1_442' title='bbox 1817 3566 1872 3621; x_wconf 81' lang='grc' dir='ltr'><strong>ἐγ</strong></span> <span class='ocrx_word' id='word_1_443' title='bbox 1903 3570 2001 3622; x_wconf 88' lang='grc' dir='ltr'><strong>τοῦ</strong></span> 
     </span>
    </p>
   </div>
   <div class='ocr_carea' id='block_1_59' title="bbox 366 3655 2003 3735">
    <p class='ocr_par' dir='ltr' id='par_1_59' title="bbox 366 3655 2003 3735">
     <span class='ocr_line' id='line_1_59' title="bbox 366 3655 2003 3735; baseline -0.002 -21"><span class='ocrx_word' id='word_1_444' title='bbox 366 3660 551 3733; x_wconf 78' lang='grc' dir='ltr'>νόμου,</span> <span class='ocrx_word' id='word_1_445' title='bbox 607 3658 685 3723; x_wconf 82' lang='grc' dir='ltr'><strong>εἰς</strong></span> <span class='ocrx_word' id='word_1_446' title='bbox 740 3660 805 3713; x_wconf 84' lang='grc' dir='ltr'>τὸ</span> <span class='ocrx_word' id='word_1_447' title='bbox 865 3661 942 3733; x_wconf 79' lang='grc' dir='ltr'>μὴ</span> <span class='ocrx_word' id='word_1_448' title='bbox 1001 3658 1245 3735; x_wconf 73' lang='grc' dir='ltr'>γενέσθαι</span> <span class='ocrx_word' id='word_1_449' title='bbox 1304 3655 1416 3731; x_wconf 77' lang='grc' dir='ltr'><strong>ἅμα</strong></span> <span class='ocrx_word' id='word_1_450' title='bbox 1460 3661 1540 3730; x_wconf 84' lang='grc' dir='ltr'>τῷ</span> <span class='ocrx_word' id='word_1_451' title='bbox 1595 3656 1756 3712; x_wconf 83' lang='grc' dir='ltr'>παντὶ</span> <span class='ocrx_word' id='word_1_452' title='bbox 1809 3656 2003 3730; x_wconf 87' lang='grc' dir='ltr'>κόσμῳ</span> 
     </span>
    </p>
   </div>
   <div class='ocr_carea' id='block_1_60' title="bbox 371 3744 2004 3822">
    <p class='ocr_par' dir='ltr' id='par_1_60' title="bbox 371 3744 2004 3822">
     <span class='ocr_line' id='line_1_60' title="bbox 371 3744 2004 3822; baseline -0.002 -19"><span class='ocrx_word' id='word_1_453' title='bbox 371 3746 608 3804; x_wconf 75' lang='grc' dir='ltr'>ὗπόδικοι</span> <span class='ocrx_word' id='word_1_454' title='bbox 644 3768 661 3821; x_wconf 86' lang='grc'><strong>;</strong></span> <span class='ocrx_word' id='word_1_455' title='bbox 695 3751 969 3822; x_wconf 79' lang='grc' dir='ltr'>Μενοῦνγε</span> <span class='ocrx_word' id='word_1_456' title='bbox 998 3747 1256 3817; x_wconf 71' lang='grc' dir='ltr'>ἐξετάζων</span> <span class='ocrx_word' id='word_1_457' title='bbox 1312 3767 1416 3815; x_wconf 86' lang='grc' dir='ltr'>τις,</span> <span class='ocrx_word' id='word_1_458' title='bbox 1466 3746 1687 3820; x_wconf 80' lang='grc' dir='ltr'>εύρήσει</span> <span class='ocrx_word' id='word_1_459' title='bbox 1738 3745 1826 3800; x_wconf 78' lang='grc' dir='ltr'><strong>καὶ</strong></span> <span class='ocrx_word' id='word_1_460' title='bbox 1863 3744 2004 3820; x_wconf 89' lang='grc' dir='ltr'>βλα-</span> 
     </span>
    </p>
   </div>
   <div class='ocr_carea' id='block_1_61' title="bbox 366 3833 2005 3914">
    <p class='ocr_par' dir='ltr' id='par_1_61' title="bbox 366 3833 2005 3914">
     <span class='ocr_line' id='line_1_61' title="bbox 366 3833 2005 3914; baseline -0.004 -19"><span class='ocrx_word' id='word_1_461' title='bbox 366 3833 545 3901; x_wconf 76' lang='grc' dir='ltr'>6έντας</span> <span class='ocrx_word' id='word_1_462' title='bbox 574 3839 722 3914; x_wconf 78' lang='grc' dir='ltr'>ὑμᾶς</span> <span class='ocrx_word' id='word_1_463' title='bbox 755 3838 860 3893; x_wconf 83' lang='grc' dir='ltr'>ὑπὸ</span> <span class='ocrx_word' id='word_1_464' title='bbox 916 3841 1014 3893; x_wconf 91' lang='grc' dir='ltr'><strong>τοῦ</strong></span> <span class='ocrx_word' id='word_1_465' title='bbox 1043 3838 1243 3912; x_wconf 89' lang='grc' dir='ltr'>νόμου,</span> <span class='ocrx_word' id='word_1_466' title='bbox 1277 3836 1338 3891; x_wconf 85' lang='grc' dir='ltr'><strong>ού</strong></span> <span class='ocrx_word' id='word_1_467' title='bbox 1368 3836 1513 3911; x_wconf 82' lang='grc' dir='ltr'>παρὰ</span> <span class='ocrx_word' id='word_1_468' title='bbox 1561 3837 1661 3904; x_wconf 81' lang='grc' dir='ltr'><strong>τήν</strong></span> <span class='ocrx_word' id='word_1_469' title='bbox 1710 3833 1877 3891; x_wconf 75' lang='grc' dir='ltr'>αὐτοῦ</span> <span class='ocrx_word' id='word_1_470' title='bbox 1903 3836 2005 3908; x_wconf 89' lang='grc' dir='ltr'>φύ-</span> 
     </span>
    </p>
   </div>
   <div class='ocr_carea' id='block_1_62' title="bbox 354 3924 2001 4001">
    <p class='ocr_par' dir='ltr' id='par_1_62' title="bbox 354 3924 2001 4001">
     <span class='ocr_line' id='line_1_62' title="bbox 354 3924 2001 4001; baseline -0.004 -18"><span class='ocrx_word' id='word_1_471' title='bbox 354 3949 451 3998; x_wconf 87' lang='grc' dir='ltr'>σιν,</span> <span class='ocrx_word' id='word_1_472' title='bbox 484 3927 637 3984; x_wconf 79' lang='grc' dir='ltr'>ἀλλὰ</span> <span class='ocrx_word' id='word_1_473' title='bbox 666 3927 815 3998; x_wconf 80' lang='grc' dir='ltr'>παρᾶ</span> <span class='ocrx_word' id='word_1_474' title='bbox 841 3929 942 3997; x_wconf 77' lang='grc' dir='ltr'><strong>τήν</strong></span> <span class='ocrx_word' id='word_1_475' title='bbox 970 3928 1133 4001; x_wconf 78' lang='grc' dir='ltr'>ἡμῶν</span> <span class='ocrx_word' id='word_1_476' title='bbox 1160 3926 1375 3981; x_wconf 84' lang='grc' dir='ltr'>κακίαν.</span> <span class='ocrx_word' id='word_1_477' title='bbox 1408 3930 1534 3986; x_wconf 83' lang='grc' dir='ltr'>Πῶς</span> <span class='ocrx_word' id='word_1_478' title='bbox 1570 3925 1731 3994; x_wconf 88' lang='grc' dir='ltr'>;Ὅτι</span> <span class='ocrx_word' id='word_1_479' title='bbox 1759 3924 1822 3978; x_wconf 88' lang='grc' dir='ltr'>τὸ</span> <span class='ocrx_word' id='word_1_480' title='bbox 1853 3927 2001 3997; x_wconf 88' lang='grc' dir='ltr'>γνῶ-</span> 
     </span>
    </p>
   </div>
   <div class='ocr_carea' id='block_1_63' title="bbox 341 4008 2002 4091">
    <p class='ocr_par' dir='ltr' id='par_1_63' title="bbox 341 4008 2002 4091">
     <span class='ocr_line' id='line_1_63' title="bbox 341 4008 2002 4091; baseline -0.005 -18"><span class='ocrx_word' id='word_1_481' title='bbox 341 4039 424 4073; x_wconf 80' lang='grc' dir='ltr'><strong>ναι</strong></span> <span class='ocrx_word' id='word_1_482' title='bbox 459 4019 565 4087; x_wconf 72' lang='grc' dir='ltr'>τήν</span> <span class='ocrx_word' id='word_1_483' title='bbox 629 4015 924 4091; x_wconf 81' lang='grc' dir='ltr'>ὁρματίαν,</span> <span class='ocrx_word' id='word_1_484' title='bbox 983 4011 1071 4069; x_wconf 84' lang='grc' dir='ltr'><strong>διὰ</strong></span> <span class='ocrx_word' id='word_1_485' title='bbox 1116 4019 1215 4070; x_wconf 87' lang='grc' dir='ltr'><strong>τοῦ</strong></span> <span class='ocrx_word' id='word_1_486' title='bbox 1271 4015 1445 4088; x_wconf 86' lang='grc' dir='ltr'>νόμου</span> <span class='ocrx_word' id='word_1_487' title='bbox 1491 4008 1664 4089; x_wconf 82' lang='grc' dir='ltr'>ἔχετε·</span> <span class='ocrx_word' id='word_1_488' title='bbox 1724 4013 1786 4067; x_wconf 87' lang='grc' dir='ltr'>τὸ</span> <span class='ocrx_word' id='word_1_489' title='bbox 1846 4009 1903 4067; x_wconf 72' lang='grc' dir='ltr'>δὲ</span> <span class='ocrx_word' id='word_1_490' title='bbox 1950 4009 2002 4066; x_wconf 77' lang='grc' dir='ltr'>ἐν</span> 
     </span>
    </p>
   </div>
   <div class='ocr_carea' id='block_1_64' title="bbox 344 4099 2005 4185">
    <p class='ocr_par' dir='ltr' id='par_1_64' title="bbox 344 4099 2005 4185">
     <span class='ocr_line' id='line_1_64' title="bbox 344 4099 2005 4185; baseline -0.002 -24"><span class='ocrx_word' id='word_1_491' title='bbox 344 4108 549 4185; x_wconf 81' lang='grc' dir='ltr'>γνώσει</span> <span class='ocrx_word' id='word_1_492' title='bbox 599 4101 962 4180; x_wconf 79' lang='grc' dir='ltr'>ἁμαρτάδειν,</span> <span class='ocrx_word' id='word_1_493' title='bbox 993 4103 1381 4183; x_wconf 80' lang='grc' dir='ltr'>χαλεπώτερον</span> <span class='ocrx_word' id='word_1_494' title='bbox 1438 4106 1533 4158; x_wconf 90' lang='grc' dir='ltr'><strong>τοῦ</strong></span> <span class='ocrx_word' id='word_1_495' title='bbox 1588 4099 1639 4157; x_wconf 81' lang='grc' dir='ltr'>ἔν</span> <span class='ocrx_word' id='word_1_496' title='bbox 1694 4100 1904 4176; x_wconf 80' lang='grc' dir='ltr'>ἀγνοίᾳ.</span> <span class='ocrx_word' id='word_1_497' title='bbox 1938 4132 2005 4142; x_wconf 88' lang='grc'><strong><em>-</em></strong></span> 
     </span>
    </p>
   </div>
   <div class='ocr_carea' id='block_1_65' title="bbox 343 4191 2006 4271">
    <p class='ocr_par' dir='ltr' id='par_1_65' title="bbox 343 4191 2006 4271">
     <span class='ocr_line' id='line_1_65' title="bbox 343 4191 2006 4271; baseline -0.006 -17"><span class='ocrx_word' id='word_1_498' title='bbox 343 4195 561 4254; x_wconf 83' lang='grc' dir='ltr'>’Λλλο.</span> <span class='ocrx_word' id='word_1_499' title='bbox 617 4195 1106 4269; x_wconf 81' lang='grc' dir='ltr'><strong>[ΙἙΝΝΑΔῙΟΥ.]</strong></span> <span class='ocrx_word' id='word_1_500' title='bbox 1161 4193 1226 4250; x_wconf 80' lang='lat' dir='ltr'><strong>El</strong></span> <span class='ocrx_word' id='word_1_501' title='bbox 1270 4197 1451 4264; x_wconf 85' lang='grc' dir='ltr'>τοῦτο,</span> <span class='ocrx_word' id='word_1_502' title='bbox 1507 4192 1690 4271; x_wconf 83' lang='grc' dir='ltr'>φησὶν,</span> <span class='ocrx_word' id='word_1_503' title='bbox 1750 4192 1778 4246; x_wconf 85' lang='grc' dir='ltr'>ὁ</span> <span class='ocrx_word' id='word_1_504' title='bbox 1835 4191 2006 4265; x_wconf 89' lang='grc' dir='ltr'>νόμος</span> 
     </span>
    </p>
   </div>
   <div class='ocr_carea' id='block_1_66' title="bbox 345 4278 2007 4359">
    <p class='ocr_par' dir='ltr' id='par_1_66' title="bbox 345 4278 2007 4359">
     <span class='ocr_line' id='line_1_66' title="bbox 345 4278 2007 4359; baseline -0.005 -17"><span class='ocrx_word' id='word_1_505' title='bbox 345 4283 773 4354; x_wconf 65' lang='grc' dir='ltr'>ἐλυσιτέλησεν,</span> <span class='ocrx_word' id='word_1_506' title='bbox 831 4281 1118 4359; x_wconf 81' lang='grc' dir='ltr'>ἐγνώρισεν</span> <span class='ocrx_word' id='word_1_507' title='bbox 1166 4285 1303 4357; x_wconf 80' lang='grc' dir='ltr'>ἡμῖν</span> <span class='ocrx_word' id='word_1_508' title='bbox 1359 4284 1458 4352; x_wconf 84' lang='grc' dir='ltr'><strong>τήν</strong></span> <span class='ocrx_word' id='word_1_509' title='bbox 1511 4279 1773 4356; x_wconf 79' lang='grc' dir='ltr'>ἁμαρτίαν</span> <span class='ocrx_word' id='word_1_510' title='bbox 1836 4278 2007 4350; x_wconf 84' lang='grc' dir='ltr'>ούτῷ</span> 
     </span>
    </p>
   </div>
   <div class='ocr_carea' id='block_1_67' title="bbox 348 4364 2008 4448">
    <p class='ocr_par' dir='ltr' id='par_1_67' title="bbox 348 4364 2008 4448">
     <span class='ocr_line' id='line_1_67' title="bbox 348 4364 2008 4448; baseline -0.005 -18"><span class='ocrx_word' id='word_1_511' title='bbox 348 4375 730 4448; x_wconf 73' lang='grc' dir='ltr'>ἀπαγορεῦσαι</span> <span class='ocrx_word' id='word_1_512' title='bbox 788 4372 950 4445; x_wconf 82' lang='grc' dir='ltr'>μόνον</span> <span class='ocrx_word' id='word_1_513' title='bbox 1005 4374 1103 4441; x_wconf 74' lang='grc' dir='ltr'>τὴν</span> <span class='ocrx_word' id='word_1_514' title='bbox 1157 4374 1347 4448; x_wconf 81' lang='grc' dir='ltr'>πρᾶξιν</span> <span class='ocrx_word' id='word_1_515' title='bbox 1397 4375 1505 4426; x_wconf 90' lang='grc' dir='ltr'><strong>τῶν</strong></span> <span class='ocrx_word' id='word_1_516' title='bbox 1560 4370 1802 4438; x_wconf 84' lang='grc' dir='ltr'>ἀτόπων,</span> <span class='ocrx_word' id='word_1_517' title='bbox 1860 4364 2008 4423; x_wconf 66' lang='grc' dir='ltr'>ἀλλὰ</span> 
     </span>
    </p>
   </div>
   <div class='ocr_carea' id='block_1_68' title="bbox 347 4456 2009 4538">
    <p class='ocr_par' dir='ltr' id='par_1_68' title="bbox 347 4456 2009 4538">
     <span class='ocr_line' id='line_1_68' title="bbox 347 4456 2009 4538; baseline -0.005 -18"><span class='ocrx_word' id='word_1_518' title='bbox 347 4463 446 4520; x_wconf 77' lang='grc' dir='ltr'><strong>καὶ</strong></span> <span class='ocrx_word' id='word_1_519' title='bbox 475 4467 562 4534; x_wconf 77' lang='grc' dir='ltr'>τῷ</span> <span class='ocrx_word' id='word_1_520' title='bbox 611 4462 1022 4538; x_wconf 85' lang='grc' dir='ltr'>παρακούοντας</span> <span class='ocrx_word' id='word_1_521' title='bbox 1078 4461 1266 4531; x_wconf 74' lang='grc' dir='ltr'>αὐτοῦ,</span> <span class='ocrx_word' id='word_1_522' title='bbox 1318 4463 1699 4536; x_wconf 81' lang='grc' dir='ltr'>τιμωρεῖσθαι.</span> <span class='ocrx_word' id='word_1_523' title='bbox 1759 4460 1853 4526; x_wconf 76' lang='grc' dir='ltr'><strong>Μὴ</strong></span> <span class='ocrx_word' id='word_1_524' title='bbox 1886 4456 2009 4513; x_wconf 80' lang='grc' dir='ltr'>ἐπι-</span> 
     </span>
    </p>
   </div>
   <div class='ocr_carea' id='block_1_69' title="bbox 352 4545 2007 4629">
    <p class='ocr_par' dir='ltr' id='par_1_69' title="bbox 352 4545 2007 4629">
     <span class='ocr_line' id='line_1_69' title="bbox 352 4545 2007 4629; baseline -0.004 -22"><span class='ocrx_word' id='word_1_525' title='bbox 352 4551 669 4629; x_wconf 63' lang='grc' dir='ltr'>φερομένης</span> <span class='ocrx_word' id='word_1_526' title='bbox 695 4552 801 4626; x_wconf 76' lang='grc' dir='ltr'><strong>γὰρ</strong></span> <span class='ocrx_word' id='word_1_527' title='bbox 832 4549 1113 4613; x_wconf 86' lang='grc' dir='ltr'>κολάσεως</span> <span class='ocrx_word' id='word_1_528' title='bbox 1142 4557 1257 4613; x_wconf 88' lang='grc' dir='ltr'>τοῖς</span> <span class='ocrx_word' id='word_1_529' title='bbox 1307 4550 1731 4625; x_wconf 79' lang='grc' dir='ltr'>ἁμαρτάνουσιν,</span> <span class='ocrx_word' id='word_1_530' title='bbox 1792 4546 1891 4602; x_wconf 82' lang='grc' dir='ltr'>οὐκ</span> <span class='ocrx_word' id='word_1_531' title='bbox 1946 4545 2007 4601; x_wconf 80' lang='grc' dir='ltr'>’ἀν</span> 
     </span>
    </p>
   </div>
   <div class='ocr_carea' id='block_1_70' title="bbox 354 4637 2010 4718">
    <p class='ocr_par' dir='ltr' id='par_1_70' title="bbox 354 4637 2010 4718">
     <span class='ocr_line' id='line_1_70' title="bbox 354 4637 2010 4718; baseline -0.004 -21"><span class='ocrx_word' id='word_1_532' title='bbox 354 4642 729 4718; x_wconf 76' lang='grc' dir='ltr'>ἐγνωρίσαμεν</span> <span class='ocrx_word' id='word_1_533' title='bbox 761 4642 945 4712; x_wconf 76' lang='grc' dir='ltr'>αύτήν.</span> <span class='ocrx_word' id='word_1_534' title='bbox 979 4642 1077 4696; x_wconf 79' lang='grc' dir='ltr'>Διὰ</span> <span class='ocrx_word' id='word_1_535' title='bbox 1104 4642 1308 4696; x_wconf 85' lang='grc' dir='ltr'>τούτων</span> <span class='ocrx_word' id='word_1_536' title='bbox 1366 4639 1541 4695; x_wconf 84' lang='grc' dir='ltr'>τοίνυν</span> <span class='ocrx_word' id='word_1_537' title='bbox 1596 4638 1813 4694; x_wconf 85' lang='grc' dir='ltr'>πάντων</span> <span class='ocrx_word' id='word_1_538' title='bbox 1852 4637 2010 4712; x_wconf 86' lang='grc' dir='ltr'>ἀκρι-</span> 
     </span>
    </p>
   </div>
   <div class='ocr_carea' id='block_1_71' title="bbox 355 4726 2009 4808">
    <p class='ocr_par' dir='ltr' id='par_1_71' title="bbox 355 4726 2009 4808">
     <span class='ocr_line' id='line_1_71' title="bbox 355 4726 2009 4808; baseline -0.004 -22"><span class='ocrx_word' id='word_1_539' title='bbox 355 4727 472 4793; x_wconf 78' lang='grc' dir='ltr'>ϐῶς</span> <span class='ocrx_word' id='word_1_540' title='bbox 533 4732 805 4801; x_wconf 76' lang='grc' dir='ltr'>συστήσας</span> <span class='ocrx_word' id='word_1_541' title='bbox 865 4732 953 4808; x_wconf 84' lang='grc' dir='ltr'><strong>ὑφ’</strong></span> <span class='ocrx_word' id='word_1_542' title='bbox 1001 4728 1267 4806; x_wconf 83' lang='grc' dir='ltr'>ἁμαρτίαν</span> <span class='ocrx_word' id='word_1_543' title='bbox 1322 4731 1522 4791; x_wconf 84' lang='grc' dir='ltr'>πάντας</span> <span class='ocrx_word' id='word_1_544' title='bbox 1580 4726 1760 4798; x_wconf 77' lang='grc' dir='ltr'>ὄντας,</span> <span class='ocrx_word' id='word_1_545' title='bbox 1821 4727 2009 4804; x_wconf 77' lang='grc' dir='ltr'>ἐπάγει</span> 
     </span>
    </p>
   </div>
   <div class='ocr_carea' id='block_1_72' title="bbox 356 4813 2009 4895">
    <p class='ocr_par' dir='ltr' id='par_1_72' title="bbox 356 4813 2009 4895">
     <span class='ocr_line' id='line_1_72' title="bbox 356 4813 2009 4895; baseline -0.005 -18"><span class='ocrx_word' id='word_1_546' title='bbox 356 4819 561 4877; x_wconf 84' lang='grc' dir='ltr'>λοιπὸν</span> <span class='ocrx_word' id='word_1_547' title='bbox 594 4818 806 4881; x_wconf 74' lang='grc' dir='ltr'>δεικνὺς</span> <span class='ocrx_word' id='word_1_548' title='bbox 833 4824 931 4874; x_wconf 87' lang='grc' dir='ltr'><strong>τοῦ</strong></span> <span class='ocrx_word' id='word_1_549' title='bbox 958 4819 1162 4875; x_wconf 74' lang='grc' dir='ltr'>οἰκείου</span> <span class='ocrx_word' id='word_1_550' title='bbox 1197 4818 1367 4895; x_wconf 89' lang='grc' dir='ltr'>λόγου</span> <span class='ocrx_word' id='word_1_551' title='bbox 1398 4821 1459 4876; x_wconf 84' lang='grc' dir='ltr'>τὸ</span> <span class='ocrx_word' id='word_1_552' title='bbox 1500 4816 1774 4893; x_wconf 87' lang='grc' dir='ltr'>περιττόν.</span> <span class='ocrx_word' id='word_1_553' title='bbox 1820 4839 1847 4865; x_wconf 77' lang='grc' dir='ltr'><strong>(ί</strong></span> <span class='ocrx_word' id='word_1_554' title='bbox 1876 4813 2009 4870; x_wconf 85' lang='grc' dir='ltr'>Νυνὶ</span> 
     </span>
    </p>
   </div>
   <div class='ocr_carea' id='block_1_73' title="bbox 363 4904 2011 4983">
    <p class='ocr_par' dir='ltr' id='par_1_73' title="bbox 363 4904 2011 4983">
     <span class='ocr_line' id='line_1_73' title="bbox 363 4904 2011 4983; baseline -0.004 -20"><span class='ocrx_word' id='word_1_555' title='bbox 363 4906 450 4967; x_wconf 74' lang='grc' dir='ltr'>δέ..</span> <span class='ocrx_word' id='word_1_556' title='bbox 490 4932 518 4958; x_wconf 70' lang='grc' dir='ltr'><strong><em>η</em></strong></span> <span class='ocrx_word' id='word_1_557' title='bbox 549 4905 851 4978; x_wconf 81' lang='grc' dir='ltr'>Ἐπιδείξας</span> <span class='ocrx_word' id='word_1_558' title='bbox 896 4906 1090 4971; x_wconf 78' lang='grc' dir='ltr'>αὐτοὺς</span> <span class='ocrx_word' id='word_1_559' title='bbox 1125 4905 1293 4983; x_wconf 74' lang='grc' dir='ltr'>μηδὲν</span> <span class='ocrx_word' id='word_1_560' title='bbox 1351 4905 1742 4982; x_wconf 72' lang='grc' dir='ltr'>ὠφελημένους</span> <span class='ocrx_word' id='word_1_561' title='bbox 1799 4904 1860 4960; x_wconf 78' lang='grc' dir='ltr'>ἐκ</span> <span class='ocrx_word' id='word_1_562' title='bbox 1912 4906 2011 4958; x_wconf 89' lang='grc' dir='ltr'><strong>τοῦ</strong></span> 
     </span>
    </p>
   </div>
   <div class='ocr_carea' id='block_1_74' title="bbox 364 4992 2009 5076">
    <p class='ocr_par' dir='ltr' id='par_1_74' title="bbox 364 4992 2009 5076">
     <span class='ocr_line' id='line_1_74' title="bbox 364 4992 2009 5076; baseline -0.004 -24"><span class='ocrx_word' id='word_1_563' title='bbox 364 4992 561 5069; x_wconf 84' lang='grc' dir='ltr'>νόμου,</span> <span class='ocrx_word' id='word_1_564' title='bbox 614 4997 708 5053; x_wconf 85' lang='grc' dir='ltr'><strong>καὶ</strong></span> <span class='ocrx_word' id='word_1_565' title='bbox 787 4997 863 5061; x_wconf 72' lang='grc' dir='ltr'>εἷς</span> <span class='ocrx_word' id='word_1_566' title='bbox 923 4997 1214 5070; x_wconf 68' lang='grc' dir='ltr'>ἐπιθυμίαν</span> <span class='ocrx_word' id='word_1_567' title='bbox 1271 4997 1494 5076; x_wconf 86' lang='grc' dir='ltr'>ἀγαγὼν</span> <span class='ocrx_word' id='word_1_568' title='bbox 1552 4993 1784 5069; x_wconf 83' lang='grc' dir='ltr'>μεθόδου</span> <span class='ocrx_word' id='word_1_569' title='bbox 1839 4997 2009 5048; x_wconf 88' lang='grc' dir='ltr'>σῶσαι</span> 
     </span>
    </p>
   </div>
   <div class='ocr_carea' id='block_1_75' title="bbox 363 5083 2012 5163">
    <p class='ocr_par' dir='ltr' id='par_1_75' title="bbox 363 5083 2012 5163">
     <span class='ocr_line' id='line_1_75' title="bbox 363 5083 2012 5163; baseline -0.004 -18"><span class='ocrx_word' id='word_1_570' title='bbox 363 5087 693 5161; x_wconf 70' lang='grc' dir='ltr'>δυναμένης,</span> <span class='ocrx_word' id='word_1_571' title='bbox 728 5089 988 5163; x_wconf 80' lang='grc' dir='ltr'>εὗκαίρως</span> <span class='ocrx_word' id='word_1_572' title='bbox 1019 5089 1097 5153; x_wconf 85' lang='grc' dir='ltr'>εἷς</span> <span class='ocrx_word' id='word_1_573' title='bbox 1134 5091 1232 5159; x_wconf 80' lang='grc' dir='ltr'>τὴν</span> <span class='ocrx_word' id='word_1_574' title='bbox 1292 5088 1470 5144; x_wconf 87' lang='grc' dir='ltr'>πίστιν</span> <span class='ocrx_word' id='word_1_575' title='bbox 1530 5083 1811 5143; x_wconf 71' lang='grc' dir='ltr'>εἴσϐἀλλει</span> <span class='ocrx_word' id='word_1_576' title='bbox 1869 5088 2012 5161; x_wconf 85' lang='grc' dir='ltr'>Χρι-</span> 
     </span>
    </p>
   </div>
   <div class='ocr_carea' id='block_1_76' title="bbox 358 5174 2010 5251">
    <p class='ocr_par' dir='ltr' id='par_1_76' title="bbox 358 5174 2010 5251">
     <span class='ocr_line' id='line_1_76' title="bbox 358 5174 2010 5251; baseline -0.006 -14"><span class='ocrx_word' id='word_1_577' title='bbox 358 5183 479 5237; x_wconf 85' lang='grc' dir='ltr'>τοῦ.</span> <span class='ocrx_word' id='word_1_578' title='bbox 538 5202 566 5230; x_wconf 80' lang='grc' dir='ltr'><strong>ιι</strong></span> <span class='ocrx_word' id='word_1_579' title='bbox 599 5178 926 5248; x_wconf 75' lang='grc' dir='ltr'>Δικαιοσύνη</span> <span class='ocrx_word' id='word_1_580' title='bbox 985 5183 1143 5234; x_wconf 85' lang='grc' dir='ltr'>Θεοῦ.</span> <span class='ocrx_word' id='word_1_581' title='bbox 1179 5199 1205 5231; x_wconf 71' lang='grc' dir='ltr'><strong>υ</strong></span> <span class='ocrx_word' id='word_1_582' title='bbox 1257 5178 1322 5235; x_wconf 77' lang='lat' dir='ltr'><strong>El</strong></span> <span class='ocrx_word' id='word_1_583' title='bbox 1384 5178 1519 5251; x_wconf 82' lang='grc' dir='ltr'>μετὰ</span> <span class='ocrx_word' id='word_1_584' title='bbox 1571 5176 1766 5250; x_wconf 82' lang='grc' dir='ltr'>νόμου,</span> <span class='ocrx_word' id='word_1_585' title='bbox 1827 5174 2010 5251; x_wconf 82' lang='grc' dir='ltr'>φησὶν,</span> 
     </span>
    </p>
   </div>
   <div class='ocr_carea' id='block_1_77' title="bbox 360 5264 2013 5344">
    <p class='ocr_par' dir='ltr' id='par_1_77' title="bbox 360 5264 2013 5344">
     <span class='ocr_line' id='line_1_77' title="bbox 360 5264 2013 5344; baseline -0.004 -20"><span class='ocrx_word' id='word_1_586' title='bbox 360 5269 707 5344; x_wconf 70' lang='grc' dir='ltr'>ἡμάρτομεν,</span> <span class='ocrx_word' id='word_1_587' title='bbox 740 5272 857 5330; x_wconf 86' lang='grc' dir='ltr'><strong>πῶς</strong></span> <span class='ocrx_word' id='word_1_588' title='bbox 889 5267 950 5323; x_wconf 67' lang='grc' dir='ltr'><strong>ἂν</strong></span> <span class='ocrx_word' id='word_1_589' title='bbox 987 5267 1307 5341; x_wconf 80' lang='grc' dir='ltr'>σωθείημεν,</span> <span class='ocrx_word' id='word_1_590' title='bbox 1342 5266 1486 5323; x_wconf 69' lang='grc' dir='ltr'>εἴποι</span> <span class='ocrx_word' id='word_1_591' title='bbox 1524 5288 1627 5338; x_wconf 87' lang='grc' dir='ltr'>τις,</span> <span class='ocrx_word' id='word_1_592' title='bbox 1691 5267 1865 5343; x_wconf 75' lang='grc' dir='ltr'>χωρὶς</span> <span class='ocrx_word' id='word_1_593' title='bbox 1920 5264 2013 5319; x_wconf 89' lang='grc' dir='ltr'>νό-</span> 
     </span>
    </p>
   </div>
   <div class='ocr_carea' id='block_1_78' title="bbox 366 5353 2014 5435">
    <p class='ocr_par' dir='ltr' id='par_1_78' title="bbox 366 5353 2014 5435">
     <span class='ocr_line' id='line_1_78' title="bbox 366 5353 2014 5435; baseline -0.004 -22"><span class='ocrx_word' id='word_1_594' title='bbox 366 5378 473 5431; x_wconf 87' lang='grc' dir='ltr'><strong>μου</strong></span> <span class='ocrx_word' id='word_1_595' title='bbox 503 5376 518 5427; x_wconf 87' lang='grc'><strong>;</strong></span> <span class='ocrx_word' id='word_1_596' title='bbox 551 5358 655 5413; x_wconf 82' lang='grc' dir='ltr'><strong>Διὰ</strong></span> <span class='ocrx_word' id='word_1_597' title='bbox 693 5364 795 5427; x_wconf 85' lang='grc' dir='ltr'><strong>τῆς</strong></span> <span class='ocrx_word' id='word_1_598' title='bbox 843 5355 905 5412; x_wconf 79' lang='grc' dir='ltr'>ἐκ</span> <span class='ocrx_word' id='word_1_599' title='bbox 941 5361 1074 5411; x_wconf 84' lang='grc' dir='ltr'>Θεοῦ</span> <span class='ocrx_word' id='word_1_600' title='bbox 1104 5355 1469 5430; x_wconf 81' lang='grc' dir='ltr'>δικαιοσύνης,</span> <span class='ocrx_word' id='word_1_601' title='bbox 1502 5356 1656 5435; x_wconf 78' lang='grc' dir='ltr'>φησὶ,</span> <span class='ocrx_word' id='word_1_602' title='bbox 1711 5362 1812 5426; x_wconf 89' lang='grc' dir='ltr'><strong>τῆς</strong></span> <span class='ocrx_word' id='word_1_603' title='bbox 1868 5353 2014 5427; x_wconf 82' lang='grc' dir='ltr'>παρὰ</span> 
     </span>
    </p>
   </div>
   <div class='ocr_carea' id='block_1_79' title="bbox 365 5440 2013 5524">
    <p class='ocr_par' dir='ltr' id='par_1_79' title="bbox 365 5440 2013 5524">
     <span class='ocr_line' id='line_1_79' title="bbox 365 5440 2013 5524; baseline -0.004 -21"><span class='ocrx_word' id='word_1_604' title='bbox 365 5451 499 5503; x_wconf 79' lang='grc' dir='ltr'>Θεοῦ</span> <span class='ocrx_word' id='word_1_605' title='bbox 533 5444 847 5521; x_wconf 72' lang='grc' dir='ltr'>διδομένης.</span> <span class='ocrx_word' id='word_1_606' title='bbox 871 5446 1053 5502; x_wconf 88' lang='grc' dir='ltr'>Ὅπου</span> <span class='ocrx_word' id='word_1_607' title='bbox 1074 5443 1130 5501; x_wconf 71' lang='grc' dir='ltr'>δὲ</span> <span class='ocrx_word' id='word_1_608' title='bbox 1161 5446 1288 5509; x_wconf 85' lang='grc' dir='ltr'>Θεὸς</span> <span class='ocrx_word' id='word_1_609' title='bbox 1318 5443 1530 5515; x_wconf 84' lang='grc' dir='ltr'>δίδωσι,</span> <span class='ocrx_word' id='word_1_610' title='bbox 1566 5447 1642 5520; x_wconf 83' lang='grc' dir='ltr'>μὴ</span> <span class='ocrx_word' id='word_1_611' title='bbox 1672 5440 2013 5524; x_wconf 73' lang='grc' dir='ltr'>ἀμφίϐαλλε,</span> 
     </span>
    </p>
   </div>
   <div class='ocr_carea' id='block_1_80' title="bbox 366 5531 2015 5611">
    <p class='ocr_par' dir='ltr' id='par_1_80' title="bbox 366 5531 2015 5611">
     <span class='ocr_line' id='line_1_80' title="bbox 366 5531 2015 5611; baseline -0.004 -17"><span class='ocrx_word' id='word_1_612' title='bbox 366 5535 633 5611; x_wconf 78' lang='grc' dir='ltr'>ἄνθρωπε.</span> <span class='ocrx_word' id='word_1_613' title='bbox 667 5539 737 5595; x_wconf 88' lang='grc' dir='ltr'><strong>Ἤ</strong></span> <span class='ocrx_word' id='word_1_614' title='bbox 768 5534 1088 5605; x_wconf 80' lang='grc' dir='ltr'>δικαιοσύνη</span> <span class='ocrx_word' id='word_1_615' title='bbox 1121 5538 1276 5606; x_wconf 84' lang='grc' dir='ltr'>Θεοῦ,</span> <span class='ocrx_word' id='word_1_616' title='bbox 1335 5538 1371 5605; x_wconf 73' lang='grc' dir='ltr'>ἡ</span> <span class='ocrx_word' id='word_1_617' title='bbox 1397 5535 1503 5591; x_wconf 84' lang='grc' dir='ltr'><strong>ἀπὸ</strong></span> <span class='ocrx_word' id='word_1_618' title='bbox 1541 5538 1677 5592; x_wconf 86' lang='grc' dir='ltr'>Θεοῦ</span> <span class='ocrx_word' id='word_1_619' title='bbox 1736 5531 2015 5595; x_wconf 79' lang='grc' dir='ltr'>δικαίωσις</span> 
     </span>
    </p>
   </div>
   <div class='ocr_carea' id='block_1_81' title="bbox 435 5684 1067 5785">
    <p class='ocr_par' dir='ltr' id='par_1_81' title="bbox 435 5684 1067 5785">
     <span class='ocr_line' id='line_1_81' title="bbox 435 5684 1067 5785; baseline -0.008 -21"><span class='ocrx_word' id='word_1_620' title='bbox 435 5710 481 5749; x_wconf 68' lang='lat' dir='ltr'><strong>ﬂ</strong></span> <span class='ocrx_word' id='word_1_621' title='bbox 501 5710 573 5785; x_wconf 86' lang='grc' dir='ltr'><strong>ΙΙ,</strong></span> <span class='ocrx_word' id='word_1_622' title='bbox 604 5710 750 5783; x_wconf 79' lang='lat' dir='ltr'><strong>Reg.</strong></span> <span class='ocrx_word' id='word_1_623' title='bbox 784 5684 948 5775; x_wconf 76' lang='lat' dir='ltr'><strong>xmi,</strong></span> <span class='ocrx_word' id='word_1_624' title='bbox 979 5706 1067 5760; x_wconf 76' lang='lat'><strong>21.</strong></span> 
     </span>
    </p>
   </div>
   <div class='ocr_carea' id='block_1_82' title="bbox 2040 4604 2087 4669">
    <p class='ocr_par' dir='ltr' id='par_1_82' title="bbox 2040 4604 2087 4669">
     <span class='ocr_line' id='line_1_82' title="bbox 2040 4604 2087 4669; baseline 0 0"><span class='ocrx_word' id='word_1_625' title='bbox 2040 4604 2087 4669; x_wconf 92' lang='lat' dir='ltr'><strong>D</strong></span> 
     </span>
    </p>
   </div>
   <div class='ocr_carea' id='block_1_83' title="bbox 2119 2408 3762 2465">
    <p class='ocr_par' dir='ltr' id='par_1_83' title="bbox 2119 2408 3762 2465">
     <span class='ocr_line' id='line_1_83' title="bbox 2119 2408 3762 2465; baseline -0.001 0"><span class='ocrx_word' id='word_1_626' title='bbox 2119 2431 2147 2459; x_wconf 88' lang='lat'><strong>«</strong></span> <span class='ocrx_word' id='word_1_627' title='bbox 2181 2409 2377 2465; x_wconf 91' lang='lat' dir='ltr'><strong>omnis</strong></span> <span class='ocrx_word' id='word_1_628' title='bbox 2409 2425 2565 2463; x_wconf 87' lang='lat' dir='ltr'><strong>caro.</strong></span> <span class='ocrx_word' id='word_1_629' title='bbox 2600 2430 2629 2458; x_wconf 90' lang='grc'><strong>››</strong></span> <span class='ocrx_word' id='word_1_630' title='bbox 2663 2414 2741 2463; x_wconf 83' lang='lat' dir='ltr'><strong>Ac</strong></span> <span class='ocrx_word' id='word_1_631' title='bbox 2767 2410 2815 2464; x_wconf 87' lang='lat' dir='ltr'><strong>si</strong></span> <span class='ocrx_word' id='word_1_632' title='bbox 2851 2408 3106 2464; x_wconf 87' lang='lat' dir='ltr'><strong>diceret:</strong></span> <span class='ocrx_word' id='word_1_633' title='bbox 3140 2408 3466 2464; x_wconf 88' lang='lat' dir='ltr'><strong>Profuisset</strong></span> <span class='ocrx_word' id='word_1_634' title='bbox 3496 2409 3762 2464; x_wconf 81' lang='lat' dir='ltr'><strong>fortassis</strong></span> 
     </span>
    </p>
   </div>
   <div class='ocr_carea' id='block_1_84' title="bbox 2115 2498 3766 2570">
    <p class='ocr_par' dir='ltr' id='par_1_84' title="bbox 2115 2498 3766 2570">
     <span class='ocr_line' id='line_1_84' title="bbox 2115 2498 3766 2570; baseline -0.001 -16"><span class='ocrx_word' id='word_1_635' title='bbox 2115 2499 2230 2568; x_wconf 89' lang='lat' dir='ltr'><strong>lex,</strong></span> <span class='ocrx_word' id='word_1_636' title='bbox 2265 2500 2313 2553; x_wconf 92' lang='lat' dir='ltr'><strong>si</strong></span> <span class='ocrx_word' id='word_1_637' title='bbox 2346 2515 2471 2554; x_wconf 92' lang='lat' dir='ltr'><strong>eam</strong></span> <span class='ocrx_word' id='word_1_638' title='bbox 2504 2504 2855 2568; x_wconf 86' lang='lat' dir='ltr'><strong>servassent,</strong></span> <span class='ocrx_word' id='word_1_639' title='bbox 2885 2498 2986 2570; x_wconf 89' lang='lat' dir='ltr'><strong>qui</strong></span> <span class='ocrx_word' id='word_1_640' title='bbox 3018 2498 3147 2570; x_wconf 85' lang='lat' dir='ltr'><strong>ejus</strong></span> <span class='ocrx_word' id='word_1_641' title='bbox 3176 2504 3473 2570; x_wconf 74' lang='lat' dir='ltr'><strong>praecepta</strong></span> <span class='ocrx_word' id='word_1_642' title='bbox 3493 2514 3766 2569; x_wconf 86' lang='lat' dir='ltr'><strong>suscepe-</strong></span> 
     </span>
    </p>
   </div>
   <div class='ocr_carea' id='block_1_85' title="bbox 2116 2586 3771 2652">
    <p class='ocr_par' dir='ltr' id='par_1_85' title="bbox 2116 2586 3771 2652">
     <span class='ocr_line' id='line_1_85' title="bbox 2116 2586 3771 2652; baseline -0.001 -9"><span class='ocrx_word' id='word_1_643' title='bbox 2116 2593 2287 2645; x_wconf 89' lang='lat' dir='ltr'><strong>rant:</strong></span> <span class='ocrx_word' id='word_1_644' title='bbox 2321 2605 2523 2643; x_wconf 86' lang='lat' dir='ltr'><strong>verum</strong></span> <span class='ocrx_word' id='word_1_645' title='bbox 2553 2605 2688 2643; x_wconf 91' lang='lat' dir='ltr'><strong>cum</strong></span> <span class='ocrx_word' id='word_1_646' title='bbox 2728 2604 2851 2642; x_wconf 92' lang='lat' dir='ltr'><strong>non</strong></span> <span class='ocrx_word' id='word_1_647' title='bbox 2885 2587 3264 2652; x_wconf 81' lang='lat' dir='ltr'><strong>servaverint,</strong></span> <span class='ocrx_word' id='word_1_648' title='bbox 3300 2603 3368 2642; x_wconf 88' lang='lat' dir='ltr'><strong>ex</strong></span> <span class='ocrx_word' id='word_1_649' title='bbox 3428 2586 3771 2642; x_wconf 88' lang='lat' dir='ltr'><strong>assistentia</strong></span> 
     </span>
    </p>
   </div>
   <div class='ocr_carea' id='block_1_86' title="bbox 2115 2674 3760 2746">
    <p class='ocr_par' dir='ltr' id='par_1_86' title="bbox 2115 2674 3760 2746">
     <span class='ocr_line' id='line_1_86' title="bbox 2115 2674 3760 2746; baseline -0.001 -14"><span class='ocrx_word' id='word_1_650' title='bbox 2115 2678 2290 2733; x_wconf 88' lang='lat' dir='ltr'><strong>etiam</strong></span> <span class='ocrx_word' id='word_1_651' title='bbox 2323 2678 2545 2746; x_wconf 89' lang='lat' dir='ltr'><strong>nocuit,</strong></span> <span class='ocrx_word' id='word_1_652' title='bbox 2579 2693 2699 2732; x_wconf 92' lang='lat' dir='ltr'><strong>non</strong></span> <span class='ocrx_word' id='word_1_653' title='bbox 2741 2678 2831 2733; x_wconf 92' lang='lat' dir='ltr'><strong>sui</strong></span> <span class='ocrx_word' id='word_1_654' title='bbox 2888 2680 3121 2745; x_wconf 90' lang='lat' dir='ltr'><strong>natura,</strong></span> <span class='ocrx_word' id='word_1_655' title='bbox 3154 2677 3256 2732; x_wconf 90' lang='lat' dir='ltr'><strong>sed</strong></span> <span class='ocrx_word' id='word_1_656' title='bbox 3289 2692 3494 2731; x_wconf 89' lang='lat' dir='ltr'><strong>eorum</strong></span> <span class='ocrx_word' id='word_1_657' title='bbox 3561 2674 3760 2731; x_wconf 92' lang='lat' dir='ltr'><strong>animo</strong></span> 
     </span>
    </p>
   </div>
   <div class='ocr_carea' id='block_1_87' title="bbox 2114 2765 3762 2840">
    <p class='ocr_par' dir='ltr' id='par_1_87' title="bbox 2114 2765 3762 2840">
     <span class='ocr_line' id='line_1_87' title="bbox 2114 2765 3762 2840; baseline -0.002 -18"><span class='ocrx_word' id='word_1_658' title='bbox 2114 2769 2213 2840; x_wconf 89' lang='lat' dir='ltr'><strong>qui</strong></span> <span class='ocrx_word' id='word_1_659' title='bbox 2255 2785 2377 2823; x_wconf 92' lang='lat' dir='ltr'><strong>non</strong></span> <span class='ocrx_word' id='word_1_660' title='bbox 2408 2772 2805 2823; x_wconf 87' lang='lat' dir='ltr'><strong>servaverunt.</strong></span> <span class='ocrx_word' id='word_1_661' title='bbox 2841 2788 2869 2816; x_wconf 87' lang='lat'><strong>«</strong></span> <span class='ocrx_word' id='word_1_662' title='bbox 2902 2768 3001 2825; x_wconf 79' lang='lat' dir='ltr'><strong>,Eo</strong></span> <span class='ocrx_word' id='word_1_663' title='bbox 3054 2765 3211 2838; x_wconf 93' lang='lat' dir='ltr'><strong>quod</strong></span> <span class='ocrx_word' id='word_1_664' title='bbox 3274 2783 3344 2821; x_wconf 89' lang='lat' dir='ltr'><strong>ex</strong></span> <span class='ocrx_word' id='word_1_665' title='bbox 3400 2765 3698 2837; x_wconf 87' lang='lat' dir='ltr'><strong>operibus,</strong></span> <span class='ocrx_word' id='word_1_666' title='bbox 3732 2785 3762 2815; x_wconf 74' lang='grc' dir='ltr'><strong>υ</strong></span> 
     </span>
    </p>
   </div>
   <div class='ocr_carea' id='block_1_88' title="bbox 2086 2854 3760 2930">
    <p class='ocr_par' dir='ltr' id='par_1_88' title="bbox 2086 2854 3760 2930">
     <span class='ocr_line' id='line_1_88' title="bbox 2086 2854 3760 2930; baseline -0.002 -17"><span class='ocrx_word' id='word_1_667' title='bbox 2086 2858 2334 2913; x_wconf 83' lang='lat' dir='ltr'><strong>-Deinde</strong></span> <span class='ocrx_word' id='word_1_668' title='bbox 2364 2874 2440 2912; x_wconf 92' lang='lat' dir='ltr'><strong>ne</strong></span> <span class='ocrx_word' id='word_1_669' title='bbox 2471 2873 2709 2912; x_wconf 87' lang='lat' dir='ltr'><strong>rursum</strong></span> <span class='ocrx_word' id='word_1_670' title='bbox 2740 2856 2980 2930; x_wconf 86' lang='lat' dir='ltr'><strong>indigne</strong></span> <span class='ocrx_word' id='word_1_671' title='bbox 3005 2856 3201 2911; x_wconf 89' lang='lat' dir='ltr'><strong>ferant</strong></span> <span class='ocrx_word' id='word_1_672' title='bbox 3229 2855 3437 2921; x_wconf 76' lang='lat' dir='ltr'><strong>Judmi,</strong></span> <span class='ocrx_word' id='word_1_673' title='bbox 3472 2855 3631 2927; x_wconf 91' lang='lat' dir='ltr'><strong>quod</strong></span> <span class='ocrx_word' id='word_1_674' title='bbox 3655 2854 3760 2909; x_wconf 91' lang='lat' dir='ltr'><strong>toti</strong></span> 
     </span>
    </p>
   </div>
   <div class='ocr_carea' id='block_1_89' title="bbox 2111 2944 3759 3018">
    <p class='ocr_par' dir='ltr' id='par_1_89' title="bbox 2111 2944 3759 3018">
     <span class='ocr_line' id='line_1_89' title="bbox 2111 2944 3759 3018; baseline -0.001 -16"><span class='ocrx_word' id='word_1_675' title='bbox 2111 2947 2333 3003; x_wconf 91' lang='lat' dir='ltr'><strong>mundo</strong></span> <span class='ocrx_word' id='word_1_676' title='bbox 2366 2951 2873 3001; x_wconf 90' lang='lat' dir='ltr'><strong>connumerentur</strong></span> <span class='ocrx_word' id='word_1_677' title='bbox 2903 2946 2965 3000; x_wconf 91' lang='lat' dir='ltr'><strong>in</strong></span> <span class='ocrx_word' id='word_1_678' title='bbox 3009 2961 3077 3000; x_wconf 92' lang='lat' dir='ltr'><strong>eo</strong></span> <span class='ocrx_word' id='word_1_679' title='bbox 3111 2946 3270 3018; x_wconf 91' lang='lat' dir='ltr'><strong>quod</strong></span> <span class='ocrx_word' id='word_1_680' title='bbox 3311 2945 3430 2999; x_wconf 91' lang='lat' dir='ltr'><strong>sint</strong></span> <span class='ocrx_word' id='word_1_681' title='bbox 3466 2944 3710 2999; x_wconf 80' lang='lat' dir='ltr'><strong>obnoxii</strong></span> <span class='ocrx_word' id='word_1_682' title='bbox 3744 2961 3759 3000; x_wconf 91' lang='lat'><strong>:</strong></span> 
     </span>
    </p>
   </div>
   <div class='ocr_carea' id='block_1_90' title="bbox 2111 3034 3760 3107">
    <p class='ocr_par' dir='ltr' id='par_1_90' title="bbox 2111 3034 3760 3107">
     <span class='ocr_line' id='line_1_90' title="bbox 2111 3034 3760 3107; baseline -0.002 -15"><span class='ocrx_word' id='word_1_683' title='bbox 2111 3037 2331 3092; x_wconf 89' lang='lat' dir='ltr'><strong>iterum</strong></span> <span class='ocrx_word' id='word_1_684' title='bbox 2365 3053 2433 3091; x_wconf 89' lang='lat' dir='ltr'><strong>ea</strong></span> <span class='ocrx_word' id='word_1_685' title='bbox 2453 3054 2585 3107; x_wconf 66' lang='lat' dir='ltr'><strong>quae</strong></span> <span class='ocrx_word' id='word_1_686' title='bbox 2612 3036 2890 3091; x_wconf 86' lang='lat' dir='ltr'><strong>adversus</strong></span> <span class='ocrx_word' id='word_1_687' title='bbox 2920 3035 3056 3090; x_wconf 91' lang='lat' dir='ltr'><strong>illos</strong></span> <span class='ocrx_word' id='word_1_688' title='bbox 3087 3040 3227 3090; x_wconf 91' lang='lat' dir='ltr'><strong>sunt</strong></span> <span class='ocrx_word' id='word_1_689' title='bbox 3256 3034 3530 3105; x_wconf 82' lang='lat' dir='ltr'><strong>exquirit.</strong></span> <span class='ocrx_word' id='word_1_690' title='bbox 3565 3057 3593 3085; x_wconf 87' lang='lat'>«</span> <span class='ocrx_word' id='word_1_691' title='bbox 3627 3049 3760 3101; x_wconf 76' lang='lat' dir='ltr'><strong>nm-</strong></span> 
     </span>
    </p>
   </div>
   <div class='ocr_carea' id='block_1_91' title="bbox 2110 3122 3755 3196">
    <p class='ocr_par' dir='ltr' id='par_1_91' title="bbox 2110 3122 3755 3196">
     <span class='ocr_line' id='line_1_91' title="bbox 2110 3122 3755 3196; baseline -0.002 -17"><span class='ocrx_word' id='word_1_692' title='bbox 2110 3126 2205 3180; x_wconf 91' lang='lat' dir='ltr'><strong>nis</strong></span> <span class='ocrx_word' id='word_1_693' title='bbox 2229 3141 2384 3179; x_wconf 93' lang='lat' dir='ltr'><strong>caro.</strong></span> <span class='ocrx_word' id='word_1_694' title='bbox 2421 3146 2448 3173; x_wconf 84' lang='lat'>»</span> <span class='ocrx_word' id='word_1_695' title='bbox 2478 3126 2675 3196; x_wconf 87' lang='lat' dir='ltr'><strong>Neque</strong></span> <span class='ocrx_word' id='word_1_696' title='bbox 2708 3124 2866 3179; x_wconf 91' lang='lat' dir='ltr'><strong>enim</strong></span> <span class='ocrx_word' id='word_1_697' title='bbox 2894 3122 3161 3195; x_wconf 84' lang='lat' dir='ltr'><strong>implevit</strong></span> <span class='ocrx_word' id='word_1_698' title='bbox 3190 3139 3320 3194; x_wconf 81' lang='lat' dir='ltr'><strong>quae</strong></span> <span class='ocrx_word' id='word_1_699' title='bbox 3352 3123 3414 3177; x_wconf 91' lang='lat' dir='ltr'><strong>in</strong></span> <span class='ocrx_word' id='word_1_700' title='bbox 3436 3122 3562 3195; x_wconf 78' lang='lat' dir='ltr'><strong>lege</strong></span> <span class='ocrx_word' id='word_1_701' title='bbox 3595 3126 3755 3177; x_wconf 87' lang='lat' dir='ltr'><strong>sunt.</strong></span> 
     </span>
    </p>
   </div>
   <div class='ocr_carea' id='block_1_92' title="bbox 2181 3211 3757 3284">
    <p class='ocr_par' dir='ltr' id='par_1_92' title="bbox 2181 3211 3757 3284">
     <span class='ocr_line' id='line_1_92' title="bbox 2181 3211 3757 3284; baseline -0.001 -17"><span class='ocrx_word' id='word_1_702' title='bbox 2181 3214 2279 3281; x_wconf 92' lang='lat' dir='ltr'><strong>IlI,</strong></span> <span class='ocrx_word' id='word_1_703' title='bbox 2310 3216 2401 3281; x_wconf 83' lang='lat'><strong>20,</strong></span> <span class='ocrx_word' id='word_1_704' title='bbox 2432 3217 2518 3279; x_wconf 86' lang='grc'><strong>21,</strong></span> <span class='ocrx_word' id='word_1_705' title='bbox 2545 3234 2573 3263; x_wconf 88' lang='grc'><strong>‹‹</strong></span> <span class='ocrx_word' id='word_1_706' title='bbox 2608 3215 2753 3268; x_wconf 90' lang='lat' dir='ltr'><strong>Nam</strong></span> <span class='ocrx_word' id='word_1_707' title='bbox 2800 3229 2906 3284; x_wconf 90' lang='lat' dir='ltr'><strong>per</strong></span> <span class='ocrx_word' id='word_1_708' title='bbox 2964 3212 3157 3284; x_wconf 84' lang='lat' dir='ltr'><strong>legem</strong></span> <span class='ocrx_word' id='word_1_709' title='bbox 3214 3212 3448 3284; x_wconf 91' lang='lat' dir='ltr'><strong>cognito</strong></span> <span class='ocrx_word' id='word_1_710' title='bbox 3508 3211 3757 3283; x_wconf 83' lang='lat' dir='ltr'><strong>peccati.</strong></span> 
     </span>
    </p>
   </div>
   <div class='ocr_carea' id='block_1_93' title="bbox 2113 3301 3757 3374">
    <p class='ocr_par' dir='ltr' id='par_1_93' title="bbox 2113 3301 3757 3374">
     <span class='ocr_line' id='line_1_93' title="bbox 2113 3301 3757 3374; baseline -0.002 -16"><span class='ocrx_word' id='word_1_711' title='bbox 2113 3324 2140 3352; x_wconf 78' lang='grc' dir='ltr'><strong>α</strong></span> <span class='ocrx_word' id='word_1_712' title='bbox 2167 3304 2333 3358; x_wconf 88' lang='lat' dir='ltr'><strong>Nunc</strong></span> <span class='ocrx_word' id='word_1_713' title='bbox 2362 3307 2559 3358; x_wconf 90' lang='lat' dir='ltr'><strong>autem</strong></span> <span class='ocrx_word' id='word_1_714' title='bbox 2593 3303 2720 3357; x_wconf 91' lang='lat' dir='ltr'><strong>sine</strong></span> <span class='ocrx_word' id='word_1_715' title='bbox 2751 3302 2877 3374; x_wconf 87' lang='lat' dir='ltr'><strong>lege</strong></span> <span class='ocrx_word' id='word_1_716' title='bbox 2900 3301 3137 3374; x_wconf 89' lang='lat' dir='ltr'><strong>justitia</strong></span> <span class='ocrx_word' id='word_1_717' title='bbox 3168 3301 3271 3357; x_wconf 89' lang='lat' dir='ltr'><strong>Dei</strong></span> <span class='ocrx_word' id='word_1_718' title='bbox 3299 3301 3616 3357; x_wconf 84' lang='lat' dir='ltr'><strong>manifesta</strong></span> <span class='ocrx_word' id='word_1_719' title='bbox 3647 3305 3757 3370; x_wconf 91' lang='lat' dir='ltr'><strong>est,</strong></span> 
     </span>
    </p>
   </div>
   <div class='ocr_carea' id='block_1_94' title="bbox 2114 3391 3757 3464">
    <p class='ocr_par' dir='ltr' id='par_1_94' title="bbox 2114 3391 3757 3464">
     <span class='ocr_line' id='line_1_94' title="bbox 2114 3391 3757 3464; baseline 0.001 -19"><span class='ocrx_word' id='word_1_720' title='bbox 2114 3412 2140 3445; x_wconf 72' lang='grc' dir='ltr'><strong>α</strong></span> <span class='ocrx_word' id='word_1_721' title='bbox 2174 3392 2315 3447; x_wconf 91' lang='lat' dir='ltr'><strong>dum</strong></span> <span class='ocrx_word' id='word_1_722' title='bbox 2345 3391 2766 3464; x_wconf 87' lang='lat' dir='ltr'><strong>comprobatur</strong></span> <span class='ocrx_word' id='word_1_723' title='bbox 2794 3391 3135 3447; x_wconf 90' lang='lat' dir='ltr'><strong>testimonio</strong></span> <span class='ocrx_word' id='word_1_724' title='bbox 3165 3391 3314 3464; x_wconf 87' lang='lat' dir='ltr'><strong>legis</strong></span> <span class='ocrx_word' id='word_1_725' title='bbox 3372 3408 3440 3446; x_wconf 88' lang='lat' dir='ltr'><strong>ac</strong></span> <span class='ocrx_word' id='word_1_726' title='bbox 3497 3391 3757 3463; x_wconf 88' lang='lat' dir='ltr'><strong>prophe-</strong></span> 
     </span>
    </p>
   </div>
   <div class='ocr_carea' id='block_1_95' title="bbox 2114 3486 2457 3538">
    <p class='ocr_par' dir='ltr' id='par_1_95' title="bbox 2114 3486 2457 3538">
     <span class='ocr_line' id='line_1_95' title="bbox 2114 3486 2457 3538; baseline 0.015 -6"><span class='ocrx_word' id='word_1_727' title='bbox 2114 3504 2140 3533; x_wconf 84' lang='grc' dir='ltr'>ι(</span> <span class='ocrx_word' id='word_1_728' title='bbox 2178 3486 2392 3538; x_wconf 84' lang='lat' dir='ltr'><strong>tarum.</strong></span> <span class='ocrx_word' id='word_1_729' title='bbox 2427 3503 2457 3532; x_wconf 85' lang='grc'><strong>&gt;)</strong></span> 
     </span>
    </p>
   </div>
   <div class='ocr_carea' id='block_1_96' title="bbox 2184 3571 3762 3643">
    <p class='ocr_par' dir='ltr' id='par_1_96' title="bbox 2184 3571 3762 3643">
     <span class='ocr_line' id='line_1_96' title="bbox 2184 3571 3762 3643; baseline -0.001 -15"><span class='ocrx_word' id='word_1_730' title='bbox 2184 3572 2328 3628; x_wconf 73' lang='grc'><strong>241</strong></span> <span class='ocrx_word' id='word_1_731' title='bbox 2368 3573 2439 3627; x_wconf 82' lang='grc' dir='ltr'>Ει</span> <span class='ocrx_word' id='word_1_732' title='bbox 2458 3571 2602 3643; x_wconf 92' lang='lat' dir='ltr'><strong>quid</strong></span> <span class='ocrx_word' id='word_1_733' title='bbox 2633 3572 2764 3628; x_wconf 90' lang='lat' dir='ltr'><strong>dico</strong></span> <span class='ocrx_word' id='word_1_734' title='bbox 2797 3572 2956 3643; x_wconf 89' lang='lat' dir='ltr'><strong>quod</strong></span> <span class='ocrx_word' id='word_1_735' title='bbox 3018 3589 3119 3627; x_wconf 90' lang='lat' dir='ltr'><strong>vos</strong></span> <span class='ocrx_word' id='word_1_736' title='bbox 3174 3571 3359 3628; x_wconf 71' lang='lat' dir='ltr'><strong>Judaei</strong></span> <span class='ocrx_word' id='word_1_737' title='bbox 3392 3571 3543 3627; x_wconf 89' lang='lat' dir='ltr'><strong>nihil</strong></span> <span class='ocrx_word' id='word_1_738' title='bbox 3573 3571 3762 3643; x_wconf 88' lang='lat' dir='ltr'><strong>adjuti</strong></span> 
     </span>
    </p>
   </div>
   <div class='ocr_carea' id='block_1_97' title="bbox 2114 3662 3759 3735">
    <p class='ocr_par' dir='ltr' id='par_1_97' title="bbox 2114 3662 3759 3735">
     <span class='ocr_line' id='line_1_97' title="bbox 2114 3662 3759 3735; baseline 0.001 -19"><span class='ocrx_word' id='word_1_739' title='bbox 2114 3662 2243 3717; x_wconf 87' lang='lat' dir='ltr'><strong>sitis</strong></span> <span class='ocrx_word' id='word_1_740' title='bbox 2272 3678 2340 3717; x_wconf 84' lang='lat' dir='ltr'><strong>ex</strong></span> <span class='ocrx_word' id='word_1_741' title='bbox 2368 3662 2496 3735; x_wconf 86' lang='lat' dir='ltr'><strong>lege</strong></span> <span class='ocrx_word' id='word_1_742' title='bbox 2520 3678 2637 3732; x_wconf 92' lang='lat' dir='ltr'><strong>quo</strong></span> <span class='ocrx_word' id='word_1_743' title='bbox 2666 3662 2865 3717; x_wconf 86' lang='lat' dir='ltr'><strong>minus</strong></span> <span class='ocrx_word' id='word_1_744' title='bbox 2891 3663 3100 3717; x_wconf 88' lang='lat' dir='ltr'><strong>essetis</strong></span> <span class='ocrx_word' id='word_1_745' title='bbox 3125 3662 3302 3717; x_wconf 90' lang='lat' dir='ltr'><strong>simul</strong></span> <span class='ocrx_word' id='word_1_746' title='bbox 3329 3679 3461 3716; x_wconf 88' lang='lat' dir='ltr'><strong>cum</strong></span> <span class='ocrx_word' id='word_1_747' title='bbox 3486 3662 3759 3717; x_wconf 89' lang='lat' dir='ltr'><strong>universo</strong></span> 
     </span>
    </p>
   </div>
   <div class='ocr_carea' id='block_1_98' title="bbox 2114 3749 3762 3822">
    <p class='ocr_par' dir='ltr' id='par_1_98' title="bbox 2114 3749 3762 3822">
     <span class='ocr_line' id='line_1_98' title="bbox 2114 3749 3762 3822; baseline -0.002 -17"><span class='ocrx_word' id='word_1_748' title='bbox 2114 3750 2335 3805; x_wconf 91' lang='lat' dir='ltr'><strong>mundo</strong></span> <span class='ocrx_word' id='word_1_749' title='bbox 2359 3750 2597 3805; x_wconf 81' lang='lat' dir='ltr'><strong>obnoxii</strong></span> <span class='ocrx_word' id='word_1_750' title='bbox 2616 3749 2645 3804; x_wconf 69' lang='grc' dir='ltr'><strong><em>Ἰ</em></strong></span> <span class='ocrx_word' id='word_1_751' title='bbox 2660 3750 2934 3815; x_wconf 88' lang='lat' dir='ltr'><strong>Quinimo</strong></span> <span class='ocrx_word' id='word_1_752' title='bbox 2958 3752 3006 3805; x_wconf 92' lang='lat' dir='ltr'><strong>si</strong></span> <span class='ocrx_word' id='word_1_753' title='bbox 3026 3751 3159 3821; x_wconf 90' lang='lat' dir='ltr'><strong>quis</strong></span> <span class='ocrx_word' id='word_1_754' title='bbox 3183 3750 3525 3822; x_wconf 86' lang='lat' dir='ltr'><strong>diligentius</strong></span> <span class='ocrx_word' id='word_1_755' title='bbox 3544 3754 3762 3804; x_wconf 89' lang='lat' dir='ltr'><strong>scrute-</strong></span> 
     </span>
    </p>
   </div>
   <div class='ocr_carea' id='block_1_99' title="bbox 2114 3837 3761 3908">
    <p class='ocr_par' dir='ltr' id='par_1_99' title="bbox 2114 3837 3761 3908">
     <span class='ocr_line' id='line_1_99' title="bbox 2114 3837 3761 3908; baseline -0.001 -16"><span class='ocrx_word' id='word_1_756' title='bbox 2114 3842 2230 3905; x_wconf 89' lang='lat' dir='ltr'><strong>tur,</strong></span> <span class='ocrx_word' id='word_1_757' title='bbox 2262 3838 2525 3892; x_wconf 80' lang='lat' dir='ltr'><strong>inveniet</strong></span> <span class='ocrx_word' id='word_1_758' title='bbox 2554 3838 2732 3892; x_wconf 89' lang='lat' dir='ltr'><strong>etiam</strong></span> <span class='ocrx_word' id='word_1_759' title='bbox 2765 3837 3189 3892; x_wconf 89' lang='lat' dir='ltr'><strong>detrimentum</strong></span> <span class='ocrx_word' id='word_1_760' title='bbox 3221 3854 3321 3891; x_wconf 88' lang='lat' dir='ltr'><strong>vos</strong></span> <span class='ocrx_word' id='word_1_761' title='bbox 3348 3854 3418 3891; x_wconf 83' lang='lat' dir='ltr'><strong>ex</strong></span> <span class='ocrx_word' id='word_1_762' title='bbox 3445 3837 3574 3908; x_wconf 88' lang='lat' dir='ltr'><strong>lege</strong></span> <span class='ocrx_word' id='word_1_763' title='bbox 3596 3852 3761 3891; x_wconf 84' lang='lat' dir='ltr'><strong>acce-</strong></span> 
     </span>
    </p>
   </div>
   <div class='ocr_carea' id='block_1_100' title="bbox 2113 3925 3759 3998">
    <p class='ocr_par' dir='ltr' id='par_1_100' title="bbox 2113 3925 3759 3998">
     <span class='ocr_line' id='line_1_100' title="bbox 2113 3925 3759 3998; baseline 0 -18"><span class='ocrx_word' id='word_1_764' title='bbox 2113 3927 2308 3998; x_wconf 88' lang='lat' dir='ltr'><strong>pisse:</strong></span> <span class='ocrx_word' id='word_1_765' title='bbox 2341 3942 2462 3981; x_wconf 92' lang='lat' dir='ltr'><strong>non</strong></span> <span class='ocrx_word' id='word_1_766' title='bbox 2491 3931 2735 3997; x_wconf 89' lang='lat' dir='ltr'><strong>propter</strong></span> <span class='ocrx_word' id='word_1_767' title='bbox 2771 3926 2899 3996; x_wconf 91' lang='lat' dir='ltr'><strong>ejus</strong></span> <span class='ocrx_word' id='word_1_768' title='bbox 2930 3931 3225 3992; x_wconf 89' lang='lat' dir='ltr'><strong>naturam,</strong></span> <span class='ocrx_word' id='word_1_769' title='bbox 3260 3926 3364 3981; x_wconf 92' lang='lat' dir='ltr'><strong>sed</strong></span> <span class='ocrx_word' id='word_1_770' title='bbox 3399 3925 3472 3979; x_wconf 88' lang='lat' dir='ltr'><strong>oh</strong></span> <span class='ocrx_word' id='word_1_771' title='bbox 3504 3929 3759 3980; x_wconf 89' lang='lat' dir='ltr'><strong>vestram</strong></span> 
     </span>
    </p>
   </div>
   <div class='ocr_carea' id='block_1_101' title="bbox 2114 4013 3762 4087">
    <p class='ocr_par' dir='ltr' id='par_1_101' title="bbox 2114 4013 3762 4087">
     <span class='ocr_line' id='line_1_101' title="bbox 2114 4013 3762 4087; baseline 0 -17"><span class='ocrx_word' id='word_1_772' title='bbox 2114 4015 2425 4071; x_wconf 88' lang='lat' dir='ltr'><strong>malitiam.</strong></span> <span class='ocrx_word' id='word_1_773' title='bbox 2448 4015 2713 4079; x_wconf 88' lang='lat' dir='ltr'><strong>Quonam</strong></span> <span class='ocrx_word' id='word_1_774' title='bbox 2728 4018 2897 4086; x_wconf 91' lang='lat' dir='ltr'><strong>pacto</strong></span> <span class='ocrx_word' id='word_1_775' title='bbox 2915 4014 2995 4069; x_wconf 78' lang='lat' dir='ltr'><strong>‘IN</strong></span> <span class='ocrx_word' id='word_1_776' title='bbox 3002 4031 3096 4069; x_wconf 90' lang='lat' dir='ltr'><strong>am</strong></span> <span class='ocrx_word' id='word_1_777' title='bbox 3117 4015 3341 4086; x_wconf 82' lang='lat' dir='ltr'><strong>peccati</strong></span> <span class='ocrx_word' id='word_1_778' title='bbox 3365 4013 3762 4087; x_wconf 90' lang='lat' dir='ltr'><strong>cognitionem</strong></span> 
     </span>
    </p>
   </div>
   <div class='ocr_carea' id='block_1_102' title="bbox 2114 4102 3761 4177">
    <p class='ocr_par' dir='ltr' id='par_1_102' title="bbox 2114 4102 3761 4177">
     <span class='ocr_line' id='line_1_102' title="bbox 2114 4102 3761 4177; baseline -0.001 -17"><span class='ocrx_word' id='word_1_779' title='bbox 2114 4120 2222 4177; x_wconf 89' lang='lat' dir='ltr'><strong>per</strong></span> <span class='ocrx_word' id='word_1_780' title='bbox 2248 4104 2439 4175; x_wconf 86' lang='lat' dir='ltr'><strong>legem</strong></span> <span class='ocrx_word' id='word_1_781' title='bbox 2461 4102 2691 4158; x_wconf 87' lang='lat' dir='ltr'><strong>habetis</strong></span> <span class='ocrx_word' id='word_1_782' title='bbox 2718 4120 2730 4159; x_wconf 96' lang='lat'><strong>:</strong></span> <span class='ocrx_word' id='word_1_783' title='bbox 2763 4119 3010 4175; x_wconf 88' lang='lat' dir='ltr'><strong>peccare</strong></span> <span class='ocrx_word' id='word_1_784' title='bbox 3037 4110 3235 4159; x_wconf 88' lang='lat' dir='ltr'><strong>autem</strong></span> <span class='ocrx_word' id='word_1_785' title='bbox 3260 4120 3328 4159; x_wconf 85' lang='lat' dir='ltr'><strong>ex</strong></span> <span class='ocrx_word' id='word_1_786' title='bbox 3359 4104 3608 4159; x_wconf 90' lang='lat' dir='ltr'><strong>scientia</strong></span> <span class='ocrx_word' id='word_1_787' title='bbox 3627 4120 3761 4176; x_wconf 86' lang='lat' dir='ltr'><strong>gra-</strong></span> 
     </span>
    </p>
   </div>
   <div class='ocr_carea' id='block_1_103' title="bbox 2116 4192 3758 4267">
    <p class='ocr_par' dir='ltr' id='par_1_103' title="bbox 2116 4192 3758 4267">
     <span class='ocr_line' id='line_1_103' title="bbox 2116 4192 3758 4267; baseline -0.001 -19"><span class='ocrx_word' id='word_1_788' title='bbox 2116 4195 2242 4250; x_wconf 87' lang='lat' dir='ltr'><strong>vius</strong></span> <span class='ocrx_word' id='word_1_789' title='bbox 2265 4199 2553 4265; x_wconf 90' lang='lat' dir='ltr'><strong>estquam</strong></span> <span class='ocrx_word' id='word_1_790' title='bbox 2584 4193 2937 4267; x_wconf 85' lang='lat' dir='ltr'><strong>ignorantia.</strong></span> <span class='ocrx_word' id='word_1_791' title='bbox 2953 4194 3241 4249; x_wconf 83' lang='lat' dir='ltr'><strong>—Aliter.</strong></span> <span class='ocrx_word' id='word_1_792' title='bbox 3274 4192 3360 4248; x_wconf 87' lang='lat' dir='ltr'><strong>Ad</strong></span> <span class='ocrx_word' id='word_1_793' title='bbox 3377 4193 3505 4260; x_wconf 87' lang='lat' dir='ltr'><strong>hoc,</strong></span> <span class='ocrx_word' id='word_1_794' title='bbox 3540 4193 3758 4263; x_wconf 89' lang='lat' dir='ltr'><strong>inquit,</strong></span> 
     </span>
    </p>
   </div>
   <div class='ocr_carea' id='block_1_104' title="bbox 2117 4281 3754 4356">
    <p class='ocr_par' dir='ltr' id='par_1_104' title="bbox 2117 4281 3754 4356">
     <span class='ocr_line' id='line_1_104' title="bbox 2117 4281 3754 4356; baseline -0.002 -15"><span class='ocrx_word' id='word_1_795' title='bbox 2117 4285 2211 4341; x_wconf 90' lang='lat' dir='ltr'><strong>lex</strong></span> <span class='ocrx_word' id='word_1_796' title='bbox 2240 4284 2464 4356; x_wconf 88' lang='lat' dir='ltr'><strong>profuit</strong></span> <span class='ocrx_word' id='word_1_797' title='bbox 2482 4284 2639 4355; x_wconf 88' lang='lat' dir='ltr'><strong>quod</strong></span> <span class='ocrx_word' id='word_1_798' title='bbox 2670 4288 2976 4355; x_wconf 88' lang='lat' dir='ltr'><strong>peccatum</strong></span> <span class='ocrx_word' id='word_1_799' title='bbox 2998 4282 3171 4339; x_wconf 90' lang='lat' dir='ltr'><strong>nobis</strong></span> <span class='ocrx_word' id='word_1_800' title='bbox 3200 4288 3411 4338; x_wconf 91' lang='lat' dir='ltr'><strong>notum</strong></span> <span class='ocrx_word' id='word_1_801' title='bbox 3439 4281 3608 4337; x_wconf 85' lang='lat' dir='ltr'><strong>fecit:</strong></span> <span class='ocrx_word' id='word_1_802' title='bbox 3633 4297 3754 4337; x_wconf 91' lang='lat' dir='ltr'><strong>non</strong></span> 
     </span>
    </p>
   </div>
   <div class='ocr_carea' id='block_1_105' title="bbox 2119 4372 3763 4445">
    <p class='ocr_par' dir='ltr' id='par_1_105' title="bbox 2119 4372 3763 4445">
     <span class='ocr_line' id='line_1_105' title="bbox 2119 4372 3763 4445; baseline -0.003 -15"><span class='ocrx_word' id='word_1_803' title='bbox 2119 4391 2189 4430; x_wconf 88' lang='lat' dir='ltr'><strong>ex</strong></span> <span class='ocrx_word' id='word_1_804' title='bbox 2220 4391 2289 4430; x_wconf 90' lang='lat' dir='ltr'><strong>eo</strong></span> <span class='ocrx_word' id='word_1_805' title='bbox 2310 4378 2541 4429; x_wconf 82' lang='lat' dir='ltr'><strong>tantum</strong></span> <span class='ocrx_word' id='word_1_806' title='bbox 2569 4373 2729 4445; x_wconf 91' lang='lat' dir='ltr'><strong>quod</strong></span> <span class='ocrx_word' id='word_1_807' title='bbox 2758 4373 3034 4429; x_wconf 89' lang='lat' dir='ltr'><strong>illicitum</strong></span> <span class='ocrx_word' id='word_1_808' title='bbox 3066 4389 3214 4445; x_wconf 89' lang='lat' dir='ltr'><strong>opus</strong></span> <span class='ocrx_word' id='word_1_809' title='bbox 3273 4372 3605 4444; x_wconf 86' lang='lat' dir='ltr'><strong>prohibeat.</strong></span> <span class='ocrx_word' id='word_1_810' title='bbox 3658 4372 3763 4426; x_wconf 90' lang='lat' dir='ltr'><strong>sed</strong></span> 
     </span>
    </p>
   </div>
   <div class='ocr_carea' id='block_1_106' title="bbox 2120 4460 3761 4534">
    <p class='ocr_par' dir='ltr' id='par_1_106' title="bbox 2120 4460 3761 4534">
     <span class='ocr_line' id='line_1_106' title="bbox 2120 4460 3761 4534; baseline -0.004 -15"><span class='ocrx_word' id='word_1_811' title='bbox 2120 4464 2298 4520; x_wconf 88' lang='lat' dir='ltr'><strong>etiam</strong></span> <span class='ocrx_word' id='word_1_812' title='bbox 2326 4464 2484 4534; x_wconf 93' lang='lat' dir='ltr'><strong>quod</strong></span> <span class='ocrx_word' id='word_1_813' title='bbox 2516 4464 2628 4518; x_wconf 90' lang='lat' dir='ltr'><strong>sibi</strong></span> <span class='ocrx_word' id='word_1_814' title='bbox 2659 4463 3070 4519; x_wconf 89' lang='lat' dir='ltr'><strong>inobedientes</strong></span> <span class='ocrx_word' id='word_1_815' title='bbox 3127 4462 3471 4517; x_wconf 88' lang='lat' dir='ltr'><strong>ulciscatur.</strong></span> <span class='ocrx_word' id='word_1_816' title='bbox 3528 4460 3761 4515; x_wconf 87' lang='lat' dir='ltr'><strong>Etenim</strong></span> 
     </span>
    </p>
   </div>
   <div class='ocr_carea' id='block_1_107' title="bbox 2120 4553 3761 4626">
    <p class='ocr_par' dir='ltr' id='par_1_107' title="bbox 2120 4553 3761 4626">
     <span class='ocr_line' id='line_1_107' title="bbox 2120 4553 3761 4626; baseline -0.002 -17"><span class='ocrx_word' id='word_1_817' title='bbox 2120 4555 2236 4609; x_wconf 90' lang='lat' dir='ltr'><strong>nisi</strong></span> <span class='ocrx_word' id='word_1_818' title='bbox 2268 4554 2627 4626; x_wconf 91' lang='lat' dir='ltr'><strong>supplicium</strong></span> <span class='ocrx_word' id='word_1_819' title='bbox 2658 4554 2993 4621; x_wconf 83' lang='lat' dir='ltr'><strong>inﬂixisset,</strong></span> <span class='ocrx_word' id='word_1_820' title='bbox 3026 4569 3403 4624; x_wconf 89' lang='lat' dir='ltr'><strong>nequaquam</strong></span> <span class='ocrx_word' id='word_1_821' title='bbox 3434 4553 3633 4624; x_wconf 88' lang='lat' dir='ltr'><strong>ipsum</strong></span> <span class='ocrx_word' id='word_1_822' title='bbox 3663 4568 3761 4607; x_wconf 83' lang='lat' dir='ltr'><strong>co-</strong></span> 
     </span>
    </p>
   </div>
   <div class='ocr_carea' id='block_1_108' title="bbox 2118 4642 3764 4717">
    <p class='ocr_par' dir='ltr' id='par_1_108' title="bbox 2118 4642 3764 4717">
     <span class='ocr_line' id='line_1_108' title="bbox 2118 4642 3764 4717; baseline -0.002 -16"><span class='ocrx_word' id='word_1_823' title='bbox 2118 4646 2544 4717; x_wconf 87' lang='lat' dir='ltr'><strong>guovissemus.</strong></span> <span class='ocrx_word' id='word_1_824' title='bbox 2578 4647 2897 4716; x_wconf 89' lang='lat' dir='ltr'><strong>Postquam</strong></span> <span class='ocrx_word' id='word_1_825' title='bbox 2929 4660 3063 4716; x_wconf 93' lang='lat' dir='ltr'><strong>ergo</strong></span> <span class='ocrx_word' id='word_1_826' title='bbox 3091 4661 3160 4698; x_wconf 85' lang='lat' dir='ltr'><strong>ex</strong></span> <span class='ocrx_word' id='word_1_827' title='bbox 3191 4643 3284 4697; x_wconf 89' lang='lat' dir='ltr'><strong>his</strong></span> <span class='ocrx_word' id='word_1_828' title='bbox 3314 4642 3591 4698; x_wconf 90' lang='lat' dir='ltr'><strong>omnibus</strong></span> <span class='ocrx_word' id='word_1_829' title='bbox 3622 4657 3764 4697; x_wconf 88' lang='lat' dir='ltr'><strong>con-</strong></span> 
     </span>
    </p>
   </div>
   <div class='ocr_carea' id='block_1_109' title="bbox 2120 4731 3764 4805">
    <p class='ocr_par' dir='ltr' id='par_1_109' title="bbox 2120 4731 3764 4805">
     <span class='ocr_line' id='line_1_109' title="bbox 2120 4731 3764 4805; baseline -0.003 -15"><span class='ocrx_word' id='word_1_830' title='bbox 2120 4735 2313 4790; x_wconf 84' lang='lat' dir='ltr'><strong>stituit</strong></span> <span class='ocrx_word' id='word_1_831' title='bbox 2343 4735 2648 4790; x_wconf 90' lang='lat' dir='ltr'><strong>universos</strong></span> <span class='ocrx_word' id='word_1_832' title='bbox 2699 4734 2805 4789; x_wconf 89' lang='lat' dir='ltr'><strong>sub</strong></span> <span class='ocrx_word' id='word_1_833' title='bbox 2846 4738 3110 4805; x_wconf 88' lang='lat' dir='ltr'><strong>peccato,</strong></span> <span class='ocrx_word' id='word_1_834' title='bbox 3136 4732 3336 4788; x_wconf 89' lang='lat' dir='ltr'><strong>subdit</strong></span> <span class='ocrx_word' id='word_1_835' title='bbox 3365 4731 3644 4803; x_wconf 91' lang='lat' dir='ltr'><strong>deinceps</strong></span> <span class='ocrx_word' id='word_1_836' title='bbox 3671 4746 3764 4786; x_wconf 93' lang='lat' dir='ltr'><strong>os-</strong></span> 
     </span>
    </p>
   </div>
   <div class='ocr_carea' id='block_1_110' title="bbox 2120 4821 3766 4894">
    <p class='ocr_par' dir='ltr' id='par_1_110' title="bbox 2120 4821 3766 4894">
     <span class='ocr_line' id='line_1_110' title="bbox 2120 4821 3766 4894; baseline -0.002 -15"><span class='ocrx_word' id='word_1_837' title='bbox 2120 4824 2371 4879; x_wconf 91' lang='lat' dir='ltr'><strong>tendens</strong></span> <span class='ocrx_word' id='word_1_838' title='bbox 2423 4841 2541 4878; x_wconf 72' lang='lat' dir='ltr'><strong>sum</strong></span> <span class='ocrx_word' id='word_1_839' title='bbox 2600 4822 3041 4894; x_wconf 64' lang='lat' dir='ltr'><strong>praedicationis</strong></span> <span class='ocrx_word' id='word_1_840' title='bbox 3073 4821 3506 4878; x_wconf 83' lang='lat' dir='ltr'><strong>excellentiam.</strong></span> <span class='ocrx_word' id='word_1_841' title='bbox 3541 4844 3567 4871; x_wconf 91' lang='grc'><strong>‹‹</strong></span> <span class='ocrx_word' id='word_1_842' title='bbox 3602 4823 3766 4876; x_wconf 85' lang='lat' dir='ltr'><strong>Nunc</strong></span> 
     </span>
    </p>
   </div>
   <div class='ocr_carea' id='block_1_111' title="bbox 2120 4908 3766 4985">
    <p class='ocr_par' dir='ltr' id='par_1_111' title="bbox 2120 4908 3766 4985">
     <span class='ocr_line' id='line_1_111' title="bbox 2120 4908 3766 4985; baseline -0.004 -15"><span class='ocrx_word' id='word_1_843' title='bbox 2120 4920 2339 4970; x_wconf 90' lang='lat' dir='ltr'><strong>autem.</strong></span> <span class='ocrx_word' id='word_1_844' title='bbox 2364 4934 2392 4963; x_wconf 84' lang='lat'><strong>»</strong></span> <span class='ocrx_word' id='word_1_845' title='bbox 2429 4913 2533 4968; x_wconf 92' lang='lat' dir='ltr'><strong>Ubi</strong></span> <span class='ocrx_word' id='word_1_846' title='bbox 2567 4929 2665 4967; x_wconf 92' lang='lat' dir='ltr'><strong>eos</strong></span> <span class='ocrx_word' id='word_1_847' title='bbox 2696 4908 3058 4967; x_wconf 86' lang='lat' dir='ltr'><strong>ostendisset</strong></span> <span class='ocrx_word' id='word_1_848' title='bbox 3097 4912 3249 4967; x_wconf 89' lang='lat' dir='ltr'><strong>nihil</strong></span> <span class='ocrx_word' id='word_1_849' title='bbox 3280 4929 3350 4968; x_wconf 85' lang='lat' dir='ltr'><strong>ex</strong></span> <span class='ocrx_word' id='word_1_850' title='bbox 3370 4911 3500 4985; x_wconf 89' lang='lat' dir='ltr'><strong>lege</strong></span> <span class='ocrx_word' id='word_1_851' title='bbox 3531 4911 3766 4983; x_wconf 85' lang='lat' dir='ltr'><strong>adjulos</strong></span> 
     </span>
    </p>
   </div>
   <div class='ocr_carea' id='block_1_112' title="bbox 2122 5000 3765 5074">
    <p class='ocr_par' dir='ltr' id='par_1_112' title="bbox 2122 5000 3765 5074">
     <span class='ocr_line' id='line_1_112' title="bbox 2122 5000 3765 5074; baseline -0.003 -15"><span class='ocrx_word' id='word_1_852' title='bbox 2122 5020 2251 5059; x_wconf 90' lang='lat' dir='ltr'><strong>esse</strong></span> <span class='ocrx_word' id='word_1_853' title='bbox 2270 5002 2409 5058; x_wconf 92' lang='lat' dir='ltr'><strong>etad</strong></span> <span class='ocrx_word' id='word_1_854' title='bbox 2425 5001 2968 5074; x_wconf 89' lang='lat' dir='ltr'><strong>concupiscentiam</strong></span> <span class='ocrx_word' id='word_1_855' title='bbox 2986 5003 3253 5058; x_wconf 87' lang='lat' dir='ltr'><strong>duxisset</strong></span> <span class='ocrx_word' id='word_1_856' title='bbox 3274 5000 3619 5056; x_wconf 90' lang='lat' dir='ltr'><strong>methodum</strong></span> <span class='ocrx_word' id='word_1_857' title='bbox 3634 5017 3765 5071; x_wconf 81' lang='lat' dir='ltr'><strong>quae</strong></span> 
     </span>
    </p>
   </div>
   <div class='ocr_carea' id='block_1_113' title="bbox 2122 5087 3768 5163">
    <p class='ocr_par' dir='ltr' id='par_1_113' title="bbox 2122 5087 3768 5163">
     <span class='ocr_line' id='line_1_113' title="bbox 2122 5087 3768 5163; baseline -0.004 -15"><span class='ocrx_word' id='word_1_858' title='bbox 2122 5093 2345 5148; x_wconf 88' lang='lat' dir='ltr'><strong>salvare</strong></span> <span class='ocrx_word' id='word_1_859' title='bbox 2367 5097 2626 5163; x_wconf 88' lang='lat' dir='ltr'><strong>poterat:</strong></span> <span class='ocrx_word' id='word_1_860' title='bbox 2676 5096 3005 5162; x_wconf 83' lang='lat' dir='ltr'><strong>opportune</strong></span> <span class='ocrx_word' id='word_1_861' title='bbox 3033 5091 3247 5148; x_wconf 88' lang='lat' dir='ltr'><strong>Christi</strong></span> <span class='ocrx_word' id='word_1_862' title='bbox 3278 5091 3457 5145; x_wconf 81' lang='lat' dir='ltr'><strong>fidem</strong></span> <span class='ocrx_word' id='word_1_863' title='bbox 3500 5087 3768 5160; x_wconf 88' lang='lat' dir='ltr'><strong>aggredi-</strong></span> 
     </span>
    </p>
   </div>
   <div class='ocr_carea' id='block_1_114' title="bbox 2124 5180 3767 5252">
    <p class='ocr_par' dir='ltr' id='par_1_114' title="bbox 2124 5180 3767 5252">
     <span class='ocr_line' id='line_1_114' title="bbox 2124 5180 3767 5252; baseline -0.003 -16"><span class='ocrx_word' id='word_1_864' title='bbox 2124 5186 2236 5236; x_wconf 87' lang='lat' dir='ltr'><strong>tur.</strong></span> <span class='ocrx_word' id='word_1_865' title='bbox 2273 5203 2298 5231; x_wconf 81' lang='grc' dir='ltr'><strong>α</strong></span> <span class='ocrx_word' id='word_1_866' title='bbox 2331 5181 2566 5236; x_wconf 87' lang='lat' dir='ltr'><strong>Justitia</strong></span> <span class='ocrx_word' id='word_1_867' title='bbox 2597 5181 2717 5237; x_wconf 92' lang='lat' dir='ltr'><strong>Dei.</strong></span> <span class='ocrx_word' id='word_1_868' title='bbox 2752 5203 2781 5232; x_wconf 85' lang='lat'>»</span> <span class='ocrx_word' id='word_1_869' title='bbox 2814 5181 2870 5236; x_wconf 92' lang='lat' dir='ltr'><strong>Si</strong></span> <span class='ocrx_word' id='word_1_870' title='bbox 2896 5180 3116 5249; x_wconf 90' lang='lat' dir='ltr'><strong>habita,</strong></span> <span class='ocrx_word' id='word_1_871' title='bbox 3150 5181 3365 5252; x_wconf 90' lang='lat' dir='ltr'><strong>inquit,</strong></span> <span class='ocrx_word' id='word_1_872' title='bbox 3400 5180 3527 5251; x_wconf 88' lang='lat' dir='ltr'><strong>lege</strong></span> <span class='ocrx_word' id='word_1_873' title='bbox 3556 5193 3767 5249; x_wconf 90' lang='lat' dir='ltr'><strong>pecca-</strong></span> 
     </span>
    </p>
   </div>
   <div class='ocr_carea' id='block_1_115' title="bbox 2121 5266 3764 5341">
    <p class='ocr_par' dir='ltr' id='par_1_115' title="bbox 2121 5266 3764 5341">
     <span class='ocr_line' id='line_1_115' title="bbox 2121 5266 3764 5341; baseline -0.001 -19"><span class='ocrx_word' id='word_1_874' title='bbox 2121 5269 2333 5335; x_wconf 88' lang='lat' dir='ltr'><strong>vimus,</strong></span> <span class='ocrx_word' id='word_1_875' title='bbox 2360 5285 2475 5340; x_wconf 88' lang='lat' dir='ltr'><strong>quo</strong></span> <span class='ocrx_word' id='word_1_876' title='bbox 2499 5285 2634 5341; x_wconf 87' lang='lat' dir='ltr'><strong>ergo</strong></span> <span class='ocrx_word' id='word_1_877' title='bbox 2656 5268 2851 5336; x_wconf 90' lang='lat' dir='ltr'><strong>modo,</strong></span> <span class='ocrx_word' id='word_1_878' title='bbox 2875 5269 3033 5325; x_wconf 90' lang='lat' dir='ltr'><strong>dicat</strong></span> <span class='ocrx_word' id='word_1_879' title='bbox 3053 5270 3372 5341; x_wconf 87' lang='lat' dir='ltr'><strong>quispiam,</strong></span> <span class='ocrx_word' id='word_1_880' title='bbox 3400 5268 3622 5338; x_wconf 89' lang='lat' dir='ltr'><strong>absque</strong></span> <span class='ocrx_word' id='word_1_881' title='bbox 3637 5266 3764 5339; x_wconf 89' lang='lat' dir='ltr'><strong>lege</strong></span> 
     </span>
    </p>
   </div>
   <div class='ocr_carea' id='block_1_116' title="bbox 2125 5356 3765 5431">
    <p class='ocr_par' dir='ltr' id='par_1_116' title="bbox 2125 5356 3765 5431">
     <span class='ocr_line' id='line_1_116' title="bbox 2125 5356 3765 5431; baseline -0.001 -18"><span class='ocrx_word' id='word_1_882' title='bbox 2125 5357 2340 5413; x_wconf 89' lang='lat' dir='ltr'><strong>salvari</strong></span> <span class='ocrx_word' id='word_1_883' title='bbox 2370 5374 2680 5427; x_wconf 90' lang='lat' dir='ltr'><strong>possemus</strong></span> <span class='ocrx_word' id='word_1_884' title='bbox 2701 5358 2729 5413; x_wconf 74' lang='lat'><strong>7</strong></span> <span class='ocrx_word' id='word_1_885' title='bbox 2756 5360 2867 5413; x_wconf 90' lang='lat' dir='ltr'><strong>Per</strong></span> <span class='ocrx_word' id='word_1_886' title='bbox 2886 5358 3181 5431; x_wconf 83' lang='lat' dir='ltr'><strong>justitiam</strong></span> <span class='ocrx_word' id='word_1_887' title='bbox 3213 5356 3336 5426; x_wconf 87' lang='lat' dir='ltr'><strong>Dei,</strong></span> <span class='ocrx_word' id='word_1_888' title='bbox 3382 5356 3596 5427; x_wconf 85' lang='lat' dir='ltr'><strong>inquit,</strong></span> <span class='ocrx_word' id='word_1_889' title='bbox 3633 5371 3765 5427; x_wconf 65' lang='lat' dir='ltr'><strong>quas</strong></span> 
     </span>
    </p>
   </div>
   <div class='ocr_carea' id='block_1_117' title="bbox 2124 5445 3765 5502">
    <p class='ocr_par' dir='ltr' id='par_1_117' title="bbox 2124 5445 3765 5502">
     <span class='ocr_line' id='line_1_117' title="bbox 2124 5445 3765 5502; baseline -0.001 -1"><span class='ocrx_word' id='word_1_890' title='bbox 2124 5446 2397 5502; x_wconf 89' lang='lat' dir='ltr'><strong>videlicet</strong></span> <span class='ocrx_word' id='word_1_891' title='bbox 2428 5446 2605 5502; x_wconf 89' lang='lat' dir='ltr'><strong>datur</strong></span> <span class='ocrx_word' id='word_1_892' title='bbox 2631 5463 2665 5502; x_wconf 93' lang='lat' dir='ltr'><strong>a</strong></span> <span class='ocrx_word' id='word_1_893' title='bbox 2698 5448 2834 5502; x_wconf 91' lang='lat' dir='ltr'><strong>Deo.</strong></span> <span class='ocrx_word' id='word_1_894' title='bbox 2871 5447 2977 5502; x_wconf 90' lang='lat' dir='ltr'><strong>Ubi</strong></span> <span class='ocrx_word' id='word_1_895' title='bbox 3010 5451 3207 5501; x_wconf 89' lang='lat' dir='ltr'><strong>autem</strong></span> <span class='ocrx_word' id='word_1_896' title='bbox 3267 5447 3419 5501; x_wconf 91' lang='lat' dir='ltr'><strong>Deus</strong></span> <span class='ocrx_word' id='word_1_897' title='bbox 3466 5445 3633 5501; x_wconf 90' lang='lat' dir='ltr'><strong>illam</strong></span> <span class='ocrx_word' id='word_1_898' title='bbox 3659 5447 3765 5501; x_wconf 91' lang='lat' dir='ltr'><strong>tri-</strong></span> 
     </span>
    </p>
   </div>
   <div class='ocr_carea' id='block_1_118' title="bbox 2124 5534 3769 5608">
    <p class='ocr_par' dir='ltr' id='par_1_118' title="bbox 2124 5534 3769 5608">
     <span class='ocr_line' id='line_1_118' title="bbox 2124 5534 3769 5608; baseline -0.001 -17"><span class='ocrx_word' id='word_1_899' title='bbox 2124 5535 2286 5605; x_wconf 90' lang='lat' dir='ltr'><strong>buat,</strong></span> <span class='ocrx_word' id='word_1_900' title='bbox 2320 5552 2396 5592; x_wconf 91' lang='lat' dir='ltr'><strong>ne</strong></span> <span class='ocrx_word' id='word_1_901' title='bbox 2419 5536 2703 5608; x_wconf 88' lang='lat' dir='ltr'><strong>ambigas,</strong></span> <span class='ocrx_word' id='word_1_902' title='bbox 2719 5552 2751 5590; x_wconf 93' lang='lat' dir='ltr'><strong>o</strong></span> <span class='ocrx_word' id='word_1_903' title='bbox 2769 5536 2964 5590; x_wconf 90' lang='lat' dir='ltr'><strong>homo.</strong></span> <span class='ocrx_word' id='word_1_904' title='bbox 2985 5537 3102 5589; x_wconf 80' lang='lat' dir='ltr'><strong>Aut</strong></span> <span class='ocrx_word' id='word_1_905' title='bbox 3114 5534 3348 5607; x_wconf 86' lang='lat' dir='ltr'><strong>justitia</strong></span> <span class='ocrx_word' id='word_1_906' title='bbox 3362 5535 3462 5591; x_wconf 90' lang='lat' dir='ltr'><strong>Dei</strong></span> <span class='ocrx_word' id='word_1_907' title='bbox 3476 5542 3567 5592; x_wconf 87' lang='lat' dir='ltr'><strong>est</strong></span> <span class='ocrx_word' id='word_1_908' title='bbox 3587 5535 3769 5608; x_wconf 88' lang='lat' dir='ltr'><strong>justi-</strong></span> 
     </span>
    </p>
   </div>
  </div>
