4126 6256
383 365 501 427 383

1520 355 1948 422 (ECUMENII
1994 355 2296 419 'l‘RlCCJE
2342 360 2722 422 EPISCOPI.

3681 364 3799 426 384

392 501 588 558 ticatio
612 505 669 556 et
687 496 1399 556 absolutio.seuliberatio
1418 512 1451 551 a
1466 495 1744 568 peccatis,
1765 508 1799 548 ιι
1820 491 2017 565 quibu:

2149 489 2239 544 καὶ
2293 491 2541 554 ἆθώωσις
2599 495 2685 548 καὶ
2747 493 3044 572 ἀπαλλαγή
3105 500 3214 553 τῶν
3271 497 3578 572 ἁμαρτιῶν,
3631 496 3708 554 ὧν
3769 499 3799 553 ὀ

391 609 509 648 non
524 591 717 663 potuit
734 589 826 644 lex
845 588 1116 644 liberare.
1138 611 1165 637 «
1187 587 1560 642 Manifestata
1573 590 1680 640 est.
1702 606 1727 630 »ι
1742 583 1906 650 Quod
1922 597 2046 636 ma-

388 682 722 746 nil‘estatur,
758 679 1001 750 planum
1049 684 1138 733 est
1187 676 1346 748 quod
1403 682 1577 731 antea
1618 674 1815 739 fuerit,
1850 690 2041 744 quan-

385 786 563 843 quam
580 768 1256 838 occultaretur.Fugiens
1281 768 1478 837 itaque
1505 764 1949 819 innovationem
1983 768 2040 818 et

384 877 460 915 ne
493 875 702 914 recens
743 856 1041 911 videretur
1073 857 1200 927 ejus
1232 854 1597 926 prmdicatio,
1629 853 1775 907 dixit
1803 870 1814 906 :
1856 874 1882 901 «
1917 853 2033 906 Ma-

383 949 667 1005 nifestata
689 953 780 1002 est
808 963 820 1012 ;
858 968 885 996 »
915 962 1024 1001 nec
1053 945 1109 998 id
1145 944 1320 999 modo
1351 943 1596 1014 vulgari,
1630 958 1829 996 verum
1860 942 2037 996 etiam

382 1040 546 1113 prius
581 1044 759 1093 nacta
791 1042 898 1102 est,
944 1036 1351 1090 testimonium
1383 1051 1416 1088 ει
1446 1033 1571 1103 lege
1621 1039 1680 1086 et
1709 1031 2033 1102 prophetis.

455 1131 550 1198 III,
580 1131 649 1182 22
680 1131 769 1183 24.
805 1150 832 1175 «
867 1125 1109 1180 Iustitia
1171 1131 1365 1178 autem
1400 1123 1500 1178 Dei
1535 1138 1639 1192 per
1674 1121 1850 1176 ﬁdem
1899 1122 2034 1174 Jesu

385 1242 405 1267 α
439 1219 653 1274 Christi
689 1218 750 1271 in
812 1232 1024 1270 omnes
1057 1220 1114 1268 et
1144 1230 1323 1284 super
1351 1228 1558 1266 omnes
1612 1211 1712 1282 qui
1761 1210 2030 1264 credunt.

384 1329 412 1357 ‹‹
441 1308 566 1361 Non
589 1306 747 1360 enim
770 1309 858 1358 est
878 1302 1202 1365 distinctio,
1229 1319 1366 1356 nam
1391 1318 1597 1355 omnes
1622 1304 2030 1372 peccaverunt,

389 1417 416 1445 «
455 1399 507 1448 et
543 1393 902 1465 posteriores
931 1397 1068 1447 sunt
1097 1389 1280 1464 gloria
1311 1389 1414 1444 Dei
1449 1407 1461 1444 :
1503 1389 1799 1460 gratisque
1850 1386 2030 1458 justi-

389 1507 409 1533 «ι
448 1485 702 1539 ﬁcantur
731 1499 835 1554 per
862 1482 1110 1553 gratiam
1139 1479 1346 1550 ipsius.
1386 1501 1404 1526 ι

451 1573 685 1628 Justitia
709 1571 810 1626 Dei
837 1588 939 1643 per
961 1570 1158 1624 ﬁdem°
1177 1592 1203 1618 »
1237 1571 1516 1633 Quaenam
1541 1567 1798 1638 justitia,
1817 1565 2032 1621 dixerit

382 1660 1104 1735 quispiam,autquoniodo
1123 1659 1284 1712 aDeo
1300 1657 1704 1712 data?Deinde
1725 1674 1798 1710 ne
1813 1673 2029 1711 novum

381 1754 606 1825 aliquid
629 1753 834 1808 audire
857 1751 969 1806 sibi
992 1751 1319 1816 videantur,
1345 1750 1392 1802 si
1413 1749 1654 1802 omnino
1670 1747 1877 1802 salvari
1895 1765 2026 1818 pos-

2145 579 2312 653 νόμος
2347 582 2446 637 ούκ
2502 583 2719 662 ἴσχυσεν
2753 583 3084 658 ἀπαλλάξαι.
3147 612 3173 636 ‹‹
3207 588 3603 665 Πεφανέρωται.
3642 613 3669 639 n
3729 589 3803 644 Τὸ

2147 671 2545 746 φανερούμενον
2597 671 2767 743 δῆλον
2823 675 2897 737 ὡς
2925 675 2990 743 ἦν
3025 675 3141 748 μὲν,
3205 675 3494 751 ἐκρύπτετο
3554 674 3631 735 δέ.
3681 679 3801 746 Τήν

2147 759 2236 813 ούν
2267 761 2619 835 καινοτομίαν
2677 763 2911 842 φεύγων,
2967 764 3058 818 καὶ
3113 765 3175 819 τὸ
3237 763 3415 820 δοκεῖν
3483 766 3798 843 πρόσφατον

2145 846 2284 903 εἶδαι
2342 851 2404 904 τὸ
2463 854 2726 928 κηρυγμα
2760 897 2774 922 ,
2831 854 2987 924 εἶπε,
3051 878 3079 907 ‹‹
3139 854 3540 931 Πειρανέρωται.
3580 880 3607 908 ››
3670 857 3801 936 Ούχ

2144 937 2354 1008 ἁπλῶς,
2409 940 2556 996 ἀλλά
2607 942 2698 996 καὶ
2756 946 3309 1018 προμαρτυρηθεῑσαν
3386 946 3488 1000 ὑπὸ
3548 947 3798 1009 Μωσέως

2144 1030 2324 1103 (οὗτος
2358 1033 2461 1108 γὰρ
2496 1034 2523 1087 ὁ
2552 1029 2759 1108 νόμος),
2793 1036 2883 1089 καὶ
2913 1040 3020 1090 τῶν
3051 1042 3374 1115 προφητῶν.

2215 1123 2538 1192 Δικαιοσύνη
2628 1121 2686 1178 δὲ
2737 1128 2871 1178 Θεοῦ
2931 1122 3018 1180 διὰ
3103 1125 3338 1188 πίστεως
3425 1128 3604 1197 Ἰησοῦ
3655 1134 3794 1202 Χρι-

2141 1216 2268 1266 στοῦ
2331 1212 2406 1276 είς
2485 1215 2684 1277 πάντας
2771 1217 2860 1271 καὶ
2933 1217 3020 1271 ἐπὶ
3083 1217 3282 1282 πάντας
3337 1219 3463 1281 τοὺς
3514 1219 3795 1276 πιστεύον-

2138 1322 2252 1363 τας.
2285 1301 2356 1356 Οὐ
2407 1303 2510 1378 γὰρ
2568 1303 2679 1360 ἐστι
2752 1303 3039 1378 διαστολή,
3107 1308 3304 1369 πάντες
3364 1310 3467 1384 γὰρ
3522 1309 3795 1384 ἥμαρτον,

2137 1391 2227 1444 καὶ
2261 1391 2606 1466 ὑστεροῦνται
2663 1400 2762 1463 τῆς
2823 1393 2986 1467 δόξης
3047 1400 3143 1451 τοῦ
3199 1401 3354 1452 Θεοῦ·
3417 1395 3799 1472 δικαιούμενοι

2141 1475 2344 1553 δωρεάν
2366 1483 2433 1553 τῇ
2465 1482 2634 1537 αὐτοῦ
2666 1484 2876 1557 χάριτι.

2144 1591 2165 1617 ι
2201 1569 2519 1640 Δικαιοσύνη
2572 1569 2627 1626 δὲ
2683 1577 2816 1627 Θεοῦ
2875 1571 2963 1628 διὰ
3015 1573 3330 1632 πίστεων.»
3393 1575 3526 1631 Ποία
3585 1575 3792 1632 δικαιο-

2140 1658 2291 1727 σύνη,
2327 1657 2468 1714 εἷ’ποι
2499 1681 2603 1727 τις,
2639 1664 2672 1731 ἢ
2698 1668 2815 1723 πῶς
2873 1659 3133 1735 διδομένη
3171 1665 3274 1719 ὑπὸ
3329 1669 3461 1720 Θεοῦ
3498 1686 3512 1732 ;
3569 1668 3665 1722 Διὰ
3693 1667 3788 1720 πί-

2140 1767 2328 1816 στεως,
2361 1749 2542 1825 φησὶν,
2574 1751 2754 1820 Ἰησοῦ
2799 1753 3056 1826 Χριστοῦ.
3121 1755 3255 1810 Εἶτα
3297 1753 3388 1808 *ἱνα
3449 1757 3525 1828 μὴ
3587 1753 3782 1828 δόξωσι

383 1845 503 1898 sint
520 1843 666 1898 nihil
687 1841 1132 1897 contribuentes
1147 1838 1375 1893 ostendi
1389 1837 1576 1908 tqquod
1595 1837 1772 1891 etiam
1787 1838 2017 1892 credere

2137 1835 2280 1906 ξένον
2313 1859 2364 1892 τι
2390 1837 2628 1909 ἀκούειν,
2658 1839 2702 1894 εἶ
2735 1838 2880 1903 ὅλως
2911 1839 2987 1896 ἔνι
3044 1843 3308 1911 σώζεσθαι
3364 1841 3534 1916 μηδὲν
3587 1845 3778 1908 αὐτοὺς

383 1933 459 1988 sit
481 1931 880 1996 contribuere,
916 1930 1111 2000 ipsum
1146 1928 1303 1983 enim
1325 1926 1566 1982 credere
1598 1926 1823 2000 indiget
1846 1927 2029 1982 animi

383 2023 752 2077 fortitudine.
785 2021 919 2075 Ideo
969 2021 1089 2076 ait:
1127 2041 1149 2071 α
1178 2022 1289 2073 Per
1316 2017 1516 2084 fidem,
1550 2041 1575 2064 η
1609 2018 1928 2073 ostendens
1960 2037 2030 2074 ex

383 2112 493 2165 hoc
519 2127 626 2164 nos
651 2125 882 2180 quoque
906 2107 1133 2178 aliquid
1160 2107 1449 2162 conferre.
1475 2109 1582 2162 «In
1614 2113 2028 2173 omnes,etsu-

382 2216 728 2272 peromnes.
756 2222 775 2245 ιι
800 2200 864 2252 In
890 2215 1118 2261 omnes,
1145 2197 1359 2267 inquit,
1379 2196 1631 2262 Judzeos,
1657 2196 1755 2266 qui
1779 2197 2029 2252 credunt

381 2290 535 2346 24'!
568 2294 631 2342 ut
663 2288 762 2360 qui
795 2287 952 2358 apud
985 2304 1046 2341 se
1081 2292 1138 2340 et
1167 2304 1234 2340 ex
1268 2286 1412 2356 ipsis
1474 2285 1763 2341 haberent
1818 2287 2027 2341 salutis

377 2378 839 2449 causam,ipsum
854 2393 1067 2447 nempe
1081 2375 1595 2447 Christum.Super
1607 2392 1813 2431 omnes
1826 2381 2023 2431 autem

375 2468 644 2523 ethnicos
673 2466 834 2534 dicit,
869 2467 967 2538 qui
999 2482 1034 2521 a
1061 2465 1278 2520 Judmis
1305 2464 1687 2530 crediderint,
1713 2470 1771 2520 et
1789 2471 2025 2522 extenta

373 2559 450 2614 sit
479 2574 658 2628 super
689 2573 788 2610 eos
819 2556 1025 2628 gratia.
1063 2557 1275 2610 Verum
1307 2560 1366 2610 et
1396 2555 1522 2621 hos,
1557 2555 1769 2626 inquit,
1806 2561 1864 2609 et
1889 2555 2022 2610 illos

371 2647 724 2719 fecitgratiaa
745 2646 1210 2717 participes,non
1225 2643 1747 2714 quoscunque,sed
1773 2645 2022 2699 creden-

373 2742 479 2792 tes.
514 2737 583 2790 Et
605 2737 841 2802 iterum,
877 2735 1018 2804 quia
1051 2734 1260 2788 merito
1302 2733 1637 2787 communis
1669 2738 1758 2787 est
1809 2733 2016 2804 gratia,

373 2842 504 2897 quas
532 2830 622 2878 est
644 2841 779 2896 erga
809 2839 1036 2877 omnes.
1081 2845 1107 2871 «
1143 2824 1269 2876 Non
1318 2822 1477 2876 enim
1509 2827 1598 2876 est
1629 2821 1951 2876 distinctio.
1988 2843 2015 2871 »

371 2918 625 2971 Rursum
656 2913 889 2969 Judmos
912 2911 1174 2968 ostendit
1203 2911 1354 2966 nihil
1380 2911 1747 2968 excellentia;
1796 2911 2014 2966 habere

368 3022 491 3077 pra)
521 3003 816 3073 gentibus.
881 3026 907 3052 «
939 3004 1082 3058 Nam
1139 3017 1346 3056 omnes
1406 3006 1880 3072 peccaverunt.»
1934 3003 2012 3056 Ne

367 3093 532 3158 mihi,
563 3091 777 3164 inquit,
804 3091 966 3148 dicas
994 3110 1005 3146 :
1034 3094 1150 3164 Ego
1180 3091 1417 3147 Iudaeus
1441 3108 1592 3156 sum,
1619 3092 1719 3162 qui
1755 3107 2010 3162 superne

363 3187 547 3240 Deum
572 3186 835 3257 cognovi,
857 3187 950 3240 hic
964 3191 1162 3240 autem
1187 3191 1498 3240 extraneus
1513 3190 1603 3239 est
1623 3190 1680 3239 et
1697 3183 2003 3239 barbarus.

360 3275 626 3329 Profecto
654 3275 700 3328 si
730 3291 936 3329 omnes
968 3281 1383 3346 peccaverunt,
1419 3274 1641 3328 habent
1660 3290 1898 3344 quoque
1949 3273 2007 3327 id

363 3380 593 3431 omnes,
626 3365 896 3419 utsimili
935 3365 1213 3434 aequitate
1271 3364 1414 3418 salvi
1473 3366 1636 3418 ﬁant.
1671 3365 1794 3417 Non
1848 3364 2008 3418 enim

366 3459 451 3507 est
477 3453 834 3519 differentia,
869 3454 986 3506 sive
1017 3453 1352 3507 descrimen
1410 3452 1594 3508 Judaei
1652 3469 1718 3507 ac
1749 3452 2008 3524 gentilis,

363 3543 600 3612 utrique
641 3541 916 3596 similiter
973 3548 1380 3612 peccaverunt.
1441 3565 1466 3591 ι(
1527 3543 1596 3595 Ει
1651 3541 2010 3612 posteriores

369 3639 509 3687 sunt
537 3632 724 3705 gloria
777 3633 899 3699 Dei,
936 3655 961 3680 »
1022 3639 1131 3687 etc.
1167 3631 1471 3702 Siquidem
1520 3648 1594 3686 ne
1649 3637 1730 3698 tu,
1793 3631 2005 3702 inquit,

364 3722 510 3776 mihi
535 3723 733 3778 dicas:
765 3723 947 3777 Graeci
980 3722 1212 3794 gravius
1263 3726 1672 3793 peccaverunt.
1709 3723 1914 3775 Nonne
1946 3725 2009 3775 tu

362 3812 550 3884 gloria
579 3829 647 3866 ac
674 3812 1071 3867 beneﬁcentia
1103 3811 1204 3866 Dei
1235 3811 1528 3882 posterior
1548 3827 1610 3866 es
1631 3809 1658 3864 ?
1686 3810 2006 3882 gratisque,

366 3902 477 3957 hoc
509 3906 616 3965 est,
650 3901 871 3971 absque
911 3901 1026 3956 tuis
1057 3900 1234 3955 rectis
1280 3899 1578 3971 operibus,
1614 3898 1906 3954 salvaris?
1943 3916 2010 3956 ac

366 4008 602 4047 rursum
636 3992 718 4046 ita
748 3996 812 4045 ut
842 3990 990 4045 nihil
1043 3991 1313 4046 conferas
1344 3989 1506 4046 aliud
1535 3994 1752 4061 prmter
1780 3987 1957 4044 ﬁdem
1986 3991 2012 4045 ?

368 4082 631 4150 Cumque
654 4081 1023 4153 justiﬁceris.
1046 4081 1227 4152 gratis
1246 4079 1598 4151 justiﬁcaris
1623 4095 1635 4132 :
1662 4095 1728 4134 ac
1754 4083 1888 4150 post
1909 4080 2009 4134 Dei

365 4169 614 4242 gloriam
647 4187 710 4225 ac
742 4169 1196 4224 beneficentiam
1241 4168 1474 4223 accedis
1503 4169 1530 4223 ?
1591 4190 1611 4216 ι
1647 4168 2011 4223 Posteriores

367 4265 506 4315 sunt
535 4259 722 4327 gloria
754 4259 877 4325 Dei,
902 4281 928 4304 η
953 4258 1330 4329 postmodum
1361 4258 1623 4324 fuerunt,
1646 4274 1768 4312 non
1800 4274 2013 4328 prmve-

364 4353 583 4405 nerunt
613 4348 687 4403 ad
708 4348 1161 4420 gloriﬁcandum
1193 4349 1400 4402 Deum.
1427 4346 1780 4401 Exciderant
1804 4362 2011 4402 omnes

363 4440 435 4496 ab
468 4440 819 4495 honorando
847 4439 1060 4493 Deum:
1093 4437 1277 4493 Judaei
1303 4437 1544 4507 quidem
1577 4443 2010 4508 praeceptorum

358 4530 506 4602 legis
537 4535 1006 4601 transgressores
1035 4527 1173 4582 facti
1199 4544 1212 4593 ;
1275 4525 1496 4580 ethnici
1556 4541 1687 4580 vero
1720 4525 1880 4580 idola
1909 4543 2009 4581 co-

2139 1932 2652 2007 συνεισενεγκόντας,
2741 1929 3002 1988 δείκνυσιν
3084 1933 3166 1989 ὅτι
3241 1934 3445 1990 καὶτὸ
3503 1942 3770 1993 πιστεῦσαι

2138 2027 2548 2096 συνεισενεγκείν
2581 2019 2747 2077 ἐστιν.
2784 2020 3062 2098 Ἀνδρείας
3117 2024 3218 2100 γάρ
3279 2022 3448 2080 δεῖται
3507 2029 3689 2101 ψυχῆς
3715 2028 3773 2080 τὸ

2135 2112 2435 2164 πιστεῦσαι.
2472 2110 2563 2163 Διό
2623 2131 2774 2187 φησι.
2840 2135 2866 2161 ‹‹
2900 2111 2999 2167 Διὰ
3045 2111 3300 2182 πίστεως,
3337 2135 3364 2164 ››
3426 2111 3637 2173 δεικνὺς
3695 2113 3784 2168 καὶ

2133 2197 2279 2266 ἡμᾶς
2320 2195 2379 2250 ἐκ
2439 2196 2635 2252 τούτου
2689 2198 3145 2274 συνεισφέροντας.
3209 2227 3235 2251 ι(
3272 2200 3366 2264 Ε’ίς
3423 2203 3628 2262 πάντας
3689 2202 3781 2257 καὶ

2132 2282 2217 2339 ἐπὶ
2279 2287 2500 2342 πάντας.
2537 2310 2565 2337 ››
2625 2322 2690 2329 -
2749 2292 3228 2363 [ΓΕΝΝΑΔῘΟΥ.]
3279 2292 3372 2353 Εἰς
3429 2290 3626 2354 πάντας
3687 2293 3782 2364 μὲν

2128 2373 2254 2436 τοὺς
2316 2373 2597 2448 Ἰουδαίος,
2692 2377 2877 2456 φησὶν,
2937 2379 3011 2439 ὡς
3071 2376 3279 2434 οἷ’κοΘεν
3331 2380 3422 2435 καὶ
3478 2379 3527 2450 ἐξ
3597 2381 3778 2436 αὐτῶν

2129 2461 2432 2538 ἐσχηκότας
2463 2469 2562 2530 τῆς
2592 2468 2863 2542 σωτηρίας
2891 2467 2985 2521 τὸν
3044 2466 3237 2542 αἶετιον,
3288 2470 3458 2544 ἤγουν
3514 2470 3602 2524 τὸν
3637 2474 3776 2543 Χρι-

2127 2554 2268 2608 στόν.
2304 2555 2426 2610 Ἐπὶ
2458 2557 2657 2618 πάντας
2708 2554 2784 2628 δὲ,
2835 2558 2962 2620 τοὺς
3016 2558 3253 2621 ἐθνικοῦς
3313 2558 3479 2635 λέγει,
3536 2561 3606 2620 ὡς
3659 2560 3767 2615 ἀπὸ

2123 2645 2229 2695 τῶν
2261 2640 2533 2699 Ἰουδαίων
2583 2647 2979 2701 πιστευσάντων
3039 2649 3127 2702 καὶ
3187 2646 3274 2703 ἐπὶ
3333 2649 3558 2710 τούτους
3616 2647 3776 2704 ἐκτα-

2125 2729 2308 2800 θείσης
2336 2739 2434 2801 τῆς
2468 2735 2717 2811 χάριτος.
2775 2737 2964 2810 Ὃμως
3027 2736 3211 2809 μέντοι
3269 2737 3357 2792 καὶ
3415 2739 3620 2793 τούτων
3671 2739 3777 2794 κά-

2122 2819 2313 2874 κείνων
2351 2825 2716 2900 μετασχησειν
2744 2831 2844 2892 τῆς
2878 2827 3105 2898 χάριτος
3153 2822 3365 2904 ἔφησεν,
3399 2827 3510 2902 οὐχ
3564 2826 3778 2897 ἁπλῶς,

2121 2907 2266 2963 ἀλλὰ
2295 2910 2420 2972 τοὺς
2450 2912 2818 2974 πιστεύοντας.
2861 2915 2957 2968 Καὶ
2993 2913 3156 2970 πάλιν
3187 2915 3270 2970 ὅτι
3331 2918 3486 2984 κοινή
3548 2912 3771 2980 δικαίως

2119 3000 2154 3066 ἡ
2188 2999 2351 3076 χάρις
2411 2999 2548 3055 κατὰ
2599 3003 2830 3060 πάντων.
2895 3027 2922 3054 ‹‹
2957 3002 3033 3060 Ού
3093 3006 3196 3081 γάρ
3254 3004 3364 3058 ἐστι
3425 3002 3764 3076 διαστολή.»

2120 3086 2289 3142 Πάλιν
2321 3085 2553 3144 δείκνυσι
2608 3089 2777 3164 μηδὲν
2809 3090 3106 3155 Ἰουδαίους
3168 3087 3393 3169 ἔχοντας
3451 3093 3620 3150 πλέον
3669 3101 3770 3151 τῶν

2120 3175 2168 3245 ἐξ
2204 3175 2387 3236 ἐθνῶν.
2436 3204 2456 3228 ι
2498 3178 2697 3242 Πάντες
2757 3181 2860 3256 γάρ
2916 3179 3188 3256 ἥμαρτον,
3225 3206 3251 3233 ››
3288 3184 3380 3252 Μὴ
3435 3184 3542 3259 γάρ
3575 3205 3672 3257 μοι
3704 3183 3778 3240 εἷ’-

2117 3290 2249 3343 πῃς,
2278 3269 2460 3346 φησὶν,
2514 3271 2660 3347 Ἐγὼ
2714 3271 2808 3343 μὲν
2872 3269 3132 3334 Ἰουδαῖός
3190 3273 3306 3346 εἰμι
3359 3273 3559 3337 ἄνωθεν
3613 3272 3776 3336 εἰδὼς

2113 3362 2262 3427 Θεὸν,
2316 3358 2474 3422 οὗτος
2505 3357 2562 3416 δὲ
2590 3363 2734 3430 ξένος
2790 3363 2880 3416 καὶ
2943 3358 3245 3438 βάρϐαρος.
3278 3363 3465 3426 Ὅλως
3498 3365 3543 3420 εἰ
3575 3367 3769 3429 πάντες

2111 3450 2383 3524 ἥμαρτον,
2414 3443 2605 3527 ἔχουσι
2636 3451 2724 3505 καὶ
2779 3452 2841 3506 τὸ
2896 3452 3094 3513 πάντες
3152 3453 3440 3527 ὁμοτίμως
3494 3456 3769 3524 σωθῆνιοις

2115 3535 2191 3596 Ού
2221 3537 2325 3612 γάρ
2348 3536 2458 3592 ἐστι
2497 3535 2783 3609 διαστολὴ,
2816 3538 2987 3618 ἤγουν
3023 3542 3317 3616 χωριφμὸς
3379 3540 3635 3600 Ἰουδαίου
3666 3546 3765 3599 καὶ

2115 3625 2326 3689 ἔθνικοῦ
2357 3669 2373 3697 ,
2424 3627 2632 3699 ὁμοίως
2702 3629 3000 3708 ἀμφότεροι
3056 3631 3304 3704 ἥμαρτον
3341 3675 3352 3686 .
3407 3657 3431 3682 ‹‹
3467 3633 3563 3687 Καὶ
3599 3632 3763 3688 ὕστε-

2115 3719 2330 3789 ροῦνται
2361 3724 2460 3787 τῆς
2490 3715 2650 3788 δόξης
2683 3724 2778 3775 τοῦ
2837 3725 2995 3793 Θεοῦ,
3031 3745 3057 3770 ι)
3087 3721 3178 3776 καὶ
3208 3722 3274 3776 τὰ
3332 3722 3477 3792 ἑξῆτ.
3536 3725 3623 3793 Μὴ
3656 3725 3764 3799 γάρ

2120 3829 2213 3881 μοι
2246 3806 2425 3882 εἴπῃς,
2457 3811 2644 3884 φησιν,
2683 3809 2767 3865 ὅτι
2817 3808 3086 3881 Ἕλληνες
3119 3809 3286 3866 πλέον
3341 3814 3612 3886 ἥμαρτον.
3672 3815 3762 3882 Μὴ

2117 3896 2179 3950 σύ
2210 3896 2440 3952 κατόπιν
2472 3896 2570 3952 ούκ
2599 3901 2649 3953 εἴ
2675 3905 2774 3966 τῆς
2810 3895 2970 3968 δόξης
3030 3900 3115 3953 καὶ
3148 3906 3247 3968 τῆς
3303 3900 3613 3978 εὐεργεσίας
3667 3907 3760 3956 τοῦ

2117 3990 2256 4041 Θεοῦ
2289 4006 2303 4056 ;
2336 3987 2426 4042 καὶ
2459 3984 2685 4063 δωρεὰν,
2737 3987 3033 4057 τουτέστίν,
3088 3987 3212 4043 ἄνευ
3265 3993 3341 4044 σῶ
3400 3988 3751 4066 κατορθωμά-

2115 4097 2244 4142 των,
2277 4077 2426 4151 σώζῃ
2460 4099 2474 4147 ς
2507 4076 2597 4131 καὶ
2655 4074 2820 4131 πάλιν
2853 4076 2926 4138 ὡς
2961 4073 3128 4148 μηδὲν
3184 4077 3366 4152 ἓτερον
3429 4080 3756 4154 συνεισενέγ-

2117 4164 2230 4232 καὶ,
2284 4165 2430 4236 πλὴν
2486 4166 2765 4234 πίστεως;
2828 4165 3213 4238 Δικαιούμενος
3275 4164 3352 4236 δὲ,
3419 4165 3624 4243 δωρεὰν
3684 4167 3788 4224 διέ

2115 4259 2385 4324 καιοῦσαι,
2434 4257 2521 4310 καὶ
2575 4256 2798 4311 κατόπιν
2857 4255 3076 4334 ἔργεσαι
3133 4261 3228 4311 τοῦ
3287 4262 3420 4312 Θεοῦ
3480 4257 3639 4330 δόξης
3674 4261 3766 4314 καὶ

2117 4345 2440 4419 εὐεργεσίας,
2502 4370 2528 4395 ‹‹
2591 4349 2940 4421 Υστεροῦνται
2998 4349 3096 4410 τῆς
3157 4343 3316 4416 δόξης
3379 4353 3476 4402 τοῦ
3539 4354 3695 4404 Θεοῦ.
3731 4371 3759 4402 ι

2118 4433 2357 4488 Κατόπιν
2414 4431 2656 4506 ἐγένοντο
2691 4477 2705 4502 ,
2765 4433 2864 4488 οὐκ
2919 4426 3149 4506 ἔφθασαν
3217 4439 3314 4488 τοῦ
3371 4432 3614 4506 δοξάζειν
3670 4439 3764 4492 τὸν

2118 4521 2268 4578 Θεόν.
2320 4523 2761 4578 Ἐκπεπτώκασιν
2823 4518 3050 4585 ἅπαντες
3107 4527 3204 4578 τοῦ
3261 4531 3424 4597 τιμᾷν
3479 4527 3662 4584 αὐτόν,
3696 4529 3767 4585 O't

364 4620 574 4676 lentes.
604 4619 738 4672 Ideo
770 4633 976 4673 omnes
1004 4617 1103 4688 qui
1137 4616 1198 4670 in
1216 4617 1402 4671 Deum
1429 4613 1810 4670 crediderunt
1831 4615 2010 4687 gratis

2127 4613 2215 4685 μὲν
2248 4610 2526 4684 Ἰουδαῖοι,
2560 4608 2865 4687 παραϐάται
2911 4614 3193 4689 γενόμενοι
3249 4619 3356 4670 τῶν
3410 4612 3498 4670 διὰ
3527 4621 3625 4671 τοῦ
3675 4618 3768 4672 νό-

354 4706 783 4778 justiﬁcantur,
809 4707 1003 4776 ipsum
1035 4705 1275 4761 credere
1323 4710 1551 4760 tantum
1609 4704 2005 4760 conferentes.

363 4793 668 4860 Quomodo
689 4811 824 4849 vero
848 4795 1249 4864 justiticamur
1271 4795 1298 4850 ‘I
1337 4795 1644 4866 Redempti
1676 4810 1709 4848 a
1749 4793 2008 4864 peccatis

362 4883 604 4945 nostris.
638 4885 748 4938 Per
771 4899 946 4952 quem
979 4889 1176 4939 autem
1200 4885 1604 4956 justiﬁcamur
1623 4882 1650 4938 ?
1669 4885 1782 4937 Per
1808 4884 2004 4938 Jesum

361 4974 680 5028 Christum.
714 4972 1018 5037 Quomodo
1042 4973 1140 5026 ille
1168 4973 1463 5028 redemit?
1484 4973 1725 5044 Proprio
1759 4973 2003 5044 sangui-

359 5080 454 5120 ne.
491 5062 590 5117 Vel
617 5061 726 5116 hoc
760 5060 954 5116 modo.
991 5062 1144 5116 Deus
1179 5061 1624 5134 illosjustificat
1654 5060 2000 5116 credentes:

359 5170 498 5210 nam
547 5152 866 5224 adoptione
927 5150 1132 5224 dignos
1189 5151 1370 5215 ducit,
1423 5152 1631 5222 suique
1681 5152 1843 5224 regni
1904 5149 2002 5206 de-

360 5248 653 5299 monstrat
682 5241 969 5309 hieredes,
1010 5258 1044 5296 a
1087 5258 1202 5312 quo
1260 5241 1641 5296 manifestum
1701 5247 1790 5296 est
1844 5241 2002 5312 quod

357 5333 864 5398 aberraveramus,
921 5347 1125 5387 omnes
1183 5329 1459 5385 similiter
1515 5331 1873 5402 posteriores
1904 5348 2002 5386 su-

356 5439 510 5491 mus,
542 5423 672 5478 ideo
694 5422 875 5495 gratis
907 5423 1020 5478 ista
1049 5420 1222 5476 nobis
1254 5419 1478 5476 tribuit.

427 5599 524 5668 III,
549 5601 735 5655 24-26.
777 5619 796 5645 ι
822 5601 931 5654 Per
961 5599 1432 5669 redemptionem
1463 5613 1594 5668 quae
1626 5601 1716 5652 est
1745 5597 1806 5652 in
1836 5597 1998 5653 Chri-

357 5713 385 5741 ‹‹
417 5695 504 5746 sto
525 5691 683 5760 Jesu,
709 5704 886 5761 quem
907 5689 1214 5762 proposuit
1245 5689 1398 5744 Deus
1427 5687 1874 5760 pr0pitiatorem
1895 5704 2003 5760 per

2122 4721 2226 4772 μου
2255 4701 2514 4770 ἐντολῶν,
2558 4703 2608 4757 οἱ
2642 4700 2698 4756 δε
2752 4700 2979 4764 ἐθνικοὶ,
3040 4700 3294 4766 εἰδώλοις
3349 4701 3765 4779 λατρεύσαντες.

2119 4790 2212 4845 Διὸ
2259 4794 2450 4853 πάντες
2534 4789 2912 4850 πιστεύσαντες
2971 4790 3046 4852 εἷς
3108 4793 3368 4867 Χριστὸν,
3425 4791 3631 4868 δωρεὰν
3689 4794 3768 4849 δι-

2116 4885 2394 4936 καιοῦνται
2430 4924 2444 4949 ,
2503 4881 2564 4936 τὸ
2625 4880 2890 4935 πιστεύειν
2935 4882 3096 4954 μόνον
3154 4883 3573 4957 συνεισάγοντες.
3635 4889 3766 4947 Πῶς

2117 4969 2173 5027 δὶ
2203 4967 2554 5042 δικαιούμεθα
2576 4989 2589 5039 ;
2615 4967 3118 5043 Ἀπολυτρούμενοι
3148 4971 3242 5033 τὰς
3277 4972 3540 5044 ἁμαρτίας
3570 4974 3764 5045 ἡμῶν,

2115 5063 2212 5118 Διὰ
2240 5061 2380 5122 τίνος
2433 5058 2490 5115 δὲ
2544 5059 3044 5135 ἀπολυτρούμεθας
3107 5063 3204 5118 Διὰ
3263 5064 3443 5133 Ἰησοῦ
3502 5065 3766 5138 Χριστοῦ.

2115 5148 2236 5212 Πῶς
2271 5147 2596 5224 λυτροῦντος
2632 5149 2836 5205 ἐκείνου
2874 5169 2888 5219 ;
2919 5151 3011 5222 Τῷ
3044 5147 3170 5222 ῗδίῳ
3208 5148 3425 5225 αἵματι.
3459 5155 3527 5209 'u
3561 5153 3763 5218 οὕτως·

2113 5238 2244 5300 θεὸς
2300 5237 2495 5302 αὐτοὺς
2577 5235 2785 5308 δοξάζει
2867 5239 3218 5300 πιστεύοντας
3255 5282 3266 5296 .
3322 5242 3596 5303 Υἱοθεσίας
3654 5245 3763 5320 γὰρ

2111 5328 2273 5398 ἀξιοῖ,
2300 5329 2388 5382 καὶ
2420 5325 2801 5402 κληρονόμους
2831 5335 2929 5398 τῆς
2982 5329 3151 5383 αύτοῦ
3185 5327 3464 5403 βασιλείας
3516 5330 3764 5407 ἀποφαί-

2111 5438 2209 5473 νει.
2274 5419 2370 5480 Ἠς
2450 5415 2663 5486 δῆλον,
2721 5417 2806 5473 ὅτι
2856 5416 3254 5492 ἐξημάρτομεν,
3313 5418 3507 5482 πάντες
3552 5422 3764 5494 ὁμοίως

2113 5509 2497 5584 ὑστερούμεθα,
2530 5509 2623 5567 Διὸ
2655 5506 2859 5581 δωρεάν
2891 5511 3039 5582 ἡμᾶς
3069 5508 3275 5564 τούτων
3309 5509 3471 5580 ἀξιοῖ.

2184 5599 2280 5656 Διὰ
2361 5605 2462 5668 τῆς
2519 5597 2952 5674 ἀπολυτρώσεως
3001 5600 3100 5666 τῆς
3159 5597 3211 5653 ἂν
3271 5599 3489 5674 Χριστῷ
3552 5602 3757 5676 Ἰησοῦ,

2115 5689 2173 5746 ὃν
2231 5686 2490 5765 προέθετο
2549 5689 2577 5744 ὁ
2631 5688 2759 5751 Θεὸς
2818 5685 3136 5764 ἱλαστήριον
3196 5683 3284 5742 διὰ
3361 5694 3463 5760 τῆς
3518 5685 3755 5756 πίστεως
