4126 6256
326 399 442 460 383

1420 394 1830 456 COMMENT.
1883 392 1971 453 IN
2017 388 2269 452 EPIST.
2318 391 2419 450 AD
2459 391 2653 451 ROM.

3648 393 3768 455 386

338 530 390 586 ἒν
441 533 515 602 τῷ
568 527 735 583 αὐτοῦ
794 524 1036 601 α’ίματι,
1102 526 1180 589 εἷς
1231 523 1446 600 ἔνδειξιν
1503 533 1604 596 τῆς
1657 524 2004 596 δικαιοσύνης

2135 550 2146 574 ε
2185 525 2382 590 ﬁdem,
2417 541 2521 596 per
2578 524 2926 596 sanguinem
2986 526 3194 597 ipsius,
3237 525 3310 580 ad
3360 530 3765 586 ostensionem

349 619 540 686 αύτοῦ,
599 615 688 672 διὰ
745 619 847 688 τὴν
913 618 1155 692 πάρεσιν
1211 622 1313 671 τῶν
1365 615 1777 693 προγεγονότων
1836 615 2014 689 ἀμαρ-

350 710 576 783 τ·τ,μᾶ.τω
704 706 758 762 ἐν
834 711 908 781 τῇ
978 708 1167 781 ἀνοχῇ
1211 710 1305 760 τοῦ
1359 710 1513 776 Θεοῦ,
1570 705 1707 780 πρὸς
1795 699 2015 773 ἔνδειξιν

358 807 461 869 τῆς
512 795 858 865 δικαιοσύνης
923 795 1118 864 αὐτοῦ,
1177 794 1226 850 ἐν
1287 799 1367 866 τῷ
1420 800 1508 848 νῦν
1564 798 1757 868 καιρῶ·
1819 793 1895 854 είς
1951 792 2013 846 τὸ

704 706 758 762 ἐν
834 711 908 781 τῇ
978 708 1167 781 ἀνοχῇ
1211 710 1305 760 τοῦ
1359 710 1513 776 Θεοῦ,
1570 705 1707 780 πρὸς

381 890 512 944 εἷται
542 887 684 941 αὖτὸν
726 882 973 952 δίκαιον,
1031 886 1124 940 καὶ
1187 882 1496 939 δικαιούντα
1552 884 1644 938 τὸν
1676 881 1734 937 ἐκ
1783 881 2015 944 πίστεως

389 979 463 1047 ’1η
473 981 579 1032 σοῦ.

451 1067 567 1126 Πῶς
621 1062 678 1118 δὲ
736 1061 1097 1134 δικαιοῦται;
1167 1060 1255 1118 διὰ
1309 1070 1410 1133 τῆς
1470 1063 1710 1142 ἀφέσεως
1757 1068 1863 1116 τῶν
1919 1081 2016 1115 πα-

369 1156 748 1231 ραπτωμάτων
786 1199 801 1222 ,
869 1154 938 1222 ἧς
995 1154 1340 1229 τυγχάνομεν
1415 1151 1465 1208 ἐν
1524 1155 1749 1226 Χριστῷ
1808 1153 2014 1221 Ἰησοῦ,

365 1244 634 1313 τουτέστι,
669 1240 759 1298 διὰ
785 1245 972 1313 Ἰησοῦ
1001 1245 1257 1317 Χριστοῦ,
1310 1267 1336 1294 ‹‹
1371 1242 1466 1300 “Ov
1525 1239 1785 1317 προὲθετο
1818 1242 1846 1295 ὁ
1892 1240 2019 1302 Θεὸς

356 1331 706 1406 ἶλαττήριον.
746 1357 775 1384 ι)
827 1329 1068 1389 Εύδοκία
1121 1331 1222 1408 γὰρ
1297 1337 1398 1386 τοῦ
1467 1330 1698 1403 Πατρὸς,
1753 1326 2019 1401 ἐξίλασμα

357 1425 662 1498 γεγένηται
725 1427 834 1477 τῶν
889 1423 1166 1496 ἡψετὲρων
1208 1421 1508 1496 ἁμαρτιῶν.
1573 1419 1910 1494 Ἱλαστήριον
1963 1415 2021 1472 δὲ

353 1509 605 1566 παλαιὸν
641 1510 863 1588 ἐλέγετο
891 1513 953 1566 τὸ
985 1515 1149 1585 πῶμα
1175 1515 1274 1577 τῆς
1305 1505 1564 1565 κιϐωτοῦ.
1628 1508 1813 1569 Οὕτως
1863 1507 1952 1562 καὶ
1983 1508 2018 1576 ἡ

352 1605 463 1655 τοῦ
493 1601 706 1675 Κυρίου
734 1602 858 1676 σὰρξ
903 1603 937 1670 ἡ
986 1599 1465 1674 περικαλύπτουσα
1518 1600 1617 1668 τήν
1664 1599 1854 1652 ἑαυτοῦ
1903 1595 2018 1651 θεό-

351 1712 503 1759 τητα
537 1689 862 1764 ἱλαστήριον
914 1691 1103 1766 γέγονε
1152 1694 1258 1744 τῶν
1320 1687 1601 1762 ἡμετέρων
1656 1689 1912 1760 ἀνομιῶν.
1950 1686 2021 1742 Τὸ

356 1778 441 1848 δὲ,
477 1780 777 1852 Προέθετο,
817 1776 985 1849 δηλοῖ
1013 1777 1248 1833 παλαιὰν
1302 1777 1400 1847 τὴν
1459 1776 1581 1851 περῖ
1639 1776 1836 1831 τούτου
1891 1776 2025 1849 βου-

2125 615 2426 687 «justitize
2487 632 2644 669 sum:
2705 632 2810 686 per
2867 615 3280 672 remissionem
3331 618 3764 688 praeteritorum

2128 726 2154 752 «
2186 715 2585 775 peccatorum,
2620 721 2752 759 cum
2784 706 2936 759 Deus
2970 705 3251 760 toleraret
3283 724 3296 760 :
3326 707 3400 761 ad
3448 709 3768 764 ostenden-

2126 815 2153 843 ι(
2187 793 2322 848 dam
2346 793 2642 864 justitiam
2677 811 2864 861 suam,
2900 794 2959 849 in
3001 795 3279 866 praesenti
3322 797 3473 851 243
3509 802 3773 868 tempore

2126 901 2156 934 (ι
2187 883 2298 937 hoc
2329 887 2394 936 ut
2424 883 2548 954 ipse
2577 882 2892 954 sitjushs,
2927 883 3021 954 etj
3043 884 3348 940 ustificans
3392 901 3526 940 eum
3555 886 3655 956 qui
3687 891 3778 941 est

2125 995 2153 1023 «
2187 989 2255 1027 ex
2288 971 2403 1027 fide
2432 972 2590 1026 Jesu.
2630 993 2656 1020 »

2196 1059 2498 1124 Quomodo
2525 1067 2725 1117 autem
2752 1063 3166 1134 justiﬁcatur?
3202 1068 3312 1120 Per
3355 1065 3772 1120 remissionem

2125 1157 2503 1220 peccatorum
2528 1169 2705 1222 quam
2737 1155 3111 1224 assequimur
3133 1156 3194 1208 in
3221 1155 3449 1210 Christo
3481 1157 3638 1216 Jesu.
3662 1157 3772 1209 hoc

2129 1243 2238 1303 est,
2271 1256 2374 1310 per
2403 1240 2701 1296 Christum
2731 1243 2950 1297 Jesum.
3003 1266 3029 1293 «
3065 1245 3249 1309 Quem
3282 1245 3591 1315 proposuit
3622 1245 3774 1298 Deus

2127 1328 2575 1400 propitiatorem
2625 1354 2652 1381 ››
2713 1331 2901 1387 Patris
2934 1333 3093 1387 enim
3125 1333 3466 1405 prOpitialio
3497 1333 3652 1388 facta
3683 1338 3778 1388 est

2131 1423 2473 1474 nostrorum
2501 1421 2841 1492 propitiatio
2872 1428 3268 1493 peccatorum.
3296 1423 3778 1494 Propitiatorium

2130 1524 2264 1562 vero
2298 1508 2605 1565 dicebatur
2635 1512 2775 1566 olim
2797 1529 2947 1566 arcae
2979 1514 3323 1584 operculum
3356 1531 3367 1567 :
3418 1514 3500 1568 ita
3543 1529 3778 1584 quoque

2133 1598 2370 1652 Domini
2402 1615 2537 1654 caro
2565 1617 2695 1670 qum
2718 1600 2879 1656 illius
2910 1601 3278 1657 divinitatem
3299 1601 3550 1666 velabat,
3577 1602 3774 1673 propi—

2131 1688 2430 1742 tiatorium
2452 1687 2564 1742 fuit
2592 1696 2930 1744 nostrarum
2962 1691 3364 1762 iniquitatum.
3393 1691 3558 1756 Quod
3579 1696 3780 1745 autem

2135 1777 2315 1833 dicit:
2341 1780 2672 1850 Proposuit,
2702 1781 3014 1851 antiquum
3049 1781 3122 1836 de
3150 1799 3218 1836 ea
3248 1799 3311 1836 re
3347 1782 3666 1836 consilium
3699 1781 3778 1835 si-

354 1868 496 1938 λήν.
536 1894 566 1919 α
599 1871 688 1925 Ἐν
717 1872 796 1940 τῷ
853 1869 1020 1922 αὐτοῦ
1080 1865 1292 1940 α’ίματι.
1330 1893 1350 1921 ι
1414 1867 1471 1919 Ὀ
1534 1866 1625 1939 μὲν
1674 1865 1774 1939 γὰρ
1837 1864 2020 1937 Πατὴρ

2135 1867 2392 1938 gniﬁcat.
2421 1890 2446 1917 ‹‹
2483 1869 2595 1922 Per
2615 1871 2964 1942 sanguinem
2988 1869 3194 1941 ipsius.
3230 1893 3257 1920 ››
3291 1871 3462 1925 Pater
3487 1869 3781 1941 siquidem

353 1957 654 2029 προέθετο,
707 1960 736 2012 ὁ
792 1955 848 2013 δὶ
907 1958 1030 2019 Υἱὸς
1078 1958 1139 2012 τὸ
1199 1960 1336 2031 αἷμα
1387 1956 1595 2031 ἐξέχεεν
1657 1956 1786 2031 ὑπὲρ
1839 1957 2020 2028 ἡμῶνο

355 2051 526 2117 κοινή
570 2046 663 2102 οὖν
723 2049 758 2117 ἡ
814 2047 976 2124 χάρις
1028 2054 1132 2117 τῆς
1186 2047 1337 2123 ἁγίας
1395 2042 1651 2122 Τριάδος·
1715 2045 2025 2119 συνήργησε

341 2136 462 2212 ’γὰρ
495 2137 594 2190 καί
622 2142 688 2192 τὸ
714 2137 970 2210 πανάγιον
1030 2137 1270 2210 Πνεὺμα.
1308 2159 1335 2186 ‹‹
1368 2135 1464 2198 Εἰς
1518 2129 1738 2203 ἔνδειξιν
1795 2139 1896 2202 τῆς
1943 2128 2022 2186 δι-

369 2228 663 2297 καιοσύνης
697 2227 884 2281 αὐτοῦ.
920 2249 948 2278 ››
1006 2228 1208 2301 ’Ὠσπερ
1266 2221 1510 2298 ἔνδειξις,
1558 2223 1832 2278 τουτέστιν
1889 2220 2021 2275 ἀπό·

384 2313 551 2387 δειξις,
603 2313 903 2379 πλουσίου,
969 2315 1029 2369 τὸ
1090 2313 1176 2369 καὶ
1235 2313 1449 2388 ἑτέρους
1508 2310 1842 2381 πλουτίζειν,
1875 2311 2023 2364 οὕτω

378 2406 460 2459 καί
488 2404 515 2459 ὅ
545 2405 785 2479 Χριστὸς
815 2402 1142 2472 ἐνδείξασθαι
1178 2400 1518 2478 βουλόμενος
1549 2403 1647 2470 τὴν
1683 2398 2026 2468 δικαιοσύνην

369 2493 552 2562 αὐτοῦ,
587 2493 681 2548 καὶ
714 2492 840 2554 τοὺς
869 2492 1184 2568 ἀνθρώπους
1211 2489 1541 2546 ἐδικαίωσεν.
1576 2516 1602 2542 α
1631 2489 1726 2544 Διά
1755 2490 1852 2558 τὴν
1887 2489 2024 2561 πάρ-

367 2605 475 2642 εσιν
511 2587 623 2638 τῶν
657 2582 1076 2656 προγεγονότων
1107 2581 1517 2655 ἁμαρτημάτων
1543 2579 1593 2633 ἐν
1621 2582 1689 2651 τῇ
1723 2580 1897 2656 ἀνοχῇ
1929 2579 2024 2630 τοῦ

359 2678 522 2728 Θεοῦ.
563 2699 584 2725 ι
623 2667 938 2740 Ἀπόδειξις
963 2667 1018 2726 δὲ
1038 2677 1137 2740 τῆς
1168 2668 1514 2739 δικαιοσύνης
1568 2669 1732 2723 αὐτοῦ
1791 2665 2026 2740 μάλιστα

367 2765 593 2837 γεγονεν
631 2806 646 2832 ,
701 2761 784 2815 ὅτι
844 2760 1248 2835 παρειμένους,
1302 2759 1546 2814 τουτέστι
1595 2755 2026 2832 νενεκρωμένους

367 2858 486 2908 ταῖς
543 2849 841 2925 ἁμαρτίαις
925 2848 1050 2911 τοὺς
1129 2848 1450 2924 ἀνθρώπους
1498 2845 1830 2902 ἐδικαίωσεν.
1893 2847 2028 2902 Εἶτα

362 2940 624 2996 ἐπιτείνει
656 2945 766 2993 τῶν
803 2939 1101 3012 ἀνθρώπων
1132 2938 1194 2992 τὸ
1226 2936 1497 3012 ἔγκλημα,
1530 2940 1607 3008 τῷ
1636 2935 1727 2998 τὰς
1760 2934 2026 3011 ἁμαρτίας

357 3030 608 3103 γενεσθαι
644 3027 697 3083 ἐν
725 3030 797 3101 τῇ
828 3027 1004 3101 ἀνοχῇ
1035 3030 1132 3081 τοῦ
1181 3026 1333 3083 Θεοῦ.
1394 3029 1518 3080 Ὅτε
1547 3027 1671 3099 γὰρ,
1701 3023 1887 3095 φησὶν,
1920 3019 2028 3078 ἔδει

2132 1957 2458 2028 proposuit,
2515 1957 2698 2012 Filius
2729 1975 2863 2030 vero
2896 1960 3243 2032 sanguinem
3275 1977 3380 2031 pro
3431 1959 3604 2014 nobis
3637 1961 3780 2014 etTu-

2131 2044 2218 2099 dit
2251 2062 2262 2099 :
2291 2046 2490 2117 itaque
2522 2049 2856 2103 communis
2882 2053 2970 2103 est
2993 2054 3210 2104 sancta:
3231 2049 3534 2103 Trinitatis
3565 2048 3779 2120 gratia;

2131 2151 2270 2189 nam
2301 2137 2714 2192 sanctissimus
2747 2155 2984 2209 quoque
3026 2138 3456 2210 cooperabatur
3509 2137 3780 2208 Spiritus.

2131 2245 2160 2272 ‹‹
2195 2225 2304 2277 Per
2321 2225 2722 2280 ostensionem
2755 2227 3005 2298 justitize
3035 2245 3174 2282 suae.
3212 2250 3238 2276 »
3271 2226 3782 2292 Quemadmodum

2134 2310 2328 2366 divitis
2361 2314 2623 2367 ostensio
2652 2314 2770 2368 sive
2795 2315 3221 2370 demonstratio
3254 2322 3344 2370 est
3373 2316 3522 2370 alios
3546 2330 3782 2386 quoque

2134 2400 2343 2467 ditare,
2371 2401 2454 2456 ita
2489 2407 2546 2455 et
2576 2402 2842 2458 Christus
2875 2421 3043 2458 suam
3075 2403 3391 2458 ostendere
3425 2405 3630 2459 volens
3655 2405 3789 2476 jus-

2136 2490 2628 2554 titiam,homines
2653 2493 3274 2564 quoquejustiticavit.
3295 2517 3321 2543 «
3352 2495 3456 2548 Per
3487 2493 3789 2548 remissio-

2134 2596 2272 2634 nem
2306 2582 2740 2651 praeteritorum
2785 2589 3184 2654 peccatorum,
3219 2601 3352 2637 cum
3390 2584 3541 2637 Deus
3573 2583 3790 2636 tolera-

2133 2674 2243 2724 ret.
2282 2691 2302 2720 ι
2329 2670 2577 2724 ,ιυειὶιὶω
2609 2671 2771 2726 illius
2803 2671 3233 2727 demonstratio
3267 2673 3327 2726 in
3386 2672 3498 2726 hoc
3528 2671 3784 2726 maxime

2135 2757 2288 2813 facta
2314 2766 2423 2828 est,
2458 2760 2615 2830 quod
2674 2761 3017 2830 dissolutos,
3069 2762 3182 2816 hoc
3241 2767 3329 2816 est
3373 2761 3633 2832 peccatis
3665 2760 3788 2814 suis

2134 2847 2487 2904 immortuos
2513 2850 2640 2921 jam
2673 2851 2945 2905 homines
2963 2851 3332 2922 justiticavit.
3360 2849 3578 2906 Deinde
3597 2848 3789 2904 homi-

2137 2954 2280 2992 num
2329 2943 2504 3011 auget
2561 2940 2808 3006 crimen,
2869 2940 3025 3011 quod
3076 2943 3316 3011 peccata
3376 2940 3617 3004 fuerint,
3652 2954 3787 2992 cum

2138 3028 2292 3081 Deus
2329 3027 2626 3083 toleraret.
2671 3030 2814 3083 Nam
2883 3029 3119 3100 quando
3178 3029 3471 3099 respicere
3531 3027 3794 3098 oportuit

369 3125 727 3190 μετανοῆσαι,
764 3113 1016 3184 δοθείσης
1050 3115 1277 3190 ἀνοχῆς,
1335 3114 1459 3169 τότε
1512 3111 1724 3188 μᾶλλον
1779 3113 2023 3188 ἡμάρτο-

2143 3115 2278 3170 data
2311 3116 2685 3186 toleratione,
2712 3122 2851 3171 tunc
2875 3118 3062 3189 magis
3085 3117 3494 3188 peccabamus.
3518 3119 3629 3170 Eos
3653 3131 3790 3186 ergo

380 3207 661 3278 proficio:
693 3207 790 3260 οὗν
849 3205 1211 3279 ἀσύγγνωστα
1276 3202 1622 3270 πταίσαντας,
1673 3206 1766 3256 νῦν
1819 3198 1908 3254 διὰ
1937 3200 2023 3256 πί-

639 3297 692 3312 lu
813 3296 855 3312 τγ
901 3294 912 3304 ι
1003 3293 1029 3312 er
1267 3311 1271 3312 ν
1319 3293 1361 3312 ι-
1621 3295 1656 3312 γυ
1749 3291 1769 3312 3,
1828 3288 2023 3312 ,,A'-,,

2142 3221 2304 3259 nunc
2335 3205 2525 3260 salvos
2556 3205 2715 3273 facit,
2749 3207 2848 3276 qui
2892 3206 3039 3277 lapsi
3074 3211 3243 3260 erant
3290 3206 3351 3258 in
3384 3206 3478 3271 iis,
3513 3222 3642 3275 qua:
3695 3220 3796 3266 ve_

376 3309 561 3354 στεως
589 3297 758 3361 σώζει.
813 3294 916 3350 Καὶ
969 3293 1144 3356 οὕτως
1173 3293 1510 3368 παρείθημεν
1563 3295 1684 3351 ταῖς
1741 3288 2023 3364 ἁμαρτίαις

2141 3297 2304 3353 niam
2331 3315 2449 3352 non
2478 3297 2878 3363 merebantur,
2905 3305 2961 3353 et
2983 3299 3064 3353 ita
3085 3298 3334 3353 remissa
3365 3304 3502 3353 sunt
3526 3296 3696 3351 nobis
3719 3313 3790 3351 ac

388 3383 484 3435 καὶ
519 3381 944 3456 παραλελύμεθα.
991 3383 1198 3457 [ΦΩΤ.]
1240 3382 1370 3438 Εἶτα
1430 3377 1547 3434 δὲον
1597 3385 1700 3448 τῆς
1755 3378 2023 3454 παρὲσεως

2142 3385 2337 3441 soluta
2367 3392 2628 3457 peccata.
2663 3388 2955 3441 Prmterea
2987 3405 3121 3442 cum
3154 3387 3530 3459 negligentiae
3584 3402 3793 3457 poenas

388 3472 744 3542 ἆπαιτηθῆναι
802 3471 977 3540 δίκας,
1035 3472 1241 3548 ἀνοχῆς
1288 3472 1378 3526 irai
1443 3469 1852 3551 φιλανθρωπίας
1910 3467 2028 3524 ἐτύ-

384 3581 573 3637 χομεν.
611 3560 781 3618 Ἀλλά
808 3562 1030 3632 καὶτῆς
1086 3561 1297 3640 ἀνοχῆς
1353 3559 1632 3635 τυχόντες,
1685 3555 1802 3612 δεον
1868 3578 2028 3631 μετα-

375 3658 516 3706 νοεῖν
542 3653 630 3706 καί
689 3653 757 3707 τὰ
790 3653 1060 3727 φθάσαντα
1114 3649 1474 3720 ἐξιλεοῦσθαι,
1534 3647 1611 3704 ἔτι
1667 3653 1788 3709 τοῖς
1847 3648 2030 3709 αὐτοῖς

381 3739 862 3815 ἑγκιλινδούμεθα.
897 3740 960 3796 Τί
993 3741 1082 3794 οὗν
1119 3737 1223 3794 ἔδει
1254 3740 1378 3794 τότε
1407 3738 1496 3793 καὶ
1524 3738 1614 3792 τὸν
1657 3735 1778 3792 λίαν
1835 3735 2028 3810 φιλάν-

379 3842 586 3905 θρωπον
614 3831 819 3906 κριτήν
849 3829 1078 3903 πρᾶξαι;
1131 3830 1355 3889 Πάντως
1410 3826 1643 3882 κολάσαὶ
1702 3826 1792 3880 καὶ
1849 3847 2026 3898 τιμω-

364 3924 658 3997 ρήσασθαι,
736 3921 870 3994 ὑπὲρ
930 3921 1002 3974 ὧν
1061 3941 1121 3974 τε
1173 3917 1222 3992 ἐξ
1283 3919 1462 3996 ἀρχῆς
1514 3919 1833 3991 ἡμάρτομεν
1873 3962 1886 3983 ,
1939 3915 2030 3970 καὶ

359 4011 497 4085 ὑπὲρ
535 4013 614 4066 ὧν
682 4010 893 4085 ἀνοχῆς
953 4007 1219 4084 τυχόντες
1280 4009 1343 4062 ού
1407 4004 1881 4080 μετεξιελήθημεν,
1939 4005 2029 4059 καὶ

359 4102 502 4175 ὑπὲρ
530 4102 608 4154 ὧν
647 4099 712 4153 ού
751 4099 914 4170 μόνον
958 4099 1020 4152 οὐ
1067 4095 1546 4170 μετεμελήθημεν,
1609 4093 1752 4150 ἀλλά
1808 4095 1896 4148 καὶ
1927 4100 2026 4163 τὴν

355 4191 560 4244 κακίαν
623 4186 995 4261 ἐπετείναμεν.
1057 4187 1113 4239 Ὁ
1165 4183 1224 4240 δὲ
1275 4184 1326 4238 τί
1382 4189 1572 4251 ποιεῖς
1633 4184 1770 4239 Τότε
1828 4182 2027 4256 λύτρον

354 4276 558 4332 ἑαυτὸν
592 4271 818 4328 δίδωσιν
856 4274 985 4347 ὑπὲρ
1018 4275 1203 4344 ἡμῶν,
1251 4271 1340 4326 καὶ
1401 4269 1461 4324 οὗ
1529 4269 1691 4342 μόνον
1749 4269 2027 4345 ἐξαρπάζει

358 4373 471 4434 τῆς
503 4362 800 4438 τιμωρίας,
833 4359 980 4416 ἀλλά
1025 4361 1114 4414 καὶ
1148 4358 1352 4415 δικαιοῖ
1371 4359 1459 4413 καὶ
1494 4359 1672 4428 σώζει,
1706 4359 1796 4412 καὶ
1822 4356 2032 4434 κληρο-

361 4457 580 4529 νόμους
612 4453 779 4507 αὐτοῦ
809 4455 1042 4506 ποιεῖται
1103 4457 1200 4519 τῆς
1256 4447 1554 4524 βασιλείας.
1613 4449 1822 4510 Ὄντως
1868 4447 2028 4527 χάρις

2140 3475 2501 3546 oportuisset
2530 3481 2826 3547 expetere,
2857 3475 3235 3533 tolerantiam
3267 3493 3334 3532 ac
3361 3475 3790 3548 benignitatem

2139 3565 2393 3619 assecuti
2427 3580 2631 3619 sumus
2666 3581 2677 3620 :
2711 3583 2845 3620 cum
2860 3583 2995 3621 vero
3015 3584 3123 3622 nos
3142 3567 3519 3622 tolerantiam
3542 3565 3792 3636 adeptos

2138 3654 2502 3724 oportuisset
2530 3655 2837 3725 paenitere,
2872 3673 2939 3711 ac
2971 3657 3041 3711 de
3075 3656 3550 3727 praecedentibus
3607 3655 3788 3708 Deum

2137 3742 2400 3812 placare,
2439 3743 2661 3798 eisdem
2697 3745 2955 3815 amplius
2987 3744 3452 3798 involvebamur.
3478 3742 3626 3807 Quid
3661 3758 3796 3812 ergo

2139 3835 2282 3886 tunc
2309 3831 2578 3902 judicem
2608 3848 2950 3902 quanquam
2981 3833 3326 3904 benignum,
3373 3839 3431 3884 et
3461 3832 3790 3884 humanum

2140 3939 2315 3994 agere
2347 3924 2650 3994 oportuit?
2688 3925 2899 3994 Utique
2931 3926 3142 3995 punire
3173 3941 3239 3978 ac
3270 3939 3474 3994 poenas
3507 3938 3740 3977 sumere
3776 3938 3788 3974 :

2137 4017 2193 4066 et
2226 4018 2540 4082 propterea
2571 4013 2728 4081 quod
2760 4012 2831 4066 ab
2864 4013 3036 4067 initio
3073 4013 3538 4083 deliqueramus,
3574 4015 3630 4065 et
3655 4010 3794 4080 quia

2136 4101 2514 4162 tolerantiam
2538 4101 2696 4154 nacti
2720 4118 2839 4156 non
2863 4103 3242 4172 resipuimus,
3279 4108 3335 4156 et
3363 4102 3518 4173 quod
3553 4118 3670 4156 non
3703 4117 3795 4154 so-

2134 4189 2257 4243 lum
2283 4205 2401 4244 non
2427 4189 2929 4260 desipuimus,sed
2949 4196 3006 4244 et
3023 4191 3558 4262 malitiamlonguis
3583 4195 3789 4260 poten-

2137 4278 2354 4334 dimus.
2391 4279 2494 4334 Ille
2515 4296 2649 4334 vero
2678 4280 2822 4351 quid
2839 4280 2866 4336 ‘I
2888 4281 3047 4335 Tunc
3071 4281 3332 4351 seipsum
3364 4278 3793 4349 redemptionis

2135 4369 2394 4438 pretium
2411 4387 2515 4440 pro
2537 4369 2708 4425 nobis
2735 4370 2942 4424 tradit:
2970 4387 3079 4425 nec
3111 4370 3298 4424 solum
3325 4386 3359 4424 a
3381 4369 3570 4440 pcenis
3596 4366 3796 4438 eripit,

2136 4457 2239 4512 sed
2274 4459 2643 4530 etjustificat
2675 4465 2731 4514 et
2760 4460 2962 4529 salvat,
2997 4460 3206 4530 suique
3237 4459 3404 4530 regni
3435 4457 3578 4512 facit
3607 4457 3795 4509 haere-

375 4545 582 4619 μέτρον
644 4542 744 4595 οὐκ
799 4538 1022 4616 ἔχουσα,
1078 4535 1244 4602 ὄντως
1296 4541 1457 4594 τοῦτο
1541 4535 1716 4611 δωρεά
1750 4581 1763 4604 ,
1825 4535 2023 4612 δωρεᾶς

2140 4545 2324 4602 des.O
2342 4564 2471 4602 vere
2491 4548 2678 4620 gratia
2700 4565 2829 4618 quae
2854 4565 3198 4602 mensuram
3224 4565 3344 4601 non
3394 4546 3572 4602 habet
3597 4563 3608 4598 :
3664 4561 3796 4599 vere

1441 4630 1620 4681 Τοῦτο
1685 4622 1901 4698 ἔνδειξις
1961 4627 2023 4680 ὡς

2146 4635 2256 4690 hoc
2283 4636 2505 4691 donum
2531 4643 2619 4691 est
2641 4637 2798 4708 quod
2819 4638 3014 4692 omnis
3043 4637 3182 4692 doni
3215 4637 3329 4690 vim
3371 4639 3648 4707 superat:
3687 4635 3797 4688 hoc

377 4721 609 4793 ἀληθῶς
667 4719 874 4799 ἀφέτου
933 4717 1322 4789 δικαιοσύνης,
1378 4718 1469 4772 καὶ
1526 4715 1874 4785 δικαιοσύνης
1934 4716 2023 4770 οὖν

2145 4742 2277 4779 vere
2305 4725 2733 4781 demonstratio
2763 4732 2851 4782 est
2877 4726 3196 4781 ineffabilis
3220 4726 3488 4797 justitia),
3526 4730 3585 4780 et
3606 4723 3796 4795 justi-

369 4811 746 4886 ἀνθρωπίνης,
805 4807 953 4863 ἀλλά
1009 4807 1152 4869 θείας
1209 4807 1298 4861 καὶ
1359 4805 1493 4879 ὑπὲρ
1572 4802 1878 4878 ἄνθρωπον.
1942 4805 2023 4858 Διὶ

2147 4816 2243 4870 tiae
2276 4833 2394 4870 non
2427 4818 2720 4886 humanm,
2747 4817 2847 4872 sed
2897 4817 3107 4871 divina:
3137 4822 3194 4872 et
3226 4834 3403 4889 super
3460 4817 3792 4870 hominem.

371 4900 468 4953 καὶ
500 4899 663 4959 αὐτὸς
706 4897 894 4964 είπὼν,
957 4924 983 4947 ι(
1018 4897 1111 4958 Εἰς
1169 4892 1390 4964 ἔνδειξιν
1439 4900 1540 4962 τῆς
1601 4890 1974 4963 δικαιοσύνης,
2008 4920 2021 4945 ›

2148 4906 2302 4962 244
2332 4907 2467 4961 Ideo
2491 4908 2668 4962 etiam
2723 4924 2857 4961 cum
2916 4907 3162 4962 dixisset
3220 4907 3586 4978 Apostolus:
3648 4928 3674 4954 «
3711 4903 3796 4958 Ad

381 4987 493 5063 οὐχ
516 4988 730 5056 ἁπλῶς,
764 4987 928 5057 ἀλλά,
964 5011 993 5038 ι(
1029 4987 1228 5054 Αὐτοῦ,
1262 5009 1288 5036 η
1325 4983 1484 5061 φησὶ,
1539 4983 1837 5050 τουτέστιν,
1875 4982 2023 5038 αύτοῐ

2147 4996 2546 5051 ostentionem
2572 4996 2842 5066 justitize,
2877 5017 2901 5047 ο
2931 5014 3050 5051 non
3087 4997 3438 5068 simpliciter
3470 4996 3550 5049 ibi
3583 4993 3796 5048 substi-

381 5079 549 5153 μόνον
581 5081 615 5147 ἡ
647 5078 878 5148 τοιαύτη
912 5077 1000 5132 καὶ
1055 5076 1291 5145 τοσαύτη
1345 5071 1679 5142 δικαιοσύνη.
1734 5073 1820 5127 Ἐν
1854 5073 1899 5144 ᾦ
1931 5074 2023 5150 γὰρ

2150 5085 2238 5149 tit,
2275 5085 2376 5138 sed
2409 5107 2435 5134 ‹‹
2467 5086 2618 5149 Sum,
2643 5107 2668 5134 ››
2705 5086 2919 5156 inquit,
2950 5088 3061 5142 hoc
3093 5092 3201 5154 est,
3234 5086 3420 5157 ipsius
3466 5083 3658 5138 solum
3705 5085 3795 5134 est

371 5164 488 5222 ἔδει
521 5172 693 5242 καιρῶ
725 5166 1092 5237 κολασθῆναι,
1141 5165 1263 5219 τότε
1292 5164 1495 5234 ἠξίωσε
1549 5168 1646 5230 τῆς
1707 5161 2023 5237 εὐεργεσίας

2150 5172 2285 5227 talis
2319 5172 2863 5243 tantaquejustitia,
2893 5179 3033 5230 tunc
3065 5177 3222 5230 enim
3250 5191 3382 5228 cum
3406 5170 3611 5226 ulcisci
3646 5176 3795 5224 tem-

381 5281 416 5309 a
450 5257 590 5330 Πρὸς
622 5250 842 5328 ἔνδειξιν
874 5262 974 5324 τῆς
1025 5252 1371 5322 δικαιοσύνης
1431 5250 1616 5306 αὐτοῦ.
1657 5251 2023 5322 [ΟΙΚΟΥΜωε

2151 5279 2259 5332 pus
2279 5269 2422 5328 erat,
2458 5263 2636 5317 etiam
2680 5263 2969 5320 beneﬁcio
3001 5266 3215 5320 alTecit.
3246 5287 3265 5311 ε
3331 5263 3416 5316 Ad
3474 5259 3794 5315 ostenden-

380 5348 593 5417 NIOI']
649 5382 718 5390 —
775 5349 881 5404 Τὸν
967 5346 1068 5420 γὰρ
1135 5344 1470 5418 νεκρωθὲντα
1547 5345 1664 5401 ταῖς
1752 5340 2023 5414 ἁμαρτίαι‹

2150 5351 2285 5405 dam
2308 5351 2607 5421 justitiam
2633 5370 2820 5407 suam.
2854 5377 2880 5403 »
2905 5356 3046 5408 Nam
3071 5370 3205 5408 eum
3228 5353 3325 5422 qui
3355 5351 3612 5421 peccatis
3644 5365 3799 5404 mor-

379 5441 471 5491 νῦν
525 5439 815 5509 σώζεσθαι,
873 5436 965 5490 ὅτε
1021 5434 1208 5507 καιρὸς
1262 5429 1533 5506 τιμωρίας
1606 5429 1861 5503 ὑπάρχει,
1913 5427 2021 5486 ἀλλ

2152 5445 2290 5495 tuus
2323 5446 2467 5496 erat.
2501 5459 2660 5496 nunc
2693 5443 2925 5507 salvari,
2959 5460 3094 5497 cum
3130 5448 3361 5511 tempus
3392 5446 3549 5494 esset
3580 5439 3802 5511 suppli-

382 5531 439 5588 οὐ
469 5530 836 5598 δικαιώσεως,
898 5525 1065 5581 τούτο
1112 5521 1385 5596 ἀπόδειξις
1433 5527 1533 5590 τῆς
1593 5521 1897 5598 εὐεργεσίας
1951 5544 2019 5579 κα

2151 5530 2247 5595 cii,
2289 5536 2346 5584 et
2367 5547 2485 5585 non
2509 5531 2980 5602 justiﬁcationis.
3006 5531 3114 5585 hoc
3135 5529 3545 5585 beneﬁcentiae
3565 5529 3802 5584 demon-

369 5646 463 5697 της
516 5621 886 5689 δικαιοσύνης
979 5615 1169 5672 αὐτοῦ.
1229 5611 1376 5671 Ἔδει
1443 5611 1543 5688 γὰρ
1601 5611 1696 5672 τὰς
1762 5633 1897 5687 προς
1947 5612 2023 5667 τὸπ

2151 5619 2356 5674 stratio
2390 5624 2478 5674 est
2508 5621 2848 5690 aojustitize
2885 5619 3066 5690 ipsius
3122 5620 3614 5691 Oportebatenim
3647 5636 3802 5673 com-

366 5713 611 5795 ’Δὸραάμ
681 5707 1071 5784 πληρωθῆναι
1137 5701 1484 5778 ὑποσχέσεις,
1543 5701 1629 5773 τὸ,
1691 5724 1717 5751 α
1753 5702 1847 5756 Καὶ
1883 5700 2010 5757 εὐλο

2153 5708 2301 5779 pleri
2335 5724 2432 5764 eas
2465 5727 2596 5781 quae
2625 5709 2698 5766 ad
2733 5709 3030 5766 Abraham
3061 5709 3226 5766 factae
3259 5718 3429 5767 erant
3457 5707 3803 5781 promissio-

374 4633 598 4701 ἀπάσης
650 4635 856 4684 νικῶσα
927 4630 1027 4698 τὴν
1103 4626 1353 4700 δύναμιν.
