4126 6256
394 348 507 408 387

1513 344 1937 409 (ECUMENII
1979 345 2287 407 TRICCIE
2336 345 2706 408 EPISCOPI.

3684 352 3804 412 388

395 501 541 539 nes:
580 487 723 555 puta
751 480 930 536 illud:
964 502 991 530 «
1020 482 1090 534 Et
1118 482 1180 535 in
1213 481 1440 536 semine
1463 485 1563 536 tuo
1610 480 2037 535 benedicentur

2153 479 2488 553 γηθήσονται
2528 478 2580 534 ἐν
2636 485 2718 553 τῷ
2769 478 3039 556 σπέρματί
3093 500 3191 536 σου
3237 480 3412 537 πάντα
3455 480 3523 536 τὰ
3579 479 3734 554 ἔθνη.
3768 507 3804 538 ι

396 588 603 628 omnes
632 575 836 644 gentes
871 570 933 624 ⁸³.
960 593 980 617 ι
1014 569 1077 623 Id
1110 570 1492 642 ergojustitia
1510 575 1617 640 est,
1639 570 1710 625 de
1744 568 2039 624 salvandis

393 664 571 717 etiam
603 660 865 733 indignis
920 660 1225 716 veritatem
1258 665 1557 731 praestare.
1592 683 1619 709 ‹‹
1666 660 1732 714 In
1765 658 2043 730 praesenti

391 758 678 823 tempore.
715 772 739 801 ι»
777 752 919 805 Cum
954 750 1202 805 dixisset
1236 766 1248 804 :
1285 770 1304 796 ε
1341 748 1426 804 Ad
1457 748 1889 805 ostendendam
1938 747 2043 817 ju-

395 841 618 895 stitiam
643 855 809 895 suam
837 861 863 887 ι)
888 838 1214 909 subjunxit,
1247 860 1272 887 ‹‹
1301 840 1364 892 In
1388 838 1667 909 praesenti
1702 843 1985 908 tempore.
2013 856 2041 883 »

395 929 702 1001 Siquidem
736 929 833 983 Dei
859 928 1099 1000 justitia
1123 945 1255 999 queo
1294 928 1355 982 in
1386 927 1665 1000 prmsenti
1719 932 1847 981 erat
1893 930 2044 979 tem-

394 1035 559 1090 pore,
592 1036 706 1089 quo
736 1018 1010 1073 videlicet
1039 1024 1303 1073 nostram
1333 1016 1806 1088 redemptionem
1836 1031 2041 1086 opera-

395 1113 490 1163 tus
522 1113 631 1175 est,
663 1108 843 1179 plena
865 1106 1251 1179 benignitate,
1280 1106 1460 1178 plena
1491 1106 1668 1175 dono,
1710 1104 1888 1177 plena
1918 1110 2045 1159 erat

399 1203 457 1253 et
486 1199 707 1270 gratia;
741 1198 993 1268 ideoque
1025 1196 1261 1252 dicebat
1294 1214 1306 1251 :
1333 1220 1359 1244 ‹‹
1376 1197 1501 1251 Non
1516 1196 1646 1251 veni
1674 1200 1740 1249 ut
1767 1194 2044 1248 condem-

397 1303 538 1342 nem
570 1286 881 1354 mundum,
908 1286 1011 1343 sed
1037 1291 1101 1341 ut
1125 1287 1348 1342 salvum
1374 1286 1585 1342 faciam
1610 1282 1900 1340 mundum
1926 1284 1988 1337 ³³.
2013 1304 2041 1332 ››

395 1377 616 1431 Futura
645 1394 778 1432 vero
800 1377 1036 1449 justitia
1063 1376 1199 1432 talis
1229 1376 1486 1447 amplius
1516 1391 1636 1430 non
1669 1373 1802 1439 erit,
1822 1371 1926 1428 sed
1948 1388 2045 1426 re-

396 1465 641 1520 tributio
672 1468 961 1538 cujusque
989 1466 1103 1521 erit
1131 1466 1202 1520 de
1226 1465 1319 1520 his
1347 1482 1477 1535 quae
1492 1464 1636 1530 ebit,
1662 1462 1841 1519 veluti
1863 1459 2041 1516 etiam

395 1554 494 1609 hic
524 1571 762 1610 rursum
792 1554 936 1610 dicit
969 1572 980 1608 :
1014 1555 1327 1611 Revelatur
1383 1553 1543 1609 enim
1588 1552 1677 1607 ira
1706 1551 1833 1618 Dei,
1860 1569 1888 1601 ι
1927 1554 2039 1604 etc.

396 1647 510 1699 Aut
557 1644 639 1699 ita
698 1643 1111 1715 accipiendum
1145 1647 1254 1711 est,
1314 1640 1582 1697 Ostentio
1638 1641 1701 1695 in
1761 1638 2043 1710 prmsenti

390 1740 660 1805 tempore
681 1734 837 1789 facta
857 1738 966 1799 est,
991 1733 1178 1804 ipsius
1199 1730 1472 1786 videlicet
1492 1729 1785 1796 toleratio,
1818 1727 2042 1782 donum

391 1824 701 1897 gratiaque
721 1823 935 1878 futuraa
961 1821 1231 1893 justitiae.
1258 1822 1523 1886 Quonam
1557 1823 1755 1875 autem
1808 1815 1983 1871 modo
2013 1815 2041 1869 Τ

398 1919 543 1972 Nam
576 1917 647 1980 si,
680 1932 815 1971 cum
867 1914 1013 1969 adeo
1062 1914 1420 1986 longanimis
1476 1912 1675 1979 fuerit,
1715 1927 1781 1966 ac
1814 1914 2043 1964 tantam

395 2006 718 2061 contulerit
745 2004 1015 2076 gratiam,
1048 2008 1329 2073 tantoque
1360 2017 1606 2057 munere
1665 2000 1940 2072 dignatus
1970 1997 2047 2051 sit

395 2112 516 2150 non
544 2099 850 2150 convertat
879 2109 1000 2160 eos,
1036 2108 1231 2164 neque
1255 2092 1535 2147 meliores
1568 2090 1811 2145 affectos
1832 2086 2049 2141 habeat

395 2183 456 2239 in
486 2184 684 2238 futuro
716 2200 850 2238 cum
880 2182 1070 2238 multa
1090 2181 1327 2254 justitia
1376 2179 1607 2235 inducit
1664 2176 2044 2249 supplicium.

393 2296 419 2323 ‹‹
447 2275 517 2327 Et
539 2273 882 2345 justiﬁcans
930 2288 1065 2326 eum
1099 2271 1199 2342 qui
1234 2275 1323 2325 est
1353 2286 1423 2325 ex
1476 2268 1591 2324 ﬁde
1647 2268 1804 2324 Iesu.
1840 2288 1868 2316 ››
1898 2266 2046 2320 Ecce

402 2362 801 2418 ostentionem
824 2361 1094 2433 justitim,
1130 2364 1274 2432 puta
1304 2359 1460 2431 quod
1485 2375 1606 2414 non
1629 2357 1822 2413 solum
1844 2356 2047 2429 justus

396 2452 474 2506 sit
506 2453 681 2517 Deus,
710 2451 814 2507 sed
846 2450 1261 2523 etjustificans
1294 2465 1452 2514 eum,
1508 2448 1608 2520 qui
1668 2451 1759 2502 est
1803 2463 1873 2501 ex
1931 2442 2048 2499 ﬁde

393 2542 552 2608 Jesu,
596 2557 811 2613 nempe
835 2540 1142 2612 proprium
1177 2539 1279 2595 Dei
1310 2537 1598 2611 populum
1629 2538 1924 2592 eﬂ‘ectum.

467 2632 564 2696 III,
596 2633 794 2686 2n—3t.
834 2632 936 2685 Ubi
964 2636 1041 2684 est
1072 2632 1247 2699 igitur
1303 2629 1571 2697 gloriatio
1600 2629 1628 2680 ?
1682 2625 1920 2681 Exclusa
1949 2626 2044 2679 est.

398 2720 505 2774 Per
530 2735 695 2789 quam
728 2718 899 2788 legem
928 2720 956 2772 ?
986 2718 1252 2787 operum?
1273 2717 1410 2784 Non,
1444 2714 1537 2771 sed
1558 2730 1664 2784 per
1698 2712 1867 2783 legem
1892 2710 2043 2782 ﬁdei.

391 2807 758 2865 Arbitramur
815 2805 991 2876 igitur
1054 2804 1363 2876 justiﬁcari
1428 2804 1698 2858 hominem
1732 2818 1836 2872 per
1887 2800 2048 2869 ﬁdem

395 2898 598 2968 absque
626 2896 879 2969 operibus
911 2896 1067 2964 legis.
1128 2897 1219 2950 An
1265 2893 1582 2947 Iudaeorum
1612 2893 1750 2946 Deus
1782 2896 1995 2945 tantum
2020 2892 2048 2944 ?

393 3003 467 3043 an
505 3002 617 3041 non
647 2992 698 3041 et
726 2987 972 3055 gentium
1002 2984 1030 3039 ?
1071 2985 1226 3039 Certe
1256 2989 1307 3037 et
1363 2986 1611 3053 gentium
1644 2997 1658 3035 :
1701 2980 2049 3052 quandoqui-

392 3077 512 3132 dem
543 3092 684 3132 unus
714 3082 790 3130 est
812 3077 973 3144 Deus,
1004 3075 1103 3145 qui
1121 3073 1453 3145 justiﬁcabit
1489 3073 1957 3127 circumcisionem
1977 3086 2049 3125 ea:

2147 568 2323 624 Τοῦτο
2379 568 2469 624 οῦν
2530 567 2871 643 δικαιοσύνη,
2919 574 2982 626 τὸ
3038 570 3336 642 ἀληθεῦσαι
3390 573 3477 627 καὶ
3538 571 3628 628 ἐπὶ
3673 580 3802 637 τοῖς

2147 658 2380 729 ἀναξίοις
2407 665 2504 715 τοῦ
2532 662 2813 730 σώζεσθαι.
2849 687 2876 715 ιι
2910 664 2996 718 Ἐν
3021 667 3102 736 τῷ
3135 666 3225 716 νῦν
3285 667 3478 735 καιρῷ.
3516 686 3543 714 ››
3575 665 3803 738 [ΦΩΤ.]

2147 782 2216 791 -
2247 774 2274 800 α
2310 750 2451 824 Πρὸς
2484 747 2702 824 ἔνδειξιν
2730 753 2828 820 τῆς
2886 748 3238 822 δικαιοσύνης
3298 751 3483 820 αὐτοῦ,
3517 775 3546 804 »
3604 752 3805 821 είπὼν,

2147 837 2441 914 ἐπήγαγεν,
2476 862 2503 891 ‹‹
2536 840 2626 897 Ἐν
2682 844 2762 913 τῷ
2817 841 2910 895 νῦν
2976 845 3171 917 καιρῷ.
3209 863 3233 893 ι
3288 841 3350 897 Ἣ
3382 840 3485 917 γὰρ
3517 840 3567 896 ἐν
3598 845 3678 914 τῷ
3707 845 3810 895 νῦν

2146 932 2320 1001 καιρῷ
2376 925 2692 999 δικαιοσύνη
2768 933 2867 983 τοῦ
2918 933 3093 1001 ίΘεοῦ,
3148 929 3424 985 τουτέστιν
3476 929 3528 984 ἐν
3587 929 3632 1003 ᾧ
3689 933 3799 1001 τὴν

2146 1016 2529 1093 ἀπολύτρωσιν
2559 1020 2722 1092 ἡμῶν
2779 1017 3089 1096 εἴργάσατο,
3154 1019 3378 1091 πλήρης
3409 1022 3479 1090 ἧν
3510 1033 3806 1101 φιλανθρω

2146 1106 2294 1180 πίας,
2326 1107 2547 1182 πλήρης
2578 1105 2807 1181 δωρεᾶς,
2845 1106 3067 1182 πλήρης
3123 1110 3373 1185 χάριτος.
3409 1111 3501 1165 Διὸ
3534 1109 3622 1165 καὶ
3667 1109 3805 1166 ἔλε-

2146 1215 2253 1272 γεν*
2295 1219 2320 1253 ι
2350 1196 2458 1251 Ούκ
2489 1195 2659 1266 ἦλθον
2688 1202 2869 1273 κρῖναι
2899 1198 2990 1253 τὸν
3049 1198 3281 1272 κόσμον,
3342 1198 3470 1254 ἀλλ’
3522 1198 3611 1253 ἳνα
3642 1201 3803 1274 σωθῇ

2148 1286 2176 1340 ὁ
2227 1287 2458 1360 κόσμος.
2495 1310 2524 1337 ››
2581 1287 2644 1342 Ἦ
2715 1283 2772 1341 δὲ
2831 1283 3109 1360 μέλλουσα
3163 1284 3507 1359 δικαιοσύνη,
3563 1287 3660 1343 οὐκ
3720 1287 3806 1344 ἔτι

2149 1374 2378 1447 ὁμοίως,
2411 1373 2540 1431 ἀλλ’
2570 1373 2929 1439 ἀνταπόδοσίς
2978 1377 3120 1432 ἐστιν
3175 1377 3384 1451 ἑκάστῳ
3438 1383 3547 1433 τῶν
3584 1372 3804 1453 βεϐιω-

2152 1463 2345 1539 μξνων,
2378 1466 2453 1526 ὡς
2483 1465 2571 1520 καὶ
2631 1466 2790 1529 οὗτος
2848 1464 3016 1521 πάλιν
3072 1466 3262 1545 φησὶν,
3320 1490 3350 1518 ‹‹
3383 1466 3804 1525 Ἀποκαλύπτε-

2146 1574 2233 1608 ται
2282 1554 2386 1630 γὰρ
2443 1555 2583 1630 ὁργή
2639 1558 2794 1623 Θεοῦ,
2829 1579 2858 1607 ››
2914 1556 3003 1610 καὶ
3062 1556 3206 1629 ἑξῆς.
3267 1556 3335 1613 Ἥ
3391 1557 3567 1620 οὕτως
3620 1554 3803 1628 ἐκλη-

2150 1645 2330 1699 πτέον·
2382 1642 2645 1719 Ἔνδειξις
2681 1644 2893 1723 γέγονεν
2933 1646 2983 1702 ἒν
3044 1652 3123 1720 τῷ
3179 1646 3268 1702 νῦν
3317 1652 3515 1721 καιρῷ,
3547 1650 3583 1716 ἡ
3613 1647 3795 1723 ἀνοχὴ

2152 1734 2320 1790 αὐτοῦ
2356 1734 2445 1790 καὶ
2476 1737 2511 1805 ἡ
2544 1732 2741 1812 δωρεὰ,
2795 1736 2885 1791 καὶ
2916 1738 2951 1806 ἡ
2985 1735 3146 1811 χάρις
3200 1743 3299 1807 τῆς
3360 1735 3677 1810 μελλούσης
3710 1734 3803 1792 δι-

2074 1853 2120 1918 B
2149 1822 2461 1891 καιοσύνης.
2496 1828 2618 1888 Πῶς
2649 1825 2738 1880 καὶ
2794 1826 2912 1880 τίνα
2967 1827 3170 1902 τρόπον
3203 1849 3219 1895 ς
3281 1825 3343 1884 Εἴ
3398 1827 3501 1903 γὰρ
3540 1831 3801 1882 τοσοῦτον

2157 1914 2585 1987 μακροθυμήσας
2618 1941 2652 1979 ,-
2692 1917 2951 1969 τοσοῦτον
3039 1914 3409 1989 χαρισάμενος
3442 1958 3456 1985 ,
3534 1914 3796 1985 τοσαύτης

2154 1998 2359 2073 δωρεᾶς
2406 2001 2638 2073 ἀξιώσας
2697 2000 2796 2056 οὐκ
2853 2000 3169 2076 ἐπέστρεψεν
3230 1999 3343 2057 οὐδ’
3402 2000 3535 2082 ἔσχε
3568 2002 3790 2079 βελτιώ-

2152 2088 2357 2156 θέντας,
2414 2093 2549 2165 μετὰ
2587 2089 2807 2160 πολλῆς
2866 2086 2967 2165 ἇὶρα
3037 2088 3386 2162 δικαιοσύνης
3446 2092 3647 2157 ἐκεῖθεν
3699 2091 3796 2147 ἒπ-

2152 2178 2268 2252 άγει
2294 2177 2386 2241 τὰς
2416 2177 2706 2253 τιμωρίας.
2741 2202 2770 2231 ‹‹
2802 2179 2907 2235 Καὶ
2940 2180 3257 2236 δικαιοῦντα
3309 2181 3403 2236 τὸν
3453 2180 3512 2236 ὲκ
3561 2200 3801 2244 πιστεως

2153 2267 2385 2337 Ἰησοῦν.
2424 2265 2685 2337 »Ἰδοὺὴ
2718 2264 2939 2337 ἔνδειξις
2995 2272 3095 2336 τῆς
3162 2267 3537 2341 δικαιοσύνης,
3591 2269 3657 2325 τὸ
3720 2270 3804 2344 μὴ

2156 2356 2315 2429 μόνον
2349 2358 2486 2411 εἶναι
2518 2354 2726 2412 δίκαιον
2756 2358 2847 2413 τὸν
2885 2364 3035 2427 Θεὸν,
3087 2356 3235 2415 ἀλλά
3261 2358 3351 2414 καὶ
3409 2359 3494 2429 τὸ,
3550 2357 3803 2415 δικαιοῦν

2150 2445 2242 2500 τὸν
2276 2442 2366 2499 διὰ
2393 2444 2628 2510 πίστεως
2668 2450 2764 2501 τοῦ
2818 2446 3004 2518 Ἰησοῦ
3062 2446 3260 2503 οἰκεῖον
3294 2452 3429 2504 Θεοῦ
3460 2447 3587 2505 λαὸν
3641 2446 3812 2523 γινό-

2155 2555 2250 2607 μεν
2261 2556 2315 2591 ον
2325 2578 2338 2592 .

2224 2628 2340 2679 Ποῦ
2396 2623 2488 2680 οῦν
2546 2628 2582 2696 ἡ
2640 2627 2961 2703 καύχησις;
3051 2626 3424 2699 Ἐξεκλείσθη.
3481 2627 3575 2684 Διά
3622 2627 3800 2684 ποίου

2152 2713 2373 2787 νόμους
2433 2719 2540 2770 τῶν
2596 2713 2813 2792 ἔργωνς
2873 2716 3016 2792 Οὐχὶ
3051 2761 3065 2788 ,
3123 2716 3272 2774 ἀλλὰ
3324 2716 3416 2772 διὰ
3471 2718 3642 2791 νόμου
3702 2716 3806 2772 πί-

2154 2822 2322 2865 στεως
2357 2845 2371 2861 .
2431 2805 2773 2879 Λογιζόμεθα
2828 2804 2918 2861 οῦν
2956 2851 2970 2877 ,
3028 2805 3202 2861 πίστει
3291 2803 3629 2862 δικαιοῦσθαι
3706 2804 3808 2861 ἄν-

2152 2893 2389 2965 θρωπον,
2450 2892 2627 2972 χωρὶς
2685 2888 2859 2970 ἔργων
2915 2896 3113 2969 νόμου.
3160 2897 3230 2952 ’Ἠ
3291 2893 3567 2953 Ἰουδαίων
3611 2895 3806 2959 ὁΘεὸς

2155 2980 2321 3053 μόνον
2356 3000 2368 3050 ;
2399 2980 2527 3056 οὐχὶ
2561 2979 2736 3038 δὲκαὶ
2794 2982 3001 3053 ἐθνῶνς
3054 2984 3156 3039 Ναὶ
3212 2984 3303 3039 καὶ
3361 2984 3552 3041 ἐθνῶν.
3614 2983 3796 3042 Ἐπεί-

2151 3089 2250 3145 περ
2312 3071 2384 3133 εἷς
2443 3071 2470 3125 ὁ
2528 3072 2680 3140 Θεὸς,
2739 3073 2798 3135 ὅς
2858 3070 3137 3129 δικαιώσει
3201 3074 3506 3149 περιτομὴν
3589 3073 3650 3128 ἐκ
3704 3072 3803 3128 πί·-

388 3166 515 3235 ﬁde,
546 3173 597 3221 et
618 3166 960 3237 praeputium
1009 3180 1113 3234 per
1140 3163 1325 3233 ﬁdem.
1354 3164 1549 3232 Legem
1596 3163 1774 3231 igitur
1819 3159 2037 3215 irritam

2154 3179 2342 3229 στεως,
2400 3161 2490 3215 καὶ
2547 3156 2904 3233 ἀκροϐυστίαν
2966 3159 3053 3217 διὰ
3111 3169 3211 3233 τῆς
3267 3164 3502 3225 πίστεως
3537 3206 3552 3220 .
3611 3163 3804 3236 Νόμαν

388 3259 632 3325 facimus
656 3271 762 3325 per
789 3255 952 3323 ﬁdem
981 3257 1008 3308 ?
1038 3252 1187 3309 Absit
1215 3254 1236 3308 ,ν
1274 3252 1370 3308 sed
1410 3252 1580 3321 legem
1611 3249 1944 3306 stabilimus.

466 3434 618 3492 245
652 3435 753 3489 His
779 3435 959 3506 igitur
1008 3434 1091 3489 ita
1142 3434 1333 3499 factis,
1396 3433 1682 3503 Patreque
1738 3431 2044 3503 proprium

2072 3219 2115 3285 Π
2154 3249 2247 3303 οῦν
2306 3254 2674 3327 καταργοῦμεν
2729 3247 2819 3307 διὰ
2871 3258 2971 3323 τῆς
3027 3251 3307 3322 πίστεως;
3362 3253 3453 3322 Μὴ
3531 3219 3792 3328 γένοιτοί

2150 3335 2296 3393 ἀλλά
2325 3339 2498 3412 νόμον
2538 3339 2797 3414 ἷστῶμεν.

2220 3428 2438 3484 Τούτων
2492 3428 2672 3484 τοίνυν
2732 3430 2874 3485 οὕτω
2928 3432 3326 3507 γεγενημένων,
3379 3430 3470 3487 καὶ
3520 3434 3618 3486 τοῦ
3679 3437 3801 3487 [Ια-

390 3524 654 3580 salvante
680 3523 988 3595 populum,
1016 3523 1116 3593 qui
1150 3539 1219 3578 ex
1245 3522 1359 3579 fide
1405 3524 1542 3577 Jesu
1600 3526 1727 3575 est:
1759 3520 1859 3574 ubi
1909 3536 2037 3593 ergo

2150 3520 2276 3594 τρὸς
2325 3520 2578 3588 σόζοντος
2638 3520 2729 3575 τὸν
2809 3519 2870 3576 ἑκ
2918 3522 3151 3585 πίστεως
3211 3524 3395 3593 Ἰησοῦ
3440 3518 3800 3585 οίκειωθέντα

388 3618 478 3668 est
501 3611 846 3668 Judaaorum
875 3611 1175 3684 gloriatio!
1201 3609 1473 3666 Ostendit
1492 3626 1591 3664 eos
1613 3625 1758 3664 vane
1778 3608 2037 3680 gloriari.

2150 3606 2304 3677 λαὸν,
2337 3612 2441 3662 ποῦ
2472 3608 2670 3665 λοιπὸν
2723 3614 2832 3665 τῶν
2880 3607 3155 3667 Ἰουδαίων
3210 3613 3247 3681 ὴ
3296 3610 3611 3689 καύχησις;
3670 3609 3796 3664 Δεί-

387 3703 636 3758 Exclusa
667 3707 777 3770 est,
807 3718 928 3757 non
960 3701 1127 3771 dixit,
1150 3700 1471 3771 Disparuit,
1488 3700 1613 3766 sed,
1633 3699 1883 3753 Exclusa
1913 3703 2037 3752 est:

2150 3716 2328 3752 κνυσιν
2370 3696 2566 3759 αὐτοὺς
2617 3697 2735 3768 εὶκῆ
2786 3698 3197 3774 καυχωμένους,
3260 3696 3624 3770 Ἐξεκλείσθη·
3684 3699 3803 3756 οὐκ

385 3792 706 3847 ostendens
737 3791 895 3863 quod
929 3792 1109 3847 etiam
1132 3796 1353 3846 sortem
1387 3806 1555 3845 suam
1600 3788 1901 3861 quondam
1937 3786 2037 3842 ha-

2150 3784 2288 3840 εἶπεν
2323 3832 2337 3857 ,
2389 3785 2685 3866 Ἠφανίσθη
2718 3832 2737 3856 ,
2792 3785 2940 3857 ἀλλ’,
2995 3785 3380 3861 Ἐξεκλείσθη·
3444 3785 3651 3850 δεικνὺς
3712 3788 3799 3844 ὅτι

382 3881 529 3951 buit,
563 3898 725 3937 nunc
753 3898 888 3936 vero
949 3880 1095 3937 fides
1150 3880 1255 3935 illa
1300 3878 1568 3934 exclusit.
1610 3879 1790 3933 Porro
1849 3877 2037 3949 legem

2150 3875 2233 3931 καὶ
2298 3877 2485 3953 χώραν
2547 3878 2664 3933 ιῖἉέ
2720 3898 2873 3936 ποτε.
2928 3879 3036 3934 Νῦν
3118 3876 3299 3951 μέντοι
3349 3880 3384 3948 ἡ
3464 3877 3643 3940 πίστις
3695 3878 3791 3933 ἀπ-

384 3986 653 4041 Operum,
687 3987 794 4043 per
821 3970 1217 4042 periphrasin]
1278 3968 1597 4040 loquendo,
1632 3967 1777 4022 dicit.
1822 3981 2036 4039 opera:

2150 3964 2381 4022 ἔκλεισεν
2432 3966 2621 4038 αὐτήν.
2679 3968 2868 4041 Νόμου
2925 3963 3119 4044 ἔργων,
3166 3974 3274 4025 τῶν
3333 3962 3509 4045 ἔργων
3566 3988 3781 4045 περιφα-

390 4060 717 4131 eodemque
738 4059 914 4114 modo
942 4060 1131 4132 legem
1148 4059 1307 4125 fidei,
1338 4058 1399 4113 id
1418 4064 1505 4113 est
1529 4057 1726 4112 ﬁdem.
1748 4056 1845 4110 Ait
1869 4072 2034 4128 ergo:

2150 4061 2363 4119 στικῶς.
2398 4056 2499 4113 Καὶ
2544 4057 2719 4130 νόμου
2771 4058 3027 4127 πίστεως,
3076 4066 3177 4128 τῆς
3235 4057 3472 4122 πίστεως
3523 4077 3780 4136 περιορα-

385 4150 510 4204 Non
533 4164 639 4220 per
662 4165 843 4220 opera
864 4166 995 4219 qua;
1028 4149 1274 4203 fecimus
1296 4148 1632 4202 Judaeorum
1650 4145 1922 4217 gloriatio
1945 4162 2037 4200 ex-

2150 4150 2337 4207 στικῶς
2395 4147 2571 4215 Φησῖν
2610 4145 2720 4200 οὗν·
2783 4147 2864 4201 Οὐ
2920 4143 2991 4200 δι’
3050 4141 3225 4223 ἔργων
3285 4148 3360 4201 ὧν
3416 4145 3786 4221 ἐπράξαμεν-ἧ

377 4238 543 4293 clusa
566 4242 675 4305 est,
709 4238 812 4293 sed
844 4254 949 4309 per
977 4236 1178 4305 ﬁdem,
1214 4242 1496 4307 tanquam
1529 4234 1786 4290 diceret:
1823 4234 2027 4289 Omnis

2150 4232 2415 4289 Ἰουδαίων
2473 4234 2747 4312 καύχησις
2790 4233 3120 4305 ἐξεκλείσθη,
3181 4233 3329 4292 ἀλλά
3386 4233 3478 4290 διὰ
3532 4235 3795 4303 πίστεως,

377 4326 483 4382 illa
525 4327 802 4400 gloriatio
865 4342 1115 4398 qumque
1164 4325 1441 4380 videntur
1490 4324 1870 4395 prmrogative
1928 4340 2034 4394 per

2150 4324 2210 4384 ὥς
2245 4325 2412 4378 εἶπεν
2449 4328 2598 4378 Πᾶσα
2637 4322 2812 4393 ἐκείνη
2846 4325 2881 4394 ἡ
2931 4324 3223 4399 καύχησις,
3253 4326 3343 4380 καὶ
3403 4326 3471 4381 τὰ
3529 4321 3798 4380 δοκοῦντα

376 4416 558 4472 ﬁdem
582 4416 837 4471 exclusae
870 4422 1009 4471 sunt
1034 4415 1260 4485 absque
1292 4418 1632 4469 nostrorum
1679 4413 2033 4468 necessitate

2150 4413 2551 4488 προτερήματα,
2582 4408 2670 4466 διὰ
2697 4419 2797 4483 τῆς
2837 4413 3073 4476 πίστεως
3128 4413 3483 4484 ἀπεκλείσθη,
3546 4412 3608 4468 ού
3669 4409 3798 4485 δεη-

378 4523 646 4578 operum.
683 4529 710 4557 ‹‹
744 4505 1119 4561 Arbitramur
1145 4504 1322 4575 igitur
1353 4520 1459 4575 per
1492 4503 1668 4557 ﬁdem
1712 4502 2033 4574 justificari

2150 4500 2334 4555 )ὲντων
2387 4502 2549 4572 ἡμῶν
2608 4497 2800 4575 ἔργων.
2852 4526 2879 4553 ‹‹
2941 4501 3294 4579 Λογιζόμεθα
3350 4502 3443 4556 οῦν
3497 4501 3677 4557 πίστει
3722 4499 3803 4557 δι-

378 4595 703 4665 hominem,
736 4617 765 4646 »
800 4600 910 4651 etc.
942 4597 1145 4667 Itaque
1176 4594 1450 4659 dicimus,
1506 4592 1720 4661 inquit,
1780 4607 1849 4645 ex
1909 4590 2023 4646 ﬁde

2150 4593 2426 4653 καιοῦσθαι
2457 4585 2765 4664 ἄνθρωπον,
2797 4613 2824 4641 ››
2867 4591 2957 4645 καὶ
3013 4591 3080 4646 τὰ
3136 4592 3276 4662 ἑξῆς.
3336 4596 3636 4665 Τοιγαροῦν
3693 4590 3797 4648 λέ-

368 4683 689 4753 justiﬁcari
721 4684 1027 4740 hominem
1060 4684 1188 4739 sine
1217 4683 1364 4754 legis
1413 4680 1844 4736 observatione.
1884 4702 1912 4730 «
1938 4683 2028 4734 An

375 4772 714 4828 Iudaeorum
746 4776 899 4829 Deus
932 4778 1163 4829 tantum
1188 4773 1215 4829 ‘2
1235 4795 1260 4823 κ
1291 4774 1434 4827 Nam
1463 4771 1511 4826 si
1544 4769 1701 4825 solos
1733 4786 1833 4825 eos
1846 4768 2030 4840 justi-

377 4861 615 4917 ﬂcasset
644 4863 743 4933 qui
787 4880 856 4918 ex
888 4864 1015 4935 lege
1045 4861 1427 4931 accedebant,
1462 4865 1564 4917 aut
1592 4859 1693 4931 qui
1753 4875 1881 4914 sese
1911 4859 2027 4932 legi

378 4949 758 5023 adaptabant,
795 4956 853 5006 et
875 4969 995 5007 non
1017 4969 1253 5007 omnem
1277 4951 1376 5023 qui
1409 4949 1679 5005 crederet
1700 4949 2025 5015 hominem,

375 5040 623 5096 alterius
654 5040 941 5096 duntaxat
970 5041 1155 5112 partis
1192 5042 1343 5095 Deus
1377 5045 1562 5095 esset:
1625 5038 1728 5095 sed
1780 5055 1939 5093 nunc
1970 5042 2031 5093 et

382 5133 721 5188 Iudaeorum
756 5138 906 5189 Deus
936 5139 1026 5189 est
1049 5140 1108 5188 et
1134 5134 1422 5205 gentium,
1450 5131 1935 5203 quandoquidem
1958 5148 2030 5187 ex

376 5224 646 5295 utrisque
679 5224 991 5280 credentes
1024 5223 1215 5279 salvos
1244 5222 1406 5278 facit.
1461 5245 1487 5273 ‹‹
1516 5222 1624 5287 Qui
1671 5221 2030 5293 justiﬁcabit

375 5312 896 5370 circumcisionem
930 5331 997 5369 ex
1030 5313 1168 5376 ﬁde,
1206 5337 1226 5362 ιι
1264 5318 1375 5367 etc.
1410 5313 1479 5366 Et
1524 5311 1619 5367 his
1670 5312 1771 5382 qui
1800 5326 1869 5365 ex
1900 5311 2027 5383 lege

377 5407 538 5467 sunt,
565 5409 623 5458 et
646 5405 737 5461 his
768 5405 869 5476 qui
903 5409 1068 5459 extra
1086 5402 1301 5475 legem,
1334 5401 1450 5456 fide
1481 5418 1632 5473 opus
1652 5406 1761 5469 est,
1791 5406 1855 5456 ut
1880 5401 2024 5456 salvi

374 5490 543 5547 ﬂant.
576 5513 604 5541 «
640 5494 1047 5567 Legemigitur
1102 5492 1332 5548 irritam
1381 5490 1680 5547 facimus?
1719 5512 1739 5539 ι
1806 5488 2029 5547 Turba-

448 5667 494 5705 ¹²
515 5668 659 5725 Gen.
692 5685 831 5738 xm,
867 5670 955 5723 18.
1035 5668 1083 5704 ¹³
1111 5671 1274 5726 Joan.
1307 5687 1405 5739 xu,
1438 5673 1528 5725 27.

2135 4699 2351 4754 γομεν,
2409 4678 2596 4757 φησὶν,
2657 4678 2717 4734 ἐκ
2770 4680 3002 4743 πίστεως
3075 4678 3417 4739 δικαιοῦσθαι
3482 4681 3794 4759 ἄνθρωπον,

2138 4768 2315 4847 χωρὶς
2346 4775 2445 4838 τῆς
2475 4766 2535 4823 ἐκ
2562 4769 2735 4841 νόμου
2782 4771 3245 4843 παρατημήσεως,
3297 4796 3326 4823 ‹‹
3384 4775 3454 4826 ’Ἡ
3514 4767 3793 4827 Ἰουδαίων

2139 4858 2166 4912 ὁ
2198 4858 2328 4920 Θεὸς
2363 4853 2575 4931 μόνον;
2627 4881 2655 4911 »
2700 4858 2762 4915 El
2790 4860 2892 4936 γὰρ
2948 4858 3143 4933 μόνους
3169 4861 3295 4926 τοῦς
3354 4860 3412 4917 ἐκ
3461 4866 3559 4917 τοῦ
3615 4860 3790 4935 νόμου

2137 4946 2513 5021 ὁρμωμένους,
2547 4946 2583 5016 ἢ
2613 4951 2692 5018 τῷ
2738 4947 2890 5021 νόμῳ
2948 4953 3303 5024 στοιχοῦντας
3370 4947 3636 5017 ἐδικαίου,
3692 4951 3787 5005 καὶ

2138 5035 2269 5109 οὐχὶ
2300 5035 2471 5089 πάντα
2500 5032 2779 5110 ἄνθρωπον
2818 5037 2912 5091 τὸν
2974 5037 3315 5111 πιστεύοντα,
3373 5039 3687 5113 μονομερής
3721 5034 3785 5093 ἅν

2136 5125 2204 5193 ἦν
2241 5126 2268 5179 ὁ
2300 5125 2447 5188 Θεός.
2484 5123 2639 5181 Ἀλλ’
2671 5121 2789 5179 ἰδοὺ
2819 5126 2908 5180 καὶ
2940 5124 3218 5182 Ἰουδαίων
3250 5129 3338 5184 καὶ
3365 5128 3530 5193 ἐθνῶν
3565 5128 3594 5182 ὁ
3627 5127 3786 5196 Θεὸς,

2136 5210 2327 5283 ἐπειδὴ
2389 5214 2547 5283 σώζει
2607 5211 2948 5292 ἀμφοτέρους
3004 5215 3411 5280 πιστεύσαντας
3477 5243 3497 5269 ι
3542 5217 3639 5280 Ὃς
3704 5213 3791 5271 δι-

2134 5303 2360 5358 καιώσει
2390 5302 2694 5378 περιτομὴν
2743 5303 2803 5358 ὲκ
2858 5305 3113 5377 πίστεως,
3170 5305 3259 5361 καὶ
3301 5300 3659 5382 ἀκροϐυστίαν
3694 5301 3788 5360 διὰ

2135 5398 2235 5461 τῆς
2262 5391 2520 5462 πίστεως,
2554 5414 2581 5443 ι)
2608 5391 2697 5446 καὶ
2728 5393 2795 5447 τὰ
2825 5392 2969 5463 ἑξῆς.
3003 5395 3108 5450 Καὶ
3163 5396 3215 5449 οἱ
3268 5395 3373 5451 ἀπὸ
3430 5400 3531 5450 τοῦ
3587 5395 3791 5469 νόμου,

2134 5482 2226 5537 καὶ
2272 5481 2326 5535 οἱ
2389 5479 2540 5543 ἐκτὸς
2597 5484 2695 5536 τοῦ
2752 5482 2948 5557 νόμου,
3005 5483 3234 5547 πίστεως
3290 5483 3501 5540 δέονται
3558 5485 3695 5560 πρὸς
3725 5484 3791 5541 τὸ
