4126 6256
303 351 416 414 389

1403 360 1815 424 COMMENT.
1864 358 1940 420 ΙΝ
1987 360 2231 421 EPIST.
2284 366 2384 424 AD
2435 367 2619 427 ROM.

3620 385 3745 445 390

313 490 570 558 σωθῆναι.
631 510 660 540 α
715 488 918 561 Νόμον
1001 494 1096 547 οῦν
1168 500 1540 572 καταργοῦμεν
1606 492 1695 548 διὰ
1749 500 1850 561 τῆς
1896 492 1977 546 πί-

2095 496 2316 553 bantur
2344 501 2551 571 Judaei,
2585 507 2753 573 quasi
2785 508 2879 563 lex
2912 526 3016 580 per
3040 512 3217 568 ﬁdem
3251 515 3627 586 adjiceretur.
3657 521 3751 576 Di-

315 600 525 651 στεως;
560 605 581 632 ι
612 577 958 653 Ἐθορὺὅουν
993 582 1270 656 Ἰουδαῖοι,
1321 586 1394 647 ὡς
1445 582 1861 655 ἐκϐαλλομένου
1891 586 1988 638 τοῦ

319 670 494 742 νόμου
547 668 630 725 διὰ
676 676 775 738 τῆς
832 670 1105 735 πίστεως.
1156 673 1306 749 Λέγει
1366 675 1460 728 οὑν
1503 673 1587 728 ὅτι
1622 674 1684 727 οὐ
1723 672 1883 745 μόνον
1926 670 1987 726 οὑ

322 765 589 835 καταργεῖ
615 762 651 827 ἡ
682 759 866 822 πίστις
930 761 1027 815 τὸν
1088 763 1273 834 νόμον,
1330 763 1474 818 ἀλλὰ
1520 762 1611 816 καὶ
1632 760 1820 831 ’ίστησί
1847 781 1985 829 πως,

333 851 432 905 ὅτι
459 852 487 904 ὅ
518 850 674 923 νόμος
712 854 882 904 σῶσαι
944 851 1309 926 βουλόμενος,
1364 852 1462 908 οὑκ
1513 852 1717 930 ἰσχύει,
1749 854 1784 920 ἡ
1819 850 1875 906 δὲ
1903 850 1987 905 πί-

341 960 460 999 στις
490 941 657 1008 σώζει.
702 940 806 995 Τὸν
860 939 958 994 οῦν
1012 941 1211 995 σκοπὸν
1256 946 1352 996 τοῦ
1402 942 1568 1013 νόμον
1621 940 1910 1010 πληροῦσα
1948 942 1983 1009 ἡ

337 1027 539 1094 πίστις,
585 1025 789 1097 ’ἵστησιν
837 1028 1027 1086 αὐτόν.
1080 1030 1285 1099 Εἰπὼν,
1335 1032 1616 1103 Ἰστῶμεν,
1668 1026 1833 1098 ἔδειξε
1890 1050 1986 1082 σα-

326 1116 646 1189 λευόμενον.
696 1149 767 1158 —
803 1115 1055 1179 Ἄλλως.
1106 1120 1302 1194 Ἔργον
1350 1120 1417 1188 ἦν
1471 1124 1569 1173 τοῦ
1619 1118 1814 1192 νόμου,
1847 1114 1986 1172 ὥστε

318 1204 536 1261 δίκαιον
592 1212 818 1275 ποιῆσαι
894 1207 990 1261 τὸν
1065 1206 1369 1281 ἄνθρωπον,
1430 1207 1558 1264 ἀλλ’
1615 1206 1714 1261 οὐκ
1771 1206 1983 1280 ἴσχυσε.

314 1295 521 1355 Πάντες
577 1295 703 1369 γὰρ,
757 1293 939 1373 ιρησὶν,
998 1293 1264 1370 ἥμαρτον,
1314 1298 1348 1364 ἡ
1398 1316 1578 1357 πιστις
1634 1292 1690 1349 δὲ
1722 1292 1983 1363 ἐλθοῦσα,

309 1387 479 1437 τοῦτο
525 1384 901 1455 κατώρθωσεν’
959 1385 1099 1457 ὁμοῦ
1144 1385 1244 1461 γὰρ
1292 1406 1375 1447 τις
1433 1383 1710 1439 ἐπιστευσε
1752 1383 1841 1438 καὶ
1873 1380 1982 1437 ἐδι-

306 1474 555 1541 καιώθη.
592 1473 808 1530 Οὐκοῦν
837 1469 1030 1543 ἔστησε
1059 1478 1154 1529 τοῦ
1194 1476 1370 1547 νόμου
1416 1475 1478 1529 τὸ
1528 1472 1769 1546 θέλημα.
1806 1474 1981 1529 Ἀνω-

309 1566 402 1617 θεν
470 1564 498 1616 ὁ
567 1563 744 1635 νόμος
797 1562 887 1617 καὶ
942 1564 997 1617 οἱ
1052 1567 1334 1641 προφῆται
1400 1563 1525 1639 περὶ
1592 1570 1693 1633 τῆς
1749 1562 1983 1625 πίστεως

304 1650 742 1726 προεθέσπισαν.
789 1684 861 1693 —
915 1652 1418 1725 [GEOAQPITOL]
1471 1653 1773 1727 Δεχόμενοι
1804 1649 1981 1705 τοίνυν

304 1742 411 1808 τήν
444 1739 660 1810 πίστιν,
702 1734 1025 1815 βεϐαιοῦμεν
1049 1740 1139 1795 τὸν
1170 1740 1363 1814 νόμον.

380 1829 449 1884 Τί
483 1828 582 1882 οὖν
616 1828 845 1903 ἐροῦμεν
872 1824 1125 1903 Ἀϐραὰμ
1143 1831 1237 1884 τὸν
1261 1826 1467 1905 πατέρα
1500 1831 1661 1903 ἡμῶν
1695 1827 1979 1905 εὑρηκέναι

305 1916 451 1973 κατᾶ
482 1917 667 1992 σάρκα
695 1936 710 1985 ;

383 2009 548 2082 Μέγα
605 2005 865 2083 ὂφρόνουν
918 2007 1003 2062 ἐπὶ
1065 2012 1144 2078 τῷ
1199 2003 1452 2081 Ἀϐραὰμ
1496 2008 1547 2062 οἱ
1580 2004 1859 2079 Ἰουδαῖοι,
1892 2005 1982 2062 καὶ

315 2100 393 2153 ἀεὶ
420 2100 737 2175 προέφερον
790 2098 875 2153 ὅτι
933 2093 1187 2173 ’Δϐραὰμ
1241 2100 1603 2173 περιετμήθη.
1643 2099 1856 2159 Σκοπὸς
1890 2097 1983 2153 οῦν

327 2187 457 2259 αὐτῷ
519 2184 721 2257 δεῖξαι,
776 2188 861 2241 ὅτι
911 2187 1003 2241 καὶ
1051 2186 1209 2247 αὐτὸς
1268 2182 1519 2261 Ἀϐραὰμ
1574 2186 1673 2241 οὐκ
1703 2186 1754 2256 ἐξ
1785 2183 1983 2263 ἔργων,

341 2275 448 2329 ἀλλ’
494 2275 556 2330 ἐκ
608 2274 849 2336 πίστεως
902 2273 1225 2350 ἐειβαιώθη,
1277 2276 1369 2330 καί
1425 2293 1579 2349 φησιθ
1614 2300 1641 2326 ‹‹
1680 2275 1744 2330 Τί
1771 2274 1861 2329 οὖν
1896 2273 1985 2329 λέ-

341 2386 491 2441 γομεν
548 2359 814 2438 Ἀϐραὰμ
870 2365 960 2418 τὸν
1019 2365 1155 2419 κατὰ
1215 2363 1381 2438 σάρκα
1440 2366 1645 2439 πατέρα
1703 2367 1866 2437 ἡμῶν
1895 2364 1984 2418 εὑ-

327 2455 639 2529 ρηκέναιμ»
696 2455 788 2508 καὶ
845 2453 992 2515 τίνος
1045 2453 1207 2507 αὑτὸν
1268 2452 1717 2528 ἐπιτετυχηκὲναι
1781 2450 1985 2507 δικαιο-

314 2545 475 2613 σύνης
502 2566 521 2612 ς
550 2550 655 2611 τῆς
690 2539 764 2595 δι’
812 2539 1007 2618 ἔργων,
1060 2542 1095 2611 ἢ
1139 2546 1238 2606 τῆς
1287 2540 1377 2597 διὰ
1428 2543 1701 2613 πίστεωςς
1744 2542 1844 2598 Kal
1883 2539 1985 2596 δεί-

306 2653 520 2702 κνυσιν,
597 2633 686 2686 ὅτι
755 2637 859 2698 τῆς
926 2628 1015 2685 διὰ
1078 2631 1330 2691 πίστεως.
1398 2633 1555 2687 Ὃθεν
1619 2631 1710 2684 καὶ
1768 2629 1982 2706 εὕρημα

313 2722 480 2790 αὐτὴν
523 2720 714 2779 καλεῖ.
778 2720 929 2776 Ἐπεὶ
988 2722 1063 2793 μή
1126 2719 1175 2790 ἐξ
1229 2718 1403 2796 ἔργων
1462 2720 1630 2788 αὐτὴν
1691 2718 1982 2791 ἐκτήσατο,

316 2808 439 2864 ἀλλ’
494 2810 553 2864 ἐκ
614 2809 881 2878 πίστεως,
934 2805 1059 2877 ἥτις
1117 2808 1305 2882 χάριτι
1358 2813 1492 2863 Θεοῦ
1549 2810 1869 2887 παρέχεται.
1912 2841 1980 2851 -

306 2900 783 2973 [ΓΕΝΝΑΔΙΟΥ.]
815 2899 946 2954 Καθ’
989 2894 1292 2973 ὑπερϐατόν
1323 2897 1464 2953 ἐστιν
1498 2900 1532 2968 ἠ
1568 2898 1746 2971 ῥῆσις,
1777 2898 1981 2954 οὑτωσί

298 3012 421 3052 πως
480 2990 740 3063 κειμένη·
805 2989 873 3046 Τί
931 2989 1022 3043 οῦν
1107 2990 1334 3063 ἐροῦμεν
1398 2985 1655 3063 Ἀϐραὰμ
1700 2991 1794 3045 τὸν
1844 2991 1982 3045 κατὰ

307 3081 486 3152 σάρκα
516 3076 727 3150 πατέρα
782 3079 942 3150 ἡμῶν
1006 3076 1326 3151 εὑρηκέναι;
1390 3076 1756 3151 Ἀνὲλθωμεν,
1793 3078 1979 3154 φησὶν,

319 3170 409 3224 ἰπὶ
439 3172 531 3224 τὸν
562 3171 817 3244 ἀρχηγὸν
863 3174 961 3224 τοῦ
1019 3170 1155 3225 κατὰ
1215 3174 1386 3246 σάρκα
1443 3171 1633 3244 γένους
1687 3172 1870 3241 ἡμῶν,
1922 3169 1980 3225 ὅν

329 3257 392 3311 ἐκ
436 3241 861 3323 παιήων-ἐθνῶν
915 3241 1295 3331 ἐκλεξάμενος⁷
1331 3260 1359 3312 ὁ
1417 3241 1566 3327 Θεὸς,
1618 3256 1887 3332 εὐλόγησέ
1915 3280 1973 3313 τε
2005 3241 2046 3307 C

335 3347 430 3400 καὶ
464 3346 541 3406 εἷς
568 3346 691 3409 τοῦς
835 3347 1002 3403 αὑτοῦ
1051 3346 1117 3402 δι’
1151 3348 1314 3403 αὑτοῦ
1343 3349 1410 3403 τὰ
1461 3350 1558 3415 τῆς
1593 3346 1845 3422 εὐλογίας
1882 3348 1953 3403 ὑπ

337 3436 535 3509 ἐσχετο
568 3439 954 3511 παραπέμψειν.
990 3435 1167 3506 Δῆλον
1203 3437 1304 3512 γὰρ
1352 3436 1436 3491 ὅτι
1485 3436 1634 3498 ὅπως
1666 3432 1724 3490 ἄν
1758 3429 1879 3511 ἔχοι
1911 3439 1979 3491 τὰ

330 3526 447 3579 κατ’
476 3524 654 3593 αὑτὸν,
678 3525 851 3589 οὕτως
885 3528 1087 3601 σχήσει
1136 3527 1225 3581 καὶ
1280 3526 1347 3581 τὰ
1396 3528 1733 3602 ἡμέτερα.-
1766 3529 1978 3600 [ΦΩΤ.]

326 3616 421 3681 Τὸ,
483 3614 682 3671 «Κατὰ
735 3616 927 3690 σάρκα,
980 3640 1002 3666 ι
1066 3614 1121 3670 ἐν
1184 3610 1471 3687 ὑπερϐατῷ
1534 3622 1730 3672 κεῖται.
1793 3616 1857 3672 Ἡ
1917 3613 1980 3670 δὲ

322 3706 449 3757 κατὰ
505 3706 683 3782 φύσιν,
742 3703 893 3761 ἀλλᾶ
953 3706 1030 3779 μὴ
1106 3707 1245 3760 κατὰ
1303 3712 1496 3779 σχῆμα
1565 3705 1826 3778 ἑρμηνεία
1880 3710 1977 3760 τοῦ

321 3791 498 3867 λόγου·
544 3796 617 3851 Τί
668 3793 773 3848 οῦν
837 3794 1065 3869 ἐροῦμεν
1120 3791 1373 3867 Ἀϐραὰμ
1420 3797 1698 3868 εὑρηκέναι
1726 3797 1816 3850 τὸν
1843 3797 1980 3850 κατὰ

318 3887 479 3959 σάρκα
532 3890 705 3959 ἡμῶν
763 3885 1021 3961 πατέρα;
1080 3888 1218 3961 πρὸς
1275 3884 1566 3949 Ἰουδαίους
1596 3885 1653 3941 δὲ
1708 3888 1736 3942 ὁ
1788 3887 1975 3965 λόγος.

302 3977 459 4045 Οἷον,
494 3976 618 4031 ἐπεί
680 3998 837 4054 φησι,
893 3977 971 4032 Τὸ
1029 3980 1132 4030 πᾶν
1195 3976 1324 4050 ὑμῖν
1356 3983 1454 4046 τῆς
1495 3975 1858 4053 σεμνολογίας
1887 3976 1977 4032 καὶ

303 4063 700 4139 μεγαλαυχίας
734 4063 785 4118 ἐν
821 4069 900 4135 τῷ
950 4065 1087 4119 κατὰ
1136 4067 1307 4141 σάρκα
1337 4065 1497 4139 πατρῖ
1533 4067 1690 4138 ἡμῶν
1725 4062 1977 4140 Ἀϐραάμ

301 4152 850 4227 ἐστι,σκοπήσωμεν
908 4154 961 4209 τί
1020 4152 1080 4209 ἄν
1139 4153 1386 4228 εἲποιμεν
1443 4153 1641 4209 ἐκεῖνον
1671 4157 1973 4229 εὑρηκέναι.

302 4246 411 4301 Καὶ
447 4266 621 4321 φησιν
681 4244 841 4306 αὐτὸς
881 4245 1112 4319 προϊὼν,
1168 4244 1251 4299 ὅτι
1311 4245 1401 4298 καὶ
1461 4241 1805 4314 δικαιοσύνην
1835 4246 1973 4321 εὗρε.

301 4336 487 4389 Τοῦτο
519 4335 624 4410 γὰρ
659 4333 772 4388 ἐστι
801 4336 886 4403 τὸ,
950 4360 977 4385 ι(
1013 4335 1106 4387 Καὶ
1166 4333 1427 4410 ἐλογίσθη
1487 4333 1635 4405 αὑτῷ
1667 4334 1741 4394 εἰς
1775 4331 1977 4389 δικαιο-

304 4421 499 4493 σύνην,
538 4447 567 4474 ιι
601 4422 905 4494 τουτέστιν,
963 4424 1046 4477 ὅτι
1097 4420 1416 4493 ἐδικαιώθη.
1450 4423 1523 4476 Τὸ
1562 4422 1664 4498 γὰρ
1698 4424 1870 4495 εὑρεῖν
1901 4422 1976 4478 δι’

304 4511 641 4581 καιοσύνην,
696 4510 1056 4581 δικαιωθῆναι
1106 4511 1266 4567 ἐστιν.
1324 4512 1492 4588 Εὗρεν
1547 4512 1637 4566 οὑν
1700 4510 1972 4567 δικαιοσύο

303 4622 432 4670 νην,
498 4599 648 4654 ἀλλὰ
694 4606 812 4662 πῶς
867 4603 1051 4673 εῦρεν;
1114 4602 1197 4672 Ἐξ
1253 4595 1451 4676 ἔργων,
1608 4599 1667 4655 ἐκ
1703 4600 1973 4671 πίστεως;

310 4690 421 4744 Καὶ
458 4687 729 4743 δείκνυσιν
757 4690 841 4744 ’ὁτι
899 4689 959 4744 ἐκ
1016 4689 1271 4759 πίστεως,
1345 4690 1590 4765 μάρτυρα
1619 4691 1719 4757 τὴν
1754 4692 1973 4764 Γραυὴν

310 4779 611 4851 παριστάς.
689 4780 1002 4834 Ἐπίστευσε
1074 4780 1201 4853 γὰρ,
1288 4779 1475 4853 φησὶν,
1567 4773 1819 4853 Ἀϐραὰμ
1895 4784 1973 4851 τῷ

312 4871 455 4936 Θεῷ,
516 4869 608 4922 καὶ
668 4868 927 4943 ἐλογίσθη
990 4867 1135 4938 αὑτῴ
1190 4866 1263 4928 εἷς
1323 4865 1687 4936 δικαιοσύνην.
1744 4867 1807 4921 Τί
1859 4867 1970 4938 οὖν,

315 4955 508 5033 φησὶν,
572 4957 671 5011 οὐκ
734 4958 883 5035 εἶχεν
934 4956 1065 5033 ἔργα
1124 4957 1150 5010 ὁ
1210 4951 1502 5030 ’Ᾱϐρααὶμ;
1564 4955 1677 5013 Οὐκ
1733 4954 1971 5011 ἔδικαίου

308 5048 485 5101 ταῦτα
541 5046 745 5115 αὑτόν;
806 5048 894 5117 Μή
948 5046 1199 5123 γένοιτοῑ
1260 5049 1433 5121 Ἔργα
1497 5046 1588 5119 μὲν
1642 5047 1744 5122 γὰρ
1794 5048 1969 5125 εἶχεν’

304 5133 453 5189 ὥστε
492 5136 627 5209 πρὸς
657 5135 784 5197 τοὺς
837 5134 1406 5208 συμπολιτευομένους
1458 5136 1606 5206 αὐτῷ
1655 5135 1970 5210 ἀνθρώπους

302 5245 652 5297 κρινόμενον,
717 5224 1073 5294 δικαιωθῆναι
1155 5225 1240 5279 καὶ
1315 5231 1675 5299 προκριθῆναι
1728 5224 1965 5283 ἐκείνων.

304 5316 385 5369 Τὸ
443 5312 502 5369 δὲ
558 5317 698 5391 πρὸς
747 5316 841 5370 τὸν
902 5316 1028 5370 Θεὸν
1094 5313 1457 5384 δικαιωθῆναι
1518 5313 1576 5367 ἐκ
1630 5319 1738 5368 τῶν
1794 5314 1967 5390 ἔργων

307 5404 479 5459 αὑτοῦ
537 5404 676 5461 ὥστε
732 5404 882 5475 ἄξιον
936 5407 1026 5460 κιὶ
1073 5404 1375 5460 ἰσοστάσιον
1444 5405 1629 5459 ἑαυτὸν
1691 5414 1968 5479 παραστῇ-

302 5514 397 5548 σαι
477 5496 571 5565 τῆς
642 5494 845 5551 ἐκεῖθεν
907 5494 1295 5569 παρεχομένης
1348 5493 1655 5569 εὐεργεσίας
1711 5495 1802 5549 καὶ
1862 5493 1967 5550 δω-

306 5589 456 5658 ρεᾶς,
512 5584 794 5649 παντελῶς
878 5582 1224 5642 ἀπελείπετο.
1304 5582 1514 5641 Οὐκοῦν
1594 5580 1754 5638 οὐδὲν
1821 5584 1968 5648 ὅλως

310 5667 429 5747 ἔχει
462 5675 747 5752 καύχημα,
782 5673 913 5743 ἢτοι
960 5674 1284 5749 προτέρημα
1332 5674 1422 5727 καὶ
1471 5670 1799 5748 κατόρθωμα
1833 5676 1968 5750 πρὸς

1288 4779 1475 4856 φησὶν,

2105 588 2185 641 cit
2214 605 2350 661 ergo
2383 593 2539 661 quod
2572 610 2692 650 non
2743 597 2935 653 solum
2977 600 3205 657 irritam
3238 621 3357 659 non
3389 607 3530 661 facit
3559 609 3748 682 legem

2105 678 2251 733 ﬁdes
2281 696 2292 733 :
2345 682 2671 750 quinetiam
2724 688 3159 756 quodammodo
3192 694 3450 751 stabilit:
3485 678 3750 768 quia‘lex

2102 784 2236 822 cum
2271 770 2494 825 salvare
2526 775 2727 844 cupiat
2752 794 2871 832 non
2894 784 3106 850 potest,
3135 782 3281 838 ﬁdes
3308 792 3505 840 autem
3530 788 3746 846 salvat:

2101 873 2234 911 cum
2268 874 2403 931 ergo
2434 860 2578 933 legis
2611 880 2851 935 scopum
2879 867 3025 924 ﬁdes
3053 871 3319 942 impleat,
3339 877 3549 930 merito
3574 878 3747 933 stabi-

2099 946 2207 1034 lire
2231 947 2395 1003 illam
2424 950 2658 1009 dicitur.
2684 954 2896 1011 Dicens
2918 963 3137 1027 autem,
3163 962 3526 1034 Stabilimus,
3555 974 3748 1024 osten-

2100 1033 2187 1125 dit
2213 1036 2377 1091 illam
2403 1040 2801 1099 vacillantem.
2827 1046 2949 1100 Λιιό
2971 1050 3149 1105 modo.
3178 1052 3341 1119 Legis
3364 1071 3511 1125 opus
3534 1063 3662 1111 erat
3686 1063 3751 1112 ut

2091 1122 2320 1193 justum
2340 1127 2560 1185 faceret
2576 1131 2899 1189 hominem:
2916 1153 3117 1192 verum
3132 1140 3241 1194 hoc
3255 1158 3376 1197 non
3392 1122 3749 1214 potuit,nam

2097 1215 2336 1283 Omnes,
2372 1219 2587 1289 inquit,
2622 1234 3046 1293 peccaverunt:
3081 1246 3214 1285 cum
3266 1239 3464 1288 autem
3495 1236 3753 1291 venisset

2095 1302 2263 1368 ﬁdes,
2288 1304 2348 1359 id
2376 1310 2838 1367 correxitzsimul
2860 1331 2926 1369 ac
2948 1317 3108 1371 enim
3138 1320 3436 1391 quispiam
3473 1324 3747 1395 credidit,

2096 1393 2275 1448 etiam
2283 1394 2648 1465 justiﬁcatus
2680 1408 2786 1457 est.
2818 1404 3110 1459 Stabilivit
3138 1408 3336 1479 itaque
3363 1411 3509 1482 legis
3541 1393 3745 1469 volun;

2093 1485 2295 1574 tatem.
2331 1485 2745 1556 Superioribus
2786 1495 3153 1565 temporibus
3203 1498 3295 1552 lex
3343 1516 3409 1555 ac
3439 1504 3743 1574 propheta)

2092 1571 2163 1625 de
2198 1572 2312 1627 ﬁde
2344 1576 2643 1633 vaticinati
2696 1585 2853 1636 sunt.
2888 1614 2956 1622 —
2986 1584 3189 1640 Fidem
3240 1604 3377 1660 ergo
3410 1571 3750 1663 suscipien-

2094 1664 2180 1714 tes
2212 1663 2638 1720 conﬁrmamus
2670 1666 2882 1740 legem.

2159 1840 2251 1909 IV,
2288 1845 2338 1897 l.
2372 1846 2516 1909 Quid
2536 1863 2663 1917 ergo
2682 1848 2915 1905 dicimus
2946 1852 3229 1909 Abraham
3252 1864 3471 1926 patrem
3501 1864 3746 1914 nostrum

2099 1935 2370 1989 invenisse
2397 1939 2695 1993 serundum
2727 1958 2943 1996 carnem
2966 1946 2994 1997 ?

2171 2022 2323 2078 246
2380 2027 2863 2086 Intumescebant
2919 2033 3101 2088 Judari
3162 2034 3411 2091 Abrahm
3479 2040 3744 2107 nomine,

2100 2127 2451 2185 semperque
2501 2119 2885 2188 proferebant
2935 2124 3094 2193 quod
3153 2125 3540 2183 circumcisus
3595 2135 3751 2185 esset

2097 2200 2416 2259 Abraham.
2449 2206 2550 2261 Hic
2583 2225 2717 2279 ergo
2751 2227 2964 2282 scopus
2987 2220 3077 2268 est
3096 2216 3376 2285 Apostolo
3410 2219 3747 2287 ostendere,

2096 2289 2291 2359 ipsum
2326 2310 2562 2364 quoque
2596 2297 2888 2353 Abraham
2925 2318 3043 2355 non
3093 2318 3162 2356 ex
3212 2306 3509 2374 Operibus,
3544 2308 3647 2361 sed
3679 2324 3749 2362 ex

2096 2378 2211 2433 ﬁde
2235 2380 2631 2450 justiﬁcatum
2670 2402 2819 2454 esse,
2850 2394 2907 2443 et
2938 2391 3055 2443 ait:
3090 2414 3116 2439 ‹‹
3147 2392 3290 2455 Quid
3329 2411 3463 2466 ergo
3494 2395 3749 2452 dicimus

2095 2468 2387 2525 Abraham
2409 2478 2635 2542 patrem
2660 2480 2929 2530 nostrum
2963 2480 3291 2535 secundum
3320 2498 3558 2538 carnem
3586 2486 3748 2539 inve-

2095 2558 2253 2613 nisse
2273 2558 2330 2613 ?»
2350 2578 2595 2630 quamve
2612 2571 2917 2621 assecutus
2932 2568 3330 2637 estjustitiam
3349 2571 3375 2624 ?
3389 2588 3599 2626 eamne
3616 2591 3746 2644 quin

2097 2653 2186 2701 est
2216 2664 2321 2718 per
2352 2667 2549 2721 opera,
2576 2670 2651 2708 an
2676 2671 2806 2724 quae
2829 2672 2935 2726 per
2958 2656 3177 2711 ﬁdem?
3208 2664 3267 2711 et.
3295 2659 3556 2714 ostendit
3586 2662 3745 2731 quod

2092 2754 2222 2792 eam
2258 2757 2388 2810 quae
2420 2758 2526 2812 per
2558 2742 2773 2799 ﬁdem:
2807 2745 2964 2801 unde
2999 2752 3055 2801 et
3085 2748 3247 2802 illam
3290 2755 3456 2804 vocat
3495 2767 3620 2805 rem
3653 2752 3749 2805 in-

2090 2834 2346 2896 ventam,
2373 2832 2512 2901 quia
2544 2850 2664 2888 non
2695 2852 2765 2889 ex
2796 2836 3074 2906 operibus
3107 2854 3236 2892 eam
3265 2844 3477 2894 nactus
3510 2846 3616 2908 est,
3640 2841 3744 2896 sed

2092 2934 2161 2972 ex
2193 2919 2307 2973 ﬁde
2339 2937 2469 2990 quae
2503 2923 2600 2976 Dei
2635 2925 2823 2994 gratia
2853 2926 3172 2981 confertur.
3210 2960 3274 2967 —
3307 2930 3417 2982 Per
3445 2930 3742 3001 hyperba-

2092 3012 2192 3061 ton
2225 3014 2313 3062 est
2344 3009 2584 3076 locutio,
2645 3018 2710 3065 ut
2767 3013 2847 3067 ita
2902 3021 3196 3084 ponatur:
3232 3017 3381 3080 Quid
3414 3034 3548 3089 ergo
3579 3019 3743 3072 dice-

2090 3112 2223 3149 mus
2244 3097 2562 3164 Abraham,
2584 3102 2682 3170 qui
2708 3102 3035 3157 secundum
3058 3120 3297 3158 carnem
3326 3111 3416 3158 est
3438 3112 3605 3175 pater
3630 3124 3742 3161 no-

2092 3189 2229 3249 ster,
2265 3185 2561 3240 invenisse
2584 3190 2612 3241 ?
2638 3189 3064 3255 Ascendamus,
3099 3192 3314 3261 inquit,
3346 3192 3417 3246 ad
3450 3193 3739 3265 originem

2085 3273 2321 3343 generis
2345 3276 2532 3328 nostri
2555 3278 2880 3331 secundum
2903 3295 3163 3344 carnem,
3198 3286 3256 3333 et
3286 3297 3421 3335 eum
3455 3298 3631 3351 quem
3667 3299 3739 3337 ex

2088 3363 2364 3417 omnibus
2395 3364 2669 3436 gentibus
2710 3366 2964 3423 electum
3009 3367 3315 3424 benedixit
3367 3371 3555 3426 Deus:
3590 3377 3648 3425 et
3678 3372 3739 3427 in

2088 3466 2189 3504 eos
2221 3451 2321 3520 qui
2361 3451 2432 3506 ab
2481 3470 2546 3506 eo
2600 3454 3051 3523 descenderent,
3112 3475 3241 3528 qua)
3302 3458 3739 3515 benedictionis

2091 3545 2261 3594 erant
2288 3558 2395 3612 per
2425 3559 2561 3598 eum
2594 3560 2654 3598 se
2685 3545 3007 3600 missurum
3044 3564 3171 3601 esse
3216 3549 3509 3618 promisit.
3546 3550 3738 3604 Mani-

2087 3630 2305 3686 festum
2338 3637 2426 3687 est
2473 3633 2632 3688 enim
2664 3636 2843 3705 quod,
2880 3638 3054 3691 sicuti
3092 3654 3225 3692 eum
3259 3637 3362 3691 illo
3397 3644 3595 3693 actum
3629 3644 3738 3706 est,

2088 3720 2168 3773 ita
2187 3724 2245 3774 et
2262 3720 2571 3776 nobiscum
2591 3730 2888 3791 agetur.—
2909 3726 3206 3781 Particula
3225 3726 3384 3792 illa,«
3406 3726 3740 3781 Secundum

2087 3824 2348 3874 carnem,
2385 3832 2412 3859 ››
2441 3827 2547 3881 per
2576 3812 2945 3881 hyperbaton
2996 3815 3258 3883 ponitur.
3293 3814 3570 3868 Ordinate
3602 3832 3738 3869 vero

2089 3903 2146 3951 et
2197 3914 2314 3952 non
2357 3898 2528 3969 juxta
2577 3902 2817 3955 schema
2846 3903 2955 3955 erit
2985 3903 3111 3957 haec
3170 3902 3579 3971 interpretatio
3616 3919 3738 3956 ser-

2088 3987 2316 4042 monis:
2350 3989 2499 4053 Quid
2555 4007 2689 4062 ergo
2744 3991 3010 4046 dicemus
3060 3992 3357 4047 Abraham
3418 3993 3738 4060 invenisse,

2087 4078 2186 4148 qui
2221 4078 2545 4133 secundum
2578 4096 2817 4134 carnem
2852 4088 3020 4152 pater
3050 4088 3251 4136 noster
3278 4082 3408 4136 est?
3453 4084 3633 4137 Porro
3666 4084 3739 4137 ad

2084 4166 2316 4220 Judmos
2350 4183 2543 4221 sermo
2578 4174 2685 4235 est,
2721 4186 2786 4223 ac
2819 4170 2866 4224 si
2896 4170 3088 4224 dicat:
3135 4171 3277 4224 Cum
3310 4171 3497 4224 nostri
3533 4188 3740 4241 super-

2086 4254 2205 4309 cilii
2229 4271 2297 4309 ac
2316 4256 2614 4327 jactantiae
2639 4274 2871 4313 summa
2894 4258 2970 4312 sit
2990 4258 3050 4312 in
3074 4258 3390 4323 Abraham,
3410 4259 3549 4328 quia
3570 4265 3739 4327 pater

2086 4349 2288 4399 noster
2316 4349 2405 4399 est
2434 4346 2759 4401 secundum
2791 4364 3050 4414 carnem,
3084 4347 3528 4402 consideremus
3561 4348 3734 4416 quid—

2086 4449 2224 4487 nam
2256 4433 2451 4488 dicere
2492 4435 2787 4505 possimus
2832 4436 3001 4491 illum
3050 4436 3364 4490 invenisse.
3400 4437 3468 4488 Et
3497 4435 3579 4488 ait
3609 4434 3734 4503 ipse

2085 4523 2145 4575 in
2178 4523 2561 4593 sequentibus
2616 4525 2775 4596 quod
2834 4526 3013 4581 etiam
3062 4525 3359 4596 justitiam
3422 4523 3732 4577 invenerit.

2013 4606 2053 4669 D
2089 4610 2204 4664 Hoc
2236 4612 2395 4665 enim
2432 4616 2520 4665 est
2549 4613 2705 4682 quod
2737 4613 2854 4667 ait:
2898 4635 2924 4662 «
2955 4614 3023 4666 Et
3067 4613 3421 4682 imputatum
3455 4616 3543 4663 est
3574 4610 3624 4664 ei
3661 4610 3735 4664 ad

2077 4700 2392 4768 justitiam.
2420 4723 2446 4750 ››
2472 4701 2581 4754 hoc
2604 4706 2710 4767 est,
2738 4701 3267 4772 quodjustiﬁcatus
3290 4706 3397 4754 est.
3430 4698 3737 4770 Siquidem

2082 4785 2380 4841 invenisse
2413 4788 2530 4841 sive
2562 4794 2803 4842 nactum
2837 4804 2965 4842 esse
2989 4788 3308 4858 justitiam,
3336 4786 3736 4857 estjustiﬁca-

2086 4879 2207 4928 tum
2240 4892 2387 4932 esse.
2423 4876 2651 4931 Invenit
2681 4892 2816 4948 ergo
2870 4883 2927 4931 et
2957 4883 3164 4931 nactus
3194 4882 3284 4932 est
3307 4877 3626 4948 justitiam.
3661 4878 3737 4930 At

2083 4965 2379 5034 quomodo
2411 4971 2618 5020 nactus
2648 4967 2783 5021 est?
2813 4983 2884 5021 ex
2913 4968 3212 5038 operibus,
3248 4984 3323 5021 an
3359 4984 3425 5022 ex
3461 4966 3574 5020 ﬁde
3599 4965 3625 5018 ‘P
3664 4966 3734 5017 Et

2082 5055 2339 5109 ostendit
2367 5055 2520 5125 quod
2554 5072 2622 5109 ex
2650 5056 2785 5125 ﬁde,
2813 5074 2945 5111 cum
2976 5058 3337 5128 Scripturam
3364 5052 3641 5126 producit
3668 5052 3728 5105 in

2083 5148 2311 5197 testem.
2349 5146 2490 5198 Nam
2524 5145 2637 5199 ait:
2672 5168 2699 5194 «
2724 5146 2986 5201 Credidit
3019 5147 3316 5201 Abraham
3348 5146 3487 5209 Deo,
3517 5147 3575 5196 et
3607 5140 3727 5194 im-

2080 5237 2349 5302 putatum
2382 5238 2471 5286 est
2501 5234 2551 5287 ei
2597 5234 2669 5288 ad
2692 5235 3009 5305 justitiam.
3056 5257 3083 5283 »
3138 5233 3284 5298 Quid
3319 5248 3479 5301 ergo,
3512 5229 3732 5298 inquit,

2081 5337 2201 5374 non
2228 5320 2433 5375 habuit
2454 5322 2752 5377 Abraham
2772 5340 2952 5393 Opera
2973 5324 2999 5377 ‘I
3020 5340 3140 5377 non
3164 5324 3287 5375 lliBC
3312 5319 3479 5373 illum
3503 5316 3735 5389 justiﬁ-

2080 5410 2333 5464 carunt?
2364 5410 2567 5466 Absit!
2613 5414 2802 5483 Opera
2834 5411 3130 5482 siquidem
3162 5409 3388 5474 habuit,
3421 5413 3485 5462 ut
3516 5407 3564 5462 si
3598 5423 3733 5463 cum

2078 5499 2419 5555 hominibus
2440 5501 2540 5571 qui
2563 5500 2740 5556 simul
2763 5518 2899 5556 cum
2925 5518 2993 5555 eo
3017 5499 3404 5554 versabantur
3427 5497 3640 5552 fuisset
3662 5496 3726 5552 in

2071 5588 2296 5660 judicio
2327 5590 2709 5658 constitutus,
2735 5591 2907 5647 facile
2927 5590 3294 5661 justiﬁcatus
3325 5588 3558 5655 fuisset,
3582 5586 3734 5641 illis-

2080 5696 2193 5749 que
2224 5682 2614 5751 antepositus,
2638 5699 2838 5737 verum
2860 5686 3141 5736 utcoram
3176 5682 3291 5736 Deo
3325 5698 3391 5735 ex
3426 5679 3550 5735 suis
3582 5691 3733 5746 ope-
