4126 6256
447 362 563 420 391

1575 357 1954 421 (ECUMENI
1999 352 2309 417 'l‘RlCC/E
2355 354 2723 417 EPISCOPI.

3735 362 3866 422 392

456 494 623 549 ribus
632 492 1375 564 justiﬂcaretur,tanquam
1395 492 1608 565 dignus
1626 498 1685 547 et
1704 490 1952 563 {aqualis
1969 505 2099 545 sese

2215 486 2304 540 τὸν
2336 488 2488 558 Θεὸν,
2534 488 2610 550 εἶς
2665 489 2728 545 τὸ
2784 488 3077 561 ἀξιωθῆναι
3133 495 3233 561 τῆς
3290 491 3592 566 εὐεργεσίας
3622 491 3715 546 καὶ
3745 488 3877 547 δω-

455 583 727 655 praebens
758 580 1061 653 dignitatis
1090 598 1226 636 cum
1268 598 1338 637 ea
1394 599 1527 653 quas
1558 582 1695 637 inde
1728 580 2103 653 praebebatur

2215 581 2351 637 οεᾶς.
2384 578 2445 634 Τί
2474 578 2575 653 γὰρ
2603 578 2666 633 ἄν
2694 600 2778 640 τις
2836 579 2926 635 καὶ
2984 576 3055 635 δι’
3107 577 3282 656 ἔργων
3335 579 3647 651 ἐπιδείξειεν
3678 581 3863 653 ἄξιον,

456 672 850 728 beneficentia
877 687 945 726 ac
975 670 1150 725 domo
1177 688 1186 726 :
1219 687 1600 743 nequaquam
1636 671 1848 726 fuisset.
1877 670 1980 725 illa
2009 686 2101 725 as-

456 768 712 817 secutus.
784 759 986 831 Itaque
1044 760 1197 814 nihil
1255 762 1499 815 omnino
1554 760 1733 815 habet
1809 759 2104 833 gloriatio,

455 852 603 907 247
642 855 744 906 aut
773 850 1159 921 praerogativa
1199 855 1547 921 rectumque
1578 867 1727 921 opus
1757 865 1956 905 coram
1988 850 2105 903 Deo

456 940 532 995 ad
557 940 668 995 hoc
699 944 766 993 ut
789 939 1035 1011 dignum
1068 938 1342 994 redderet
1369 939 1643 995 beneficii
1675 939 1991 993 collatione
2040 953 2109 992 ac

459 1030 635 1086 dono.
661 1028 811 1095 Quid
836 1030 992 1085 enim
1022 1028 1070 1083 si
1096 1030 1230 1100 quis
1251 1029 1422 1084 illum
1449 1029 1857 1085 demonstrare
1888 1027 2112 1082 nitatur

458 1137 565 1192 per
594 1135 775 1191 Opera
824 1118 1067 1191 dignum
1101 1118 1307 1187 fuisse,
1348 1124 1415 1173 ut
1461 1123 1596 1190 post
1624 1122 1849 1173 tantam
1883 1120 2109 1172 natura;

459 1208 979 1266 mortificationem
1013 1207 1119 1262 filii
1153 1213 1321 1279 pater
1349 1208 1780 1275 ostenderetur,
1802 1223 1869 1262 ac
1890 1204 2112 1261 ventris

458 1315 701 1371 germen
733 1297 1098 1353 exoriretur:
1133 1302 1198 1351 ut
1221 1314 1425 1353 semen
1462 1297 1591 1367 ejus
1612 1302 1897 1368 tanquam
1930 1310 2113 1350 arena

457 1388 641 1443 maris
671 1386 1170 1458 multiplicaretur
1196 1403 1208 1440 :
1241 1392 1531 1458 praeterea
1555 1391 1621 1442 ut
1640 1386 1702 1441 in
1735 1386 1961 1441 semine
1984 1384 2112 1455 ejus

462 1493 672 1532 omnes
701 1482 906 1550 gentes
938 1476 1472 1532 benedicerentur:
1507 1476 1582 1531 ad
1610 1476 1735 1530 haec
1758 1481 1823 1530 ut
1844 1474 2112 1530 Christus

461 1567 589 1638 ipse
620 1565 954 1622 communis
986 1566 1249 1622 Salvator
1306 1565 1444 1621 inde
1497 1564 1889 1637 procederet?
1936 1562 2110 1618 Vides

460 1655 618 1727 quod
651 1655 803 1710 nihil
834 1654 1078 1710 omnino
1110 1654 1346 1721 habeat,
1405 1670 1481 1708 ne
1536 1653 1844 1726 vestigium
1867 1652 2108 1723 quidem

458 1762 703 1816 Operum
727 1745 800 1800 ad
821 1743 1167 1816 hujusmodi
1190 1743 1484 1799 beneficia
1507 1760 1637 1814 quae
1656 1759 1690 1798 a
1712 1744 1828 1797 Deo
1860 1741 2105 1812 recepit.

2204 669 2301 719 τοῦ
2360 667 2493 739 μετᾶ
2545 667 2885 738 τηλικαύτην
2939 669 3149 746 φύσεως
3206 670 3482 744 νέκρωσιν,
3522 668 3718 731 παιδὸς
3747 691 3864 724 πα-

2206 758 2335 832 τέρα
2365 758 2596 831 ὀφθῆναι
2623 779 2638 829 ;
2672 758 2762 813 καὶ
2821 756 3055 833 βλαστὸν
3114 759 3332 823 κοιλίας
3375 759 3619 838 ἐκφῦναι,
3650 760 3745 816 καὶ
3771 763 3883 815 τοῦ

2209 845 2582 917 πληθυνθῆναι
2639 847 2701 903 τὸ
2760 848 2976 925 σπέρμα
3029 850 3198 905 αὐτοῦ
3252 849 3327 914 ὡς
3382 851 3479 918 τὴν
3539 848 3729 923 ἄμμον
3762 856 3876 919 τῆς

2209 934 2506 1007 Θαλάσσης,
2564 937 2657 991 καὶ
2713 941 2811 993 τοῦ
2885 935 3310 1016 ἐνευλογηθῆναι
3366 939 3433 993 τὰ
3483 932 3605 1009 ἔθνη
3664 937 3722 993 ἐν
3782 942 3878 1011 τῷ

2211 1028 2482 1102 σπέρματι
2536 1026 2721 1096 αὐτοῦ,
2776 1029 2865 1083 καὶ
2922 1031 3022 1084 τοῦ
3073 1029 3306 1104 Χριστὸν
3354 1028 3552 1092 ἐκεῖθεν
3602 1028 3695 1083 τὸν
3744 1047 3883 1081 κοι-

2209 1118 2296 1172 νὸν
2330 1124 2562 1192 Σωτῆρα
2616 1117 2942 1193 προελθεῖν;
3000 1121 3183 1196 Ὁρᾷς,
3241 1119 3324 1175 ὅτι
3383 1117 3539 1175 οὐδὲν
3567 1119 3715 1179 ὅλως
3745 1116 3884 1193 ἔχει

2212 1204 2326 1263 οὐδ’
2360 1207 2520 1284 ἴχνος
2552 1205 2750 1286 ἔργων,
2783 1212 2920 1285 πρὸς
2976 1212 3071 1273 τὰς
3127 1209 3465 1281 τηλικαύτας
3499 1208 3559 1265 ἐκ
3589 1212 3724 1265 Θεοῦ
3755 1206 3887 1263 δω-

2212 1299 2335 1373 ρεάς
2363 1317 2376 1366 ;
2410 1297 2567 1353 πόθεν
2602 1297 2693 1353 οὖν
2726 1299 2936 1372 ἠξιώθη
2968 1300 3175 1355 τούτων
3204 1319 3217 1369 ;
3271 1303 3368 1357 Ἐκ
3401 1300 3575 1374 μόνης
3606 1299 3883 1359 πίστεως.

2214 1387 2593 1443 «Ἐπίστευσε
2648 1388 2774 1464 γὰρ,
2833 1388 2998 1468 φησὶν
3063 1390 3098 1458 ἡ
3185 1394 3394 1468 Γραφη,
3483 1383 3740 1463 Ἀὖραᾶμ
3791 1391 3884 1458 τῷ

2214 1480 2353 1548 Θεῷ,
2411 1477 2503 1531 καὶ
2556 1474 2819 1553 ἐλογίσθη
2879 1478 3027 1549 αὐτῷ
3072 1476 3150 1539 είς
3199 1474 3559 1547 δικαιοσύνην.
3615 1501 3642 1528 ››
3704 1478 3876 1534 Ἐπί-

2214 1586 2421 1625 στευσε.
2471 1565 2561 1621 καὶ
2615 1561 2909 1637 ἐδικαιώθη
2985 1567 3131 1641 παρὰ
3201 1570 3356 1635 Θεοῦ,
3424 1568 3701 1622 τοσούτων
3766 1567 3870 1622 καὶ

2211 1644 2558 1717 τηλικούτων
2615 1652 2827 1726 τυχεῖν.
2888 1648 2953 1703 Ὠ
3009 1649 3266 1715 πίστεως,
3322 1653 3498 1703 πᾶσαν
3548 1648 3738 1721 πρῆιν
3765 1648 3875 1717 τήν

2214 1736 2266 1792 ἐν
2324 1736 2477 1811 νόμῳ
2560 1735 2808 1810 δευτέραν
2882 1739 3201 1807 ποιούσηςί
3291 1738 3536 1809 Ἐκείνην
3614 1737 3880 1811 πράττων

456 1834 622 1889 Unde
655 1851 790 1907 ergo
822 1834 913 1888 his
939 1833 1152 1905 dignus
1209 1832 1445 1887 habitus
1506 1831 1643 1887 est?
1700 1833 1781 1886 Ex
1813 1830 1939 1886 sola
1969 1829 2103 1885 fide.

2215 1821 2493 1902 Ἀϐραὰμ,
2525 1826 2645 1903 εἶ’χέ
2700 1847 2751 1882 τι
2815 1828 3007 1903 μικρὸν
3054 1828 3346 1903 καύχημα,
3394 1825 3544 1882 ἀλλὰ
3574 1825 3712 1900 πρὸς
3741 1826 3876 1886 τοὺς

454 1945 481 1973 ‹‹
516 1923 777 1978 Credidit
809 1922 967 1977 enim
1018 1922 1315 1977 Abraham
1374 1923 1513 1990 Deo,
1563 1921 1647 1976 ait
1696 1921 2017 1992 Scriptura,
2049 1925 2109 1975 et

452 2013 810 2083 imputatum
842 2018 931 2067 est
962 2013 1013 2067 ei
1043 2012 1117 2067 ad
1139 2011 1456 2083 justitiam.
1482 2033 1510 2060 »
1544 2009 1828 2077 Credidit,
1851 2015 1910 2065 et
1929 2026 1965 2065 a
1987 2009 2106 2064 Deo

443 2100 810 2171 justificatus
841 2106 949 2169 est,
974 2107 1042 2155 ut
1078 2105 1243 2155 tanta
1272 2116 1339 2155 ac
1369 2100 1513 2156 talia
1543 2104 2028 2171 consequeretur.
2062 2098 2106 2153 Ο

448 2186 651 2255 ﬁdem,
686 2204 817 2259 qua
848 2203 1025 2242 omne
1056 2187 1203 2255 legis
1229 2204 1377 2259 Opus
1407 2191 1542 2258 post
1571 2204 1632 2242 se
1665 2186 1974 2257 relinquit,
2006 2202 2105 2240 eo-

448 2293 562 2347 que
594 2276 758 2348 prior
812 2276 936 2331 est!
1000 2277 1144 2331 Cum
1203 2275 1352 2330 illud
1411 2281 1757 2347 operaretur
1785 2275 2103 2343 Abraham,

448 2365 693 2436 paulum
727 2365 1010 2436 quiddam
1043 2364 1259 2420 habere
1288 2366 1483 2436 potuit
1501 2365 2103 2438 gloriationis,verum

450 2453 509 2507 id
543 2453 700 2524 apud
731 2470 833 2509 eos
864 2454 964 2524 qui
995 2470 1115 2508 una
1155 2469 1290 2508 cum
1320 2471 1390 2509 eo
1430 2452 1540 2508 sub
1573 2453 1700 2527 lege
1732 2459 1922 2510 erant.
1956 2454 2105 2508 Pro-

449 2541 625 2598 ducta
656 2558 792 2598 vero
826 2542 962 2610 ﬁde,
997 2549 1240 2615 repente
1270 2548 1439 2615 pater
1468 2544 1739 2598 omnium
1768 2544 1959 2598 factus
1990 2548 2099 2609 est,

433 2631 752 2703 justusque
775 2632 1140 2702 habitus,qui
1155 2632 1431 2687 omnibus
1446 2632 1566 2686 illis
1581 2632 1757 2687 bonis
1777 2632 2096 2687 frueretur.

445 2721 620 2786 Quasi
645 2728 842 2777 autem
863 2721 923 2775 in
938 2722 1096 2776 corol
1109 2721 1240 2776 larii
1264 2720 1556 2791 particula
1575 2727 1814 2792 sumpta
1831 2726 1922 2775 est
1939 2721 2106 2775 haesi-

446 2809 589 2863 tatio
615 2825 626 2861 :
653 2814 711 2864 et
727 2808 942 2864 solutio
962 2814 1125 2879 patet
1144 2825 1215 2863 ex
1237 2808 1330 2862 his
1354 2825 1485 2878 qua)
1507 2808 1665 2864 dicta
1686 2810 2100 2873 sunt.Quomo-

448 2895 521 2950 do
535 2896 631 2952 hic
644 2896 886 2967 quidem
902 2913 970 2952 ex
986 2897 1100 2952 fide
1114 2898 1222 2968 aitj
1234 2897 1595 2952 ustilicatum
1612 2896 1792 2952 fuisse
1807 2896 2102 2952 Abraham

446 2982 615 3040 divus
640 2990 839 3041 autem
869 2984 1121 3041 Jacobus
1180 3003 1250 3040 ex
1305 2984 1605 3056 Operibus,
1635 2985 1840 3040 dicens
1865 3003 1878 3041 :
1908 2984 2101 3041 Abra-

447 3073 586 3131 ham
606 3080 775 3147 pater
795 3080 999 3131 noster
1020 3092 1219 3131 nonne
1238 3092 1307 3131 ex
1330 3074 1609 3147 operibus
1624 3075 1990 3146 justilicatus
2014 3079 2104 3131 est

442 3163 641 3219 oblato
699 3166 863 3221 Isaac
920 3165 1094 3221 ﬁlio?
1153 3172 1263 3219 etc.
1325 3189 1351 3215 α
1389 3164 1723 3221 Secundum
1766 3181 2092 3222 carnem.»

444 3250 599 3306 Bene
624 3251 841 3307 Iudaeis
872 3252 1108 3321 dicitur,
1162 3275 1188 3302 «
1226 3252 1561 3308 Secundum
1593 3270 1856 3309 carnem.
1892 3275 1920 3302 »
1949 3255 2094 3308 Nam

442 3339 772 3394 secundum
805 3340 980 3396 fidem
1031 3356 1099 3395 ac
1153 3341 1612 3411 promissionem
1644 3358 1754 3395 nos
1782 3342 2094 3398 credentes

443 3441 649 3481 sumus
681 3427 788 3483 ﬁlii
821 3428 1320 3499 Abraham,juxta
1350 3429 1409 3483 id
1441 3429 1599 3499 quod
1625 3429 1805 3484 habet
1832 3431 2095 3502 Scriptu-

2220 1915 2323 1969 ὑπὸ
2356 1914 2447 1971 τὸν
2477 1916 2625 1987 αύτῷ
2677 1913 2972 1976 τελοῦντας
3026 1915 3216 1991 νόμον.
3276 1917 3386 1986 Τὴν
3436 1914 3617 1971 πίστιν
3645 1911 3695 1969 δὲ
3722 1934 3859 1987 προ-

2214 1998 2579 2079 ϐαλλόμειος,
2616 2004 2812 2080 ἀθρόον
2870 2008 3052 2079 πατὴρ
3107 2003 3315 2081 ἐγένετο
3370 2005 3607 2071 πάντων,
3632 2002 3715 2058 καὶ
3742 2007 3854 2057 τῶν

2218 2094 2427 2167 μυρίων
2490 2091 2706 2148 ἐκείνων
2761 2094 2979 2171 ἀγαθῶν
3045 2091 3341 2165 ἐδικαιώθη
3397 2091 3709 2149 ἀπολαύειν.
3760 2090 3859 2150 ἀς

2212 2180 2266 2235 ἐν
2326 2181 2665 2257 πορίσματος
2718 2181 2778 2238 δὶ
2832 2182 3001 2258 ποίρᾳ
3057 2182 3316 2255 εἴληπται
3359 2182 3451 2238 καὶ
3493 2180 3648 2244 λύσις
3674 2181 3736 2235 ἐκ
3757 2183 3871 2235 τῶν

2213 2271 2535 2346 εἰρημένων.
2571 2278 2694 2334 Πῶς
2723 2273 2884 2335 οὗτος
2932 2273 3026 2346 μὶν
3081 2272 3144 2328 ἐκ
3196 2272 3433 2336 πίστεως
3460 2271 3607 2348 λέγει
3639 2268 3881 2326 δικαιω-

2214 2363 2371 2431 θῆναι
2402 2362 2492 2417 τὸν
2549 2356 2820 2438 ’Δὸραᾶμ,
2879 2362 2907 2417 6
2967 2360 3023 2417 δὲ
3080 2364 3223 2425 θεῖος
3276 2358 3614 2432 Ἰάκωϐοςέξ
3646 2360 3881 2441 ἕργωνς

2214 2446 2410 2524 λέγων,
2465 2446 2715 2527 Ἀϐραὰμ
2761 2453 2789 2506 6
2844 2454 3025 2527 πατὴρ
3091 2455 3252 2525 ἡμῶν
3309 2451 3410 2507 οὐκ
3457 2451 3508 2525 ἐξ
3553 2448 3724 2528 ἔργων
3754 2451 3885 2508 ἐδι-

2210 2541 2446 2611 καιώθη,
2479 2539 2762 2615 ἀνενέγκας
2794 2542 2978 2596 Ἰσαὰκ
3004 2540 3100 2597 τὸν
3132 2541 3248 2596 υἱὸν
3280 2541 3469 2610 αὐτοῦ,
3498 2542 3591 2596 καὶ
3619 2541 3685 2596 τὰ
3714 2542 3877 2612 ἑξῆς,

2218 2653 2237 2679 ι
2277 2631 2425 2685 Κατὰ
2455 2631 2645 2704 σάρκα.
2681 2654 2711 2682 »
2761 2628 2958 2691 Καλῶς
3005 2630 3142 2700 πρὸς
3194 2626 3489 2692 Ἰουδαίους
3530 2630 3617 2698 τὸ,
3655 2655 3681 2682 α
3713 2632 3884 2687 Κατὰ

2210 2718 2404 2791 σάρκα.
2444 2743 2464 2770 ι
2501 2719 2649 2775 Κατὰ
2695 2720 2879 2775 πίστιν
2932 2721 3036 2796 γάρ
3094 2719 3185 2775 καὶ
3242 2717 3571 2796 ἐπαγγελίαν
3611 2722 3776 2793 ἡμεῖς
3820 2722 3890 2775 οἱ

2211 2807 2398 2861 πιστοὶ
2455 2805 2612 2862 τέκνα
2659 2806 2817 2881 ἐσμὲν
2868 2807 2966 2864 τοῖ’)
3025 2803 3299 2884 Ἀϐραάμ,
3356 2808 3538 2872 καθὼς
3589 2811 3623 2877 ἡ
3673 2812 3884 2888 Γραφή

2180 2888 2189 2897 ’
2212 2913 2366 2972 φησι·
2396 2920 2424 2947 ‹‹
2450 2896 2528 2954 Οὐ
2560 2896 2625 2951 τὰ
2651 2895 2811 2952 τέκνα
2840 2902 2941 2964 τῆς
2973 2899 3190 2973 σαρκὸς,
3215 2902 3383 2953 ταῦτα
3402 2898 3562 2953 τέκνα
3583 2901 3682 2953 τοῦ
3704 2903 3884 2970 Θεοῦ,

2210 2982 2359 3039 ἀλλὰ
2430 2986 2496 3039 τὰ
2568 2983 2724 3041 τέκνα
2796 2994 2899 3057 τῆς
2982 2986 3334 3063 ἐπαγγελίας,
3412 2984 3688 3063 λογίζεται
3788 2989 3887 3048 εἰς

2209 3074 2444 3148 σπέρμα.
2482 3099 2509 3126 n
2569 3105 2635 3119 α·-
2698 3077 3036 3150 [ΘΕΟΔΩΡ.]
3093 3076 3280 3144 Ποίαν,
3314 3075 3467 3153 φησὶ,
3511 3077 3618 3151 πρὸ
3646 3080 3745 3132 τοῦ
3773 3098 3887 3133 πι-

2208 3168 2421 3219 στεῦσαι
2484 3169 2600 3237 Θεῷ
2656 3165 2746 3220 τὸν
2834 3161 3088 3240 Ἀϐραὰμ.
3168 3162 3514 3235 δικαιοσύνην
3570 3167 3739 3221 αὐτοῦ
3798 3164 3889 3223 δι’

2206 3250 2383 3328 ἔργων
2415 3254 2771 3328 γεγενημένην
2833 3256 3143 3329 ἠκούσαμεν
3171 3274 3186 3325 ;
3235 3257 3375 3311 κατὰ
3405 3256 3576 3329 σάρκα
3604 3257 3734 3331 γὰρ,
3763 3257 3883 3327 τὴν

2203 3341 2257 3397 ἐν
2288 3340 2469 3420 ἔργοις
2501 3343 2673 3419 λέγει,
2705 3342 2892 3415 ἐτιτειδ·ὶ⁸
2945 3343 3034 3401 διὰ
3082 3353 3183 3415 τῆς
3213 3346 3407 3422 σαρκὸς
3441 3344 3767 3420 ἐκτελοῦμεν
3796 3368 3838 3403 τ

2204 3429 2353 3507 ἔργα.

452 3530 556 3569 ra:
593 3535 621 3565 ‹‹
661 3517 787 3570 Non
820 3516 919 3587 qui
954 3517 1059 3570 lilii
1092 3517 1287 3572 carnis
1317 3517 1377 3571 hi
1411 3523 1549 3572 sunt
1578 3518 1686 3573 lilii
1728 3519 1851 3585 Dei,
1899 3520 2002 3574 sed
2056 3520 2163 3575 ﬁlii
2220 3524 2635 3594 promissionis
2689 3525 3131 3597 reputabuntur
3176 3526 3238 3581 in
3288 3541 3490 3581 semen
3520 3524 3582 3579 ιδ.
3614 3547 3644 3576 ιο
3694 3527 3877 3591 Qua-

444 3604 587 3671 lem,
622 3604 836 3675 inquit,
866 3606 1213 3677 priusquam
1273 3607 1389 3661 Deo
1442 3606 1711 3662 crederet
1764 3608 2083 3677 Abraham,
2134 3611 2433 3682 justitiam
2488 3615 2618 3685 ejus
2677 3631 2783 3687 per
2839 3631 3018 3686 opera
3067 3614 3287 3670 factam
3319 3614 3665 3670 audivimus.
3701 3616 3868 3671 Nam

448 3693 776 3750 secundum
809 3710 1049 3750 carnem
1079 3695 1226 3750 dicit
1254 3712 1384 3750 eam
1416 3712 1547 3766 quae
1578 3696 1640 3750 in
1672 3696 1951 3767 operibus
1980 3703 2126 3765 erat,
2160 3701 2642 3773 quandoquidem
2676 3721 2782 3775 per
2810 3720 3052 3760 carnem
3083 3703 3427 3776 perlicimus
3457 3719 3657 3775 opera.

512 3783 608 3851 IV,
631 3783 786 3836 2-8.«
807 3784 950 3838 Nam
972 3784 1019 3838 si
1040 3782 1340 3840 Abraham
1361 3800 1431 3839 ex
1450 3784 1730 3855 operibus
1746 3786 2117 3856 justiﬁcatus

2302 3789 2363 3845 Εἰ
2419 3790 2523 3866 γὰρ
2582 3786 2834 3866 Ἀϐραὰμ.
2886 3791 2936 3862 ἐξ
2996 3790 3170 3868 ἐργων
3229 3788 3549 3861 ἐδικαιώθη,
3592 3786 3713 3865 ἔχει
3743 3792 3884 3846 καύ-

443 3895 469 3923 ‹‹
499 3877 607 3939 est,
623 3871 801 3927 habet
820 3872 978 3943 quod
999 3873 1305 3944 glorietur,
1322 3879 1382 3928 at
1399 3890 1517 3929 non
1539 3874 1695 3945 apud
1721 3876 1803 3929 De
1828 3892 1951 3931 um.
1970 3877 2103 3941 Quic

2227 3897 2412 3953 χημα,
2469 3877 2598 3934 ἀλλ’
2655 3880 2719 3935 οὐ
2772 3881 2907 3955 πρὸς
2965 3883 3056 3936 τὸν
3107 3881 3253 3936 Θεὸν.
3317 3881 3385 3938 Τί
3441 3880 3547 3957 γὰρ
3597 3882 3631 3950 ἡ
3682 3881 3867 3955 Γραφὴ

443 3984 471 4013 ‹‹
499 3963 658 4018 enim
676 3962 1133 4033 dicitScriptura
1146 3962 1745 4020 ?CrediditAbraham
1769 3966 1913 4033 Deo,
1933 3970 1991 4020 et
2013 3965 2095 4020 im

446 4073 473 4101 «
501 4058 770 4122 putatum
793 4057 883 4107 est
904 4052 989 4106 illi
1009 4052 1080 4107 ad
1097 4053 1497 4123 justitiam.Ei
1515 4070 1650 4108 vero
1669 4054 1769 4125 qui
1793 4060 2092 4126 operatur,

445 4162 466 4190 ι
497 4157 725 4196 merces
743 4158 863 4196 non
886 4141 1212 4214 imputatur
1232 4141 1564 4197 secundum
1587 4143 1861 4215 gratiam,
1882 4144 1986 4199 sed
2008 4161 2104 4199 se-

440 4252 468 4279 «
496 4230 757 4286 cundum
781 4229 1067 4285 debitum.
1089 4231 1152 4285 Ei
1177 4238 1376 4286 autem
1395 4233 1494 4302 qui
1523 4248 1645 4287 non
1669 4239 1972 4303 operatur,
2002 4232 2107 4288 sed

440 4340 470 4370 ι(
495 4319 754 4374 creditin
769 4335 903 4375 eum
924 4319 1328 4391 quijustilicat
1343 4320 1767 4390 impium,ﬁdes
1782 4322 1831 4392 ej
1844 4338 1909 4376 us
1924 4322 2111 4392 impu.

442 4429 471 4457 ‹‹
496 4413 654 4463 tatur
680 4408 1090 4480 adjustitiam.
1117 4408 1269 4464 248
1302 4408 1811 4471 Quemadmodum
1840 4415 1897 4464 et
1924 4409 2107 4465 David

444 4518 468 4549 α
494 4497 995 4553 beatiﬁcatiunem
1027 4497 1289 4552 hominis
1323 4497 1485 4565 dicit,
1520 4498 1614 4552 cui
1663 4499 1819 4553 Deus
1851 4499 2108 4570 imputat

449 4589 787 4660 «justitiam
804 4589 1271 4660 operibuszBeati
1292 4605 1546 4659 quorum
1561 4589 1826 4648 remissa:
1842 4591 2108 4646 suntini-

452 4698 473 4727 ι
500 4679 776 4748 quitates,
805 4686 862 4734 et
882 4696 1134 4751 quorum
1158 4685 1312 4735 tecta
1336 4685 1477 4735 sunt
1497 4684 1757 4750 peccata.
1784 4682 1996 4735 Beatus
2018 4682 2103 4735 vir

449 4781 477 4810 ι(
513 4760 606 4814 cui
639 4776 757 4814 non
787 4761 1165 4833 imputaverit
1190 4762 1476 4817 Dominus
1507 4767 1834 4834 peccatum.
1871 4783 1899 4813 »

518 4946 725 4999 «Nam
757 4946 805 5000 si
846 4945 1163 5002 Abraham.
1207 4967 1236 4997 »ι
1301 4947 1425 5001 Duo
1485 4945 1765 5011 ostendit,
1828 4949 1886 5001 et
1942 4945 2101 5017 quod

444 5036 745 5093 Abraham
778 5053 848 5091 ex
881 5036 996 5090 fide
1016 5037 1379 5108 justilicatus
1407 5037 1501 5103 sit,
1527 5042 1587 5091 et
1615 5036 1772 5107 quod
1804 5037 1997 5109 major
2027 5037 2105 5092 sit

434 5128 695 5204 justitia,
729 5143 862 5198 quae
892 5142 994 5198 per
1026 5124 1203 5181 fidem
1235 5133 1342 5181 est.
1368 5127 1463 5180 Ait
1505 5143 1642 5198 ergo
1669 5143 1682 5180 :
1716 5126 1772 5181 Si
1806 5143 1873 5180 ex
1904 5126 2100 5198 operi-

443 5217 556 5273 bus
578 5216 877 5288 rectisque
899 5214 1613 5285 actionibusjustilicatus
1635 5221 1743 5282 est,
1772 5215 1952 5288 habet
1972 5215 2100 5287 qui-

448 5307 582 5363 dem
615 5307 772 5379 quod
804 5306 1127 5380 glorietur:
1173 5310 1234 5360 at
1282 5321 1403 5359 non
1456 5304 1613 5375 apud
1663 5307 1873 5374 Deum,
1905 5305 2007 5362 sed
2038 5306 2099 5359 in

450 5398 668 5467 seipso,
700 5403 766 5451 ut
795 5398 895 5468 qui
927 5396 1078 5452 bene
1109 5398 1387 5467 operatus
1419 5393 1532 5449 sit:
1583 5394 1683 5465 qui
1715 5411 1849 5450 vero
1883 5411 1954 5450 ex
1983 5394 2099 5450 fide

440 5484 806 5553 justificatus
837 5491 947 5554 est,
971 5485 1112 5557 quia
1139 5500 1260 5539 non
1283 5487 1479 5554 potest
1507 5483 1662 5554 apud
1689 5484 1949 5555 seipsum
1975 5484 2098 5556 glo-

447 5572 612 5639 riari,
645 5573 881 5629 nullum
912 5574 1072 5629 enim
1102 5590 1252 5645 opus
1282 5577 1561 5645 operatus
1588 5577 1697 5643 est,
1729 5574 1887 5645 apud
1913 5574 2098 5631 Deum

526 5696 573 5733 “
607 5700 775 5753 Rom.
810 5713 890 5765 1x,
912 5714 1028 5752 vm.

2226 3965 2420 4042 λέγεις
2481 3970 2791 4025 Ἐπίστευσε
2848 3967 2908 4025 δὲ
2959 3965 3211 4045 ’Δϐραᾶμ
3265 3974 3343 4042 τῷ
3401 3973 3541 4042 Θεῷ,
3596 3968 3675 4024 καί
3728 3965 3856 4021 ἐλο-

2222 4056 2383 4129 γίσθη
2460 4056 2609 4128 αὐτῷ
2683 4058 2760 4120 εἰς
2819 4055 3183 4129 δικαιοσύνην.
3252 4062 3339 4130 Τῷ
3395 4054 3455 4112 δὲ
3531 4055 3856 4133 ἐργαζομὲνῳ

2223 4146 2251 4198 6
2304 4147 2496 4218 μισθὸς
2549 4147 2611 4201 ού
2672 4146 2953 4221 λογίζεται
3006 4148 3144 4204 κατὰ
3201 4150 3385 4223 χάριν,
3441 4146 3591 4204 ἀλλὰ
3645 4146 3870 4203 κατὰτὸ

2222 4232 2523 4311 ὀφείλημα.
2574 4238 2662 4307 Τῷ
2736 4232 2795 4292 δὶ
2872 4238 2946 4310 μὴ
3026 4235 3389 4313 ἐργαζομένῳ,
3450 4236 3757 4292 πιστεύοντι
3814 4233 3876 4291 δὲ

2219 4320 2306 4378 ἐπὶ
2374 4325 2463 4378 τὸν
2534 4322 2848 4381 δικαιοῦντα
2909 4326 2999 4381 τὸν
3067 4321 3262 4396 ἀσεϐῆ,
3329 4324 3607 4403 λογίζεται
3673 4329 3708 4395 ἡ
3774 4326 3879 4381 πί·-

2218 4432 2332 4475 στις
2400 4414 2565 4468 αὐτοῦ
2635 4414 2711 4477 εἷς
2777 4411 3145 4485 δικαιοσύνην.
3228 4415 3480 4492 Καθάπερ
3547 4416 3639 4471 καὶ
3709 4412 3877 4470 Δαυῖδ

2217 4501 2367 4578 λέγει
2432 4502 2524 4559 τὸν
2599 4506 2944 4581 μακαρισμὸν
3011 4509 3108 4561 τοῦ
3173 4506 3485 4582 ἀνθρώπου,
3537 4507 3583 4578 ᾧ
3651 4508 3681 4562 6
3745 4507 3879 4569 Θεὸς

2216 4590 2495 4669 λογίζεται
2575 4591 2925 4665 δικαιοσύνην
3029 4595 3207 4671 χωρὶς
3305 4590 3503 4672 ἔργων,
3596 4596 3881 4671 Μακάριοι

2214 4682 2287 4736 ὧν
2361 4681 2638 4761 ἀφέθησαν
2713 4684 2769 4739 αἱ
2842 4683 3085 4757 ἀνομίαι,
3185 4684 3275 4740 καὶ
3342 4685 3417 4739 ὧν
3483 4684 3882 4765 ἐπεκαλύφθη-

2213 4792 2308 4827 σαν
2364 4773 2419 4827 αἱ
2478 4771 2763 4848 ἁμαρτίαι.
2820 4774 3098 4848 Μακάριος
3155 4774 3289 4849 ἀνὴρ
3345 4774 3392 4846 ᾧ
3451 4774 3514 4830 οὐ
3574 4776 3651 4849 μή
3709 4774 3882 4851 λογί-

2211 4882 2373 4929 σηται
2406 4863 2607 4935 Κύριος
2635 4863 2923 4938 ἁμαρτίαν.

2283 4975 2311 5002 ‹‹
2351 4949 2416 5006 Et
2471 4951 2573 5027 γὰρ
2633 4946 2907 5027 Ἀϐραὰμ..
2943 4975 2970 5003 ››
3029 4950 3135 5007 Δύο
3193 4949 3482 5021 δείκνυσιν,
3541 4949 3627 5007 ὅτι
3691 4971 3753 5006 τε
3814 4950 3883 5005 ἐκ

2207 5039 2443 5100 πίστεως
2499 5034 2752 5115 ’Λϐραὰμ
2804 5037 3124 5110 ἐδικαιώθη,
3181 5040 3272 5096 καὶ
3329 5042 3417 5096 δτι
3478 5040 3681 5114 μείζων
3713 5042 3749 5108 ἡ
3782 5036 3879 5094 διὰ

2208 5126 2441 5190 πίστεως
2501 5126 2839 5199 δικαιοσύνη.
2900 5128 3000 5185 Καί
3061 5149 3244 5208 φησιν’
3307 5130 3373 5187 Εἰ
3438 5128 3489 5200 ἐξ
3547 5123 3727 5205 ἔργων
3783 5128 3879 5183 καὶ

2208 5216 2650 5291 κατορθωμάτων
2711 5212 2967 5292 ’Δϐραὰμ
3035 5216 3357 5288 ἐδικαιώθη,
3417 5212 3538 5293 ἔχει
3590 5217 3687 5291 μὲν
3740 5216 3876 5271 καύο

2209 5322 2395 5378 χημα,
2452 5305 2581 5359 ἀλλ’
2638 5306 2701 5360 ού
2759 5305 2897 5378 πρὸς
2944 5306 3040 5360 τὸν
3093 5305 3248 5377 Θεὸν,
3300 5302 3432 5361 ἀλλ’
3475 5302 3766 5381 ἐφ’ἑαυτῷ
3794 5303 3873 5364 ὡς

2208 5391 2621 5467 κατωρθωκότι.
2684 5393 2745 5450 Ὁ
2811 5389 2869 5447 δὲ
2937 5393 2996 5450 ἐκ
3052 5392 3287 5454 πίστεως
3355 5391 3551 5457 σωθεὶς
3606 5390 3742 5444 ’ἐπεὶ
3793 5391 3876 5464 μὴ

2208 5468 2328 5556 ἔχει
2374 5480 2451 5543 είς
2506 5483 2696 5538 ἑαυτὸν
2747 5483 3147 5557 καυχήσασθαι,
3205 5478 3493 5556 οὐδὲνγὰρ
3525 5475 3876 5555 ἕργονὲπρα-

2211 5571 2316 5642 ξεν,
2367 5571 2444 5634 είς
2494 5571 2586 5626 τὸν
2641 5572 2772 5628 Θεὸν
2832 5577 3125 5647 καυχᾶται.
3189 5571 3393 5642 Μεῖζον
3447 5566 3505 5625 δὶ
3548 5568 3609 5624 τὸ
3636 5568 3713 5629 εἷς
3744 5568 3875 5624 Θεὸν
