4126 6256
322 303 439 362 393
1471 306 1877 370 COUMENT.
1924 310 2005 370 ΙΝ
2047 310 2299 374 EPIST.
2345 318 2453 377 AD
2499 320 2698 381 ROM.
3655 327 3771 388 39‘

327 438 838 534 καυχᾶἥαιῖἢπιρ
903 439 990 502 εἰς
1048 439 1259 499 ἑαυτόν.
1319 441 1400 499 Τὰ
1458 441 1554 516 μὶν
1602 442 1704 517 γὰρ
1729 441 1991 518 κατορθώι

2124 448 2428 522 gloriatur.
2467 455 2650 528 Majas
2693 461 2783 513 est
2810 461 3009 513 autem
3068 458 3226 530 apud
3277 459 3461 515 Deum
3498 460 3765 534 gloriari,

329 549 480 602 ματα
532 525 812 589 πολλάκις
868 528 970 584 καὶ
1052 530 1358 609 ἀφανίζεται
1446 527 1653 605 ἑτέραις
1740 532 1991 607 πλημμε.

2123 556 2301 609 quam
2334 542 2492 614 apud
2524 545 2975 617 seipsum.Bona
3004 564 3261 618 namque
3288 565 3469 620 opera
3487 525 3767 621 frequen-

334 619 537 680 λείαις.
565 620 625 673 Ἣ
658 616 718 673 δὲ
769 617 849 679 εἷς
884 620 1021 674 Θεὲιν
1077 620 1376 695 καύχησις,
1434 622 1697 695 ἄτρεπτος
1745 620 2011 696 διαμένει,

355 735 387 766 ε
418 711 479 767 Ἱί
504 711 605 783 γὰρ
644 710 679 777 ἡ
714 709 907 787 Γραφὴ
941 705 1098 782 λέγει
1143 727 1157 777 ;
1188 731 1217 762 ι)
1258 709 1420 783 Φέρει
1472 712 1571 777 τὴν
1629 709 1833 766 Γὲνεσιν
1869 732 2010 787 μαρ-

353 798 740 875 tusci-scaran
772 792 1047 873 ’Δῦραὲιμ
1087 798 1146 853 ἐκ
1199 798 1432 863 πίστεως
1490 797 1810 872 ἐδικαιώθη.
1841 826 1870 855 ιι
1917 804 2011 875 Τῷ

363 888 431 946 δὲ
459 887 804 963 ὲργαζομένῳ,
841 911 863 939 ο
903 888 997 942 καὶ
1026 887 1095 944 τὰ
1126 889 1270 959 ἑξῆς.
1330 889 1571 945 Δείκνυσι
1633 891 1855 962 μείζονα
1912 892 2010 961 τήν

365 978 508 1035 κατᾶ
536 981 682 1052 χάριν
709 974 1070 1047 amatae-5w”
1110 978 1175 1048 ἢν
1222 979 1257 1046 ἡ
1312 977 1492 1040 πίστις
1522 979 1777 1053 παρέχει,
1811 977 2004 1041 οὓτως.

359 1073 457 1140 Τῷ
476 1068 572 1141 μὲν
593 1066 689 1142 γαρ
717 1068 1103 1140 κατορθοῦντι,
1157 1066 1312 1143 φησὶ,
1371 1068 1510 1123 κατὰ
1564 1065 1791 1147 ὀφειλὴν
1846 1072 1882 1138 ἡ
1915 1069 2009 1123 ἀν-

348 1155 598 1229 τιμισθία
624 1156 1061 1230 κιχρεώστηται.
1096 1178 1125 1208 ‹‹
1154 1156 1216 1210 Τί
1246 1152 1302 1211 δέ
1335 1174 1350 1224 ;
1377 1180 1403 1207 ››
1431 1156 1658 1212 Δύναται
1684 1157 1774 1212 καὶ
1807 1158 1835 1213 6
1866 1158 2005 1213 πάνυ

345 1243 598 1315 ἐνάρετος
629 1247 999 1318 κατορθῶσαι,
1032 1243 1122 1299 καὶ
1160 1243 1464 1323 ὠφειλέτην
1496 1241 1644 1319 ἔχειν
1689 1244 1818 1301 Θεόν
1846 1264 1860 1314 ;
1897 1247 1924 1300 ὁ
1948 1241 2006 1301 δὲ

340 1354 407 1409 γε
440 1331 502 1388 ἐκ
541 1332 776 1397 πίστεως
817 1330 1217 1406 δικαιούμενος,
1276 1334 1412 1388 κατὰ
1469 1334 1631 1409 χάριν
1675 1330 2001 1392 δικαιοῦται.

340 1424 518 1480 Ἔνθα
547 1420 608 1477 ὂὶ
636 1423 766 1484 Θεὸς
797 1422 1109 1497 χαρίζεται,
1166 1420 1381 1483 πάντως
1444 1420 1661 1499 μεγάλα
1700 1423 2001 1499 χαρίζεται.

339 1512 413 1570 Τί
441 1512 549 1587 γὰρ
583 1513 870 1587 χαρίζεται
905 1530 919 1581 ;
953 1511 1220 1567 υἱοθεσίαν
1248 1510 1504 1587 παρέχει,
1553 1509 1824 1592 ἀδελφοὺς
1855 1517 2005 1568 ποιεῖ

330 1604 609 1676 Χριποῦ,
635 1601 1030 1676 κληρονόμους
1062 1599 1716 1677 Θεοῦ,συγκληρονόμους
1740 1606 1996 1676 Χριστοῦ.

332 1694 537 1749 ’Δτινα
562 1691 701 1747 πότε
748 1693 808 1745 ἄν
861 1692 998 1764 ἡμῖν
1028 1693 1271 1766 παρέσχε
1323 1692 1390 1746 τὰ
1447 1693 1844 1764 κατορθώματα
1884 1713 1899 1761 ;
1933 1724 2002 1737 —

331 1780 556 1855 [ΦΩΤ.]
590 1780 699 1835 Καὶ
733 1779 930 1841 οὕτως’
980 1782 1075 1853 Τῷ
1133 1778 1191 1835 δὲ
1251 1782 1326 1852 μή
1389 1780 1678 1856 θαρροῦντι
1742 1782 1835 1853 μὲν
1891 1779 1998 1836 ἀπὸ

2122 632 2212 682 ter
2241 632 2418 687 etiam
2442 633 2575 689 aliis
2606 635 2999 692 obscurantur
3026 637 3258 692 delictis
3284 655 3296 692 :
3325 637 3596 709 gloriatio
3630 655 3764 693 vero

2121 734 2252 788 quae
2282 720 2440 793 apud
2474 725 2655 780 Deum
2687 730 2795 788 est.
2847 742 3083 797 semper
3114 727 3501 782 immutabilis
3542 744 3767 799 perma-

2120 814 2241 864 net.
2275 833 2302 858 «
2347 813 2495 876 Quid
2528 814 2684 870 enim
2718 815 2861 870 dicit
2891 816 3191 889 Scriptura
3212 816 3280 872 Ἰ»
3302 817 3576 873 Genesim
3592 819 3763 873 aﬁ'ert

2120 913 2251 968 quas
2285 904 2535 957 testatur
2564 902 2862 959 Abraham
2915 921 2985 960 ex
3044 904 3159 960 ﬁde
3185 905 3581 976 justiﬁcatum
3614 922 3763 962 esse.

2126 988 2236 1041 «Ei
2269 1005 2401 1044 vero
2437 991 2537 1062 qui
2584 1000 2882 1063 operatur,
2925 1015 2953 1044 »
3010 999 3120 1049 etc.
3165 994 3445 1066 Majorem
3502 995 3764 1051 ostendit

2109 1075 2406 1147 justitiam
2439 1097 2572 1151 quin
2604 1088 2694 1138 est
2714 1083 3041 1139 secundum
3070 1083 3318 1156 gratiam
3345 1101 3593 1154 quamve
3618 1085 3766 1142 ﬁdes

2116 1166 2358 1237 praebet,
2391 1168 2503 1224 hoc
2532 1171 2879 1228 modo.Nam
2910 1178 3091 1237 recte,
3124 1173 3337 1244 inquit,
3370 1174 3639 1244 operanti
3669 1175 3764 1230 de-

2116 1255 2289 1313 betur
2313 1259 2605 1315 mercedis
2644 1261 2953 1317 retributio
3007 1279 3077 1317 ex
3134 1262 3353 1318 debito.
3388 1285 3415 1313 ι(
3450 1263 3599 1328 Quid
3656 1280 3763 1319 au-

2116 1351 2233 1403 tem
2264 1347 2292 1403 ?
2320 1370 2349 1397 »
2380 1352 2470 1403 An
2498 1354 2692 1420 potest
2720 1351 2820 1422 qui
2850 1352 3028 1407 etiam
3058 1351 3376 1407 admodum
3400 1352 3620 1425 probus
3651 1357 3760 1420 est,

2115 1437 2399 1509 praeclara
2418 1438 2611 1495 facere
2629 1442 3141 1513 opera,Deumque
3162 1441 3379 1498 habere
3402 1441 3761 1498 debitorem?

2114 1528 2258 1584 Nam
2289 1529 2391 1599 qui
2422 1546 2493 1585 ex
2553 1529 2665 1586 ﬁde
2708 1530 3092 1602 justiﬁcatur,
3146 1531 3474 1587 secundum
3503 1532 3755 1604 gratiam

2108 1616 2487 1687 justiﬁcatur.
2524 1619 2629 1675 Ubi
2659 1625 2857 1676 autem
2889 1622 3043 1676 Deus
3066 1637 3317 1677 munera
3345 1621 3756 1691 largitur,om-

2112 1705 2257 1761 nino
2279 1723 2495 1777 magna
2532 1707 2811 1781 largitur:
2845 1708 3059 1780 ecquid
3091 1710 3251 1765 enim
3283 1709 3575 1781 largitur?
3599 1710 3756 1764 ﬁlio-

2031 1830 2076 1895 Β
2112 1812 2247 1851 rum
2296 1802 2542 1867 praestat
2593 1797 2995 1869 adoptionem,
3052 1797 3269 1855 Christi
3315 1798 3530 1854 fratres
3551 1798 3754 1867 efﬁcit,

322 1876 439 1927 τῶν
490 1868 698 1945 ἔργων,
739 1869 1021 1945 προσιόντι
1080 1868 1139 1926 δὲ
1194 1870 1254 1926 ἐκ
1301 1869 1558 1939 πίστεως,
1624 1868 1905 1949 λογίζεται
1959 1872 1991 1940 ἡ

2106 1884 2375 1940 haeredes
2394 1868 2867 1949 Dei,coha:redes
2886 1886 3124 1943 Christi.
3146 1888 3428 1953 Quaenam
3443 1887 3585 1943 talia
3602 1904 3752 1959 pran-

320 1962 510 2023 πίει-τις
544 1962 718 2017 αὐτοῦ
743 1961 824 2025 εἰς
856 1960 1225 2034 δικαιοσύνην,
1267 1963 1359 2019 καὶ
1419 1958 1723 2018 δικαιοῦται
1783 1958 1851 2016 δι’
1902 1959 1998 2015 αὖ·

319 2056 434 2122 τῆς.
473 2075 500 2104 ι
540 2052 903 2129 ,λογίζεταιή
934 2053 1138 2118 πίστις.
1181 2078 1202 2104 ι
1242 2054 1336 2122 Μὴ
1370 2050 1428 2109 δὲ
1456 2054 1556 2123 τήν
1606 2052 1789 2108 πίστιν
1835 2051 1999 2124 νομί-

330 2164 419 2217 σῃς
452 2141 712 2217 εὐχερῶς
759 2140 1152 2219 παραγίνεσθαί
1202 2163 1331 2200 τινι.
1394 2139 1673 2217 ’Δνδρείας
1728 2142 1829 2218 γὰρ
1887 2138 1995 2197 δεῖ.

343 2252 438 2298 ται,
464 2233 558 2287 καὶ
595 2228 1040 2305 διεγηγερμὲνης
1080 2234 1286 2306 ψυχῆς.
1327 2253 1349 2283 ι
1404 2230 1499 2293 Εἷς
1559 2228 1929 2301 δικαιοσύνην.
1966 2251 1992 2283 ν

349 2321 488 2393 Ὁρᾷς
516 2320 606 2376 ’ὃτι
640 2324 727 2393 τῷ
789 2323 885 2393 μὲν
945 2318 1296 2395 ἐργαζομένῳ
1348 2322 1542 2394 μισθὸς
1597 2321 1733 2375 κατὰ
1774 2321 1840 2375 τα
1869 2317 1996 2394 ἔργα

346 2408 640 2486 λογίζεται,
675 2412 761 2482 τῷ
797 2407 856 2464 δὲ
894 2413 1073 2481 πιστῷ
1103 2406 1415 2481 δικαιοσύνη
1452 2430 1467 2481 ;
1497 2410 1722 2483 Μνρίων
1785 2405 1843 2463 δὲ
1908 2429 1997 2480 μι-

334 2502 461 2554 σθῶν
494 2499 614 2556 ἐστι
650 2500 975 2573 περιεκτική
1026 2499 1061 2569 ἠ
1123 2495 1456 2571 δικαιοσύνη.
1494 2521 1526 2552 α
1584 2499 1835 2571 Καθαπερ
1903 2493 1991 2550 καὶ

317 2586 501 2646 Δαοίδ.
540 2614 570 2641 ι»
606 2589 713 2646 Καὶ
750 2588 779 2643 6
812 2586 978 2644 Δαοίδ
1008 2586 1079 2663 τῇ
1133 2586 1191 2643 ἐκ
1243 2589 1482 2650 πίστεως
1532 2584 1845 2660 δικαιοσύνῃ
1881 2588 1992 2660 ψη-

325 2678 535 2755 φίζεται
594 2677 697 2732 τὸν
757 2675 1025 2753 ἁγιασμὸν
1086 2676 1262 2750 χωρὶς
1319 2670 1566 2753 ἕργων.«
1627 2675 1924 2749 Μακάριοι.
1964 2706 1993 2733 ››

320 2766 691 2840 Μακαρισμός
723 2763 872 2820 ἐστιν
899 2767 933 2834 ἡ
960 2766 1173 2842 κορυφή
1229 2769 1339 2821 τῶν
1396 2766 1632 2840 ἀγαθῶν.
1678 2768 1838 2820 Δοκεῖ
1897 2760 1990 2837 μέν

325 2877 442 2919 πως
468 2853 797 2917 ἀλλόκοτος
826 2854 967 2911 εἶναι
999 2857 1034 2925 ἡ
1072 2853 1361 2930 μαρτυρία.

390 3124 473 3181 03
501 3124 608 3200 γὰρ
640 3120 763 3199 ἔχει
793 3122 878 3190 τὲ,
940 3120 1216 3192 Μακάριος
1273 3122 1319 3193 ᾧ
1374 3121 1409 3192 ἡ
1442 3120 1625 3184 πίστις
1676 3120 1751 3182 εἰς
1786 3116 1997 3174 δικαιο-

2103 1975 2384 2031 stiterunt
2404 1992 2667 2046 unquam
2682 1976 2854 2032 nobis
2871 1977 3222 2049 bonaopera
3242 1976 3347 2033 7——
3377 1979 3671 2032 Praeterea
3696 1981 3755 2032 et

2101 2061 2213 2117 hoc
2236 2062 2409 2119 modo
2437 2079 2450 2118 :
2483 2064 2547 2119 Ei
2578 2065 2678 2134 qui
2711 2064 2785 2120 ab
2807 2065 3085 2136 Operibus
3108 2065 3386 2121 fiduciam
3410 2081 3529 2121 non
3548 2064 3746 2133 habet,

2101 2151 2207 2206 sed
2235 2169 2307 2207 ex
2332 2151 2449 2207 ﬁde
2474 2153 2721 2222 accedit,
2754 2153 3084 2224 imputatur
3131 2154 3277 2210 ﬁdes
3310 2170 3418 2210 sua
3474 2154 3549 2209 ad
3573 2153 3750 2224 justi-

2102 2240 2266 2305 tiam,
2300 2245 2358 2295 et
2379 2241 2668 2312 perillam
2691 2242 3076 2313 justiﬁcatur.
3101 2264 3129 2293 «
3163 2242 3335 2299 Fides
3365 2243 3750 2315 imputatur.»

2102 2330 2302 2400 Neque
2334 2330 2511 2385 ﬁdem
2543 2336 2713 2402 putes
2731 2332 3010 2402 cuiquam
3037 2331 3211 2386 facile
3233 2333 3749 2404 contingere.Nam

2100 2417 2448 2473 fortitudine
2480 2436 2629 2491 opus
2661 2424 2751 2475 est
2778 2426 3095 2491 erectoque
3152 2421 3370 2475 animo.
3402 2443 3431 2471 «
3459 2420 3543 2475 Ad
3567 2420 3748 2492 justi-

2101 2509 2327 2563 tiam.»
2387 2508 2560 2564 Vides
2609 2508 2767 2580 quod
2820 2508 3090 2580 operanti
3137 2525 3365 2565 merces
3422 2508 3749 2564 secundum

2101 2614 2281 2669 opera
2312 2597 2656 2669 imputetur,
2685 2597 2949 2654 credenti
2982 2613 3115 2653 vero
3158 2599 3395 2671 justitia
3421 2597 3450 2653 ?
3478 2601 3552 2653 At
3573 2597 3749 2669 justi-

2103 2686 2184 2742 tia
2213 2688 2558 2743 innumeras
2590 2688 2858 2743 continet
2913 2687 3238 2743 mercedes.
3272 2709 3302 2739 κ
3347 2686 3748 2753 Quemadmo-

2103 2775 2242 2831 dum
2274 2783 2335 2833 et
2364 2776 2563 2833 David.
2596 2800 2625 2828 ι»
2660 2777 2849 2833 Etiam
2879 2777 3059 2832 David
3091 2776 3342 2848 justitim
3373 2793 3505 2848 qum
3532 2792 3601 2832 ex
3634 2776 3750 2832 ﬁde

2102 2871 2189 2921 est
2248 2866 2779 2922 sanctiﬁcationem
2840 2865 3065 2937 absque
3114 2865 3391 2937 operibus
3460 2865 3746 2922 decernit.
3806 2855 3812 2865 ’

2102 2975 2132 3004 ι(
2166 2955 2348 3010 Beati.
2382 2977 2409 3006 »
2446 2955 2807 3011 Beatiﬁcatio
2838 2970 2986 3026 apex
3020 2958 3109 3010 est
3158 2954 3471 3009 bonorum.
3509 2954 3749 3010 Videtur

2103 3040 2345 3111 quidem
2376 3040 2637 3097 alienum
2671 3040 3108 3112 quodammodo
3142 3041 3572 3095 testimonium.
3607 3071 3675 3083 -—

2174 3131 2325 3187 249
2349 3132 2547 3200 Neque
2580 3130 2740 3186 enim
2789 3129 3010 3184 habet:
3045 3130 3258 3184 Beatus
3318 3129 3410 3184 cui
3469 3129 3617 3184 ﬁdes
3671 3128 3745 3184 ad

330 3213 492 3281 οόνην
525 3212 700 3287 χωρὶς
730 3208 910 3286 ἔργων
945 3209 1246 3284 λογίζεται,
1278 3210 1425 3279 πλὴν
1476 3207 1681 3288 σῩόδρα
1711 3207 1823 3264 ἐστὶ
1852 3229 1982 3263 κατ-

2105 3218 2384 3288 iustitiam
2416 3191 2639 3291 absque
2670 3217 2947 3291 operibus
2977 3217 3327 3290 imputatur,
3359 3224 3620 3273 attamen
3658 3223 3749 3273 est

340 3297 621 3366 ἆλληλος.
666 3300 721 3357 Ei
772 3300 880 3376 γὰρ
938 3298 1225 3376 μακάριος,
1288 3299 1333 3371 ᾧ
1392 3298 1448 3352 αἱ
1506 3297 1767 3371 ἁμαρτίαι
1846 3295 1985 3351 κατᾶ

344 3385 518 3461 χᾶριν
548 3386 824 3463 ἀφείδησαν,
887 3389 1352 3464 τρισμακάριστος
1412 3384 1692 3458 δηλονότι,
1755 3385 1813 3440 ’ὀν
1863 3383 1982 3440 ἐδι-

345 3478 549 3531 καίωσε
578 3479 703 3533 κατὰ
729 3479 889 3554 χάριν
931 3479 959 3532 6
991 3477 1142 3541 Θεός.
1175 3477 1267 3532 Διὸ
1318 3473 1676 3547 κατάλληλος
1737 3474 1857 3531 λίαν
1892 3472 1982 3530 καὶ

338 3570 715 3644 ἁρμόζουαή
783 3569 1043 3645 ψαλμικὴ
1108 3578 1331 3646 χρῆσις.
1393 3571 1488 3624 Καὶ
1538 3569 1641 3643 γὰρ
1699 3572 1844 3624 πᾶσα
1901 3564 1981 3621 δι-

338 3663 555 3726 καίωσις
584 3664 691 3718 ἀπὸ
739 3668 898 3735 Θεοῦ,
954 3666 990 3735 ἢ
1042 3660 1102 3718 ἐκ
1156 3667 1252 3718 τοῦ
1291 3662 1548 3739 ἀφεθῆναι
1627 3661 1832 3736 γίνεται
1886 3660 1981 3721 τὰς

336 3753 555 3825 ἀνομίας
584 3754 676 3809 καὶ
709 3753 1001 3830 ἁμαρτίας,
1032 3748 1064 3822 ἤ
1125 3752 1183 3808 ἐκ
1246 3752 1344 3809 τοῧ
1375 3748 1832 3831 ἐπικαλυφθῆναι,
1864 3752 1980 3806 οἷον

331 3838 417 3898 διά
456 3864 615 3898 τινων
681 3844 1126 3917 κατορθωμάτων
1183 3838 1532 3911 ἐκνικηοῆναι
1566 3839 1674 3894 καὶ
1735 3860 1981 3895 καταπο-

321 3938 495 4000 θῆναι.
531 3936 605 3991 Ἥ
640 3932 702 3989 ἐκ
729 3936 828 3987 τοῦ
887 3932 964 4005 μὴ
1026 3929 1345 4004 λογίσασθαι
1399 3930 1488 3985 τὸν
1546 3929 1675 3985 Θεὸν
1725 3929 1787 3985 τὸ
1845 3949 1981 4003 πρα-

311 4021 443 4086 χθὲν
476 4022 558 4083 εἷς
592 4021 888 4096 ἁμαρτίαν.
953 4020 1053 4076 Καὶ
1106 4017 1195 4075 διὰ
1249 4023 1357 4075 τῶν
1392 4023 1557 4094 τριῶν
1603 4018 1810 4074 τούτων
1861 4018 1983 4094 φιλ-

312 4112 629 4187 ανθρώπων
687 4111 931 4185 τρὸπων,
989 4107 1265 4184 λογίζεται
1327 4109 1354 4162 6
1405 4107 1534 4171 Θεὸς
1586 4111 1666 4180 τῷ
1714 4108 1981 4183 ἀνθρώπῳ

313 4203 422 4271 τήν
477 4200 858 4271 δικαιοσύνην,
903 4201 977 4263 ὡς
1030 4201 1346 4272 συμπαθῶν,
1401 4198 1477 4261 ὡς
1532 4196 1855 4272 οἰκονομῶν,
1910 4200 1984 4261 ὡς

317 4290 832 4369 ᾳιλοτιμοῦμενος.
865 4290 928 4345 Ἡ
987 4288 1085 4361 μὲν
1138 4288 1237 4364 γὰρ
1279 4287 1486 4365 ἄφεσις,
1544 4286 1901 4357 συμπαθείας,
1947 4289 1982 4357 ἡ

320 4377 385 4435 δὲ
418 4375 1148 4454 ἐπικάλυψις,οἲκονομίας,
1188 4377 1251 4430 τὸ
1305 4371 1362 4429 δὲ
1413 4375 1489 4447 μὴ
1532 4372 1848 4450 λογίσασθαι
1907 4374 1983 4438 εἰς

318 4468 629 4543 ἁμαρτίαν,
657 4465 1003 4545 φιλοτιμίας.
1047 4463 1200 4527 Τίνες
1254 4463 1345 4518 οῦν
1399 4462 1671 4533 ἀξιοῦνται
1722 4465 1982 4534 τούτων;

2094 3306 2415 3363 admodum
2448 3308 2827 3363 conveniens.
2864 3310 3008 3363 Nam
3036 3308 3085 3362 si
3133 3306 3342 3363 beatus
3364 3307 3575 3375 est,cui
3607 3323 3746 3379 pec-

2093 3403 2223 3451 cata
2253 3397 2579 3453 secundum
2610 3397 2859 3471 gratiam
2881 3396 3133 3452 remissa
3163 3402 3303 3452 sunt
3328 3414 3341 3452 :
3377 3402 3582 3469 terque
3600 3413 3740 3469 qua-

2093 3493 2299 3559 terque
2323 3493 2481 3543 certe
2500 3487 2707 3543 beatus
2739 3493 2847 3557 est,
2881 3503 3058 3559 quem
3086 3487 3239 3542 Deus
3270 3487 3598 3543 secundum
3620 3503 3745 3561 gra-

2094 3575 2233 3632 tiam
2248 3577 2598 3650 justiﬁcavit
2621 3594 2632 3632 :
2657 3577 2789 3633 ideo
2808 3583 2945 3650 apta
2960 3577 3280 3632 admodum
3302 3595 3369 3632 ac
3388 3577 3747 3633 conveniens

2092 3670 2181 3720 est
2197 3667 2411 3738 psalmi
2436 3667 3154 3722 accommodatio.Etenim
3171 3667 3369 3721 omnis
3386 3667 3742 3722 beatiﬁcatio

2092 3771 2126 3810 a
2160 3758 2273 3811 Deo
2297 3762 2403 3821 est,
2448 3756 2536 3811 vel
2570 3773 2637 3810 eo
2660 3755 2819 3828 quod
2843 3756 3108 3811 remissae
3129 3756 3249 3809 sint
3290 3756 3637 3825 iniquitates
3666 3771 3735 3809 ac

2090 3852 2353 3916 peccata,
2400 3862 2503 3899 seu
2536 3842 2769 3899 obtecta
2799 3845 2919 3899 sint
2948 3861 3015 3899 ac
3048 3845 3097 3898 si
3143 3860 3249 3914 per
3279 3844 3551 3915 quaedam
3581 3842 3740 3898 bona

2092 3949 2272 4004 opera
2293 3933 2520 3987 devicta
2541 3933 2664 3986 sint
2687 3931 2775 3985 vel
2806 3931 3215 4003 absorpta.Vel
3245 3948 3315 3986 ex
3347 3948 3415 3986 eo
3447 3930 3743 4002 quodnon

2091 4022 2344 4094 imputat
2376 4024 2526 4075 Deus
2559 4027 2757 4075 actum
2787 4021 2858 4075 ad
2889 4027 3232 4091 peccatum:
3260 4026 3317 4075 et
3345 4038 3452 4093 per
3481 4021 3589 4075 hos
3624 4026 3740 4077 tres

2092 4110 2379 4183 benignos
2427 4109 2635 4164 modos
2664 4110 2917 4181 imputat
2949 4110 3101 4164 Deus
3142 4109 3371 4165 homini
3421 4110 3740 4183 justitiam,

2094 4199 2262 4271 quasi
2289 4198 2677 4270 compatiens,
2703 4197 2872 4269 quasi
2906 4197 3302 4270 dispensative
3335 4214 3535 4271 agens,
3569 4198 3738 4269 quasi

2093 4287 2373 4344 muniﬁce
2404 4286 2995 4361 largiens.Siquidem
3018 4286 3291 4343 remissio
3314 4287 3743 4357 compassionis

2096 4383 2203 4447 est,
2236 4376 2490 4433 oblectio
2519 4375 3004 4449 dispensationis,
3065 4391 3186 4430 non
3216 4374 3510 4446 imputare
3542 4379 3739 4430 autem

2095 4474 2405 4540 peccatum
2436 4466 3097 4538 liberalitatis.Quiergo
3110 4466 3203 4521 his
3226 4465 3387 4539 digni
3407 4465 3743 4521 habentur?

319 4558 380 4614 οἱ
413 4557 627 4626 πιστοὶ,
657 4557 748 4614 καὶ
782 4554 872 4611 διὰ
924 4563 1026 4626 τῆς
1080 4553 1331 4616 πίστεώς.
1390 4553 1486 4607 Διὸ
1542 4551 1632 4607 καί
1693 4552 1974 4627 μακαρίζει

2105 4557 2520 4630 ἳὶιΙθΙθε,ἱι1ψιθ
2552 4574 2657 4629 per
2670 4555 3011 4611 ﬁdem.ldeo
3034 4571 3269 4626 quoque
3293 4555 3497 4610 beatos
3518 4555 3731 4626 prwdi-

322 4647 537 4709 αὐτοὺς
556 4646 649 4701 καί
678 4647 707 4701 ὁ
739 4646 1032 4721 προιρήτης
1078 4640 1264 4699 Δαυίδ.
1318 4643 1451 4703 Τοῖς
1511 4638 1557 4696 δ’
1602 4646 1654 4696 ἐν
1685 4640 1839 4714 νόμῳ
1893 4642 1981 4697 καὶ

319 4735 383 4807 ἐξ
428 4734 601 4811 ἔργων
662 4739 887 4807 ζητοῦσι
946 4730 1324 4802 δικαιωθῆναι,
1370 4727 1600 4804 οὐδεμία
1655 4734 1763 4785 τῶν
1820 4734 1984 4805 τριῶν

323 4824 616 4888 δικαίωσις
645 4822 854 4883 ἕπεται.
888 4826 1020 4885 Τοῖς
1052 4820 1109 4877 δὲ
1161 4821 1222 4876 ἐκ
1278 4818 1527 4888 πίστεως,
1563 4816 1653 4875 δια
1680 4825 1787 4875 τῶν
1820 4825 1985 4895 τριῶν

328 4916 543 4969 τούτων
573 4914 793 4990 τρόπων
827 4915 862 4982 ἡ
918 4910 1227 4981 δικαιοσύνη
1290 4907 1590 4985 λογίζεται.
1652 4910 1986 4985 Προσφόρως

333 5006 449 5080 ἂρα
465 5008 560 5074 τήν
602 5005 896 5074 Δαυϊδικὴν
934 5004 1232 5079 μαρτυρίαν
1272 5003 1299 5057 ὁ
1334 5002 1620 5066 θεσπέσιος
1651 5001 1867 5063 Παῦλος
1916 5006 1984 5078 τῇ

334 5096 457 5168 ἰδίᾳ
487 5100 699 5172 ἥρμοσε
737 5093 1085 5166 διδασκαλίᾳ.

407 5192 467 5247 Ὀ
525 5188 867 5263 μακαρισμὸς
925 5185 1015 5240 οῦν
1064 5183 1271 5253 ,οὗτος,
1331 5178 1417 5236 ἐπὶ
1493 5181 1593 5249 τήν
1659 5186 1984 5257 περιτομὴν,

329 5278 368 5349 ἦ
426 5277 517 5334 καὶ
576 5277 661 5334 ἐπὶ
746 5298 846 5335 ττν
941 5267 1300 5348 ἀκροϐυστίαν
1355 5291 1370 5340 ς
1432 5266 1665 5345 λέγομει
1739 5273 1844 5347 γάρ
1904 5272 1987 5329 δτι

324 5367 585 5443 ﬁnisti-1;
654 5372 734 5441 τῷ
791 5358 1052 5437 Ἀϐρααμ
1104 5363 1141 5430 ἡ
1230 5360 1413 5421 πίστις
1473 5357 1548 5419 εἰς
1614 5356 1984 5433 δικαιοσύνην.

323 5460 454 5521 Πῶς
483 5459 572 5515 οὖν
608 5456 880 5535 ἐλογίσθη
919 5471 934 5521 ;
998 5450 1052 5505 ἑν
1103 5450 1403 5535 περιτομῇ
1436 5444 1570 5535 ὄντι,
1620 5446 1654 5517 ἤ
1709 5446 1761 5502 ἐν
1823 5451 1987 5527 ἀκρο-

326 5540 510 5623 ϐυστίᾳ
538 5570 555 5621 ;
589 5548 690 5607 οὐκ
717 5530 774 5604 ἓν
801 5542 1109 5618 περιτομῇ,
1139 5535 1267 5592 ἀλλ’
1298 5530 1735 5623 ἐνῗάκροϐυστίᾳ.

330 5690 333 5699 .
380 5641 519 5724 Εξῖτά
547 5655 739 5723 φησιν’
773 5633 978 5724 Οὗτθξ.
1006 5628 1037 5686 δ
1080 5632 1161 5701 τῷ
1217 5622 1384 5697 Ααυῖδ
1436 5622 1728 5715 εἰρημένος
1760 5649 1987 5724 pum-Pi...

502 5767 785 5827 Parnm.
832 5752 957 5814 Gn.
1008 5745 1270 5808 CXVIII.

2093 4653 2187 4702 cat
2218 4664 2316 4702 eos
2339 4646 2627 4719 propheta
2656 4645 2849 4700 David.
2876 4647 2985 4699 Eos
3017 4660 3150 4698 vero
3176 4644 3273 4715 qui
3306 4644 3367 4698 in
3400 4644 3548 4717 lege,
3581 4650 3639 4699 et
3666 4661 3739 4700 ex

2093 4736 2369 4808 operibus
2399 4740 2677 4806 quaerunt
2698 4733 3039 4806 justiﬁcari,
3055 4750 3128 4787 ne
3150 4750 3266 4788 una
3289 4733 3530 4805 quidem
3555 4733 3732 4790 trium

2085 4827 2584 4901 justilicationum
2608 4824 2914 4894 sequitur:
2948 4820 3052 4877 sed
3084 4823 3175 4877 his
3198 4821 3296 4894 qui
3332 4840 3402 4878 ex
3432 4822 3736 4896 ﬁdejusti-

2096 4917 2259 4973 ficari
2290 4920 2521 4988 petunt,
2554 4930 2658 4986 per
2696 4914 2802 4967 hos
2828 4918 2946 4966 tres
2976 4911 3183 4966 modos
3205 4912 3533 4984 imputatur
3558 4914 3737 4984 justi-

2096 5007 2196 5063 tia.
2230 5006 2404 5060 Divus
2434 5006 2635 5074 itaque
2666 5002 2885 5057 Paulus
2932 5001 3274 5057 Davidicum
3325 5003 3731 5057 testimonium

2098 5094 2518 5151 convenienter
2542 5091 2761 5163 aptavit
2792 5108 2911 5145 sua)
2944 5091 3251 5148 doctrinm.

2164 5184 2259 5248 ιν,
2290 5187 2342 5250 9,
2382 5185 2462 5236 l0.
2497 5182 2619 5236 ch
2649 5196 2777 5250 ergo
2819 5181 3152 5249 beatiﬁcatio
3182 5183 3332 5235 venit
3362 5183 3421 5234 in
3452 5180 3742 5235 circumci-

2094 5274 2297 5328 sionem
2328 5288 2399 5326 an
2457 5276 2509 5325 et
2566 5272 2624 5324 in
2665 5270 3009 5341 praeputium
3040 5270 3068 5324 Ἰ
3128 5272 3363 5324 Dicimus
3420 5271 3563 5323 enim
3589 5270 3741 5339 quod

2097 5361 2324 5415 Abrahw
2356 5362 2632 5430 imputata
2660 5364 2737 5414 cst
2789 5360 2922 5427 ﬁdes
2972 5357 3046 5413 ad
3090 5360 3379 5429 justitiam
3408 5374 3427 5411 :
3468 5359 3739 5426 quomodo

2097 5468 2224 5521 ergo
2248 5454 2528 5522 imputata
2556 5455 2634 5505 est
2673 5453 2701 5503 ?
2740 5449 2872 5503 Cum
2902 5455 3034 5502 esset
3066 5447 3124 5502 in
3155 5450 3567 5503 circumcisione
3586 5465 3658 5504 an
3682 5451 3742 5505 in

2090 5545 2384 5615 praeputio
2415 5544 2443 5597 ἱ)
2473 5543 2591 5596 Non
2620 5537 2680 5594 in
2710 5540 3143 5605 circumcisione,
3175 5537 3265 5594 sed
3290 5540 3345 5592 in
3370 5542 3670 5610 prwputio.

2168 5631 2393 5691 Deinde
2426 5630 2546 5689 ait:
2580 5627 2715 5686 Haec
2739 5625 3096 5684 beatiﬁcatio
3128 5643 3259 5700 qum
3308 5644 3343 5684 a
3371 5627 3553 5685 David
3583 5629 3742 5685 dicta.

3463 5722 3573 5805 ιδ’
