4126 6256
402 290 523 350 395

1522 282 1936 351 GCUMEN"
1975 283 2286 348 TRICCE
2328 282 2684 351 EPISCOPI

3691 298 3827 361 396

406 434 516 497 est,
546 428 707 483 venit
731 426 793 481 in
827 425 1345 482 circumcisionem
1379 442 1455 481 an
1505 425 1682 481 etiam
1708 425 1769 478 in
1820 438 2024 495 prtepu

2169 423 2326 509 σμὸς,
2358 422 2446 477 ἐπὶ
2491 425 2595 492 τὴν
2625 426 2930 497 περιτομὴν
2988 425 3177 501 ἦλθεν,
3208 425 3246 497 ἤ
3275 428 3365 484 καὶ
3394 429 3483 486 ἐπὶ
3509 432 3610 501 τὴν
3641 432 3821 509 ἀκρο-

406 519 554 573 tium
577 516 605 571 ‘2
624 517 926 589 magisque
949 516 1211 572 ostendit
1240 517 1397 588 quod
1429 517 1489 571 in
1505 516 1862 588 praeputium
1880 530 2055 569 vene-

407 607 488 661 rit
518 623 585 662 ac
616 606 813 661 locum
844 605 1138 674 habuerit,
1182 622 1249 660 eo
1282 604 1440 676 quod
1483 604 1778 660 Abraham
1827 619 1961 658 cum
1992 602 2055 656 in

411 696 704 768 praeputio
737 699 910 761 esset,
953 694 1146 750 salvus
1193 694 1383 750 factus
1440 694 1517 748 sit
1568 698 1627 749 et
1668 691 2051 764 justificatus.

414 813 433 834 ι
470 785 773 851 Quomodo
804 800 940 858 ergo
969 786 1260 856 imputata
1290 782 1711 840 est?nDeinde
1741 782 2055 838 conﬁrmat

417 874 571 946 quod
603 874 666 928 in
697 874 1053 947 praeputium
1072 873 1258 946 magis
1288 873 1483 928 locum
1506 871 1801 937 habuerit,
1834 876 1894 927 et
1920 876 2005 925 ait
2036 886 2050 923 :

403 985 431 1013 ‹‹
466 964 1025 1035 Αὺτειὶιωὶιηριηοὶει
1055 969 1145 1018 est
1165 963 1402 1034 justitia
1422 978 1528 1034 per
1556 962 1756 1017 ﬁdem.
1783 982 1811 1011 »
1844 959 2048 1014 Videa-

407 1069 542 1107 mus
575 1051 775 1123 itaque
805 1058 1007 1106 utrum
1057 1052 1306 1106 Abrahae
1337 1067 1470 1106 cum
1495 1051 1620 1120 jam
1667 1049 2052 1105 circumcisus

405 1146 581 1207 esset,
640 1139 1234 1211 hujusmodijustitia
1265 1140 1554 1211 imputata
1583 1140 1678 1207 sit,
1734 1154 1810 1194 an
1858 1137 2053 1193 adhuc

404 1230 778 1300 prmputiato.
811 1230 881 1283 Et
908 1229 1314 1293 manifestum,
1363 1228 1579 1298 inquit,
1612 1227 1769 1298 quod
1817 1243 2049 1299 prmpu-

406 1317 753 1372 tiato.Vides
786 1333 920 1390 ergo
953 1316 1110 1388 quod
1138 1317 1329 1390 magis
1359 1316 1422 1371 in
1449 1316 1804 1389 praeputium
1835 1315 2053 1371 habeat

401 1406 595 1461 locum
623 1405 651 1460 ‘I
674 1428 700 1456 ‹‹
731 1406 842 1462 Sed
872 1407 1180 1479 praeputio.
1218 1428 1246 1457 η
1282 1406 1338 1461 Si
1370 1422 1507 1477 ergo
1565 1422 1700 1461 cum
1750 1410 1907 1461 esset
1986 1404 2049 1459 in

400 1496 690 1567 praeputio
714 1495 1077 1565 justiﬁcatus
1109 1501 1218 1561 est,
1271 1496 1427 1553 ΞΜ)
1484 1502 1642 1552 certe
1689 1494 2047 1550 beatiﬁcatio

404 1601 535 1654 qua:
565 1600 601 1639 a
631 1584 809 1640 David
844 1584 999 1640 dicta
1021 1584 1332 1657 est,magis
1364 1584 1559 1639 locum
1590 1584 1770 1639 habet
1797 1583 1859 1637 in
1903 1599 2046 1654 prae-

405 1673 641 1744 putium
671 1689 848 1744 quam
880 1673 941 1728 in
975 1673 1510 1729 circumcisionem.
1545 1672 1930 1728 Circumcisio
1970 1670 2044 1725 ob

2166 505 2387 566 ϐυστίαν
2423 533 2438 580 ;
2471 513 2559 566 καὶ
2593 511 3117 586 μᾶλλονῇδείκνυσιν,
3177 516 3266 572 ἐπὶ
3316 520 3417 586 τήν
3449 505 3819 593 ἀκροϐυστίαν

2152 599 2324 655 αὐτὸν
2355 598 2667 672 ἐληλυθότα
2703 604 2795 657 καὶ
2856 606 3042 679 χώραν
3073 600 3293 681 ἔχοντα,
3322 614 3404 681 τῷ
3430 610 3521 664 τὸν
3554 607 3825 687 Ἀϐραὰμ

2164 689 2217 746 ἐν
2306 687 2644 766 ἀκροϐυστίᾳ
2725 690 2878 765 ὄντα,
2954 705 3196 767 σωθῆναι
3259 700 3348 754 καὶ
3428 698 3821 773 δικαιωθῆναι.

2166 802 2191 834 ε
2227 785 2351 843 Ηῶς
2411 780 2502 836 οὖν
2555 782 2809 857 ἐλογίσθη
2846 804 2861 854 ;
2900 810 2927 836 »
2976 787 3107 843 Εἶτα
3164 793 3543 860 κατασκευάζει
3599 792 3661 847 τὸ
3721 792 3826 849 ἐπὶ

2159 869 2261 937 τήν
2337 864 2699 944 ἀκροϐυστίαν
2771 871 2989 945 μᾶλλον
3039 869 3187 948 ἔχειν
3244 876 3455 951 χώραν,
3513 877 3600 932 καί
3652 899 3826 949 canar

2162 982 2190 1009 α
2222 961 2311 1030 Τῷ
2368 954 2616 1033 Ἀϐραὰμ
2671 958 2934 1036 ἐλογίσθη
2988 961 3303 1035 δικαιοσύνη
3359 963 3450 1020 διά
3488 966 3746 1029 πίστεως,
3788 992 3824 1020 ››

2160 1045 2393 1122 Ἴδωμεν
2422 1056 2711 1127 τοιγαροῦν
2741 1054 3098 1129 ἐμπεριτόμῳ
3156 1051 3269 1110 ὅντι
3327 1061 3405 1129 τῷ
3461 1054 3717 1133 Ἀϐραὰμ
3776 1061 3818 1128 ἠ

2158 1139 2383 1211 τοιαύτη
2444 1137 2702 1215 ἐλογίσθη
2776 1139 3115 1215 δικαιοσύνη,
3184 1144 3220 1213 ἧ
3296 1141 3637 1220 ἀκροϐύστῳ.
3706 1148 3821 1205 Καὶ

2161 1225 2352 1299 δῆλον,
2389 1229 2574 1305 φησὶν,
2625 1231 2698 1292 ὡς
2726 1227 3069 1307 ἀκροϐύστῳ.
3128 1233 3288 1307 Ὁρᾷς
3318 1234 3409 1288 οὗν
3463 1235 3545 1290 ὃτι
3591 1236 3820 1309 μᾶλλον

2158 1316 2246 1373 ἐπὶ
2276 1320 2376 1388 τήν
2408 1314 2767 1389 ἀκροϐυστίαν
2820 1322 3007 1396 χώραν
3065 1319 3183 1398 ἔχει
3217 1341 3232 1390 ;
3272 1344 3294 1371 ο
3330 1321 3489 1380 Ἀλλ’
3533 1324 3587 1379 ὲν
3641 1326 3822 1402 ἀκροο

2158 1402 2370 1479 ϐυστίᾳ.
2404 1430 2430 1459 ι)
2466 1407 2535 1463 Εἴ
2565 1408 2657 1463 οὗν
2693 1408 2744 1463 ἐν
2800 1405 3131 1483 ἀκροϐυστίᾳ
3188 1408 3263 1465 ὢν
3324 1410 3641 1485 ἐδικαιώθη,
3707 1414 3819 1489 ἂρα

2162 1494 2536 1570 μᾶλλονὸτῷ
2585 1495 2747 1554 Δαυῖδ
2805 1498 3098 1575 εἰρημένος
3158 1504 3526 1575 μακαρισμὸς,
3560 1501 3648 1557 ἐπὶ
3705 1504 3812 1572 τήν

2154 1580 2515 1661 ἀκροϐυστίαν
2547 1590 2736 1663 χώραν
2796 1586 2938 1665 ἔχει,
2995 1588 3031 1659 ἤ
3087 1589 3175 1645 ἐπὶ
3221 1592 3321 1661 τήν
3351 1595 3681 1666 περιτομήν.
3740 1594 3815 1651 Ἠ

2154 1677 2430 1749 περιτομή
2463 1673 2625 1748 ἐδόθη
2685 1675 2773 1732 διὰ
2828 1683 2975 1753 τρεῖς
3029 1678 3228 1738 ταύτας
3286 1678 3486 1747 αἰτίας,
3528 1678 3667 1736 ὥστε
3700 1702 3812 1754 ση-

401 1762 508 1817 has
535 1767 655 1817 tres
675 1777 883 1818 causas
915 1761 1051 1817 data
1073 1767 1183 1826 est,
1214 1768 1281 1816 ut
1310 1761 1449 1817 ﬁdei
1498 1761 1731 1832 signum
1776 1764 1952 1827 esset,
1981 1765 2031 1814 ut

2159 1769 2310 1836 μεῖον
2368 1765 2502 1819 εἶναι
2550 1765 2808 1837 πίστεως,
2865 1769 2952 1822 καὶ
3035 1770 3132 1822 τοῦ
3186 1762 3555 1843 Ἀϐραμιαίου
3611 1769 3809 1844 γένους

402 1855 652 1910 Abrahae
684 1871 870 1928 genus
900 1855 1331 1922 manifestaret,
1355 1855 1716 1926 demumque
1773 1860 1839 1908 ut
1891 1858 2049 1908 esset

400 1949 543 1997 nota
571 1959 639 1998 ac
667 1943 998 1999 involutum
1051 1944 1338 1999 indicium
1396 1960 1560 2015 purae
1617 1948 1677 1999 et
1704 1948 2043 2014 temperata:

401 2031 886 2086 conversationis.
922 2031 1064 2086 Data
1095 2032 1272 2087 etiam
1331 2038 1421 2087 est
1478 2047 1599 2087 non
1631 2038 1698 2087 ut
1746 2031 2041 2102 justitiam

396 2122 874 2194 operaretur,sed
904 2128 970 2178 ut
998 2123 1260 2196 sigillum
1283 2128 1440 2179 esset
1454 2139 1521 2181 ac
1533 2123 1768 2197 signum
1790 2121 2041 2195 justitim

396 2225 529 2278 quae
562 2215 651 2265 est
679 2226 785 2283 per
814 2210 1017 2267 fidem.

460 2345 553 2413 ιν,
614 2346 699 2413 11,
761 2348 846 2401 12.
904 2350 982 2401 Et
1036 2349 1256 2416 signum
1320 2350 1533 2419 accepit
1589 2349 2033 2418 circumcisionis,

386 2433 730 2505 signaculum
746 2437 985 2506 justitiae
1015 2436 1147 2504 ﬁdei
1183 2452 1305 2507 qua
1363 2440 1551 2506 fuerat
1598 2441 1656 2492 in
1706 2440 1986 2509 praeputio
2017 2456 2036 2494 :

384 2530 447 2578 ut
485 2530 615 2579 esset
642 2526 760 2594 ipse
781 2531 947 2595 pater
976 2528 1220 2580 omnium
1271 2526 1609 2581 credentium
1653 2542 1759 2596 per
1796 2541 2033 2598 praepu-

386 2616 545 2680 tium,
578 2620 638 2668 ut
668 2616 973 2685 imputetur
1000 2622 1053 2669 et
1082 2614 1195 2669 illis
1214 2614 1443 2683 justitia
1483 2631 1501 2668 :
1531 2621 1583 2669 et
1605 2621 1772 2685 pater
1802 2617 2031 2671 circum-

383 2703 628 2767 cisionis,
659 2703 743 2758 his
773 2706 873 2772 qui
895 2718 1005 2757 non
1024 2702 1201 2757 solum
1225 2718 1295 2758 ea:
1324 2704 1733 2758 circumcisione
1760 2711 1909 2766 sunt,
1940 2704 2033 2759 sed

385 2791 553 2844 etiam
582 2789 668 2844 his
696 2793 796 2860 qui
825 2791 1087 2845 incedunt
1112 2808 1217 2861 per
1245 2790 1477 2861 vestigia
1504 2790 1637 2860 ﬁdei
1676 2807 1798 2863 qua
1826 2794 1941 2860 fuit
1972 2794 2029 2846 in

373 2880 658 2949 praeputio
680 2880 866 2949 patris
892 2882 1067 2936 nostri
1096 2879 1399 2936 Abraham.

452 3130 856 3202 Objectionem
886 3130 1058 3187 solvit
1088 3148 1219 3203 qum
1251 3147 1380 3187 sese
1427 3132 1641 3188 offerre
1696 3131 2022 3188 videbatur.
2059 3166 2102 3233 α

386 3222 572 3275 Tanta
603 3237 696 3276 res
728 3227 818 3275 est
842 3221 1240 3287 circumcisio,
1272 3221 1428 3277 dicet
1460 3222 1780 3293 quispiam,
1812 3226 1877 3277 ut
1906 3224 2034 3283 sine

381 3308 491 3362 hac
517 3325 636 3363 non
654 3309 958 3371 contingat
979 3309 1297 3381 justiﬁcari
1320 3328 1333 3364 :
1353 3326 1488 3366 nam
1512 3317 1568 3364 et
1585 3310 2031 3382 ipsiAbraham,

389 3396 511 3466 qui,
547 3403 611 3449 ut
641 3396 749 3460 ais,
775 3397 835 3451 in
867 3399 1156 3468 prmputio
1178 3398 1287 3452 fuit
1312 3398 1697 3467 justiflcatus.
1732 3417 1880 3471 opus
1907 3411 2035 3460 erat

380 3485 855 3540 circumcisione.
889 3486 1150 3542 Etdicit:
1181 3488 1305 3541 Non
1328 3487 1401 3542 ob
1433 3487 1595 3542 aliud
1646 3488 2032 3548 circumcisus

382 3579 494 3630 est.
529 3590 704 3645 quam
741 3581 806 3630 ut
831 3575 1348 3631 circumcisionem
1374 3576 1630 3631 deferret
1674 3577 1736 3631 in
1795 3578 2029 3651 signum

379 3678 445 3718 ac
471 3664 1042 3721 demonstrationem
1098 3665 1371 3737 justitiaa.
1431 3683 1561 3737 quae
1620 3666 1682 3721 in
1739 3671 2027 3740 praeputio

378 3754 744 3825 contigerat:
777 3754 932 3825 quod
966 3755 1013 3810 si
1047 3754 1213 3811 illam
1245 3755 1547 3826 signorum
1579 3763 1682 3811 aut
1738 3757 2025 3831 signacUli

388 3858 567 3895 causa
596 3843 841 3915 accepit,
868 3843 991 3899 haec
1022 3842 1096 3898 ad
1118 3843 1416 3915 justitiam
1447 3842 1598 3897 nihil
1629 3845 1897 3902 contulit.
1923 3846 2027 3901 sed

378 3930 489 3985 hoc
513 3932 686 3986 modo
699 3932 1259 4004 solumjustilicatus
1279 3950 1408 3988 esse
1426 3932 1894 4005 signiﬁcabatur:
1914 3936 2024 3993 hoc

382 4026 471 4074 est
493 4019 673 4091 quod,
704 4037 837 4078 cum
858 4022 917 4075 in
943 4024 1231 4093 prmputio
1250 4029 1426 4081 esset.
1451 4023 1748 4093 justitiam
1767 4026 2022 4097 accepis-

376 4115 468 4164 set
518 4110 814 4178 -—Quare,
846 4111 1062 4183 inquit,
1117 4113 1377 4184 primum
1409 4111 1764 4183 imputatum
1797 4120 1885 4169 est
1932 4114 2020 4169 illi

369 4198 446 4252 ad
469 4199 788 4271 justitiam.
822 4207 881 4255 et
928 4201 1010 4256 ita
1039 4200 1419 4272 postmodum
1469 4202 1854 4257 circumcisus
1877 4203 2021 4259 est?

369 4288 631 4345 Primum
668 4289 909 4360 quidem
936 4297 1004 4346 ut
1033 4290 1113 4345 ita
1142 4291 1373 4346 virtutis
1395 4290 1630 4362 signum
1653 4299 2016 4362 censeretur,

371 4383 429 4431 et
458 4395 580 4435 non
610 4379 789 4434 veluti
821 4379 951 4451 ipsa
978 4380 1179 4444 virtus,
1213 4386 1316 4435 aut
1342 4385 1569 4434 rectum
1599 4377 1829 4434 virtutis
1846 4396 2014 4452 opus.

367 4464 609 4537 Signum
633 4483 892 4539 namque
950 4466 1425 4523 circumcisionis
1474 4473 1564 4521 est
1620 4467 2014 4539 signaculum,

2157 1847 2482 1923 δηλοτικήν,
2514 1855 2604 1909 καὶ
2637 1850 2916 1930 σόμϐολον
2957 1856 3046 1910 καὶ
3106 1855 3337 1933 αἶ’νιγμα
3391 1857 3672 1919 πολιτείας
3700 1880 3801 1913 κα-

2155 1942 2320 2016 θαρᾶς
2372 1944 2461 1998 καὶ
2521 1945 2824 2021 σώφρονος.
2908 1949 3061 2001 Ὡστε
3131 1943 3240 2021 οὐχ
3323 1946 3398 2008 ὡς
3458 1944 3792 2018 δικαιοσύνης

2153 2031 2415 2099 ποιητική
2459 2027 2647 2102 ἐδόθη,
2676 2029 2823 2087 ἀλλά
2870 2033 3100 2114 σφραγὶς
3153 2032 3243 2087 καὶ
3301 2038 3533 2108 σημεῖον
3588 2041 3679 2105 τῆς
3730 2032 3794 2089 ἐκ

2150 2115 2384 2182 πίστεως
2418 2117 2786 2193 δικαιοσύνης.

2231 2358 2328 2413 Καὶ
2413 2365 2642 2434 σημεῖον
2727 2356 2894 2417 ἔλαϐε
2947 2369 3276 2437 περιτομῆς,
3364 2359 3634 2441 σφραγῖδα
3700 2366 3811 2429 τῆς

2149 2442 2502 2520 δικαιοσύνης
2581 2456 2683 2520 τῆς
2728 2450 2962 2515 πίστεως
3032 2459 3132 2522 τῆς
3200 2453 3254 2508 ἐν
3320 2457 3389 2528 τῇ
3442 2448 3806 2527 ἀκροϐυστίᾳο

2161 2535 2239 2601 εἷς
2262 2538 2326 2593 τὸ
2353 2539 2490 2594 εἶναι
2522 2540 2681 2595 αὐτὸν
2738 2540 2941 2614 πατέρα
2992 2542 3209 2597 πάντων
3262 2547 3371 2597 τῶν
3428 2544 3802 2598 πιστευόντων

2148 2622 2220 2680 δι’
2252 2624 2633 2702 ἀκροϐυστίας,
2683 2631 2760 2692 είς
2799 2632 2862 2686 τὸ
2922 2631 3243 2709 λογισθῆναι
3307 2633 3397 2689 καὶ
3454 2633 3642 2694 αὐτοῖς
3693 2634 3802 2702 τὴν

2148 2710 2514 2788 δικαιοσύνην·
2542 2720 2631 2774 καὶ
2662 2721 2867 2792 πατέρα
2894 2728 3226 2796 περιτομῆς,
3278 2727 3394 2784 τοῖς
3444 2722 3549 2777 οὐκ
3610 2721 3673 2776 ἐκ
3701 2741 3809 2776 πε-

2147 2813 2380 2878 ριτομῆς
2418 2808 2603 2881 μόνον,
2629 2806 2777 2864 ἀλλά
2831 2812 2924 2866 καὶ
2974 2816 3092 2873 τοῖς
3152 2815 3435 2888 ποιχοῦσι
3464 2816 3583 2873 τοῖς
3614 2810 3803 2891 ἴχνεσι

2142 2896 2243 2958 τῆς
2297 2892 2350 2950 ἐν
2394 2900 2462 2971 τῇ
2516 2893 2848 2974 ἀκροϐυστίᾳ
2908 2900 3143 2963 πίστεώς
3217 2904 3316 2959 τοῦ
3370 2901 3577 2974 πατρὸς
3632 2904 3798 2974 ἡμῶν

2141 2978 2411 3059 Ἀϐραὰμ.

2213 3126 2483 3177 Δοκοῦσαν
2514 3123 2778 3180 ἀντίθεσιν
2837 3127 2977 3185 Λύει.
3030 3128 3327 3196 Τοσοῦτον,
3359 3126 3517 3200 φησί,
3576 3125 3792 3202 μεγάλη

2140 3210 2177 3279 ἡ
2203 3212 2497 3285 περιτομὴ,
2530 3212 2621 3267 καὶ
2650 3212 2851 3286 ταύτης
2883 3214 3061 3290 χωρὶς
3120 3215 3220 3270 οὐκ
3276 3210 3352 3271 ἔνι
3401 3210 3795 3285 δικαιωθῆναι,

2137 3298 2222 3353 ὅτι
2268 3301 2357 3355 καὶ
2418 3299 2577 3363 αὐτὸς
2622 3297 2879 3378 Ἀϐρααμ
2934 3305 2962 3358 ὁ
3011 3302 3063 3359 ἐν
3120 3299 3455 3380 ἀκροϐυστίᾳ
3500 3305 3638 3361 κατά
3694 3304 3796 3362 τὸν

2136 3389 2227 3443 σὸν
2259 3386 2423 3465 λόγον
2457 3387 2784 3458 δικαιωθεῖς,
2817 3400 3124 3467 περιτομῆς
3156 3392 3375 3465 ἐδεήθη.
3440 3393 3541 3450 Καί
3595 3414 3790 3471 φησιν·

2135 3478 2212 3535 Οὐ
2245 3475 2333 3533 διά
2361 3500 2415 3534 τι
2443 3475 2623 3555 ἓτερον
2675 3484 3041 3557 περιετμήθη,
3075 3480 3112 3552 ἤ
3172 3480 3262 3538 διὰ
3289 3484 3353 3539 τὸ
3408 3489 3631 3556 σημεῖον
3692 3486 3796 3541 καὶ

2135 3566 2406 3638 ἀπόδειξιν
2488 3567 2831 3647 ἐπιφέρεσθαι
2888 3574 2986 3641 την
3068 3574 3396 3648 περιτομὴν,
3454 3578 3552 3641 τῆς
3603 3572 3655 3626 ἐν
3708 3579 3789 3651 τῇ

2134 3651 2461 3732 ἀκροϐυστίᾳ
2495 3660 2804 3734 ὑπαρξάσης
2828 3660 2974 3734 αὐτῷ
3016 3659 3383 3733 δικαιοσύνης.
3439 3662 3504 3718 Εἰ
3561 3659 3619 3717 δὲ
3676 3683 3791 3735 ση-

2138 3746 2304 3819 μείων
2362 3744 2537 3802 ἕνεκεν
2596 3748 2687 3802 καὶ
2746 3748 3041 3827 σφραγῖδος
3122 3747 3315 3806 ἔλαϐεν
3374 3751 3564 3824 αὐτὴν,
3620 3750 3785 3809 οὐδὲν

2132 3833 2266 3905 αὕτη
2301 3836 2436 3906 πρὸς
2470 3837 2569 3904 τήν
2603 3833 2951 3909 δικαιοσύνην
3002 3840 3356 3905 συνετέλεσεν,
3409 3839 3556 3895 ἁλλά
3609 3844 3777 3915 μόνον

2128 3924 2191 3977 τὸ
2220 3922 2456 3979 τοιῶσδε
2514 3922 2897 3991 δεδικαιῶσθαι
2956 3928 3237 4003 ἐσήμαινε,
3278 3929 3551 3986 τουτέστιν
3580 3930 3655 3985 ὅτι
3710 3928 3765 3984 ἐν

2127 4015 2195 4085 τῇ
2254 4007 2583 4087 ἀκροϐυστίᾳ
2640 4011 2739 4084 ὢν,
2795 4016 3006 4088 ἠξιώθη
3075 4024 3175 4087 τῆς
3254 4016 3619 4090 δικαιοσύνης.
3693 4048 3761 4060 -

2128 4100 2340 4175 [ΦΩΤ.]
2375 4104 2469 4157 Διά
2486 4101 2561 4173 τί,
2593 4105 2748 4178 φησὶ,
2779 4109 2995 4180 πρῶτον
3038 4104 3296 4183 ἐλογίσθη
3354 4109 3502 4181 αὖτῷ
3559 4107 3634 4170 εἷς
3690 4106 3772 4162 διο

2125 4187 2434 4258 καιοσύνην,
2467 4190 2556 4243 καὶ
2588 4190 2734 4245 οὕτω
2760 4196 3102 4266 περιετμήθη
3139 4212 3153 4263 ;
3216 4199 3439 4271 Πρῶτον
3499 4197 3620 4268 μὲν,
3678 4192 3777 4250 ἵνα

2125 4276 2198 4337 ὡς
2230 4282 2457 4350 σημεῖον
2484 4283 2722 4353 νομισθῇ
2755 4281 2950 4357 ἀρετῆς
2979 4285 3014 4353 ἠ
3069 4287 3366 4358 περιτομὴ,
3415 4287 3505 4341 καὶ
3535 4284 3645 4364 οὐχ
3700 4285 3781 4348 ὡς

2124 4365 2391 4441 αὐταρετὴ
2422 4368 2511 4421 καὶ
2543 4370 2892 4443 κατόρθωμα.
2928 4372 3006 4429 Τὸ
3043 4373 3147 4448 γάρ
3198 4379 3428 4448 σημεῖον
3471 4381 3574 4444 τῆς
3620 4395 3778 4449 περι-

2119 4460 2318 4528 τομῆς,
2350 4454 2505 4531 φησὶ,
2538 4456 2770 4533 σφραγίς
2799 4457 2963 4525 ἐστιν,
2997 4461 3115 4516 οἷον
3149 4463 3378 4535 σημεῖόν
3409 4483 3467 4517 τε
3523 4463 3615 4518 καὶ
3669 4483 3780 4517 παπ

362 4556 582 4624 inquit,
616 4538 897 4628 tanquam
929 4556 1164 4629 signum
1198 4561 1252 4611 et
1294 4538 1697 4629 comprobatio
1739 4558 2013 4630 justitiaa,

2142 4547 2399 4613 >ἀστασις,
2447 4552 2548 4615 τῆς
2605 4544 2659 4601 ἐν
2715 4547 2786 4623 τῇ
2844 4545 3173 4624 ἀκροϐυστίᾳ
3228 4549 3318 4607 διὰ
3379 4552 3619 4616 πίστεως
3677 4552 3774 4607 καὶ

365 4659 495 4713 qua)
526 4660 633 4714 per
662 4646 838 4701 ﬁdem
871 4647 932 4701 in
963 4645 1251 4718 prwputio
1281 4644 1438 4701 facta
1467 4652 1575 4702 est.
1610 4645 1877 4702 Secundo
1917 4663 2017 4704 au-

365 4745 505 4792 tem.
536 4738 605 4786 ut
631 4739 690 4788 et
718 4735 1205 4806 praeputiatorum
1239 4741 1296 4790 et
1343 4733 1829 4791 circumcisorum
1859 4753 2014 4793 com-

366 4822 568 4877 munis
602 4829 767 4893 pater
788 4831 1209 4897 agnosceretur
1237 4843 1305 4882 ac
1326 4826 1726 4896 divulgaretur
1745 4843 1757 4880 :
1779 4844 2010 4900 praepu-

364 4910 646 4967 tialomm
680 4914 942 4984 quidem,
975 4919 1041 4969 ut
1069 4915 1170 4986 qui
1203 4916 1265 4971 in
1322 4916 1612 4988 praeputio
1658 4915 2012 4974 credidisset

360 5001 808 5069 acjustiticatus
865 5002 1120 5059 fuisset:
1181 5004 1664 5060 circumcisorum
1715 5021 1853 5060 vero
1887 5012 2010 5063 tan-

359 5107 533 5161 quam
569 5098 627 5145 et
672 5091 797 5162 ipse
830 5091 1218 5148 circumcisus
1277 5102 1587 5164 postquam
1634 5094 2006 5155 credidisset.

358 5180 561 5234 Merito
596 5197 731 5253 ergo
777 5190 1125 5236 cunctorum
1180 5189 1348 5253 pater
1405 5189 1709 5253 reputatus
1756 5190 1865 5246 est,
1902 5185 2001 5255 qui

358 5265 633 5323 videlicet
680 5270 855 5325 ﬁdem
917 5271 1340 5342 suscepissent,
1400 5272 1523 5326 sive
1605 5271 2005 5328 incircumcisi

354 5364 570 5409 essent.
607 5359 725 5412 sive
757 5358 1110 5414 circumcisi.
1173 5360 1337 5423 Quod
1420 5360 1467 5413 si
1518 5358 1695 5414 fidem
1729 5376 1846 5414 non
1911 5361 2009 5416 ha-

351 5437 751 5516 beant.neque
769 5447 1181 5521 cognationem
1201 5447 1272 5502 ad
1295 5447 1463 5503 illum
1481 5447 1721 5508 habent.
1751 5448 2002 5520 quicun-

352 5544 466 5600 que
490 5530 628 5598 sint,
662 5550 856 5608 neque
887 5535 1154 5592 hearedes
1210 5553 1351 5594 sane
1384 5542 1559 5595 erunt
1587 5538 2001 5610 promissionis

349 5635 481 5692 qua)
513 5620 590 5678 ad
617 5621 791 5682 illum
822 5625 976 5681 facta
1006 5630 1097 5681 est
1127 5643 1144 5696 ς
1176 5626 1325 5685 251
1361 5627 1823 5700 consanguineis
1840 5628 2000 5687 enim

2125 4631 2489 4706 δικαιοσύνης.
2549 4636 2803 4712 Δεύτερον
2858 4637 2936 4711 δὲ,
2964 4638 3057 4695 ἵνα
3101 4641 3192 4697 καὶ
3249 4646 3359 4698 τῶν
3386 4637 3772 4716 ἀκροϐύστων,

2122 4724 2208 4780 καὶ
2268 4729 2376 4780 τῶν
2437 4723 2824 4800 ἐμπεριτόμων
2887 4730 3066 4793 κοινὸς
3123 4730 3427 4805 ἐπιγνωσθῇ
3499 4731 3591 4786 καὶ
3644 4731 3776 4786 ἀνα-

2119 4815 2374 4889 κηρυχθῇ
2430 4816 2630 4891 πατήρ·
2661 4809 2789 4870 ’τῶν
2848 4819 2944 4890 μὲν
3017 4814 3389 4894 ἀκροϐύστων,
3450 4820 3526 4883 ὡς
3587 4820 3640 4876 ἐν
3696 4824 3769 4894 τῇ

2120 4899 2450 4978 ἀκροϐυστία
2505 4905 2594 4959 καὶ
2650 4909 2936 4970 πιστεύσας
2990 4908 3080 4964 καὶ
3139 4908 3468 4973 δικαιωθείς’
3525 4915 3634 4965 τῶν
3713 4907 3766 4966 δ’

2119 4992 2525 5067 ἐμπεριτόμων,
2584 4994 2659 5052 ὡς
2714 4998 2806 5052 καὶ
2858 4997 3021 5061 αὐτὸς
3089 5000 3446 5074 περιτμηθεὲς
3508 5000 3645 5073 μετά
3700 5000 3767 5057 τὸ

2117 5088 2422 5138 πιστεῦσαι.
2461 5084 2681 5138 Πάντων
2717 5085 2808 5139 οὗν
2834 5085 3056 5148 εἰκότως
3110 5086 3171 5142 ἄν
3215 5087 3498 5165 λογισθείη
3557 5091 3768 5164 πατὴρ,

2116 5177 2222 5227 τῶν
2254 5174 2353 5241 τὴν
2405 5171 2584 5227 πίστιν
2639 5169 2896 5244 δηλονότι
2956 5175 3569 5251 παραδεξαμένων,εῗτε
3638 5179 3765 5233 ἀπε-

2117 5261 2399 5334 ρίτμητοι,
2432 5260 2541 5316 εἶ’τε
2576 5263 3031 5337 περιτεομημένοι
3080 5265 3209 5322 εἷεν.
3268 5271 3367 5323 "Av
3429 5265 3486 5322 δι
3530 5268 3633 5336 τήν
3683 5288 3772 5321 πι-

2116 5371 2229 5405 στιν
2266 5352 2343 5424 μή
2375 5347 2601 5428 ἔχωσιν,
2659 5348 2783 5409 οὐδὲ
2838 5355 2937 5422 τήν
3001 5354 3138 5426 πρὸς
3189 5355 3391 5411 ἐκεῖνον
3449 5358 3764 5431 συγγένειαν

2114 5439 2356 5509 Eleos-tv,
2390 5436 2585 5494 οἷ’τινες
2625 5439 2684 5496 ἄν
2737 5443 2864 5510 εΤεν,
2914 5440 3039 5499 οὐδὲ
3095 5443 3443 5521 κληρονόμοι
3501 5443 3607 5520 ἂρα
3665 5448 3763 5510 τῆς

2111 5530 2249 5604 πρὸς
2309 5525 2512 5583 ἐκεῖνον
2565 5529 2909 5607 ἐπαγγελίας.
2966 5534 3098 5595 Τοῖς
3164 5535 3267 5610 γάρ
3327 5535 3597 5612 συγγενέσι
3660 5531 3762 5608 (τῷ

2109 5621 2214 5696 γὰρ
2264 5617 2535 5692 σπέρματι
2593 5617 2804 5695 αὐτοῦ),
2855 5620 2915 5678 αἱ
2972 5619 3294 5704 ὑποσχέσεις
3345 5622 3435 5681 καὶ
3489 5619 3755 5703 εὐλογίαι.
