4126 6256
226 373 332 431 391

1387 373 1786 435 COMMENT.
1840 370 1913 430 IN
1965 372 2209 431 EPIST.
2256 371 2358 430 AD
2406 370 2588 431 BOM.

3566 368 3686 427 398

233 529 261 557 ιι
288 503 574 585 Σφραγῖδα
605 513 712 576 τῆς
749 505 1149 581 δικαιοσύνης
1191 515 1285 579 τῆς
1342 504 1596 570 πίστεως.
1637 532 1657 555 ι
1719 510 1818 573 τῆς
1870 502 1930 558 ἐκ

2052 506 2283 575 (nempe
2314 501 2528 558 semini
2559 503 2707 574 ejus)
2741 501 2891 557 data
2945 506 3082 557 sunt
3138 499 3565 573 promissiones
3622 516 3689 557 ac

242 596 471 658 πίστεως
503 598 858 673 ὑπαρξάσης,
906 629 928 652 ι
974 603 1060 665 εἷς
1093 602 1155 656 τὸ
1186 602 1311 655 εῖναι
1344 599 1503 655 αὐτὸν
1536 598 1760 672 πατέρα.
1807 622 1834 648 ››

350 778 444 835 Διὶ
468 775 601 832 τὶὃὶ
632 779 787 840 ὅλως
825 779 1042 850 ὲδέηθη
1105 781 1289 849 αὐτῆς.
1349 780 1393 834 εἰ
1455 776 1621 853 μηδὲν
1673 773 1937 831 συνετέλει

286 866 345 923 ἒν
389 872 454 940 τῇ
503 865 860 943 Ξικαιοσόνῃς
932 875 1160 943 [Ιρῶτον
1219 870 1309 942 μὲν
1363 869 1542 930 καθὼς
1597 865 1705 920 ἄνω
1765 862 1938 939 λέγει,

296 958 377 1019 εἷς
407 960 462 1012 τὸ
495 959 617 1011 εἶναι
659 958 833 1027 αυτὴν
903 964 1163 1032 σημεῖον·
1223 956 1403 1013 ἔπειτα
1460 958 1548 1010 ἳνα
1605 956 1787 1014 κοινὸς
1847 952 1934 1029 γέ-

293 1050 647 1117 νηταιπατῆρ
672 1052 782 1100 τῶν
818 1068 882 1102 τε
938 1047 989 1101 ἐν
1054 1051 1346 1121 περιτομῇ,
1406 1051 1513 1100 τῶν
1560 1066 1616 1098 τε
1672 1043 1725 1097 ἐν
1780 1042 1938 1116 ἀκρο-

285 1129 499 1205 ϐυστία.
553 1161 577 1185 ι(
610 1136 831 1189 Πάντων
886 1141 998 1190 τῶν
1060 1135 1445 1191 πιστευόντων.
1479 1157 1507 1185 ››
1566 1131 1687 1205 Οὐχ
1747 1130 1936 1188 ἅπλῶς

276 1227 393 1277 τῶν
425 1220 762 1293 οἰωνδῆποτε
792 1226 1027 1299 πατέρα,
1073 1221 1221 1278 ἀλλά
1272 1228 1379 1278 τῶν
1437 1220 1799 1277 πιστευόντων
1862 1217 1936 1278 εἷς

274 1310 371 1365 τὸν
398 1312 653 1381 Χριστόν.
722 1336 749 1360 ιι
788 1312 866 1364 Δι’
926 1305 1303 1385 ἀκροϐυστίας.
1341 1334 1367 1360 ››
1426 1314 1540 1362 Τῶν
1598 1307 1648 1362 ἐν
1702 1300 1933 1381 ἀκροϐυ-

278 1401 400 1470 στίᾳ
432 1399 607 1454 ὄντων
654 1400 746 1454 καὶ
806 1401 1190 1456 πιστευόντων.
1248 1398 1343 1460 Εἲς
1396 1401 1479 1468 τὸ,
1544 1422 1570 1449 α
1602 1398 1937 1473 Λογισθῆναι

274 1490 365 1544 καὶ
394 1491 597 1550 αὐτοῖς
625 1490 728 1557 τὴν
762 1486 1127 1559 δικαιοσύνην.
1165 1514 1192 1540 »
1243 1490 1339 1543 Διά
1391 1487 1622 1550 πίστεως
1679 1482 1933 1556 δηλονότι

275 1578 456 1657 χωρὶς
545 1574 743 1652 ἔργων.
812 1602 837 1627 ››
896 1578 1000 1635 Καὶ
1058 1578 1260 1652 πατέρα
1335 1583 1657 1652 περιτομῆς.
1722 1598 1748 1624 ››
1810 1573 1936 1651 Οὐχ

278 1665 493 1731 ἁπλῶς,
532 1667 695 1745 φησὶ,
728 1670 911 1741 πατὴρ
939 1671 1046 1721 τῶν
1104 1666 1553 1741 ἐμπεριτμήτων,
1610 1668 1792 1736 (τοῦτο
1831 1663 1934 1736 γὰρ

277 1753 445 1823 δηλοῖ
473 1758 544 1810 τὸ
573 1762 932 1831 περιτομῆς,)
970 1753 1115 1810 ἀλλὰ
1171 1757 1350 1831 πατήρ
1402 1753 1619 1810 ἐκείνων
1672 1756 1778 1807 τῶν
1838 1750 1934 1823 ἐμ·

2048 596 2514 652 benedictiones.
2550 617 2578 646 «
2603 596 2982 668 Signaculum
3004 595 3255 666 justitiaa
3298 594 3456 661 ﬁdei,
3496 617 3522 643 υ
3554 612 3686 666 quin

2052 705 2117 743 ex
2151 689 2266 743 ﬁde
2290 689 2633 760 contigerat.
2670 712 2695 737 (ι
2731 695 2796 743 ut
2828 694 2982 742 esset
3017 687 3139 758 ipse
3173 693 3357 757 pater.
3395 709 3421 733 ››

2122 776 2204 829 Ad
2240 776 2381 845 quid
2407 778 2649 830 omnino
2682 776 3018 830 necessaria
3050 776 3159 830 fuit
3192 774 3693 842 illicircumcisio,

2050 865 2097 917 si
2130 864 2277 917 nihil
2310 865 2652 918 conferebat
2681 865 2753 918 ad
2778 863 3119 934 justitiam?
3145 864 3402 917 Primum
3428 862 3689 931 quidem,

2048 956 2226 1010 veluti
2262 956 2318 1009 in
2356 956 2761 1027 superioribus
2792 957 2959 1010 dixit.
2994 963 3061 1010 ut
3090 955 3191 1009 illa
3222 955 3452 1027 signum
3487 962 3642 1010 esset
3677 972 3690 1009 :

2049 1046 2265 1103 deinde
2297 1054 2361 1102 ut
2395 1048 2728 1102 communis
2758 1053 2926 1118 pater
2956 1048 3144 1114 ﬁeret,
3166 1054 3284 1100 tam
3325 1047 3418 1100 his
3475 1048 3575 1117 qui
3632 1048 3693 1101 in

2048 1136 2499 1192 circumcisione
2527 1143 2746 1201 essent,
2782 1153 2959 1206 quam
2992 1136 3114 1190 illis
3146 1136 3245 1206 qui
3279 1136 3340 1189 in
3379 1136 3691 1207 praeputio.

2051 1248 2079 1278 «
2115 1229 2390 1285 Omnium
2424 1228 2814 1285 credentium.
2852 1252 2879 1278 ››
2911 1231 3036 1283 Non
3070 1228 3335 1283 omnium
3360 1234 3530 1299 pater
3560 1230 3697 1283 sim-

2047 1316 2304 1387 pliciter,
2332 1318 2434 1372 sed
2468 1318 2837 1373 credentium
2871 1318 2929 1371 in
2972 1316 3290 1372 Christum.
3326 1340 3351 1363 «
3388 1318 3499 1371 Per
3546 1334 3693 1387 pras-

2046 1406 2296 1477 putium.
2326 1429 2352 1457 ››
2372 1410 2585 1461 Eorum
2611 1408 2711 1478 qui
2742 1423 2877 1463 cum
2906 1406 3023 1461 sint
3055 1406 3115 1460 in
3146 1406 3453 1477 praputio,
3482 1405 3694 1461 nihilo-

2048 1494 2245 1550 minus
2273 1495 2539 1550 credunt.
2594 1516 2615 1543 ι
2652 1496 2722 1551 Ut
2776 1496 3102 1566 imputetur
3132 1501 3191 1549 et
3219 1494 3339 1548 illis
3388 1494 3645 1566 justitia.
3671 1518 3689 1542 -

2046 1585 2158 1638 Per
2195 1584 2369 1639 ﬁdem
2406 1584 2679 1640 videlicet
2711 1586 2837 1639 sine
2877 1584 3176 1655 operibus.
3234 1606 3261 1632 ‹‹
3295 1586 3363 1637 Et
3394 1590 3560 1655 pater
3588 1583 3699 1638 cir-

2046 1673 2449 1729 cumcisionis.
2481 1698 2499 1720 ι
2528 1675 2653 1728 Νοιι
2684 1679 2853 1744 pater
2872 1672 3428 1743 quomodocumque
3449 1672 3696 1727 circum-

2046 1763 2491 1834 cisorum,(nam
2517 1763 2628 1817 hoc
2654 1762 2950 1834 signiﬁcat
2971 1763 3148 1817 dictio
3165 1761 3694 1831 Circumcisionisz)

272 1844 661 1920 περιτμήτων,
695 1849 803 1900 τῶν
870 1846 941 1917 μὴ
1009 1845 1172 1918 μόνον
1232 1842 1733 1917 περιτετμημένων,
1790 1837 1936 1894 ἀλλὰ

2052 1850 2149 1905 sed
2182 1856 2349 1921 pater
2380 1850 2620 1906 illorum
2654 1851 3162 1914 circumcisorum,
3190 1851 3288 1920 qui
3312 1866 3432 1904 non
3466 1854 3694 1905 tantum

276 1936 539 1989 καὶκατὰ
569 1935 641 1988 τὰ
671 1934 798 2008 ἴχνη
834 1933 1027 2003 αὐτοῦ,
1084 1934 1182 2000 τήν
1241 1932 1422 1988 πίστιν
1472 1935 1710 2007 Χριστοῦ
1767 1929 1939 1985 εἷσοιο

276 2024 605 2095 κιζομένων.
646 2026 879 2079 Ἐκεῖνοι
909 2019 967 2077 δὲ
994 2022 1132 2077 κατᾶ
1157 2023 1226 2077 τὰ
1256 2020 1390 2100 ἴχνη
1444 2019 1534 2076 καὶ
1581 2020 1715 2075 κατᾶ
1769 2018 1944 2093 μίμη-

291 2135 355 2167 σιν
380 2115 477 2169 τοῦ
514 2108 784 2188 Ἀϐραὰμ
810 2112 1153 2167 πιστεύουσιν
1186 2111 1261 2173 εἷς
1297 2114 1548 2186 Χριστὸν,
1610 2111 1659 2163 οἱ
1718 2106 1936 2164 ἀδιστά-

299 2224 419 2265 κτως
443 2202 543 2257 καὶ
601 2202 789 2276 χωρὲς
843 2200 1181 2279 φιλονεικίας
1241 2200 1331 2254 καὶ
1387 2197 1711 2271 ἐνδοιασμοῦ
1768 2218 1939 2272 προσ-

308 2292 575 2365 ερχόμενοι
649 2295 735 2363 τῷ
794 2291 1030 2364 Χριστῷ.
1092 2314 1119 2341 ‹‹
1177 2290 1305 2351 Τοῖς
1364 2287 1461 2343 οὐκ
1517 2286 1576 2342 ἐκ
1630 2292 1936 2361 περιτομῆς

304 2382 465 2453 μόνον,
502 2408 523 2430 ι
557 2383 775 2453 Ὠσπερ
810 2381 914 2456 γὰρ
964 2379 1014 2434 οἱ
1042 2378 1094 2433 ἐν
1134 2373 1484 2451 ἀκροϐυστίᾳ,
1520 2377 1581 2432 οὐ
1642 2373 1731 2431 διὰ
1775 2379 1937 2430 τοῦτο

293 2472 437 2545 μόνον
496 2476 702 2545 σχοῖεν
760 2468 821 2523 ἂν
879 2471 973 2525 τὸν
1030 2462 1283 2544 Ἀϐραὰμ
1337 2465 1559 2543 πατέρα,
1634 2463 1721 2520 διὰ
1767 2465 1828 2519 τὸ
1888 2462 1939 2518 ἐν

281 2557 612 2635 ἀκροϐυστίᾳ
660 2558 830 2613 αὐτὸν
884 2556 1310 2624 πεπιστευκέναι,
1344 2556 1391 2611 εῗ·
1428 2559 1504 2628 μὴ
1555 2554 1643 2611 καὶ
1692 2556 1791 2625 τήν
1846 2552 1936 2609 πί-

275 2672 377 2707 στιν
424 2653 809 2724 μιμησαιντσ
846 2649 1022 2710 οὕτως
1078 2645 1203 2702 οὐδὲ
1246 2650 1298 2702 oi
1352 2647 1403 2702 ἐν
1459 2650 1730 2721 περιτομῇ
1790 2646 1934 2718 σχή-

272 2761 442 2799 σουσι,
475 2740 541 2794 οὗ
576 2737 677 2793 διὰ
724 2738 790 2792 τὸ
843 2736 1004 2809 μόνον
1062 2743 1464 2810 περιτμηθῆναι
1521 2734 1611 2789 τὸν
1665 2728 1933 2806 Ἀϐραὰμ,

277 2830 359 2884 En
394 2831 469 2901 μή
500 2829 599 2883 καί
628 2828 732 2895 τήν
766 2826 950 2881 πίστιν
989 2825 1152 2881 αὐτοῦ
1188 2827 1554 2897 μιμήσωνται.
1614 2823 1791 2892 Δῆλον
1842 2821 1933 2876 οὖν

272 2919 338 2979 ὡς
392 2918 485 2972 καὶ
558 2918 922 2972 ἐκπεσοῦνται
978 2921 1077 2982 τῆς
1133 2915 1266 2987 πρὸς
1324 2908 1577 2984 Ἀϐραὰμ
1632 2910 1933 2988 συγγενείας

265 3011 317 3063 οἱ
350 3004 650 3072 Ἰουδαῖοι,
687 3004 779 3059 ἐὰν
835 3006 910 3075 μή
969 3003 1317 3059 πιστεύσωσι.
1380 3028 1405 3053 (ι
1440 2999 1617 3058 Ἀλλᾶ
1671 3001 1759 3055 καὶ
1817 3004 1932 3061 τοῖς

276 3102 587 3171 στοιχοῦσι.
619 3121 647 3145 ιι
688 3097 827 3155 Τοῖς
860 3092 1224 3165 πειθομένοις,
1255 3090 1729 3163 τοῖςέμμένουσιν.
1752 3114 1779 3140 ιι
1803 3091 1933 3148 Τοῖς

275 3186 459 3257 ’ἴχνεσι
505 3191 608 3251 τῆς
670 3181 991 3241 πίστεως.»
1056 3183 1140 3253 Τῇ
1204 3180 1454 3252 μιμήσει,
1511 3181 1580 3249 τῇ
1645 3177 1931 3257 ὁμοιώσει,

2050 1939 2347 1994 cirumcisi
2382 1946 2543 2006 sunt,
2578 1956 2776 1995 verum
2820 1940 2997 1994 etiam
3021 1940 3193 2011 juxta
3237 1939 3401 1993 illius
3453 1939 3697 2010 vestigia

2052 2028 2113 2082 in
2145 2028 2261 2083 ﬁde
2294 2028 2508 2084 Christi
2531 2035 2775 2084 manent
2813 2045 2824 2083 :
2858 2029 2946 2083 illi
2978 2036 3177 2083 autem
3227 2030 3400 2100 juxta
3455 2027 3698 2099 vestigia

2050 2133 2116 2172 ac
2146 2117 2541 2173 imitationem
2572 2118 2817 2173 Abrahaa
2851 2117 3102 2174 credunt
3158 2120 3219 2173 in
3250 2118 3568 2185 Christum,
3593 2117 3694 2187 qui

2049 2208 2272 2278 absque
2302 2210 2426 2265 ulla
2467 2210 2839 2265 vacillatione
2890 2217 2949 2264 et
2999 2211 3379 2265 contentione
3436 2210 3495 2263 in
3528 2208 3694 2263 nullo

2049 2298 2395 2353 haesitantes
2425 2299 2719 2354 accedunt
2756 2298 2829 2353 ad
2862 2298 3179 2353 Christum.
3237 2320 3263 2347 ι(
3300 2299 3399 2353 His
3432 2298 3534 2368 qui
3579 2314 3694 2352 non

2050 2386 2242 2441 solum
2277 2402 2345 2441 ex
2376 2386 2825 2441 circumcisione
2858 2392 3016 2441 sunt.
3054 2409 3079 2433 ››
3113 2386 3275 2440 Sicut
3306 2386 3462 2439 enim
3488 2387 3587 2456 qui
3632 2387 3694 2440 in

2047 2476 2337 2547 praeputio
2368 2481 2527 2536 sunt,
2560 2491 2681 2529 non
2714 2491 2783 2529 ex
2816 2475 2926 2529 hoc
2972 2473 3162 2529 solum
3214 2480 3462 2543 possunt
3514 2473 3696 2528 Abra-

2048 2566 2183 2621 ham
2204 2566 2423 2621 habere
2446 2571 2695 2636 patrem,
2731 2565 2887 2635 quod
2920 2565 3019 2619 ille
3052 2566 3112 2619 in
3152 2565 3440 2635 praeputio
3500 2563 3691 2618 credi-

2048 2656 2251 2715 disset.
2275 2658 2391 2711 nisi
2414 2658 2591 2711 etiam
2618 2655 2797 2711 ﬁdem
2820 2656 3155 2720 imitentur;
3190 2656 3271 2709 ita
3297 2670 3490 2725 neque
3510 2654 3569 2708 hi
3594 2655 3692 2725 qui

2046 2748 2107 2803 in
2128 2749 2580 2805 circumcisione
2599 2749 2836 2812 fuerint,
2864 2754 3089 2819 patrem
3112 2748 3280 2803 illum
3300 2746 3602 2802 habebunt
3620 2746 3692 2800 ob

2045 2840 2157 2894 hoc
2180 2840 2370 2895 solum
2399 2840 2554 2910 quod
2587 2841 2972 2895 circumcisus
3004 2840 3079 2894 sit
3112 2838 3422 2902 Abraham,
3473 2838 3587 2892 nisi
3622 2838 3693 2892 ﬁ-

2045 2928 2177 2983 dem
2213 2946 2446 2999 quoque
2477 2928 2638 2983 illius
2658 2929 2984 2983 imitentur.
3018 2927 3389 2983 Manifestum
3412 2944 3549 2999 ergo
3576 2932 3685 2994 est,

2047 3016 2202 3086 quod
2225 3018 2403 3071 etiam
2422 3033 2455 3070 a
2472 3017 2820 3088 cognatione
2839 3016 3087 3070 Abrahae
3112 3015 3575 3070 excidentJudaai
3599 3016 3688 3068 ni-

2047 3105 2095 3158 si
2126 3105 2508 3159 crediderint.
2543 3126 2569 3154 «
2597 3104 2704 3159 Sed
2740 3105 2915 3158 etiam
2940 3104 3014 3157 iis
3046 3104 3145 3173 qui
3170 3103 3470 3158 incedunt.
3504 3125 3530 3150 n
3564 3102 3683 3156 Hoc

2050 3198 2138 3247 est
2161 3192 2595 3257 obedientibus,
2630 3191 3161 3263 perseverantibus.
3191 3213 3213 3243 ιι
3242 3193 3351 3246 Per
3368 3191 3613 3263 vestigia
3632 3190 3695 3245 ﬁ—

282 3269 711 3343 ’Ῑχνηλέγεται,
751 3271 818 3325 τὰ
875 3274 984 3323 τῶν
1042 3266 1484 3344 προοδευσάντων
1536 3260 1789 3337 eiusa/ta
1847 3253 1935 3316 καὶ

2052 3280 2165 3335 dei.
2206 3304 2224 3327 ρ
2261 3282 2307 3335 11
2339 3288 2445 3347 est,
2473 3242 2890 3345 imiiartionem,
2927 3280 3401 3337 similitudinem.
3436 3242 3691 3351 Veztigia

293 3363 506 3428 σημεῖα
534 3362 640 3410 τῶν
666 3355 857 3416 ποδῶν.
908 3358 1058 3413 Ἐπεὶ
1120 3357 1207 3411 οὖν
1265 3357 1413 3410 οὗτοι
1479 3352 1933 3428 μεταγενέστεροι,

298 3446 521 3506 οἰκείως
577 3446 664 3501 xz?
735 3444 1011 3521 ἁρμοδίως
1073 3447 1226 3524 φησὶ,
1309 3450 1426 3507 τοῖς
1493 3442 1787 3516 ἐμμένουσι
1845 3440 1933 3496 καὶ

300 3534 722 3592 ἐπακολουθοῦσι
752 3544 868 3598 τοῖς
900 3536 1136 3612 ἲχνεσιν,
1174 3536 1297 3605 ἢτοι
1357 3536 1749 3607 πορευομένοις
1799 3532 1936 3586 κατᾶ

298 3626 361 3679 τα
388 3625 587 3680 ἐκείνου
618 3624 899 3703 ῗγνη,ναῖ
952 3627 1049 3692 τήν
1108 3626 1313 3680 ἐκείνου
1373 3620 1519 3690 ὁδὸν,
1578 3623 1699 3693 ἣτις
1759 3621 1934 3699 χωρῖς

298 3723 592 3789 περιτομῆς
623 3716 898 3791 ὖπῆρχεν.
955 3721 1120 3781 «Τῆς
1176 3714 1227 3768 ὲν
1288 3707 1636 3785 ἀκροϐυστίᾳ.
1674 3735 1701 3762 ››
1762 3710 1934 3766 Πέλιν

298 3807 624 3876 ὖπομνήσκει
660 3807 746 3859 ὃτι
805 3803 860 3858 ἐν
916 3798 1246 3879 ακροϐυστία
1304 3800 1598 3872 ἐπίστευσε,
1639 3800 1729 3853 καὶ
1782 3800 1934 3854 ’ὑστεθ

286 3915 381 3971 ρον
409 3897 678 3971 περιετμή
689 3914 785 3961 un.

346 4074 426 4131 οξ,
457 4074 568 4149 γὰρ
600 4071 698 4127 διὰ
757 4072 932 4142 νόμου
984 4074 1018 4139 ἠ
1079 4066 1377 4144 ἐπαγγελία
1434 4073 1512 4138 τῷ
1570 4062 1844 4141 Ἀϐραὰμ.
1899 4066 1932 4134 ἢ

281 4168 361 4229 τῷ
420 4163 711 4237 σπέρματι
770 4161 955 4225 αὐτοῦ,
1039 4161 1100 4214 τὸ
1155 4157 1509 4233 κληρονόμον
1577 4155 1737 4211 αὐτὸν
1797 4156 1936 4208 εἶναι

278 4256 374 4305 τοῦ
430 4254 678 4323 κόσμου,
740 4248 886 4305 ἀλλὰ
943 4248 1030 4303 διὰ
1110 4246 1456 4316 δικαιοσύνης
1536 4246 1790 4305 πίστεως.
1878 4244 1935 4300 Εἰ

277 4340 380 4415 γὰρ
437 4342 493 4395 οἱ
549 4340 612 4395 ἐκ
672 4339 870 4412 νόμου,
954 4338 1317 4411 κληρονόμοι,
1403 4336 1691 4391 κεκένωται
1753 4337 1785 4403 ἡ
1844 4333 1938 4389 πί-

286 4449 421 4499 στις,
480 4429 578 4484 καὶ
634 4432 980 4503 κατήργηται
1035 4429 1069 4497 ἡ
1129 4424 1439 4501 ἐπαγγελία.
1527 4426 1587 4482 Ὁ
1670 4425 1774 4499 γὰρ
1850 4423 1937 4478 νό-

296 4540 395 4589 μος
444 4519 623 4595 ὁργῆν
685 4518 1083 4592 κατεργάζεται·
1143 4514 1205 4569 οὗ
1266 4517 1370 4591 γάρ
1427 4514 1526 4569 οὐκ
1578 4508 1691 4568 ἔστι
1747 4509 1938 4585 νὸμος,

300 4606 424 4663 οὐδὲ
452 4602 785 4683 παράϐασις.

364 4696 685 4769 Θαυμάσιον
712 4696 743 4751 ὅ
772 4692 936 4770 λέγει.
968 4696 1174 4762 Οὒτως,
1204 4695 1388 4771 φησὶν,
1413 4695 1449 4760 ἡ
1470 4692 1743 4766 περιτομή
1763 4691 1939 4766 χωρὶς

293 4784 533 4847 πίστεως
593 4786 699 4840 οὐκ
753 4785 933 4864 ἰσχύει
988 4782 1259 4851 δικαιῶσι,
1300 4781 1424 4837 οὐδὲ
1479 4784 1803 4858 προπάτορα
1858 4804 1942 4838 σοι

294 4881 468 4941 ποιεῖ,
497 4876 543 4929 ὦ
585 4873 834 4941 Ἰουὸαῖε,
890 4875 982 4929 τὸν
1036 4868 1311 4947 Ἀϐραὰμ,
1371 4869 1509 4927 ὥστε
1563 4870 1688 4926 οὐδε
1719 4873 1747 4928 ὁ
1776 4871 1946 4946 νόμος

296 4962 386 5042 ἔφ’
418 4965 462 5036 ᾧ
519 4967 660 5039 μέγα
713 4970 952 5044 φρονεῖς,
1011 4962 1320 5019 συνετέλεσέ
1348 4982 1398 5015 τι
1435 4963 1512 5021 εἷς
1567 4963 1662 5023 τὰς
1715 4963 1942 5037 ἐπαγγεο

294 5051 430 5117 λίας
467 5058 544 5127 τῷ
603 5049 876 5129 ’Λϐραᾶμ,
934 5053 1079 5109 ἀλλᾶ
1140 5052 1278 5127 μόνη
1338 5054 1372 5121 ἠ
1432 5051 1624 5115 πίστις.
1688 5049 1950 5127 Ἀκροϐιὶ-

295 5164 413 5218 ατῳ
443 5146 543 5220 γὰρ
576 5144 655 5199 ἔτι
710 5144 849 5212 ὄντι,
907 5146 994 5199 καὶ
1055 5145 1162 5218 πρὸ
1216 5148 1312 5198 τοῦ
1368 5142 1540 5216 νόμου
1597 5141 1853 5213 ἐδόθησαν
1894 5145 1947 5198 αἱ

293 5233 619 5311 ἐπαγγελίαι
654 5235 1021 5292 πιστεύσαντι.
1077 5234 1141 5290 Ei
1200 5232 1293 5288 οὖν
1350 5232 1511 5296 αὐτὸς
1563 5233 1590 5286 ὁ
1650 5234 1818 5307 νόμος
1875 5233 1950 5296 εἷς

292 5326 395 5388 τὰς
453 5323 784 5400 ἐπαγγελίας
845 5321 998 5379 οὐδὲν
1082 5324 1440 5390 συνετέλεσεν,
1502 5321 1684 5395 σχολῇ
1735 5326 1860 5394 γοῦν
1913 5325 1947 5391 ἡ

288 5417 577 5489 περιτομὴ
640 5416 775 5489 πρὸς
830 5412 1177 5482 δικαιοσύνην
1240 5408 1948 5485 ἓξαρκέσει.--ΓΕΝΝΑΔ.

294 5526 325 5554 κ
360 5506 439 5561 τὸ
469 5503 823 5579 κληρονόμον
857 5503 1021 5559 αὐτὸν
1055 5502 1193 5556 εἶναι
1248 5505 1343 5556 τοῦ
1385 5501 1614 5573 κόσμου.
1652 5525 1680 5552 »
1728 5503 1949 5579 Κληρο.

292 5594 510 5666 νόμους
540 5601 636 5651 τοῦ
666 5597 883 5670 κόσμου
914 5593 1044 5653 τοὺς
1076 5588 1314 5651 δικαίους
1373 5587 1578 5644 ἔσεσθαί
1635 5611 1820 5666 φησιν,
1868 5593 1952 5649 ὅτι

288 5686 410 5738 τῶν
440 5680 643 5743 ἆσιϐὤν
672 5684 734 5743 ἐκ
777 5684 954 5758 μέσον
1006 5680 1334 5753 γενομένων,
1391 5678 1481 5733 καὶ
1538 5676 1952 5753 παραδοθέντων

2042 3366 2322 3423 dicuntur
2352 3368 2848 3438 eorumquiprius
2868 3368 2981 3423 iter
3027 3367 3296 3422 fecerunt
3344 3366 3564 3421 indicia
3622 3382 3690 3421 ac

2041 3457 2207 3529 signa
2236 3456 2472 3528 pedum.
2508 3456 2653 3521 Quia
2683 3473 2818 3529 ergo
2862 3457 2919 3510 hi
2954 3457 3172 3527 posteri
3236 3461 3391 3521 sunt,
3452 3456 3689 3527 proprie

2042 3562 2107 3601 ac
2140 3551 2295 3616 apte,
2330 3547 2442 3613 his,
2472 3546 2686 3617 inquit,
2718 3546 2818 3617 qui
2852 3546 3184 3601 immanent
3217 3546 3475 3617 vestigiis
3507 3561 3693 3617 eaque

2043 3634 2461 3705 insequuntur,
2485 3635 2602 3689 sive
2627 3634 3115 3705 ambulantjuxta
3147 3634 3310 3690 illius
3331 3634 3599 3706 vestigia,
3627 3650 3694 3688 ac

2039 3724 2194 3779 viam
2218 3724 2402 3795 ipsius
2436 3740 2566 3794 qua:
2600 3724 2726 3778 sine
2776 3724 3229 3779 circumcisione
3288 3729 3433 3778 erat.
3489 3746 3515 3771 α
3550 3723 3688 3787 Quae

2037 3812 2149 3869 fuit
2188 3814 2249 3867 in
2308 3812 2680 3884 praeputio.»
2740 3814 2996 3868 Rursum
3063 3812 3367 3866 memoriae
3429 3810 3689 3881 suggerit

2041 3901 2198 3973 quod
2247 3902 2309 3956 in
2340 3900 2627 3972 przeputio
2672 3900 3008 3966 crediderit,
3046 3904 3101 3953 et
3132 3897 3511 3970 postmodum
3566 3898 3682 3953 cir-

2039 3991 2337 4047 cumcisus
2370 3992 2466 4044 sit.

2110 4082 2203 4138 IV,
2236 4081 2323 4143 23,
2358 4081 2444 4131 24.
2484 4081 2599 4133 Νοη
2630 4080 2774 4131 enim
2798 4095 2901 4147 per
2930 4079 3102 4147 legem
3149 4081 3301 4146 facta
3355 4084 3430 4132 est
3457 4080 3688 4147 promis-

2038 4170 2118 4224 sio
2147 4166 2406 4229 Abrahae,
2435 4172 2532 4220 aut
2561 4168 2754 4220 semini
2783 4168 2918 4236 ejus,
2952 4166 3130 4235 ipsum
3176 4164 3439 4219 heredem
3491 4165 3693 4219 mundi

2040 4260 2183 4324 fore,
2214 4257 2307 4310 sed
2330 4272 2433 4325 per
2463 4253 2745 4326 justitiam
2792 4254 2938 4323 ﬁdei.
2973 4255 3033 4309 Si
3064 4256 3204 4308 enim
3236 4256 3279 4307 ii
3308 4255 3406 4323 qui
3464 4270 3531 4307 ea:
3579 4253 3692 4321 lege

2040 4353 2188 4413 sunt,
2220 4347 2463 4402 hirredes
2490 4351 2633 4410 sunt,
2668 4345 2853 4400 inanis
2881 4349 3033 4414 facta
3054 4352 3130 4401 est
3162 4345 3313 4414 ﬁdes,
3340 4346 3509 4399 irrita
3536 4346 3690 4413 facta

2042 4445 2119 4493 est
2142 4437 2458 4507 promissio.
2490 4438 2627 4492 Nam
2659 4436 2748 4491 (ea:
2776 4440 2918 4491 iram
2938 4442 3217 4507 operatur.
3275 4436 3426 4491 25?
3476 4435 3535 4491 Si
3566 4434 3693 4504 qui-

2045 4528 2166 4581 dem
2187 4527 2283 4581 ubi
2309 4542 2417 4581 non
2448 4532 2523 4581 est
2558 4527 2667 4593 (ex,
2695 4526 2774 4578 ibi.
2804 4541 2904 4579 nec
2931 4527 3285 4594 transgressio
3316 4531 3411 4579 est.

2120 4703 2550 4759 Admirandum
2581 4708 2669 4758 est
2696 4701 2852 4772 quod
2887 4701 3048 4757 dicit.
3099 4701 3280 4769 Adeo,
3332 4702 3546 4773 inquit,
3580 4701 3698 4757 cir-

2054 4792 2337 4847 cumcisio
2371 4792 2501 4847 sine
2531 4790 2645 4846 ﬁde
2668 4790 2997 4860 justiﬁcare
3020 4791 3247 4861 nequit,
3278 4808 3471 4865 neque
3498 4807 3700 4863 proge-

2054 4883 2308 4937 nitorem
2329 4882 2437 4936 tibi
2463 4882 2597 4935 facit
2624 4879 2941 4942 Abraham,
2967 4898 2998 4934 o
3020 4880 3239 4949 Judaee,
3272 4888 3337 4936 ut
3370 4898 3479 4936 nec
3512 4882 3606 4935 lex
3639 4882 3701 4934 in

2057 4988 2173 5042 qua
2203 4971 2503 5027 extolleris
2535 4968 2857 5039 quidquam
2895 4968 3143 5024 Abrahae
3179 4971 3249 5024 ad
3278 4971 3702 5042 promissiones

2057 5060 2398 5122 contulerit,
2431 5058 2531 5112 sed
2561 5058 2685 5112 sola
2718 5057 2883 5112 ﬁdes.
2920 5059 3062 5113 Nam
3088 5076 3221 5115 cum
3254 5060 3446 5114 adhuc
3467 5073 3703 5129 prazpu-

2030 5149 2236 5205 ~tiatus
2268 5153 2507 5213 esset,et
2530 5152 2663 5201 ante
2687 5146 2876 5217 legem
2899 5148 3161 5201 credenti
3199 5149 3348 5202 data:
3396 5153 3535 5202 sunt
3564 5162 3723 5216 pro-.

2059 5240 2396 5295 missiones.
2434 5236 2489 5290 Si
2521 5252 2657 5305 ergo
2687 5235 2776 5289 lex
2806 5236 2933 5305 ipsa
2963 5236 3111 5290 nihil
3143 5236 3216 5291 ad
3273 5234 3704 5306 promissiones

2060 5326 2331 5384 contulit.
2366 5326 2538 5393 longe
2572 5340 2706 5394 ergo
2740 5325 2938 5379 minus
2987 5325 3359 5379 circumcisio
3418 5324 3490 5377 ad
3515 5324 3704 5394 justi-

2061 5419 2201 5473 tiam
2229 5415 2501 5471 sufﬁciet.
2539 5438 2564 5462 ‹‹
2602 5412 2905 5467 ΗΞΕΓΘάΘΠΙ
2940 5413 3147 5467 mundi
3177 5413 3323 5466 fore.
3358 5437 3384 5462 ››
3433 5412 3708 5469 Hmredes

2064 5505 2268 5563 mundi
2302 5505 2424 5558 fore
2458 5503 2539 5559 ait
2561 5501 2944 5572 justos:quia
2974 5502 3171 5572 impiis
3189 5501 3260 5555 de
3284 5501 3479 5557 medio
3515 5502 3711 5557 subla-

2061 5598 2160 5662 tis,
2193 5611 2259 5652 ac
2291 5595 2352 5649 in
2383 5593 2477 5648 die
2502 5590 2714 5663 judicii
2747 5590 3034 5661 supplicio
3068 5589 3325 5658 traditis,
3364 5592 3712 5649 universum

2063 5686 2346 5759 deinceps
2367 5680 2657 5741 mundum
2685 5679 2989 5738 habebunt
3035 5680 3185 5753 justi
3236 5681 3580 5739 innovatum
3614 5696 3715 5737 eo-
