4126 6256
481 357 558 418 39
1589 347 2003 413 (EOUMENII
2047 346 2357 410 TRICCIE
2397 351 2776 417 EPISCOPI.

3777 361 3912 424 400

479 507 734 565 rumque
789 496 966 546 erunt
994 489 1258 547 coelestia
1298 488 1721 559 terrestrisque
1751 485 1927 542 bona.
1960 506 1990 534 ‹‹
2022 482 2135 540 Sed

2251 485 2470 543 κολάσει
2519 488 2573 545 ἐν
2630 494 2700 564 τῇ
2758 497 2862 561 τῆς
2919 490 3147 567 κρίσεως
3211 492 3418 566 ἡμξρᾳ,
3470 491 3562 547 τὸν
3627 492 3915 566 σύμπαντα

483 580 888 653 perjustitiam
916 579 1078 635 fidei.
1107 580 1161 635 Si
1179 579 1338 634 enim
1363 578 1400 633 ii
1426 578 1527 648 qui
1553 594 1621 633 ex
1646 578 1774 649 lege
1792 581 1952 642 sunt,
1972 596 1999 623 »
2022 580 2133 630 etc.

484 674 628 727 Nam
644 671 743 742 qui
759 671 871 744 legi
896 672 1376 741 hwrettanquam
1394 669 1614 725 salvum
1631 666 1870 723 facienti
1886 665 2138 720 salutem

490 776 619 831 quae
638 776 743 831 per
762 760 935 815 fidem
953 765 1042 814 est
1063 759 1327 832 negligit.
1360 782 1386 808 «ι
1411 757 1684 813 Hasredes
1707 779 1733 805 ››
1756 761 1974 813 autem.
1998 759 2142 826 puta

489 849 655 923 regni
679 850 981 905 calorum.
1008 850 1135 904 Alio
1162 849 1343 903 modo.
1367 849 1511 903 Cum
1531 847 1694 918 prius
1715 845 1963 900 dixisset
1982 842 2140 914 quod

492 940 790 995 Abraham
816 940 955 995 dum
972 938 1359 1011 prmputiatus
1381 943 1538 993 esset
1559 936 1831 1000 credidit,
1849 933 2141 1004 acjustifl-

492 1035 659 1085 catus
673 1034 852 1097 est,ut
866 1028 1130 1083 fidelium
1146 1035 1315 1099 pater
1326 1025 1759 1097 habereturqui
1775 1025 1836 1079 in
1851 1022 2137 1095 praeputio

492 1125 692 1174 essent
716 1136 728 1173 :
754 1118 905 1173 etob
928 1117 990 1172 id
1010 1121 1216 1188 postea
1256 1114 1642 1171 circumcisus
1679 1119 1789 1179 est,
1838 1117 1905 1167 ut
1934 1126 2136 1167 eorum

490 1209 666 1263 etiam
685 1213 852 1278 pater
872 1205 1372 1278 reputaretur,qui
1392 1205 1452 1258 in
1469 1201 1920 1259 circumcisione
1938 1198 2073 1255 cred
2083 1215 2138 1253 e-

487 1301 647 1351 rent:
674 1312 927 1367 cumque
951 1296 1126 1351 etiam
1145 1294 1489 1350 adduxisset
1507 1309 1574 1348 ac
1596 1290 1958 1347 ostendisset
1979 1286 2136 1359 quod

485 1386 672 1458 magis
722 1389 1028 1458 reputetur
1083 1389 1252 1456 pater
1309 1399 1538 1453 eorum,
1582 1381 1681 1452 qui
1741 1382 1801 1435 in
1845 1379 2136 1452 praeputio

483 1474 885 1543 crediderunt,
938 1491 1006 1529 eo
1050 1472 1208 1544 quod
1263 1478 1320 1527 et
1351 1477 1489 1526 ante
1521 1470 2036 1525 circumcisionem
2082 1479 2141 1522 et

483 1571 620 1620 ante
634 1564 821 1638 legem
838 1565 1027 1636 ipsam
1044 1581 1174 1635 quae
1191 1561 1703 1618 circumcisionem
1726 1575 1961 1631 quoque
1984 1574 2139 1614 com-

489 1655 790 1726 plectitur,
818 1655 943 1726 ipse
966 1659 1022 1709 et
1053 1651 1308 1708 credidit
1356 1656 1412 1705 et
1452 1649 1600 1705 ﬁdes
1636 1648 1765 1720 ejus
1800 1653 2136 1718 computata

495 1753 585 1801 est
613 1745 1020 1816 adjustitiam,
1061 1744 1210 1807 haec,
1271 1742 1536 1811 inquam,
1598 1755 1732 1793 cum
1781 1737 2046 1801 dixisset,
2082 1740 2140 1791 et

2250 573 2447 633 λοιπὸν
2477 579 2684 653 κόσμον
2721 578 2932 651 ἕξουσιν
2969 582 3021 637 οἱ
3074 579 3277 638 δίκαιοι
3334 580 3772 647 ἆνσκαινισδέντα
3820 583 3914 639 καὶ

2251 666 2424 722 αὑτων
2452 666 2600 725 ἔσται
2629 670 2695 725 τὰ
2722 669 2945 747 οὐράνια
2994 671 3161 747 ἀγαθᾶ
3207 671 3299 727 καὶ
3346 671 3412 726 τὰ
3460 670 3690 747 ἐπίγεια.
3727 698 3756 725 (ι
3789 675 3913 744 Τῆς

2248 756 2502 827 πίστεως,
2537 761 2726 838 φησιν.
2773 761 2835 818 Εἰ
2856 762 2963 836 γὰρ
2997 762 3048 815 οἱ
3078 761 3136 818 ἐκ
3177 762 3371 834 νόμου,
3408 786 3435 811 »ι
3492 760 3581 815 καὶ
3637 762 3706 815 τὰ
3763 761 3911 834 ἱξῆς·

2248 847 2308 903 Ὁ
2335 849 2437 921 γὰρ
2471 847 2745 927 ἐχόμενος
2785 855 2883 905 τοῦ
2939 852 3111 922 νόμου
3165 852 3240 914 ὡς
3299 852 3591 919 σώζοντος,
3651 850 3915 923 ἀτιμάζει

2246 937 2346 1005 τήν
2376 936 2464 991 διὰ
2495 937 2731 999 πίστεως
2764 943 3058 1013 σωτηρίαν.
3085 962 3114 994 ιι
3138 940 3495 1015 Κληρονόμοι
3527 965 3547 989 ι
3579 938 3793 1004 δὲ,οἶ;ν
3816 947 3918 1008 τῆς

2246 1030 2357 1081 τῶν
2390 1025 2631 1101 οὐρανῶν
2669 1028 2972 1102 βασιλείας.
3034 1062 3102 1073 ——
3154 1029 3396 1090 Ἄλλως.
3450 1030 3657 1102 [ΦΩΤ]
3720 1028 3917 1084 Εἰπὼν

2247 1116 2509 1191 πρότερον
2542 1116 2626 1172 ὅτι
2658 1114 2746 1172 διὰ
2773 1123 2936 1174 τοῦτο
2967 1114 3303 1191 ἀκρόϐυστος
3358 1118 3432 1172 ὣν
3482 1112 3735 1191 Ἀϐραὰμ
3784 1116 3913 1172 ἐπί-

2250 1224 2432 1259 στευσε
2486 1204 2576 1260 καὶ
2634 1203 2954 1279 ἐδικαιώθη,
3007 1207 3098 1262 ἳνα
3152 1209 3336 1282 πατὴρ
3394 1206 3630 1284 λογισθῇ
3679 1211 3797 1261 τῶν
3858 1206 3920 1262 ἐκ

2248 1289 2574 1369 ἀκροϐυστίᾳ
2632 1300 2861 1367 πιστῶν,
2920 1295 3009 1351 καὶ
3091 1292 3182 1351 διὰ
3261 1299 3424 1351 τοῦτο
3508 1292 3678 1350 πάλιν
3747 1314 3917 1371 περι-

2249 1385 2486 1457 ετμήθη,
2513 1381 2606 1439 ’ίνα
2633 1385 2858 1440 καὶτῶν
2890 1384 2942 1440 ἐν
2991 1389 3266 1461 περιτομῇ
3326 1389 3530 1440 πιστῶν
3587 1385 3781 1459 πατὴρ
3834 1405 3918 1440 νο-

2253 1475 2441 1547 μισθῇ,
2494 1473 2584 1529 καὶ
2623 1474 2913 1552 ἐπαγαγὼν
2972 1475 3065 1530 καὶ
3118 1471 3428 1546 ἀποδείξας,
3486 1474 3571 1529 ὃτι
3606 1474 3702 1529 καὶ
3765 1473 3915 1547 μᾶλ-

2252 1576 2347 1616 Αον
2379 1560 2652 1637 λογίζεται
2678 1567 2862 1639 πατὴρ
2892 1568 2998 1620 τῶν
3032 1564 3085 1618 ὲν
3121 1558 3452 1639 ἀκροϐυστίᾳ
3500 1567 3734 1631 πιστῶν,
3794 1563 3911 1635 ὅσῳ

2248 1653 2337 1706 καὶ
2370 1653 2477 1727 πρὸ
2506 1660 2608 1722 τῆς
2638 1660 2944 1728 περιτομῆς
2973 1653 3065 1709 καὶ
3095 1653 3201 1731 πρὸ
3232 1652 3400 1709 αὑτοῦ
3430 1657 3528 1708 τοῦ
3583 1653 3759 1723 νόμου
3812 1656 3909 1707 τοῦ

2252 1743 2339 1797 καὶ
2372 1743 2472 1811 τήν
2504 1745 2808 1818 περιτομῆν
2859 1742 3230 1819 περιέχοντος,
3278 1742 3439 1805 αὐτὸς
3485 1743 3577 1797 καὶ
3622 1740 3907 1797 ἐπίστευσε

495 1834 569 1890 ob
601 1834 803 1889 oculos
834 1831 1181 1905 possuisset,
1207 1844 1369 1884 nunc
1400 1828 1515 1882 alio
1548 1842 1783 1898 quoque
1815 1825 1991 1880 modo
2022 1824 2136 1879 idi-

2252 1831 2343 1885 καὶ
2374 1833 2407 1900 ἡ
2435 1832 2616 1895 πίστις
2648 1832 2814 1889 αὐτοῦ
2846 1832 3100 1910 ἐλογίσθη
3162 1832 3240 1894 είς
3299 1829 3671 1902 δικαιοσύνην
3730 1836 3907 1887 ταῦτα

491 1941 664 1996 psum
693 1921 953 1978 ostendit
984 1938 1050 1975 ac
1075 1920 1215 1974 dicit
1241 1935 1254 1973 :
1282 1920 1659 1989 Supponatur
1687 1934 1809 1972 non
1840 1918 1922 1971 ita
1944 1933 2005 1971 se
2038 1916 2143 1971 ha-

471 2014 654 2085 bere,
686 2019 752 2067 ut
781 2010 1060 2075 diximus,
1093 2008 1196 2063 sed
1231 2008 1388 2062 solos
1420 2022 1520 2061 eos
1574 2007 1674 2077 qui
1709 2023 1779 2060 ex
1810 2005 1937 2078 lege
1983 2010 2140 2071 sunt,

492 2102 759 2157 hwredes
782 2117 911 2156 esse
937 2097 1423 2171 promissionum,
1463 2112 1594 2166 qua:
1617 2095 1690 2150 ad
1713 2094 2008 2150 Abraham
2036 2095 2148 2149 fac-

491 2198 564 2245 tae
589 2197 728 2245 sunt
756 2208 768 2245 :
803 2190 1005 2259 itaque
1030 2204 1175 2242 vana
1195 2186 1310 2241 fuit
1362 2184 1510 2240 fides
1552 2184 1667 2256 ipsi
1716 2184 1988 2251 Abrahm,
2022 2184 2147 2254 ipse

492 2281 655 2335 enim
688 2285 746 2334 et
776 2284 912 2333 ante
948 2277 1158 2349 legem,
1193 2280 1250 2331 et
1281 2275 1408 2330 sine
1455 2274 1583 2346 lege
1642 2274 1912 2329 credidit.
1949 2273 2148 2329 Inanis

492 2369 693 2439 itaque
716 2366 871 2421 facta
903 2370 993 2418 est
1028 2363 1198 2430 fides,
1232 2362 1344 2417 hoc
1374 2366 1487 2430 est,
1546 2361 1699 2416 nihil
1757 2367 1865 2431 est,
1901 2378 1968 2417 ac
2028 2367 2149 2417 tota

494 2458 623 2529 ejus
656 2455 739 2510 vis
770 2454 1084 2510 obscurata
1106 2457 1234 2507 est:
1269 2451 1372 2506 sed
1419 2456 1477 2505 et
1505 2451 1936 2522 promissiones
1963 2451 2145 2506 irritus

487 2546 657 2601 facta:
686 2550 845 2610 sunt,
879 2550 1164 2615 tanquam
1195 2541 1439 2595 inutiles
1469 2557 1538 2595 ac
1568 2541 1951 2612 imperfectm.
2000 2543 2145 2595 Nam

493 2636 542 2691 si
576 2634 722 2690 fides
753 2638 993 2705 propter
1023 2647 1201 2701 quam
1233 2635 1358 2684 erat
1386 2629 1726 2700 promissio,
1761 2629 1960 2683 inanis
1990 2628 2147 2683 facta

499 2729 588 2778 est
646 2723 824 2777 etiam
883 2718 1332 2790 promissiones,
1393 2734 1526 2787 qua:
1574 2716 1849 2772 videlicet
1903 2724 2146 2787 propter

496 2811 675 2867 ﬁdem
708 2810 876 2864 facta:
906 2813 1094 2871 erant,
1128 2822 1247 2860 una
1288 2804 1666 2860 defluxerunt
1695 2811 1754 2859 et
1783 2821 1945 2859 vanae
1974 2804 2143 2860 factm

496 2905 652 2957 sunt.
675 2897 824 2965 Quid
849 2913 984 2968 ergo
1017 2895 1395 2950 hwreditario
1411 2894 1550 2965 jure
1573 2893 1878 2949 habebunt
1907 2894 2008 2965 qui
2040 2910 2147 2965 per

489 2991 680 3064 legem
712 2987 1022 3050 accedunt,
1059 2986 1106 3040 si
1142 2984 1258 3040 ﬁde
1289 2984 1453 3040 inani
1486 2983 1740 3053 reddita,
1775 2982 1955 3038 simul
2007 3001 2143 3038 cum

490 3080 607 3137 fide
640 3078 829 3135 efﬂuit
856 3075 1173 3149 promissio
1199 3073 1226 3127 ?
1260 3074 1433 3129 Vides
1466 3072 1623 3144 quod
1656 3089 1724 3128 eo
1768 3073 1897 3144 ipso
1930 3089 2046 3144 quo
2081 3090 2144 3128 se

486 3170 693 3226 dicunt
711 3184 817 3240 per
842 3167 1031 3239 legem
1065 3163 1334 3219 hmredes
1367 3163 1542 3230 effici,
1575 3179 1682 3235 per
1710 3163 1821 3218 hoc
1875 3163 2137 3219 ostendi-

489 3268 586 3315 tur
616 3257 775 3329 quod
806 3256 973 3317 nullo
996 3253 1174 3309 modo
1210 3253 1478 3308 hazredes
1510 3255 1655 3309 flant
1684 3253 1711 3307 ?

524 3349 677 3404 253
707 3348 787 3401 Ita
804 3362 939 3417 ergo
964 3342 1187 3413 duplici
1210 3341 1385 3395 modo
1420 3341 1691 3412 probavit
1714 3341 2145 3397 beatitudinem

491 3437 563 3494 ad
583 3434 938 3508 praeputium
960 3432 1148 3503 magis
1173 3431 1361 3502 aptari
1389 3447 1493 3502 per
1516 3431 1720 3498 ﬁdem,
1736 3448 1913 3502 quam
1936 3431 2007 3486 ad
2032 3433 2143 3487 cir-

494 3524 921 3583 cumcisionem
948 3539 960 3576 :
986 3522 1177 3593 primo
1202 3519 1375 3574 modo
1395 3525 1551 3574 recte
1581 3520 1973 3590 procedendo,
2000 3527 2056 3575 et
2079 3537 2147 3576 ex

501 3616 594 3672 his
627 3631 756 3686 quas
788 3628 959 3668 cerca
991 3610 1287 3665 Abraham
1318 3614 1449 3663 acta
1480 3614 1636 3663 sunt.
1660 3610 1928 3663 Secundo
1948 3616 2146 3665 autem

499 3721 630 3761 cum
656 3703 776 3758 illis
808 3697 1393 3768 consentiensidque
1417 3696 1575 3767 quod
1596 3697 1670 3752 ab
1692 3697 2043 3755 adversariis
2058 3698 2150 3753 di-

497 3795 741 3850 cebatur
767 3804 1253 3863 prmsupponens.
1279 3803 1349 3841 ac
1380 3786 1702 3841 ostendens
1733 3786 1873 3857 quid
1905 3787 2146 3843 absurdi

500 3890 785 3954 sequatur
814 3881 888 3936 ad
921 3878 1393 3950 suppositionem
1424 3876 1682 3930 illorum.
1719 3876 1897 3931 Ponit
1947 3882 2145 3932 autem

497 3982 555 4028 et
586 3973 822 4028 tertiam
853 3968 1265 4042 probationem
1299 3983 1367 4021 ex
1416 3965 1546 4036 ipsa
1576 3964 1703 4037 lege
1738 3971 2055 4036 sumptam,
2089 3972 2147 4022 et

494 4065 613 4119 ait:
653 4064 765 4118 Lex
803 4078 920 4131 qua
940 4058 1235 4114 fulcimini
1268 4072 1389 4110 non
1416 4055 1725 4110 observata
1755 4055 1901 4111 iram
1935 4072 2142 4127 opera-

492 4160 622 4209 tur:
663 4152 855 4206 ethoc
897 4149 1052 4204 dicto
1112 4146 1174 4201 id
1232 4145 1391 4215 quod
1440 4150 1567 4199 erat
1596 4160 1971 4215 consequens
2005 4152 2140 4200 tan-

488 4260 666 4315 quam
698 4239 1078 4295 manifestum
1113 4235 1391 4305 reliquit:
1428 4233 1483 4288 Si
1516 4233 1609 4287 lex
1656 4250 1775 4287 non
1836 4234 2146 4290 observata

486 4335 636 4389 iram
666 4334 965 4402 Opwatur,
1002 4343 1100 4381 vos
1132 4331 1328 4380 autem
1382 4321 1746 4394 pranvaricati
1780 4324 1942 4383 estis,
1979 4330 2037 4377 et
2062 4324 2144 4378 ita

462 4432 609 4477 'non
642 4421 834 4475 solum
862 4414 1323 4489 promissionum
1351 4411 1628 4481 indignos
1654 4427 1753 4465 vos
1776 4411 2138 4480 reddidistis,

488 4512 590 4569 sed
622 4518 678 4566 et
708 4507 1040 4583 puniemini
1070 4522 1081 4559 :
1109 4503 1166 4558 id
1194 4502 1353 4557 enim
1374 4516 1609 4571 semper
1633 4516 1761 4554 com
1775 4502 2140 4557 minaturlex

2260 1919 2427 1975 εἰπὼν
2460 1921 2549 1976 καὶ
2580 1924 2949 1995 παραστήσας,
2982 1927 3073 1976 νῦν
3106 1922 3195 1977 καὶ
3224 1920 3390 1994 ἒτὲρῳ
3418 1922 3609 1995 τρόπῳ
3651 1920 3711 1973 τὸ
3755 1918 3893 1973 αὖτὸ

2219 2005 2482 2065 ’δείκνυσι
2513 2011 2603 2066 καί
2645 2032 2824 2086 φησιν·
2875 2011 3204 2075 Ὑποκείσοιυ
3254 2012 3329 2082 μή
3381 2010 3557 2071 οὕτως
3604 2003 3761 2082 ἔχειν,
3810 2007 3888 2068 ὼς

2248 2092 2477 2177 ἔφημεν,
2504 2098 2651 2155 ἀλλὰ
2681 2100 2807 2161 τοὺς
2839 2100 2900 2155 ἐκ
2947 2100 3118 2173 νόμου
3184 2100 3380 2172 μόνους
3436 2099 3575 2154 εἶναι
3630 2094 3897 2169 κληρονό·

2253 2208 2388 2261 μους
2444 2193 2553 2243 τῶν
2608 2190 2743 2262 πρὸς
2801 2184 3051 2263 Ἀϐραᾶμ
3135 2186 3479 2265 ἐπαγγελῶν·
3565 2186 3762 2241 οὑκοῦν
3824 2184 3904 2246 εἷς

2252 2278 2426 2350 μάτην
2465 2279 2683 2356 γὲγονεν
2740 2280 2775 2347 ἡ
2833 2278 3015 2342 πίστις
3073 2283 3152 2351 τῷ
3208 2273 3483 2352 Ἀϐραάμ.
3537 2275 3713 2336 Αὐτὸς
3771 2273 3911 2351 γὰρ,

2249 2368 2355 2443 πρὸ
2384 2372 2481 2423 τοῦ
2513 2370 2686 2441 νόμου
2717 2367 2806 2423 καὶ
2858 2368 3035 2444 χωρὶς
3067 2373 3164 2423 τοῖ’)
3224 2368 3398 2440 νόμου
3442 2366 3739 2421 ἐπίστευσε.
3808 2367 3916 2421 Κε-

2250 2459 2476 2513 κὲνωται
2526 2458 2631 2533 ἀρὰ
2686 2460 2721 2529 ἡ
2779 2459 2981 2527 πίστις,
3040 2457 3339 2527 τουτέστιν,
3402 2454 3553 2511 οὐδὲν
3610 2452 3751 2524 ἐστι,
3818 2454 3916 2509 καὶ

2248 2547 2419 2611 αὐτῆς
2450 2547 2513 2603 τὸ
2576 2547 2709 2603 ὅλον
2767 2547 3077 2626 ἡφάνισταν
3137 2545 3282 2603 ἀλλᾶ
3337 2544 3428 2601 καί
3483 2547 3538 2599 αἱ
3586 2542 3924 2619 ἐπαγγελίαι

2252 2637 2701 2711 κατηργήθησαν,
2734 2636 2845 2691 οἷον
2874 2634 3145 2715 ἃχρηστοι
3176 2636 3268 2691 καὶ
3323 2634 3598 2690 ἀτέλεστοι
3643 2634 3921 2708 γεγὲνηνο

2250 2747 2360 2780 ται.
2393 2726 2461 2782 lii
2492 2728 2591 2800 γὰρ
2621 2729 2656 2795 ἡ
2691 2727 2895 2795 πίστις,
2930 2723 3005 2780 δι’
3028 2726 3094 2795 ἢν
3127 2727 3162 2795 ἡ
3189 2723 3509 2802 ἐπαγγελία,
3532 2728 3918 2796 καταργεῖται,

2253 2812 2513 2884 δηλονότι
2545 2816 2599 2870 αἱ
2631 2815 2718 2870 ἐπὶ
2747 2819 2817 2888 τῇ
2848 2815 3024 2871 πίστει
3058 2814 3413 2891 ἐργαζόμεναι
3454 2810 3915 2887 συναπερῥὺησαν

2252 2902 2342 2957 καὶ
2373 2905 2623 2978 γεγόνασι
2655 2902 2907 2982 φροῦδοι.
2931 2906 2992 2958 Τί
3022 2905 3112 2958 οὖν
3146 2904 3199 2957 o't
3244 2901 3335 2958 διὰ
3388 2903 3564 2975 νόμου
3622 2899 3907 2974 κληρονο-

2253 2994 2510 3067 μήσουσι,
2541 2994 2640 3062 τῆς
2677 2995 2771 3066 μὶν
2823 2993 3053 3055 πίστεως
3108 2993 3459 3062 κενωθείσης,
3519 2989 3906 3066 συνεκρυείσης

2252 3079 2308 3136 δὲ
2337 3084 2405 3154 τῇ
2437 3081 2611 3137 πίστει
2641 3084 2740 3151 τῆς
2791 3079 3154 3158 ἔπαγγελίας;
3215 3081 3375 3155 Ὁρᾷς
3430 3080 3506 3143 ὡς
3550 3076 3622 3134 δι’
3681 3080 3759 3134 ὧν
3824 3077 3913 3134 λὲ-

2250 3192 2405 3248 γουσι
2437 3168 2525 3225 διὰ
2552 3170 2722 3244 νόμου
2767 3158 3155 3247 κληρονομεῖν,
3216 3167 3305 3225 διὰ
3359 3168 3573 3225 τούτων
3633 3166 3920 3225 δείκνυται

2192 3258 2212 3277 ¹
2260 3257 2521 3334 μηδόλως
2551 3259 2915 3336 κληρονομεῖν
2943 3280 2956 3330 ;

2324 3349 2512 3411 Οὕτως
2544 3349 2725 3405 τοίνυν
2758 3346 2931 3425 διχῶς
2958 3350 3054 3411 τὰς
3097 3345 3393 3418 ἂποδείξεις
3439 3348 3762 3418 ἐποιήσατο,
3826 3350 3917 3403 δτι

2258 3439 2655 3515 ὁμακαρισμὸς
2711 3438 2798 3494 ἐπὶ
2849 3440 2948 3508 τῆν
3033 3436 3120 3493 διὰ
3201 3438 3433 3493 πίστεως
3533 3432 3917 3511 ἀκροϐυστίαν

2261 3526 2473 3600 μᾶλλον
2507 3527 2755 3603 ἁρμόζει,
2787 3528 2822 3597 ἦ
2855 3527 2942 3583 ἐπὶ
2990 3530 3089 3597 τήν
3144 3529 3467 3603 περιτομήψ
3516 3527 3615 3595 τὴν
3666 3528 3919 3601 πρώτην

2261 3612 2353 3684 μὲν
2380 3611 2462 3667 ἐπ’
2494 3614 2698 3675 εὐθείας
2727 3613 3071 3690 προαγαγὼν,
3103 3613 3193 3668 καὶ
3252 3613 3305 3683 ἐξ
3364 3611 3529 3667 αὐτῶν
3587 3615 3699 3665 τῶν
3764 3614 3924 3668 κατᾶ

2254 3697 2349 3750 τὸν
2408 3692 2660 3771 Ἀϐραᾶμ
2719 3696 3093 3772 πραχθέντων
3149 3697 3248 3765 τήν
3337 3693 3578 3770 δευνὲραν
3656 3692 3718 3749 δὲ
3777 3717 3916 3750 συν-

2252 3783 2479 3860 δραμὼν
2540 3786 2761 3851 ἐκείνοις
2810 3787 2900 3841 καὶ
2964 3787 3183 3850 ὑποθεὶς
3234 3786 3298 3840 τὸ
3375 3785 3522 3860 παρὰ
3597 3788 3707 3839 τῶν
3759 3783 3913 3838 ἐναν-

2253 3874 2383 3930 τίων
2418 3873 2733 3950 λεγόμενον,
2791 3875 2881 3930 καὶ
2932 3873 3106 3945 δείξας
3164 3877 3279 3930 οἷον
3339 3875 3542 3930 ἄτοπον
3592 3871 3766 3928 ἕπεται
3826 3876 3901 3945 τῇ

2257 3965 2503 4019 ὑποθέσει
2536 3964 2729 4023 αὐτῶν.
2763 3964 2955 4034 Τίθησι
2988 3962 3045 4019 δὲ
3074 3963 3162 4019 καὶ
3195 3963 3381 4039 τρίτην
3436 3960 3693 4030 ἀπόδειξιν
3742 3959 3891 4029 λαμ-

2255 4048 2561 4125 ϐανομένην
2594 4054 2645 4122 ἒξ
2677 4052 2844 4108 αὑτοῦ
2873 4057 2970 4108 τοῦ
3000 4052 3196 4126 νόμου,
3233 4052 3323 4107 καί
3381 4073 3567 4130 φησιν’
3598 4051 3655 4108 Ὀ
3697 4047 3897 4120 νόμος,

2253 4142 2276 4197 ἐ
2319 4144 2331 4162 9
2376 4141 2403 4160 τ’
2442 4141 2465 4197 ἐ
2581 4141 2651 4173 ἸΝ
2936 4164 2953 4175 μ
3137 4143 3149 4175 ‘I
3308 4163 3328 4173 Δ.
3387 4144 3402 4161 \
3708 4137 3717 4155 ο

2281 4166 2315 4222 φ
2365 4165 2410 4215 ῳ
2474 4145 2792 4218 περιιοεσθε,
2852 4138 3207 4215 παραϐαθες,
3270 4142 3443 4219 όργην
3492 4144 3903 4215 κατεργαζεται.

2253 4235 2434 4289 Τοῦτο
2467 4232 2655 4298 εἰπὼν,
2693 4234 2757 4288 τὸ
2788 4233 3083 4289 ἀκόλουθον
3125 4233 3200 4296 ὡς
3252 4230 3423 4302 δῆλον
3478 4227 3788 4287 κατέλιπεν.
3841 4226 3911 4283 Εἴ

2252 4320 2343 4375 οὖν
2378 4322 2604 4393 ὑνόμος
2663 4323 2834 4399 ὀργὴν
2892 4322 3271 4398 κατεργάζεται
3326 4316 3681 4396 παραϐαθεῖς,
3743 4318 3912 4389 ὑμεῖς

2253 4407 2309 4465 δὲ
2364 4405 2802 4486 παραϐεϐηκατε,
2877 4413 2938 4466 οὒ
3000 4413 3159 4484 μόνον
3223 4410 3568 4488 ἐπαγγελιῶν
3630 4407 3733 4463 οὑκ
3787 4405 3915 4462 ἐστὶ

2250 4498 2413 4572 ἄξιοι,
2444 4499 2590 4556 ἀλλὰ
2619 4501 2709 4555 καὶ
2738 4504 3210 4576 τιμωρηθήσεσθε·
3244 4504 3407 4555 τοῦτο
3437 4499 3540 4572 γὰρ
3591 4501 3729 4570 ἡμῖν
3790 4493 3917 4551 δια.-

488 4599 1060 4673 transgressoribus:
1087 4591 1385 4665 quomodo
1412 4607 1546 4662 ergo
1569 4589 1982 4646 salvabimini?
2004 4609 2142 4662 quo-

2251 4590 2443 4650 παντὸς
2474 4590 2501 4643 ὁ
2540 4590 2706 4662 νόμος
2765 4585 3205 4665 παραϐεϐηκόσιν
3256 4588 3677 4645 ἐπανατείνεται·
3731 4586 3908 4641 πόθεν

424 4717 428 4721 ’
489 4691 664 4747 modo
695 4687 1154 4760 complebuntur
1170 4682 1332 4738 vobis
1347 4680 1771 4752 promissiones
1789 4680 1815 4734 ?
1836 4682 1978 4735 Cum
2001 4698 2138 4752 ergo

492 4788 550 4838 et
577 4782 704 4836 hmo
723 4785 781 4834 et
799 4778 916 4834 alia
937 4777 1093 4832 dicta
1117 4774 1255 4839 sint,
1281 4789 1347 4828 ac
1379 4771 1851 4826 demonstratum
1877 4770 1953 4825 sit
1983 4772 2141 4842 quod

492 4888 561 4927 ex
592 4864 719 4943 lege
743 4880 1128 4938 nequaquam
1160 4862 1349 4934 possit
1377 4860 1580 4916 haberi
1614 4858 1812 4916 salus:
1844 4859 2139 4931 reliquum

493 4967 581 5016 est
610 4957 684 5013 ad
714 4955 963 5030 gratiam
987 4952 1322 5023 confugere,
1350 4964 1481 5020 quae
1512 4963 1618 5019 per
1636 4946 1813 5002 ﬁdem
1830 4955 2143 5018 prtestatur

491 5047 787 5120 siquidem
823 5061 927 5116 per
956 5042 1108 5098 hanc
1158 5038 1587 5112 promissiones
1638 5036 2052 5107 perficiuntur,
2087 5044 2144 5093 et

491 5138 785 5195 Abraham
807 5134 1075 5189 omnium
1102 5136 1269 5202 pater
1291 5127 1567 5184 efﬁcitur.
1596 5131 1799 5196 Itaque
1823 5127 2012 5198 ipsius
2039 5128 2142 5184 Da-

488 5230 585 5285 \id
624 5222 984 5282 beatificatio
1031 5237 1164 5276 cum
1198 5218 1274 5273 sit
1329 5216 1664 5272 communis
1695 5214 1767 5269 ad
1800 5232 2007 5271 omnes
2039 5218 2140 5287 qui

488 5339 521 5389 ιι
545 5338 592 5371 er
625 5318 800 5371 ﬁdem
821 5312 1143 5374 salvantur,
1179 5324 1298 5362 non
1324 5305 1543 5370 minus,
1565 5304 1710 5374 quin
1738 5305 1921 5376 magis
1946 5308 2140 5376 potius

489 5408 561 5462 ad
589 5408 790 5460 fideles
851 5408 1109 5473 aptatur.
1168 5397 1268 5468 qui
1334 5395 1392 5448 in
1448 5394 1740 5465 praeputio
1801 5402 2137 5450 venerunt:

494 5502 712 5567 quanto
737 5494 915 5548 etiam
948 5491 1113 5562 prius
1146 5487 1207 5540 in
1239 5484 1536 5540 Abraham
1572 5483 1878 5538 veritatem
1912 5484 2138 5553 habuit,

494 5600 629 5639 cum
661 5589 817 5636 esset
846 5581 909 5634 in
940 5576 1252 5649 praeputio.
1289 5595 1318 5624 (ι
1349 5571 1520 5628 Irrita
1564 5570 1720 5626 facta
1774 5578 1863 5626 est
1919 5575 2139 5644 promi-

497 5674 605 5730 sio.
638 5692 667 5722 η
699 5672 1003 5738 Tanquam
1035 5670 1235 5720 essent
1288 5659 1553 5727 inutiles,
1593 5658 1775 5716 irrita;
1805 5661 1975 5717 facta:
2000 5669 2141 5723 sunt

2252 4677 2343 4733 οὖν
2395 4680 2750 4749 emerge-Nile;
2805 4680 2965 4743 πόθεν
3031 4681 3156 4751 ὑμῖν
3218 4679 3273 4733 αἱ
3330 4674 3653 4752 ἐπαγγελίαι
3708 4695 3723 4743 ;
3776 4674 3906 4730 ἐπεὶ

2251 4767 2341 4820 οὖν
2375 4767 2439 4821 τά
2468 4788 2527 4822 τε
2582 4764 2725 4822 ἄλλα
2784 4766 3019 4841 εἴρηται,
3071 4765 3161 4820 καὶ
3221 4762 3485 4820 δέδεικται
3542 4764 3629 4818 ὃτι
3687 4762 3783 4816 καὶ
3844 4761 3915 4816 ἑκ

2247 4861 2345 4912 τοῦ
2396 4858 2570 4930 νόμου
2624 4857 2723 4912 οὐκ
2790 4852 2931 4911 ἔστιν
2991 4854 3137 4918 ὅλως
3199 4854 3576 4923 δικαιωθῆναι,
3654 4850 3910 4908 λείπετει

2249 4952 2571 5022 καταφυγεῖν
2631 4944 2719 5001 ἐπὶ
2776 4947 2874 5015 τὴν
2937 4942 3024 5000 διὰ
3088 4944 3323 5009 πίστεως
3381 4948 3564 5019 χάριν.
3624 4943 3726 4997 Διὰ
3776 4941 3917 4996 στα-3-

2234 5036 2348 5105 ςτης
2379 5035 2482 5111 γαρ
2531 5036 2588 5089 αἱ
2647 5032 2965 5108 ἐπαγγελίαι
3024 5038 3400 5109 περατοῦνται,
3457 5031 3546 5087 καὶ
3607 5030 3636 5084 ὁ
3696 5025 3910 5105 Ἀερα,

2252 5125 2330 5198 ἀμ
2381 5126 2598 5179 πάντων
2649 5124 2848 5199 γίνεται
2906 5126 3109 5199 πατήρ·
3170 5123 3508 5178 Ὦστεὸτοῦ
3566 5116 3731 5174 Δαυίδ
3796 5140 3908 5193 μα-

2250 5215 2515 5286 καρισμὸς
2569 5214 2755 5274 κοινὸς
2819 5212 3082 5288 ὑπάρχων
3158 5211 3245 5267 ἐπὶ
3329 5215 3435 5265 τῶν
3497 5208 3587 5264 διὰ
3658 5207 3908 5268 πίστεως

2251 5304 2570 5374 σωζομένων
2629 5302 2863 5365 πάντων,
2927 5301 3035 5377 οὐχ
3091 5301 3277 5370 ἦττον,
3328 5298 3475 5356 ἀλλὰ
3524 5298 3616 5353 καὶ
3678 5296 3906 5369 μᾶλλόν

2249 5391 2389 5446 ἐστιν
2439 5391 2525 5446 ἐπὶ
2573 5396 2681 5445 τῶν
2737 5389 2786 5445 ἐν
2842 5385 3173 5465 ἀκροϐυστίᾳ
3255 5394 3460 5444 πιστῶν
3546 5383 3908 5465 ὲφαρμὸζων,

2250 5483 2362 5553 ὅσῳ
2418 5482 2507 5536 καὶ
2566 5487 2781 5557 πρῶτον
2834 5478 2922 5537 ἐπὶ
2976 5485 3072 5536 τοῦ
3140 5479 3191 5534 ἐν
3252 5474 3585 5552 ἀκροϐυστίᾳ
3645 5472 3912 5551 Ἀϐραὰμ

2249 5569 2417 5648 ἐφάνη
2449 5568 2759 5640 ἀληθεύων.
2804 5594 2832 5623 ‹‹
2884 5572 3239 5647 Κατήργηται
3288 5572 3323 5638 ἡ
3378 5566 3694 5643 ἐπαγγελία.
3728 5591 3756 5619 »ι
3806 5566 3909 5627 Ὡς

2249 5659 2311 5716 οὑ
2368 5657 2657 5736 χρειώδεις
2717 5658 2892 5731 οὖσαι,
2980 5661 3352 5735 κατήργηνται
3409 5659 3463 5714 αἱ
3516 5654 3904 5733 ἑπαγγελείαι,
