4126 6256
251 331 365 393 LO!

1407 326 1819 391 COMMENT.
1866 324 1955 385 IN
2000 321 2254 384 EPIST.
2312 324 2410 383 AD
2458 325 2652 386 ROM.

3615 325 3736 386 4οἳ

271 463 545 526 τουτέστιν
577 464 870 538 ἄπρακτοι
904 465 1198 542 γεγόνασι.
1251 468 1374 528 Πῶς
1411 483 1424 533 ;
1455 460 1505 516 εἲ
1559 459 1659 537 γὰρ
1693 461 1727 530 ἡ
1785 457 1966 520 πίστις

2097 457 2510 530 promissiones
2537 475 2550 513 :
2584 459 2695 514 hoc
2727 462 2816 514 est
2840 457 3177 515 inefﬁcaces
3200 458 3733 526 fuerunt.Quonam

283 561 626 634 καταργεῖται
662 552 733 609 δι’
772 553 851 624 ἥν
923 557 982 610 αἱ
1044 554 1393 630 ἐπαγγελίαι,
1455 549 1713 622 δηλονότι
1768 568 1972 622 συγκα-

295 653 610 725 ’παρ-(οὔπω
642 646 698 700 αἱ
733 643 1100 722 ἐπαγγελίαι,
1134 645 1201 700 Εἰ
1244 642 1299 700 δὲ
1338 643 1492 698 αὗται
1533 640 1973 716 καταργηθῶσιν,

301 738 429 798 οὐδὲ
457 740 484 794 ὃ
514 732 771 811 ’Δϐραᾶμ
799 737 995 811 πατὴρ
1018 734 1192 796 τινός.

405 921 499 975 Διά
528 921 669 973 τοῦτο
704 915 767 971 ἐκ
824 918 1095 978 πίστεως,
1131 909 1222 966 ’ἱνα
1275 910 1412 966 κατὰ
1469 909 1654 984 χάριν,
1752 906 1830 968 εἷς
1911 905 1973 960 τὸ

326 1012 467 1069 εἶναι
515 1002 720 1083 βεϐαίαν
825 1005 928 1072 τὴν
1038 998 1366 1077 ἐπαγγελίαν
1419 998 1575 1053 παντὶ
1652 1001 1730 1070 τῷ
1809 996 1972 1070 πτέρ’

313 1120 478 1174 ματι*
555 1098 614 1152 οὗ
688 1099 768 1166 τῷ
850 1095 910 1149 ἐκ
985 1097 1082 1148 τοῦ
1156 1091 1327 1163 νόμου
1358 1089 1542 1161 μόνον,
1574 1085 1838 1142 ἀλλὰκαὶ
1895 1088 1975 1156 τῷ

310 1191 378 1245 ἐκ
455 1188 687 1249 πίστεως
766 1181 1042 1260 Ἀϐραὰμ,
1120 1181 1177 1242 ὃς
1280 1177 1390 1234 ἐστι
1488 1176 1668 1249 πατὴρ
1763 1175 1977 1229 πάντων

301 1283 499 1351 ἡμῶν,
576 1277 756 1338 καθὼς
833 1275 1152 1350 γέγραπται,
1259 1269 1342 1325 ’ὁτι
1437 1269 1650 1342 Πατέρα
1749 1262 1977 1320 πολλῶν

297 1368 480 1424 ἐθνῶν
562 1364 780 1430 τέθεικά
856 1383 933 1418 σε’
1011 1362 1287 1415 κατέναντι
1365 1355 1426 1412 οὗ
1486 1354 1784 1422 ἐπίστευσε,
1819 1356 1975 1424 Θεοῦ,

295 1463 400 1515 τοῦ
428 1459 839 1527 ζωοποιοῦντος
871 1451 1000 1514 τοὺς
1027 1448 1272 1525 νεκροὺς,
1315 1446 1405 1502 καὶ
1466 1442 1764 1507 γαλοῦντος
1795 1441 1860 1496 τὰ
1899 1441 1974 1514 μὴ

295 1549 438 1604 ὄντα
469 1547 552 1609 ὡς
588 1541 740 1600 ὄντα.

375 1638 487 1696 Καὶ
518 1635 723 1703 οὕτως,
756 1634 946 1712 φησὶν,
994 1630 1055 1684 οὗ
1117 1628 1206 1684 διὰ
1260 1631 1355 1682 τοῦ
1408 1627 1579 1699 νόμου
1635 1619 1976 1700 βεϐαιοῦνται

301 1729 358 1784 αἱ
417 1710 787 1803 ἐπαγγελίαι,
847 1721 933 1776 ὅτι
989 1719 1189 1796 τρόπον
1254 1716 1374 1772 τινὰ
1427 1714 1517 1769 καὶ
1565 1710 1976 1788 ἐμποδίζονται.

2082 549 2255 603 modo
2283 549 2311 604 ?
2333 551 2476 604 Nam
2503 550 2550 604 si
2586 549 2733 604 ﬁdes
2791 556 3034 621 propter
3064 567 3240 620 quam
3271 554 3440 604 erant
3477 551 3736 621 promis-

2085 638 2303 706 siones,
2367 638 2534 693 irrita
2591 638 2880 702 redditur,
2944 655 3316 709 consequens
3356 645 3464 705 est,
3497 645 3562 693 ut
3616 657 3736 695 una

2084 729 2516 799 promissiones
2542 745 2777 800 quoque
2804 729 2982 782 irritas
3016 727 3376 784 reddantur:
3402 729 3618 799 quodsi
3645 730 3732 783 ha:

2085 815 2232 872 ﬁant
2262 818 2463 885 irrita),
2501 835 2693 889 neque
2726 818 3022 873 Abraham
3056 819 3408 890 cujusquam
3429 824 3594 889 pater
3625 825 3733 874 est.

2156 997 2248 1062 ιγ,
2284 998 2371 1054 16.
2409 997 2488 1051 17.
2529 997 2733 1054 Idcirco
2761 1014 2828 1054 ea:
2857 997 2963 1068 ﬁde
3015 1002 3109 1056 est,
3144 1002 3205 1051 ιιι
3260 996 3555 1051 secundum
3609 1014 3740 1066 gra-

2086 1088 2242 1152 tiam,
2274 1091 2335 1140 ut
2376 1089 2537 1154 ﬁrma
2584 1087 2656 1143 sit
2706 1089 2996 1159 promissio
3055 1084 3205 1140 omni
3260 1087 3455 1140 semini
3489 1103 3500 1139 :
3534 1103 3645 1141 non
3693 1089 3743 1142 ei

2086 1180 2300 1228 tantum
2329 1175 2479 1245 quod
2509 1192 2576 1230 ea:
2609 1176 2724 1246 lege
2755 1184 2848 1242 est,
2882 1191 3069 1231 verum
3098 1176 3264 1229 etiam
3291 1173 3342 1228 ei
3370 1176 3518 1244 quod
3548 1192 3615 1231 ea:
3633 1176 3743 1244 ﬁde

2087 1263 2396 1328 Abraham,
2456 1267 2553 1334 qui
2606 1271 2682 1321 est
2749 1273 2910 1336 pater
2967 1263 3214 1319 omnium
3270 1270 3537 1328 nostrum,
3605 1268 3745 1320 sicut

2084 1356 2353 1424 scriptum
2385 1359 2462 1408 est
2495 1371 2507 1409 :
2546 1359 2763 1410 Patrem
2820 1355 3126 1409 multarum
3157 1356 3403 1423 gentium
3427 1356 3590 1424 posui
3635 1360 3684 1409 te
3723 1372 3743 1416 ,ο

2087 1459 2272 1498 coram
2302 1445 2410 1497 Deo
2459 1445 2547 1497 cui
2595 1445 2851 1510 credidit,
2912 1443 3012 1514 qui
3065 1442 3311 1512 viviﬁcat
3369 1449 3633 1509 mortuos,
3677 1460 3740 1498 ac

2088 1538 2246 1588 vocat
2275 1549 2340 1588 ea
2369 1548 2489 1604 quae
2520 1549 2626 1588 non
2657 1540 2782 1588 sunt
2811 1535 2954 1588 sicut
2986 1549 3048 1586 ea
3078 1548 3197 1602 quae
3231 1539 3378 1586 sunt.

2159 1624 2227 1676 Et
2257 1622 2359 1692 ita,
2392 1623 2607 1693 inquit,
2640 1639 2759 1676 non
2795 1623 3107 1677 ﬁrmantur
3134 1637 3240 1692 per
3270 1621 3459 1692 legem
3485 1623 3740 1692 promis-

2089 1711 2309 1776 siones,
2347 1711 2450 1766 sed
2482 1711 2919 1782 quodammodo
2954 1711 3130 1765 etiam
3165 1709 3588 1781 impediuntur.
3616 1711 3739 1775 Quo

307 1824 439 1880 Πῶς
480 1837 497 1888 ;
535 1799 625 1870 δτι
659 1815 688 1868 6
719 1811 890 1884 νόμος
952 1810 1120 1884 ὀργήν
1179 1806 1581 1900 κατεργάζεται,
1646 1799 1976 1900 παραϐαοεξς

2097 1806 2259 1872 pacto
2292 1800 2487 1855 ?Nam
2521 1801 2612 1856 lex
2643 1801 2790 1856 iram
2815 1807 3242 1872 operatur,non
3271 1805 3497 1855 servata
3524 1799 3740 1854 videli-

304 1907 608 1979 δηλονότι.
646 1900 843 1965 Οὐδεὶς
869 1899 968 1975 γὰρ
1004 1898 1164 1954 αὐτὸν
1201 1895 1394 1971 ἴσχυσε
1449 1893 1764 1968 πληρῶσαι.
1817 1893 1983 1947 Ἔνθα

319 1998 377 2054 δὲ
409 1997 584 2071 ὀργή,
615 1998 736 2056 πῶς
765 1989 1114 2066 κληρονομία
1149 2007 1162 2056 ;
1195 1991 1309 2050 πῶς
1367 1984 1779 2071 κληρονομήσει
1870 1983 1981 2056 ὡρ-

317 2070 575 2162 γισμξνος
611 2131 626 2153 ,
665 2087 782 2145 πῶς
813 2081 1031 2150 ἥξουσιν
1066 2077 1121 2132 αἱ
1148 2073 1466 2150 ἐπαγγελίαι
1501 2093 1514 2143 ;
1545 2075 1604 2128 Ἠ
1665 2070 1721 2127 δὲ
1775 2070 1980 2141 πίστις,

338 2158 478 2256 ignei,
507 2177 614 2242 τήν
651 2175 816 2251 χάριν
847 2169 1043 2244 εἰσάγει
1076 2171 1172 2222 τοῦ
1203 2169 1357 2223 Θεοῦ.
1393 2163 1627 2238 Χάριτος
1675 2159 1732 2216 δὲ
1789 2158 1979 2230 οὔσης,

343 2250 580 2328 gelen-av.
640 2250 736 2317 καὶ
793 2258 1133 2334 πληροῦνται
1188 2256 1243 2310 αἱ
1300 2251 1640 2330 ἐπαγγελίαι.
1695 2275 1721 2302 ‹‹
1773 2251 1868 2310 Εἲς
1923 2250 1983 2302 τὸ

337 2358 469 2412 εἶναι
524 2349 756 2431 βεϐαίαν
801 2352 900 2420 τήν
959 2345 1306 2423 ἐπαγγελίαν.
1353 2371 1382 2399 ››
1442 2346 1608 2407 Ἔνθα
1665 2343 1766 2417 γὰρ
1821 2340 1982 2415 χάρις

332 2452 480 2516 Θεοῦ,
515 2426 621 2501 οὐκ
653 2440 735 2497 ἔτι
770 2433 1074 2515 ἀμφίϐολοι
1107 2437 1159 2490 αἱ
1191 2433 1524 2510 ἐπαγγελίαι,
1556 2431 1703 2487 ἀλλᾶ
1743 2426 1978 2504 βέϐαιοι.

321 2536 452 2598 Θεὸς
480 2535 611 2608 γὰρ,
647 2529 839 2612 φησὶν,
874 2529 901 2582 6
959 2523 1183 2582 δικαιῶν
1241 2524 1452 2599 χάριτι,
1507 2521 1588 2584 τίς
1642 2522 1670 2575 ὁ
1725 2519 1986 2593 κατακρί-

309 2648 420 2680 νων
453 2644 469 2693 ;
505 2648 533 2675 ιι
570 2605 749 2679 [lion
780 2623 858 2688 τῷ
885 2615 1174 2690 σπέρματι.
1222 2636 1250 2665 ››
1309 2614 1378 2667 Τὸ
1439 2605 1762 2686 ὑπερϐατὸν,
1823 2609 1985 2663 Παντὶ

323 2721 404 2787 τῷ
431 2715 709 2787 σπέρματι
742 2703 1017 2781 Ἀϐραάμ.
1048 2729 1074 2758 ‹‹
1119 2703 1194 2760 Οὐ
1242 2707 1322 2774 τῷ
1380 2701 1440 2756 ἐκ
1503 2704 1598 2755 τοῦ
1650 2700 1823 2772 νόμον.)
1887 2698 1986 2772 μό-

333 2786 496 2861 νον.»
534 2786 632 2858 Ἐκ
692 2801 793 2854 τοῦ
823 2796 998 2870 νόμου
1054 2789 1223 2870 λέγει,
1280 2791 1408 2853 τοὺς
1467 2789 1518 2861 ἐξ
1577 2786 1855 2845 Ἰουδαίων
1914 2788 1989 2850 εἷς

330 2895 426 2960 τήν
484 2891 674 2947 πίστιν
736 2884 1018 2946 ἐλθόντας.
1078 2907 1100 2934 ι
1153 2879 1361 2956 Πατέρα
1432 2876 1658 2933 πολλῶν
1719 2876 1899 2933 ἐθνῶν.
1960 2899 1987 2927 »

320 2983 461 3046 Τοῦς
494 2980 685 3054 χωρῖς
715 2976 896 3050 νόμου
927 2973 1155 3033 πιστοὺς
1175 2971 1520 3045 γενομένους.
1551 2970 1692 3042 ⁸Ὀρα
1749 2964 1806 3022 δέ
1870 2969 1988 3026 πῶς

321 3073 525 3128 λοιπον
557 3068 824 3124 συνάπτει
856 3063 980 3124 τοὺς
1021 3059 1118 3116 δύο
1171 3059 1360 3127 λαοὺς,
1419 3057 1508 3112 καὶ
1566 3057 1780 3112 πάντων
1840 3058 1988 3109 ποιεῖ

330 3161 534 3233 πατέρα
585 3160 680 3212 τὸν
757 3149 1037 3227 Ἀϐρααμ.
1100 3174 1128 3202 ι(
1184 3149 1476 3206 Κατέναντι
1551 3144 1611 3201 οὗ
1687 3142 1986 3215 ἐπίστευσε,

342 3254 503 3304 Θεοῦ,
536 3274 564 3300 n
589 3246 901 3311 τουτέστιν,
930 3240 1114 3314 ὣσπερ
1158 3239 1184 3294 ὁ
1243 3238 1370 3301 Θεὸς
1424 3236 1524 3291 οὐκ
1574 3229 1684 3290 ἔστι
1746 3233 1987 3309 μερικὸς,

357 3338 509 3394 ἀλλὰ
535 3339 736 3392 πάντων
790 3334 946 3401 Θεὸς,
1007 3331 1182 3392 οὓτως
1238 3329 1327 3385 καὶ
1379 3329 1406 3383 ὁ
1466 3321 1716 3400 Ἀϐραὰμ
1769 3326 1986 3379 πάντων

359 3430 566 3501 πατήρ.
602 3459 669 3470 -
693 3424 894 3500 ἶΦΩΤ.]
927 3421 1236 3477 Κατέναντι.
1270 3418 1560 3483 Ἐναντίον,
1619 3413 1876 3484 ἐνώπιον,
1910 3412 1990 3474 εἷς

349 3517 638 3592 πρόσωπον
684 3520 833 3570 Θεοῦ.
894 3511 988 3574 Εἷς
1053 3511 1344 3584 πρόσωπον
1395 3508 1500 3582 γὰρ
1554 3504 1693 3562 Οεοῦ
1753 3501 1986 3577 εἶ’ρηται,

345 3591 460 3665 οἷον
495 3608 567 3668 ὡς
597 3605 657 3661 ἐκ
686 3605 990 3679 προσώπου
1020 3605 1175 3667 Θεοῦ,
1206 3599 1290 3667 τὸ,
1324 3623 1351 3650 ‹‹
1387 3595 1595 3670 Πατέρα
1637 3592 1866 3650 πολλῶν
1901 3591 1986 3656 έο-

347 3703 449 3753 νῶν
480 3696 692 3752 τέθεικὰ
724 3715 804 3750 σε.
846 3717 866 3746 ι
901 3689 1133 3758 Ἐπειδὴ
1165 3690 1271 3764 γὰρ
1300 3687 1436 3756 εἷπε,
1484 3711 1505 3736 ι
1570 3685 1760 3748 Καθὼς
1800 3681 1985 3760 γέγρα-

343 3810 481 3848 πται,
511 3810 539 3840 ι
578 3789 659 3859 μὴ
695 3783 978 3857 προσθεὶς,
1015 3785 1120 3836 ποῦ
1150 3778 1467 3854 γέγραπται,
1518 3775 1553 3844 ἢ
1603 3779 1742 3845 πῶς,
1776 3773 1986 3846 ἐπήγα-

333 3877 517 3956 γεν(ἐί
550 3877 646 3931 καὶ
707 3868 971 3948 ὑπερ-ϐας)
1027 3870 1112 3935 τὸ,
1170 3865 1444 3924 κατέναντι
1502 3869 1655 3934 Θεοῦ,
1714 3863 1778 3918 τὸ
1834 3862 1985 3932 ἀξιό-

321 3990 509 4026 π;στον
543 3967 641 4021 καὶ
676 3959 900 4040 βέϐαιον
938 3965 1054 4028 τοῦ,
1115 3959 1432 4033 γέγραπται,
1489 3958 1784 4028 παριστῶν.
1822 3975 1849 4004 ιι
1881 3958 1984 4006 Κα-

319 4059 426 4121 θὼς
480 4057 819 4132 γέγραπται,
877 4049 1031 4128 φησὶ,
1102 4046 1438 4102 κατενώπιον
1521 4046 1677 4110 Θεοῦ,
1736 4066 1758 4092 ι»
1834 4061 1990 4095 τουτ-

317 4128 602 4214 mmet}
643 4140 943 4217 πρόσωπον
1005 4141 1160 4200 Θεοῦ,
1217 4133 1309 4191 καὶ
1363 4131 1426 4188 ἐκ
1474 4131 1774 4206 προσώπου
1830 4128 1985 4186 Θεοῦ.

317 4232 671 4306 ’.ὶξιὸπιστὸς
733 4228 869 4288 ἐστι,
922 4227 1108 4306 φησῖν,
1195 4227 1229 4293 ἡ
1285 4223 1494 4302 Γραφῆ,
1572 4220 1985 4294 ἀμετάπτωτος,

324 4321 548 4402 βεϐαία,
599 4321 734 4383 Bari:
771 4319 910 4373 ἐστιν
969 4316 1023 4371 ἐν
1082 4316 1216 4387 αὖτῇ
1278 4312 1466 4379 εἰπὼν,
1523 4311 1799 4383 «Πατέρα
1846 4308 1989 4364 πολ-

327 4399 445 4474 λῶν
481 4417 653 4473 ἐθνῶν
703 4411 917 4466 τέθεικά
972 4428 1048 4461 σε.
1087 4429 1115 4457 »
1175 4405 1253 4462 Τὸ
1311 4405 1441 4477 γοῦν
1500 4399 1691 4474 ἐφεξῆς
1745 4405 1846 4467 τῆς
1894 4401 1991 4453 τοῦ

328 4511 502 4586 λόγου
534 4506 922 4580 «appoint»:
989 4497 1174 4559 Καθὼς
1231 4495 1528 4570 γέγραπται
1589 4486 1871 4546 κατέναντι
1928 4489 1989 4544 οὗ

2090 1896 2183 1946 cet
2215 1907 2227 1945 :
2263 1891 2467 1945 nullus
2501 1891 2660 1946 enim
2690 1891 2883 1962 potuit
2913 1891 3079 1945 illam
3113 1890 3266 1946 254
3295 1890 3612 1960 complere.
3638 1890 3746 1946 Ubi

2089 1987 2288 2037 autem
2323 1988 2412 2036 est
2439 1981 2849 2053 ira,quomodo
2884 1982 2997 2036 erit
3015 1980 3388 2036 haereditaria
3405 1981 3697 2051 possessio
3717 1981 3745 2034 ?

2092 2089 2205 2143 quo
2238 2078 2406 2143 pacto
2441 2072 2846 2128 haareditatem
2877 2071 3130 2142 accipiet
3161 2071 3258 2142 qui
3295 2070 3402 2125 sub
3438 2071 3524 2125 ira
3555 2070 3748 2126 conti-

2091 2167 2268 2215 netur
2285 2161 2312 2214 ?
2331 2161 2624 2230 quomodo
2639 2161 2877 2215 venient
2892 2161 3535 2232 promissiones?Fides
3549 2166 3746 2214 autem

2092 2253 2191 2307 Dei
2215 2252 2464 2323 gratiam
2489 2252 2715 2306 inducit
2741 2270 2752 2318 ;
2779 2269 2953 2323 porro
2976 2253 3166 2324 gratia
3190 2257 3482 2322 praesente
3505 2252 3749 2306 veniunt

2093 2348 2152 2398 et
2204 2343 2580 2413 complentur
2636 2343 3080 2414 promissiones.
3125 2364 3151 2393 ιι
3188 2344 3258 2398 Ut
3300 2343 3471 2398 ﬁrma
3500 2343 3577 2398 sit
3607 2360 3745 2414 pro-

2093 2432 2320 2489 missio.
2355 2455 2382 2482 ››
2409 2432 2512 2487 Ubi
2549 2433 2709 2486 enim
2740 2432 2928 2504 gratia
2960 2431 3061 2485 Dei
3095 2437 3204 2496 est,
3249 2433 3376 2501 jam
3430 2449 3550 2486 non
3605 2436 3742 2486 sunt

2095 2522 2288 2577 dubiae
2323 2521 2771 2592 promissiones,
2807 2520 2909 2575 sed
2943 2520 3147 2574 ﬁrmae.
3187 2521 3339 2575 Deus
3371 2526 3476 2584 est,
3528 2520 3741 2590 inquit,

2096 2612 2195 2684 qui
2232 2628 2336 2682 per
2356 2611 2934 2683 gratiamjustiﬁcat,
2967 2610 3067 2680 qui
3097 2615 3185 2665 est
3216 2609 3316 2664 ille
3349 2610 3448 2680 qui
3472 2609 3747 2664 condem-

2097 2700 2242 2756 nat?
2274 2724 2297 2749 α
2334 2701 2507 2756 Omni
2541 2701 2775 2754 semini.
2814 2724 2834 2751 ι
2875 2699 3250 2772 Hyperbaton
3275 2698 3747 2770 est,etjungitur

2097 2808 2231 2847 cum
2264 2790 2526 2845 dictione
2559 2790 2856 2845 Abraham
2889 2806 2902 2845 :
2939 2789 3108 2845 Omni
3158 2789 3371 2844 semini
3430 2788 3745 2843 Abraham.

2102 2904 2120 2930 ι
2160 2882 2284 2936 Non
2319 2879 2371 2935 ei
2407 2885 2635 2934 tantum
2669 2879 2824 2949 quod
2857 2895 2925 2934 ex
2958 2877 3084 2949 lege
3113 2883 3219 2932 est.
3261 2901 3280 2924 ι
3321 2878 3400 2931 Ex
3431 2878 3557 2946 lege
3607 2876 3753 2930 dicit

2099 2986 2199 3024 eos
2227 2970 2326 3039 qui
2361 2987 2432 3023 ex
2487 2968 2704 3023 Judrcis
2754 2967 2827 3022 ad
2873 2968 3053 3022 ﬁdem
3086 2971 3393 3020 venerunt.
3457 2989 3481 3014 ‹‹
3517 2969 3753 3021 Patrem

2099 3059 2423 3115 multarum
2477 3057 2825 3128 gentium.»
2878 3057 3015 3120 Qum
3050 3056 3175 3110 sine
3224 3055 3350 3123 lege
3381 3054 3548 3109 facta:
3608 3058 3749 3108 sunt

2104 3147 2331 3203 ﬁdeles.
2370 3146 2508 3200 Vide
2549 3151 2748 3200 autem
2782 3161 2896 3214 quo
2929 3149 3097 3214 pacto
3128 3143 3407 3212 deinceps
3433 3147 3580 3195 duos
3603 3158 3752 3195 con-

2096 3236 2296 3308 jungit
2325 3233 2993 3306 populos,omniumque
3024 3237 3250 3303 patrem
3271 3231 3412 3286 facit
3433 3230 3747 3285 Abraham.

2102 3347 2129 3376 «
2152 3326 2360 3380 Coram
2393 3324 2508 3378 Deo
2537 3323 2630 3378 cui
2661 3321 2930 3378 credidit.
2964 3343 2990 3370 »
3026 3321 3142 3376 Hoc
3186 3325 3312 3376 est:
3351 3319 3747 3385 Quemadmo-

2099 3413 2241 3469 dum
2274 3415 2427 3468 Deus
2460 3429 2578 3466 non
2613 3417 2701 3467 est
2731 3409 3242 3482 particularis,sed
3263 3409 3530 3465 omnium
3571 3409 3745 3476 Deus,

2097 3503 2179 3557 ita
2210 3508 2267 3557 et
2307 3501 2603 3557 Abraham
2663 3499 2930 3555 omnium
2991 3503 3178 3570 pater.
3239 3495 3531 3552 Κατέναντι
3587 3503 3746 3562 ante,

2097 3607 2326 3656 coram,
2377 3590 2439 3645 in
2495 3593 2814 3660 conspectu
2885 3587 3006 3643 Dei.
3087 3589 3230 3642 Nam
3289 3586 3351 3642 in
3423 3591 3743 3656 conspectu

2096 3680 2219 3741 Dei,
2246 3680 2363 3736 sive
2397 3696 2466 3734 ex
2499 3695 2751 3751 persona
2806 3677 2908 3732 Dei
2966 3677 3187 3732 dictum
3221 3680 3354 3730 est:
3419 3696 3446 3725 «
3507 3677 3740 3730 Patrem

2097 3770 2420 3826 multarum
2484 3768 2750 3841 gentium
2801 3767 2970 3838 posui
3031 3772 3110 3820 te.
3163 3787 3190 3814 ››
3241 3764 3546 3836 Siquidem
3607 3779 3742 3818 cum

2099 3861 2348 3917 dixerit:
2384 3881 2410 3908 ‹‹
2447 3858 2606 3912 Sicut
2635 3857 2921 3927 scriptum
2953 3860 3062 3918 est,
3103 3875 3129 3903 ››
3157 3870 3279 3908 non
3341 3852 3588 3914 addens,
3641 3851 3742 3905 ubi

2100 3949 2384 4020 scriptum
2417 3950 2631 4010 est,aut
2663 3960 2778 4016 quo
2821 3943 3015 4008 modo,
3043 3941 3348 4013 subjungit
3379 3942 3742 4012 (quanquam

2100 4054 2206 4110 per
2260 4033 2646 4107 hyperbaton)
2702 4030 2980 4086 κατέναντι
3026 4033 3180 4092 Θεοῦ,
3230 4029 3293 4084 id
3375 4034 3484 4090 est.
3544 4045 3744 4084 coram

2098 4129 2238 4193 Deo,
2268 4124 2675 4196 probationem
2734 4126 2792 4175 et
2837 4119 3351 4175 conﬁrmationem
3407 4119 3537 4189 ejus
3587 4116 3745 4189 quod

2100 4217 2320 4273 dictum
2356 4219 2444 4268 est
2475 4213 2588 4268 ﬁde
2647 4211 2885 4283 dignam
2944 4208 3264 4264 adducens.
3301 4231 3327 4260 ‹‹
3383 4209 3544 4262 Sicut
3599 4207 3743 4262 scri-

2100 4312 2264 4380 ptum
2290 4309 2398 4370 est,
2434 4325 2461 4352 ι)
2494 4301 2708 4373 inquit,
2743 4323 2768 4350 ‹‹
2834 4301 3040 4354 Coram
3096 4299 3233 4365 Deo,
3299 4319 3324 4346 »
3378 4299 3488 4353 hoc
3549 4302 3638 4351 est
3681 4296 3742 4350 in

2102 4399 2420 4466 conspectu
2484 4393 2602 4459 Dei,
2655 4396 2713 4446 et
2737 4407 2806 4446 ex
2863 4405 3118 4461 persona
3167 4388 3313 4443 Dei:
3347 4387 3484 4443 Fide
3544 4386 3740 4458 digna,

2100 4486 2317 4559 inquit,
2351 4489 2440 4539 est
2471 4482 2792 4554 Scriptura,
2825 4478 3175 4539 immobilis,
3210 4478 3421 4544 ﬁrma;
3457 4477 3609 4531 Deus
3657 4480 3746 4530 est

329 4565 617 4654 ἐπίστευσε
643 4595 796 4656 Θεοῦ,
858 4589 943 4645 ὅτι
989 4583 1190 4651 πατέρα
1246 4579 1473 4638 πολλῶν
1529 4579 1712 4647 ἐθνῶν,
1767 4578 1860 4632 καὶ
1916 4577 1983 4632 τὰ

2097 4577 2191 4649 qui
2224 4577 2285 4632 iu
2319 4591 2389 4631 ea
2418 4574 2649 4628 locutus
2673 4577 2780 4626 est.
2815 4590 2844 4618 ‹‹
2878 4571 3113 4624 Patrem
3140 4567 3460 4622 multarum
3477 4565 3743 4638 gentium

331 4689 478 4758 ἑξῆς,
539 4688 752 4756 ’Ὠσπερ
806 4679 931 4753 γὰρ,
986 4673 1144 4754 φησί,
1209 4671 1423 4726 πάντων
1479 4669 1588 4724 ἐστὶ
1658 4668 1896 4738 ποιητὴς
1955 4667 1982 4721 6

333 4756 486 4839 Θεὸς,
530 4773 626 4830 καὶ
684 4771 902 4826 πάντων
932 4764 1060 4826 Θεὸς
1088 4784 1147 4818 τε
1193 4762 1280 4816 καί
1324 4757 1604 4834 κηδεμὼν,
1667 4757 1842 4819 οὕτως
1893 4756 1984 4811 καὶ

337 4867 426 4923 τὸν
481 4857 747 4936 Ἀϐρααμ
804 4859 1018 4911 πάντων
1076 4853 1282 4924 πατέρα
1329 4848 1801 4924 κεχειροτόνηκεν,
1888 4843 1987 4900 οὐκ

341 4934 615 5012 Ἰουδαίων
669 4950 852 5020 μόνον,
922 4941 1067 5000 ἀλλᾶ
1118 4941 1205 4995 καὶ
1258 4938 1472 4994 πάντων
1538 4942 1647 4992 τῶν
1707 4934 1980 4990 πιστευόν-

337 5065 463 5100 των.
490 5077 561 5087 -
594 5037 844 5099 Ἄλλως.
882 5033 1023 5090 ’Λντὶ
1064 5035 1185 5099 τοῦ,
1240 5027 1466 5083 ἐνώπιον
1524 5027 1613 5081 καὶ
1672 5025 1776 5101 πρὸ
1816 5043 1988 5097 προσ-

337 5137 489 5191 ώπου
520 5130 586 5188 οῦ
619 5129 898 5185 ἐπίστευσε
955 5126 1108 5178 Θεοῦ.
1168 5145 1193 5170 ‹‹
1254 5121 1360 5172 Τοῦ
1422 5119 1819 5184 ζωοποιοῦντος
1860 5115 1986 5176 τοὺς

332 5224 580 5300 νεκρούς,
643 5244 671 5271 ι)
726 5219 828 5272 Τὸν
869 5213 962 5286 μὲν
1033 5216 1132 5278 τῆς
1192 5207 1531 5268 ἀναστάσεως
1589 5199 1990 5259 καταϐάλλεται

336 5294 528 5391 λόγον,
590 5309 737 5380 πλὴν
800 5300 1130 5380 προσῳόρως
1185 5296 1277 5352 καὶ
1336 5295 1412 5358 εἷς
1487 5295 1549 5350 τὸ
1607 5294 1986 5369 προκείμενον.

339 5383 900 5480 Ἐπίστευσε,ιρησίν,
936 5385 1190 5465 Ἀϐραὰμ
1219 5389 1297 5457 τῷ
1351 5389 1491 5457 Θεῷ.
1547 5383 1633 5440 ὃτι
1690 5383 1780 5439 καὶ
1862 5384 1990 5446 τοὺς

339 5493 560 5557 νεκροὺς
621 5471 892 5562 ζωοποεῖ,
976 5477 1062 5533 διὰ
1116 5475 1275 5530 τοῦτο
1328 5474 1418 5528 καὶ
1477 5475 1538 5527 τὸ
1589 5471 1772 5528 δοῦναι
1829 5474 1990 5528 αὐτὸν

343 5553 553 5660 cui?!“
580 5573 948 5660 γεγηρακότι.
980 5569 1041 5624 Ὀ
1069 5567 1172 5642 γὰρ
1228 5562 1353 5626 τοὺς
1404 5563 1623 5635 νεκροὺς
1684 5567 1990 5632 ζωοποιῶν,

338 5642 514 5737 adiit;
571 5642 821 5754 ϐντα
855 5660 1084 5727 οὐσιῶν,
1113 5651 1311 5727 πολλῷ
1346 5650 1558 5726 μᾶλλον
1602 5648 1884 5724 δονήσεοαι
1915 5655 1995 5725 τῷ

2097 4668 2264 4742 posui
2307 4673 2382 4722 te.
2418 4687 2445 4714 ››
2469 4664 2620 4720 Ordo
2654 4663 2853 4732 itaque
2876 4657 3278 4714 conclusionis
3297 4655 3592 4713 sermonis
3619 4659 3740 4710 est:

2096 4759 2257 4815 Sicut
2285 4755 2570 4825 scriptum
2597 4757 2685 4806 est
2714 4765 2913 4804 coram
2948 4748 3088 4813 Deo,
3141 4745 3233 4802 cui
3267 4745 3538 4812 credidit,
3584 4744 3744 4815 quod

2097 4853 2325 4920 patrem
2377 4843 2699 4898 multarum
2757 4837 3040 4911 gentium,
3086 4841 3196 4891 etc.
3231 4835 3741 4901 Quemadmodum

2099 4933 2499 5000 enim,inquit,
2517 4932 2668 4984 Deus
2686 4925 3564 4985 omniumfactorest.omnium
3589 4926 3742 4979 Deus

2099 5024 2484 5092 omniumque
2498 5016 2967 5092 gubernator:ita
2989 5014 3184 5086 ipsum
3198 5031 3432 5085 quoque
3449 5013 3742 5067 Abraham

2099 5123 2327 5190 patrem
2349 5110 2614 5166 omnium
2639 5104 3093 5170 constituitmon
3123 5103 3461 5160 Judreorum
3491 5107 3744 5166 tantum,

2099 5220 2300 5261 verum
2332 5201 2511 5256 etiam
2537 5198 2808 5252 omnium
2828 5194 3289 5250 credentium.——
3309 5195 3425 5246 Alio
3442 5191 3746 5246 modo.Hoc

2102 5301 2414 5362 est,coram
2443 5292 2792 5356 Deo,etante
2815 5290 3196 5356 conspectum
3220 5283 3323 5337 Dei
3344 5282 3437 5336 cui
3470 5281 3742 5336 credidit.

2102 5408 2130 5436 «
2164 5383 2272 5449 Qui
2333 5381 2586 5435 viviﬁcat
2627 5381 2913 5432 mortuos.
2947 5395 2971 5425 ιι
3009 5371 3310 5430 Sermonis
3357 5371 3429 5427 de
3479 5387 3745 5428 resurre-

2102 5474 2297 5530 ctione
2319 5469 2706 5526 fuudamenta
2731 5465 2881 5537 jacit
2913 5481 2924 5518 :
2961 5467 3095 5534 apte
3129 5467 3325 5516 tamen
3357 5467 3415 5518 et
3439 5461 3510 5517 ad
3532 5479 3744 5533 propo-

2104 5563 2303 5618 situm.
2338 5556 2614 5622 Credidit,
2651 5553 2863 5625 inquit,
2898 5549 3195 5605 Abraham
3228 5549 3345 5606 Deo
3373 5549 3530 5620 quod
3564 5550 3740 5606 etiam

2104 5656 2369 5708 mortuos
2395 5647 2524 5702 vita:
2547 5643 2775 5713 reddat,
2808 5640 3057 5711 ideoque
3085 5638 3329 5697 daturus
3363 5645 3518 5696 esset
3543 5644 3602 5694 et
3632 5640 3744 5711 ipsi
