4126 6256
475 336 594 398 403

1587 329 1771 393 (ECU
1785 324 2005 385 MENlI
2054 321 2360 384 TRICCIE
2401 325 2780 387 EPISCOPI.

3754 333 3867 392 404

481 485 687 527 semen
719 481 853 522 cum
878 464 1005 537 jam
1037 465 1350 519 senuisset.
1411 464 1554 517 Nam
1605 462 1703 533 qui
1749 459 1939 513 vivere
1982 455 2124 511 facit

2256 455 2626 529 νενεκρωμένῳ
2669 453 2759 511 διὰ
2809 458 2874 513 τὸ
2932 479 3108 534 γηρας
3161 460 3378 533 σώματι
3437 457 3622 516 δοῦναι
3678 463 3878 537 σπέρμα

481 564 747 617 mortuos
780 573 848 610 ac
879 571 948 610 ea
979 571 1110 624 qua:
1142 571 1260 608 non
1284 553 1506 608 habent
1533 557 1600 606 ut
1630 552 1770 615 sint,
1790 547 1978 602 multo
2001 561 2121 599 ma-

480 650 568 722 gis
601 646 817 718 poterit
846 643 1080 714 corpori
1115 649 1419 697 senectute
1439 646 1703 696 emortua)
1727 634 2130 709 generativum

483 737 622 792 dare
644 733 1025 789 semen.255
1054 755 1080 780 ‹‹
1110 742 1192 785 Ac
1215 736 1380 785 vocat
1411 746 1476 784 ea
1491 746 1620 800 quae
1640 744 1758 782 non
1775 724 2130 780 sunt.aBene

483 826 601 880 ait:
638 846 666 871 ιι
695 821 873 875 Vocat
904 836 972 874 ea
999 836 1129 889 quae
1161 835 1280 873 non
1309 819 1626 888 sunt,sicut
1647 832 1715 870 ea
1745 830 1876 886 qum
1909 816 2065 868 sunt.
2099 833 2125 859 ››

487 914 672 970 Verbo
705 912 864 968 enim
897 927 968 964 ea
997 927 1127 980 quae
1163 927 1282 965 non
1309 909 1652 973 sunt,simul
1672 924 1802 962 cum
1827 903 2128 958 vocatione

480 1002 720 1061 adducit
751 1006 816 1055 ut
846 1000 1002 1054 sint:
1039 999 1120 1054 ita
1149 1005 1214 1053 ut
1244 999 1532 1070 possibile
1564 999 1639 1053 sit
1695 995 1850 1067 apud
1909 995 2126 1064 ipsum.

2235 545 2534 619 ζωογόνον.
2572 571 2597 596 τι
2633 547 2736 602 Καὶ
2793 545 3095 609 καλοῦντος
3150 549 3218 603 τὰ
3275 550 3355 622 μή
3399 549 3548 605 ὅντα.
3613 574 3640 601 n
3696 551 3876 615 Καλῶς

2243 653 2397 708 φησι,
2439 659 2457 683 α
2494 634 2597 690 Καὶ
2629 633 2929 697 καλοῦντος
2962 637 3029 691 τά
3063 638 3136 708 μή
3167 632 3293 692 ὅντα
3354 639 3432 700 ὡς
3482 635 3626 694 ὄντα.
3660 663 3686 690 »
3729 642 3875 713 Λόγῳ

2239 723 2341 796 γάρ
2370 722 2436 776 τά
2470 724 2544 795 μὴ
2579 720 2707 778 ὄντα
2738 725 2812 787 εἷς
2843 726 2905 780 τὸ
2937 727 3071 780 εἶναι
3101 727 3188 781 καὶ
3221 729 3334 800 ἅμα
3383 733 3463 798 τῷ
3511 727 3728 784 καλέσαι
3753 750 3877 805 παρ-

2240 809 2375 882 άγει,
2411 809 2547 864 ὥστε
2579 813 2713 865 εῖναι
2747 814 2870 884 παρ’
2904 812 3052 886 αὐτῷ
3085 813 3304 869 δυνατὸν
3349 816 3440 869 καὶ
3475 815 3625 891 ῥᾷον,
3681 820 3768 872 γαὶ
3815 819 3874 875 τὰ

2243 899 2318 969 μὴ
2348 895 2472 953 ὄντα
2503 900 2575 963 ὡς
2611 897 2760 968 ὄντα,
2796 902 2884 956 καὶ
2918 898 3159 975 ἔμπαλιν
3212 905 3257 960 εί
3317 905 3651 980 βουληθείη,
3704 908 3789 962 καὶ
3816 910 3876 963 τά

2239 987 2394 1048 ὄντας
2426 989 2500 1051 ὡς
2641 986 2768 1045 ὅντα
2799 990 2987 1046 καλεῖν

485 1099 544 1148 et
600 1109 667 1146 ea
711 1106 842 1162 quae
901 1104 1022 1142 non
1079 1093 1218 1142 sunt
1262 1095 1328 1144 ut
1383 1104 1451 1143 ea
1509 1105 1634 1159 qua
1686 1090 1844 1149 sunt,
1879 1093 2235 1148 rursumque
2290 1079 2339 1132 si
2399 1079 2744 1137 volueritea
2776 1099 2907 1154 quas
2951 1090 3108 1148 sunt,
3141 1091 3208 1140 ut
3263 1101 3333 1140 ea
3385 1102 3521 1158 quae
3578 1102 3698 1143 non
3751 1092 3881 1145 sunt

481 1197 715 1238 vocare.

551 1270 647 1335 IV,
683 1268 871 1322 18-23.
913 1267 1019 1333 Qui
1041 1273 1246 1336 preter
1278 1282 1426 1336 spem
1480 1266 1577 1322 sub
1619 1281 1714 1335 spe
1761 1262 2015 1326 credidit,
2069 1263 2130 1311 ut

485 1361 602 1431 ipse
620 1363 782 1428 pater
808 1361 960 1426 fieret
990 1356 1291 1410 multarum
1343 1357 1611 1425 gentium,
1664 1355 1839 1424 juxta
1868 1353 1928 1407 id
1983 1351 2133 1422 quod

484 1449 689 1503 dictum
717 1452 832 1501 est:
863 1445 952 1500 Sic
985 1447 1087 1500 erit
1118 1461 1300 1500 semen
1331 1451 1505 1499 tuum.
1543 1446 1623 1499 Ac
1671 1460 1780 1497 non
1824 1446 2132 1512 inﬁrmatus

485 1537 614 1606 ﬁde,
647 1535 796 1589 haud
823 1533 1191 1590 consideravit
1221 1550 1418 1604 corpus
1447 1549 1606 1588 suum
1653 1533 1776 1602 jam
1808 1537 2130 1598 emortuum,

487 1642 611 1681 cum
657 1632 868 1680 centum
902 1627 1022 1693 fere
1077 1631 1237 1680 natus
1281 1629 1411 1680 esset
1469 1639 1660 1689 annos,
1711 1629 1762 1676 et
1828 1629 2134 1676 emortuam

486 1717 771 1770 matricem
803 1714 951 1768 Sorae
986 1731 998 1780 ;
1030 1714 1124 1768 sed
1177 1714 1251 1768 ad
1271 1713 1688 1783 promissionem
1717 1711 1813 1765 Dei
1866 1727 1975 1765 non
2033 1710 2136 1764 h2-

491 1807 681 1860 sitavit
712 1804 1098 1859 incredulitate
1129 1820 1146 1856 :
1199 1803 1292 1857 sed
1347 1803 1638 1856 roboratus
1695 1807 1770 1854 est
1817 1801 1942 1869 ﬁde,
1999 1799 2134 1855 dans

2308 1256 2402 1316 Ὃς
2461 1259 2588 1330 παρ’
2647 1256 2845 1315 ἐλπίδα
2902 1259 2982 1314 ἐπ’
3041 1259 3226 1318 ἐλπίδι
3307 1261 3646 1333 ἐπίστευσεν,
3705 1263 3778 1327 εἷς
3821 1264 3878 1320 τὸ

2237 1343 2477 1416 γενέσθαι
2537 1347 2698 1402 αὐτὸν
2764 1351 2970 1422 πατέρα
3049 1348 3279 1407 πολλῶν
3373 1351 3569 1422 ἐθνῶν,
3648 1353 3776 1408 κατὰ
3822 1353 3877 1408 τὸ

2240 1432 2546 1508 εἰρημένον·
2608 1435 2795 1500 Οὕτως
2851 1437 3000 1493 ’ἐσται
3071 1441 3134 1494 τὸ
3198 1445 3418 1516 σπέρμα
3480 1463 3600 1500 σου.
3657 1443 3756 1498 Καὶ
3809 1444 3874 1514 μή

2242 1524 2534 1595 ἄσθενήσας
2617 1530 2686 1598 τῇ
2761 1529 2962 1598 πίστει,
3041 1531 3102 1584 οὐ
3187 1531 3485 1600 κατενόησε
3567 1533 3629 1587 τὸ
3709 1533 3877 1588 ἑαυτοῦ

2241 1617 2400 1685 σῶμα
2500 1611 2606 1684 ἤδη
2736 1618 3128 1691 νενεκρωμένον
3161 1663 3174 1685 ,
3278 1621 3670 1690 ὲκατονταέτης
3785 1641 3875 1676 που

2244 1702 2549 1776 ὑπάρχων,
2609 1704 2694 1757 καὶ
2749 1706 2849 1772 τὴν
2908 1703 3164 1780 νέκρωσιν
3225 1714 3322 1777 τῆς
3388 1711 3607 1783 μήτρας
3665 1708 3870 1784 Σάρῥας’

2243 1789 2318 1852 εἰς
2379 1787 2434 1844 δὲ
2488 1793 2589 1860 τὴν
2648 1791 2972 1867 ἐπαγγελίαν
3030 1800 3126 1850 τοῦ
3184 1801 3341 1864 Θεοῦ,
3404 1797 3468 1852 οὗ
3530 1796 3763 1867 διεκρίθη
3813 1799 3873 1867 τῇ

487 1896 725 1962 gloriam
751 1895 859 1947 Deo
886 1911 898 1958 ;
934 1900 984 1947 et
1024 1891 1226 1947 certior
1252 1894 1437 1960 factus
1466 1898 1563 1957 est,
1602 1892 1749 1960 quod
1778 1905 1898 1960 qua
1921 1892 2134 1960 promi-

2256 1878 2488 1950 ὶπιστίᾳ,
2541 1880 2667 1936 ἀλλ’
2725 1880 3104 1956 ἐνεδυναμώθη
3161 1889 3231 1959 τῇ
3291 1886 3498 1953 πίστει,
3561 1885 3684 1950 δοὺς
3733 1884 3864 1958 δόξαν

493 1991 636 2040 serat
655 1990 844 2053 potens
867 1985 938 2037 sit
978 1990 1029 2036 et
1077 1987 1366 2052 prastare.
1419 1980 1546 2036 Ideo
1597 1983 1762 2035 etiam
1814 1983 2147 2051 imputatum

493 2079 571 2126 est
599 2073 688 2126 illi
706 2072 779 2126 ad
797 2073 1102 2141 justitiam.

581 2268 603 2297 α
637 2249 743 2312 Qui
767 2254 984 2320 printer
1034 2264 1220 2320 spem.
1280 2268 1308 2297 ››
1343 2248 1460 2304 Ηοο
1520 2254 1608 2303 est
1656 2249 2151 2319 promissionibus

509 2338 782 2405 credidit,
811 2355 942 2410 quae
974 2337 1524 2409 complectebantur
1553 2355 1648 2393 res
1679 2339 1998 2394 admodum
2024 2355 2151 2396 cre-

504 2430 634 2484 ditu
661 2427 958 2495 difﬁciles,
991 2428 1038 2481 si
1074 2427 1398 2482 humanam
1433 2432 1662 2499 spectes
1703 2429 2149 2500 cogitationem.

497 2523 717 2572 Contra
746 2534 932 2588 spem,
969 2516 1182 2586 inquit,
1216 2518 1558 2578 humanam.
1596 2519 1722 2574 sola
1743 2536 1845 2588 spe
1875 2520 1935 2574 in
1968 2521 2152 2576 Deum

500 2607 832 2662 roboratus.
863 2637 930 2646 —-
954 2605 1068 2660 Sub
1104 2622 1226 2675 spe,
1251 2607 1350 2670 ait,
1378 2607 1440 2660 in
1472 2608 1675 2668 Deum,
1728 2615 1944 2678 praeter
1986 2626 2150 2679 spem

498 2694 752 2766 propria:
777 2699 1003 2748 natura:
1032 2692 1140 2747 sub
1156 2709 1258 2762 spe
1290 2694 1569 2763 potentiue
1590 2695 1718 2763 ejus
1742 2697 1838 2764 qui
1868 2697 2154 2766 promise-

500 2789 610 2838 rat.
644 2804 672 2831 «
706 2782 1020 2836 Multarum
1039 2781 1321 2851 gentium.
1345 2783 1524 2846 >>Quae
1539 2781 2151 2841 videlicetsecundum

501 2872 677 2927 ﬁdem
707 2876 986 2926 essentac
1015 2869 1647 2940 promissionem.Quis
1672 2878 1762 2927 est
1782 2879 1975 2928 autem
1994 2875 2154 2932 ﬁlius

504 2963 634 3031 ejus
692 2977 797 3031 per
859 2959 1035 3014 ﬁdem
1092 2977 1159 3014 ac
1208 2960 1665 3031 promissionem
1721 2961 1950 3018 datus?
1994 2966 2153 3020 Isaac

504 3056 662 3106 certe
715 3048 780 3102 Η.
839 3051 981 3103 Nam
1038 3048 1253 3102 Ismael
1315 3049 1636 3106 secundum
1698 3067 1938 3107 carnem
1995 3053 2154 3110 ﬁlius

504 3156 634 3210 ejus
659 3144 802 3193 erat.
838 3161 866 3188 «
892 3142 971 3192 Ac
1032 3155 1150 3192 non
1211 3139 1546 3195 infirmatus
1579 3140 1713 3195 ﬁde.
1751 3163 1778 3190 ››
1812 3143 1991 3198 Multa
2022 3146 2155 3220 qui-

500 3229 634 3283 dem
659 3229 896 3283 inﬁrma
927 3236 1114 3292 erant,
1146 3234 1204 3283 et
1233 3245 1362 3298 quae
1405 3229 1582 3284 ﬁdem
1616 3231 1778 3287 illius
1811 3233 2147 3292 imbecilem
2183 3253 2224 3314 (ζ

507 3318 852 3372 efﬁcerent:
888 3335 1090 3372 verum
1126 3318 1200 3372 ad
1233 3318 1383 3372 nihil
1415 3319 1625 3375 horum
1683 3321 2016 3379 infirmatus
2066 3336 2155 3384 est

505 3425 830 3480 generosus
857 3408 1389 3462 animus.Primum
1412 3409 1569 3478 quod
1589 3409 1662 3463 ad
1683 3412 1916 3466 nullum
1950 3415 2156 3486 hujus-

505 3496 664 3551 modi
700 3497 1038 3566 exemplum
1071 3502 1301 3565 poterat
1330 3498 1646 3566 respicere,
1683 3500 1784 3553 sed
1823 3501 1931 3570 ipsi
1967 3505 2157 3573 primo

510 3585 786 3656 gignendi
819 3600 953 3653 spes
985 3589 1198 3654 praeter
1230 3601 1394 3654 spem
1426 3585 1564 3639 data
1585 3593 1696 3641 est.
1721 3588 1984 3645 Alterum
1999 3595 2158 3661 quod

512 3695 725 3748 corpus
757 3693 930 3732 suum
962 3681 1264 3731 senectute
1289 3681 1414 3731 erat
1465 3683 1822 3734 emortuum.
1874 3683 2153 3743 Tertium.

510 3767 668 3838 quod
703 3765 880 3820 simul
913 3765 1091 3820 etiam
1125 3765 1280 3819 Serm
1311 3766 1525 3820 matrix
1557 3773 1712 3821 esset
1735 3775 2024 3838 emortua,
2048 3789 2156 3828 nec

506 3855 628 3910 ullo
665 3855 839 3908 modo
871 3854 1265 3925 prolemferre
1281 3861 1532 3924 posset.«
1554 3857 1696 3909 Cum
1721 3865 1958 3914 centum
1974 3861 2153 3916 fere.»

505 3946 660 3999 Bene
692 3944 775 3998 ait
818 3960 829 3997 :
869 3969 890 3993 ιι
925 3945 1106 3998 Natus
1137 3959 1324 3997 annos
1376 3943 1498 3998 fere
1563 3953 1839 4014 centum;
1876 3970 1903 3998 ››
1958 3966 2153 4022 neque

503 4033 664 4088 enim
696 4039 936 4087 centum
961 4039 1086 4087 erat
1114 4033 1539 4099 annorum,sed
1580 4038 1902 4108 nonaginta
1918 4055 2149 4095 novem.

509 4144 535 4171 «
566 4122 676 4176 Sed
705 4122 777 4176 ad
805 4122 1261 4192 promissionem
1295 4123 1420 4177 Dei.
1487 4145 1513 4171 ››
1555 4125 1699 4179 Nam
1758 4143 2004 4197 operum
2049 4129 2149 4184 de-

502 4210 854 4265 monstratio
888 4227 1006 4264 non
1040 4216 1182 4271 erat,
1219 4210 1322 4265 sed
1366 4212 1526 4267 nuda
1580 4213 1775 4268 verba.
1811 4236 1839 4264 «
1874 4217 1998 4270 Non
2031 4217 2149 4272 ha-

503 4299 698 4354 sitavit
744 4298 1175 4352 incredulitate.
1216 4319 1244 4345 υ
1297 4299 1420 4352 Non
1454 4301 1536 4352 ait
1586 4316 1597 4352 :
1632 4302 1758 4354 Non
1818 4302 1928 4356 fuit
1958 4304 2150 4361 incre-

503 4387 863 4448 dulus.256
887 4386 988 4440 sed
1009 4408 1036 4435 «
1072 4388 1194 4440 Non
1227 4387 1536 4453 haesitavit,
1573 4409 1600 4436 ››
1626 4389 1737 4443 hoc
1752 4398 1861 4456 est,
1891 4409 2010 4447 non
2042 4411 2147 4448 va-

503 4476 741 4543 cillavit,
768 4492 888 4530 non
919 4475 1227 4530 dubitavit.
1267 4496 1292 4522 α
1319 4475 1428 4529 Sed
1461 4477 1772 4532 roboratus
1820 4487 1910 4535 est
1958 4481 2092 4536 fide.
2119 4504 2146 4532 ››

503 4564 1090 4630 Dicens,Roboratus
1113 4569 1221 4630 est,
1273 4564 1532 4619 ostendit
1578 4566 1764 4620 multo
1822 4568 2024 4624 labore
2081 4587 2148 4625 ac
2182 4605 2222 4666 Ο

503 4655 716 4708 virtute
741 4654 924 4708 animi
950 4653 1129 4708 ﬁdem
1171 4653 1364 4724 dirigi.
1399 4677 1425 4702 «
1458 4654 1611 4708 Dans
1642 4657 1891 4726 gloriam
1953 4661 2090 4715 Deo.
2115 4683 2143 4711 »

502 4743 766 4806 Quonam
801 4748 967 4814 pacto
1001 4742 1310 4796 roboratus
1341 4743 1468 4796 est?
1493 4745 2144 4819 Dans,inquit,gloriam

501 4831 642 4895 Deo,
667 4831 777 4884 hoc
809 4837 1042 4890 est,non
1067 4831 1297 4885 curiose
1328 4837 1623 4887 scrutatus
1643 4835 1938 4904 quomodo
1954 4839 2144 4906 possi-

499 4918 616 4973 bile
649 4923 804 4974 esset
831 4919 938 4973 hoc
969 4918 1118 4986 fleri,
1153 4937 1412 4990 quonam
1444 4928 1613 4992 pacto
1675 4923 1732 4977 id
1766 4925 1891 4980 ﬁeri
1924 4928 2149 4984 contin-

503 5015 692 5082 geret,
726 5008 1021 5078 quomodo
1046 5008 1104 5062 id
1139 5010 1355 5080 suscipi
1380 5018 1616 5082 posset:
1653 5015 1756 5068 sed
1789 5017 1988 5070 statim
2017 5033 2147 5072 cre-

499 5098 682 5159 didit.
745 5099 1048 5166 Deumque
1108 5098 1464 5154 collaudavit
1529 5107 1812 5172 tanquam
1869 5104 2145 5161 beneﬁcii

502 5196 910 5246 auctorem.ac
944 5187 992 5241 si
1017 5187 1144 5256 jam
1177 5187 1438 5243 dedisset
1477 5191 1634 5260 quod
1666 5199 1793 5247 erat
1821 5195 2145 5264 pollicitus.

508 5301 534 5326 «
573 5277 636 5330 Et
683 5276 899 5331 certior
946 5275 1137 5330 factus
1198 5281 1304 5330 est.
1359 5299 1386 5325 ››
1445 5281 1570 5333 Νοη
1643 5279 1807 5348 dixit,
1863 5283 2128 5338 Credidit

499 5366 605 5420 sed
663 5365 875 5437 majori
935 5364 1225 5436 emphasi,
1283 5367 1510 5422 Certior
1552 5369 1742 5426 factus
1797 5343 1904 5425 est.
1951 5393 1977 5421 ‹‹
2013 5343 2147 5427 [ded

494 5455 672 5509 etiam
703 5455 1059 5526 imputatum
1108 5462 1199 5511 est
1255 5455 1342 5510 illi
1404 5457 1476 5513 ad
1526 5460 1842 5530 justitiam.
1888 5483 1915 5512 ››
1978 5463 2150 5518 Vides

500 5543 658 5612 quod
687 5558 722 5596 a
743 5543 859 5598 fide
870 5544 1233 5614 justiflcatus
1261 5551 1350 5601 est
1378 5545 1406 5601 ?

575 5668 620 5706 ¹⁴
651 5667 837 5725 Galat.
872 5684 944 5738 Iv,
977 5673 1046 5725 22
1076 5685 1244 5743 seqq.

2253 1972 2334 2040 τῷ
2389 1973 2526 2040 Θεῷ’
2602 1971 2690 2024 καὶ
2748 1973 3200 2048 πληροφορηθεὶς
3257 1975 3343 2030 δτι
3430 1976 3463 2032 ὅ
3550 1972 3862 2052 ἐπήγγελται,

2256 2053 2476 2118 δυνατός
2510 2057 2622 2114 ἐστι
2650 2060 2739 2114 καὶ
2770 2067 3016 2129 ποιῆσαι.
3053 2063 3146 2118 Διὸ
3175 2063 3266 2118 καὶ
3296 2063 3570 2140 ἕλογίσθη
3629 2062 3760 2136 αὒτῷ
3803 2062 3869 2123 ei:

2256 2141 2626 2215 δικαιοσύνην.

2329 2235 2480 2308 [ΤΟΥ
2507 2237 2773 2310 ΑΥΤΟΥ.]
2805 2259 2835 2289 ‹‹
2873 2239 2972 2300 "Oc
3030 2242 3159 2314 παρ’
3215 2238 3440 2301 ἰλτλδπ.
3505 2267 3533 2296 »
3590 2242 3732 2299 Ἀντὶ
3777 2243 3880 2310 τοῦ,

2257 2324 2607 2398 ὲπαγγελίαις
2638 2325 2934 2398 ἐπίστευσε,
2969 2330 3113 2384 πολὺ
3141 2332 3203 2386 τὸ
3236 2331 3570 2389 ἀνέλπιστον
3627 2332 3881 2408 ἐχούσαις,

2256 2416 2390 2470 κατά
2419 2414 2760 2489 ἀνθρώπινον
2794 2415 3080 2492 λογισμόν.
3143 2421 3273 2496 Παρ⁹
3331 2420 3539 2478 ἐλπίδα
3575 2423 3692 2497 γάρ,
3745 2421 3884 2496 φησί,

2255 2506 2356 2572 τήν
2387 2503 2757 2578 ἀνθρωπίνην,
2819 2507 2957 2580 μόνῃ
3013 2506 3288 2580 ὲδρασθεές
3344 2515 3415 2584 τῇ
3483 2512 3571 2567 ἐπὶ
3627 2511 3745 2568 Θεὸν
3795 2508 3878 2562 ἱλ-

2257 2590 2397 2647 πίδι.
2448 2626 2516 2635 -
2575 2595 3083 2672 [ΣΕΥΗΡΙΑΝΟΥ.]
3143 2599 3258 2654 Ἐπ’
3316 2598 3508 2656 ἑλπίδι
3565 2602 3687 2677 γὰρ,
3740 2596 3877 2672 φητὶ,

2255 2685 2324 2752 τῇ
2355 2685 2451 2734 τοῦ
2482 2687 2634 2750 Θεοῦ,
2692 2685 2821 2758 παρ’
2869 2682 3064 2740 ἐλπίδα
3118 2694 3217 2756 τῆς
3273 2688 3486 2751 οἰκείας
3543 2690 3760 2768 φύσεως,
3806 2686 3877 2740 ἕπε’

2259 2767 2444 2824 ἑλπίδι
2472 2791 2570 2839 της
2604 2775 2698 2825 τοῦ
2730 2773 3196 2847 ἐπαγγειλαμένου
3228 2774 3540 2848 δυνάμεως.
3590 2803 3619 2832 (ι
3675 2773 3877 2832 Πολλῶν

2260 2859 2447 2922 ἐθνῶν.
2485 2883 2511 2909 υ
2545 2864 2662 2916 Τΐὶιν
2692 2862 2826 2914 κατὰ
2862 2861 3034 2916 πίστιν
3066 2864 3157 2918 καὶ
3189 2865 3551 2942 ἐπαγγελίαν.
3585 2867 3682 2928 Τίς
3727 2863 3774 2919 δὲ
3799 2860 3874 2916 αὖ-

2258 2952 2358 3002 τοῦ
2389 2949 2504 3010 υἱὸς
2537 2946 2626 3002 διά
2656 2951 2886 3012 πίστεως
2944 2953 3036 3005 καὶ
3093 2953 3412 3027 ἐπαγγελίας
3449 2954 3632 3017 δοθείς
3662 2976 3676 3023 ;
3708 2949 3870 3021 δηλονο

2260 3039 2342 3092 ότι
2403 3039 2598 3096 Ἰσαάκ.
2657 3040 2718 3095 Ὁ
2773 3039 2878 3114 γάρ
2926 3041 3180 3114 Ἱσμαὴλ,
3240 3043 3376 3100 κατά
3469 3046 3640 3119 σάρκα
3692 3043 3752 3111 ἧν
3799 3036 3872 3093 αὖ·

2257 3131 2372 3182 τοῦ.
2407 3152 2434 3178 ‹‹
2471 3128 2567 3183 Καὶ
2603 3130 2678 3202 μὴ
2711 3128 3008 3198 ἀσθενήσας
3037 3135 3104 3205 τῇ
3137 3133 3338 3192 πίστει,
3373 3158 3398 3186 ιι
3460 3134 3652 3192 Πολλᾶ
3710 3131 3792 3203 μὲν
3815 3127 3870 3196 ἦν

2260 3217 2326 3272 τά
2364 3217 2581 3287 ἀσθενῆ,
2642 3217 2730 3272 καὶ
2791 3216 3062 3292 ἀδύναμον
3123 3220 3287 3277 αὐτοῦ
3343 3223 3446 3290 τήν
3513 3225 3686 3279 πίστιν
3741 3236 3886 3292 παρα-

2266 3306 2591 3375 σκευάζοντα
2619 3307 2884 3380 γενέσθαι,
2917 3305 3043 3364 ἀλλ’
3075 3307 3200 3364 οὐδὲ
3231 3312 3363 3387 πρὸς
3418 3308 3475 3366 ἓν
3548 3310 3816 3383 ἠσθένησεν
3857 3305 3885 3373 ἡ

2265 3397 2480 3471 γενναία
2519 3397 2696 3469 ψυχή.
2758 3401 2978 3469 Πρῶτον
3037 3397 3120 3452 ὅτι
3175 3400 3312 3473 πρὸς
3369 3398 3494 3456 οὐδὲ
3565 3397 3612 3456 ἔν
3663 3401 3887 3454 τοιοῦτον

2265 3480 2609 3557 παράδειγμα
2640 3481 2771 3539 ἰδεῖν
2800 3483 3054 3555 ἠδύνατο,
3087 3487 3232 3543 ἀλλά
3273 3491 3478 3564 πρώτῳ
3546 3492 3684 3560 αὐτῷ
3712 3489 3741 3555 ἡ
3796 3488 3885 3550 τῆς

2263 3574 2385 3646 παρ’
2420 3571 2616 3628 ἑλπίδα
2651 3571 3005 3637 παιδοποιίας
3066 3573 3279 3632 δέδοται
3341 3578 3653 3654 ἑπαγγελία.
3709 3572 3882 3630 Δεύτε-

2263 3682 2379 3735 ρον,
2430 3663 2491 3717 τὸ
2521 3665 2876 3736 νενεκρῶσθαι
2919 3665 3081 3719 αὐτοῦ
3141 3666 3217 3736 τῷ
3267 3669 3413 3740 γήρᾳ
3441 3668 3503 3724 τι)
3571 3673 3734 3741 σῶμα.
3763 3658 3882 3733 Τρί-

2258 3777 2374 3824 τον,
2431 3755 2493 3808 τὸ
2551 3757 3005 3828 συννενεκρῶσθαι
3057 3756 3156 3822 τήν
3244 3760 3452 3832 μήτραν
3523 3757 3747 3834 Σάρῥας,
3798 3747 3873 3804 καὶ

2259 3842 2534 3905 ἀδυνάτως
2594 3841 2738 3918 ἔχειν
2799 3845 2935 3917 πρὸς
2992 3843 3359 3905 παιδοποιίαν.
3395 3871 3421 3902 ι
3481 3841 3867 3907 Ἑκατονταέτης

2259 3955 2384 3989 που.
2420 3957 2448 3985 ››
2483 3931 2691 4001 Καλῶς,
2722 3935 2804 4001 τὸ,
2867 3957 2894 3984 ‹‹
2956 3935 3378 4006 Ἑκατονταὲτης
3434 3958 3546 3993 που
3609 3965 3628 3990 ι
3681 3932 3729 3988 οὐ
3774 3926 3858 4002 γὰρ

2257 4023 2322 4092 ἦν
2357 4023 2757 4092 ἑκατνινταὲτης,
2843 4021 2969 4078 ἀλλ’
3042 4025 3572 4095 ὲννενηκονταεννὲα,
3610 4050 3632 4078 ι
3684 4020 3760 4081 Εἷς
3808 4012 3857 4069 δὶ

2256 4113 2353 4180 τὴν
2387 4109 2713 4184 ἐπαγγελίαν
2752 4115 2849 4165 τοῦ
2880 4115 3032 4168 Θεοῦ,
3070 4136 3095 4164 ››
3129 4113 3206 4169 Οὐ
3235 4115 3336 4188 γὰρ
3385 4114 3450 4184 ἦν
3481 4111 3654 4192 ἔργων
3685 4104 3862 4166 ἀπόδει-

2255 4203 2356 4270 ξις,
2390 4199 2536 4254 αλλὰ
2564 4198 2700 4272 ψιλὰ
2729 4198 2966 4275 ῥήματα.
3002 4226 3028 4252 υ
3062 4200 3138 4258 Οὐ
3171 4199 3413 4276 διεκρίθη
3471 4209 3541 4276 τῇ
3596 4196 3810 4266 ἀπιστίᾳ.
3841 4217 3860 4245 I

2257 4290 2374 4346 Οὐκ
2411 4288 2578 4342 εἴπεν³
2640 4287 2759 4344 Οὐκ
2812 4287 3135 4359 ἠπίστησεν,
3213 4290 3361 4357 ἀλλ’⁹
3438 4317 3466 4344 ‹‹
3500 4292 3575 4348 Οὐ
3650 4283 3860 4360 διεκρίθη

2255 4382 2321 4447 τῇ
2353 4376 2594 4446 ἀπιστίᾳ,
2627 4399 2653 4429 ι
2686 4378 2981 4447 τουτέστιν,
3040 4375 3168 4433 οὐδὲ
3224 4378 3517 4435 ἑνεδοίασεν
3581 4378 3698 4438 οὐδὲ
3743 4377 3868 4447 ἀμφ·

2254 4461 2465 4522 ἔϐαλεν.
2545 4491 2572 4517 ‹‹
2607 4464 2764 4522 Ἀλλ’
2803 4463 3188 4540 ἐνεδυναμώθη
3247 4473 3314 4543 τῇ
3376 4471 3576 4530 πίστει,
3635 4492 3659 4522 ι
3706 4460 3866 4523 Εἰπὼν

2256 4552 2694 4628 Ἐνεδυναμώθη,
2727 4554 2963 4610 δείκνυσι
3021 4555 3220 4628 πολλῷ
3251 4561 3482 4632 καμάτῳ
3527 4562 3618 4615 καὶ
3673 4554 3868 4623 δυνάμει

2254 4647 2441 4721 ψυχῆς
2474 4645 2912 4716 κατορθουμὲνην
2944 4646 3043 4713 τήν
3079 4645 3273 4701 πίστιν.
3329 4673 3348 4699 ι
3413 4648 3547 4712 Δοὺς
3605 4647 3744 4716 δόξαν
3797 4639 3865 4706 τῷ

2257 4737 2390 4802 Θεῷ.
2424 4756 2452 4782 ››
2504 4736 2624 4791 Πῶς
2682 4729 3109 4804 ἓνεδυναμώθης
3173 4735 3305 4796 Δοὺς
3367 4733 3545 4806 δόξαν,
3605 4732 3742 4806 φησί,
3792 4724 3860 4793 τῷ

2256 4826 2392 4891 Θεῷ,
2451 4820 2744 4891 τουτέστιν,
2799 4823 2861 4874 οὐ
2937 4826 3430 4899 περιεργασάμενος
3488 4801 3864 4895 πῶςιῆχωρεῖ

2255 4914 2414 4964 τοῦτο
2438 4908 2700 4982 γενέσθαι,
2778 4915 2894 4971 πῶς
2968 4907 3045 4965 ἔνι
3121 4909 3362 4981 δυνατὸν,
3438 4920 3552 4977 πῶς
3601 4909 3865 4983 ὲνδὲχεταιν

2256 4996 2381 5055 ἀλλ’
2427 4998 2579 5061 εὐθὺς
2637 4998 2922 5062 πιστεύσας
2979 4999 3068 5054 καὶ
3122 4998 3427 5076 εὐλογήσας
3488 5005 3564 5066 ὡς
3614 4994 3867 5072 εὐεργέτην

2254 5090 2343 5141 τὸν
2373 5087 2526 5155 Θεὸν,
2577 5085 2650 5148 ὠς
2710 5085 2816 5157 ἤδη
2878 5084 3152 5145 δεδωκότα
3206 5074 3278 5145 τὸ-
3324 5091 3670 5167 ἒπαγγελθέν.
3705 5110 3730 5140 ι(
3778 5074 3870 5140 Κπιῖ

2256 5176 2724 5257 πληροφορηθείς.
2783 5203 2811 5229 ››
2869 5179 2984 5236 Οὐκ
3031 5180 3148 5235 εἶπε
3234 5183 3554 5252 ΙΙιστε·5σας,
3604 5178 3720 5238 ἀλλ’
3787 5174 3868 5242 ἑμ-

2257 5269 2644 5340 φκτικώτερον,
2672 5289 2702 5322 (ι
2733 5266 3198 5346 πληροφορηθείς.
3236 5295 3264 5324 ››
3295 5297 3322 5325 ιι
3361 5275 3453 5327 Διὸ
3511 5274 3601 5328 καὶ
3633 5263 3862 5340 ἱλογίσθη

2256 5355 2403 5429 αὐτῷ
2449 5357 2523 5418 εἷς
2584 5355 2950 5428 δικαιοσύνην.
3003 5385 3030 5411 υ
3090 5361 3249 5437 Ὁρᾷς
3307 5360 3389 5417 ὅτι
3477 5363 3582 5419 ἀπὸ
3658 5357 3864 5416 πίστεως

2259 5445 2550 5516 ἐδικαιώθη
2581 5465 2596 5514 ;
