4126 6256
337 411 455 474 405

354 639 501 709 αὖτῴ
536 683 550 706 ,
605 636 765 691 ἀλλὰ
839 638 933 691 καὶ
992 634 1062 691 δι’
1118 640 1261 709 ἡμᾶς
1318 639 1401 699 οἷς
1456 637 1649 710 μέλλει
1712 635 2021 712 λογίζεσθαι

360 734 473 790 τοῖς
531 726 887 782 πιστεύουσιν
978 725 1065 781 ἐπὶ
1147 727 1241 781 τὸν
1318 726 1569 802 ἑγείρατα

371 822 570 892 Κῦρεον
627 819 791 888 ἡμῶν
861 815 923 870 ἐκ
980 819 1225 890 νεκρῶν,
1284 817 1343 878 ὃς
1426 812 1698 891 πορεδόθη
1792 814 1880 870 διὰ
1954 817 2019 870 τὰ

378 907 782 977 παραπτώματα
842 908 1031 979 ἡμῶν,
1088 906 1177 960 καὶ
1235 905 1443 980 ἠγέρθη
1506 904 1595 961 διά
1634 909 1732 975 τὴν
1793 904 2016 961 δικαίω-

381 1017 460 1051 σιν
489 999 662 1068 ἡμῶν.

444 1083 575 1140 Εἶτα
621 1082 709 1137 ἳνα
761 1084 837 1154 μή
894 1079 1127 1155 λέγωσιν
1162 1084 1214 1137 οἱ
1271 1083 1557 1157 ἀκροαταὶ,
1616 1083 1718 1139 Καὶ
1772 1083 1825 1137 τὶ
1878 1083 2016 1155 πρὸς

365 1174 517 1242 ἡμᾶς
546 1193 560 1242 ;
592 1172 797 1233 ἐκεῖνος
850 1173 953 1248 γάρ
1001 1169 1317 1243 ἐδικαιώθηο
1373 1172 1584 1249 ἐπάγει,
1617 1174 1701 1229 ὅτι
1732 1177 1900 1227 ταῦτα
1952 1174 2016 1228 οὗ

360 1262 527 1340 χάριν
564 1260 735 1334 μόνου
775 1265 873 1315 τοῦ
904 1262 1245 1336 πατριάρχου
1278 1260 1601 1338 γέγραπται,
1637 1259 1783 1316 ἀλλά
1812 1261 1902 1314 καὶ
1948 1257 2017 1314 δι’

361 1352 534 1423 ἡμᾶς,
565 1352 659 1404 ’ἰνα
689 1347 1041 1423 παράδειγμα
1088 1351 1180 1403 τὸν
1241 1347 1493 1425 Ἀϐραάμ
1551 1344 1800 1423 ἔχοντες,
1832 1349 2015 1404 πιστοὶ

356 1460 416 1495 τε
447 1439 660 1511 ὁμοίως
719 1438 1018 1513 γινώμεθα,
1076 1440 1166 1493 καὶ
1221 1438 1490 1512 ὁμοίωςὴ
1522 1437 1705 1501 πίστις
1753 1441 1888 1509 ἡμῖν
1939 1436 2015 1499 εἲς

360 1526 720 1597 δικαιοσύνην
754 1527 1065 1604 λογίζηται.
1100 1552 1127 1579 ‹‹
1161 1528 1267 1584 Επὶ
1298 1528 1390 1582 τὸν
1418 1527 1695 1604 ἐγείραντα
1726 1529 1957 1596 Ἰησοῦν.
1985 1550 2013 1578 ))

365 1617 599 1695 Εὐφυῶς
649 1612 925 1672 εἰσέϐαλεν
982 1617 1056 1678 εἰς
1110 1617 1203 1671 τὸν
1259 1617 1382 1689 περὶ
1437 1621 1535 1671 τοῦ
1568 1616 1767 1691 Κυρίου
1825 1616 2011 1692 λόγον,

357 1706 448 1761 καί
482 1728 666 1784 φησιν·
700 1705 779 1763 Οὐ
838 1704 928 1759 δια
983 1707 1078 1768 τάς
1137 1704 1343 1767 οἰκείας
1406 1704 1671 1780 ἁμαρτίας
1730 1706 2011 1773 ἀπέθανεν,

358 1794 477 1850 ἐπεὶ
506 1791 633 1849 οὐδὲ
689 1792 1049 1863 ἀνασταθῆναι
1107 1793 1270 1848 αὐτὸν
1326 1789 1432 1848 ἔδει
1484 1791 1667 1869 ὥσπερ
1725 1792 1849 1848 οὐδὲ
1904 1792 2011 1867 πρὸ

1647 728 1856 795 Ἰησοῦν
1929 728 2018 780 τὸν

1456 416 1867 477 COMMENT.
1914 418 1991 477 ΙΝ
2038 420 2288 479 EPIST.
2336 425 2440 482 AD
2485 424 2674 484 HOM.

415 548 533 604 οῇκ
590 547 813 624 ἐγράφη
909 545 971 603 δὲ
1046 545 1119 602 δι’
1172 548 1333 603 αὐτὸν
1404 549 1568 621 μόνον
1625 548 1711 603 ὅτι
1761 547 2020 626 ἐλογίσθη
2054 556 2099 618 Α

3665 421 3782 478 406

2206 553 2294 623 IV,
2329 558 2510 620 23-25,
2544 558 2660 612 Non
2689 564 2871 613 autem
2908 559 3172 626 scriptum
3223 562 3301 611 est
3346 562 3576 626 propter
3622 555 3781 610 illum

2126 646 2302 699 solum
2357 649 2506 716 quod
2535 647 2867 717 imputatum
2923 655 2991 702 sit
3026 650 3150 716 ipsi.
3186 645 3279 699 sed
3337 649 3499 699 etiam
3551 652 3787 715 propter

2126 751 2221 788 nos
2250 736 2449 803 quibus
2498 738 2869 806 imputabitur
2920 737 3261 790 credenti/rus
3294 736 3349 788 in
3381 752 3499 788 eum
3534 738 3629 804 qui
3656 751 3768 789 sus-

2126 824 2319 876 citavit
2348 826 2529 878 Jesum
2566 827 2848 878 Dominum
2880 830 3123 878 nostrum
3154 840 3187 876 α
3218 825 3444 876 mortuis
3480 839 3491 875 :
3534 826 3630 892 qui
3663 830 3771 875 tra-

2127 913 2276 967 ditus
2296 915 2406 981 fuit
2435 921 2665 983 prapter
2692 920 2917 983 peccata
2946 920 3153 979 nostra,
3187 919 3237 966 et
3267 914 3569 967 resurrexit
3589 929 3765 982 prop-

2124 1018 2224 1056 eer
2240 1003 2697 1072 justz'ﬁcationem
2727 1010 2993 1057 nostram.

2205 1092 2284 1145 Ne
2316 1090 2518 1145 dicant
2548 1092 2881 1147 auditores:
2917 1092 2981 1145 Et
3012 1090 3155 1162 quid
3186 1089 3258 1144 ad
3287 1088 3448 1144 nos?
3477 1088 3582 1143 Ille
3612 1089 3773 1143 enim

2115 1179 2479 1251 justiﬁcatus
2511 1186 2619 1247 est,
2647 1197 2767 1234 non
2798 1196 2942 1234 nos:
2978 1178 3284 1249 subjungit
3312 1177 3470 1248 quod
3492 1180 3618 1232 hinc
3650 1194 3769 1232 non

2125 1269 2311 1324 solius
2345 1269 2695 1340 patriarchas
2739 1270 2927 1341 gratia
2984 1269 3204 1338 scripta
3263 1274 3419 1329 sunt,
3455 1268 3556 1321 sed
3590 1268 3769 1322 etiam

2123 1363 2363 1428 propter
2381 1364 2600 1421 nos,ut,
2626 1358 2874 1413 Abrahae
2898 1359 3233 1427 exemplum
3254 1356 3560 1422 habentes,
3588 1357 3771 1411 simili

2124 1447 2298 1501 modo
2341 1446 2548 1502 ﬁdeles
2589 1447 2941 1512 efﬁciamur,
2975 1453 3032 1500 et
3081 1446 3356 1500 similiter
3388 1444 3535 1499 ﬁdes
3595 1445 3771 1500 nobis

2122 1536 2447 1607 imputetur
2489 1536 2561 1591 ad
2611 1536 2930 1607 justitiam.
2967 1557 2995 1584 «
3024 1537 3087 1589 In
3121 1551 3255 1589 eum
3318 1534 3419 1605 qui
3469 1534 3772 1589 suscitavit

2119 1626 2338 1681 Jesum.
2376 1648 2402 1673 »
2438 1627 2785 1681 Sermonem
2834 1626 2906 1680 de
2958 1625 3209 1679 Domino
3268 1630 3400 1695 apte
3461 1638 3768 1695 aggressus

2121 1723 2228 1781 est,
2262 1721 2321 1769 et
2348 1716 2462 1770 ait:
2505 1718 2630 1770 Non
2658 1720 2899 1787 propter
2932 1730 3038 1769 sua
3069 1719 3312 1785 peccata
3343 1718 3612 1768 mortuus
3643 1718 3763 1777 est;

2118 1820 2256 1859 nam
2296 1805 2408 1859 hoc
2467 1804 2642 1859 modo
2702 1821 2821 1859 non
2863 1803 3165 1859 debuisset
3218 1818 3547 1874 resurgere.
3585 1800 3757 1856 sicuti

357 1884 561 1939 τούτου
592 1904 698 1952 τις,
732 1882 880 1939 ἀλλὰ
910 1880 999 1937 δια
1027 1882 1120 1944 τὰς
1150 1884 1310 1953 ἡμῶν
1370 1883 1656 1956 ἁμαρτίας,
1687 1881 1780 1937 *ίνα
1832 1882 1882 1952 ἐξ
1913 1882 2006 1937 αῦ-

396 1970 928 1987 ...ν-ες...
1085 1969 1867 1987 ....,,.α..ρ..

2123 1908 2312 1962 neque
2335 1892 2629 1963 quispiam
2648 1897 2783 1946 ante
2800 1892 2990 1950 illum.
3015 1891 3117 1945 sed
3135 1897 3373 1961 propter
3395 1893 3598 1943 nostra
3621 1902 3761 1958 pec-

354 1977 466 2028 τῶν
498 1975 650 2044 ἡμᾶς
679 1970 983 2044 ἀπαλλάξῃ.
1020 1995 1049 2022 ‹‹
1083 1971 1185 2027 Καὶ
1216 1970 1422 2047 ἠγέρθη
1459 1969 1547 2025 διὰ
1585 1972 1681 2039 τὴν
1724 1969 2003 2025 δικαίωσιν

352 2065 539 2134 ἡμῶν.
582 2084 601 2111 ι
636 2061 767 2127 Ἵνα,
801 2059 958 2135 φησὶ,
1016 2057 1282 2134 δικαιώσῃ
1343 2062 1511 2131 ἡμᾶς,
1568 2058 1657 2113 καὶ
1716 2057 2003 2135 ἀπαλλάξῃ

352 2152 641 2224 ἁμαρτιῶν
706 2149 784 2206 Οὐ
816 2149 923 2224 γάρ
946 2145 1034 2203 διὰ
1062 2152 1232 2203 τοῦτο
1266 2146 1686 2220 οἰκειωσάμενος
1716 2150 1811 2210 τὰς
1843 2150 2007 2221 ἡμῶν

354 2239 670 2316 ἁμαρτίας,
729 2234 890 2306 δίκην
946 2238 1174 2302 θανάτου
1233 2234 1459 2293 δέδωκεν
1523 2239 1656 2313 ὑπὲρ
1708 2237 2010 2310 ἡμῶν,’ίνα

352 2332 505 2403 ἡμᾶς
550 2327 878 2392 ὑπευθύνους
932 2328 1021 2382 καὶ
1079 2328 1360 2407 χρεώστας
1418 2321 1521 2402 ἔχῃ
1585 2326 1834 2396 θανάτου,
1883 2326 2010 2383 ἀλλ’

350 2420 443 2473 ἳνα
477 2415 750 2491 δικαιώσῃ
785 2419 956 2490 ἡμᾶς,
1001 2418 1224 2486 ζωώσας
1256 2417 1476 2491 νεκροὺς
1508 2417 1665 2479 ὄντας
1722 2420 1789 2490 τῇ
1823 2418 2007 2493 ἁμαρ-

352 2508 490 2579 τίᾳ,
575 2507 666 2561 καὶ
723 2505 912 2562 τέλεον
972 2506 1284 2568 ἀνευθύνους
1343 2506 1476 2582 ἀφῇ,
1536 2504 1716 2581 ὥσπερ
1770 2506 1861 2560 καὶ
1917 2507 2007 2561 τὸν

355 2592 615 2671 ’.Δϐραὰμ
648 2595 737 2651 καὶ
772 2598 873 2665 τήν
922 2602 1021 2665 τῆς
1056 2595 1262 2671 Σάρρας
1323 2597 1533 2667 μήτραν
1590 2593 1668 2667 τῷ
1725 2597 1870 2672 γήρᾳ
1919 2595 2009 2651 καὶ

357 2691 424 2759 τῇ
504 2686 824 2761 στειρότητι
879 2685 1243 2760 νεκρωθέντας
1329 2686 1610 2755 ἆνεζώωσε
1692 2688 1759 2758 τῇ
1823 2705 2006 2739 τεκνο-

364 2779 532 2850 γονὶᾳ.

1010 2865 1368 2932 κεφΑΑ.ς.

712 2952 848 3028 Περὶ
874 2957 974 3023 τῆς
1007 2951 1370 3024 ἀποκειμένης
1401 2948 1646 3012 ἐλπίδος.

417 3043 814 3109 Δικαιωθέντες
895 3043 988 3098 οὗν
1068 3041 1128 3097 ἐκ
1202 3041 1435 3103 πίστεως
1491 3041 1714 3116 εἲρήνην
1784 3035 2003 3117 ἔχωμεν

346 3137 486 3207 πρὸς
533 3135 668 3190 Θεὸν
729 3131 819 3187 διά
873 3135 972 3187 τοῦ
1031 3132 1229 3205 Κυρίου
1286 3134 1448 3203 ἡμῶν
1504 3132 1681 3201 Ἰησοῦ
1742 3135 2003 3206 Χριστοῦ·

358 3222 426 3277 δι’
489 3223 553 3277 οῦ
606 3223 697 3278 καὶ
749 3224 852 3290 τήν
905 3222 1275 3298 προσαγωγὴν
1329 3220 1643 3295 ἐσχήκαμεν
1695 3225 1763 3293 τῇ
1822 3220 2001 3275 πίστει

2116 1987 2265 2049 cata,
2298 1988 2365 2035 ut
2392 1999 2500 2036 nos
2521 1981 2593 2037 ab
2626 1982 2710 2035 eis
2743 1981 3042 2044 liberaret,
3076 1981 3222 2036 251
3281 2002 3301 2027 ι
3338 1981 3407 2033 Ει
3436 1977 3760 2033 resurrexit

2116 2070 2871 2143 propterjustificationem
2910 2076 3194 2125 nostram.
3260 2068 3331 2123 Ut
3375 2084 3506 2129 nos,
3539 2066 3756 2137 inquit,

2110 2160 2488 2229 justiﬁcaret,
2541 2165 2653 2215 eta
2683 2160 2941 2231 peccatis
2998 2158 3300 2213 liberaret.
3355 2159 3555 2227 Neque
3598 2155 3759 2210 enim

2118 2249 2337 2303 idcirco
2359 2254 2561 2302 nostra
2592 2255 2833 2320 peccata
2856 2248 2965 2302 sibi
3004 2248 3244 2320 propria
3273 2246 3433 2312 fecit,
3456 2262 3524 2299 ac
3555 2243 3762 2298 mortis

2118 2353 2352 2409 poenam
2384 2353 2490 2408 pro
2515 2335 2689 2390 nobis
2713 2337 2837 2391 luit.
2861 2353 2977 2407 quo
2996 2352 3130 2390 reos
3151 2353 3219 2390 ac
3239 2335 3448 2389 mortis
3466 2332 3763 2387 debitores

2118 2443 2239 2481 non
2264 2426 2541 2482 haberet:
2567 2425 2670 2479 sed
2694 2425 3265 2495 uteosjustiﬁcaret,
3290 2423 3507 2477 donata
3525 2422 3641 2475 vita
3666 2421 3758 2474 his

2119 2516 2219 2587 qui
2251 2516 2312 2570 in
2342 2514 2598 2587 peccatis
2652 2513 2869 2568 mortui
2919 2518 3106 2575 erant,
3168 2517 3225 2567 et
3278 2511 3536 2583 perfecte
3595 2515 3763 2563 reatu

2118 2606 2337 2660 liberos
2367 2604 2695 2659 dimitteret
2719 2619 2732 2656 :
2767 2600 3267 2673 quemadmodum
3291 2606 3350 2654 et
3378 2598 3673 2653 Abraham
3696 2613 3765 2651 ac

2118 2695 2272 2749 Sarae
2306 2693 2613 2748 matricem
2645 2697 2948 2747 senectute
2981 2707 3049 2746 ac
3081 2689 3538 2757 sterilitatejam
3569 2701 3761 2742 emor-

2116 2790 2250 2839 tuos
2282 2783 2410 2838 vitaa
2442 2782 2723 2845 restituit,
2758 2781 3136 2851 filiorumque
3170 2775 3592 2852 procreatioui.

2752 2870 2984 2925 CAPUT
3024 2870 3119 2923 VI.

2684 2959 2758 3013 De
2795 2961 3034 3028 reposita
3075 2974 3188 3028 spe.

2189 3051 2253 3117 V,
2291 3054 2339 3112 1,
2371 3053 2423 3105 2.
2457 3050 2753 3119 Justiﬁcati
2807 3063 2935 3117 ergo
2966 3062 3034 3101 ea:
3062 3048 3195 3117 ﬁde,
3218 3060 3413 3116 pacem
3465 3044 3759 3099 habeamus

2116 3157 2248 3210 erga
2278 3141 2449 3194 Deum
2486 3157 2591 3210 per
2622 3140 2908 3193 Dominum
2953 3144 3199 3192 nostrum
3247 3138 3430 3191 Jesum
3462 3134 3755 3199 Christum,

2109 3245 2214 3299 per
2241 3244 2404 3297 quem
2425 3234 2476 3281 et
2505 3242 2774 3281 accessum
2812 3225 3098 3280 habuimus
3129 3240 3235 3295 per
3288 3224 3451 3291 ﬁdem
3498 3223 3557 3275 in
3613 3221 3752 3276 hanc

368 3311 448 3374 εὶς
473 3312 577 3373 τὴν
599 3311 747 3383 rimi
775 3311 1001 3380 ταύτην,
1034 3308 1085 3363 ἐν
1113 3309 1149 3385 ᾖ
1179 3311 1504 3381 ἑστήκαμεν,
1536 3309 1625 3363 καὶ
1667 3310 2002 3383 καυχώμεθα

2123 3298 2374 3387 gratiam,
2435 3320 2499 3371 in
2546 3333 2657 3387 qua
2712 3318 2974 3380 stetimus,
3036 3321 3088 3369 et
3145 3314 3446 3384 gloriemur
3494 3310 3559 3367 ob
3610 3326 3761 3381 spem

374 3400 458 3454 ἐπ’
486 3396 669 3453 ὶΑπίδι
698 3406 780 3469 τῆς
810 3399 973 3470 δόξης
1004 3403 1100 3453 τοῦ
1142 3404 1295 3455 Θεοῦ.

448 3490 572 3548 Ηῶς
602 3484 650 3543 δ’
675 3486 729 3543 ἄν
758 3511 836 3553 τις
867 3488 1137 3565 εἰρτ,νεῦοι
1168 3489 1305 3563 πρὸς
1373 3488 1465 3544 τὸν
1523 3487 1652 3543 Θεόν
1686 3506 1701 3557 ;
1760 3486 2003 3543 ἀκολου-

373 3582 479 3641 θῶν
513 3583 627 3640 ταῖς
661 3577 906 3641 ἐντολαῖς
948 3578 1141 3646 αὐτοῦ,
1196 3576 1270 3638 ὡς
1304 3578 1333 3632 ὃ
1361 3598 1421 3652 γε
1451 3577 1796 3652 ἁμαρτάνων,
1830 3576 2005 3633 πολε-

375 3673 464 3739 μεῖ
492 3674 624 3740 Θεῷ.
657 3669 757 3726 Καὶ
804 3666 995 3731 οὓτως·
1060 3667 1298 3722 Δείκνυσι
1355 3667 1481 3730 τοὺς
1524 3663 1818 3728 Ἰουδαίους
1880 3688 2007 3722 στα-

370 3759 647 3828 σεέζοντας
683 3758 821 3830 πρὸς
847 3757 1046 3821 πίστιν,
1104 3758 1191 3810 καὶ
1251 3758 1326 3827 μὴ
1377 3753 1856 3831 παραδεχομένους
1910 3759 2005 3811 τὸν

363 3848 552 3923 Κόριον
574 3851 743 3918 ἡμῶν
773 3851 984 3917 Ἰησοῦν
1044 3846 1298 3917 Χριστὸν,
1330 3846 1419 3900 καὶ
1477 3849 1610 3921 πρὸς
1660 3846 1820 3901 αὐτὸν
1880 3866 2005 3901 στα-

353 3939 554 4007 σιάζειν
587 3937 689 3991 τὸν
720 3934 928 4009 Πατέρα
955 3935 1048 3989 τὸν
1104 3933 1382 4009 ἐγείραντα
1441 3935 1603 3989 αὐτὸν
1662 3934 1721 3990 ἐκ
1776 3941 2003 4007 νεκρῶν.

348 4028 459 4083 Ἵνα
491 4030 627 4098 γάρ,
663 4025 822 4101 φησὶ,
855 4022 1233 4093 δικαιωθῶμεν
1268 4026 1453 4095 ἡμεῖς,
1485 4021 1575 4078 διὰ
1612 4028 1774 4079 τοῦτο
1831 4026 1921 4079 καὶ
1952 4023 2003 4079 ἐν

344 4119 562 4187 νεκροῖς
597 4112 857 4186 ἐλογίσθη
894 4111 987 4166 καὶ
1045 4111 1270 4180 ἀνέστην
1300 4110 1359 4165 ἐκ
1386 4116 1492 4166 τῶν
1546 4116 1763 4185 νεκρῶν.
1825 4113 2004 4185 Ὑμεῖς

352 4200 409 4257 δὲ
439 4204 505 4258 οὐ
536 4199 968 4277 προσδεκόμενοι
1018 4201 1199 4269 αὐτὸν,
1231 4201 1321 4254 καὶ
1351 4205 1429 4270 τῷ
1487 4200 1656 4274 Πατρὶ
1714 4201 2007 4273 πολεμεῖτε

352 4298 432 4363 τῷ
460 4291 829 4361 ἁναστήσαντι
860 4290 1045 4346 αὐτόν.
1078 4289 1234 4347 Ἀλλ’
1276 4290 1329 4343 οἱ
1388 4287 1782 4356 δικαιωθέντες,
1818 4290 2003 4365 φησὶν,

356 4381 584 4458 εἴρηνην
672 4375 889 4455 ἔχωμεν
971 4379 1106 4452 πρὸς
1176 4380 1270 4435 τὸν
1332 4378 1559 4452 Πατέρα,
1619 4377 2007 4451 καταλύσωμεν

354 4468 586 4531 τελείως
618 4469 716 4523 τὸν
750 4468 886 4541 πρὸς
916 4465 1077 4523 αὐτὸν
1108 4464 1378 4539 πόλεμον.
1404 4467 1529 4528 Πῶς
1555 4462 1612 4520 δὲ
1641 4465 1965 4521 καταλύεται
1991 4486 2005 4534 ;

354 4556 447 4614 δια
474 4558 692 4621 τελείας
724 4558 810 4612 καὶ
858 4555 1178 4611 ἆδιστάκτου
1236 4556 1471 4617 πίστεως
1503 4560 1603 4623 τῆς
1637 4554 1713 4615 είς
1770 4556 1861 4609 τὸν
1898 4556 2005 4613 Κύ-

2113 3406 2305 3477 gloriz
2334 3408 2455 3461 Dei.

2185 3495 2486 3561 Quomodo
2519 3500 2718 3549 autem
2749 3494 2967 3550 habere
2997 3493 3216 3565 poterit
3240 3493 3538 3565 quispiam
3558 3504 3761 3563 pacem

2115 3601 2252 3656 erga
2288 3584 2519 3641 Deum?
2552 3584 2599 3639 si
2633 3591 2917 3655 sequatur
2947 3590 3241 3655 praecepta
3269 3585 3398 3651 ejus
3432 3598 3446 3637 :
3480 3578 3759 3651 quemad-

2112 3676 2357 3731 modum
2389 3690 2530 3729 sane
2556 3673 2606 3727 is
2636 3674 2735 3745 qui
2764 3679 2985 3744 peccat,
3047 3674 3163 3728 Deo
3206 3686 3466 3742 pugnare
3524 3670 3761 3725 dicitur.

2114 3766 2233 3819 Hoc
2266 3770 2549 3833 praeterea
2567 3762 2742 3816 modo
2767 3778 2780 3815 :
2814 3761 3084 3817 Ostendit
3104 3761 3337 3815 Judwos
3360 3760 3459 3830 qui
3485 3758 3763 3813 seditiose

2114 3852 2503 3907 movebantur
2529 3851 2812 3905 adversus
2845 3849 3044 3909 ﬁdem,
3080 3866 3191 3903 nec
3248 3847 3616 3918 recipiebant
3650 3850 3759 3898 ho-

2115 3942 2344 3996 minum
2376 3946 2645 3995 nostrum
2678 3941 2877 3994 Jesum
2894 3939 3211 4001 Christum,
3233 3936 3583 4008 ergaipsum
3617 3952 3762 4004 quo-

2113 4045 2229 4100 que
2255 4031 2487 4083 Patrem
2519 4027 2797 4082 seditiose
2821 4042 2991 4097 agere
3024 4027 3124 4095 qui
3148 4025 3317 4078 illum
3340 4040 3376 4078 a
3398 4024 3646 4078 mortuis
3668 4038 3759 4077 su-

2114 4118 2366 4174 scitavit.
2406 4118 2550 4171 Nam
2579 4122 2645 4169 ut
2674 4132 2805 4179 nos,
2838 4115 3052 4185 inquit,
3080 4114 3503 4185 justiﬁcemur,
3536 4113 3754 4168 idcirco

2115 4206 2271 4262 inter
2301 4209 2565 4260 mortuos
2596 4208 2903 4275 reputatus
2921 4208 3011 4258 est
3032 4208 3089 4256 et
3120 4202 3375 4258 surrexit
3402 4216 3437 4255 a
3467 4201 3715 4255 mortuis
3740 4217 3753 4254 :

2114 4314 2216 4352 vos
2246 4301 2443 4351 autem
2462 4296 2509 4349 si
2543 4311 2679 4349 eum
2706 4311 2828 4348 non
2863 4292 3183 4364 suscipitis,
3216 4291 3496 4347 adversus
3528 4293 3762 4345 Patrem

2114 4404 2349 4461 quoque
2382 4387 2607 4443 bellum
2639 4386 2864 4453 geritis,
2902 4386 3000 4456 qui
3023 4400 3159 4439 eum
3193 4381 3512 4439 suscitavit.
3548 4383 3761 4436 Verum

2107 4477 2445 4549 justiﬁcati,
2478 4476 2694 4547 inquit,
2726 4491 2933 4547 pacem
2983 4472 3308 4529 habeamus
3338 4487 3474 4542 erga
3508 4473 3760 4524 Patrem.

2117 4566 2340 4622 bellum
2363 4565 2520 4635 quod
2552 4564 2834 4620 adversus
2863 4564 3033 4617 illum
3065 4567 3173 4627 est,
3197 4560 3453 4631 perfecte
3487 4558 3763 4613 dissolva-

357 4667 470 4721 ριον
502 4651 671 4719 ἡμῶν
731 4648 941 4717 Ἰησοῦν
997 4644 1250 4720 Χριστόν·
1309 4644 1469 4705 αὐτὸς
1526 4643 1627 4719 γάρ
1685 4643 1883 4699 ἐστινὸ
1916 4644 2003 4698 καὶ

2123 4672 2259 4710 nus.
2297 4655 2420 4718 Quo
2456 4660 2655 4707 autem
2683 4652 2857 4707 modo
2882 4650 3266 4705 dissolvitur?
3295 4648 3554 4719 perfecta
3583 4648 3762 4702 indu-

355 4736 648 4811 προσάγων
679 4738 826 4807 ἡμᾶς
862 4735 1007 4805 αὐτῷ
1054 4738 1131 4805 τῷ
1178 4732 1367 4807 Πατρί.
1428 4756 1455 4783 ‹‹
1491 4733 1587 4788 Διὰ
1642 4737 1745 4787 τοῦ
1802 4732 2005 4804 Κυρίου

356 4829 542 4900 ἡμῶν.
576 4848 606 4877 υ
642 4824 703 4881 Εἰ
742 4825 841 4900 γὰρ
896 4821 964 4879 δι’
1024 4824 1192 4878 αὑτοῦ
1250 4826 1356 4878 τῶν
1412 4822 1820 4897 προγεγονότων
1881 4820 2004 4877 έλυ-

361 4914 645 4989 τρώθημεν
711 4915 1012 4989 ἁμαρτιῶν,
1072 4909 1142 4965 δι’
1198 4910 1362 4965 αὐτοῦ
1415 4908 1581 4965 πάλιν
1630 4910 1722 4965 καὶ
1780 4917 1878 4978 τῆς
1929 4911 2003 4973 εἰς

363 5003 519 5059 αὐτὸν
550 5004 783 5064 πίστεως
820 5007 1083 5075 μενοῦμεν
1125 5002 1201 5074 μή
1262 4999 1682 5073 ἁμαρτάνοντες.
1746 5000 1841 5055 Καὶ
1900 5001 2006 5076 γάρ

356 5094 582 5173 εὐχερὲς
647 5091 859 5165 μᾶλλον
917 5091 1169 5171 φυλάξαι,
1201 5089 1234 5159 ἢ
1266 5090 1564 5158 κτήσασθαι
1616 5089 1684 5143 τὰ
1738 5088 1908 5163 ἀγαθᾶ
1935 5094 2003 5163 τῇ

352 5183 524 5238 αυτοῦ
556 5181 825 5258 συνεργίᾳ,
862 5204 891 5232 α
914 5182 991 5236 Δι’
1022 5178 1084 5233 οὗ
1113 5178 1203 5233 καὶ
1242 5180 1342 5248 τήν
1403 5180 1766 5253 προσαγωγὴν
1826 5177 2003 5253 ἐσχή-

353 5292 549 5344 καμεν.
585 5294 613 5323 ››
673 5274 753 5327 Δι’
836 5268 1003 5323 αὐτοῦ
1062 5269 1167 5344 γαρ
1226 5267 1626 5340 προσήχθημεν
1673 5271 1752 5338 τῷ
1810 5266 2002 5342 Ματρί.

358 5383 386 5412 α
422 5360 486 5416 Εἰ
519 5359 610 5414 οὖν
656 5361 869 5433 μακρὰν
903 5356 1076 5425 ὄντες,
1110 5354 1270 5430 ἐγγὺς
1329 5356 1627 5428 γεγόναμεν
1686 5359 1764 5427 τῷ
1797 5356 2008 5427 θανάτῳ

352 5450 517 5505 αὐτοῦ
555 5497 571 5522 ,
633 5447 838 5520 πολλῷ
897 5444 1111 5519 μᾶλλον
1171 5444 1334 5521 ἐγγὺς
1389 5444 1557 5509 ὅντες,
1627 5442 2009 5519 είρηνεύσομεν

355 5538 489 5612 πρὸς
522 5540 690 5595 αὑτὸν
724 5537 919 5618 χάριτι
979 5534 1163 5589 αὐτοῦ.
1227 5555 1255 5585 ‹‹
1318 5534 1393 5605 Τῇ
1451 5532 1650 5589 πίστει.
1685 5555 1715 5585 ››
1770 5533 1890 5596 Θεὶς
1942 5534 2010 5588 τὰ

422 5694 465 5737 ⁸⁸
488 5698 703 5773 Eph“.
734 5713 801 5767 ιι,
842 5692 931 5748 18.

2115 4744 2419 4813 bitataque
2452 4743 2567 4797 ﬁde
2592 4758 2721 4811 quae
2751 4747 2838 4793 est
2859 4741 2920 4793 in
2945 4740 3261 4793 Dominum
3282 4744 3549 4795 nostrum
3565 4739 3763 4792 Jesum

2115 4832 2450 4888 Christum:
2487 4832 2611 4900 ipse
2645 4830 2801 4884 enim
2834 4834 2925 4884 est
2953 4829 3052 4899 qui
3087 4845 3195 4882 nos
3227 4827 3301 4882 ad
3324 4828 3550 4883 Patrem
3575 4827 3764 4882 addu-

2115 4922 2213 4977 cit.
2249 4944 2276 4971 «
2310 4924 2419 4975 Per
2466 4919 2783 4973 Dominum
2814 4923 3106 4972 nostrum.
3154 4942 3173 4965 ι
3211 4919 3354 4973 Nam
3387 4918 3434 4971 si
3466 4935 3572 4989 per
3624 4933 3759 4972 eum

2116 5029 2150 5066 a
2177 5009 2491 5081 praeteritis
2516 5007 2880 5061 redimamur
2902 5009 3177 5076 peccatis,
3206 5023 3443 5063 rursum
3468 5023 3571 5075 per
3594 5006 3763 5060 illum

2117 5100 2177 5153 in
2196 5098 2310 5152 ﬁde
2331 5115 2461 5168 quas
2476 5098 2537 5151 in
2561 5113 2693 5150 eum
2720 5096 2959 5150 estsine
2978 5102 3216 5167 peccato
3234 5094 3763 5167 perseverabimus.

2119 5187 2370 5240 Facilius
2387 5202 2642 5255 namque
2658 5184 2913 5239 estbona
2929 5201 3297 5242 conservare.
3319 5199 3497 5252 quam
3527 5181 3767 5252 proprio

2118 5281 2307 5328 marte
2339 5280 2442 5328 aut
2471 5274 2887 5344 cooperatione
2946 5281 3149 5328 nostra
3206 5271 3532 5342 acquirere.
3587 5291 3615 5319 «
3650 5272 3761 5323 Per

2119 5378 2296 5432 quem
2329 5368 2387 5415 et
2417 5378 2719 5417 accessum
2756 5362 3091 5416 habuimus.
3120 5383 3147 5408 ››
3180 5384 3205 5407 ‹‹
3235 5362 3345 5413 Per
3374 5360 3570 5428 ipsum
3605 5359 3768 5413 enim

2119 5452 2191 5505 ad
2227 5453 2460 5506 Patrem
2496 5451 2689 5505 educti
2725 5467 2929 5505 sumus
2962 5452 3025 5504 ’⁵.
3060 5472 3088 5498 ››
3114 5449 3168 5503 Si
3192 5464 3328 5513 ergo
3355 5465 3488 5503 cum
3515 5448 3770 5522 elongati

2118 5553 2518 5609 essemus,per
2540 5544 2791 5593 mortem
2810 5537 2996 5607 ipsnus
3021 5536 3337 5608 propinqui
3364 5536 3503 5592 facti
3537 5553 3764 5602 sumus,
