4126 6256
330 413 448 471 407

1449 395 1875 462 αῑΟυΜΕΝῙί
1920 394 2223 457 TIIICCJE
2267 394 2639 457 EPlSCOPl.

3623 396 3752 455 408

332 545 509 615 longe
532 537 786 611 amplius
803 537 931 608 jam
964 534 1099 591 facti
1124 533 1463 607 propinqui,
1496 547 1703 604 pacem
1748 527 1821 585 ad
1852 544 1986 583 eum

2124 529 2197 581 τοῦ
2246 531 2507 603 Χριστοῦ,
2562 528 2653 582 καὶ
2696 529 2763 583 τὰ
2823 530 2985 603 ἡμῶν
3047 527 3249 597 τίθησι.
3308 528 3450 603 Πρὸς
3487 528 3593 603 γὰρ
3643 527 3751 589 τὰς

338 632 690 690 habebimus
709 628 898 701 gratia
927 627 1115 698 ipsius
1138 626 1201 682 1⁷.
1238 647 1265 676 ‹‹
1289 630 1400 680 Per
1424 625 1622 679 ﬁdem.
1661 642 1688 671 ››
1738 620 1848 676 Ubi
1880 636 1983 691 po-

341 724 460 779 suit
502 736 569 776 ea
603 736 732 790 quas
792 716 1006 771 Christi
1055 720 1213 781 sunt,
1273 713 1443 786 ponit
1499 712 1675 767 etiam
1736 726 1807 764 ea
1858 725 1989 779 quas

342 820 546 868 nostra
578 813 736 863 sunt.
768 804 1070 877 Siquidem
1104 804 1178 859 ad
1227 801 1555 858 ineffabilia
1585 798 1801 854 Christi
1834 797 1993 852 dona

343 920 454 957 nos
484 905 700 973 printer
730 897 906 952 ﬁdem
926 895 1073 951 nihil
1108 894 1495 949 contulimus.
1542 914 1561 940 α
1592 892 1656 945 In
1687 890 1841 944 hanc
1860 904 1993 960 gra-

342 993 507 1047 tiam.
545 1010 572 1038 »
607 990 754 1042 Puta
809 984 967 1057 quod
1024 984 1121 1039 Dei
1182 983 1584 1054 cognitionem
1633 978 1989 1049 accepimus,

343 1079 501 1154 quod
533 1077 605 1133 ad
635 1078 832 1147 ipsum
864 1073 1121 1137 adducti,
1158 1071 1315 1143 quod
1362 1070 1615 1143 peccatis
1647 1068 1902 1123 liberati.
1939 1072 1996 1121 et

344 1182 712 1243 qumcunque
747 1163 993 1235 largitur
1016 1162 1332 1233 baptisma.
1369 1159 1522 1216 258
1581 1158 1745 1222 Quod
1799 1161 1997 1213 autem

345 1258 633 1330 sequitur,
667 1277 693 1303 ‹‹
731 1254 1031 1317 Stetimus,
1065 1270 1090 1300 ιι
1130 1249 1648 1306 conﬁrmationem
1680 1246 1993 1319 significat.

353 1370 381 1399 ‹‹
406 1349 470 1402 In
506 1347 657 1401 hanc
677 1342 949 1416 gratiam.
982 1358 1005 1391 ιι
1034 1338 1502 1396 Demonstrative
1533 1337 1766 1392 locutus
1797 1339 1887 1390 est
1906 1349 2000 1389 eo-

354 1452 485 1493 rum
516 1430 986 1507 magnitudinem
1039 1446 1109 1485 ac
1156 1426 1604 1484 multitudinem
1658 1423 2000 1497 signiﬁcans

356 1542 488 1597 qua)
520 1523 580 1578 in
610 1521 797 1596 gratia
827 1519 1229 1575 continentur.
1258 1519 1390 1588 Ipse
1413 1515 1708 1587 siquidem
1727 1529 2001 1569 accessus

351 1630 449 1670 res
478 1618 537 1668 et
566 1626 779 1683 magna
810 1625 877 1665 ac
908 1605 1279 1672 admiranda,
1304 1610 1362 1660 et
1388 1609 1524 1660 ante
1554 1604 1710 1658 hanc
1729 1606 1999 1673 peccato-

358 1719 490 1760 rum
507 1700 779 1756 remissio
795 1714 861 1754 ac
875 1702 1009 1769 post
1029 1696 1160 1767 ipsa
1180 1694 1344 1767 regni
1364 1693 1645 1748 caelorum
1662 1689 1999 1762 promissio.

357 1793 443 1848 Ob
475 1807 650 1862 quam
687 1788 1002 1855 actionem,
1035 1784 1109 1840 ob
1138 1785 1294 1855 quod
1329 1788 1554 1839 rectum
1611 1796 1762 1852 opus
1817 1778 2005 1851 gratia

2099 613 2338 693 ἂφάτους
2370 614 2577 693 δωρεάς
2605 622 2704 673 τοῦ
2758 619 3015 693 Χριστοῦ,
3046 620 3210 691 ἡμεῖς
3267 615 3417 673 οὐδὲν
3478 615 3625 686 πλὴν
3654 618 3758 673 πί·-

2107 725 2275 767 στεως
2305 707 2629 780 ἠνέγκαμεν.
2672 730 2695 759 α
2730 707 2823 771 Εἰς
2869 708 2969 777 τήν
3027 708 3188 782 χάριν
3246 705 3467 777 ταύτην.
3514 730 3541 758 »ι
3572 710 3760 763 Τουτ-

2101 793 2210 848 έστι
2252 795 2313 848 τὸ
2368 796 2764 865 καταξιωθῆναι
2824 802 2924 864 τῆς
2976 800 3072 850 τοῦ
3128 800 3261 851 Θεοῦ
3321 795 3593 869 γνώσεωςο
3654 795 3748 862 τὸ,

2102 888 2481 959 προσαχθῆναι
2515 885 2679 956 αὐτῷ’
2727 886 2812 953 τὸ,
2870 887 3148 962 ἁμαρτιῶν
3207 884 3616 960 ἀπαλλαγῆναι,
3646 885 3749 940 καὶ

2104 974 2200 1027 ὅσα
2229 975 2291 1027 τὸ
2327 973 2605 1049 βάπτισμα
2638 974 2941 1051 χαρίζεται.
2992 977 3068 1031 Τὸ
3126 973 3202 1043 δὲ,
3265 1000 3294 1028 ‹‹
3323 977 3686 1048 Ἐστγςκαμεν,
3720 996 3757 1028 υ

2108 1057 2439 1138 βεϐαιότητα
2478 1061 2665 1135 δηλοῖ.
2699 1098 2766 1108 ——
2796 1067 3006 1141 [ΦΩΤ.]
3039 1088 3068 1117 ci
3100 1064 3198 1129 Εἷς
3236 1066 3336 1132 τὴν
3396 1066 3560 1140 χάριν
3615 1064 3754 1121 ταΰ-

2108 1152 2226 1219 τήν.
2262 1175 2291 1203 ››
2325 1158 2619 1217 Δεικτικῶς
2649 1154 2789 1219 εἶπε,
2843 1155 2908 1209 τὸ
2970 1156 3197 1231 μέγεθος
3251 1159 3363 1209 τῶν
3421 1154 3764 1231 ἐμπεριεχο-

2114 1242 2293 1313 μὲνων
2326 1246 2394 1316 τῇ
2428 1244 2614 1318 χάριτι
2639 1244 2728 1298 καὶ
2760 1243 2824 1299 τὸ
2853 1243 3069 1314 πλῆθος
3096 1241 3305 1313 δηλῶν.
3347 1246 3446 1298 Καὶ
3483 1244 3586 1319 γᾶρ
3613 1244 3761 1315 αὐτὴ

2108 1333 2143 1401 ἡ
2184 1352 2521 1409 προσαγωγη
2559 1355 2698 1411 μεγα
2751 1335 2841 1389 καὶ
2899 1335 3218 1407 θαυμάσιον,
3252 1335 3341 1389 καὶ
3397 1336 3503 1410 πρό
3556 1333 3763 1390 τούτου

2109 1424 2144 1491 ἡ
2185 1426 2293 1476 τῶν
2326 1423 2605 1498 ἁμαρτιῶν
2635 1421 2842 1503 ἄφεσις,
2871 1423 2961 1478 καὶ
2998 1424 3133 1498 μετὰ
3176 1428 3345 1480 ταῦτα
3493 1427 3600 1479 τῶν
3661 1423 3759 1478 οὗ·

2112 1516 2287 1586 ρανῶν
2320 1510 2706 1589 ἐπηγγελμένη
2741 1511 3014 1589 βασιλεία.
3052 1512 3175 1569 Ἐπὶ
3232 1512 3363 1584 ποίᾳ
3420 1515 3628 1586 πράξει,
3663 1511 3760 1568 ἐπὶ

2111 1622 2259 1668 ποιῳ
2286 1603 2678 1681 κατορθώματι
2710 1603 2843 1674 αὕτη
2902 1606 2937 1673 ἡ
2970 1604 3133 1679 χάρις
3165 1600 3325 1675 ἐδόθη
3353 1622 3366 1674 ;
3436 1602 3525 1658 ἐπὶ
3581 1602 3772 1658 πίστει

2116 1690 2279 1765 μόνῃ·
2345 1692 2516 1765 μόνον
2556 1692 2658 1767 γὰρ
2725 1691 3136 1768 ἐπιστεύσαμεν,
3194 1693 3283 1749 καὶ
3326 1690 3415 1747 διὰ
3444 1696 3539 1748 τοῖ’)
3571 1692 3774 1769 βαπτί-

2116 1800 2323 1853 σματος
2355 1780 2526 1836 πάντα
2566 1784 2704 1855 ἡμῖν
2752 1784 2787 1852 ἡ
2846 1783 3018 1859 χάρις
3077 1782 3394 1859 ἐχαρίσατο.
3437 1784 3506 1839 Ἤ
3567 1782 3769 1844 οὕτως·

357 1883 485 1938 haec
514 1880 653 1935 data
706 1876 853 1932 est?
918 1875 992 1930 ob
1025 1875 1214 1929 solam
1268 1872 1494 1929 fidem:
1552 1874 1780 1926 tantum
1843 1869 2002 1923 enim

2124 1870 2318 1943 Ὥσπερ
2349 1868 2424 1931 εἰς
2456 1872 2555 1939 τὴν
2587 1870 2747 1945 χάριν
2790 1872 2991 1942 ταύτην
3024 1871 3075 1925 ἐν
3106 1874 3144 1941 ἧ
3174 1872 3498 1943 ἑστήκαμεν,
3532 1873 3764 1947 καυχώ-

358 1969 679 2033 credimus,
714 1971 772 2020 et
801 1964 1003 2020 omnia
1032 1962 1205 2019 nobis
1256 1976 1361 2033 per
1415 1960 1776 2032 baptismum
1827 1957 2008 2028 gratis

361 2057 580 2114 donata
611 2059 767 2110 sunt.
803 2053 905 2108 Vel
964 2053 1075 2107 hoc
1125 2050 1300 2105 modo
1338 2067 1349 2104 :
1385 2046 1893 2114 Quemadmodum
1948 2046 2009 2100 in

362 2146 551 2220 gratia
583 2144 693 2198 hac
722 2143 782 2197 in
808 2158 922 2213 qua
946 2140 1218 2195 stetimus
1243 2138 1571 2211 gloriamur
1601 2136 1675 2191 ob
1700 2151 1863 2206 spem
1884 2133 2011 2206 glo-

364 2235 469 2289 rim
505 2233 624 2300 Dei,
659 2234 740 2288 ita
770 2247 1006 2286 rursum
1038 2230 1363 2301 gloriemur
1407 2227 1466 2281 in
1502 2224 2010 2289 tribulationibus,

366 2324 622 2379 scientes
653 2320 811 2393 quod
841 2336 947 2392 per
977 2318 1111 2373 illas
1142 2322 1199 2372 et
1230 2333 1335 2387 per
1382 2315 1729 2387 patientiam
1767 2329 1834 2368 ac
1866 2328 2011 2384 pro-

363 2412 666 2468 bationem
726 2410 798 2465 ad
857 2408 1046 2480 ipsam
1103 2406 1483 2462 ascendimus
1540 2421 1671 2475 quae
1722 2419 1843 2458 non
1900 2419 2014 2474 pu-

366 2501 601 2557 defacit.
639 2521 667 2549 ‹‹
698 2498 781 2555 Ob
814 2513 979 2569 spem
1001 2496 1202 2569 glorias
1233 2494 1357 2551 Dei.
1384 2516 1413 2545 »
1447 2493 1549 2548 Vel
1588 2509 1704 2564 qua
1726 2489 2015 2563 Deusglo-

368 2590 655 2657 riﬁcatur,
688 2587 776 2642 vel
810 2602 926 2657 qua
957 2602 1067 2641 nos
1098 2586 1252 2641 Deus
1281 2583 1609 2656 glorificat;
1651 2597 1760 2635 nos
1817 2584 2015 2635 autem

366 2679 661 2752 glorificat
688 2674 1073 2732 inenarrabili
1115 2690 1183 2729 ac
1214 2674 1509 2727 immensa
1539 2671 1746 2743 gloria,
1783 2668 2017 2724 donans

368 2785 494 2840 quas
517 2767 821 2841 pollicitus
844 2770 935 2821 est
966 2781 979 2818 :
1009 2762 1327 2833 ad0ptione
1378 2778 1445 2816 ac
1503 2776 1683 2832 regno
1733 2758 2017 2814 caelorum

364 2858 572 2930 dignos
605 2856 828 2911 ducens
864 2871 877 2921 ;
932 2856 991 2908 et
1018 2852 1383 2924 gloriﬁcatur
1439 2850 1614 2904 etiam
1647 2848 1795 2919 ipse,
1830 2862 2016 2919 quan-

369 2962 547 3018 quam
573 2960 694 2999 non
718 2944 887 3015 juxta
920 2957 1083 2998 suam
1119 2940 1489 3012 dignitatem,
1515 2943 1574 2992 at
1603 2942 1893 3009 quantum
1919 2951 2017 2991 an-

365 3034 513 3110 gelis
545 3039 603 3089 et
629 3030 974 3088 hominibus
1003 3028 1396 3101 possibileest
1423 3044 1436 3081 :
1469 3026 1571 3097 qui
1603 3030 1829 3082 tantam
1861 3024 2019 3080 circa

2122 1959 2255 2030 μεθα
2289 1955 2580 2013 ἐπ’ἐλπίδι
2624 1966 2725 2030 τῆς
2788 1956 2947 2030 δόξης
3005 1964 3107 2015 τοῦ
3161 1966 3317 2032 Θεοῦ,
3370 1960 3544 2023 οὕτως
3599 1959 3760 2017 πάλιν

2118 2047 2456 2121 καυχώμεθα
2482 2047 2571 2102 καὶ
2602 2047 2653 2103 ἐν
2698 2054 2816 2109 ταῖς
2847 2047 3114 2124 θλίψεσιν,
3147 2047 3350 2111 εἰδότες
3408 2050 3495 2106 ὅτι
3556 2047 3623 2104 δι’
3653 2051 3759 2105 αὖ·

2120 2141 2229 2190 τῶν
2260 2136 2349 2189 καὶ
2378 2134 2467 2191 διὰ
2503 2144 2603 2206 τῆς
2636 2138 2917 2210 ὑπομονῆς
2946 2139 3035 2193 καὶ
3068 2136 3326 2211 δοκιμῆς,
3360 2138 3434 2201 εἷς
3464 2140 3561 2207 τὴν
3595 2139 3773 2209 αὐτὴν

2122 2223 2551 2300 ἀκαταίσχυντον
2606 2224 3045 2302 ἐπανατρέχομεν
3099 2226 3311 2284 ἐλπίδα.
3356 2251 3382 2282 α
3431 2229 3550 2285 Ἐπ’
3582 2226 3777 2285 ἐλπίδι

2122 2320 2223 2383 τῆς
2256 2310 2415 2387 δόξης
2448 2318 2545 2369 τοῦ
2578 2317 2730 2370 Θεοῦ.
2767 2338 2796 2367 ››
2828 2317 2894 2372 Ἢ
2929 2315 3012 2370 δτι
3045 2313 3318 2386 δοξάζεται
3354 2317 3382 2371 ὁ
3421 2317 3574 2386 Θεὸς,
3606 2317 3640 2385 ἢ
3687 2316 3779 2373 δτι

2126 2399 2335 2472 δοξάζει
2366 2405 2514 2477 ἡμᾶς
2553 2405 2582 2458 ὁ
2631 2405 2779 2476 Θεὸς,
2811 2405 2903 2460 καὶ
2961 2402 3169 2478 δοξάζει
3209 2408 3357 2479 ἡμᾶς
3413 2406 3633 2482 ἀρῥήτω
3683 2407 3783 2462 καὶ

2127 2492 2386 2573 ὑπεσςρυεῖ
2434 2490 2580 2567 δόξῃ,
2665 2491 3011 2568 δωρούμενος
3079 2496 3111 2550 ἃ
3163 2494 3545 2572 ἐπηγγείλατο,
3604 2497 3792 2551 υἱοθε-

2128 2582 2241 2641 σίας
2272 2583 2361 2637 καὶ
2398 2582 2679 2657 βασιλείας
2730 2583 2972 2660 οὐρανῶν
3006 2584 3192 2656 ἀξιῶν.
3229 2585 3329 2642 Καὶ
3362 2583 3637 2655 δοξάζεται
3683 2585 3785 2640 καὶ

2125 2669 2316 2741 αὐτὸς,
2350 2669 2395 2724 εί
2425 2671 2515 2725 καὶ
2550 2672 2625 2742 μὴ
2667 2674 2782 2726 κατ’
2835 2672 3006 2743 ἀξίαν,
3047 2671 3173 2729 ἀλλ’
3232 2674 3358 2727 ὅσον
3413 2672 3557 2729 ἐστὶν
3611 2672 3784 2748 ἆγγέ-

2127 2755 2248 2821 λοις
2299 2758 2389 2813 καί
2441 2759 2749 2835 ἀνθρώποις
2808 2758 3027 2818 δυνατὸν
3062 2803 3076 2829 ,
3133 2763 3399 2825 τοσαύτην
3451 2761 3779 2840 φιλοτιμίαν

2126 2848 2246 2920 περὶ
2280 2847 2342 2901 τὸ
2383 2846 2720 2923 ἀνθρώπινον
2752 2847 3195 2919 ἐπιδεικνύμενος
3252 2848 3430 2927 γένος,
3460 2850 3551 2906 καὶ
3607 2856 3775 2907 ταῦτα

2125 2935 2394 3011 περαίνων
2423 2938 2512 2992 καὶ
2545 2937 2619 3000 εἰς
2651 2936 2812 3014 ἔργον
2854 2939 3018 3014 ἄγων,
3053 2942 3087 2997 a
3121 2942 3292 3014 μόνης
3351 2940 3464 2998 ἐστὶ
3520 2948 3620 3011 τῆς
3672 2940 3763 2995 αὖ·
3812 2996 3828 3009 ,

2128 3030 2223 3080 τοῦ
2254 3026 2532 3097 θειότητος
2562 3028 2651 3083 καὶ
2685 3028 3096 3109 φιλανθρωπίας
3127 3029 3445 3087 ἐνδεικτικά.

364 3134 692 3189 humanum
725 3147 910 3202 genus
933 3126 1271 3185 exhibuerit
1300 3124 1717 3181 liberalitatem
1754 3141 1768 3191 ;
1799 3128 1857 3178 et
1886 3124 2013 3179 haec
2043 3125 2357 3196 perﬁciens
2388 3142 2454 3183 ac
2486 3128 2545 3183 in
2578 3146 2725 3202 opus
2783 3130 3105 3196 deducens,
3141 3148 3270 3203 quae
3317 3131 3503 3187 solius
3559 3129 3773 3186 divini-

362 3223 502 3279 tatis
532 3221 694 3276 illius
734 3225 794 3276 et
821 3217 1198 3291 benignitatis
1227 3231 1366 3288 erga
1392 3215 1664 3270 homines
1698 3218 1835 3268 sunt
1862 3212 2344 3271 demonstrativa.

444 3314 509 3380 V,
542 3314 659 3365 3-5.
692 3314 804 3364 Non
850 3309 1021 3364 solum
1052 3312 1273 3361 autem:
1332 3306 1425 3360 sed
1476 3305 1793 3374 gloriamur
1844 3304 1903 3355 in
1933 3305 2012 3371 af-

2200 3301 2276 3359 Οὐ
2328 3302 2492 3375 μόνον
2552 3301 2610 3360 δὲ
2643 3323 2657 3339 ·

376 3399 716 3472 ﬂictionibns
740 3414 751 3451 :
785 3396 1012 3452 scientes
1030 3396 1176 3465 quod
1203 3396 1438 3464 afﬂictio
1460 3394 1795 3463 patientiam
1820 3406 2021 3460 opera-

379 3496 487 3552 tur,
505 3488 786 3558 patientia
815 3492 998 3540 autem
1012 3482 1680 3554 probationem,probatio
1710 3496 1837 3536 vero
1852 3495 2019 3548 spem,

372 3593 491 3649 spes
519 3582 701 3631 autem
727 3589 838 3629 non
884 3575 1181 3643 pudefacit
1206 3589 1219 3627 :
1273 3573 1407 3641 quia
1435 3570 1680 3625 charitos
1710 3570 1810 3624 Dei
1848 3570 2023 3638 effusa

376 3676 451 3725 est
477 3670 536 3722 in
566 3665 823 3721 cordibus
853 3666 1050 3719 nostris
1073 3678 1178 3733 per
1212 3663 1483 3732 Spiritum
1511 3666 1761 3715 sanctum
1790 3660 1888 3728 qui
1916 3658 2019 3713 da-

376 3765 461 3814 tus
482 3764 559 3811 est
582 3754 759 3810 nobis.

444 3850 570 3903 Non
604 3844 821 3908 solum,
855 3843 1071 3913 inquit,
1106 3840 1181 3896 ob
1214 3840 1352 3896 data
1380 3840 1697 3911 futuraque
1728 3838 1886 3894 bona
1906 3837 2023 3911 glo-

370 3939 635 3994 riamur:
671 3950 873 3989 verum
905 3932 1082 3987 etiam
1114 3932 1175 3986 in
1206 3930 1300 3986 his
1333 3946 1464 4000 quas
1495 3928 1792 3985 contraria
1819 3929 2023 3983 viden-

370 4036 489 4090 tur,
522 4032 665 4099 puta
693 4021 1139 4079 afflictionibus.
1174 4022 1358 4085 Quam
1390 4019 1631 4075 demum
1655 4019 1729 4073 ob
1762 4018 1834 4073 ob
1884 4034 2020 4073 cau-

372 4133 499 4171 sam
530 4115 557 4170 ‘I
582 4115 727 4180 Quia
757 4113 828 4167 ad
860 4111 1210 4182 patientiam
1241 4125 1350 4164 nos
1408 4113 1706 4164 exercent.
1739 4107 1903 4173 Quod
1935 4113 2025 4163 est

373 4204 678 4262 autem‘ex
707 4201 995 4275 patientia
1028 4200 1259 4255 lucrum
1284 4199 1311 4254 ?
1339 4198 1645 4266 Probatos,
1669 4198 1883 4269 inquit,
1916 4214 2023 4252 nos

371 4295 586 4352 reddit.
623 4295 690 4348 Et
722 4309 852 4363 quae
884 4291 1058 4346 nobis
1089 4288 1231 4344 inde
1261 4288 1491 4343 utilitas
1543 4293 1610 4343 ut
1669 4289 1853 4342 simus
1884 4304 2021 4359 pro-

374 4385 493 4441 bati
516 4386 543 4440 ‘I
576 4384 750 4455 Spem
781 4380 953 4436 nobis
1002 4380 1337 4435 futurorum
1369 4377 1661 4433 bonorum
1720 4377 2020 4432 conciliat.

372 4476 478 4541 Qui
509 4479 707 4530 autem
742 4473 867 4526 hmo
908 4474 1110 4541 sperat
1161 4483 1538 4539 nequaquam
1569 4465 1858 4537 pudelieri
1917 4482 2021 4537 po-

369 4564 528 4619 terit.
560 4562 705 4616 Nam
733 4560 830 4629 qui
873 4559 935 4612 in
970 4557 1275 4611 hominem
1329 4560 1547 4625 sperat,
1591 4554 1860 4609 fortassis
1919 4570 2022 4625 spe

2712 3305 2858 3363 ἀλλᾶ
2909 3308 3247 3384 καυχώμεθα
3304 3305 3357 3363 ἐν
3408 3312 3525 3371 ταῖς
3588 3306 3786 3383 θλίψι-

2129 3412 2232 3446 σιν·
2278 3389 2480 3455 εἰδότες
2540 3393 2624 3449 ὅτι
2681 3397 2716 3465 ἡ
2778 3395 2966 3471 θλίψις
3025 3398 3308 3470 ὑπομονήν
3365 3397 3778 3471 κατεργάζεται,

2128 3483 2163 3549 ἡ
2196 3478 2254 3535 δέ
2285 3482 2563 3554 ὑπομονὴ,
2624 3483 2859 3557 δοκιμήν
2906 3489 2940 3555 ἡ
2996 3483 3052 3541 δὲ
3101 3485 3331 3559 δοκιμὴ,
3384 3483 3598 3542 ἐλπιδα·
3642 3489 3678 3555 ἡ
3719 3483 3784 3542 δὲ

2128 3569 2306 3637 ἐλπὶς,
2342 3572 2401 3626 οὐ
2441 3574 2789 3648 κατασχύνει,
2824 3574 2907 3630 ὅτι
2937 3578 2971 3645 ἡ
3011 3577 3190 3651 ἀγάπη
3223 3580 3318 3630 τοῦ
3356 3580 3484 3631 Θεοῦ
3535 3573 3777 3655 ἐκκέχυ-

2125 3680 2213 3714 ται
2245 3659 2295 3715 ἐν
2328 3667 2444 3724 ταῖς
2473 3660 2727 3739 παρδίαις
2784 3667 2966 3738 ἡμῶν,
3001 3663 3089 3721 διὰ
3146 3666 3457 3740 Πνεῦματος
3483 3664 3639 3741 ἁγίου
3672 3670 3777 3722 τοῦ

2128 3746 2376 3812 δοθέντος
2408 3754 2562 3824 ἡμῖν.

2199 3839 2276 3897 Οὐ
2312 3839 2474 3913 μόνον
2499 3840 2575 3913 δὲ,
2610 3843 2794 3922 φησὶν,
2827 3843 2915 3899 ἐπὶ
2961 3849 3078 3907 τοῖς
3110 3842 3311 3902 δοθεῖσι
3349 3844 3439 3900 καί
3462 3850 3579 3909 τοῖς
3639 3844 3767 3917 μὲλ-

2129 3928 2317 3985 λουσιν
2359 3932 2574 4006 ἀγαθοῖς
2619 3934 2976 4008 καυχώμεθα,
3018 3932 3162 3989 ἀλλὰ
3217 3936 3308 3989 καὶ
3363 3935 3417 3990 ἐν
3476 3941 3590 3996 τοῖς
3618 3933 3757 3987 ἐναν-

2124 4017 2267 4083 τίοις
2296 4021 2430 4074 εἴναι
2460 4016 2734 4091 δοκοῦσιν,
2765 4022 2882 4076 οἷον
2940 4027 3060 4084 ταῖς
3121 4021 3360 4096 θλίψεσι.
3392 4022 3455 4080 Τί
3492 4021 3557 4093 δή
3589 4040 3714 4077 ποτε
3740 4039 3756 4089 ',

2127 4108 2210 4162 ὅτι
2242 4110 2378 4181 πρὸς
2407 4108 2687 4182 ὑπομονὴν
2716 4110 2865 4183 ἡμὰς
2895 4110 3198 4188 ἀλείφουσι.
3232 4111 3297 4170 Τί
3328 4109 3384 4167 δέ
3421 4119 3523 4182 τῆς
3559 4113 3766 4184 ὑπομο-

2126 4203 2222 4266 νῆς
2245 4198 2307 4253 τὸ
2329 4195 2519 4273 κέρδος
2554 4218 2567 4268 ;
2603 4198 2893 4273 Δοκίμους,
2926 4201 3081 4275 φησὶ,
3115 4206 3280 4256 ποιεῖ.
3316 4201 3386 4258 Ti
3420 4199 3479 4256 δὲ
3508 4206 3603 4258 τοῦ
3624 4198 3776 4275 γενέ-

2128 4288 2246 4342 σθαι
2280 4284 2567 4360 δοκίμους,
2617 4290 2679 4343 τὸ
2739 4288 2985 4365 ὅφελος;
3046 4288 3277 4347 Ἐλπίδα
3334 4292 3472 4365 ἡμῖν
3530 4291 3778 4366 προξενεῖ

2125 4381 2236 4431 τῶν
2281 4375 2599 4448 μελλόντων
2653 4377 2888 4453 ἀγαθῶν.
2950 4380 3011 4436 Ὀ
3069 4376 3126 4433 δὲ
3172 4400 3232 4454 γε
3287 4384 3452 4435 ταῦτα
3509 4379 3778 4451 ἐλπίζων,

2128 4464 2229 4520 οὐκ
2257 4462 2318 4519 ἂν
2376 4466 2787 4542 καταιχυνθείη.
2838 4468 2899 4525 Ὀ
2934 4468 3028 4542 μὲν
3060 4468 3161 4543 γάρ
3191 4467 3272 4525 ἐπ’
3332 4468 3613 4542 ἄνθρωπον
3674 4468 3775 4526 ἐλ-

2128 4554 2325 4626 πίζων,
2386 4554 2517 4617 ἴσως
2574 4557 2663 4610 καὶ
2721 4557 2976 4630 ψευσθείη
3035 4565 3135 4628 τῆς
3201 4555 3443 4628 ἐλπίδος,
3503 4556 3621 4614 ὁδέ
3686 4558 3778 4615 ἐπὶ

368 4650 640 4709 frustrari
673 4648 887 4721 poterit
921 4664 933 4701 :
958 4647 1058 4717 qui
1082 4652 1278 4701 autem
1303 4644 1364 4698 iu
1386 4644 1594 4711 Deum,
1619 4660 2012 4714 nequaquam.

2129 4646 2282 4715 Θεὸν,
2324 4645 2423 4701 οὐκ
2455 4643 2559 4706 ἔτι.
2600 4648 2777 4720 Πλὴν,
2827 4650 2891 4704 οὖ
2926 4650 3109 4722 μόνον·
3166 4649 3347 4728 φησὶν,
3379 4649 3430 4705 ἐν
3465 4652 3548 4712 οἷς
3604 4651 3775 4720 ἑστή-

370 4743 814 4802 Verumtamen,
848 4736 1061 4807 inquit,
1090 4750 1211 4789 non
1243 4733 1304 4788 in
1336 4733 1408 4787 iis
1440 4733 1583 4787 solis
1607 4732 1779 4787 bonis
1802 4733 2018 4803 quibus

374 4828 667 4893 stetimus,
703 4825 807 4881 sed
836 4824 897 4880 in
930 4824 1020 4879 his
1052 4823 1228 4879 etiam
1261 4839 1393 4893 qum
1426 4828 1863 4894 exspectantur,
1895 4829 2021 4877 tan-

375 4933 555 4991 quam
587 4915 649 4970 in
679 4912 1073 4985 prmsentibus
1102 4911 1419 4985 gloriamur
1451 4927 1464 4977 ;
1497 4911 1609 4965 hoc
1658 4910 1818 4965 enim
1852 4927 2023 4966 exac-

377 5016 450 5063 tas
491 5004 627 5061 ﬁdei
661 5008 766 5058 est.
800 5002 1053 5057 Pulchre
1084 5007 1284 5056 autem
1338 4999 1564 5054 dixerat
1618 4999 1841 5072 gloriai.
1877 5001 2023 5057 Cum

377 5097 535 5155 enim
567 5093 843 5151 accidunt
876 5107 944 5146 ea
971 5106 1102 5162 quas
1145 5089 1596 5162 promittuntur,
1626 5094 1807 5161 agunt
1861 5094 1928 5145 ut
1973 5090 2023 5145 is

374 5187 739 5261 gloriﬁcetur
768 5181 870 5255 qui
904 5197 974 5235 ea
1011 5180 1303 5252 promisrt.

446 5278 598 5335 259
614 5299 641 5327 «
660 5274 769 5331 Sed
784 5272 1109 5347 gloriamur
1121 5271 1135 5325 i
1147 5287 1185 5325 n
1199 5270 1673 5327 afflictionibus.»
1695 5272 1859 5328 Unde
1881 5272 1948 5328 ﬁt
1961 5278 2027 5328 ut

373 5367 435 5423 in
449 5365 875 5422 afflictionibus
898 5360 1262 5435 gloriemur?
1279 5360 1426 5425 Quia
1440 5361 1821 5418 vehementer
1840 5364 2022 5419 Deum

378 5454 944 5524 amamus.Quisque
976 5451 1135 5507 enim
1167 5456 1398 5507 amator
1427 5450 1664 5523 gaudet,
1714 5469 1782 5507 ac
1810 5452 2023 5524 gloria-

376 5552 494 5613 tur,
526 5558 661 5599 cum
694 5561 797 5614 pro
830 5559 897 5599 eo
928 5557 1107 5614 quem
1138 5545 1319 5609 amat,
1352 5541 1593 5613 patitur.
1633 5542 1843 5598 Verum
1867 5542 2022 5599 unde

449 5698 493 5736 ⁸⁷
521 5696 667 5755 Ibid.
706 5698 791 5751 l3.

2129 4756 2298 4808 κάμεν
2332 4735 2578 4813 ἀγαθοῖς,
2620 4736 2768 4794 ἀλλᾶ
2821 4739 2909 4792 καὶ
2978 4737 3031 4793 ἐν
3092 4744 3212 4801 τοῖς
3270 4735 3772 4814 προσδοκωμένοις,

2132 4822 2208 4885 ὠς
2258 4820 2367 4893 ἤδη
2431 4827 2661 4896 παροῦσι
2719 4825 3072 4902 καυχὼμεθα.
3143 4828 3318 4881 Τοῦτο
3376 4826 3479 4904 γὰρ
3540 4824 3771 4886 πίστεως

2132 4908 2411 4988 ἀκριϐοῦς.
2464 4910 2657 4975 Καλῶς
2713 4909 2771 4968 δὲ
2824 4912 2983 4984 δόξης
3042 4914 3209 4971 εἶπεν.
3265 4913 3613 4970 Ἐκϐαινοντα
3669 4914 3779 4990 γάρ

2131 5002 2198 5057 τά
2254 4998 2707 5080 ἐπαγγελλόμενα
2743 5046 2756 5073 ,
2817 4999 3129 5076 δοξάζεσθαι
3181 5004 3272 5058 τὸν
3315 5001 3782 5081 ἐπαγγειλάμενον

2133 5097 2299 5148 ποειῖ.

2207 5275 2418 5348 [ΦΩΤ.]
2451 5296 2479 5326 ‹‹
2536 5269 2715 5329 Ἀ).λᾶ
2770 5271 3105 5347 καυχώμεθα
3164 5271 3217 5328 ἐν
3276 5278 3398 5336 ταῖς
3452 5272 3719 5347 θλίψεσιν.
3756 5297 3788 5326 ››

2139 5363 2304 5421 Ηόθεν
2350 5362 2687 5437 καυχώμεθα
2744 5360 2794 5416 ἐν
2861 5366 2980 5423 ταῖς
3032 5360 3327 5440 φλίψεσινς
3388 5364 3511 5421 Ὀτι
3573 5362 3785 5439 ἐρῶμεν

2138 5450 2343 5529 σφόδρα
2398 5455 2495 5508 τοῦ
2554 5455 2709 5505 Θεοῦ.
2772 5450 3042 5525 Ἐραστής
3091 5451 3197 5526 γὰρ
3255 5452 3396 5514 ἅπας
3454 5453 3637 5528 χαίρει
3691 5453 3787 5509 καὶ

2136 5540 2471 5616 σεμνόνεναι,
2499 5539 2658 5612 ἡνίκα
2683 5539 2884 5616 πάσχει
2918 5539 3050 5615 ὑπερ
3121 5539 3182 5594 οὗ
3225 5538 3337 5618 ἐρᾷ.
3398 5540 3573 5599 Ἀλλά
3611 5543 3778 5608 πόθεν
