  <div class='ocr_page' id='page_1' title='image "/cluster/home/n/w/nwhite01/storage/ocr_20150623/118/mdp.39015078384297/212.png"; bbox 0 0 4126 6256; ppageno 0'>
   <div class='ocr_carea' id='block_1_1' title="bbox 335 357 449 417">
    <p class='ocr_par' dir='ltr' id='par_1_1' title="bbox 335 357 449 417">
     <span class='ocr_line' id='line_1_1' title="bbox 335 357 449 417; baseline -0.009 0"><span class='ocrx_word' id='word_1_1' title='bbox 335 357 449 417; x_wconf 69' lang='grc'>409</span> 
     </span>
    </p>
   </div>
   <div class='ocr_carea' id='block_1_2' title="bbox 1471 347 2688 420">
    <p class='ocr_par' dir='ltr' id='par_1_2' title="bbox 1471 347 2688 420">
     <span class='ocr_line' id='line_1_2' title="bbox 1471 347 2688 420; baseline -0.006 0"><span class='ocrx_word' id='word_1_2' title='bbox 1471 355 1876 420; x_wconf 79' lang='lat' dir='ltr'>COMMENT.</span> <span class='ocrx_word' id='word_1_3' title='bbox 1924 351 2012 413; x_wconf 85' lang='lat' dir='ltr'>IN</span> <span class='ocrx_word' id='word_1_4' title='bbox 2057 347 2308 412; x_wconf 78' lang='lat' dir='ltr'>EPIST.</span> <span class='ocrx_word' id='word_1_5' title='bbox 2355 349 2458 409; x_wconf 85' lang='lat' dir='ltr'><strong>AD</strong></span> <span class='ocrx_word' id='word_1_6' title='bbox 2501 351 2688 413; x_wconf 82' lang='lat' dir='ltr'>ROM.</span> 
     </span>
    </p>
   </div>
   <div class='ocr_carea' id='block_1_3' title="bbox 3650 356 3770 416">
    <p class='ocr_par' dir='ltr' id='par_1_3' title="bbox 3650 356 3770 416">
     <span class='ocr_line' id='line_1_3' title="bbox 3650 356 3770 416; baseline 0.017 -2"><span class='ocrx_word' id='word_1_7' title='bbox 3650 356 3770 416; x_wconf 73' lang='lat' dir='ltr'>MO</span> 
     </span>
    </p>
   </div>
   <div class='ocr_carea' id='block_1_4' title="bbox 341 482 1995 570">
    <p class='ocr_par' dir='ltr' id='par_1_4' title="bbox 341 482 1995 570">
     <span class='ocr_line' id='line_1_4' title="bbox 341 482 1995 570; baseline -0.004 -24"><span class='ocrx_word' id='word_1_8' title='bbox 341 492 536 550; x_wconf 77' lang='grc' dir='ltr'>δθεῖος</span> <span class='ocrx_word' id='word_1_9' title='bbox 569 482 706 562; x_wconf 66' lang='grc' dir='ltr'>ἔρως</span> <span class='ocrx_word' id='word_1_10' title='bbox 739 488 970 553; x_wconf 83' lang='grc' dir='ltr'>ἐκεῖνος</span> <span class='ocrx_word' id='word_1_11' title='bbox 1020 491 1329 570; x_wconf 72' lang='grc' dir='ltr'>ἐκκέχυται,</span> <span class='ocrx_word' id='word_1_12' title='bbox 1387 489 1478 545; x_wconf 78' lang='grc' dir='ltr'>καὶ</span> <span class='ocrx_word' id='word_1_13' title='bbox 1536 487 1672 559; x_wconf 79' lang='grc' dir='ltr'>ὅλην</span> <span class='ocrx_word' id='word_1_14' title='bbox 1731 483 1995 559; x_wconf 71' lang='grc' dir='ltr'>ἐμπεριείι</span> 
     </span>
    </p>
   </div>
   <div class='ocr_carea' id='block_1_5' title="bbox 2107 482 3770 570">
    <p class='ocr_par' dir='ltr' id='par_1_5' title="bbox 2122 482 3770 560">
     <span class='ocr_line' id='line_1_5' title="bbox 2122 482 3770 560; baseline 0.005 -22"><span class='ocrx_word' id='word_1_15' title='bbox 2122 482 2355 541; x_wconf 86' lang='lat' dir='ltr'>diviuus</span> <span class='ocrx_word' id='word_1_16' title='bbox 2385 485 2482 540; x_wconf 90' lang='lat' dir='ltr'>hic</span> <span class='ocrx_word' id='word_1_17' title='bbox 2521 501 2690 542; x_wconf 88' lang='lat' dir='ltr'>amor</span> <span class='ocrx_word' id='word_1_18' title='bbox 2719 487 2942 543; x_wconf 84' lang='lat' dir='ltr'>effusus</span> <span class='ocrx_word' id='word_1_19' title='bbox 2973 493 3080 554; x_wconf 87' lang='lat' dir='ltr'>est,</span> <span class='ocrx_word' id='word_1_20' title='bbox 3114 492 3422 560; x_wconf 89' lang='lat' dir='ltr'>totumque</span> <span class='ocrx_word' id='word_1_21' title='bbox 3481 489 3542 544; x_wconf 90' lang='lat' dir='ltr'>in</span> <span class='ocrx_word' id='word_1_22' title='bbox 3576 507 3635 546; x_wconf 86' lang='lat' dir='ltr'>se</span> <span class='ocrx_word' id='word_1_23' title='bbox 3666 507 3770 547; x_wconf 90' lang='lat' dir='ltr'>cor</span> 
     </span>
    </p>
   </div>
   <div class='ocr_carea' id='block_1_6' title="bbox 352 575 2010 659">
    <p class='ocr_par' dir='ltr' id='par_1_6' title="bbox 352 575 2010 659">
     <span class='ocr_line' id='line_1_6' title="bbox 352 575 2010 659; baseline -0.004 -24"><span class='ocrx_word' id='word_1_24' title='bbox 352 579 489 659; x_wconf 63' lang='grc' dir='ltr'>ληφε</span> <span class='ocrx_word' id='word_1_25' title='bbox 517 580 612 646; x_wconf 64' lang='grc' dir='ltr'>τὴν</span> <span class='ocrx_word' id='word_1_26' title='bbox 641 581 813 652; x_wconf 70' lang='grc' dir='ltr'>ἡμῶν</span> <span class='ocrx_word' id='word_1_27' title='bbox 849 578 1089 654; x_wconf 85' lang='grc' dir='ltr'>καρδίαν</span> <span class='ocrx_word' id='word_1_28' title='bbox 1123 601 1134 650; x_wconf 88' lang='grc'><strong>;</strong></span> <span class='ocrx_word' id='word_1_29' title='bbox 1180 583 1271 637; x_wconf 85' lang='grc' dir='ltr'>Ἐκ</span> <span class='ocrx_word' id='word_1_30' title='bbox 1307 585 1402 635; x_wconf 75' lang='grc' dir='ltr'>τοῦ</span> <span class='ocrx_word' id='word_1_31' title='bbox 1441 577 1706 655; x_wconf 82' lang='grc' dir='ltr'>παναγίου</span> <span class='ocrx_word' id='word_1_32' title='bbox 1764 575 2010 646; x_wconf 75' lang='grc' dir='ltr'>Ιινεύμασ</span> 
     </span>
    </p>
   </div>
   <div class='ocr_carea' id='block_1_7' title="bbox 358 663 2011 744">
    <p class='ocr_par' dir='ltr' id='par_1_7' title="bbox 358 663 2011 744">
     <span class='ocr_line' id='line_1_7' title="bbox 358 663 2011 744; baseline -0.005 -18"><span class='ocrx_word' id='word_1_33' title='bbox 358 691 449 732; x_wconf 87' lang='grc' dir='ltr'>τος</span> <span class='ocrx_word' id='word_1_34' title='bbox 479 673 572 724; x_wconf 76' lang='grc' dir='ltr'>τοῦ</span> <span class='ocrx_word' id='word_1_35' title='bbox 604 666 864 730; x_wconf 86' lang='grc' dir='ltr'>δοθέντος</span> <span class='ocrx_word' id='word_1_36' title='bbox 898 671 1062 742; x_wconf 68' lang='grc' dir='ltr'>ἡμῖν’</span> <span class='ocrx_word' id='word_1_37' title='bbox 1128 668 1264 724; x_wconf 83' lang='grc' dir='ltr'>ὥστε</span> <span class='ocrx_word' id='word_1_38' title='bbox 1314 667 1442 725; x_wconf 81' lang='grc' dir='ltr'>’ὀλον</span> <span class='ocrx_word' id='word_1_39' title='bbox 1501 675 1602 737; x_wconf 78' lang='grc' dir='ltr'>τῆς</span> <span class='ocrx_word' id='word_1_40' title='bbox 1649 665 1848 721; x_wconf 76' lang='grc' dir='ltr'>ἄνωθεν</span> <span class='ocrx_word' id='word_1_41' title='bbox 1907 663 2011 744; x_wconf 79' lang='grc' dir='ltr'>χά-</span> 
     </span>
    </p>
   </div>
   <div class='ocr_carea' id='block_1_8' title="bbox 368 751 2012 834">
    <p class='ocr_par' dir='ltr' id='par_1_8' title="bbox 368 751 2012 834">
     <span class='ocr_line' id='line_1_8' title="bbox 368 751 2012 834; baseline -0.004 -20"><span class='ocrx_word' id='word_1_42' title='bbox 368 781 532 834; x_wconf 71' lang='grc' dir='ltr'>ριτος.</span> <span class='ocrx_word' id='word_1_43' title='bbox 561 757 734 816; x_wconf 73' lang='grc' dir='ltr'>Ἀλλὰ</span> <span class='ocrx_word' id='word_1_44' title='bbox 763 758 862 812; x_wconf 85' lang='grc' dir='ltr'>καὶ</span> <span class='ocrx_word' id='word_1_45' title='bbox 899 764 1288 834; x_wconf 76' lang='grc' dir='ltr'>χρεωστοῦμεν</span> <span class='ocrx_word' id='word_1_46' title='bbox 1323 759 1581 833; x_wconf 82' lang='grc' dir='ltr'>ὑπερερᾷν</span> <span class='ocrx_word' id='word_1_47' title='bbox 1617 755 1801 818; x_wconf 75' lang='grc' dir='ltr'>αὐτοῦ,</span> <span class='ocrx_word' id='word_1_48' title='bbox 1832 751 1928 807; x_wconf 79' lang='grc' dir='ltr'>κᾶν</span> <span class='ocrx_word' id='word_1_49' title='bbox 1959 773 2012 807; x_wconf 86' lang='grc' dir='ltr'>τι</span> 
     </span>
    </p>
   </div>
   <div class='ocr_carea' id='block_1_9' title="bbox 375 841 2009 928">
    <p class='ocr_par' dir='ltr' id='par_1_9' title="bbox 375 841 2009 928">
     <span class='ocr_line' id='line_1_9' title="bbox 375 841 2009 928; baseline -0.006 -22"><span class='ocrx_word' id='word_1_50' title='bbox 375 849 485 906; x_wconf 86' lang='grc' dir='ltr'>δέοι</span> <span class='ocrx_word' id='word_1_51' title='bbox 513 852 702 914; x_wconf 76' lang='grc' dir='ltr'>παθεῖν,</span> <span class='ocrx_word' id='word_1_52' title='bbox 740 851 819 920; x_wconf 76' lang='grc' dir='ltr'><strong>μή</strong></span> <span class='ocrx_word' id='word_1_53' title='bbox 858 849 1185 928; x_wconf 70' lang='grc' dir='ltr'>ἀφίστασθαι</span> <span class='ocrx_word' id='word_1_54' title='bbox 1227 853 1322 903; x_wconf 75' lang='grc' dir='ltr'>τοῦ</span> <span class='ocrx_word' id='word_1_55' title='bbox 1378 848 1516 923; x_wconf 82' lang='grc' dir='ltr'>πρὸς</span> <span class='ocrx_word' id='word_1_56' title='bbox 1573 845 1731 900; x_wconf 81' lang='grc' dir='ltr'>αὐτὸν</span> <span class='ocrx_word' id='word_1_57' title='bbox 1785 841 2009 917; x_wconf 80' lang='grc' dir='ltr'>ἔρωτος.</span> 
     </span>
    </p>
   </div>
   <div class='ocr_carea' id='block_1_10' title="bbox 380 931 2013 1010">
    <p class='ocr_par' dir='ltr' id='par_1_10' title="bbox 380 931 2013 1010">
     <span class='ocr_line' id='line_1_10' title="bbox 380 931 2013 1010; baseline -0.007 -15"><span class='ocrx_word' id='word_1_58' title='bbox 380 939 700 1006; x_wconf 56' lang='grc' dir='ltr'>Διατιςνοτι</span> <span class='ocrx_word' id='word_1_59' title='bbox 732 937 906 998; x_wconf 75' lang='grc' dir='ltr'>αὐτὸς</span> <span class='ocrx_word' id='word_1_60' title='bbox 953 940 1114 1009; x_wconf 75' lang='grc' dir='ltr'>ἡμῶν</span> <span class='ocrx_word' id='word_1_61' title='bbox 1169 938 1378 1006; x_wconf 59' lang='grc' dir='ltr'>ἠράσθη</span> <span class='ocrx_word' id='word_1_62' title='bbox 1437 939 1676 1010; x_wconf 71' lang='grc' dir='ltr'>’πρῶτος⁸</span> <span class='ocrx_word' id='word_1_63' title='bbox 1743 932 1832 987; x_wconf 82' lang='grc' dir='ltr'>καὶ</span> <span class='ocrx_word' id='word_1_64' title='bbox 1891 931 2013 986; x_wconf 74' lang='grc' dir='ltr'>τότε</span> 
     </span>
    </p>
   </div>
   <div class='ocr_carea' id='block_1_11' title="bbox 372 1019 2010 1102">
    <p class='ocr_par' dir='ltr' id='par_1_11' title="bbox 372 1019 2010 1102">
     <span class='ocr_line' id='line_1_11' title="bbox 372 1019 2010 1102; baseline -0.007 -17"><span class='ocrx_word' id='word_1_65' title='bbox 372 1031 528 1100; x_wconf 69' lang='grc' dir='ltr'>ἡμῶν</span> <span class='ocrx_word' id='word_1_66' title='bbox 588 1027 798 1102; x_wconf 72' lang='grc' dir='ltr'>ἐχθρῶν</span> <span class='ocrx_word' id='word_1_67' title='bbox 859 1028 954 1082; x_wconf 81' lang='grc' dir='ltr'>καὶ</span> <span class='ocrx_word' id='word_1_68' title='bbox 1011 1025 1298 1098; x_wconf 82' lang='grc' dir='ltr'>πολεμίων</span> <span class='ocrx_word' id='word_1_69' title='bbox 1385 1023 1767 1100; x_wconf 79' lang='grc' dir='ltr'>ὑπαρχόντων.</span> <span class='ocrx_word' id='word_1_70' title='bbox 1852 1019 2010 1081; x_wconf 78' lang='grc' dir='ltr'>Εἶδες</span> 
     </span>
    </p>
   </div>
   <div class='ocr_carea' id='block_1_12' title="bbox 371 1111 2012 1191">
    <p class='ocr_par' dir='ltr' id='par_1_12' title="bbox 371 1111 2012 1191">
     <span class='ocr_line' id='line_1_12' title="bbox 377 1111 2008 1140; baseline -0.004 -6"><span class='ocrx_word' id='word_1_71' title='bbox 377 1120 391 1137; x_wconf 69' lang='grc' dir='ltr'><em>ρ</em></span> <span class='ocrx_word' id='word_1_72' title='bbox 574 1115 590 1132; x_wconf 63' lang='grc' dir='ltr'>ς</span> <span class='ocrx_word' id='word_1_73' title='bbox 630 1120 642 1140; x_wconf 88' lang='lat'>,</span> <span class='ocrx_word' id='word_1_74' title='bbox 817 1114 874 1134; x_wconf 52' lang='grc' dir='ltr'><strong>γη</strong></span> <span class='ocrx_word' id='word_1_75' title='bbox 1052 1117 1063 1138; x_wconf 88' lang='lat'>,</span> <span class='ocrx_word' id='word_1_76' title='bbox 1265 1116 1278 1133; x_wconf 61' lang='grc' dir='ltr'><strong>ς</strong></span> <span class='ocrx_word' id='word_1_77' title='bbox 1422 1115 1432 1133; x_wconf 80' lang='lat'>.</span> <span class='ocrx_word' id='word_1_78' title='bbox 1724 1113 1736 1130; x_wconf 72' lang='grc' dir='ltr'><strong>ρ</strong></span> <span class='ocrx_word' id='word_1_79' title='bbox 1995 1111 2008 1128; x_wconf 63' lang='grc' dir='ltr'><strong>ε</strong></span> 
     </span>
     <span class='ocr_line' id='line_1_13' title="bbox 371 1113 2012 1191; baseline -0.005 -18"><span class='ocrx_word' id='word_1_80' title='bbox 371 1113 727 1191; x_wconf 60' lang='grc' dir='ltr'>υπερϐολτμς</span> <span class='ocrx_word' id='word_1_81' title='bbox 792 1136 936 1179; x_wconf 75' lang='grc' dir='ltr'>ειοες</span> <span class='ocrx_word' id='word_1_82' title='bbox 994 1138 1162 1172; x_wconf 84' lang='grc' dir='ltr'>ποσον</span> <span class='ocrx_word' id='word_1_83' title='bbox 1226 1137 1288 1173; x_wconf 91' lang='grc' dir='ltr'>το</span> <span class='ocrx_word' id='word_1_84' title='bbox 1338 1134 1501 1190; x_wconf 82' lang='grc' dir='ltr'>χρεος</span> <span class='ocrx_word' id='word_1_85' title='bbox 1554 1133 1568 1183; x_wconf 88' lang='grc'><strong>;</strong></span> <span class='ocrx_word' id='word_1_86' title='bbox 1629 1119 1862 1187; x_wconf 80' lang='grc' dir='ltr'>Προσοες</span> <span class='ocrx_word' id='word_1_87' title='bbox 1922 1132 2012 1165; x_wconf 85' lang='grc' dir='ltr'>και</span> 
     </span>
    </p>
   </div>
   <div class='ocr_carea' id='block_1_13' title="bbox 360 1199 2008 1281">
    <p class='ocr_par' dir='ltr' id='par_1_13' title="bbox 360 1199 2008 1281">
     <span class='ocr_line' id='line_1_14' title="bbox 360 1199 2008 1281; baseline -0.005 -19"><span class='ocrx_word' id='word_1_88' title='bbox 360 1209 422 1262; x_wconf 85' lang='grc' dir='ltr'>τὸ</span> <span class='ocrx_word' id='word_1_89' title='bbox 448 1207 526 1264; x_wconf 83' lang='grc' dir='ltr'>ἔτι</span> <span class='ocrx_word' id='word_1_90' title='bbox 562 1213 775 1281; x_wconf 78' lang='grc' dir='ltr'>μεῖζον,</span> <span class='ocrx_word' id='word_1_91' title='bbox 813 1207 912 1261; x_wconf 79' lang='grc' dir='ltr'>οὐκ</span> <span class='ocrx_word' id='word_1_92' title='bbox 941 1208 1153 1277; x_wconf 72' lang='grc' dir='ltr'>ἡοάσοη</span> <span class='ocrx_word' id='word_1_93' title='bbox 1192 1207 1376 1278; x_wconf 76' lang='grc' dir='ltr'>μόνον,</span> <span class='ocrx_word' id='word_1_94' title='bbox 1409 1203 1553 1260; x_wconf 82' lang='grc' dir='ltr'>ἀλλά</span> <span class='ocrx_word' id='word_1_95' title='bbox 1583 1204 1671 1258; x_wconf 84' lang='grc' dir='ltr'>καὶ</span> <span class='ocrx_word' id='word_1_96' title='bbox 1728 1199 2008 1273; x_wconf 80' lang='grc' dir='ltr'>ἡτιμάσοη</span> 
     </span>
    </p>
   </div>
   <div class='ocr_carea' id='block_1_14' title="bbox 360 1289 2008 1372">
    <p class='ocr_par' dir='ltr' id='par_1_14' title="bbox 360 1289 2008 1372">
     <span class='ocr_line' id='line_1_15' title="bbox 360 1289 2008 1372; baseline -0.005 -20"><span class='ocrx_word' id='word_1_97' title='bbox 360 1298 491 1372; x_wconf 71' lang='grc' dir='ltr'>ὑπὲρ</span> <span class='ocrx_word' id='word_1_98' title='bbox 524 1300 712 1368; x_wconf 76' lang='grc' dir='ltr'>ἡμῶν,</span> <span class='ocrx_word' id='word_1_99' title='bbox 745 1298 839 1352; x_wconf 77' lang='grc' dir='ltr'>καὶ</span> <span class='ocrx_word' id='word_1_100' title='bbox 882 1294 1210 1371; x_wconf 76' lang='grc' dir='ltr'>ἐρῥαπίσοη,</span> <span class='ocrx_word' id='word_1_101' title='bbox 1266 1297 1358 1349; x_wconf 84' lang='grc' dir='ltr'>καί</span> <span class='ocrx_word' id='word_1_102' title='bbox 1411 1293 1749 1368; x_wconf 72' lang='grc' dir='ltr'>ἐσταυρώθη,</span> <span class='ocrx_word' id='word_1_103' title='bbox 1807 1291 1897 1345; x_wconf 78' lang='grc' dir='ltr'>καὶ</span> <span class='ocrx_word' id='word_1_104' title='bbox 1957 1289 2008 1343; x_wconf 85' lang='grc' dir='ltr'>ἐν</span> 
     </span>
    </p>
   </div>
   <div class='ocr_carea' id='block_1_15' title="bbox 357 1379 2011 1462">
    <p class='ocr_par' dir='ltr' id='par_1_15' title="bbox 357 1379 2011 1462">
     <span class='ocr_line' id='line_1_16' title="bbox 357 1379 2011 1462; baseline -0.005 -21"><span class='ocrx_word' id='word_1_105' title='bbox 357 1392 570 1461; x_wconf 76' lang='grc' dir='ltr'>νεκροῖς</span> <span class='ocrx_word' id='word_1_106' title='bbox 603 1385 896 1462; x_wconf 77' lang='grc' dir='ltr'>ἐλογίσθη,</span> <span class='ocrx_word' id='word_1_107' title='bbox 928 1387 1018 1441; x_wconf 83' lang='grc' dir='ltr'>καὶ</span> <span class='ocrx_word' id='word_1_108' title='bbox 1050 1383 1139 1441; x_wconf 82' lang='grc' dir='ltr'>διὰ</span> <span class='ocrx_word' id='word_1_109' title='bbox 1167 1384 1376 1440; x_wconf 86' lang='grc' dir='ltr'>τούτων</span> <span class='ocrx_word' id='word_1_110' title='bbox 1424 1382 1692 1452; x_wconf 76' lang='grc' dir='ltr'>ἀπάντων,</span> <span class='ocrx_word' id='word_1_111' title='bbox 1751 1381 1840 1436; x_wconf 83' lang='grc' dir='ltr'>τὸν</span> <span class='ocrx_word' id='word_1_112' title='bbox 1886 1379 2011 1452; x_wconf 83' lang='grc' dir='ltr'>περὶ</span> 
     </span>
    </p>
   </div>
   <div class='ocr_carea' id='block_1_16' title="bbox 360 1467 2010 1550">
    <p class='ocr_par' dir='ltr' id='par_1_16' title="bbox 360 1467 2010 1550">
     <span class='ocr_line' id='line_1_17' title="bbox 360 1467 2010 1550; baseline -0.005 -19"><span class='ocrx_word' id='word_1_113' title='bbox 360 1480 504 1548; x_wconf 72' lang='grc' dir='ltr'>ἡμᾶς</span> <span class='ocrx_word' id='word_1_114' title='bbox 533 1477 711 1533; x_wconf 70' lang='grc' dir='ltr'>αὐτοῦ</span> <span class='ocrx_word' id='word_1_115' title='bbox 743 1479 1073 1550; x_wconf 69' lang='grc' dir='ltr'>παρέστησεν</span> <span class='ocrx_word' id='word_1_116' title='bbox 1109 1474 1306 1549; x_wconf 80' lang='grc' dir='ltr'>ἔρωτα.</span> <span class='ocrx_word' id='word_1_117' title='bbox 1365 1475 1430 1529; x_wconf 76' lang='grc' dir='ltr'>Ὠ</span> <span class='ocrx_word' id='word_1_118' title='bbox 1476 1469 1681 1549; x_wconf 75' lang='grc' dir='ltr'>ἔρωτος</span> <span class='ocrx_word' id='word_1_119' title='bbox 1739 1467 2010 1546; x_wconf 82' lang='grc' dir='ltr'>ἀγγέλους</span> 
     </span>
    </p>
   </div>
   <div class='ocr_carea' id='block_1_17' title="bbox 353 1560 2009 1639">
    <p class='ocr_par' dir='ltr' id='par_1_17' title="bbox 353 1560 2009 1639">
     <span class='ocr_line' id='line_1_18' title="bbox 353 1560 2009 1639; baseline -0.006 -18"><span class='ocrx_word' id='word_1_120' title='bbox 353 1564 830 1637; x_wconf 72' lang='grc' dir='ltr'>καταπλήξαντος,</span> <span class='ocrx_word' id='word_1_121' title='bbox 865 1565 1179 1639; x_wconf 71' lang='grc' dir='ltr'>ἀνθρώπους</span> <span class='ocrx_word' id='word_1_122' title='bbox 1239 1563 1318 1624; x_wconf 79' lang='grc' dir='ltr'>εἷς</span> <span class='ocrx_word' id='word_1_123' title='bbox 1377 1561 1636 1634; x_wconf 67' lang='grc' dir='ltr'>οὐρανοὺς</span> <span class='ocrx_word' id='word_1_124' title='bbox 1693 1560 2009 1634; x_wconf 80' lang='grc' dir='ltr'>ἀνυψώσαν·</span> 
     </span>
    </p>
   </div>
   <div class='ocr_carea' id='block_1_18' title="bbox 355 1645 2012 1730">
    <p class='ocr_par' dir='ltr' id='par_1_18' title="bbox 355 1645 2012 1730">
     <span class='ocr_line' id='line_1_19' title="bbox 355 1645 2012 1730; baseline -0.015 -9"><span class='ocrx_word' id='word_1_125' title='bbox 355 1677 466 1724; x_wconf 81' lang='grc' dir='ltr'>τος,</span> <span class='ocrx_word' id='word_1_126' title='bbox 521 1655 615 1711; x_wconf 72' lang='grc' dir='ltr'>καὶ</span> <span class='ocrx_word' id='word_1_127' title='bbox 680 1653 975 1728; x_wconf 78' lang='grc' dir='ltr'>διαιμόνων</span> <span class='ocrx_word' id='word_1_128' title='bbox 1032 1651 1319 1730; x_wconf 72' lang='grc' dir='ltr'>τυραννίδα</span> <span class='ocrx_word' id='word_1_129' title='bbox 1370 1650 1852 1727; x_wconf 75' lang='grc' dir='ltr'>καταργήσαντοςί</span> <span class='ocrx_word' id='word_1_130' title='bbox 1914 1645 2012 1711; x_wconf 83' lang='grc' dir='ltr'>Τίς</span> 
     </span>
    </p>
   </div>
   <div class='ocr_carea' id='block_1_19' title="bbox 358 1739 2008 1822">
    <p class='ocr_par' dir='ltr' id='par_1_19' title="bbox 358 1739 2008 1822">
     <span class='ocr_line' id='line_1_20' title="bbox 358 1739 2008 1822; baseline -0.006 -22"><span class='ocrx_word' id='word_1_131' title='bbox 358 1745 592 1821; x_wconf 67' lang='grc' dir='ltr'>ἐραστὴν</span> <span class='ocrx_word' id='word_1_132' title='bbox 627 1749 880 1802; x_wconf 70' lang='grc' dir='ltr'>τοιοῦτον</span> <span class='ocrx_word' id='word_1_133' title='bbox 916 1743 982 1798; x_wconf 78' lang='grc' dir='ltr'>οὐ</span> <span class='ocrx_word' id='word_1_134' title='bbox 1014 1741 1166 1822; x_wconf 72' lang='grc' dir='ltr'>φιλεῖ</span> <span class='ocrx_word' id='word_1_135' title='bbox 1193 1763 1206 1810; x_wconf 90' lang='grc'>;</span> <span class='ocrx_word' id='word_1_136' title='bbox 1245 1741 1458 1818; x_wconf 61' lang='grc' dir='ltr'>μᾶλλον</span> <span class='ocrx_word' id='word_1_137' title='bbox 1489 1739 1546 1796; x_wconf 69' lang='grc' dir='ltr'>δὲ</span> <span class='ocrx_word' id='word_1_138' title='bbox 1575 1741 1766 1802; x_wconf 84' lang='grc' dir='ltr'>τίς-τι</span> <span class='ocrx_word' id='word_1_139' title='bbox 1803 1739 2008 1811; x_wconf 79' lang='grc' dir='ltr'>πράξας</span> 
     </span>
    </p>
   </div>
   <div class='ocr_carea' id='block_1_20' title="bbox 2121 576 3765 652">
    <p class='ocr_par' dir='ltr' id='par_1_20' title="bbox 2121 576 3765 652">
     <span class='ocr_line' id='line_1_21' title="bbox 2121 576 3765 652; baseline 0.005 -24"><span class='ocrx_word' id='word_1_140' title='bbox 2121 578 2389 630; x_wconf 89' lang='lat' dir='ltr'>nostrum</span> <span class='ocrx_word' id='word_1_141' title='bbox 2421 576 2970 649; x_wconf 89' lang='lat' dir='ltr'>circumassumpsit</span> <span class='ocrx_word' id='word_1_142' title='bbox 2993 578 3019 631; x_wconf 72' lang='grc' dir='ltr'>’ἲ</span> <span class='ocrx_word' id='word_1_143' title='bbox 3049 580 3128 633; x_wconf 76' lang='lat' dir='ltr'>Ex</span> <span class='ocrx_word' id='word_1_144' title='bbox 3161 578 3382 650; x_wconf 90' lang='lat' dir='ltr'>Spiritu</span> <span class='ocrx_word' id='word_1_145' title='bbox 3413 585 3615 635; x_wconf 84' lang='lat' dir='ltr'>sancto</span> <span class='ocrx_word' id='word_1_146' title='bbox 3665 583 3765 652; x_wconf 88' lang='lat' dir='ltr'>qui</span> 
     </span>
    </p>
   </div>
   <div class='ocr_carea' id='block_1_21' title="bbox 2125 663 3763 740">
    <p class='ocr_par' dir='ltr' id='par_1_21' title="bbox 2125 663 3763 740">
     <span class='ocr_line' id='line_1_22' title="bbox 2125 663 3763 740; baseline 0.005 -23"><span class='ocrx_word' id='word_1_147' title='bbox 2125 663 2296 720; x_wconf 80' lang='lat' dir='ltr'>datus</span> <span class='ocrx_word' id='word_1_148' title='bbox 2323 671 2414 720; x_wconf 83' lang='lat' dir='ltr'>est</span> <span class='ocrx_word' id='word_1_149' title='bbox 2435 666 2636 733; x_wconf 88' lang='lat' dir='ltr'>nobis;</span> <span class='ocrx_word' id='word_1_150' title='bbox 2674 673 2858 724; x_wconf 89' lang='lat' dir='ltr'>totum</span> <span class='ocrx_word' id='word_1_151' title='bbox 2894 669 3093 738; x_wconf 81' lang='lat' dir='ltr'>itaque</span> <span class='ocrx_word' id='word_1_152' title='bbox 3127 685 3397 739; x_wconf 72' lang='lat' dir='ltr'>superum</span> <span class='ocrx_word' id='word_1_153' title='bbox 3427 671 3628 740; x_wconf 71' lang='lat' dir='ltr'>gratim</span> <span class='ocrx_word' id='word_1_154' title='bbox 3656 676 3763 726; x_wconf 89' lang='lat' dir='ltr'>est.</span> 
     </span>
    </p>
   </div>
   <div class='ocr_carea' id='block_1_22' title="bbox 2123 754 3770 830">
    <p class='ocr_par' dir='ltr' id='par_1_22' title="bbox 2123 754 3770 830">
     <span class='ocr_line' id='line_1_23' title="bbox 2123 754 3770 830; baseline 0.004 -22"><span class='ocrx_word' id='word_1_155' title='bbox 2123 754 2234 808; x_wconf 88' lang='lat' dir='ltr'>Sed</span> <span class='ocrx_word' id='word_1_156' title='bbox 2265 761 2323 809; x_wconf 91' lang='lat' dir='ltr'>et</span> <span class='ocrx_word' id='word_1_157' title='bbox 2351 754 2648 811; x_wconf 84' lang='lat' dir='ltr'>debitores</span> <span class='ocrx_word' id='word_1_158' title='bbox 2679 773 2884 812; x_wconf 90' lang='lat' dir='ltr'>sumus</span> <span class='ocrx_word' id='word_1_159' title='bbox 2914 763 2979 811; x_wconf 91' lang='lat' dir='ltr'>ut</span> <span class='ocrx_word' id='word_1_160' title='bbox 3007 773 3142 813; x_wconf 90' lang='lat' dir='ltr'>eum</span> <span class='ocrx_word' id='word_1_161' title='bbox 3175 774 3353 830; x_wconf 85' lang='lat' dir='ltr'>supra</span> <span class='ocrx_word' id='word_1_162' title='bbox 3373 765 3586 814; x_wconf 75' lang='lat' dir='ltr'>cmtera</span> <span class='ocrx_word' id='word_1_163' title='bbox 3606 776 3770 815; x_wconf 88' lang='lat' dir='ltr'>ame-</span> 
     </span>
    </p>
   </div>
   <div class='ocr_carea' id='block_1_23' title="bbox 2123 846 3764 921">
    <p class='ocr_par' dir='ltr' id='par_1_23' title="bbox 2123 846 3764 921">
     <span class='ocr_line' id='line_1_24' title="bbox 2123 846 3764 921; baseline 0.005 -23"><span class='ocrx_word' id='word_1_164' title='bbox 2123 861 2276 908; x_wconf 87' lang='lat' dir='ltr'>mus,</span> <span class='ocrx_word' id='word_1_165' title='bbox 2312 851 2370 899; x_wconf 92' lang='lat' dir='ltr'>et</span> <span class='ocrx_word' id='word_1_166' title='bbox 2401 846 2448 899; x_wconf 90' lang='lat' dir='ltr'>si</span> <span class='ocrx_word' id='word_1_167' title='bbox 2481 847 2805 918; x_wconf 84' lang='lat' dir='ltr'>quidquam</span> <span class='ocrx_word' id='word_1_168' title='bbox 2838 847 2957 918; x_wconf 89' lang='lat' dir='ltr'>pati</span> <span class='ocrx_word' id='word_1_169' title='bbox 2989 853 3276 920; x_wconf 73' lang='lat' dir='ltr'>oporteat,</span> <span class='ocrx_word' id='word_1_170' title='bbox 3311 848 3383 904; x_wconf 86' lang='lat' dir='ltr'>ab</span> <span class='ocrx_word' id='word_1_171' title='bbox 3409 864 3610 904; x_wconf 90' lang='lat' dir='ltr'>amore</span> <span class='ocrx_word' id='word_1_172' title='bbox 3634 851 3764 921; x_wconf 85' lang='lat' dir='ltr'>ejus</span> 
     </span>
    </p>
   </div>
   <div class='ocr_carea' id='block_1_24' title="bbox 2122 935 3764 1013">
    <p class='ocr_par' dir='ltr' id='par_1_24' title="bbox 2122 935 3764 1013">
     <span class='ocr_line' id='line_1_25' title="bbox 2122 935 3764 1013; baseline 0.005 -24"><span class='ocrx_word' id='word_1_173' title='bbox 2122 950 2500 1007; x_wconf 85' lang='lat' dir='ltr'>nequaquam</span> <span class='ocrx_word' id='word_1_174' title='bbox 2533 935 2928 992; x_wconf 86' lang='lat' dir='ltr'>discedamus.</span> <span class='ocrx_word' id='word_1_175' title='bbox 2965 937 3402 1002; x_wconf 84' lang='lat' dir='ltr'>Quamobrem?</span> <span class='ocrx_word' id='word_1_176' title='bbox 3453 939 3601 1005; x_wconf 85' lang='lat' dir='ltr'>Quia</span> <span class='ocrx_word' id='word_1_177' title='bbox 3640 941 3764 1013; x_wconf 88' lang='lat' dir='ltr'>ipse</span> 
     </span>
    </p>
   </div>
   <div class='ocr_carea' id='block_1_25' title="bbox 2122 1025 3763 1099">
    <p class='ocr_par' dir='ltr' id='par_1_25' title="bbox 2122 1025 3763 1099">
     <span class='ocr_line' id='line_1_26' title="bbox 2122 1025 3763 1099; baseline 0.005 -22"><span class='ocrx_word' id='word_1_178' title='bbox 2122 1025 2286 1095; x_wconf 92' lang='lat' dir='ltr'>prior</span> <span class='ocrx_word' id='word_1_179' title='bbox 2314 1041 2422 1079; x_wconf 90' lang='lat' dir='ltr'>nos</span> <span class='ocrx_word' id='word_1_180' title='bbox 2453 1042 2654 1081; x_wconf 90' lang='lat' dir='ltr'>amore</span> <span class='ocrx_word' id='word_1_181' title='bbox 2685 1036 3034 1099; x_wconf 84' lang='lat' dir='ltr'>prosecutus</span> <span class='ocrx_word' id='word_1_182' title='bbox 3065 1033 3175 1090; x_wconf 87' lang='lat' dir='ltr'>est,</span> <span class='ocrx_word' id='word_1_183' title='bbox 3209 1028 3387 1099; x_wconf 89' lang='lat' dir='ltr'>idque</span> <span class='ocrx_word' id='word_1_184' title='bbox 3439 1034 3581 1084; x_wconf 89' lang='lat' dir='ltr'>tunc</span> <span class='ocrx_word' id='word_1_185' title='bbox 3629 1047 3763 1086; x_wconf 90' lang='lat' dir='ltr'>cum</span> 
     </span>
    </p>
   </div>
   <div class='ocr_carea' id='block_1_26' title="bbox 2122 1116 3761 1194">
    <p class='ocr_par' dir='ltr' id='par_1_26' title="bbox 2122 1116 3761 1194">
     <span class='ocr_line' id='line_1_27' title="bbox 2122 1116 3761 1194; baseline 0.004 -25"><span class='ocrx_word' id='word_1_186' title='bbox 2122 1116 2350 1171; x_wconf 88' lang='lat' dir='ltr'>inimici</span> <span class='ocrx_word' id='word_1_187' title='bbox 2382 1133 2449 1171; x_wconf 90' lang='lat' dir='ltr'>ac</span> <span class='ocrx_word' id='word_1_188' title='bbox 2479 1116 2680 1172; x_wconf 85' lang='lat' dir='ltr'>hostes</span> <span class='ocrx_word' id='word_1_189' title='bbox 2711 1134 2996 1175; x_wconf 84' lang='lat' dir='ltr'>essemus.</span> <span class='ocrx_word' id='word_1_190' title='bbox 3034 1117 3240 1174; x_wconf 81' lang='lat' dir='ltr'>Viden’</span> <span class='ocrx_word' id='word_1_191' title='bbox 3270 1119 3491 1174; x_wconf 85' lang='lat' dir='ltr'>amoris</span> <span class='ocrx_word' id='word_1_192' title='bbox 3530 1123 3761 1194; x_wconf 80' lang='lat' dir='ltr'>magni-</span> 
     </span>
    </p>
   </div>
   <div class='ocr_carea' id='block_1_27' title="bbox 2122 1206 3766 1279">
    <p class='ocr_par' dir='ltr' id='par_1_27' title="bbox 2122 1206 3766 1279">
     <span class='ocr_line' id='line_1_28' title="bbox 2122 1206 3766 1279; baseline 0.004 -19"><span class='ocrx_word' id='word_1_193' title='bbox 2122 1206 2389 1262; x_wconf 83' lang='lat' dir='ltr'>tudinem</span> <span class='ocrx_word' id='word_1_194' title='bbox 2419 1207 2446 1261; x_wconf 82' lang='lat'><strong>?</strong></span> <span class='ocrx_word' id='word_1_195' title='bbox 2477 1208 2680 1263; x_wconf 87' lang='lat' dir='ltr'>Viden’</span> <span class='ocrx_word' id='word_1_196' title='bbox 2732 1215 3018 1279; x_wconf 88' lang='lat' dir='ltr'>quantum</span> <span class='ocrx_word' id='word_1_197' title='bbox 3073 1213 3544 1268; x_wconf 85' lang='lat' dir='ltr'>contraxerimus</span> <span class='ocrx_word' id='word_1_198' title='bbox 3601 1212 3766 1267; x_wconf 90' lang='lat' dir='ltr'>debi-</span> 
     </span>
    </p>
   </div>
   <div class='ocr_carea' id='block_1_28' title="bbox 2121 1296 3764 1369">
    <p class='ocr_par' dir='ltr' id='par_1_28' title="bbox 2121 1296 3764 1369">
     <span class='ocr_line' id='line_1_29' title="bbox 2121 1296 3764 1369; baseline 0.004 -19"><span class='ocrx_word' id='word_1_199' title='bbox 2121 1301 2247 1351; x_wconf 91' lang='lat' dir='ltr'>tum</span> <span class='ocrx_word' id='word_1_200' title='bbox 2277 1296 2305 1350; x_wconf 86' lang='lat'><strong>?</strong></span> <span class='ocrx_word' id='word_1_201' title='bbox 2335 1297 2497 1351; x_wconf 78' lang='lat' dir='ltr'>Adde</span> <span class='ocrx_word' id='word_1_202' title='bbox 2529 1299 2686 1368; x_wconf 92' lang='lat' dir='ltr'>quod</span> <span class='ocrx_word' id='word_1_203' title='bbox 2735 1300 2913 1354; x_wconf 88' lang='lat' dir='ltr'>etiam</span> <span class='ocrx_word' id='word_1_204' title='bbox 2963 1300 3158 1369; x_wconf 84' lang='lat' dir='ltr'>majus</span> <span class='ocrx_word' id='word_1_205' title='bbox 3219 1305 3324 1356; x_wconf 89' lang='lat' dir='ltr'>est.</span> <span class='ocrx_word' id='word_1_206' title='bbox 3391 1301 3515 1356; x_wconf 81' lang='lat' dir='ltr'>Non</span> <span class='ocrx_word' id='word_1_207' title='bbox 3572 1301 3764 1357; x_wconf 90' lang='lat' dir='ltr'>solum</span> 
     </span>
    </p>
   </div>
   <div class='ocr_carea' id='block_1_29' title="bbox 2122 1389 3761 1462">
    <p class='ocr_par' dir='ltr' id='par_1_29' title="bbox 2122 1389 3761 1462">
     <span class='ocr_line' id='line_1_30' title="bbox 2122 1389 3761 1462; baseline 0.004 -21"><span class='ocrx_word' id='word_1_208' title='bbox 2122 1403 2321 1442; x_wconf 89' lang='lat' dir='ltr'>amore</span> <span class='ocrx_word' id='word_1_209' title='bbox 2354 1389 2542 1442; x_wconf 83' lang='lat' dir='ltr'>nostri</span> <span class='ocrx_word' id='word_1_210' title='bbox 2574 1393 2779 1461; x_wconf 86' lang='lat' dir='ltr'>captus</span> <span class='ocrx_word' id='word_1_211' title='bbox 2811 1396 2920 1457; x_wconf 91' lang='lat' dir='ltr'>est,</span> <span class='ocrx_word' id='word_1_212' title='bbox 2958 1407 3159 1447; x_wconf 82' lang='lat' dir='ltr'>verum</span> <span class='ocrx_word' id='word_1_213' title='bbox 3208 1392 3385 1446; x_wconf 86' lang='lat' dir='ltr'>etiam</span> <span class='ocrx_word' id='word_1_214' title='bbox 3435 1409 3540 1462; x_wconf 92' lang='lat' dir='ltr'>pro</span> <span class='ocrx_word' id='word_1_215' title='bbox 3589 1391 3761 1448; x_wconf 89' lang='lat' dir='ltr'>nobis</span> 
     </span>
    </p>
   </div>
   <div class='ocr_carea' id='block_1_30' title="bbox 2121 1477 3757 1552">
    <p class='ocr_par' dir='ltr' id='par_1_30' title="bbox 2121 1477 3757 1552">
     <span class='ocr_line' id='line_1_31' title="bbox 2121 1477 3757 1552; baseline 0.002 -21"><span class='ocrx_word' id='word_1_216' title='bbox 2121 1477 2508 1548; x_wconf 82' lang='lat' dir='ltr'>ignominiam</span> <span class='ocrx_word' id='word_1_217' title='bbox 2538 1495 2768 1550; x_wconf 88' lang='lat' dir='ltr'>passus,</span> <span class='ocrx_word' id='word_1_218' title='bbox 2801 1481 2988 1552; x_wconf 83' lang='lat' dir='ltr'>alapis</span> <span class='ocrx_word' id='word_1_219' title='bbox 3011 1498 3198 1536; x_wconf 62' lang='lat' dir='ltr'>caesus</span> <span class='ocrx_word' id='word_1_220' title='bbox 3221 1497 3288 1536; x_wconf 90' lang='lat' dir='ltr'>ac</span> <span class='ocrx_word' id='word_1_221' title='bbox 3308 1481 3625 1538; x_wconf 82' lang='lat' dir='ltr'>cruciﬁxus</span> <span class='ocrx_word' id='word_1_222' title='bbox 3648 1488 3757 1548; x_wconf 89' lang='lat' dir='ltr'>est,</span> 
     </span>
    </p>
   </div>
   <div class='ocr_carea' id='block_1_31' title="bbox 2119 1565 3760 1640">
    <p class='ocr_par' dir='ltr' id='par_1_31' title="bbox 2119 1565 3760 1640">
     <span class='ocr_line' id='line_1_32' title="bbox 2119 1565 3760 1640; baseline 0.003 -20"><span class='ocrx_word' id='word_1_223' title='bbox 2119 1565 2392 1637; x_wconf 89' lang='lat' dir='ltr'>interque</span> <span class='ocrx_word' id='word_1_224' title='bbox 2423 1573 2688 1623; x_wconf 90' lang='lat' dir='ltr'>mortuos</span> <span class='ocrx_word' id='word_1_225' title='bbox 2718 1575 3024 1640; x_wconf 85' lang='lat' dir='ltr'>reputatus</span> <span class='ocrx_word' id='word_1_226' title='bbox 3050 1587 3061 1623; x_wconf 94' lang='lat'>:</span> <span class='ocrx_word' id='word_1_227' title='bbox 3095 1575 3154 1625; x_wconf 91' lang='lat' dir='ltr'>et</span> <span class='ocrx_word' id='word_1_228' title='bbox 3184 1571 3274 1625; x_wconf 91' lang='lat' dir='ltr'>his</span> <span class='ocrx_word' id='word_1_229' title='bbox 3297 1570 3574 1625; x_wconf 90' lang='lat' dir='ltr'>omnibus</span> <span class='ocrx_word' id='word_1_230' title='bbox 3596 1587 3760 1625; x_wconf 83' lang='lat' dir='ltr'>amo-</span> 
     </span>
    </p>
   </div>
   <div class='ocr_carea' id='block_1_32' title="bbox 2118 1658 3757 1728">
    <p class='ocr_par' dir='ltr' id='par_1_32' title="bbox 2118 1658 3757 1728">
     <span class='ocr_line' id='line_1_33' title="bbox 2118 1658 3757 1728; baseline 0.002 -15"><span class='ocrx_word' id='word_1_231' title='bbox 2118 1674 2265 1716; x_wconf 81' lang='lat' dir='ltr'>rem,</span> <span class='ocrx_word' id='word_1_232' title='bbox 2322 1673 2497 1728; x_wconf 90' lang='lat' dir='ltr'>quem</span> <span class='ocrx_word' id='word_1_233' title='bbox 2557 1673 2694 1726; x_wconf 76' lang='lat' dir='ltr'>erga</span> <span class='ocrx_word' id='word_1_234' title='bbox 2749 1674 2858 1712; x_wconf 91' lang='lat' dir='ltr'>nos</span> <span class='ocrx_word' id='word_1_235' title='bbox 2915 1658 3190 1723; x_wconf 81' lang='lat' dir='ltr'>habebat,</span> <span class='ocrx_word' id='word_1_236' title='bbox 3240 1659 3680 1715; x_wconf 80' lang='lat' dir='ltr'>demonstravit.</span> <span class='ocrx_word' id='word_1_237' title='bbox 3715 1661 3757 1716; x_wconf 95' lang='grc' dir='ltr'>Ο</span> 
     </span>
    </p>
   </div>
   <div class='ocr_carea' id='block_1_33' title="bbox 2120 1748 3758 1821">
    <p class='ocr_par' dir='ltr' id='par_1_33' title="bbox 2120 1748 3758 1821">
     <span class='ocr_line' id='line_1_34' title="bbox 2120 1748 3758 1821; baseline 0 -19"><span class='ocrx_word' id='word_1_238' title='bbox 2120 1763 2406 1811; x_wconf 89' lang='lat' dir='ltr'>amorem,</span> <span class='ocrx_word' id='word_1_239' title='bbox 2439 1748 2539 1818; x_wconf 90' lang='lat' dir='ltr'>qui</span> <span class='ocrx_word' id='word_1_240' title='bbox 2570 1753 2628 1802; x_wconf 88' lang='lat' dir='ltr'>et</span> <span class='ocrx_word' id='word_1_241' title='bbox 2656 1750 2896 1821; x_wconf 77' lang='lat' dir='ltr'>angelos</span> <span class='ocrx_word' id='word_1_242' title='bbox 2936 1749 2997 1802; x_wconf 92' lang='lat' dir='ltr'>in</span> <span class='ocrx_word' id='word_1_243' title='bbox 3066 1755 3369 1820; x_wconf 84' lang='lat' dir='ltr'>stuporem</span> <span class='ocrx_word' id='word_1_244' title='bbox 3426 1749 3758 1805; x_wconf 87' lang='lat' dir='ltr'>adduxerit.</span> 
     </span>
    </p>
   </div>
   <div class='ocr_carea' id='block_1_34' title="bbox 360 1824 1995 1925">
    <p class='ocr_par' dir='ltr' id='par_1_34' title="bbox 360 1824 1995 1907">
     <span class='ocr_line' id='line_1_35' title="bbox 360 1824 1995 1907; baseline -0.005 -18"><span class='ocrx_word' id='word_1_245' title='bbox 360 1837 509 1905; x_wconf 67' lang='grc' dir='ltr'>ἀξιον</span> <span class='ocrx_word' id='word_1_246' title='bbox 572 1839 672 1891; x_wconf 78' lang='grc' dir='ltr'>τοῦ</span> <span class='ocrx_word' id='word_1_247' title='bbox 733 1833 1071 1904; x_wconf 72' lang='grc' dir='ltr'>τηλικούτου</span> <span class='ocrx_word' id='word_1_248' title='bbox 1154 1831 1356 1907; x_wconf 79' lang='grc' dir='ltr'>ἔρωτος</span> <span class='ocrx_word' id='word_1_249' title='bbox 1439 1829 1760 1898; x_wconf 85' lang='grc' dir='ltr'>ἐπιτελέσει,</span> <span class='ocrx_word' id='word_1_250' title='bbox 1816 1826 1852 1896; x_wconf 80' lang='grc' dir='ltr'>ἤ</span> <span class='ocrx_word' id='word_1_251' title='bbox 1909 1824 1995 1882; x_wconf 56' lang='grc' dir='ltr'>κάκ</span> 
     </span>
    </p>
   </div>
   <div class='ocr_carea' id='block_1_35' title="bbox 2107 1824 3759 1925">
    <p class='ocr_par' dir='ltr' id='par_1_35' title="bbox 2120 1837 3759 1909">
     <span class='ocr_line' id='line_1_36' title="bbox 2120 1837 3759 1909; baseline -0.001 -15"><span class='ocrx_word' id='word_1_252' title='bbox 2120 1845 2179 1894; x_wconf 92' lang='lat' dir='ltr'>et</span> <span class='ocrx_word' id='word_1_253' title='bbox 2208 1837 2510 1893; x_wconf 88' lang='lat' dir='ltr'>hominem</span> <span class='ocrx_word' id='word_1_254' title='bbox 2544 1839 2604 1893; x_wconf 88' lang='lat' dir='ltr'>in</span> <span class='ocrx_word' id='word_1_255' title='bbox 2637 1839 2815 1893; x_wconf 82' lang='lat' dir='ltr'>ccelos</span> <span class='ocrx_word' id='word_1_256' title='bbox 2848 1838 3255 1901; x_wconf 79' lang='lat' dir='ltr'>sublevaverit,</span> <span class='ocrx_word' id='word_1_257' title='bbox 3291 1838 3625 1894; x_wconf 68' lang='lat' dir='ltr'>daamonum</span> <span class='ocrx_word' id='word_1_258' title='bbox 3666 1843 3759 1909; x_wconf 83' lang='lat' dir='ltr'>ty—</span> 
     </span>
    </p>
   </div>
   <div class='ocr_carea' id='block_1_36' title="bbox 361 1917 2008 2001">
    <p class='ocr_par' dir='ltr' id='par_1_36' title="bbox 361 1917 2008 2001">
     <span class='ocr_line' id='line_1_37' title="bbox 361 1917 2008 2001; baseline -0.005 -23"><span class='ocrx_word' id='word_1_259' title='bbox 361 1926 544 2001; x_wconf 71' lang='grc' dir='ltr'>βραχὺ</span> <span class='ocrx_word' id='word_1_260' title='bbox 575 1929 707 1999; x_wconf 70' lang='grc' dir='ltr'>γοῦν</span> <span class='ocrx_word' id='word_1_261' title='bbox 734 1929 833 1980; x_wconf 76' lang='grc' dir='ltr'>τοῦ</span> <span class='ocrx_word' id='word_1_262' title='bbox 865 1922 1060 1999; x_wconf 80' lang='grc' dir='ltr'>χρέους</span> <span class='ocrx_word' id='word_1_263' title='bbox 1089 1922 1334 1978; x_wconf 73' lang='grc' dir='ltr'>ἀποτίσει</span> <span class='ocrx_word' id='word_1_264' title='bbox 1360 1940 1374 1989; x_wconf 85' lang='lat'><strong>;</strong></span> <span class='ocrx_word' id='word_1_265' title='bbox 1432 1919 1542 1978; x_wconf 68' lang='grc' dir='ltr'>Κάν</span> <span class='ocrx_word' id='word_1_266' title='bbox 1599 1919 1701 1996; x_wconf 68' lang='grc' dir='ltr'>γὰρ</span> <span class='ocrx_word' id='word_1_267' title='bbox 1755 1917 2008 1990; x_wconf 76' lang='grc' dir='ltr'>μυριάκις</span> 
     </span>
    </p>
   </div>
   <div class='ocr_carea' id='block_1_37' title="bbox 353 2006 2004 2087">
    <p class='ocr_par' dir='ltr' id='par_1_37' title="bbox 353 2006 2004 2087">
     <span class='ocr_line' id='line_1_38' title="bbox 353 2006 2004 2087; baseline -0.005 -19"><span class='ocrx_word' id='word_1_268' title='bbox 353 2014 647 2082; x_wconf 64' lang='grc' dir='ltr'>ἀποθάνοι,</span> <span class='ocrx_word' id='word_1_269' title='bbox 684 2012 745 2068; x_wconf 78' lang='grc' dir='ltr'>οὐ</span> <span class='ocrx_word' id='word_1_270' title='bbox 781 2014 916 2087; x_wconf 85' lang='grc' dir='ltr'>μέγα</span> <span class='ocrx_word' id='word_1_271' title='bbox 939 2012 1264 2087; x_wconf 70' lang='grc' dir='ltr'>εῗσήνεγκεν.</span> <span class='ocrx_word' id='word_1_272' title='bbox 1324 2009 1480 2084; x_wconf 75' lang='grc' dir='ltr'>’Υπὲρ</span> <span class='ocrx_word' id='word_1_273' title='bbox 1538 2010 1641 2084; x_wconf 78' lang='grc' dir='ltr'>γὰρ</span> <span class='ocrx_word' id='word_1_274' title='bbox 1699 2006 2004 2083; x_wconf 83' lang='grc' dir='ltr'>εὐεργέτου,</span> 
     </span>
    </p>
   </div>
   <div class='ocr_carea' id='block_1_38' title="bbox 353 2095 2000 2182">
    <p class='ocr_par' dir='ltr' id='par_1_38' title="bbox 353 2095 2000 2182">
     <span class='ocr_line' id='line_1_39' title="bbox 353 2095 2000 2182; baseline -0.006 -23"><span class='ocrx_word' id='word_1_275' title='bbox 353 2105 485 2180; x_wconf 73' lang='grc' dir='ltr'>ὑπὲρ</span> <span class='ocrx_word' id='word_1_276' title='bbox 518 2104 775 2177; x_wconf 72' lang='grc' dir='ltr'>ἐραστοῦ,</span> <span class='ocrx_word' id='word_1_277' title='bbox 803 2101 931 2159; x_wconf 83' lang='grc' dir='ltr'>ἀλλ’</span> <span class='ocrx_word' id='word_1_278' title='bbox 964 2103 1070 2182; x_wconf 73' lang='grc' dir='ltr'>οὐχ</span> <span class='ocrx_word' id='word_1_279' title='bbox 1121 2102 1255 2177; x_wconf 72' lang='grc' dir='ltr'>ὑπὲρ</span> <span class='ocrx_word' id='word_1_280' title='bbox 1313 2100 1524 2175; x_wconf 80' lang='grc' dir='ltr'>ἐχθρῶν</span> <span class='ocrx_word' id='word_1_281' title='bbox 1574 2099 1663 2155; x_wconf 74' lang='grc' dir='ltr'>καὶ</span> <span class='ocrx_word' id='word_1_282' title='bbox 1717 2095 2000 2169; x_wconf 85' lang='grc' dir='ltr'>πολεμίων</span> 
     </span>
    </p>
   </div>
   <div class='ocr_carea' id='block_1_39' title="bbox 350 2188 2003 2267">
    <p class='ocr_par' dir='ltr' id='par_1_39' title="bbox 350 2188 2003 2267">
     <span class='ocr_line' id='line_1_40' title="bbox 350 2188 2003 2267; baseline -0.006 -17"><span class='ocrx_word' id='word_1_283' title='bbox 350 2197 425 2258; x_wconf 86' lang='grc' dir='ltr'>ὡς</span> <span class='ocrx_word' id='word_1_284' title='bbox 456 2196 665 2256; x_wconf 80' lang='grc' dir='ltr'>ἐκεῖνος</span> <span class='ocrx_word' id='word_1_285' title='bbox 713 2189 928 2259; x_wconf 75' lang='grc' dir='ltr'>ἔπαθεν,</span> <span class='ocrx_word' id='word_1_286' title='bbox 987 2194 1076 2248; x_wconf 79' lang='grc' dir='ltr'>καὶ</span> <span class='ocrx_word' id='word_1_287' title='bbox 1135 2195 1296 2267; x_wconf 66' lang='grc' dir='ltr'>ἡμῶν</span> <span class='ocrx_word' id='word_1_288' title='bbox 1352 2189 1578 2251; x_wconf 74' lang='grc' dir='ltr'>ἕκαστος</span> <span class='ocrx_word' id='word_1_289' title='bbox 1631 2191 1852 2262; x_wconf 74' lang='grc' dir='ltr'>πάσχει.</span> <span class='ocrx_word' id='word_1_290' title='bbox 1911 2188 2003 2242; x_wconf 80' lang='grc' dir='ltr'>Διὸ</span> 
     </span>
    </p>
   </div>
   <div class='ocr_carea' id='block_1_40' title="bbox 345 2277 2000 2359">
    <p class='ocr_par' dir='ltr' id='par_1_40' title="bbox 345 2277 2000 2359">
     <span class='ocr_line' id='line_1_41' title="bbox 345 2277 2000 2359; baseline -0.006 -21"><span class='ocrx_word' id='word_1_291' title='bbox 345 2287 508 2355; x_wconf 75' lang='grc' dir='ltr'>ἡνίκα</span> <span class='ocrx_word' id='word_1_292' title='bbox 538 2286 853 2358; x_wconf 68' lang='grc' dir='ltr'>πάσχομεν,</span> <span class='ocrx_word' id='word_1_293' title='bbox 881 2283 1095 2358; x_wconf 80' lang='grc' dir='ltr'>χαίρειν</span> <span class='ocrx_word' id='word_1_294' title='bbox 1137 2283 1428 2359; x_wconf 67' lang='grc' dir='ltr'>ὀφείλομεν</span> <span class='ocrx_word' id='word_1_295' title='bbox 1483 2280 1572 2334; x_wconf 81' lang='grc' dir='ltr'>καὶ</span> <span class='ocrx_word' id='word_1_296' title='bbox 1631 2277 2000 2350; x_wconf 76' lang='grc' dir='ltr'>σεμνύνεσθαι,</span> 
     </span>
    </p>
   </div>
   <div class='ocr_carea' id='block_1_41' title="bbox 345 2367 2002 2451">
    <p class='ocr_par' dir='ltr' id='par_1_41' title="bbox 345 2367 2002 2451">
     <span class='ocr_line' id='line_1_42' title="bbox 345 2367 2002 2451; baseline -0.005 -21"><span class='ocrx_word' id='word_1_297' title='bbox 345 2377 429 2430; x_wconf 83' lang='grc' dir='ltr'>’ὁτι</span> <span class='ocrx_word' id='word_1_298' title='bbox 462 2374 564 2430; x_wconf 70' lang='grc' dir='ltr'>κᾶν</span> <span class='ocrx_word' id='word_1_299' title='bbox 599 2373 788 2451; x_wconf 70' lang='grc' dir='ltr'>βραχὺ</span> <span class='ocrx_word' id='word_1_300' title='bbox 839 2378 993 2450; x_wconf 73' lang='grc' dir='ltr'>γοῦν,</span> <span class='ocrx_word' id='word_1_301' title='bbox 1059 2375 1188 2448; x_wconf 73' lang='grc' dir='ltr'>ὑπὲρ</span> <span class='ocrx_word' id='word_1_302' title='bbox 1241 2370 1576 2440; x_wconf 76' lang='grc' dir='ltr'>τηλικούτου</span> <span class='ocrx_word' id='word_1_303' title='bbox 1635 2370 1858 2443; x_wconf 71' lang='grc' dir='ltr'>ἐραστοῦ</span> <span class='ocrx_word' id='word_1_304' title='bbox 1912 2367 2002 2422; x_wconf 83' lang='grc' dir='ltr'>καὶ</span> 
     </span>
    </p>
   </div>
   <div class='ocr_carea' id='block_1_42' title="bbox 345 2456 2001 2540">
    <p class='ocr_par' dir='ltr' id='par_1_42' title="bbox 345 2456 2001 2540">
     <span class='ocr_line' id='line_1_43' title="bbox 345 2456 2001 2540; baseline -0.006 -18"><span class='ocrx_word' id='word_1_305' title='bbox 345 2471 508 2540; x_wconf 72' lang='grc' dir='ltr'>ἡμεῖς</span> <span class='ocrx_word' id='word_1_306' title='bbox 542 2468 742 2520; x_wconf 86' lang='grc' dir='ltr'>παθεῖν</span> <span class='ocrx_word' id='word_1_307' title='bbox 769 2485 824 2519; x_wconf 90' lang='grc' dir='ltr'>τι</span> <span class='ocrx_word' id='word_1_308' title='bbox 876 2464 1314 2538; x_wconf 75' lang='grc' dir='ltr'>κατηξιώθημεν.</span> <span class='ocrx_word' id='word_1_309' title='bbox 1377 2489 1403 2513; x_wconf 70' lang='grc' dir='ltr'>σε</span> <span class='ocrx_word' id='word_1_310' title='bbox 1437 2459 1654 2522; x_wconf 83' lang='grc' dir='ltr'>Είδότες</span> <span class='ocrx_word' id='word_1_311' title='bbox 1697 2461 1780 2514; x_wconf 85' lang='grc' dir='ltr'>δτι</span> <span class='ocrx_word' id='word_1_312' title='bbox 1811 2461 1845 2528; x_wconf 78' lang='grc' dir='ltr'>ἡ</span> <span class='ocrx_word' id='word_1_313' title='bbox 1880 2456 2001 2521; x_wconf 81' lang='grc' dir='ltr'>ολί-</span> 
     </span>
    </p>
   </div>
   <div class='ocr_carea' id='block_1_43' title="bbox 344 2545 1999 2631">
    <p class='ocr_par' dir='ltr' id='par_1_43' title="bbox 344 2545 1999 2631">
     <span class='ocr_line' id='line_1_44' title="bbox 344 2545 1999 2631; baseline -0.007 -21"><span class='ocrx_word' id='word_1_314' title='bbox 344 2561 434 2630; x_wconf 74' lang='grc' dir='ltr'>ψις</span> <span class='ocrx_word' id='word_1_315' title='bbox 494 2556 788 2626; x_wconf 73' lang='grc' dir='ltr'>ὑπομονήν</span> <span class='ocrx_word' id='word_1_316' title='bbox 848 2560 1254 2631; x_wconf 77' lang='grc' dir='ltr'>κατεργαζεται.</span> <span class='ocrx_word' id='word_1_317' title='bbox 1298 2577 1325 2603; x_wconf 86' lang='grc'>››</span> <span class='ocrx_word' id='word_1_318' title='bbox 1385 2556 1506 2615; x_wconf 79' lang='grc' dir='ltr'>Πῶς</span> <span class='ocrx_word' id='word_1_319' title='bbox 1559 2548 1892 2624; x_wconf 77' lang='grc' dir='ltr'>καυχώμεθα</span> <span class='ocrx_word' id='word_1_320' title='bbox 1948 2545 1999 2601; x_wconf 90' lang='grc' dir='ltr'>ἐν</span> 
     </span>
    </p>
   </div>
   <div class='ocr_carea' id='block_1_44' title="bbox 344 2637 2004 2720">
    <p class='ocr_par' dir='ltr' id='par_1_44' title="bbox 344 2637 2004 2720">
     <span class='ocr_line' id='line_1_45' title="bbox 344 2637 2004 2720; baseline -0.005 -21"><span class='ocrx_word' id='word_1_321' title='bbox 344 2652 457 2708; x_wconf 71' lang='grc' dir='ltr'>ταῖς</span> <span class='ocrx_word' id='word_1_322' title='bbox 488 2645 716 2719; x_wconf 72' lang='grc' dir='ltr'>θλίψεσι</span> <span class='ocrx_word' id='word_1_323' title='bbox 746 2665 761 2714; x_wconf 89' lang='grc'><strong>;</strong></span> <span class='ocrx_word' id='word_1_324' title='bbox 798 2643 1012 2711; x_wconf 80' lang='grc' dir='ltr'>Καλῶς,</span> <span class='ocrx_word' id='word_1_325' title='bbox 1046 2645 1227 2720; x_wconf 70' lang='grc' dir='ltr'>φησίν.</span> <span class='ocrx_word' id='word_1_326' title='bbox 1261 2644 1328 2699; x_wconf 72' lang='grc' dir='ltr'><strong>Αἱ</strong></span> <span class='ocrx_word' id='word_1_327' title='bbox 1380 2642 1483 2718; x_wconf 72' lang='grc' dir='ltr'>γὰρ</span> <span class='ocrx_word' id='word_1_328' title='bbox 1536 2640 1748 2714; x_wconf 70' lang='grc' dir='ltr'>θλίψεις</span> <span class='ocrx_word' id='word_1_329' title='bbox 1779 2637 2004 2718; x_wconf 81' lang='grc' dir='ltr'>’γυμνά-</span> 
     </span>
    </p>
   </div>
   <div class='ocr_carea' id='block_1_45' title="bbox 351 2728 1999 2810">
    <p class='ocr_par' dir='ltr' id='par_1_45' title="bbox 351 2728 1999 2810">
     <span class='ocr_line' id='line_1_46' title="bbox 351 2728 1999 2810; baseline -0.004 -19"><span class='ocrx_word' id='word_1_330' title='bbox 351 2742 496 2806; x_wconf 74' lang='grc' dir='ltr'>ζουσι</span> <span class='ocrx_word' id='word_1_331' title='bbox 529 2737 671 2810; x_wconf 77' lang='grc' dir='ltr'>πρὸς</span> <span class='ocrx_word' id='word_1_332' title='bbox 705 2736 1011 2807; x_wconf 77' lang='grc' dir='ltr'>ὑπομονήν.</span> <span class='ocrx_word' id='word_1_333' title='bbox 1043 2732 1224 2788; x_wconf 81' lang='grc' dir='ltr'>Ἀλλᾶ</span> <span class='ocrx_word' id='word_1_334' title='bbox 1252 2733 1303 2786; x_wconf 86' lang='grc' dir='ltr'>τί</span> <span class='ocrx_word' id='word_1_335' title='bbox 1339 2733 1400 2786; x_wconf 87' lang='grc' dir='ltr'>τὸ</span> <span class='ocrx_word' id='word_1_336' title='bbox 1447 2728 1638 2805; x_wconf 81' lang='grc' dir='ltr'>κέρδος</span> <span class='ocrx_word' id='word_1_337' title='bbox 1698 2737 1799 2798; x_wconf 79' lang='grc' dir='ltr'>τῆς</span> <span class='ocrx_word' id='word_1_338' title='bbox 1857 2729 1999 2785; x_wconf 85' lang='grc' dir='ltr'>ὑπο-</span> 
     </span>
    </p>
   </div>
   <div class='ocr_carea' id='block_1_46' title="bbox 349 2821 1998 2903">
    <p class='ocr_par' dir='ltr' id='par_1_46' title="bbox 349 2821 1998 2903">
     <span class='ocr_line' id='line_1_47' title="bbox 349 2821 1998 2903; baseline -0.004 -22"><span class='ocrx_word' id='word_1_339' title='bbox 349 2833 564 2900; x_wconf 78' lang='grc' dir='ltr'>μονῆς;</span> <span class='ocrx_word' id='word_1_340' title='bbox 608 2825 792 2900; x_wconf 87' lang='grc' dir='ltr'>Μέγα,</span> <span class='ocrx_word' id='word_1_341' title='bbox 853 2823 1007 2903; x_wconf 75' lang='grc' dir='ltr'>φησί.</span> <span class='ocrx_word' id='word_1_342' title='bbox 1068 2823 1480 2898; x_wconf 86' lang='grc' dir='ltr'>Δοκιμωτέρους</span> <span class='ocrx_word' id='word_1_343' title='bbox 1537 2822 1636 2898; x_wconf 70' lang='grc' dir='ltr'>γὰρ</span> <span class='ocrx_word' id='word_1_344' title='bbox 1693 2821 1998 2900; x_wconf 70' lang='grc' dir='ltr'>ἐργάζεται,</span> 
     </span>
    </p>
   </div>
   <div class='ocr_carea' id='block_1_47' title="bbox 336 2909 1999 2993">
    <p class='ocr_par' dir='ltr' id='par_1_47' title="bbox 336 2909 1999 2993">
     <span class='ocr_line' id='line_1_48' title="bbox 336 2909 1999 2993; baseline -0.004 -22"><span class='ocrx_word' id='word_1_345' title='bbox 336 2914 526 2987; x_wconf 74' lang='grc' dir='ltr'>ὥσπερ</span> <span class='ocrx_word' id='word_1_346' title='bbox 559 2915 654 2971; x_wconf 82' lang='grc' dir='ltr'>καὶ</span> <span class='ocrx_word' id='word_1_347' title='bbox 688 2916 782 2969; x_wconf 86' lang='grc' dir='ltr'>τὸν</span> <span class='ocrx_word' id='word_1_348' title='bbox 815 2914 1018 2993; x_wconf 76' lang='grc' dir='ltr'>χρυσὸν</span> <span class='ocrx_word' id='word_1_349' title='bbox 1049 2915 1084 2983; x_wconf 77' lang='grc' dir='ltr'>ἡ</span> <span class='ocrx_word' id='word_1_350' title='bbox 1117 2912 1339 2988; x_wconf 83' lang='grc' dir='ltr'>χωνεία.</span> <span class='ocrx_word' id='word_1_351' title='bbox 1376 2911 1442 2969; x_wconf 91' lang='grc' dir='ltr'>Τί</span> <span class='ocrx_word' id='word_1_352' title='bbox 1473 2909 1529 2967; x_wconf 73' lang='grc' dir='ltr'>δὲ</span> <span class='ocrx_word' id='word_1_353' title='bbox 1576 2913 1780 2986; x_wconf 87' lang='grc' dir='ltr'>γίνεται</span> <span class='ocrx_word' id='word_1_354' title='bbox 1814 2911 1873 2966; x_wconf 87' lang='grc' dir='ltr'>ἐκ</span> <span class='ocrx_word' id='word_1_355' title='bbox 1903 2914 1999 2966; x_wconf 74' lang='grc' dir='ltr'>τοῖ’)</span> 
     </span>
    </p>
   </div>
   <div class='ocr_carea' id='block_1_48' title="bbox 333 2999 1998 3083">
    <p class='ocr_par' dir='ltr' id='par_1_48' title="bbox 333 2999 1998 3083">
     <span class='ocr_line' id='line_1_49' title="bbox 333 2999 1998 3083; baseline -0.005 -21"><span class='ocrx_word' id='word_1_356' title='bbox 333 3005 764 3079; x_wconf 74' lang='grc' dir='ltr'>δοκιμωτέρους</span> <span class='ocrx_word' id='word_1_357' title='bbox 824 3004 1094 3083; x_wconf 68' lang='grc' dir='ltr'>ὀφθῆναις</span> <span class='ocrx_word' id='word_1_358' title='bbox 1155 3000 1302 3056; x_wconf 80' lang='grc' dir='ltr'>Πολὺ</span> <span class='ocrx_word' id='word_1_359' title='bbox 1357 2999 1578 3082; x_wconf 68' lang='grc' dir='ltr'>ὄφελος·</span> <span class='ocrx_word' id='word_1_360' title='bbox 1612 3003 1646 3070; x_wconf 85' lang='grc' dir='ltr'>ἡ</span> <span class='ocrx_word' id='word_1_361' title='bbox 1680 3002 1782 3076; x_wconf 70' lang='grc' dir='ltr'>γὰρ</span> <span class='ocrx_word' id='word_1_362' title='bbox 1841 2999 1998 3063; x_wconf 79' lang='grc' dir='ltr'>ἐλπὶς</span> 
     </span>
    </p>
   </div>
   <div class='ocr_carea' id='block_1_49' title="bbox 335 3087 1996 3170">
    <p class='ocr_par' dir='ltr' id='par_1_49' title="bbox 335 3087 1996 3170">
     <span class='ocr_line' id='line_1_50' title="bbox 335 3087 1996 3170; baseline -0.005 -20"><span class='ocrx_word' id='word_1_363' title='bbox 335 3098 501 3166; x_wconf 66' lang='grc' dir='ltr'>ἡμῶν</span> <span class='ocrx_word' id='word_1_364' title='bbox 561 3094 801 3148; x_wconf 74' lang='grc' dir='ltr'>ἐντεῦθεν</span> <span class='ocrx_word' id='word_1_365' title='bbox 862 3087 1185 3167; x_wconf 71' lang='grc' dir='ltr'>βεϐαιοτέρα</span> <span class='ocrx_word' id='word_1_366' title='bbox 1254 3091 1341 3145; x_wconf 80' lang='grc' dir='ltr'>καὶ</span> <span class='ocrx_word' id='word_1_367' title='bbox 1421 3089 1790 3170; x_wconf 72' lang='grc' dir='ltr'>ἀσφαλεστέρα</span> <span class='ocrx_word' id='word_1_368' title='bbox 1867 3101 1996 3153; x_wconf 86' lang='grc' dir='ltr'>καο-</span> 
     </span>
    </p>
   </div>
   <div class='ocr_carea' id='block_1_50' title="bbox 2117 1927 3753 1998">
    <p class='ocr_par' dir='ltr' id='par_1_50' title="bbox 2117 1927 3753 1998">
     <span class='ocr_line' id='line_1_51' title="bbox 2117 1927 3753 1998; baseline -0.002 -14"><span class='ocrx_word' id='word_1_369' title='bbox 2117 1928 2427 1984; x_wconf 91' lang='lat' dir='ltr'>rannidem</span> <span class='ocrx_word' id='word_1_370' title='bbox 2454 1929 2682 1983; x_wconf 89' lang='lat' dir='ltr'>irritam</span> <span class='ocrx_word' id='word_1_371' title='bbox 2715 1928 2922 1983; x_wconf 84' lang='lat' dir='ltr'>fecerit</span> <span class='ocrx_word' id='word_1_372' title='bbox 2953 1928 2963 1980; x_wconf 76' lang='grc' dir='ltr'>ι</span> <span class='ocrx_word' id='word_1_373' title='bbox 2994 1928 3134 1992; x_wconf 87' lang='lat' dir='ltr'>Quis</span> <span class='ocrx_word' id='word_1_374' title='bbox 3167 1927 3503 1998; x_wconf 70' lang='lat' dir='ltr'>huiusmodi</span> <span class='ocrx_word' id='word_1_375' title='bbox 3527 1934 3753 1983; x_wconf 88' lang='lat' dir='ltr'>amato-</span> 
     </span>
    </p>
   </div>
   <div class='ocr_carea' id='block_1_51' title="bbox 2115 2016 3756 2090">
    <p class='ocr_par' dir='ltr' id='par_1_51' title="bbox 2115 2016 3756 2090">
     <span class='ocr_line' id='line_1_52' title="bbox 2115 2016 3756 2090; baseline -0.001 -16"><span class='ocrx_word' id='word_1_376' title='bbox 2115 2035 2240 2074; x_wconf 87' lang='lat' dir='ltr'>rem</span> <span class='ocrx_word' id='word_1_377' title='bbox 2274 2035 2394 2073; x_wconf 86' lang='lat' dir='ltr'>non</span> <span class='ocrx_word' id='word_1_378' title='bbox 2425 2016 2691 2075; x_wconf 87' lang='lat' dir='ltr'>amabit?</span> <span class='ocrx_word' id='word_1_379' title='bbox 2723 2019 2841 2072; x_wconf 91' lang='lat' dir='ltr'>imo</span> <span class='ocrx_word' id='word_1_380' title='bbox 2869 2019 3067 2089; x_wconf 90' lang='lat' dir='ltr'>potius</span> <span class='ocrx_word' id='word_1_381' title='bbox 3090 2019 3246 2088; x_wconf 89' lang='lat' dir='ltr'>quod</span> <span class='ocrx_word' id='word_1_382' title='bbox 3277 2019 3390 2072; x_wconf 89' lang='lat' dir='ltr'>erit</span> <span class='ocrx_word' id='word_1_383' title='bbox 3409 2034 3575 2089; x_wconf 83' lang='lat' dir='ltr'>opus,</span> <span class='ocrx_word' id='word_1_384' title='bbox 3598 2018 3756 2090; x_wconf 90' lang='lat' dir='ltr'>quod</span> 
     </span>
    </p>
   </div>
   <div class='ocr_carea' id='block_1_52' title="bbox 2115 2107 3754 2180">
    <p class='ocr_par' dir='ltr' id='par_1_52' title="bbox 2115 2107 3754 2180">
     <span class='ocr_line' id='line_1_53' title="bbox 2115 2107 3754 2180; baseline 0 -18"><span class='ocrx_word' id='word_1_385' title='bbox 2115 2110 2411 2180; x_wconf 82' lang='lat' dir='ltr'>quispiam</span> <span class='ocrx_word' id='word_1_386' title='bbox 2446 2109 2546 2162; x_wconf 87' lang='lat' dir='ltr'>tali</span> <span class='ocrx_word' id='word_1_387' title='bbox 2597 2108 2839 2179; x_wconf 72' lang='lat' dir='ltr'>dignum</span> <span class='ocrx_word' id='word_1_388' title='bbox 2905 2125 3106 2162; x_wconf 90' lang='lat' dir='ltr'>amore</span> <span class='ocrx_word' id='word_1_389' title='bbox 3163 2108 3450 2179; x_wconf 80' lang='lat' dir='ltr'>perﬁciet.</span> <span class='ocrx_word' id='word_1_390' title='bbox 3511 2115 3614 2164; x_wconf 89' lang='lat' dir='ltr'>aut</span> <span class='ocrx_word' id='word_1_391' title='bbox 3663 2107 3754 2162; x_wconf 80' lang='lat' dir='ltr'>vel</span> 
     </span>
    </p>
   </div>
   <div class='ocr_carea' id='block_1_53' title="bbox 2112 2197 3755 2270">
    <p class='ocr_par' dir='ltr' id='par_1_53' title="bbox 2112 2197 3755 2270">
     <span class='ocr_line' id='line_1_54' title="bbox 2112 2197 3755 2270; baseline -0.002 -17"><span class='ocrx_word' id='word_1_392' title='bbox 2112 2198 2421 2270; x_wconf 91' lang='lat' dir='ltr'>paululum</span> <span class='ocrx_word' id='word_1_393' title='bbox 2456 2199 2632 2252; x_wconf 86' lang='lat' dir='ltr'>etiam</span> <span class='ocrx_word' id='word_1_394' title='bbox 2665 2198 2843 2252; x_wconf 85' lang='lat' dir='ltr'>debiti</span> <span class='ocrx_word' id='word_1_395' title='bbox 2866 2198 3198 2267; x_wconf 80' lang='lat' dir='ltr'>rependet?</span> <span class='ocrx_word' id='word_1_396' title='bbox 3231 2200 3370 2252; x_wconf 82' lang='lat' dir='ltr'>Nam</span> <span class='ocrx_word' id='word_1_397' title='bbox 3405 2197 3510 2252; x_wconf 88' lang='lat' dir='ltr'>etsi</span> <span class='ocrx_word' id='word_1_398' title='bbox 3537 2197 3755 2251; x_wconf 89' lang='lat' dir='ltr'>millies</span> 
     </span>
    </p>
   </div>
   <div class='ocr_carea' id='block_1_54' title="bbox 2113 2285 3754 2358">
    <p class='ocr_par' dir='ltr' id='par_1_54' title="bbox 2113 2285 3754 2358">
     <span class='ocr_line' id='line_1_55' title="bbox 2113 2285 3754 2358; baseline 0 -17"><span class='ocrx_word' id='word_1_399' title='bbox 2113 2287 2422 2347; x_wconf 87' lang='lat' dir='ltr'>moriatur,</span> <span class='ocrx_word' id='word_1_400' title='bbox 2457 2302 2575 2340; x_wconf 91' lang='lat' dir='ltr'>non</span> <span class='ocrx_word' id='word_1_401' title='bbox 2604 2302 2881 2358; x_wconf 77' lang='lat' dir='ltr'>magnum</span> <span class='ocrx_word' id='word_1_402' title='bbox 2896 2286 3121 2356; x_wconf 84' lang='lat' dir='ltr'>aliquid</span> <span class='ocrx_word' id='word_1_403' title='bbox 3151 2285 3754 2356; x_wconf 88' lang='lat' dir='ltr'>attulerit.Siquidem</span> 
     </span>
    </p>
   </div>
   <div class='ocr_carea' id='block_1_55' title="bbox 2112 2374 3755 2448">
    <p class='ocr_par' dir='ltr' id='par_1_55' title="bbox 2112 2374 3755 2448">
     <span class='ocr_line' id='line_1_56' title="bbox 2112 2374 3755 2448; baseline -0.001 -18"><span class='ocrx_word' id='word_1_404' title='bbox 2112 2393 2219 2448; x_wconf 89' lang='lat' dir='ltr'>pro</span> <span class='ocrx_word' id='word_1_405' title='bbox 2250 2375 2648 2430; x_wconf 86' lang='lat' dir='ltr'>henefaclore.</span> <span class='ocrx_word' id='word_1_406' title='bbox 2684 2393 2786 2446; x_wconf 91' lang='lat' dir='ltr'>pro</span> <span class='ocrx_word' id='word_1_407' title='bbox 2820 2376 3031 2440; x_wconf 88' lang='lat' dir='ltr'>amico,</span> <span class='ocrx_word' id='word_1_408' title='bbox 3066 2374 3241 2428; x_wconf 87' lang='lat' dir='ltr'>etiam</span> <span class='ocrx_word' id='word_1_409' title='bbox 3290 2382 3558 2430; x_wconf 88' lang='lat' dir='ltr'>nostrum</span> <span class='ocrx_word' id='word_1_410' title='bbox 3591 2376 3755 2445; x_wconf 91' lang='lat' dir='ltr'>quis-</span> 
     </span>
    </p>
   </div>
   <div class='ocr_carea' id='block_1_56' title="bbox 2115 2463 3750 2538">
    <p class='ocr_par' dir='ltr' id='par_1_56' title="bbox 2115 2463 3750 2538">
     <span class='ocr_line' id='line_1_57' title="bbox 2115 2463 3750 2538; baseline -0.001 -18"><span class='ocrx_word' id='word_1_411' title='bbox 2115 2483 2229 2538; x_wconf 88' lang='lat' dir='ltr'>que</span> <span class='ocrx_word' id='word_1_412' title='bbox 2259 2464 2558 2522; x_wconf 87' lang='lat' dir='ltr'>interdum</span> <span class='ocrx_word' id='word_1_413' title='bbox 2592 2464 2814 2536; x_wconf 87' lang='lat' dir='ltr'>patitur</span> <span class='ocrx_word' id='word_1_414' title='bbox 2847 2481 2859 2517; x_wconf 91' lang='lat'><strong>:</strong></span> <span class='ocrx_word' id='word_1_415' title='bbox 2893 2469 2952 2517; x_wconf 90' lang='lat' dir='ltr'>at</span> <span class='ocrx_word' id='word_1_416' title='bbox 2981 2480 3102 2518; x_wconf 91' lang='lat' dir='ltr'>non</span> <span class='ocrx_word' id='word_1_417' title='bbox 3133 2480 3240 2534; x_wconf 90' lang='lat' dir='ltr'>pro</span> <span class='ocrx_word' id='word_1_418' title='bbox 3262 2463 3523 2518; x_wconf 88' lang='lat' dir='ltr'>inimicis</span> <span class='ocrx_word' id='word_1_419' title='bbox 3549 2480 3616 2517; x_wconf 91' lang='lat' dir='ltr'>ac</span> <span class='ocrx_word' id='word_1_420' title='bbox 3647 2465 3750 2518; x_wconf 87' lang='lat' dir='ltr'>ho-</span> 
     </span>
    </p>
   </div>
   <div class='ocr_carea' id='block_1_57' title="bbox 2114 2553 3752 2625">
    <p class='ocr_par' dir='ltr' id='par_1_57' title="bbox 2114 2553 3752 2625">
     <span class='ocr_line' id='line_1_58' title="bbox 2114 2553 3752 2625; baseline -0.003 -14"><span class='ocrx_word' id='word_1_421' title='bbox 2114 2556 2324 2618; x_wconf 89' lang='lat' dir='ltr'>stibus,</span> <span class='ocrx_word' id='word_1_422' title='bbox 2353 2555 2506 2609; x_wconf 89' lang='lat' dir='ltr'>sicut</span> <span class='ocrx_word' id='word_1_423' title='bbox 2535 2555 2635 2609; x_wconf 89' lang='lat' dir='ltr'>ille</span> <span class='ocrx_word' id='word_1_424' title='bbox 2688 2570 2895 2625; x_wconf 89' lang='lat' dir='ltr'>passus</span> <span class='ocrx_word' id='word_1_425' title='bbox 2926 2557 3034 2608; x_wconf 90' lang='lat' dir='ltr'>est.</span> <span class='ocrx_word' id='word_1_426' title='bbox 3091 2554 3234 2607; x_wconf 91' lang='lat' dir='ltr'>Cum</span> <span class='ocrx_word' id='word_1_427' title='bbox 3277 2569 3412 2625; x_wconf 76' lang='lat' dir='ltr'>ergo</span> <span class='ocrx_word' id='word_1_428' title='bbox 3470 2553 3752 2623; x_wconf 87' lang='lat' dir='ltr'>patimur,</span> 
     </span>
    </p>
   </div>
   <div class='ocr_carea' id='block_1_58' title="bbox 2111 2641 3752 2719">
    <p class='ocr_par' dir='ltr' id='par_1_58' title="bbox 2111 2641 3752 2719">
     <span class='ocr_line' id='line_1_59' title="bbox 2111 2641 3752 2719; baseline -0.003 -18"><span class='ocrx_word' id='word_1_429' title='bbox 2111 2646 2367 2719; x_wconf 79' lang='lat' dir='ltr'>gaudere</span> <span class='ocrx_word' id='word_1_430' title='bbox 2399 2644 2683 2700; x_wconf 88' lang='lat' dir='ltr'>debemus</span> <span class='ocrx_word' id='word_1_431' title='bbox 2714 2661 2780 2698; x_wconf 88' lang='lat' dir='ltr'>ac</span> <span class='ocrx_word' id='word_1_432' title='bbox 2810 2642 3078 2716; x_wconf 78' lang='lat' dir='ltr'>gloriari:</span> <span class='ocrx_word' id='word_1_433' title='bbox 3113 2641 3270 2712; x_wconf 92' lang='lat' dir='ltr'>quod</span> <span class='ocrx_word' id='word_1_434' title='bbox 3299 2641 3388 2696; x_wconf 87' lang='lat' dir='ltr'>vel</span> <span class='ocrx_word' id='word_1_435' title='bbox 3437 2641 3752 2698; x_wconf 89' lang='lat' dir='ltr'>minimum</span> 
     </span>
    </p>
   </div>
   <div class='ocr_carea' id='block_1_59' title="bbox 2112 2731 3750 2808">
    <p class='ocr_par' dir='ltr' id='par_1_59' title="bbox 2112 2731 3750 2808">
     <span class='ocr_line' id='line_1_60' title="bbox 2112 2731 3750 2808; baseline -0.003 -17"><span class='ocrx_word' id='word_1_436' title='bbox 2112 2734 2393 2808; x_wconf 87' lang='lat' dir='ltr'>quiddam</span> <span class='ocrx_word' id='word_1_437' title='bbox 2424 2751 2530 2806; x_wconf 88' lang='lat' dir='ltr'>pro</span> <span class='ocrx_word' id='word_1_438' title='bbox 2565 2734 2662 2788; x_wconf 90' lang='lat' dir='ltr'>tali</span> <span class='ocrx_word' id='word_1_439' title='bbox 2697 2739 2959 2788; x_wconf 86' lang='lat' dir='ltr'>amatore</span> <span class='ocrx_word' id='word_1_440' title='bbox 2991 2737 3048 2785; x_wconf 92' lang='lat' dir='ltr'>et</span> <span class='ocrx_word' id='word_1_441' title='bbox 3077 2748 3184 2786; x_wconf 90' lang='lat' dir='ltr'>nos</span> <span class='ocrx_word' id='word_1_442' title='bbox 3217 2731 3337 2803; x_wconf 90' lang='lat' dir='ltr'>pati</span> <span class='ocrx_word' id='word_1_443' title='bbox 3393 2745 3750 2787; x_wconf 84' lang='lat' dir='ltr'>mereamur.</span> 
     </span>
    </p>
   </div>
   <div class='ocr_carea' id='block_1_60' title="bbox 2112 2821 3750 2896">
    <p class='ocr_par' dir='ltr' id='par_1_60' title="bbox 2112 2821 3750 2896">
     <span class='ocr_line' id='line_1_61' title="bbox 2112 2821 3750 2896; baseline -0.007 -16"><span class='ocrx_word' id='word_1_444' title='bbox 2112 2848 2141 2874; x_wconf 87' lang='grc'><em>‹‹</em></span> <span class='ocrx_word' id='word_1_445' title='bbox 2173 2826 2436 2880; x_wconf 88' lang='lat' dir='ltr'>Scientes</span> <span class='ocrx_word' id='word_1_446' title='bbox 2470 2823 2629 2896; x_wconf 88' lang='lat' dir='ltr'>quod</span> <span class='ocrx_word' id='word_1_447' title='bbox 2685 2822 2928 2878; x_wconf 80' lang='lat' dir='ltr'>afﬂictio</span> <span class='ocrx_word' id='word_1_448' title='bbox 2989 2821 3334 2892; x_wconf 83' lang='lat' dir='ltr'>patientiam</span> <span class='ocrx_word' id='word_1_449' title='bbox 3395 2826 3690 2892; x_wconf 88' lang='lat' dir='ltr'>cperatur.</span> <span class='ocrx_word' id='word_1_450' title='bbox 3721 2841 3750 2869; x_wconf 67' lang='grc' dir='ltr'>ι)</span> 
     </span>
    </p>
   </div>
   <div class='ocr_carea' id='block_1_61' title="bbox 2109 2909 3751 2981">
    <p class='ocr_par' dir='ltr' id='par_1_61' title="bbox 2109 2909 3751 2981">
     <span class='ocr_line' id='line_1_62' title="bbox 2109 2909 3751 2981; baseline -0.002 -12"><span class='ocrx_word' id='word_1_451' title='bbox 2109 2917 2374 2981; x_wconf 89' lang='lat' dir='ltr'>Quonam</span> <span class='ocrx_word' id='word_1_452' title='bbox 2399 2914 2573 2968; x_wconf 92' lang='lat' dir='ltr'>modo</span> <span class='ocrx_word' id='word_1_453' title='bbox 2595 2912 2991 2978; x_wconf 70' lang='lat' dir='ltr'>gloriamurin</span> <span class='ocrx_word' id='word_1_454' title='bbox 3015 2909 3474 2965; x_wconf 79' lang='lat' dir='ltr'>afflictionibus?</span> <span class='ocrx_word' id='word_1_455' title='bbox 3498 2910 3751 2981; x_wconf 89' lang='lat' dir='ltr'>Optime,</span> 
     </span>
    </p>
   </div>
   <div class='ocr_carea' id='block_1_62' title="bbox 2109 3000 3749 3075">
    <p class='ocr_par' dir='ltr' id='par_1_62' title="bbox 2109 3000 3749 3075">
     <span class='ocr_line' id='line_1_63' title="bbox 2109 3000 3749 3075; baseline -0.003 -17"><span class='ocrx_word' id='word_1_456' title='bbox 2109 3003 2340 3075; x_wconf 90' lang='lat' dir='ltr'>inquit;</span> <span class='ocrx_word' id='word_1_457' title='bbox 2376 3003 2728 3058; x_wconf 81' lang='lat' dir='ltr'>afflictiones</span> <span class='ocrx_word' id='word_1_458' title='bbox 2761 3002 2917 3055; x_wconf 90' lang='lat' dir='ltr'>enim</span> <span class='ocrx_word' id='word_1_459' title='bbox 2947 3001 3019 3055; x_wconf 90' lang='lat' dir='ltr'>ad</span> <span class='ocrx_word' id='word_1_460' title='bbox 3051 3000 3396 3070; x_wconf 84' lang='lat' dir='ltr'>patientiam</span> <span class='ocrx_word' id='word_1_461' title='bbox 3453 3005 3749 3054; x_wconf 87' lang='lat' dir='ltr'>exercent.</span> 
     </span>
    </p>
   </div>
   <div class='ocr_carea' id='block_1_63' title="bbox 2111 3087 3750 3162">
    <p class='ocr_par' dir='ltr' id='par_1_63' title="bbox 2111 3087 3750 3162">
     <span class='ocr_line' id='line_1_64' title="bbox 2111 3087 3750 3162; baseline -0.002 -16"><span class='ocrx_word' id='word_1_462' title='bbox 2111 3095 2323 3147; x_wconf 89' lang='lat' dir='ltr'>Verum</span> <span class='ocrx_word' id='word_1_463' title='bbox 2349 3092 2558 3162; x_wconf 88' lang='lat' dir='ltr'>ecquid</span> <span class='ocrx_word' id='word_1_464' title='bbox 2582 3091 2728 3146; x_wconf 90' lang='lat' dir='ltr'>lucri</span> <span class='ocrx_word' id='word_1_465' title='bbox 2759 3108 2827 3146; x_wconf 83' lang='lat' dir='ltr'>ex</span> <span class='ocrx_word' id='word_1_466' title='bbox 2850 3089 3171 3160; x_wconf 81' lang='lat' dir='ltr'>patientia?</span> <span class='ocrx_word' id='word_1_467' title='bbox 3203 3090 3495 3160; x_wconf 76' lang='lat' dir='ltr'>Magnum,</span> <span class='ocrx_word' id='word_1_468' title='bbox 3529 3088 3642 3142; x_wconf 85' lang='lat' dir='ltr'>ait:</span> <span class='ocrx_word' id='word_1_469' title='bbox 3673 3087 3750 3142; x_wconf 86' lang='lat' dir='ltr'>si-</span> 
     </span>
    </p>
   </div>
   <div class='ocr_carea' id='block_1_64' title="bbox 351 3177 1995 3278">
    <p class='ocr_par' dir='ltr' id='par_1_64' title="bbox 351 3177 1990 3254">
     <span class='ocr_line' id='line_1_65' title="bbox 351 3177 1990 3254; baseline -0.001 -18"><span class='ocrx_word' id='word_1_470' title='bbox 351 3184 582 3237; x_wconf 80' lang='grc' dir='ltr'>ίσταται.</span> <span class='ocrx_word' id='word_1_471' title='bbox 611 3185 708 3238; x_wconf 81' lang='grc' dir='ltr'>Ἐκ</span> <span class='ocrx_word' id='word_1_472' title='bbox 736 3179 795 3236; x_wconf 77' lang='grc' dir='ltr'>δέ</span> <span class='ocrx_word' id='word_1_473' title='bbox 822 3181 1048 3250; x_wconf 82' lang='grc' dir='ltr'>ταύτης,</span> <span class='ocrx_word' id='word_1_474' title='bbox 1087 3181 1138 3234; x_wconf 88' lang='grc' dir='ltr'>τί</span> <span class='ocrx_word' id='word_1_475' title='bbox 1175 3199 1188 3248; x_wconf 87' lang='grc'>;</span> <span class='ocrx_word' id='word_1_476' title='bbox 1249 3179 1328 3236; x_wconf 85' lang='grc' dir='ltr'>Τὸ</span> <span class='ocrx_word' id='word_1_477' title='bbox 1384 3183 1486 3234; x_wconf 77' lang='grc' dir='ltr'>πᾶν</span> <span class='ocrx_word' id='word_1_478' title='bbox 1546 3178 1779 3246; x_wconf 82' lang='grc' dir='ltr'>ἀνύεται,</span> <span class='ocrx_word' id='word_1_479' title='bbox 1839 3177 1990 3254; x_wconf 72' lang='grc' dir='ltr'>φησί.</span> 
     </span>
    </p>
   </div>
   <div class='ocr_carea' id='block_1_65' title="bbox 2107 3177 3750 3278">
    <p class='ocr_par' dir='ltr' id='par_1_65' title="bbox 2110 3178 3750 3254">
     <span class='ocr_line' id='line_1_66' title="bbox 2110 3178 3750 3254; baseline -0.003 -16"><span class='ocrx_word' id='word_1_480' title='bbox 2110 3183 2348 3254; x_wconf 91' lang='lat' dir='ltr'>quidem</span> <span class='ocrx_word' id='word_1_481' title='bbox 2381 3180 2972 3252; x_wconf 88' lang='lat' dir='ltr'>prohatioresreddit,</span> <span class='ocrx_word' id='word_1_482' title='bbox 2998 3179 3175 3232; x_wconf 79' lang='lat' dir='ltr'>veluti</span> <span class='ocrx_word' id='word_1_483' title='bbox 3202 3178 3406 3232; x_wconf 80' lang='lat' dir='ltr'>fornax</span> <span class='ocrx_word' id='word_1_484' title='bbox 3429 3178 3622 3248; x_wconf 87' lang='lat' dir='ltr'>ipsum</span> <span class='ocrx_word' id='word_1_485' title='bbox 3646 3193 3750 3233; x_wconf 89' lang='lat' dir='ltr'>au-</span> 
     </span>
    </p>
   </div>
   <div class='ocr_carea' id='block_1_66' title="bbox 356 3265 1995 3351">
    <p class='ocr_par' dir='ltr' id='par_1_66' title="bbox 356 3265 1989 3351">
     <span class='ocr_line' id='line_1_67' title="bbox 356 3265 1989 3351; baseline -0.004 -26"><span class='ocrx_word' id='word_1_486' title='bbox 356 3277 530 3325; x_wconf 74' lang='grc' dir='ltr'>Ποῖον</span> <span class='ocrx_word' id='word_1_487' title='bbox 565 3269 1062 3351; x_wconf 61' lang='grc' dir='ltr'>ςτυγχάνομενῶν</span> <span class='ocrx_word' id='word_1_488' title='bbox 1119 3267 1432 3342; x_wconf 85' lang='grc' dir='ltr'>ἐλπίζομεν.</span> <span class='ocrx_word' id='word_1_489' title='bbox 1487 3271 1548 3323; x_wconf 82' lang='lat' dir='ltr'>&#39;ll</span> <span class='ocrx_word' id='word_1_490' title='bbox 1607 3267 1708 3341; x_wconf 76' lang='grc' dir='ltr'>γὰρ</span> <span class='ocrx_word' id='word_1_491' title='bbox 1767 3265 1989 3337; x_wconf 82' lang='grc' dir='ltr'>ἐλπίςή</span> 
     </span>
    </p>
   </div>
   <div class='ocr_carea' id='block_1_67' title="bbox 2107 3265 3747 3351">
    <p class='ocr_par' dir='ltr' id='par_1_67' title="bbox 2107 3267 3747 3340">
     <span class='ocr_line' id='line_1_68' title="bbox 2107 3267 3747 3340; baseline -0.004 -13"><span class='ocrx_word' id='word_1_492' title='bbox 2107 3289 2258 3328; x_wconf 86' lang='lat' dir='ltr'>rum.</span> <span class='ocrx_word' id='word_1_493' title='bbox 2291 3271 2439 3337; x_wconf 90' lang='lat' dir='ltr'>Quid</span> <span class='ocrx_word' id='word_1_494' title='bbox 2470 3275 2666 3326; x_wconf 90' lang='lat' dir='ltr'>autem</span> <span class='ocrx_word' id='word_1_495' title='bbox 2698 3269 3120 3340; x_wconf 86' lang='lat' dir='ltr'>consequimur</span> <span class='ocrx_word' id='word_1_496' title='bbox 3148 3284 3216 3323; x_wconf 90' lang='lat' dir='ltr'>ex</span> <span class='ocrx_word' id='word_1_497' title='bbox 3249 3283 3317 3322; x_wconf 94' lang='lat' dir='ltr'>eo</span> <span class='ocrx_word' id='word_1_498' title='bbox 3349 3267 3506 3337; x_wconf 88' lang='lat' dir='ltr'>quod</span> <span class='ocrx_word' id='word_1_499' title='bbox 3537 3267 3747 3339; x_wconf 84' lang='lat' dir='ltr'>proba-</span> 
     </span>
    </p>
   </div>
   <div class='ocr_carea' id='block_1_68' title="bbox 362 3356 1992 3438">
    <p class='ocr_par' dir='ltr' id='par_1_68' title="bbox 362 3356 1992 3438">
     <span class='ocr_line' id='line_1_69' title="bbox 362 3356 1992 3438; baseline -0.004 -22"><span class='ocrx_word' id='word_1_500' title='bbox 362 3356 567 3438; x_wconf 63' lang='grc' dir='ltr'>βεϐαία</span> <span class='ocrx_word' id='word_1_501' title='bbox 588 3359 674 3414; x_wconf 78' lang='grc' dir='ltr'>καὶ</span> <span class='ocrx_word' id='word_1_502' title='bbox 703 3357 779 3414; x_wconf 68' lang='grc' dir='ltr'>διὰ</span> <span class='ocrx_word' id='word_1_503' title='bbox 847 3357 1086 3434; x_wconf 80' lang='grc' dir='ltr'>δοκιμῆς</span> <span class='ocrx_word' id='word_1_504' title='bbox 1133 3359 1360 3438; x_wconf 74' lang='grc' dir='ltr'>ἀχθεῖσα</span> <span class='ocrx_word' id='word_1_505' title='bbox 1415 3357 1506 3414; x_wconf 81' lang='grc' dir='ltr'>καὶ</span> <span class='ocrx_word' id='word_1_506' title='bbox 1565 3357 1847 3429; x_wconf 76' lang='grc' dir='ltr'>ὑπομονῆς</span> <span class='ocrx_word' id='word_1_507' title='bbox 1902 3356 1992 3411; x_wconf 80' lang='grc' dir='ltr'>καὶ</span> 
     </span>
    </p>
   </div>
   <div class='ocr_carea' id='block_1_69' title="bbox 360 3445 1995 3528">
    <p class='ocr_par' dir='ltr' id='par_1_69' title="bbox 360 3445 1995 3528">
     <span class='ocr_line' id='line_1_70' title="bbox 360 3445 1995 3528; baseline -0.003 -23"><span class='ocrx_word' id='word_1_508' title='bbox 360 3451 619 3526; x_wconf 67' lang='grc' dir='ltr'>θλίψεως,</span> <span class='ocrx_word' id='word_1_509' title='bbox 651 3447 904 3505; x_wconf 79' lang='grc' dir='ltr'>οὐδεποτε</span> <span class='ocrx_word' id='word_1_510' title='bbox 936 3449 1310 3528; x_wconf 77' lang='grc' dir='ltr'>καταισχύνει.</span> <span class='ocrx_word' id='word_1_511' title='bbox 1345 3446 1452 3503; x_wconf 84' lang='grc' dir='ltr'>Καὶ</span> <span class='ocrx_word' id='word_1_512' title='bbox 1505 3445 1606 3518; x_wconf 76' lang='grc' dir='ltr'>ὅρα</span> <span class='ocrx_word' id='word_1_513' title='bbox 1663 3451 1780 3508; x_wconf 82' lang='grc' dir='ltr'>πῶς</span> <span class='ocrx_word' id='word_1_514' title='bbox 1829 3446 1995 3502; x_wconf 73' lang='grc' dir='ltr'>εἰπὼν</span> 
     </span>
    </p>
   </div>
   <div class='ocr_carea' id='block_1_70' title="bbox 354 3534 1995 3615">
    <p class='ocr_par' dir='ltr' id='par_1_70' title="bbox 354 3534 1995 3615">
     <span class='ocr_line' id='line_1_71' title="bbox 354 3534 1995 3615; baseline -0.003 -20"><span class='ocrx_word' id='word_1_515' title='bbox 354 3539 607 3615; x_wconf 83' lang='grc' dir='ltr'>ἀνωτέρω</span> <span class='ocrx_word' id='word_1_516' title='bbox 638 3539 716 3593; x_wconf 78' lang='grc' dir='ltr'>ὅτι</span> <span class='ocrx_word' id='word_1_517' title='bbox 747 3539 1087 3612; x_wconf 73' lang='grc' dir='ltr'>καυχώμεθα</span> <span class='ocrx_word' id='word_1_518' title='bbox 1145 3538 1230 3592; x_wconf 84' lang='grc' dir='ltr'>ἐπ’</span> <span class='ocrx_word' id='word_1_519' title='bbox 1279 3535 1480 3603; x_wconf 79' lang='grc' dir='ltr'>ἐλπίδι,</span> <span class='ocrx_word' id='word_1_520' title='bbox 1543 3534 1707 3590; x_wconf 73' lang='grc' dir='ltr'>πάλιν</span> <span class='ocrx_word' id='word_1_521' title='bbox 1762 3537 1851 3591; x_wconf 81' lang='grc' dir='ltr'>καὶ</span> <span class='ocrx_word' id='word_1_522' title='bbox 1909 3535 1995 3591; x_wconf 84' lang='grc' dir='ltr'>ἐν-</span> 
     </span>
    </p>
   </div>
   <div class='ocr_carea' id='block_1_71' title="bbox 354 3624 1992 3702">
    <p class='ocr_par' dir='ltr' id='par_1_71' title="bbox 354 3624 1992 3702">
     <span class='ocr_line' id='line_1_72' title="bbox 354 3624 1992 3702; baseline -0.003 -16"><span class='ocrx_word' id='word_1_523' title='bbox 354 3632 515 3687; x_wconf 69' lang='grc' dir='ltr'>ταῦθα</span> <span class='ocrx_word' id='word_1_524' title='bbox 572 3628 646 3691; x_wconf 84' lang='grc' dir='ltr'>εἷς</span> <span class='ocrx_word' id='word_1_525' title='bbox 701 3624 904 3684; x_wconf 75' lang='grc' dir='ltr'>ἐλπίδα</span> <span class='ocrx_word' id='word_1_526' title='bbox 960 3626 1241 3698; x_wconf 76' lang='grc' dir='ltr'>κατέληξε.</span> <span class='ocrx_word' id='word_1_527' title='bbox 1305 3627 1401 3681; x_wconf 82' lang='grc' dir='ltr'>Καὶ</span> <span class='ocrx_word' id='word_1_528' title='bbox 1452 3626 1554 3702; x_wconf 77' lang='grc' dir='ltr'>γὰρ</span> <span class='ocrx_word' id='word_1_529' title='bbox 1612 3626 1718 3680; x_wconf 85' lang='grc' dir='ltr'>ἀπὸ</span> <span class='ocrx_word' id='word_1_530' title='bbox 1769 3624 1992 3689; x_wconf 81' lang='grc' dir='ltr'>ἐλπίδος</span> 
     </span>
    </p>
   </div>
   <div class='ocr_carea' id='block_1_72' title="bbox 352 3711 1992 3793">
    <p class='ocr_par' dir='ltr' id='par_1_72' title="bbox 352 3711 1992 3793">
     <span class='ocr_line' id='line_1_73' title="bbox 352 3711 1992 3793; baseline -0.004 -18"><span class='ocrx_word' id='word_1_531' title='bbox 352 3717 430 3775; x_wconf 84' lang='grc' dir='ltr'>δεῖ</span> <span class='ocrx_word' id='word_1_532' title='bbox 478 3717 771 3793; x_wconf 67' lang='grc' dir='ltr'>ἄρχεσθαι,</span> <span class='ocrx_word' id='word_1_533' title='bbox 825 3716 912 3771; x_wconf 80' lang='grc' dir='ltr'>καὶ</span> <span class='ocrx_word' id='word_1_534' title='bbox 973 3715 1182 3788; x_wconf 88' lang='grc' dir='ltr'>ὁμοίως</span> <span class='ocrx_word' id='word_1_535' title='bbox 1235 3715 1312 3777; x_wconf 84' lang='grc' dir='ltr'>εἷς</span> <span class='ocrx_word' id='word_1_536' title='bbox 1385 3711 1580 3770; x_wconf 82' lang='grc' dir='ltr'>ἐλπίδα</span> <span class='ocrx_word' id='word_1_537' title='bbox 1635 3713 1992 3792; x_wconf 75' lang='grc' dir='ltr'>καταλήγειν,</span> 
     </span>
    </p>
   </div>
   <div class='ocr_carea' id='block_1_73' title="bbox 345 3803 1989 3888">
    <p class='ocr_par' dir='ltr' id='par_1_73' title="bbox 345 3803 1989 3888">
     <span class='ocr_line' id='line_1_74' title="bbox 345 3803 1989 3888; baseline 0.027 -20"><span class='ocrx_word' id='word_1_538' title='bbox 345 3809 493 3869; x_wconf 79' lang='grc' dir='ltr'>Ἀλλ’</span> <span class='ocrx_word' id='word_1_539' title='bbox 521 3813 558 3880; x_wconf 79' lang='grc' dir='ltr'>ἡ</span> <span class='ocrx_word' id='word_1_540' title='bbox 596 3811 696 3885; x_wconf 69' lang='grc' dir='ltr'>μὲν</span> <span class='ocrx_word' id='word_1_541' title='bbox 731 3805 1056 3884; x_wconf 75' lang='grc' dir='ltr'>ἀρχομένων</span> <span class='ocrx_word' id='word_1_542' title='bbox 1087 3806 1268 3878; x_wconf 66' lang='grc' dir='ltr'>ἐλπὶς,</span> <span class='ocrx_word' id='word_1_543' title='bbox 1298 3805 1448 3861; x_wconf 52' lang='grc' dir='ltr'>οὔπω</span> <span class='ocrx_word' id='word_1_544' title='bbox 1480 3805 1648 3876; x_wconf 56' lang='grc' dir='ltr'>δῆλον</span> <span class='ocrx_word' id='word_1_545' title='bbox 1671 3809 1818 3869; x_wconf 59' lang='grc' dir='ltr'>ὅπως</span> <span class='ocrx_word' id='word_1_546' title='bbox 1850 3803 1989 3888; x_wconf 55' lang='grc' dir='ltr'>ἔχει’</span> 
     </span>
    </p>
   </div>
   <div class='ocr_carea' id='block_1_74' title="bbox 334 3893 1992 3974">
    <p class='ocr_par' dir='ltr' id='par_1_74' title="bbox 334 3893 1992 3974">
     <span class='ocr_line' id='line_1_75' title="bbox 334 3893 1992 3974; baseline -0.002 -17"><span class='ocrx_word' id='word_1_547' title='bbox 334 3904 505 3974; x_wconf 65' lang='grc' dir='ltr'>μήπω</span> <span class='ocrx_word' id='word_1_548' title='bbox 551 3899 798 3974; x_wconf 76' lang='grc' dir='ltr'>θλίψεων</span> <span class='ocrx_word' id='word_1_549' title='bbox 828 3899 917 3954; x_wconf 87' lang='grc' dir='ltr'>καὶ</span> <span class='ocrx_word' id='word_1_550' title='bbox 950 3904 1266 3973; x_wconf 80' lang='grc' dir='ltr'>πειρασμῶν</span> <span class='ocrx_word' id='word_1_551' title='bbox 1318 3893 1764 3974; x_wconf 75' lang='grc' dir='ltr'>προσϐαλόντων.</span> <span class='ocrx_word' id='word_1_552' title='bbox 1818 3899 1882 3956; x_wconf 85' lang='grc' dir='ltr'><em>Ἢ</em></span> <span class='ocrx_word' id='word_1_553' title='bbox 1935 3897 1992 3955; x_wconf 75' lang='grc' dir='ltr'>δέ</span> 
     </span>
    </p>
   </div>
   <div class='ocr_carea' id='block_1_75' title="bbox 330 3984 1992 4068">
    <p class='ocr_par' dir='ltr' id='par_1_75' title="bbox 330 3984 1992 4068">
     <span class='ocr_line' id='line_1_76' title="bbox 330 3984 1992 4068; baseline -0.002 -22"><span class='ocrx_word' id='word_1_554' title='bbox 330 3989 421 4046; x_wconf 70' lang='grc' dir='ltr'>διὰ</span> <span class='ocrx_word' id='word_1_555' title='bbox 450 3991 675 4047; x_wconf 84' lang='grc' dir='ltr'>τούτων</span> <span class='ocrx_word' id='word_1_556' title='bbox 706 3985 991 4060; x_wconf 72' lang='grc' dir='ltr'>δδεύσασα,</span> <span class='ocrx_word' id='word_1_557' title='bbox 1025 3987 1116 4044; x_wconf 78' lang='grc' dir='ltr'>καὶ</span> <span class='ocrx_word' id='word_1_558' title='bbox 1167 3984 1574 4064; x_wconf 77' lang='grc' dir='ltr'>δοκιμασθεῖσα,</span> <span class='ocrx_word' id='word_1_559' title='bbox 1628 3987 1715 4042; x_wconf 83' lang='grc' dir='ltr'>καὶ</span> <span class='ocrx_word' id='word_1_560' title='bbox 1770 3994 1992 4068; x_wconf 68' lang='grc' dir='ltr'>φανεῖσα</span> 
     </span>
    </p>
   </div>
   <div class='ocr_carea' id='block_1_76' title="bbox 304 4075 1988 4151">
    <p class='ocr_par' dir='ltr' id='par_1_76' title="bbox 304 4075 1988 4151">
     <span class='ocr_line' id='line_1_77' title="bbox 304 4075 1988 4151; baseline -0.002 -15"><span class='ocrx_word' id='word_1_561' title='bbox 304 4079 682 4148; x_wconf 60' lang='grc' dir='ltr'>,ἅδεα-τακτοῆ</span> <span class='ocrx_word' id='word_1_562' title='bbox 713 4075 804 4132; x_wconf 77' lang='grc' dir='ltr'>καί</span> <span class='ocrx_word' id='word_1_563' title='bbox 841 4079 915 4150; x_wconf 82' lang='grc' dir='ltr'>μή</span> <span class='ocrx_word' id='word_1_564' title='bbox 953 4075 1313 4151; x_wconf 73' lang='grc' dir='ltr'>σαλευομένη,</span> <span class='ocrx_word' id='word_1_565' title='bbox 1345 4077 1480 4147; x_wconf 78' lang='grc' dir='ltr'>αὓτη</span> <span class='ocrx_word' id='word_1_566' title='bbox 1532 4077 1618 4131; x_wconf 77' lang='grc' dir='ltr'>καὶ</span> <span class='ocrx_word' id='word_1_567' title='bbox 1672 4075 1733 4131; x_wconf 89' lang='grc' dir='ltr'>τὸ</span> <span class='ocrx_word' id='word_1_568' title='bbox 1780 4075 1988 4132; x_wconf 86' lang='grc' dir='ltr'>τέλειον</span> 
     </span>
    </p>
   </div>
   <div class='ocr_carea' id='block_1_77' title="bbox 327 4163 1991 4247">
    <p class='ocr_par' dir='ltr' id='par_1_77' title="bbox 327 4163 1991 4247">
     <span class='ocr_line' id='line_1_78' title="bbox 327 4163 1991 4247; baseline -0.004 -21"><span class='ocrx_word' id='word_1_569' title='bbox 327 4167 471 4247; x_wconf 76' lang='grc' dir='ltr'>ἔχει,</span> <span class='ocrx_word' id='word_1_570' title='bbox 504 4169 599 4224; x_wconf 76' lang='grc' dir='ltr'>καὶ</span> <span class='ocrx_word' id='word_1_571' title='bbox 631 4171 740 4222; x_wconf 82' lang='grc' dir='ltr'>τῶν</span> <span class='ocrx_word' id='word_1_572' title='bbox 768 4164 1126 4222; x_wconf 76' lang='grc' dir='ltr'>ἐλπισθέντων</span> <span class='ocrx_word' id='word_1_573' title='bbox 1187 4164 1236 4220; x_wconf 90' lang='grc' dir='ltr'>ἐν</span> <span class='ocrx_word' id='word_1_574' title='bbox 1294 4163 1592 4222; x_wconf 84' lang='grc' dir='ltr'>ἀπολαύσει</span> <span class='ocrx_word' id='word_1_575' title='bbox 1653 4163 1991 4242; x_wconf 84' lang='grc' dir='ltr'>παρασκευά-</span> 
     </span>
    </p>
   </div>
   <div class='ocr_carea' id='block_1_78' title="bbox 329 4255 1990 4336">
    <p class='ocr_par' dir='ltr' id='par_1_78' title="bbox 329 4255 1990 4336">
     <span class='ocr_line' id='line_1_79' title="bbox 329 4255 1990 4336; baseline -0.011 -15"><span class='ocrx_word' id='word_1_576' title='bbox 329 4267 425 4336; x_wconf 81' lang='grc' dir='ltr'>ξει.</span> <span class='ocrx_word' id='word_1_577' title='bbox 477 4260 752 4320; x_wconf 80' lang='grc' dir='ltr'>’Ἢλπισεν</span> <span class='ocrx_word' id='word_1_578' title='bbox 810 4261 838 4314; x_wconf 84' lang='grc' dir='ltr'><strong>ὁ</strong></span> <span class='ocrx_word' id='word_1_579' title='bbox 893 4255 1143 4335; x_wconf 72' lang='grc' dir='ltr'>’Λϐραὰμ</span> <span class='ocrx_word' id='word_1_580' title='bbox 1199 4258 1333 4331; x_wconf 84' lang='grc' dir='ltr'>μετά</span> <span class='ocrx_word' id='word_1_581' title='bbox 1388 4265 1559 4335; x_wconf 75' lang='grc' dir='ltr'>γῆρας</span> <span class='ocrx_word' id='word_1_582' title='bbox 1616 4259 1706 4314; x_wconf 79' lang='grc' dir='ltr'>καὶ</span> <span class='ocrx_word' id='word_1_583' title='bbox 1763 4260 1990 4334; x_wconf 79' lang='grc' dir='ltr'>στείρω-</span> 
     </span>
    </p>
   </div>
   <div class='ocr_carea' id='block_1_79' title="bbox 333 4344 1986 4428">
    <p class='ocr_par' dir='ltr' id='par_1_79' title="bbox 333 4344 1986 4428">
     <span class='ocr_line' id='line_1_80' title="bbox 333 4344 1986 4428; baseline -0.002 -20"><span class='ocrx_word' id='word_1_584' title='bbox 333 4376 418 4408; x_wconf 78' lang='grc' dir='ltr'>σιν</span> <span class='ocrx_word' id='word_1_585' title='bbox 453 4355 698 4427; x_wconf 65' lang='grc' dir='ltr'>μήτρας,</span> <span class='ocrx_word' id='word_1_586' title='bbox 730 4350 813 4405; x_wconf 84' lang='grc' dir='ltr'>’ὁτι</span> <span class='ocrx_word' id='word_1_587' title='bbox 863 4344 1008 4406; x_wconf 77' lang='grc' dir='ltr'>ἔσται</span> <span class='ocrx_word' id='word_1_588' title='bbox 1063 4350 1202 4404; x_wconf 83' lang='grc' dir='ltr'>κατά</span> <span class='ocrx_word' id='word_1_589' title='bbox 1258 4351 1356 4419; x_wconf 78' lang='grc' dir='ltr'>τήν</span> <span class='ocrx_word' id='word_1_590' title='bbox 1403 4347 1726 4428; x_wconf 78' lang='grc' dir='ltr'>ἐπαγγελίαν</span> <span class='ocrx_word' id='word_1_591' title='bbox 1784 4351 1986 4424; x_wconf 68' lang='grc' dir='ltr'>πατήρ.</span> 
     </span>
    </p>
   </div>
   <div class='ocr_carea' id='block_1_80' title="bbox 332 4437 1990 4518">
    <p class='ocr_par' dir='ltr' id='par_1_80' title="bbox 332 4437 1990 4518">
     <span class='ocr_line' id='line_1_81' title="bbox 399 4439 1957 4462; baseline -0.001 -4"><span class='ocrx_word' id='word_1_592' title='bbox 399 4444 410 4458; x_wconf 85' lang='lat'>.</span> <span class='ocrx_word' id='word_1_593' title='bbox 565 4443 581 4460; x_wconf 56' lang='grc' dir='ltr'><strong>ε</strong></span> <span class='ocrx_word' id='word_1_594' title='bbox 690 4442 703 4462; x_wconf 75' lang='grc'>,</span> <span class='ocrx_word' id='word_1_595' title='bbox 794 4442 806 4460; x_wconf 88' lang='grc'><strong>.</strong></span> <span class='ocrx_word' id='word_1_596' title='bbox 881 4439 893 4458; x_wconf 71' lang='grc'><strong>9</strong></span> <span class='ocrx_word' id='word_1_597' title='bbox 1006 4439 1031 4458; x_wconf 66' lang='grc' dir='ltr'><strong>ν</strong></span> <span class='ocrx_word' id='word_1_598' title='bbox 1253 4441 1266 4457; x_wconf 62' lang='grc' dir='ltr'><strong>ς</strong></span> <span class='ocrx_word' id='word_1_599' title='bbox 1378 4441 1392 4459; x_wconf 57' lang='grc' dir='ltr'><strong>κ</strong></span> <span class='ocrx_word' id='word_1_600' title='bbox 1810 4441 1863 4461; x_wconf 59' lang='grc' dir='ltr'>,η</span> <span class='ocrx_word' id='word_1_601' title='bbox 1945 4439 1957 4460; x_wconf 71' lang='lat'><strong>,</strong></span> 
     </span>
     <span class='ocr_line' id='line_1_82' title="bbox 332 4437 1990 4518; baseline -0.001 -22"><span class='ocrx_word' id='word_1_602' title='bbox 332 4446 486 4518; x_wconf 83' lang='grc' dir='ltr'>Μεγα</span> <span class='ocrx_word' id='word_1_603' title='bbox 522 4464 647 4518; x_wconf 87' lang='grc' dir='ltr'>μεν,</span> <span class='ocrx_word' id='word_1_604' title='bbox 681 4439 788 4496; x_wconf 90' lang='grc' dir='ltr'>αλλ</span> <span class='ocrx_word' id='word_1_605' title='bbox 839 4459 948 4515; x_wconf 82' lang='grc' dir='ltr'>ουχ</span> <span class='ocrx_word' id='word_1_606' title='bbox 974 4461 1092 4495; x_wconf 87' lang='grc' dir='ltr'>οιον</span> <span class='ocrx_word' id='word_1_607' title='bbox 1143 4460 1275 4512; x_wconf 83' lang='grc' dir='ltr'>μετα</span> <span class='ocrx_word' id='word_1_608' title='bbox 1333 4463 1432 4510; x_wconf 85' lang='grc' dir='ltr'>την</span> <span class='ocrx_word' id='word_1_609' title='bbox 1494 4437 1752 4514; x_wconf 68' lang='grc' dir='ltr'>δοκιμήν.</span> <span class='ocrx_word' id='word_1_610' title='bbox 1828 4447 1990 4494; x_wconf 64' lang='grc' dir='ltr'>Επει-</span> 
     </span>
    </p>
   </div>
   <div class='ocr_carea' id='block_1_81' title="bbox 333 4526 1987 4608">
    <p class='ocr_par' dir='ltr' id='par_1_81' title="bbox 333 4526 1987 4608">
     <span class='ocr_line' id='line_1_83' title="bbox 333 4526 1987 4608; baseline -0.009 -19"><span class='ocrx_word' id='word_1_611' title='bbox 333 4555 491 4606; x_wconf 77' lang='grc' dir='ltr'>ρασεν</span> <span class='ocrx_word' id='word_1_612' title='bbox 525 4531 748 4587; x_wconf 78' lang='grc' dir='ltr'>αὐτὸνὸ</span> <span class='ocrx_word' id='word_1_613' title='bbox 781 4530 910 4590; x_wconf 87' lang='grc' dir='ltr'>Θεὸς</span> <span class='ocrx_word' id='word_1_614' title='bbox 969 4529 1058 4584; x_wconf 78' lang='grc' dir='ltr'>καὶ</span> <span class='ocrx_word' id='word_1_615' title='bbox 1115 4529 1411 4604; x_wconf 82' lang='grc' dir='ltr'>ἐχώνευσεν</span> <span class='ocrx_word' id='word_1_616' title='bbox 1469 4529 1542 4591; x_wconf 85' lang='grc' dir='ltr'>ὡς</span> <span class='ocrx_word' id='word_1_617' title='bbox 1593 4526 1815 4598; x_wconf 75' lang='grc' dir='ltr'>ἀληθῶς</span> <span class='ocrx_word' id='word_1_618' title='bbox 1868 4550 1987 4608; x_wconf 78' lang='grc' dir='ltr'>χω-</span> 
     </span>
    </p>
   </div>
   <div class='ocr_carea' id='block_1_82' title="bbox 335 4612 1986 4702">
    <p class='ocr_par' dir='ltr' id='par_1_82' title="bbox 335 4612 1986 4702">
     <span class='ocr_line' id='line_1_84' title="bbox 335 4612 1986 4702; baseline -0.002 -26"><span class='ocrx_word' id='word_1_619' title='bbox 335 4625 478 4679; x_wconf 83' lang='grc' dir='ltr'>νείαν</span> <span class='ocrx_word' id='word_1_620' title='bbox 501 4622 736 4702; x_wconf 73' lang='grc' dir='ltr'>φρικτήν</span> <span class='ocrx_word' id='word_1_621' title='bbox 780 4617 870 4672; x_wconf 78' lang='grc' dir='ltr'>καὶ</span> <span class='ocrx_word' id='word_1_622' title='bbox 930 4612 1188 4692; x_wconf 71' lang='grc' dir='ltr'>φοϐερὰν,</span> <span class='ocrx_word' id='word_1_623' title='bbox 1246 4621 1354 4694; x_wconf 74' lang='grc' dir='ltr'>πῦρ</span> <span class='ocrx_word' id='word_1_624' title='bbox 1397 4623 1514 4680; x_wconf 85' lang='grc' dir='ltr'>τοῖς</span> <span class='ocrx_word' id='word_1_625' title='bbox 1577 4617 1824 4692; x_wconf 71' lang='grc' dir='ltr'>ἐγκατοις</span> <span class='ocrx_word' id='word_1_626' title='bbox 1885 4617 1986 4694; x_wconf 66' lang='grc' dir='ltr'>ὑφ·-</span> 
     </span>
    </p>
   </div>
   <div class='ocr_carea' id='block_1_83' title="bbox 333 4701 1984 4786">
    <p class='ocr_par' dir='ltr' id='par_1_83' title="bbox 333 4701 1984 4786">
     <span class='ocr_line' id='line_1_85' title="bbox 333 4701 1984 4786; baseline -0.004 -19"><span class='ocrx_word' id='word_1_627' title='bbox 333 4701 625 4786; x_wconf 40' lang='grc' dir='ltr'>ἀψαςρὸτε</span> <span class='ocrx_word' id='word_1_628' title='bbox 655 4709 849 4786; x_wconf 77' lang='grc' dir='ltr'>ρφᾶξαι</span> <span class='ocrx_word' id='word_1_629' title='bbox 879 4701 1171 4783; x_wconf 80' lang='grc' dir='ltr'>προσέταξε</span> <span class='ocrx_word' id='word_1_630' title='bbox 1199 4707 1289 4761; x_wconf 82' lang='grc' dir='ltr'>τὸν</span> <span class='ocrx_word' id='word_1_631' title='bbox 1349 4707 1485 4762; x_wconf 73' lang='grc' dir='ltr'>υἱόν*</span> <span class='ocrx_word' id='word_1_632' title='bbox 1538 4703 1728 4778; x_wconf 81' lang='grc' dir='ltr'>ἔδειξεν</span> <span class='ocrx_word' id='word_1_633' title='bbox 1785 4705 1984 4769; x_wconf 79' lang='grc' dir='ltr'>ἐκεῖνος</span> 
     </span>
    </p>
   </div>
   <div class='ocr_carea' id='block_1_84' title="bbox 331 4791 1981 4869">
    <p class='ocr_par' dir='ltr' id='par_1_84' title="bbox 331 4791 1981 4869">
     <span class='ocr_line' id='line_1_86' title="bbox 331 4791 1981 4869; baseline -0.003 -14"><span class='ocrx_word' id='word_1_634' title='bbox 331 4800 420 4856; x_wconf 77' lang='grc' dir='ltr'>καὶ</span> <span class='ocrx_word' id='word_1_635' title='bbox 451 4799 543 4855; x_wconf 69' lang='grc' dir='ltr'>δια</span> <span class='ocrx_word' id='word_1_636' title='bbox 571 4799 804 4864; x_wconf 79' lang='grc' dir='ltr'>τούτων,</span> <span class='ocrx_word' id='word_1_637' title='bbox 838 4794 1132 4850; x_wconf 70' lang='grc' dir='ltr'>ἀσάλευτον</span> <span class='ocrx_word' id='word_1_638' title='bbox 1162 4794 1248 4850; x_wconf 81' lang='grc' dir='ltr'>καὶ</span> <span class='ocrx_word' id='word_1_639' title='bbox 1283 4796 1555 4869; x_wconf 76' lang='grc' dir='ltr'>σταθηράν</span> <span class='ocrx_word' id='word_1_640' title='bbox 1613 4797 1712 4865; x_wconf 78' lang='grc' dir='ltr'>τήν</span> <span class='ocrx_word' id='word_1_641' title='bbox 1766 4791 1981 4851; x_wconf 71' lang='grc' dir='ltr'>ἐλπίδα.</span> 
     </span>
    </p>
   </div>
   <div class='ocr_carea' id='block_1_85' title="bbox 333 4882 1986 4965">
    <p class='ocr_par' dir='ltr' id='par_1_85' title="bbox 333 4882 1986 4965">
     <span class='ocr_line' id='line_1_87' title="bbox 333 4882 1986 4965; baseline -0.005 -19"><span class='ocrx_word' id='word_1_642' title='bbox 333 4889 572 4965; x_wconf 76' lang='grc' dir='ltr'>Ἓδραμε</span> <span class='ocrx_word' id='word_1_643' title='bbox 601 4891 705 4964; x_wconf 75' lang='grc' dir='ltr'>γᾶρ</span> <span class='ocrx_word' id='word_1_644' title='bbox 738 4886 932 4960; x_wconf 73' lang='grc' dir='ltr'>σφάξαι</span> <span class='ocrx_word' id='word_1_645' title='bbox 964 4885 1054 4941; x_wconf 87' lang='grc' dir='ltr'>τὸν</span> <span class='ocrx_word' id='word_1_646' title='bbox 1080 4885 1214 4954; x_wconf 71' lang='grc' dir='ltr'>υἱὸν,</span> <span class='ocrx_word' id='word_1_647' title='bbox 1259 4885 1350 4940; x_wconf 78' lang='grc' dir='ltr'>καὶ</span> <span class='ocrx_word' id='word_1_648' title='bbox 1404 4885 1503 4941; x_wconf 70' lang='grc' dir='ltr'>οὐκ</span> <span class='ocrx_word' id='word_1_649' title='bbox 1555 4882 1791 4956; x_wconf 76' lang='grc' dir='ltr'>ἐδίσταξε</span> <span class='ocrx_word' id='word_1_650' title='bbox 1839 4884 1986 4961; x_wconf 88' lang='grc' dir='ltr'>λογι-</span> 
     </span>
    </p>
   </div>
   <div class='ocr_carea' id='block_1_86' title="bbox 341 4969 1980 5053">
    <p class='ocr_par' dir='ltr' id='par_1_86' title="bbox 341 4969 1980 5053">
     <span class='ocr_line' id='line_1_88' title="bbox 341 4969 1980 5053; baseline -0.002 -18"><span class='ocrx_word' id='word_1_651' title='bbox 341 4979 586 5053; x_wconf 64' lang='grc' dir='ltr'>σάμενος,</span> <span class='ocrx_word' id='word_1_652' title='bbox 623 4981 748 5041; x_wconf 80' lang='grc' dir='ltr'>Πῶς</span> <span class='ocrx_word' id='word_1_653' title='bbox 777 4975 869 5032; x_wconf 80' lang='grc' dir='ltr'>οὗν</span> <span class='ocrx_word' id='word_1_654' title='bbox 918 4969 1113 5048; x_wconf 81' lang='grc' dir='ltr'>ἔσομαι</span> <span class='ocrx_word' id='word_1_655' title='bbox 1167 4976 1387 5048; x_wconf 75' lang='grc' dir='ltr'>πατήρς</span> <span class='ocrx_word' id='word_1_656' title='bbox 1446 4977 1623 5032; x_wconf 77' lang='grc' dir='ltr'>Τοῦτο</span> <span class='ocrx_word' id='word_1_657' title='bbox 1682 4972 1980 5050; x_wconf 75' lang='grc' dir='ltr'>ὑπερμεγέ-</span> 
     </span>
    </p>
   </div>
   <div class='ocr_carea' id='block_1_87' title="bbox 332 5062 1980 5143">
    <p class='ocr_par' dir='ltr' id='par_1_87' title="bbox 332 5062 1980 5143">
     <span class='ocr_line' id='line_1_89' title="bbox 332 5062 1980 5143; baseline -0.003 -18"><span class='ocrx_word' id='word_1_658' title='bbox 332 5083 435 5143; x_wconf 75' lang='grc' dir='ltr'>θης</span> <span class='ocrx_word' id='word_1_659' title='bbox 469 5071 543 5131; x_wconf 83' lang='grc' dir='ltr'>ὡς</span> <span class='ocrx_word' id='word_1_660' title='bbox 575 5067 800 5138; x_wconf 80' lang='grc' dir='ltr'>ἀληθῶς</span> <span class='ocrx_word' id='word_1_661' title='bbox 831 5064 1010 5133; x_wconf 74' lang='grc' dir='ltr'>ἐλπὶς,</span> <span class='ocrx_word' id='word_1_662' title='bbox 1045 5062 1128 5119; x_wconf 84' lang='grc' dir='ltr'>διὸ</span> <span class='ocrx_word' id='word_1_663' title='bbox 1157 5064 1246 5120; x_wconf 78' lang='grc' dir='ltr'>καὶ</span> <span class='ocrx_word' id='word_1_664' title='bbox 1279 5067 1540 5141; x_wconf 83' lang='grc' dir='ltr'>τυγχάνει</span> <span class='ocrx_word' id='word_1_665' title='bbox 1598 5066 1672 5120; x_wconf 84' lang='grc' dir='ltr'>ὧν</span> <span class='ocrx_word' id='word_1_666' title='bbox 1728 5065 1980 5134; x_wconf 63' lang='grc' dir='ltr'>ἢλπισω,</span> 
     </span>
    </p>
   </div>
   <div class='ocr_carea' id='block_1_88' title="bbox 324 5151 1979 5231">
    <p class='ocr_par' dir='ltr' id='par_1_88' title="bbox 324 5151 1979 5231">
     <span class='ocr_line' id='line_1_90' title="bbox 324 5151 1979 5231; baseline -0.002 -18"><span class='ocrx_word' id='word_1_667' title='bbox 324 5185 351 5213; x_wconf 80' lang='lat' dir='ltr'>u</span> <span class='ocrx_word' id='word_1_668' title='bbox 385 5162 449 5218; x_wconf 80' lang='grc' dir='ltr'><strong><em>Ἠ</em></strong></span> <span class='ocrx_word' id='word_1_669' title='bbox 487 5158 545 5216; x_wconf 67' lang='grc' dir='ltr'>δέ</span> <span class='ocrx_word' id='word_1_670' title='bbox 576 5157 782 5231; x_wconf 75' lang='grc' dir='ltr'>δοκιμὴ</span> <span class='ocrx_word' id='word_1_671' title='bbox 814 5153 1038 5212; x_wconf 86' lang='grc' dir='ltr'>ἐλπίδα.</span> <span class='ocrx_word' id='word_1_672' title='bbox 1068 5176 1096 5210; x_wconf 76' lang='grc' dir='ltr'><strong><em>ι</em></strong></span> <span class='ocrx_word' id='word_1_673' title='bbox 1132 5157 1275 5231; x_wconf 74' lang='grc' dir='ltr'>’Ἄρα</span> <span class='ocrx_word' id='word_1_674' title='bbox 1301 5175 1363 5230; x_wconf 89' lang='grc' dir='ltr'>γε</span> <span class='ocrx_word' id='word_1_675' title='bbox 1421 5156 1471 5210; x_wconf 72' lang='grc' dir='ltr'>οἳ</span> <span class='ocrx_word' id='word_1_676' title='bbox 1514 5159 1667 5228; x_wconf 86' lang='grc' dir='ltr'>κακῷ</span> <span class='ocrx_word' id='word_1_677' title='bbox 1715 5151 1979 5210; x_wconf 70' lang='grc' dir='ltr'>συνειδότι</span> 
     </span>
    </p>
   </div>
   <div class='ocr_carea' id='block_1_89' title="bbox 323 5241 1978 5322">
    <p class='ocr_par' dir='ltr' id='par_1_89' title="bbox 323 5241 1978 5322">
     <span class='ocr_line' id='line_1_91' title="bbox 323 5241 1978 5322; baseline -0.005 -16"><span class='ocrx_word' id='word_1_678' title='bbox 323 5249 727 5322; x_wconf 78' lang='grc' dir='ltr'>πληττόμενοι,</span> <span class='ocrx_word' id='word_1_679' title='bbox 763 5243 891 5303; x_wconf 70' lang='grc' dir='ltr'>οὑδὲ</span> <span class='ocrx_word' id='word_1_680' title='bbox 951 5243 1260 5313; x_wconf 81' lang='grc' dir='ltr'>ἐλπίζουσιν</span> <span class='ocrx_word' id='word_1_681' title='bbox 1318 5241 1589 5299; x_wconf 88' lang='grc' dir='ltr'>ἀντίδυσιν</span> <span class='ocrx_word' id='word_1_682' title='bbox 1640 5243 1846 5320; x_wconf 79' lang='grc' dir='ltr'>ἀγαθοῦ</span> <span class='ocrx_word' id='word_1_683' title='bbox 1887 5243 1978 5298; x_wconf 85' lang='grc' dir='ltr'>καὶ</span> 
     </span>
    </p>
   </div>
   <div class='ocr_carea' id='block_1_90' title="bbox 323 5331 1976 5412">
    <p class='ocr_par' dir='ltr' id='par_1_90' title="bbox 323 5331 1976 5412">
     <span class='ocr_line' id='line_1_92' title="bbox 323 5331 1976 5412; baseline -0.004 -17"><span class='ocrx_word' id='word_1_684' title='bbox 323 5344 516 5397; x_wconf 78' lang='grc' dir='ltr'>κακοῦ.</span> <span class='ocrx_word' id='word_1_685' title='bbox 540 5340 608 5394; x_wconf 79' lang='grc' dir='ltr'>ὐ</span> <span class='ocrx_word' id='word_1_686' title='bbox 638 5336 742 5412; x_wconf 72' lang='grc' dir='ltr'>γὰρ</span> <span class='ocrx_word' id='word_1_687' title='bbox 778 5332 1039 5412; x_wconf 85' lang='grc' dir='ltr'>βούλεται</span> <span class='ocrx_word' id='word_1_688' title='bbox 1066 5331 1310 5397; x_wconf 71' lang='grc' dir='ltr'>ἕκαστος.</span> <span class='ocrx_word' id='word_1_689' title='bbox 1369 5337 1531 5388; x_wconf 79' lang='grc' dir='ltr'>τοῦτο</span> <span class='ocrx_word' id='word_1_690' title='bbox 1591 5332 1681 5388; x_wconf 81' lang='grc' dir='ltr'>καὶ</span> <span class='ocrx_word' id='word_1_691' title='bbox 1738 5333 1976 5408; x_wconf 85' lang='grc' dir='ltr'>νομίζει.</span> 
     </span>
    </p>
   </div>
   <div class='ocr_carea' id='block_1_91' title="bbox 324 5420 1978 5500">
    <p class='ocr_par' dir='ltr' id='par_1_91' title="bbox 324 5420 1978 5500">
     <span class='ocr_line' id='line_1_93' title="bbox 324 5420 1978 5500; baseline -0.004 -17"><span class='ocrx_word' id='word_1_692' title='bbox 324 5454 353 5483; x_wconf 74' lang='grc' dir='ltr'><strong><em>κ</em></strong></span> <span class='ocrx_word' id='word_1_693' title='bbox 383 5431 507 5487; x_wconf 79' lang='grc' dir='ltr'>Ὀτι</span> <span class='ocrx_word' id='word_1_694' title='bbox 541 5429 575 5498; x_wconf 76' lang='grc' dir='ltr'><strong>ἡ</strong></span> <span class='ocrx_word' id='word_1_695' title='bbox 607 5426 792 5500; x_wconf 75' lang='grc' dir='ltr'>ἀγάπη</span> <span class='ocrx_word' id='word_1_696' title='bbox 826 5427 924 5479; x_wconf 77' lang='grc' dir='ltr'>τοῦ</span> <span class='ocrx_word' id='word_1_697' title='bbox 955 5426 1109 5478; x_wconf 75' lang='grc' dir='ltr'>Θεοῦ.</span> <span class='ocrx_word' id='word_1_698' title='bbox 1144 5446 1172 5474; x_wconf 82' lang='grc'>››</span> <span class='ocrx_word' id='word_1_699' title='bbox 1204 5423 1307 5481; x_wconf 66' lang='grc' dir='ltr'>Καὶ</span> <span class='ocrx_word' id='word_1_700' title='bbox 1337 5423 1498 5488; x_wconf 79' lang='grc' dir='ltr'>πόθεν</span> <span class='ocrx_word' id='word_1_701' title='bbox 1529 5420 1724 5493; x_wconf 83' lang='grc' dir='ltr'>δῆλον,</span> <span class='ocrx_word' id='word_1_702' title='bbox 1788 5422 1978 5496; x_wconf 79' lang='grc' dir='ltr'>φησὶν,</span> 
     </span>
    </p>
   </div>
   <div class='ocr_carea' id='block_1_92' title="bbox 323 5509 1978 5586">
    <p class='ocr_par' dir='ltr' id='par_1_92' title="bbox 323 5509 1978 5586">
     <span class='ocr_line' id='line_1_94' title="bbox 323 5509 1978 5586; baseline -0.005 -12"><span class='ocrx_word' id='word_1_703' title='bbox 323 5518 405 5574; x_wconf 81' lang='grc' dir='ltr'>ὅτι</span> <span class='ocrx_word' id='word_1_704' title='bbox 439 5518 550 5573; x_wconf 80' lang='grc' dir='ltr'>ἐκεῖ</span> <span class='ocrx_word' id='word_1_705' title='bbox 575 5513 743 5572; x_wconf 86' lang='grc' dir='ltr'>δώσει</span> <span class='ocrx_word' id='word_1_706' title='bbox 775 5515 915 5586; x_wconf 73' lang='grc' dir='ltr'>ἡμῖν</span> <span class='ocrx_word' id='word_1_707' title='bbox 945 5510 1114 5584; x_wconf 76' lang='grc' dir='ltr'>ἀγαθὰ</span> <span class='ocrx_word' id='word_1_708' title='bbox 1147 5513 1174 5567; x_wconf 84' lang='grc' dir='ltr'>ὁ</span> <span class='ocrx_word' id='word_1_709' title='bbox 1205 5511 1336 5574; x_wconf 86' lang='grc' dir='ltr'>Θεός</span> <span class='ocrx_word' id='word_1_710' title='bbox 1371 5539 1386 5580; x_wconf 75' lang='grc' dir='ltr'>ς</span> <span class='ocrx_word' id='word_1_711' title='bbox 1418 5512 1584 5568; x_wconf 87' lang='grc' dir='ltr'>Πόθεν</span> <span class='ocrx_word' id='word_1_712' title='bbox 1618 5531 1632 5582; x_wconf 84' lang='grc'><strong>;</strong></span> <span class='ocrx_word' id='word_1_713' title='bbox 1687 5509 1737 5582; x_wconf 80' lang='grc' dir='ltr'>ἐξ</span> <span class='ocrx_word' id='word_1_714' title='bbox 1780 5512 1851 5566; x_wconf 84' lang='grc' dir='ltr'>ὧν</span> <span class='ocrx_word' id='word_1_715' title='bbox 1896 5511 1978 5568; x_wconf 84' lang='grc' dir='ltr'>έν-</span> 
     </span>
    </p>
   </div>
   <div class='ocr_carea' id='block_1_93' title="bbox 299 5596 1974 5684">
    <p class='ocr_par' dir='ltr' id='par_1_93' title="bbox 299 5596 1974 5684">
     <span class='ocr_line' id='line_1_95' title="bbox 299 5596 1974 5684; baseline -0.001 -24"><span class='ocrx_word' id='word_1_716' title='bbox 299 5611 486 5684; x_wconf 57' lang='grc' dir='ltr'>ταῦθα</span> <span class='ocrx_word' id='word_1_717' title='bbox 520 5602 752 5664; x_wconf 81' lang='grc' dir='ltr'>δέδωκε.</span> <span class='ocrx_word' id='word_1_718' title='bbox 783 5599 853 5660; x_wconf 83' lang='grc' dir='ltr'>Τί</span> <span class='ocrx_word' id='word_1_719' title='bbox 886 5596 945 5654; x_wconf 76' lang='grc' dir='ltr'>δὶ</span> <span class='ocrx_word' id='word_1_720' title='bbox 972 5597 1174 5670; x_wconf 85' lang='grc' dir='ltr'>ἔδωκε;</span> <span class='ocrx_word' id='word_1_721' title='bbox 1209 5601 1286 5658; x_wconf 89' lang='grc' dir='ltr'>Τὸ</span> <span class='ocrx_word' id='word_1_722' title='bbox 1319 5605 1560 5677; x_wconf 74' lang='grc' dir='ltr'>Πνεῦμα,</span> <span class='ocrx_word' id='word_1_723' title='bbox 1615 5601 1798 5684; x_wconf 64' lang='grc' dir='ltr'>Ῠησῖν,</span> <span class='ocrx_word' id='word_1_724' title='bbox 1842 5602 1974 5676; x_wconf 79' lang='grc' dir='ltr'>ὅπερ</span> 
     </span>
    </p>
   </div>
   <div class='ocr_carea' id='block_1_94' title="bbox 322 5687 1975 5778">
    <p class='ocr_par' dir='ltr' id='par_1_94' title="bbox 322 5687 1975 5778">
     <span class='ocr_line' id='line_1_96' title="bbox 322 5687 1975 5778; baseline -0.005 -20"><span class='ocrx_word' id='word_1_725' title='bbox 322 5697 377 5757; x_wconf 71' lang='grc' dir='ltr'>ἐκ</span> <span class='ocrx_word' id='word_1_726' title='bbox 407 5700 584 5778; x_wconf 84' lang='grc' dir='ltr'>μόνης</span> <span class='ocrx_word' id='word_1_727' title='bbox 614 5693 844 5772; x_wconf 78' lang='grc' dir='ltr'>ἀγάπης</span> <span class='ocrx_word' id='word_1_728' title='bbox 877 5687 1010 5745; x_wconf 68' lang='grc' dir='ltr'>Θεοῦ</span> <span class='ocrx_word' id='word_1_729' title='bbox 1065 5688 1099 5764; x_wconf 68' lang='grc' dir='ltr'><strong>ᾗ</strong></span> <span class='ocrx_word' id='word_1_730' title='bbox 1147 5690 1422 5766; x_wconf 76' lang='grc' dir='ltr'>ἠγάπησεν</span> <span class='ocrx_word' id='word_1_731' title='bbox 1480 5695 1628 5766; x_wconf 80' lang='grc' dir='ltr'>ἡμᾶς</span> <span class='ocrx_word' id='word_1_732' title='bbox 1683 5691 1975 5773; x_wconf 69' lang='grc' dir='ltr'>ἐπεφοίτη-</span> 
     </span>
    </p>
   </div>
   <div class='ocr_carea' id='block_1_95' title="bbox 2103 3356 3746 3432">
    <p class='ocr_par' dir='ltr' id='par_1_95' title="bbox 2103 3356 3746 3432">
     <span class='ocr_line' id='line_1_97' title="bbox 2103 3356 3746 3432; baseline -0.002 -16"><span class='ocrx_word' id='word_1_733' title='bbox 2103 3361 2286 3416; x_wconf 88' lang='lat' dir='ltr'>tiores</span> <span class='ocrx_word' id='word_1_734' title='bbox 2305 3360 2611 3416; x_wconf 85' lang='lat' dir='ltr'>videamur</span> <span class='ocrx_word' id='word_1_735' title='bbox 2628 3360 2656 3414; x_wconf 88' lang='lat'><strong>?</strong></span> <span class='ocrx_word' id='word_1_736' title='bbox 2686 3361 2954 3432; x_wconf 77' lang='lat' dir='ltr'>Magnum</span> <span class='ocrx_word' id='word_1_737' title='bbox 2977 3358 3154 3430; x_wconf 87' lang='lat' dir='ltr'>plane</span> <span class='ocrx_word' id='word_1_738' title='bbox 3178 3356 3587 3422; x_wconf 88' lang='lat' dir='ltr'>commodum;</span> <span class='ocrx_word' id='word_1_739' title='bbox 3611 3373 3746 3428; x_wconf 91' lang='lat' dir='ltr'>spes</span> 
     </span>
    </p>
   </div>
   <div class='ocr_carea' id='block_1_96' title="bbox 2105 3445 3749 3511">
    <p class='ocr_par' dir='ltr' id='par_1_96' title="bbox 2105 3445 3749 3511">
     <span class='ocr_line' id='line_1_98' title="bbox 2105 3445 3749 3511; baseline -0.003 -6"><span class='ocrx_word' id='word_1_740' title='bbox 2105 3451 2323 3505; x_wconf 90' lang='lat' dir='ltr'>etenim</span> <span class='ocrx_word' id='word_1_741' title='bbox 2353 3455 2556 3505; x_wconf 90' lang='lat' dir='ltr'>nostra</span> <span class='ocrx_word' id='word_1_742' title='bbox 2589 3450 2813 3505; x_wconf 84' lang='lat' dir='ltr'>ﬁrmior</span> <span class='ocrx_word' id='word_1_743' title='bbox 2845 3465 2913 3503; x_wconf 89' lang='lat' dir='ltr'>ac</span> <span class='ocrx_word' id='word_1_744' title='bbox 2945 3447 3215 3502; x_wconf 88' lang='lat' dir='ltr'>stabilior</span> <span class='ocrx_word' id='word_1_745' title='bbox 3262 3445 3548 3503; x_wconf 88' lang='lat' dir='ltr'>redditur.</span> <span class='ocrx_word' id='word_1_746' title='bbox 3599 3445 3749 3511; x_wconf 90' lang='lat' dir='ltr'>Quid</span> 
     </span>
    </p>
   </div>
   <div class='ocr_carea' id='block_1_97' title="bbox 2102 3536 3750 3610">
    <p class='ocr_par' dir='ltr' id='par_1_97' title="bbox 2102 3536 3750 3610">
     <span class='ocr_line' id='line_1_99' title="bbox 2102 3536 3750 3610; baseline -0.003 -15"><span class='ocrx_word' id='word_1_747' title='bbox 2102 3547 2301 3595; x_wconf 88' lang='lat' dir='ltr'>autem</span> <span class='ocrx_word' id='word_1_748' title='bbox 2333 3557 2402 3594; x_wconf 89' lang='lat' dir='ltr'>ex</span> <span class='ocrx_word' id='word_1_749' title='bbox 2435 3540 2542 3594; x_wconf 89' lang='lat' dir='ltr'>hac</span> <span class='ocrx_word' id='word_1_750' title='bbox 2563 3540 2591 3594; x_wconf 89' lang='lat'><strong>?</strong></span> <span class='ocrx_word' id='word_1_751' title='bbox 2621 3539 2806 3595; x_wconf 92' lang='lat' dir='ltr'>Omne</span> <span class='ocrx_word' id='word_1_752' title='bbox 2837 3539 3141 3609; x_wconf 76' lang='lat' dir='ltr'>negotium</span> <span class='ocrx_word' id='word_1_753' title='bbox 3185 3536 3511 3610; x_wconf 79' lang='lat' dir='ltr'>perﬁcitur.</span> <span class='ocrx_word' id='word_1_754' title='bbox 3567 3537 3750 3601; x_wconf 87' lang='lat' dir='ltr'>Quale</span> 
     </span>
    </p>
   </div>
   <div class='ocr_carea' id='block_1_98' title="bbox 2101 3629 3750 3703">
    <p class='ocr_par' dir='ltr' id='par_1_98' title="bbox 2101 3629 3750 3703">
     <span class='ocr_line' id='line_1_100' title="bbox 2101 3629 3750 3703; baseline -0.003 -16"><span class='ocrx_word' id='word_1_755' title='bbox 2101 3631 2339 3687; x_wconf 88' lang='lat' dir='ltr'>tandem</span> <span class='ocrx_word' id='word_1_756' title='bbox 2363 3631 2391 3686; x_wconf 81' lang='lat'><strong>?</strong></span> <span class='ocrx_word' id='word_1_757' title='bbox 2419 3632 2557 3696; x_wconf 73' lang='lat' dir='ltr'>Qum</span> <span class='ocrx_word' id='word_1_758' title='bbox 2591 3646 2899 3703; x_wconf 87' lang='lat' dir='ltr'>speramus</span> <span class='ocrx_word' id='word_1_759' title='bbox 2929 3629 3321 3699; x_wconf 89' lang='lat' dir='ltr'>assequimur.</span> <span class='ocrx_word' id='word_1_760' title='bbox 3350 3629 3548 3683; x_wconf 85' lang='lat' dir='ltr'>Firma</span> <span class='ocrx_word' id='word_1_761' title='bbox 3580 3645 3750 3683; x_wconf 89' lang='lat' dir='ltr'>nam-</span> 
     </span>
    </p>
   </div>
   <div class='ocr_carea' id='block_1_99' title="bbox 2102 3719 3749 3793">
    <p class='ocr_par' dir='ltr' id='par_1_99' title="bbox 2102 3719 3749 3793">
     <span class='ocr_line' id='line_1_101' title="bbox 2102 3719 3749 3793; baseline 0.002 -21"><span class='ocrx_word' id='word_1_762' title='bbox 2102 3739 2215 3792; x_wconf 86' lang='lat' dir='ltr'>que</span> <span class='ocrx_word' id='word_1_763' title='bbox 2245 3738 2400 3793; x_wconf 90' lang='lat' dir='ltr'>spes,</span> <span class='ocrx_word' id='word_1_764' title='bbox 2434 3738 2502 3776; x_wconf 87' lang='lat' dir='ltr'>ac</span> <span class='ocrx_word' id='word_1_765' title='bbox 2534 3738 2639 3791; x_wconf 90' lang='lat' dir='ltr'>per</span> <span class='ocrx_word' id='word_1_766' title='bbox 2658 3721 3062 3788; x_wconf 78' lang='lat' dir='ltr'>at&#39;flictionem,</span> <span class='ocrx_word' id='word_1_767' title='bbox 3087 3719 3431 3789; x_wconf 88' lang='lat' dir='ltr'>patientiam</span> <span class='ocrx_word' id='word_1_768' title='bbox 3453 3725 3511 3772; x_wconf 93' lang='lat' dir='ltr'>et</span> <span class='ocrx_word' id='word_1_769' title='bbox 3540 3720 3749 3790; x_wconf 86' lang='lat' dir='ltr'>proba-</span> 
     </span>
    </p>
   </div>
   <div class='ocr_carea' id='block_1_100' title="bbox 2102 3809 3742 3880">
    <p class='ocr_par' dir='ltr' id='par_1_100' title="bbox 2102 3809 3742 3880">
     <span class='ocr_line' id='line_1_102' title="bbox 2102 3809 3742 3880; baseline -0.001 -14"><span class='ocrx_word' id='word_1_770' title='bbox 2102 3813 2326 3866; x_wconf 89' lang='lat' dir='ltr'>tionem</span> <span class='ocrx_word' id='word_1_771' title='bbox 2359 3810 2629 3876; x_wconf 88' lang='lat' dir='ltr'>adducta,</span> <span class='ocrx_word' id='word_1_772' title='bbox 2656 3826 2963 3880; x_wconf 92' lang='lat' dir='ltr'>nunquam</span> <span class='ocrx_word' id='word_1_773' title='bbox 2993 3809 3311 3880; x_wconf 84' lang='lat' dir='ltr'>pudefocit.</span> <span class='ocrx_word' id='word_1_774' title='bbox 3340 3809 3406 3862; x_wconf 89' lang='lat' dir='ltr'>Et</span> <span class='ocrx_word' id='word_1_775' title='bbox 3434 3809 3585 3877; x_wconf 89' lang='lat' dir='ltr'>vide,</span> <span class='ocrx_word' id='word_1_776' title='bbox 3608 3827 3742 3865; x_wconf 90' lang='lat' dir='ltr'>cum</span> 
     </span>
    </p>
   </div>
   <div class='ocr_carea' id='block_1_101' title="bbox 2103 3898 3742 3974">
    <p class='ocr_par' dir='ltr' id='par_1_101' title="bbox 2103 3898 3742 3974">
     <span class='ocr_line' id='line_1_103' title="bbox 2103 3898 3742 3974; baseline -0.002 -16"><span class='ocrx_word' id='word_1_777' title='bbox 2103 3903 2375 3974; x_wconf 90' lang='lat' dir='ltr'>superius</span> <span class='ocrx_word' id='word_1_778' title='bbox 2407 3899 2670 3965; x_wconf 83' lang='lat' dir='ltr'>dixisset,</span> <span class='ocrx_word' id='word_1_779' title='bbox 2700 3899 2858 3969; x_wconf 90' lang='lat' dir='ltr'>quod</span> <span class='ocrx_word' id='word_1_780' title='bbox 2889 3898 2963 3952; x_wconf 90' lang='lat' dir='ltr'>ob</span> <span class='ocrx_word' id='word_1_781' title='bbox 3016 3915 3180 3969; x_wconf 89' lang='lat' dir='ltr'>spem</span> <span class='ocrx_word' id='word_1_782' title='bbox 3229 3898 3573 3970; x_wconf 80' lang='lat' dir='ltr'>gloriamur,</span> <span class='ocrx_word' id='word_1_783' title='bbox 3625 3917 3742 3971; x_wconf 90' lang='lat' dir='ltr'>quo</span> 
     </span>
    </p>
   </div>
   <div class='ocr_carea' id='block_1_102' title="bbox 2102 3987 3743 4058">
    <p class='ocr_par' dir='ltr' id='par_1_102' title="bbox 2102 3987 3743 4058">
     <span class='ocr_line' id='line_1_104' title="bbox 2102 3987 3743 4058; baseline -0.002 -11"><span class='ocrx_word' id='word_1_784' title='bbox 2102 3991 2276 4048; x_wconf 88' lang='lat' dir='ltr'>modo</span> <span class='ocrx_word' id='word_1_785' title='bbox 2310 3994 2369 4044; x_wconf 91' lang='lat' dir='ltr'>et</span> <span class='ocrx_word' id='word_1_786' title='bbox 2405 3989 2499 4043; x_wconf 91' lang='lat' dir='ltr'>hic</span> <span class='ocrx_word' id='word_1_787' title='bbox 2530 4004 2765 4042; x_wconf 91' lang='lat' dir='ltr'>rursum</span> <span class='ocrx_word' id='word_1_788' title='bbox 2798 3987 2859 4041; x_wconf 91' lang='lat' dir='ltr'>in</span> <span class='ocrx_word' id='word_1_789' title='bbox 2905 4003 3068 4058; x_wconf 90' lang='lat' dir='ltr'>spem</span> <span class='ocrx_word' id='word_1_790' title='bbox 3120 3988 3543 4042; x_wconf 86' lang='lat' dir='ltr'>terminaverit.</span> <span class='ocrx_word' id='word_1_791' title='bbox 3598 3991 3743 4044; x_wconf 86' lang='lat' dir='ltr'>Nam</span> 
     </span>
    </p>
   </div>
   <div class='ocr_carea' id='block_1_103' title="bbox 2103 4077 3742 4150">
    <p class='ocr_par' dir='ltr' id='par_1_103' title="bbox 2103 4077 3742 4150">
     <span class='ocr_line' id='line_1_105' title="bbox 2103 4077 3742 4150; baseline -0.001 -14"><span class='ocrx_word' id='word_1_792' title='bbox 2103 4087 2353 4150; x_wconf 90' lang='lat' dir='ltr'>etaspe</span> <span class='ocrx_word' id='word_1_793' title='bbox 2385 4077 2667 4132; x_wconf 89' lang='lat' dir='ltr'>inchoare</span> <span class='ocrx_word' id='word_1_794' title='bbox 2717 4081 2968 4147; x_wconf 87' lang='lat' dir='ltr'>Oportet,</span> <span class='ocrx_word' id='word_1_795' title='bbox 3025 4081 3084 4130; x_wconf 91' lang='lat' dir='ltr'>et</span> <span class='ocrx_word' id='word_1_796' title='bbox 3139 4077 3413 4131; x_wconf 91' lang='lat' dir='ltr'>similiter</span> <span class='ocrx_word' id='word_1_797' title='bbox 3469 4079 3530 4132; x_wconf 90' lang='lat' dir='ltr'>in</span> <span class='ocrx_word' id='word_1_798' title='bbox 3590 4079 3742 4135; x_wconf 71' lang='lat'>260</span> 
     </span>
    </p>
   </div>
   <div class='ocr_carea' id='block_1_104' title="bbox 2102 4167 3744 4244">
    <p class='ocr_par' dir='ltr' id='par_1_104' title="bbox 2102 4167 3744 4244">
     <span class='ocr_line' id='line_1_106' title="bbox 2102 4167 3744 4244; baseline 0 -17"><span class='ocrx_word' id='word_1_799' title='bbox 2102 4188 2264 4244; x_wconf 78' lang='lat' dir='ltr'>spem</span> <span class='ocrx_word' id='word_1_800' title='bbox 2296 4169 2586 4226; x_wconf 88' lang='lat' dir='ltr'>desinere.</span> <span class='ocrx_word' id='word_1_801' title='bbox 2626 4170 2834 4224; x_wconf 88' lang='lat' dir='ltr'>Verum</span> <span class='ocrx_word' id='word_1_802' title='bbox 2871 4186 3004 4241; x_wconf 91' lang='lat' dir='ltr'>spes</span> <span class='ocrx_word' id='word_1_803' title='bbox 3037 4167 3277 4238; x_wconf 89' lang='lat' dir='ltr'>quidem</span> <span class='ocrx_word' id='word_1_804' title='bbox 3330 4168 3744 4241; x_wconf 89' lang='lat' dir='ltr'>incipientium</span> 
     </span>
    </p>
   </div>
   <div class='ocr_carea' id='block_1_105' title="bbox 2101 4256 3741 4332">
    <p class='ocr_par' dir='ltr' id='par_1_105' title="bbox 2101 4256 3741 4332">
     <span class='ocr_line' id='line_1_107' title="bbox 2101 4256 3741 4332; baseline -0.001 -17"><span class='ocrx_word' id='word_1_805' title='bbox 2101 4259 2368 4332; x_wconf 88' lang='lat' dir='ltr'>npndum</span> <span class='ocrx_word' id='word_1_806' title='bbox 2401 4257 2780 4313; x_wconf 82' lang='lat' dir='ltr'>manifestum</span> <span class='ocrx_word' id='word_1_807' title='bbox 2815 4263 2904 4311; x_wconf 91' lang='lat' dir='ltr'>est</span> <span class='ocrx_word' id='word_1_808' title='bbox 2933 4256 3228 4329; x_wconf 90' lang='lat' dir='ltr'>quomodo</span> <span class='ocrx_word' id='word_1_809' title='bbox 3260 4273 3322 4312; x_wconf 91' lang='lat' dir='ltr'>se</span> <span class='ocrx_word' id='word_1_810' title='bbox 3345 4256 3576 4318; x_wconf 83' lang='lat' dir='ltr'>habeat,</span> <span class='ocrx_word' id='word_1_811' title='bbox 3608 4275 3741 4314; x_wconf 89' lang='lat' dir='ltr'>cum</span> 
     </span>
    </p>
   </div>
   <div class='ocr_carea' id='block_1_106' title="bbox 2100 4347 3736 4406">
    <p class='ocr_par' dir='ltr' id='par_1_106' title="bbox 2100 4347 3736 4406">
     <span class='ocr_line' id='line_1_108' title="bbox 2100 4347 3736 4406; baseline -0.001 -2"><span class='ocrx_word' id='word_1_812' title='bbox 2100 4348 2364 4404; x_wconf 92' lang='lat' dir='ltr'>nondum</span> <span class='ocrx_word' id='word_1_813' title='bbox 2395 4353 2717 4406; x_wconf 89' lang='lat' dir='ltr'>occurrunt</span> <span class='ocrx_word' id='word_1_814' title='bbox 2769 4347 3122 4403; x_wconf 83' lang='lat' dir='ltr'>afﬂictiones</span> <span class='ocrx_word' id='word_1_815' title='bbox 3179 4352 3280 4403; x_wconf 89' lang='lat' dir='ltr'>aut</span> <span class='ocrx_word' id='word_1_816' title='bbox 3337 4347 3736 4403; x_wconf 89' lang='lat' dir='ltr'>tentationes:</span> 
     </span>
    </p>
   </div>
   <div class='ocr_carea' id='block_1_107' title="bbox 2101 4437 3736 4511">
    <p class='ocr_par' dir='ltr' id='par_1_107' title="bbox 2101 4437 3736 4511">
     <span class='ocr_line' id='line_1_109' title="bbox 2101 4437 3736 4511; baseline 0.001 -18"><span class='ocrx_word' id='word_1_817' title='bbox 2101 4456 2230 4511; x_wconf 65' lang='lat' dir='ltr'>quas</span> <span class='ocrx_word' id='word_1_818' title='bbox 2261 4455 2388 4493; x_wconf 88' lang='lat' dir='ltr'>vers</span> <span class='ocrx_word' id='word_1_819' title='bbox 2430 4455 2536 4510; x_wconf 90' lang='lat' dir='ltr'>per</span> <span class='ocrx_word' id='word_1_820' title='bbox 2565 4438 2672 4494; x_wconf 89' lang='lat' dir='ltr'>has</span> <span class='ocrx_word' id='word_1_821' title='bbox 2727 4439 3017 4502; x_wconf 80' lang='lat' dir='ltr'>transivit,</span> <span class='ocrx_word' id='word_1_822' title='bbox 3079 4437 3442 4509; x_wconf 88' lang='lat' dir='ltr'>probataque</span> <span class='ocrx_word' id='word_1_823' title='bbox 3500 4445 3610 4505; x_wconf 88' lang='lat' dir='ltr'>est,</span> <span class='ocrx_word' id='word_1_824' title='bbox 3669 4455 3736 4494; x_wconf 90' lang='lat' dir='ltr'>ac</span> 
     </span>
    </p>
   </div>
   <div class='ocr_carea' id='block_1_108' title="bbox 2098 4526 3735 4600">
    <p class='ocr_par' dir='ltr' id='par_1_108' title="bbox 2098 4526 3735 4600">
     <span class='ocr_line' id='line_1_110' title="bbox 2098 4526 3735 4600; baseline -0.001 -16"><span class='ocrx_word' id='word_1_825' title='bbox 2098 4529 2474 4584; x_wconf 83' lang='lat' dir='ltr'>manifestata</span> <span class='ocrx_word' id='word_1_826' title='bbox 2496 4528 2652 4600; x_wconf 90' lang='lat' dir='ltr'>quod</span> <span class='ocrx_word' id='word_1_827' title='bbox 2675 4528 2901 4584; x_wconf 89' lang='lat' dir='ltr'>nullam</span> <span class='ocrx_word' id='word_1_828' title='bbox 2922 4527 3137 4583; x_wconf 88' lang='lat' dir='ltr'>habeat</span> <span class='ocrx_word' id='word_1_829' title='bbox 3153 4526 3735 4599; x_wconf 81' lang='lat' dir='ltr'>ambiguitatem,nec</span> 
     </span>
    </p>
   </div>
   <div class='ocr_carea' id='block_1_109' title="bbox 2093 4615 3736 4689">
    <p class='ocr_par' dir='ltr' id='par_1_109' title="bbox 2093 4615 3736 4689">
     <span class='ocr_line' id='line_1_111' title="bbox 2093 4615 3736 4689; baseline 0 -17"><span class='ocrx_word' id='word_1_830' title='bbox 2093 4617 2382 4673; x_wconf 88' lang='lat' dir='ltr'>ﬂuctuat:</span> <span class='ocrx_word' id='word_1_831' title='bbox 2423 4619 2548 4672; x_wconf 63' lang='lat' dir='ltr'>haec</span> <span class='ocrx_word' id='word_1_832' title='bbox 2582 4624 2638 4673; x_wconf 92' lang='lat' dir='ltr'>et</span> <span class='ocrx_word' id='word_1_833' title='bbox 2676 4617 3101 4689; x_wconf 85' lang='lat' dir='ltr'>perfectionem</span> <span class='ocrx_word' id='word_1_834' title='bbox 3161 4615 3354 4683; x_wconf 88' lang='lat' dir='ltr'>habet,</span> <span class='ocrx_word' id='word_1_835' title='bbox 3406 4621 3464 4670; x_wconf 90' lang='lat' dir='ltr'>et</span> <span class='ocrx_word' id='word_1_836' title='bbox 3516 4633 3644 4671; x_wconf 85' lang='lat' dir='ltr'>eam</span> <span class='ocrx_word' id='word_1_837' title='bbox 3676 4617 3736 4673; x_wconf 91' lang='lat' dir='ltr'>in</span> 
     </span>
    </p>
   </div>
   <div class='ocr_carea' id='block_1_110' title="bbox 2093 4707 3738 4780">
    <p class='ocr_par' dir='ltr' id='par_1_110' title="bbox 2093 4707 3738 4780">
     <span class='ocr_line' id='line_1_112' title="bbox 2093 4707 3738 4780; baseline 0.001 -19"><span class='ocrx_word' id='word_1_838' title='bbox 2093 4707 2375 4762; x_wconf 81' lang='lat' dir='ltr'>fruitione</span> <span class='ocrx_word' id='word_1_839' title='bbox 2407 4725 2611 4763; x_wconf 90' lang='lat' dir='ltr'>eorum</span> <span class='ocrx_word' id='word_1_840' title='bbox 2644 4724 2774 4778; x_wconf 83' lang='lat' dir='ltr'>quae</span> <span class='ocrx_word' id='word_1_841' title='bbox 2806 4713 3121 4777; x_wconf 90' lang='lat' dir='ltr'>sperantur</span> <span class='ocrx_word' id='word_1_842' title='bbox 3177 4707 3431 4778; x_wconf 90' lang='lat' dir='ltr'>reponit.</span> <span class='ocrx_word' id='word_1_843' title='bbox 3475 4709 3738 4780; x_wconf 88' lang='lat' dir='ltr'>Speravit</span> 
     </span>
    </p>
   </div>
   <div class='ocr_carea' id='block_1_111' title="bbox 2093 4796 3733 4869">
    <p class='ocr_par' dir='ltr' id='par_1_111' title="bbox 2093 4796 3733 4869">
     <span class='ocr_line' id='line_1_113' title="bbox 2093 4796 3733 4869; baseline 0.001 -17"><span class='ocrx_word' id='word_1_844' title='bbox 2093 4796 2386 4853; x_wconf 88' lang='lat' dir='ltr'>Abraham</span> <span class='ocrx_word' id='word_1_845' title='bbox 2403 4802 2535 4869; x_wconf 90' lang='lat' dir='ltr'>post</span> <span class='ocrx_word' id='word_1_846' title='bbox 2558 4802 2945 4865; x_wconf 89' lang='lat' dir='ltr'>senectutem,</span> <span class='ocrx_word' id='word_1_847' title='bbox 2961 4813 3027 4852; x_wconf 89' lang='lat' dir='ltr'>ac</span> <span class='ocrx_word' id='word_1_848' title='bbox 3061 4797 3321 4852; x_wconf 89' lang='lat' dir='ltr'>matricis</span> <span class='ocrx_word' id='word_1_849' title='bbox 3337 4797 3733 4865; x_wconf 90' lang='lat' dir='ltr'>sterilitatem,</span> 
     </span>
    </p>
   </div>
   <div class='ocr_carea' id='block_1_112' title="bbox 2094 4887 3734 4961">
    <p class='ocr_par' dir='ltr' id='par_1_112' title="bbox 2094 4887 3734 4961">
     <span class='ocr_line' id='line_1_114' title="bbox 2094 4887 3734 4961; baseline 0.001 -17"><span class='ocrx_word' id='word_1_850' title='bbox 2094 4888 2250 4959; x_wconf 88' lang='lat' dir='ltr'>quod</span> <span class='ocrx_word' id='word_1_851' title='bbox 2273 4890 2444 4961; x_wconf 88' lang='lat' dir='ltr'>juxta</span> <span class='ocrx_word' id='word_1_852' title='bbox 2470 4887 2924 4960; x_wconf 89' lang='lat' dir='ltr'>promissionem</span> <span class='ocrx_word' id='word_1_853' title='bbox 2954 4888 3188 4944; x_wconf 86' lang='lat' dir='ltr'>futurus</span> <span class='ocrx_word' id='word_1_854' title='bbox 3215 4895 3370 4945; x_wconf 90' lang='lat' dir='ltr'>esset</span> <span class='ocrx_word' id='word_1_855' title='bbox 3398 4897 3584 4961; x_wconf 90' lang='lat' dir='ltr'>pater.</span> <span class='ocrx_word' id='word_1_856' title='bbox 3614 4893 3734 4946; x_wconf 79' lang='lat' dir='ltr'>Ma-</span> 
     </span>
    </p>
   </div>
   <div class='ocr_carea' id='block_1_113' title="bbox 2090 4978 3729 5052">
    <p class='ocr_par' dir='ltr' id='par_1_113' title="bbox 2090 4978 3729 5052">
     <span class='ocr_line' id='line_1_115' title="bbox 2090 4978 3729 5052; baseline 0.003 -20"><span class='ocrx_word' id='word_1_857' title='bbox 2090 4994 2271 5051; x_wconf 83' lang='lat' dir='ltr'>gnum</span> <span class='ocrx_word' id='word_1_858' title='bbox 2303 4979 2543 5049; x_wconf 89' lang='lat' dir='ltr'>quidem</span> <span class='ocrx_word' id='word_1_859' title='bbox 2575 4978 2908 5046; x_wconf 76' lang='lat' dir='ltr'>hoc,atnon</span> <span class='ocrx_word' id='word_1_860' title='bbox 2943 4980 3115 5050; x_wconf 90' lang='lat' dir='ltr'>quale</span> <span class='ocrx_word' id='word_1_861' title='bbox 3139 4986 3271 5052; x_wconf 90' lang='lat' dir='ltr'>post</span> <span class='ocrx_word' id='word_1_862' title='bbox 3301 4981 3729 5052; x_wconf 87' lang='lat' dir='ltr'>probationem.</span> 
     </span>
    </p>
   </div>
   <div class='ocr_carea' id='block_1_114' title="bbox 2089 5067 3729 5141">
    <p class='ocr_par' dir='ltr' id='par_1_114' title="bbox 2089 5067 3729 5141">
     <span class='ocr_line' id='line_1_116' title="bbox 2089 5067 3729 5141; baseline 0.001 -17"><span class='ocrx_word' id='word_1_863' title='bbox 2089 5069 2355 5124; x_wconf 88' lang='lat' dir='ltr'>Tentavit</span> <span class='ocrx_word' id='word_1_864' title='bbox 2381 5067 2550 5122; x_wconf 90' lang='lat' dir='ltr'>illum</span> <span class='ocrx_word' id='word_1_865' title='bbox 2575 5069 2728 5123; x_wconf 91' lang='lat' dir='ltr'>Deus</span> <span class='ocrx_word' id='word_1_866' title='bbox 2752 5075 2809 5122; x_wconf 93' lang='lat' dir='ltr'>et</span> <span class='ocrx_word' id='word_1_867' title='bbox 2829 5069 3266 5141; x_wconf 90' lang='lat' dir='ltr'>quodammodo</span> <span class='ocrx_word' id='word_1_868' title='bbox 3291 5071 3729 5131; x_wconf 76' lang='lat' dir='ltr'>conflavit,vere</span> 
     </span>
    </p>
   </div>
   <div class='ocr_carea' id='block_1_115' title="bbox 2090 5157 3727 5231">
    <p class='ocr_par' dir='ltr' id='par_1_115' title="bbox 2090 5157 3727 5231">
     <span class='ocr_line' id='line_1_117' title="bbox 2090 5157 3727 5231; baseline 0.001 -19"><span class='ocrx_word' id='word_1_869' title='bbox 2090 5157 2388 5213; x_wconf 89' lang='lat' dir='ltr'>horrenda</span> <span class='ocrx_word' id='word_1_870' title='bbox 2416 5157 2670 5228; x_wconf 88' lang='lat' dir='ltr'>quadam</span> <span class='ocrx_word' id='word_1_871' title='bbox 2701 5174 2769 5213; x_wconf 88' lang='lat' dir='ltr'>ac</span> <span class='ocrx_word' id='word_1_872' title='bbox 2798 5158 3048 5214; x_wconf 90' lang='lat' dir='ltr'>terribili</span> <span class='ocrx_word' id='word_1_873' title='bbox 3079 5159 3316 5215; x_wconf 80' lang='lat' dir='ltr'>fornace</span> <span class='ocrx_word' id='word_1_874' title='bbox 3347 5176 3360 5214; x_wconf 90' lang='lat'><strong>:</strong></span> <span class='ocrx_word' id='word_1_875' title='bbox 3410 5161 3544 5231; x_wconf 78' lang='lat' dir='ltr'>igne</span> <span class='ocrx_word' id='word_1_876' title='bbox 3573 5161 3727 5214; x_wconf 86' lang='lat' dir='ltr'>inte-</span> 
     </span>
    </p>
   </div>
   <div class='ocr_carea' id='block_1_116' title="bbox 2089 5248 3725 5321">
    <p class='ocr_par' dir='ltr' id='par_1_116' title="bbox 2089 5248 3725 5321">
     <span class='ocr_line' id='line_1_118' title="bbox 2089 5248 3725 5321; baseline 0.001 -17"><span class='ocrx_word' id='word_1_877' title='bbox 2089 5248 2212 5304; x_wconf 90' lang='lat' dir='ltr'>rius</span> <span class='ocrx_word' id='word_1_878' title='bbox 2238 5263 2508 5315; x_wconf 86' lang='lat' dir='ltr'>accenso,</span> <span class='ocrx_word' id='word_1_879' title='bbox 2543 5248 2780 5319; x_wconf 89' lang='lat' dir='ltr'>quando</span> <span class='ocrx_word' id='word_1_880' title='bbox 2813 5249 3004 5304; x_wconf 86' lang='lat' dir='ltr'>ﬁlium</span> <span class='ocrx_word' id='word_1_881' title='bbox 3045 5249 3251 5321; x_wconf 86' lang='lat' dir='ltr'>jussus</span> <span class='ocrx_word' id='word_1_882' title='bbox 3299 5255 3388 5303; x_wconf 91' lang='lat' dir='ltr'>est</span> <span class='ocrx_word' id='word_1_883' title='bbox 3428 5249 3725 5321; x_wconf 77' lang='lat' dir='ltr'>jugulare.</span> 
     </span>
    </p>
   </div>
   <div class='ocr_carea' id='block_1_117' title="bbox 2089 5336 3726 5411">
    <p class='ocr_par' dir='ltr' id='par_1_117' title="bbox 2089 5336 3726 5411">
     <span class='ocr_line' id='line_1_119' title="bbox 2089 5336 3726 5411; baseline 0.002 -19"><span class='ocrx_word' id='word_1_884' title='bbox 2089 5336 2358 5392; x_wconf 89' lang='lat' dir='ltr'>Ostendit</span> <span class='ocrx_word' id='word_1_885' title='bbox 2385 5336 2484 5391; x_wconf 91' lang='lat' dir='ltr'>ille</span> <span class='ocrx_word' id='word_1_886' title='bbox 2507 5354 2613 5410; x_wconf 89' lang='lat' dir='ltr'>per</span> <span class='ocrx_word' id='word_1_887' title='bbox 2643 5337 2768 5394; x_wconf 69' lang='lat' dir='ltr'>haec</span> <span class='ocrx_word' id='word_1_888' title='bbox 2800 5339 3215 5394; x_wconf 87' lang='lat' dir='ltr'>inconcussam</span> <span class='ocrx_word' id='word_1_889' title='bbox 3241 5337 3634 5411; x_wconf 88' lang='lat' dir='ltr'>stabilemque</span> <span class='ocrx_word' id='word_1_890' title='bbox 3659 5340 3726 5396; x_wconf 83' lang='lat' dir='ltr'>fi-</span> 
     </span>
    </p>
   </div>
   <div class='ocr_carea' id='block_1_118' title="bbox 2091 5424 3728 5499">
    <p class='ocr_par' dir='ltr' id='par_1_118' title="bbox 2091 5424 3728 5499">
     <span class='ocr_line' id='line_1_120' title="bbox 2091 5424 3728 5499; baseline 0.003 -18"><span class='ocrx_word' id='word_1_891' title='bbox 2091 5424 2246 5482; x_wconf 91' lang='lat' dir='ltr'>dem.</span> <span class='ocrx_word' id='word_1_892' title='bbox 2279 5425 2545 5484; x_wconf 85' lang='lat' dir='ltr'>Cucurrit</span> <span class='ocrx_word' id='word_1_893' title='bbox 2574 5427 2732 5482; x_wconf 89' lang='lat' dir='ltr'>enim</span> <span class='ocrx_word' id='word_1_894' title='bbox 2773 5433 2838 5482; x_wconf 92' lang='lat' dir='ltr'>ut</span> <span class='ocrx_word' id='word_1_895' title='bbox 2876 5429 3064 5483; x_wconf 84' lang='lat' dir='ltr'>filium</span> <span class='ocrx_word' id='word_1_896' title='bbox 3090 5426 3428 5499; x_wconf 66' lang='lat' dir='ltr'>jugularet:</span> <span class='ocrx_word' id='word_1_897' title='bbox 3463 5445 3575 5484; x_wconf 90' lang='lat' dir='ltr'>nec</span> <span class='ocrx_word' id='word_1_898' title='bbox 3632 5447 3728 5486; x_wconf 88' lang='lat' dir='ltr'>va-</span> 
     </span>
    </p>
   </div>
   <div class='ocr_carea' id='block_1_119' title="bbox 2089 5515 3729 5592">
    <p class='ocr_par' dir='ltr' id='par_1_119' title="bbox 2089 5515 3729 5592">
     <span class='ocr_line' id='line_1_121' title="bbox 2089 5515 3729 5592; baseline 0.003 -22"><span class='ocrx_word' id='word_1_899' title='bbox 2089 5515 2327 5571; x_wconf 88' lang='lat' dir='ltr'>cillabat</span> <span class='ocrx_word' id='word_1_900' title='bbox 2357 5516 2513 5571; x_wconf 92' lang='lat' dir='ltr'>intra</span> <span class='ocrx_word' id='word_1_901' title='bbox 2543 5534 2604 5572; x_wconf 91' lang='lat' dir='ltr'>se</span> <span class='ocrx_word' id='word_1_902' title='bbox 2637 5517 2899 5590; x_wconf 82' lang='lat' dir='ltr'>cogitans</span> <span class='ocrx_word' id='word_1_903' title='bbox 2933 5534 2945 5572; x_wconf 89' lang='lat'><strong>:</strong></span> <span class='ocrx_word' id='word_1_904' title='bbox 3007 5516 3309 5582; x_wconf 87' lang='lat' dir='ltr'>Quomodo</span> <span class='ocrx_word' id='word_1_905' title='bbox 3369 5533 3504 5591; x_wconf 78' lang='lat' dir='ltr'>ergo</span> <span class='ocrx_word' id='word_1_906' title='bbox 3560 5527 3729 5592; x_wconf 89' lang='lat' dir='ltr'>pater</span> 
     </span>
    </p>
   </div>
   <div class='ocr_carea' id='block_1_120' title="bbox 2091 5604 3806 5682">
    <p class='ocr_par' dir='ltr' id='par_1_120' title="bbox 2091 5604 3806 5682">
     <span class='ocr_line' id='line_1_122' title="bbox 2091 5604 3806 5682; baseline 0.002 -20"><span class='ocrx_word' id='word_1_907' title='bbox 2091 5607 2236 5662; x_wconf 89' lang='lat' dir='ltr'>ero?</span> <span class='ocrx_word' id='word_1_908' title='bbox 2270 5604 2330 5662; x_wconf 87' lang='lat' dir='ltr'>Id</span> <span class='ocrx_word' id='word_1_909' title='bbox 2357 5621 2496 5662; x_wconf 89' lang='lat' dir='ltr'>sane</span> <span class='ocrx_word' id='word_1_910' title='bbox 2528 5605 2781 5663; x_wconf 86' lang='lat' dir='ltr'>maxime</span> <span class='ocrx_word' id='word_1_911' title='bbox 2815 5612 2904 5662; x_wconf 89' lang='lat' dir='ltr'>est</span> <span class='ocrx_word' id='word_1_912' title='bbox 2959 5606 3135 5662; x_wconf 82' lang='lat' dir='ltr'>fidei:</span> <span class='ocrx_word' id='word_1_913' title='bbox 3181 5605 3314 5662; x_wconf 91' lang='lat' dir='ltr'>ideo</span> <span class='ocrx_word' id='word_1_914' title='bbox 3364 5610 3540 5663; x_wconf 86' lang='lat' dir='ltr'>etiam</span> <span class='ocrx_word' id='word_1_915' title='bbox 3592 5627 3722 5681; x_wconf 64' lang='lat' dir='ltr'>quae</span> <span class='ocrx_word' id='word_1_916' title='bbox 3799 5679 3806 5682; x_wconf 97' lang='lat'>_</span> 
     </span>
    </p>
   </div>
   <div class='ocr_carea' id='block_1_121' title="bbox 2090 5695 3718 5774">
    <p class='ocr_par' dir='ltr' id='par_1_121' title="bbox 2090 5695 3718 5774">
     <span class='ocr_line' id='line_1_123' title="bbox 2090 5695 3718 5774; baseline 0.004 -21"><span class='ocrx_word' id='word_1_917' title='bbox 2090 5695 2366 5769; x_wconf 88' lang='lat' dir='ltr'>sperabat</span> <span class='ocrx_word' id='word_1_918' title='bbox 2393 5702 2481 5753; x_wconf 91' lang='lat' dir='ltr'>est</span> <span class='ocrx_word' id='word_1_919' title='bbox 2517 5702 2840 5754; x_wconf 88' lang='lat' dir='ltr'>assecutus.</span> <span class='ocrx_word' id='word_1_920' title='bbox 2877 5720 2904 5748; x_wconf 84' lang='lat'><strong>«</strong></span> <span class='ocrx_word' id='word_1_921' title='bbox 2944 5697 3218 5754; x_wconf 71' lang='lat' dir='ltr'>l’robatio</span> <span class='ocrx_word' id='word_1_922' title='bbox 3276 5717 3411 5757; x_wconf 82' lang='lat' dir='ltr'>vero</span> <span class='ocrx_word' id='word_1_923' title='bbox 3470 5719 3657 5774; x_wconf 86' lang='lat' dir='ltr'>spem.</span> <span class='ocrx_word' id='word_1_924' title='bbox 3692 5725 3718 5752; x_wconf 70' lang='grc' dir='ltr'>κ</span> 
     </span>
    </p>
   </div>
  </div>
