4126 6256
395 377 506 436 Mi

1475 369 1722 431 CECUM
1731 371 1827 428 EN
1837 370 1890 429 ΙΙ
1934 368 2236 430 TRICOE
2283 369 2647 432 EPISCOPI.

3663 380 3795 439 413

385 508 552 562 Certe
583 504 683 574 qui
713 520 893 575 prava
921 500 1306 558 stimulantur
1333 500 1719 567 conscientia,
1768 517 1842 556 ne
1892 517 2024 573 spe-

2158 520 2224 556 ην
2291 503 2446 573 ἡμῖν.
2508 501 2586 559 Οὐ
2643 503 2748 579 γάρ
2825 505 2988 576 ἡμεῖς
3077 504 3309 567 οἰκείους
3367 508 3796 582 κατορθώμασιν

383 601 519 651 rant
548 592 789 664 quidem
837 592 978 646 boni
1034 607 1098 646 ac
1155 590 1292 646 mali
1354 591 1830 646 retributionem.
1889 591 2033 645 Nam

386 686 638 756 quisque
669 681 826 752 quod
873 680 1052 751 cupit,
1118 681 1228 734 hoc
1287 681 1465 734 etiam
1525 679 1638 734 sibi
1696 679 2034 751 persuadet.

385 796 412 824 ‹‹
446 775 592 840 Quia
622 773 878 827 charitas
904 770 1025 824 Dei.
1053 790 1080 817 ››
1105 771 1174 823 Et
1202 769 1382 836 unde,
1415 770 1630 839 inquit,
1656 770 2035 825 manifestum

384 871 472 918 est
503 861 661 933 quod
699 863 851 915 Deus
881 859 962 913 ibi
997 859 1243 913 daturus
1275 858 1353 912 sit
1385 859 1556 912 nobis
1589 858 1745 913 bona
1767 859 1794 913 ?
1824 858 2037 914 Unde?

384 955 465 1008 Ex
496 954 588 1007 his
620 968 750 1022 quae
781 951 878 1004 hic
909 948 1090 1002 dedit.
1116 948 1266 1012 Quid
1288 954 1485 1002 autem
1511 948 2036 1018 dedit?Spiritum,

385 1041 486 1106 ait,
521 1042 618 1111 qui
654 1056 722 1094 ex
756 1038 882 1093 sola
913 1038 1013 1091 Dei
1048 1037 1367 1091 dilectione
1399 1053 1516 1107 qua
1546 1053 1654 1092 nos
1705 1037 1934 1097 dilexit,
1970 1039 2032 1091 in

384 1147 494 1186 nos
525 1126 891 1199 supervenit;
914 1142 1106 1194 neque
1127 1125 1287 1179 enim
1311 1141 1418 1178 nos
1442 1124 2033 1198 propriisbonisope-

2145 588 2561 662 ἐπεσπασάμεθα
2601 592 2700 660 τὴν
2761 595 2926 668 χάριν
2982 597 3079 648 τοῦ
3142 599 3473 665 Πνευματος.
3547 622 3568 645 ι
3607 598 3798 651 Ἐκκὲ-

2146 698 2332 754 χυται.
2372 701 2399 727 ››
2436 677 2638 740 Καλῶς
2678 677 2736 735 δὲ
2764 683 2865 750 τήν
2918 680 3135 758 ἀγάπην
3185 687 3281 737 τοῦ
3331 687 3486 752 Θεοῦ,
3588 684 3730 739 ἐστιν
3762 686 3804 754 ἡ

2149 764 2299 827 δόσις
2389 773 2488 822 τοῦ
2578 771 2917 843 Ιινεύματος,
3022 771 3162 827 εἶπεν
3259 771 3605 848 ἐκκεχύσθαε,
3683 774 3811 829 οἶον

2151 853 2400 929 δαψιλῶς
2461 855 2726 914 δεδόσθαι.
2801 883 2829 910 ‹‹
2900 861 2983 914 Ἐν
3053 867 3172 924 ταῖς
3239 859 3485 934 καρδίαις
3552 866 3733 934 ἡμῶν.
3773 888 3808 917 »

2147 949 2339 1016 Νοητὴ
2419 948 2521 1025 γὰρ
2591 951 2624 1016 ἠ
2693 947 2963 1016 ἐνοίκησις
3054 955 3150 1006 τοῦ

2147 1036 2433 1110 τρισαγίου
2509 1037 2845 1111 υνεύματος,
2920 1040 3011 1094 καὶ

2151 1123 2366 1194 ληπτή.

3247 957 3623 1024 προσκυνητοῦ
3707 954 3809 1008 καὶ

3103 1044 3176 1111 νῷ
3237 1040 3384 1113 μόνῳ
3452 1041 3542 1096 καὶ
3595 1040 3801 1118 καρδίᾳ

383 1219 551 1276 ribus
581 1217 833 1289 Spiritus
863 1215 1108 1286 gratiam
1140 1213 1509 1269 attraximus.
1544 1238 1570 1263 α
1607 1215 1804 1269 Effusa
1835 1220 1942 1268 est.
1982 1239 2006 1260 υ
2049 1215 2300 1271 Pulchre
2358 1223 2557 1272 autem
2606 1218 2690 1273 ait
2735 1219 2836 1274 Dei
2895 1218 3297 1280 dilectionem.
3350 1237 3482 1292 qum
3539 1222 3799 1294 Spiritus

381 1308 606 1364 donum
638 1311 746 1370 est,
779 1304 1028 1358 effusam
1060 1319 1208 1369 esse,
1242 1303 1352 1358 hoc
1379 1309 1468 1358 est
1515 1303 1755 1377 largiter
1811 1303 2109 1360 donatam.
2149 1328 2169 1354 ι
2206 1307 2272 1360 In
2331 1307 2608 1363 cordibus
2660 1310 2899 1364 nostris.
2931 1329 2960 1358 »
3016 1310 3439 1366 lntellectualis
3492 1313 3649 1367 enim
3695 1316 3795 1366 est.

383 1395 668 1454 adorandi
735 1392 1212 1464 sanctissimique
1277 1391 1529 1464 Spiritus
1593 1392 1968 1461 inhabitatio,

388 1493 504 1543 tur.

461 1577 525 1638 V,
560 1579 612 1643 6,
643 1575 697 1628 7.
730 1573 973 1628 Christus
1027 1574 1193 1639 enim,
1250 1589 1371 1628 cum
1424 1573 1603 1629 adhuc
1661 1588 1887 1628 essemus
1946 1576 2032 1628 in-

386 1664 534 1731 ﬁrmi
560 1662 860 1716 secundum
889 1668 1121 1731 tempus,
1149 1677 1253 1730 pro
1285 1660 1472 1730 impiis
1487 1669 1730 1716 mortuus
1760 1669 1857 1718 est.
1892 1665 2027 1718 Nam

388 1755 485 1806 vim
507 1767 616 1822 pro
637 1753 790 1821 justo
820 1752 943 1821 quis
976 1752 1214 1804 moritur
1238 1766 1260 1812 ;
1285 1766 1390 1819 pro
1421 1750 1559 1804 bono
1605 1751 1882 1822 siquidem
1911 1755 2034 1820 for-

387 1843 532 1896 sitan
561 1840 764 1910 aliquis
794 1840 960 1894 audet
999 1841 1167 1894 etiam
1195 1841 1357 1892 mori.

462 1931 607 1986 Cum
641 1929 1000 1984 sanctissimi
1034 1928 1285 1999 Spiritus
1317 1927 1538 1985 donum
1571 1927 1818 1984 dixisset
1842 1935 2039 1985 trans-

387 2019 543 2075 ferre
575 2035 684 2074 nos
715 2019 778 2073 in
812 2019 1016 2083 Deum,
1052 2017 1164 2072 tria
1221 2018 1388 2089 ponit
1441 2034 1572 2089 quas
1623 2019 2038 2075 excellentiam

395 2108 716 2163 ostendant
743 2109 964 2162 amoris
996 2107 1096 2162 Dei
1129 2123 1266 2173 erga
1297 2124 1427 2168 nos,
1460 2107 1757 2178 simulque
1788 2108 2042 2179 probent

397 2198 526 2269 ejus
557 2197 617 2252 in
648 2202 950 2268 posterum
1000 2195 1435 2267 providentiam
1489 2213 1556 2252 ac
1615 2196 2041 2269 benignitatem

396 2303 532 2355 erga
552 2286 846 2342 homines.
879 2285 1009 2340 Haec
1031 2291 1226 2340 autem
1257 2285 1367 2340 tria
1389 2301 1458 2340 ex
1484 2301 1551 2339 eo
1575 2285 1700 2340 solo
1715 2286 1874 2356 quod
1901 2286 2008 2343 sub
2027 2317 2040 2326 -

389 2376 664 2449 jungitur
692 2374 963 2440 assumit,
996 2374 1271 2429 videlicet
1299 2375 1370 2428 ab
1404 2374 1526 2429 illis
1547 2375 1704 2430 circa
1725 2393 1857 2446 qum
1888 2375 2046 2431 facta

397 2473 488 2522 est
515 2465 734 2521 amoris
762 2465 1212 2520 demonstratio.
1246 2466 1390 2520 Nam
1424 2473 1562 2520 sunt
1592 2480 1826 2523 rursum
1853 2465 2045 2521 etalia

394 2573 462 2612 ex
495 2571 562 2611 eo
595 2561 830 2626 sumpta
856 2555 954 2624 qui
985 2553 1212 2617 dilexit,
1246 2554 1463 2624 quibus
1495 2555 1674 2610 etiam
1704 2555 2041 2611 dilectionis

399 2645 750 2701 excellentia
781 2644 924 2699 26!
964 2643 1262 2714 profertur
1301 2659 1368 2698 ac
1424 2644 1805 2700 constituitur
1837 2661 1849 2698 :
1903 2650 2045 2716 puta

395 2734 742 2806 virginalem
775 2731 1139 2786 inhabitasse
1167 2739 1423 2792 uterum.
1461 2740 1520 2787 et
1544 2749 1782 2786 carnem
1845 2749 1915 2788 ex
1972 2749 2043 2788 ea

400 2823 750 2894 sumpsisse,
782 2820 1183 2892 legistatorem
1229 2819 1407 2875 etiam
1461 2819 1809 2878 obsecutum
1858 2821 2040 2879 fuisse

396 2911 544 2983 legis
573 2911 904 2981 praeceptis.

467 2999 690 3055 Deinde
721 2997 1114 3054 contumelias
1143 3013 1400 3069 quoque,
1433 2997 1707 3070 injurias,
1739 3004 1798 3055 et
1835 2999 2040 3071 alapas

395 3092 777 3148 sustinuisse:
803 3089 1078 3160 quodque
1093 3106 1184 3146 om
1196 3091 1360 3146 nium
1374 3097 1552 3161 caput
1572 3096 1860 3158 est,cruce
1885 3107 2040 3147 mor-

398 3186 516 3236 tem
551 3179 893 3252 oppetiisse.
927 3180 1058 3251 Ipse
1091 3195 1224 3234 vero
1255 3180 1570 3250 Apostolus
1599 3179 1692 3234 his
1724 3197 1853 3252 quae
1886 3198 1956 3236 ex
1976 3197 2043 3236 eo

395 3271 548 3330 sumi
579 3274 857 3341 poterant
886 3268 984 3339 qui
1018 3268 1322 3324 dilexerat.
1351 3268 1411 3323 in
1445 3285 1739 3326 summam
1765 3269 2040 3334 redactis,

395 3360 642 3430 solaque
667 3358 900 3412 interim
929 3363 1115 3412 morte
1147 3357 1634 3422 relata,distinxit
1655 3358 1775 3422 illa,
1805 3375 1936 3430 quas
1968 3359 2042 3416 ab

393 3449 488 3504 his
511 3452 746 3517 sumpta
767 3453 937 3502 erant
957 3446 1056 3517 qui
1083 3447 1258 3500 amati
1280 3453 1436 3501 sunt.
1472 3447 1575 3502 Hic
1597 3455 1795 3504 autem
1827 3449 2036 3519 hujus-

395 3536 554 3592 modi
573 3535 840 3590 tractatio
859 3535 918 3590 in
935 3536 1042 3590 hoc
1055 3533 1344 3589 commoda
1360 3541 1488 3589 estA
1503 3536 1732 3607 postolo
1745 3542 1829 3590 .ut
1841 3544 2040 3592 osten-

2158 3535 2435 3601 νοήσεται,
2493 3533 2585 3588 καὶ
2639 3532 2982 3609 ὖπερασπιεῖ,
3041 3537 3130 3590 καὶ

397 3627 498 3681 dat
527 3623 682 3695 quod
716 3624 891 3678 etiam
931 3623 1173 3694 posthac
1208 3624 1393 3695 magis
1417 3640 1486 3678 ac
1504 3625 1689 3694 magis
1715 3624 1888 3679 nobis
1906 3643 2036 3696 pro-

391 3713 632 3778 videbit,
655 3727 883 3782 nosque
906 3711 1184 3770 tuebitur.
1213 3717 1270 3766 et
1301 3712 1373 3766 ab
1405 3714 1570 3767 omni
1602 3713 1689 3768 ira
1720 3713 1996 3769 liberabit
2023 3731 2036 3768 :

395 3809 522 3858 tum
549 3801 622 3858 ab
647 3817 715 3855 ea
737 3817 868 3873 qum
891 3816 1156 3872 praesens
1181 3807 1291 3865 est,
1311 3800 1410 3855 ubi
1439 3801 1499 3856 id
1518 3802 1792 3873 expedire
1811 3801 2041 3870 viderit,

401 3899 529 3948 tum
557 3909 591 3947 a
620 3892 839 3959 futura,
873 3907 1005 3961 quas
1038 3907 1168 3946 vere
1197 3897 1460 3946 extrema
1491 3892 1580 3946 ira
1610 3897 1716 3947 est.
1751 3892 1883 3947 Tria
1909 3909 2044 3948 vero

398 3999 528 4054 quin
554 3981 720 4052 ponit
742 3986 881 4036 sunt
901 3981 1026 4035 haec
1047 3979 1309 4049 :lnﬁ-rmi,
1343 3981 1800 4052 inquit,eramus
1828 3981 2044 4037 infirmi

393 4088 534 4126 vero
565 4087 686 4125 non
713 4076 944 4131 natura,
981 4069 1083 4124 sed
1107 4069 1345 4140 propria
1370 4076 1566 4124 mente
1589 4086 1656 4126 ac
1680 4071 2044 4142 operatione.

397 4161 604 4231 Itaque
637 4158 861 4213 infirmi
893 4175 1150 4223 eramus,
1187 4158 1492 4230 multoque
1523 4159 1698 4214 nobis
1745 4175 1894 4231 opus
1923 4166 2049 4216 erat

397 4249 638 4306 auxilio.
675 4247 780 4302 Sed
816 4253 875 4301 et
903 4248 1070 4318 impii
1125 4263 1394 4303 eramus:
1443 4247 1614 4304 illum
1667 4249 1766 4320 qui
1819 4249 2048 4305 laturus

396 4345 522 4394 erat
546 4337 830 4394 auxilium
857 4336 1312 4408 repellebamus,
1339 4337 1474 4392 aliis
1490 4337 1726 4409 quidem
1753 4337 2045 4394 adoratio-

397 4443 538 4483 nem
569 4426 988 4488 attribuentes,
1021 4426 1216 4497 ipsum
1255 4442 1390 4481 vero
1425 4425 1662 4497 injuriis
1696 4425 2046 4494 afﬁcientes,

403 4516 619 4588 quibus
650 4515 878 4571 inimici
907 4531 975 4569 ac
1007 4514 1209 4569 hostes
1239 4520 1438 4586 appeti
1461 4515 1674 4570 solent.
1710 4515 1920 4571 Omnia
1941 4516 2049 4589 igi-

398 4611 498 4661 tur
528 4611 732 4660 nostra
763 4605 940 4674 plena
968 4609 1138 4659 erant
1159 4603 1378 4675 inopia.
1405 4605 1546 4658 Nam
1572 4604 1642 4669 si,
1668 4619 1802 4660 cum
1826 4605 2046 4661 inﬁrmi

400 4709 668 4750 essemus
701 4700 758 4748 et
789 4695 1163 4764 impotentes,
1202 4699 1263 4746 ut
1295 4692 1366 4747 ab
1399 4693 1747 4765 aegritudine
1777 4711 2048 4767 surgere-

409 4798 559 4846 mus,
597 4781 781 4835 multo
815 4781 1130 4854 egebamus
1161 4782 1424 4853 auxilip:
1458 4783 1869 4837 auxiliatorem
1912 4799 2046 4838 vero

2061 1410 2310 1466 qumque
2399 1397 2527 1450 sola
2618 1403 2816 1453 mente

2908 1414 2976 1454 ac
3063 1399 3240 1456 corde
3327 1400 3786 1472 comprehendi-

2221 1574 2340 1629 Ἔτι
2401 1574 2501 1649 γάρ
2576 1575 2826 1647 Χριστὸς,
2895 1572 3064 1631 ὅντων
3133 1578 3292 1649 ἡμῶν
3360 1577 3595 1641 ἀσθενῶν
3655 1579 3801 1632 κατὰ

2151 1662 2360 1733 καιρὸν,
2421 1662 2554 1737 ὑπὲρ
2621 1658 2832 1718 ἀσεϐῶν
2891 1663 3138 1720 ἀπέθανε·
3212 1664 3376 1738 μόλις
3473 1665 3575 1742 γάρ
3662 1667 3804 1741 ὑπὲρ

2151 1747 2365 1805 δικαίου
2429 1772 2512 1812 τις
2578 1752 2944 1809 ἀποθανεῖται.
3013 1753 3170 1830 Ὑπὲρ
3237 1755 3342 1831 γὰρ
3407 1759 3504 1810 τοῦ
3569 1754 3804 1829 ἀγαθοῦ,

2150 1839 2302 1913 τάχα
2330 1859 2411 1900 τις
2441 1839 2531 1894 καὶ
2561 1839 2746 1913 τολμᾷ
2773 1841 3078 1905 ἀποθανεῖν.

2223 1930 2436 2004 [ΦΩΤ.]
2471 1930 2654 1985 Εἰπὼν
2681 1935 2777 1986 τοῦ
2812 1930 3074 2005 παναγίου
3132 1932 3443 2007 Ηνεύματος
3496 1935 3595 2002 τήν
3646 1931 3808 1990 δόσιν

2154 2012 2497 2089 μεταϐαίνειν
2531 2018 2606 2080 εἷς
2630 2020 2721 2073 τὸν
2754 2021 2900 2086 Θεὸν,
2927 2021 3052 2096 τρία
3097 2021 3278 2090 τίθησι
3334 2024 3433 2092 τήν
3481 2017 3804 2097 ὑπερϐολὴν

2153 2103 2430 2162 δεικνόντα
2460 2110 2559 2172 τῆς
2590 2108 2807 2181 ἀγάπης
2844 2114 2940 2164 τοῦ
2966 2113 3122 2179 Θεοῦ,
3173 2111 3262 2165 καὶ
3313 2112 3427 2186 ἅμα
3464 2117 3807 2169 συνιστῶντα

2154 2195 2239 2248 καὶ
2277 2196 2374 2263 τήν
2417 2195 2492 2257 εἷς
2516 2197 2577 2250 τὸ
2608 2195 2792 2251 ἔπειτα
2823 2195 2985 2252 αὐτοῦ
3033 2198 3292 2270 πρόνοιαν
3349 2201 3438 2254 καὶ
3494 2199 3809 2276 φιλανθρω-

2153 2283 2297 2337 πίαν.
2332 2285 2521 2339 Ταῦτα
2557 2281 2614 2340 εὶ
2643 2285 2707 2338 τὰ
2736 2286 2882 2360 τρία,
2934 2286 3042 2341 ἀπὸ
3102 2285 3268 2359 μόνου
3323 2283 3651 2360 λαμϐάνεται
3699 2295 3808 2344 τοῦ

2158 2371 2542 2442 ὑποκειμένου,
2579 2373 2706 2442 ἢτοι
2745 2373 2794 2444 ἐξ
2854 2373 3091 2441 ἐκείνων,
3150 2377 3279 2450 περὶ
3336 2377 3369 2432 ἃ
3418 2383 3520 2447 τῆς
3583 2379 3812 2450 ἀγάπης

2151 2456 2444 2531 ἀπόδειξις.
2515 2463 2666 2518 Ἐπεὶ
2729 2464 2818 2516 καὶ
2885 2459 3030 2521 an:
3092 2462 3258 2519 πάλιν
3322 2463 3372 2535 ἐξ
3465 2466 3630 2523 αὐτοῦ
3704 2473 3810 2522 τοῦ

2152 2551 2560 2623 ἀγαπήσαντος,
2597 2547 2666 2604 δι’
2715 2551 2789 2607 ῶν
2847 2551 3011 2607 πάλιν
3043 2554 3077 2622 ἡ
3113 2548 3392 2628 ὑπερϐολὴ
3440 2562 3538 2621 τῆς
3586 2555 3813 2632 ἀγαπή-

2155 2658 2290 2700 σεως
2322 2639 2632 2695 συνίσταται
2664 2640 2754 2695 καὶ
2811 2640 3156 2715 παρίσταται·
3202 2642 3318 2697 οἷον
3375 2643 3506 2699 αὐτὸ
3554 2644 3615 2700 τὸ
3658 2666 3812 2720 παρ-

2152 2729 2367 2797 θενικὴν
2430 2727 2710 2793 ἐνοικῆσαι
2773 2732 3008 2806 μήτραν,
3049 2731 3136 2786 καὶ
3196 2735 3538 2810 σαρκωθῆναι
3599 2733 3649 2808 ἐξ
3702 2734 3812 2789 αὖα

2149 2823 2272 2887 τῆς⁸
2329 2818 2768 2892 ὑπηρετησασθαί
2834 2840 2893 2875 τε
2949 2825 3067 2883 ταῖς
3123 2823 3260 2878 κατὰ
3307 2823 3492 2899 νόμων
3553 2823 3803 2886 ἐντολαῖς

2146 2907 2238 2961 τὸν
2271 2927 2330 2961 νο
2341 2909 2591 2979 μοθὲτην.

2221 2997 2356 3054 Εἶτα
2413 2999 2802 3069 ἀτιμασθῆναι,
2862 2995 3200 3074 ὑϐρισθῆναι,
3284 3002 3631 3079 ῥαπισθῆναι,
3699 3004 3792 3059 καὶ

2151 3089 2233 3164 (τὸ
2263 3086 2581 3167 κεφάλαιον)
2644 3086 2732 3144 διὰ
2772 3094 3008 3165 σταυροῦ
3067 3094 3462 3163 θανατωθῆναι.
3528 3092 3697 3155 Αὐτὸς
3739 3091 3798 3149 δὶ

2148 3176 2213 3230 τά
2263 3175 2356 3248 μὲν
2427 3175 2487 3232 ἐκ
2553 3180 2649 3231 τοῦ
2717 3176 3097 3251 ἀγαπήσαντος
3155 3179 3806 3258 συγκεφαλαιωσάμενος,

2147 3265 2238 3320 καὶ
2266 3265 2357 3320 τὸν
2391 3265 2610 3320 θάνατον
2651 3266 2816 3337 μόνον
2847 3269 2985 3325 τὲως
3017 3266 3204 3339 εἰπὼν,
3267 3269 3332 3325 τὰ
3370 3271 3476 3326 ἀπὸ
3527 3276 3634 3325 τῶν
3667 3271 3813 3346 ἀγα-

2147 3355 2426 3423 πηθέπων
2510 3351 2706 3420 διεῖλε,
2792 3353 3156 3426 συντελούσης
3213 3358 3361 3430 αὐτῷ
3431 3359 3652 3416 ἐνταῦθα
3703 3367 3814 3430 τῆς

2153 3442 2412 3514 τοιαύτης
2447 3444 2894 3520 μεταχειρίσεως,
2927 3446 3003 3508 εἰς
3033 3446 3094 3502 τὸ
3121 3447 3206 3504 ὅτι
3265 3447 3341 3504 ἔτι
3391 3449 3480 3504 καὶ
3532 3443 3611 3505 ἔτι
3663 3471 3813 3525 προ-

3211 3535 3426 3612 ῥύσεται
3507 3534 3566 3591 ἐκ
3621 3539 3817 3608 πάσης

2153 3620 2352 3698 ὀργῆς,
2382 3628 2481 3688 τῆς
2513 3641 2570 3674 τε
2629 3620 2909 3697 παρούσης
2973 3623 3062 3678 ὅτε
3119 3627 3280 3682 τοῦτο
3340 3627 3609 3700 ωμτὲρον
3667 3625 3816 3698 οἶδε,

2149 3709 2366 3778 καὶτῆς
2423 3708 2738 3784 μελλούσης
2797 3711 2918 3780 ἥτις
2979 3710 3122 3767 ἐστὶν
3174 3713 3248 3776 ὡς
3316 3713 3534 3784 ἀληθῶς
3596 3714 3808 3793 ἐσχάτη

2153 3799 2310 3872 ὀργή.
2342 3799 2409 3855 "A
2447 3797 2504 3855 εὶ
2541 3800 2725 3870 τίθησι
2757 3801 2878 3874 τρία
2910 3805 3078 3858 ταῦτά
3112 3801 3271 3858 ἐστιν.
3330 3805 3599 3867 Ἀσθενεῖς
3640 3807 3803 3878 ἦμεν,

2151 3887 2332 3967 φησὶν,
2379 3888 2613 3950 ἀσθενεῖς
2648 3888 2728 3953 εὶ,
2781 3890 2883 3944 ούκ
2941 3890 3002 3947 ἐκ
3058 3891 3290 3969 φύσεως,
3330 3890 3459 3949 ἀλλ’
3601 3895 3798 3954 οἶκείας

2153 3979 2383 4056 γνώμης
2413 3977 2502 4032 καὶ
2530 3978 2793 4053 πράξεως.
2847 3979 3112 4043 Ἀσθενεῖς
3169 3979 3260 4035 οὖν
3314 3982 3475 4054 ἦμεν,
3530 3982 3608 4036 καὶ
3649 3979 3789 4035 πολ-

2155 4066 2257 4133 λῆς
2314 4066 2564 4142 βοηθείας
2603 4066 2953 4142 ἐχρῄζομεν.
3013 4066 3192 4126 Ἀλλὰ
3231 4069 3320 4124 καὶ
3367 4066 3576 4132 ἀσεϐεῖς
3636 4071 3794 4144 ἦμεν,

2154 4155 2314 4212 αὐτὸν
2344 4156 2436 4210 τὸν
2472 4153 2752 4225 μέλλοντα
2789 4157 3004 4231 βοηθεῖν
3039 4158 3420 4234 απουθούμεθα,
3466 4161 3666 4231 ἕτεροις
3710 4162 3802 4236 μὶν

2152 4245 2215 4299 τὸ
2263 4239 2422 4305 σέϐας
2478 4246 2906 4319 προσάπτοντες,
2965 4246 3108 4320 αύτῷ
3148 4245 3225 4317 δὲ,
3285 4246 3505 4325 ἐχθροῖς
3559 4247 3654 4306 ἴσα
3713 4249 3805 4304 καὶ

2155 4333 2474 4408 πολεμίοις,
2504 4329 2886 4406 ἐνυϐρίζοντες.
2934 4337 3139 4392 Οὐκοῦν
3203 4335 3380 4413 ἄπορα
3432 4340 3602 4394 πάντα
3651 4337 3806 4415 εἶ’χο-

2161 4444 2254 4497 μεν
2306 4423 2371 4478 τὰ
2426 4421 2686 4498 ἡμέτερα.
2752 4422 2816 4480 Εἴ
2871 4425 2974 4502 γάρ
3034 4425 3188 4480 αὐτοὶ
3251 4426 3343 4499 μὶν
3398 4428 3656 4498 ἀσθενεῖς,
3710 4427 3806 4484 καὶ

2155 4509 2411 4567 ἀδύνατοι
2441 4511 2727 4581 ἀναστῆναι
2757 4517 2854 4568 τοῦ
2885 4517 3226 4586 νοσήματος,
3285 4514 3505 4584 πολλῆς
3564 4513 3620 4570 δὲ
3664 4517 3805 4592 βοηο

2156 4602 2302 4668 θείας
2337 4601 2610 4675 δεόμενοι,
2642 4605 2730 4660 τὸν
2770 4606 2970 4679 βοηθὸν
3017 4603 3386 4683 ἐνυϐρίσαντες
3443 4605 3806 4683 ἀπωσάμεθα,

2155 4701 2271 4758 πῶς
2312 4695 2410 4751 οὐκ
2470 4697 2546 4758 εἷς
2605 4692 2838 4773 ἔσχατον
2895 4699 3126 4772 ἀπορίας
3179 4701 3247 4756 τά
3303 4702 3580 4776 ﬂuitem;
3641 4701 3802 4766 Εῗτα,

2155 4783 2302 4841 ἀλλά
2331 4785 2678 4861 ἁμαρτωλοί,
2719 4787 2876 4857 Φησὶ,
2931 4789 3020 4843 καὶ
3081 4789 3107 4842 ὁ
3162 4789 3304 4863 βίος.
3364 4791 3518 4869 φησὶ,
3582 4788 3797 4862 μᾶλλον

400 4869 582 4924 illatis
613 4869 850 4939 injuriis
908 4871 1341 4940 repuleramus,
1391 4887 1545 4926 anne
1603 4870 1675 4925 ad
1722 4877 2040 4926 extremam

2158 4872 2437 4930 καθεῖλκεν
2476 4875 2563 4929 ἐπὶ
2589 4877 2651 4931 τὸ
2691 4878 2913 4948 πτῶμα,
2968 4876 3057 4932 καὶ
3099 4878 3400 4952 ἀνενεγκεῖν
3465 4879 3528 4934 οὐ
3558 4879 3802 4955 συνεχώ-

399 4956 798 5030 indigentiam
830 4965 1034 5012 nostra
1063 4959 1301 5014 redacta
1330 4960 1545 5015 erant?
1589 4963 1874 5015 Prmterea
1914 4977 2043 5031 pec-

399 5056 630 5114 catores,
658 5046 873 5115 inquit.
906 5062 1162 5112 eramus,
1198 5054 1257 5102 et
1285 5049 1400 5103 vita
1448 5050 1634 5122 magis
1686 5049 1759 5104 ad
1817 5049 2048 5120 lapsum

401 5136 809 5200 trahebat,nec
825 5135 1185 5190 revalescere
1205 5137 1711 5207 permittebat.His
1741 5138 1822 5193 ita
1854 5155 1914 5194 se
1946 5139 2048 5194 ha-

400 5226 699 5289 bentibus,
734 5241 989 5296 cumque
1021 5225 1217 5279 omnis
1248 5224 1580 5297 desperatio
1621 5226 1874 5292 adesset,
1911 5234 2050 5285 tunc

401 5316 593 5373 bonus
621 5314 721 5369 ille
755 5314 1064 5369 hominum
1097 5323 1327 5369 amator
1359 5315 1462 5369 Dei
1495 5316 1697 5381 Filius,
1731 5323 1790 5372 et
1818 5334 1928 5372 nos
1959 5317 2051 5373 di-

400 5403 546 5459 lexit
575 5410 632 5457 et
668 5403 930 5459 animam
961 5419 1065 5475 pro
1097 5401 1270 5457 nobis
1292 5403 1506 5474 posuit.
1540 5403 1704 5468 Quod
1728 5405 1774 5458 si
1799 5412 1939 5462 tunc
1960 5405 2050 5460 in-

405 5492 670 5547 numeris
698 5493 872 5548 malis
911 5491 1221 5560 obnoxios,
1251 5493 1472 5564 quique
1505 5493 1565 5548 in
1597 5510 1837 5550 omnem
1862 5495 2052 5566 turpi-

404 5579 670 5637 tudinem
702 5597 772 5636 ιο
801 5581 1122 5639 fceditatem
1155 5581 1578 5651 incideramus,
1611 5583 1791 5640 etiam
1848 5583 2054 5641 dilexit

405 5683 536 5740 nos,
569 5672 628 5724 et
655 5667 726 5724 ab
758 5668 1103 5726 infirmitate
1137 5672 1322 5726 erexit
1351 5689 1418 5728 ac
1440 5672 1756 5742 roboravit,
1784 5690 1887 5730 suo
1911 5689 2052 5731 san-

2162 4983 2262 5038 ρει.
2297 4960 2485 5024 Οὕτως
2516 4959 2571 5018 δὲ
2604 4963 2868 5044 ἐχόντων,
2902 4966 2991 5020 καὶ
3037 4965 3215 5035 πάσης
3277 4967 3630 5047 ὑπαρχούσης
3665 4967 3804 5022 ἀπο-

2161 5053 2431 5130 γνώσεως,
2481 5053 2605 5110 τότε
2660 5053 2820 5118 αὐτὸς
2877 5055 2905 5109 ὁ
2963 5053 3183 5128 ἀγαθὸς,
3246 5057 3273 5110 ὁ
3331 5053 3806 5134 φιλάνθρωπος,ὁ

2159 5146 2256 5196 τοῦ
2287 5145 2424 5200 Οεοῦ
2458 5147 2613 5210 Παῖς,
2644 5143 2733 5198 καὶ
2787 5145 3058 5218 ἠγάπησε.
3117 5146 3205 5200 καὶ
3256 5147 3356 5214 την
3409 5148 3594 5220 ψυχὴν
3637 5146 3808 5202 αὐτοῦ

2164 5231 2296 5306 ὑπὲρ
2328 5232 2487 5304 ἡμῶν
2521 5230 2772 5296 τέθεικεν.
2809 5232 2869 5288 Ei
2899 5231 2956 5287 δὶ
2996 5234 3119 5288 τότε
3179 5235 3396 5308 μυρίοις
3447 5233 3809 5311 ἐνεχομένους

2162 5325 2375 5388 κακοῖς,
2426 5320 2516 5375 καὶ
2576 5320 2652 5382 εἰς
2711 5320 2957 5391 παντελῆ
3012 5321 3408 5398 ἀσχημοσύνην
3445 5324 3534 5379 καὶ
3573 5323 3812 5405 αῗσχρό-

2162 5429 2299 5478 τητα
2329 5410 2758 5481 κατηντηκότας,
2791 5409 2881 5467 καὶ
2937 5412 3212 5490 ἠγάπησε,
3258 5413 3347 5467 καὶ
3391 5419 3492 5482 τῆς
3537 5412 3812 5477 ἀσθενείας

2162 5496 2434 5568 ἀνέστησε,
2501 5499 2590 5553 καὶ
2659 5498 2986 5574 ἐδυνάμωσε·
3053 5500 3116 5554 τὸ
3182 5502 3347 5556 αύτοό
3415 5499 3612 5576 λύτρον
3673 5503 3809 5579 ὑπὲρ

2162 5589 2321 5658 ἡμῶν
2357 5584 2610 5651 δεδωκὼς
2638 5591 2798 5661 αἷμα,
2855 5586 3055 5660 πολλῷ
3105 5587 3319 5662 μᾶλλον
3374 5589 3805 5664 οἰκειωσάμενος

2160 5676 2251 5732 καὶ
2283 5673 2599 5747 δικαιώσας,
2634 5676 2723 5733 καὶ
2755 5679 3116 5753 προστήσεται
3162 5679 3252 5734 καὶ
3308 5676 3664 5755 ἀντιλήψεται
3711 5680 3806 5738 καὶ
