4126 6256
335 355 453 419 413
1469 350 1870 414 COMMENT.
1918 350 1996 412 IN
2041 353 2289 413 EPIST.
2337 354 2439 414 AD
2484 353 2678 416 BOM.
3661 359 3781 419 414

347 487 698 557 ῦπερασπιεῖ,
758 484 855 540 ὅτε
916 488 1058 559 μήτε
1099 483 1259 560 ’χρεία
1315 485 1490 539 θανεῖν
1524 483 1705 554 αὐτὸν,
1743 485 1882 557 μήτε
1913 483 1974 539 οῦ

2148 490 2307 563 guine
2334 507 2440 561 pro
2471 489 2642 545 nobis
2682 491 2745 545 in
2801 490 3273 561 redemptionem
3310 489 3558 545 tradita:
3591 490 3777 547 multo

360 601 469 641 τως
516 579 591 641 ὡς
647 578 930 653 πρότερον
993 578 1069 639 εἷς
1125 576 1427 653 ἀρρωστίαν
1482 578 1572 633 καὶ
1628 577 1989 653 ἀσχημοσῦνη

2149 580 2317 652 nagis
2349 596 2483 634 cum
2514 596 2622 634 nos
2645 580 2755 635 sibi
2784 580 3073 646 asciverit,
3098 579 3620 648 acjustiﬁcaverit,
3652 586 3778 636 tue-

370 668 820 743 κατηνὲχθημεν·
885 664 1036 722 ἀλλὰ
1092 669 1166 739 μή
1228 665 1272 720 δ’
1336 666 1494 721 αὐτὸν
1557 666 1909 738 ἀπωσάμεθα,
1962 686 1999 719 τε

2149 669 2304 729 mitur,
2343 668 2620 723 defendet
2640 685 2706 723 ac
2728 674 3027 739 proteget:
3052 685 3187 723 cum
3211 684 3405 738 neque
3428 669 3505 722 sit
3533 685 3778 723 necesse

375 755 531 821 σέϐας
559 757 763 830 ἕτεροις
798 757 1165 830 περιθέμενοι.
1228 755 1304 811 Οὐ
1358 759 1470 834 χρὴ
1533 759 1822 832 τοιγαροῦν
1858 753 1908 809 ἐν
1944 752 1993 809 δι

2153 765 2196 813 it
2225 759 2349 829 ipse
2377 759 2697 813 moriatur:
2750 775 2945 830 neque
3003 759 3150 813 adeo
3208 766 3274 812 ut
3323 759 3486 829 prius
3517 757 3578 812 in
3611 759 3782 812 inﬁr-

382 851 608 923 σταγζιῷ
646 847 744 915 τήν
798 841 1001 898 ἐλπίδα
1046 849 1155 898 τῶν
1205 843 1628 919 ἐπηγγελμένων
1677 844 1849 918 ἔχειν,
1881 841 2011 897 ἀλλὲ

2150 851 2396 905 nitatem
2430 867 2497 905 ac
2547 850 2979 921 impudentiam
3037 849 3491 903 devenerimus:
3536 848 3640 903 sed
3673 866 3779 904 nec

390 932 621 1007 βεϐαίαν,
652 935 735 987 καὶ
769 934 847 997 ὡς
881 932 1163 1007 παρόντων
1208 937 1315 987 τῶν
1368 933 1582 1010 ἀγαθῶν
1616 931 1760 987 οὕτω
1792 931 2019 1011 χαίρειν,

2156 939 2302 994 llum
2332 940 2739 1010 repulerimus,
2776 939 3120 993 exhibentes
3168 939 3302 994 aliis
3347 938 3776 992 adorationem.

378 1026 470 1079 καὶ
503 1020 732 1092 δοξάζειν
785 1024 879 1076 τὸν
934 1019 1399 1099 ἐπαγγειλάμενον
1436 1022 1524 1076 καὶ
1570 1022 1862 1097 παρέξοντα
1890 1023 2007 1076 παν·

2160 1035 2335 1099 taque
2366 1045 2486 1083 non
2516 1034 2750 1100 oportet
2798 1029 2858 1082 in
2907 1028 3184 1100 ambiguo
3238 1043 3405 1099 spem
3449 1027 3667 1081 habere
3708 1027 3781 1081 de

372 1133 503 1178 τως,
540 1111 739 1186 Κύριον
768 1114 931 1186 ἡμῶν
990 1112 1079 1166 καὶ
1141 1112 1290 1167 Θεόν.
1347 1111 1423 1169 Οὐ
1458 1111 1561 1189 γὰρ
1599 1111 1760 1183 μόνον
1791 1110 1897 1165 ἀπὸ
1927 1116 1992 1178 τῆ

2156 1119 2457 1175 ιτοιηίεεὶε,
2494 1118 2598 1173 sed
2631 1119 2863 1173 ﬁrmam
2895 1134 3082 1189 spem,
3117 1124 3174 1172 et
3204 1117 3382 1171 veluti
3415 1116 3488 1172 de
3518 1112 3785 1188 prmSen-

367 1203 543 1276 ὀργῆς
601 1200 766 1256 σώσει
824 1204 995 1273 ἡμᾶς,
1054 1198 1201 1256 ἀλλᾶ
1257 1201 1348 1257 καὶ
1405 1208 1504 1269 τῆς
1563 1201 1813 1275 οὐρανίου
1863 1197 1991 1269 δόξη

2151 1208 2289 1263 ibus
2322 1208 2494 1262 bonis
2536 1209 2617 1263 ita
2660 1206 2939 1279 gaudere,
2991 1223 3058 1261 ac
3110 1207 3279 1261 illum
3314 1206 3645 1277 gloriﬁcare
3680 1206 3780 1277 qui

365 1292 607 1364 ἀξιώσει.
649 1314 671 1339 ε
704 1292 912 1344 Ὄντων
963 1293 1122 1361 ἡμῶν
1183 1290 1435 1357 ἀσθενῶν,
1471 1314 1497 1341 >.-
1552 1290 1642 1345 καὶ
1673 1292 1738 1344 τὰ
1768 1290 1910 1359 ὲξῆς.
1944 1291 1989 1345 Τ

2155 1297 2651 1368 iromisit,quique
2669 1298 2913 1351 omnino
2935 1295 3551 1367 przestabit.Dominus
3569 1310 3784 1366 nempe

370 1381 650 1454 μέλλοντα
680 1381 1093 1455 πιστωσάμενος
1154 1379 1213 1436 ἐκ
1256 1387 1355 1450 τῆς
1415 1384 1513 1436 τοῦ
1563 1380 1722 1458 ἁγίου
1777 1380 1997 1450 Πνεῦμα

2159 1404 2199 1443 .c
2226 1387 2378 1442 Deus
2406 1393 2627 1442 noster.
2675 1387 2827 1442 262
2868 1388 2992 1441 Non
3044 1385 3235 1441 solum
3267 1385 3424 1439 enim
3457 1401 3566 1439 nos
3597 1384 3669 1439 ab
3700 1386 3788 1440 ira

368 1492 456 1531 τος
487 1468 722 1545 δωρεᾶς,
757 1473 845 1524 νῦν
876 1469 966 1524 καὶ
1018 1469 1077 1525 ἐκ
1122 1474 1218 1526 τοῦ
1277 1469 1506 1525 θανάτου
1544 1474 1640 1524 τοῦ
1670 1472 1907 1545 Χριστοῦ
1937 1488 1997 1522 πι

2153 1476 2409 1539 iervabit,
2468 1476 2571 1531 sed
2624 1480 2683 1529 et
2740 1475 2963 1529 ccelesti
3027 1475 3216 1547 gloria
3272 1473 3483 1546 dignos
3524 1473 3782 1528 habebit.

367 1564 613 1615 στοῦται,
671 1558 735 1615 Εἰ
791 1559 915 1634 γὰρ,
948 1560 1129 1636 φησὶν,
1197 1559 1329 1633 ὑπὲρ
1386 1557 1582 1635 ἀνδρὸς
1642 1557 1887 1633 ἐναρέτου
1929 1556 1991 1611 οὐ

2195 1569 2338 1623 Cum
2372 1567 2566 1622 adhuc
2592 1584 2859 1622 essemus
2887 1567 3130 1626 infirmi.
3160 1587 3187 1613 »
3215 1571 3326 1620 etc.
3358 1567 3680 1636 Postquam
3720 1564 3794 1620 ﬁ-

366 1650 426 1703 ἆν
458 1671 545 1711 τις
576 1645 766 1704 ἕλοιτο
796 1648 1107 1718 ἀποθανεῖν,
1142 1649 1330 1704 σκόπει
1374 1670 1468 1722 μοι
1498 1652 1594 1704 τοῦ
1625 1650 1898 1704 Δεσπότου
1926 1648 1994 1716 τη

2160 1654 2267 1710 lem
2299 1654 2371 1709 de
2401 1654 2615 1709 futuris
2648 1670 2716 1709 ex
2748 1653 3000 1725 Spiritus
3028 1653 3218 1708 sancti
3253 1652 3408 1707 dono
3441 1652 3789 1708 corrobora-

370 1738 711 1816 ἆγαθότητα,
745 1738 829 1792 ’ὁτι
861 1737 951 1793 τὸν
982 1737 1103 1792 mw
1146 1737 1278 1812 ὑπὲρ
1310 1732 1520 1793 ἀσεϐῶν
1551 1734 1720 1793 ἔδωκε
1749 1740 1816 1811 τῇ
1850 1736 1994 1810 ἁμαρ

2157 1743 2400 1810 νὶι,ῐιιιι]ο
2424 1742 2599 1797 etiam
2627 1742 2803 1796 etiam
2829 1758 2898 1795 ex
2917 1741 3129 1795 Christi
3153 1740 3429 1811 passione
3453 1740 3786 1796 confirmat.

362 1827 477 1898 τίᾳ·
514 1851 541 1877 ι(
574 1827 729 1882 Κατὰ
759 1827 947 1900 καιρόν
994 1850 1023 1878 »
1075 1859 1141 1869 —
1197 1828 1521 1901 [0|KOI‘M.]
1581 1826 1832 1883 Τουτέστι
1892 1846 1989 1880 κατ

2159 1834 2279 1887 lam
2314 1833 2361 1887 si
2397 1848 2500 1903 pro
2532 1830 2707 1886 bono.
2734 1832 2951 1902 inquit,
2977 1831 3097 1885 viro
3122 1831 3325 1885 nullus
3348 1830 3496 1885 mori
3524 1830 3788 1902 eligeret,

363 1917 557 1990 καιρὸν
593 1913 869 1987 εὔκαιρον,
902 1916 993 1970 καὶ
1041 1917 1217 1989 προσή
1268 1935 1431 1970 κοντα
1478 1916 1569 1971 καὶ
1620 1913 1992 1991 προωρισμένε

2170 1922 2448 1978 onsidera
2473 1922 2618 1976 mihi
2647 1921 2876 1976 Domini
2900 1920 3225 1975 bonitatem
3251 1937 3264 1972 :
3292 1936 3398 1991 pro
3424 1919 3623 1990 impiis
3646 1919 3797 1973 enim

370 2006 567 2081 καιρὸν
596 2005 691 2062 καὶ
726 2006 946 2081 χρὸνον.

2160 2012 2350 2067 ῗὶιὶυω
2373 2016 2611 2082 peccato
2639 2009 2818 2064 dedit.
2848 2032 2874 2057 «
2901 2008 3237 2063 Secundum
3263 2015 3555 2078 tempus.»
3583 2038 3645 2047 —
3671 2006 3789 2062 Hoc

2138 2107 2229 2157 est
2257 2108 2591 2172 opportuna
2619 2116 2687 2153 ac
2717 2098 3096 2153 convenienti
3144 2097 3431 2171 temporis
3480 2097 3793 2152 occasione

2139 2189 2507 2260 deﬁnitoque
2538 2194 2822 2259 tempore.

436 2277 746 2348 Συνίστησι
803 2273 861 2333 δὶ
915 2276 1016 2343 τήν
1075 2277 1269 2332 ἐαυτοῦ
1328 2275 1540 2349 ἀγάπην
1618 2273 1694 2334 εἰς
1776 2273 1925 2343 ἡμᾶς
2005 2273 2033 2325 ὁ

2211 2279 2277 2345 ν,
2308 2280 2459 2333 8-11.
2493 2301 2518 2326 ‹‹
2540 2277 2805 2331 Illustrat
2825 2281 3024 2330 autem
3050 2291 3217 2330 suam
3244 2291 3381 2345 erga
3404 2291 3515 2329 nos
3538 2273 3794 2330 Charita-

371 2371 532 2436 Θεὸς,
596 2368 682 2423 ὅτι
766 2364 845 2421 ’ἐτι
930 2361 1278 2439 ἁμαρτωλῶν
1334 2359 1499 2418 ὅντων
1567 2364 1747 2432 ἡμῶν,
1803 2361 2000 2435 Χριστό

2161 2391 2167 2415 ι
2205 2373 2323 2423 tem
2351 2369 2525 2431 Deus,
2552 2366 2708 2436 quod
2737 2382 2871 2421 cum
2904 2365 3097 2419 adhuc
3129 2370 3469 2437 peccatores
3503 2381 3790 2432 essemus,

372 2462 511 2533 ὑπὲρ
574 2461 739 2530 ἡμῶν
796 2455 1042 2512 ἀπέθανε.
1126 2451 1333 2526 ιιολλῷ
1386 2451 1476 2507 οῦν
1538 2449 1755 2527 μᾶλλον
1814 2449 2001 2505 δικαιω

2160 2483 2165 2506 ι
2192 2458 2460 2514 Christus
2484 2475 2589 2529 pro
2607 2456 2780 2511 nobis
2806 2461 3073 2510 mortuus
3093 2462 3214 2509 est:
3236 2456 3422 2509 multo
3446 2456 3631 2527 magis
3657 2471 3789 2527 ergo

362 2552 550 2609 θέντες
611 2545 704 2600 νῦν
767 2545 816 2599 ἐν
893 2549 974 2616 τῷ
1048 2542 1258 2615 αἳματι.
1318 2543 1679 2614 σωθησόμεθα
1736 2540 1805 2596 δι’
1864 2542 1991 2597 αὖτε

2164 2548 2508 2620 ιῙιιεῐίῐίςιιιί
2540 2563 2646 2612 per
2674 2546 2803 2616 ejus
2839 2545 3187 2616 sanguinem
3226 2544 3368 2599 salvi
3419 2543 3642 2598 erimus
3690 2558 3793 2614 per

366 2640 471 2695 ἀπὸ
531 2644 636 2704 τῆς
699 2635 893 2711 ὀργῆς.
954 2633 1018 2690 Εἰ
1073 2635 1180 2707 γὰρ
1235 2630 1427 2711 ἐχθροὶ
1485 2629 1636 2692 ὅντες
1666 2627 1994 2704 κατηλλάγη

2161 2661 2170 2685 τ
2201 2655 2335 2694 eum
2368 2637 2439 2693 ab
2473 2638 2578 2692 ira.
2615 2636 2671 2690 Si
2704 2635 2864 2690 enim
2887 2651 3019 2689 cum
3044 2633 3271 2688 inimici
3296 2650 3560 2688 essemus
3587 2648 3790 2687 recon-

384 2749 474 2799 μεν
528 2726 613 2797 τῷ
670 2729 809 2792 Θεῷ,
862 2719 952 2778 διὰ
1015 2724 1111 2776 τοῦ
1180 2723 1410 2785 θανάτου
1474 2724 1573 2775 τοῦ
1646 2722 1774 2775 Υἱοῦ
1848 2718 2013 2775 αὐτοῦ

2162 2753 2167 2776 ι
2204 2729 2385 2783 ciliati
2416 2743 2620 2782 sumus
2655 2725 2771 2780 Deo
2794 2741 2901 2796 per
2923 2731 3173 2779 mortem
3201 2724 3330 2779 Filii
3364 2722 3573 2794 ipsius.
3604 2721 3791 2777 multo

384 2813 581 2886 πολλῷ
692 2811 907 2888 μᾶλλον
1004 2805 1434 2884 καταλλαγέντες
1539 2810 1900 2884 σωθησόμεθα
1983 2806 2013 2862 ἐπ

2165 2840 2172 2868 τ
2200 2818 2386 2891 magis
2417 2814 2787 2873 reconciliati
2822 2813 2963 2869 salvi
2997 2814 3219 2869 erimus
3244 2814 3306 2867 in
3337 2813 3453 2866 vita
3485 2812 3635 2881 ejus.
3668 2812 3794 2866 Non

375 2909 441 2979 τῇ
502 2907 627 2977 ζωῇ
690 2903 882 2958 αὐτοῦ.
943 2900 1020 2958 Οῦ
1084 2901 1247 2972 μόνον
1304 2897 1361 2954 δὶ
1412 2897 1562 2954 ἀλλὰ
1618 2900 1709 2954 καὶ
1741 2898 2004 2973 καυχώμε

2165 2932 2171 2959 τ
2207 2909 2399 2964 solum
2431 2912 2627 2961 autem
2659 2905 2791 2971 hoc,
2844 2904 2946 2959 sed
2997 2908 3056 2959 et
3096 2904 3420 2976 gloriamur
3450 2901 3512 2955 in
3544 2901 3660 2956 Deo
3688 2915 3794 2971 per

367 3017 451 3051 νοι
512 2993 568 3048 ἐν
624 2998 709 3064 τῷ
767 2995 904 3061 Θεῷ,
965 2987 1055 3045 διὰ
1101 2994 1195 3044 τοῦ
1253 2989 1451 3064 Κυρίου
1508 2991 1666 3061 ἡμῶν
1702 2990 1877 3057 Ἰησοῦ
1908 2994 1996 3062 Χρι

2162 3019 2168 3042 ι
2202 2996 2515 3051 Dominum
2562 2999 2830 3049 nostrum
2879 2993 3076 3047 Jesum
3124 2992 3443 3057 Christum,
3476 3006 3582 3062 per
3614 3004 3791 3059 quem

372 3089 530 3145 στοῦ,
566 3081 635 3137 δι’
670 3080 733 3138 οῦ
765 3085 854 3136 νῦν
887 3081 987 3150 τὴν
1017 3078 1370 3153 καταλλαγήν
1423 3073 1714 3150 ἐλάϐομεν.

2143 3110 2170 3135 ‹‹
2204 3102 2364 3141 nunc
2396 3083 2942 3139 reconciliationem
2975 3081 3332 3152 accepimus.
3369 3101 3396 3128 η

451 3171 743 3239 Συνίστησι
776 3167 856 3235 δέ,
899 3169 1015 3225 ἀντὶ
1062 3172 1177 3237 τοῦ,
1213 3163 1447 3243 βεϐαιοῖ,
1482 3166 1737 3223 δείκνυσι.
1773 3192 1798 3219 ‹‹
1833 3163 2038 3234 Ηολλῷ

2214 3177 2467 3232 Illustrat
2521 3180 2741 3240 autem,
2793 3173 2903 3227 hoc
2953 3176 3060 3237 est,
3108 3168 3444 3233 conﬁrmat,
3506 3166 3786 3223 ostendit.

388 3259 489 3314 ὧν
541 3258 741 3331 μᾶλλον
796 3255 1188 3322 δικαιωθέντες.
1214 3240 1249 3309 Π»
1308 3257 1372 3314 Εἰ
1430 3257 1534 3332 γὰρ
1573 3256 1715 3323 τότε,
1747 3256 1934 3335 φησὶν,
1968 3254 2017 3309 oi

2161 3289 2172 3315 ι
2204 3266 2384 3321 Multo
2418 3265 2603 3336 magis
2633 3279 2771 3332 ergo
2796 3260 3128 3334 justificati.
3168 3283 3187 3307 ιι
3245 3261 3386 3314 Nam
3423 3257 3471 3311 si
3500 3263 3660 3320 tunc,
3694 3256 3790 3312 in-

391 3346 683 3419 περιεῖδεν,
730 3350 811 3403 ὅτε
863 3348 958 3403 καὶ
1016 3344 1333 3421 ὁμαρτωλοὶ
1391 3347 1550 3417 ἦμεν,
1610 3346 1701 3400 καὶ
1756 3345 1921 3418 χρεία
1966 3344 2020 3412 ἧι

2165 3356 2291 3426 iuit,
2326 3371 2445 3408 non
2478 3352 2748 3423 despexit
2786 3367 2919 3406 cum
2966 3357 3022 3405 el
3069 3354 3410 3421 peccatores
3442 3363 3699 3411 eramus,
3735 3351 3794 3403 et

396 3437 541 3508 πρὸς
594 3437 653 3491 τὸ
706 3442 869 3493 σῶσαι
926 3436 1017 3491 καὶ
1069 3440 1165 3491 τοῦ
1218 3437 1445 3491 θανάτου
1499 3440 1600 3491 τοῦ
1654 3435 1787 3489 Υἱοῦ
1844 3430 2025 3500 αὐτοῦ,

2164 3462 2293 3517 >ριιε
2333 3449 2460 3498 erat
2488 3450 2555 3497 ut
2579 3441 2802 3514 proprii
2835 3441 3012 3495 etiam
3062 3444 3252 3494 morte
3302 3438 3432 3494 Filii
3463 3437 3654 3493 salvos
3684 3452 3793 3492 nos

393 3526 551 3598 πόσῳ
580 3525 788 3598 μᾶλλον
820 3531 910 3580 νῦν
945 3525 1007 3581 οὐ
1040 3522 1298 3599 περιῖόοι,
1330 3523 1477 3580 ἀλλὰ
1526 3525 1709 3585 σώσει,
1740 3523 1830 3579 ὅτε
1861 3524 2022 3597 ἁμαρ·

2162 3535 2384 3594 'aceret,
2418 3539 2641 3603 quanto
2672 3531 2859 3599 magis
2891 3546 3048 3585 nunc
3080 3544 3457 3600 nequaquam
3485 3526 3791 3598 despiciet,

385 3616 559 3671 τωλοί
610 3617 768 3687 ἐσμεν
835 3613 1216 3677 δικαιωθέντες
1268 3618 1348 3686 τῷ
1408 3612 1595 3685 α’ίματι
1644 3616 1741 3667 τοῦ
1771 3615 2013 3686 Χριστοῦ

2162 3624 2249 3679 ιεά
2284 3623 2475 3679 salvos
2494 3623 2689 3685 faciet,
2718 3621 2956 3694 quando
2979 3636 3175 3690 neque
3199 3625 3542 3691 peccatores
3566 3633 3791 3684 sumus,

388 3706 507 3761 0'31:
533 3703 611 3761 ἔτι
645 3704 814 3781 χρεία
846 3706 1222 3772 θυατωθῆναι
1271 3703 1364 3757 τὸν
1423 3704 1543 3757 Υἱὸν
1601 3703 1807 3769 αὖτοῦ;
1842 3723 1870 3751 α
1904 3700 2017 3756 Ἀπέ

2167 3713 2361 3768 3hristi
2395 3710 3033 3784 sanguinejustiﬁcati,
3064 3708 3405 3779 nequejam
3438 3722 3681 3761 necesse
3708 3710 3796 3759 est

387 3803 480 3861 τῆς
507 3795 700 3870 ὀργῆς.
741 3820 760 3843 ι
804 3796 914 3863 Τῆς
953 3791 1269 3865 μελλούσης
1298 3789 1598 3851 κολάσεως.
1644 3813 1666 3842 ι
1699 3792 1788 3845 Ἐν
1820 3792 1886 3860 τῇ
1920 3791 2016 3859 ζωῇ

2163 3804 2359 3857 Filium
2391 3816 2563 3855 suum
2602 3800 2775 3855 morti
2831 3798 3035 3853 tradi?
3083 3819 3110 3845 «
3144 3796 3226 3850 Ab
3276 3797 3381 3850 ira.
3422 3817 3449 3841 ››
3498 3797 3540 3848 Α
3595 3794 3792 3848 futuro

378 3886 566 3940 αὐτοῦ.
605 3905 631 3936 ι
667 3883 784 3937 Οὐκ
834 3877 910 3936 ἔτι
960 3883 1080 3956 γὰρ,
1136 3879 1292 3959 φησί,
1342 3880 1522 3959 χρεία,
1556 3880 1629 3940 ὡς
1657 3878 1720 3934 τὸ
1752 3878 2007 3951 πρότερον

2168 3891 2458 3961 supplicio.
2525 3908 2546 3935 α
2599 3890 2660 3942 In
2702 3888 2820 3943 vita
2868 3888 3016 3957 ejus.
3055 3908 3081 3933 »
3115 3888 3311 3954 Neque
3344 3884 3503 3938 enim
3527 3882 3653 3953 jam
3687 3898 3797 3935 ne-

372 3973 561 4031 δοῦναι
597 3973 697 4028 τὸν
754 3971 878 4026 Υἱὸν
936 3971 1011 4032 εἰς
1074 3972 1323 4033 θάνατον.
1382 3968 1530 4025 ἀλλὰ
1589 3973 1790 4037 ζῶντος
1820 3963 1966 4021 ἔσται

2164 3996 2311 4036 :esse
2343 3985 2451 4045 est,
2484 3978 2700 4047 inquit,
2750 3982 2816 4031 ut
2862 3976 3045 4046 prius,
3081 3975 3293 4029 Filium
3339 3987 3509 4027 suum
3543 3972 3603 4026 in
3639 3988 3793 4025 mor-

371 4063 630 4136 σωτηρία
687 4057 858 4118 Οὐδὲν
902 4059 1012 4126 οὗν,
1062 4059 1218 4135 φησὶ,
1273 4056 1553 4132 δυσχερὲς.
1590 4082 1615 4110 ι(
1648 4057 1725 4114 Οὐ
1762 4057 1925 4126 μόνον
1959 4052 2000 4109 δῖ

2168 4086 2266 4124 em
2300 4067 2550 4130 tradere,
2587 4065 2689 4120 sed
2722 4082 2789 4120 eo
2842 4065 3069 4118 vivente
3118 4063 3279 4117 salus
3334 4061 3461 4117 erit.
3496 4061 3651 4115 Nihil
3684 4061 3797 4115 ita-

370 4150 525 4208 ἀλλᾶ
554 4151 650 4205 καὶ
681 4153 1035 4223 καυχώμενοι
1067 4148 1119 4202 ἐν
1155 4152 1235 4219 τῷ
1288 4151 1423 4219 Θεῷ.
1463 4170 1483 4199 ι
1519 4149 1633 4203 Ἰνα
1668 4147 1742 4219 μή
1776 4144 1999 4220 ἐρυθριῶ

2167 4175 2263 4229 rue
2290 4154 2679 4220 difﬁcultatis,
2712 4153 2925 4223 inquit,
2958 4151 3136 4206 habet
3188 4166 3347 4204 nunc
3379 4155 3585 4204 nostra
3613 4148 3796 4204 salus.

384 4264 480 4316 μεν
537 4243 631 4297 καὶ
694 4239 1077 4313 ἆδημονῶμεν,
1138 4237 1220 4294 ὅτι
1274 4241 1536 4293 τοσοῦτον
1592 4235 1887 4312 γεγόναμεν
1927 4234 2013 4288 du

2164 4272 2177 4295 ι
2214 4250 2337 4303 Non
2360 4246 2549 4302 solum
2576 4250 2773 4300 autem
2797 4243 2929 4309 hoc,
2956 4241 3059 4297 sed
3084 4246 3143 4295 et
3165 4239 3490 4313 gloriamus
3512 4238 3575 4292 in
3597 4239 3734 4293 Deo.
3772 4261 3792 4289 ι

380 4328 498 4394 ϐεἷς
546 4332 623 4392 ὡς
686 4330 875 4405 χρείαν
933 4330 1175 4406 γενέσθαι
1230 4327 1320 4381 καὶ
1372 4331 1470 4382 τοῦ
1527 4324 1757 4381 θανάτου
1785 4328 1880 4378 τοῦ
1911 4324 2005 4380 rio

2173 4339 2231 4392 le
2259 4337 2475 4392 rubore
2507 4334 2939 4399 sutfundamur,
2990 4346 3358 4400 mmroreque
3412 4328 3802 4382 conﬁciantur

379 4425 519 4499 πρὸς
549 4423 615 4478 τὸ
644 4428 887 4488 σωθῆναι
942 4423 1114 4491 ἡμᾶς,
1164 4419 1368 4495 ἐπάγειο
1420 4418 1498 4475 Οὐ
1550 4417 1717 4488 μόνον
1749 4414 1808 4471 δὶ
1832 4414 2008 4484 ἐσώθη

2172 4428 2311 4502 ιιιοά
2332 4426 2477 4482 adeo
2502 4426 2667 4498 impii
2692 4426 3002 4489 fuerimus,
3021 4429 3088 4477 ut
3109 4438 3260 4493 Opus
3284 4420 3463 4473 fuerit
3482 4418 3553 4473 ad
3578 4419 3801 4473 salvan-

387 4535 507 4586 μεν,
540 4511 731 4585 φησὶν,
765 4509 911 4566 ἀλλᾶ
966 4510 1056 4564 καὶ
1113 4510 1417 4585 καυχᾶσθαι
1474 4506 1788 4584 ὀφείλομεν.
1833 4506 2010 4579 Τοιγα

2173 4517 2294 4573 lum
2310 4535 2418 4572 nos
2436 4516 2614 4572 etiam
2633 4521 2821 4570 morte
2836 4514 2963 4568 Filii
2981 4508 3444 4581 Dei,subjungit:
3469 4510 3591 4562 Non
3617 4506 3802 4561 solum

390 4608 517 4677 ρ’)ὖν
549 4600 641 4656 καὶ
672 4599 1032 4679 καυχώμεθα,
1066 4597 1148 4654 ὅτι
1182 4598 1329 4657 ὅλως
1366 4593 1597 4659 ἀπέθανε
1646 4594 1872 4668 Χριστὸς
1908 4592 2019 4667 ὑπὲρ

2175 4609 2366 4679 nquit,
2419 4607 2562 4663 salvi
2620 4606 2757 4661 facti
2814 4620 3038 4666 sumus,
3078 4601 3179 4657 sed
3238 4605 3295 4655 et
3346 4598 3586 4673 gloriari
3619 4596 3801 4652 debe-

388 4696 552 4764 ἡμῶν
584 4689 759 4748 ὄντων
790 4685 1022 4745 ἀσεϐῶν.
1057 4692 1234 4746 Τοῦτο
1277 4688 1378 4763 γὰρ
1408 4690 1508 4756 τήν
1544 4687 1671 4761 ἄγαν
1702 4688 1799 4739 τοῦ
1835 4682 2010 4757 Ηατρὸ

2171 4715 2325 4755 nus:
2360 4700 2557 4769 itaque
2589 4697 2914 4768 gloriamur
2946 4693 3121 4747 etiam
3173 4690 3330 4763 quod
3362 4690 3609 4745 omnino
3639 4704 3800 4744 mor-

386 4782 598 4854 ἀγάπην
634 4778 825 4849 δηλοῖ,
855 4777 940 4833 ὅτι
989 4778 1078 4833 καὶ
1125 4777 1256 4852 ὑπὲρ
1304 4771 1511 4831 ἀσεϐῶν
1544 4776 1637 4829 τὸν
1667 4773 1790 4828 Υίὸν
1819 4769 2015 4827 δέδωκε

2174 4804 2291 4842 .uus
2322 4786 2500 4842 fuerit
2524 4786 2790 4839 Christus
2847 4800 2954 4853 pro
3007 4781 3182 4836 nobis
3240 4796 3374 4835 cum
3434 4778 3601 4850 impii
3644 4794 3803 4833 esse-

392 4873 525 4932 Τοὺς
558 4868 617 4926 δὲ
646 4865 1049 4947 ἀγαπωμένους
1110 4867 1213 4921 ὑπὸ
1271 4869 1426 4929 Θεοῦ,
1487 4864 1585 4919 οὐκ
1615 4860 2021 4938 ἐγκαλ-ὃπτεσθα

2179 4880 2459 4933 nus.Nam
2480 4875 2538 4930 id
2560 4875 2749 4929 Patris
2773 4890 2909 4946 erga
2926 4889 3034 4927 nos
3051 4887 3313 4927 amorem
3337 4877 3540 4941 aperte
3564 4868 3808 4925 manife-

398 4958 515 5017 οὐδὲ
564 4959 887 5033 ἀδημονεῖν,
941 4955 1089 5013 ἀλλὰ
1141 4953 1474 5029 ἀγάλλεσθαι
1516 4954 1606 5009 καὶ
1653 4957 1958 5027 καυχᾶσθαι
1990 4949 2027 5005 ἐι

2173 4973 2289 5025 ttat.
2318 4965 2668 5037 quodetiam
2694 4980 2799 5035 pro
2823 4962 3023 5033 impiis
3049 4962 3261 5017 Filium
3287 4958 3802 5015 tradiderit.Porro

397 5056 509 5122 Θεῷ
534 5053 831 5127 προσήκει.
895 5072 923 5099 α
976 5048 1062 5103 Δι’
1108 5044 1175 5100 οῦ
1220 5049 1308 5099 νῦν
1335 5046 1434 5113 τὴν
1466 5040 1820 5118 καταλλαγήν
1854 5034 2026 5095 ἐλαϐοι

2169 5073 2256 5111 sos
2269 5057 2419 5127 quia
2434 5056 2547 5109 Deo
2562 5034 2842 5109 amantur
2854 5068 2972 5106 non
2988 5049 3502 5120 convenitpudore
3516 5045 3798 5111 suffundi,

389 5161 501 5213 μεν.
538 5165 566 5194 ›)
600 5142 712 5210 Τήν
743 5140 867 5195 οἷον
922 5134 1195 5191 οἰκείωσιν
1247 5134 1335 5188 καὶ
1396 5132 1457 5187 τὸ
1514 5128 1872 5206 διαλλαγῆναι
1905 5129 2018 5202 ἡμῖε

2171 5161 2346 5215 mque
2387 5158 2636 5198 mcerore
2667 5141 2845 5206 afﬁci,
2880 5140 3025 5195 263
3058 5139 3161 5193 sed
3193 5142 3450 5192 exaltare
3491 5140 3550 5187 et
3580 5134 3641 5186 in
3683 5133 3800 5187 Deo

383 5231 738 5307 ὀργιζόμενον
768 5228 879 5305 πρὸ
913 5225 1110 5283 τούτου
1138 5226 1228 5280 τὸν
1263 5222 1417 5282 Θεόν.

2164 5233 2409 5306 gloriari.
2436 5254 2464 5281 «
2486 5233 2597 5286 Per
2617 5246 2792 5302 quem
2817 5229 3153 5300 accepimus
3175 5222 3745 5281 reconciliationem.
3769 5240 3793 5271 ι

2154 5323 2275 5379 Hoc
2302 5327 2391 5377 est
2416 5321 2905 5381 familiaritatem,
2928 5325 2986 5373 et
3007 5317 3162 5387 quod
3184 5314 3355 5370 nobis
3383 5310 3805 5367 reconciliatus

2155 5413 2234 5469 sit
2256 5412 2411 5467 Deus
2442 5410 2542 5483 qui
2574 5415 2714 5464 ante
2742 5408 2921 5479 hujus
2951 5412 3204 5461 mortem
3237 5401 3409 5457 nobis
3440 5401 3625 5456 iratus
3656 5405 3802 5455 erat.
