4126 6256
411 327 526 388 415

1046 454 1277 511 CAPUT
1314 452 1431 508 VII.

415 569 690 636 Quomodo
720 582 816 621 nos
844 564 1227 620 introduxerit
1265 563 1339 616 ad
1379 561 1610 636 salutem
1633 559 2061 636 Jestts‘CVhristus

481 644 669 709 factus
700 639 855 692 homo
879 653 988 708 pro
1029 636 1308 704 terrigena
1352 633 1526 688 Adam
1558 635 1657 702 qui
1684 633 1750 687 ab
1782 633 1944 687 initio
1975 647 2058 685 σεο

481 713 712 768 ciderat.

478 821 549 886 V,
584 821 670 884 12,
706 819 790 872 13.
828 837 856 866 ι‹
889 817 1208 886 Propterea
1236 811 1392 867 sicut
1411 826 1516 882 per
1534 826 1724 866 unum
1755 808 2060 864 hominem

412 931 439 960 ‹‹
473 912 781 981 peccatum
813 906 873 959 in
902 902 1195 959 mundum
1223 902 1508 965 introivit,
1534 917 1602 955 ac
1624 916 1730 971 per
1752 904 2061 970 peccatum

412 1020 440 1048 ιι
476 1013 655 1062 mors,
682 1001 742 1050 et
763 995 846 1050 sic
868 993 929 1049 in
951 1008 1156 1048 omnes
1177 991 1454 1047 homines
1486 1007 1646 1045 mors
1676 988 2058 1062 pertransiit:

413 1110 442 1139 ‹‹
475 1087 538 1143 in
572 1103 687 1159 quo
711 1100 921 1140 omnes
942 1087 1354 1156 peccaverunt.
1382 1082 1526 1136 Nam
1547 1096 1734 1151 usque
1765 1077 1839 1134 ad
1872 1078 2062 1151 legem

423 1197 446 1227 ι
479 1181 789 1250 peccatum
819 1179 946 1228 erat
973 1173 1036 1228 in
1069 1171 1313 1228 mundo.

489 1267 634 1322 Cum
665 1266 726 1320 in
755 1262 1162 1336 superioribus
1193 1259 1604 1331 multipliciter
1623 1258 1978 1330 probaverit,
2008 1263 2067 1312 et

415 1356 666 1428 Spiritus
697 1353 1016 1425 praesentia
1058 1357 1116 1406 et
1161 1350 1292 1407 Filii
1324 1355 1514 1405 morte
1545 1365 1654 1403 nos
1687 1365 1815 1403 esse
1836 1347 2065 1419 justiti-

417 1450 600 1513 catos,
635 1442 793 1498 idem
827 1442 1003 1497 etiam
1035 1456 1194 1496 nunc
1244 1455 1315 1494 ex
1361 1455 1429 1493 eo
1479 1437 1638 1509 quod
1669 1437 1886 1492 rationi
1918 1453 2062 1491 con-

415 1540 765 1592 sentaneum
797 1548 863 1586 ac
896 1545 1269 1602 consequens
1302 1534 1410 1596 est,
1440 1527 1773 1583 conﬁrmat.
1804 1528 1949 1582 Nam
1979 1542 2068 1581 ra-

414 1623 725 1690 tionabile,
749 1621 965 1693 inquit,
988 1625 1134 1686 erat,
1161 1635 1262 1674 eos
1284 1618 1386 1688 qui
1409 1634 1514 1689 per
1542 1633 1727 1671 unum
1760 1615 2067 1670 hominem

418 1719 761 1788 peccatores
793 1727 860 1766 ac
891 1709 1173 1765 mortales
1195 1707 1331 1764 facti
1363 1712 1550 1775 erant,
1581 1703 2067 1776 quandoquidem

415 1803 580 1861 illius
613 1798 871 1857 aemulati
904 1799 1210 1854 fueramus
1231 1795 1722 1860 inobedientiam,
1745 1810 1852 1864 per
1881 1809 2067 1848 unum

416 1893 744 1957 hominem,
779 1888 1096 1945 Dominum
1128 1886 1423 1952 videlicet,
1457 1884 1648 1939 salvos
1679 1883 1827 1947 ﬁeri,
1855 1883 2070 1954 justiﬁ-

417 1989 579 2039 catos
611 1997 679 2035 ac
729 1977 1098 2033 immortales
1154 1977 1414 2030 effectos.
1454 2004 1517 2014 ——
1550 1974 1828 2040 Omnino,
1861 1972 2079 2043 inquit,

426 2087 460 2126 α
491 2072 606 2126 Deo
641 2068 1020 2133 salvabimur,
1047 2063 1367 2120 dummodo
1399 2063 1608 2118 saltem
1645 2062 1755 2135 ipsi
1787 2061 2075 2116 velimus:

429 2161 599 2230 cujus
621 2158 798 2230 paulo
821 2161 997 2211 antea
1019 2156 1170 2210 datae
1194 2159 1333 2209 sunt
1354 2153 1654 2208 evidentes
1677 2152 2074 2223 probationes.

1525 315 1949 382 mCUMENIl
1991 313 2298 380 TRICCE
2341 316 2714 380 EPISCOPI.

2087 451 2142 518 Α

3675 317 3774 380 416

2813 449 3072 506 ΚΕΦΑΛ.
3105 449 3175 506 Z‘.

2170 558 2302 633 Περὶ
2363 557 2670 633 εἰσαγωγῆς
2725 563 2822 614 τοῦ
2879 559 3030 633 πρὸς
3065 555 3336 633 σωτηρίαν
3365 559 3560 633 enim
3597 557 3786 630 ἀνθρώ-

2239 628 2349 684 ποῦ
2383 628 2861 722 Ἰησόόξριστοῆ
2919 631 3036 685 ἀντὶ
3094 635 3190 686 τοῦ
3224 628 3500 692 ’πεσόντος
3545 628 3593 703 ἐξ
3623 628 3788 709 ἀρχῆς

2447 708 2470 717 -
2563 714 2576 723 .
2609 717 2616 723 .
2647 706 2656 723 ρ

2241 714 2504 779 γηγενοῦς
2533 714 2586 758 Ἀ
2600 714 2730 774 όαμ.

2242 813 2339 867 Διά
2394 816 2555 867 τοῦτο
2617 812 2797 886 ὥσπερ
2859 809 2929 866 δι’
2987 813 3105 874 ἑνὸς
3164 810 3451 886 ἀνθρώπου
3502 813 3534 879 ἡ
3580 810 3794 886 ἁμαρτία

2173 899 2248 961 εἷς
2305 901 2394 955 τὸν
2451 902 2657 974 κόσμον
2715 901 2954 972 εἰσῆλθε,
3012 900 3100 955 καὶ
3162 897 3250 955 διὰ
3301 907 3401 969 τῆς
3461 899 3714 974 ἁμαρτίας
3767 901 3792 954 6

2171 991 2418 1057 Θάνατος,
2473 991 2563 1045 καὶ
2612 988 2786 1052 οὕτως
2864 990 2940 1052 εἷς
3009 991 3212 1053 πάντας
3269 987 3582 1063 ἀνθρώπους
3637 989 3662 1042 6
3713 990 3794 1052 θά-

2170 1099 2330 1137 νατος
2389 1077 2630 1147 διῆλθεν·
2693 1078 2773 1157 ἐφ’
2828 1080 2872 1150 ᾧ
2925 1078 3119 1141 πάντες
3178 1077 3444 1152 ἥμαρτον.
3503 1079 3670 1152 Ἀχρι
3704 1078 3791 1153 γὰρ

2170 1170 2344 1243 νόμου
2375 1170 2615 1243 ἁμαρτία
2646 1169 2699 1223 ἐν
2731 1171 2947 1241 κόσμῳ,

2245 1263 2654 1324 Κατασκευασας
2683 1260 2795 1315 ἄνω
2827 1259 3138 1334 πολλαχῶς
3166 1261 3228 1316 τὸ
3259 1258 3639 1322 δεδικαιῶσθαι
3667 1261 3796 1332 ἡμᾶς

2173 1355 2240 1424 τῇ
2288 1373 2346 1407 τε
2400 1351 2656 1424 μετουσίᾳ
2701 1356 2803 1406 τι>5
2850 1352 3184 1422 Πνεύματος,
3236 1351 3323 1407 καί
3376 1355 3456 1423 τῷ
3487 1349 3690 1422 θανάτῳ
3716 1353 3798 1403 τοῦ

2175 1441 2324 1509 Ποῦ,
2378 1445 2470 1494 νῦν
2530 1441 2619 1496 καὶ
2675 1439 2734 1495 ἐκ
2783 1439 2881 1496 τοῖι
2938 1439 3173 1515 εὐλόγου
3233 1441 3362 1496 αὐτὸ
3415 1440 3796 1508 κατασκευάζει.

2174 1532 2321 1600 "Ott,
2382 1531 2538 1606 φησὶ,
2596 1531 2686 1586 καὶ
2741 1529 2967 1604 εὔλογον
3023 1531 3114 1601 ἧν,
3158 1529 3286 1592 τοὺς
3319 1527 3510 1584 δι’ἓνα
3539 1527 3800 1604 ἄνθρωπον

2175 1617 2538 1693 ἁμαρτωλοὺς
2579 1618 2669 1674 καὶ
2721 1617 2947 1687 θνητοὺς
2996 1618 3344 1693 γινομένους,
3393 1617 3509 1675 ἐπεὶ
3540 1615 3801 1688 ἐζηλὼσα-

2181 1731 2274 1783 μεν
2308 1709 2471 1764 αὐτοῦ
2503 1710 2600 1776 τήν
2628 1710 2934 1783 παρακοήν,
2969 1707 3057 1764 διὰ
3114 1709 3205 1765 τὸν
3259 1705 3348 1764 ἕνα
3398 1709 3694 1782 ἄνθρωπον,
3723 1706 3801 1760 τὸν

2179 1799 2380 1875 Κύριον
2414 1796 2654 1870 δηλαδὴ,
2715 1801 2950 1868 σωθῆναι
3011 1795 3389 1859 δικαιωθέντας
3437 1798 3525 1852 καὶ
3555 1797 3804 1851 ἀπαθανα-

2177 1888 2472 1951 τισθέντας.
2507 1921 2575 1931 -
2626 1891 2835 1964 [ΦΩΤ.]
2898 1889 3294 1962 Σωθησόμεθα,
3357 1887 3542 1966 φησὶν,
3600 1886 3805 1941 ὑπὸτοῦ

2180 1984 2313 2035 Θεοῦ
2365 1999 2604 2045 παντως,
2661 1979 2749 2034 ἐάν
2806 1999 2906 2053 περ
2962 1978 3116 2033 αὐτοὶ
3195 1979 3354 2051 μόνον
3415 1978 3676 2050 θὲλωμεν·
3730 1974 3807 2031 καὶ

2183 2067 2423 2142 εἶ’ρηνται
2458 2069 2552 2140 μὲν
2587 2074 2766 2142 μικρῷ
2797 2069 3024 2142 πρόσθεν
3080 2069 3136 2122 αἱ
3188 2065 3508 2138 αποδείξεις,
3537 2065 3704 2121 Ἀλλὰ
3731 2063 3808 2118 καὶ

2185 2155 2273 2213 διὰ
2302 2162 2484 2223 τοῦτο,
2549 2158 2702 2235 φησὶ,
2762 2157 3143 2229 σωθησόμεθα.
3202 2158 3298 2212 Διά
3354 2157 3696 2225 ποῖον;”οτι
3731 2153 3808 2208 καὶ

428 2249 540 2306 Sed
598 2254 657 2303 et
712 2251 1046 2318 propterea,
1108 2245 1322 2314 inquit,
1382 2242 1783 2308 salvabimur;
1839 2247 2082 2314 propter

425 2338 614 2412 quid?
644 2339 791 2402 Quia
821 2337 931 2392 hoc
962 2341 1022 2390 et
1048 2334 1330 2407 possibile
1359 2339 1468 2401 est,
1493 2338 1551 2388 et
1579 2332 1794 2386 rationi
1824 2347 2080 2388 consen-

424 2435 667 2484 taneum
702 2431 791 2482 est
817 2442 884 2482 ac
909 2440 1304 2495 consequens.
1341 2422 1453 2477 Sed
1501 2421 1658 2477 unde
1704 2422 1830 2476 haec
1880 2420 2076 2476 mani-

427 2517 581 2573 festa
633 2515 825 2572 ﬁent?
880 2518 927 2570 A
987 2514 1304 2579 contrario,
1356 2512 1571 2584 inquit.
1631 2511 1935 2583 Siquidem
1977 2527 2082 2582 per

2187 2246 2403 2304 δυνατὸν
2458 2252 2619 2302 τοῦτο
2677 2249 2769 2301 καὶ
2829 2246 3054 2320 εὔλογον
3113 2247 3204 2301 καὶ
3272 2244 3592 2301 ἀκόλουθον.
3628 2243 3808 2305 ’Πόθεν

2183 2343 2352 2392 ταῦτα
2410 2334 2621 2406 δῆλον;
2678 2336 2738 2391 ἐκ
2791 2342 2888 2391 τοῦ
2948 2335 3216 2403 ἐναντίου,
3271 2337 3431 2413 φησί.
3492 2335 3590 2392 Καὶ
3619 2335 3712 2409 γὰρ
3751 2330 3809 2386 δι’

2188 2428 2306 2489 ἑνὸς
2336 2427 2626 2502 ἀνθρώπου
2683 2427 2773 2483 καὶ
2832 2428 2867 2496 ἡ
2927 2426 3164 2500 ἁμαρτία
3213 2424 3468 2493 εἷσῆλΘεν
3502 2426 3575 2486 εἰς
3601 2425 3687 2480 τὸν
3713 2421 3800 2476 κό-

2189 2538 2349 2590 σμον,
2379 2516 2469 2571 καὶ
2501 2516 2660 2577 αὐτὸς
2691 2517 2718 2570 6
2750 2514 2996 2576 θάνατος.
3055 2515 3113 2569 Εἰ
3165 2513 3256 2569 οὖν
3300 2513 3374 2570 δι’
3406 2515 3520 2576 ἑνὸς
3551 2514 3811 2586 ἀνθρώπου

431 2623 619 2662 unum
650 2606 956 2662 hominem
980 2610 1038 2659 et
1058 2609 1365 2675 peccatum
1388 2603 1450 2657 in
1473 2601 1761 2656 mundum
1793 2600 2077 2666 introivit,

434 2706 494 2755 et
517 2716 679 2754 mors
703 2699 834 2768 ipsa
861 2714 872 2749 :
910 2697 956 2751 si
989 2711 1126 2767 ergo
1157 2694 1381 2750 atrocia
1408 2694 1534 2748 haec
1563 2693 1720 2748 facta
1755 2697 1912 2757 sunt,
1944 2707 2082 2762 pos-

434 2788 604 2843 sibile
636 2787 815 2841 etiam
849 2790 938 2840 est
975 2801 1041 2841 ac
1090 2799 1484 2853 consequens,
1517 2787 1585 2836 ut
1613 2797 1719 2852 per
1749 2796 1932 2836 unum
1968 2781 2080 2834 bo-

432 2876 654 2932 minem
680 2875 996 2931 Dominum
1019 2877 1288 2928 nostrum
1303 2873 1502 2928 Jesum
1517 2871 1817 2926 Christum
1839 2874 2086 2941 pereant

429 2967 609 3023 etiam
641 2983 772 3038 quae
802 2963 1142 3020 introducta.
1170 2969 1340 3019 erant
1371 2979 1526 3018 saeva
1555 2962 1731 3018 mala.
1767 2978 1836 3017 ac
1866 2961 2084 3016 dentur

430 3057 605 3113 nobis
635 3055 903 3111 meliora.
955 3053 1271 3125 Apostolus
1328 3058 1526 3107 autem
1584 3051 1865 3122 operibus
1897 3050 2082 3104 Adam

428 3147 748 3219 propositis
778 3145 1022 3215 reliquit
1051 3161 1119 3198 ea
1148 3159 1278 3214 quas
1310 3143 1449 3198 fecit
1479 3141 1764 3208 Christus,
1789 3139 1984 3195 dando
2016 3139 2076 3194 id

431 3254 500 3293 ex
526 3238 822 3292 contrario
872 3234 1364 3305 intelligendum:
1409 3231 1584 3287 simul
1633 3237 1690 3285 et
1719 3232 1830 3286 ista
1859 3229 2074 3302 prmdi-

428 3325 821 3391 cendo,etilla
835 3323 1082 3394 intelligi
1099 3323 1194 3376 hic
1205 3337 1335 3376 esse
1351 3321 1658 3392 possibilia
1670 3319 2083 3390 relinquendo:

435 3413 591 3469 264
627 3413 844 3467 Idcirco
876 3409 1296 3482 prmordinavit
1341 3410 1532 3464 solum
1575 3409 1919 3481 parabolam
1952 3425 2083 3480 quae

431 3501 807 3559 intellectum
842 3501 1011 3555 illum
1036 3499 1423 3571 pertraheret.
1448 3499 1703 3554 Omnino
1727 3499 1885 3552 enim
1911 3498 1968 3552 id
1993 3514 2082 3552 re-

434 3591 638 3664 quirit,
671 3596 736 3645 ut
765 3589 1036 3645 dicatur:
1070 3587 1579 3654 Quemadmodum
1604 3589 1735 3648 hoc.
1762 3589 1841 3642 ita
1873 3593 2086 3643 etcou-

437 3696 715 3752 sequens,
751 3679 810 3734 id
843 3683 950 3738 est.
986 3679 1070 3733 sic
1101 3683 1160 3732 et
1197 3677 1346 3732 illud
1376 3694 1388 3732 :
1441 3677 1544 3733 sed
1593 3677 1771 3731 veluti
1804 3676 2082 3744 diximus,

436 3787 505 3826 eo
533 3768 692 3840 quod
720 3768 1106 3839 consequitur
1127 3783 1234 3838 per
1256 3766 1598 3838 parabolam
1620 3773 1879 3830 ostenso,
1905 3766 2086 3820 mani-

434 3860 583 3916 feste
614 3858 762 3914 illud
796 3873 914 3912 non
945 3858 1163 3930 posuit,
1190 3857 1294 3912 sed
1325 3873 1432 3912 nos
1461 3857 1620 3928 ipsos
1651 3857 1724 3912 ad
1756 3856 2088 3928 intelligen-

439 3949 575 4004 dum
610 3947 845 4002 direxit.
874 3968 902 3996 ‹‹
925 3947 991 4000 In
1019 3963 1134 4017 quo
1157 3961 1365 4001 omnes
1388 3951 1799 4016 peccaverunt.
1824 3967 1852 3994 »
1874 3947 1940 4000 In
1969 3961 2084 4016 quo

437 4037 646 4103 Adam,
677 4035 769 4090 vel
826 4051 933 4107 per
985 4051 1163 4105 quem
1223 4035 1453 4090 Adam:
1504 4041 1626 4099 aut.
1678 4035 1817 4106 quia
1845 4039 2088 4106 propter

436 4126 636 4198 ipsum
663 4125 840 4180 etiam
873 4129 932 4179 et
959 4124 1082 4180 alii.
1116 4154 1185 4164 --
1213 4147 1240 4170 α
1280 4129 1342 4180 In
1374 4141 1510 4196 quo.
1548 4146 1574 4173 υ
1604 4126 1668 4180 In
1709 4125 1858 4196 ipso,
1892 4122 2089 4194 inquit

437 4215 624 4272 Adam
659 4213 837 4268 simul
867 4213 1174 4274 morimur,
1202 4213 1341 4283 quia
1362 4213 1423 4268 in
1453 4213 1582 4284 ipso
1614 4212 1793 4268 simul
1825 4212 2087 4284 peccavi-

439 4320 590 4360 mus.
626 4306 695 4358 Et
723 4302 962 4375 quidem
994 4303 1094 4357 ille
1142 4302 1434 4374 originem
1488 4302 1686 4358 dedit:
1747 4317 1856 4356 nos
1887 4307 2088 4356 autem

439 4399 677 4464 sumpta
707 4392 845 4448 inde
874 4392 1185 4449 occasione
1216 4391 1440 4447 malum
1486 4408 1604 4446 non
1649 4390 2087 4462 prohibuimus,

440 4484 544 4541 sed
575 4484 772 4555 potius
803 4483 1101 4555 cooperati
1134 4499 1361 4546 sumus.
1397 4489 1579 4553 utque
1613 4481 1686 4537 ad
1727 4483 1922 4552 majus
1953 4497 2086 4551 pro-

2185 2610 2354 2661 ταῦτα
2380 2605 2594 2680 γέγονεν
2628 2606 2764 2677 ἡμῖν
2821 2605 2888 2660 τὰ
2937 2605 3176 2678 χαλεπὰ,
3211 2602 3441 2660 δυνατὸν
3483 2603 3570 2659 καὶ
3603 2602 3809 2658 ἀκολου·

2189 2697 2280 2750 θον
2311 2693 2381 2750 δι’
2413 2697 2526 2757 ἑνὸς
2557 2695 2844 2769 ἀνθρώπου
2902 2698 2999 2750 τοῦ
3058 2694 3259 2770 Κυρίου
3291 2697 3458 2769 ἡμῶν
3493 2697 3665 2764 Ἰησοῦ
3693 2692 3805 2764 Χρι-

2188 2784 2338 2854 στοῦ,
2396 2784 2486 2838 καὶ
2541 2785 2607 2840 τὰ
2691 2786 3122 2859 παρεισαχθέντα
3186 2785 3540 2860 ἀναιρεθῆναι
3597 2779 3802 2858 χαλεπὰ,

2187 2874 2278 2929 καὶ
2332 2875 2400 2929 τὰ
2454 2874 2660 2948 ἀμείνω
2718 2873 3032 2950 δωρηθῆναι
3090 2878 3246 2948 ἡμῖν.
3303 2876 3488 2937 Αὐτὸς
3534 2872 3590 2929 δὲ
3630 2873 3688 2929 τᾶ
3724 2873 3798 2925 τοῦ

2189 2961 2371 3037 Ἀδὰμ
2414 2963 2693 3039 παραθεὶς,
2749 2963 3036 3019 κατέλιπεν
3085 2966 3219 3040 ἅπερ
3268 2959 3494 3040 ἔπραξεν
3527 2966 3553 3020 6
3583 2959 3792 3038 Χριστὸς,

2190 3051 2372 3116 διδοὺς
2404 3059 2565 3108 τοῦτο
2597 3053 2658 3109 ἐκ
2684 3059 2780 3109 τοῦ
2837 3053 3079 3109 ἐναντίου
3136 3054 3361 3127 ἐννοεῖν,
3391 3055 3480 3110 καὶ
3511 3051 3620 3127 ἅμα
3647 3069 3796 3125 προει-

2192 3147 2374 3223 ρηκὼς
2425 3144 2580 3208 αὐτὰ,
2636 3145 2726 3200 καὶ
2786 3143 3011 3200 δυνατὸν
3068 3147 3344 3210 κάνταῦθα
3403 3146 3576 3202 ἐκεῖνα
3615 3161 3804 3199 συνεπι-

2187 3242 2350 3291 νοιῖν·
2384 3233 2468 3290 διὸ
2503 3235 2662 3309 μόνον
2696 3235 2795 3304 τήν
2829 3230 3150 3310 παραϐολὴν
3207 3237 3485 3310 προτάξας
3516 3235 3585 3297 ὡς
3612 3230 3808 3310 ἐφελκυ-

2188 3325 2371 3380 στικὸν
2428 3323 2635 3380 ἐκείνου
2689 3328 2787 3378 τοῦ
2826 3326 3124 3397 νοήματος.
3185 3325 3443 3382 Ἀπαιτεῖ
3493 3325 3589 3401 γὰρ
3626 3320 3810 3379 πάντως

2188 3415 2248 3472 τὸ
2283 3415 2473 3482 εἰπεῖν,
2509 3419 2714 3489 ’Ὠσπερ
2743 3411 2886 3481 τόδε,
2919 3414 3011 3468 καὶ
3055 3416 3118 3470 τὸ
3167 3412 3495 3483 ἀκόλουθον,
3526 3414 3650 3476 οἷον,
3683 3407 3809 3463 οὕτω

2187 3504 2277 3558 καὶ
2314 3501 2456 3558 τόδε.
2509 3501 2663 3558 Ἀλλ’
2723 3503 2797 3564 ὡς
2854 3497 3060 3580 ἔφημεν
3123 3501 3214 3558 διὰ
3265 3510 3380 3573 τῆς
3435 3495 3730 3574 παραϐολῆς
3755 3495 3809 3549 τὸ

2189 3591 2491 3648 ἀκόλουθον
2549 3590 2938 3663 ἐνδειξάμενος,
2999 3593 3182 3670 ῥητῶς
3246 3593 3308 3648 οὐ
3377 3592 3642 3669 παρέθετο,
3695 3584 3806 3642 ἀλλ’

2189 3679 2387 3741 αὐτοὺς
2443 3681 2592 3751 ἡμᾶς
2669 3687 2998 3737 ουνεπινοεῖν
3082 3680 3484 3756 προετρέψατο.
3542 3703 3568 3731 ι(
3618 3681 3719 3754 Ἐφ’
3768 3671 3806 3743 ᾧ

2188 3771 2380 3832 πάντες
2434 3770 2706 3842 ἥμαρτον.
2770 3794 2797 3821 ››
2856 3772 2973 3851 Ἐφ’
3029 3770 3074 3843 ᾧ
3133 3769 3340 3844 Ἀδὰμ,
3378 3774 3411 3845 ἢ
3445 3771 3512 3827 δι’
3553 3764 3802 3836 δνᾊδᾶμο

2188 3859 2222 3928 ἢ
2254 3859 2338 3913 ὃτι
2371 3858 2452 3914 ἐπ’
2495 3860 2642 3931 αὐτῷ
2690 3859 2780 3914 καὶ
2830 3861 2880 3915 οἱ
2931 3858 3115 3917 ἄλλοι.
3153 3893 3218 3904 —-
3249 3863 3466 3937 [ΦΩΤ.]
3505 3886 3530 3914 ι(
3566 3857 3668 3934 Ἐφ’
3775 3870 3792 3900 ο

2189 3947 2310 4004 ,Επὶ
2378 3947 2579 4020 τούτῳ,
2670 3948 2823 4026 φησὶ,
2915 3951 3436 4025 mamma-mm,
3501 3954 3576 4022 τῷ
3630 3940 3788 4010 »Αδὰμι

2191 4036 2272 4118 ἐφ’
2301 4035 2346 4110 ᾦ
2377 4036 2466 4092 καὶ
2499 4037 2972 4112 συναμαρτάνομεν
3055 4039 3152 4094 Καὶ
3197 4040 3296 4108 τήν
3362 4042 3457 4115 μὲν
3495 4038 3656 4114 ἀρχὴν
3682 4030 3792 4085 ἐκεῖ·

2189 4147 2281 4188 νος
2312 4129 2598 4202 παρεσχεν.
2633 4128 2797 4202 ἡμεῖς
2859 4125 2904 4181 δ’
2961 4125 3160 4192 ἐκεῖθεν
3216 4130 3312 4198 τήν
3357 4129 3604 4207 ἀφορμὴν
3632 4115 3801 4181 λαϐόν-

2188 4235 2297 4279 τες.
2357 4217 2458 4272 οὐκ
2509 4215 2856 4290 ἐκωλησεμεν
2907 4217 2969 4271 τὸ
3025 4219 3211 4286 κακὸν,
3261 4216 3416 4276 ἀλλὰ
3464 4218 3548 4273 καὶ
3579 4208 3806 4283 συνεργή-

2191 4326 2377 4380 σαμεν,
2436 4307 2524 4359 καὶ
2582 4304 2670 4360 ἐπὶ
2731 4308 2863 4380 μέγα
2921 4313 3178 4386 χωρῆσαι
3234 4305 3708 4383 παρεσκευάσπμεν.
3750 4326 3804 4338 --

2191 4397 2524 4471 [ΟιΚυΥΜ.]
2579 4397 2696 4450 Ἵνα
2753 4396 2855 4472 γὰρ
2915 4399 2992 4471 μὴ
3053 4420 3137 4457 τις
3197 4396 3411 4454 ἀδικίαν
3461 4392 3710 4470 ἐγκαλέσῃ
3738 4388 3806 4455 τῷ

2193 4487 2332 4554 Θεῷ,
2359 4482 2442 4538 ὅτι
2472 4488 2569 4538 τοῦ
2602 4483 2783 4555 Ἀδὰμ
2830 4487 3174 4548 πταίσαντος,
3208 4489 3373 4560 ἡμεῖς
3404 4486 3806 4552 ἀποθνήσκομεν,

440 4574 680 4630 cederet
709 4573 1139 4645 apparavimus.
1172 4603 1240 4614 —-—
1271 4574 1351 4630 Ne
1400 4572 1534 4644 quis
1579 4571 1738 4627 enim
1778 4570 2080 4642 injustitiee

2199 4570 2406 4646 ἐπίγειι
2489 4595 2514 4624 υ
2551 4573 2667 4652 Ἐφ’
2723 4572 2919 4636 πάντες
3005 4575 3276 4652 ἥμαρτονο
3313 4599 3344 4628 »
3428 4574 3552 4632 ὡσεὶ
3627 4563 3807 4652 ἔλεγεν

441 4665 626 4720 Deum
658 4669 914 4729 accuset,
941 4663 1119 4734 quod,
1145 4681 1280 4720 cum
1301 4662 1490 4720 Adam
1512 4661 1853 4733 deliquerit,
1882 4676 2090 4716 omnes

443 4755 791 4819 moriamur,
846 4754 1188 4827 subjuugit:
1231 4777 1259 4806 «
1295 4755 1360 4810 In
1412 4771 1528 4825 quo
1559 4769 1770 4809 omnes
1813 4767 2087 4824 peccave-

442 4847 615 4906 runt;
643 4864 669 4889 υ
689 4857 755 4896 ac
777 4843 826 4897 si
853 4842 1095 4910 diceret,
1121 4844 1249 4916 Ipse
1276 4844 1517 4904 quidem
1545 4843 1904 4917 principium
1929 4841 2092 4897 dedit

442 4936 499 4989 et
526 4947 786 4995 causam.
821 4932 980 5003 quod
1019 4949 1226 4989 omnes
1275 4933 1349 4988 ad
1401 4934 1588 5006 ipsius
1636 4930 2091 4986 similitudinem

441 5021 903 5096 peccaverimus.
937 5043 965 5073 «
999 5023 1144 5079 Nam
1199 5039 1390 5094 usque
1450 5023 1524 5079 ad
1562 5023 1753 5095 legem
1784 5026 2092 5094 peccatum

442 5120 570 5171 erat
601 5114 662 5169 in
693 5113 939 5170 mundo.
959 5131 983 5163 ι
1019 5113 1340 5170 Ostendere
1371 5113 1494 5168 vult
1523 5113 1681 5185 quod
1711 5129 1832 5168 non
1863 5117 2092 5168 tantum

441 5210 686 5278 propter
715 5207 1022 5276 peccatum
1047 5208 1316 5260 nostrum
1349 5203 1656 5270 morimur,
1683 5208 1972 5275 quantum
1989 5217 2096 5274 per

442 5295 653 5356 Adam.
686 5293 788 5366 qui
819 5311 888 5350 ex
920 5293 1325 5350 inobedientia
1373 5293 1547 5349 morti
1593 5293 1792 5350 locum
1823 5292 2006 5359 dedit,
2039 5296 2098 5347 et

447 5384 530 5438 ait
554 5399 567 5440 :
600 5385 740 5440 Erat
769 5383 1010 5456 quidem
1032 5389 1092 5440 et
1115 5389 1253 5440 ante
1281 5383 1473 5457 legem
1503 5384 1564 5440 in
1587 5383 1930 5439 hominibus
1947 5398 2094 5454 pec-

449 5477 645 5528 catum
674 5491 685 5527 :
715 5490 916 5529 verum
946 5491 1067 5530 non
1098 5474 1504 5546 imputabatur
1526 5474 1610 5529 eis
1634 5491 1765 5530 cum
1790 5490 1909 5528 non
1943 5476 2098 5528 esset

447 5559 542 5620 lex
576 5577 706 5632 quae
755 5570 1065 5633 peccatum
1119 5564 1430 5636 prohibet:
1490 5579 1612 5620 non
1671 5563 1959 5636 imputata
1993 5579 2144 5620 au..-

447 5656 567 5706 tem
599 5657 840 5723 peccato
875 5653 1283 5710 moriebantur
1306 5655 1600 5711 homines.
1630 5652 1781 5720 Quid
1813 5652 1994 5726 ergo?
2021 5670 2096 5709 an

2198 4661 2374 4725 Αὐτὸς
2437 4661 2529 4735 μὲν
2575 4664 2676 4732 τήν
2734 4663 2912 4737 ἀρχὴν
2969 4664 3209 4741 παρέσχε
3258 4665 3350 4720 καὶ
3395 4667 3494 4732 τήν
3525 4661 3706 4717 αἰτίαν,
3737 4649 3808 4706 ὅτι

2197 4747 2392 4808 πάντες
2422 4747 2742 4823 ἡμάρτομεν
2772 4749 2907 4806 κατὰ
2945 4752 3044 4821 τήν
3100 4751 3362 4822 ὁμοίωσιν
3394 4749 3574 4806 αὐτοῦ.
3607 4769 3633 4797 α
3661 4741 3806 4810 Ἀχρι

2196 4839 2298 4916 γὰρ
2330 4841 2504 4913 νόμου
2536 4841 2773 4915 ἁμαρτία
2819 4844 2884 4912 ἦν
2937 4845 2988 4898 ἐν
3038 4845 3250 4918 κόσμῳ.
3288 4868 3315 4896 ››
3366 4841 3517 4900 Θὲλει
3558 4837 3706 4905 δεῖξαι
3734 4828 3808 4882 δτι

2201 4930 2262 4984 οὐ
2294 4935 2551 4987 τοσοῦτον
2593 4928 2682 4986 διὰ
2712 4933 2808 4994 τὰς
2857 4934 3124 5007 ἁμαρτίας
3181 4934 3341 5005 ἡμῶν
3403 4930 3810 4996 ἀποθνήσκομεν»

2201 5019 2325 5076 ὅσον
2356 5015 2446 5076 διὰ
2473 5021 2564 5076 τὸν
2595 5018 2791 5094 Ἀδὰμ,
2852 5022 3040 5097 χώραν
3095 5019 3369 5080 δεδωκότα
3410 5021 3488 5092 τῷ
3532 5015 3728 5080 θανάτῳ
3763 5005 3814 5059 ἆκ

2199 5114 2300 5176 τῆς
2331 5111 2633 5182 παρακοῆς,
2693 5110 2783 5163 καὶ
2841 5129 3025 5186 φησιν·
3084 5116 3185 5166 Ἦν
3247 5112 3340 5186 μὲν
3395 5113 3510 5170 τοῖς
3538 5098 3814 5175 ἀνθρώποις

2201 5197 2292 5253 καὶ
2322 5198 2427 5272 πρὸ
2483 5202 2579 5252 τοῦ
2637 5198 2810 5269 νόμου
2865 5201 2898 5269 ἡ
2957 5200 3218 5276 ἁμαρτία,
3257 5200 3404 5269 πλὴν
3435 5195 3531 5252 οὐκ
3557 5186 3814 5276 ἐλογίζεῗθ

2203 5287 2390 5350 αὐτοῖς
2423 5285 2511 5342 διὰ
2541 5288 2603 5344 τὸ
2639 5289 2715 5360 μὴ
2748 5289 2887 5343 εἶναι
2936 5275 3106 5362 νόμον
3166 5293 3256 5346 τὸν
3316 5281 3703 5360 ἀπαγορεύοντα
3726 5275 3813 5337 τὴν

2204 5377 2500 5452 ἁμαρτίαν·
2558 5379 2632 5450 μή
2691 5376 3059 5456 λογιζομένης
3116 5379 3206 5434 οὖν
3247 5386 3346 5450 τῆς
3405 5371 3689 5456 alea-5““:
3732 5363 3820 5456 33””

2206 5450 2462 5536 ἔθνησκον
2494 5467 2544 5522 οἱ
2575 5450 2869 5540 ἅνθρωποι.
2895 5450 2970 5524 -Τί
3003 5465 3069 5537 δὴ
3101 5488 3270 5537 ποτε;
3303 5475 3450 5539 Ἄρα
3479 5462 3541 5516 οὗ
3569 5450 3819 5540 πρόδηλον

2207 5557 2291 5612 ὅτι
2340 5553 2430 5610 διὰ
2483 5557 2584 5627 τήν
2637 5559 2733 5611 τοῦ
2788 5555 2971 5632 ’Δόὰμ
3026 5557 3336 5635 κατάκρισιν
3383 5539 3822 5635 ;--·Καὶᾶλλως;

2207 5647 2418 5722 [ΦΩΤ.]
2451 5621 2649 5702 Εἰπὼν.
2685 5670 2714 5698 ι(
2749 5645 2864 5724 Ἐφ’
3017 5621 3212 5712 πάντες
3260 5621 3534 5724 ἥμσιρτον,
3565 5658 3593 5691 ››
3646 5629 3726 5687 ’ἵνα
3751 5621 3824 5700 μή
