4126 6256
337 410 459 472 λιιι

1465 407 1876 471 COMMENT.
1921 410 2001 471 IN
2044 408 2294 472 EPIST.
2345 413 2449 472 AD
2492 411 2683 474 ΗΘΜ.

3651 423 3769 482 418

330 560 414 602 τις
445 538 602 613 εἴπῃ.
638 539 749 596 Καὶ
788 544 909 602 πῶς
938 542 1019 607 iv
1053 541 1304 616 ἁμαρτεῖν
1334 540 1507 614 νόμου
1543 540 1619 613 μὴ
1651 534 1807 602 ὄντος
1837 558 1851 609 ;
1885 539 2003 596 Αὖ-

2130 557 2240 597 non
2271 542 2669 598 manifestum
2692 548 2781 599 est
2811 544 2968 615 quod
2997 546 3056 602 id
3085 546 3187 602 fiat
3206 553 3452 619 propter
3471 549 3611 605 Adm
3634 567 3772 607 con-

331 632 427 694 τὸς
456 629 564 705 γὰρ
595 630 662 683 σὺ
696 629 966 704 ἀνωτέρω
1015 626 1165 710 ἔφης,
1197 633 1316 687 Ὅτι
1378 628 1440 685 οὗ
1497 630 1598 685 οὐκ
1651 628 1763 685 ἔστι
1803 628 2001 704 νόμος,

336 717 467 774 οὖδὶ
528 714 872 794 παράϐασις.
933 714 1292 796 Παραϐάσεως
1346 717 1405 774 δὲ
1466 721 1541 791 μή
1602 720 1770 790 οὸσης
1804 763 1818 789 ,
1880 715 2005 773 οὗδὶ

348 809 582 884 ἁμαρτία
638 805 934 879 δηλονότι.
993 815 1113 873 Πῶς
1172 811 1266 865 οὖν
1330 807 1550 880 διῆλθεν
1602 810 1631 864 6
1673 808 1899 871 θάνατος
1931 806 2006 869 εἰς

355 899 580 964 πάντας,
615 895 697 974 ἐφ’
731 897 784 969 ᾧ
819 899 1008 961 πάντες
1064 902 1311 974 ἥμαρτον
1350 917 1363 968 ;
1425 900 1542 957 Ἵνα
1597 898 1690 953 οὖν
1751 898 1827 970 μὴ
1861 900 1897 970 ᾖ
1926 917 2008 958 τις

372 987 537 1063 λέγων
571 989 760 1057 τοῦτο,
799 983 1093 1063 προλαϐὼν
1125 988 1243 1044 λύει
1282 990 1382 1058 τὴν
1417 986 1668 1062 ἀπορίαν,
1699 987 1787 1040 καὶ
1818 985 2010 1065 φησὶν,

355 1076 437 1131 ὅτι
472 1077 538 1145 ἦν
568 1074 660 1130 καὶ
690 1076 810 1151 πρὸ
840 1082 936 1132 τοῦ
994 1078 1189 1150 νόμου.
1254 1076 1580 1153 Ἐπράττετο
1642 1076 1767 1152 γὰρ,
1824 1075 1913 1129 καὶ
1945 1074 2009 1129 τὸ

347 1165 724 1239 πραττόμενον
769 1208 786 1233 ,
853 1164 954 1221 οὐκ
1008 1159 1120 1221 ἔστι
1182 1168 1257 1240 μὴ
1315 1165 1558 1241 γενέσθαι
1595 1211 1608 1223 .
1666 1170 1764 1220 Ἢν
1824 1163 1914 1218 οὖν
1971 1165 2008 1231 ἡ

344 1254 604 1329 ἁμαρτία,
642 1253 783 1311 ἀλλ’
812 1255 922 1334 οὐχ
980 1255 1152 1317 οὕτως
1206 1261 1368 1311 πᾶσιν
1430 1253 1730 1329 ἐλογίζετο,
1764 1250 1878 1307 οὐδ’
1934 1251 2009 1313 είς

342 1345 469 1400 ὅσον
500 1351 691 1419 χωρεῖ
749 1345 1026 1421 τιμωρίας
1079 1350 1187 1401 τῶν
1260 1345 1719 1422 ἁμαρτανομένων
1787 1340 2008 1399 ἕκαστον

343 1433 694 1509 ἐγνωρῖζετο.
758 1439 867 1490 Τοῦ
922 1432 979 1490 δὲ
1042 1436 1219 1508 νόμου
1274 1436 1530 1506 τάξαντος
1585 1434 1675 1490 καὶ
1734 1433 2010 1509 ὁρίσαντος

336 1525 426 1584 τὰς
452 1524 774 1598 τιμωρίας,
808 1524 898 1579 καὶ
948 1523 1036 1580 διὰ
1090 1533 1191 1595 τῆς
1237 1522 1600 1596 ποινηλασίας
1653 1520 2013 1597 ἐκδηλότερον

337 1612 496 1675 αὐτὰς
525 1616 1014 1686 καταστήσαντος,
1070 1615 1165 1669 καὶ
1221 1614 1290 1669 τά
1349 1614 1545 1690 μεγέθη
1602 1618 1712 1669 τῶν
1769 1614 2012 1686 ἁμαρτη-

340 1703 525 1774 μάτων
589 1704 1031 1781 ἐμφανίσαντος,
1095 1703 1308 1779 μᾶλλον
1370 1703 1460 1760 καὶ
1530 1709 1692 1759 πᾶσιν
1761 1702 2011 1777 ἐγένοντο

332 1792 643 1869 γνώριμοι,
677 1794 779 1848 καὶ
816 1798 1020 1867 συνετῷ
1047 1794 1139 1849 καὶ
1171 1793 1435 1867 ἀσυνέτῳ,
1467 1792 1557 1848 καὶ
1584 1792 1689 1866 νέῳ
1735 1792 1824 1847 καὶ
1880 1811 2012 1865 πρε-

337 1877 537 1958 σϐύτῃ,
570 1905 670 1939 και
702 1904 929 1960 γυναικι
956 1883 1045 1938 καὶ
1078 1880 1254 1959 ἀνδρί.

2116 631 2786 688 demnationem?1tem
2814 641 2866 689 et
2913 637 3027 691 alio
3083 638 3260 691 modo.
3324 640 3466 693 Cum
3525 639 3773 697 dixisset

2119 721 2231 775 «In
2263 737 2378 791 quo
2410 737 2618 776 omnes
2645 730 3056 793 peccaverunt,
3087 744 3110 775 ιι
3146 742 3221 781 ne
3253 727 3384 798 quis
3413 727 3637 783 diceret
3665 731 3776 785 :Et

2119 826 2236 880 quo
2258 810 2432 865 modo
2446 811 2731 883 possibile
2757 819 3139 885 eratpeccare
3157 832 3290 871 cum
3317 833 3436 871 non
3465 824 3623 873 esset
3644 818 3776 875 lex?

2120 900 2264 953 Nam
2287 904 2349 954 tu
2375 899 2584 971 ipsein
2616 902 3024 973 superioribus
3076 904 3316 960 dixisti:
3351 907 3455 962 Ubi
3511 925 3633 964 non
3687 917 3777 967 est

2119 986 2237 1054 lex,
2269 987 2352 1042 ibi
2384 1006 2494 1044 nec
2527 992 2904 1063 trangressio.
2939 993 3177 1064 Quodjsi
3204 1010 3323 1051 non
3358 999 3774 1071 transgressio,

2119 1075 2365 1147 planum
2398 1084 2489 1133 est
2516 1080 2674 1150 quod
2696 1097 2806 1136 nec
2838 1089 3146 1152 peccatum
3173 1084 3300 1139 erit.
3334 1086 3640 1151 Quomodo
3672 1105 3772 1143 er-

2120 1181 2192 1237 go
2223 1182 2383 1222 mors
2414 1167 2477 1222 in
2507 1184 2718 1225 omnes
2748 1172 3114 1243 pertransiit,
3147 1171 3228 1250 éq'
3259 1173 3327 1245 ᾦ,
3383 1176 3518 1247 (hoc
3566 1183 3676 1245 est,
3708 1179 3772 1233 in

2122 1273 2189 1312 eo
2220 1259 2379 1328 quod
2409 1261 2503 1315 vel
2535 1261 2692 1333 quia)
2742 1280 2949 1320 omnes
3001 1269 3447 1338 peccaverunt?
3503 1272 3583 1325 Ne
3636 1271 3772 1342 quis

2121 1363 2258 1420 ergo
2291 1348 2401 1404 hoc
2431 1349 2609 1418 dicat,
2641 1355 3013 1424 praeveniens
3064 1356 3239 1411 solvit
3298 1358 3769 1433 ambiguitatem,

2121 1442 2179 1491 et
2200 1436 2284 1491 ait
2309 1438 2465 1508 (μιοά
2496 1439 2672 1495 etiam
2704 1448 2843 1497 ante
2872 1443 3065 1516 legem
3099 1452 3227 1500 erat
3255 1454 3564 1518 peccatum
3596 1466 3608 1504 :
3634 1465 3775 1505 nam

2122 1527 2597 1597 perpetrabatur.
2660 1531 2817 1601 quod
2893 1539 3091 1589 autem
3150 1535 3603 1607 perpetrabatur
3655 1555 3777 1594 non

2118 1620 2315 1686 potest
2365 1633 2486 1672 non
2516 1618 2719 1683 fuisse,
2755 1621 2892 1676 Erat
2941 1638 3075 1695 ergo
3124 1632 3457 1696 peccatum,
3520 1626 3623 1683 sed
3655 1644 3775 1683 non

2122 1720 2245 1760 non
2289 1706 2435 1762 adeo
2466 1708 2743 1765 omnibus
2793 1712 3216 1783 imputabatur.
3276 1717 3484 1772 Nullus
3533 1724 3776 1775 noverat

2122 1800 2411 1865 quantum
2435 1797 2710 1870 supplicii
2759 1799 2888 1856 luat
2936 1802 3187 1873 quisque
3236 1812 3530 1876 peccator.
3590 1808 3772 1863 Porro

2121 1881 2248 1949 lege
2272 1882 2607 1952 ordinante,
2634 1904 2958 1960 pinnasque
2990 1890 3339 1961 deﬁniente,
3390 1910 3457 1949 ac
3514 1911 3621 1967 per
3649 1912 3775 1968 pce-

335 1993 553 2032 narum
583 1976 1003 2048 frequentiem
1035 1975 1169 2030 illas
1198 1975 1579 2031 manifestius
1610 1972 2032 2038 constituente,
2063 1977 2123 2025 et
2152 1973 2590 2045 magnitudines
2647 1984 3024 2048 peccatorum
3082 1980 3442 2051 declarante,
3496 1984 3773 2040 omnibus

335 2067 522 2136 magis
550 2072 720 2122 nota
747 2066 986 2128 ﬁebant.
1018 2068 1135 2121 tam
1166 2065 1445 2138 prudenti
1475 2081 1652 2137 quam
1682 2060 2045 2135 imprudenti
2068 2060 2272 2132 juveni
2306 2079 2373 2118 ac
2405 2065 2554 2133 seni,
2586 2067 2823 2123 mulieri
2853 2084 2919 2125 ac
2948 2069 3093 2127 viro.

408 2153 506 2210 Διά
532 2158 722 2210 τοῦτο
752 2152 844 2208 οὖν
873 2155 979 2229 πρὸ
1008 2158 1104 2209 τοῦ
1124 2157 1296 2227 νόμου
1327 2153 1435 2230 οὐχ
1465 2151 1674 2227 ὁμοίως
1723 2151 2010 2229 ἐλογίζετο

340 2243 673 2319 ηάμαρτία,
728 2244 814 2299 ’ὀτι
870 2264 930 2299 τε
996 2243 1105 2318 οὐχ
1162 2242 1363 2318 ὥριστο
1402 2244 1437 2313 ἡ
1477 2242 1739 2318 τιμωρία,
1796 2241 1885 2296 καὶ
1927 2240 2014 2296 ὅτι

342 2329 469 2387 οὐδὲ
496 2318 563 2388 τὸ
600 2331 850 2408 μέγεθος
882 2331 1063 2387 αὐτῶν
1101 2318 1346 2407 ἀκριϐῶς
1411 2329 1751 2407 ἐγινώσκετο,
1806 2330 1895 2385 καὶ
1929 2328 2014 2385 δτι

349 2416 474 2475 οὐδὲ
500 2420 647 2476 κατὰ
683 2416 867 2474 πόδας
898 2418 1191 2490 ἠκολούθει
1232 2425 1350 2482 τοῖς
1398 2418 1830 2494 πλημμελοῦσιν
1861 2420 1897 2487 ἡ
1929 2439 2013 2473 τι-

347 2508 541 2587 μωρία.
605 2508 778 2565 Ἐπεὶ
837 2508 921 2564 ὅτι
978 2509 1044 2578 ἦν
1104 2511 1139 2579 ἡ
1200 2508 1459 2583 ἁμαρτία,
1504 2510 1593 2564 καὶ
1655 2507 1761 2578 ὅτι,
1819 2507 1865 2561 εἰ
1920 2527 2012 2561 και

349 2599 477 2671 μετά
507 2596 753 2671 πολλῇς
782 2597 992 2677 ἀνοχῆς
1029 2597 1121 2653 καὶ
1161 2596 1565 2674 μακροθυμίας,
1607 2595 1758 2670 ὅμως
1815 2595 2009 2670 ἐπιμε-

345 2686 537 2742 νόντων
573 2686 776 2743 αὐτῶν
807 2686 897 2741 καὶ
927 2687 1160 2749 ἀνιάτως
1191 2685 1457 2764 ἐχόντων,
1488 2689 1543 2741 αἱ
1574 2691 1681 2742 τῶν
1717 2683 1881 2741 δικῶν
1936 2685 2011 2748 εἷς

355 2775 553 2851 epigan
582 2774 881 2852 ἒγίνοντο,
923 2781 1185 2852 μαρτυρεῖ
1244 2779 1428 2853 σαφῶς
1484 2774 1552 2831 τά
1598 2795 1658 2831 τε
1687 2771 2011 2847 Σοδομιτῶν

364 2868 512 2936 παθη,
556 2865 672 2921 καὶ
736 2885 798 2940 γε
851 2863 1048 2920 τούτου
1100 2865 1162 2920 τὸ
1222 2864 1403 2920 κοινὸν
1460 2864 1719 2939 ναυάγιον
1773 2864 1801 2919 6
1856 2881 2015 2917 κατα-

362 2954 632 3029 κλυσμὸς,
689 2954 782 3010 καὶ
833 2956 1041 3010 τοιαῧθ’
1083 2951 1260 3030 ἕτερα.
1290 2957 1392 3011 Ἷιν
1448 2954 1541 3010 οὗν
1574 2956 1609 3023 ἡ
1642 2954 1880 3029 ἁμαρτία
1906 2952 2014 3029 πρὸ

365 3047 451 3098 τοῦ
476 3048 686 3120 νὸμου,
717 3044 810 3099 καὶ
841 3042 1142 3120 ἐλογίζετο,
1200 3043 1327 3099 ἀλλ’
1387 3042 1497 3119 οὐχ
1546 3042 1718 3105 οὕτως
1751 3043 1826 3104 ὡς
1883 3040 2016 3115 μετὰ

374 3132 453 3187 τὸν
481 3134 680 3207 νόμον.
710 3135 874 3188 Ὥστε
913 3131 1082 3208 ἄμφω
1108 3131 1295 3195 καλῶς
1353 3130 1516 3208 ἔχειν,
1550 3131 1641 3187 καὶ
1688 3132 1751 3185 τὸ
1782 3128 2010 3200 Διῆλθεν

389 3228 454 3280 εἰς
475 3224 673 3285 πάντας
716 3222 1040 3294 ἀνθρώπους
1073 3223 1101 3277 6
1134 3222 1377 3288 θάνατος,
1412 3220 1492 3299 ἐφ’
1541 3219 1587 3293 ᾧ
1618 3220 1809 3282 πάντες
1840 3217 2017 3293 ἥμαρ-

399 3311 612 3373 τον,καὶ
640 3313 718 3381 τὸ,
751 3311 832 3369 υῦ
864 3312 972 3388 γὰρ
1002 3313 1102 3366 οὐκ
1131 3309 1242 3367 ἔστι
1280 3312 1476 3382 νόμος,
1509 3307 1634 3365 οὐδὲ
1690 3303 2012 3383 παράϐασις.

2195 2152 2345 2210 265
2378 2156 2697 2227 Pr0pterea
2750 2175 2886 2227 ergo
2940 2167 3077 2216 ante
3131 2159 3322 2234 legem
3380 2179 3502 2217 non
3564 2162 3771 2218 eodem

2123 2241 2298 2297 modo
2332 2243 2733 2315 imputabatur
2762 2257 3090 2319 peccatum.
3124 2268 3192 2305 eo
3225 2252 3383 2323 quod
3438 2269 3560 2308 non
3614 2259 3774 2308 esset

2124 2329 2372 2387 definita
2392 2348 2585 2403 poena,
2613 2341 2669 2389 et
2700 2336 2860 2406 quod
2891 2339 3236 2411 magnitudo
3268 2356 3476 2396 eorum
3499 2358 3620 2396 non
3644 2357 3774 2397 exa-

2126 2424 2217 2475 cte
2248 2430 2724 2493 cognosceretur,
2757 2431 2815 2480 et
2847 2427 2946 2496 qui
2979 2434 3296 2497 peccantes
3327 2447 3449 2485 non
3481 2430 3773 2502 sequeba-

2122 2515 2219 2564 tur
2248 2527 2279 2565 e
2311 2511 2552 2585 vestigio
2585 2528 2774 2585 pcena.
2813 2516 3026 2571 Verum
3059 2518 3217 2589 quod
3243 2526 3399 2574 esset
3430 2527 3773 2590 peccatum,

2124 2605 2181 2654 et
2210 2600 2389 2671 quod,
2424 2600 2562 2657 licet
2593 2619 2726 2659 cum
2747 2620 2959 2677 magna
2980 2607 3296 2663 tolerantia
3325 2613 3383 2664 et
3415 2607 3768 2680 longanimi-

2122 2694 2263 2754 tate,
2298 2688 2345 2745 si
2377 2697 2578 2747 tamen
2611 2693 2934 2750 manebant
2962 2695 3023 2750 in
3055 2696 3311 2768 peccatis
3343 2702 3631 2768 erantque
3674 2696 3772 2751 in—

2124 2779 2439 2845 curabiles.
2471 2799 2659 2853 paenae
2707 2784 2929 2839 fuerint
2960 2790 3176 2841 secutae
3222 2801 3431 2858 pravas
3472 2786 3771 2852 actiones,

2123 2875 2325 2939 aperte
2357 2875 2607 2927 testatur
2635 2873 2944 2929 calamitas
2987 2874 3425 2931 Sodomitarum
3446 2873 3512 2942 1⁷,
3546 2879 3604 2931 et
3632 2879 3776 2929 ante

2123 2955 2277 3012 hanc
2308 2958 2642 3015 universale
2662 2961 3038 3034 naufragium
3073 2964 3190 3018 sive
3214 2963 3502 3019 diluvium
3529 2961 3593 3026 ‘8,
3635 2963 3776 3019 alia-

2126 3061 2239 3116 que
2267 3046 2629 3118 hujusmodi.
2659 3051 2796 3105 Erat
2823 3050 3023 3121 itaque
3066 3059 3376 3123 peccatum
3408 3056 3546 3106 ante
3576 3051 3769 3122 legem

2126 3138 2184 3188 et
2213 3132 2637 3205 imputabatur,
2663 3136 2765 3191 sed
2796 3153 2918 3192 non
2938 3139 3021 3193 ita
3042 3144 3105 3193 ut
3133 3145 3267 3211 post
3296 3139 3505 3211 legem.
3540 3139 3772 3193 Utrum-

2127 3237 2239 3293 que
2271 3239 2407 3296 ergo
2440 3223 2591 3279 bene
2622 3241 2682 3281 se
2714 3224 2914 3291 habet,
2974 3243 3041 3283 ac
3097 3244 3301 3283 verum
3331 3232 3457 3283 est:
3517 3233 3577 3281 et
3605 3225 3765 3298 quod

2126 3312 2471 3383 pertransiit
2500 3315 2562 3368 in
2593 3330 2803 3371 omnes
2833 3315 3107 3372 homines
3140 3333 3321 3382 mors,
3353 3314 3433 3393 ὲφ⁸
3454 3313 3499 3387 ᾧ
3533 3316 3665 3383 (hoc
3687 3322 3782 3371 est

407 3397 734 3475 Aélutazyig
786 3400 851 3455 τὸ
906 3397 1097 3456 δοκοῦν
1156 3399 1518 3473 ἀντιπίπτειν,
1552 3396 1641 3453 διὰ
1692 3402 1793 3454 τοῦ
1849 3396 2017 3452 εἰπεῖν

2130 3401 2191 3455 in
2223 3417 2289 3455 eo
2324 3402 2481 3473 quod
2512 3403 2603 3458 vel
2635 3404 2795 3475 quia)
2830 3421 3039 3461 omnes
3078 3410 3494 3478 peccaverunt,
3526 3409 3584 3460 et
3613 3404 3775 3476 quod

406 3489 480 3542 τὸν
506 3486 768 3547 θεσπέσιον
834 3493 1072 3560 Παῦλον,
1111 3514 1132 3541 ιι
1168 3495 1341 3568 ’Ἄχρι
1393 3489 1495 3565 γάρ
1551 3486 1722 3560 νόμου
1780 3486 2017 3563 ἁμαρτία

399 3578 455 3647 ἦν
474 3578 519 3634 ἐν
544 3580 756 3654 κόσμῳ,
788 3607 811 3635 ι
862 3579 953 3636 καὶ
997 3580 1142 3653 ἑξῆς.
1175 3580 1330 3636 Εἶτα·
1371 3602 1400 3632 ‹‹
1430 3576 1590 3635 Ἀλλ’
1619 3572 1962 3632 ἐϐασίλευσεν
1990 3576 2018 3631 6

399 3672 620 3737 θάνατος,
658 3698 681 3723 ι
717 3671 993 3727 τουτέστιν
1046 3669 1122 3733 εἷς
1181 3668 1407 3743 ἔννομον
1465 3667 1704 3742 ἐξουσίαν
1756 3665 2016 3743 ἐλογίσθη

396 3761 536 3818 animi;
564 3766 602 3833 ἡ
641 3762 912 3838 τυραννὶς,
933 3760 1013 3835 τῷ
1050 3782 1109 3817 τε
1136 3761 1325 3837 χρόνῳ
1364 3760 1756 3833 σεμνυνομένη,
1786 3758 1877 3813 καὶ
1904 3763 2020 3820 τοῖς

390 3854 533 3924 ἡμῶν
564 3854 927 3927 ἁμαρτήμασι
958 3849 1352 3925 κρατυνομένη,
1381 3874 1408 3902 ι(
1442 3850 1546 3904 ἀπὸ
1580 3846 1775 3921 Ἀδάμ,
1805 3872 1833 3900 ››
1865 3846 2020 3925 φησὶ,

380 3948 470 4000 τοῦ
496 3944 641 4000 κατᾶ
669 3937 974 4014 παράϐασιν
1006 3940 1237 4009 ἐντολῆς
1294 3937 1797 4011 νενομοθετημένης
1845 3939 2020 4012 ἀμαρ-

377 4037 681 4104 τήσαντος,
742 4032 880 4090 Ἀπὸ
939 4027 1116 4102 Ἀδάμ
1179 4029 1271 4084 οὗν
1323 4024 1351 4083 6
1408 4027 1631 4090 θάιατος
1687 4023 2022 4097 ἐϐασίλευσε,

375 4123 646 4190 τουτέστι,
686 4122 802 4176 κατ’
859 4117 1099 4192 ἐξουσίαν
1167 4116 1386 4186 πολλὴν
1449 4115 1730 4191 ἐκράτησε,
1788 4116 1878 4171 καὶ
1936 4114 2025 4171 ἐπὶ

377 4212 502 4275 τοὺς
538 4214 619 4285 μὴ
654 4210 743 4266 ἐπὶ
769 4214 849 4281 τῷ
905 4210 1222 4282 ὁμοιώματι
1279 4211 1377 4261 τοῦ
1434 4202 1616 4279 Ἀδάμ
1681 4207 2022 4280 ἁμαρτήσαν-

375 4324 489 4365 τας,
515 4304 700 4378 Μέχρι
718 4300 865 4363 τίνος
891 4320 905 4369 ;
929 4324 957 4351 ‹‹
982 4300 1165 4373 Μέχρι
1190 4300 1288 4352 τοῦ
1314 4294 1571 4359 Μωσέως,
1597 4320 1621 4346 η
1650 4296 1717 4353 Ol
1741 4295 1845 4372 γὰρ
1875 4314 2028 4367 μετα-

379 4392 435 4461 ξὺ
464 4389 648 4463 Ἀδὰμ
685 4388 774 4444 καὶ
831 4384 1098 4456 Μωσέως,
1143 4383 1388 4460 ἥμαρτον
1426 4383 1544 4457 μὲν,
1577 4382 1706 4439 ἀλλ’
1765 4382 1894 4457 οὐχὶ
1939 4381 2026 4438 ἐπὶ

377 4485 456 4552 τῷ
488 4479 808 4553 ὁμοιώματι
875 4484 977 4547 τῆς
1031 4479 1131 4531 τοῦ
1181 4471 1361 4548 Ἀδὰμ
1416 4468 1882 4548 παραϐάσεως.⁹0
1935 4472 2030 4545 μὲν

381 4571 485 4646 γὰρ
548 4569 863 4645 ὡρισμένην
945 4565 1035 4621 καὶ
1101 4564 1560 4638 νομοθετηθεῖσαν
1610 4559 1838 4630 ἐντολὴν
1895 4558 2028 4617 Θεοῦ

384 4653 595 4733 παρέϐη
626 4656 717 4711 καὶ
745 4658 1009 4730 ἥμαρτεν.
1043 4654 1105 4707 Οἱ
1153 4652 1210 4707 δὲ
1238 4652 1566 4724 ἡμάρτανον,
1598 4651 1691 4706 τὸν
1742 4646 2031 4704 αὐτοδίδα-

384 4770 506 4804 κτον
536 4751 639 4813 τῆς
670 4746 878 4809 φύσεως
910 4745 1077 4822 λόγον
1111 4739 1498 4818 ἐνυϐρίζοντες,
1534 4741 1596 4796 οὐ
1634 4743 1741 4814 μὴν
1771 4739 1860 4795 καῖ
1892 4745 2029 4795 τοῦ·

383 4860 473 4894 τον
532 4837 858 4911 εἷσαχθεντα
915 4830 1096 4908 ῥητῶς
1153 4826 1607 4907 παραϐαίνοντες.
1670 4829 1769 4886 Καὶ
1827 4828 1878 4883 ot
1936 4830 2029 4902 μὶν

391 4929 551 5005 μέχρι
587 4928 860 4992 Μωσέως,
892 4923 1208 4999 ἡμάρτανον
1243 4920 1438 4983 οὕτως.
1476 4920 1614 4976 Ἀπὸ
1672 4915 1729 4974 δὲ
1785 4917 2029 4981 Μωσέως

392 5017 551 5093 μέχρι
581 5023 684 5087 τῆς
729 5013 1020 5088 παρουσίας
1073 5013 1329 5086 Χριστοῦ,
1379 5009 1517 5064 κατά
1570 5008 1877 5080 ὁμοιότητα
1929 5014 2028 5079 τῆς

387 5112 480 5162 τοῦ
517 5102 702 5177 Ἀδὰμ
746 5093 1114 5178 παραϐάσεως
1157 5099 1494 5174 ἡμάρτανον.
1551 5097 1771 5170 Νόμους
1802 5096 1902 5173 γὰρ
1933 5097 2031 5173 ῥη-

386 5197 536 5265 τοὺς,
589 5194 678 5250 καὶ
740 5192 943 5265 νόμοδς
999 5190 1059 5246 ἐκ
1116 5192 1248 5244 Θεοῦ
1307 5186 1397 5241 διὰ
1452 5186 1694 5248 Μωσέως
1755 5183 2029 5255 δοθέντας,

389 5280 804 5360 παραϐαἷνοντες
833 5279 1165 5354 ἡμάρτανον.
1202 5300 1230 5329 ι(
1264 5270 1614 5332 Ἐὅασίλευσε
1646 5273 1701 5330 δὲ
1729 5275 1757 5330 6
1783 5275 2030 5343 θάνατος,

394 5368 927 5442 εἷπὼν,ἀπὸ²Αδάμ
982 5370 1148 5443 μέχρι
1202 5362 1444 5426 Μωσέως
1500 5364 1591 5418 καὶ
1649 5363 1738 5419 ἐπὶ
1793 5365 2030 5438 τοὺςμή

393 5466 470 5532 τῷ
506 5459 823 5536 ὁμοιώματι
882 5463 982 5524 τῆς
1040 5448 1394 5529 παραϐάσεως
1454 5448 1632 5523 Ἀδὰμ
1688 5451 2033 5526 ἁμαρτήσανα

396 5571 507 5619 τας,
527 5576 553 5606 ιι
587 5553 680 5610 οὐκ
712 5550 896 5625 ἐξάγει
927 5545 1055 5609 τοὺς
1087 5543 1137 5616 ἐξ
1169 5543 1368 5601 ἐκείνου
1400 5540 1562 5618 μέχρι
1588 5546 1824 5617 Χριστοῦ
1852 5544 2036 5618 ἦμαρ.

470 5733 507 5771 ιτ
540 5738 667 5796 Gen.
699 5752 806 5804 χχ,
842 5734 869 5787 ί
907 5744 1077 5800 seqq.
1155 5729 1197 5766 η
1224 5730 1362 5785 Gen.
1395 5744 1467 5795 νι,
1507 5728 1530 5780 1
1566 5741 1734 5796 seqq,

2130 3491 2233 3547 ubi
2264 3509 2385 3548 non
2417 3501 2503 3549 est
2533 3493 2648 3563 lex,
2680 3496 2760 3551 ibi
2792 3512 2902 3552 nec
2947 3496 3338 3570 transgressio
3365 3514 3378 3551 :
3414 3503 3474 3552 et
3520 3496 3783 3551 solutum

2134 3586 2224 3635 est
2249 3582 2407 3653 quod
2438 3584 2735 3640 adversari
2761 3585 3094 3650 videbatur.
3127 3605 3233 3660 per
3264 3584 3423 3658 quod
3450 3585 3666 3642 dixerit
3702 3585 3786 3639 di-

2132 3671 2305 3726 vinus
2337 3673 2574 3729 Paulus.
2600 3697 2627 3724 ‹‹
2653 3677 2796 3731 Nam
2815 3692 3004 3748 usque
3026 3677 3096 3732 ad
3120 3677 3310 3748 legem
3334 3681 3643 3748 peccatum
3663 3679 3790 3729 erat

2134 3759 2197 3814 in
2228 3758 2472 3831 mundo,
2509 3785 2536 3810 ››
2568 3770 2678 3819 etc.
2713 3767 3008 3821 Praeterea
3030 3782 3043 3820 :
3068 3788 3093 3815 ‹‹
3118 3764 3231 3819 Sed
3252 3765 3519 3836 regnavit
3546 3779 3732 3831 mors,
3758 3786 3785 3811 ››

2135 3849 2246 3904 hoc
2278 3855 2386 3917 est,
2422 3850 2484 3905 in
2514 3868 2746 3922 mquam
2772 3858 2830 3908 et
2849 3854 3077 3922 justam
3112 3858 3465 3922 potestatem
3500 3852 3793 3923 imputata

2136 3943 2225 3992 est
2255 3938 2382 4009 ejus
2414 3940 2701 4009 tyrannis,
2745 3945 2804 3995 et
2833 3941 3220 3996 diuturnitate
3252 3940 3511 4013 glorians
3545 3946 3602 3994 et
3648 3956 3791 3994 nos-

2136 4027 2242 4081 tris
2262 4027 2520 4097 peccatis
2540 4027 2723 4083 robur
2743 4030 3104 4101 concipiens,
3126 4052 3154 4079 ‹‹
3177 4029 3263 4084 Ab
3288 4029 3497 4095 Adam,
3526 4051 3552 4078 ››
3571 4029 3789 4100 inquit,

2138 4116 2238 4186 qui
2270 4124 2614 4187 peccaverat
2642 4118 3114 4190 transgressione
3142 4119 3422 4190 praecepti
3454 4135 3560 4189 per
3592 4118 3783 4190 legem

2137 4204 2249 4259 sibi
2266 4204 2552 4275 impositi.
2579 4206 2656 4261 Ab
2670 4206 2856 4261 Adam
2873 4207 3049 4279 igitur
3061 4223 3220 4262 mors
3237 4207 3522 4280 regnavit,
3543 4207 3777 4273 hocest,

2136 4295 2327 4350 multa
2348 4301 2637 4366 potestate
2654 4295 3051 4368 principatum
3074 4296 3263 4351 tenuit
3285 4296 3465 4351 etiam
3482 4310 3661 4367 super
3678 4312 3786 4351 eos

2140 4384 2238 4455 qui
2262 4400 2381 4440 non
2397 4385 2471 4440 ad
2493 4385 2950 4441 similitudinem
2977 4385 3162 4441 Adam
3185 4384 3576 4457 deliquerant.
3602 4386 3791 4451 Quan-

2139 4473 2317 4529 diu?«
2338 4476 2532 4546 Usque
2545 4475 2620 4532 ad
2633 4478 2851 4532 Mosen.
2873 4498 2898 4524 ››
2919 4477 3061 4531 Nam
3078 4473 3538 4546 quiinterAdam
3550 4474 3764 4531 fuerun

2140 4569 2200 4617 et
2219 4566 2437 4629 Mosen,
2454 4563 3119 4636 peccaveruntquidem,
3144 4568 3205 4618 at
3224 4580 3346 4618 non
3363 4563 3436 4618 ad
3449 4562 3788 4618 similitudi-

2140 4669 2278 4708 nem
2309 4654 2793 4726 transgressionis
2823 4653 3031 4709 Adam.
3050 4652 3354 4724 Siquidem
3375 4652 3687 4708 deﬁnitum
3714 4668 3782 4707 ac

2139 4742 2266 4815 lege
2290 4743 2548 4814 positum
2572 4743 2674 4798 Dei
2696 4748 3058 4814 praeceptum
3081 4748 3483 4815 transgressus
3506 4748 3595 4797 est
3615 4746 3674 4797 et
3695 4741 3793 4796 de-

2141 4831 2313 4902 liquit
2345 4849 2358 4887 :
2391 4831 2479 4886 illi
2510 4847 2644 4886 vero
2676 4838 3065 4903 peccaverunt
3095 4831 3255 4903 quod
3295 4837 3523 4887 naturm
3556 4848 3789 4887 sermo.-

2140 4937 2300 4988 nem,
2333 4920 2433 4991 qui
2466 4920 2632 4975 nullo
2665 4925 3095 4992 prmceptorum
3120 4937 3233 4976 usu
3261 4921 3684 4981 instillabatur.
3705 4920 3792 4974 in-

2132 5009 2297 5081 juria
2326 5009 2632 5064 affecerint
2664 5024 2678 5063 :
2713 5025 2906 5080 neque
2940 5016 3137 5066 tamen
3161 5009 3255 5065 vel
3285 5010 3443 5066 hunc
3473 5009 3787 5065 manifeste

2141 5096 2448 5152 inductum
2502 5097 3023 5170 transgredientes.
3083 5101 3151 5151 Et
3206 5097 3449 5168 quidem
3489 5096 3562 5151 ad
3593 5098 3789 5151 Mosen

2140 5204 2328 5258 usque
2360 5189 2443 5242 ita
2463 5188 2810 5259 peccabant.
2835 5206 2871 5243 a
2899 5191 3054 5245 Mose
3081 5206 3216 5244 vero
3244 5204 3432 5259 usque
3463 5188 3537 5243 ad
3569 5188 3790 5242 Christi

2142 5275 2481 5343 adventum,
2513 5277 2587 5333 ad
2611 5277 3065 5333 similitudinem
3087 5277 3575 5349 transgressionis
3606 5275 3793 5332 Adam

2142 5364 2637 5438 peccabant.Nam
2656 5366 2814 5439 leges
2838 5366 3163 5426 ordinatas.
3186 5372 3245 5420 et
3264 5382 3299 5420 a
3321 5365 3438 5421 Deo
3460 5382 3567 5436 per
3589 5366 3793 5421 Mosen

2144 5455 2332 5519 datas,
2351 5454 2837 5528 transgrediendo
2860 5453 3539 5525 delinquebant.Dicens
3557 5461 3751 5510 autem
3786 5473 3800 5511 :

2148 5564 2177 5597 ιι
2207 5545 2494 5619 Regnavit
2526 5562 2684 5601 mors
2715 5543 2787 5601 ab
2817 5543 3007 5600 Adam
3036 5560 3225 5617 usque
3268 5544 3343 5601 ad
3382 5544 3584 5602 Mosen
3616 5546 3793 5601 etiam
