4126 6256
287 354 402 417 821

1415 358 1819 421 COMMENT.
1870 359 1943 416 IN
1991 359 2235 421 EPIST.
2290 362 2391 419 All
2439 360 2621 420 ROM.

3611 364 3729 422 422

307 486 440 560 μετᾶ
466 484 560 540 τὸν
592 485 825 561 νόμον.)
851 486 998 543 ἀλλὰ
1039 486 1128 544 διὰ
1182 491 1280 559 τήν
1329 488 1501 545 αἰτίαν
1556 489 1623 560 ἦν
1670 490 1829 552 αὐτὸς
1885 490 1963 545 εἶ-

2090 490 2244 557 bant,
2278 492 2571 563 siquidem
2603 492 2692 548 illi
2724 494 2910 566 magis
2969 492 3416 564 delinquebant,
3454 512 3631 565 quam
3661 496 3724 551 hi

310 575 543 639 πεν,’ὸτι
582 576 836 650 ἁμαρτία
874 579 971 649 μὲν
1026 579 1094 647 ἦν
1161 582 1249 633 καὶ
1307 578 1591 655 ἐνηργεῖτο
1642 582 1786 656 παρὰ
1868 586 1972 636 τῶν

317 666 642 741 ἀνθρώπων,
669 664 773 718 οὐκ
804 664 1087 742 ἐλογίζετο
1122 665 1178 723 δὲ
1209 668 1412 736 αὐτοῖς,
1475 667 1566 725 δια
1616 671 1678 725 τὸ
1715 672 1791 743 μὴ
1839 670 1975 724 εἶναι

321 756 490 826 νόμον
536 755 629 808 τὸν
688 756 796 821 την
860 756 1127 830 ἁμαρτίαν
1189 758 1609 832 ἀπαγορεύοντα.
1666 766 1826 814 Ὣσον
1887 760 1976 813 οὖν

334 846 473 920 πρὸς
502 841 561 897 τὰ
590 846 661 915 μὴ
684 841 1007 918 λογίζεσθαι
1038 847 1144 920 πρὸ
1173 852 1268 902 τοῦ
1302 850 1473 920 νόμου
1519 851 1619 918 τὴν
1688 849 1973 923 ἁμαρτίαν,

337 934 587 1007 (ἁμαρτία
642 933 766 1008 γὰρ,
840 938 1023 1010 φησίν,
1083 935 1184 991 οὐκ
1274 936 1589 1013 ἑλλογεῖται
1680 940 1756 1007 μὴ
1820 937 1975 997 ὄντος

337 1023 552 1092 νόμου)
583 1021 951 1096 αναμαρτητοι
982 1024 1118 1092 ἦσαν
1148 1025 1209 1079 τὸ
1273 1024 1527 1095 τηνικαδε
1579 1028 1629 1080 οἱ
1677 1025 1975 1101 ἄνθρωποι,

328 1111 506 1164 καίτοι
542 1111 952 1184 ἁμαρτάνοντες.
988 1138 1013 1163 ‹‹
1046 1114 1141 1175 ’Ὁς
1200 1112 1310 1169 ἐστι
1369 1116 1538 1177 τύπος
1592 1120 1688 1169 τοῦ
1744 1115 1974 1181 μέλλον·

320 1219 438 1259 τος.
476 1224 505 1249 υ
538 1200 874 1275 Ὠς,φτ,σὶν,
931 1198 1125 1274 Ἀδὰμ,
1182 1202 1349 1265 τόπος
1393 1204 1461 1272 ἦν
1518 1209 1617 1257 τοῦ
1678 1202 1979 1276 μέλλοντος

320 1281 599 1365 ἔρχεσθαι,
685 1291 955 1358 τουτέστι,
1005 1296 1100 1346 τοῦ
1184 1297 1445 1367 Χριστοῦ.
1533 1298 1713 1362 Πῶς;
1773 1291 1975 1367 ὥσπερ,

322 1381 396 1448 τῷ
453 1377 672 1450 θανάτῳ
728 1384 826 1433 τοῦ
895 1377 1074 1452 Ἀδὰμ
1141 1386 1329 1443 πάντες
1392 1384 1748 1451 ἀπέθνησκον,
1807 1382 1980 1445 οὕτως

330 1470 401 1535 τῷ
429 1470 641 1537 θανατῳ
682 1472 779 1522 τοῦ
882 1470 1139 1542 Χριστοῦ,
1243 1472 1438 1534 πάντες
1538 1472 1813 1544 ζησόμεθα
1887 1471 1977 1526 καὶ

329 1555 766 1627 ἀναστησόμεθα·
802 1557 859 1609 Ὀ
890 1557 983 1611 οὖν
1024 1560 1216 1629 τύπος,
1278 1559 1336 1615 ἐκ
1389 1566 1484 1615 τοῦ
1542 1562 1783 1616 ἐναντίου
1841 1582 1977 1633 συμ-

325 1637 581 1713 ϐἑὸηκεν.
644 1676 711 1687 -
771 1647 1170 1722 [ἸΩΛΝΝῌΥ.]
1247 1655 1447 1723 ’Ὠσπερ
1496 1649 1693 1711 ἐκεῖνος
1761 1655 1878 1710 τοῖς
1927 1649 1976 1717 ἐξ

318 1732 485 1786 αὑτοῦ
518 1731 702 1787 καίτοι
734 1755 795 1808 γε
819 1736 895 1806 μή
956 1740 1210 1813 φαγοῦσιν
1240 1736 1347 1792 ἀπὸ
1403 1736 1498 1791 τοῦ
1554 1739 1719 1808 ξύλου
1761 1740 1978 1815 γέγονεν

2085 582 2183 653 qui
2218 583 2405 653 legem
2439 583 2625 637 secuti
2661 590 2832 637 sunt:
2872 584 2973 638 sed
3006 583 3077 637 ob
3112 600 3349 638 causam
3384 602 3559 654 quam
3601 586 3725 657 ipse

2084 671 2543 743 praedixit,quod
2568 678 2874 742 peccatum
2900 672 3141 742 quidem
3174 679 3319 734 erat,
3346 679 3401 727 et
3431 674 3502 728 ab
3535 677 3725 730 homi-

2084 759 2260 813 nibus
2286 761 2754 830 perpetrabatur.
2780 761 2882 815 sed
2915 761 3034 815 illis
3063 778 3182 815 non
3213 762 3630 832 imputabatur,
3667 781 3732 819 eo

2086 848 2243 919 quod
2274 850 2365 903 lex
2398 866 2517 903 non
2559 856 2717 904 esset
2747 867 2879 920 qua:
2911 858 3218 920 peccatum
3252 857 3491 906 vetaret.
3528 853 3731 916 Quoad

2083 938 2195 991 hoc
2209 954 2344 1009 ergo
2360 938 2515 1008 quod
2536 955 2652 992 non
2668 938 3059 1008 imputaretur
3072 946 3376 1010 peccatum
3392 947 3527 995 ante
3546 942 3731 1013 legem

2083 1028 2248 1091 (Nam
2274 1032 2601 1097 peccatum.
2624 1027 2837 1097 inquit,
2873 1044 2990 1082 non
3026 1028 3351 1099 imputatur
3381 1029 3480 1083 ubi
3505 1048 3624 1085 non
3649 1037 3738 1086 est

2084 1114 2220 1181 lex),
2254 1117 2381 1169 sine
2418 1123 2656 1186 peccato
2689 1122 2857 1170 erant
2887 1117 2986 1187 qui
3007 1124 3146 1172 tunc
3177 1118 3733 1175 vivebanthomines

2086 1205 2318 1259 etiamsi
2352 1205 2696 1275 peccabant.
2729 1227 2754 1256 α
2786 1206 2893 1270 Qui
2926 1212 3015 1260 est
3071 1209 3257 1278 figura
3304 1208 3505 1265 futuri.
3547 1232 3573 1257 »
3603 1211 3733 1277 Qui,

2086 1292 2300 1362 inquit,
2333 1293 2520 1347 Adam
2553 1300 2680 1349 erat
2702 1294 2886 1365 ﬁgura
2917 1295 3045 1363 ejus
3102 1296 3200 1365 qui
3258 1302 3538 1351 venturus
3584 1303 3732 1363 erat,

2086 1379 2197 1433 hoc
2229 1387 2318 1433 est
2348 1380 2579 1434 Christi.
2613 1381 2878 1445 Quonam
2909 1381 3083 1435 modo
3103 1382 3129 1435 ?
3160 1382 3319 1437 Sicut
3340 1390 3526 1438 morte
3549 1384 3734 1439 Adam

2085 1484 2292 1522 omnes
2326 1468 2752 1535 moriebantur,
2786 1470 2866 1523 ita
2896 1471 3109 1524 Christi
3144 1478 3331 1526 morte
3363 1474 3737 1529 omnesvive—

2087 1575 2221 1613 mus
2252 1566 2310 1613 et
2338 1576 2733 1631 resurgemus.
2779 1562 2987 1631 Figura
3019 1578 3153 1634 ergo
3192 1579 3261 1617 ex
3318 1562 3563 1619 adverso
3598 1580 3736 1619 con-

2085 1649 2332 1720 gruit.—
2356 1649 2864 1713 Quemadmodum
2890 1650 2989 1704 ille
3022 1652 3094 1706 iis
3127 1652 3226 1722 qui
3259 1668 3291 1706 a
3315 1669 3375 1706 se
3407 1652 3735 1708 descende-

2087 1741 2239 1802 rent,
2274 1737 2505 1791 etiamsi
2561 1738 2632 1792 de
2683 1737 2844 1807 ligno
2906 1755 3025 1793 non
3086 1739 3366 1803 edissent.
3399 1740 3512 1796 fuit
3559 1757 3738 1797 causa

323 1818 499 1881 αῗτ.ος
556 1823 788 1883 θανάτου
847 1820 935 1878 διὰ
983 1827 1082 1891 τὴν
1142 1826 1345 1899 βρῶσιν
1409 1826 1774 1901 εἰσαχθέντος·
1836 1822 1978 1881 οὕτω

392 1908 403 1924 1
472 1912 482 1921 α
530 1912 570 1929 υ
717 1914 726 1925 ι
876 1916 896 1926 υ
985 1913 1034 1929 ι’
1131 1912 1143 1929 9
1225 1918 1246 1927 υ
1360 1913 1372 1929 Ι
1681 1916 1693 1929 ι
1768 1911 1792 1929 ᾗ

2092 1824 2297 1879 mortis
2320 1841 2450 1895 quas
2486 1843 2592 1896 per
2648 1842 2812 1881 esum
2872 1827 3114 1882 inducta
3171 1830 3444 1884 erat:ita
3501 1845 3736 1902 quoque

316 1908 404 1963 καί
463 1912 492 1963 ὁ
528 1912 768 1979 Χριστὸς
808 1916 924 1973 τοῖς
984 1913 1035 1981 ἒξ
1084 1912 1249 1967 αὐτοῦ
1281 1913 1460 1968 καίτοι
1509 1936 1570 1991 γε
1627 1916 1703 1987 μὴ
1765 1911 1974 1969 δικαιο-

320 2000 665 2075 πραγήσασι,
700 1998 892 2073 γέγονε
930 2001 1187 2073 πρόξενος
1242 1999 1610 2073 δικαιοσόνης.
1642 2036 1709 2046 --
1768 2005 1930 2077 [ΦΩΤ
1960 2004 1977 2077 ]

323 2088 464 2161 Τρία
497 2087 643 2142 ἐστὶν
698 2087 749 2142 ἐν
806 2088 1022 2152 τούτοις
1078 2098 1195 2151 τοῖς
1252 2086 1645 2166 παραϐολικῶς
1704 2091 1980 2160 ἀλληλοις

318 2178 724 2250 παρατεθεισιν,
804 2179 1069 2250 ὁμοιότης
1141 2201 1244 2249 τις,
1322 2179 1650 2250 ἐναντιότης,
1697 2176 1977 2255 ὑπερϐολὴ

318 2268 456 2321 κατᾶ
484 2268 591 2334 την
624 2266 948 2338 ὁμοιότητα.
985 2269 1326 2340 Ἐναντιότης
1388 2273 1508 2343 μὶν,
1566 2270 1823 2345 ἁμαρτία,
1857 2268 1981 2324 ἀνα-

324 2356 630 2431 μάρτητον,
689 2354 861 2435 ἔχθρα
914 2358 1049 2430 πρὸς
1107 2360 1257 2426 Θεὸν,
1316 2360 1405 2415 καὶ
1448 2358 1771 2435 καταλλαγὴ
1841 2359 1979 2431 πρὸς

318 2446 469 2515 Θεὸν,
528 2444 867 2518 κατάκριμα,
948 2444 1246 2518 δικαίωμα·
1328 2445 1575 2503 ἀπώλεια
1621 2448 1709 2502 καὶ
1777 2452 1980 2517 πτῶμα

316 2534 406 2590 καὶ
465 2534 725 2603 Θάνατος,
777 2535 1019 2612 σωτηρία
1062 2536 1151 2590 καὶ
1212 2538 1324 2605 ζωὴ
1383 2537 1469 2591 καὶ
1540 2537 1843 2598 ἀνάστασις.
1913 2537 1976 2593 Ἡ

327 2626 417 2697 μὶν
477 2625 575 2679 οὖν
629 2626 939 2695 ἐναντιότης
1019 2626 1069 2681 ἐν
1128 2628 1364 2690 τούτοις.
1433 2630 1492 2685 ῚΙ
1574 2626 1631 2684 δὲ
1687 2629 1976 2702 ὁμοιότης,

320 2714 504 2788 ὥσπερ
539 2712 612 2768 δι’
644 2715 764 2776 tua;
792 2722 908 2776 τοῖς
940 2721 1069 2770 πᾶσι
1101 2717 1167 2771 τα
1224 2718 1397 2792 χείρω
1458 2720 1758 2784 συνέπεσεν,
1802 2717 1975 2779 οὕτως

328 2800 394 2856 δι’
432 2804 555 2862 ἰνὸς
598 2804 669 2857 τὰ
724 2803 931 2877 ἀμείνω
989 2809 1105 2866 τοῖς
1161 2809 1321 2859 πᾶσιν
1369 2805 1700 2881 ἐπιγεγονεν.
1779 2807 1841 2863 Ἥ
1920 2804 1976 2860 δὲ

326 2888 633 2968 ὑπερὸολή,
670 2893 755 2948 ὅτι
788 2891 874 2947 ἐπὶ
909 2894 1004 2965 μὲν
1036 2898 1140 2949 τῶν
1206 2897 1470 2969 χειρόνων
1520 2896 1845 2969 συνέπραξαν
1897 2893 1975 2966 τῷ

315 2983 384 3037 ivi
418 2985 472 3037 οἱ
506 2980 745 3050 πολλοὶ,
782 2981 978 3055 ἐπὶτῷ
1038 2990 1330 3057 μετασχεῖν
1360 2984 1556 3046 αὐτοὺς
1615 2989 1721 3039 τῶν
1769 2989 1970 3039 κακῶν.

314 3074 439 3129 Ἐπὶ
490 3071 553 3127 δὲ
599 3076 714 3127 τῶν
775 3072 1096 3145 ἀμεινόνων,
1156 3070 1334 3134 οὐδεὶς
1418 3074 1754 3149 συνέπραξεν,
1832 3072 1976 3128 ἀλλᾶ

330 3162 496 3233 μόνον
526 3166 624 3215 τοῦ
657 3161 778 3223 ἑνὸς
810 3164 1047 3236 Χριστοῦ
1112 3164 1174 3216 τὸ
1231 3162 1481 3237 χάρισμα
1535 3163 1772 3238 γέγονεν,
1836 3162 1973 3217 ὥστε

336 3249 446 3322 οἰχ
469 3250 671 3319 ὁμοίως
703 3251 790 3304 καὶ
825 3247 1036 3320 ἐπίσης.
1070 3249 1213 3306 ἀλλα
1241 3252 1357 3314 καθ’
1414 3246 1726 3325 ὑπερϐολὴν
1772 3251 1863 3305 καὶ
1916 3250 1976 3304 ἐκ

341 3336 646 3408 περιδεέας
696 3340 727 3405 ἡ
773 3338 1061 3410 ὁμοιότης.
1123 3338 1294 3394 Ηᾶλιν
1357 3336 1445 3393 δια
1490 3344 1587 3392 τοῦ
1647 3336 1824 3411 Ἀδὰμ
1872 3337 1979 3392 τῶν

348 3423 618 3497 χνρόνων
674 3427 1046 3501 ἐσαχθέντων,
1110 3428 1211 3483 οὐκ
1293 3429 1521 3503 ἀντ.ρέοη
1593 3429 1759 3499 μόνον
1818 3431 1982 3483 ταῦτα

348 3516 503 3587 (οπερ
532 3513 603 3573 ὡς
634 3514 891 3575 ἐναντίοις
923 3515 1117 3588 ὅμοιον
1176 3517 1265 3572 καὶ
1325 3515 1628 3593 ἀνάλογον),
1691 3515 1834 3571 ἀλλᾶ
1892 3516 1981 3570 καὶ

346 3602 568 3673 ἐπεδόθη
611 3606 758 3679 παρα
789 3610 1030 3681 Χριστοῦ
1085 3606 1151 3660 τὰ
1189 3605 1417 3679 ἀμείνω.
1448 3614 1618 3681 Ὅπερ
1675 3607 1772 3674 τήν
1831 3606 1985 3680 ὑπερ·

352 3686 520 3758 δολίῃ
573 3694 664 3747 καὶ
715 3695 815 3761 τήν
888 3695 1194 3765 περισσείαν
1244 3696 1587 3768 παρίστησιν.
1649 3696 1741 3751 Διό
1795 3714 1978 3775 ιρησιψ

338 3807 364 3834 α
397 3780 567 3839 Ἀλλ’
598 3783 712 3857 οὐχ
746 3783 818 3844 ὡς
848 3783 909 3839 τὸ
942 3784 1309 3859 παράπτωμα.
1342 3810 1368 3835 ››
1404 3786 1496 3839 Καὶ
1531 3785 1629 3861 ὅρα
1660 3785 1710 3839 τί
1741 3782 1981 3859 λεγει.Εἰ

330 3873 507 3935 οὕτως
542 3873 755 3947 ἰσχύει,
788 3874 942 3948 φησὶ,
995 3877 1057 3929 τὸ
1088 3874 1436 3949 παράπτωμα
1475 3878 1573 3929 τοῦ
1635 3871 1833 3946 Ἀδὰμ,
1893 3873 1981 3928 καί

317 3983 411 4017 τοι
445 3962 673 4021 ἀσθενὶς
724 3962 783 4016 ’ὀν
832 3963 922 4016 καὶ
976 3964 1114 4017 κατὰ
1166 3962 1310 4019 πολὺ
1363 3964 1674 4037 ἡττώμενον
1696 3968 1792 4017 τοῦ
1820 3963 1981 4037 χαρί-

322 4071 539 4123 σματος
572 4055 671 4105 τοῦ
702 4055 859 4120 Θεοῦ,
913 4050 1051 4106 ὥστε,
1105 4054 1194 4106 καὶ
1253 4052 1378 4114 τοὺς
1436 4053 1512 4124 μὴ
1572 4054 1982 4127 ἁμαρτήσαντας

323 4145 668 4208 θανατῶσαι,
726 4140 881 4213 πόσῳ
926 4138 1137 4213 μᾶλλον
1210 4141 1561 4220 ὑπερισχόσει
1618 4142 1680 4195 τὸ
1737 4141 1983 4218 χάρισμα

318 4234 419 4284 τοῦ
448 4232 616 4297 Θεοῦ,
647 4228 740 4282 καὶ
770 4230 895 4293 τοὺς
930 4231 1006 4303 μὴ
1046 4231 1491 4306 κατορθώσαντας
1549 4233 1885 4300 ζωοποιῆσαι
1914 4233 1983 4304 τῇ

328 4318 644 4373 ἀναστάσει.

324 4406 485 4465 Ἀλλ’
521 4406 638 4481 οὐχ
698 4404 773 4469 ὡς
829 4408 891 4462 τὸ
940 4410 1308 4483 παράπτωμα,
1369 4409 1547 4471 οὕτως
1602 4410 1689 4463 καὶ
1770 4410 1831 4462 τὸ
1879 4407 1983 4487 χά-

398 4517 592 4573 ρισμα.
629 4494 695 4552 lsi
733 4498 836 4572 γὰρ
932 4503 1011 4569 τῷ
1102 4497 1199 4555 τοῦ
1235 4500 1349 4561 ἑνὸς
1454 4498 1857 4573 παραπτώματι
1934 4498 1984 4553 οἳ

2088 1916 2355 1971 Christus
2388 1933 2448 1971 se
2483 1918 2899 1987 sequentibus.
2931 1919 3107 1974 etiam
3144 1921 3193 1975 si
3233 1922 3398 1991 justa
3445 1938 3565 1976 non
3596 1921 3741 1993 egis-

2089 2011 2221 2059 sent
2242 2006 2739 2075 opera,justitiam
2773 2008 3130 2063 conciliavit.
3158 2039 3223 2048 —
3243 2010 3375 2064 Tria
3392 2017 3530 2064 sunt
3554 2010 3613 2063 in
3644 2010 3737 2064 his

2089 2110 2218 2165 qua:
2252 2095 2586 2165 parabolice
2610 2096 2720 2150 sibi
2758 2097 3008 2151 invicem
3041 2098 3404 2169 respondent
3438 2117 3449 2154 :
3485 2105 3625 2170 puta
3656 2099 3739 2153 si-

2086 2182 2362 2238 militudo
2394 2183 3086 2253 quasdam.contrarietas
3110 2192 3168 2239 et
3186 2202 3461 2242 excessus
3486 2188 3544 2241 in
3570 2187 3733 2241 simi-

2089 2270 2361 2327 litudine.
2397 2273 2797 2328 Contrarietas
2830 2275 3069 2345 quidem
3102 2283 3404 2345 peccatum
3439 2284 3496 2333 et
3524 2292 3734 2334 carens

2089 2368 2351 2430 peccato.
2386 2361 2702 2416 inimicitia
2731 2364 3010 2418 adversus
3060 2365 3267 2428 Deum,
3300 2371 3359 2420 et
3387 2367 3738 2422 reconcilia-

2089 2448 2169 2502 tio
2204 2464 2340 2520 erga
2398 2451 2599 2507 Deum.
2635 2450 3055 2506 condemnatio
3090 2458 3146 2504 et
3168 2453 3557 2523 justificatio;
3606 2471 3734 2525 per-

2088 2536 2253 2599 ditio,
2287 2554 2478 2593 casus.
2516 2555 2695 2594 mors.
2731 2540 2891 2594 salus
2923 2548 2981 2593 et
3011 2542 3363 2595 resurrectio
3424 2560 3555 2596 cum
3590 2544 3724 2597 vita.

2092 2627 2297 2700 Itaque
2332 2628 2391 2681 in
2424 2627 2516 2683 his
2549 2636 2640 2683 est
2690 2630 3095 2684 contrarietas.
3144 2631 3322 2684 Porro
3357 2631 3682 2687 similitudo
3720 2649 3733 2687 :

2087 2716 2247 2770 Sicut
2278 2733 2381 2787 per
2412 2734 2617 2781 unum,
2642 2719 2797 2772 mala
2814 2718 3088 2773 omnibus
3104 2719 3497 2790 contigerunt,
3531 2720 3610 2775 ita
3631 2738 3734 2792 per

2084 2822 2270 2860 unum
2329 2806 2484 2861 bona
2541 2808 2817 2863 omnibus
2859 2815 3200 2864 evenerunt.
3249 2810 3533 2865 Excessus
3574 2828 3733 2879 vero,

2085 2895 2224 2965 quia
2246 2896 2305 2949 in
2338 2896 2508 2950 malis
2532 2897 2697 2951 multi
2732 2904 2869 2951 sunt
2893 2899 3393 2969 unicooperatiut
3416 2900 3730 2971 participes

2084 2991 2285 3037 essent
2312 2984 2623 3049 malorum,
2648 2985 2709 3038 in
2742 2985 2916 3039 bonis
2944 2992 3140 3040 autem
3167 2986 3367 3041 nullus
3382 2995 3730 3059 c00peratus

2094 3077 2203 3138 est,
2238 3072 2339 3126 sed
2367 3072 2543 3126 unius
2564 3073 2697 3127 Jesu
2730 3073 2945 3128 Christi
2968 3073 3190 3128 donum
3216 3074 3345 3129 fuit.
3377 3077 3580 3145 Itaque
3612 3093 3731 3131 non

2087 3158 2362 3214 similiter
2380 3167 2438 3214 et
2466 3177 2535 3213 ex
2566 3161 2867 3229 aequo,sed
2890 3178 2994 3232 per
3017 3178 3321 3218 excessum
3343 3171 3400 3219 et
3417 3165 3730 3220 abundan-

2087 3246 2230 3302 tiam
2255 3254 2345 3302 est
2375 3248 2725 3303 similitudo.
2764 3251 3016 3305 Rursum
3048 3268 3165 3305 non
3199 3252 3391 3306 solum
3420 3253 3575 3308 mala
3606 3253 3732 3308 hanc

2087 3353 2218 3407 quae
2243 3335 2483 3391 inducta
2508 3344 2675 3391 erant
2696 3354 2801 3408 per
2832 3338 3041 3400 Adam,
3068 3348 3373 3411 perempta
3393 3350 3550 3408 sunt,
3572 3341 3731 3413 quod

2089 3424 2270 3481 veluti
2306 3426 2365 3479 in
2398 3425 2713 3479 contrariis
2745 3426 3074 3482 similitudo
3095 3434 3218 3484 erat
3241 3447 3307 3484 ac
3325 3432 3729 3502 proportiona-

2085 3514 2435 3572 bile.verum
2458 3515 2635 3569 etiam
2670 3514 2871 3570 addita
2903 3524 3039 3570 sunt
3069 3534 3101 3572 a
3133 3518 3361 3573 Christo
3386 3519 3728 3587 dona,‘268

2085 3604 2244 3676 quod
2276 3621 2585 3661 excessum
2629 3622 2695 3661 ac
2723 3605 3149 3663 abundantiam
3174 3610 3415 3680 profert.
3450 3610 3586 3665 Ideo
3607 3611 3725 3665 ait:

2084 3700 2197 3749 «At
2223 3711 2342 3750 non
2370 3694 2523 3749 sicut
2550 3702 2856 3765 peccatum
2889 3719 2912 3743 η
2931 3698 3145 3751 Etvide
3165 3698 3307 3768 quid
3327 3699 3565 3754 dicat.Si
3583 3700 3727 3754 adeo

2084 3783 2345 3838 validum
2379 3790 2486 3841 est.
2522 3785 2736 3853 inquit,
2780 3792 3086 3855 peccatum
3144 3787 3331 3841 Adam
3364 3792 3731 3858 (quanquam

2086 3871 2279 3926 debile
2304 3888 2369 3926 ac
2401 3872 2586 3925 multo
2608 3872 2970 3927 imbecillius
2999 3875 3096 3927 Dei
3118 3874 3389 3944 dono),ut
3411 3876 3586 3929 etiam
3612 3892 3730 3931 non

2087 3966 2398 4030 peccantes
2431 3960 2761 4015 occideret:
2797 3969 3015 4031 quanto
3040 3962 3294 4034 amplius
3334 3964 3590 4035 majores
3624 3965 3727 4020 ha-

2084 4047 2248 4103 bebit
2275 4049 2425 4103 vires
2455 4049 2554 4104 Dei
2587 4048 2828 4116 donum,
2864 4056 2927 4103 ut
2958 4050 3048 4103 his
3080 4051 3257 4106 etiam
3291 4052 3389 4123 qui
3420 4052 3576 4108 bona
3607 4070 3726 4109 non

2090 4143 2554 4210 egeruntopera,
2591 4138 2765 4191 vitam
2798 4137 3063 4194 conferat
3108 4156 3324 4213 eosque
3359 4141 3620 4198 suscitet.

2170 4406 2233 4471 V,
2271 4404 2353 4458 15.
2384 4406 2461 4458 At
2490 4420 2601 4459 non
2631 4406 2772 4459 sicut
2804 4410 3110 4473 peccatum,
3144 4404 3225 4459 ita
3255 4412 3306 4459 et
3335 4406 3556 4460 donum.
3592 4410 3727 4465 Nam

2088 4498 2134 4551 si
2163 4497 2325 4549 unius
2356 4494 2553 4548 delicto
2584 4493 2746 4548 multi
2773 4496 2976 4548 mortui
3003 4503 3152 4560 sunt,
3186 4495 3355 4549 multo
3391 4498 3569 4565 magis
3599 4514 3729 4567 gra-

396 4584 614 4642 πολλοὶ
671 4584 953 4657 ἀπέθανον,
1015 4586 1215 4661 πολλῷ
1274 4586 1487 4662 μᾶλλον
1559 4591 1593 4656 ἡ
1656 4588 1817 4663 χάρις
1888 4584 1978 4642 τοῦ

2093 4584 2175 4639 tia
2210 4585 2329 4651 Dei,
2362 4590 2414 4637 et
2436 4582 2639 4637 donum
2671 4585 2727 4637 in
2755 4583 2967 4653 gratia,
2995 4598 3122 4655 quae
3152 4586 3264 4652 fuit
3302 4586 3466 4640 unius
3498 4584 3731 4642 hominis

400 4673 561 4746 Θεοῦ,
593 4673 951 4751 καὶὴδωρεὰ
989 4674 1040 4731 ἐν
1101 4679 1311 4757 χάριτι,
1384 4682 1453 4752 τῇ
1527 4681 1624 4732 τοῦ
1695 4677 1813 4738 ἑνὸς
1890 4674 1982 4730 ἂν-

399 4764 627 4837 θρώπου
704 4765 882 4835 Ἰησοῦ
985 4768 1223 4841 Χριστοῦ
1298 4767 1373 4830 είς
1448 4764 1694 4829 πολλοὺς
1770 4764 1982 4840 ἐπερίσ-

412 4872 503 4909 σευ
510 4872 595 4907 σεν
608 4896 621 4909 .

411 4941 674 4996 Βοόλεται
735 4938 902 5012 δεῖξαι
989 4942 1208 5017 μείζονα
1295 4943 1659 5020 ἱνεργήσασαν
1731 4945 1828 5010 την
1884 4946 1981 4998 τοῦ

342 5028 578 5101 Χριστοῦ
610 5030 799 5105 χάριν,
830 5029 971 5107 ἤπερ
996 5032 1260 5108 ἐνήργησε
1304 5034 1366 5087 τὸ
1422 5038 1517 5087 τοῦ
1573 5029 1750 5105 Ἀδὰμ
1805 5034 1981 5107 παραε-

330 5138 558 5190 πτωμα.
594 5121 695 5175 Καὶ
747 5125 862 5175 πῶς
922 5126 1134 5190 τοῦτο,
1180 5123 1269 5177 καὶ
1325 5122 1427 5198 γὰρ
1478 5125 1690 5197 ὁρῶμεν
1772 5124 1837 5175 τὰ
1894 5120 1981 5177 ἴσα

331 5206 721 5282 ἐνεργησαντα,
757 5209 921 5264 εἶκαὶ
976 5209 1183 5265 ἐναντία
1238 5211 1303 5265 τὰ
1360 5211 1724 5285 ὲνεργηϐέντα.
1780 5216 1978 5285 Ὠσπερ

325 5297 427 5372 γὰρ
459 5298 493 5364 ἡ
530 5297 741 5364 ὑπακοή
798 5304 895 5353 τοῦ
953 5300 1188 5371 Χριστοῦ
1242 5299 1317 5361 εἰς
1403 5300 1603 5359 πάντας
1659 5300 1978 5373 ἀνθρώπους

325 5386 649 5460 παρέπεμψε
674 5389 770 5457 τήν
824 5390 968 5457 ζωήν
1030 5389 1118 5443 καὶ
1183 5393 1284 5456 την
1346 5390 1652 5456 ἀνάστασιν,
1710 5390 1802 5443 τὸν
1862 5386 1976 5443 ἴσον

322 5477 528 5549 τρόπον
557 5476 645 5530 καὶ
696 5479 729 5548 ἡ
764 5479 1017 5553 παρακοὴ
1045 5482 1141 5532 τοῦ
1172 5477 1352 5553 Ἀδὰμ
1410 5478 1485 5540 εἰς
1518 5478 1719 5539 πάντας
1770 5478 1981 5554 ἀνθρώ-

328 5585 470 5628 πους
496 5569 817 5644 παρέπεμψε
846 5570 941 5625 τὸν
974 5568 1219 5626 θάνατον.
1253 5574 1374 5633 Ιιῶς
1433 5570 1526 5623 οὗν
1575 5589 1762 5648 φησιν,
1797 5592 1824 5621 ‹‹
1858 5568 1980 5647 Οὐχ

330 5653 407 5716 ὡς
434 5654 498 5709 τὸ
528 5657 898 5735 παράπτωμα,
956 5654 1128 5718 οὕτως
1159 5656 1249 5713 καὶ
1294 5658 1359 5713 τὸ
1391 5658 1659 5733 χάρισμα.
1700 5680 1728 5710 ››
1765 5690 1829 5701 -
1862 5658 1981 5733 [ΟΙ-

2089 4676 2216 4729 Jesu
2238 4672 2447 4729 Christi
2471 4674 2529 4726 in
2550 4672 2746 4728 multos
2768 4672 3109 4728 exuberavit.

2164 4940 2300 4996 Vult
2346 4936 2660 4995 ostendere
2698 4936 2855 5009 quod
2887 4938 3116 5011 majora
3144 4942 3489 5011 praestiterit
3519 4942 3735 4998 Christi

2090 5031 2277 5106 gratia
2308 5045 2484 5100 quam
2516 5036 2823 5097 peccatum
2855 5027 3041 5083 Adam
3111 5030 3404 5086 elfecerat.
3441 5031 3503 5085 1d
3535 5037 3734 5085 autem

2092 5120 2385 5192 quomodo
2413 5123 2433 5171 Ρ
2458 5118 2754 5187 siquidem
2813 5134 2883 5173 ea
2940 5137 3069 5190 qum
3116 5121 3439 5175 ell'ecerunt
3469 5121 3734 5175 videmus

2091 5209 2366 5280 aequalia,
2400 5224 2743 5275 quanquam
2767 5209 3064 5263 contraria
3089 5209 3208 5263 sint
3238 5209 3342 5264 illa
3365 5227 3495 5279 qua:
3530 5211 3738 5263 effecta

2091 5304 2228 5355 sunt
2256 5294 2762 5360 Quemadmodum
2788 5296 2945 5349 enim
2968 5298 3179 5351 Christi
3207 5298 3543 5352 obedientia
3561 5299 3737 5352 vitam

2091 5406 2157 5445 ac
2181 5383 2681 5441 resurrectionem
2744 5383 2803 5437 in
2861 5400 3068 5440 omnes
3120 5387 3492 5440 transmisit:
3556 5385 3737 5441 simili

2092 5476 2264 5535 modo
2280 5480 2337 5528 et
2359 5472 2541 5527 Adam
2566 5471 2967 5528 inobedientia
2981 5481 3229 5527 mortem
3246 5476 3306 5529 in
3323 5492 3529 5530 omnes
3545 5482 3739 5531 trans-

2090 5566 2270 5623 misit.
2296 5559 2597 5628 Quomodo
2631 5575 2767 5632 ergo
2826 5561 2907 5615 ait
2933 5578 2945 5615 :
2975 5583 3002 5611 ‹‹
3036 5562 3163 5616 Non
3207 5564 3360 5618 sicut
3404 5571 3735 5636 peccatum,

2091 5658 2172 5715 ita
2203 5659 2261 5712 et
2288 5650 2512 5712 donum
2529 5650 2559 5707 ?
2580 5669 2608 5702 κ
2623 5648 2770 5717 Quia
2799 5649 2910 5709 etsi
2935 5649 3159 5711 itasese
3170 5666 3266 5711 res
3288 5650 3738 5726 habeat,quem-
