4126 6256
440 341 555 402 423

1508 337 1934 400 CECUMENII
1974 333 2281 396 TRICCuE
2320 334 2695 396 EPlSCOPI.

3732 342 3855 400 424

436 474 756 531 admodum
788 473 1006 541 dixisti,
1039 474 1233 547 majus
1291 479 1379 529 est
1431 472 1591 544 quod
1652 469 1848 526 ell‘ecit
1903 468 2076 542 gratia

2206 467 2438 539 ΚΟΥΜ.]
2500 471 2615 523 Ὃτι
2671 467 2765 523 καὶ
2821 469 2996 533 οὓτως
3056 468 3282 546 ἔχοντος
3350 476 3447 528 τοῦ
3533 471 3864 548 πράγματος

437 567 560 621 Dei.
588 566 701 620 Nec
735 564 1063 620 secundum
1096 565 1207 619 hoc
1238 564 1434 635 majus
1492 562 1622 617 dico
1683 559 1841 632 quod
1889 564 2091 631 posset

436 654 732 727 quispiam
764 655 1124 719 existimare,
1151 652 1306 724 quod
1341 652 1459 707 vita
1483 652 1676 722 major
1708 656 1769 704 et
1798 648 2094 705 excellen-

434 744 552 799 tior
584 745 662 799 sit
691 751 914 799 morte:
945 743 1047 799 sed
1074 742 1232 813 quod
1264 741 1462 813 reipsa
1497 757 1564 796 ac
1597 739 1870 795 efﬁcacia
1902 737 2099 809 majus

435 839 678 905 cperata
708 840 799 888 est
820 832 1036 889 Christi
1069 831 1438 896 obedientia,
1474 846 1657 901 quam
1705 825 2097 892 transgressio

434 922 643 978 Adam.
676 923 942 987 Quonam
977 921 1192 976 modo?
1220 920 1368 985 Quia
1402 935 1562 974 mors
1593 923 1832 989 sumpto
1855 915 2097 987 quidem

433 1028 503 1068 ex
533 1012 720 1067 Adam
742 1012 1057 1084 principio,
1087 1027 1414 1083 cooperans
1437 1010 1552 1065 hab
1565 1008 1653 1064 uit
1681 1013 1948 1063 nostram
1971 1020 2098 1059 om-

429 1103 597 1158 nium
629 1111 962 1175 peccatum,
994 1109 1060 1158 ut
1097 1103 1404 1158 adversam
1450 1116 1661 1157 omnes
1707 1096 2094 1171 praevaleret:

438 1193 666 1265 alioqui
717 1195 879 1248 enim
928 1209 1049 1248 non
1090 1191 1405 1264 prazvaluis
1457 1196 1535 1258 et,
1569 1190 1618 1244 si
1657 1188 1790 1261 puri
1830 1185 1903 1241 ab
1933 1194 2095 1248 omni

434 1284 609 1339 sorde
658 1284 1019 1339 mansissent
1058 1282 1353 1338 homines.
1418 1279 1639 1337 Christi
1693 1294 1828 1331 vero
1885 1274 2092 1348 gratia,

437 1374 615 1428 etiam
635 1373 764 1428 sine
784 1379 988 1428 nostra
1005 1372 1340 1443 cooperatio
1354 1387 1451 1439 ne,
1471 1369 1544 1424 ad
1561 1382 1769 1423 omnes
1792 1363 2061 1436 pervenit
2079 1379 2093 1417 :

436 1462 617 1533 idque
648 1461 1027 1518 manifestum
1062 1461 1203 1518 facit
1229 1461 1417 1534 gratia
1448 1455 1924 1519 resurrectionis,
1962 1467 2097 1523 quas

436 1551 643 1607 nonin
675 1552 820 1607 solis
847 1552 1135 1607 duntaxat
1178 1549 1457 1606 ﬁdelibus
1505 1550 1782 1604 effectum
1830 1542 2094 1606 habebit,

435 1642 536 1713 qui
562 1640 741 1698 ﬁdem
764 1642 1045 1697 videntur
1061 1640 1384 1696 contulisse
1407 1655 1420 1693 :
1442 1654 1644 1693 verum
1676 1636 1736 1690 in
1768 1630 2094 1688 incredulis

432 1747 693 1803 quoque,
749 1736 893 1802 puta
936 1730 1155 1784 Juda-is
1205 1746 1271 1783 ac
1323 1726 1556 1782 Graecis.
1604 1724 1789 1796 Majus
1834 1738 1970 1793 ergo
2004 1725 2093 1775 est

432 1819 597 1891 quod
622 1836 656 1874 a
676 1818 848 1874 nobis
872 1835 991 1873 non
1022 1817 1244 1889 expetit
1262 1816 1553 1872 auxilium
1576 1815 1680 1869 illo
1704 1812 1862 1883 quod
1889 1815 2094 1866 nostra

432 1909 655 1980 indiget
672 1908 1090 1978 cooperatione
1111 1914 1178 1962 ut
1197 1906 1415 1962 habeat
1438 1902 1786 1959 efﬁcaciam.
1819 1923 1840 1951 α
1867 1903 2010 1954 Nam
2034 1898 2083 1953 si

427 1998 606 2053 unius
653 1996 889 2052 delicto.
926 2020 951 2045 »ι
984 2029 1056 2036 —-
1094 2002 1235 2050 Cum
1310 1994 1557 2049 dixisset
1605 1991 1789 2047 Adam
1833 1990 2081 2061 ﬁguram

422 2086 605 2141 fuisse
638 2086 877 2148 Christi.
904 2086 1155 2158 ﬁguram
1179 2083 1453 2139 videlicet
1485 2099 1553 2138 ex
1573 2080 1868 2138 contrario
1917 2079 2081 2148 (Nam

423 2175 578 2230 sicut
623 2176 724 2230 ille
769 2175 1114 2231 hominibus
1164 2174 1276 2228 fuit
1324 2189 1501 2229 causa
1548 2170 1778 2233 mortis,
1813 2168 1966 2225 269
2000 2166 2082 2219 ita

419 2264 685 2321 Christus
717 2264 1061 2320 hominibus
1083 2264 1197 2318 fuit
1226 2279 1409 2318 causa
1440 2259 1935 2318 resurrectionisJ
1971 2252 2079 2313 Ubi

420 2371 557 2428 ergo
588 2354 736 2411 dixit
767 2353 923 2426 quod
960 2353 1147 2409 Adam
1188 2359 1315 2409 erat
1348 2353 1533 2423 ﬁgura
1562 2351 1779 2407 Christi
1813 2354 1901 2415 (ut
1928 2348 2080 2404 dixi-

422 2432 599 2510 mus),
629 2442 767 2515 quia
796 2442 909 2497 hoc
952 2442 1306 2513 probaturus
1337 2446 1448 2505 est.
1487 2456 1608 2495 non
1641 2437 2076 2494 similtudinem

421 2538 653 2588 tantum
679 2532 1049 2587 demonstrat
1069 2548 1135 2587 ac
1162 2532 1432 2603 ﬁguram,
1461 2530 1565 2585 sed
1589 2530 1766 2585 etiam
1792 2545 1947 2590 eum,
1974 2529 2077 2598 qui

415 2629 542 2679 erat
572 2623 632 2679 in
659 2623 847 2696 ﬁgura
875 2640 943 2678 ac
974 2622 1393 2689 similitudine,
1424 2637 1737 2677 excessum
1787 2624 1846 2673 et
1884 2618 2074 2674 abun-

421 2714 706 2770 dantiam.
741 2712 1013 2768 Ostendit
1058 2712 1219 2766 enim
1250 2712 1363 2766 hoc
1395 2727 1464 2765 ex
1497 2726 1563 2765 eo
1596 2709 1755 2779 quod
1787 2708 1906 2764 ait:
1949 2729 1973 2759 ι
2004 2710 2078 2760 At

421 2819 541 2857 non
557 2803 1025 2872 sicutpeccatum
1045 2819 1098 2865 ς»
1127 2815 1511 2870 rursumque:
1529 2823 1555 2848 ιι
1576 2800 1647 2852 Et
1665 2813 1783 2852 non
1807 2796 2077 2867 sicutper

420 2906 607 2946 unum
631 2890 731 2961 qui
758 2889 1061 2961 peccavit.)
1092 2912 1117 2937 ››
1151 2888 1298 2953 Quia
1315 2904 1449 2961 ergo
1476 2887 1732 2942 confecit
1760 2884 2075 2957 Apostolus

428 2985 862 3053 argumentum,
886 2979 1436 3034 dissimilitudinem
1463 2975 1898 3047 quodammodo
1919 2976 1982 3030 in
2002 2975 2073 3030 si-

427 3069 766 3125 militudine
798 3068 1134 3140 implicans,
1167 3073 1233 3123 ut
1262 3066 1537 3123 ostendat
1564 3065 1860 3138 quomodo
1892 3064 1952 3119 id
1986 3064 2075 3120 fa-

429 3167 588 3217 ctum
629 3162 706 3216 sit
753 3178 911 3217 nunc
942 3161 1184 3231 quidem
1228 3159 1386 3214 idem
1436 3157 1671 3230 repetit,
1724 3156 2078 3229 simpliciter

421 3257 623 3306 tamen
655 3251 917 3305 ostendit
946 3249 1540 3315 similitudinem,nec
1572 3245 2074 3319 permiscet,quod

421 3339 494 3396 ad
526 3340 701 3395 verba
723 3339 1237 3410 attinet.aliquam
1270 3336 1778 3392 dissimilitudinis
1802 3352 2074 3409 pugnan-

423 3428 820 3484 tiam.Deinde
850 3428 951 3483 ubi
985 3428 1298 3482 manifeste
1321 3427 1431 3481 hoc
1462 3433 1520 3481 et
1540 3442 1685 3497 pure
1703 3425 2072 3480 demonstra-

418 3518 519 3585 vit,
552 3516 716 3571 addit
755 3517 913 3587 quod
973 3516 1128 3571 sicut
1184 3532 1289 3587 per
1343 3531 1531 3570 unum
1581 3514 1843 3586 regnavit
1890 3530 2071 3579 mors,

418 3605 607 3662 multo
630 3604 815 3677 magis
837 3604 899 3659 in
915 3604 1030 3659 vita
1054 3604 1388 3675 regnabunt
1412 3619 1518 3674 per
1537 3619 1722 3658 unum
1751 3602 2070 3657 Christum:

418 3700 700 3766 tanquam
759 3692 1144 3759 concludens,
1198 3699 1258 3747 et
1310 3708 1648 3748 sermonem
1682 3690 1753 3746 ad
1805 3691 1866 3745 id
1915 3689 2073 3761 quod

414 3765 606 3839 adhuc
636 3783 1016 3838 manifestius
1050 3787 1140 3838 est
1169 3798 1237 3837 ac
1273 3781 1634 3836 contractius
1666 3779 1981 3847 reducens,
2016 3765 2074 3833 et

415 3874 534 3929 ait:
569 3896 597 3924 «
631 3874 835 3945 Itaque
893 3871 1045 3927 sicut
1075 3887 1181 3943 per
1212 3872 1392 3926 unius
1422 3870 1705 3926 delictum
1757 3871 1817 3924 in
1861 3883 2069 3924 omnes

416 3963 693 4019 homines
722 3963 795 4018 ad
820 3961 1440 4028 condemnationem,»
1474 3967 1581 4016 etc.
1609 3960 1832 4016 Deinde
1853 3960 1992 4030 quia
2014 3964 2073 4013 et

415 4052 478 4106 in
510 4052 702 4123 primo
733 4052 1180 4123 compositoque
1209 4056 1576 4123 argumento,
1612 4057 1671 4105 et
1699 4051 1760 4104 in
1806 4048 2067 4105 secundo

414 4145 849 4213 repurgatoque
875 4156 942 4195 ac
955 4139 1386 4211 repetitorio,et
1406 4139 1465 4193 in
1486 4154 1553 4194 eo
1573 4138 1731 4210 quod
1750 4139 1808 4192 in
1826 4136 2068 4193 modum

410 4231 811 4287 conclusionis
829 4230 1076 4286 allatum
1100 4235 1245 4287 erat.
1263 4230 1625 4283 mentionem
1651 4228 1722 4283 de
1746 4233 1988 4299 peccato
2013 4232 2070 4280 et

408 4320 598 4393 gratia
625 4318 1367 4385 fecerat,condemnatione
1399 4334 1467 4372 ac
1495 4317 2066 4389 dono,justiﬁcatio—

409 4425 603 4480 neque
631 4424 698 4464 ac
728 4407 1075 4477 simili,quia
1104 4404 1636 4476 correspondentia
1658 4405 1781 4459 llaec
1801 4405 2066 4461 nondum

411 4498 670 4555 indicata
696 4503 841 4561 erat,
860 4498 971 4552 hoc
1001 4497 1195 4568 ipsum
1214 4511 1374 4549 nunc
1405 4495 1598 4566 aperit
1619 4501 1674 4549 et
1699 4496 2064 4563 manifestat,

414 4605 481 4644 ac
511 4586 674 4653 dicit,
708 4586 866 4658 quod
899 4603 969 4642 ea
997 4602 1127 4657 quae
1160 4590 1328 4639 erant
1357 4600 1425 4638 ex
1458 4583 1865 4639 inobedientia
1895 4585 2058 4641 efﬂu-
2090 4571 2135 4636 D

414 4681 786 4746 xerunt,quas
809 4692 944 4730 vero
959 4691 1029 4729 ex
1047 4672 1387 4728 obedie‘ntia
1404 4671 1847 4729 ﬂoruerunt.Sit
1866 4673 2066 4745 itaque

416 4764 543 4818 haec
555 4764 904 4834 compositio
923 4762 1254 4835 argumenti
1269 4761 1427 4832 quod
1447 4762 1693 4833 ﬁguram
1707 4779 1774 4817 ac
1787 4763 1833 4817 si
1844 4763 2067 4819 militu-

413 4851 617 4907 dinem
640 4852 1113 4914 conﬁrmat,cum
1128 4851 1563 4907 dicit:«Etenim
1581 4852 1627 4907 si
1648 4867 1753 4923 per
1765 4852 1942 4907 unius
1960 4852 2063 4909 de-

414 4941 621 4997 lictum
637 4946 969 5008 mors,»etc.
992 4943 1115 4995 Non
1134 4958 1270 5014 ergo
1292 4958 1527 4996 rursum
1542 4941 1603 4995 in
1617 4940 1709 4995 his
1722 4940 1878 4996 idem
1895 4956 2061 5013 repe-

412 5032 485 5087 tit
502 5030 735 5086 divinus
758 5029 1097 5101 Apostolus.
1123 5029 1226 5084 sed
1245 5030 1419 5102 plane
1443 5029 1763 5085 admodum
1786 5037 1844 5085 et
1861 5037 2062 5086 exacte

413 5121 830 5195 complectitur
854 5136 921 5175 ac
953 5120 1256 5190 componit
1285 5120 1403 5173 vim
1452 5119 1732 5190 capitum.
1766 5119 1920 5175 Illud
1951 5120 2060 5193 igi-

414 5218 550 5279 tur;
584 5236 611 5262 «
646 5215 720 5267 At
741 5227 863 5265 non
894 5209 1048 5265 sicut
1067 5209 1404 5268 delictum.»
1432 5215 1566 5274 etc.,
1599 5207 1674 5264 ad
1705 5225 1841 5264 eum
1871 5226 2060 5281 usque

411 5299 751 5356 locum.uEx
774 5298 977 5354 multis
992 5296 1224 5351 delictis
1247 5296 2061 5370 adjustificationem,»argu-

414 5396 678 5443 mentum
708 5394 799 5443 est
825 5396 890 5444 ut
912 5388 1190 5455 diximus,
1213 5386 1413 5460 ﬁguras
1435 5403 1501 5441 ac
1521 5385 1934 5442 similitudinis
1957 5388 2061 5443 de-

410 5477 997 5541 monstrativum,sed
1019 5475 1458 5548 quodammodo
1479 5474 1847 5546 implicatum
1872 5482 1929 5531 et
1956 5493 2062 5549 per

386 5565 958 5645 dissimilitudinem
979 5563 1703 5640 compositum;indigebat
1719 5582 1854 5638 ergo
1872 5566 2060 5623 mani-

411 5652 726 5711 festatione
748 5657 1279 5724 acrepurgatione,
1311 5655 1490 5725 idque
1511 5653 1654 5710 facit
1682 5668 1941 5725 sequens
1964 5673 2061 5713 ar-

2210 554 2391 619 καθὼς
2424 556 2603 625 εἶπας,
2663 564 2848 630 μεῖζον
2905 558 3196 634 ἐνήργησεν
3236 564 3271 630 ἡ
3329 561 3493 636 χάρις
3548 566 3648 616 τοῦ
3704 567 3865 618 Θεοῦ.

2214 644 2310 701 Καὶ
2341 645 2402 700 οὐ
2434 648 2568 701 κατὰ
2597 651 2758 703 τοῦτο
2791 647 2936 722 λέγω
2964 655 3154 722 μεῖζον
3212 650 3311 724 (ὡς
3368 650 3429 706 ἄν
3482 673 3566 714 τις
3600 652 3865 725 οἰηθείη),

2207 737 2342 790 καθὸ
2378 736 2575 807 μείζων
2602 737 2691 792 καὶ
2744 737 3118 818 διαφορωτέρα
3176 742 3211 810 ἡ
3276 746 3390 809 ζωη
3448 746 3548 795 τοῦ
3607 743 3867 812 θανάτου,

2208 822 2335 880 ἀλλ’
2367 824 2450 880 ὅτι
2483 824 2573 881 καὶ
2606 826 2753 897 αύτῷ
2791 832 2870 898 τῷ
2928 824 3072 903 ἔργῳ
3133 829 3223 885 καὶ
3279 834 3348 903 τῇ
3405 828 3648 905 ἐνεργείᾳ
3678 837 3866 903 μεῖζον

2210 913 2566 988 εἶ’ργάσατοὴ
2629 920 2873 991 Χριστοῦ
2927 918 3155 988 ὑπακοὴ,
3213 927 3314 989 τῆς
3371 916 3553 993 Ἀδὰμ
3608 916 3866 996 παραϐά-

2209 1023 2364 1067 σεως.
2400 1010 2523 1068 Πῶς
2557 1007 2723 1075 ;⁹Ότι
2754 1006 2783 1060 ὁ
2818 1007 2913 1081 μὲν
2944 1009 3169 1071 θάνατος
3202 1010 3229 1063 ὁ
3267 1011 3368 1078 τήν
3429 1010 3610 1086 ἀρχὴν
3670 1010 3733 1065 ἐκ
3759 1015 3860 1066 τοῦ

2205 1091 2385 1169 Ἀδὰμ
2414 1091 2624 1167 λαϐὼν,
2658 1100 2964 1174 συνεργείαν
2998 1097 3129 1178 ἔσχε
3159 1100 3248 1155 καὶ
3278 1102 3378 1168 τήν
3408 1103 3569 1174 ἡμῶν
3598 1101 3853 1157 ἁπάντων

2207 1183 2497 1259 ἁμαρτίαν,
2561 1183 2652 1241 ’ἱνα
2708 1187 2845 1242 κατὰ
2896 1189 3109 1244 πάντων
3168 1189 3406 1269 ἴσχύσῃ,
3491 1191 3554 1245 οὐ
3638 1190 3856 1255 πάντως

2208 1272 2418 1352 ἰσχύειν
2450 1273 2693 1348 μέλλων,
2726 1276 2775 1331 εἷ
2801 1278 3030 1353 καθαροὶ
3060 1280 3259 1341 παντὸς
3292 1279 3466 1355 ῥύπου
3525 1277 3742 1352 ἔμειναν
3803 1281 3856 1335 οἱ

2205 1360 2501 1437 ἄνθρωποι.
2545 1365 2605 1422 ἹΙ
2659 1363 2717 1420 δέ
2762 1387 2822 1442 γε
2878 1369 3121 1443 Χριστοῦ
3178 1368 3367 1447 χάρις,
3424 1370 3514 1424 καὶ
3571 1367 3698 1424 ἄνευ
3752 1377 3855 1438 τῆς

2203 1455 2365 1525 ἡμῶν
2419 1455 2739 1530 συνεργείας,
2794 1456 2869 1518 εἰς
2955 1458 3153 1520 πάντας
3210 1459 3456 1538 ἀφίκετο.
3521 1460 3623 1517 Καὶ
3692 1464 3853 1515 τοῦτο

2205 1539 2375 1613 δηλοῖ
2399 1544 2463 1598 τὸ
2492 1546 2591 1613 τὴν
2648 1545 2809 1621 χάριν
2859 1553 2957 1615 τῆς
3012 1549 3372 1616 ἀναστάσεως,
3436 1551 3511 1623 μή
3561 1550 3730 1623 μόνον
3777 1549 3854 1611 εἷς

2198 1631 2334 1693 τοὺς
2381 1632 2606 1697 πιστοὺς
2665 1634 3019 1713 ἐνεργεῖσθαι,
3078 1636 3209 1699 τοὺς
3267 1640 3383 1693 οἷον
3446 1635 3700 1709 δόξαντας
3755 1642 3857 1711 τήν

2200 1720 2381 1776 πίστιν
2440 1724 2824 1801 συνεισφέρειν,
2888 1724 3034 1781 ἀλλὰ
3095 1727 3185 1783 καὶ
3241 1728 3317 1788 εἷς
3381 1729 3508 1790 τοὺς
3565 1728 3854 1797 ἀπίστους,

2205 1810 2323 1864 οἷον
2382 1809 2680 1873 Ἰουδαίους
2736 1814 2829 1869 καὶ
2885 1814 3189 1884 ”Ελληνας.
3251 1824 3448 1886 Μεῖζον
3508 1816 3601 1872 οὖν
3648 1819 3712 1873 τὸ
3772 1821 3852 1891 μή

2195 1896 2528 1972 προσδεηθὲν
2559 1908 2660 1971 τῆς
2690 1901 2780 1982 ἀφ’
2831 1906 2991 1977 ἡμῶν
3051 1907 3373 1981 συμμαχίας
3415 1905 3511 1962 τοῦ
3567 1904 3851 1978 δεηθέντος

2187 1988 2278 2041 καὶ
2334 1994 2436 2057 τῆς
2493 1992 2654 2062 ἡμῶν
2704 1992 2881 2048 αὐτῶν
2944 1993 3019 2056 είς
3106 1995 3171 2050 τὸ
3232 1994 3453 2052 ίσγ.ύσαι
3514 1997 3848 2071 συνεργείας.

2189 2101 2218 2127 ι(
2254 2077 2316 2133 Εἰ
2370 2079 2473 2154 γαρ
2504 2085 2585 2153 τῷ
2624 2085 2721 2136 τοῦ
2756 2082 2876 2144 ὲνὸς
2934 2085 3362 2158 παραπτώματι.
3427 2112 3446 2136 ιν
3508 2118 3573 2128 —
3633 2087 3846 2160 [ΦΩΤ.]

2190 2167 2374 2224 Εἰπὼν
2425 2172 2509 2225 δτι
2565 2171 2734 2236 τύπος
2792 2177 2859 2244 ἧν
2907 2176 2936 2230 6
2982 2173 3166 2250 Ἀδὰμ
3221 2181 3319 2231 τοῦ
3374 2178 3627 2251 Χριστοῦ,
3679 2179 3849 2240 τύπος

2188 2253 2245 2311 δὲ
2294 2256 2555 2328 δηλονότι
2641 2260 2701 2317 ἐκ
2756 2267 2854 2319 τοῦ
2941 2264 3220 2336 ἐναντίου,
3280 2266 3378 2338 (ὡς
3461 2267 3566 2341 γὰρ
3640 2266 3848 2329 ἐκεῖνος

2184 2345 2359 2409 αἴτιος
2438 2348 2750 2425 ἀνθρώποις
2826 2354 3095 2424 θανάτου,
3200 2355 3375 2417 οὓτως
3483 2357 3511 2409 ὁ
3588 2357 3846 2430 Χριστὸς,

2184 2432 2359 2527 αἴτιος
2460 2439 2770 2514 ἀνθρώποις
2869 2441 3259 2515 ἀναστάσεως)
3330 2443 3501 2500 εἰπὼν
3575 2444 3692 2513 οὖν,
3771 2445 3849 2508 ὡς

2183 2529 2415 2604 εφημεν,
2493 2527 2577 2583 ὅτι
2649 2529 2822 2593 τύπος
2921 2533 2985 2600 ἦν
3060 2533 3088 2586 6
3166 2530 3345 2607 Ἀδὰμ
3416 2538 3514 2590 τοῦ
3585 2536 3847 2609 Χριστοῦ,

2185 2613 2372 2686 ἐπειδὴ
2455 2615 2678 2690 μέλλων
2756 2619 2887 2675 αὐτὸ
2962 2622 3405 2693 κατασιευαὶζειν,
3507 2624 3569 2679 ού
3675 2626 3843 2698 μόνον

2180 2706 2282 2773 τήν
2384 2706 2688 2779 ὁμοιότητα
2788 2710 3177 2780 κατασκευάζει
3269 2713 3358 2767 καὶ
3464 2713 3559 2770 τὸν
3646 2715 3842 2786 τύπον,

2182 2791 2330 2849 ἀλλᾶ
2358 2796 2448 2850 καὶ
2476 2796 2577 2864 τήν
2610 2796 2664 2851 ἐν
2706 2802 2785 2869 τῷ
2840 2798 2998 2873 τύπῳ
3053 2801 3145 2855 καὶ
3200 2801 3494 2875 ὁμοιότητι
3553 2803 3841 2882 ὑπερογὴν

2182 2884 2273 2937 καὶ
2352 2885 2684 2960 περισσείαν.
2742 2892 2933 2960 (Τοῦτο
2989 2889 3090 2963 γὰρ
3177 2888 3505 2946 ἐνδείκνυται
3576 2872 3667 2948 διᾶ
3728 2872 3831 2949 τοῦ

2176 2971 2383 3049 λέγειν,
2408 3000 2436 3027 ‹‹
2470 2974 2626 3032 Ἀλλ’
2657 2977 2767 3053 οὐχ
2796 2978 2871 3040 ὡς
2914 2979 2975 3033 τὸ
3026 2981 3399 3055 παράπτωμα·
3436 3007 3463 3034 ››
3497 2984 3589 3038 καὶ
3644 2982 3822 3055 πάλιν,

2183 3089 2210 3116 ι‹
2242 3063 2345 3119 Καὶ
2378 3065 2489 3140 οὐχ
2519 3066 2594 3127 ὡς
2627 3063 2698 3121 δι’
2739 3067 2852 3129 ἑνὸς
2886 3068 3384 3143 ἁμαρτήσαντος.)››
3417 3072 3570 3128 Ἐπεὶ
3593 3073 3679 3127 οὖν
3709 3073 3832 3128 σύν-

2188 3165 2339 3217 θετον
2371 3155 2519 3226 αὖτῷ
2547 3176 2666 3217 πως
2699 3155 2891 3232 γέγονε
2936 3157 2999 3211 τὸ
3051 3157 3414 3233 ἐπιχείρημα,
3468 3161 3846 3236 ἀνομοιότητα

2186 3263 2305 3304 πως
2336 3242 2386 3297 ἐν
2418 3244 2711 3316 ὁμοιότητι
2764 3242 3132 3317 διαπλέκοντι,
3191 3252 3279 3302 νῦν
3337 3246 3847 3322 ἐπαναλαμϐάνεται

2184 3331 2276 3403 μὲν
2305 3332 2367 3387 τὸ
2420 3332 2574 3402 αὐτὸ,
2634 3336 2883 3409 καθαρῶς
2944 3333 3002 3390 δὲ
3061 3337 3160 3404 τήν
3219 3337 3525 3410 ὁμοιότητα
3585 3337 3852 3406 δεέκνυσι,

2175 3423 2264 3476 καὶ
2290 3422 2387 3477 οὐκ
2430 3421 2740 3478 ἐπιπλέκων
2799 3425 2923 3479 ὀσον
2980 3425 3086 3481 ἀπὸ
3143 3429 3244 3491 τῆς
3300 3424 3502 3497 λέξεώς
3558 3449 3681 3483 τινα
3761 3431 3857 3486 ἆν-

2176 3511 2515 3584 ομοιὸτητος
2549 3514 2757 3589 μάχην.
2802 3514 2940 3570 Εἶτα
2970 3519 3154 3589 σαφῶς
3212 3520 3374 3572 τοῦτο
3437 3518 3521 3571 καὶ
3584 3525 3856 3593 καθαρῶς

2174 3598 2569 3674 ἐνδειξάμενος,
2605 3601 2685 3656 ὅτι
2715 3601 2895 3678 ὣσπερ
2930 3600 3001 3657 δι’
3029 3603 3153 3666 ἐνὸς
3184 3601 3524 3661 ἐϐασίλευσεν
3581 3606 3610 3661 6
3671 3609 3850 3664 θάνα-

2170 3689 2514 3762 τος,πολλῷ
2550 3688 2764 3764 μᾶλλον
2839 3690 2892 3746 ἐν
2970 3696 3085 3766 ζωῇ
3164 3693 3550 3769 βασιλεύσουσι
3583 3693 3652 3751 δι’
3715 3697 3841 3761 ἐνὸς

2171 3780 2431 3851 Χριστοῦ,
2475 3779 2687 3857 ἐπάγει,
2748 3782 2931 3857 ὥσπερ
2992 3785 3523 3858 συμπαραινὸμενος,
3582 3788 3669 3841 καὶ

2169 3869 2231 3923 τὸ
2289 3866 2368 3924 ἔτι
2428 3868 2749 3945 σαφέστερον
2805 3871 2894 3925 καὶ
2963 3872 3392 3948 συνεσταλμένον
3449 3874 3650 3950 ἀνάγων
3723 3876 3818 3929 τὸν

2172 3955 2357 4034 λόγον,
2431 3958 2520 4014 καί
2553 3979 2734 4031 φησιν·
2774 3984 2798 4013 α
2832 3961 2974 4037 ’Δρα
3012 3962 3103 4017 οὖν
3152 3964 3226 4024 ὡς
3325 3961 3395 4018 δι’
3471 3964 3581 4026 ἐνὸς
3647 3983 3815 4037 παραυ

2170 4047 2471 4120 πτώματος
2503 4049 2578 4110 εἷς
2601 4050 2807 4112 πάντας
2856 4051 3175 4125 ἀνθρώπους
3278 4052 3355 4118 εἷς
3430 4054 3749 4127 κατάκριμα,
3784 4076 3813 4103 ››

2172 4138 2261 4193 καὶ
2293 4138 2435 4211 ἑξῆς.
2468 4139 2606 4195 Εἶτα
2635 4138 2826 4210 ἐπειδή
2858 4140 2950 4195 καὶ
3007 4140 3062 4195 ἐν
3118 4146 3198 4213 τῷ
3254 4145 3459 4216 πρώτῳ
3532 4144 3621 4198 καὶ
3695 4163 3822 4197 συν-

2171 4227 2309 4300 θέτῳ
2341 4226 2758 4302 ἐπιχειρήματι,
2791 4228 2883 4283 καὶ
2919 4228 2971 4284 ἐν
3002 4232 3083 4301 τῷ
3132 4227 3375 4305 δευτέρῳ
3434 4233 3523 4287 καὶ
3585 4231 3834 4287 διακεκα-

2171 4315 2423 4389 οαρμένῳ
2453 4316 2541 4370 καὶ
2575 4316 3023 4392 ἐπαναληπτικῷ,
3057 4319 3147 4374 καὶ
3200 4318 3252 4375 ἐν
3307 4324 3389 4393 τῷ
3448 4321 3631 4396 ὥσπερ
3685 4343 3830 4394 συμ-

2168 4406 2476 4479 περάσματι
2551 4405 2906 4470 ἐπενεχθέντι,
2984 4410 3425 4484 παραπτώματος
3527 4411 3623 4484 μὲν
3726 4411 3831 4465 καὶ

2173 4494 2535 4569 χαρίσματος,
2565 4494 2655 4549 καὶ
2703 4496 3126 4570 κατακρίματος,
3185 4498 3273 4553 καὶ
3304 4497 3656 4570 δωρήματος,
3735 4514 3831 4567 καὶ

2170 4580 2564 4654 δικαιώματος,
2592 4583 2682 4639 καὶ
2737 4584 3000 4640 τοιούτων
3043 4586 3394 4659 μνημονεύει,
3451 4589 3568 4643 ὅθεν
3625 4585 3680 4642 δὲ
3718 4590 3825 4656 τήν

2171 4670 2356 4746 ἀρχήν
2390 4669 2613 4744 εἷ’ληφεν
2652 4673 2877 4747 ἑκατέρα
2924 4678 3032 4730 τῶν
3094 4674 3346 4730 ἐναντίων
3420 4678 3454 4745 ἡ
3532 4677 3831 4754 συστοιχία

2172 4759 2308 4834 αὕτη
2344 4759 2557 4819 οὐδέπω
2607 4763 3019 4836 ἐπεσημήνατο,
3074 4770 3165 4821 νῦν
3222 4766 3355 4821 αὐτὸ
3404 4771 3568 4821 τοῦτο
3628 4763 3831 4822 διασα-

2173 4856 2261 4930 ιρεῖ
2317 4851 2405 4906 καὶ
2464 4851 2860 4918 ἀποκαλύπτει,
2891 4853 2981 4908 καί
3039 4874 3225 4931 φησιν,
3254 4854 3337 4909 ὅτι
3384 4856 3453 4911 τὰ
3499 4856 3595 4927 μὲν
3629 4855 3687 4911 ἐκ
3712 4877 3829 4911 πα-

2173 4947 2376 5009 ρακοῆς
2434 4940 2626 5015 ἐρῥύη,
2673 4942 2742 4998 τὰ
2801 4938 2857 4997 δὲ
2916 4941 2967 5012 ἐξ
3028 4944 3273 5013 ὑπακοῆς
3333 4944 3581 5016 ἤνθησεν.
3659 4947 3832 5001 Ὠστε

2171 5031 2660 5099 κατασκευάζοντος
2687 5031 2780 5084 τὸι
2822 5029 2990 5086 τύπον
3047 5032 3137 5086 καὶ
3191 5034 3291 5100 τήν
3324 5035 3648 5107 ὁμοιότητα,
3702 5036 3830 5090 οἷον

2168 5121 2286 5174 τοῦ.
2317 5142 2345 5170 ‹‹
2384 5118 2445 5175 Εἰ
2470 5120 2575 5194 γαρ
2603 5123 2683 5191 τῷ
2709 5124 2806 5174 τοῦ
2839 5119 2956 5181 ἑνὸς
2984 5123 3389 5195 παραπτώματι
3446 5125 3474 5179 ὁ
3504 5124 3754 5195 θάνατος,
3789 5151 3827 5177 ››

2169 5209 2255 5264 καὶ
2290 5210 2433 5280 ἑξῆς.
2464 5210 2539 5268 Ού
2570 5208 2904 5288 ταυτολογΞῖ
2931 5211 3137 5277 τοίνυν,
3171 5214 3247 5274 ὡς
3276 5213 3337 5269 ἄν
3375 5236 3460 5279 τις
3490 5213 3729 5286 οἰηθείη,
3790 5217 3824 5270 ὁ

2170 5305 2313 5363 θεῖος
2339 5298 2676 5363 Ἀπόστολος
2707 5298 2757 5355 ἐν
2812 5300 3055 5368 τούτοις,
3114 5300 3259 5358 ἀλλὰ
3303 5308 3486 5380 σαφῶς
3549 5303 3667 5360 λίαν
3724 5305 3822 5359 καὶ

2170 5383 2626 5462 διηκριϐωμένως
2657 5387 3013 5461 ἀλληλουχεῖ
3069 5394 3156 5447 καὶ
3191 5392 3430 5449 ἐντάττει
3485 5398 3592 5449 τῶν
3650 5394 3823 5472 nasot-

2169 5477 2338 5534 λαίων
2392 5479 2492 5547 την
2526 5476 2744 5553 δύναμι.
2776 5481 2957 5537 Ἐστιν
2990 5481 3083 5536 οὖν
3112 5482 3173 5535 τὸ
3217 5481 3334 5556 μὲν,
3394 5505 3421 5535 ‹‹
3476 5480 3629 5540 Ἀλλδ
3707 5483 3823 5564 οὐχ

2169 5565 2246 5629 ὡς
2266 5566 2328 5621 τὸ
2358 5566 2729 5643 παράπτωμα,
2762 5591 2792 5620 ››
2823 5568 2912 5623 καὶ
2944 5569 3089 5641 ἑξῆς,
3117 5566 3223 5632 ἕως
3254 5574 3373 5639 τοῦ,
3403 5594 3433 5624 ι(
3459 5572 3558 5627 Ἐκ
3588 5569 3820 5627 πολλῶν

2168 5653 2626 5733 παραπτωμάτῶν
2666 5655 2742 5719 είς
2774 5654 3070 5731 δικαίωμα,
3104 5680 3133 5710 ››
3167 5656 3511 5735 ἐπιχείρημα
3570 5658 3685 5733 μὲν,
3739 5660 3821 5722 ὥς

3200 2355 3375 2417 οὓτως

3750 3788 3835 3850 sf;
