4126 6256
278 304 401 382 ιεσ

1433 286 1842 391 commN'r.
1888 324 1969 386 IN
2014 320 2260 385 EPIST.
2307 326 2409 386 AD
2456 325 2645 387 nou.

3610 298 3759 394 “426

290 454 538 542 ’έοημεη
604 456 912 519 δεικτικὸν
965 466 1062 519 τοῦ
1117 461 1290 519 τύπου
1345 460 1435 518 καὶ
1490 466 1590 532 τῆς
1639 456 1992 535 ὁμοιότητος,

2108 465 2480 534 gumentum.
2513 461 2672 534 quod
2710 461 2936 522 dictum
2982 466 3108 521 erat
3145 469 3422 538 repetens
3450 481 3517 522 ac
3547 483 3761 541 repur-

314 549 461 608 Ξιλλά
488 547 999 627 διαπεπλεγμένον
1062 574 1178 615 πως
1233 551 1324 606 καὶ
1376 552 1780 625 συντεθειμένον
1814 545 1886 603 δι’
1914 546 2002 602 ἀν-

325 642 686 718 ομοιότητος.
722 641 955 698 Ἐδεῖτο
985 642 1076 697 οῦν
1129 639 1418 719 σαφηνείας
1456 639 1547 695 καὶ
1579 636 2001 714 διακαθάρσεως,

333 732 427 790 καὶ
452 737 613 789 τοῖιτο
664 736 847 800 ποιεῖ,
911 733 977 787 τὸ
1035 732 1219 812 ἐφεξῆς
1276 730 1636 805 ἐπιχείρημα,
1684 725 2000 799 ἐπαναλαμ-

347 817 512 878 ϐάνον
566 822 628 878 et
680 819 1088 898 προειρημένον
1147 821 1232 876 καὶ
1296 818 1667 895 διάκαθαῖρον,
1709 817 1799 872 καὶ
1832 815 1908 878 εἷς
1938 816 2002 871 τὸ

355 912 517 993 σαφὲς
540 910 769 986 ἀπ
796 932 924 989 γον.
949 908 1106 968 Ἀλλ’
1128 906 1234 965 ἔδει
1256 908 1345 965 καὶ
1368 912 1529 964 τοῦτο
1558 901 1744 962 λαϐεῖν
1764 905 2000 979 ἀξίωμα,

316 990 448 1074 ,καί
507 1002 583 1073 μὴ
763 1001 1077 1062 ὑποθέσεως
1145 996 1519 1074 προτείνεσθαι
1605 996 1790 1070 μόνον.
1862 990 2000 1053 Οὐδὲ

342 1092 507 1145 τοῦτο
536 1092 772 1165 παρορᾷ,
831 1087 963 1144 ἀλλ’
1022 1087 1203 1163 ὥσπερ
1263 1084 1764 1162 συμπεραινόμενος
1808 1084 1895 1139 καὶ
1929 1086 1998 1157 τῇ

306 1185 435 1257 ’τοῦ
478 1179 648 1255 λόγου
704 1177 921 1257 θαῤῥῶν
980 1177 1231 1250 ἀληθείᾳ,
1293 1177 1427 1252 μετὰ
1487 1171 1832 1252 βεϐαιώσεως
1863 1173 1997 1229 ἀπο-

338 1268 603 1350 φαίνεται.
662 1269 865 1343 «Ἄρα
922 1266 1012 1324 οὗν
1069 1268 1142 1331 ὡς
1201 1263 1270 1322 δι’
1322 1267 1438 1329 ἑνὸς
1471 1267 1933 1339 παραπτώματος,
1968 1288 1991 1320 ι

320 1359 427 1421 ,καὶ
454 1358 602 1428 ἑξῆς.
646 1359 785 1414 Εἶτα
839 1356 954 1412 ἐπεὶ
1013 1358 1115 1413 οὐκ
1164 1356 1232 1427 ἧν
1291 1356 1460 1411 εἳπὼν
1492 1354 1545 1411 ἐν
1574 1353 1855 1417 τοσούτοις
1878 1350 1996 1408 ἐπι-

344 1449 682 1527 χειρήμασιν
708 1444 976 1519 οὐδαμοῦ,
1021 1447 1182 1513 πόθεν
1232 1443 1388 1521 ἔσχεν
1427 1446 1607 1521 ἀρχήν
1635 1445 1695 1499 τὸ
1722 1440 1997 1518 δικαίωμα

338 1537 421 1592 καὶ
479 1537 542 1592 τὸ
592 1535 930 1612 κατάκριμα,
990 1533 1116 1591 οὐδὲ
1169 1540 1338 1592 τοῦτο
1381 1538 1616 1610 παρορᾷ,
1648 1531 1794 1588 ἀλλὰ
1826 1552 1995 1609 προσ-

334 1629 533 1700 είθησι,
569 1628 771 1705 λέγων·
804 1653 834 1684 ‹‹
867 1632 1070 1705 ’Ὠσπερ
1102 1629 1207 1705 γὰρ
1240 1626 1329 1684 διὰ
1375 1634 1478 1697 τῆς
1506 1632 1812 1699 παρακοῆς,
1844 1648 1872 1676 ››
1904 1621 1995 1679 καὶ

333 1719 478 1788 ἑξῆς.
520 1740 544 1769 ι
573 1716 789 1790 Πολλῷ
823 1715 1039 1793 μᾶλλον
1071 1720 1106 1788 ἡ
1140 1717 1302 1793 χάρις
1330 1721 1427 1773 τοῦ
1459 1721 1591 1772 Θεοῦ
1629 1714 1716 1771 καὶ
1750 1716 1784 1785 ἡ
1818 1712 1994 1790 δωρεὰ

2114 566 2280 623 gaus,
2314 551 2704 625 deferensque
2728 553 2803 609 ad
2826 556 3110 626 majorem
3144 554 3359 611 lucem.
3385 557 3539 613 ατο
3571 558 3682 613 Sed
3707 564 3765 614 et

2113 639 2225 696 hoc
2256 642 2600 714 dignitatem
2627 661 2860 699 sumere
2889 646 3170 716 oportuit.
3196 652 3393 701 etnon
3430 652 3662 703 tantum
3697 664 3767 703 ex

2115 730 2431 803 hypothesi
2465 723 2805 805 procedere.
2830 735 3031 804 Neque
3053 735 3164 789 hoc
3189 736 3451 809 negligit,
3474 735 3578 791 sed
3599 737 3767 807 quasi

2115 821 2445 877 terminans
2472 828 2531 877 et
2559 822 2855 877 sermonis
2886 823 3116 879 veritati
3143 824 3473 888 confidens,
3496 841 3603 896 per
3626 842 3768 881 con-

2114 908 2513 967 firmationem
2547 911 2837 967 enuntiat.
2871 912 3125 984 «Itaque
3157 913 3310 969 sicut
3333 931 3439 986 per
3463 914 3641 970 unius
3662 914 3767 970 de-

2109 996 2338 1064 lictum,
2361 1022 2388 1050 »
2414 1000 2755 1058 etc.Deinde
2779 1001 2917 1073 quia
2940 1019 3233 1074 nusquam
3257 1004 3318 1057 in
3339 1002 3434 1059 his
3456 1019 3766 1076 argumen-

2111 1087 2185 1142 tis
2217 1088 2445 1145 dixerat
2493 1091 2649 1147 unde
2676 1091 3037 1164 principium
3084 1092 3371 1148 haberent
3410 1093 3760 1166 justiﬁcatio

2110 1182 2169 1231 et
2187 1178 2605 1235 condemnatio
2627 1198 2639 1235 :
2664 1197 2739 1236 ne
2762 1180 2876 1236 hoc
2897 1182 3137 1253 quidem
3159 1182 3424 1255 negligit,
3449 1180 3550 1238 sed
3573 1182 3759 1249 addit,

2107 1270 2339 1326 dicens:
2364 1292 2389 1321 ‹‹
2405 1271 2726 1327 sicutenim
2741 1289 2846 1344 per
2861 1271 3385 1341 inobedientiam,»
3402 1277 3513 1328 etc.
3534 1296 3555 1321 α
3578 1272 3757 1327 Multo

2106 1357 2293 1431 magis
2309 1359 2497 1432 gratia
2518 1361 2618 1416 Dei
2640 1367 2698 1415 et
2719 1360 2940 1417 donum
2972 1362 3034 1418 in
3065 1362 3410 1435 gratia,quaa
3440 1362 3552 1416 fuit
3579 1361 3758 1417 unius

2104 1448 2365 1504 hominis
2394 1451 2532 1506 Jesu
2563 1450 2798 1506 Christi.
2838 1474 2865 1501 ››
2898 1453 3021 1507 Non
3075 1453 3289 1519 solum,
3326 1453 3541 1524 inquit,
3573 1456 3761 1527 gratia

2109 1536 2530 1601 Patris,verum
2555 1537 2731 1594 etiam
2751 1539 3032 1595 Filii.Hoc
3057 1547 3256 1596 autem
3283 1540 3760 1597 confirmaturum

2110 1632 2200 1681 est
2220 1628 2520 1698 potentiae.
2550 1630 2692 1684 Nam
2716 1629 2920 1702 gratia,
2944 1629 3160 1702 inquit,
3185 1633 3375 1687 Patris
3396 1650 3463 1689 ac
3486 1634 3757 1689 Filii.Ubi

2107 1722 2306 1772 autem
2338 1718 2511 1773 Pater
2534 1734 2602 1774 ac
2628 1717 2833 1780 Filius.
2858 1719 3033 1791 plane
3066 1721 3449 1778 manifestum
3481 1728 3571 1779 est
3600 1722 3758 1795 quod

332 1807 383 1862 ἐν
430 1808 625 1884 χάριτι
677 1812 748 1882 τῇ
798 1811 897 1862 τοῦ
927 1808 1045 1871 ἑνὸς
1093 1807 1383 1881 ἀνθρώπου
1434 1806 1615 1878 Ἰησοῦ
1666 1805 1925 1879 Χριστοῦ.
1962 1827 1991 1857 η

2108 1812 2156 1861 et
2188 1806 2440 1877 Spiritus
2473 1814 2714 1863 sanctus
2746 1824 2953 1865 omnes
2986 1809 3209 1866 salvare
3241 1818 3455 1883 potest.

316 1897 410 1966 ,Οὐ
443 1896 639 1970 μόνον,
674 1897 859 1976 φησὶν,
894 1899 927 1967 ἡ
960 1897 1124 1973 χάρις
1156 1901 1253 1952 τοῦ
1306 1896 1540 1971 Πατρὸς,
1597 1892 1742 1949 ἀλλὰ
1800 1890 1867 1962 δὴ
1922 1891 2014 1948 καὶ
2072 1895 2107 1962 ἡ
2164 1896 2261 1948 τοῦ
2324 1895 2466 1951 Υἱοῦ.
2500 1897 2677 1952 Τοῦτο
2709 1892 2766 1951 δὲ
2805 1898 3292 1954 κατασκευαστικὸν
3324 1899 3436 1956 ἐστι
3465 1903 3561 1954 τοῦ
3593 1897 3757 1955 δυνα-

330 1985 430 2043 τοῦ
486 1986 600 2054 ὅτι,
630 1986 791 2067 φησὶ,
824 1988 992 2063 Χάρις
1018 1990 1117 2042 τοῦ
1152 1986 1362 2062 Ιιατρὸς
1392 1984 1482 2041 καὶ
1544 1984 1687 2041 ι’ἱοῦ.
1747 1983 1924 2041 Ὅπου
1981 1979 2039 2038 δὲ
2096 1984 2284 2060 Πατὴρ
2341 1982 2430 2039 καὶ
2488 1984 2633 2055 Υἱὸς,
2688 1982 2920 2058 εὔδηλον
2961 1986 3044 2042 ὅτι
3072 1987 3163 2043 καὶ
3195 1988 3257 2044 τὸ
3290 1993 3508 2065 Πνεῦμα
3538 1987 3758 2045 δύναται

336 2079 544 2140 πάντας
572 2080 768 2134 σῶσαι.

406 2167 513 2224 Καὶ
573 2165 690 2242 οὐχ
749 2165 824 2230 ὡς
886 2163 956 2221 δι’
993 2166 1112 2229 ἑνὸς
1170 2166 1584 2241 ἁμαρτήσαντος
1635 2164 1695 2219 τὸ
1736 2161 1992 2238 δώρημα.

332 2257 411 2315 Τὸ
471 2255 571 2330 μὲν
627 2255 733 2331 γὰρ
801 2260 979 2332 κρῖμα
1044 2255 1094 2326 ἐξ
1165 2255 1283 2318 ἑνὸς
1353 2254 1431 2318 εἷς
1486 2257 1817 2326 κατάκριμα,
1842 2252 1904 2305 τὸ
1935 2247 1993 2305 δὲ

333 2346 618 2426 χάρισμα,
675 2344 736 2400 ἐκ
809 2341 1039 2399 πολλῶν
1111 2345 1559 2418 καταπτωμάτων
1624 2341 1701 2404 είς
1767 2338 1993 2396 δικαίω-

335 2457 437 2509 μα.
504 2434 573 2492 Εἰ
625 2434 731 2511 γὰρ
788 2438 870 2508 τῷ
925 2439 1022 2489 τοῦ
1079 2434 1196 2496 ἑνὸς
1240 2438 1643 2508 παραπτώματι
1692 2431 1720 2486 ὁ
1769 2430 1992 2492 θάνατος

335 2519 658 2581 ἐϐασίλευσε
715 2521 806 2580 διὰ
865 2527 964 2579 τοῦ
1020 2523 1158 2587 ἑνός·
1239 2523 1439 2598 πολλῴ
1517 2520 1731 2597 μᾶλλον
1784 2519 1836 2575 οἱ
1896 2519 1996 2587 τήν

333 2617 644 2691 περισσείαν
729 2620 832 2684 τῆς
901 2613 1128 2690 ’χάριτος
1186 2613 1277 2671 καὶ
1332 2620 1433 2684 τῆς
1485 2610 1690 2687 δωρεᾶς
1750 2612 1850 2679 τῆς
1911 2607 1991 2664 δι-

334 2705 624 2775 καιοσύνης
731 2697 1105 2778 λαμϐάνοντες
1207 2702 1261 2758 ἐν
1366 2705 1502 2777 ζωῇ,
1610 2699 1992 2778 βασιλεύσουσι

344 2791 433 2849 διὰ
485 2798 586 2849 τοῦ
644 2791 768 2850 ἐνὸς
847 2793 1030 2854 Ἰησοῦ
1104 2794 1362 2868 Χριστοῦ.
1434 2791 1582 2867 ’Ἄρα
1637 2788 1728 2845 οὖν
1789 2788 1863 2852 ὡς
1919 2785 1989 2843 δι’

336 2884 457 2946 ἑνὸς
528 2883 984 2958 παραπτώματος
1059 2883 1135 2944 εἷς
1242 2884 1447 2944 πάντας
1522 2878 1841 2954 ἀνθρώπους
1917 2875 1994 2939 εἷς

328 2972 675 3047 κατάκριμα,
756 2970 901 3027 οὕτω
974 2971 1065 3027 καὶ
1139 2968 1209 3027 δι’
1283 2971 1401 3034 ἑνὸς
1469 2967 1841 3041 δικαιώματος
1916 2967 1994 3029 εἷς

326 3065 540 3125 πάντας
619 3061 947 3136 ἀνθρώπους
1019 3060 1097 3125 εἷς
1199 3058 1479 3117 δικαίωσιν
1554 3064 1717 3129 ζωῆς.
1793 3058 1995 3132 ¹Ὠσπερ

2175 2164 2240 2230 V,
2257 2167 2270 2216 Ι
2285 2165 2511 2219 6-i9.Et
2526 2181 2635 2221 non
2651 2168 2792 2221 sicut
2810 2184 2913 2237 per
2935 2185 3106 2224 unum
3125 2172 3225 2240 qui
3228 2171 3479 2240 peccavit
3496 2172 3574 2225 ita
3596 2177 3649 2226 et
3666 2171 3759 2226 do-

2103 2268 2254 2308 num.
2269 2253 2306 2307 J
2306 2252 2554 2309 udicium
2564 2255 2832 2325 siquidem
2846 2274 2914 2311 ea:
2926 2273 3036 2313 uno
3053 2258 3250 2313 delicto
3264 2260 3339 2313 ad
3353 2260 3758 2315 condemnatio-

2101 2344 2452 2409 nem,donum
2475 2350 2657 2398 autem
2676 2361 2744 2399 ea:
2764 2346 2948 2400 multis
2961 2347 3173 2401 delictis
3189 2347 3262 2401 ad
3268 2348 3752 2418 justiﬁcatz‘onem.

2101 2431 2240 2486 Nam
2259 2430 2309 2487 si
2328 2435 2492 2487 unius
2504 2431 2702 2488 delicto
2722 2441 3129 2504 morsregnavit
3141 2453 3242 2505 per
3254 2439 3623 2502 unum,multo
3643 2456 3757 2494 mae

2103 2521 2185 2590 gis
2206 2520 2250 2574 ii
2268 2522 2365 2591 qui
2384 2520 2801 2577 exuberantiam
2822 2527 3020 2592 gratiae
3051 2528 3101 2578 et
3130 2524 3334 2579 donum
3349 2526 3587 2596 justitiae
3608 2529 3753 2583 acci-

2095 2610 2265 2680 piunt
2288 2612 2342 2663 in
2362 2609 2815 2681 vita,regnabunt
2834 2628 2935 2683 per
2953 2629 3127 2668 unum
3145 2615 3325 2669 Jesum
3351 2615 3758 2672 Christum.lta-

2103 2715 2208 2769 que
2226 2701 2370 2755 sicut
2384 2716 2489 2769 per
2508 2702 2672 2756 unius
2693 2700 2955 2756 delictum
2976 2703 3037 2756 in
3058 2718 3238 2758 omnes
3262 2702 3507 2759 homines
3527 2706 3601 2759 ad
3618 2721 3751 2760 con-

2103 2788 2621 2851 demnationemjta
2645 2797 2699 2846 et
2716 2807 2817 2863 per
2836 2793 3000 2847 unius
3008 2792 3461 2862 jztstiﬁcationem
3480 2795 3539 2848 in
3569 2811 3753 2850 omnes

2105 2877 2351 2934 homines
2380 2881 2454 2934 ad
2463 2880 2920 2950 justiﬁcationem
2942 2882 3253 2938 vitze.Sicut
3278 2882 3422 2938 enim
3438 2900 3540 2954 per
3565 2885 3756 2940 inobe-

2104 2968 2369 3024 dientiam
2387 2971 2550 3024 unius
2563 2970 2798 3025 hominis
2806 2977 3121 3041 peccatores
3136 2974 3421 3026 constituti
3430 2979 3557 3027 sunt
3574 2974 3760 3043 multi,

2107 3059 2186 3112 ita
2204 3063 2254 3111 et
2262 3074 2368 3127 per
2388 3058 2759 3113 obedientiam
2780 3062 2962 3123 unius,
2977 3060 3121 3129 justi
3142 3061 3546 3115 constituentur
3565 3062 3748 3118 multi.

310 3152 449 3228 ,γὰρ
480 3149 573 3207 διὰ
598 3158 700 3222 τῆς
728 3158 1012 3229 παρακοῆς
1041 3155 1139 3208 τοῦ
1171 3151 1286 3215 ἑνὸς
1319 3151 1606 3224 ἀνθρώπου
1637 3143 1959 3224 ἁμαρτωλοὶ
1988 3143 2384 3216 κατεστάθησαν
2431 3144 2484 3199 οἱ
2531 3144 2758 3216 πολλοὶ,
2793 3144 2966 3210 οὕτως
2998 3148 3087 3203 καὶ
3119 3145 3207 3203 διὰ
3245 3155 3345 3218 τῆς
3385 3148 3631 3219 ὑπακοῆς
3663 3153 3760 3204 τοῦ

350 3239 500 3306 ἑνὸς,
532 3236 726 3296 δικαιοι
751 3242 1251 3312 κατασταθήσονται
1282 3240 1334 3296 οἱ
1364 3237 1592 3297 πολλοί.

434 3326 549 3383 Καὶ
580 3326 689 3402 οὐχ
731 3327 907 3407 ὥσπερ
957 3332 993 3401 ἡ
1044 3310 1299 3408 ἀμαρτία,
1357 3329 1514 3406 φησὶ,
1544 3333 1642 3385 τοῦ
1670 3310 1875 3401 ’Δδὰμ,
1906 3326 1996 3381 οὕ-

2175 3327 2245 3380 Et
2273 3342 2393 3381 non
2425 3325 2579 3382 sicut
2605 3333 2915 3399 peccatum
2946 3327 3153 3390 Adam.
3188 3329 3404 3402 inquit,
3437 3329 3519 3385 ita
3558 3329 3671 3386 fuit
3701 3336 3758 3387 et

350 3437 472 3479 τως
503 3415 597 3471 καῖ
645 3418 677 3487 ἡ
730 3416 895 3495 δωρεὰ
950 3424 1049 3478 τοῦ
1098 3425 1254 3492 Θεοῦ,
1301 3418 1430 3477 ἀλλ’
1487 3422 1522 3491 ἡ
1578 3415 1754 3495 δωρεά
1788 3416 1992 3492 μείζον.

324 3510 527 3576 .11ὧς;
575 3505 648 3563 Τὸ
676 3508 766 3578 μὲν
797 3509 902 3586 γὰρ
934 3515 1127 3584 κρῖμα,
1158 3507 1405 3565 τουτὲστι
1459 3509 1523 3565 τὸ
1572 3506 1904 3582 κατάκριμα,
1937 3504 1998 3559 ἐκ

349 3598 446 3649 τοῦ
473 3595 788 3672 ἒνόςἊδάμ
839 3598 920 3661 είς
976 3604 1181 3661 πάντας
1237 3598 1405 3668 ἦλθεν
1461 3598 1800 3674 ἀνθρώπους.
1833 3593 1908 3653 Τὰ
1939 3591 1997 3648 δὲ

347 3685 592 3761 χάρισμα
614 3687 771 3758 καὶὴ
808 3685 984 3762 δωρεὰ
1040 3693 1136 3744 τοῦ
1192 3693 1326 3746 Θεοῦ
1384 3693 1642 3745 τοσοῦτον
1698 3684 1999 3760 ὑπερίσγυ-

346 3794 451 3843 σεν,
510 3772 654 3832 ὥστε
712 3776 803 3831 καὶ
863 3776 1032 3847 αὐτὴν
1091 3778 1192 3847 τὴν
1244 3782 1341 3834 τοῦ
1395 3776 1573 3850 Ἀδὰμ
1627 3776 1889 3853 ἁμαρτίαν
1923 3775 2000 3846 ἐξ·

337 3864 585 3942 αλεῖψαι,
644 3867 738 3922 καὶ
801 3866 867 3923 οὐ
931 3867 1093 3941 μόνον
1156 3866 1383 3939 ἐκείνην,
1423 3865 1568 3921 ἀλλὰ
1617 3865 1799 3922 καὶτὰ
1830 3865 1998 3922 λοιπὰ

326 3955 717 4030 ἆμαρτήματα
772 3959 884 4012 τῶν
945 3957 1270 4033 ἀνθρώπων,
1325 3954 1462 4031 ἅπερ
1522 3955 1659 4031 μετὰ
1693 3956 1793 4024 τὴν
1822 3954 2001 4030 ἀμαρ-

323 4046 442 4100 τίαν
503 4042 727 4114 ἐκείνην
775 4041 1050 4121 ἥμαρτον.
1119 4046 1218 4101 Καὶ
1275 4045 1338 4101 οὐ
1386 4047 1547 4100 τοῦτο
1609 4043 1796 4118 μόνον,
1857 4042 2000 4099 ἀλλὰ

324 4134 416 4189 καὶ
473 4132 553 4195 εἷς
616 4130 918 4207 δικαίωμα,
976 4132 1253 4191 τουτέστιν
1312 4133 1390 4197 εἰς
1449 4131 1800 4204 δικαιοσύνην
1831 4133 2002 4188 ἃπαν·

294 4241 425 4285 ,τας
451 4220 652 4297 ἤγαγε.
713 4221 870 4279 Πολὺ
924 4219 983 4278 δὲ
1040 4223 1103 4279 τὸ
1164 4224 1328 4298 μέσον
1386 4222 1692 4298 ἀμνηστίας
1723 4222 2002 4297 ἁμαρτιῶν

326 4314 420 4368 καὶ
469 4309 848 4385 δικαιοσῦνης.
909 4313 975 4372 Ἢ
1036 4311 1095 4370 δὲ
1150 4315 1423 4385 σύνταξις·
1485 4313 1592 4370 Καὶ
1645 4311 1754 4388 οὐχ
1808 4311 2003 4394 οὕτως9

330 4401 492 4481 φησὶ,
523 4402 589 4456 τὸ
620 4397 887 4477 δώρημα,
943 4402 1016 4465 ὡς
1076 4404 1112 4473 ἡ
1174 4401 1262 4459 διὰ
1315 4407 1416 4460 τοῦ
1445 4403 1564 4466 ἑνὸς
1591 4403 2004 4477 ἁμαρτήσαντος

346 4486 657 4565 παράϐασις
687 4489 779 4546 καὶ
829 4491 1088 4567 ἁμαρτία,
1138 4490 1269 4549 ἀλλ’
1312 4495 1347 4564 ἡ
1391 4489 1588 4564 δωρεὰ,
1620 4490 1775 4570 φησὶ,
1805 4489 2005 4563 πολΛῷ

2104 3411 2325 3468 donum
2349 3413 2484 3469 Dei:
2520 3414 2624 3469 sed
2650 3416 2842 3486 majus
2866 3416 2979 3472 fuit
3008 3417 3251 3474 donum.
3281 3419 3587 3484 Quomodo
3610 3420 3636 3475 ?
3656 3421 3754 3475 Et-

2102 3502 2262 3558 enim
2286 3502 2604 3574 judicium,
2629 3505 2739 3561 hoc
2766 3512 2852 3562 est
2877 3507 3297 3564 condemnatio
3320 3526 3391 3564 ex
3415 3527 3533 3565 uno
3567 3510 3753 3566 Adam

2101 3591 2175 3648 ad
2204 3609 2414 3650 omnes
2438 3595 2705 3665 pervenit
2729 3596 3033 3652 homines:
3065 3598 3254 3670 gratia
3278 3616 3413 3654 vero
3444 3605 3504 3654 et
3532 3598 3754 3654 donum

2100 3690 2264 3741 tanto
2290 3684 2544 3757 majores
2567 3686 2773 3741 habuit
2789 3687 2961 3753 vires,
2986 3696 3052 3742 ut
3070 3688 3269 3761 ipsum
3291 3706 3524 3761 quoque
3545 3706 3754 3761 pecca~

2102 3780 2229 3831 tum
2261 3774 2444 3829 Adam
2466 3782 2857 3849 expurgaret:
2891 3793 3000 3831 nec
3023 3777 3170 3832 illud
3203 3777 3419 3845 solum,
3444 3777 3548 3832 sed
3580 3784 3640 3831 et
3669 3793 3754 3831 re-

2102 3865 2267 3935 liqua
2297 3862 2600 3918 hominum
2632 3870 2892 3936 peccata.
2936 3866 3152 3937 quibus
3184 3872 3317 3938 post
3355 3866 3504 3921 illud
3535 3883 3752 3938 pecca-

2106 3958 2230 4008 tum
2256 3952 2652 4023 deliquerant.
2674 3955 2873 4024 Neque
2898 3955 2957 4008 id
2984 3961 3235 4021 tantum,
3257 3972 3457 4010 verum
3483 3955 3661 4010 etiam
3680 3955 3754 4012 ad

2097 4040 2613 4114 justiﬁcationem,
2650 4040 2709 4095 id
2757 4047 2866 4109 est,
2903 4043 3199 4113 justitiam
3232 4060 3440 4099 omnes
3470 4044 3752 4101 adduxit:

2105 4131 2362 4187 multum
2376 4136 2575 4186 autem
2589 4130 3009 4186 interestinter
3020 4131 3378 4189 oblivionem
3393 4140 3760 4205 peccatorum

2107 4219 2499 4292 etjustitiam.
2528 4220 2761 4275 Litterae
2793 4237 2927 4277 vero
2950 4219 3247 4278 ordinatio
3280 4228 3387 4277 est.
3421 4224 3491 4277 Et
3519 4239 3640 4278 non
3674 4222 3758 4279 ita

2107 4315 2197 4365 est
2216 4308 2439 4365 donum
2461 4309 2615 4365 sicut
2635 4310 3024 4383 transgressio
3049 4316 3105 4365 et
3126 4317 3430 4383 peccatum
3454 4328 3559 4384 per
3577 4328 3763 4368 unum

2108 4399 2210 4471 qui
2244 4399 2389 4455 271
2426 4400 2706 4472 peccavit,
2749 4399 2852 4456 sed
2885 4400 3127 4465 donum,
3162 4400 3375 4472 inquit,
3409 4400 3597 4457 multo
3629 4416 3759 4457 ma-

2100 4490 2223 4562 jus.
2257 4511 2285 4540 (ι
2318 4490 2463 4544 Nam
2496 4488 2545 4543 si
2576 4488 2754 4545 unius
2788 4489 3003 4546 delicto
3036 4507 3195 4545 mors
3227 4491 3512 4562 regnavit.
3546 4513 3574 4541 »
3609 4492 3758 4546 Rur-

336 4581 413 4653 μᾶ
435 4576 595 4635 λλον.
630 4602 661 4632 (ί
695 4578 758 4636 Εἰ
800 4579 902 4656 γὰρ
954 4584 1033 4654 τῷ
1076 4578 1174 4636 τοῦ
1204 4581 1322 4645 ἑνὸς
1350 4580 1754 4657 παραπτώματι
1787 4581 1815 4635 ὁ
1845 4581 1996 4635 θάνα-

2110 4594 2242 4637 sum
2274 4577 2429 4633 idem
2455 4579 2790 4647 conﬁrmat,
2812 4584 2870 4635 et
2891 4579 3000 4635 ait:
3026 4579 3082 4633 Si
3105 4579 3264 4636 enim
3296 4585 3536 4652 peccato
3569 4580 3758 4636 Adam

331 4685 425 4730 τος
455 4661 810 4724 ἐϐασίλευσε.
846 4693 875 4721 ι)
924 4668 1099 4726 Πάλιν
1160 4669 1222 4725 τὸ
1281 4668 1410 4725 αὐτὸ
1465 4668 1869 4741 κατασκευάζει,
1913 4673 1996 4728 καὶ

2113 4684 2275 4724 mors
2303 4668 2568 4742 regnavit
2596 4685 2702 4741 per
2729 4685 2913 4725 unum
2946 4668 3143 4741 ipsum
3169 4686 3182 4723 :
3214 4669 3400 4725 multo
3434 4668 3622 4744 magis
3648 4686 3759 4726 nos

332 4775 520 4835 φησιν’
590 4757 656 4814 Εἴ
723 4756 836 4837 γὰρ
902 4762 983 4831 τῷ
1046 4759 1453 4836 παραπτώματι
1518 4756 1614 4813 τοῦ
1683 4753 1862 4829 Ἀδὰμ
1916 4753 2004 4812 διὸ

333 4844 429 4898 τὸν
465 4841 555 4900 ἕνα
585 4846 750 4901 αὐτὸν
802 4846 831 4903 ὁ
883 4848 1116 4910 θάνατος
1162 4842 1495 4919 ἐϐασίλευσε,
1549 4845 1749 4920 πολλῷ
1783 4844 1996 4919 μᾶλλον

338 4934 509 5005 ἡμεῖς
534 4937 584 4990 οἱ
611 4938 717 5008 τήν
739 4937 901 5013 χάριν
933 4933 1196 5002 λαϐόντες
1242 4938 1333 4994 καὶ
1384 4939 1486 5008 τήν
1536 4935 1740 5016 δωρεὰν
1777 4938 1869 4993 καὶ
1897 4938 2000 5008 τὴν

337 5019 721 5099 δικαιοσύνην,
754 5027 866 5103 οὐχ
913 5028 1346 5104 ὗπαχθησόμεθα
1391 5027 1627 5102 θανάτῳ,
1657 5026 1804 5085 ἀλλά
1836 5029 1997 5099 ζήσο-

308 5128 457 5189 ,μει
496 5138 525 5167 α
567 5114 776 5188 Πολλῷ
827 5115 1046 5192 μᾶλλον
1104 5118 1158 5173 οἱ
1211 5119 1314 5188 τήν
1362 5119 1669 5194 περισσείαν
1697 5124 1797 5187 τῆς
1830 5117 1997 5196 χάρι-

330 5223 449 5266 τος.
499 5229 521 5255 ι
556 5204 870 5280 Ιιερισσείαν
928 5206 1062 5285 φησὶ
1113 5208 1213 5276 τήν
1268 5203 1566 5281 δαψίλειαν.
1612 5209 1783 5264 Τοῦτο
1815 5204 1872 5262 δὲ
1897 5227 1999 5262 κα-

2117 4764 2358 4831 accepta
2379 4757 2867 4831 gratia,donoque
2891 4775 2959 4815 ac
2971 4759 3210 4831 justitia
3231 4777 3352 4816 non
3370 4760 3760 4833 subjiciemur

2108 4849 2307 4917 morti,
2341 4848 2442 4905 sed
2472 4848 2753 4905 vivemus.
2789 4870 2818 4899 «
2852 4849 3030 4905 Multo
3063 4850 3252 4924 magis
3302 4851 3343 4906 ii
3402 4853 3504 4923 qui
3536 4851 3760 4912 exube-

2108 4938 2363 4994 rantiam
2385 4937 2607 5011 gratiae.
2625 4960 2654 4987 »
2673 4937 3132 4994 Exuberantiam
3150 4938 3295 4995 dicit
3311 4939 3756 4996 abundantiam.

2107 5027 2169 5084 1d
2201 5034 2400 5085 autem
2429 5026 2905 5083 conﬁrmativum
2937 5029 3100 5085 illius
3122 5035 3214 5085 est
3235 5030 3393 5102 quod
3415 5030 3657 5086 omnino
3686 5029 3747 5083 in

2107 5120 2224 5173 vita
2252 5116 2602 5188 regnabunt,
2624 5134 2759 5173 cum
2782 5118 2961 5173 etiam
2991 5120 3180 5192 gratia
3209 5136 3328 5175 non
3361 5135 3535 5191 parce
3558 5135 3753 5190 neque

2107 5206 2181 5263 ad
2213 5220 2553 5261 mensuram
2585 5204 2725 5262 data
2755 5208 2847 5265 sit.
2883 5208 2985 5263 sed
3018 5208 3431 5264 exuberanter.

339 5293 764 5350 τασκευαστικόν
792 5294 904 5350 ἐστι
931 5299 1028 5352 τοῦ
1053 5298 1268 5359 πάντως
1297 5295 1351 5351 ἐν
1386 5298 1500 5370 ζωῇ
1531 5293 1878 5373 βασιλεῦσαι,
1908 5296 2020 5370 ὅσῳ
2063 5294 2155 5351 καὶ
2201 5294 2237 5363 ἡ
2289 5291 2451 5379 χάρις
2500 5292 2562 5348 οὗ
2612 5291 2898 5374 ιρειδωλῶς
2929 5291 3056 5351 οὐδὲ
3103 5295 3532 5370 μεμετρημένως
3564 5290 3752 5366 ἐδόθη,

331 5379 466 5437 ἀλλ’
495 5381 556 5437 ὲκ
578 5386 916 5458 περισσείας.

400 5470 508 5530 Καὶ
540 5470 753 5537 ἄλλως.
791 5472 868 5532 Οὐ
901 5472 1067 5547 μόνον
1120 5470 1211 5530 τίνα
1270 5474 1520 5549 ζήσωμεν
1564 5472 1725 5545 ἰδόθη
1757 5475 1794 5546 ἡ
1825 5474 1988 5552 χάρις

306 5564 426 5629 ,τοῦ
484 5566 645 5635 θεοῦ,
700 5565 794 5622 καὶ
850 5565 887 5637 ἡ
943 5564 1183 5644 ἁμαρτία
1240 5564 1496 5644 ἀνῃρέθη,
1550 5565 1643 5624 καὶ
1684 5566 1722 5639 ἡ
1759 5565 1986 5631 κόλασις

323 5653 687 5729 συνανῃριθη,
745 5650 877 5711 ἀλλ’
922 5655 1018 5712 ’ἱνα
1071 5651 1165 5710 καὶ
1214 5651 1325 5709 υἱοὶ
1378 5656 1511 5711 Θιοῦ
1557 5652 1862 5734 γενώμεθα,
1893 5652 1983 5712 καὶ

654 5786 892 5849 Parnm
909 5832 925 5849 .
968 5786 1085 5849 Gn.
1132 5787 1387 5852 CXVIII.

2169 5474 2301 5531 Alio
2356 5488 2573 5544 quoque
2619 5474 2798 5530 modo.
2845 5476 2970 5530 Non
3003 5473 3196 5531 solum
3228 5480 3294 5530 ut
3320 5474 3585 5532 vivamus
3615 5476 3754 5543 data

2095 5570 2186 5623 est
2214 5564 2403 5638 gratia
2434 5562 2557 5631 Dei,
2587 5571 3019 5638 peccatumque
3050 5571 3446 5640 peremptum,
3480 5566 3661 5623 simul
3694 5571 3753 5623 et

2096 5651 2456 5729 supplicium
2508 5651 2845 5713 sublatum:
2903 5671 3107 5711 verum
3165 5655 3344 5713 etiam
3389 5660 3455 5711 ut
3503 5654 3613 5737 ﬁlii
3643 5654 3751 5713 Dei

3428 5787 3500 5845 Η
