4126 6256
420 342 423 345 μ
442 295 563 358 427

1538 291 1952 354 CECUMENII
1995 289 2303 353 TRICCE
2344 292 2703 359 EPISCOPI

3721 297 3854 361 ΒΟ

441 413 774 490 efficiamur
802 433 861 486 et
900 428 1116 484 Christi
1165 426 1525 495 coheredes,
1553 428 1864 499 Patrisque
1891 427 2080 483 haere-

2197 424 2611 516 συγληρονόμοι
2669 432 2927 503 Χριστοῦ,
2992 428 3082 486 καὶ
3167 427 3516 506 κληρονόμοι
3612 430 3852 505 Πατρὸς,

439 522 566 589 des,
598 539 664 577 ac
690 519 961 592 ejusdem
997 535 1134 574 cum
1164 517 1313 575 Filio
1345 518 1879 590 corporis,aliaque
1913 519 2092 572 innu-

436 627 602 667 mera
631 609 791 666 bona
820 624 1278 680 consequamur.
1315 608 1634 679 Propterea
1681 607 1865 663 dicit:
1924 630 1950 657 «
1984 605 2088 672 Qui

435 698 885 757 exuberantiam
897 696 1100 772 gratim
1115 698 1234 754 acci
1243 697 1436 770 piunt.
1448 723 1469 749 ι
1480 727 1548 738 -
1561 718 1580 747 ι
1600 698 1803 769 ltaque
1818 696 1974 752 sicut
1988 710 2094 767 per

436 790 616 847 unius
638 787 943 845 delictum.
970 810 999 839 ››
1022 786 1247 843 Rursus
1269 786 1479 843 eodem
1506 786 1770 844 decertat
1792 800 2088 842 sermone.

437 878 585 945 Quia
610 877 771 933 enim
828 874 1245 931 admirandum
1299 873 1628 943 videbatur,
1678 890 1892 946 nempe
1931 870 2091 945 quod

437 969 553 1023 vita
606 972 665 1022 et
720 964 876 1021 dono
935 981 1004 1020 ac
1056 963 1209 1019 bono
1267 980 1444 1035 opere
1502 964 1679 1020 unius
1707 964 1844 1019 Jesu
1874 961 2089 1018 Christi

440 1074 619 1114 omne
650 1072 836 1127 genus
865 1053 1177 1110 hominum
1202 1054 1544 1120 salvaretur,
1566 1052 1785 1109 idcirco
1811 1053 2088 1124 frequen-

442 1154 532 1203 ter
559 1146 718 1203 idem
748 1144 979 1201 astruit.
1002 1165 1031 1195 α
1055 1143 1217 1199 Sicut
1238 1144 1397 1199 enim
1431 1160 1534 1215 per
1563 1143 2089 1198 inobedientiam.»

442 1239 560 1293 Hoc
590 1237 783 1308 ipsum
815 1234 1010 1290 denuo
1042 1234 1255 1306 repetit
1280 1240 1713 1307 argumentum.
1744 1255 1772 1283 «
1814 1234 2092 1289 Peccato—

439 1344 536 1382 res
566 1323 870 1382 constituti
898 1330 1037 1379 sunt
1067 1324 1259 1378 multi.
1294 1344 1322 1373 »
1375 1323 1495 1379 Hoc
1526 1330 1615 1378 est
1646 1325 1820 1379 morti
1852 1321 2088 1394 suppli-

439 1419 648 1490 cioque
678 1416 920 1472 obnoxii
951 1432 962 1471 :
996 1431 1064 1470 eo
1089 1413 1247 1486 quod
1274 1414 1427 1470 serie
1452 1430 1519 1469 ac
1546 1413 1756 1470 ordine
1789 1415 1849 1469 in
1881 1429 2089 1469 omnes

438 1508 539 1579 qui
572 1508 700 1579 ejus
733 1510 935 1562 essent
962 1504 1198 1578 generis
1230 1508 1495 1559 transeat
1532 1510 1839 1575 peccatum
1869 1519 2087 1576 proge-

437 1596 687 1653 nitoris:
717 1611 853 1651 cum
883 1610 1091 1649 omnes
1118 1593 1450 1648 imitatione
1482 1593 1739 1665 quadarn
1764 1608 1830 1648 ac
1853 1608 2090 1648 succes-

438 1686 604 1741 sione
636 1684 795 1740 idem
826 1688 1259 1756 perpetrarent.
1291 1704 1318 1733 ‹‹
1351 1684 1438 1738 Ita
1468 1688 1525 1737 et
1553 1698 1659 1754 per
1686 1680 2087 1737 obedientiam

436 1775 700 1831 unius.»
752 1774 911 1829 Patri
958 1771 1253 1843 siquidem
1306 1771 1419 1826 fuit
1470 1769 1755 1826 obediens
1785 1785 1975 1842 usque
2014 1767 2085 1824 ad

437 1869 712 1929 mortem,
744 1868 998 1917 mortem
1029 1867 1228 1916 autem
1262 1861 1477 1916 crucis.

512 1953 574 2019 V,
607 1954 696 2019 20,
723 1954 810 2005 2t.
847 1973 874 2000 ‹‹
908 1950 1022 2006 Lex
1061 1956 1260 2005 autem
1308 1949 1502 2004 obiter
1540 1949 1783 2005 intravit
1806 1955 1874 2005 ut
1900 1949 2089 2004 abun-

436 2064 464 2092 ‹‹
500 2042 668 2098 daret
695 2040 1001 2096 delictum.
1031 2040 1138 2096 Ubi
1167 2046 1365 2096 autem
1394 2039 1734 2096 exuberavit
1755 2046 2086 2112 peccatum,

436 2155 463 2183 (ς
498 2132 579 2188 ibi
608 2132 795 2205 magis
843 2131 1183 2187 exuberavit
1231 2132 1438 2204 gratia.
1474 2131 1547 2187 Ut
1587 2130 2088 2203 quemadmodum

435 2244 462 2271 «
495 2220 760 2294 regnavit
789 2226 1096 2293 peccatum
1128 2236 1233 2292 per
1271 2226 1546 2287 mortem,
1580 2221 1662 2275 ita
1693 2226 1751 2276 et
1776 2221 1964 2289 gratia
1993 2234 2090 2274 re-

434 2335 461 2361 ι(
493 2317 702 2384 gnaret
721 2310 1135 2382 perjustitiam
1160 2309 1234 2365 ad
1255 2311 1434 2365 vitam
1452 2315 1735 2365 aeternam
1757 2326 1864 2381 per
1888 2309 2088 2364 Iesum

401 2470 408 2477 γ
433 2422 460 2450 ‹‹
493 2399 791 2456 Christum
819 2401 1136 2455 Dominum
1170 2405 1461 2455 nostrum.
1485 2423 1514 2450 »

504 2512 532 2541 «
568 2489 680 2545 Lex
711 2495 908 2545 autem
940 2489 1134 2544 obiter
1165 2489 1424 2544 intravit.
1459 2511 1487 2539 »
1540 2489 1604 2543 Id
1637 2488 1780 2544 dicit
1809 2487 1968 2560 quod
2000 2487 2089 2543 fa-

400 2648 405 2655 λ
434 2584 595 2635 ctum
626 2584 716 2634 est
740 2595 752 2632 :
787 2595 897 2634 nec
920 2585 1119 2634 tamen
1144 2577 1335 2650 legem
1358 2579 1441 2633 ait
1462 2593 1702 2632 causam
1733 2577 1917 2632 fuisse
1950 2592 2085 2648 pec-

435 2667 549 2722 cati
580 2684 592 2720 :
627 2682 693 2721 ac
726 2667 774 2721 si
805 2666 1065 2722 diceret:
1102 2666 1214 2721 Lex
1264 2672 1464 2721 autem
1513 2665 1705 2720 obiter
1738 2665 1996 2731 intravit,
2030 2667 2089 2718 et

435 2754 756 2811 abundavit
784 2754 1087 2810 delictum.
1114 2755 1259 2809 Nam
1291 2755 1401 2808 hoc
1419 2754 1483 2808 in
1510 2753 1790 2825 operibus
1812 2753 2089 2824 apparuit

435 2852 490 2899 et
505 2842 1053 2899 actionibus.Simul
1067 2843 1245 2897 etiam
1262 2860 1367 2914 per
1384 2843 1628 2897 modum
1648 2841 1999 2914 objurgandi
2013 2840 2088 2896 ad

431 2932 666 2989 Judasos
692 2933 913 2988 dictum
946 2938 1054 2999 est,
1087 2931 1161 2988 ad
1192 2932 1327 2987 illos
1354 2932 1516 2987 enim
1548 2948 1740 2986 sermo
1771 2931 2084 3004 dirigitur:

433 3028 493 3078 et
521 3022 610 3077 illi
640 3020 711 3077 de
742 3021 869 3095 lege
900 3020 1218 3076 immodice
1249 3020 1669 3076 efferebantur.
1696 3019 1847 3076 272
1872 3019 2086 3090 Objur-

428 3110 622 3183 gando
654 3126 790 3183 ergo
822 3110 1070 3166 obscure
1117 3110 1344 3165 iudicat
1391 3108 1549 3181 quod
1598 3109 1818 3164 frustra
1848 3108 1919 3163 de
1952 3109 2081 3181 lege

427 3200 575 3256 adeo
609 3200 1072 3255 extollerentur:
1106 3198 1272 3265 Quod
1322 3199 1482 3254 enim
1512 3197 1586 3254 ad
1618 3205 1828 3266 vestra,
1863 3198 2076 3269 inquit,

427 3295 655 3359 spectat
684 3306 883 3360 opera,
916 3289 1009 3345 lex
1041 3288 1231 3343 obiter
1261 3288 1500 3344 intravit
1531 3294 1596 3343 ut
1624 3287 1956 3343 abundaret
1985 3287 2081 3342 de-

424 3375 655 3432 lictum.
692 3376 810 3431 Hoc
840 3382 1037 3432 autem
1070 3394 1231 3432 nunc
1277 3377 1447 3442 dixit,
1479 3376 1619 3448 quia
1667 3376 2077 3432 calamitatum

426 3466 803 3534 meminerat,
836 3482 965 3537 quae
1027 3482 1097 3520 ex
1149 3466 1334 3521 Adam
1395 3471 1809 3537 provenerant,
1861 3465 2077 3520 horum

425 3553 843 3610 liberationem
872 3552 1065 3611 solum
1099 3553 1329 3608 dixerat
1376 3569 1503 3608 esse
1549 3553 1909 3608 Salvatorem
1935 3554 2080 3607 eﬂ‘e-

428 3647 611 3698 ctum.
645 3644 725 3698 Ne
759 3659 895 3715 ergo
938 3642 1177 3697 dicant:
1237 3641 1388 3708 Quid
1420 3641 1644 3715 igitur?
1675 3640 1828 3695 nihil
1860 3641 2080 3713 profuit

428 3732 523 3788 lex
544 3733 618 3788 ad
640 3732 853 3788 horum
875 3731 1289 3787 liberationem
1315 3732 1333 3785 ?
1359 3732 1469 3785 hoc
1496 3731 1695 3803 itaque
1721 3730 1891 3802 ponit
1918 3729 2077 3802 quod

324 3850 333 3856 -
430 3823 557 3878 Non
579 3821 774 3878 solum
796 3822 948 3877 nihil
972 3821 1134 3878 vobis
1155 3821 1426 3888 contulit,
1443 3821 1545 3878 sed
1569 3827 1856 3893 quantum
1879 3820 1953 3876 ad
1976 3838 2075 3876 vos

423 3912 654 3980 attinet,
714 3910 862 3967 illud
924 3928 1159 3983 quoque
1217 3910 1503 3967 delictum
1562 3910 1867 3966 abundare
1915 3910 2072 3966 fecit.

421 3999 601 4054 Porro
630 3998 787 4071 quod
830 3999 950 4055 ait:
1008 4021 1035 4051 ι(
1069 3999 1270 4056 Obiter
1326 4000 1586 4067 intravit,
1621 4022 1650 4050 »
1684 3999 2073 4071 temporalem

419 4087 719 4160 significat
767 4089 893 4160 ejus
952 4088 1347 4145 durationem.
1384 4110 1411 4139 ‹‹
1447 4089 1519 4144 Ut
1565 4086 1898 4145 abundaret
1926 4088 2072 4144 deli-

416 4181 661 4231 ctum.»
722 4177 885 4250 Legis
944 4177 1195 4250 gloriam
1266 4177 1516 4233 evertit:
1578 4194 1714 4232 nam
1792 4176 2073 4232 adversus

412 4265 645 4322 Iudaeos
676 4266 765 4322 illi
797 4271 1102 4322 certamen
1132 4270 1277 4333 erat,
1301 4272 1358 4321 et
1379 4266 1560 4322 dicit:
1591 4268 1714 4321 Non
1749 4266 1942 4322 solum
1973 4282 2072 4322 vos

413 4355 743 4428 nihiljuvit
791 4355 906 4420 lex,
966 4372 1169 4411 verum
1230 4356 1408 4411 etiam
1468 4372 1535 4411 ex
1598 4357 2070 4428 transgressione

415 4445 579 4501 auxit
607 4451 870 4518 peccata.
904 4446 1256 4518 Conjunctio
1283 4440 1397 4511 ἵνα,
1421 4444 1481 4499 id
1510 4450 1619 4513 est,
1643 4452 1724 4509 ut,
1748 4459 1868 4500 non
1900 4444 2074 4517 poni-

416 4540 513 4591 tur
542 4536 881 4606 causaliter,
916 4536 1019 4592 sed
1077 4551 1193 4607 quo
1250 4540 1422 4608 pacto
1474 4534 1794 4607 contigerit
1823 4534 2075 4590 manife-

416 4628 569 4692 stat;
593 4641 787 4697 neque
811 4626 973 4680 enim
998 4630 1311 4697 propterea
1330 4623 1468 4679 data
1490 4629 1580 4679 est
1601 4624 1693 4679 lex
1717 4629 1782 4678 ut
1802 4622 2066 4680 abunda-

416 4717 505 4766 ret
535 4719 841 4783 peccatum
870 4730 882 4768 :
906 4714 1062 4769 absit
1085 4714 1096 4769 ι
1123 4715 1245 4769 lmo
1268 4719 1334 4768 ut
1355 4713 1608 4768 salvaret
1630 4719 1687 4767 et
1706 4713 2067 4780 instrueret;

415 4806 615 4855 tamen
646 4818 768 4856 non
797 4802 1103 4858 observata
1123 4803 1287 4859 auxit
1310 4808 1616 4874 peccatum
1644 4819 1656 4858 :
1692 4817 1813 4857 non
1840 4818 1910 4856 ex
1934 4818 2072 4873 pro-

414 4890 544 4963 pria
597 4896 828 4959 natura,
884 4891 987 4946 sed
1045 4898 1287 4965 propter
1324 4893 1565 4947 illorum
1626 4891 1940 4965 segnitiem
2001 4907 2069 4947 ac

412 4980 947 5052 transgressionem
976 4981 1077 5052 qui
1108 4997 1237 5037 eam
1268 4999 1389 5037 non
1419 4982 1903 5038 observaverunt.

482 5071 618 5126 Item
643 5069 755 5125 alio
783 5070 962 5124 modo.
998 5070 1115 5124 Hoc
1146 5070 1341 5125 simile
1372 5071 1458 5125 illi
1491 5077 1579 5126 est
1610 5069 1766 5142 quod
1799 5070 1860 5124 in
1893 5070 2069 5141 Epis-

413 5159 533 5216 tola
562 5160 637 5216 ad
666 5159 900 5215 Galatas
931 5159 1201 5214 habetur.
1254 5182 1281 5210 «
1316 5160 1429 5215 Lex
1461 5166 1703 5232 propter
1733 5166 2067 5233 transgres-

411 5252 610 5308 siones
639 5251 842 5307 addita
871 5250 999 5305 fuit.
1035 5271 1064 5300 »
1096 5249 1396 5320 Siquidem
1428 5251 1914 5322 conjunctionem
1953 5246 2066 5317 ἳνα,

408 5341 471 5395 id
502 5349 612 5410 est,
645 5347 724 5407 ut,
759 5342 958 5412 posuit
991 5340 1169 5395 etiam
1219 5340 1391 5411 juxta
1447 5340 1706 5395 idioma:
1765 5339 2068 5413 signiﬁcat

410 5429 568 5484 enim
600 5430 765 5486 aliud
794 5435 1181 5486 consecutum
1214 5444 1363 5485 esse.
1392 5430 1535 5485 Nam
1567 5429 1631 5484 in
1662 5429 1939 5484 omnibus
1964 5428 2068 5500 qui

407 5524 544 5591 post
563 5518 750 5576 Adam
771 5520 1030 5593 fuerunt,
1052 5520 1169 5576 imo
1193 5526 1254 5576 et
1272 5520 1333 5575 in
1358 5520 1484 5594 ipso
1509 5519 1691 5576 etiam
1723 5518 1908 5576 Adam
1932 5519 2068 5575 data

407 5606 534 5682 lege
557 5606 879 5665 abundavit
902 5609 1207 5668 delictum.
1227 5609 1459 5666 Etenim
1482 5614 1704 5681 quanto
1732 5607 1907 5680 plura
1927 5614 2068 5666 sunt

2202 514 2293 569 καὶ
2329 518 2609 592 σύσσωμοι
2640 524 2736 575 τοῦ
2766 520 2918 587 Υἱοῦ,
2976 519 3066 574 καὶ
3124 516 3269 575 ἄλλα
3330 519 3495 593 μυρία
3525 520 3715 597 ἀγαθέ.
3752 522 3857 575 Διά

2202 606 2362 659 τοῦτό
2394 628 2583 684 φησιν,
2640 633 2666 660 «
2702 609 2770 666 Οἱ
2822 610 2921 678 τὴν
2972 607 3277 681 περισσείαν
3308 615 3408 677 τῆς
3443 609 3669 684 χάριτος
3700 608 3853 681 λαμ-

2203 687 2478 758 ϐάνοντες.
2517 720 2544 748 »
2593 729 2662 740 —
2701 697 2845 773 Ἀρα
2888 697 2981 752 οὗν
3037 696 3112 758 ὡς
3172 695 3241 752 δι’
3298 698 3416 763 ἑνὸς
3471 696 3857 774 παραπτώμαο

2200 803 2314 847 τος.
2349 808 2378 838 ››
2414 784 2583 842 Πάλιν
2641 791 2724 859 τῷ
2778 786 2927 859 αὖτῷ
2980 787 3373 866 ἐπαγωνίζεται
3415 785 3591 862 λόγῳ.
3622 785 3855 859 Ἐπειδη

2202 871 2306 949 γὰρ
2365 871 2668 949 παράδοξον
2718 873 2912 946 ἐδόκει,
2970 878 3039 949 τῇ
3096 879 3194 931 τοῦ
3253 877 3369 938 ἑνὸς
3405 878 3587 947 Ἰησοῦ
3617 880 3858 947 Χριστοῦ

2204 965 2317 1036 ζωῇ
2374 961 2465 1017 καὶ
2526 961 2702 1037 δωριᾷ
2776 964 2868 1019 καὶ
2946 964 3333 1038 κατορθώματι
3386 958 3526 1021 ἅπαν
3584 967 3858 1035 σώζεσθαι

2200 1049 2262 1105 τὸ
2300 1051 2455 1126 γένος
2484 1056 2592 1107 τῶν
2625 1052 2944 1128 ἀνθρώπων,
2993 1051 3301 1129 πολλαχῶς
3347 1054 3480 1111 αὐτὸ
3517 1056 3863 1112 κατασκευά-

2424 1143 2445 1161 ν
2731 1142 2747 1161 \
2850 1140 2875 1161 ἢ
2910 1143 2924 1163 \
3030 1150 3052 1161 -ι
3363 1151 3390 1162 η-
3636 1147 3647 1161 ι
3762 1143 3781 1166 9
3834 1146 3849 1164 1

2201 1145 2301 1210 ζει.
2365 1166 2393 1193 ι(
2447 1149 2625 1217 Ωσπερ
2685 1162 2789 1219 γαρ
2847 1160 2936 1198 οια
2989 1166 3090 1215 της
3145 1164 3446 1219 παρακοης.
3504 1167 3529 1199 ι
3588 1151 3658 1199 Το
3713 1165 3859 1201 αυτο

2200 1225 2364 1284 πάλιν
2421 1226 2564 1308 λέγει
2624 1230 2983 1307 ἐπιχείρημα.
3042 1259 3069 1286 ι(
3102 1231 3460 1309 Ἀμαρτωλοὶ
3519 1235 3867 1306 κατεστάθη-

2201 1339 2295 1373 σαν
2355 1317 2407 1374 οἷ
2462 1319 2688 1379 πολλοί.
2726 1347 2746 1373 ι
2802 1318 3083 1378 Τουτέστιν
3144 1323 3431 1379 ὑπεύθυνοι
3490 1323 3700 1397 Θανάτῳ
3760 1323 3864 1380 καὶ

2199 1405 2447 1478 κολάσει,
2507 1406 2595 1463 διὰ
2650 1409 2712 1464 τὸ
2764 1410 2909 1481 τάξει
2965 1411 3055 1467 καὶ
3115 1410 3291 1487 εἷρμῷ
3352 1411 3428 1475 εἰς
3481 1412 3680 1476 πάντας
3718 1413 3863 1477 τοὺς

2198 1499 2294 1551 τοῦ
2324 1496 2515 1571 γένους
2576 1494 2830 1569 διαϐῆναι
2886 1501 2987 1570 τῆν
3035 1505 3132 1555 τοῦ
3184 1497 3498 1577 πρόπατρος
3553 1503 3860 1577 ἁμαρτίαν,

2198 1583 2417 1639 πάντων
2447 1585 2585 1641 κατά
2615 1607 2736 1642 τινα
2768 1587 3004 1661 μίμησιν
3036 1587 3126 1643 καὶ
3181 1586 3417 1665 διδαχὴν
3451 1588 3864 1647 ἐπιτελούντων

2197 1673 2383 1746 αὐτήν.
2445 1700 2473 1729 ‹‹
2510 1673 2697 1740 Οὕτως
2747 1679 2837 1733 καὶ
2887 1677 2977 1734 διὰ
3025 1686 3126 1751 τῆς
3188 1680 3433 1753 ὑπακοῆς
3486 1685 3582 1737 τοῦ
3637 1680 3790 1744 ἐνος.
3841 1706 3864 1736 ι

2119 1817 2163 1881 Β
2195 1765 2461 1871 ἰἰπῆκοος
2494 1765 2597 1842 γὰρ
2630 1766 2823 1844 γέγονε
2875 1772 2955 1840 τῷ
3014 1773 3183 1844 Πατρι
3246 1771 3413 1845 μέχρι
3469 1769 3723 1839 θανάτου,
3759 1782 3872 1835 θα·

2193 1851 2356 1906 νάτου
2390 1850 2447 1907 δὲ
2477 1859 2731 1930 σταυροῦ.

2264 1942 2449 2015 Νόμος
2508 1940 2565 1998 δὲ
2623 1943 2988 2020 παρεισῆλθεν
3057 1943 3148 2005 ἵνα
3213 1945 3490 2023 πλεονάσῃ
3549 1949 3612 2005 τὸ
3670 1952 3871 2024 παρᾶ-

2192 2049 2413 2104 πτωμα.
2490 2032 2567 2090 Οὗ
2652 2030 2709 2089 δὲ
2790 2032 3113 2091 ἐπλεόνασεν
3175 2037 3211 2107 ἠ
3244 2037 3529 2110 Δἁμαρτία,
3588 2038 3868 2111 ὑπερεπε-

2195 2119 2463 2195 ρίσσευσεν
2489 2122 2523 2192 ἠ
2552 2120 2739 2199 χάρις,
2764 2122 2856 2178 ’ίνα
2887 2121 3069 2200 ὥσπερ
3111 2120 3452 2182 ἐϐασιλευσεν
3514 2128 3548 2196 ἡ
3605 2127 3868 2202 ἁμαρτία

2192 2205 2244 2262 ἐν
2268 2214 2347 2281 τῷ
2379 2211 2610 2284 θανάτῳ,
2658 2211 2832 2275 οὕτως
2879 2212 2967 2268 καὶ
3016 2214 3050 2285 ἡ
3099 2214 3259 2290 χάρις
3317 2213 3613 2291 βασιλεύσῃ
3644 2213 3733 2270 διὰ
3773 2214 3867 2273 δι-

2190 2299 2483 2369 καιοσύνης
2514 2299 2590 2362 εἷς
2632 2302 2777 2372 ζωὴν
2823 2302 3044 2358 αἰώνιον
3099 2299 3188 2358 διὰ
3238 2304 3420 2375 Ἰησοῦ
3468 2305 3708 2380 Χριστοῦ
3751 2310 3866 2361 τοῦ

2195 2386 2401 2464 Κυρίου
2432 2390 2616 2461 ἡμῶν.

2264 2504 2292 2530 ι(
2327 2480 2514 2554 Νόμος
2545 2476 2602 2535 δὲ
2634 2479 3017 2555 παρεισῆλθεν.
3056 2507 3084 2534 ››
3140 2484 3216 2541 Τὸ
3266 2483 3486 2559 γεγονὸς
3536 2482 3703 2559 λέγει,
3758 2486 3868 2540 καὶ

2193 2564 2293 2621 οὗι
2351 2567 2525 2623 α’ἰτιόν
2589 2590 2750 2646 φησιν
2808 2570 2899 2625 τὸν
2971 2570 3140 2643 νόμον
3196 2577 3296 2641 τῆς
3356 2572 3638 2645 ἁμαρτίας,
3699 2572 3861 2644 οἷον,

2192 2655 2377 2727 Νόμος
2454 2653 2511 2711 δὲ
2585 2656 2937 2732 παρεισῆλθε,
3021 2660 3111 2714 καὶ
3196 2658 3486 2715 ἐπλεόνασε
3539 2662 3602 2715 τὸ
3665 2665 3863 2738 παρά-

2190 2765 2370 2817 τωμα·
2431 2749 2605 2804 Τοῦτο
2665 2749 2770 2823 γὰρ
2823 2749 2907 2804 ἐπ’
2964 2749 3140 2804 αὐτῶν
3200 2747 3357 2829 ὤφθη
3405 2756 3513 2806 τῶν
3546 2744 3719 2825 ἔργων
3755 2753 3859 2807 καὶ

2192 2834 2457 2909 πράξεων.
2519 2839 2673 2910 ’Ἅμα
2757 2835 2834 2908 δὲ,
2893 2838 2983 2894 καὶ
3052 2837 3463 2910 ἐπιπληκτικῶς
3525 2841 3661 2916 πρὸς
3720 2841 3856 2905 τοὺς

2191 2920 2491 2990 Ἰουδαίους
2547 2925 2779 2998 εἶ’ρηται.
2842 2929 2985 3004 Πρὸς
3041 2929 3147 3006 γὰρ
3198 2928 3437 2992 ἐκείνους
3485 2929 3837 3001 ἀποτείνεται,

2190 3013 2279 3067 καὶ
2356 3012 2552 3069 ἐκεῖνοι
2611 3016 2746 3084 ἦσαν
2803 3018 2857 3072 οἱ
2913 3018 3184 3094 ὑπέρογοια
3237 3024 3315 3092 τῷ
3366 3018 3525 3092 νόμῳ
3584 3022 3839 3096 φρονοῦν-

2188 3125 2298 3167 τες.
2355 3105 2739 3178 Ἐπιπλήττων
2798 3105 2890 3163 οὖν
2948 3107 3334 3177 ὑπαινίττεται,
3394 3110 3480 3165 ὅτι
3543 3110 3727 3180 Μάτην
3758 3112 3843 3182 τῷ

2189 3193 2346 3266 νόμῳ
2381 3195 2516 3269 μέγα
2572 3200 2839 3272 φρονεῖτε’
2899 3195 3012 3268 ’ὀσῳ
3066 3197 3169 3272 γὰρ
3225 3196 3316 3252 ἐπὶ
3373 3203 3494 3260 ταῖς
3558 3197 3850 3272 ὑμετέραις

2187 3281 2486 3359 ἐργασίαις,
2549 3285 2576 3339 ὁ
2631 3286 2797 3357 νόμος
2855 3284 3218 3360 παρεισῆλθεν
3298 3285 3384 3342 ἵνα
3450 3285 3726 3363 πλεονάσῃ
3780 3289 3849 3344 τὸ

2184 3370 2551 3447 παράπτωμα.
2588 3376 2766 3431 Τοῦτο
2824 3371 2880 3429 δὲ
2938 3378 3025 3429 νῦν
3081 3370 3208 3455 ἔφη,
3268 3373 3456 3445 ἐπειδὴ
3488 3382 3597 3432 τῶν
3650 3376 3713 3432 ἐκ
3742 3382 3849 3434 τοῦ

2189 3458 2369 3535 Ἀδὰμ
2398 3461 2659 3541 χαλεπῶν
2706 3461 3040 3538 ἐπεμνήσθη,
3096 3465 3188 3519 καὶ
3244 3464 3453 3520 ταύτων
3500 3464 3851 3545 ἀπαλλαγὴν

2191 3550 2352 3625 μόνον
2409 3549 2510 3628 ἔφη
2564 3553 2805 3627 γενέσθαι
2859 3552 2954 3608 τὸν
3010 3559 3268 3629 Σωτῆρα.
3326 3555 3436 3610 Ἵνα
3492 3554 3566 3626 μὴ
3603 3552 3851 3629 λέγωσι·

2185 3640 2255 3698 Τί
2303 3640 2434 3711 οὗνς
2491 3643 2518 3696 ὁ
2572 3641 2740 3716 νόμος
2799 3641 2952 3698 οὐδὲν
3005 3639 3328 3700 συνεϐάλετο
3376 3642 3449 3704 εἰς
3482 3644 3583 3714 τῆν
3616 3642 3848 3702 ἐκείνων

2184 3726 2557 3808 ἀπαλλαγήν;
2612 3733 2795 3802 τίθησι
2855 3735 2983 3807 γοῦν
3034 3736 3219 3803 τοῦτο,
3251 3732 3335 3788 ὅτι
3376 3732 3454 3790 Οὐ
3490 3732 3652 3808 μόνον
3682 3732 3840 3790 οὐδὲν

2184 3821 2526 3895 συνήνεγκεν,
2581 3818 2708 3876 ἀλλ’
2765 3820 2865 3876 ὅσα
2915 3818 2998 3902 ἐφ’
3056 3822 3207 3896 ὑμῖν,
3261 3824 3348 3878 καὶ
3410 3820 3698 3879 ἐπλεόνασε
3736 3826 3837 3894 τὴν

2184 3907 2449 3983 ἁμαρτίαν
2480 3906 2708 3980 ἐκείνην.
2761 3910 2834 3965 Τὸ
2892 3906 2969 3980 δὲ,
3030 3935 3058 3964 ι(
3092 3909 3481 3985 Παρεισῆλθεν,
3516 3936 3541 3964 »
3570 3910 3627 3966 τὸ
3658 3912 3823 3983 πρόσ-

2182 4016 2369 4072 καιρον
2427 4001 2592 4053 αυτοῦ
2650 3997 2939 4058 δείκνυσιν.
3006 4025 3026 4051 ι
3078 4002 3195 4056 Ἵνα
3248 3997 3524 4076 πλεονάσῃ
3561 4000 3620 4056 τὸ
3645 3998 3817 4073 παρά·

2181 4105 2399 4159 πτωμα.
2464 4110 2492 4139 ιι
2552 4088 2814 4162 Καθαιρεῖ
2865 4091 2963 4143 τοῦ
3039 4088 3212 4162 νόμου
3297 4091 3398 4160 τῆν
3466 4087 3616 4161 δόξαν
3669 4086 3827 4164 (πρὸς

2180 4170 2475 4236 Ἰουδαίους
2529 4175 2630 4251 γὰρ
2686 4176 2753 4246 ἧν
2822 4177 2975 4250 αὐτῷ
3026 4178 3053 4231 ὁ
3110 4176 3310 4252 ἀγὼν),
3365 4180 3459 4234 καὶ
3517 4198 3697 4260 οησινο
3756 4175 3832 4235 Οὐ

2182 4262 2347 4335 μόνον
2378 4261 2531 4318 οὐδὲν
2585 4265 2734 4338 ἡμᾶς
2794 4261 2995 4337 ὤνησεν
3043 4267 3071 4321 ὁ
3101 4267 3293 4341 νόμος,
3339 4266 3488 4323 ἀλλὰ
3517 4267 3606 4323 καὶ
3634 4265 3837 4339 ηὔξησε

2175 4352 2270 4412 τας
2326 4352 2592 4426 ἁμαρτίας
2652 4352 2712 4408 ἐκ
2765 4358 2863 4408 τοῦ
2939 4349 3390 4431 παραϐαίνεσοαι.
3454 4357 3531 4415 Τὸ
3594 4354 3670 4426 δὲ,
3723 4353 3837 4427 ἵνα,

2179 4439 2278 4495 οὐκ
2310 4439 2698 4517 αἱτιολογικῶς
2749 4448 2948 4514 κεῖται,
3002 4441 3148 4501 ἀλλᾶ
3200 4446 3286 4517 τὸ,
3320 4445 3470 4511 ὅπως
3499 4442 3677 4521 ἐξέϐη,
3729 4444 3836 4516 δηι-

2105 4525 2295 4590 Πλοῖ.
2356 4529 2436 4587 Οὐ
2493 4530 2597 4607 γὰρ
2658 4528 2748 4586 διὰ
2800 4536 2962 4588 τοῦτο
3023 4532 3182 4606 ἐδόθη
3242 4535 3331 4591 ἳνα
3394 4534 3671 4612 πλεονάσῃ
3733 4537 3835 4607 τὴν

2176 4616 2467 4693 ἁμαρτίαν,
2525 4616 2719 4696 ἄπαγε,
2772 4618 2903 4678 ἀλλ’
2952 4618 3046 4677 ’ίνα
3102 4626 3251 4699 σώσῃ
3294 4625 3385 4680 καὶ
3414 4623 3703 4701 παιδεῦσῃ.
3736 4625 3831 4694 Μὴ

2179 4704 2474 4782 συλαχθεῖς
2529 4706 2586 4763 δὲ
2642 4706 2847 4779 ηὔξησε
2899 4712 2998 4779 τήν
3054 4712 3350 4787 ἁμαρτίαν,
3409 4714 3470 4769 οὐ
3528 4714 3675 4789 παρὰ
3729 4714 3832 4781 τὴν

2179 4794 2389 4885 οίκείαν,
2425 4796 2607 4873 φύσιν,
2662 4795 2809 4854 ἀλλὰ
2864 4799 3008 4885 παρᾶ
3063 4806 3161 4870 τὴν
3222 4806 3328 4857 τῶν
3366 4804 3442 4877 μὴ
3477 4802 3831 4885 φυλαξάντων

2180 4883 2336 4959 αὐτὸν
2367 4883 2631 4961 ῥᾳθυμίαν
2663 4887 2751 4943 καὶ
2786 4883 3116 4965 παράϐασιν.

2248 5063 2351 5120 Καὶ
2408 5061 2596 5127 ἄλλως
2657 5065 2997 5142 [FENNAA.]
3066 5066 3274 5125 ¹Ἒοιιιε
3343 5074 3503 5127 τοῦτο
3559 5076 3628 5147 τῇ
3691 5073 3830 5150 πρὸς

2180 5150 2441 5213 Γαλάτας.
2502 5154 2620 5211 «'0
2658 5155 2828 5228 νόμος
2882 5161 2990 5212 τῶν
3048 5153 3402 5234 παραϐάσεων
3463 5159 3625 5239 χάριν
3655 5184 3832 5239 προσ-

2177 5242 2353 5311 ετέθη.
2389 5268 2411 5297 ιι
2473 5243 2551 5299 Τὸ
2600 5243 2725 5318 γὰρ,
2778 5243 2885 5318 ἳνα,
2942 5249 3211 5303 κανταῦθα
3283 5250 3421 5305 κατὰ
3473 5251 3536 5306 τὸ
3623 5249 3830 5325 ἰδίωμα

2174 5330 2395 5386 τέθεικεσ
2431 5332 2681 5405 σημαίνει
2738 5332 2843 5408 γὰρ
2901 5335 2965 5390 τὸ
3023 5336 3341 5396 ἀκόλουθον.
3388 5342 3525 5401 Τοῖς
3554 5346 3656 5415 γαρ
3692 5342 3830 5414 μετὰ

2173 5419 2266 5474 τὸν
2327 5415 2523 5500 ’ᾼδὲμ,
2562 5420 2776 5495 ,φησὶη
2834 5424 3022 5496 ἅπασι,
3096 5424 3309 5497 μᾶλλον
3373 5423 3430 5482 δὲ
3509 5428 3601 5484 καὶ
3673 5429 3824 5503 αὖτῷ

2172 5512 2251 5582 τῷ
2281 5504 2481 5591 Ἀδὰμ,
2512 5508 2692 5584 νόμου
2725 5507 3001 5584 δοθέντος,
3032 5513 3325 5573 ἐπλεόνασε
3357 5518 3420 5572 τὸ
3450 5515 3819 5596 παρέπτωμά.

2164 5604 2323 5679 Α⁴Οσῳ
2370 5597 2474 5675 γὰρ
2527 5598 2596 5656 τά
2650 5600 3088 5682 παραγγέλματα
3142 5601 3337 5683 πλείῳ,
3370 5607 3615 5683 τοσούτῳ
3643 5628 3822 5686 παρα-
