4126 6256
237 389 373 453 129

1383 383 1781 454 COMMENT.
1830 390 1907 450 IN
1955 381 2208 452 EPIST.
2254 392 2358 452 AD
2402 380 2594 452 ΗΘΜ.

3597 383 3720 455 i130

253 517 608 595 6αινομένων
641 523 832 580 αὐτῶν
865 524 969 581 καὶ
999 525 1063 580 τὰ
1099 526 1534 600 παραπτώματα.
1570 522 1792 584 Πολλὰς
1840 514 1944 598 γὰρ

2082 531 2378 597 πωοθρῑθ,
2404 532 2568 582 tanto
2587 525 2766 582 etiam
2791 541 2995 581 eorum
3018 524 3117 596 qui
3153 523 3257 579 illa
3276 524 3720 597 transgrediun.

259 611 400 675 Βοῦς
433 611 664 674 ἐντολὰς
698 615 730 668 ὁ
760 615 971 687 νόμος,
1003 610 1334 686 παραϐαθεὶς
1366 615 1705 670 ἐπλεόνασεν.
1735 638 1761 664 (ι
1795 613 1870 670 Οῦ
1905 609 1962 667 δὲ

277 704 605 760 ἐπλεόνασεν
639 707 678 774 ἡ
717 706 990 780 ἁμαρτία.
1012 732 1038 758 ›ι
1063 708 1147 774 Mi}
1181 701 1732 784 φοϐτ,θῇς,φησίν,ὃτι
1761 701 1960 758 ἐπλεό-

292 815 447 849 νασεν
476 798 514 864 ἡ
544 793 814 869 ἁμαρτία.
853 795 959 852 Καὶ
992 797 1088 870 γὰρ
1118 793 1186 870 τῇ
1217 800 1323 850 τῶν
1357 794 1658 869 ἀνθρώπων
1709 787 1958 867 παραϐά-

313 905 416 953 σει,
444 882 519 946 εἷς
547 880 659 938 δεον
692 885 788 938 καὶ
825 886 1102 960 συμφέρον
1145 883 1443 964 ἐχρήσατο,
1477 885 1644 958 πόρον
1672 889 1788 944 τοῖς
1821 879 1958 936 ἀπόο

319 993 432 1046 pou:
492 973 888 1048 μηχανώμενος
921 975 948 1028 ὁ
983 973 1129 1036 Θεός.
1190 977 1287 1030 Ἐκ
1343 975 1447 1048 γὰρ
1503 973 1700 1028 τούτου
1731 971 1958 1046 ἠχάρις

318 1061 405 1118 διὰ
460 1063 688 1135 Χριστοῦ
752 1062 958 1135 μείζων
1015 1063 1104 1118 καὶ
1153 1061 1296 1118 πολὺ
1353 1063 1592 1132 ποθητὲα
1647 1058 1956 1136 γεγένηται.

314 1158 410 1212 Ἠς
442 1149 618 1213 οὕτως
678 1151 1008 1226 γενομένης,
1065 1155 1098 1222 ἡ
1158 1153 1338 1214 πίστις
1398 1150 1611 1224 μᾶλλον
1668 1147 1956 1204 ἐπέδωκεν.

303 1240 513 1299 Οὐκοῦν
573 1240 634 1295 ἐκ
689 1245 791 1296 τοῦ
849 1241 1191 1314 πλεονασμοῦ
1253 1249 1353 1311 τῆς
1436 1240 1702 1317 ἁμαρτίας
1764 1237 1872 1312 οὐχ
1919 1241 1955 1308 ἡ

304 1330 532 1392 κολασις
593 1328 959 1400 ἐπλεονασθη,
1016 1329 1143 1386 ἀλλ’
1191 1333 1225 1400 ἡ
1259 1330 1502 1403 σωτηρία
1559 1329 1775 1406 γέγονεν
1834 1327 1955 1400 ἐρα-

313 1421 606 1492 σμιωτέρα.
642 1417 722 1475 Οὐ
751 1419 855 1494 γὰρ
889 1420 1052 1492 μόνον
1079 1424 1187 1474 τῶν
1243 1419 1654 1492 ἁμαρτημάτων
1706 1414 1960 1487 ἀπηλλα-

311 1511 410 1580 ξεν,
440 1506 592 1562 ἀλλά
631 1507 722 1562 καὶ
787 1509 951 1583 μυρία
1006 1509 1176 1584 ἀγαθά
1233 1505 1486 1566 δέδωκεν,
1523 1533 1550 1560 a
1581 1501 1954 1563 Ἐϐασίλευσεν

307 1601 339 1668 ἡ
411 1597 660 1673 ἁμαρτία
717 1595 767 1650 ἐν
825 1598 904 1669 τῷ
959 1599 1185 1671 θανάτῳ.
1242 1623 1270 1649 ››
1327 1599 1390 1654 Ἡ
1454 1598 1556 1672 γὰρ
1617 1595 1854 1670 ἁμαρτία
1906 1593 1957 1648 ἐν

304 1688 448 1757 τκξει
482 1683 784 1760 βασιλέως,
819 1688 846 1742 ὁ
894 1683 950 1742 δὲ
1006 1690 1252 1754 θάνατος,
1309 1684 1362 1740 ἔν
1418 1687 1563 1755 τάξει
1622 1684 1958 1758 στρατιώτου

307 1777 394 1834 καὶ
423 1777 710 1849 ὑπουργοῦ
739 1776 1044 1851 γεγένηται.
1075 1779 1166 1833 Ἐν
1196 1780 1274 1849 τῷ
1306 1776 1540 1846 θανάτῳ,
1573 1771 1662 1828 διὰ
1715 1777 1812 1828 τοῦ
1863 1784 1956 1836 θα·

304 1871 486 1926 ναὶτου.
523 1894 553 1922 ‹‹
587 1869 780 1928 Οὕτως
811 1865 900 1920 καὶ
932 1869 966 1935 ἡ
1001 1866 1162 1940 χάρις
1197 1864 1526 1940 βασιλεύσει.
1563 1888 1585 1914 ι
1639 1864 1810 1938 Χάρις
1861 1861 1955 1934 μὲν

305 1962 404 2036 γὰρ
443 1959 736 2036 καὶχᾶρις
768 1960 900 2011 Θεοῦ
947 1955 1037 2010 καὶ
1081 1953 1396 2025 δικαιοσύνη
1458 1953 1649 2021 λείζων
1700 1953 1958 2026 κατορθοῖ

309 2049 579 2122 ἁμαρτίας
613 2047 705 2102 καὶ
750 2046 998 2100 θανάτου.
1058 2045 1253 2116 ’Όμως
1309 2041 1466 2103 αὐτὸς
1534 2039 1592 2096 ἐκ
1645 2039 1960 2115 περιουσίας

310 2139 450 2194 εἶπεν
486 2138 666 2197 οὕτως
697 2135 780 2202 τὸ,
815 2159 843 2187 ι(
880 2131 1212 2209 βασιλεύσει.
1249 2153 1272 2184 ν
1311 2164 1372 2174 -
1406 2130 1618 2204 [ΦΩΤ.]
1675 2154 1702 2182 ‹‹
1733 2129 1831 2184 Διά
1878 2124 1959 2181 διο

305 2227 628 2296 καιοσῦνης,
662 2224 737 2287 είς
770 2225 919 2294 ζωὴν
970 2221 1190 2276 αῗώνιον
1223 2217 1312 2274 διὰ
1356 2223 1537 2290 Ἰησοῦ
1595 2220 1831 2294 Χριστοῦ
1860 2220 1958 2271 τοῦ

307 2317 509 2386 Κυρίου
542 2317 730 2386 ἡμῶν,
763 2337 788 2366 ι
827 2313 925 2368 Διᾶ
952 2317 1050 2379 τῆς
1081 2313 1178 2365 τοῦ
1204 2309 1440 2384 Χριστοῦ
1473 2304 1736 2378 δηλονότι
1759 2303 1961 2360 δικαιο-

308 2409 493 2477 σένης,
527 2406 593 2462 ἸΙ
628 2403 873 2473 σύνταξις
922 2399 996 2456 δὲ’
1053 2399 1150 2454 Διά
1208 2395 1579 2468 δικαιοσύνης,
1633 2393 1722 2450 διὰ
1779 2396 1962 2465 Ἰησοῦ

305 2498 549 2573 Χριστοῦ
582 2493 1025 2562 ἐπιτελεσθείσης
1057 2489 1146 2546 καὶ
1177 2489 1677 2565 καταπραχθείσης.

1672 2663 1912 2738 ἁμαρτίᾳ
1947 2680 1961 2732 ;

1705 2751 1962 2829 ἁμαρτίᾳ,

371 2675 438 2733 Τί
512 2673 608 2729 οῦν
682 2670 912 2746 ἐροῦμεν
969 2686 983 2738 ;
1051 2667 1413 2742 ἐπιμενοῦμεν
1506 2669 1574 2731 τῆ

316 2768 388 2838 μὴ
452 2764 677 2838 γένοιτο
737 2762 752 2818 l
824 2757 1020 2820 οἵτινες
1112 2757 1446 2828 ἀπεθάνομεν
1540 2758 1609 2828 τῇ

315 2855 428 2916 πῶς
457 2853 534 2910 ἔτι
567 2854 828 2924 ζήσωμεν
864 2849 914 2904 ἐν
944 2849 1079 2922 αὐτῇ
1105 2866 1119 2916 ;

377 2944 442 3001 Τί
473 2939 595 3012 οὖν,
631 2940 793 3018 φησὶ,
826 2935 916 2993 διὰ
965 2938 1062 3007 τήν
1117 2942 1225 2992 τῶν
1280 2935 1584 3011 εἰρημένων
1641 2932 1966 2998 ἀκολουθίαν

298 3031 558 3104 ἔλθωμεν
593 3029 673 3091 είς
703 3025 890 3083 τοιάδε
913 3026 1168 3101 ῥήματα;
1218 3024 1309 3079 καὶ
1367 3023 1514 3100 λέγει
1552 3027 1704 3081 ποῖα,
1757 3046 1784 3074 ιι
1816 3023 1968 3076 Ἑπι-

307 3126 582 3192 μενοῦμεν
614 3122 685 3192 τῇ
717 3114 1000 3191 ἁμαρτίας
1037 3139 1064 3166 ››
1096 3110 1318 3182 Ἐπειδὴ
1362 3113 1508 3168 εἶπεν
1561 3109 1692 3182 ὂίνω,
1744 3136 1770 3163 (ι
1806 3111 1878 3164 Οῦ
1910 3107 1968 3164 δὲ

313 3207 643 3262 ἒπλεὸνασεν
675 3210 709 3276 ἡ
743 3205 1006 3280 ἁμαρτία,
1061 3203 1570 3278 ὑπερεπερίσσευσεν
1623 3203 1658 3270 ἡ
1719 3199 1901 3275 χάρις.
1936 3223 1962 3250 ››

2070 620 2166 670 tur
2192 616 2364 686 plura
2394 622 2534 672 sunt
2563 622 2822 688 peccata.
2860 616 2971 670 Lex
3004 630 3139 686 ergo
3173 631 3303 684 quae
3338 616 3524 670 multa
3555 614 3720 671 dedit

2069 711 2382 777 pra-cepta,
2455 705 3026 778 transgressionibus
3113 703 3451 760 abundavit.
3513 728 3532 754 ι
3608 704 3716 760 Ubi

2067 801 2266 849 autem
2301 795 2643 850 exuberavit
2689 801 3020 866 peccatum.
3058 816 3084 843 ››
3144 797 3223 849 Ne
3283 795 3436 860 ideo,
3500 795 3714 864 inquit,

2069 885 2346 941 terrearis
2379 885 2536 956 quod
2570 885 2956 940 abundaverit
3020 890 3349 956 peccatum.
3411 884 3714 954 Siquidem

2067 972 2376 1029 hominum
2411 976 2878 1047 transgressione
2909 973 2982 1029 ad
3014 974 3074 1028 id
3101 990 3246 1030 usus
3263 979 3354 1028 est
3375 971 3715 1044 Deus,quod

2069 1063 2286 1118 decens
2316 1064 2428 1118 fuit
2457 1071 2517 1118 et
2545 1065 2688 1119 utile
2716 1081 2728 1118 :
2769 1065 2862 1119 his
2895 1064 2995 1134 qui
3028 1064 3187 1118 omni
3239 1062 3716 1118 destituebantur

2067 1153 2316 1208 consilio
2349 1153 2680 1209 remedium
2713 1154 3070 1227 excogitans.
3101 1155 3182 1207 Ex
3205 1153 3315 1208 hoc
3347 1152 3506 1208 enim
3527 1151 3717 1225 gratia

2067 1257 2173 1312 per
2202 1242 2498 1298 Christum
2532 1243 2722 1314 major
2749 1243 3055 1313 multoque
3088 1241 3544 1298 desiderabilior
3561 1243 3717 1296 facta

2069 1336 2178 1397 est,
2212 1347 2330 1401 qua
2361 1332 2441 1386 ita
2473 1332 2933 1399 communicata,
2967 1331 3154 1403 magis
3185 1331 3388 1387 addita
3423 1336 3514 1384 est
3545 1329 3713 1385 ﬁdes.

2065 1421 2147 1475 Ex
2175 1421 2542 1477 abundantia
2573 1423 2775 1493 itaque
2817 1422 3040 1493 peccati
3073 1439 3193 1477 non
3227 1420 3547 1476 abundavit
3576 1436 3716 1490 sup-

2063 1510 2332 1580 plicium,
2369 1511 2471 1566 sed
2504 1511 2704 1582 potius
2735 1512 2896 1567 salus
2925 1512 3080 1566 facta
3101 1518 3190 1567 est
3215 1509 3566 1566 amabilior:
3591 1525 3713 1565 non

2067 1599 2258 1654 solum
2293 1600 2450 1654 enim
2483 1617 2516 1655 a
2549 1602 2809 1672 peccatis
2841 1600 3130 1664 liberavit,
3160 1601 3262 1655 sed
3294 1607 3349 1654 et
3374 1599 3527 1654 bona
3552 1598 3717 1654 dedit

2065 1689 2438 1744 innumera.«
2449 1690 2730 1762 Regnavit
2743 1696 3040 1762 peccatum
3058 1705 3161 1761 per
3175 1695 3446 1744 mortem.
3460 1711 3478 1737 ι
3490 1687 3716 1742 Etenim

2066 1784 2374 1849 peccatum
2401 1780 2555 1850 regis
2584 1796 2827 1834 munere
2860 1779 3232 1852 fungebatur,
3256 1796 3418 1835 mors
3448 1794 3582 1834 vero
3604 1776 3715 1832 mi-

2071 1867 2193 1922 litis
2225 1884 2293 1922 ac
2334 1868 2678 1924 ministerii.
2713 1869 2782 1922 Ev
2811 1871 2890 1939 τῷ
2922 1867 3159 1940 θανάτῳ,
3190 1869 3302 1924 hoc
3336 1873 3444 1932 est,
3482 1863 3571 1920 διὰ
3617 1866 3715 1920 τοῦ

2071 1957 2322 2019 θανάτου.
2355 1975 2460 2030 per
2491 1965 2764 2014 mortem.
2804 1982 2824 2008 ι
2860 1961 2946 2014 Ita
3013 1965 3072 2014 et
3116 1958 3304 2031 gratia
3358 1961 3651 2032 regnaret.
3684 1977 3713 2007 »

2071 2047 2224 2103 273
2257 2047 2559 2118 Siquidem
2583 2048 2772 2121 gratia
2802 2053 2862 2103 et
2892 2049 2991 2103 Dei
3019 2049 3207 2120 gratia
3230 2048 3547 2118 acjustitia
3578 2063 3712 2102 ma-

2063 2136 2215 2207 joris
2234 2137 2613 2193 estefﬁcaciae
2628 2154 2804 2208 quam
2821 2143 3127 2209 peccatum
3152 2144 3400 2193 etmors.
3417 2139 3497 2191 Ex
3523 2136 3715 2192 abun-

2072 2225 2236 2281 danti
2270 2232 2466 2282 tamen
2500 2227 2648 2281 dixit
2679 2228 3014 2299 Apostolus,
3061 2249 3088 2278 «
3123 2228 3211 2282 Ita
3252 2233 3547 2299 regnaret.
3581 2249 3609 2277 »
3641 2256 3710 2269 —

2078 2338 2097 2364 ι
2135 2315 2558 2385 Perjustitiam
2592 2316 2663 2370 ad
2686 2317 2862 2371 vitam
2894 2323 3176 2372 aeternam
3201 2333 3306 2388 per
3323 2319 3523 2372 lesum
3545 2315 3716 2370 Chri-

2074 2409 2229 2459 stum
2262 2403 2580 2458 Dominum
2611 2410 2904 2459 nostrum.
2940 2427 2966 2453 ››
3026 2405 3136 2458 Per
3186 2405 3399 2460 Christi
3446 2405 3720 2461 videlicet

2067 2492 2385 2565 justitiam.
2419 2492 2572 2548 Ordo
2596 2499 2795 2548 autem
2828 2499 2954 2548 est:
2988 2494 3098 2548 Per
3119 2494 3417 2565 justitiam
3451 2511 3580 2566 quae
3613 2511 3720 2566 per

2073 2584 2272 2638 Jesum
2300 2582 2598 2637 Christum
2630 2582 2894 2654 perfecta
2919 2589 3009 2638 est
3035 2589 3093 2638 et
3125 2589 3484 2640 transancta.

2149 2673 2238 2739 Vl,
2273 2676 2322 2738 1,
2357 2675 2410 2726 2.
2443 2673 2587 2738 Quid
2614 2689 2742 2744 ergo
2773 2673 3012 2728 dicemus
3034 2675 3062 2728 ?
3089 2673 3430 2729 Manebimus
3486 2674 3546 2728 in
3583 2689 3722 2744 pec-

2075 2763 2244 2817 cato?
2273 2763 2601 2828 absit/Qui
2656 2765 2861 2819 mortui
2909 2780 3093 2820 sumus
3151 2770 3401 2834 peccato,
3449 2765 3721 2834 quomodo

2076 2853 2300 2923 posthac
2329 2856 2569 2909 vivemus
2594 2856 2653 2909 in
2681 2857 2798 2924 ipso
2819 2857 2846 2909 ?

2149 2941 2299 3006 Quid
2331 2959 2489 3014 ergo,
2520 2943 2733 3014 inquit,
2767 2959 2873 3014 per
2901 2959 2972 2999 ea
3001 2959 3133 3014 quae
3173 2943 3332 3000 dicta
3358 2950 3496 2999 sunt
3521 2958 3726 3000 conse-

2080 3032 2338 3101 quentiae
2369 3031 2542 3086 nobis
2575 3032 2688 3086 erit
2715 3031 2790 3086 ad
2821 3031 2964 3086 talia
2993 3031 3168 3086 verba
3189 3032 3216 3086 ?
3253 3038 3311 3087 et
3351 3033 3553 3102 qualia
3605 3033 3727 3087 sint

2080 3120 2402 3192 subjungit.
2440 3141 2463 3170 α
2500 3120 2868 3175 Manebimus
2891 3121 2951 3175 in
2976 3126 3218 3192 peccato
3241 3119 3269 3176 ‘?
3292 3144 3316 3167 »
3341 3121 3730 3192 Quandoqui-

2082 3208 2217 3263 dem
2243 3208 2514 3280 superius
2530 3208 2787 3264 dixerat:
2810 3232 2836 3259 «
2869 3210 2977 3265 Ubi
3001 3215 3202 3265 autem
3225 3209 3564 3265 exuberavit
3594 3227 3729 3282 pec-

315 3297 414 3349 ’ἱνα
447 3296 530 3366 μὴ
556 3302 671 3355 τοῖς
720 3297 975 3366 ἀνοήτοις
1027 3293 1158 3348 εἶναι
1199 3291 1326 3367 δόξῃ
1387 3291 1456 3347 τὰ
1507 3289 1768 3365 εἰρημένα
1823 3309 1965 3364 προ-

2082 3303 2302 3365 catum,
2335 3297 2415 3352 ibi
2448 3299 2636 3372 magis
2663 3298 3004 3354 exuberavit
3031 3299 3252 3372 gratia;
3280 3323 3307 3349 ››
3333 3317 3408 3355 ne
3441 3300 3732 3371 insipien-

327 3385 524 3458 τροπὴ
580 3385 848 3453 ἁμαρτίας,
909 3386 1118 3458 ἀναιρεῖ
1183 3381 1339 3438 αὐτα.
1404 3406 1431 3432 ι(
1488 3380 1580 3448 Mr,
1640 3378 1877 3454 γὲνοιτο.
1940 3401 1966 3428 ι)

325 3476 516 3548 νΟπερ
543 3471 628 3526 ἔτπὲ
659 3477 752 3527 τῶν
800 3469 1264 3549 ὡμολογημένων
1319 3470 1393 3532 ὡς
1454 3469 1670 3524 ἀτόπων
1701 3467 1968 3540 εἶώθαμεν

328 3562 532 3638 λέγειν.
593 3587 620 3613 ι(
678 3563 883 3624 Οἳτινες
944 3560 1279 3632 ἀπεθάνομεν
1338 3562 1406 3632 τῇ
1474 3557 1730 3632 ἁμαρτίᾳ.
1796 3581 1823 3608 ››
1879 3555 1968 3610 καὶ

329 3654 472 3726 ἑξῆς.
506 3653 575 3709 Ἠ
614 3653 698 3707 ὅτι
753 3651 816 3706 τὸ
875 3653 1066 3720 αὐτῆς,
1127 3649 1282 3728 φησῆ
1347 3646 1509 3723 μέρος
1569 3647 1966 3721 ἐνεκρώοημενο

328 3747 439 3804 πῶς
493 3739 590 3797 οῦν
649 3735 796 3796 ἔστιν
857 3738 916 3795 ἐκ
963 3745 1064 3809 τῆς
1120 3739 1289 3808 αὐτῆς
1343 3739 1435 3792 καὶ
1509 3737 1824 3812 νεκροῦσθαι
1880 3734 1968 3790 καὶ

327 3831 530 3905 ζῇν;ἧ
593 3831 682 3887 ’ὁτι
742 3829 946 3904 νεκροὶ,
1007 3829 1162 3908 φησὶ,
1223 3826 1521 3902 γεγόναμεν
1587 3829 1656 3900 τῇ
1713 3825 1970 3899 ἁμαρτίᾳ,

321 3924 706 3983 πιστώσαντες
751 3924 836 3991 τῷ
889 3921 1107 3992 Χριστῷ
1156 3916 1246 3972 καὶ
1309 3912 1707 3992 βαπτισθέντες.
1756 3917 1832 3971 Ou
1891 3911 1973 3969 δεῖ

311 4013 421 4081 οὖν,
458 4013 626 4088 φησὶ,
660 4009 790 4072 τοῦς
845 4011 940 4078 την
997 4010 1270 4082 σωτήριον
1327 4005 1586 4081 νὲκρωσιν
1644 4005 1970 4077 ὑπομείναν-

299 4125 420 4166 τας,
454 4108 626 4174 ζῆσαι
662 4103 764 4168 τὴν
794 4099 964 4167 κακὴν
1024 4099 1168 4168 ζωὴν
1224 4103 1323 4166 τῆς
1379 4094 1668 4171 ἁμαρτίας.
1709 4095 1970 4170 Ἐνεκρώ-

309 4207 483 4265 onus»
521 4189 582 4247 δὲ
612 4194 685 4264 τῇ
717 4188 978 4264 ἁμαρτίᾳ.
1034 4191 1194 4255 Hdie;
1253 4185 1330 4246 εἰς
1388 4186 1451 4241 τὸ
1520 4185 1596 4258 μή
1657 4183 1969 4254 ὑπακούειν,

303 4283 497 4360 φησὶν,
533 4281 726 4352 αὐτῆς.

958 4407 1224 4462 ΚΕΦΑΛ.
1267 4403 1348 4459 H'.

317 4515 452 4592 Περῖ
518 4521 622 4584 τῆς
692 4508 1059 4599 ὀφειλομένης
1128 4507 1218 4599 ini
1302 4511 1371 4582 τῇ
1460 4507 1640 4562 πίστει
1727 4507 1971 4581 πράξεως

1030 4587 1260 4658 ἀγαθῆς.

388 4714 464 4772 Ἦ
530 4711 777 4787 ἀγνοεῖτε
844 4708 927 4764 δτι
990 4707 1108 4764 ὅσοι
1177 4701 1579 4780 ἐϐαπτίσθημεν
1676 4705 1753 4767 εἲς
1834 4707 1968 4780 Χριο

319 4805 442 4858 στὸν
503 4797 739 4872 Ἰησοῦν,
830 4798 908 4860 εἷς
999 4797 1091 4852 τὸν
1161 4793 1385 4860 θάνατον
1490 4794 1656 4850 αὐτοῦ
1748 4787 1970 4848 ἐϐαπτί-

324 4905 581 4962 σθημεν;
640 4889 1028 4968 Συνετάᾳημεν
1081 4882 1172 4941 οῦν
1233 4884 1381 4958 αὐτῷ
1461 4881 1552 4938 διὰ
1605 4889 1702 4938 τοῦ
1783 4881 1971 4958 βαπτί-

330 5000 530 5052 σματος
596 4980 676 5042 είς
768 4979 860 5034 τὸν
957 4976 1206 5032 θάνατον.
1298 4976 1411 5030 Ἵνα
1503 4971 1687 5049 ὥσπερ
1768 4972 1971 5047 ἠγέρθη

329 5071 561 5142 Χριστὸς
627 5068 689 5124 ἐκ
753 5070 958 5142 νεκρῶν
1026 5065 1113 5122 διὰ
1164 5071 1264 5133 τῆς
1331 5060 1491 5134 δόξης
1562 5066 1658 5117 τοῦ
1746 5061 1974 5136 Πατρός,

323 5160 497 5225 οὕτως
556 5159 647 5217 καὶ
714 5162 881 5232 ἡμεῖς
948 5154 1000 5210 ἐν
1069 5155 1355 5222 καινότητι
1440 5158 1585 5222 ζωῆς
1671 5155 1975 5228 περιπατή-

325 5271 530 5325 σωμεν,
591 5249 652 5305 Εἰ
708 5249 812 5323 γὰρ
891 5245 1167 5318 σύμφυτοι
1243 5242 1540 5317 γεγόναμεν
1611 5246 1693 5312 τῷ
1777 5243 1978 5316 ὁμοιώ-

330 5361 455 5413 ματι
486 5343 588 5395 τοῦ
617 5337 851 5393 θανάτου
893 5334 1080 5406 αὐτοῦ,
1137 5332 1284 5389 ἀλλά
1339 5331 1429 5386 καὶ
1485 5337 1586 5400 τῆς
1639 5330 1975 5396 ἀναστάσεως

329 5429 587 5503 ἐσόμεθα.

402 5547 422 5570 ι
461 5519 556 5582 Εἰς
585 5519 679 5574 τὸν
710 5517 938 5572 θάνατον
998 5513 1162 5568 αὐτοῦ
1211 5507 1639 5583 ἐϐαπτίσθημεν.
1685 5538 1706 5566 ι
1767 5511 1860 5574 Εἰς
1916 5513 1978 5568 τὸ

327 5607 714 5684 παραπλήσιον
781 5605 952 5660 αὐτοῦ
1027 5604 1251 5667 θάνατον
1306 5600 1611 5673 ἀποθανεῖν,
1697 5602 1734 5673 ἢ
1791 5601 1868 5666 είς
1918 5601 1982 5658 τᾶ

328 5697 532 5757 τάλιιον
595 5695 763 5755 αότόν
819 5691 912 5749 καὶ
971 5689 1414 5748 λοσιτελᾶστατον
1472 5689 1718 5769 ὀφθῆναιο
1779 5697 1981 5772 γίνεται

2081 3387 2238 3442 tibus
2271 3387 2602 3442 exhortatio
2643 3387 2716 3443 ad
2775 3395 3083 3460 peccatum
3129 3389 3440 3444 videantur
3485 3406 3556 3445 ea
3594 3405 3727 3462 quas

2081 3476 2236 3532 dicta
2254 3482 2412 3541 sunt,
2432 3477 2625 3532 aufert
2655 3477 2776 3531 illa.
2805 3503 2822 3525 -
2854 3477 3054 3532 Absit!
3083 3503 3103 3530 ι
3141 3477 3537 3551 inquit:quod
3561 3479 3620 3533 in
3637 3478 3729 3534 his

2081 3585 2210 3640 quae
2243 3568 2398 3640 apud
2425 3585 2634 3624 omnes
2656 3568 2913 3624 absurda
2939 3569 3234 3626 habentur
3254 3571 3451 3626 dicere
3479 3587 3730 3626 consue-

2081 3659 2288 3714 vimus.
2318 3682 2343 3709 «
2374 3659 2479 3724 Qui
2507 3661 2722 3715 mortui
2747 3677 2953 3716 sumus
2975 3668 3280 3732 peccato,n
3306 3667 3416 3717 etc.
3448 3661 3545 3716 Vel
3569 3659 3728 3732 quod

2081 3764 2150 3802 ex
2169 3748 2296 3819 ejus
2319 3755 2484 3819 parte
2509 3750 2680 3803 morti
2694 3749 2848 3804 ticati
2871 3766 3077 3804 sumus
3103 3767 3116 3804 :
3137 3749 3432 3820 quomodo
3448 3765 3583 3819 ergo
3600 3748 3730 3803 fieri

2082 3843 2295 3907 potest,
2329 3843 2394 3892 ut
2425 3852 2492 3892 ex
2524 3837 2729 3892 eadem
2763 3844 2930 3909 parte
2963 3843 3019 3893 et
3073 3838 3333 3892 vivamus
3379 3843 3436 3893 et
3483 3837 3736 3892 mortiﬁ-

2082 3926 2196 3980 cati
2232 3925 2463 3980 simus?
2496 3926 2595 3981 Vel
2619 3927 2762 3996 quia
2793 3927 3011 3981 mortui
3046 3943 3250 3982 sumus
3283 3931 3545 3998 peccato,
3597 3941 3732 3981 cum

2082 4014 2312 4070 Christo
2347 4014 2712 4070 credidimus
2738 4015 3133 4087 baptizatique
3167 4031 3392 4071 sumus.
3432 4016 3557 4070 Non
3590 4031 3728 4089 ergo

2083 4108 2330 4175 oportet,
2359 4103 2573 4175 inquit,
2608 4120 2708 4159 eos
2742 4104 2840 4174 qui
2866 4103 3186 4160 salutarem
3210 4104 3731 4161 mortiﬁcationem

2082 4192 2240 4264 passi
2272 4198 2429 4256 sunt,
2464 4192 2623 4248 mala
2643 4194 2869 4264 peccati
2893 4193 3008 4249 vita
3028 4193 3248 4258 vivere,
3276 4200 3516 4266 peccato
3530 4200 3730 4250 autem

2084 4282 2424 4339 mortiﬁcati
2459 4298 2684 4338 sumus.
2714 4283 2981 4349 Quonam
3015 4282 3190 4339 modo
3215 4281 3242 4337 ?
3270 4289 3336 4338 ut
3363 4283 3472 4350 illi,
3507 4283 3728 4355 inquit,

2085 4389 2206 4428 non
2237 4371 2740 4443 obtemperemus.

2691 4499 2922 4556 CAPUT
2963 4499 3106 4555 VIII.

2086 4603 2160 4656 De
2191 4601 2453 4656 bonorum
2484 4617 2708 4671 cperam
2740 4604 2953 4657 actione
3010 4617 3130 4672 qua
3179 4599 3341 4671 fidem
3386 4601 3584 4656 debent
3635 4617 3728 4656 eo-

2793 4675 3004 4728 mitari.

2153 4799 2243 4862 VI,
2277 4799 2386 4853 3-5.
2426 4801 2512 4854 Αη
2564 4802 2837 4870 ignoratis
2893 4799 3042 4870 quod
3089 4802 3405 4871 quicunque
3462 4799 3733 4872 baptizati

2084 4903 2264 4946 sumus
2288 4891 2348 4943 in
2382 4888 2656 4945 Christum
2675 4889 2883 4956 Iesum,
2916 4891 2975 4943 in
3006 4897 3234 4944 mortem
3260 4891 3433 4960 ipsius
3465 4890 3738 4961 baptizati

2084 4994 2265 5056 sumus
2285 4980 2313 5032 ?
2335 4977 2648 5048 Consepulti
2678 4981 2822 5032 enim
2851 4993 3033 5034 sumus
3061 4981 3111 5033 ei
3160 4995 3265 5050 per
3305 4979 3638 5049 baptismum
3671 4980 3733 5030 in

2084 5075 2362 5122 mortem:
2416 5073 2479 5120 ut
2535 5066 2992 5136 quemadmodum
3074 5069 3317 5122 surrexit
3371 5067 3614 5122 Christus
3667 5081 3738 5121 ea:

2085 5157 2316 5211 mortuis
2339 5171 2444 5224 per
2479 5155 2718 5224 gloriam
2748 5157 2952 5222 Patris,
2986 5157 3066 5211 ita
3097 5164 3147 5212 et
3177 5173 3272 5212 nos
3296 5172 3400 5226 per
3428 5154 3736 5210 novitatem

2085 5248 2209 5301 vitm
2240 5244 2597 5300 ambulemus.
2633 5248 2769 5301 Nam
2829 5248 2877 5301 si
2933 5246 3298 5317 complantati
3357 5245 3500 5312 facti
3552 5258 3739 5299 sumus

2086 5333 2453 5391 similitudine
2490 5337 2681 5390 mortis
2720 5336 2858 5406 ejus,
2913 5335 3179 5390 nimirum
3227 5340 3276 5389 et
3321 5333 3741 5388 resurrectionis

2090 5439 2290 5480 erimus
2300 5465 2310 5476 .

2161 5531 2316 5587 214
2349 5551 2376 5580 «
2411 5531 2476 5586 In
2508 5536 2760 5586 mortem
2800 5531 2988 5602 ipsius
3018 5529 3294 5602 baptizati
3342 5543 3567 5586 sumus.
3602 5551 3628 5579 ιι
3667 5529 3740 5585 Ut

2092 5619 2372 5676 similiter
2411 5617 2482 5676 ad
2505 5625 2756 5677 mortem
2785 5620 2974 5694 ipsius
3006 5635 3398 5692 moreremur,
3430 5619 3519 5675 vel
3544 5624 3612 5676 ut
3635 5618 3740 5675 illa

2092 5709 2353 5784 perfecta
2384 5725 2450 5766 ac
2483 5709 2803 5767 utilissima
2832 5716 3151 5783 appareat:
3186 5711 3312 5768 haec
3333 5716 3540 5796 autem.
3554 5707 3615 5766 in
3632 5708 3739 5765 ha-
