4126 6256
442 348 561 410 431

1570 336 1994 401 CECUMENII
2038 333 2342 399 TRIGCE
2383 338 2740 407 EPISCOPI

3719 350 3836 411 ΒΞ

427 489 705 560 ptismate
744 482 1117 556 contingunt.
1151 481 1297 537 Nam
1317 476 1597 549 baptizati
1626 479 1869 548 peccata
1900 471 2086 544 depo-

2209 469 2456 532 δὲταῦτα
2496 475 2587 534 διὰ
2640 482 2737 535 τοῦ
2796 479 3194 556 βαπτίσματος.
3251 478 3656 555 Βαπτιζόμενοι
3711 480 3837 559 γὰρ,

432 579 644 634 nimus
673 593 686 629 :
720 570 1124 646 quodChristi
1154 586 1315 625 mors
1347 568 1525 640 cmpit
1574 565 1831 623 efﬁcere.
1862 562 2098 618 Etenim

438 684 545 740 pro
582 665 803 721 nostris
826 668 1094 720 mortuus
1117 667 1208 716 est
1226 658 1506 731 peccatis,
1538 656 1743 714 volens
1766 671 1877 710 nos
1905 652 1977 709 ab
2004 652 2099 706 his

438 757 688 812 reddere
720 755 961 810 liberos.
999 755 1152 807 Mors
1211 751 1413 821 itaque
1453 747 1670 803 Christi
1716 751 1959 817 operata
2008 751 2099 798 es“

433 854 779 904 nostrorum
801 844 1234 917 depositionem
1255 858 1324 897 ac
1348 837 1873 896 mortiﬁcationem
1893 828 2100 907 pecca-

445 945 662 1004 torum,
696 942 756 993 et
784 938 1072 1007 quantum
1103 936 1166 988 in
1195 933 1324 1004 ipsa
1349 937 1476 987 erat
1500 930 1745 986 omnino
1780 925 2023 981 diremit
2043 941 2104 1012 et

446 1027 726 1100 alligavit.
766 1025 905 1081 Sola
936 1040 1075 1094 ergo
1107 1040 1266 1078 nunc
1315 1021 1640 1092 requiritur
1679 1017 1828 1074 ﬁdes
1873 1019 2101 1100 nostra,

443 1119 681 1174 animus
709 1133 778 1173 ac
810 1115 1106 1171 voluntas.
1143 1113 1276 1168 Haec
1325 1116 1525 1168 autem
1575 1125 1681 1181 per
1736 1106 2101 1179 baptismum

446 1207 939 1262 demonstrantur
968 1221 981 1260 :
1018 1218 1135 1274 quo
1171 1206 1410 1274 peracto
1442 1198 1688 1270 planum
1716 1196 1784 1251 ﬁt
1814 1200 2103 1266 quantum

447 1295 668 1352 Christi
698 1310 860 1350 mors
896 1297 1165 1349 nostram
1215 1288 1579 1362 promoverit
1626 1286 1915 1342 salutem.
1945 1283 2103 1338 Bene

448 1403 585 1458 ergo
618 1386 737 1441 ait:
772 1408 799 1435 «
833 1385 894 1439 In
930 1386 1183 1438 mortem
1214 1378 1431 1434 Christi
1483 1376 1760 1449 baptizati
1811 1390 2037 1429 sumus.
2074 1394 2102 1422 ››

445 1482 588 1547 puta
616 1481 681 1529 ut
711 1473 991 1529 similiter
1016 1468 1462 1543 propemodum
1495 1467 1713 1523 mortui
1745 1465 1821 1521 ad
1853 1468 2102 1519 mortem

444 1565 659 1636 ipsius,
692 1568 937 1635 peccata
968 1561 1029 1616 in
1077 1559 1433 1631 baptismate
1482 1556 1862 1628 sepeliamus.
1915 1554 2105 1623 thue

449 1652 826 1708 manifestius
858 1650 963 1706 ﬁat
990 1649 1228 1704 lucrum
1260 1646 1538 1703 salutaris
1562 1644 1768 1701 mortis
1789 1642 1978 1715 ipsius
2002 1657 2107 1713 per

454 1758 664 1797 omnes
686 1741 1159 1797 demonstratum
1179 1754 1328 1805 esse,
1349 1734 1671 1792 dummodo
1693 1751 1802 1789 nos
1828 1733 1902 1789 ad
1926 1733 2107 1790 haare-

2203 560 2569 641 ἀποτιθέμεθα
2626 570 2721 630 τὰς
2787 569 3077 644 ἁμαρτίας,
3134 568 3265 643 ὅπερ
3317 566 3514 643 ἤρξατο
3589 571 3842 645 κατεργά-

2206 656 2440 722 ζεσθαιὸ
2481 656 2708 722 θάνατος
2763 662 2860 714 τοῦ
2918 660 3174 734 Χριστοῦ.
3236 659 3338 718 Καὶ
3396 659 3495 734 γὰρ
3555 658 3689 735 ὕπερ
3743 665 3841 716 τῶν

2205 742 2493 819 ἡμετέρων
2548 747 2809 813 ἀπέθανεν
2869 751 3174 826 ἁμαρτιῶν,
3233 751 3592 823 ἐλευθερῶσαι
3650 750 3843 811 τούτων

2206 837 2356 908 ἡμᾶς
2417 835 2786 913 βουλόμενος.
2849 843 3186 917 Ἐνήργησεν
3248 840 3339 896 οὗν
3397 842 3425 896 ὁ
3481 841 3708 902 θάνατος
3760 841 3848 896 τοῦ

2207 926 2447 1000 Χριστοῦ
2477 928 2579 997 τὴν
2616 929 2869 985 ἀπόθεσιν
2928 930 3020 985 καὶ
3077 929 3337 1006 νέκρωσιν
3390 935 3496 985 τῶν
3559 931 3847 1003 ἁμαρτιῶν,

2207 1014 2299 1071 καὶ
2332 1014 2457 1071 ὅσον
2514 1016 2595 1096 ἐφ’
2657 1018 2835 1092 ἑαυτῷ
2889 1019 2952 1074 τὸ
3010 1020 3140 1075 ὃλον
3197 1019 3499 1095 ἀπήρτησε.
3564 1017 3744 1074 Λείπει
3798 1016 3849 1073 δὲ

2213 1104 2350 1179 μόνη
2412 1108 2449 1175 ἡ
2511 1109 2672 1180 ἡμῶν
2726 1109 2911 1171 πίστις
2967 1109 3060 1164 καὶ
3114 1110 3311 1185 γνώμη
3373 1110 3465 1165 καὶ
3523 1109 3847 1184 προαίρεσις,

2209 1197 2395 1252 Ταῦτα
2421 1193 2479 1251 δὲ
2509 1193 2601 1251 διὰ
2649 1201 2747 1253 τοῦ
2809 1198 3186 1273 βαπτίσματος
3246 1196 3642 1266 ἐπιδείκνυται,
3700 1198 3853 1273 οὗπερ

2209 1283 2657 1360 ἐπιτελουμένου,
2693 1289 2721 1343 ὁ
2777 1289 2999 1353 θάνατος
3064 1287 3277 1362 μᾶλλον
3340 1293 3439 1346 τοῦ
3496 1291 3733 1366 Χριστοῦ
3785 1288 3851 1350 εἰς

2209 1374 2334 1431 ὅσον
2395 1372 2571 1447 ὤνησε
2638 1376 2931 1452 σωτηρίας,
3018 1380 3397 1460 ἐμφανίζεται.
3498 1378 3693 1441 Καλῶς
3770 1376 3851 1433 οὗν

2210 1486 2398 1540 φησιν·
2456 1490 2485 1519 ‹‹
2544 1466 2637 1530 Εἰς
2690 1466 2782 1523 τὸν
2839 1468 3070 1525 θάνατον
3125 1469 3296 1524 αὐτοῦ
3353 1464 3778 1542 ἐϐαπτίσθημεν,
3826 1492 3844 1519 ι

2210 1555 2334 1610 οἷον
2374 1553 2452 1620 είς
2505 1557 2569 1611 τὸ
2627 1557 2909 1611 ἀποθανεῖν
2967 1557 3062 1612 τὸν
3117 1557 3503 1633 παραπλήσιον
3568 1555 3716 1629 αὐτῷ
3765 1557 3854 1612 θά-

2209 1664 2391 1714 νατον,
2456 1644 2554 1709 τὰς
2610 1646 2883 1721 ἁμαρτίας
2938 1651 3019 1719 τῷ
3086 1645 3423 1724 βαπτίσματι
3480 1645 3853 1717 ἐνθάπτοντας,

2209 1732 2300 1789 καὶ
2332 1732 2411 1796 είς
2440 1736 2503 1789 τὸ
2544 1733 2935 1815 ἐμφανέστερον
2993 1741 3091 1792 τοῦ
3150 1740 3425 1813 σωτηρίου
3484 1739 3719 1803 θανάτου
3771 1737 3855 1792 αὖ-

445 1830 502 1885 di
513 1830 727 1887 tariam
749 1829 962 1886 salutis
982 1826 1424 1899 possessionem
1446 1823 2100 1892 animum,voluntatem

2210 1826 2308 1878 τοῦ
2335 1823 2398 1878 τὸ
2427 1820 2619 1899 κέρδος
2671 1821 2762 1879 διὰ
2816 1825 3033 1881 πάντων
3093 1823 3494 1901 ὖπιόειχθῆναι,
3558 1827 3649 1881 καὶ
3705 1828 3849 1900 ἡμῶν

450 1936 519 1975 ac
552 1918 732 1974 ﬁdem
765 1917 1164 1983 conferamus,
1213 1914 1612 1986 increpatorio
1661 1930 1803 1968 usus
1844 1916 1933 1967 est
1980 1928 2106 1967 ser-

448 2008 1055 2078 mone.interpretans
1080 2004 1643 2077 quomodopeccato
1660 2002 1878 2058 mortui
1894 2002 2103 2068 simus,

449 2104 508 2153 et
526 2098 704 2153 dicit:
726 2119 754 2148 «
770 2100 862 2152 An
879 2095 1164 2169 ignoratis
1182 2095 1339 2166 quod
1363 2096 1703 2166 quicunque
1725 2093 1785 2147 in
1807 2091 2106 2147 Christum

450 2186 731 2259 baptizati
763 2203 991 2254 sumus,
1024 2186 1087 2240 in
1126 2186 1237 2240 hoc
1294 2183 1567 2256 baptizati
1620 2199 1827 2238 sumus
1880 2188 1947 2236 ut
1993 2179 2107 2252 ipsi

455 2293 693 2348 quoque
717 2276 1043 2332 moriamur
1059 2275 1086 2330 Ἰ
1108 2297 1137 2325 ››
1152 2278 1405 2330 mortem
1427 2273 1587 2329 enim
1608 2271 2111 2345 baptismaimita-

460 2372 636 2421 tatur.
671 2367 816 2422 Nam
855 2365 968 2420 hoc
998 2364 1297 2438 signiﬁcat
1325 2364 1485 2435 quod
1515 2364 1637 2419 ait:
1672 2386 1698 2413 ‹‹
1733 2365 1799 2418 In
1851 2369 2106 2418 mortem

459 2456 646 2526 ipsius
670 2454 943 2527 baptizati
967 2472 1192 2510 sumus.
1211 2477 1238 2505 »
1266 2455 1615 2525 Quanquam
1639 2454 1800 2509 enim
1813 2452 2111 2525 baptisma

463 2561 626 2601 mors
655 2561 774 2601 non
814 2545 893 2601 sit
921 2544 1247 2616 corporalis
1272 2550 1652 2616 peccatorum
1703 2549 1902 2599 tamen
1948 2559 2109 2598 mors

461 2650 591 2690 esse
660 2633 901 2689 dicitur.
962 2655 991 2683 ‹‹
1050 2634 1164 2687 Per
1218 2632 1579 2703 baptismum
1638 2631 1699 2686 in
1755 2638 2028 2687 mortem.
2079 2653 2108 2681 »

454 2723 953 2795 Quandoquidem
982 2723 1085 2778 ubi
1116 2721 1505 2793 baptizamur,
1547 2722 1803 2778 fatemur
1819 2738 1929 2777 nos
1951 2738 2111 2777 mor-

457 2821 591 2870 tuos
615 2829 744 2868 esse
766 2812 989 2867 mundo
1007 2829 1075 2867 ac
1098 2812 1474 2867 renuntiasse
1502 2817 1743 2882 peccato
1762 2817 1821 2867 et
1848 2811 2107 2868 diabolo.

446 2925 489 2953 -‹‹
523 2902 792 2958 Christus
824 2901 1084 2957 surrexit
1111 2917 1219 2973 per
1247 2900 1497 2973 gloriam
1519 2901 1730 2957 Patris.
1754 2922 1781 2950 ››
1805 2900 2111 2957 Persuasi-

455 2992 641 3048 bilem
680 2992 822 3048 facit
856 2992 1360 3048 resurrectionem
1394 3008 1498 3063 per
1529 2991 1780 3064 gloriam
1832 2993 1962 3065 ejus
2006 2993 2107 3065 qui

457 3080 749 3136 excitavit.
784 3080 940 3136 Bene
971 3097 1109 3153 ergo
1170 3081 1405 3134 Patrem
1452 3080 1537 3134 ait
1581 3081 1896 3137 excitasse.
1963 3083 2109 3136 Nam

2211 1913 2348 1984 πρὸς
2378 1913 2477 1982 τήν
2511 1909 2849 1987 ὁλοκληρίαν
2884 1921 2987 1983 τῆς
3014 1917 3290 1988 σωτηρίας
3337 1916 3438 1985 τὴν
3487 1916 3723 1990 γνώμην
3777 1914 3855 1969 καὶ

2209 2001 2307 2069 τήν
2361 2002 2671 2077 προαίρεσιν
2729 2003 2979 2077 καὶξτὴν
3036 2001 3218 2060 πίστιν
3291 2005 3717 2081 συνεισαγόντων
3769 1998 3846 2057 διὰ

2210 2093 2308 2144 τοῦ
2342 2090 2739 2164 βαπτίσματος.
2773 2088 3335 2167 Ἐπιπληκτικωτέρῳ
3366 2089 3423 2146 δὶ
3452 2089 3617 2167 λόγῳ
3660 2092 3854 2171 κέχρη-

2211 2201 2321 2251 ται,
2354 2180 2667 2255 ἑρμηνεύων
2698 2186 2816 2244 πῶς
2847 2180 3185 2256 ἀπεθάνομεν
3213 2185 3283 2256 τῇ
3316 2182 3562 2259 ἁμαρτίᾳ
3614 2182 3702 2238 καὶ
3752 2203 3850 2261 φη·

2213 2289 2319 2325 σινο
2353 2271 2421 2327 Ἦ
2453 2271 2695 2347 ἀγνοεῖτε
2726 2273 2812 2328 ὅτι
2842 2273 2981 2345 ξὸσοι
3035 2272 3112 2336 είς
3167 2273 3400 2348 Χριστὸν
3456 2266 3854 2345 ἐϐαπτίσθημεν

2216 2359 2298 2414 εἷσ
2324 2364 2491 2416 τοῦτο
2523 2356 2943 2434 ἐϐαπτίσθημεν,
2978 2361 3054 2424 είς
3083 2362 3145 2416 τὸ
3187 2363 3277 2417 καὶ
3335 2360 3489 2417 αὐτοὶ
3552 2363 3856 2431 ἀποθανεῖνς

2215 2451 2439 2505 θάνατον
2470 2450 2570 2527 γὰρ
2606 2456 2856 2524 μιμεῖται
2884 2452 2948 2506 τὸ
2977 2450 3275 2528 βάπτισμα·
3307 2455 3475 2507 τοῦτο
3518 2452 3628 2528 γὰρ
3680 2448 3852 2520 δηλοῖ,

2213 2542 2298 2613 τὸ,
2335 2542 2490 2615 (ζείς
2516 2545 2607 2599 τὸν
2639 2544 2864 2600 θάνατον
2898 2544 3062 2599 αὐτοῦ
3098 2539 3535 2617 ἐϐαπτίσθημεν.
3575 2569 3596 2597 ι
3652 2543 3714 2601 Εἰ
3759 2543 3855 2619 γὰρ

2215 2631 2306 2688 καὶ
2341 2635 2418 2705 μή
2452 2634 2768 2708 σωματικάς
2794 2634 2907 2690 ἐστι
2934 2634 3166 2706 θάνητος
3210 2635 3271 2689 τὸ
3328 2634 3642 2710 βαπτισμα,
3689 2634 3850 2707 ἀμαρ-

2215 2727 2346 2778 τιῶν
2389 2723 2590 2795 μέντοι.
2629 2749 2649 2775 ιι
2688 2724 2785 2778 Διὰ
2830 2728 2928 2778 τοῦ
2992 2724 3365 2799 βαπτίσματος
3426 2722 3506 2787 εἲς
3569 2725 3656 2779 τὸν
3707 2721 3849 2777 θάνα-

2213 2834 2323 2870 τον.
2391 2838 2418 2865 ››
2475 2811 2698 2885 Ἐπειδὴ
2764 2815 3159 2890 βαπτιζόμενοι
3219 2814 3612 2890 ὁμολογοῦμεν
3677 2811 3845 2868 ἀποτε-

2217 2904 2469 2972 θνηκέναι
2514 2908 2592 2976 τῷ
2643 2905 2837 2978 κόσμῳ
2893 2904 2982 2959 καὶ
3037 2903 3433 2968 ἀποτάσσεσθαι
3496 2908 3578 2978 τῇ
3638 2902 3836 2976 ἁμαρτίᾳ

2215 2991 2415 3063 καῖτῷ
2446 2986 2712 3065 διαϐόλῳ.
2779 3019 2797 3042 ε
2836 2991 3068 3068 Χριστὸς
3124 2993 3331 3070 ἠγέρθη
3396 2988 3485 3046 διὰ
3549 2996 3653 3058 τῆς
3704 2988 3831 3059 δόξης

2213 3085 2310 3136 τοῦ
2342 3081 2571 3157 Πατρός.
2609 3106 2636 3134 ››
2671 3083 2905 3151 [Ιιθανὴν
2950 3087 3188 3137 ποιεῖται
3243 3084 3342 3150 τήν
3397 3079 3709 3152 ἀνάστασιν,
3762 3077 3837 3133 διὰ

454 3187 592 3225 cum
625 3170 718 3225 his
750 3170 849 3241 qui
880 3170 1075 3225 adhuc
1106 3169 1333 3241 parvuli
1364 3175 1535 3225 erant
1564 3186 1759 3226 sermo
1808 3170 1923 3243 ipsi
1955 3176 2098 3226 erat.

2212 3174 2312 3241 τῆς
2340 3175 2437 3228 τοῦ
2491 3171 2799 3247 ἐγείραντος
2857 3169 3039 3243 δόξης.
3097 3169 3294 3233 Καλῶς
3352 3171 3444 3225 οὖν
3503 3172 3604 3228 τὸν
3659 3166 3840 3244 Πατέρα

2329 3261 2344 3278 \
2437 3261 2450 3278 θ
2671 3262 2681 3278 ο
2857 3266 2898 3278 ιν
2992 3261 3002 3278 1
3192 3259 3207 3278 \
3302 3253 3327 3278 Ἰ
3436 3256 3462 3278 δ
3529 3261 3591 3278 κε

452 3291 520 3300 —
551 3259 809 3314 Gloriam
841 3266 1040 3315 autem
1073 3261 1457 3328 Patrisvocat
1474 3259 1690 3315 Christi
1709 3259 2100 3343 divinitatem,

450 3349 562 3403 hoc
595 3355 704 3415 est,
736 3364 843 3419 per
889 3350 1194 3420 propriam
1253 3348 1643 3404 divinitatem.
1696 3351 1838 3404 Nam
1888 3356 1948 3405 et
1985 3350 2100 3406 alio

451 3438 580 3492 loco
613 3437 794 3491 dicit:
828 3459 856 3487 «
888 3438 961 3492 Ut
991 3438 1144 3492 Deus
1176 3437 1412 3491 Domini
1460 3437 1674 3492 nostri‘
1701 3439 1840 3493 Jesu
1884 3439 2101 3493 Christi

452 3529 627 3582 Pater
655 3525 858 3599 glorise
888 3527 951 3580 ὀ.
992 3546 1015 3577 υ
1050 3527 1437 3598 Consequens
1470 3533 1668 3582 autem
1699 3532 1827 3583 erat
1854 3534 1920 3583 ut
1940 3528 2100 3583 dice-

451 3622 569 3672 ret:
604 3620 690 3671 lta
713 3622 772 3671 et
794 3632 902 3671 nos
925 3632 1303 3688 resurgemus
1329 3633 1340 3669 :
1376 3615 1479 3672 sed
1493 3615 1567 3670 ad
1590 3617 2100 3673 conversationem

452 3706 584 3761 vitae
615 3705 943 3772 descendit,
1004 3704 1182 3761 aliam
1210 3721 1245 3759 a
1274 3704 1446 3759 nobis
1504 3711 1785 3776 expetens
1832 3721 2101 3761 resurre-

453 3797 738 3865 ctionem,
766 3813 897 3867 qua)
930 3800 1020 3850 est
1048 3812 1153 3866 per
1183 3794 1401 3851 bonam
1433 3811 1666 3850 morum
1696 3797 2100 3852 conversatio-

450 3905 610 3957 nem,
642 3888 703 3943 in
734 3905 852 3959 qua
893 3894 1205 3960 peccatum
1262 3894 1562 3943 mortuum
1622 3895 1730 3954 est,
1786 3889 1903 3945 vita
1958 3906 2096 3945 vero

450 3978 707 4050 resurgit
735 3978 935 4032 virtuti
955 3977 1296 4033 conformis.
1323 3978 1467 4033 Nam
1499 3977 1641 4033 dum
1672 3977 1908 4034 adulter
1927 3979 2097 4035 dein-

449 4084 587 4139 ceps
609 4066 967 4123 adulterium
983 4067 1237 4138 amplius
1256 4084 1376 4123 non
1389 4072 1911 4141 perpetrat,neque
1942 4070 2036 4126 27
2046 4069 2090 4127 ὗ

451 4164 654 4229 raptor
674 4160 802 4231 jam
834 4175 955 4214 non
985 4158 1162 4229 rapit,
1193 4158 1304 4213 hoc
1332 4158 1463 4212 vitae
1495 4159 1724 4214 novitas
1754 4165 1862 4214 est.

520 4250 656 4304 Item
685 4254 737 4303 et
765 4249 947 4304 aliter.
969 4250 1185 4304 Novam
1203 4252 1436 4319 oportet
1465 4263 1593 4303 esse
1615 4248 1794 4303 vitam
1828 4248 2093 4304 ﬁdelium

456 4355 587 4409 qua)
618 4337 853 4393 nullum
880 4338 1096 4393 veteris
1125 4337 1350 4408 peccati
1394 4337 1706 4393 contrahat
1734 4335 2092 4411 contagium.

451 4450 472 4476 ι
514 4429 659 4483 Nam
692 4429 739 4482 si
773 4426 1180 4499 complantati.
1217 4449 1244 4475 ››
1277 4426 1739 4481 Similitudinem
1781 4429 2095 4486 ostendere

446 4523 695 4572 conatur
724 4517 879 4572 inter
908 4534 1015 4571 nos
1046 4533 1112 4571 ac
1142 4514 1464 4583 Christum,
1499 4520 1556 4569 et
1586 4516 1667 4570 ait
1700 4532 1712 4569 :
1764 4539 1790 4566 ‹‹
1826 4517 1880 4571 Si
1930 4534 2091 4574 com-

442 4605 696 4676 plantati
727 4606 846 4661 sive
878 4605 1199 4677 participes
1226 4604 1366 4661 facti
1424 4620 1630 4659 sumus
1677 4606 1904 4660 mortis.
1940 4628 1967 4656 ››
2001 4607 2084 4663 Ob

446 4694 558 4748 hoc
579 4700 777 4749 autem
798 4694 1576 4766 complantatosdicit,quod
1594 4694 2098 4766 quemadmodum

447 4798 662 4852 corpus
692 4782 1070 4839 Dominicum
1130 4783 1191 4837 in
1251 4787 1408 4838 terra
1465 4783 1784 4854 sepultum,
1843 4785 2097 4841 salutem

445 4869 666 4927 mando
697 4870 995 4942 produxit,
1027 4873 1110 4926 ita
1166 4877 1224 4926 et
1271 4877 1562 4941 nostrum,
1613 4872 1826 4944 inquit,
1874 4873 1953 4928 in'
1991 4873 2099 4930 ba-

443 4960 722 5033 ptismate
754 4959 1054 5031 sepultum
1086 4959 1408 5032 nobisipsis
1448 4961 1745 5032 justitiam
1794 4963 2093 5033 produxit.

441 5049 845 5122 Metaphorica
875 5048 1053 5103 dictio
1106 5054 1213 5103 est.
1274 5049 1690 5120 Complantati,
1739 5051 1812 5106 ab
1863 5052 2092 5107 arbori-

438 5140 746 5212 busjuxta
796 5137 1259 5193 similitudinem
1310 5146 1565 5210 sumpta,
1612 5157 1743 5211 quas
1789 5140 1968 5197 simul
2017 5143 2091 5200 ad

437 5246 499 5284 se
556 5230 809 5284 invicem
866 5227 1149 5300 plantatae
1201 5233 1359 5282 sunt.
1422 5229 1623 5299 Itaque
1680 5229 2087 5303 complantati,

435 5317 537 5384 ait,
576 5316 715 5372 facti
775 5322 983 5371 Sumus
1052 5314 1444 5370 similitudine
1502 5316 1710 5370 mortis
1767 5317 1918 5388 ejus,
1977 5320 2089 5376 hoc

2215 3261 2376 3341 φησὶν
2432 3261 2799 3337 ἐγηγερκέναι.
2856 3261 3093 3332 Νηπίοις
3147 3259 3247 3334 γὰρ
3299 3253 3382 3315 ἔτι
3434 3256 3841 3336 διαλέγεται.-

2212 3352 2546 3426 [ΘΕΟΔΩΡ.]
2604 3350 2767 3419 Δόξαν
2854 3346 2912 3405 δὲ
2992 3353 3089 3404 τοῦ
3178 3349 3410 3424 Πατρὸς,
3466 3349 3569 3418 τήν
3630 3350 3839 3417 θεότητα

2208 3441 2368 3497 καλεῖ
2395 3445 2491 3496 τοῦ
2518 3444 2785 3515 Χριστοῦ,
2816 3437 3081 3507 τουτέστι,
3118 3435 3209 3494 διὰ
3262 3444 3365 3507 τῆς
3409 3437 3615 3500 οἰκείας
3666 3448 3839 3506 θεοτη-

2207 3552 2322 3594 τος.
2356 3530 2589 3606 Καὶγᾶρ
2645 3528 2698 3585 ἐν
2758 3523 2924 3605 ἑτέρῳ
2981 3527 3167 3608 φησίν⁸
3229 3552 3257 3580 ‹‹
3314 3528 3428 3585 Ἵνα
3481 3527 3510 3581 ὁ
3570 3529 3697 3588 Θεὸς
3751 3526 3842 3579 τοῦ

2211 3621 2413 3697 Κυρίου
2443 3622 2604 3694 ἡμῶν
2635 3620 2817 3689 Ἰησοῦ
2876 3620 3116 3693 Χριστοῦ
3147 3617 3176 3672 ὁ
3210 3618 3396 3692 Πατὴρ
3451 3621 3553 3684 τῆς
3606 3612 3777 3685 δόξης.
3813 3636 3839 3663 υ

2207 3712 2306 3768 Ἦν
2364 3706 2420 3764 δὲ
2471 3707 2772 3764 ἀκόλουθον
2862 3707 3054 3765 εἰπεῖν.
3112 3704 3302 3769 Οὕτως
3362 3705 3454 3762 καὶ
3511 3708 3674 3783 ἡμεῖς
3727 3705 3836 3759 ἀνα-

2210 3800 2538 3874 στησόμεθα·
2572 3798 2699 3855 ἀλλ’
2744 3798 2820 3859 είς
2879 3793 3162 3853 πολιτείαν
3217 3796 3407 3866 ἦλθεν,
3465 3794 3648 3872 ἑτέραν
3700 3797 3829 3867 ἡμᾶς

2208 3891 2450 3946 ἀπαιτῶν
2515 3887 2820 3955 ἀνάστασιν,
2902 3885 3000 3953 τήν
3058 3881 3147 3939 διὰ
3223 3888 3478 3960 χρηστῆς
3552 3882 3823 3953 πολιτείας,

2207 3978 2325 4053 ἐνῇ
2372 3981 2648 4053 νεκροῦται
2711 3975 2805 4049 μὶν
2862 3976 2897 4043 ἡ
2957 3973 3216 4049 ἁμαρτία,
3278 3970 3556 4028 ἀνίσταται
3608 3967 3661 4025 δὲ
3712 3965 3818 4053 βίος

2204 4050 2474 4145 ἐνάρετος..
2529 4069 2586 4120 Ὃ
2642 4064 2838 4137 πόρνος
2896 4062 2946 4118 ἐν
3004 4063 3050 4136 ᾧ
3139 4059 3333 4136 μηκέτι
3414 4060 3682 4138 πορνεεὴι,
3740 4050 3821 4110 καὶ

2206 4160 2235 4214 ὁ
2267 4158 2435 4233 ἅρπαξ
2473 4157 2548 4228 μὴ
2582 4155 2832 4231 ἁρπάζει,
2860 4156 3024 4207 τοῦτο
3051 4151 3310 4222 καινότης
3341 4155 3511 4221 ζωῆς.

2278 4247 2381 4305 Καὶ
2413 4244 2620 4307 ἄλλως.
2685 4243 2894 4318 [ΦΩΤ.]
2951 4242 3090 4300 Νέαν
3146 4238 3230 4296 δεῖ
3283 4240 3416 4295 εἶναι
3472 4245 3584 4296 τῶν
3643 4237 3827 4297 πιστῶν

2202 4338 2302 4406 τήν
2335 4337 2498 4406 ζωὴν,
2532 4330 2702 4406 μηδὲν
2748 4338 2849 4401 τῆς
2907 4328 3143 4393 παλαιᾶς
3196 4329 3463 4406 ἁμαρτίας
3518 4323 3829 4404 ἐπισυρομέ-

2203 4448 2299 4497 νην
2332 4420 2567 4500 ἐφόδιον.
2602 4444 2626 4475 α
2664 4420 2723 4478 Εἰ
2752 4420 2853 4495 γὰρ
2886 4414 3176 4499 σόμφυτοι,
3211 4441 3239 4471 ››
3295 4417 3631 4489 Ὃμοιότητα
3679 4412 3832 4500 δεῖξαι

2203 4515 2472 4590 ἐπιχειρεῖ
2503 4515 2662 4585 ἡμῶν
2694 4530 2752 4564 τε
2778 4507 2870 4565 καὶ
2899 4512 2998 4563 τοῦ
3028 4510 3286 4583 Χριστοῦ,
3338 4505 3428 4563 καί
3482 4524 3668 4586 φησιν·
3707 4528 3732 4560 ι
3777 4499 3834 4558 Εἴ

2199 4602 2491 4684 σύμφυτοί,
2533 4602 2651 4656 οἷον
2688 4597 3058 4677 συμμέτοχοι,
3091 4597 3382 4674 γεγόναμεν
3413 4596 3509 4652 τοῦ
3538 4608 3778 4661 θανατου.
3807 4613 3832 4642 η

2209 4676 2530 4765 Eone-51004
2564 4686 2621 4744 δὲ
2649 4685 2794 4763 λέγει
2846 4683 2934 4740 διὰ
2974 4676 3162 4752 τοῦτο,
3215 4680 3398 4758 ὥσπερ
3449 4683 3511 4738 τὸ
3570 4686 3728 4756 σῶμα
3778 4676 3835 4733 τὸ

2207 4780 2530 4836 Δεσποτικὸν
2560 4777 2721 4856 ταφὶν
2756 4775 2807 4831 ἐν
2837 4778 2906 4849 τῇ
2946 4778 3019 4850 γῇ
3075 4768 3232 4851 ἔφυσε
3284 4772 3559 4848 σωτηρίαν
3612 4775 3690 4843 τῷ
3745 4766 3835 4856 κόῌ·

2206 4892 2350 4943 σμῳ,
2385 4868 2558 4930 οὕτως
2588 4852 2679 4921 καὶ
2709 4867 2771 4920 τὸ
2792 4867 2975 4939 ἡμῶν,
3009 4862 3163 4940 φησὶ,
3221 4861 3382 4939 ταφέν
3416 4860 3467 4917 ἐν
3513 4866 3591 4933 τῷ
3648 4852 3837 4935 βαπτί-

2201 4980 2386 5034 σματι,
2420 4951 2606 5037 ἔφυσεν
2646 4958 2781 5029 ἡμῖν
2842 4954 3030 5015 αὐτοῖς
3072 4949 3439 5021 δικαιοσύνην.
3495 4949 3635 5006 Κατὰ
3682 4963 3835 5019 μετα·

2200 5049 2372 5129 φορὰν
2405 5033 2470 5117 ἡ⁷
2502 5044 2663 5116 λέξις,
2724 5045 2828 5099 ἀπὸ
2883 5047 2991 5098 τῶν
3049 5042 3205 5129 κατὰ,
3243 5043 3553 5118 συγγένειαν
3605 5033 3833 5129 δένδριον

2198 5121 2312 5212 ἀμα
2341 5134 2717 5218 φυτευομένων
2747 5134 2837 5189 καὶ
2892 5131 2985 5186 σὺν
3046 5128 3343 5202 ἀλλήλοις.
3395 5129 3669 5208 Σόμφυτοι
3722 5121 3835 5190 οῦν,

2197 5216 2361 5306 φησὶ,
2383 5226 2680 5304 γεγόναμεν
2712 5228 2791 5296 τῷ
2849 5222 3164 5295 ὁμοιώματι
3208 5225 3306 5277 τοῦ
3365 5221 3594 5285 θανάτου
3645 5216 3828 5281 αὐτοῦ,

2192 5317 2462 5387 τουτέσσι,
2494 5313 2921 5387 συναπεθάνομεν
2945 5311 3116 5384 αὐτῷ.
3165 5310 3398 5373 Οίκείως
3456 5307 3515 5364 δὲ
3566 5306 3833 5383 ἐχρήσατο

436 5412 525 5461 est
553 5406 909 5462 commortui
940 5421 1146 5461 sumus
1186 5405 1322 5477 ipsi.
1383 5406 1629 5477 Proprie
1687 5412 1886 5462 autem
1942 5425 2085 5466 usus

2209 5410 2260 5482 τῇ
2287 5403 2490 5482 τροπῇ.
2521 5410 2724 5477 Ὥσπερ
2755 5401 2859 5477 γὰρ
2888 5400 2951 5456 τὸ
2983 5400 3148 5480 φυτὸν
3206 5399 3260 5453 ἐν
3311 5402 3382 5473 τῇ
3437 5402 3510 5474 γῇ
3561 5389 3833 5482 κατατεθὶν

435 5500 623 5567 tropo.
656 5498 801 5555 Nam
831 5498 986 5554 sicut
1030 5496 1237 5569 planta
1291 5497 1492 5569 aliquo
1552 5501 1840 5568 tempore,
1901 5498 2080 5555 veluti

501 5691 548 5728 ³ο
579 5692 797 5764 Ephes.
831 5710 872 5761 ι,
906 5698 958 5749 1.

2192 5479 2390 5578 χρόνον
2422 5495 2561 5564 τινὰ,
2595 5494 2711 5549 οἷον
2757 5479 3013 5568 νέκρωσίν
3056 5510 3174 5545 τινα
3223 5489 3310 5545 καὶ
3371 5486 3647 5559 ἀκινησίαν
3702 5479 3832 5536 ὑπο·
