4126 6256
316 301 432 364 433

1471 314 1879 379 COM‘MENT.
1928 313 2008 375 IN
2054 316 2305 378 EPIST.
2352 319 2458 379 AD
2504 319 2693 380 80M.

3686 317 3802 377 434

324 433 747 511 pingitur:
803 446 871 504 δὶ
929 449 1143 523 ἀθρόον
1196 449 1363 521 ἀναζῇ
1410 449 1498 505 καὶ
1559 446 1880 520 ἀναθάλλει,
1912 448 2057 506 οὕτω

2175 456 2696 513 mortiﬁcationem
2713 457 3032 528 quamdam
3054 455 3296 529 patitur;
3317 455 3812 528 deindeprotinus

328 530 419 583 καὶ
449 531 522 586 τὸ
554 536 876 610 Κυριακὸν
916 543 1088 611 σῶμα
1117 537 1198 596 ἐπὶ
1236 540 1436 615 χρόνον
1471 537 1688 618 βραχὺν
1717 539 1870 604 τεθὲν
1903 538 1954 594 ἐν
1985 544 2066 611 τῷ

393 621 409 639 ο
621 624 636 636 ε
747 626 762 644 ρ
1290 635 1314 645 υ
1561 629 1574 646 ι
1639 624 1694 650 ’ρ
1753 628 1764 646 1
2031 633 2059 646 ~

346 641 540 699 ταφῳ,
610 636 845 697 αθροον
898 626 1142 700 ἤνθησεν
1204 627 1427 698 ἐκειθεν,
1485 650 1576 684 και
1635 629 1939 698 εολαστησε
1993 651 2063 703 τῃ

371 711 675 790 οὶκουμένῃ
706 717 828 784 τὴν
865 717 1169 791 σωτηρίαν.
1203 718 1296 774 Καὶ
1345 721 1506 790 ἡμεῖς
1559 716 1615 774 δὲ
1671 719 2061 794 βαπτιζόμενοι

397 802 490 858 καὶ
527 805 969 878 ὶνθαπτόμενοι,
1028 808 1117 862 καὶ
1167 808 1367 882 τρόπον
1423 809 1545 862 τινά
1601 805 1784 884 ὥσπερ
1831 809 1897 862 τά
1927 809 2066 887 (ρυτά

407 897 484 966 τῇ
513 897 602 967 γῇ.
657 893 843 957 οὕτως
909 897 1001 950 καὶ
1063 899 1223 970 ἡμεῖς
1280 896 1693 972 ἐννεκροῦμενοι
1751 901 1829 968 τῷ
1885 894 2063 967 ὕδατι,

421 983 606 1059 ἀθρόον
635 982 945 1049 θάλλοντες
974 985 1060 1040 καί
1093 984 1424 1057 ἀκμάζοντες
1455 987 1554 1053 τήν
1587 991 1736 1060 σφῶν
1794 987 2066 1056 σωτηρίαν

401 1077 778 1150 ἀνερχόμεθα.
826 1075 1031 1140 Καλῶς
1065 1074 1120 1132 δὲ
1152 1076 1251 1132 οὐκ
1293 1081 1431 1141 εἶπε,
1492 1102 1519 1129 «
1547 1078 1832 1152 Σῦμφυτοι
1859 1084 1939 1151 τῷ
1969 1081 2066 1133 θα-

401 1167 578 1238 νάτῳ,
607 1164 756 1223 ἀλλὰ
787 1172 874 1239 τῷ
935 1169 1273 1241 ὁμοιώματι’
1306 1191 1336 1222 ››
1394 1168 1656 1241 ὁμοίωμα
1686 1170 1788 1244 γὰρ
1835 1170 2064 1233 θανάτου

406 1255 611 1331 ἔχομεν
644 1253 700 1310 ἐν
731 1261 814 1328 τῷ
852 1257 1208 1330 βαπτίσματι,
1251 1257 1312 1312 οὐ
1347 1258 1654 1332 σωματικὸν
1717 1258 1957 1322 θάνατον.
1995 1259 2064 1316 Al

414 1346 512 1421 γάρ
552 1351 707 1419 τρεῖς
781 1343 1098 1408 καταδύσεις
1181 1346 1271 1402 καὶ
1359 1345 1636 1410 ἀναδόσεις
1706 1351 1806 1402 τοῦ
1869 1347 2066 1422 βαπτί-

409 1459 614 1511 σματος
653 1481 669 1502 .
743 1439 976 1494 θάνατον
1041 1439 1130 1494 καὶ
1187 1440 1471 1496 ἀνάστασιν
1539 1442 1936 1511 σημαίνουσιν.
1996 1471 2065 1484 ---

399 1533 740 1608 {KI‘PIAA.]
794 1531 1089 1605 Ὁμοίωμα
1155 1533 1408 1603 θανάτου,
1457 1535 1484 1589 6
1525 1539 1760 1606 Χριστοῦ
1815 1535 2060 1601 θάνατος,

396 1619 488 1676 διὰ
514 1622 581 1676 τὸ
619 1622 700 1693 μή
762 1620 1240 1694 ἀπομεμενηκέναι
1293 1621 1454 1679 αὐτὸν
1509 1627 1588 1696 τῷ
1645 1624 1876 1696 θανάτῳ,
1937 1621 2064 1678 ἀλλ’

393 1704 711 1765 ἀναϐιῶναι
741 1712 1064 1785 τριήμερον.
1105 1712 1200 1765 Καὶ
1232 1709 1420 1767 πά)ιν’
1481 1712 1776 1787 Ὁμοίωμα
1833 1714 2064 1777 θανάτου

2168 545 2544 617 ΓενίΙίεοίιξαο
2576 548 2914 603 revirescit:
2950 549 3032 602 ita
3065 553 3122 601 et
3168 562 3383 616 corpus
3443 545 3812 601 Dominicum

2168 634 2242 690 ad
2265 635 2437 692 breve
2466 642 2698 708 tempus
2721 637 2781 690 in
2803 637 3073 708 sepulcro
3098 636 3378 707 positum,
3399 634 3537 690 inde
3570 639 3812 706 repente

2168 724 2448 790 efﬂoruit,
2482 726 2727 796 orbique
2751 726 3006 782 salutem
3035 725 3408 798 germinavit.
3428 726 3542 779 Nos
3575 741 3809 796 quoque

2168 813 2308 870 dum
2333 813 2908 887 baptizamur,etiam
2925 815 3278 886 sepelimur:
3303 820 3360 870 et
3374 815 3814 886 quodammodo

2167 903 2344 958 veluti
2379 905 2594 976 plantae
2617 906 2877 974 interra,
2902 907 2982 960 ita
3000 911 3056 960 et
3080 921 3189 960 nos
3206 906 3266 959 in
3290 922 3445 975 aqua
3471 905 3814 970 morientes,

2167 996 2706 1064 repente;virentes
2763 1001 3144 1066 nostramque
3205 995 3458 1050 salutem
3491 995 3812 1066 pullantes,

2167 1082 2562 1138 ascendimus.
2587 1083 2838 1140 Pulchre
2853 1089 3048 1139 autem
3065 1083 3212 1138 dixit
3237 1099 3250 1137 :
3275 1105 3304 1132 ‹‹
3327 1083 3720 1154 Complantati
3743 1084 3816 1137 si-

2167 1171 2801 1243 militudineZmortis,»
2822 1179 3158 1238 non,morte
3181 1189 3193 1226 :
3211 1173 3417 1228 mortis
3434 1173 3593 1228 enim
3613 1172 3817 1227 simili-

2166 1259 2726 1318 tudinemhabemus
2743 1263 2804 1318 in
2826 1262 3266 1335 baptismo,non
3278 1262 3813 1332 corporismortem.

2167 1352 2309 1406 Nam
2329 1351 2746 1424 tresibaptismi
2768 1352 3150 1407 immersione
3165 1357 3223 1408 et
3237 1351 3651 1408 immersiones
3665 1367 3817 1405 mor-

2168 1447 2286 1496 tem
2306 1457 2372 1497 ac
2390 1443 2853 1497 resurectionem
2869 1441 3221 1513 signiﬁcant.
3236 1471 3289 1482 -
3302 1441 3638 1496 Similitudo
3655 1457 3818 1496 mor—

2169 1532 2242 1586 tis
2260 1537 2350 1588 est
2371 1531 2583 1587 Christi
2604 1547 2861 1590 mors.eo
2888 1531 3045 1602 quod
3068 1531 3129 1586 in
3154 1536 3343 1586 morte
3361 1547 3480 1586 non
3503 1531 3812 1592 manserit.

2169 1621 2271 1676 sed
2301 1621 2472 1677 tertio
2504 1621 2599 1676 die
2634 1621 2928 1676 revixerit.
2961 1622 3028 1674 Et
3059 1637 3324 1676 rursum:
3364 1620 3566 1676 Passio
3601 1625 3726 1676 erat
3755 1621 3814 1674 in

2167 1711 2425 1780 Christo;
2449 1710 2653 1765 mortis
2703 1710 3051 1775 similitudo,
3084 1710 3290 1781 Lidque
3339 1711 3711 1766 convenienti
3739 1710 3810 1764 ad

390 1800 457 1855 τὸ
517 1801 702 1868 πήθος
755 1800 821 1868 ἦν
909 1799 962 1854 ἐν
1017 1797 1096 1872 τῷ
1149 1805 1389 1876 Χριστῷ,
1447 1802 1534 1857 καὶ
1598 1801 1745 1874 μάλα
1809 1802 2055 1864 εἰκότως.

2175 1800 2410 1857 modum
2432 1801 2571 1872 jure
2601 1800 2840 1855 :revixit
2861 1800 3021 1856 enim
3036 1800 3432 1871 nedmortuus
3463 1800 3808 1871 permansit.

390 1883 633 1945 ’Λνεϐίω
701 1889 805 1966 γάρ
864 1889 955 1943 καί
1022 1888 1084 1944 οὗ
1152 1889 1426 1964 μεμένηκε
1501 1890 1706 1966 νεκρός.
1794 1916 1823 1944 ‹‹
1886 1892 2060 1948 ’Λλλά

389 1981 486 2036 καὶ
533 1986 639 2048 τῆς
700 1977 1046 2040 ἀναστάσεως
1101 1977 1350 2048 ἐσόμεθα.
1388 2004 1416 2032 »
1474 1982 1689 2051 Ποίαςς
1757 1984 1873 2046 Τῆς
1930 1980 2056 2036 ὅταν

391 2070 743 2142 ἀναστῶμεν.
779 2101 846 2110 --
878 2069 1211 2144 [OIKOHL]
1250 2069 1352 2125 Καὶ
1405 2071 1506 2138 δρα
1561 2070 1871 2146 ἀγαθότητα
1902 2078 2055 2129 Θεοῦ·

389 2161 491 2218 τὸν
525 2159 626 2232 μὲν
691 2159 917 2222 θλὲνατον
965 2162 1066 2213 τοῦ
1133 2161 1353 2234 Κυρίου.
1415 2161 1490 2224 ὡς
1530 2159 1583 2216 ἐν
1643 2162 1808 2218 εἰκόνι
1868 2163 2062 2219 ἀπεθά-

383 2271 582 2320 νομεν,
617 2255 720 2317 τῆς
753 2245 809 2302 δὲ
831 2248 1174 2310 ἀναστάσεως
1201 2247 1424 2317 ἀληθῶς
1452 2253 1888 2326 κοινωνήσομεν.

464 2344 643 2398 Τοῦτο
693 2338 1083 2414 γινώσκοντες,
1170 2341 1252 2396 ὅτι
1337 2343 1365 2396 6
1453 2340 1688 2405 παλαιὸς
1755 2347 1913 2415 ἡμῶν
1973 2345 2063 2400 ἄν.

390 2443 616 2505 θρωπος
717 2427 1132 2499 συνεσταυρώθη
1170 2473 1184 2494 ,
1258 2429 1343 2484 ἳνα
1401 2429 1718 2507 καταργηθῇ
1781 2432 1844 2490 τό
1901 2435 2064 2507 σώμα

389 2522 492 2590 τῆς
563 2517 889 2593 ἁμαρτίας,
985 2521 1085 2573 τοῦ
1157 2521 1352 2590 μηκέτι
1420 2515 1697 2575 δουὸεύειν
1775 2525 1924 2595 ἡμᾶς
1990 2530 2059 2599 τῇ

395 2609 654 2682 ἀπαρτία.
721 2608 784 2665 Ὀ
850 2607 956 2685 γάρ
1019 2606 1303 2663 ἀποθανὼν
1370 2606 1717 2666 δεδικαίωται
1785 2612 1891 2667 ἀπὸ
1960 2622 2059 2685 τῆς

405 2699 700 2775 ἁμαρτίας.
732 2697 797 2755 Εἰ
827 2695 884 2754 δὲ
934 2697 1272 2774 ἀπεθάνομεν
1305 2699 1398 2756 σὺν
1459 2703 1696 2777 Χριστῷ,
1729 2703 2060 2780 πιστεύομεν

400 2789 482 2846 δτι
509 2791 597 2846 καέ
632 2791 948 2862 συζήσομεν
982 2790 1156 2860 αὐτῷ.

463 2884 600 2940 Εἶτα
633 2880 782 2954 λέγει
815 2883 934 2940 πῶς
1001 2882 1136 2951 ἡμῖν
1191 2881 1342 2936 ἐσταί
1401 2879 1654 2955 ἐπίδοξος
1687 2885 1722 2953 ἡ
1755 2883 2061 2954 ἀνάστασις,

385 2973 477 3028 σαί
508 2991 670 3051 φησι·
711 2996 737 3021 ‹‹
780 2973 952 3025 Τοῦτο
984 2971 1343 3042 γινώκκοντες
1377 2971 1462 3026 ὅτι
1526 2973 1554 3027 ὁ
1611 2973 1844 3038 παλαιὸς
1901 2977 2063 3046 ἡμῶν

399 3063 700 3132 ἱνθρωπος
757 3059 1081 3128 (τουτέστιν,
1131 3061 1159 3114 6
1207 3063 1654 3136 κατεγνωσμένος
1709 3064 1870 3138 βίος),
1940 3086 2065 3120 συν-

2167 1914 2193 1940 ‹‹
2231 1891 2519 1945 Nimirum
2571 1896 2630 1946 et
2686 1890 3138 1946 resurrectionis
3169 1891 3413 1946 erimus.
3450 1913 3475 1939 ››
3508 1892 3689 1963 Cujus
3721 1908 3810 1945 re-

2165 1981 2600 2055 surrectionis]
2629 1983 2768 2054 Ejus
2809 1982 3094 2036 nimirum
3145 1999 3276 2054 qua
3310 1983 3485 2037 nobis
3515 1982 3819 2054 continget

2163 2077 2263 2132 ubi
2292 2077 2817 2134 resurrexerimus.
2856 2077 2924 2131 Et
2950 2076 3218 2142 vide‘Dei
3251 2075 3599 2131 bonitatem.
3636 2077 3817 2130 Morte

2167 2169 2406 2240 quidem
2440 2168 2673 2224 Domini
2728 2168 2894 2238 quasi
2927 2185 3033 2238 per
3063 2167 3546 2230 Qsimilitudinem
3600 2168 3817 2221 mortui

2167 2274 2374 2316 sumus
2397 2257 2894 2313 resurrectionem
2921 2261 3119 2310 autem
3151 2273 3285 2311 vere
3309 2256 3820 2328 participabimus.

2239 2349 2329 2413 VI,
2364 2347 2482 2400 6-8.
2516 2349 2628 2400 Hoc
2654 2345 3060 2414 scientesgquod
3080 2350 3228 2399 vetus
3257 2350 3439 2400 noster
3470 2345 3629 2400 homo
3658 2345 3824 2401 simul

2166 2439 2463 2506 cruciﬁxus
2519 2443 2614 2502 est,
2676 2441 2735 2489 ut
2793 2433 3180 2489 dissolveretur
3233 2450 3429 2503 corpus
3479 2434 3716 2503 peccati,
3767 2441 3827 2487 ut

2166 2528 2418 2597 deinceps
2448 2541 2559 2580 non
2604 2527 2924 2579 serviremus
2965 2529 3207 2593 peccato.
3269 2525 3489 2578 Etenim
3518 2525 3617 2592 qui
3670 2539 3825 2577 mor-

2167 2612 2294 2674 ‘uus
2319 2622 2418 2681 est,
2441 2617 2782 2686 justi/lentus
2813 2620 2890 2669 est
2921 2630 2955 2667 a
2978 2619 3222 2683 peccato.
3250 2613 3404 2677 Quod
3431 2615 3478 2667 si
3499 2612 3706 2667 mortui
3734 2629 3822 2667 su-

2177 2724 2295 2765 mus
2325 2706 2478 2762 276
2537 2722 2657 2760 cum
2702 2704 2936 2773 Christo,
2969 2704 3237 2758 credimus
3267 2703 3415 2773 quod
3445 2705 3631 2772 etiam.
3665 2704 3829 2756 simul

2166 2801 2408 2854 vivemus
2439 2812 2559 2850 cum
2589 2810 2672 2850 eo.

2246 2885 2399 2942 Dicit
2455 2887 2894 2954 consequenter
2947 2881 3244 2953 quomodo
3307 2880 3480 2935 nobis
3528 2880 3831 2952 continget

2167 2975 2426 3048 gloriosa
2437 2972 2976 3035 resurrectio,etait
3001 2988 3060 3024 :«
3082 2975 3196 3025 Hoc
3215 2972 3468 3025 scientes
3487 2970 3641 3040 quod
3662 2975 3825 3023 vetus

2168 3069 2373 3121 noster
2392 3065 2568 3118 homo
2591 3062 2722 3130 (hoc
2754 3066 2842 3116 est
2863 3061 3258 3116 condemnata
3287 3059 3423 3129 vita)
3453 3058 3630 3112 simul
3689 3073 3823 3110 cum

409 3151 721 3224 εσταυρώθη
752 3173 782 3202 ››
811 3153 889 3220 τῷ
921 3151 1140 3222 Χριστῷ
1177 3145 1265 3204 διὰ
1318 3155 1415 3205 τοῦ
1477 3151 1874 3224 βαπτίσματος,
1908 3153 1989 3233 ἐφ’
2019 3154 2063 3228 ᾧ

2180 3153 2410 3207 Christo
2442 3150 2758 3206 cruciﬁxus
2794 3155 2884 3203 est
2930 3166 3034 3219 per
3083 3148 3483 3219 baptismum:
3546 3146 3606 3200 in
3665 3162 3824 3208 eum,

410 3258 500 3296 τε.
553 3238 710 3310 φησὶ.
785 3239 1199 3313 καταργηθῆναι
1282 3239 1344 3294 τὸ
1422 3243 1581 3310 σῶμα
1629 3245 1726 3306 τῆς
1779 3243 2064 3316 ἁμαρτίας,

413 3322 719 3386 τουτέστιν.
765 3324 846 3382 ’ἱνα
892 3325 1151 3404 νέκρωσιν
1216 3329 1273 3382 αὶ
1334 3328 1495 3383 κακαὶ
1555 3329 1781 3404 πράξεις
1838 3330 2071 3403 ὑπομεί-

417 3436 602 3478 νωσεν,
637 3414 699 3477 ἃς
725 3417 807 3471 καὶ
836 3416 991 3491 λέγει
1055 3420 1215 3488 σῶμα
1271 3417 1559 3492 ἁμαρτίας.
1622 3451 1691 3462 -
1739 3422 1957 3496 [ΦΩΤ.]
2008 3424 2067 3480 Ὀ

418 3504 670 3568 παλαιὸς,
697 3501 968 3561 τουτέστιν
1005 3506 1032 3560 ὁ
1079 3503 1134 3560 ἐν
1189 3511 1308 3568 ταῖς
1358 3507 1652 3582 ἁμαρτίαις
1709 3506 2065 3575 παλαιωθείς·

416 3597 580 3656 Οὗτος
613 3595 731 3664 οὗν,
776 3596 1198 3669 βαπτιζομένων
1243 3597 1430 3669 ἡμῶν,
1490 3601 1882 3671 συσταυροῦται
1941 3602 2064 3675 Χρι-

419 3694 521 3759 στῷ
548 3689 634 3742 καί
669 3687 1032 3758 ἀποθνήσκει,
1073 3689 1164 3742 καὶ
1194 3687 1534 3767 ἀνερχόμεθα
1583 3689 1689 3745 ἀπὸ
1728 3697 1826 3746 τοῦ
1882 3694 2070 3768 βαπτί-

411 3799 608 3848 σματος
639 3777 828 3832 καινοὶ
858 3777 949 3832 καὶ
979 3775 1310 3854 πρόσφατοι,
1360 3778 1532 3832 πάντα
1559 3779 1652 3833 τὸν
1683 3778 2065 3839 παλαιωθέντα

404 3868 694 3943 ἄνθρωπον
725 3866 1080 3939 ἀποθέμενοι,
1123 3866 1215 3922 καὶ
1264 3872 1610 3942 καταργεῖται
1643 3869 1732 3923 καὶ
1785 3871 1846 3925 τὸ
1905 3876 2064 3943 σῶμα

389 3965 493 4026 τῆς
527 3957 835 4029 αμαρτίας,
867 3954 922 4010 ἐν
1021 3955 1356 4031 ἐστηρίζετο,
1410 3957 1498 4011 καὶ
1558 3956 1645 4034 ὑφ’
1701 3959 1767 4029 ἧς
1822 3958 2060 4032 ἐμορφοο

391 4054 589 4104 ποεῖτο
619 4047 649 4101 6
685 4045 928 4106 παλαιὸς
959 4047 1121 4117 ἡμῶν
1173 4043 1480 4119 ἄνθρωπος,
1518 4049 1813 4116 τουτέστιν,
1845 4049 1873 4103 6
1898 4070 2060 4104 κατα-

389 4139 651 4215 γηράσας
685 4135 810 4210 βίος
867 4135 1030 4207 ἡμῶν
1084 4140 1200 4198 τοῖς
1250 4137 1706 4210 παραπτώμασιν.
1741 4138 2062 4213 Ἀνθρωπον

399 4227 462 4285 εὶ
487 4228 654 4284 καλεῖ
678 4229 777 4282 τὸν
803 4246 1076 4292 τοιοστον,
1104 4227 1202 4294 τήν
1252 4231 1361 4282 τῶν
1419 4226 1719 4301 ἀνθρώπων
1775 4229 1910 4304 πρὸς
1965 4229 2062 4285 αὐ-

395 4320 497 4376 τὸν
544 4315 739 4389 δηλῶν
786 4313 1233 4372 δυσαπόσπαστον
1282 4317 1370 4372 καὶ
1411 4316 1789 4396 πολυχρόνιον
1848 4321 2057 4394 σχέσιν.

398 4409 592 4470 Οὕτως
625 4408 732 4484 γὰρ
764 4405 1155 4474 ἐνετετῆκεισαν
1184 4407 1334 4477 αὐτῷ
1376 4406 1513 4478 πρὸς
1566 4413 1668 4476 τῆς
1726 4415 2061 4478 Δεσποτικῆς

401 4495 712 4568 ἒπιδημῖας
741 4495 834 4552 καὶ
896 4493 1213 4567 οῗκονομίας
1245 4497 1297 4550 οἱ
1344 4493 1645 4570 ἅνθρωποι,
1699 4496 1775 4561 ὡς
1837 4496 1967 4570 μηδ’
1997 4498 2058 4554 ἃν

2181 3241 2396 3312 inquit,
2419 3238 3066 3311 ﬁnemuﬁdissolvatur
3097 3253 3309 3308 corpus
3343 3235 3590 3306 peccati,
3626 3234 3823 3301 idest,

2178 3338 2244 3387 ut
2273 3347 2461 3402 pravae
2479 3330 2744 3386 actiones
2767 3327 3284 3384 mortiﬁcationem
3317 3327 3621 3382 sustinean
3634 3332 3828 3396 t,quas

2177 3422 2357 3478 etiam
2388 3437 2602 3491 corpus
2633 3417 2858 3491 peccati
2898 3417 3176 3490 appellat.
3209 3450 3278 3458 ——
3309 3419 3506 3481 Vetus,
3531 3417 3641 3471 hoc
3665 3415 3829 3469 estin

2177 3511 2434 3584 peccatis
2483 3509 2862 3565 inveteratus.
2927 3508 3026 3562 Hic
3064 3524 3221 3578 ergo,
3255 3523 3390 3562 cum
3440 3506 3826 3577 baptizamur,

2177 3600 2354 3658 s’mul
2386 3599 2783 3670 cumZChristo
2825 3596 3188 3668 cruciﬁgitur
3236 3613 3304 3651 ac
3363 3596 3659 3649 moritur;
3709 3600 3766 3648 et
3796 3611 3829 3648 a

2173 3689 2524 3762 baptismate
2554 3689 2687 3743 novi
2713 3704 2781 3742 ac
2804 3692 3074 3742 recenter
3093 3687 3217 3741 nati
3244 3683 3642 3744 ascendimus.
3667 3685 3827 3736 omni

2171 3780 2500 3835 inveterato
2559 3776 2801 3831 homine
2834 3774 3125 3845 deposito,
3188 3781 3246 3829 et
3283 3791 3497 3845 corpus
3557 3773 3828 3827 aboletur

2169 3868 2420 3940 peccati,
2450 3866 2512 3920 in
2540 3881 2658 3935 quo
2692 3864 2958 3918 ﬁrmatus
3013 3869 3159 3928 erat,
3197 3868 3255 3918 et
3285 3863 3391 3918 sub
3427 3879 3543 3933 quo
3577 3865 3824 3916 formam

2169 3956 2528 4028 acquisierat
2545 3965 2709 4009 vetus
2741 3957 2944 4008 noster
2973 3953 3173 4018 homo,
3196 3951 3308 4007 hoc
3339 3959 3448 4014 est.
3481 3953 3598 4007 vita
3621 3959 3828 4008 nostra

2168 4045 2424 4121 peccatis
2450 4041 3131 4110 inveterata.,Hominem
3156 4048 3354 4097 autem
3376 4042 3533 4099 hunc
3563 4041 3825 4115 appellat

2170 4134 2511 4210 signiﬁcans
2533 4133 2848 4188 hominum
2882 4131 3154 4186 habitum
3178 4148 3330 4204 aegre
3346 4133 3738 4203 separabilem
3761 4151 3828 4189 ac

2169 4228 2546 4284 diuturnum.
2583 4223 2728 4280 Huic
2763 4222 2925 4278 enim
2958 4225 3098 4276 ante
3144 4221 3379 4276 Domini
3415 4221 3729 4277 adventum
3762 4241 3828 4278 ac

2167 4315 2683 4389 dispensationem
2712 4312 2860 4368 adeo
2911 4310 3299 4384 conglutinati
3333 4317 3504 4367 erant
3533 4312 3828 4379 homines,

2166 4410 2233 4462 ut
2261 4421 2337 4461 ne
2369 4403 2642 4460 homines
2668 4400 2912 4475 quidem
2944 4416 3076 4458 esse
3108 4399 3346 4464 vellent,
3371 4406 3641 4472 separata
3662 4403 3829 4472 peni-

2176 4499 2270 4550 tus
2327 4492 2682 4564 voluptuosa
2767 4490 3211 4547 conversatione
3298 4489 3828 4562 intemperatisque

406 4559 1187 4662 ἄνθρωποιιαὶρεῖσθαιζεῖναι,
1245 4584 1334 4640 καὶ
1397 4559 1664 4658 μηδόλως
1721 4559 1853 4641 εῖναί
1889 4559 2063 4662 ἀμφὶς

2183 4581 2539 4638 actionibus.
2575 4582 2731 4637 Hanc
2764 4579 3197 4649 itaquelvitam,
3231 4579 3350 4648 cui?
3376 4579 3648 4635 homines
3681 4559 3826 4636 adeo

405 4674 728 4756 φιληδόνου
760 4673 1156 4746 πολιτείαςζκαὶ
1189 4671 1517 4730 ἀκολάστων
1541 4676 1808 4751 πράξεων.
1837 4678 1931 4748 Τῷ
1976 4676 2068 4731 οὗν

408 4762 839 4839 συμπεπλέχθαι
871 4763 1022 4834 αὐτῷ
1075 4761 1204 4824 τοὺς
1263 4763 1585 4838 ἀνθρώπους
1635 4764 1723 4818 καὶ
1783 4785 2074 4820 συνανακε-

407 4859 638 4929 κρᾶσθαι
697 4857 790 4910 καί
851 4851 1314 4916 δυσαποσπάστως
1385 4849 1556 4928 ἔχειν,
1610 4853 1895 4928 ἄνθρωπον
1949 4853 2068 4910 ἐπι-

411 4945 732 5015 πληκτικῶς
761 4944 856 4999 τὸν
885 4946 1134 4998 τοιοῦτον
1172 4941 1290 5017 βίον
1352 4940 1634 5011 ἐκάλεσεν,
1688 4945 1985 5015 τουτέστιν,
2009 4944 2068 4998 ’ὃν

404 5036 484 5100 ὡς
506 5034 908 5107 αὐτοῦςλὴμᾶς,
942 5029 1186 5105 ῐ’μᾶλλον
1247 5027 1303 5085 δὲ
1351 5031 1446 5085 καὶ
1509 5034 1676 5105 ἡμων
1734 5031 1924 5100 πλέον,
1979 5033 2069 5088 καὶ

399 5123 849 5199 ἐστέργομενξκαὶ
882 5119 1292 5194 περιειχόμεθα.
1345 5152 1412 5163 -
1444 5121 1548 5176 Καὶ
1605 5119 1814 5184 ἄλλως.
1879 5123 2060 5196 [ΘΕΟ-

401 5215 582 5291 ΔΩΡ·]
607 5211 876 5284 ζηαλαιὸν
925 5208 1230 5285 ἄνθρωπον,
1291 5207 1352 5264 οὐ
1407 5211 1507 5279 τὴν
1575 5209 1735 5289 φύσιν
1795 5209 2044 5267 ἐκάλεσεν

408 5305 558 5363 ἀλλά
589 5304 694 5372 τήν
728 5301 973 5373 πονηρὰν
1001 5300 1254 5373 γνώμην.
1303 5295 1517 5369 Ταύτην
1593 5297 1650 5354 δὲ
1696 5296 1800 5375 ἔφη
1873 5304 1953 5371 τῷ
1999 5301 2072 5374 βα

401 5394 672 5467 πτίσματι
701 5392 1067 5465 νεκρωθῆναι.
1119 5413 1147 5439 «
1177 5389 1297 5443 Ἵνα
1327 5390 1650 5461 καταργηθῇ
1687 5387 1749 5444 τὸ
1779 5393 1941 5457 σῶμα
1969 5396 2068 5456 τῆς

405 5483 700 5559 ἁμαρτίας.
737 5506 767 5534 »
828 5479 919 5542 Εἷς
994 5482 1176 5544 τοῦτο,
1232 5477 1417 5558 φησὶν,
1469 5474 1563 5532 ’ίνα
1618 5477 1938 5552 καταργηθῇ
1978 5479 2069 5532 καὶ

405 5571 680 5644 νεκρωθῇ,
707 5567 786 5633 εἷς
816 5566 878 5622 τὸ
913 5563 1106 5638 μηκέτι
1144 5564 1433 5619 ὑποπεσεῖν
1471 5563 1727 5639 ἁμαρτίᾳ.
1788 5562 2068 5642 Νέκρωσιν

403 5658 470 5718 δᾶ
496 5681 648 5740 φησι,
703 5659 767 5714 τὸ
822 5655 947 5713 ὅσον
1003 5654 1078 5718 εἰς
1132 5655 1194 5711 τὸ
1257 5655 1606 5732 ἁμαρτάνειν,
1662 5655 2064 5734 ἳναῇτεκρόν.

2183 4671 2574 4737 cohwserant,
2629 4669 2924 4738 simulque
2973 4667 3241 4738 permisti
3273 4673 3464 4734 erant,
3499 4686 3608 4724 nec
3639 4669 3710 4724 ab
3762 4685 3831 4725 ea

2185 4761 2434 4816 distrahi
2466 4756 3186 4832 poterant,increpatorio_
3203 4758 3378 4813 modo
3413 4758 3830 4831 hominemap-

2185 4851 2443 4923 pellavit,
2465 4849 2576 4904 hoc
2605 4854 2692 4902 est
2721 4863 2900 4919 quam
2929 4851 2997 4903 ut
3023 4863 3132 4903 nos
3165 4847 3373 4918 ipsos,"i
3406 4847 3547 4904 imo‘
3575 4849 3830 4920 amplius

2184 4958 2362 5012 quam
2385 4956 2494 4994 nos
2521 4939 2679 5009 ipsos
2703 4942 2760 4991 et
2777 4938 3124 4994 amabamus
3140 4943 3197 4993 et
3212 4938 3736 5010 amplectebamur.
3762 4969 3834 4978 —

2187 5031 2315 5085 Alio
2331 5035 2604 5099 praeterea
2633 5027 2814 5082 modo.
2847 5029 3114 5084 Veterem
3146 5027 3449 5082 hominem
3479 5028 3626 5097 {non
3660 5031 3831 5080 natu.

2186 5136 2311 5174 ram
2341 5117 2584 5184 vocavit,
2604 5115 2708 5171 sed
2730 5133 2964 5187 pravam
2995 5122 3278 5172 mentem.
3313 5119 3471 5170 lianc
3503 5121 3699 5170 autem
3735 5113 3832 5166 di-

2182 5211 2270 5265 xit
2294 5210 2355 5262 in
2382 5206 2947 5279 baptismate;morti
2981 5205 3466 5276 traditam:::'«_Ut
3484 5204 3834 5259 dissolvere-

2191 5305 2285 5355 tur
2317 5314 2530 5369 corpus
2553 5296 2797 5368 peccati.
2835 5318 2861 5345 »
2898 5296 3142 5367 Adjhoc,
3167 5294 3382 5366 inquit,
3402 5300 3469 5349 ut
3499 5291 3839 5349 adoleretnl‘

2188 5405 2256 5444 ac
2319 5386 2798 5448 mortiﬁcaretur,
2844 5390 2912 5440 ut
2953 5385 3233 5455 deinceps
3287 5399 3434 5452 non,3
3459 5382 3748 5438 incideret
3777 5383 3839 5440 in

2189 5485 2518 5553 peccatum.
2549 5475 3057 5532 Mortiﬁcationem
3083 5479 3279 5529 autem
3307 5472 3452 5528 dicit
3483 5474 3675 5544 quoad
3701 5490 3838 5544 pec-

2189 5585 2345 5638 care,
2378 5573 2442 5623 ut
2472 5567 2518 5624 si
2553 5572 2876 5634 mortuum,
2908 5569 3179 5620 mortuus
3211 5562 3508 5633 siquidem
3548 5579 3668 5618 non
3699 5578 3840 5633 pec-

2188 5665 2301 5717 cat.
2362 5690 2427 5701 —
2475 5663 2697 5733 Corpus
2739 5655 2964 5730 peccati
2994 5671 3100 5729 per
3163 5654 3560 5729 periphrasim
3616 5652 3835 5711 dieitur
