4126 6256
378 379 496 443 ιθε

1486 374 1909 438 (ΕΟὕΜΕΝΙΙ
1955 374 2261 441 ΤΒΙΟΟᾹΞ
2304 370 2656 441 EPISCOPI

3658 375 3775 437 436

377 516 576 591 ipsum
608 518 915 587 peccatum
947 529 960 567 :
996 513 1110 571 hoc
1138 517 1248 573 est.
1281 516 1470 569 totum
1500 527 1570 569 ac
1598 512 1837 584 penitus
1874 512 2025 567 otio-

2140 510 2346 586 Νεκρὸς
2376 509 2479 588 γάρ
2516 509 2625 586 οὐχ
2665 529 2979 584 αμαρτανει.
3010 542 3079 555 -
3109 501 3323 587 [4³9³12]
3349 508 3422 565 τὸ
3481 513 3647 582 σῶμα
3684 513 3785 577 τῆς

379 624 509 663 sum
543 611 601 661 et
625 604 837 660 inutile
868 602 1151 674 deinceps
1184 601 1432 658 dicatur.
1468 603 1593 666 Quo
1625 608 1822 657 autem
1855 601 2029 657 modo

371 694 692 753 aboletur?
719 693 862 749 dum
913 709 981 747 eo
1039 708 1160 748 non
1216 691 1460 746 utimur.
1524 690 1743 747 Deinde
1778 691 2020 747 modum

369 800 604 858 quoque
637 783 823 856 ipsius
857 798 999 837 usus
1021 797 1229 854 aspere
1257 779 1519 836 ostendit
1542 786 1602 837 et
1641 797 1747 852 per
1776 781 2021 836 modum

368 872 715 947 improperii
754 888 766 925 :
795 877 860 926 ut
883 870 1163 941 deinceps
1193 885 1314 926 non
1374 870 1701 926 serviamus
1756 875 2019 941 peccato.

371 961 677 1033 Siquidem
707 976 852 1016 usus
886 959 1107 1031 peccati
1138 959 1283 1017 facit
1309 973 1420 1014 nos
1448 973 1648 1013 servos
1675 957 1921 1029 peccati.
1955 986 2023 997 —

374 1049 677 1107 Abolitum
707 1053 798 1103 est
853 1063 1067 1119 corpus
1109 1046 1353 1118 peccati,
1387 1045 1448 1100 id
1479 1051 1590 1110 est,
1624 1045 1887 1118 ingenita
1936 1044 2023 1102 illi

374 1146 645 1200 motuum
676 1137 993 1203 ferocitas;
1025 1137 1170 1192 277
1209 1140 1472 1192 mentem
1532 1150 1768 1206 semper
1794 1133 1869 1190 ad
1901 1140 2027 1191 tur-

376 1232 477 1303 pia
508 1228 874 1285 concutiens.
907 1242 975 1281 ac
1005 1225 1336 1297 voluptates
1382 1224 1699 1296 plusquam
1756 1229 2024 1280 terrenas

380 1319 552 1392 quasi
581 1317 710 1373 lutu
743 1316 1087 1372 immittens.
1112 1314 1581 1372 Ethocinl‘erius
1602 1314 1785 1370 dicit:
1822 1334 1849 1363 ι(
1881 1314 2025 1368 Nam

377 1407 538 1480 quod
567 1405 937 1479 impossibile
970 1411 1098 1461 erat
1127 1404 1241 1477 legi
1260 1402 1323 1472 ²¹,
1359 1405 1419 1459 in
1450 1421 1565 1476 quo
1584 1402 1876 1459 imbecilis
1900 1406 2027 1459 erat

376 1512 484 1570 per
503 1511 765 1563 carnem,
799 1497 972 1551 Pater
1002 1494 1182 1550 misso
1213 1491 1358 1550 Filio
1390 1510 1496 1551 suo
1536 1494 1599 1549 in
1631 1491 2026 1550 similitudine

381 1586 580 1644 carnis
609 1584 856 1659 peccati,
889 1584 961 1640 de
992 1588 1233 1656 peccato
1264 1582 1677 1640 condemnavit
1720 1587 2027 1654 peccatum

379 1675 443 1734 in
472 1690 671 1732 carne.
705 1695 735 1725 ››

2139 599 2427 675 ἁμαρτίας,
2481 605 2917 678 περιφραστικῶς
2995 600 3133 668 αὑτή
3192 602 3228 670 ἡ
3304 598 3562 673 ἁμαρτία’
3623 618 3786 653 τουτ-

2129 689 2291 760 έστιν,
2327 690 2432 762 δλη
2467 688 2659 747 διόλου
2692 692 2829 767 ἀργὴ
2865 689 2953 745 καὶ
3008 689 3287 765 ἄχρηστος
3316 690 3379 744 τὸ
3407 688 3604 744 λοιπὸν
3636 707 3785 763 χρη-

2135 779 2452 851 ματίζουσα.
2492 785 2615 840 Πῶς
2647 778 2705 835 ὂὶ
2734 784 3081 857 καταργεῖται
3115 797 3129 849 ;
3160 780 3347 851 ’ίίμῶν
3410 781 3485 852 μὴ
3548 778 3785 856 χρωμέο

2130 890 2236 922 νων
2267 870 2426 941 αὐτῇ.
2467 870 2601 925 Εἶτα
2631 867 2868 925 δείκνυσι
2893 869 2981 923 καὶ
3014 869 3104 923 τὸν
3135 868 3336 941 τρῦπον
3368 873 3469 934 τῆς
3500 868 3784 942 χρήσεως,

2133 954 2374 1034 δριμέως
2431 957 2522 1013 καὶ
2581 955 2949 1020 ὀνειδιπικῶς
2986 1000 3001 1020 .
3084 961 3182 1014 τοῦ
3246 962 3440 1027 μηκέτι
3500 953 3784 1012 δουλεύειν

2131 1048 2279 1117 ἡμᾶς
2335 1051 2404 1121 τῇ
2463 1047 2738 1123 ἁμαρτίᾳ.
2804 1047 2868 1103 Ἡ
2925 1045 3027 1122 γὰρ
3068 1051 3271 1121 ’χρῆσις
3326 1051 3427 1113 τῆς
3483 1044 3779 1116 ἁμαρτίας,

2134 1132 2369 1197 δούλους
2422 1139 2571 1209 ἡμᾶς
2623 1142 2772 1192 ποιεῖ
2818 1143 2919 1205 τῆς
2973 1135 3259 1211 ἁμαρτίας.
3318 1166 3388 1177 —
3443 1134 3784 1210 [Kl’PIAIL]

2133 1228 2278 1295 Κατη
2292 1246 2484 1301 ργηται
2511 1223 2569 1282 Si
2596 1229 2658 1283 τὸ
2688 1231 2849 1300 σῶμα
2866 1233 2966 1295 τῆς
3029 1224 3319 1299 ἁμαρτίας,
3373 1223 3642 1290 τουτέστι,
3673 1225 3785 1277 τῶν

2134 1312 2189 1369 έν
2228 1315 2367 1387 αὐτῇ
2390 1315 2705 1388 κινημάτων
2736 1318 2772 1385 ἡ
2803 1311 3042 1393 ἔμφυτος
3097 1313 3379 1387 ἁγριότης,
3428 1311 3783 1369 κατασείουσα

2139 1404 2234 1475 μὶν
2265 1404 2347 1459 ἀεὶ
2378 1405 2511 1480 πρὸς
2542 1403 2607 1461 τά
2635 1403 2839 1481 αἰσχίω
2896 1402 2987 1459 τὸν
3045 1408 3196 1469 νοῦν,
3252 1402 3451 1459 ὶνιεῖσα
3507 1399 3567 1457 δὲ
3593 1398 3782 1477 ὥσπερ

2134 1490 2303 1564 πηλῷ
2332 1493 2427 1555 τὰς
2458 1489 2819 1570 γεωόεστέρας
2845 1490 3066 1563 ἡδονάς.
3113 1492 3209 1548 Καὶ
3260 1491 3422 1547 τοῦτό
3449 1510 3602 1564 φησιν
3636 1514 3667 1542 α
3698 1490 3780 1547 Τὸ

2136 1580 2239 1656 γὰρ
2268 1579 2531 1637 ἀδῦνατον
2561 1586 2658 1638 τοῦ
2686 1581 2856 1655 νόμου
2885 1580 2939 1637 ἰν
2972 1583 3019 1655 ᾧ
3048 1582 3257 1651 ἠσθένει
3288 1577 3378 1636 διὰ
3432 1586 3533 1651 τῆς
3560 1580 3789 1655 σαρκὸς,

2137 1671 2167 1725 6
2194 1671 2378 1745 Πατὴρ
2407 1671 2500 1727 τὸν
2532 1672 2725 1728 ἑαυτοῦ
2774 1672 2896 1728 Υίὸν
2952 1673 3171 1746 πέμψας
3229 1670 3283 1726 ἰν
3306 1671 3621 1746 ὁμοιώματι
3656 1688 3792 1746 σαρ-

377 1765 473 1827 κὸς
503 1762 792 1837 ἁμαρτίας,
821 1760 909 1815 καὶ
941 1761 1064 1834 περὶ
1094 1760 1365 1835 ἁμαρτίας
1400 1759 1676 1833 κατέκρίνε
1699 1759 1798 1827 τήν
1830 1757 2095 1834 ἁμαρτίαν
2124 1757 2176 1815 ἓν
2207 1763 2276 1834 τῇ
2308 1760 2487 1836 σαρκί.
2513 1784 2539 1813 ω

450 1882 624 1938 Vides
654 1878 953 1952 quomodo
1002 1894 1217 1952 corpus
1271 1878 1497 1950 peccati
1558 1877 1638 1935 sit
1687 1875 2028 1933 abolitum?

2206 1878 2368 1948 Ὁρᾷς
2413 1883 2531 1941 πῶς
2582 1880 2644 1935 τὸ
2690 1883 2849 1951 σῶμα
2910 1886 3009 1948 τῆς
3069 1878 3336 1954 ἁμαρτίας
3387 1873 3741 1955 ματηργηται
3782 1899 3798 1943 ξ

375 1971 808 2030 condemnatus
838 1974 929 2025 est
959 1968 1116 2025 enim
1153 1968 1215 2023 in
1247 1983 1425 2023 carne
1452 1968 1677 2040 peccati
1707 1966 1984 2023 stimulus
2009 1981 2023 2022 :

376 2065 437 2119 et
466 2060 725 2132 primum
756 2057 999 2130 quidem
1056 2058 1117 2111 in
1168 2057 1400 2112 Christo
1458 2056 1633 2112 morti
1693 2055 1865 2112 datus
1917 2062 2025 2123 est,

377 2164 586 2207 verum
615 2147 688 2203 ab
719 2146 822 2202 illo
853 2152 910 2204 et
941 2161 1046 2218 per
1075 2145 1246 2203 illum
1276 2146 1454 2203 etiam
1485 2145 1560 2202 ad
1618 2162 1728 2201 nos
1758 2144 2031 2201 transivit

381 2239 589 2315 gratia.
623 2259 651 2287 ‹‹
687 2237 917 2294 Etenim
975 2236 1076 2309 qui
1136 2241 1405 2294 mortuus
1437 2242 1545 2302 est,
1577 2254 1604 2281 »
1667 2241 1727 2290 et
1793 2241 2026 2291 caetera.

383 2327 559 2384 Vides
618 2326 775 2398 quod
831 2326 1025 2397 quoad
1074 2325 1358 2397 peccandi
1413 2332 1609 2382 actum
1664 2331 1896 2397 oportet
1921 2342 2031 2381 nos

384 2434 515 2476 esse
545 2422 829 2474 mortuos.
859 2416 1091 2471 Etenim
1123 2415 1223 2486 qui
1253 2420 1522 2472 mortuus
1553 2420 1663 2482 est,
1703 2415 1805 2483 ait,
1858 2414 2032 2487 justi-

384 2505 593 2565 ﬂcatus
617 2509 726 2566 est,
753 2504 866 2559 hoc
894 2508 1004 2568 est,
1029 2519 1064 2559 a
1085 2510 1324 2575 peccato
1348 2502 1632 2559 liberatus
1645 2508 1756 2571 est,
1780 2518 2029 2573 seseque

378 2596 440 2653 in
473 2594 807 2651 libertatem
839 2593 1114 2648 asseruit.
1155 2592 1407 2659 Quidam
1459 2598 1659 2648 autem
1717 2592 1789 2647 de
1845 2591 2033 2664 bapti-

381 2690 569 2742 smate
600 2683 711 2739 hoc
740 2687 1100 2754 acceperunt
1147 2682 1209 2736 in
1265 2698 1381 2752 quo
1438 2680 1772 2752 consepulti
1827 2676 2033 2736 sumus

380 2774 635 2837 Christo,
667 2788 735 2828 eo
759 2771 917 2842 quod
950 2787 1070 2825 non
1100 2770 1176 2825 sit
1206 2770 1367 2825 aliud
1399 2769 1715 2841 baptisma,
1747 2769 1900 2824 sicut
1921 2785 2034 2824 nec

384 2863 651 2918 Christus
683 2861 898 2916 iterum
949 2865 1155 2931 postea
1211 2864 1480 2914 mortuus
1537 2863 1647 2927 est,
1694 2859 1787 2913 cui
1821 2873 2029 2913 conse-

385 2950 537 3026 pulti
570 2966 796 3015 sumus,
831 2948 1129 3020 simulque
1166 2947 1616 3005 resurreximus.
1642 2978 1711 2989 —
1742 2969 1771 2998 «
1793 2946 1959 3013 Quod
1982 2948 2029 3003 si

387 3041 605 3097 mortui
639 3055 845 3095 sumus
864 3055 998 3094 cum
1025 3038 1281 3094 Christo.
1307 3057 1334 3090 ι
1362 3037 1419 3092 Si
1451 3042 1649 3093 autem
1680 3038 1742 3094 in
1775 3036 2031 3093 novitate

385 3132 519 3187 vitae
550 3129 1071 3186 ambulaverimus.
1102 3144 1245 3183 sane
1262 3129 1441 3183 etiam
1473 3127 2032 3201 resurgemus,sicut

2137 1966 2570 2044 κατ[ακ]έκριται
2597 1968 2699 2044 γὰρ
2732 1966 2783 2023 ἓν
2811 1971 2880 2041 τῇ
2948 1968 3105 2044 σαρκὶ
3151 1972 3250 2041 τῇς
3280 1966 3544 2043 ἁμαρτίας
3570 1968 3634 2042 τὸ
3663 1968 3793 2024 κέν-

2136 2074 2284 2131 τρον.
2321 2057 2419 2112 Καὶ
2448 2057 2772 2132 νενέκρωται
2806 2058 2899 2130 μὶν
2932 2055 2985 2112 ἐν
3019 2058 3220 2133 πρώτῳ
3249 2058 3487 2133 Χριστῷ
3524 2052 3682 2126 διέϐη
3727 2054 3789 2113 δί

2136 2145 2265 2218 παρ’
2294 2144 2457 2200 αὐτοῦ
2486 2165 2545 2200 τε
2572 2144 2662 2199 καὶ
2689 2140 2761 2199 δι’
2785 2143 2972 2211 αὐτοῦ,
3004 2144 3093 2200 καὶ
3123 2143 3167 2199 εἰ
3198 2146 3346 2217 ἡμᾶς
3384 2145 3419 2213 ἡ
3445 2141 3630 2219 χάρις.
3661 2168 3691 2194 ‹‹
3723 2144 3790 2201 Ὅ

2139 2234 2243 2311 γὰρ
2275 2234 2576 2304 ἀποθανὼν,
2611 2258 2639 2287 ››
2669 2235 2759 2290 καὶ
2790 2235 2937 2305 ἑξῆς.
2967 2236 3124 2311 Ὁρᾷς
3158 2235 3243 2290 ὅτι
3274 2236 3396 2290 ὅσον
3423 2232 3501 2295 είς
3529 2234 3591 2288 τὸ
3615 2235 3793 2310 ἁμαρ-

2138 2323 2314 2380 τάνειν
2347 2322 2429 2380 δεῖ
2485 2326 2633 2398 ἡμᾶς
2700 2325 2839 2380 εἶναι
2892 2325 3140 2399 νεκρούς.
3199 2325 3257 2380 Ὀ
3311 2323 3412 2400 γάρ
3471 2323 3807 2391 ἀποθανὼν,

2139 2412 2296 2491 φησὶ,
2328 2410 2696 2481 δεδικαίωται,
2745 2412 3037 2483 τουτέστιν,
3099 2411 3449 2484 ἀπήλλακται
3494 2413 3585 2468 καὶ
3618 2410 3795 2483 ἠλευ-

2142 2502 2371 2576 θέρωται
2422 2503 2528 2557 ἀπὸ
2572 2509 2674 2571 τῆς
2727 2501 3013 2578 ἁμαρτίας.
3064 2505 3213 2566 Τινὲς
3244 2501 3302 2559 δὲ
3326 2506 3487 2558 τοῦτο
3536 2502 3659 2578 περί
3689 2507 3791 2558 τι.ιῦ

2143 2592 2521 2666 βαπτίσματος
2551 2589 2817 2663 ἐδέξαντο,
2850 2592 2903 2647 ἐν
2943 2593 2989 2666 ᾧ
3022 2595 3391 2673 συνετάφημεν
3420 2596 3501 2666 τῷ
3529 2596 3784 2667 Χριστῖξν

2142 2681 2225 2737 ὅτι
2286 2680 2384 2737 οὐκ
2440 2680 2581 2738 ἔστιν
2663 2679 2845 2757 ἕτερον
2922 2682 3199 2758 βάπτισμα
3232 2729 3247 2755 ,
3319 2680 3559 2757 καθάπερ
3603 2681 3696 2737 καὶ
3759 2684 3790 2739 6

2142 2772 2374 2845 Χριστὸς
2414 2771 2514 2827 οὐκ
2562 2766 2641 2827 ἔτι
2673 2770 2916 2847 δεύτερον
2974 2771 3252 2841 ἀπέθανεν,
3312 2773 3387 2836 είς
3445 2772 3505 2827 ’ὸν
3564 2773 3789 2827 συνιών

2142 2880 2321 2937 φημεν
2352 2860 2443 2916 καὶ
2503 2864 2936 2939 συνηγέρθημεν.
2972 2894 3038 2904 -
3069 2862 3282 2938 [ΦΩΤ.]
3313 2885 3342 2913 ‹‹
3378 2862 3438 2917 bl
3468 2858 3526 2917 δὶ
3584 2861 3782 2925 Eumeni-

2138 2969 2303 3021 νομεν
2346 2948 2438 3004 σὺν
2488 2949 2724 3025 Χριστῷ.
2761 2975 2789 3002 ››
2847 2950 2909 3007 Εἰ
2962 2947 3019 3005 δὲ
3069 2951 3515 3022 περιπατήσομεν
3573 2948 3628 3007 ὲν
3658 2970 3768 3007 και-

2138 3038 2328 3108 νότητι
2360 3044 2534 3108 ζωῆς,
2585 3037 2847 3108 δηλονότι
2903 3040 2994 3094 καὶ
3050 3038 3482 3112 ἀναστησόμεθα,
3540 3037 3773 3115 ὥσπερδ

2139 3128 2366 3203 Χριστὸς
2396 3128 2600 3205 ἠγέρθη
2626 3128 2680 3183 έν
2710 3133 2930 3202 νεκρῶν.
2971 3132 3143 3185 Τοῦτο
3193 3129 3295 3207 γάρ
3351 3127 3656 3193 ἀκόλουθον
3688 3132 3784 3184 τοῦ

384 3222 648 3279 Christus
682 3237 751 3275 ex
783 3220 1035 3274 mortuis
1065 3219 1338 3275 surrexit.
1361 3221 1503 3274 Nam
1531 3219 1641 3274 hoc
1655 3234 2026 3291 consequens

2141 3218 2451 3291 εἰρημένου,
2484 3219 2668 3282 αὐτοῖς
2707 3216 2765 3273 δὲ
2805 3220 2907 3288 τὴν
2946 3217 3367 3295 προηγουμένην
3394 3222 3496 3284 τῆς
3550 3219 3790 3274 ἀναστά-

384 3310 575 3367 estad
606 3310 664 3364 id
712 3308 870 3380 quod
902 3309 1125 3363 dictum
1159 3314 1316 3376 erat;
1352 3309 1477 3379 ipse
1531 3314 1731 3363 tamen
1788 3324 1923 3363 cum
1954 3307 2028 3363 ad

386 3399 732 3472 prsedictam
754 3397 1099 3453 adduxisset
1118 3399 1245 3452 vitae
1260 3398 1567 3453 rationem.
1591 3415 1769 3470 quam
1801 3403 2035 3469 oportet

382 3487 881 3545 resurrectionem
929 3486 1299 3557 praecedere:
1358 3485 1419 3540 id
1477 3486 1635 3557 quod
1696 3487 2032 3541 necessario

382 3575 861 3647 consequebatur
891 3575 1343 3647 intelligendum
1394 3575 1656 3646 reliquit.
1719 3575 1937 3630 Deinde
1969 3576 2031 3632 in

381 3666 768 3740 sequentibus
792 3665 1105 3722 manifeste
1124 3667 1623 3723 resurrectionem
1648 3666 1948 3739 praedicat,
1975 3673 2032 3722 et

381 3756 499 3813 ait:
535 3779 562 3803 «
596 3756 651 3810 Si
682 3755 901 3810 mortui
936 3771 1140 3811 sumus
1171 3771 1305 3809 cum
1339 3755 1592 3821 Christo,
1628 3778 1656 3806 »
1689 3756 1841 3810 sicut
1871 3762 2030 3812 certe

380 3844 597 3901 mortui
615 3860 820 3899 sumus
836 3843 1309 3915 perbaptismum
1325 3867 1350 3891 α
1370 3844 1665 3899 credimus
1681 3844 1836 3916 quod
1851 3846 2030 3900 simul

379 3935 557 3990 etiam
577 3934 840 3989 vivemus
863 3949 997 3989 cum
1023 3933 1209 4004 ipso,»
1231 3932 1505 3989 videlicet
1524 3934 1697 3990 beata
1713 3935 1816 3991 illa
1832 3951 1900 3991 ac
1918 3936 2031 3991 im-

375 4024 608 4079 mortali
626 4024 743 4078 vita
757 4039 887 4095 quas
907 4023 1550 4093 postresurrectionem
1569 4024 2025 4089 erit.Debemus,

375 4113 725 4169 ait.credere
744 4112 898 4184 quod
920 4112 1099 4167 etiam
1117 4111 1293 4166 simul
1309 4113 1569 4169 vivemus
1589 4130 1723 4170 cum
1746 4131 1834 4170 eo.
1863 4115 2029 4181 Quod

375 4202 689 4275 ergodicit.
709 4201 1080 4266 «Credimus,
1101 4226 1120 4252 ι
1141 4200 1574 4258 adhortationis
1593 4209 1681 4257 est
1700 4209 1756 4258 et
1770 4204 2026 4260 consilii.

448 4294 540 4360 Vl,
564 4294 711 4349 9'11.
743 4293 983 4348 Scientes
1012 4291 1161 4360 quod
1207 4292 1455 4347 Christus
1508 4295 1606 4362 qui
1659 4296 1966 4348 resurrexit
1992 4310 2028 4347 a

375 4384 629 4447 mortuis,
661 4396 772 4436 non
814 4380 1052 4451 amplius
1106 4380 1348 4435 moritur
1379 4397 1392 4434 :
1425 4396 1568 4435 mors
1596 4380 1687 4435 illi
1738 4398 1852 4437 non
1904 4399 2027 4437 am-

369 4472 522 4545 plius
550 4471 888 4527 dominatur.
921 4472 1078 4538 Quod
1131 4473 1276 4526 enim
1334 4478 1584 4527 mortuus
1644 4479 1722 4526 est
1778 4480 2023 4542 peccato,

375 4569 622 4618 mortuus
650 4567 727 4618 est
753 4562 920 4617 semel
948 4578 962 4617 :
1010 4561 1159 4633 quod
1185 4568 1368 4615 autem
1404 4563 1560 4626 vivit,
1619 4560 1758 4616 vivit
1788 4563 1910 4616 Deo.
1942 4564 2027 4617 Ita

381 4658 434 4706 et
460 4668 552 4708 vos
581 4655 892 4707 existimate
918 4667 1010 4707 vos
1037 4653 1182 4721 ipsos
1223 4657 1462 4706 mortuos
1520 4650 1740 4721 quidem
1771 4666 1878 4706 esse
1901 4668 2028 4722 pec-

377 4747 519 4795 cato.
552 4743 792 4796 viventes
848 4747 1034 4795 autem
1079 4741 1182 4795 Deo
1205 4756 1311 4811 per
1338 4740 1617 4795 Christum
1643 4742 1826 4796 Jesum
1857 4741 2035 4797 Domi-

379 4845 510 4885 num
551 4834 820 4883 nostrum.

452 4920 522 4973 Et
551 4916 709 4972 unde
740 4918 955 4988 inquit,
977 4918 1360 4973 manifestum
1382 4924 1470 4975 est
1492 4918 1649 4990 quod
1677 4919 1855 4975 simul
1876 4919 2029 4975 vive-

382 5026 516 5066 mus
536 5024 673 5063 cum
697 5007 825 5078 ipso
844 5006 871 5061 ?
891 5008 1120 5063 Etenim
1144 5008 1254 5062 hoc
1275 5010 1473 5075 etiam,
1506 5025 1582 5064 an
1607 5009 1732 5080 ipse
1764 5009 2030 5065 Christus

380 5100 481 5172 qui
504 5097 781 5163 surrexit,
806 5113 1040 5151 rursum
1067 5098 1353 5151 moriatur
1371 5099 1661 5153 incertum
1688 5098 1815 5154 est?
1833 5098 2026 5155 Absit!

378 5190 478 5245 ait.
541 5191 682 5244 Nam
741 5187 854 5242 hoc
906 5185 1303 5242 indubitatum
1357 5203 1487 5243 esse
1535 5194 1812 5259 Oportet,
1873 5190 2032 5260 quod

376 5280 645 5335 Christus
669 5295 792 5333 non
823 5276 1080 5348 amplius
1128 5278 1447 5333 morietur:
1510 5285 1823 5351 propterea
1872 5281 2031 5335 enim

385 5376 655 5425 mortuus
685 5374 772 5423 est
805 5374 870 5422 ut
897 5372 1151 5423 mortem
1208 5373 1486 5423 cessaret.
1522 5368 1618 5423 27
1629 5369 1676 5424 8
1723 5370 2029 5433 Quomodo

392 5456 548 5509 enim
583 5463 865 5521 moretur,
891 5463 1134 5529 propter
1154 5471 1328 5528 quem
1355 5456 1550 5512 caeteri
1583 5473 1820 5529 quoque
1871 5459 2029 5529 pari-

383 5549 475 5598 ter
504 5545 759 5602 vivemus
789 5546 818 5599 ‘I
849 5552 971 5601 tota
1000 5548 1179 5603 simul
1205 5552 1397 5603 morte
1414 5546 1665 5603 remissa
1694 5546 1753 5602 in
1772 5547 2029 5619 Christo,

454 5721 499 5757 ³⁸
528 5719 709 5787 Infra,
738 5736 852 5776 vin.

2142 3329 2277 3370 σεως
2333 3306 2615 3364 πολιτείαν
2691 3308 2975 3389 ἐπαγαγῲν
3050 3313 3167 3372 τοῖς
3224 3308 3559 3383 εἴρημένοις,
3611 3310 3676 3364 τὸ
3736 3308 3789 3379 ἐξ

2140 3398 2381 3475 ἀνάγκης
2412 3397 2675 3473 ἑπόμενον
2709 3396 2995 3479 κατέλιπεν
3028 3398 3248 3468 ἐννοεῖν,
3301 3400 3415 3454 εἶτα
3463 3397 3660 3455 λοιπὸν
3687 3421 3792 3455 κα-

2138 3489 2313 3561 θαρῶς
2372 3490 2471 3558 τὴν
2558 3487 2841 3543 ἀνάστασιν
2926 3486 3337 3565 εὐαγγελίζεται
3370 3533 3383 3558 ,
3441 3489 3534 3542 καί
3589 3509 3786 3559 φησιν’

2140 3599 2170 3629 ‹‹
2200 3577 2260 3633 Ei
2302 3576 2634 3650 ἀπεθάνομεν
2694 3576 2788 3632 σὺν
2843 3578 3084 3650 Χριστῷ,
3116 3600 3146 3630 ››
3207 3576 3384 3650 ὥσπερ
3435 3577 3524 3630 καὶ
3578 3577 3793 3641 ἀπεθά-

2135 3687 2299 3738 νομεν
2333 3665 2422 3722 διὰ
2452 3671 2550 3722 τοῦ
2582 3667 2979 3743 βαπτίσματος,
3013 3692 3041 3718 ‹‹
3071 3666 3394 3739 πιστεύομεν
3423 3667 3508 3723 ὅτι
3552 3665 3644 3721 καὶ
3689 3688 3787 3723 συ-

2138 3758 2375 3829 ζήσομεν
2431 3757 2602 3830 αὐτῷ,
2633 3780 2661 3809 ››
2718 3758 2819 3824 τήν
2872 3756 3137 3831 μακαρίαν
3205 3755 3415 3827 ἐκείνην
3473 3756 3560 3811 καὶ
3591 3754 3783 3832 ἀγήρω

2139 3847 2307 3915 ζωὴν,
2341 3843 2625 3917 δηλονότι,
2655 3847 2757 3915 τῆν
2788 3846 2923 3918 μετά
2949 3848 3047 3916 τὴν
3074 3844 3374 3903 ἀνάστασιν.
3426 3845 3771 3924 Ὀφείλομεν,

2136 3936 2291 4013 φησὶ,
2324 3936 2594 3992 πιστεύειν
2628 3937 2709 3990 δτι
2747 3936 2839 3991 καὶ
2862 3938 3166 4008 συζήσομεν
3200 3935 3364 4007 αὐτῷ.
3430 3933 3764 4010 Παρακελεῦ-

2135 4045 2270 4087 σεως
2299 4026 2395 4081 οὗν
2423 4026 2508 4093 τὸ,
2542 4051 2569 4079 ‹‹
2606 4026 2952 4097 Πιστεύομεν,
2988 4049 3017 4076 ››
3047 4024 3137 4079 καὶ
3183 4019 3531 4097 συμϐουλῆς.

2206 4292 2424 4358 Είδότες
2510 4296 2590 4350 ὅτι
2669 4296 2898 4375 Χριστὸς
2975 4295 3214 4371 ἐγερθεὶς
3263 4293 3325 4351 ἑκ
3376 4297 3603 4371 νεκρῶν,
3690 4294 3793 4350 οὐκ

2134 4381 2214 4440 ἔτι
2266 4384 2613 4455 ἀποθνήσκει·
2711 4386 2936 4447 θάνατος
3002 4385 3163 4440 αὐτοῦ
3242 4384 3340 4440 οὐκ
3391 4378 3468 4463 ἔτι
3524 4384 3791 4460 κυριεύει⁸

2136 4473 2167 4530 6'
2212 4474 2315 4549 γάρ
2382 4475 2615 4538 autem
2674 4478 2741 4548 τῇ
2802 4474 3062 4552 ἁμαρτίᾳ,
3130 4475 3389 4530 ἀπέθανεν
3456 4473 3683 4554 ἐφάπαξ
3751 4475 3784 4530 ’ὁ

2141 4559 2199 4617 δὲ
2232 4566 2318 4637 ζῇ,
2355 4566 2418 4637 ζῇ
2449 4567 2528 4635 τῷ
2560 4568 2697 4636 Θεῷ·
2746 4561 2935 4627 Οὕτως
2985 4564 3074 4619 καὶ
3108 4564 3263 4639 ὑμεῖς
3321 4562 3603 4638 λογίζεσθε
3661 4565 3796 4639 laus

2140 4651 2265 4714 τοὺς
2311 4652 2533 4729 νεκροὺς
2571 4653 2666 4726 μὶν
2697 4654 2831 4708 εἶναι
2885 4652 2955 4728 τῇ
3010 4652 3268 4729 ἁμαρτίᾳ,
3329 4658 3532 4723 ζῶντας
3591 4650 3649 4708 δὲ
3708 4657 3795 4726 τῷ

2141 4746 2259 4815 Θεῷ
2299 4741 2353 4797 ἐν
2383 4743 2602 4818 Χριστῷ
2633 4743 2815 4814 Ἰησοῦ
2844 4748 2935 4817 τῷ,
2957 4742 3143 4817 Κυρίῳ
3170 4744 3357 4817 ἡμῶν,

2211 4922 2308 4977 Καὶ
2340 4922 2525 4990 πόθεν,
2552 4922 2707 4998 φησί,
2741 4918 2930 4990 δῆλον,
2963 4920 3046 4978 ὅτι
3073 4925 3375 4995 συζήσομεν
3409 4926 3490 4995 τῷ
3517 4925 3741 4995 Χριστῷ
3779 4944 3793 4991 ;

2140 5011 2245 5067 Καὶ
2301 5011 2402 5087 γὰρ
2459 5009 2588 5066 αὐτὸ
2633 5016 2793 5066 τοῦτο
2851 5008 3081 5082 ἄδηλον,
3140 5014 3341 5085 μήπως
3402 5012 3489 5067 καὶ
3528 5010 3716 5086 ίαῦτὸς
3767 5015 3801 5069 6

2141 5099 2380 5175 ἰγερθεῖς
2442 5100 2671 5175 Χριστὸς
2750 5100 2917 5156 πάλιν
2988 5100 3279 5177 ἀποθάνῃ;
3348 5106 3579 5175 ’¹Απαγε,
3640 5102 3802 5180 φησί.

2141 5192 2317 5247 Τοῦτο
2348 5190 2452 5266 γὰρ
2508 5192 2619 5264 χρὴ
2678 5190 3232 5266 πεπληροφορῆσθαι,
3267 5190 3351 5247 ὅτι
3382 5192 3409 5245 6
3441 5191 3670 5266 Χριστὸς
3698 5192 3807 5248 οὐκ

2141 5276 2219 5334 ἔτι
2276 5278 2647 5335 ἀποθανεῖται.
2709 5278 2807 5335 Διὰ
2859 5279 2961 5355 γάρ
3015 5282 3177 5334 τοῦτο
3227 5281 3313 5335 καὶ
3363 5280 3639 5352 ἀπέθανεν,
3700 5279 3805 5338 ’ίνα

2139 5371 2461 5444 καταργήσῃ
2493 5370 2586 5424 τὸν
2618 5368 2866 5432 θάνατον.
2917 5372 3041 5430 Πῶς
3096 5370 3196 5442 γὰρ
3254 5366 3325 5424 δι’
3383 5371 3441 5426 ’ὸν
3466 5372 3555 5426 καὶ
3588 5372 3639 5426 οἱ
3679 5369 3806 5429 λοι-

2138 5456 2233 5513 ποῖ
2269 5457 2542 5529 ζησόμεοα
2565 5478 2576 5515 ;
2613 5458 3184 5529 Συναναπεμπομένου
3203 5462 3301 5512 τοῦ
3325 5456 3460 5514 ὅλοῦ
3476 5462 3546 5533 τῇ
3570 5459 3800 5535 ἀπαρχῇ

2145 5548 2328 5619 ἡμῶν.
2365 5570 2394 5598 ‹‹
2426 5547 2495 5606 Ὀ
2525 5546 2629 5621 γὰρ
2653 5542 2883 5611 ἀπέθανε
2910 5550 2980 5622 τῇ
3012 5545 3247 5622 ἁμαρτίᾳ
3278 5570 3307 5599 ››
3338 5581 3406 5591 —-
3457 5549 3797 5624 [ΟΙΚΟΥΜ.Ι’
