4126 6256
260 379 373 451 437

1448 391 1863 456 COMMENT.
1908 388 1990 451 IN
2030 387 2277 449 EPIST.
2326 386 2437 447 AD
2483 387 2671 446 ROM.

3624 406 3746 467 438

273 517 373 577 Καὶ
449 525 763 593 τοσοῦτον,
855 527 1059 607 φησὶν,
1126 530 1223 587 οὐκ
1293 526 1372 586 ἔτι
1450 531 1817 597 ἀποθανεῖται,
1895 525 1966 581 ὅτι

2095 526 2195 597 qui
2230 530 2319 580 est
2349 525 2628 597 primitiae
2660 531 2901 582 nostrae.
2924 509 2967 581 ἀ
2996 530 3161 595 Quod
3182 533 3342 590 enim
3374 544 3747 601 mortuusest

290 610 464 668 ὶκεῖνο
494 614 560 667 τὸ
593 615 741 686 ἅπαξ
778 618 811 671 δ
848 620 1140 689 ἀπέθανεν,
1187 620 1291 695 ούχ
1347 620 1421 682 ὡς
1483 619 1774 682 ὑπεύθυνος
1829 616 1986 681 θανά’

304 724 400 759 του
427 706 566 758 κατα
618 704 758 767 τους
827 709 1074 771 λοιποὺς
1132 709 1447 783 ἀνθρώπους
1498 709 1778 777 ἀπέθανεν,
1838 704 1985 760 ἀλλά

319 792 412 850 δια
436 796 531 863 τὴν
558 799 650 850 τοῖν
681 796 913 870 κόσμου
951 801 1242 873 ἁμαρτίαν,
1271 798 1365 855 ’ίνα
1421 800 1623 869 ταύτην
1658 797 1823 874 ἀνέλῃ
1892 795 1981 849 καὶ

331 887 627 961 θανατώσῖμ
688 908 706 935 ι
777 892 859 961 Ζῇ
919 894 1002 959 τῷ
1064 895 1195 961 Θεῷ.
1260 915 1286 940 ››
1345 891 1656 955 Τουτέστιν,
1717 888 1793 948 ὡς
1852 887 1981 947 Θεὸς

331 975 607 1039 ἀπαύστως
638 975 727 1029 καῖ
765 976 1148 1039 ἀκαταλύτως.
1183 980 1269 1041 Ὠς
1303 979 1407 1055 γὰρ
1434 984 1635 1032 νοεῖται
1694 980 1761 1050 τῇ
1813 977 1981 1048 ἀμαρα

322 1065 430 1137 τίᾳ.
462 1066 726 1134 τουτέστι,
762 1063 857 1121 διά
909 1070 1010 1137 τήν
1070 1069 1358 1141 ἁμαρτίαν,
1418 1069 1592 1128 οὕτως
1646 1072 1846 1120 νοεῖται
1899 1068 1980 1136 τῷ

314 1159 451 1226 Θεῷ,
484 1155 733 1209 τουτέστι
765 1152 858 1209 8ιά
887 1156 951 1210 τὸ
997 1155 1134 1211 εῖναι
1164 1158 1309 1219 Θεός.
1352 1159 1455 1213 Καὶ
1515 1157 1689 1219 οὕτως
1741 1156 1976 1224 νοήσεις·

312 1242 496 1318 ὥσπερ
541 1241 787 1319 λέγομεν
823 1243 912 1298 ἐπὶ
945 1249 1043 1299 τοῦ
1099 1247 1217 1300 καθ’
1277 1248 1425 1319 ἡμᾶς
1482 1244 1787 1319 ἀνθρώπου·
1832 1244 1975 1297 Ἀπ-

318 1334 465 1398 έθανε
492 1338 563 1408 τῇ
600 1335 785 1403 σαρκὶ,
924 1332 980 1388 δὲ
1009 1339 1075 1408 τῇ
1109 1338 1287 1410 ψυχῇ,
1347 1336 1482 1389 κατά
1534 1332 1752 1401 δοτικήν
1784 1328 1977 1387 ἀποδι-

322 1420 497 1483 δόντες
526 1423 620 1477 τὸν
654 1421 850 1497 λόγον,
884 1423 1026 1477 οὕτω
1060 1445 1152 1498 μοι
1182 1424 1315 1478 νόει’
1348 1426 1443 1495 Τῷ
1475 1427 1589 1495 Θεῷ
1627 1426 1714 1495 ζῇ,
1735 1420 1977 1475 τουτέστι

314 1518 392 1585 τῷ
423 1513 557 1567 εἶναι
613 1513 772 1579 Θεὸς,
829 1512 927 1567 οὐκ
966 1510 1151 1581 ἐπειδὴ
1193 1513 1281 1566 καὶ
1342 1512 1419 1582 τῷ
1481 1513 1610 1567 εἶναι
1666 1514 1820 1586 ψυχῇ
1879 1509 1979 1563 ούκ

310 1600 432 1673 ἔζη,
466 1599 619 1655 ἀλλά
678 1602 740 1655 τὸ
803 1602 1162 1675 ἀμαχώτερον
1223 1600 1449 1671 τέθεικε,
1507 1601 1569 1655 τὸ
1622 1601 1761 1655 εἶναι
1820 1597 1976 1652 αὑτὸν

309 1692 468 1747 Θεόν.
509 1714 537 1739 (ι
571 1690 763 1752 Οὖτως
804 1690 895 1744 καὶ
955 1690 1110 1762 ὑμεῖς
1172 1690 1454 1765 λογίζεσθε
1507 1688 1748 1749 ἑαυτούς.
1784 1712 1812 1739 ››
1846 1689 1976 1743 Εἶτα

302 1781 398 1834 ’ἱνα
434 1780 514 1852 μή
552 1776 778 1854 λέγωσι·
816 1778 910 1833 Καὶ
941 1779 1015 1848 τί,
1047 1777 1201 1856 φησὲ,
1236 1780 1370 1853 πρὸς
1397 1781 1569 1851 ἡμᾶς,
1603 1777 1648 1831 εἰ
1677 1777 1812 1847 ἅπαξ
1839 1778 1971 1831 ἀπο-

306 1872 487 1925 θανὼν
528 1870 558 1924 ὁ
592 1871 833 1944 Χριστὸς
855 1868 1032 1924 οὐκέτι
1058 1871 1386 1940 ἀποθνήσκει
1416 1888 1428 1938 ;
1456 1893 1483 1919 ‹‹
1506 1868 1864 1945 φησὶν,οὕτω
1884 1867 1973 1920 καὶ
2005 1906 2049 1968 Β

307 1961 468 2034 ὑμεῖς
504 1958 732 2021 ἑαυτοὺς
763 1960 1058 2034 λογίζεσθε.
1096 1982 1120 2014 ι
1148 1967 1307 2029 “die;
1341 1962 1467 2017 ’Ότι
1497 1959 1847 2023 ἀποθανεῖσθε
1873 1958 1967 2031 μὲν

304 2047 394 2105 διὰ
424 2051 528 2117 τήν
557 2048 825 2122 ἁμαρτίαν
851 2050 1009 2119 ἅπαξ,
1044 2052 1232 2120 ζήσετε
1263 2047 1320 2103 δέ
1374 2054 1451 2121 τῷ
1509 2053 1643 2120 Θεῷ.
1706 2048 1808 2105 Καὶ
1862 2052 1961 2121 γὰρ

302 2138 356 2194 ἰν
392 2140 545 2209 αὐτῷ
582 2142 761 2210 ζῶμεν
794 2138 882 2191 καὶ
916 2139 1213 2210 κινούμεθα
1270 2137 1359 2191 καὶ
1412 2135 1591 2210 ἐσμὲν,
1640 2136 1818 2199 καθὼς
1873 2135 1961 2189 καὶ

301 2226 572 2307 ἀλλαχοῦ
602 2248 785 2304 φησιν.
820 2229 889 2281 Ἢ
921 2228 1113 2289 οὓτως
1169 2229 1371 2301 Ὥσπερ
1430 2228 1457 2280 ὁ
1490 2226 1747 2297 Χριστὸς,
1777 2224 1962 2301 φησὶν,

302 2318 541 2381 ἀπέθανε
574 2317 664 2371 καὶ
699 2320 763 2389 ζῇ
824 2316 1001 2378 οὓτως
1053 2316 1138 2371 καὶ
1202 2317 1355 2387 ὑμεῖς
1412 2314 1695 2389 λογίζεσθε
1742 2314 1962 2374 ἑαυτοὺς

301 2408 482 2482 χρεὼν
515 2407 676 2472 εἶναι,
702 2404 928 2477 νεκροὺς
974 2406 1068 2478 μὲν
1129 2407 1253 2459 ὅσον
1308 2406 1444 2480 πρὸς
1493 2404 1556 2458 τὸ
1617 2401 1962 2476 ἁμαρτάνειν,

303 2501 506 2567 ζῶντας
562 2493 621 2550 δὲ
681 2494 759 2555 εἷς
815 2494 884 2549 τὰ
940 2495 1075 2550 κατά
1141 2494 1288 2563 Θεὸν,
1339 2491 1427 2549 διὰ
1487 2495 1667 2564 Ἰησοῦ
1707 2494 1964 2563 Χριστοῦ,

300 2587 572 2650 τουτέστι,
609 2582 1041 2657 συμμαχοῦντος
1073 2586 1329 2657 Χριστοῦ.
1364 2607 1391 2634 ι(
1428 2584 1515 2637 Ἐν
1578 2583 1799 2655 Χριστῷ
1849 2580 1964 2650 Ἰη-

307 2678 422 2728 σοῦ-
459 2674 553 2729 Διᾶ
583 2675 772 2742 Ἰησοῦ
804 2676 1058 2746 Χριστοῦ.
1096 2696 1122 2723 »
1161 2672 1257 2727 Διά
1288 2672 1391 2748 γὰρ
1423 2675 1519 2725 τοῦ
1551 2671 1782 2725 Θανάτου
1802 2670 1964 2724 αὐτοῦ

309 2766 346 2831 ἡ
382 2766 493 2835 ζωὴ
525 2766 714 2833 ἡῖιῶνο

302 2872 415 2929 per
430 2856 633 2912 Iesum
668 2853 995 2918 Christum,
1028 2853 1138 2908 hoc
1161 2859 1252 2910 est
1280 2852 1601 2910 auxiliante
1627 2852 1877 2908 Christo.
1915 2873 1942 2900 «
1978 2851 2041 2903 1n

292 2952 557 3005 mortem
586 2945 787 3017 ipsius
816 2949 909 2998 est
937 2942 1054 2997 vita
1076 2949 1298 2998 nostra.

367 3036 464 3101 Μή
532 3032 622 3086 οὖν
719 3030 1061 3107 βασιλευέτω
1142 3033 1174 3099 ἡ
1240 3030 1477 3103 ἁμαρτία
1534 3029 1584 3083 ἐν
1641 3034 1721 3101 τῷ
1781 3029 1962 3098 θνητῷ

306 3124 459 3191 ὑμῶν
566 3120 805 3193 σώματι,
855 3118 930 3179 εἷς
1033 3119 1096 3173 τὸ
1162 3117 1450 3173 ὑπακούειν
1508 3117 1645 3190 αύτῇ
1716 3116 1766 3170 έν
1840 3120 1958 3173 ταῖς

314 3208 628 3279 ὶπιθυμὶαις
723 3208 907 3263 αὐτοῦ.
998 3204 1150 3276 Μηδὲ
1233 3208 1583 3282 παριστάνετε
1674 3206 1739 3259 τά
1818 3200 1978 3278 μέλη,

1054 3300 1079 3311 θ’

315 3298 479 3370 ὑμῶν
543 3294 682 3350 ὅπλα
738 3295 946 3358 ἀδικίας
1014 3300 1082 3369 τῇ
1148 3297 1403 3373 ἁμαρτίᾳ,
1476 3293 1622 3350 ἀλλά
1687 3294 1963 3367 παραστή-

2092 622 2356 686 peccato.
2394 636 2420 663 ››
2447 616 2517 669 Et
2546 616 2605 670 in
2640 621 2893 685 tantum,
2927 620 3140 690 inquit,
3176 640 3295 679 non
3327 629 3588 699 amplius
3616 650 3743 690 mo-

2091 706 2279 761 rietur
2309 711 2369 759 ut
2406 705 2554 759 illud
2585 722 2818 777 quoque
2854 710 3009 778 quod
3071 713 3255 767 semel
3313 722 3580 775 mortuus
3630 730 3739 790 est,

2090 814 2210 851 non
2242 802 2521 867 tanquam
2560 798 2733 851 morti
2772 799 3063 854 obnoxius
3114 801 3172 855 id
3203 821 3413 875 passus
3446 815 3554 877 est,
3591 812 3743 869 sicut

2091 888 2289 942 caeteri
2322 888 2615 952 homines,
2653 888 2756 942 sed
2788 888 2860 941 ob
2893 890 3097 945 mundi
3132 902 3463 965 peccatum,
3497 906 3562 954 ut
3592 903 3740 959 illud

2091 977 2161 1031 de
2194 977 2389 1032 medio
2418 976 3001 1049 auferretmortique
3034 980 3311 1038 traderet.
3336 1007 3355 1033 ι
3386 987 3535 1045 Vivit
3566 992 3739 1048 Deo.»

2090 1068 2208 1122 Hoc
2240 1072 2330 1121 est
2359 1066 2539 1121 veluti
2565 1068 2718 1122 Deus
2747 1068 2874 1123 sine
2908 1071 3259 1135 cessatione,
3306 1075 3432 1132 sine
3492 1079 3740 1138 dissolu-

2088 1156 2271 1212 tione.
2305 1157 2467 1211 Sicut
2498 1158 2660 1212 euim
2692 1158 3048 1229 intelligitur
3077 1170 3343 1232 peccato,
3378 1167 3437 1222 id
3463 1175 3571 1235 est,
3600 1188 3740 1243 pro-

2088 1252 2219 1317 pter
2240 1251 2567 1317 peccatum.
2598 1246 2679 1301 ita
2701 1264 2935 1318 quoque
2960 1249 3314 1324 intelligitur
3346 1255 3481 1323 Deo,
3515 1257 3627 1314 hoc
3649 1266 3738 1316 est

2087 1340 2403 1406 propterea
2434 1334 2592 1405 quod
2623 1334 2700 1389 sit
2730 1336 2899 1390 Deus.
2935 1338 3003 1391 Et
3036 1338 3115 1393 ita
3136 1342 3425 1411 accipies:
3453 1348 3735 1416 quemad-

2087 1422 2329 1479 modum
2359 1423 2613 1478 dicimus
2638 1424 2707 1479 de
2739 1424 2981 1481 homine
3013 1427 3189 1482 nobis
3220 1433 3454 1502 cognito
3479 1451 3545 1490 ac
3562 1436 3734 1492 fami-

2085 1512 2217 1567 liari
2271 1529 2284 1565 :
2347 1513 2607 1566 Mortuus
2665 1518 2755 1567 est
2829 1530 3027 1581 carne,
3084 1518 3220 1571 vivit
3279 1527 3476 1577 autem
3527 1527 3739 1596 spiritu

2086 1601 2449 1673 (sermonem
2477 1601 2784 1657 auferendi
2819 1620 2957 1658 casu
2994 1606 3517 1673 reddentes,veluti
3551 1615 3735 1672 Grmci

2086 1691 2263 1745 dandi
2294 1689 2455 1760 casu)
2495 1708 2507 1757 ;
2542 1690 2623 1745 ita
2656 1692 2801 1746 mihi
2843 1693 3107 1766 intellige
3136 1712 3148 1748 :
3185 1698 3332 1753 Vivit
3364 1701 3501 1767 Deo,
3545 1704 3604 1758 id
3626 1711 3734 1769 est,

2085 1794 2153 1833 eo
2194 1779 2351 1849 quod
2384 1778 2460 1833 sit
2490 1779 2642 1833 Deus
2669 1796 2681 1832 :
2708 1795 2828 1833 non
2857 1781 3015 1851 quod
3046 1800 3154 1854 per
3198 1801 3326 1842 esse
3361 1789 3576 1846 animm
3612 1809 3732 1848 non

2084 1868 2430 1933 viveret,sed
2464 1868 2621 1937 quod
2654 1869 2884 1924 firmius
2908 1875 2997 1925 est
3024 1875 3240 1943 posuit,
3262 1883 3401 1946 puta
3428 1880 3583 1948 quod
3606 1882 3732 1953 ipse

2083 1958 2158 2011 sit
2189 1958 2361 2012 Deus.
2399 1980 2423 2005 ‹‹
2461 1958 2741 2013 ltaetvos
2799 1958 3151 2016 existimate.
3210 1985 3238 2012 »
3288 1966 3365 2020 Ne
3427 1966 3729 2024 dicerent:

2078 2047 2147 2101 Et
2185 2046 2327 2117 quid
2358 2046 2430 2101 ad
2454 2064 2563 2101 nos
2596 2047 2641 2100 si
2666 2053 2934 2103 mortuus
2965 2051 3150 2106 semel
3174 2053 3437 2109 Christus
3457 2073 3574 2112 non
3598 2074 3723 2112 am-

2074 2135 2230 2207 plius
2261 2136 2675 2193 moritur?ait:
2695 2158 2717 2187 ιι
2736 2138 2819 2192 Ita
2836 2144 2894 2192 et
2923 2155 3022 2194 vos
3044 2141 3375 2199 existimate
3394 2147 3725 2217 vosipsos.»

2074 2226 2374 2289 Quomodo
2406 2226 2432 2280 ‘2
2461 2227 2624 2291 Quod
2656 2228 2841 2282 semel
2873 2230 3113 2299 quidem
3146 2239 3387 2304 pr0pter
3415 2244 3723 2307 peccatum

2075 2315 2436 2381 moriemini,
2470 2316 2672 2370 vivetis
2700 2323 2896 2371 autem
2932 2320 3066 2373 Deo.
3112 2322 3343 2377 Etenim
3374 2342 3481 2393 per
3529 2327 3724 2397 ipsum

2074 2403 2322 2458 vivimus
2352 2410 2410 2459 et
2448 2421 2753 2459 movemur
2810 2423 2877 2461 ac
2936 2424 3162 2475 sumus,
3227 2415 3725 2480 quemadmodum

2077 2493 2254 2548 etiam
2278 2493 2420 2547 alibi
2454 2493 2599 2548 dicit
2628 2493 2693 2549 ³³.
2732 2495 2833 2549 Vel
2866 2496 2976 2550 hoc
3007 2498 3181 2552 modo
3216 2516 3229 2555 :
3255 2501 3414 2555 Sicut
3436 2503 3725 2573 Christus,

2076 2582 2290 2653 inquit,
2325 2588 2595 2638 mortuus
2627 2591 2717 2638 est
2764 2590 2823 2639 et
2852 2585 3100 2650 vivit,ita
3130 2592 3189 2642 et
3244 2606 3343 2643 vos
3393 2592 3723 2650 existimate

2075 2673 2339 2742 vosipsos
2399 2678 2671 2743 oportere
2722 2674 2963 2744 quidem
3015 2681 3282 2733 mortuos
3350 2696 3478 2735 esse
3530 2684 3724 2754 quoad

2081 2762 2756 2833 peccandum,viventes
2783 2769 2981 2819 autem
3012 2765 3085 2819 ad
3125 2782 3194 2821 ea
3237 2785 3368 2838 quas
3420 2770 3521 2825 Dei
3586 2779 3724 2827 sunt

2073 2849 2304 2905 Christo
2328 2852 2478 2905 Jesu.
2520 2872 2546 2899 ››
2596 2853 2705 2907 Per
2754 2854 2955 2907 Jesum
3010 2853 3331 2911 Christum.
3391 2859 3532 2914 Nam
3616 2876 3723 2932 per

2146 3030 2235 3093 Vl,
2272 3032 2456 3084 12-14.
2495 3032 2569 3083 Ne
2590 3037 2778 3099 regnet
2809 3048 2939 3100 ergo
2962 3040 3247 3100 peccatum
3280 3036 3339 3088 in
3370 3042 3545 3091 vestro
3584 3056 3721 3093 mor-

2073 3118 2173 3171 tali
2202 3134 2444 3187 corpore,
2479 3125 2537 3172 ut
2569 3118 2836 3173 obediatis
2871 3119 2957 3173 illi
2999 3122 3054 3174 in
3085 3126 3541 3191 concupiscentiis
3573 3128 3705 3196 ejus.

2076 3208 2256 3274 Neque
2285 3206 2536 3261 exhibete
2579 3207 2819 3261 membra
2848 3214 3025 3261 vestra
3081 3226 3237 3264 arma
3269 3213 3555 3282 injustitiz
3578 3233 3717 3285 pec—

2074 3301 2214 3349 cato.
2243 3296 2350 3350 Sed
2381 3295 2631 3350 exhibete
2662 3300 3008 3367 vosmetipsos
3044 3300 3153 3352 Deo
3178 3307 3444 3372 tanquam
3477 3321 3544 3358 ea:
3572 3322 3720 3361 mor-

317 3406 450 3443 σατε
484 3383 697 3446 ἑαυτοὺς
727 3391 793 3457 τῷ
840 3390 983 3457 Θεῷ,
1020 3385 1094 3446 ὡς
1126 3384 1186 3441 ἐκ
1222 3390 1424 3460 νεκρῶν
1458 3386 1681 3454 ζῶντας,
1737 3382 1826 3436 καὶ
1895 3380 1961 3436 τά

2080 3387 2185 3438 tuis
2214 3387 2471 3451 viventes,
2500 3394 2551 3441 et
2608 3388 2849 3441 membra
2892 3394 3069 3442 vestra
3099 3406 3254 3443 arma
3292 3391 3534 3461 justitiae
3589 3396 3717 3449 Deo.

320 3476 464 3551 μέλη
499 3477 644 3546 ὑμῶν
671 3475 809 3530 ὅπλα
834 3473 1186 3545 δικαιοσύνης
1216 3480 1294 3547 τῷ
1351 3479 1487 3545 Θεῷ.
1542 3474 1597 3528 Ἀ
1612 3473 1813 3547 μαρτία
1859 3470 1961 3546 γάρ

319 3566 473 3637 ὑμῶν
505 3565 562 3619 ού
593 3564 877 3639 κυριεύσει·
911 3565 977 3620 ού
1011 3566 1114 3643 γάρ
1146 3564 1263 3619 ἐστε
1289 3564 1394 3620 ὐπὸ
1422 3563 1609 3637 νόμον,
1667 3560 1813 3617 ἀλλά
1864 3560 1966 3615 ὑπὸ

318 3656 500 3733 149w-

386 3745 526 3800 Ἐπεῖ
558 3745 653 3800 οὗν
698 3742 924 3818 νεκρους
988 3744 1127 3817 ὑμᾶς
1185 3742 1321 3799 εἶναι
1379 3745 1491 3823 χρή
1552 3744 1677 3797 ὅσον
1738 3740 1813 3801 εἷς
1869 3740 1967 3806 τήν

311 3837 592 3909 ἁμαρτίαν,
680 3834 757 3906 μὴ
818 3832 1102 3907 κρατείτω,
1156 3831 1338 3912 φηστν,
1399 3833 1549 3905 ὑμῶν
1607 3834 1642 3900 ἡ
1706 3828 1961 3903 ἁμαρτία.

297 3925 487 3987 Καλῶς
526 3922 584 3979 δὲ
614 3923 670 3978 ἐν
699 3928 781 3992 τῷ
812 3924 988 3993 θνητῷ
1036 3923 1270 3995 σώματι·
1334 3918 1424 3977 διὰ
1479 3923 1578 3997 γάρ
1633 3924 1728 3975 τοῦ
1773 3920 1961 3991 σώμα-

292 4035 380 4077 τος
413 4019 450 4083 ἡ
480 4011 735 4086 ἁμαρτία
768 4013 842 4073 ὡς
898 4011 985 4066 ἐπὶ
1049 4013 1109 4066 τὸ
1166 4010 1331 4067 πολύ.
1395 4012 1484 4080 Μὴ
1540 4008 1872 4085 βασιλευέτω
1906 4004 1963 4062 δὲ

293 4104 366 4167 εἷς
394 4105 461 4159 τὸ
499 4102 801 4158 ὑπακούειν
860 4101 1017 4175 αὑτῇ·
1070 4105 1236 4156 τοῦτο
1293 4099 1394 4176 γάρ
1458 4096 1858 4175 βασιλεύεσθαι.
1895 4129 1961 4138 -

294 4193 641 4270 [ΘΕ()ΔΩΡ.]
706 4188 994 4246 Βασιλείαν
1070 4187 1125 4244 δὲ
1200 4186 1511 4262 τυραννίδος
1592 4188 1761 4261 ταύτῃ
1840 4184 1956 4241 δια-

296 4282 470 4364 Ῡέρειν
552 4286 633 4351 τῷ
707 4281 807 4347 τήν
872 4280 965 4353 μὶν
1023 4277 1334 4352 τυραννίδα,
1411 4277 1646 4333 ἀκόντων
1724 4276 1958 4350 γίνεσθαι

293 4378 401 4429 τῶν
440 4370 727 4440 ὑπηκόων,
760 4370 856 4437 τὴν
891 4366 950 4423 δὶ
1008 4367 1286 4443 βασιλείαν
1344 4366 1697 4442 βουλομένων
1725 4369 1833 4419 τῶν
1863 4364 1957 4437 ἀρ-

297 4462 573 4536 χομένων.
612 4463 874 4531 Ιιαραινεῖ
902 4458 1082 4513 τοίνυν
1131 4456 1323 4529 μηκέτι
1391 4459 1459 4530 τῇ
1520 4452 1805 4524 δυναστείᾳ
1859 4459 1957 4520 τῆς

1072 4547 1343 4605 Κατέλυσε
1427 4546 1531 4620 γάρ
1615 4544 1781 4611 αὐτῆς
1858 4544 1953 4609 τήν

300 4548 571 4625 ἁμαρτίας
632 4547 982 4602 συντίθεσθαι.

1595 4631 1693 4688 Καέ
1751 4633 1845 4687 ’ἁτε
1900 4627 1956 4686 δὲ

305 4638 589 4714 βασιλείαν
651 4639 679 4691 ὁ
739 4635 1013 4705 Δεσπότης
1070 4635 1509 4709 ἐνανθρωπήσας.

568 4724 590 4741 II

302 4730 518 4794 θνητοῖς
565 4724 644 4781 ἔτι
711 4726 798 4779 καὶ
850 4725 1089 4795 παθητὸν
1148 4720 1337 4798 ἔχουσι
1399 4728 1557 4795 σῶμα
1614 4726 2033 4828 νομοθετῶν,ῡ

349 4818 361 4828 .
652 4813 927 4828 ...,,
1167 4810 1688 4828 -..η-,κν
1863 4814 1946 4828 ..ι

303 4818 589 4889 σύμμετρα
611 4819 681 4883 τῇ
724 4813 965 4883 ἀσθενείᾳ
1022 4815 1327 4885 νομοθετεῖ.
1391 4812 1488 4865 Καὶ
1539 4812 1599 4866 οὐ
1632 4810 1802 4878 λέγει,
1863 4814 1953 4881 Μὴ

304 4904 649 4975 τυραννείτω“
683 4902 853 4965 ἀλλὰ,
888 4904 977 4969 Μὴ
1015 4899 1368 4977 βασιλευέτω.
1403 4902 1480 4957 Τὸ
1539 4900 1632 4972 μὲν
1682 4900 1783 4973 γάρ
1818 4895 1953 4954 ἴδιον

303 4993 515 5062 ἐκείνης
542 4996 601 5048 τὸ
636 4997 939 5068 τυραννεῖν,
962 4992 1023 5045 τὸ
1054 4988 1110 5045 δέ
1142 4997 1238 5059 τῆς
1288 4988 1558 5063 ἡμετέρας
1613 4989 1839 5065 γνώμης
1895 4990 1955 5043 τὸ

300 5081 707 5161 βασιλεύεσθαι.
743 5083 805 5136 Ἠ
842 5082 935 5154 μέν
968 5080 1071 5155 γάρ
1102 5083 1211 5134 τῶν
1254 5081 1591 5152 παθημάτων
1623 5078 1835 5147 κίνησις
1865 5078 1955 5132 καὶ

298 5171 566 5249 ὄχλησις,
599 5173 735 5226 κατά
767 5171 925 5247 φύσιν
957 5172 1094 5241 ἡμῖν
1124 5168 1471 5242 γίνεται,τῶν
1493 5166 1551 5222 δὲ
1574 5169 1954 5241 ἀπειρημένων

297 5264 334 5333 ἢ
368 5263 585 5335 πρᾶξις,
615 5264 711 5330 τῆς
744 5260 973 5338 γνώμης
1004 5258 1318 5332 ἐξήρτηται·

371 5441 584 5519 [ΦΩΤ.]
618 5439 770 5496 Ἐπεὶ
805 5436 932 5512 γάρ,
966 5438 1152 5517 φησὶν,
1211 5434 1564 5507 ἀπεθάνομεν,
1624 5435 1711 5489 καὶ
1768 5436 1955 5510 νεκρὸν

296 5531 462 5606 ἡμῶν
488 5532 674 5607 γέγονε
700 5530 765 5584 τὸ
824 5532 987 5600 σῶμα
1041 5529 1109 5600 τῇ
1168 5524 1428 5601 ἁμαρτίᾳ,
1488 5526 1563 5599 μὴ
1624 5526 1952 5599 ποιήσωμεν

371 5709 417 5748 ⁹²
436 5714 563 5771 Act.
594 5727 737 5781 xm,
770 5708 864 5764 88.

2074 3475 2210 3528 Nam
2234 3481 2519 3544 peccatum
2550 3477 2697 3531 vobis
2730 3493 2835 3531 non
2859 3477 3405 3535 dominabiturmon
3438 3486 3582 3539 enim
3598 3483 3721 3541 estis

2069 3564 2166 3619 sub
2198 3563 2335 3634 tege,
2366 3565 2461 3620 sed
2488 3567 2585 3621 sub
2617 3568 2823 3635 gratia.

2142 3746 2342 3815 Itaque
2368 3745 2415 3798 si
2446 3748 2709 3799 mortuos
2743 3760 2873 3799 esse
2907 3760 3005 3799 vos
3038 3750 3270 3815 oportet
3291 3748 3485 3817 quoad
3508 3765 3719 3818 pecca-

2069 3837 2216 3897 tum,
2251 3850 2324 3887 ne
2359 3833 2574 3898 vincat,
2603 3833 2816 3902 inquit.
2838 3848 2937 3885 vos
2969 3840 3296 3903 peccatum.
3336 3836 3486 3890 Bene
3519 3842 3715 3891 autem

2069 3920 2308 3975 additur
2335 3922 2396 3975 in
2428 3921 2664 3976 mortali
2699 3936 3113 3990 corpore,nam
3147 3928 3212 3976 ut
3242 3922 3563 3994 plurimum
3587 3941 3716 3995 pec-

2070 4012 2265 4061 catum
2297 4023 2401 4076 per
2431 4022 2645 4075 corpus
2678 4010 3005 4061 exercetur.
3042 4008 3118 4061 Ne
3151 4014 3457 4078 regnet,ut
3487 4009 3573 4063 illi
3615 4026 3712 4081 pa-

2068 4095 2247 4150 reatis
2285 4111 2296 4147 :
2332 4094 2440 4149 hoc
2473 4093 2633 4149 enim
2661 4098 2750 4147 est
2782 4093 3023 4147 subesse
3057 4096 3329 4166 imperio.
3356 4127 3422 4138 —-
3452 4099 3715 4171 Regnum

2068 4192 2267 4242 autem
2300 4187 2358 4240 in
2391 4186 2500 4242 hoc
2532 4185 2732 4240 differt
2762 4202 2797 4240 a
2829 4186 3141 4255 tyrannide
3180 4204 3192 4239 :
3228 4189 3386 4258 quod
3444 4192 3715 4261 tyrannis

2067 4283 2304 4349 geratur
2334 4279 2486 4333 279
2538 4276 2882 4331 nolentibus
2942 4275 3213 4343 subditis,
3275 4295 3524 4350 regnum
3582 4297 3717 4336 vero

2066 4364 2400 4419 volentibus
2431 4365 2522 4419 his
2557 4365 2655 4435 qui
2687 4364 3413 4437 gubernantur.Adnionet
3436 4368 3615 4439 igitur
3643 4385 3715 4424 ne

2065 4471 2328 4525 unquam
2360 4471 2494 4509 cum
2528 4454 2751 4525 peccati
2779 4454 3085 4510 dominatu
3110 4456 3496 4526 paciscamur.
3522 4457 3715 4528 Siqui-

2066 4543 2197 4599 dem
2233 4545 2412 4615 hujus
2443 4561 2689 4616 regnum
2723 4543 3005 4598 Dominus
3026 4550 3261 4614 sumpta
3290 4561 3468 4600 carne
3497 4546 3712 4602 dissol-

2065 4634 2188 4688 vit:
2243 4639 2300 4688 et
2355 4640 2635 4703 tanquam
2692 4632 3046 4687 mortalibus
3093 4632 3285 4687 adhuc
3332 4640 3392 4689 et
3433 4635 3711 4705 passibile

2065 4738 2276 4793 corpus
2308 4722 2665 4776 habentibus
2698 4722 2885 4793 legem
2919 4721 3136 4787 ferens,
3198 4738 3267 4777 ea
3324 4723 3551 4778 stabilit
3579 4740 3708 4796 quas

2067 4818 2284 4868 nostras
2316 4811 2707 4867 imbecillitati
2752 4820 3326 4868 commensulantur.
3380 4816 3496 4869 Nec
3526 4813 3708 4870 dicit:

2068 4902 2193 4956 Non
2223 4905 2494 4957 exerceat
2524 4898 2919 4969 tyrannidem,
2955 4899 3076 4966 sed,
3104 4902 3227 4954 Non
3261 4906 3708 4975 regnet.Tyran-

2067 4990 2265 5045 nidem
2317 5004 2573 5058 namque
2648 5004 2940 5053 exercere,
2994 4988 3156 5045 illius
3216 4992 3523 5061 proprium
3580 4998 3704 5046 est:

2066 5096 2314 5151 regnum
2346 5084 2543 5132 autem
2577 5078 2719 5147 pati,
2740 5084 2956 5132 nostrae
2985 5079 3202 5133 mentis
3235 5080 3524 5135 est.Motio
3548 5080 3709 5135 enim

2066 5185 2134 5224 ac
2159 5167 2409 5221 turbatio
2442 5168 2759 5221 atTectuum
2783 5167 2957 5238 juxta
2978 5174 3250 5223 naturam
3283 5168 3453 5222 nobis
3476 5168 3709 5235 accidit,

1974 5266 1979 5269 ’
2066 5273 2269 5314 eorum
2300 5272 2434 5311 vero
2468 5272 2597 5326 quae
2633 5256 2931 5327 prohibita
2963 5264 3103 5312 sunt
3132 5257 3416 5328 operatio,
3448 5273 3481 5311 a
3510 5262 3713 5312 nostra

2066 5353 2263 5402 mente
2297 5345 2610 5416 dependet.

2136 5433 3093 5506 Quandoquidem,inquit,mortui
3126 5450 3424 5497 sumus,ac
3440 5441 3711 5496 nostrum

2066 5540 2279 5597 corpus
2308 5529 2549 5598 peccato
2581 5529 2881 5581 mortuum
2914 5529 3022 5591 est,
3081 5540 3157 5581 ne
3212 5539 3450 5584 rursum
3482 5529 3708 5600 peccati
