4126 6256
380 359 500 429 409
518 412 521 415 .

1505 350 1928 416 ΈΟΟΜΕΝΙΙ
1970 348 2277 417 ΤΒΙΟΟΔΞ
2325 349 2680 417 EPISCOPI

3681 359 3810 423 440

378 494 667 569 vitaillud
694 491 1198 563 viverefaciamus
1236 506 1250 548 :
1283 507 1475 563 neque
1509 490 1658 547 tales
1680 489 2032 555 efficiamur,

2162 460 2314 549 πάλιν
2347 481 2477 541 αὐτὸ
2506 487 2769 558 ἀναζῆσαι
2802 488 2901 559 τὴν
2960 487 3013 546 ἐν
3045 494 3113 567 τῇ
3172 490 3413 569 ἁμαρτίᾳ
3465 494 3608 566 ζωή.
3641 476 3807 567 Μηδὲ

380 594 448 644 ut
477 588 537 642 in
562 588 689 658 ipso
723 583 883 656 quod
913 583 1165 639 mortale
1201 583 1317 637 sive
1354 586 1656 637 mortuum
1703 580 1917 636 factum
1947 582 2040 635 est

382 694 489 749 per
516 675 902 746 baptismum,
931 678 1138 744 regnet
1169 677 1499 744 peccatum.
1535 670 1685 736 Quid
1717 675 1809 727 est
1839 674 2036 725 autem

381 783 633 839 regnare
663 765 724 819 in
748 763 921 818 nobis
949 761 1297 835 peccatum?
1315 761 1561 833 Explere
1594 759 1890 815 desideria
1905 774 2035 813 cor-

381 857 564 929 poris.
598 857 762 927 Ipsos
794 860 992 910 autem
1024 852 1087 907 in
1132 852 1245 907 hoc
1303 851 1668 917 consolatur,
1720 848 1878 921 quod
1907 849 1988 904 ait
2022 865 2036 903 :

383 967 411 997 ι(
445 944 673 1001 Mortali
698 959 944 1014 corpore
972 958 985 1008 ;
1011 963 1038 991 ››
1060 941 1381 997 ostendens
1415 939 1574 1011 quod
1602 938 1950 1011 temporalis
1964 938 2043 993 sit

381 1040 541 1095 lucta
571 1036 854 1093 adversus
882 1034 1189 1106 pecCatum
1216 1050 1228 1086 :
1262 1031 1558 1104 siquidem
1591 1048 1805 1103 corpus
1820 1035 2041 1101 tempo-

383 1117 509 1185 rale
542 1131 687 1184 est.“
728 1126 790 1179 ln
819 1122 1319 1195 concupiscentiis
1350 1121 1549 1194 ejus.»
1582 1123 1731 1176 Puta
1752 1122 2036 1193 corporis.

385 1239 414 1268 ‹‹
446 1217 646 1288 Neque
679 1212 952 1271 exhibete
984 1210 1254 1268 membra
1280 1215 1493 1267 vestra.
1528 1231 1553 1263 ι
1588 1212 1671 1268 Ac
1702 1211 1747 1266 si
1775 1211 2038 1266 diceret:

381 1308 464 1363 Ne
494 1304 835 1379 perﬁciatis.
897 1304 1120 1374 Corpus
1176 1302 1336 1358 enim
1396 1301 1633 1357 ducitur
1685 1316 2040 1374 quocunque

381 1396 515 1467 quis
547 1391 796 1450 duxerit.
830 1393 1032 1447 Potest
1062 1407 1320 1462 namque
1352 1389 1546 1446 facere
1581 1390 1880 1463 quispiam
1918 1405 2043 1445 ma-

380 1500 526 1542 num
556 1483 1023 1538 instrumentum
1051 1480 1125 1536 ad
1155 1480 1624 1552 eleemosynam,
1679 1480 1956 1536 similiter
1987 1484 2045 1534 et

377 1572 452 1631 ad
483 1572 755 1645 rapinam
790 1588 802 1626 :
835 1572 1099 1643 linguam
1140 1570 1217 1626 ad
1245 1569 1730 1631 benedicendum
1761 1576 1821 1626 et
1848 1568 2033 1626 male-

382 1664 791 1731 dicendum,et
819 1662 902 1718 ita
933 1660 1003 1718 de
1037 1660 1314 1717 omnibus
1346 1661 1654 1717 membris.
1698 1681 1725 1714 ιι
1758 1660 2048 1716 Armain'

375 1754 626 1828 justitiae
661 1754 849 1809 nBene
877 1756 1185 1824 peccatum
1206 1751 1435 1806 vocavit
1458 1749 2048 1828 injustitiam.Siqui§

387 1846 521 1903 dem
554 1860 659 1916 per
692 1842 843 1898 illud
875 1842 1126 1913 quisque
1158 1840 1249 1897 vel
1282 1840 1511 1914 sibiipsi
1556 1840 1814 1912 injurius
1846 1845 1935 1896 est
1954 1827 2049 1896 vel
2077 1854 2124 1920 Β

387 1932 676 2005 proximo.
712 1953 738 1979 ‹‹
776 1930 887 1986 Sed
919 1928 1194 1985 exhibete
1241 1929 1628 2002 vosmetipsos
1684 1930 1827 1986 Deo.
1888 1948 1912 1980 ν
1966 1930 2047 1984 Ex

397 2021 637 2076 vocibus
661 2018 902 2075 interim
929 2018 1184 2074 sumitur
1203 2017 1515 2074 sententia)
1553 2016 2047 2072 discrimen.Nam

400 2111 554 2167 sicut
587 2109 909 2165 dicitur.Ne
933 2107 1067 2177 quis
1100 2107 1358 2178 seipsum
1394 2106 1667 2162 exhibeat
1689 2112 1930 2178 peccato
1945 2106 2048 2162 sed

395 2202 514 2256 Deo
549 2216 564 2267 ;
594 2199 675 2253 ita
697 2197 992 2253 exhibete.
1028 2196 1241 2268 inquit.
1278 2196 1544 2268 vosipsos
1596 2201 1731 2264 Deo,
1768 2196 1920 2252 sicut
1949 2195 2046 2251 di-

394 2305 575 2363 gnum
610 2293 745 2343 est:
781 2285 920 2357 quia
940 2303 1040 2341 vos
1093 2284 1352 2357 peccatis
1409 2284 1705 2341 veteribus
1760 2289 2046 2350 mortuos,

395 2380 513 2436 sive
546 2378 752 2435 mortis
778 2375 1090 2432 dominatu
1131 2392 1366 2446 pressos
1384 2374 1694 2432 vivificavit
1717 2392 1728 2429 :
1754 2375 1863 2439 vel,
1899 2376 2052 2432 sicut

395 2485 629 2540 aequum
658 2473 749 2523 est
779 2467 912 2521 illos
943 2465 1223 2523 exhibere
1257 2466 1612 2538 seipsos,qui
1633 2470 1795 2521 tanto
1821 2465 2047 2522 beneﬁ-

396 2559 485 2614 cio
517 2555 712 2612 allecti
746 2560 902 2615 sunt.
936 2560 1001 2608 ut
1030 2553 1384 2611 exmortuis
1416 2570 1484 2609 ac
1508 2555 1801 2625 corruptis
1824 2554 2050 2611 aﬂ'ecti-

396 2647 507 2702 bus
531 2645 784 2708 liberati,
819 2644 948 2699 vitae
1010 2642 1269 2699 restituti
1302 2642 1441 2697 sint.
1478 2665 1507 2693 «
1542 2645 1611 2698 Et
1657 2643 1928 2699 membra
1955 2660 2048 2699 ve-

401 2742 522 2791 stra
542 2751 725 2790 arma.
763 2754 790 2783 »
824 2733 931 2798 Qui
964 2732 1126 2788 enim
1158 2731 1233 2787 ad
1264 2747 1432 2786 arma
1472 2730 1726 2803 justitiae
1784 2730 2051 2786 membra

401 2824 658 2888 exhibet,
708 2828 820 2878 Deo
855 2822 1115 2893 seipsum
1170 2819 1425 2875 exhibet.
1463 2843 1482 2866 -
1548 2821 1693 2875 Nam
1741 2826 2051 2892 peccatum

403 2915 567 2971 vobis
597 2930 719 2969 non
751 2911 1175 2969 dominabitur.
1214 2931 1240 2958 η
1292 2909 1595 2981 Siquidem
1648 2927 1723 2965 ne
1782 2910 1860 2964 sit
1887 2909 2051 2966 vobis

402 3005 627 3063 bellum
659 3004 883 3075 peccati
904 3003 962 3056 in
994 2999 1765 3061 excusationem,imbecille
1786 3017 1944 3056 nunc
1963 3005 2055 3057 est

400 3099 732 3166 peccatum,
766 3091 881 3147 nisi
915 3089 1170 3146 ultronei
1194 3076 1478 3161 'nosipsos
1508 3089 1598 3144 illi
1641 3089 2051 3162 subjiciamus,

401 3184 556 3240 280
588 3182 692 3238 sed
720 3186 1020 3253 oppugnat
1052 3178 1525 3251 quidem.verum
1547 3195 1667 3234 non
1687 3178 2046 3236 dominatur.

399 3272 701 3341 Quomodo
733 3272 932 3343 itaque
965 3272 1253 3327 hactenus
1302 3270 1675 3328 dominatum
1737 3269 1882 3327 est?
1911 3270 2054 3342 quia

402 3362 510 3416 sub
536 3361 659 3432 lege
693 3364 863 3413 erant
900 3358 999 3429 qui
1053 3357 1242 3430 ipsius
1297 3357 1628 3413 dominium
1679 3357 2052 3414 sustinebant

402 3454 667 3520 tempore
700 3446 846 3518 legis
880 3463 893 3500 :
922 3463 1052 3517 quas
1103 3444 1491 3501 denuntiabat
1552 3445 1791 3518 quidem
1825 3446 2051 3517 peccati

404 3537 719 3601 actionem,
746 3552 867 3590 non
897 3540 1099 3590 tamen
1130 3534 1383 3590 addebat
1412 3535 1564 3589 vires
1592 3541 1656 3589 ut
1685 3535 1835 3591 illud
1854 3535 2053 3592 vince-

404 3632 541 3683 rent
567 3642 635 3681 ac
666 3628 1035 3696 superarent.
1061 3625 1175 3678 Nos
1203 3640 1336 3678 vero
1404 3622 1511 3678 sub
1568 3624 1757 3695 gratia
1786 3641 1990 3680 sumus
2035 3641 2048 3680 :

410 3734 540 3788 quae
572 3731 692 3771 non
726 3714 918 3770 solum
943 3714 1045 3768 illa
1076 3713 1285 3770 suadet
1313 3729 1380 3768 ac
1411 3714 1764 3785 statuitqum
1798 3719 2051 3787 oportet,

411 3807 516 3863 sed
546 3813 604 3863 et
634 3806 784 3862 vires
816 3805 980 3861 addit
1012 3810 1069 3859 et
1094 3803 1166 3860 ad
1197 3805 1436 3860 illorum
1482 3804 1776 3861 actionem
1834 3805 2053 3862 auxilio

412 3903 502 3952 est
533 3913 546 3949 :
573 3912 681 3951 nec
713 3894 773 3949 id
807 3893 1648 3965 tantum.sedetperpetrataa
1679 3893 1850 3949 nobis
1881 3898 2056 3950 antea

409 3992 651 4058 peccata
673 3983 847 4039 delet.
883 3982 1048 4049 Quod
1078 3988 1170 4038 est
1198 3988 1397 4039 autem
1417 3992 1722 4055 peccatum
1755 3983 1915 4056 quod
1936 4000 2056 4039 non

410 4073 862 4130 dominabitur?
895 4072 1041 4127 lllud
1060 4072 1332 4128 videlicet
1384 4073 1544 4143 quod
1587 4074 1891 4145 praecessit
1949 4073 2054 4129 ba-

408 4165 645 4238 ptisma,
681 4171 737 4218 et
768 4181 802 4218 a
830 4162 1044 4218 Christi
1077 4163 1266 4235 gratia
1302 4162 1552 4219 deletur.
1584 4164 1700 4219 Hoc
1734 4170 1931 4220 autem
1964 4163 2058 4219 lex

406 4255 601 4311 facere
627 4270 745 4309 non
770 4253 978 4324 potuit.
1010 4254 1135 4307 Non
1168 4268 1304 4326 ergo
1335 4251 1495 4310 estis.
1532 4252 1745 4323 inquit,
1789 4253 1899 4309 sub
1932 4252 2057 4326 lege

411 4366 542 4422 quas
573 4347 829 4403 liberare
860 4362 981 4401 non
1011 4352 1264 4418 poterat,
1302 4345 1406 4401 sed
1437 4361 1640 4416 pcenas
1670 4346 1857 4419 magis
1915 4347 2062 4403 infe-

410 4437 597 4495 rebat.

486 4528 576 4586 Vl.
602 4529 789 4581 45-17.
840 4523 986 4590 Quid
1016 4539 1144 4595 ergo
1173 4525 1202 4579 ?
1232 4524 1581 4594 peccabimus
1634 4526 1899 4595 quoniam
1953 4540 2062 4581 non

2149 579 2685 649 παρασκευασώμεθα
2740 579 2937 646 οὕτως,
2983 581 3121 638 ὥστε
3146 581 3312 639 πάλιν
3364 583 3416 639 ἐν
3476 585 3628 657 αὐτῷ
3674 586 3807 657 θνη-

2144 669 2223 738 τῷ
2252 666 2530 740 γενομένῳ
2576 667 2665 724 διὰ
2716 675 2814 727 τοῦ
2870 673 3267 749 βαπτίσματος,
3330 674 3636 751 βασιλεύειν
3695 679 3802 747 την

2147 756 2439 832 ἁμαρτίαν.
2474 758 2543 816 Τί
2576 757 2633 814 δέ
2662 758 2774 815 ἐστι
2808 761 3116 838 βασιλεύειν
3161 762 3214 819 ἐν
3270 764 3408 838 ἡμῖν
3465 766 3564 835 τήν
3618 768 3803 840 ἆμαρ-

2145 846 2263 900 τίαν
2300 865 2315 916 ;
2346 847 2418 904 Τὸ
2449 846 2715 904 ἐπιτελεῖν
2747 851 2842 912 τὰς
2875 850 3165 927 ἐπιθυμίας
3212 858 3310 909 τοῦ
3369 856 3651 929 σώματος.
3690 861 3835 911 Πα-’

2148 939 2466 1009 ραμυθεῖται
2516 935 2573 994 δὲ
2630 939 2824 1005 αὐτοὺς
2877 940 2931 995 ἐν
2961 945 3041 1014 τῷ
3097 943 3292 1014 εἰπεῖν,
3354 968 3379 997 ιι
3440 950 3634 1018 Θνητῷ
3692 945 3813 1001 σώ-

2152 1045 2303 1096 ματι,
2364 1024 2636 1090 »δεικνὺς
2694 1027 2777 1084 ὅτι
2833 1029 3166 1107 πρόσκαιρος
3237 1034 3273 1103 ἡ
3349 1033 3501 1105 πάλη
3578 1035 3615 1104 ἡ
3662 1037 3848 1110 πρός”

2149 1114 2439 1191 ἁμαρτίας·
2472 1119 2801 1195 πρόσκαιρον
2829 1119 2930 1197 γὰρ
2970 1142 3032 1176 το
3093 1127 3272 1195 σῶμα.
3307 1146 3338 1176 (ι
3370 1126 3461 1180 Ἐν
3502 1129 3623 1189 ταῖς
3678 1125 3811 1181 ἐπι-

2152 1206 2373 1280 θυμίαις
2404 1209 2589 1267 αὐτοῦ.
2651 1236 2673 1265 ι
2734 1213 3017 1287 Τουτέστι,
3075 1218 3173 1270 τοῦ
3234 1215 3512 1289 σώματος.
3554 1242 3584 1270 ι(
3648 1214 3825 1287 Μηδὲ

2150 1296 2503 1371 παριστάνετε
2528 1300 2595 1354 τὰ
2626 1299 2769 1373 μέλη
2804 1302 2980 1376 ὑμῶν.
3011 1328 3040 1357 ››
3098 1304 3252 1376 Οἴον,
3312 1307 3404 1376 Μή
3457 1305 3811 1364 ἀποτελεῖτε.

2151 1386 2222 1441 Τὸ
2250 1388 2354 1463 γὰρ
2381 1392 2541 1461 σῶμα
2569 1388 2780 1464 ἄγεται,
2809 1392 2945 1448 καθὸ
2993 1390 3052 1448 ἄν
3086 1391 3192 1470 ἄγῃ
3249 1413 3355 1458 τις.
3414 1396 3637 1453 Δύναται
3696 1398 3817 1472 γάρ

2152 1496 2234 1538 τις
2262 1477 2361 1546 τὴν
2386 1483 2567 1555 χεῖρα,
2590 1479 2699 1555 Ικαὶ
2732 1479 2904 1537 ὅπλον
2963 1480 3364 1556 ἐλεημοσύνης,
3413 1484 3501 1541 καὶ
3550 1486 3816 1562 ἁρπαγῆς

2155 1572 2404 1635 ποιῆσαι·
2437 1569 2538 1637 τήν
2599 1568 2852 1643 γλῶσσαν
2893 1570 2984 1627 καὶ
3043 1568 3289 1650 εὔφημον
3340 1572 3433 1630 καὶ
3491 1572 3814 1655 δύσφημον,

2155 1655 2244 1710 καὶ
2276 1655 2446 1719 οὕτως
2479 1657 2647 1714 πάντα
2674 1660 2740 1714 τὰ
2772 1658 2938 1736 μὲλη.
2974 1686 3001 1714 ‹‹
3032 1663 3221 1720 ’ὈπΛα
3252 1660 3480 1728 ἀδικίας.
3517 1688 3545 1717 ››
3604 1666 3816 1729 Καλῶς

2157 1745 2254 1813 τὴν
2282 1746 2566 1820 ἁμαρτίαν,
2610 1745 2817 1804 ἀδικίαν
2873 1748 3143 1808 ἐκάλεσεν.
3199 1753 3270 1809 Ἤ
3321 1751 3422 1828 γὰρ
3479 1753 3665 1811 ἑαυτόν
3719 1775 3818 1817 τις

2157 1829 2335 1888 ἀδικεῖ
2360 1832 2428 1888 δι’
2451 1835 2643 1906 αὐτῆς,
2675 1837 2709 1907 ἢ
2742 1838 2836 1894 τὸν
2865 1836 3121 1909 πλησίον.
3154 1865 3182 1893 ‹‹
3218 1838 3393 1898 Ἀλλὰ
3420 1845 3815 1919 παραστήσατε

2155 1922 2381 1987 ἑαυτοὺς
2411 1930 2490 1999 τῷ
2521 1931 2657 2000 Θεῷ,
2693 1952 2721 1980 ››
2752 1929 2901 1991 Τέως
2954 1928 3013 1985 ἐκ
3062 1936 3169 1986 τῶν
3228 1929 3514 2005 ὀνομάτων
3568 1933 3631 1988 τὸ
3680 1930 3809 1989 διά-

2155 2033 2347 2092 φορον.
2405 2015 2538 2072 Οἶον
2598 2015 2701 2091 γάρ
2760 2016 2895 2090 ἐστι,
2957 2020 3034 2094 μὴ
3092 2027 3434 2096 παραστῆσαι
3493 2022 3678 2078 ἐαυτὸν
3736 2026 3813 2097 τῇ

2155 2104 2414 2177 ἁμαρτίᾳ,
2448 2103 2697 2179 ἀλλὰτῷ
2754 2112 2891 2181 Θεῷ·
2952 2108 3127 2172 οὕτως
3183 2109 3432 2174 ἑαυτοὺς,
3486 2117 3640 2193 φησί,
3700 2133 3819 2168 πα-

2157 2195 2459 2267 ραστήσατε
2514 2198 2594 2265 τῷ
2647 2200 2785 2268 Θεῷ,
2834 2196 2910 2261 ὡς
2966 2198 3132 2268 ἆξνον,
3210 2198 3292 2254 δτι
3366 2202 3817 2274 νενεκρωμένους

2160 2282 2300 2354 ὑμᾶς
2323 2288 2444 2344 ταῖς
2488 2282 2656 2338 πάλαι
2689 2285 3003 2360 ἁμαρτίαις,
3063 2287 3228 2361 ἤγουν
3283 2292 3363 2360 τῷ
3421 2288 3524 2344 6116
3575 2290 3814 2354 θανάτου

2159 2368 2557 2446 βασιλεύεσθαι,
2581 2372 2971 2445 ἐζωοποίησενο
3022 2378 3081 2446 ἤ,
3150 2377 3224 2438 ὡς
3281 2375 3422 2433 ἔστιν
3480 2376 3625 2449 ἄξιον
3674 2382 3813 2445 τοὺς

2154 2457 2495 2529 τηλικαύτης
2552 2460 2852 2538 εὐεργεσίας
2906 2463 3244 2533 ἀξιωθέντας,
3301 2464 3392 2520 καὶ
3445 2464 3505 2521 ἐκ
3556 2471 3665 2522 τῶν
3721 2490 3811 2526 νε-

2155 2551 2300 2622 κρῶν
2350 2548 2439 2604 καὶ
2497 2551 2842 2630 φθοροποιῶν
2929 2555 3111 2609 παθῶν
3166 2552 3639 2631 ἐλευθερωθέντας,
3710 2559 3805 2613 καὶ

2161 2640 2366 2705 ζῶντας
2426 2636 2876 2719 ἀποδειχθέντας,
2936 2642 3160 2707 ἑαυτοὺς
3216 2651 3583 2719 παραστῆσαι.
3642 2641 3851 2702 «Καθ’

2156 2725 2222 2780 τὰ
2256 2722 2399 2799 μέλη
2429 2727 2580 2799 ὑμῶν
2611 2716 2777 2786 ὅπλα.
2811 2754 2838 2782 ››
2866 2735 2925 2788 Ὀ
2955 2733 3055 2807 γὰρ
3115 2732 3191 2795 είς
3250 2716 3401 2788 ὅπλα
3459 2716 3813 2809 δικαιοσύνης

2156 2815 2224 2868 τὰ
2273 2812 2416 2887 μὲΛη
2475 2821 2844 2893 παραστήσας,
2902 2826 2983 2894 τῷ
3039 2821 3155 2895 Θεῷ
3212 2823 3402 2879 ἑαυτὸν
3464 2825 3812 2901 παρίστησιν.

2161 2924 2193 2958 (ι
2216 2904 2481 2980 Ἀμαρτία
2510 2908 2613 2982 γὰρ
2650 2907 2799 2980 ὑμῶν
2849 2909 2910 2965 οὗ
2967 2911 3259 2986 κυριεύσει.
3293 2936 3324 2968 ››
3383 2916 3477 2984 Μὴ
3537 2916 3642 2990 γὰρ
3673 2911 3805 2972 ἔστω

2163 2995 2288 3069 ὑμῖν
2315 2995 2340 3050 ὁ
2371 3002 2471 3065 τῆς
2500 2997 2766 3072 ἁμαρτίας
2795 2998 3042 3074 πόλεμος
3074 3001 3366 3083 πρόφασις,
3425 3003 3646 3077 ἀσθενής
3691 3005 3797 3060 ἐστι

2159 3083 2247 3139 νῦν
2280 3084 2314 3155 ἡ
2349 3086 2605 3159 ἁμαρτία,
2636 3087 2698 3142 οὐ
2730 3086 2949 3145 δύναται
3007 3091 3295 3167 κυριεύειν,
3354 3090 3444 3148 ἐὰν
3509 3095 3586 3168 μή
3648 3098 3808 3167 ἡμεῖς

2162 3174 2373 3239 ἑκόντες
2450 3176 2967 3252 ὑποκατακλιθῶμεν
3022 3179 3190 3255 αὐτῇ,
3240 3179 3391 3238 ἀλλὰ
3472 3179 3814 3259 προσϐάλλει

2166 3263 2371 3337 μὶν,ού
2401 3265 2635 3338 κυριεύει
2681 3264 2754 3324 δέ,
2789 3273 2912 3331 Πῶς
2969 3266 3026 3326 δὲ
3085 3271 3180 3325 οῦν
3234 3269 3502 3346 ἐκυρίευεν
3560 3268 3663 3336 ἕως
3719 3276 3815 3329 τοῦ

2157 3357 2245 3408 νῦν
2284 3372 2298 3424 ;
2329 3359 2449 3411 ’Ότι
2485 3355 2588 3410 ὑπὸ
2616 3355 2784 3429 νόμον
2816 3357 2952 3427 ἦσαν
2979 3360 3031 3414 οἱ
3085 3359 3171 3414 ὑπ’
3205 3359 3370 3429 αὐτῆς
3401 3362 3813 3437 κυριευὸμενοιο

2165 3444 2267 3499 ὑπὸ
2297 3439 2490 3516 νόμον,
2550 3444 2608 3508 '6;
2670 3446 2990 3517 ἀπεθέσπιζε
3059 3450 3153 3522 μὲν
3210 3450 3310 3520 τὴν
3380 3457 3479 3518 τῆς
3534 3451 3811 3527 ἁμαρτίας

2160 3535 2373 3607 πρᾶξιν,
2434 3532 2532 3589 οὐκ
2584 3534 2796 3611 ἐνίσχυε
2848 3533 2905 3592 δὲ
2963 3537 3040 3600 εἰς
3104 3540 3166 3593 τὸ
3222 3544 3432 3612 κρατεῖν
3487 3538 3660 3609 αὐτῆς
3716 3543 3810 3597 καὶ

2161 3623 2546 3697 περιγίνεσθαι.
2577 3623 2854 3699 Ἡμεῖςδέ
2897 3626 3000 3682 ὑπὸ
3033 3628 3195 3708 χάριν
3256 3628 3435 3703 ἐσμὲν,
3492 3628 3614 3699 ﬁne
3681 3634 3833 3706 μετᾶ

2160 3715 2257 3768 τοῦ
2288 3708 2682 3785 συμϐουλεύειν
2722 3715 2813 3770 καὶ
2872 3714 3247 3783 διατάττεσθαι
3302 3717 3338 3775 ἅ
3390 3721 3528 3795 χρὴ,
3575 3721 3668 3778 καὶ
3735 3723 3814 3778 ὲν-

2168 3802 2345 3877 ισχύει
2378 3802 2463 3856 καὶ
2493 3810 2738 3879 συνεργεῖ
2794 3805 2870 3869 εἲς
2926 3807 3028 3876 τήν
3088 3810 3279 3883 πρᾶξιν
3336 3810 3537 3867 αὐτῶν.
3599 3812 3695 3867 Καὶ
3747 3812 3807 3869 ού

2162 3896 2325 3947 τοῦτο
2386 3887 2573 3964 μόνον.
2624 3893 2770 3950 ἀλλὰ
2818 3896 2908 3951 καὶ
2958 3896 3053 3958 τὰς
3138 3899 3618 3977 προγεγενημένας
3673 3902 3805 3971 ἡμῖν

2166 3980 2436 4058 ἁμαρτίις
2468 3981 2758 4060 ἐξαλείφει.
2809 3986 2941 4042 Ποία
2995 3987 3235 4059 ἁμαρτία
3284 3989 3349 4043 οὐ
3410 3989 3800 4066 κυριεύσειςἨ

2164 4072 2272 4148 πρὸ
2301 4077 2398 4127 τοῦ
2433 4072 2806 4149 βαπτίσματος
2838 4073 3120 4144 δηλονότι,
3154 4075 3221 4147 ἤν
3271 4076 3496 4155 ἀφίησιν
3556 4080 3590 4148 ἡ
3648 4078 3810 4154 χάρις

2165 4166 2260 4216 τοῦ
2291 4166 2556 4236 Χριστοῦ.
2588 4168 2757 4219 Τοῦτο
2789 4161 2846 4219 δὲ
2885 4166 2913 4221 6
2943 4165 3115 4241 νόμος
3179 4174 3350 4223 ποιεῖν
3402 4168 3505 4225 οὐκ
3557 4166 3817 4240 ἠδύνατο.

2167 4251 2280 4306 Ούκ
2309 4252 2427 4308 ἐστὶ
2458 4250 2571 4320 οὖν,
2605 4252 2791 4325 φησὶν,
2853 4254 2957 4309 ὑπὸ
3013 4254 3178 4329 νόμον
3236 4258 3326 4313 τὸν
3384 4260 3462 4331 μὴ
3524 4257 3828 4332 δυνάμι-ιον

2169 4338 2445 4416 ῥύσασθαι,
2478 4339 2625 4398 ἀλλὰ
2668 4342 2879 4417 μᾶλλον
2910 4347 3355 4423 τιμωρούμινον,

2241 4519 2309 4577 Τί
2348 4518 2439 4575 οὗν
2475 4538 2491 4590 ;
2522 4520 2911 4595 ἁμαρτήτομεν
2942 4524 3028 4582 ’ὁτι
3094 4526 3196 4582 οὐκ
3253 4526 3411 4602 ἐσμὲν
3472 4530 3575 4587 ὑπὸ
3623 4530 3821 4605 νόμον,

413 4633 597 4674 sumus
625 4617 722 4671 sub
784 4614 1021 4684 lege,sed
1073 4616 1170 4670 sub
1220 4613 1456 4683 gratia?
1498 4613 1697 4669 Absit!
1729 4616 1819 4670 Αη.
1849 4616 2050 4671 nesciti:

2174 4607 2320 4665 ἀλλὰ
2374 4611 2478 4666 ὑπὸ
2537 4612 2741 4690 χάρινς
2786 4615 2878 4681 Μὴ
2936 4615 3167 4692 γένοιτο.
3228 4617 3343 4676 Οὗκ
3397 4615 3581 4676 οἷ’δατε
3639 4621 3725 4676 ὅτι
3774 4621 3821 4697 ᾧ

414 4707 562 4778 quod
592 4705 683 4761 ριιὶ
714 4705 981 4760 exhibetis
1027 4706 1264 4775 vosipsos
1315 4718 1489 4759 servos
1546 4702 1620 4757 ad
1664 4703 2058 4759 obedientiam‘

416 4797 531 4853 eius
558 4796 703 4849 servi
733 4796 858 4849 estis
879 4795 971 4848 cui
995 4794 1227 4848 obeditis
1258 4810 1275 4848 :
1306 4793 1419 4849 sive
1466 4795 1681 4863 peccati
1712 4793 1786 4847 ad
1812 4800 2059 4854 mortem.

411 4887 523 4941 sive
553 4883 870 4939 obedientiae
890 4884 964 4939 ad
982 4884 1266 4953 justitiam
1286 4882 1314 4938 ?
1342 4883 1535 4940 Gratia
1565 4890 1747 4938 autem
1776 4884 1884 4938 Deo
1913 4887 2061 4954 quod

411 4977 578 5033 eratis
597 4974 817 5045 quidem
842 4974 984 5027 servi
1003 4975 1242 5043 peccati.
1272 4973 1367 5027 sed
1396 4971 1652 5029 obedistis
1707 4990 1776 5027 ea:
1804 4986 1973 5029 corde
2001 4976 2061 5029 in

407 5084 530 5124 eam
558 5067 618 5120 in
648 5079 813 5134 quam
849 5061 1098 5117 traducti
1126 5061 1252 5118 estis
1268 5065 1507 5132 formam
1538 5062 1826 5119 doctrinm.

476 5159 554 5215 Ne
586 5153 783 5225 segnis
816 5151 919 5208 ﬁat
945 5151 1179 5208 auditor
1203 5152 1295 5209 cui
1330 5169 1448 5207 non
1480 5150 1822 5209 dominatur
1853 5169 2059 5225 pecca-

402 5255 528 5306 tum
546 5263 615 5305 eo
634 5244 793 5318 quod
810 5242 888 5300 sit
907 5241 1015 5298 sub
1036 5246 1381 5315 protegente
1405 5242 1612 5315 gratia,
1641 5243 1840 5299 ﬁrmat
1862 5243 2056 5300 illum.

401 5338 521 5392 Nisi
554 5336 852 5406 nosipsos,
885 5331 1098 5404 inquit,
1133 5336 1375 5402 peccato
1425 5330 1930 5402 inclinaverimus,
1965 5349 2063 5390 ne-

408 5441 707 5498 quaquam
741 5423 812 5480 ab
855 5422 959 5479 illo
991 5421 1314 5495 capiemur.
1364 5420 1666 5487 Quomodo
1689 5421 1716 5476 ?
1745 5420 1893 5487 Quia
1940 5439 2062 5478 non

414 5531 618 5570 sumus
662 5514 919 5585 amplius
965 5511 1072 5569 sub
1116 5511 1267 5585 lege,
1300 5528 1432 5585 quas
1474 5516 1783 5584 peccatum
1821 5511 2062 5583 quidem

417 5602 788 5678 prohibebat,
831 5602 935 5659 sed
974 5603 1046 5658 ab
1079 5619 1146 5659 eo
1192 5602 1447 5659 liberare
1485 5619 1605 5658 non
1656 5607 1925 5675 poterat:
1961 5600 2065 5658 sed

421 5695 530 5751 sub
564 5692 771 5748 Christi
805 5693 1010 5766 gratia,
1046 5711 1176 5763 qua)
1199 5693 1465 5749 remissis
1485 5693 1783 5765 prioribus
1811 5691 2064 5761 delictis,

2171 4700 2522 4771 παριστάνετε
2552 4701 2774 4767 ἑαυτοὺς
2804 4700 3035 4767 δούλους
3064 4706 3138 4769 εἷς
3176 4707 3442 4781 ὑπακοὴν,
3471 4708 3666 4768 δοῦλοί
3702 4711 3824 4768 ἐστε

2170 4791 2217 4864 ᾧ
2250 4791 2564 4861 ὑπακούετε,
2597 4789 2724 4862 ἤτοι
2754 4794 3018 4870 ἁμαρτίας
3075 4795 3150 4858 εἰς
3210 4798 3457 4861 θάνατον,
3492 4800 3527 4872 ἢ
3576 4804 3821 4871 ὑπακοῆς

2170 4879 2245 4943 εἷς
2276 4878 2622 4944 δικαιοσύνην
2656 4900 2671 4952 ;
2705 4883 2870 4955 Χάρις
2900 4881 2957 4940 δὲ
2985 4905 3062 4956 τῳ
3107 4891 3223 4959 Θεῷ
3254 4887 3335 4942 ὅτι
3362 4890 3461 4958 ἦτε
3494 4887 3685 4948 δοῦλοι
3717 4894 3818 4959 τῆς

2170 4971 2457 5047 ἁμαρτίας,
2489 4971 2832 5042 ὑπηκούσατε
2864 4969 2918 5027 δὲ
2947 4971 3008 5029 ἐκ
3033 4974 3255 5050 καρδίας
3290 4976 3363 5040 εἷς
3389 4979 3446 5034 δν
3477 4978 3822 5055 παρεδόθητε

2170 5058 2337 5116 τύπον
2371 5057 2625 5141 διδαχῆς.

2240 5151 2355 5208 Ἰνα
2387 5150 2464 5223 μὴ
2499 5140 2741 5226 ῥάθυμος
2799 5151 2826 5205 6
2880 5151 3151 5227 ἆκροατής
3200 5154 3422 5235 γένηται
3481 5158 3555 5221 ὡς
3590 5140 3690 5234 μὴ.
3724 5181 3827 5216 κυ-

2173 5242 2596 5315 ριευθησόμενος
2632 5241 2735 5297 ὑπὸ
2779 5244 2876 5311 τῆς
2935 5244 3202 5320 ἁμαρτίας
3260 5244 3348 5303 διὰ
3393 5248 3457 5305 16
3518 5251 3657 5306 εἶναι
3716 5251 3823 5308 ὑπὸ

2171 5331 2333 5407 χάριν
2416 5331 2516 5399 τήν
2575 5335 2937 5410 φρουροῦσαν,
2987 5333 3341 5411 ἀσφαλίζεται
3425 5338 3604 5398 αὐτόν.
3663 5342 3820 5407 Ἐὰν,

2173 5421 2359 5496 φησὶν,
2411 5417 2635 5482 ἑαυτοὺς
2695 5422 2772 5493 μή
2834 5420 3215 5497 ὑποκλίνωμεν
3270 5430 3337 5501 τῇ
3405 5428 3665 5503 ἁμαρτίᾳ,
3714 5429 3826 5506 οὐχ

2173 5509 2527 5582 ἁλισκόμεθα.
2582 5511 2909 5581 Πῶς;”Οτι
2965 5511 3064 5568 οὐκ
3120 5512 3278 5588 ἐσμὲν
3340 5515 3442 5572 ὑπὸ
3499 5518 3595 5573 τὸν
3647 5517 3820 5591 νόμον

2175 5596 2251 5655 ἔτι
2300 5600 2389 5656 τὸν
2450 5597 2861 5674 ἀπαγορεύοντα
2911 5598 3004 5674 μὲν
3061 5603 3162 5670 τήν
3213 5604 3505 5681 ἁμαρτίαν,
3560 5606 3819 5682 ῥύσασθαι

2176 5685 2232 5745 δὲ
2262 5689 2337 5762 μὴ
2367 5686 2685 5763 δυνάμενον·
2710 5721 2715 5725 -
2739 5687 2866 5745 ἀλλ’
2901 5690 3001 5747 ὑπὸ
3030 5692 3130 5761 τὴν
3186 5694 3350 5768 χάριν
3408 5698 3667 5773 Χριστοῦ,
3716 5697 3816 5772 τὴν
