4126 6256
339 345 453 408 ιιι

1466 351 1882 418 COMMENT.
1929 349 2008 412 IN
2050 349 2298 415 EPIST.
2343 351 2447 414 AD
2480 353 2669 416 ROM.

3651 363 3773 424 442

339 477 555 544 καὶτὰς
584 481 1004 557 προγενομένοις
1063 483 1329 558 ἁμαρτίας
1377 483 1621 562 ἀφεῖσαν,
1679 483 1772 540 καὶ
1824 481 1902 548 είς
1945 480 2006 538 τὸ

2125 483 2186 540 in
2219 484 2483 543 futurum
2515 487 2693 542 etiam
2727 489 3003 555 custodit,
3034 490 3145 546 nisi
3175 507 3283 546 nos
3315 508 3524 561 segnes
3547 495 3771 553 efficia-

346 569 551 644 μέλλον
585 575 962 648 φρουροῦσαν,
993 572 1082 627 ἐὰν
1138 576 1302 646 ἡμεῖς
1363 575 1438 646 μὴ
1487 575 1909 648 ῥᾳθυμησωμεν,
1941 607 2012 618 -

341 661 562 737 [ΦΩΤ.]
593 686 620 710 α
658 659 776 718 Ούκ
807 660 996 717 οἷ’δατε
1028 664 1112 718 ὃτι
1142 664 1188 738 ᾧ
1211 667 1556 739 παριστάνετε
1608 663 1850 726 ἑαυτούς.
1890 688 1910 712 υ
1945 668 2013 742 “ᾨ

346 751 670 826 πράγματος
703 746 796 804 διὰ
826 758 932 821 τῆς
993 751 1239 822 ὑπακοῆς
1297 749 1530 816 δούλους
1597 751 1819 816 ἑαυτοὺς
1869 771 2013 824 παρ-

363 839 617 910 ιστάνετε,
646 841 922 909 τουτὲστι,
954 848 1180 910 ποιεῖτε,
1241 840 1613 911 ἀποδείκνυτε,
1674 843 2014 919 παρασκευά-

362 935 499 1000 (sta,
555 929 732 1003 τούτῳ
770 931 861 985 καὶ
931 931 1006 994 εἰς
1062 932 1124 986 τὸ
1183 931 1306 1003 ἒξῆς
1366 929 1560 987 δοῦλοι
1620 931 2016 1007 χρηματίσετε,

350 1027 453 1088 τῆς
485 1018 735 1075 ἑκουσίου
773 1021 928 1092 ὑμῶν
961 1021 1229 1090 ὑπακοῆς,
1269 1023 1368 1092 τὴν
1431 1019 1682 1078 δουλείαν
1738 1041 2016 1101 παρασχο-

346 1109 542 1183 μένης,
576 1108 705 1180 ἢτοι
765 1116 868 1179 τῆς
930 1108 1020 1166 ἐπὶ
1078 1109 1302 1167 θάνατον
1353 1109 1598 1184 ἀγούσης
1655 1105 2012 1186 ἁμαρτίας,ἤ

337 1205 445 1267 τῆς
501 1198 578 1261 ὡς
652 1197 878 1269 ἀληθῶς
964 1198 1226 1269 ὑπακοῆς,
1314 1205 1415 1270 τῆς
1501 1199 1578 1261 είς
1666 1197 2012 1270 δικαιοσύνην

339 1286 836 1364 χειραγωγούσης.
869 1288 942 1346 Ἥ
983 1289 1069 1356 τὸ,
1122 1293 1186 1342 Ὦ
1242 1287 1561 1358 ὑπακούετε,
1625 1287 1842 1362 μᾶλλον
1900 1287 2017 1356 ἀντὶ

341 1381 462 1446 τοῦ,
499 1377 553 1432 ἐν
585 1377 635 1449 ᾦ
667 1378 762 1434 καὶ
793 1379 910 1442 καθ’
943 1376 999 1432 ὅν
1027 1376 1249 1453 τρόπον,
1283 1379 1400 1432 οἶον
1456 1379 1539 1434 ὃτι
1592 1377 1643 1433 ἐν
1690 1377 1869 1450 τούτῳ
1918 1376 2011 1432 καὶ

349 1466 481 1520 κατᾶ
506 1474 713 1522 τουτον
740 1466 831 1521 τὸν
866 1466 1067 1541 τρόπον
1121 1465 1320 1544 γοῦλοί
1377 1466 1495 1523 ἐστε
1526 1465 1562 1536 ἤ
1591 1470 1689 1537 τῆς
1741 1467 2012 1543 ἁμαρτίας

343 1555 379 1625 ἢ
411 1563 513 1626 τῆς
549 1552 941 1627 δικαιοσύνης,
975 1555 1109 1612 καθὸ
1139 1557 1228 1612 καὶ
1262 1555 1313 1612 ἐν
1343 1557 1390 1630 ᾧ
1426 1558 1624 1634 θατέρα
1678 1555 1855 1612 αὐτῶν
1917 1556 2015 1611 ὑπ-

337 1644 591 1704 ακούετε.
623 1651 738 1700 Ἴνα
769 1645 874 1724 γὰρ
910 1647 986 1720 μή
1018 1664 1102 1707 τις
1133 1644 1282 1721 εἷ’πῃ.
1323 1650 1443 1708 Πῶς
1485 1640 1598 1702 ἔστι
1642 1643 1838 1701 δοῦλον
1887 1644 2014 1700 τού-

338 1755 443 1791 των
469 1735 762 1812 γενέσθαι;
799 1736 890 1790 τὸν
925 1736 1126 1810 τρόπον
1153 1735 1387 1806 τίθησιν·
1427 1759 1455 1787 ιι
1486 1737 1554 1790 ’Ὠ
1585 1733 1948 1811 παριστάνετε.
1987 1757 2015 1785 ››

405 1823 485 1883 Οὐ
520 1823 698 1899 λέγω,
727 1825 887 1906 φησί,
921 1827 1019 1894 τὴν
1050 1823 1276 1901 γέενναν,
1333 1821 1460 1880 οὐδὲ
1516 1825 1582 1880 τὰ
1640 1823 1751 1879 ἐκεῖ
1799 1821 2011 1896 δεσμω-

337 1915 523 1992 τήρια.
558 1914 746 1984 Αὐτὴν
791 1916 826 1984 ἡ
864 1914 1097 1990 αἶσχύνη
1132 1913 1241 1990 οὐχ
1265 1915 1423 1984 ἱκανή
1458 1914 1803 1989 ἀναχαιτίσαι
1851 1913 1992 1983 ὑμᾶς

334 2003 416 2059 ὅτι
478 2002 905 2059 καταδουλοῦτε
963 2003 1183 2067 ἑαυτοὺς
1239 2008 1308 2077 τῇ
1392 2005 1653 2080 ἁμαρτίᾳ,
1715 2003 1818 2058 ὑπὸ
1880 2007 2004 2078 Χρι,

336 2097 463 2148 στοῦ
495 2091 1004 2164 ἐλευθερωθέντες
1041 2117 1068 2145 ‹‹
1101 2093 1300 2148 Δοῦλοί
1332 2093 1468 2150 ἐστε.
1505 2115 1532 2144 »
1587 2093 1852 2158 Ἐκείνου,
1901 2113 1974 2170 φη

339 2183 438 2252 civ,
531 2182 656 2238 ἐστέ
734 2187 832 2237 τοῦ
912 2184 1235 2259 πράγματος
1317 2178 1508 2237 δοῦλοι
1567 2183 1612 2254 ᾧ
1679 2180 2003 2237 ὑπακούετε-

337 2297 363 2325 ιι
393 2274 557 2331 Ἠτοι
588 2271 865 2348 ἁμαρτίας
900 2271 976 2334 εἷς
1013 2271 1252 2335 θάνατον.
1289 2296 1315 2322 ››
1346 2273 1508 2329 Ἤτοι
1556 2278 1656 2340 τῆς
1711 2269 1787 2332 εἰς
1842 2269 2007 2323 θάνα-

334 2383 421 2420 τον
482 2361 734 2437 ἀγούσης
803 2359 1102 2434 ἁμαρτίας,
1161 2358 1415 2442 φησὶν,ἤ
1452 2367 1550 2430 τῆς
1610 2359 1855 2428 ὑπακοῆς
1908 2362 2005 2413 τοῦ

341 2458 474 2511 Θεοῦ
506 2460 614 2522 τῆς
649 2452 724 2515 εἰς
757 2449 1108 2524 δικαιοσύνην
1143 2453 1402 2530 ἀγούσης.
1427 2452 1563 2509 Ἀπὸ
1587 2453 1795 2516 κοινοῦ,
1827 2471 1853 2500 ‹‹
1879 2451 2005 2509 Δοῦ,

339 2545 424 2604 λοί
447 2545 591 2604 ἐστε.
631 2571 660 2596 »
693 2578 763 2588 —-
788 2569 819 2598 ‹‹
853 2547 1021 2620 Χάρις
1044 2542 1101 2600 δὲ
1117 2549 1194 2617 τῷ
1215 2549 1353 2616 Θεῷ.
1387 2568 1411 2598 ν
1438 2538 1694 2614 Φοϐήσας
1717 2539 1913 2603 αὐτοὺς
1933 2541 2004 2613 τῇ

336 2634 562 2710 δουλείᾳ
618 2643 725 2705 τῆς
784 2635 1051 2710 ἁμαρτίας
1105 2635 1193 2690 καὶ
1254 2638 1336 2706 τῷ
1391 2633 1451 2689 ἐκ
1508 2631 1709 2703 ταύτης
1768 2630 2005 2716 θανάτῳ.

336 2730 443 2781 τῶν
503 2725 842 2802 εὐεργεσιῶν
907 2724 1316 2797 ὑπομιμνήσκει
1374 2726 1470 2777 τοῦ
1529 2724 1691 2786 Οεοῦ,
1749 2739 2004 2794 παραμυ-

341 2815 596 2889 θούμενός
654 2836 718 2870 τε
781 2813 1004 2882 αὐτοὺς,
1061 2813 1154 2869 καὶ
1211 2808 1420 2876 δεικνὺς
1505 2811 1874 2886 εὐκολώτερον
1943 2808 2006 2862 τὸ

332 2903 543 2979 μέλλον
599 2904 744 2978 πρὸς
799 2902 1094 2978 σωτηρίαν.
1158 2900 1590 2974 «Τπηκούσατε
1642 2898 1699 2955 δὲ
1755 2897 1815 2954 ἐκ
1872 2916 2003 2970 καρ-

327 2994 475 3056 δίας.
516 3019 538 3045 -.
593 2991 872 3062 Μηδενὸς,
934 2992 1092 3065 φησὶ,
1154 2991 1506 3067 βιασαμένου,
1563 2986 1706 3064 μηδὲ
1757 2987 2000 3062 ἀναγκσὶ·

336 3104 548 3147 σαντος.
582 3086 762 3140 Τοῦτο
795 3079 854 3138 δὲ
901 3081 991 3137 καὶ
1049 3080 1326 3158 ἐγκώμιόν
1387 3078 1529 3135 ἐστιν
1587 3077 1786 3134 αὐτῶν.
1848 3075 2004 3140 «Εἷς

341 3173 404 3227 ’ὸν
436 3170 862 3247 παρεδόθητε.»
917 3170 1056 3228 Εἶτα
1095 3169 1282 3238 ἐπειδὴ
1343 3169 1488 3226 εἶπεν
1549 3168 1863 3242 αὐθαίρετον
1917 3166 2012 3221 αύ-

352 3266 464 3316 τῶν
496 3261 750 3330 εἶναιτὴν
793 3260 1126 3333 προθυμίαν,
1181 3259 1376 3318 λοιπὸν
1429 3257 1576 3335 λέγει
1619 3260 1708 3314 καὶ
1763 3259 1861 3328 τήν
1908 3261 2004 3312 τοῦ
2035 3231 2078 3297 C

361 3354 502 3407 Θεοῦ
562 3351 821 3424 βοήθειαν.
883 3350 1069 3423 ’Δμεῖς
1131 3351 1226 3422 μὶν
1309 3349 1437 3425 γὰρ,
1523 3350 1709 3427 φησὶν,
1797 3347 2006 3412 ἑκόντες

365 3439 782 3510 ὑπηκούσατε,ὁ
815 3437 874 3496 δὲ
917 3441 1048 3502 Θεὸς
1107 3439 1247 3512 ὑμᾶς
1306 3439 1382 3504 εἰς
1438 3439 1531 3496 τὸν
1589 3438 1756 3494 τύπον
1817 3441 2006 3494 τοῦτον

358 3537 456 3600 τῆς
486 3525 718 3610 διδαχῆς
747 3525 1050 3605 παρέδωκε.
1087 3533 1249 3584 Ποῖον
1281 3548 1296 3598 ;
1330 3529 1407 3585 Τὸ
1441 3529 1615 3604 ὀρθῶς
1647 3531 1743 3599 ζῇν
1801 3525 2003 3582 ἐθέλειν

357 3622 441 3675 καί
529 3620 782 3692 ὑγιαίνειν
873 3618 996 3696 περὶ
1053 3638 1119 3673 τα
1196 3614 1463 3694 δόγματα.
1516 3617 1697 3676 Τόπον
1756 3613 1814 3672 δὲ
1871 3637 2003 3698 φησι

362 3706 612 3786 διδαχῆς.
643 3708 764 3764 οἷον
797 3709 925 3782 ’ὀρσν
957 3708 1042 3762 καὶ
1077 3708 1278 3763 κανόνα

423 3795 918 3875 ⁹έςιθ.εσ.›θερωθὲντες
988 3795 1044 3852 δὲ
1117 3797 1225 3851 ἀπὸ
1303 3799 1402 3865 τῆς
1476 3795 1767 3872 ἁμαρτίας,
1853 3794 2004 3852 ἐδου-

352 3889 566 3954 λώθητε
611 3892 684 3960 τῇ
748 3884 1120 3964 δικαιουσύνῃ·
1167 3885 1500 3956 ἀνθρώπινον
1565 3883 1710 3962 λέγω
1764 3883 1854 3940 δια
1906 3885 2004 3952 τήν

349 3978 634 4034 ασθένειαν
697 3983 798 4044 τῆς
882 3976 1078 4052 σαρκὸς
1161 3977 1334 4048 ὑμῶν.
1412 3976 1612 4047 ’Ὠσπερ
1700 3977 1802 4051 γὰρ
1870 3995 2009 4048 παρ-

343 4070 614 4138 εσοήσατε
665 4066 734 4123 τὰ
795 4063 938 4136 μέλη
1002 4065 1156 4137 ὑμῶν
1215 4061 1388 4119 δοῦλα
1438 4067 1505 4136 τῇ
1565 4064 1862 4137 ἀκαθαρσίᾳ
1919 4061 2006 4117 καὶ

343 4163 410 4232 τῇ
471 4155 686 4231 ἀνομίᾳ
753 4155 830 4218 εἷς
885 4156 983 4226 τὴν
1074 4147 1328 4226 ἀνομίαν,
1418 4151 1590 4216 οὕτως
1666 4157 1754 4205 νῦν
1837 4173 2010 4224 παρα-

351 4249 590 4317 στήσατε
647 4245 717 4300 τὰ
776 4242 917 4317 μέλη
977 4243 1127 4317 ὑμῶν
1193 4240 1361 4297 δούλα
1416 4247 1486 4316 τῇ
1564 4239 1875 4318 δικαιοσύνῃ
1936 4242 2009 4305 εἷς

355 4335 646 4412 ἡγιασμύν.
706 4334 836 4391 Ὅτε
899 4333 1003 4409 γὰρ
1086 4331 1282 4389 δοῦκοι
1353 4333 1452 4402 ἦτε
1534 4339 1632 4399 τῆς
1720 4331 2009 4405 ἁμαρτίας,

350 4425 631 4498 ἐλεύθεροι
688 4424 788 4493 ἦτε
845 4426 913 4496 τῇ
976 4419 1310 4492 δικαιοσύνῃ.
1398 4421 1530 4478 Τίνα
1622 4423 1712 4476 οὖν
1798 4423 2007 4494 καρπὸν

357 4515 540 4597 ε”χετε
594 4514 740 4584 τότε,
794 4512 876 4591 ἐφ’
934 4513 1022 4576 οῖς
1081 4516 1171 4565 νῦν
1255 4510 1690 4593 ἐπαισχύνεσθες
1777 4513 1852 4569 Τὸ
1905 4512 2008 4586 γὰρ

357 4604 517 4665 τέλος
579 4603 800 4658 ἐκείνων
867 4603 1111 4666 θάνατος.

361 4695 466 4750 ἀπὸ
550 4699 652 4763 τῆς
737 4691 1031 4766 ἁμαρτίας,

361 4780 518 4859 ἔχετε
575 4785 664 4837 τὸν
747 4782 952 4850 καρπὸν

370 4879 522 4941 τέλος
585 4879 729 4947 ζιυὴν
794 4875 1027 4934 αἰώνιον.
1087 4876 1170 4932 Tit
1225 4872 1329 4953 γὰρ
1380 4874 1589 4950 ὀψώνια
1673 4881 1773 4942 τῆς
1832 4875 2008 4949 ἁμαρ-

376 4967 482 5028 τίας
523 4969 770 5031 θάνατος’
805 4967 868 5022 τὸ
901 4963 955 5020 δὲ
989 4965 1236 5042 χάρισμα
1265 4967 1360 5017 τοῦ
1399 4969 1531 5019 Θεοῦ
1593 4967 1702 5034 ζωὴ
1764 4965 2006 5030 αῖώνιος,

367 5054 416 5112 ἐν
441 5060 658 5131 Χριστῷ
695 5058 870 5126 Ἰησοῦ
898 5058 975 5125 τῷ
1011 5058 1189 5130 Κυρίῳ
1221 5056 1377 5127 ἡμῶν

431 5147 508 5204 Οὐ
561 5147 728 5222 μόνον
790 5143 914 5219 γὰρ,
973 5142 1159 5221 φησὶν,
1193 5143 1380 5204 ὁΘεὸς
1436 5140 1805 5218 ἠλευθέρωσεν
1867 5144 2007 5215 ὑμᾶς

360 5243 454 5307 τῆς
511 5235 806 5308 ἁμαρτίας,
862 5230 1007 5290 ἀλλὰ
1062 5231 1150 5287 καὶ
1209 5229 1484 5288 ἐδούλωσε
1539 5236 1608 5304 τῇ
1667 5229 1979 5310 δικαιοσύνῃ

359 5329 662 5406 -]ΦΩΤ.]
700 5353 718 5376 ι
756 5324 1125 5389 Ἀνθρώπινον
1159 5322 1330 5402 λέγω.
1371 5348 1395 5374 η
1436 5325 1806 5381 Ἀνθιώπινον
1836 5323 2002 5399 λέγω,

360 5418 507 5497 φησὶ,
530 5418 614 5485 τὸ,
651 5413 1060 5482 Ἐδουλώθητε.
1093 5411 1156 5468 οὒ
1187 5413 1288 5486 γαν
1319 5412 1430 5468 ἐστι
1473 5413 1635 5468 10310
1682 5414 1817 5468 κατᾶ
1865 5411 2002 5484 ἀλή-

354 5520 492 5572 θειαν
525 5505 753 5564 δουλεία
781 5504 846 5558 τὸ
877 5502 1011 5558 κατὰ
1047 5504 1146 5572 τήν
1202 5499 1550 5571 δικαιοσύνην
1605 5502 2002 5560 πολιτεύεσθαι·

347 5599 490 5657 ἀλλὰ
519 5602 686 5654 τοῦτο
719 5616 755 5664 η
808 5590 1022 5659 ὸιληθὴς
1078 5589 1355 5668 ἐλευθερία
1404 5590 1494 5647 καὶ
1543 5589 1883 5661 εὐδαιμονία·
1943 5593 2006 5650 Τί

345 5687 437 5746 οὖν
467 5685 662 5748 καλεῖς
693 5681 871 5749 αὐτὴν
902 5675 1171 5750 δουλείαν,
1206 5677 1251 5734 εἶ
1301 5680 1377 5755 μὴ
1426 5674 1539 5735 ἔστι
1589 5677 1849 5752 δουλείας
1909 5682 2006 5746 Ani

1137 4688 1502 4754 δουλωθέντες
1578 4688 1635 4746 δὲ
1715 4695 1792 4762 τῷ
1871 4696 2006 4761 Θεῷ,

1956 4777 1997 4797 Ἇκ

1042 4779 1192 4852 ὑμῶν
1272 4780 1348 4842 είς
1434 4781 1721 4857 ἁγιασμὸν,
1809 4779 1872 4834 τὸ
1952 4779 2008 4834 δὲ

2041 1876 2088 1942 Β

2127 591 2282 631 mur.
2317 599 2343 625 «
2377 579 2464 631 An
2496 578 2740 633 nescitis
2773 579 2932 648 quod
2964 580 3056 634 cui
3100 580 3391 636 exbibetis
3421 585 3705 655 vosipsos.
3743 608 3771 636 ››

2129 664 2230 719 Cui
2262 665 2346 719 rei
2375 683 2481 736 per
2511 666 2912 723 obedientiam
2939 671 3207 742 vosipsos
3239 687 3435 726 servos
3459 673 3774 744 exhibetis,

2129 753 2239 808 hoc
2267 759 2357 808 est
2385 754 2597 813 facitis.
2634 755 3073 822 demonstratis,
3108 759 3386 814 redditis:
3425 762 3561 816 huic
3592 763 3770 819 etiam

2129 842 2188 897 in
2218 851 2519 914 posterum
2551 862 2650 899 vos
2673 863 2868 900 servos
2891 849 3182 915 statuetis,
3207 849 3534 906 voluntaria
3556 869 3772 924 nempe

2131 933 2408 988 servitute
2439 934 2510 989 ab
2538 935 2876 990 obedientia
2895 938 3159 1007 praestita
3182 955 3195 993 :
3231 939 3347 994 sive
3367 940 3444 994 sit
3464 949 3770 1012 peccatum

2129 1021 2288 1092 quod
2318 1022 2480 1078 ducit
2511 1023 2582 1078 ad
2615 1033 2888 1091 mortem,
2922 1027 3040 1082 sive
3071 1043 3143 1081 ea
3175 1045 3304 1100 quae
3336 1045 3470 1083 vere
3488 1030 3771 1086 obedien-

2126 1111 2210 1166 tia
2241 1117 2347 1166 est.
2385 1116 2442 1166 et
2490 1112 2562 1167 ad
2610 1113 2908 1184 justitiam
2954 1117 3322 1175 manuducit.
3353 1120 3467 1174 Aut
3523 1120 3721 1191 potius
3756 1138 3770 1178 :

2128 1197 2233 1253 Cui
2267 1199 2576 1269 exhibetis,
2608 1201 2720 1256 hoc
2751 1207 2858 1269 est,
2905 1202 2962 1256 in
2997 1221 3112 1274 quo
3145 1211 3203 1257 et
3232 1205 3559 1261 secundum
3591 1223 3770 1277 quem

2126 1288 2371 1346 modum
2404 1296 2545 1360 puta
2576 1291 2733 1362 quod
2766 1291 2824 1346 in
2858 1291 2966 1346 hoc
2999 1298 3057 1347 et
3087 1294 3412 1348 secundum
3444 1295 3602 1351 hunc
3643 1313 3768 1351 mo-

2127 1376 2268 1432 dum
2301 1379 2449 1433 servi
2478 1379 2618 1434 esiis
2648 1380 2736 1434 vel
2769 1381 2992 1452 peccati
3024 1381 3112 1436 vel
3135 1383 3406 1453 justitiae,
3439 1385 3768 1440 secundum

2129 1484 2305 1539 quem
2337 1467 2483 1522 etin
2512 1486 2627 1540 quo
2687 1469 2855 1525 alteri
2891 1469 3132 1525 illorum
3181 1471 3455 1527 obeditis.
3507 1475 3587 1528 Ne
3634 1474 3769 1546 quis

2126 1556 2286 1612 enim
2317 1555 2475 1612 dicat
2498 1573 2509 1611 :
2539 1557 2841 1623 Quomodo
2860 1564 3057 1631 potest
3084 1559 3377 1632 quispiam
3401 1561 3612 1618 horum
3639 1563 3768 1618 ﬁeri

2125 1661 2329 1702 servus
2350 1647 2377 1702 ?
2406 1647 2648 1703 modum
2683 1647 2828 1705 281
2869 1649 3038 1720 ponit
3064 1649 3303 1705 dicens:
3338 1673 3364 1700 «
3393 1652 3497 1708 Cui
3528 1651 3767 1708 exhibe-

2123 1737 2224 1794 tis.
2267 1757 2295 1786 »

2195 1827 2320 1882 Non
2351 1825 2504 1894 dico,
2537 1827 2752 1900 inquit,
2786 1829 3142 1901 gehennam.
3177 1846 3370 1902 neque
3419 1831 3770 1887 exsistentes

2122 1915 2202 1971 ibi
2233 1933 2538 1985 carceres;
2574 1935 2648 1973 an
2681 1935 2799 1974 non
2831 1919 3022 1991 pudor
3052 1920 3180 1992 ipse
3221 1921 3525 1976 sufﬁciens
3558 1927 3647 1978 est
3667 1921 3767 1994 qui

2121 2022 2222 2060 vos
2243 2007 2521 2070 refrenet,
2557 2007 2715 2080 quod
2745 2008 3008 2082 vosipsos
3036 2009 3095 2064 in
3129 2010 3471 2066 servitutem
3498 2011 3606 2066 sub
3633 2027 3770 2082 pec-

2122 2101 2250 2152 cato
2279 2097 2564 2164 redigitis,
2599 2115 2733 2154 cum
2765 2099 2872 2153 sub
2906 2100 3134 2155 Christo
3160 2100 3419 2156 libertati
3443 2100 3570 2155 sitis
3597 2103 3768 2156 resti-

2122 2186 2283 2241 tuti?
2316 2210 2341 2235 α
2375 2188 2516 2258 Ejus
2549 2188 2697 2242 servi
2731 2189 2890 2243 estis.
2929 2211 2955 2238 ››
2988 2189 3174 2255 Illius,
3224 2191 3438 2262 inquit,
3481 2191 3566 2247 rei
3617 2191 3767 2246 servi

2122 2276 2266 2332 estis
2295 2275 2388 2330 cui
2422 2276 2694 2331 obeditis.
2749 2299 2772 2329 α
2828 2278 2954 2333 Sive
3012 2280 3240 2350 peccati
3298 2279 3371 2336 ad
3430 2286 3700 2336 mortem.
3741 2303 3762 2329 ι

2122 2365 2248 2420 Sive
2281 2365 2502 2436 peccati
2535 2365 2691 2435 quod
2724 2365 2888 2420 ducit
2915 2367 2988 2420 ad
3020 2374 3289 2434 mortem,
3327 2369 3444 2424 sive
3477 2369 3758 2424 obedien-

2121 2455 2220 2510 tice
2246 2470 2384 2526 erga
2413 2455 2596 2509 Deum
2628 2472 2759 2526 quaa
2791 2454 2954 2510 ducit
2980 2455 3053 2511 ad
3089 2458 3404 2528 justitiam.
3444 2479 3470 2507 υ
3519 2461 3762 2529 Repete.

2123 2544 2283 2599 Serv1
2315 2543 2475 2599 estis.
2513 2565 2542 2594 ‹‹
2575 2545 2772 2599 Gratia
2823 2550 3021 2600 autem
3081 2547 3279 2601 Deo.»
3342 2547 3584 2602 Incusso
3642 2547 3760 2602 illis

2125 2638 2348 2688 terrore
2379 2649 2486 2706 per
2515 2635 2853 2690 servitutem
2886 2636 3110 2706 peccati
3134 2651 3202 2691 ac
3250 2642 3499 2691 mortem
3531 2655 3664 2708 quae
3696 2654 3766 2693 ex

2123 2722 2235 2778 hac
2264 2724 2550 2796 procedit,
2585 2725 2685 2779 Dei
2720 2724 2979 2798 suggerit
3007 2725 3335 2781 beneficia:
3369 2732 3427 2781 et
3455 2727 3591 2782 illos
3623 2744 3765 2782 con-

2126 2812 2487 2876 solando,et
2543 2813 2888 2870 facilitatem
2930 2815 3297 2871 ostendendo
3355 2814 3430 2870 ad
3489 2815 3764 2872 salutem.

2131 2921 2154 2950 ι
2187 2903 2299 2958 Sed
2329 2903 2614 2958 obedistis
2655 2921 2724 2959 ex
2756 2903 2949 2959 corde.
2983 2927 3009 2952 n
3034 2905 3224 2971 Nullo,
3248 2905 3462 2976 inquit,
3485 2907 3598 2960 vim
3624 2905 3769 2960 infe-

2124 2997 2294 3047 rente
2325 2998 2428 3048 aut
2457 2998 2720 3066 cogente.
2761 2998 2881 3049 Hoc
2907 3011 3044 3049 vero
3076 2994 3317 3050 illorum
3349 2995 3525 3050 etiam
3586 3012 3765 3050 enco-

2126 3082 2313 3139 mium
2345 3087 2452 3137 est.
2482 3105 2507 3130 α
2544 3083 2607 3136 ln
2634 3100 2811 3154 quam
2844 3082 3095 3137 traducti
3127 3084 3286 3138 estis.
3325 3107 3344 3131 ι
3383 3083 3604 3139 Deinde
3664 3084 3763 3140 ubi

2128 3170 2373 3226 dixisset
2393 3177 2782 3241 spontaneam
2795 3171 3228 3229 fuisseillorum
3243 3172 3763 3244 promptitudinem

2117 3265 2552 3330 consequenter
2574 3260 2674 3315 Dei
2701 3277 2935 3331 quoque
2960 3261 3127 3332 ponit
3143 3261 3763 3333 auxiliumSiquidem

2115 3367 2237 3415 vos,
2270 3349 2484 3419 inquit,
2519 3349 2836 3404 voluntarii
2869 3349 3176 3418 obedistis,
3210 3352 3363 3406 Deus
3412 3359 3611 3408 autem
3663 3370 3765 3408 vos

2116 3439 2179 3495 in
2210 3439 2362 3496 hanc
2399 3438 2683 3494 doctrinm
2716 3440 2967 3495 formam
2995 3439 3240 3495 tradidit
3282 3440 3508 3506 Quam?
3529 3448 3762 3496 utrecte

2116 3546 2183 3584 ac
2217 3545 2357 3584 sane
2389 3529 2546 3584 circa
2575 3529 2790 3584 Christi
2823 3529 3096 3601 dogmata
3117 3530 3305 3586 vivere
3330 3531 3602 3602 cupiatis.
3624 3533 3761 3587 For-

2117 3636 2273 3676 mam
2306 3625 2505 3674 autem
2539 3619 2822 3676 doctrinm
2853 3619 2998 3674 dicit
3029 3619 3350 3678 terminum
3382 3637 3449 3676 ac
3473 3620 3758 3694 regulam.

2188 3799 2276 3865 VI,
2313 3799 2491 3852 18-23.
2527 3797 2789 3853 Caeterum
2820 3797 2979 3852 liberi
3029 3799 3174 3865 facti
3230 3814 3265 3851 a
3312 3803 3561 3868 peccato,
3620 3801 3763 3852 servi

2113 3889 2253 3958 facti
2283 3889 2406 3942 estis
2437 3887 2544 3957 ipsi
2565 3888 2843 3956 justitiaz:
2895 3887 3136 3940 humano
3182 3903 3330 3943 more
3381 3887 3574 3957 loquor
3625 3903 3762 3956 pro-

2113 3984 2239 4048 pter
2267 3977 2646 4040 inﬁrmitatem
2677 3977 2857 4030 carnis
2889 3983 3089 4031 vestrm
3124 3976 3278 4030 Sicut
3328 3979 3470 4030 enim
3502 3976 3757 4030 exhibui-

2115 4069 2210 4122 stis
2235 4065 2478 4120 membra
2501 4072 2700 4127 vestra,
2733 4066 3027 4120 servientia
3056 4065 3429 4121 immunditim
3459 4073 3512 4120 et
3543 4064 3757 4133 iniqui-

2118 4153 2226 4210 tati
2245 4155 2317 4209 ad
2343 4154 2696 4227 iniquitatem
2719 4170 2730 4206 :
2753 4155 2834 4207 ita
2863 4170 3006 4208 nunc
3037 4153 3286 4209 exhibete
3316 4155 3556 4210 membra
3582 4161 3759 4210 vestra

2115 4246 2406 4302 sei-utentia
2463 4245 2570 4315 ipsi
2619 4245 2858 4315 justitize
2913 4244 2987 4298 ad
3059 4246 3543 4314 sanctiﬁcationem
3625 4246 3757 4299 Cum

2117 4339 2261 4391 enim
2290 4335 2432 4390 servi
2460 4335 2639 4389 essetis
2664 4335 2901 4404 peccati,
2936 4332 3096 4387 liberi
3144 4335 3312 4388 eratis
3358 4335 3466 4403 ipsi
3493 4335 3752 4405 justitiae.

2119 4426 2289 4491 Quem
2320 4425 2497 4494 igitur
2515 4426 2759 4492 fructum
2792 4422 3075 4477 habebatis
3107 4428 3234 4476 tunc
3263 4424 3320 4476 in
3353 4421 3437 4476 his
3466 4422 3532 4476 de
3561 4423 3757 4494 quibus

2116 4532 2263 4571 nunc
2319 4514 2682 4572 erubescitis?
2737 4515 2872 4568 Nam
2922 4515 3046 4584 ﬁnis
3099 4514 3319 4568 illorum
3379 4529 3543 4569 mors.
3602 4516 3759 4570 Nunc

1201 4598 1336 4658 Νυνὶ
1421 4600 1478 4656 οὲ
1562 4599 2006 4678 ἐλευθερωθέντες

2125 4622 2244 4661 vero
2277 4605 2436 4659 liberi
2455 4621 2490 4658 a
2513 4611 2756 4676 peccato,
2786 4604 2929 4658 servi
2971 4609 3154 4657 autem
3183 4602 3326 4671 facti
3382 4607 3510 4670 Deo,
3544 4601 3781 4658 habetis.

2113 4697 2359 4764 fructum
2389 4700 2624 4749 vestrum
2654 4695 2711 4746 in
2750 4692 3258 4760 sanctiﬁcationem,
3307 4695 3468 4762 ﬁnem
3515 4708 3638 4748 vero
3681 4695 3759 4748 vi-

2118 4791 2229 4840 tam
2256 4793 2525 4841 veternum
2578 4782 2870 4854 Stipendia
2899 4785 3040 4838 enim
3077 4785 3292 4853 peccati
3329 4801 3470 4840 mors
3504 4799 3518 4839 :
3551 4785 3754 4840 donum

2117 4883 2296 4931 autem
2333 4878 2431 4930 Dei
2459 4877 2575 4930 vita
2603 4880 2825 4938 aeterna,
2874 4888 2979 4945 per
3023 4874 3293 4930 Christum
3336 4877 3518 4931 Jesum
3576 4877 3756 4930 Domi-

2116 4981 2249 5021 num
2278 4971 2541 5021 nostrum.

2187 5147 2312 5203 Non
2344 5144 2536 5200 solum
2570 5144 2744 5203 Deus.
2769 5142 2984 5214 inquit,
3017 5142 3289 5198 liberavit
3319 5159 3417 5197 vos
3441 5146 3758 5213 apeccato,

2118 5235 2220 5291 sed
2252 5242 2310 5290 et
2332 5233 2580 5306 justitiaa
2613 5231 2893 5287 subdidit.
2938 5255 2964 5281 (ι
3003 5232 3265 5288 Humano
3290 5247 3451 5285 more
3474 5231 3702 5301 loquor.
3730 5252 3758 5280 η

2116 5326 2401 5381 Humano.
2438 5323 2653 5394 inquit,
2687 5338 2848 5377 more
2882 5321 3114 5392 loquor,
3148 5320 3391 5376 dicens:
3428 5319 3586 5376 Servi
3615 5318 3756 5376 facti

2115 5413 2258 5469 estis
2312 5429 2504 5483 neque
2535 5411 2692 5465 enim
2723 5409 2783 5465 id
2806 5411 2979 5480 juxta
3021 5409 3106 5464 rei
3154 5408 3457 5466 veritatem
3507 5410 3757 5467 servitus

2116 5509 2225 5571 est,
2260 5501 2586 5557 secundum
2610 5500 2905 5570 justitiam
2939 5498 3211 5553 videlicet
3241 5499 3614 5555 conversari:
3650 5485 3754 5556 sed

2115 5598 2226 5656 hoc
2257 5612 2393 5651 vera
2424 5595 2664 5650 libertas
2697 5598 2786 5650 est
2814 5609 2881 5649 ac
2913 5592 3064 5649 282
3114 5591 3385 5649 felicitas.
3450 5593 3566 5650 Cur
3618 5610 3753 5667 ergo

2114 5688 2280 5753 illam
2311 5703 2479 5744 vocas
2511 5685 2875 5752 servitutem,
2909 5683 2957 5740 si
3007 5700 3126 5740 non
3177 5689 3266 5740 est
3295 5683 3591 5741 servitus?
3619 5699 3758 5758 pro-
