4126 6256
325 366 445 454 ιω

1452 386 1881 455 (ECUMENII
1923 355 2234 443 TRICCJE
2276 353 2631 442 EPISCOPI

3619 380 3748 447 ιιι

328 528 464 599 pter
491 523 926 587 infirmitatem,
956 523 1057 593 ait,
1090 523 1293 581 carnis
1314 527 1542 588 vestrae,
1566 522 1678 578 hoc
1709 522 1819 585 est,
1845 515 1980 589 quia

2096 509 2195 578 τὴν
2227 507 2525 582 ἀσθένειαν,
2583 508 2737 589 φησὶ,
2797 517 2899 582 τῆς
2957 512 3153 588 σαρκὸς
3209 514 3386 590 ὑμῶν,
3441 514 3755 585 τουτέστιν,

326 613 628 671 adversari
650 613 882 668 videtur
906 630 1117 669 sensus
1140 614 1355 679 carnis,
1381 620 1439 668 et
1464 613 1623 668 circa
1660 609 1833 665 initia
1851 622 1979 680 gra-

325 703 450 759 vari
482 718 552 757 ac
588 703 810 757 tristari
845 702 919 757 ad
973 710 1268 775 praecepta
1315 702 1605 774 justitiae:
1667 703 1984 772 prepterea

329 793 719 850 considerans
738 792 1149 848 inﬁrmitatem
1174 809 1240 848 ac
1270 792 1569 848 tristitiam
1589 807 1720 863 quas
1751 805 1785 844 a
1805 801 1981 843 carne

328 889 522 937 vestra
551 880 844 953 procedit,
876 881 1139 936 humano
1172 897 1336 935 more
1366 880 1513 935 ιιιυά
1540 877 1832 951 appellavi
1866 892 1983 931 ser-

328 975 591 1030 vitutem.
629 973 936 1046 Siquidem
960 992 1094 1029 cum
1123 974 1395 1030 dolentes
1413 972 1658 1029 acinviti
1677 968 1982 1041 quidpiam

327 1065 600 1142 facimus,
621 1063 881 1119 solemus
910 1064 995 1118 illi
1024 1063 1438 1134 tyrannidfsac
1453 1059 1749 1117 servitutis
1764 1073 1982 1113 nomen

328 1155 590 1228 affigere.
629 1157 715 1210 lta
745 1154 882 1228 ergo
914 1160 974 1209 et
1001 1155 1217 1210 Paulus
1262 1154 1408 1211 dicit
1437 1171 1449 1208 :
1498 1154 1768 1207 Humano
1819 1164 1983 1204 more

326 1246 543 1316 loquor
570 1244 721 1301 hoc:
758 1245 918 1300 Servi
949 1244 1090 1299 facti
1124 1244 1267 1299 estis
1299 1244 1410 1314 ipsi
1438 1242 1710 1315 justitiae.
1762 1238 1983 1295 Deinde

328 1334 479 1390 illud
509 1350 745 1406 quoque
780 1351 850 1389 ex
881 1334 1181 1389 contrario
1213 1333 1544 1389 conﬁrmat.
1612 1331 1773 1387 Sicut
1801 1329 1983 1395 enim,

327 1423 546 1495 inquit,
580 1440 650 1478 ea
680 1440 812 1494 quaa
845 1422 1243 1478 immunditiae
1275 1427 1415 1477 sunt
1456 1425 1794 1494 operantes,
1831 1416 1981 1474 servi

328 1512 507 1569 eratis
526 1512 952 1580 immunditiis,
976 1512 1059 1567 ita
1074 1528 1205 1583 quas
1221 1511 1470 1582 justitiaa
1494 1516 1635 1566 sunt
1666 1507 1980 1581 perﬁcien-

328 1605 438 1666 tes,
473 1617 593 1655 non
625 1601 927 1657 immerito
987 1600 1137 1655 servi
1176 1600 1370 1656 vocari
1418 1599 1668 1671 potestis
1711 1596 1981 1669 justitiaa.

332 1690 522 1745 Simul
555 1696 753 1745 autem
787 1690 898 1745 hoc
930 1690 1107 1745 etiam
1135 1707 1242 1761 per
1271 1687 1515 1744 modum
1556 1684 1986 1742 exhortationis

335 1778 673 1850 subjunxit:
698 1779 755 1834 Si
788 1779 950 1834 enim
973 1796 1071 1834 vos
1094 1796 1212 1834 non
1244 1779 1455 1851 puduit
1483 1794 1681 1832 servos
1710 1791 1839 1830 esse
1871 1774 1980 1828 im-

331 1869 669 1931 munditim,
700 1885 776 1924 an
807 1885 928 1923 non
959 1870 1140 1925 etiam
1184 1866 1585 1940 gloriabimini
1635 1864 1794 1936 quod
1824 1861 1986 1935 digni

343 1956 473 2012 sitis
503 1955 690 2012 habiti
727 1956 829 2027 qui
855 1956 1104 2027 justitiae
1137 1956 1285 2011 servi
1309 1955 1438 2010 sitis
1454 1954 1481 2009 ?
1499 1952 1719 2009 Deinde
1735 1952 1847 2008 hoc
1866 1950 1983 2006 alio

341 2060 578 2117 quoque
609 2044 784 2099 modo
819 2044 1169 2100 confirmat:
1206 2048 1263 2099 et
1292 2041 1667 2116 procedendo
1724 2040 1987 2097 ostendit

335 2133 679 2204 hujusmodi
706 2134 1004 2188 servitutis
1022 2133 1396 2207 dignitatem:
1432 2132 1794 2187 concludens
1825 2128 1984 2202 quod

336 2223 463 2281 haec
497 2224 745 2279 servitus
768 2224 989 2279 efficiat
1010 2225 1113 2279 Dei
1146 2241 1365 2291 servos,
1391 2240 1507 2295 qua
1532 2240 1595 2278 re
1617 2221 1760 2295 quid
1790 2224 1986 2293 potest

334 2329 465 2369 esse
498 2312 747 2369 liberius
777 2319 879 2369 aut
906 2311 1142 2368 felicius
1164 2311 1192 2366 Ἰ
1248 2313 1483 2370 Etenim
1528 2312 1673 2368 dicit
1704 2328 1717 2365 :
1764 2332 1793 2361 «
1819 2312 1984 2365 Nunc

330 2418 465 2459 vero
490 2402 662 2457 liberi
685 2402 822 2458 facti
848 2406 1167 2473 apeccato,
1202 2402 1353 2457 servi
1382 2407 1581 2457 autem
1606 2400 1745 2456 facti
1778 2401 1917 2464 Deo,
1954 2421 1982 2447 η

336 2496 446 2547 etc.
480 2497 633 2546 Aut:
668 2492 938 2547 Humano
973 2508 1137 2546 more
1161 2491 1393 2563 loquor,
1416 2491 1465 2547 si
1488 2507 1594 2563 per
1614 2488 1984 2563 hyperbaton

332 2580 717 2654 intelligatur,
753 2588 819 2636 ut
848 2581 921 2637 ad
957 2580 1017 2635 id
1046 2580 1206 2652 quod
1239 2580 1507 2651 sequitur
1527 2579 1696 2652 jungi
1730 2577 1981 2634 debeat:

328 2671 414 2727 ita
443 2687 605 2725 nunc
635 2669 909 2725 exhibete
932 2669 1203 2725 membra
1226 2675 1419 2724 vestra
1440 2666 1876 2738 scrvientiaipsi
1892 2666 1985 2738 ju-

330 2761 505 2815 stilizn
532 2760 606 2815 ad
632 2759 1363 2824 sanctiﬁcationem.Quod
1379 2759 1426 2813 si
1451 2758 1532 2812 ita
1549 2756 1985 2828 exponatur,si-

330 2849 614 2921 gniﬁcare
643 2854 876 2918 potest:
912 2847 1201 2903 Mediocre
1225 2846 1509 2919 quiddam
1531 2845 1652 2901 dixi
1674 2861 1743 2900 ac
1762 2844 1983 2900 humile

334 2929 608 2994 cumbam
622 2938 903 2993 dicerem.
938 2940 1081 2993 Nam
1105 2937 1375 2993 absolute
1391 2937 1642 3008 loquens
1664 2934 1862 2991 dicere
1884 2950 1984 3007 po-

326 3028 578 3085 tuissem
609 3044 620 3081 :
655 3027 939 3083 Exhibete
971 3027 1241 3083 membra
1270 3032 1464 3084 vestra
1498 3026 1818 3082 servientia
1871 3024 1986 3096 ipsi

321 3117 597 3189 justitiae,
629 3133 749 3173 non
779 3117 958 3172 veluti
992 3117 1106 3189 ipsi
1132 3124 1399 3189 peccato.
1425 3115 1529 3172 sed
1553 3115 1740 3171 multo
1767 3113 1987 3171 studio-

330 3207 475 3262 sius.
510 3207 675 3261 Nunc
693 3212 892 3261 autem
917 3212 1156 3277 pr0pter
1178 3211 1451 3261 vestram.
1476 3204 1689 3276 inquit,
1713 3202 1985 3258 imbecil-

325 3296 579 3362 litatem,
613 3298 694 3351 ita
716 3297 995 3368 depresse
1017 3314 1086 3353 ac
1108 3296 1375 3352 modeste
1395 3297 1536 3353 dixi.
1571 3295 1694 3361 Vel,
1716 3294 1979 3350 Modera-

327 3391 453 3441 tum
479 3385 760 3456 quiddam
796 3386 1006 3456 loquor
1030 3403 1099 3441 ac
1127 3386 1438 3457 pusillum,
1467 3401 1661 3455 neque
1678 3397 1983 3455 supergre-

329 3475 502 3530 dieus
532 3480 760 3529 naturas
792 3474 1284 3539 imbecillitatem,
1346 3473 1822 3530 adhortationem
1871 3488 1981 3527 na-

323 3569 473 3620 tura)
504 3570 872 3634 attempero:
909 3564 1044 3618 novi
1080 3564 1239 3618 enim
1299 3564 1400 3634 qui
1449 3563 1511 3618 in
1562 3562 1801 3619 mortali
1850 3576 1981 3616 cor-

328 3669 473 3725 pore
504 3658 853 3707 moveantur
899 3652 1165 3708 affectus.
1222 3674 1248 3702 ‹‹
1283 3652 1489 3707 Carnis
1532 3657 1761 3706 vestrae.
1790 3670 1816 3702 υ
1852 3652 1980 3706 Non

333 3741 502 3809 dixit,
540 3740 871 3799 Voluntatis
899 3747 1002 3796 aut
1021 3742 1435 3813 concupiscen!
1451 3741 1537 3804 im,
1556 3739 1716 3811 quod
1736 3739 1978 3796 illorum

332 3830 708 3902 iniquitatem
743 3830 1121 3893 ostendisset,
1158 3830 1259 3885 sed
1291 3852 1319 3881 ‹‹
1352 3830 1557 3885 Carnis
1593 3850 1615 3880 ν
1657 3829 1759 3895 ait,
1821 3827 1980 3900 quod

342 3926 558 3992 praeter
581 3923 839 3974 mentem
868 3919 1108 3974 illorum
1130 3919 1327 3975 ﬁebat.
1353 3920 1471 3975 Hoc
1486 3925 1684 3975 autem
1701 3917 1981 3974 diciteffl-

330 4010 493 4064 ciens
524 4024 600 4063 ne
631 4024 827 4063 sermo
860 4008 1007 4064 dure
1032 4009 1375 4079 accipiatur.
1410 4032 1437 4058 ‹‹
1475 4009 1637 4063 Sicut
1682 4008 1841 4063 enim
1877 4024 1979 4064 ex-

328 4097 627 4154 hibuistis.
657 4119 684 4147 »
714 4096 895 4151 Multo
920 4099 1207 4168 majorem
1226 4096 1830 4169 oportebatexhibere
1854 4113 1975 4152 ser-

324 4188 571 4243 vitutem
592 4186 819 4241 Christo
840 4186 992 4243 283
1015 4203 1080 4243 ac
1100 4188 1348 4258 justitiai
1381 4203 1559 4259 quam
1591 4184 1976 4242 exhibueritis

328 4276 725 4333 immunditize
758 4283 817 4331 et
846 4276 1145 4348 iniquitati
1179 4276 1253 4332 ad
1304 4277 1683 4348 iniquitatem
1715 4292 1728 4330 :
1773 4283 1975 4332 tamen

330 4370 573 4440 propter
602 4363 799 4419 carnis
826 4364 1297 4420 imbecillitatem
1337 4364 1527 4419 solum
1559 4364 1849 4436 aequalem
1880 4382 1974 4419 re-

332 4461 489 4528 peto.
527 4451 712 4526 (Quod
744 4459 940 4508 autem
976 4453 1156 4509 dicit:
1194 4474 1221 4503 α
1253 4452 1340 4508 Ad
1370 4454 1767 4524 iniquitatem,
1803 4475 1830 4504 »
1865 4453 1975 4509 hoc

333 4549 440 4603 est.
474 4541 550 4599 ad
580 4540 839 4613 amplius
872 4542 1258 4613 peccandum.
1294 4541 1466 4606 Quasi
1500 4541 1761 4598 diceret:
1784 4542 1975 4598 Etiam

330 4630 869 4692 inflammabamiui
905 4637 969 4687 ut
998 4631 1186 4706 magis
1216 4647 1283 4686 ac
1312 4632 1499 4703 magis
1536 4630 1909 4705 peccaretis.)

405 4824 433 4853 «
462 4805 613 4863 Cam'
638 4807 800 4863 enim
824 4809 973 4864 servi
1003 4808 1210 4864 essetis
1240 4812 1488 4881 peccati.
1520 4834 1539 4860 η
1576 4812 1719 4870 Cum
1751 4811 1813 4867 in
1842 4828 1981 4885 pec-

337 4898 466 4950 cato
499 4896 800 4959 vivebatis,
836 4898 945 4952 soli
978 4905 1217 4969 peccato
1250 4899 1768 4972 obtemperabatis.
1804 4901 1887 4958 sic
1917 4906 1984 4957 ut

337 4984 491 5041 nihil
523 4987 768 5041 omnino
799 4986 942 5041 boni
973 4988 1258 5061 ageretis;
1293 4988 1404 5044 hoc
1435 4990 1594 5045 enim
1647 4989 1976 5063 signiﬁcat:

337 5074 530 5131 Liberi
562 5076 741 5132 eratis
770 5075 884 5149 ipsi
908 5076 1178 5147 justitiae,
1212 5078 1346 5147 hoc,
1368 5084 1477 5146 est,
1509 5079 1572 5135 in
1603 5080 1769 5136 nullo
1802 5079 1983 5136 eratis

334 5165 450 5238 ipsi
476 5166 749 5239 subjecti,
767 5171 825 5221 et
843 5182 1001 5222 nunc
1030 5166 1231 5238 itaque
1251 5184 1380 5223 cum
1400 5168 1774 5241 adjustitiam
1790 5177 1981 5226 trans-

332 5257 745 5329 migraveritis,
776 5255 948 5313 liberi
981 5256 1118 5312 facti
1175 5258 1318 5313 estis
1348 5276 1382 5314 a
1411 5267 1674 5331 peccato.
1725 5262 1871 5318 Nam
1920 5263 1982 5319 id

334 5347 810 5405 subaudiendum
844 5346 1065 5420 expetit
1087 5347 1478 5419 praecedentis
1490 5349 1794 5421 particula:
1813 5351 1983 5407 intel-

334 5433 542 5489 lectus.
580 5458 605 5484 «
637 5438 821 5500 Quem
865 5438 1044 5511 igitur
1075 5436 1330 5493 fructum
1362 5437 1670 5495 habebatis
1711 5439 1739 5495 7
1769 5463 1797 5491 »
1843 5441 1981 5508 Quae

338 5521 522 5585 vobis,
557 5523 770 5593 inquit,
825 5533 951 5582 erat
981 5526 1208 5583 utilitas
1247 5527 1461 5583 veteris
1492 5528 1734 5584 malitias
1754 5529 1782 5586 ?
1811 5531 1983 5587 Nulla

341 5610 488 5667 adeo
518 5617 584 5665 ut
611 5627 710 5666 vos
740 5614 919 5670 etiam
949 5614 1112 5671 illius
1157 5615 1379 5689 pudeat
1405 5635 1419 5683 ;
1468 5622 1778 5690 peccatum
1820 5620 1977 5676 enim

339 5717 435 5760 res
468 5704 557 5757 est
585 5698 731 5757 adeo
758 5701 938 5773 mala,
970 5708 1034 5759 ut
1061 5703 1162 5761 ubi
1194 5705 1326 5779 quis
1357 5721 1424 5762 eo
1455 5704 1635 5764 fuerit
1673 5707 1979 5781 liberatus,

2088 598 2276 671 ἐπειδὴ
2332 600 2664 656 ἀντιπίπτειν
2723 598 2875 658 δοκεῖ
2927 602 2988 657 τὸ
3041 603 3299 683 φρόνημα
3358 611 3457 674 τῆς
3515 605 3753 679 σαρκὸς,

2088 688 2176 742 καὶ
2235 688 2577 764 τραχύνεσθα
2630 690 2718 745 καὶ
2789 689 3113 769 ἀλγύνεσθαι
3177 699 3292 747 κατ’
3366 694 3538 769 ἀρχὰς
3597 695 3750 770 πρὸς

2087 777 2154 831 τὰ
2183 770 2525 854 ἕπιτάγματα
2553 785 2653 847 τῆς
2712 777 3081 850 δικαιοσύνης·
3145 778 3233 836 διὰ
3287 786 3447 837 τοῦτο
3506 783 3568 837 τὸ
3627 781 3749 837 ἀπὸ

2089 873 2187 935 τῆς
2224 867 2483 940 ὑμετέρας
2514 869 2713 942 σαρκὸς
2742 869 2957 933 ἀσθενὲς
2998 871 3087 924 καὶ
3148 868 3518 948 ἄλγυνὸμενον
3579 870 3746 946 λογι-

2090 956 2509 1030 ζόμενος,κατὲι
2558 960 2655 1027 τήν
2720 959 3067 1034 ἀνθρωπίνην
3124 963 3430 1031 συνήθειαν,
3490 958 3753 1016 δουλείαν

2088 1045 2223 1101 αὐτὸ
2278 1044 2528 1104 ἐκάλεσα.
2588 1047 2692 1107 Καὶ
2748 1049 2849 1124 γὰρ
2913 1047 3180 1123 εῗώθαμεν
3237 1048 3320 1131 ἐφ’
3368 1050 3442 1106 ὧν
3500 1050 3750 1128 ἀλγυνό-

2093 1155 2245 1208 μενοι
2278 1135 2366 1189 καὶ
2402 1138 2619 1198 ἄκοντές
2652 1158 2705 1194 τι
2758 1138 3095 1212 πράττομεν,
3148 1139 3212 1194 τὸ
3266 1145 3367 1208 τῆς
3421 1138 3748 1216 τυραννίδος

2089 1224 2179 1278 καὶ
2212 1221 2461 1288 δουλείας
2504 1223 2681 1299 ὄνομα
2735 1229 2956 1291 τιθέναι.
3012 1227 3173 1285 Οὕτω
3231 1232 3362 1304 γοῦν
3416 1231 3505 1284 καὶ
3537 1232 3564 1284 ὁ
3596 1234 3748 1284 Παῦ-

2090 1311 2187 1375 λός
2219 1335 2404 1391 φησιν,
2438 1314 2544 1385 δτι,
2574 1340 2603 1366 ‹‹
2637 1315 2787 1373 Κατᾶ
2817 1313 3100 1389 ἄνθρωπον
3135 1315 3282 1395 λέγω
3316 1340 3345 1369 »
3378 1318 3458 1390 τὸ,
3492 1343 3521 1370 ‹‹
3553 1315 3750 1376 Ἐδού-

2089 1400 2308 1473 λώθητε
2336 1407 2404 1477 τῇ
2438 1400 2774 1481 δικαιοσύνη.
2814 1429 2839 1457 ››
2871 1408 3005 1464 Εἶτα
3034 1408 3414 1478 κατασκευάζει
3469 1408 3599 1464 αὐτὸ
3646 1408 3744 1463 καὶ

2089 1491 2152 1548 ἐκ
2202 1496 2298 1547 τοῦ
2352 1489 2611 1552 ἐναντίου.
2671 1494 2871 1570 Ὠσπερ
2924 1497 3049 1574 γὰρ,
3119 1510 3274 1574 φησι,
3333 1495 3399 1553 τὰ
3450 1504 3551 1567 τῆς
3606 1498 3744 1553 ἀκα-

2090 1581 2310 1654 θαρσίας
2367 1582 2716 1657 πράττοντες,
2775 1582 2966 1639 δοῦλοι
3023 1585 3121 1654 ἦτε
3200 1587 3316 1655 τῆς
3385 1585 3739 1661 ἀκαθαρσίας,

2090 1668 2233 1725 οὓτω
2266 1670 2332 1726 τὰ
2371 1678 2472 1740 τῆς
2532 1669 2878 1744 δικαιοσύνης
2936 1672 3331 1748 ἐπιτελοῦντες,
3383 1672 3578 1731 δοῦλοι
3636 1675 3742 1731 ούκ
3788 1691 3795 1696 ’

2087 1758 2393 1823 ἀπεικότως
2422 1757 2481 1815 ἅν
2530 1760 2829 1833 κληθείητε
2865 1770 2964 1833 τῆς
3022 1762 3392 1835 δικαιοσύνης.
3451 1768 3629 1823 Τοῦτο
3681 1764 3743 1821 δὲ

2092 1850 2183 1904 καὶ
2242 1847 2510 1924 ἐντρέπων
2564 1853 2675 1926 ἅμα
2735 1851 3027 1932 ἐπήγαγεν.
3087 1855 3155 1912 lii
3204 1854 3303 1930 γὰρ
3354 1852 3545 1910 δοῦλοι
3603 1855 3742 1910 εἶναι

2095 1938 2194 1994 οὐκ
2245 1938 2550 2016 ᾐσχύνεσθε
2604 1948 2704 2010 τῆς
2761 1942 3112 2018 ἀκαθαρσίας,
3167 1949 3285 2008 πῶς
3343 1943 3442 2000 οὐκ
3504 1942 3565 2000 ἅν
3644 1945 3739 1999 καὶ

2096 2029 2231 2104 μέγα
2262 2032 2593 2104 φροντίσητε,
2628 2028 2819 2087 δοῦλοι
2876 2031 3291 2102 καταξιωθέντες
3348 2032 3588 2109 γενέσσαι
3638 2039 3748 2102 τῆς
3796 2052 3803 2056 ’

2093 2115 2656 2188 δικαιοσύνηςςΕἴτα
2713 2122 3094 2191 κατασκευάζει
3150 2126 3313 2178 τοῦτο
3368 2122 3459 2178 καὶ
3515 2123 3747 2196 ἑτέρως,

2091 2206 2181 2261 καὶ
2209 2207 2420 2282 προϊὼν
2452 2205 2692 2264 δείκνυσι
2720 2216 2820 2280 τῆς
2848 2211 3106 2282 τοιαύτης
3147 2209 3397 2274 δουλείας
3454 2212 3515 2268 τὸ
3574 2213 3745 2286 ἀξίω-

2097 2316 2194 2370 μα,
2246 2297 2730 2374 συμπερανάμενος
2788 2300 2871 2357 δτι
2939 2300 3073 2372 αὕτη
3133 2304 3168 2371 ἡ
3228 2299 3450 2357 δουλεία
3504 2296 3747 2366 δούλους

2091 2391 2242 2440 ποιεῖ
2280 2390 2377 2442 τοῦ
2431 2392 2587 2459 Θεοῦ,
2649 2387 2711 2443 οὗ
2765 2389 2820 2445 τί
2870 2388 2932 2446 ἄν
2990 2388 3076 2461 εῗη
3146 2390 3596 2464 ἐλευσεριώέρον
3644 2391 3787 2447 καὶ·

2093 2473 2610 2551 εὖδαιμονέστερονς
2646 2477 2742 2532 Καὶ
2798 2479 2900 2554 γάρ
2951 2501 3106 2554 φησι,
3162 2502 3186 2534 α
3221 2479 3349 2536 Νυνὶ
3405 2477 3462 2535 δὲ
3519 2477 3739 2536 ἐλευθε-

2095 2567 2356 2641 ρωθέντες
2418 2568 2523 2624 ἀπὸ
2574 2576 2677 2636 τῆς
2737 2571 3027 2646 ἁμαρτίας,
3116 2567 3484 2635 δουλωθέντες
3541 2568 3596 2625 δὲ
3647 2575 3731 2642 τῷ

2093 2659 2230 2728 Θεῷ,
2265 2679 2293 2707 ι)
2324 2656 2412 2710 καὶ
2443 2657 2585 2727 ἑξῆς.
2617 2659 2686 2715 ἸΙ
2716 2661 2801 2725 τὸ,
2852 2660 3219 2734 Ἀνθρώπινον
3275 2657 3445 2738 λέγω,
3503 2658 3551 2714 εί
3597 2680 3737 2731 νοη-

2094 2745 2212 2816 θείη
2244 2747 2364 2800 καθ’
2400 2742 2725 2819 ὑπεγϐατὸν,
2777 2749 2852 2810 ὡς
2911 2748 3101 2819 ἐφεξῆς
3156 2747 3376 2828 ὀφεῖλον
3434 2750 3740 2821 τάττεσθαι,

2094 2835 2232 2910 πρὸς
2259 2835 2344 2901 τὸ,
2378 2861 2404 2887 κ
2439 2835 2631 2899 Οὕτως
2670 2841 2762 2891 νῦν
2819 2842 3198 2913 παραστήσατε
3249 2840 3316 2893 τὰ
3376 2837 3519 2913 μέλη
3583 2840 3735 2915 ὑμῶν

2096 2921 2266 2980 δοῦλα
2295 2928 2363 3000 τῇ
2400 2923 2714 3004 δικαιοσύνῃ
2762 2927 2838 2990 εἲς
2890 2929 3177 3006 ἁγιασμόν.
3216 2953 3244 2980 ››
3306 2928 3371 2985 Εἰ
3427 2927 3520 2984 οὖν
3571 2929 3732 2992 οὕτως

2095 3013 2422 3089 ἐκληφθείη,
2458 3016 2715 3088 σημαίνοι
2768 3013 2848 3087 ἄν,
2910 3018 2993 3073 δτι
3055 3018 3277 3092 μέτριόν
3331 3038 3387 3073 τι
3445 3018 3596 3075 εἶπον
3649 3019 3735 3075 καὶ

2093 3105 2369 3172 ταπεινὸν,
2410 3110 2580 3162 ταῦτα
2632 3105 2819 3164 εἰπών.
2879 3108 2940 3165 Ὁ
2997 3107 3099 3185 γὰρ
3156 3109 3218 3164 τὸ
3276 3107 3484 3166 τέλειον
3544 3106 3741 3187 λέγων,

2098 3186 2244 3249 εῗποι
2273 3192 2356 3265 ἄν,
2388 3195 2473 3250 ’ὁτι
2506 3197 2891 3268 Παραστήσατε
2919 3197 2985 3250 τὰ
3042 3196 3183 3270 μέλη
3237 3196 3390 3271 ὑμῶν
3446 3186 3629 3254 δοῦλα
3672 3203 3740 3273 τῇ

2098 3279 2434 3356 δικαισσύνῃ,
2466 3286 2542 3355 μή
2574 3283 2649 3346 ὡς
2697 3287 2765 3357 τῇ
2807 3284 3063 3360 ἁμαρτίᾳ,
3123 3284 3268 3341 ἀλλὰ
3324 3286 3474 3342 πολὺ
3524 3287 3742 3360 μᾶλλον

2093 3371 2537 3448 σπουδαιότερον.
2573 3379 2679 3433 Νῦν
2710 3372 2767 3429 δὲ
2798 3372 2887 3430 διὰ
2932 3376 2996 3430 τὸ
3053 3377 3267 3441 ἀσθενὲς
3321 3378 3495 3451 ὑμῶν,
3553 3379 3744 3455 φησῖν,

2092 3462 2269 3525 οὓτως
2301 3465 2455 3522 εἷποτ
2511 3469 2779 3526 ταπεινῶς
2825 3465 2916 3519 καὶ
2978 3465 3234 3542 μετρίως,
3290 3466 3349 3536 ἤ,
3408 3467 3737 3545 Σύμμετρόν

2091 3573 2165 3619 τι,
2199 3554 2354 3631 φησί,
2386 3550 2531 3629 λέγω
2560 3553 2651 3609 καὶ
2709 3555 2921 3627 μικρὸν,
2978 3556 3067 3610 καὶ
3128 3556 3236 3632 οὐχ
3295 3551 3607 3632 ὑπερϐαἷνον
3668 3558 3735 3614 τὸ

2089 3648 2191 3710 τῆς
2232 3643 2456 3718 φύσεως
2513 3643 2744 3703 ἀσθενές’
2804 3645 2873 3716 τῇ
2931 3645 3085 3725 φύσει
3147 3650 3350 3720 μετρῶ,
3407 3645 3563 3720 φησὶ,
3628 3648 3733 3717 τήν

2091 3730 2423 3807 παραίνεσιν*
2459 3729 2577 3786 οῖδα
2624 3732 2724 3806 γὰρ
2782 3731 2848 3788 τὰ
2896 3731 2948 3788 ἐν
3006 3738 3086 3805 τῷ
3142 3740 3322 3808 θνητῷ
3379 3738 3591 3811 σώματι
3650 3759 3740 3794 κι-

2089 3819 2321 3892 νούμενα
2352 3821 2520 3890 πάθη.
2559 3845 2585 3874 ι(
2616 3823 2732 3890 Τῆς
2765 3821 2961 3897 σαρκὸς
2997 3822 3172 3895 ὑμῶν.
3204 3846 3233 3876 ››
3270 3825 3386 3882 Οὔκ
3440 3826 3573 3895 εἶπε,
3622 3827 3736 3895 Τῆς

2091 3911 2456 3985 προαιρέσεως
2484 3908 2521 3980 ἤ
2551 3912 2649 3979 τῆς
2680 3910 2991 3984 ἐπιθυμίας,
3045 3912 3177 3990 ὅπερ
3232 3915 3300 3984 ἦν
3356 3914 3573 3972 ἐκείνων
3612 3913 3728 3972 ἀδί-

2091 4021 2265 4074 κημα,
2296 3998 2459 4066 ἀλλὰ,
2494 4023 2523 4057 ιι
2555 4003 2667 4071 Τῆς
2701 4003 2919 4077 σαρκὸς,
2952 4028 2980 4055 ››
3037 4004 3225 4084 φησὶν,
3257 4005 3287 4062 δ
3316 4007 3464 4082 παρὰ
3510 4005 3719 4082 γνώμην

2088 4090 2267 4147 αὐτῶν
2298 4090 2525 4167 ἐγίνετο.
2561 4095 2740 4150 Τοῦτο
2773 4090 2831 4150 δέ
2858 4114 3041 4174 φησιν,
3088 4097 3368 4177 ἀνεπαχθῆ
3425 4098 3518 4153 τὸν
3564 4094 3726 4171 λόγον

2089 4186 2287 4238 ποιῶν.
2349 4206 2376 4235 ‹‹
2426 4183 2626 4254 Ὥσπερ
2686 4183 2789 4260 γὰρ
2846 4188 3236 4259 παρεστήσατε.
3297 4208 3327 4240 ››
3382 4185 3586 4258 Πολλῲ
3635 4188 3730 4264 μὶν

2095 4270 2322 4346 μείζονα
2351 4266 2456 4327 ἔδει
2483 4278 2562 4344 τῷ
2593 4273 2810 4346 Χριστῷ
2838 4273 2939 4341 τὴν
2993 4271 3241 4330 δουλείαν
3294 4281 3597 4353 παρασχεῖν
3643 4278 3734 4332 καὶ

2087 4364 2157 4433 τῇ
2189 4359 2528 4438 δικαιοσύνῃ,
2570 4361 2708 4436 ἤπερ
2769 4361 2900 4431 ὅσην
2960 4366 3260 4440 παρέσχετε
3310 4369 3378 4441 τῇ
3437 4367 3738 4443 ἀκαθαρσίᾳ

2087 4455 2180 4513 καὶ
2207 4459 2276 4529 τῇ
2312 4455 2536 4529 ἀνομίᾳ,
2568 4453 2645 4515 εἷς
2700 4455 2801 4523 τήν
2856 4454 3086 4528 ἀνομίαν
3146 4458 3229 4526 (τὸ
3289 4455 3367 4528 δὲ,
3422 4480 3454 4512 κ
3481 4458 3580 4521 Εἷς
3636 4460 3738 4527 τήν

2088 4544 2338 4617 ἀνομίαν,
2376 4568 2401 4595 ››
2432 4548 2675 4599 τουτέστι
2706 4544 2769 4599 τὸ
2798 4542 2888 4603 ἐπὶ
2919 4543 3089 4602 πλέον
3122 4546 3365 4619 ἀνομεῖν.
3420 4548 3562 4606 Ἀντὶ
3613 4553 3736 4614 τοῦ,

2013 4625 2058 4690 Ῑ)
2092 4635 2420 4707 Ἐξεκαίεσθε
2449 4634 2535 4689 καὶ
2569 4633 2645 4696 εἷς
2691 4632 2768 4691 ἔτι
2842 4635 3056 4710 μᾶλλον
3118 4636 3385 4712 ἆνομεῖν),
3444 4635 3590 4711 πλὴν
3647 4635 3739 4694 διὰ

2087 4725 2186 4793 τήν
2219 4725 2487 4781 ἀσθένειαν
2516 4728 2613 4790 τῆς
2646 4726 2862 4798 σαρκὸς,
2899 4727 2998 4796 τὴν
3031 4723 3123 4796 ἴση
3156 4728 3392 4787 ἀπαιτῶ.

2163 4839 2192 4867 ‹‹
2251 4817 2373 4871 Ὅτε
2428 4817 2532 4891 γαρ
2593 4812 2785 4872 δοῦλοι
2844 4817 2942 4887 ἥτε
2992 4823 3093 4885 τῆς
3160 4817 3451 4893 ἁμαρτίας.
3499 4844 3519 4871 ι
3582 4820 3733 4890 Ὅτε,

2090 4906 2277 4987 φησὶν,
2338 4906 2389 4960 ἐν
2450 4906 2688 4982 ἁμαρτίᾳ
2744 4905 2917 4976 ἐζῆτε,
2974 4910 3228 4968 τοσοῦτον
3307 4906 3611 4979 ὑπηκούετε
3664 4911 3734 4985 τῇ

2091 4995 2350 5072 ἁμαρτίᾳ,
2385 4997 2458 5057 ὡς
2502 4995 2800 5067 μηδοτιοῦν
2850 4996 3102 5072 πράττειν
3159 4998 3349 5053 καλόν
3411 5003 3570 5055 τοῦτο
3629 5001 3735 5076 γὰρ

2091 5083 2261 5155 δηλοῖ
2278 5086 2361 5151 τὸ,
2388 5085 2698 5161 Ἐλεύθεροι
2726 5086 2825 5155 ἦτε
2853 5089 2920 5159 τῇ
2949 5082 3288 5161 δικαιοσύνῃ,
3319 5087 3611 5145 τουτέστιν.
3644 5091 3733 5145 Ἐν

2091 5173 2270 5230 οὐδενὶ
2302 5175 2401 5244 ἦτε
2433 5175 2863 5251 ὑποτεταγμένοι
2895 5173 3055 5249 αὐτῇ,
3089 5175 3289 5230 οὐκοῦν
3329 5176 3419 5230 καὶ
3478 5180 3565 5230 νῦν
3617 5176 3734 5232 ἐπεὶ

2095 5262 2386 5336 μετέστητε
2442 5262 2518 5325 εἰς
2579 5263 2679 5330 τὴν
2736 5258 3107 5333 δικαιοσύνην,
3186 5259 3463 5336 ἐλεύθεροι
3529 5263 3740 5339 γίνεσθε

2087 5354 2158 5425 τῇ
2192 5351 2449 5428 ἁμαρτίᾳ.
2509 5354 2677 5406 Τοῦτο
2733 5350 2837 5426 γὰρ
2896 5351 3283 5408 συνυπακούειν
3322 5352 3582 5416 ὁσκοπὸς
3636 5358 3736 5409 τοῦ

2089 5440 2365 5516 ἂνωτέρου
2420 5437 2719 5517 κεραλαίου
2798 5438 3033 5496 ἀπαιτεῖ.
3094 5462 3126 5493 α
3184 5438 3321 5498 Τίνα
3379 5440 3470 5496 οὗν
3528 5444 3734 5519 καρπὸν

2091 5528 2271 5607 εἴχετε
2298 5530 2419 5585 τότε
2447 5551 2462 5600 ;
2496 5552 2525 5584 »
2555 5527 2617 5583 Τί
2648 5527 2739 5585 οὖν
2764 5530 2829 5585 τὸ
2858 5525 3056 5610 ὄφελος
3087 5529 3232 5603 ὑμῖν,
3265 5528 3421 5610 φησι,
3469 5537 3573 5603 τῆς
3623 5531 3735 5590 πά-

2090 5617 2197 5696 λαι.
2242 5617 2560 5689 πονηρίας;
2619 5612 2807 5687 Οὐδὲν,
2869 5612 3129 5688 δηλονότι
3194 5616 3257 5672 τὸ
3311 5613 3730 5697 ἐπαισχύνεσθαι

2091 5709 2231 5784 ὑμᾶς
2257 5698 2364 5764 νῦνο
2398 5705 2574 5770 οὓτως
2604 5708 2705 5784 γάρ
2737 5706 2897 5762 κακὸν
2932 5707 2967 5778 ἡ
2998 5706 3258 5782 ἁμαρτία,
3313 5706 3397 5764 ὅτι
3447 5706 3538 5764 καὶ
3590 5728 3728 5784 μετα
