4126 6256
260 391 382 456 ιιι»

1426 401 1837 498 οοΜΜΕΝΤ.
1884 404 1968 468 IN
2014 403 2263 468 EPIST.
2310 409 2414 468 AD
2463 410 2650 472 non.

3614 408 3733 470 446

290 527 648 605 ἆπαλλαγὴν,
677 530 1024 615 αῗσχύνεταί
1055 558 1145 599 τις
1178 535 1260 593 ἐπ’
1302 535 1458 609 αὐτῇ.
1494 559 1514 586 ι
1551 535 1630 593 Τὸ
1688 532 1981 613 γάρ’τέλος

2102 539 2169 596 ob
2199 540 2393 614 ipsum
2424 541 2640 600 rubore
2671 545 3065 601 suiTundatur.
3098 568 3124 594 ‹‹
3155 547 3297 602 Nam
3331 545 3469 601 ﬁnis
3496 545 3740 602 illorum

303 621 517 681 ὶιεὶνων
543 623 807 684 θάνατος,
846 650 876 678 ››
915 627 997 684 Οὐ
1037 628 1203 699 μόνον
1237 627 1338 681 ἀπὸ
1374 632 1477 694 τῆς
1517 624 1806 700 α’σχύνης,
1839 624 1989 682 ἀλλὰ

306 714 399 772 καὶ
438 713 542 768 ἀπὸ
597 717 706 769 τῶν
775 714 1254 789 ἀποτελεσμάτων
1314 719 1703 784 κατασκευάζει
1763 715 1824 770 τὸ
1886 735 1987 788 μο-

321 805 538 886 χθηρὸν
563 810 657 872 τῆς
700 804 999 876 ἁμαρτίας.
1060 805 1139 862 Τὸ
1170 803 1326 866 τέλος
1385 805 1621 870 εκείνων,
1687 803 1841 880 φησὶ,
1897 803 1986 867 θά-

327 916 489 951 νατον
518 891 640 969 ἔχει.
665 896 836 949 τοῦτο
870 890 941 960 δὴ
984 893 1079 950 τὸι
1109 895 1324 963 νοητόν.
1362 919 1386 943 «
1422 895 1622 968 Ἔχετε
1662 894 1753 948 τὸν
1783 895 1988 966 καρπὸν

337 985 488 1040 ὑμῶν
517 985 585 1046 εἷς
610 983 900 1059 ἁγιασμόν,
942 1008 969 1034 »
1002 985 1257 1039 Ἐκείνων
1319 983 1432 1056 μὲν,
1468 983 1656 1063 φησὶν,
1690 984 1718 1038 6
1774 981 1986 1054 καρπὸς

327 1074 555 1138 eiuro;
580 1071 668 1127 καὶ
697 1071 963 1148 αἰσχύνη
996 1073 1202 1129 τοετων
1255 1069 1310 1128 δὲ
1365 1073 1393 1128 ὁ
1451 1073 1683 1148 καρπὸς,
1715 1071 1991 1146 ἁγία-Σμὺς

315 1163 413 1221 καέ
448 1165 559 1233 ζιυὴ
592 1162 836 1224 αἰώνιος.
859 1161 1018 1222 Ἀλλ’
1051 1164 1204 1238 ὅμως
1230 1163 1320 1218 καὶ
1349 1164 1558 1220 τούτων
1593 1164 1766 1227 οὓτως
1797 1158 1987 1218 ὄντων’

313 1253 598 1334 ςῃσί,καὶ
651 1252 827 1316 οὕτως
885 1257 964 1324 τῷ
1022 1258 1138 1326 θεῷ
1197 1249 1548 1319 ὃουλεῦσατε,
1618 1250 1801 1328 ὥσπερ
1860 1252 1993 1308 ποτὶ

311 1344 406 1398 καὶ
543 1343 841 1413 ἀκαθαρσίᾳ
871 1343 962 1397 καὶ
991 1344 1060 1414 τῇ
1089 1341 1312 1414 ἀνομίᾳ,
1353 1364 1374 1391 α
1409 1344 1488 1399 Τὸ
1521 1339 1578 1399 δὲ
1624 1343 1780 1404 τέλος
1842 1343 1990 1412 ζωὴν

318 1433 567 1488 αἰώνιον.
594 1456 623 1484 ι)
657 1433 756 1488 Ἐκ
783 1431 893 1487 τῶν
943 1429 1247 1502 δεδομένων
1307 1431 1374 1486 τὰ
1433 1428 1867 1507 προσδοκώμενα
1898 1451 1991 1484 πι-

320 1527 566 1592 στοῦται,
596 1527 901 1590 τουτέστιν,
933 1520 1040 1576 ἀπὸ
1074 1521 1372 1597 ἁγιασμοῦ,
1404 1520 1504 1590 τήν
1565 1519 1782 1574 αἰώνιον
1818 1521 1987 1590 ζωήν.

317 1635 350 1665 ιι
383 1611 460 1666 Τά
487 1611 592 1688 γάρ
634 1611 851 1684 ὀψώνια
881 1617 980 1679 τῆς
1014 1609 1284 1685 άμαρτέας
1349 1611 1600 1672 θάνατος.
1632 1633 1660 1660 ››
1713 1609 1788 1663 Τὰ
1841 1607 1995 1682 ὀψώ-

311 1721 433 1769 νια,
466 1700 908 1776 οἶονὸκαρπὸς,
1061 1696 1257 1774 δωρεά.
1329 1697 1603 1772 Ὀψώνιον
1661 1695 1901 1772 λέγεται,
1955 1699 1990 1766 ἡ

318 1788 592 1867 βασιλική
657 1786 855 1862 δωρεά.
913 1789 1053 1862 ’Ὸρα
1107 1785 1164 1844 δὲ
1211 1785 1262 1858 ἐξ
1351 1787 1423 1842 ὧν
1508 1785 1854 1862 ἐπεξέρχεται
1910 1790 1990 1857 τῷ

2096 647 2275 686 mors.
2305 654 2333 681 »
2361 633 2486 687 Non
2519 634 2710 689 solum
2744 652 2777 689 a
2807 637 3052 706 pudore,
3075 652 3277 690 verum
3301 635 3477 689 etiam
3510 635 3582 690 ab
3606 636 3741 689 effe-

2095 719 2286 774 ctibus
2313 723 2535 791 peccati
2568 723 2850 778 malitiam
2887 725 3218 780 conﬁrmat.
3263 723 3423 778 Finis
3476 723 3736 791 illorum,

2096 807 2565 878 inquit,mortem
2600 811 2988 883 habet,idque
3021 813 3411 885 spiritualem.
3441 833 3463 860 α
3501 811 3739 867 Habetis

2093 896 2345 952 fructum
2373 906 2626 955 vestrum
2664 902 2723 955 in
2757 903 3345 958 sanctiﬁcationem.»
3370 900 3741 963 lllorum,in-

2081 982 2240 1056 ‘quit,
2274 987 2499 1043 fructus
2533 1005 2690 1044 mors
2723 997 2810 1044 est
2858 997 2916 1044 et
2961 991 3252 1056 confusio,
3298 990 3506 1046 horum
3541 996 3739 1044 autem

2093 1072 2320 1132 fructus
2381 1078 2768 1133 sanctiﬁcatio
2802 1085 2892 1132 est
2942 1085 3000 1135 et
3054 1079 3170 1133 vita
3226 1085 3468 1133 (eterna.
3527 1079 3741 1134 Verum

2097 1180 2436 1236 quanquam
2472 1167 2594 1221 haec
2625 1167 2705 1221 ita
2740 1182 2802 1223 se
2835 1167 3110 1230 habeant,
3144 1167 3354 1222 saltem
3385 1168 3467 1221 ita
3485 1167 3599 1223 Deo
3620 1183 3744 1221 ser-

2095 1254 2230 1319 vite,
2266 1254 2767 1326 quemadmodum
2800 1257 2938 1311 olim
2975 1255 3370 1312 immunditim
3405 1263 3463 1309 et
3521 1256 3744 1326 iniqui—

2096 1345 2241 1399 tati:
2276 1366 2302 1393 «
2335 1345 2540 1401 Finem
2574 1362 2707 1401 vero
2740 1347 2916 1402 vitam
2951 1354 3253 1401 aeternam.
3285 1370 3308 1394 »
3342 1345 3428 1400 Ab
3460 1345 3553 1400 his
3613 1361 3742 1418 quae

2097 1433 2233 1488 data
2253 1439 2621 1498 sunt,eorum
2657 1435 2833 1492 ﬁdem
2867 1436 3001 1492 facit
3036 1454 3167 1507 qum
3190 1435 3745 1507 exspectantur,hoc

2097 1528 2203 1589 est,
2229 1540 2263 1578 a
2288 1524 2755 1580 sanctiﬁcatione
2805 1527 2982 1580 vitam
3014 1531 3297 1580 aeternam
3346 1524 3542 1580 infert.
3581 1546 3608 1573 ‹‹
3639 1523 3744 1578 Sti-

2095 1611 2316 1684 pendia
2345 1613 2508 1667 enim
2541 1614 2765 1684 peccati
2795 1631 2971 1670 mors.
3002 1638 3028 1663 »
3049 1614 3547 1686 Stipendia,lucra
3562 1612 3740 1669 veluti

2093 1702 2320 1758 fructus
2351 1702 2436 1757 vel
2471 1702 2712 1760 donum.
2769 1703 3061 1776 Ὀψώνιον,
3096 1705 3156 1761 id
3187 1709 3293 1768 est,
3357 1703 3742 1775 stipendium,

2097 1791 2313 1848 dicitur
2342 1792 2562 1848 donum
2591 1793 2765 1866 regis.
2829 1793 2969 1850 Vide
3029 1802 3224 1850 autem
3277 1793 3494 1864 quibus
3552 1791 3745 1847 verbis

315 1879 508 1958 λόγῳ.
566 1877 1004 1953 ἆσφαλεστέρους
1059 1897 1119 1933 τε
1175 1877 1374 1938 αὐτοὺς
1439 1876 1575 1950 πρὸς
1655 1877 1718 1930 τὸ
1783 1873 1986 1947 μέλλον

2102 1897 2430 1936 sermonem
2464 1882 2773 1938 edisserat.
2809 1884 2951 1938 Nam
2977 1883 3111 1938 illos
3143 1889 3202 1940 et
3232 1883 3523 1938 ﬁrmiores
3555 1880 3749 1936 reddit

314 1973 499 2036 ποιεῖ,
559 1968 649 2022 ναὶ
707 1965 870 2024 αὐτοὶ
958 1965 1372 2042 εὖῖαριστοῦσιν
1455 1964 1529 2020 ὧν
1633 1964 1985 2041 ἐρῥύσθτ,σαν.

313 2091 388 2104 —
427 2058 633 2135 [duT]
667 2057 938 2130 Ὀψώνιον
969 2053 1060 2111 διὰ
1111 2063 1211 2124 τὴς
1269 2053 1538 2127 ἁμαρτίας
1591 2052 1895 2126 ὠνούμεθα,
1955 2051 1988 2107 ἄ

315 2151 468 2220 ἡμῖν
523 2145 695 2216 ὲκεῗνη
755 2142 1128 2219 πραττομένη,
1200 2139 1515 2197 ἀντιδίδωσι
1572 2141 1662 2196 καὶ
1719 2142 1984 2216 προξενεῖ.

317 2263 348 2290 ει
384 2237 462 2290 Τὸ
484 2232 544 2291 δὲ
572 2235 821 2309 χάρισμα
853 2237 954 2287 τοῦ
976 2235 1132 2289 θεοῦ.
1195 2255 1222 2282 ››
1271 2231 1387 2288 Οὐκ
1443 2231 1616 2286 εἶπεν
1673 2232 1736 2288 Ὀ
1797 2231 1989 2302 μιτθὸς

316 2331 441 2383 τῶν
469 2323 936 2398 κατορθωμάτων,
983 2319 1152 2390 ἀλλὰ,
1187 2346 1213 2373 α
1269 2321 1542 2397 Χάρισμα,
1579 2344 1606 2371 ι)
1665 2316 1872 2382 δεικνὺς
1905 2320 1987 2372 δτι

323 2416 434 2473 οὐκ
464 2413 525 2469 ἐκ
555 2413 838 2486 καμάτων,
873 2409 1018 2468 ἀλλᾶ
1046 2411 1182 2465 κατὰ
1214 2407 1376 2486 χᾶριν
1426 2406 1821 2485 ἀπηλλάγησαν
1877 2412 1984 2464 τῶν

324 2509 508 2582 ἆμαρτ
519 2509 611 2560 ιῶν
622 2546 638 2559 .

958 2593 1224 2649 ΚΕΦΑΛ.
1288 2591 1365 2646 Ω“.

544 2681 933 2756 Ἐπανάλ·ί,ψις
962 2678 1086 2756 περὶ
1132 2685 1232 2748 τῆς
1283 2676 1336 2734 ἒν
1382 2677 1569 2755 χάριτι
1600 2681 1768 2750 ζωῆς.

409 2777 478 2831 Ἤ
507 2772 772 2844 ἀγνοεῖτε,
805 2767 1056 2849 ἀδελφοὶ,
1086 2768 1416 2847 γινώσκουσι
1467 2769 1574 2842 γὰρ
1601 2767 1772 2840 νόμον
1802 2764 1987 2832 λαλῶ,

332 2863 416 2920 ὅτι
447 2864 474 2918 ὁ
502 2862 676 2935 νόμος
707 2857 950 2934 κυριεύει
974 2861 1071 2912 τοῦ
1119 2858 1406 2933 ἀνθρώπου
1472 2855 1554 2931 ἐφ’
1607 2857 1732 2911 ὅσον
1787 2855 1986 2934 χρόνον

320 2959 388 3028 ζῇ
421 2973 439 3024 ;
471 2953 534 3012 Ἠ
566 2951 672 3029 γάρ
701 2945 978 3023 ὕπανδρος
1008 2948 1170 3022 γυνὴ,
1233 2950 1310 3018 τῷ
1375 2949 1537 3015 ζῶντι
1594 2943 1749 3020 ἀνδρῖ
1781 2940 1989 3000 δέδεται

313 3048 494 3118 νόμῳο
527 3042 617 3097 ἐὰν
641 3039 701 3096 δὲ
750 3037 1000 3112 ἀποθάνῃ
1035 3038 1062 3092 ὁ
1123 3036 1286 3111 ἀνὴρ,
1331 3038 1690 3112 ’κατήργηται
1741 3035 1844 3089 ἀπὸ
1893 3037 1990 3090 τοῦ

322 3135 502 3206 νόμου
551 3135 650 3185 τοῦ
725 3124 940 3202 ἀνδρὸς.
1005 3128 1147 3202 Ἀρά
1197 3126 1288 3180 οὗν
1340 3129 1540 3194 ζῶντος
1619 3127 1716 3179 τοῦ
1800 3119 1993 3198 ἀνδρὸς

335 3220 604 3300 μοιχαλὶς
633 3215 994 3300 χρηματίσει,
1028 3215 1117 3270 ἐὰν
1151 3213 1377 3292 γένηται
1436 3210 1587 3288 ἀνδρὶ
1636 3213 1826 3286 ἑτέρῳ.
1863 3211 1986 3268 Ἐὰν

335 3307 912 3380 δὶάποθάνῃὸἆνήρ,
971 3303 1230 3380 ἐλευθέρα
1280 3303 1423 3360 ἐστὶν
1477 3301 1584 3358 ἀπὸ
1640 3305 1737 3355 τοῦ
1793 3300 1984 3372 νόμου,

333 3404 442 3457 τοῦ
508 3399 582 3470 μὴ
645 3399 768 3451 εἶναι
821 3395 991 3463 αὐτὴν
1071 3389 1400 3470 μοιχαλίδα,
1484 3391 1780 3466 γενομένην
1836 3385 1988 3466 ἀνδρὶ

336 3487 461 3562 ἱτέρ
471 3510 518 3561 ῳ
526 3529 540 3542 .

412 3577 541 3636 Μετ’
566 3573 840 3654 ἐγκωμῖου
873 3573 1020 3650 λέγει
1048 3573 1133 3639 τὸ,
1167 3596 1196 3624 ‹‹
1260 3568 1617 3629 Γινώσκουσι,
1648 3593 1677 3623 ››
1707 3601 1772 3612 -
1806 3591 1833 3621 ιι
1865 3570 1990 3626 ’Ότι

343 3670 562 3740 ὀνόμος
585 3666 823 3742 κυριεύει
880 3667 978 3718 τοῦ
1035 3662 1372 3736 ἀνθρώπους
1409 3684 1436 3711 ››
1489 3661 1651 3718 Εἶπεν
1711 3658 1842 3721 ἅνω,
1905 3657 1988 3713 ὅτι

337 3761 667 3830 ἀπεθάνομεν
749 3758 817 3828 τῇ
894 3751 1158 3828 ἁμαρτίᾳ,
1248 3755 1540 3829 τοιγαροῦν
1603 3751 1665 3805 οὐ
1751 3748 1989 3821 κυριεύει

333 3852 507 3922 ἡμῶν,
539 3852 654 3903 τῶν
688 3847 818 3902 ’ὀσον
853 3844 931 3900 ἐπ’
963 3843 1099 3916 αὐτῇ
1130 3845 1336 3918 νεκρῶν
1365 3837 1564 3911 ὅντων,
1601 3846 1695 3895 νῦν
1724 3837 1782 3896 δὲ
1839 3839 1987 3896 θέλει

326 3939 513 4012 again,
558 3940 650 3995 ὅτι
683 3936 812 3992 οὔτε
837 3935 864 3989 ὁ
919 3933 1092 4006 νόμος
1125 3935 1286 4004 ἡμῶν
1320 3931 1578 4005 stupida.
1616 3929 1986 4006 Ἀνθρώπινον

319 4027 554 4104 ἂλέγει
592 4023 961 4101 παράξειγμα.
999 4023 1135 4079 Εἶτα
1191 4020 1402 4098 προϊὼν
1464 4018 1726 4075 δείκνυσιν
1785 4020 1866 4074 ὅτι
1927 4017 1988 4073 οὐ

323 4121 492 4195 μόνον
529 4121 704 4190 ἡμεῖς
737 4114 1072 4186 ἀπεθάνομεν
1100 4116 1179 4182 τῷ
1208 4110 1386 4183 νόμῳ,
1418 4109 1560 4165 ἀλλᾶ
1591 4109 1679 4164 καὶ
1738 4111 1765 4164 ὁ
1820 4108 1988 4181 νόμος

321 4210 559 4267 ἀπέθανε
589 4209 663 4278 τῇ
697 4203 982 4280 ἐπιφανείᾳ
1019 4204 1115 4255 τοῦ
1145 4202 1409 4275 Χριστοῦ.
1445 4224 1472 4250 ‹‹
1505 4203 1612 4256 Τοῦ
1643 4198 1988 4270 ἀνθρώπου.»

325 4299 445 4358 Οὐκ
475 4297 630 4352 εἶπεν
663 4291 858 4368 ἀνδρὸς
898 4291 934 4362 ἢ
967 4293 1242 4369 γυναικὸς,
1277 4288 1445 4358 ἀλλὰ,
1500 4313 1525 4339 u
1587 4287 1926 4364 Ἀνθρώπου,
1961 4310 1990 4339 si

321 4388 418 4444 ’ἱνα
451 4385 801 4466 ἀμφοτέρους
836 4379 1087 4454 δηλώσῃ.
1123 4402 1152 4433 ι(
1213 4380 1337 4457 Ἐφ’
1396 4377 1521 4434 ὅσον
1574 4379 1776 4458 χρόνον
1959 4398 1990 4432 η

331 4478 435 4540 Τίς
471 4496 487 4545 ;
531 4465 803 4540 Δηλονότι
834 4472 861 4526 ὁ
895 4469 1199 4545 ἄνθρωπος.
1237 4465 1636 4529 Ἐλλειπτικῶς
1693 4468 1784 4522 οὖν
1839 4466 1992 4543 ε”ρη-

333 4589 447 4623 ται.
483 4563 664 4641 Σαφές
696 4559 753 4616 δῖε
793 4560 926 4616 αὐτὸ
957 4564 1127 4622 ποιεῖ,
1183 4559 1245 4612 τὸ
1303 4557 1663 4634 ἐπαγόμενον,
1696 4580 1723 4608 ιι
1771 4557 1833 4614 Ἡ
1889 4556 1993 4632 γάρ

2094 1969 2169 2026 ad
2191 1969 2251 2026 id
2277 1971 2432 2040 quod
2465 1971 2726 2027 futurum
2763 1977 2869 2028 est.
2892 1977 2950 2027 et
2977 1979 3042 2026 ut
3070 1972 3142 2028 de
3198 1972 3290 2028 his
3321 1971 3538 2045 gratias
3568 1975 3745 2043 agant

2094 2073 2129 2112 a
2157 2058 2371 2129 quibus
2405 2059 2634 2116 liberati
2661 2065 2818 2123 sunt,
2853 2060 3054 2117 efﬁcit.
3089 2060 3461 2132 Stipendium
3492 2059 3744 2114 facimus

2093 2162 2200 2218 per
2229 2157 2555 2217 peccatum,
2580 2149 2739 2220 quod
2768 2150 2940 2206 nobis
2973 2150 3121 2207 illud
3163 2156 3567 2223 perpetratum
3598 2165 3743 2206 con-

2095 2235 2259 2290 ciliat
2314 2251 2382 2291 ac
2434 2237 2727 2308 rependit.
2768 2264 2786 2286 ιι
2855 2241 3081 2295 Donum
3139 2246 3336 2296 autem
3396 2240 3518 2296 Dei.
3557 2262 3582 2288 ι)
3618 2241 3743 2295 Non

2095 2322 2279 2378 dixit:
2315 2326 2534 2380 Merces
2576 2327 2870 2382 bonorum
2925 2345 3192 2398 operum.
3227 2327 3332 2384 sed
3362 2351 3387 2376 ‹‹
3431 2329 3679 2393 donum,
3718 2350 3745 2378 »

2094 2411 2414 2469 ostendens
2444 2413 2604 2484 quod
2628 2431 2747 2470 non
2780 2433 2885 2486 per
2905 2416 3159 2484 labores,
3193 2416 3298 2474 sed
3338 2432 3444 2489 per
3489 2417 3738 2490 gratiam

2094 2500 2330 2559 liberati
2363 2504 2483 2558 sint
2510 2520 2544 2559 a
2565 2504 2838 2575 peccatis.

2627 2594 2782 2650 284
2830 2593 3060 2651 CAPUT
3109 2595 3206 2649 IX.

2309 2683 2581 2752 Repetitio
2611 2683 2676 2736 de
2705 2686 2820 2738 vita
2849 2699 2970 2754 quae
3023 2689 3098 2738 est
3143 2685 3202 2738 in
3233 2683 3522 2740 eharitale.

2168 2771 2283 2836 VII,
2319 2772 2422 2824 1-3.
2455 2776 2543 2828 An
2576 2775 2866 2841 ignoratis,
2916 2776 3116 2842 fratres
3148 2771 3459 2844 (scientibus
3482 2771 3629 2828 enim
3659 2773 3740 2829 le-

2093 2876 2215 2930 gem
2244 2860 2483 2934 loquor),
2517 2865 2667 2934 quod
2685 2863 2773 2918 lea:
2796 2864 3106 2918 dom-inetur
3135 2863 3343 2918 homini
3371 2870 3579 2934 quanto
3603 2869 3741 2918 tem—

2088 2967 2228 3020 pore
2255 2952 2394 3007 vivit
2421 2955 2449 3008 ?
2480 2952 2678 3007 Mulier
2699 2956 2840 3008 enim
2871 2956 2990 3008 viro
3045 2953 3308 3022 subjecta,
3360 2953 3566 3008 viventi
3620 2954 3738 3008 viro

2097 3043 2333 3111 alligata
2362 3049 2438 3096 est
2461 3058 2566 3112 per
2596 3043 2766 3111 legem
2797 3061 2815 3094 :
2855 3043 3004 3112 quod
3029 3045 3077 3095 si
3108 3048 3355 3096 mortuus
3409 3043 3580 3109 fuerit
3634 3043 3740 3108 vir,

2097 3131 2348 3187 absoluta
2377 3137 2454 3186 est
2484 3147 2518 3184 a
2550 3131 2664 3199 lege
2693 3132 2819 3184 viri.
2853 3133 3046 3200 Itaque
3075 3132 3286 3184 vivente
3314 3129 3453 3193 viro,
3489 3129 3744 3184 adultera

2089 3219 2462 3290 judicubitur,
2494 3222 2542 3274 si
2568 3235 2623 3275 se
2643 3219 2903 3289 junxerit
2933 3221 3034 3275 alii
3058 3223 3176 3274 viro
3208 3235 3225 3273 :
3255 3221 3340 3274 sin
3380 3226 3565 3273 autem
3593 3235 3740 3272 mor-

2100 3315 2222 3364 tuus
2250 3309 2422 3377 fuerit
2451 3307 2557 3372 vir,
2582 3308 2756 3364 libera
2784 3315 2912 3365 esta
2945 3310 3078 3380 lege,
3105 3315 3165 3364 ut
3196 3325 3304 3364 non
3359 3311 3431 3365 sit
3461 3308 3741 3373 adultera,

2094 3398 2144 3456 si
2161 3400 2430 3471 jungitur
2444 3397 2546 3453 alii
2573 3403 2713 3454 viro.

2166 3581 2313 3635 Cum
2345 3576 2615 3633 encomio
2665 3575 2807 3634 dicit
2869 3602 2886 3625 ιι
2943 3577 3276 3636 Scientibus
3333 3577 3607 3652 legem.»
3679 3607 3744 3618 ..-

2099 3687 2129 3717 ‹‹
2159 3667 2323 3732 Quod
2353 3666 2447 3722 lex
2479 3667 2820 3725 dominetur
2875 3667 3101 3723 homini
3141 3667 3168 3722 ?
3200 3695 3223 3717 ›ι
3261 3668 3540 3738 Superius
3600 3668 3746 3726 dixit

2098 3755 2256 3828 quod
2289 3757 2504 3811 mortui
2538 3773 2744 3812 sumus
2777 3763 3053 3828 peccato:
3079 3757 3250 3811 nobis
3283 3758 3481 3828 itaque
3513 3774 3628 3812 non
3647 3759 3744 3814 dc-

2098 3845 2380 3907 minatur,
2413 3861 2482 3899 ea
2511 3845 2740 3899 ratione
2769 3861 2884 3914 qua
2915 3860 3118 3899 sumus
3164 3843 3252 3898 illi
3311 3845 3550 3903 mortui,
3584 3861 3740 3900 nunc

2097 3939 2294 3990 aulem
2325 3933 2450 3986 vult
2478 3931 2789 3988 ostendere
2821 3933 2978 4001 quod
3009 3949 3201 4002 neque
3260 3933 3352 3987 lex
3381 3933 3740 3990 dominetur.

2098 4023 2430 4077 Humanum
2463 4028 2659 4076 autem
2689 4021 2914 4092 profert
2945 4021 3303 4092 exemplum.
3361 4021 3576 4076 Deinde
3609 4039 3746 4094 pro-

2098 4109 2362 4169 cedendo
2393 4108 2672 4176 ostendit,
2708 4108 2862 4179 quod
2896 4125 3013 4164 non
3038 4108 3228 4164 solum
3255 4127 3362 4165 nos
3393 4111 3506 4184 legi
3528 4113 3744 4168 mortui

2099 4216 2303 4256 sumus
2335 4197 2466 4253 :sed
2499 4203 2556 4252 et
2584 4197 2676 4252 lex
2693 4205 2924 4254 mortua
2956 4205 3170 4270 estper
3199 4199 3513 4255 adventum
3529 4200 3738 4257 Clirisi.

2103 4313 2131 4341 ‹‹
2162 4287 2418 4344 Homini.
2458 4309 2484 4336 »
2516 4289 2640 4343 Non
2673 4286 2820 4342 dixit
2847 4287 2990 4354 viro,
3024 4294 3124 4343 aut
3151 4290 3407 4348 mulieri.
3444 4289 3546 4344 sed
3585 4309 3604 4336 α
3636 4290 3745 4345 ho-

2099 4377 2268 4444 mini,
2303 4397 2326 4426 »
2370 4381 2434 4431 ut
2489 4381 2812 4447 utrumque
2874 4376 3184 4447 signiﬁcat.
3220 4402 3247 4428 ‹‹
3315 4380 3542 4444 Quanto
3605 4384 3746 4435 tem-

2099 4483 2242 4540 pore
2272 4467 2429 4521 vivit.
2466 4488 2493 4514 ››
2526 4467 2715 4531 Quis?
2747 4467 2924 4522 homo
2958 4467 3250 4524 videlicet.
3311 4471 3422 4522 Per
3451 4467 3745 4525 defectum

2103 4574 2238 4630 ergo
2272 4556 2496 4612 dictum
2530 4561 2638 4622 est,
2665 4556 2766 4610 sed
2799 4555 2859 4612 id
2918 4556 3074 4627 quod
3133 4557 3513 4629 subjungitur
3570 4558 3752 4613 efﬁcit

335 4639 611 4729 ὕπανδρος
641 4652 800 4724 γυνή.
840 4671 864 4702 υ
897 4649 985 4705 Ἑν
1043 4647 1185 4720 τάξει
1214 4651 1315 4702 τοῦ
1367 4644 1585 4722 ἀνδρὸς,
1645 4646 1850 4710 τέθεικε
1895 4644 1984 4700 τὸν

2102 4647 2266 4701 illum
2300 4645 2710 4700 manifestum.
2746 4668 2772 4694 ‹‹
2809 4645 3016 4700 Mulier
3045 4647 3204 4701 enim
3236 4647 3358 4700 viro
3397 4646 3683 4720 subjecta-
3719 4671 3746 4697 ››

335 4745 534 4816 νόμον,
595 4741 650 4796 ἐν
707 4740 852 4810 τάξει
917 4735 975 4793 δὶ
1029 4738 1306 4810 γυναικὸς,
1373 4735 1500 4798 τοὺς
1584 4735 1988 4796 πιστεύσαντας.

339 4860 370 4889 ιι
401 4836 524 4892 'Eiv
560 4830 620 4888 δὲ
650 4829 896 4901 ἀποθάνῃ
937 4827 964 4880 ὁ
1022 4826 1180 4900 ἀνήρ.
1247 4848 1270 4878 υ
1307 4826 1394 4882 Ἐν
1449 4829 1529 4897 τῷ
1589 4821 1991 4900 παραδείγματι

342 4930 445 4990 τῆς
476 4925 676 4998 χήρας.
706 4919 800 4973 τὸν
846 4917 1017 4988 νόμον
1079 4914 1386 4971 ὑποτίθεται
1446 4913 1807 4982 ἀποθανόντα,
1865 4910 1993 4968 ἀλλ’

348 5011 456 5067 οὐκ
492 5010 541 5065 ἓν
598 5014 679 5083 τῷ
736 5003 1177 5081 συμπεράσματι,
1225 5001 1322 5057 ’ἶνα
1381 5005 1456 5076 μὴ
1519 5001 1731 5079 ἐπαχθῆ
1790 5003 1995 5076 ποιήσῃ

340 5103 437 5159 τὸν
467 5100 652 5176 λόγον,
705 5097 877 5169 μόνον
936 5092 1124 5154 ἁπλῶς
1182 5091 1569 5170 διηγούμενος.
1630 5117 1651 5143 ι
1705 5092 1845 5150 Ἀπὸ
1899 5095 1996 5147 τοῦ

337 5193 533 5264 νόμου,
570 5212 600 5241 »
657 5192 768 5246 Τοῦ
819 5185 1242 5258 νομοθετοῦντος
1300 5182 1424 5257 περὶ
1480 5185 1576 5237 τοῦ
1633 5179 1847 5256 ἀνδρὸς,
1906 5180 1995 5236 καὶ

342 5281 672 5354 ὃεσμοῦντος
698 5275 797 5342 τήν
830 5276 1057 5348 γυναῖκα
1085 5271 1222 5348 πρὸς
1260 5270 1444 5329 αὐτόν.
1478 5271 1557 5327 Τὸ
1587 5267 1664 5341 δὶ,
1703 5272 1848 5341 Κατή
1861 5289 1997 5347 ργη-

341 5393 453 5435 ται,
484 5369 604 5426 ἀντὶ
633 5369 758 5432 τοῦ,
791 5361 1144 5428 ἀπολέλυται,
1175 5357 1568 5436 ἠλευθέρωται.

416 5463 595 5527 Ὥστε,
658 5451 892 5526 ἀδελφοὶ
953 5470 1078 5522 μου,
1135 5448 1225 5506 καὶ
1288 5450 1445 5522 ὑμεῖς
1498 5449 1873 5520 ἐθανατώθητε
1921 5453 2001 5521 τῷ

339 5549 495 5624 νόμῳ
534 5546 628 5604 διὰ
677 5546 780 5598 τοῦ
839 5538 1090 5612 σώματος
1148 5543 1243 5595 τοῦ
1301 5542 1557 5610 Χριστοῦ,
1619 5537 1698 5599 εἴς
1753 5539 1812 5595 τὸ
1860 5539 2005 5613 γενέ-

342 5653 460 5708 σθαι
546 5640 697 5712 ὑμᾶς
756 5631 944 5706 ἑτέρῳ,
1001 5633 1080 5702 τῷ
1162 5629 1224 5685 ἐκ
1294 5633 1497 5704 νεκρῶν
1575 5626 1862 5704 ἐγερθέντι,
1916 5627 2007 5685 ’ἶνα

334 5729 869 5809 καρποφθρήσωμεν
926 5723 1006 5790 τῷ
1091 5717 1224 5793 θεῷ.
1284 5720 1416 5777 ’Ότι
1470 5719 1572 5796 γάρ
1629 5718 1771 5792 ἦμεν
1828 5717 1880 5776 ἐν
1936 5723 2002 5794 τῇ

2101 4735 2321 4793 Ordine
2351 4735 2459 4790 viri
2491 4735 2690 4807 posuit
2718 4734 2929 4806 legem,
2982 4735 3189 4793 ordine
3221 4743 3421 4792 autem
3483 4738 3750 4793 mulieris

2102 4825 2434 4882 credentes.
2477 4844 2498 4871 α
2532 4823 2698 4889 Quod
2729 4823 2777 4878 si
2811 4829 3080 4880 mortuus
3137 4826 3311 4881 fuerit
3373 4827 3484 4882 vir.
3555 4849 3582 4876 »
3643 4829 3753 4883 Per

2104 4915 2440 4988 exemplum
2472 4913 2659 4968 vidum
2681 4913 2868 4985 legem
2889 4916 3170 4986 supponit
3188 4916 3537 4972 morientem
3561 4933 3573 4970 :
3594 4916 3752 4987 quod

2105 5005 2166 5060 in
2197 5004 2578 5060 conclusione
2610 5019 2730 5056 non
2752 5002 2992 5067 facit,ne
3024 5021 3360 5062 sermonem
3393 5023 3564 5061 suum
3590 5006 3751 5060 odio-

2107 5111 2236 5150 sum
2268 5093 2494 5155 reddat,
2529 5091 2633 5148 sed
2663 5097 2895 5148 tantum
2929 5094 3282 5165 simpliciter
3334 5111 3608 5150 narrans.
3644 5115 3671 5140 α
3706 5096 3753 5148 Α

2106 5184 2255 5254 lege.
2293 5207 2312 5231 η
2341 5184 2478 5248 Quae
2512 5181 2581 5238 de
2613 5181 2737 5237 viro
2771 5183 2978 5239 statuit
3027 5185 3234 5256 illique
3287 5185 3598 5241 mulierem
3625 5181 3750 5236 allio

2107 5283 2222 5351 gat.
2284 5276 2655 5348 Κατήργηται,
2709 5275 2768 5331 id
2824 5282 2933 5344 est,
3011 5277 3281 5335 absoluta
3337 5283 3445 5343 est,
3503 5275 3754 5330 liberata

2107 5371 2218 5424 est.

2184 5455 2299 5515 VII.
2333 5455 2439 5509 4-6.
2475 5454 2730 5520 Proinde,
2761 5457 2962 5523 fratres
3000 5457 3124 5520 mei,
3158 5470 3247 5510 vos
3277 5470 3490 5525 quoque
3519 5457 3754 5525 mortiﬁ-

2113 5547 2223 5600 cati
2251 5545 2376 5600 estis
2408 5543 2516 5613 legi
2539 5560 2642 5614 per
2671 5559 2865 5614 corpus
2896 5543 3120 5603 Christi.
3154 5550 3215 5598 ut
3244 5543 3425 5600 essetis
3455 5545 3617 5600 alteri
3636 5562 3648 5613 ;
3667 5548 3758 5598 ni-

2113 5636 2318 5690 mirum
2348 5635 2399 5689 ei
2428 5636 2526 5705 qui
2555 5650 2589 5689 a
2616 5635 2848 5689 mortuis
2876 5636 3176 5689 resurrexit
3209 5651 3226 5690 :
3273 5640 3333 5690 ut
3368 5636 3758 5706 fructiﬁeemus

2115 5729 2242 5785 Deo.
2279 5725 2408 5782 Cum
2447 5725 2594 5782 enim
2627 5741 2853 5783 essemus
2885 5727 2942 5781 in
3001 5742 3183 5796 carne,
3244 5726 3471 5798 a/fectus
3491 5731 3753 5796 peccato-
