  <div class='ocr_page' id='page_1' title='image "/cluster/home/n/w/nwhite01/storage/ocr_20150623/118/mdp.39015078384297/231.png"; bbox 0 0 4126 6256; ppageno 0'>
   <div class='ocr_carea' id='block_1_1' title="bbox 428 345 549 408">
    <p class='ocr_par' dir='ltr' id='par_1_1' title="bbox 428 345 549 408">
     <span class='ocr_line' id='line_1_1' title="bbox 428 345 549 408; baseline 0.017 -3"><span class='ocrx_word' id='word_1_1' title='bbox 428 345 549 408; x_wconf 68' lang='grc' dir='ltr'>μ’]</span> 
     </span>
    </p>
   </div>
   <div class='ocr_carea' id='block_1_2' title="bbox 1553 341 2707 413">
    <p class='ocr_par' dir='ltr' id='par_1_2' title="bbox 1553 341 2707 413">
     <span class='ocr_line' id='line_1_2' title="bbox 1553 341 2707 413; baseline -0.007 0"><span class='ocrx_word' id='word_1_2' title='bbox 1553 345 1904 413; x_wconf 80' lang='lat' dir='ltr'>(EGUMEN</span> <span class='ocrx_word' id='word_1_3' title='bbox 1911 345 1962 406; x_wconf 90' lang='lat' dir='ltr'>ll</span> <span class='ocrx_word' id='word_1_4' title='bbox 2002 341 2315 407; x_wconf 74' lang='grc' dir='ltr'>ΤΒ,ῙοοΕ</span> <span class='ocrx_word' id='word_1_5' title='bbox 2355 343 2707 406; x_wconf 86' lang='lat' dir='ltr'>EPISCOPI</span> 
     </span>
    </p>
   </div>
   <div class='ocr_carea' id='block_1_3' title="bbox 3714 343 3851 446">
    <p class='ocr_par' dir='ltr' id='par_1_3' title="bbox 3714 343 3851 446">
     <span class='ocr_line' id='line_1_3' title="bbox 3714 343 3851 446; baseline 0 0"><span class='ocrx_word' id='word_1_6' title='bbox 3714 343 3851 446; x_wconf 63' lang='grc' dir='ltr'>με</span> 
     </span>
    </p>
   </div>
   <div class='ocr_carea' id='block_1_4' title="bbox 419 471 2074 552">
    <p class='ocr_par' dir='ltr' id='par_1_4' title="bbox 419 479 2073 552">
     <span class='ocr_line' id='line_1_4' title="bbox 419 479 2073 552; baseline 0.001 -16"><span class='ocrx_word' id='word_1_7' title='bbox 419 494 547 536; x_wconf 81' lang='lat' dir='ltr'>rum</span> <span class='ocrx_word' id='word_1_8' title='bbox 574 479 674 551; x_wconf 87' lang='lat' dir='ltr'>qui</span> <span class='ocrx_word' id='word_1_9' title='bbox 708 495 813 550; x_wconf 83' lang='lat' dir='ltr'>per</span> <span class='ocrx_word' id='word_1_10' title='bbox 846 480 1020 549; x_wconf 83' lang='lat' dir='ltr'><strong><em>legem</em></strong></span> <span class='ocrx_word' id='word_1_11' title='bbox 1047 480 1235 552; x_wconf 44' lang='lat' dir='ltr'>{erant</span> <span class='ocrx_word' id='word_1_12' title='bbox 1297 480 1669 552; x_wconf 84' lang='lat' dir='ltr'>operabantur</span> <span class='ocrx_word' id='word_1_13' title='bbox 1714 482 1774 536; x_wconf 87' lang='lat' dir='ltr'>in</span> <span class='ocrx_word' id='word_1_14' title='bbox 1821 480 2073 537; x_wconf 79' lang='lat' dir='ltr'>membris</span> 
     </span>
    </p>
   </div>
   <div class='ocr_carea' id='block_1_5' title="bbox 2186 471 3824 552">
    <p class='ocr_par' dir='ltr' id='par_1_5' title="bbox 2186 471 3824 552">
     <span class='ocr_line' id='line_1_5' title="bbox 2186 471 3824 552; baseline -0.001 -21"><span class='ocrx_word' id='word_1_15' title='bbox 2186 474 2883 552; x_wconf 60' lang='lat' dir='ltr'>aupxl,&quot;ri¢&quot;n101§p¢zu</span> <span class='ocrx_word' id='word_1_16' title='bbox 2935 478 3069 547; x_wconf 68' lang='grc' dir='ltr'>τῶνξ</span> <span class='ocrx_word' id='word_1_17' title='bbox 3098 476 3378 549; x_wconf 78' lang='grc' dir='ltr'>ἁμαρτιῶν</span> <span class='ocrx_word' id='word_1_18' title='bbox 3431 474 3499 531; x_wconf 76' lang='grc' dir='ltr'>τὰ</span> <span class='ocrx_word' id='word_1_19' title='bbox 3558 471 3648 531; x_wconf 80' lang='grc' dir='ltr'>διὰ</span> <span class='ocrx_word' id='word_1_20' title='bbox 3718 479 3824 531; x_wconf 85' lang='grc' dir='ltr'>τοῦ</span> 
     </span>
    </p>
   </div>
   <div class='ocr_carea' id='block_1_6' title="bbox 422 568 2087 640">
    <p class='ocr_par' dir='ltr' id='par_1_6' title="bbox 422 568 2087 640">
     <span class='ocr_line' id='line_1_6' title="bbox 422 568 2087 640; baseline -0.001 -15"><span class='ocrx_word' id='word_1_21' title='bbox 422 572 644 634; x_wconf 81' lang='lat' dir='ltr'>nostris,</span> <span class='ocrx_word' id='word_1_22' title='bbox 674 569 748 623; x_wconf 84' lang='lat' dir='ltr'>ad</span> <span class='ocrx_word' id='word_1_23' title='bbox 773 568 1227 640; x_wconf 71' lang='lat' dir='ltr'>fructiﬁcandum</span> <span class='ocrx_word' id='word_1_24' title='bbox 1256 574 1438 627; x_wconf 80' lang='lat' dir='ltr'>morti.</span> <span class='ocrx_word' id='word_1_25' title='bbox 1476 572 1626 627; x_wconf 89' lang='lat' dir='ltr'>Nunc</span> <span class='ocrx_word' id='word_1_26' title='bbox 1686 578 1877 627; x_wconf 88' lang='lat' dir='ltr'>autem</span> <span class='ocrx_word' id='word_1_27' title='bbox 1917 568 2087 627; x_wconf 82' lang='lat' dir='ltr'>soluti</span> 
     </span>
    </p>
   </div>
   <div class='ocr_carea' id='block_1_7' title="bbox 421 657 1903 732">
    <p class='ocr_par' dir='ltr' id='par_1_7' title="bbox 421 657 1903 732">
     <span class='ocr_line' id='line_1_7' title="bbox 421 657 1903 732; baseline 0.002 -17"><span class='ocrx_word' id='word_1_28' title='bbox 421 674 608 715; x_wconf 84' lang='lat' dir='ltr'>sumus</span> <span class='ocrx_word' id='word_1_29' title='bbox 637 675 673 713; x_wconf 89' lang='lat' dir='ltr'>a</span> <span class='ocrx_word' id='word_1_30' title='bbox 699 657 833 730; x_wconf 85' lang='lat' dir='ltr'><strong><em>lege,</em></strong></span> <span class='ocrx_word' id='word_1_31' title='bbox 866 661 1071 715; x_wconf 78' lang='lat' dir='ltr'>mortui</span> <span class='ocrx_word' id='word_1_32' title='bbox 1098 663 1150 716; x_wconf 88' lang='lat' dir='ltr'>ei</span> <span class='ocrx_word' id='word_1_33' title='bbox 1178 677 1284 732; x_wconf 87' lang='lat' dir='ltr'>per</span> <span class='ocrx_word' id='word_1_34' title='bbox 1312 662 1462 732; x_wconf 86' lang='lat' dir='ltr'>quod</span> <span class='ocrx_word' id='word_1_35' title='bbox 1495 661 1903 719; x_wconf 84' lang='lat' dir='ltr'>detinebamur.</span> 
     </span>
    </p>
   </div>
   <div class='ocr_carea' id='block_1_8' title="bbox 495 925 2088 1004">
    <p class='ocr_par' dir='ltr' id='par_1_8' title="bbox 495 925 2088 1004">
     <span class='ocr_line' id='line_1_8' title="bbox 495 925 2088 1004; baseline 0 -21"><span class='ocrx_word' id='word_1_36' title='bbox 495 925 644 984; x_wconf 68' lang='lat'>285</span> <span class='ocrx_word' id='word_1_37' title='bbox 682 927 745 981; x_wconf 87' lang='lat' dir='ltr'>In</span> <span class='ocrx_word' id='word_1_38' title='bbox 766 925 1148 982; x_wconf 85' lang='lat' dir='ltr'>conclusione</span> <span class='ocrx_word' id='word_1_39' title='bbox 1178 944 1300 984; x_wconf 89' lang='lat' dir='ltr'>non</span> <span class='ocrx_word' id='word_1_40' title='bbox 1330 928 1565 984; x_wconf 85' lang='lat' dir='ltr'>inducit</span> <span class='ocrx_word' id='word_1_41' title='bbox 1620 935 1922 986; x_wconf 85' lang='lat' dir='ltr'>mortuam</span> <span class='ocrx_word' id='word_1_42' title='bbox 1956 947 2088 1004; x_wconf 69' lang='lat' dir='ltr'>ess.</span> 
     </span>
    </p>
   </div>
   <div class='ocr_carea' id='block_1_9' title="bbox 425 1016 2086 1092">
    <p class='ocr_par' dir='ltr' id='par_1_9' title="bbox 425 1016 2086 1092">
     <span class='ocr_line' id='line_1_9' title="bbox 425 1016 2086 1092; baseline 0.001 -19"><span class='ocrx_word' id='word_1_43' title='bbox 425 1018 637 1086; x_wconf 81' lang='lat' dir='ltr'>legem,</span> <span class='ocrx_word' id='word_1_44' title='bbox 676 1032 751 1070; x_wconf 91' lang='lat' dir='ltr'>ne</span> <span class='ocrx_word' id='word_1_45' title='bbox 781 1033 976 1071; x_wconf 87' lang='lat' dir='ltr'>sermo</span> <span class='ocrx_word' id='word_1_46' title='bbox 1035 1016 1179 1071; x_wconf 91' lang='lat' dir='ltr'>dure</span> <span class='ocrx_word' id='word_1_47' title='bbox 1230 1018 1595 1089; x_wconf 81' lang='lat' dir='ltr'>accipiatur:</span> <span class='ocrx_word' id='word_1_48' title='bbox 1654 1019 1949 1092; x_wconf 86' lang='lat' dir='ltr'>siquidem</span> <span class='ocrx_word' id='word_1_49' title='bbox 1988 1021 2086 1075; x_wconf 81' lang='lat' dir='ltr'>Ju-</span> 
     </span>
    </p>
   </div>
   <div class='ocr_carea' id='block_1_10' title="bbox 423 1105 2084 1177">
    <p class='ocr_par' dir='ltr' id='par_1_10' title="bbox 423 1105 2084 1177">
     <span class='ocr_line' id='line_1_10' title="bbox 423 1105 2084 1177; baseline 0.002 -15"><span class='ocrx_word' id='word_1_50' title='bbox 423 1106 566 1162; x_wconf 76' lang='lat' dir='ltr'>dmis</span> <span class='ocrx_word' id='word_1_51' title='bbox 594 1105 876 1177; x_wconf 83' lang='lat' dir='ltr'>loquitur,</span> <span class='ocrx_word' id='word_1_52' title='bbox 903 1106 1005 1161; x_wconf 90' lang='lat' dir='ltr'>sed</span> <span class='ocrx_word' id='word_1_53' title='bbox 1036 1106 1346 1163; x_wconf 82' lang='lat' dir='ltr'>credentes</span> <span class='ocrx_word' id='word_1_54' title='bbox 1380 1107 1614 1163; x_wconf 81' lang='lat' dir='ltr'>inducit</span> <span class='ocrx_word' id='word_1_55' title='bbox 1644 1109 1862 1164; x_wconf 83' lang='lat' dir='ltr'>Christi</span> <span class='ocrx_word' id='word_1_56' title='bbox 1897 1114 2084 1165; x_wconf 88' lang='lat' dir='ltr'>morte</span> 
     </span>
    </p>
   </div>
   <div class='ocr_carea' id='block_1_11' title="bbox 424 1196 2085 1273">
    <p class='ocr_par' dir='ltr' id='par_1_11' title="bbox 424 1196 2085 1273">
     <span class='ocr_line' id='line_1_11' title="bbox 424 1196 2085 1273; baseline 0.001 -21"><span class='ocrx_word' id='word_1_57' title='bbox 424 1196 736 1252; x_wconf 83' lang='lat' dir='ltr'>defunctos</span> <span class='ocrx_word' id='word_1_58' title='bbox 766 1212 897 1252; x_wconf 89' lang='lat' dir='ltr'>esse</span> <span class='ocrx_word' id='word_1_59' title='bbox 928 1213 963 1253; x_wconf 85' lang='lat' dir='ltr'>a</span> <span class='ocrx_word' id='word_1_60' title='bbox 995 1197 1142 1269; x_wconf 89' lang='lat' dir='ltr'>lege,</span> <span class='ocrx_word' id='word_1_61' title='bbox 1177 1197 1432 1269; x_wconf 89' lang='lat' dir='ltr'>ideoque</span> <span class='ocrx_word' id='word_1_62' title='bbox 1459 1198 1767 1254; x_wconf 81' lang='lat' dir='ltr'>liberatos.</span> <span class='ocrx_word' id='word_1_63' title='bbox 1833 1199 1887 1255; x_wconf 91' lang='lat' dir='ltr'>Si</span> <span class='ocrx_word' id='word_1_64' title='bbox 1949 1215 2085 1273; x_wconf 88' lang='lat' dir='ltr'>ergo</span> 
     </span>
    </p>
   </div>
   <div class='ocr_carea' id='block_1_12' title="bbox 424 1286 2089 1361">
    <p class='ocr_par' dir='ltr' id='par_1_12' title="bbox 424 1286 2089 1361">
     <span class='ocr_line' id='line_1_12' title="bbox 424 1286 2089 1361; baseline 0 -18"><span class='ocrx_word' id='word_1_65' title='bbox 424 1292 660 1343; x_wconf 89' lang='lat' dir='ltr'>mortua</span> <span class='ocrx_word' id='word_1_66' title='bbox 690 1286 815 1357; x_wconf 82' lang='lat' dir='ltr'>lege</span> <span class='ocrx_word' id='word_1_67' title='bbox 840 1303 960 1342; x_wconf 87' lang='lat' dir='ltr'>non</span> <span class='ocrx_word' id='word_1_68' title='bbox 994 1292 1083 1342; x_wconf 89' lang='lat' dir='ltr'>est</span> <span class='ocrx_word' id='word_1_69' title='bbox 1097 1292 1498 1361; x_wconf 86' lang='lat' dir='ltr'>transgressor</span> <span class='ocrx_word' id='word_1_70' title='bbox 1516 1288 1614 1359; x_wconf 87' lang='lat' dir='ltr'>qui</span> <span class='ocrx_word' id='word_1_71' title='bbox 1648 1305 1776 1344; x_wconf 88' lang='lat' dir='ltr'>eam</span> <span class='ocrx_word' id='word_1_72' title='bbox 1800 1288 2089 1359; x_wconf 85' lang='lat' dir='ltr'>relinquit</span> 
     </span>
    </p>
   </div>
   <div class='ocr_carea' id='block_1_13' title="bbox 424 1375 2085 1451">
    <p class='ocr_par' dir='ltr' id='par_1_13' title="bbox 424 1375 2085 1451">
     <span class='ocr_line' id='line_1_13' title="bbox 424 1375 2085 1451; baseline 0.002 -20"><span class='ocrx_word' id='word_1_73' title='bbox 424 1392 494 1432; x_wconf 91' lang='lat' dir='ltr'>ac</span> <span class='ocrx_word' id='word_1_74' title='bbox 522 1375 769 1431; x_wconf 90' lang='lat' dir='ltr'>Domino</span> <span class='ocrx_word' id='word_1_75' title='bbox 805 1375 1013 1444; x_wconf 85' lang='lat' dir='ltr'>credit,</span> <span class='ocrx_word' id='word_1_76' title='bbox 1043 1376 1231 1432; x_wconf 88' lang='lat' dir='ltr'>multo</span> <span class='ocrx_word' id='word_1_77' title='bbox 1267 1378 1451 1451; x_wconf 86' lang='lat' dir='ltr'>magis</span> <span class='ocrx_word' id='word_1_78' title='bbox 1484 1377 1532 1433; x_wconf 89' lang='lat' dir='ltr'>si</span> <span class='ocrx_word' id='word_1_79' title='bbox 1584 1377 1718 1449; x_wconf 89' lang='lat' dir='ltr'>quis</span> <span class='ocrx_word' id='word_1_80' title='bbox 1749 1377 1875 1449; x_wconf 90' lang='lat' dir='ltr'>ipse</span> <span class='ocrx_word' id='word_1_81' title='bbox 1906 1378 2085 1434; x_wconf 90' lang='lat' dir='ltr'>etiam</span> 
     </span>
    </p>
   </div>
   <div class='ocr_carea' id='block_1_14' title="bbox 424 1464 2085 1540">
    <p class='ocr_par' dir='ltr' id='par_1_14' title="bbox 424 1464 2085 1540">
     <span class='ocr_line' id='line_1_14' title="bbox 424 1464 2085 1540; baseline -0.001 -18"><span class='ocrx_word' id='word_1_82' title='bbox 424 1466 714 1522; x_wconf 86' lang='lat' dir='ltr'>moriatur</span> <span class='ocrx_word' id='word_1_83' title='bbox 744 1464 942 1539; x_wconf 84' lang='lat' dir='ltr'>(sicuti</span> <span class='ocrx_word' id='word_1_84' title='bbox 973 1466 1119 1521; x_wconf 88' lang='lat' dir='ltr'>dicit</span> <span class='ocrx_word' id='word_1_85' title='bbox 1144 1466 1305 1538; x_wconf 92' lang='lat' dir='ltr'>quod</span> <span class='ocrx_word' id='word_1_86' title='bbox 1336 1471 1395 1523; x_wconf 92' lang='lat' dir='ltr'>et</span> <span class='ocrx_word' id='word_1_87' title='bbox 1439 1483 1549 1523; x_wconf 91' lang='lat' dir='ltr'>nos</span> <span class='ocrx_word' id='word_1_88' title='bbox 1610 1466 1825 1521; x_wconf 88' lang='lat' dir='ltr'>mortui</span> <span class='ocrx_word' id='word_1_89' title='bbox 1876 1466 2085 1540; x_wconf 87' lang='lat' dir='ltr'>simus)</span> 
     </span>
    </p>
   </div>
   <div class='ocr_carea' id='block_1_15' title="bbox 423 1553 2091 1629">
    <p class='ocr_par' dir='ltr' id='par_1_15' title="bbox 423 1553 2091 1629">
     <span class='ocr_line' id='line_1_15' title="bbox 423 1553 2091 1629; baseline 0 -18"><span class='ocrx_word' id='word_1_90' title='bbox 423 1553 654 1611; x_wconf 85' lang='lat' dir='ltr'>solutus</span> <span class='ocrx_word' id='word_1_91' title='bbox 688 1560 778 1611; x_wconf 91' lang='lat' dir='ltr'>est</span> <span class='ocrx_word' id='word_1_92' title='bbox 802 1572 837 1611; x_wconf 88' lang='lat' dir='ltr'>a</span> <span class='ocrx_word' id='word_1_93' title='bbox 874 1554 1002 1629; x_wconf 92' lang='lat' dir='ltr'>lege</span> <span class='ocrx_word' id='word_1_94' title='bbox 1044 1561 1102 1609; x_wconf 92' lang='lat' dir='ltr'>et</span> <span class='ocrx_word' id='word_1_95' title='bbox 1130 1572 1252 1611; x_wconf 90' lang='lat' dir='ltr'>non</span> <span class='ocrx_word' id='word_1_96' title='bbox 1312 1561 1403 1610; x_wconf 85' lang='lat' dir='ltr'>est</span> <span class='ocrx_word' id='word_1_97' title='bbox 1459 1560 1882 1625; x_wconf 78' lang='lat' dir='ltr'>transgressor.</span> <span class='ocrx_word' id='word_1_98' title='bbox 1916 1577 1944 1606; x_wconf 89' lang='grc'>‹‹</span> <span class='ocrx_word' id='word_1_99' title='bbox 1977 1557 2091 1611; x_wconf 93' lang='lat' dir='ltr'>Per</span> 
     </span>
    </p>
   </div>
   <div class='ocr_carea' id='block_1_16' title="bbox 426 1643 2088 1715">
    <p class='ocr_par' dir='ltr' id='par_1_16' title="bbox 426 1643 2088 1715">
     <span class='ocr_line' id='line_1_16' title="bbox 426 1643 2088 1715; baseline 0 -16"><span class='ocrx_word' id='word_1_100' title='bbox 426 1659 641 1714; x_wconf 91' lang='lat' dir='ltr'>corpus</span> <span class='ocrx_word' id='word_1_101' title='bbox 664 1643 903 1699; x_wconf 86' lang='lat' dir='ltr'>Christi.</span> <span class='ocrx_word' id='word_1_102' title='bbox 939 1665 967 1693; x_wconf 85' lang='grc'><strong>››</strong></span> <span class='ocrx_word' id='word_1_103' title='bbox 996 1644 1104 1710; x_wconf 88' lang='lat' dir='ltr'>Qui</span> <span class='ocrx_word' id='word_1_104' title='bbox 1127 1661 1234 1715; x_wconf 90' lang='lat' dir='ltr'>pro</span> <span class='ocrx_word' id='word_1_105' title='bbox 1271 1643 1443 1699; x_wconf 90' lang='lat' dir='ltr'>nobis</span> <span class='ocrx_word' id='word_1_106' title='bbox 1470 1649 1742 1699; x_wconf 89' lang='lat' dir='ltr'>mortuus</span> <span class='ocrx_word' id='word_1_107' title='bbox 1774 1648 1863 1699; x_wconf 90' lang='lat' dir='ltr'>est</span> <span class='ocrx_word' id='word_1_108' title='bbox 1895 1660 2088 1699; x_wconf 89' lang='lat' dir='ltr'>:com-</span> 
     </span>
    </p>
   </div>
   <div class='ocr_carea' id='block_1_17' title="bbox 422 1731 2085 1804">
    <p class='ocr_par' dir='ltr' id='par_1_17' title="bbox 422 1731 2085 1804">
     <span class='ocr_line' id='line_1_17' title="bbox 422 1731 2085 1804; baseline 0.001 -16"><span class='ocrx_word' id='word_1_109' title='bbox 422 1732 641 1788; x_wconf 89' lang='lat' dir='ltr'>mortui</span> <span class='ocrx_word' id='word_1_110' title='bbox 675 1732 834 1788; x_wconf 90' lang='lat' dir='ltr'>enim</span> <span class='ocrx_word' id='word_1_111' title='bbox 892 1732 980 1787; x_wconf 87' lang='lat' dir='ltr'>illi</span> <span class='ocrx_word' id='word_1_112' title='bbox 1043 1750 1254 1788; x_wconf 89' lang='lat' dir='ltr'>sumus</span> <span class='ocrx_word' id='word_1_113' title='bbox 1304 1733 1366 1788; x_wconf 92' lang='lat' dir='ltr'>in</span> <span class='ocrx_word' id='word_1_114' title='bbox 1417 1731 1798 1804; x_wconf 81' lang='lat' dir='ltr'>baptismate.</span> <span class='ocrx_word' id='word_1_115' title='bbox 1855 1737 1915 1788; x_wconf 86' lang='lat' dir='ltr'>et</span> <span class='ocrx_word' id='word_1_116' title='bbox 1963 1749 2085 1789; x_wconf 90' lang='lat' dir='ltr'>non</span> 
     </span>
    </p>
   </div>
   <div class='ocr_carea' id='block_1_18' title="bbox 2195 563 3851 643">
    <p class='ocr_par' dir='ltr' id='par_1_18' title="bbox 2195 563 3851 643">
     <span class='ocr_line' id='line_1_18' title="bbox 2195 563 3851 643; baseline 0.001 -23"><span class='ocrx_word' id='word_1_117' title='bbox 2195 566 2390 639; x_wconf 85' lang='grc' dir='ltr'>νόμου,</span> <span class='ocrx_word' id='word_1_118' title='bbox 2449 565 2733 643; x_wconf 75' lang='grc' dir='ltr'>ἐνηργεῖτο</span> <span class='ocrx_word' id='word_1_119' title='bbox 2789 566 2843 622; x_wconf 79' lang='grc' dir='ltr'>ἐν</span> <span class='ocrx_word' id='word_1_120' title='bbox 2896 572 3015 629; x_wconf 83' lang='grc' dir='ltr'>τοῖς</span> <span class='ocrx_word' id='word_1_121' title='bbox 3091 564 3310 640; x_wconf 65' lang='grc' dir='ltr'>μέλεσιν</span> <span class='ocrx_word' id='word_1_122' title='bbox 3366 567 3551 638; x_wconf 81' lang='grc' dir='ltr'>ἡμῶν,</span> <span class='ocrx_word' id='word_1_123' title='bbox 3638 564 3716 627; x_wconf 82' lang='grc' dir='ltr'>είς</span> <span class='ocrx_word' id='word_1_124' title='bbox 3773 563 3851 621; x_wconf 81' lang='grc' dir='ltr'>τὸ</span> 
     </span>
    </p>
   </div>
   <div class='ocr_carea' id='block_1_19' title="bbox 2193 652 3846 731">
    <p class='ocr_par' dir='ltr' id='par_1_19' title="bbox 2193 652 3846 731">
     <span class='ocr_line' id='line_1_19' title="bbox 2193 652 3846 731; baseline -0.002 -20"><span class='ocrx_word' id='word_1_125' title='bbox 2193 664 2615 731; x_wconf 76' lang='grc' dir='ltr'>καρποφορῆσαι</span> <span class='ocrx_word' id='word_1_126' title='bbox 2696 655 2776 729; x_wconf 80' lang='grc' dir='ltr'>τῷ</span> <span class='ocrx_word' id='word_1_127' title='bbox 2854 654 3084 729; x_wconf 83' lang='grc' dir='ltr'>θανάτῳ.</span> <span class='ocrx_word' id='word_1_128' title='bbox 3173 655 3302 711; x_wconf 82' lang='grc' dir='ltr'>Νυνὶ</span> <span class='ocrx_word' id='word_1_129' title='bbox 3387 652 3444 710; x_wconf 65' lang='grc' dir='ltr'>δὲ</span> <span class='ocrx_word' id='word_1_130' title='bbox 3548 675 3846 730; x_wconf 87' lang='grc' dir='ltr'>κατηργη-</span> 
     </span>
    </p>
   </div>
   <div class='ocr_carea' id='block_1_20' title="bbox 2193 741 3844 820">
    <p class='ocr_par' dir='ltr' id='par_1_20' title="bbox 2193 741 3844 820">
     <span class='ocr_line' id='line_1_20' title="bbox 2193 741 3844 820; baseline -0.001 -22"><span class='ocrx_word' id='word_1_131' title='bbox 2193 746 2365 815; x_wconf 87' lang='grc' dir='ltr'>θημεν</span> <span class='ocrx_word' id='word_1_132' title='bbox 2441 744 2547 799; x_wconf 79' lang='grc' dir='ltr'>ἀπὸ</span> <span class='ocrx_word' id='word_1_133' title='bbox 2600 748 2697 800; x_wconf 84' lang='grc' dir='ltr'>τοῦ</span> <span class='ocrx_word' id='word_1_134' title='bbox 2748 744 2945 820; x_wconf 73' lang='grc' dir='ltr'>νόμον,</span> <span class='ocrx_word' id='word_1_135' title='bbox 3013 745 3375 808; x_wconf 83' lang='grc' dir='ltr'>ἀποθανόντες</span> <span class='ocrx_word' id='word_1_136' title='bbox 3438 741 3490 798; x_wconf 76' lang='grc' dir='ltr'>ἒν</span> <span class='ocrx_word' id='word_1_137' title='bbox 3548 741 3595 816; x_wconf 84' lang='grc' dir='ltr'>ᾧ</span> <span class='ocrx_word' id='word_1_138' title='bbox 3648 764 3844 799; x_wconf 83' lang='grc' dir='ltr'>κατει-</span> 
     </span>
    </p>
   </div>
   <div class='ocr_carea' id='block_1_21' title="bbox 2195 833 2429 908">
    <p class='ocr_par' dir='ltr' id='par_1_21' title="bbox 2195 833 2429 908">
     <span class='ocr_line' id='line_1_21' title="bbox 2195 833 2429 908; baseline 0.009 -20"><span class='ocrx_word' id='word_1_139' title='bbox 2195 833 2267 908; x_wconf 86' lang='grc' dir='ltr'>χό</span> <span class='ocrx_word' id='word_1_140' title='bbox 2277 835 2429 905; x_wconf 87' lang='grc' dir='ltr'>μεθα.</span> 
     </span>
    </p>
   </div>
   <div class='ocr_carea' id='block_1_22' title="bbox 2265 920 3868 1000">
    <p class='ocr_par' dir='ltr' id='par_1_22' title="bbox 2265 920 3868 1000">
     <span class='ocr_line' id='line_1_22' title="bbox 2265 920 3868 1000; baseline -0.001 -22"><span class='ocrx_word' id='word_1_141' title='bbox 2265 924 2354 979; x_wconf 85' lang='grc' dir='ltr'>Ἑν</span> <span class='ocrx_word' id='word_1_142' title='bbox 2417 928 2496 995; x_wconf 81' lang='grc' dir='ltr'>τῷ</span> <span class='ocrx_word' id='word_1_143' title='bbox 2546 922 2961 999; x_wconf 79' lang='grc' dir='ltr'>συμπεράσματι</span> <span class='ocrx_word' id='word_1_144' title='bbox 3047 923 3149 977; x_wconf 81' lang='grc' dir='ltr'>οὐκ</span> <span class='ocrx_word' id='word_1_145' title='bbox 3231 920 3433 1000; x_wconf 77' lang='grc' dir='ltr'>εἰσάγει</span> <span class='ocrx_word' id='word_1_146' title='bbox 3513 920 3868 976; x_wconf 77' lang='grc' dir='ltr'>ἀποθανόντα</span> 
     </span>
    </p>
   </div>
   <div class='ocr_carea' id='block_1_23' title="bbox 2193 1007 3867 1086">
    <p class='ocr_par' dir='ltr' id='par_1_23' title="bbox 2193 1007 3867 1086">
     <span class='ocr_line' id='line_1_23' title="bbox 2193 1007 3867 1086; baseline -0.002 -20"><span class='ocrx_word' id='word_1_147' title='bbox 2193 1014 2285 1069; x_wconf 85' lang='grc' dir='ltr'>τὸν</span> <span class='ocrx_word' id='word_1_148' title='bbox 2316 1014 2509 1085; x_wconf 87' lang='grc' dir='ltr'>νόμον,</span> <span class='ocrx_word' id='word_1_149' title='bbox 2544 1011 2634 1067; x_wconf 77' lang='grc' dir='ltr'>διά</span> <span class='ocrx_word' id='word_1_150' title='bbox 2660 1013 2723 1068; x_wconf 88' lang='grc' dir='ltr'>τὸ</span> <span class='ocrx_word' id='word_1_151' title='bbox 2761 1015 2835 1085; x_wconf 78' lang='grc' dir='ltr'>μὴ</span> <span class='ocrx_word' id='word_1_152' title='bbox 2870 1010 3019 1083; x_wconf 79' lang='grc' dir='ltr'>δόξαι</span> <span class='ocrx_word' id='word_1_153' title='bbox 3075 1012 3211 1069; x_wconf 71' lang='grc' dir='ltr'>εἶναι</span> <span class='ocrx_word' id='word_1_154' title='bbox 3269 1013 3488 1086; x_wconf 76' lang='grc' dir='ltr'>ἐπαχθῆ</span> <span class='ocrx_word' id='word_1_155' title='bbox 3539 1007 3867 1081; x_wconf 81' lang='grc' dir='ltr'>(Ἰουδαίοις</span> 
     </span>
    </p>
   </div>
   <div class='ocr_carea' id='block_1_24' title="bbox 2192 1099 3869 1182">
    <p class='ocr_par' dir='ltr' id='par_1_24' title="bbox 2192 1099 3869 1182">
     <span class='ocr_line' id='line_1_24' title="bbox 2192 1099 3869 1182; baseline -0.003 -23"><span class='ocrx_word' id='word_1_156' title='bbox 2192 1104 2295 1182; x_wconf 83' lang='grc' dir='ltr'>γάρ</span> <span class='ocrx_word' id='word_1_157' title='bbox 2328 1100 2535 1178; x_wconf 82' lang='grc' dir='ltr'>λαλεῖ),</span> <span class='ocrx_word' id='word_1_158' title='bbox 2567 1100 2872 1176; x_wconf 36' lang='grc' dir='ltr'>ἀλλάττοῦς</span> <span class='ocrx_word' id='word_1_159' title='bbox 2918 1100 3302 1163; x_wconf 67' lang='grc' dir='ltr'>πιστεύσαντας</span> <span class='ocrx_word' id='word_1_160' title='bbox 3358 1099 3559 1177; x_wconf 73' lang='grc' dir='ltr'>εῗσάγει</span> <span class='ocrx_word' id='word_1_161' title='bbox 3612 1103 3689 1170; x_wconf 85' lang='grc' dir='ltr'>τῷ</span> <span class='ocrx_word' id='word_1_162' title='bbox 3746 1110 3869 1163; x_wconf 83' lang='grc' dir='ltr'>θα-</span> 
     </span>
    </p>
   </div>
   <div class='ocr_carea' id='block_1_25' title="bbox 2193 1185 3868 1267">
    <p class='ocr_par' dir='ltr' id='par_1_25' title="bbox 2193 1185 3868 1267">
     <span class='ocr_line' id='line_1_25' title="bbox 2193 1185 3868 1267; baseline -0.005 -18"><span class='ocrx_word' id='word_1_163' title='bbox 2193 1193 2341 1266; x_wconf 81' lang='grc' dir='ltr'>νάτῳ</span> <span class='ocrx_word' id='word_1_164' title='bbox 2373 1196 2613 1267; x_wconf 79' lang='grc' dir='ltr'>Χριστοῦ</span> <span class='ocrx_word' id='word_1_165' title='bbox 2647 1191 3015 1255; x_wconf 71' lang='grc' dir='ltr'>ἀποθανόντας</span> <span class='ocrx_word' id='word_1_166' title='bbox 3067 1191 3171 1246; x_wconf 78' lang='grc' dir='ltr'>άπὸ</span> <span class='ocrx_word' id='word_1_167' title='bbox 3228 1194 3326 1245; x_wconf 90' lang='grc' dir='ltr'>τοῦ</span> <span class='ocrx_word' id='word_1_168' title='bbox 3380 1189 3581 1264; x_wconf 89' lang='grc' dir='ltr'>νόμου,</span> <span class='ocrx_word' id='word_1_169' title='bbox 3622 1185 3706 1243; x_wconf 86' lang='grc' dir='ltr'>διὸ</span> <span class='ocrx_word' id='word_1_170' title='bbox 3756 1185 3868 1242; x_wconf 73' lang='grc' dir='ltr'>καὶ</span> 
     </span>
    </p>
   </div>
   <div class='ocr_carea' id='block_1_26' title="bbox 2194 1276 3870 1357">
    <p class='ocr_par' dir='ltr' id='par_1_26' title="bbox 2194 1276 3870 1357">
     <span class='ocr_line' id='line_1_26' title="bbox 2194 1276 3870 1357; baseline -0.004 -20"><span class='ocrx_word' id='word_1_171' title='bbox 2194 1280 2675 1357; x_wconf 71' lang='grc' dir='ltr'>ἐλευθερωθέντας.</span> <span class='ocrx_word' id='word_1_172' title='bbox 2708 1280 2771 1339; x_wconf 80' lang='grc' dir='ltr'>Εἰ</span> <span class='ocrx_word' id='word_1_173' title='bbox 2804 1281 2895 1335; x_wconf 81' lang='grc' dir='ltr'>οὗν</span> <span class='ocrx_word' id='word_1_174' title='bbox 2939 1284 3037 1335; x_wconf 88' lang='grc' dir='ltr'>τοῦ</span> <span class='ocrx_word' id='word_1_175' title='bbox 3092 1279 3267 1353; x_wconf 88' lang='grc' dir='ltr'>νόμου</span> <span class='ocrx_word' id='word_1_176' title='bbox 3326 1279 3690 1343; x_wconf 81' lang='grc' dir='ltr'>ἀποθανόντος</span> <span class='ocrx_word' id='word_1_177' title='bbox 3749 1276 3870 1331; x_wconf 78' lang='grc' dir='ltr'>οὐκ</span> 
     </span>
    </p>
   </div>
   <div class='ocr_carea' id='block_1_27' title="bbox 2196 1365 3859 1446">
    <p class='ocr_par' dir='ltr' id='par_1_27' title="bbox 2196 1365 3859 1446">
     <span class='ocr_line' id='line_1_27' title="bbox 2196 1365 3859 1446; baseline -0.002 -21"><span class='ocrx_word' id='word_1_178' title='bbox 2196 1368 2307 1425; x_wconf 82' lang='grc' dir='ltr'>ἔστι</span> <span class='ocrx_word' id='word_1_179' title='bbox 2338 1365 2657 1446; x_wconf 71' lang='grc' dir='ltr'>παραϐάτης</span> <span class='ocrx_word' id='word_1_180' title='bbox 2686 1372 2714 1426; x_wconf 99' lang='lat'>6</span> <span class='ocrx_word' id='word_1_181' title='bbox 2743 1369 3170 1444; x_wconf 86' lang='grc' dir='ltr'>καταλιμπάνων</span> <span class='ocrx_word' id='word_1_182' title='bbox 3213 1369 3368 1424; x_wconf 79' lang='grc' dir='ltr'>αὐτὸν</span> <span class='ocrx_word' id='word_1_183' title='bbox 3423 1367 3513 1423; x_wconf 83' lang='grc' dir='ltr'>καὶ</span> <span class='ocrx_word' id='word_1_184' title='bbox 3568 1366 3859 1423; x_wconf 74' lang='grc' dir='ltr'>πιστεύων</span> 
     </span>
    </p>
   </div>
   <div class='ocr_carea' id='block_1_28' title="bbox 2192 1457 3868 1535">
    <p class='ocr_par' dir='ltr' id='par_1_28' title="bbox 2192 1457 3868 1535">
     <span class='ocr_line' id='line_1_28' title="bbox 2192 1457 3868 1535; baseline -0.004 -18"><span class='ocrx_word' id='word_1_185' title='bbox 2192 1467 2273 1534; x_wconf 81' lang='grc' dir='ltr'>τῷ</span> <span class='ocrx_word' id='word_1_186' title='bbox 2308 1460 2513 1535; x_wconf 86' lang='grc' dir='ltr'>Κυρίῳ,</span> <span class='ocrx_word' id='word_1_187' title='bbox 2545 1458 2744 1533; x_wconf 87' lang='grc' dir='ltr'>πολλῷ</span> <span class='ocrx_word' id='word_1_188' title='bbox 2775 1458 2990 1533; x_wconf 82' lang='grc' dir='ltr'>μᾶλλον</span> <span class='ocrx_word' id='word_1_189' title='bbox 3021 1459 3080 1515; x_wconf 76' lang='grc' dir='ltr'>ἂν</span> <span class='ocrx_word' id='word_1_190' title='bbox 3109 1458 3199 1514; x_wconf 80' lang='grc' dir='ltr'>καὶ</span> <span class='ocrx_word' id='word_1_191' title='bbox 3232 1457 3395 1523; x_wconf 73' lang='grc' dir='ltr'>αὐτός</span> <span class='ocrx_word' id='word_1_192' title='bbox 3438 1478 3523 1520; x_wconf 90' lang='grc' dir='ltr'>τις</span> <span class='ocrx_word' id='word_1_193' title='bbox 3580 1457 3868 1529; x_wconf 78' lang='grc' dir='ltr'>ἀποθάνῃ,</span> 
     </span>
    </p>
   </div>
   <div class='ocr_carea' id='block_1_29' title="bbox 2197 1545 3862 1631">
    <p class='ocr_par' dir='ltr' id='par_1_29' title="bbox 2197 1545 3862 1631">
     <span class='ocr_line' id='line_1_29' title="bbox 2197 1545 3862 1631; baseline -0.004 -23"><span class='ocrx_word' id='word_1_194' title='bbox 2197 1551 2399 1626; x_wconf 78' lang='grc' dir='ltr'>ὥσπερ.</span> <span class='ocrx_word' id='word_1_195' title='bbox 2434 1550 2592 1631; x_wconf 76' lang='grc' dir='ltr'>φησὶ,</span> <span class='ocrx_word' id='word_1_196' title='bbox 2652 1549 2743 1605; x_wconf 86' lang='grc' dir='ltr'>καὶ</span> <span class='ocrx_word' id='word_1_197' title='bbox 2803 1551 2967 1623; x_wconf 78' lang='grc' dir='ltr'>ἡμεῖς</span> <span class='ocrx_word' id='word_1_198' title='bbox 3027 1549 3382 1621; x_wconf 75' lang='grc' dir='ltr'>ἀπεθάνομεν,</span> <span class='ocrx_word' id='word_1_199' title='bbox 3440 1545 3662 1603; x_wconf 73' lang='grc' dir='ltr'>λέλυται</span> <span class='ocrx_word' id='word_1_200' title='bbox 3730 1545 3862 1602; x_wconf 80' lang='grc' dir='ltr'>άπὸ</span> 
     </span>
    </p>
   </div>
   <div class='ocr_carea' id='block_1_30' title="bbox 2193 1632 3869 1715">
    <p class='ocr_par' dir='ltr' id='par_1_30' title="bbox 2193 1632 3869 1715">
     <span class='ocr_line' id='line_1_30' title="bbox 2193 1632 3869 1715; baseline -0.004 -19"><span class='ocrx_word' id='word_1_201' title='bbox 2193 1644 2291 1696; x_wconf 85' lang='grc' dir='ltr'>τοῦ</span> <span class='ocrx_word' id='word_1_202' title='bbox 2319 1641 2518 1714; x_wconf 86' lang='grc' dir='ltr'>νόμου,</span> <span class='ocrx_word' id='word_1_203' title='bbox 2549 1638 2638 1695; x_wconf 85' lang='grc' dir='ltr'>καὶ</span> <span class='ocrx_word' id='word_1_204' title='bbox 2670 1639 2771 1696; x_wconf 81' lang='grc' dir='ltr'>οὐκ</span> <span class='ocrx_word' id='word_1_205' title='bbox 2800 1636 2913 1695; x_wconf 80' lang='grc' dir='ltr'>ἔστι</span> <span class='ocrx_word' id='word_1_206' title='bbox 2969 1633 3311 1715; x_wconf 74' lang='grc' dir='ltr'>παραϐάτης.</span> <span class='ocrx_word' id='word_1_207' title='bbox 3346 1662 3375 1690; x_wconf 85' lang='lat'><strong><em>«</em></strong></span> <span class='ocrx_word' id='word_1_208' title='bbox 3431 1638 3530 1695; x_wconf 78' lang='grc' dir='ltr'>Διά</span> <span class='ocrx_word' id='word_1_209' title='bbox 3574 1640 3670 1693; x_wconf 88' lang='grc' dir='ltr'>τοῦ</span> <span class='ocrx_word' id='word_1_210' title='bbox 3730 1632 3869 1691; x_wconf 75' lang='grc' dir='ltr'>σώο’</span> 
     </span>
    </p>
   </div>
   <div class='ocr_carea' id='block_1_31' title="bbox 2200 1725 3858 1804">
    <p class='ocr_par' dir='ltr' id='par_1_31' title="bbox 2200 1725 3858 1804">
     <span class='ocr_line' id='line_1_31' title="bbox 2200 1725 3858 1804; baseline -0.004 -19"><span class='ocrx_word' id='word_1_211' title='bbox 2200 1749 2368 1804; x_wconf 85' lang='grc' dir='ltr'>ματος</span> <span class='ocrx_word' id='word_1_212' title='bbox 2392 1734 2489 1785; x_wconf 86' lang='grc' dir='ltr'>τοῦ</span> <span class='ocrx_word' id='word_1_213' title='bbox 2519 1732 2783 1804; x_wconf 78' lang='grc' dir='ltr'>Χριστοῦ.</span> <span class='ocrx_word' id='word_1_214' title='bbox 2818 1753 2847 1783; x_wconf 82' lang='lat'><strong>»</strong></span> <span class='ocrx_word' id='word_1_215' title='bbox 2878 1733 2983 1784; x_wconf 86' lang='grc' dir='ltr'>Τοῦ</span> <span class='ocrx_word' id='word_1_216' title='bbox 3035 1725 3433 1794; x_wconf 71' lang='grc' dir='ltr'>θανατωθέντος</span> <span class='ocrx_word' id='word_1_217' title='bbox 3492 1727 3625 1803; x_wconf 73' lang='grc' dir='ltr'>ὑπὲρ</span> <span class='ocrx_word' id='word_1_218' title='bbox 3654 1728 3858 1799; x_wconf 79' lang='grc' dir='ltr'>ἡμῶν,</span> 
     </span>
    </p>
   </div>
   <div class='ocr_carea' id='block_1_32' title="bbox 421 1815 2074 1918">
    <p class='ocr_par' dir='ltr' id='par_1_32' title="bbox 421 1820 2074 1894">
     <span class='ocr_line' id='line_1_32' title="bbox 421 1820 2074 1894; baseline 0.001 -19"><span class='ocrx_word' id='word_1_219' title='bbox 421 1836 629 1876; x_wconf 90' lang='lat' dir='ltr'>sumus</span> <span class='ocrx_word' id='word_1_220' title='bbox 659 1820 849 1876; x_wconf 89' lang='lat' dir='ltr'>nostri</span> <span class='ocrx_word' id='word_1_221' title='bbox 887 1838 899 1876; x_wconf 94' lang='lat'>:</span> <span class='ocrx_word' id='word_1_222' title='bbox 936 1838 1074 1877; x_wconf 90' lang='lat' dir='ltr'>nam</span> <span class='ocrx_word' id='word_1_223' title='bbox 1111 1822 1303 1894; x_wconf 90' lang='lat' dir='ltr'>pretio</span> <span class='ocrx_word' id='word_1_224' title='bbox 1336 1838 1447 1876; x_wconf 88' lang='lat' dir='ltr'>nos</span> <span class='ocrx_word' id='word_1_225' title='bbox 1505 1821 1667 1876; x_wconf 87' lang='lat' dir='ltr'>emit.</span> <span class='ocrx_word' id='word_1_226' title='bbox 1707 1844 1727 1869; x_wconf 75' lang='grc' dir='ltr'>α</span> <span class='ocrx_word' id='word_1_227' title='bbox 1765 1820 1836 1877; x_wconf 89' lang='lat' dir='ltr'>Ut</span> <span class='ocrx_word' id='word_1_228' title='bbox 1867 1820 2074 1876; x_wconf 86' lang='lat' dir='ltr'>essetis</span> 
     </span>
    </p>
   </div>
   <div class='ocr_carea' id='block_1_33' title="bbox 2186 1815 3860 1918">
    <p class='ocr_par' dir='ltr' id='par_1_33' title="bbox 2196 1815 3860 1895">
     <span class='ocr_line' id='line_1_33' title="bbox 2196 1815 3860 1895; baseline -0.004 -20"><span class='ocrx_word' id='word_1_229' title='bbox 2196 1818 2629 1892; x_wconf 74' lang='grc' dir='ltr'>συναπεθάνομεν</span> <span class='ocrx_word' id='word_1_230' title='bbox 2659 1818 2787 1895; x_wconf 63' lang='grc' dir='ltr'>ἴγάρ</span> <span class='ocrx_word' id='word_1_231' title='bbox 2871 1819 3020 1891; x_wconf 81' lang='grc' dir='ltr'>αὖτῷ</span> <span class='ocrx_word' id='word_1_232' title='bbox 3082 1817 3138 1874; x_wconf 82' lang='grc' dir='ltr'>ἐν</span> <span class='ocrx_word' id='word_1_233' title='bbox 3195 1822 3275 1892; x_wconf 82' lang='grc' dir='ltr'>τῷ</span> <span class='ocrx_word' id='word_1_234' title='bbox 3334 1815 3689 1894; x_wconf 81' lang='grc' dir='ltr'>βαπτίσματι,</span> <span class='ocrx_word' id='word_1_235' title='bbox 3746 1815 3860 1873; x_wconf 80' lang='grc' dir='ltr'>καὶ</span> 
     </span>
    </p>
   </div>
   <div class='ocr_carea' id='block_1_34' title="bbox 416 1909 2077 1984">
    <p class='ocr_par' dir='ltr' id='par_1_34' title="bbox 416 1909 2077 1984">
     <span class='ocr_line' id='line_1_34' title="bbox 416 1909 2077 1984; baseline -0.001 -18"><span class='ocrx_word' id='word_1_236' title='bbox 416 1909 607 1966; x_wconf 81' lang='lat' dir='ltr'>alteri.</span> <span class='ocrx_word' id='word_1_237' title='bbox 637 1930 665 1959; x_wconf 86' lang='lat'><strong>»</strong></span> <span class='ocrx_word' id='word_1_238' title='bbox 701 1909 892 1965; x_wconf 89' lang='lat' dir='ltr'>Veluti</span> <span class='ocrx_word' id='word_1_239' title='bbox 924 1910 1052 1983; x_wconf 90' lang='lat' dir='ltr'>lege</span> <span class='ocrx_word' id='word_1_240' title='bbox 1082 1915 1346 1976; x_wconf 83' lang='lat' dir='ltr'>mortua;</span> <span class='ocrx_word' id='word_1_241' title='bbox 1380 1910 1513 1966; x_wconf 91' lang='lat' dir='ltr'>ideo</span> <span class='ocrx_word' id='word_1_242' title='bbox 1537 1927 1731 1981; x_wconf 87' lang='lat' dir='ltr'>neque</span> <span class='ocrx_word' id='word_1_243' title='bbox 1748 1914 2077 1984; x_wconf 84' lang='lat' dir='ltr'>transgres-</span> 
     </span>
    </p>
   </div>
   <div class='ocr_carea' id='block_1_35' title="bbox 421 1998 2078 2056">
    <p class='ocr_par' dir='ltr' id='par_1_35' title="bbox 421 1998 2078 2056">
     <span class='ocr_line' id='line_1_35' title="bbox 421 1998 2078 2056; baseline -0.001 -2"><span class='ocrx_word' id='word_1_244' title='bbox 421 2013 589 2054; x_wconf 87' lang='lat' dir='ltr'>sores</span> <span class='ocrx_word' id='word_1_245' title='bbox 611 1998 1009 2055; x_wconf 88' lang='lat' dir='ltr'>inveniemur.</span> <span class='ocrx_word' id='word_1_246' title='bbox 1043 2020 1068 2051; x_wconf 75' lang='grc' dir='ltr'>α</span> <span class='ocrx_word' id='word_1_247' title='bbox 1090 2000 1163 2055; x_wconf 91' lang='lat' dir='ltr'>Ut</span> <span class='ocrx_word' id='word_1_248' title='bbox 1184 1999 1612 2056; x_wconf 84' lang='lat' dir='ltr'>fructificemus</span> <span class='ocrx_word' id='word_1_249' title='bbox 1633 2000 1772 2056; x_wconf 89' lang='lat' dir='ltr'>Deo.</span> <span class='ocrx_word' id='word_1_250' title='bbox 1792 2020 1815 2047; x_wconf 77' lang='grc' dir='ltr'>ι</span> <span class='ocrx_word' id='word_1_251' title='bbox 1850 1998 2078 2055; x_wconf 83' lang='lat' dir='ltr'>Adhor-</span> 
     </span>
    </p>
   </div>
   <div class='ocr_carea' id='block_1_36' title="bbox 422 2086 2078 2160">
    <p class='ocr_par' dir='ltr' id='par_1_36' title="bbox 422 2086 2078 2160">
     <span class='ocr_line' id='line_1_36' title="bbox 422 2086 2078 2160; baseline 0.002 -20"><span class='ocrx_word' id='word_1_252' title='bbox 422 2091 580 2141; x_wconf 84' lang='lat' dir='ltr'>tatur</span> <span class='ocrx_word' id='word_1_253' title='bbox 610 2086 826 2143; x_wconf 87' lang='lat' dir='ltr'>deinde</span> <span class='ocrx_word' id='word_1_254' title='bbox 889 2088 962 2143; x_wconf 93' lang='lat' dir='ltr'>ad</span> <span class='ocrx_word' id='word_1_255' title='bbox 994 2103 1160 2159; x_wconf 89' lang='lat' dir='ltr'>spem</span> <span class='ocrx_word' id='word_1_256' title='bbox 1192 2088 1524 2144; x_wconf 86' lang='lat' dir='ltr'>meliorem.</span> <span class='ocrx_word' id='word_1_257' title='bbox 1578 2088 1882 2160; x_wconf 89' lang='lat' dir='ltr'>Siquidem</span> <span class='ocrx_word' id='word_1_258' title='bbox 1915 2094 2078 2155; x_wconf 88' lang='lat' dir='ltr'>tunc,</span> 
     </span>
    </p>
   </div>
   <div class='ocr_carea' id='block_1_37' title="bbox 423 2174 2080 2250">
    <p class='ocr_par' dir='ltr' id='par_1_37' title="bbox 423 2174 2080 2250">
     <span class='ocr_line' id='line_1_37' title="bbox 423 2174 2080 2250; baseline 0.002 -21"><span class='ocrx_word' id='word_1_259' title='bbox 423 2174 638 2246; x_wconf 86' lang='lat' dir='ltr'>inquit,</span> <span class='ocrx_word' id='word_1_260' title='bbox 674 2176 930 2232; x_wconf 89' lang='lat' dir='ltr'>fructum</span> <span class='ocrx_word' id='word_1_261' title='bbox 971 2177 1333 2246; x_wconf 82' lang='lat' dir='ltr'>ferebamus,</span> <span class='ocrx_word' id='word_1_262' title='bbox 1366 2178 1569 2233; x_wconf 83' lang='lat' dir='ltr'>omnia</span> <span class='ocrx_word' id='word_1_263' title='bbox 1615 2178 1688 2233; x_wconf 90' lang='lat' dir='ltr'>ad</span> <span class='ocrx_word' id='word_1_264' title='bbox 1719 2178 1884 2233; x_wconf 84' lang='lat' dir='ltr'>illam</span> <span class='ocrx_word' id='word_1_265' title='bbox 1945 2194 2080 2250; x_wconf 86' lang='lat' dir='ltr'>ope-</span> 
     </span>
    </p>
   </div>
   <div class='ocr_carea' id='block_1_38' title="bbox 423 2267 2077 2323">
    <p class='ocr_par' dir='ltr' id='par_1_38' title="bbox 423 2267 2077 2323">
     <span class='ocr_line' id='line_1_38' title="bbox 423 2267 2077 2323; baseline 0.001 -4"><span class='ocrx_word' id='word_1_266' title='bbox 423 2269 623 2319; x_wconf 84' lang='lat' dir='ltr'>rantes</span> <span class='ocrx_word' id='word_1_267' title='bbox 657 2281 669 2319; x_wconf 94' lang='lat'>:</span> <span class='ocrx_word' id='word_1_268' title='bbox 696 2281 857 2321; x_wconf 88' lang='lat' dir='ltr'>nunc</span> <span class='ocrx_word' id='word_1_269' title='bbox 888 2272 1088 2322; x_wconf 90' lang='lat' dir='ltr'>autem</span> <span class='ocrx_word' id='word_1_270' title='bbox 1123 2267 1521 2322; x_wconf 62' lang='lat' dir='ltr'>Dem—«Cum</span> <span class='ocrx_word' id='word_1_271' title='bbox 1540 2267 1700 2323; x_wconf 89' lang='lat' dir='ltr'>enim</span> <span class='ocrx_word' id='word_1_272' title='bbox 1725 2284 1992 2323; x_wconf 89' lang='lat' dir='ltr'>essemus</span> <span class='ocrx_word' id='word_1_273' title='bbox 2017 2268 2077 2322; x_wconf 89' lang='lat' dir='ltr'>in</span> 
     </span>
    </p>
   </div>
   <div class='ocr_carea' id='block_1_39' title="bbox 415 2354 2077 2432">
    <p class='ocr_par' dir='ltr' id='par_1_39' title="bbox 415 2354 2077 2432">
     <span class='ocr_line' id='line_1_39' title="bbox 415 2354 2077 2432; baseline 0.001 -22"><span class='ocrx_word' id='word_1_274' title='bbox 415 2369 613 2410; x_wconf 86' lang='lat' dir='ltr'>carne.</span> <span class='ocrx_word' id='word_1_275' title='bbox 636 2376 662 2402; x_wconf 73' lang='grc' dir='ltr'><strong>η</strong></span> <span class='ocrx_word' id='word_1_276' title='bbox 686 2354 750 2410; x_wconf 94' lang='lat' dir='ltr'>Id</span> <span class='ocrx_word' id='word_1_277' title='bbox 783 2361 892 2422; x_wconf 76' lang='lat' dir='ltr'>est,</span> <span class='ocrx_word' id='word_1_278' title='bbox 928 2355 990 2410; x_wconf 87' lang='lat' dir='ltr'>in</span> <span class='ocrx_word' id='word_1_279' title='bbox 1013 2358 1469 2413; x_wconf 81' lang='lat' dir='ltr'>conversatione</span> <span class='ocrx_word' id='word_1_280' title='bbox 1500 2357 1831 2413; x_wconf 90' lang='lat' dir='ltr'>secundum</span> <span class='ocrx_word' id='word_1_281' title='bbox 1863 2357 2077 2432; x_wconf 80' lang='lat' dir='ltr'>legem.</span> 
     </span>
    </p>
   </div>
   <div class='ocr_carea' id='block_1_40' title="bbox 413 2434 2080 2519">
    <p class='ocr_par' dir='ltr' id='par_1_40' title="bbox 413 2434 2080 2519">
     <span class='ocr_line' id='line_1_40' title="bbox 413 2434 2080 2519; baseline 0.001 -19"><span class='ocrx_word' id='word_1_282' title='bbox 413 2443 559 2500; x_wconf 86' lang='lat' dir='ltr'>Nam</span> <span class='ocrx_word' id='word_1_283' title='bbox 594 2460 834 2499; x_wconf 90' lang='lat' dir='ltr'>carnem</span> <span class='ocrx_word' id='word_1_284' title='bbox 866 2444 1093 2500; x_wconf 83' lang='lat' dir='ltr'>vocavit</span> <span class='ocrx_word' id='word_1_285' title='bbox 1146 2445 1312 2502; x_wconf 90' lang='lat' dir='ltr'>datas</span> <span class='ocrx_word' id='word_1_286' title='bbox 1338 2446 1501 2501; x_wconf 87' lang='lat' dir='ltr'>carni</span> <span class='ocrx_word' id='word_1_287' title='bbox 1525 2446 1901 2503; x_wconf 85' lang='lat' dir='ltr'>sanctiones:</span> <span class='ocrx_word' id='word_1_288' title='bbox 1938 2434 2080 2519; x_wconf 83' lang='lat' dir='ltr'>puta</span> 
     </span>
    </p>
   </div>
   <div class='ocr_carea' id='block_1_41' title="bbox 419 2532 2079 2605">
    <p class='ocr_par' dir='ltr' id='par_1_41' title="bbox 419 2532 2079 2605">
     <span class='ocr_line' id='line_1_41' title="bbox 419 2532 2079 2605; baseline 0.001 -16"><span class='ocrx_word' id='word_1_289' title='bbox 419 2532 492 2589; x_wconf 91' lang='lat' dir='ltr'>de</span> <span class='ocrx_word' id='word_1_290' title='bbox 523 2532 677 2600; x_wconf 91' lang='lat' dir='ltr'>cibo,</span> <span class='ocrx_word' id='word_1_291' title='bbox 709 2540 871 2605; x_wconf 91' lang='lat' dir='ltr'>potu.</span> <span class='ocrx_word' id='word_1_292' title='bbox 905 2534 1073 2605; x_wconf 89' lang='lat' dir='ltr'>lepra</span> <span class='ocrx_word' id='word_1_293' title='bbox 1095 2551 1161 2591; x_wconf 88' lang='lat' dir='ltr'>ac</span> <span class='ocrx_word' id='word_1_294' title='bbox 1193 2534 1514 2591; x_wconf 87' lang='lat' dir='ltr'>similibus.</span> <span class='ocrx_word' id='word_1_295' title='bbox 1551 2552 1578 2590; x_wconf 74' lang='grc' dir='ltr'>π</span> <span class='ocrx_word' id='word_1_296' title='bbox 1623 2536 1690 2591; x_wconf 88' lang='lat' dir='ltr'>In</span> <span class='ocrx_word' id='word_1_297' title='bbox 1723 2552 1923 2593; x_wconf 90' lang='lat' dir='ltr'>carne.</span> <span class='ocrx_word' id='word_1_298' title='bbox 1956 2561 1976 2588; x_wconf 79' lang='grc' dir='ltr'>ι</span> <span class='ocrx_word' id='word_1_299' title='bbox 2013 2536 2079 2591; x_wconf 91' lang='lat' dir='ltr'>Id</span> 
     </span>
    </p>
   </div>
   <div class='ocr_carea' id='block_1_42' title="bbox 419 2623 2077 2699">
    <p class='ocr_par' dir='ltr' id='par_1_42' title="bbox 419 2623 2077 2699">
     <span class='ocr_line' id='line_1_42' title="bbox 419 2623 2077 2699; baseline 0.001 -21"><span class='ocrx_word' id='word_1_300' title='bbox 419 2627 528 2687; x_wconf 86' lang='lat' dir='ltr'>est,</span> <span class='ocrx_word' id='word_1_301' title='bbox 562 2623 623 2677; x_wconf 90' lang='lat' dir='ltr'>in</span> <span class='ocrx_word' id='word_1_302' title='bbox 656 2623 881 2679; x_wconf 87' lang='lat' dir='ltr'>carnali</span> <span class='ocrx_word' id='word_1_303' title='bbox 910 2625 1046 2679; x_wconf 88' lang='lat' dir='ltr'>vita.</span> <span class='ocrx_word' id='word_1_304' title='bbox 1108 2626 1233 2680; x_wconf 88' lang='lat' dir='ltr'>Non</span> <span class='ocrx_word' id='word_1_305' title='bbox 1265 2631 1467 2680; x_wconf 87' lang='lat' dir='ltr'>autem</span> <span class='ocrx_word' id='word_1_306' title='bbox 1502 2623 1691 2680; x_wconf 86' lang='lat' dir='ltr'>dixit:</span> <span class='ocrx_word' id='word_1_307' title='bbox 1723 2627 1789 2679; x_wconf 88' lang='lat' dir='ltr'>In</span> <span class='ocrx_word' id='word_1_308' title='bbox 1820 2625 1970 2699; x_wconf 89' lang='lat' dir='ltr'>lege,</span> <span class='ocrx_word' id='word_1_309' title='bbox 2003 2643 2077 2680; x_wconf 89' lang='lat' dir='ltr'>ne</span> 
     </span>
    </p>
   </div>
   <div class='ocr_carea' id='block_1_43' title="bbox 419 2712 2074 2788">
    <p class='ocr_par' dir='ltr' id='par_1_43' title="bbox 419 2712 2074 2788">
     <span class='ocr_line' id='line_1_43' title="bbox 419 2712 2074 2788; baseline 0.001 -20"><span class='ocrx_word' id='word_1_310' title='bbox 419 2712 827 2784; x_wconf 89' lang='lat' dir='ltr'>despiceretur</span> <span class='ocrx_word' id='word_1_311' title='bbox 858 2730 1053 2771; x_wconf 88' lang='lat' dir='ltr'>sermo</span> <span class='ocrx_word' id='word_1_312' title='bbox 1089 2714 1325 2771; x_wconf 88' lang='lat' dir='ltr'>:adhuc</span> <span class='ocrx_word' id='word_1_313' title='bbox 1358 2716 1515 2770; x_wconf 90' lang='lat' dir='ltr'>enim</span> <span class='ocrx_word' id='word_1_314' title='bbox 1543 2716 1734 2788; x_wconf 83' lang='lat' dir='ltr'>legem</span> <span class='ocrx_word' id='word_1_315' title='bbox 1780 2715 2074 2772; x_wconf 87' lang='lat' dir='ltr'>colebant.</span> 
     </span>
    </p>
   </div>
   <div class='ocr_carea' id='block_1_44' title="bbox 420 2805 2077 2878">
    <p class='ocr_par' dir='ltr' id='par_1_44' title="bbox 420 2805 2077 2878">
     <span class='ocr_line' id='line_1_44' title="bbox 420 2805 2077 2878; baseline 0.001 -19"><span class='ocrx_word' id='word_1_316' title='bbox 420 2826 442 2854; x_wconf 76' lang='grc' dir='ltr'>α</span> <span class='ocrx_word' id='word_1_317' title='bbox 477 2805 553 2859; x_wconf 89' lang='lat' dir='ltr'>Ea</span> <span class='ocrx_word' id='word_1_318' title='bbox 580 2821 712 2876; x_wconf 78' lang='lat' dir='ltr'>quae</span> <span class='ocrx_word' id='word_1_319' title='bbox 744 2822 854 2877; x_wconf 90' lang='lat' dir='ltr'>per</span> <span class='ocrx_word' id='word_1_320' title='bbox 881 2805 1248 2878; x_wconf 75' lang='lat' dir='ltr'>legemsunt</span> <span class='ocrx_word' id='word_1_321' title='bbox 1292 2828 1319 2854; x_wconf 83' lang='grc'><strong>››</strong></span> <span class='ocrx_word' id='word_1_322' title='bbox 1341 2836 1409 2846; x_wconf 92' lang='grc'><strong><em>-</em></strong></span> <span class='ocrx_word' id='word_1_323' title='bbox 1429 2827 1457 2854; x_wconf 88' lang='grc'><em>‹‹</em></span> <span class='ocrx_word' id='word_1_324' title='bbox 1485 2807 1630 2861; x_wconf 87' lang='lat' dir='ltr'>Nam</span> <span class='ocrx_word' id='word_1_325' title='bbox 1650 2806 2077 2878; x_wconf 89' lang='lat' dir='ltr'>concupiscen-</span> 
     </span>
    </p>
   </div>
   <div class='ocr_carea' id='block_1_45' title="bbox 413 2880 2077 2965">
    <p class='ocr_par' dir='ltr' id='par_1_45' title="bbox 413 2880 2077 2965">
     <span class='ocr_line' id='line_1_45' title="bbox 413 2880 2077 2965; baseline 0.004 -18"><span class='ocrx_word' id='word_1_326' title='bbox 413 2880 578 2961; x_wconf 76' lang='lat' dir='ltr'>tiam,</span> <span class='ocrx_word' id='word_1_327' title='bbox 614 2893 829 2965; x_wconf 87' lang='lat' dir='ltr'>inquit,</span> <span class='ocrx_word' id='word_1_328' title='bbox 863 2910 983 2951; x_wconf 90' lang='lat' dir='ltr'>non</span> <span class='ocrx_word' id='word_1_329' title='bbox 1025 2894 1324 2950; x_wconf 87' lang='lat' dir='ltr'>n0vissem</span> <span class='ocrx_word' id='word_1_330' title='bbox 1347 2894 1464 2951; x_wconf 89' lang='lat' dir='ltr'>nisi</span> <span class='ocrx_word' id='word_1_331' title='bbox 1494 2895 1589 2951; x_wconf 85' lang='lat' dir='ltr'>lex</span> <span class='ocrx_word' id='word_1_332' title='bbox 1635 2894 1917 2950; x_wconf 86' lang='lat' dir='ltr'>dixisset:</span> <span class='ocrx_word' id='word_1_333' title='bbox 1950 2898 2077 2952; x_wconf 88' lang='lat' dir='ltr'>Non</span> 
     </span>
    </p>
   </div>
   <div class='ocr_carea' id='block_1_46' title="bbox 409 2983 2073 3059">
    <p class='ocr_par' dir='ltr' id='par_1_46' title="bbox 409 2983 2073 3059">
     <span class='ocr_line' id='line_1_46' title="bbox 409 2983 2073 3059; baseline 0.001 -22"><span class='ocrx_word' id='word_1_334' title='bbox 409 2983 817 3053; x_wconf 90' lang='lat' dir='ltr'>concupisces.</span> <span class='ocrx_word' id='word_1_335' title='bbox 853 3004 880 3033; x_wconf 84' lang='grc'>››</span> <span class='ocrx_word' id='word_1_336' title='bbox 914 2986 1046 3039; x_wconf 71' lang='lat' dir='ltr'>Haec</span> <span class='ocrx_word' id='word_1_337' title='bbox 1098 3000 1234 3059; x_wconf 89' lang='lat' dir='ltr'>ergo</span> <span class='ocrx_word' id='word_1_338' title='bbox 1268 3001 1374 3056; x_wconf 89' lang='lat' dir='ltr'>per</span> <span class='ocrx_word' id='word_1_339' title='bbox 1421 2984 1611 3059; x_wconf 80' lang='lat' dir='ltr'>legem</span> <span class='ocrx_word' id='word_1_340' title='bbox 1646 2990 1787 3039; x_wconf 90' lang='lat' dir='ltr'>sunt</span> <span class='ocrx_word' id='word_1_341' title='bbox 1816 2985 2073 3059; x_wconf 87' lang='lat' dir='ltr'>cognita.</span> 
     </span>
    </p>
   </div>
   <div class='ocr_carea' id='block_1_47' title="bbox 410 3073 2074 3149">
    <p class='ocr_par' dir='ltr' id='par_1_47' title="bbox 410 3073 2074 3149">
     <span class='ocr_line' id='line_1_47' title="bbox 410 3073 2074 3149; baseline 0.002 -19"><span class='ocrx_word' id='word_1_342' title='bbox 410 3074 663 3130; x_wconf 80' lang='lat' dir='ltr'>Rursum</span> <span class='ocrx_word' id='word_1_343' title='bbox 696 3089 819 3130; x_wconf 92' lang='lat' dir='ltr'>non</span> <span class='ocrx_word' id='word_1_344' title='bbox 851 3073 1037 3131; x_wconf 86' lang='lat' dir='ltr'>dixit:</span> <span class='ocrx_word' id='word_1_345' title='bbox 1071 3075 1333 3131; x_wconf 89' lang='lat' dir='ltr'>Membra</span> <span class='ocrx_word' id='word_1_346' title='bbox 1376 3081 1723 3149; x_wconf 88' lang='lat' dir='ltr'>operantur,</span> <span class='ocrx_word' id='word_1_347' title='bbox 1784 3091 1860 3132; x_wconf 89' lang='lat' dir='ltr'>ne</span> <span class='ocrx_word' id='word_1_348' title='bbox 1901 3092 2074 3134; x_wconf 90' lang='lat' dir='ltr'>accu-</span> 
     </span>
    </p>
   </div>
   <div class='ocr_carea' id='block_1_48' title="bbox 409 3165 2071 3239">
    <p class='ocr_par' dir='ltr' id='par_1_48' title="bbox 409 3165 2071 3239">
     <span class='ocr_line' id='line_1_48' title="bbox 409 3165 2071 3239; baseline 0.002 -19"><span class='ocrx_word' id='word_1_349' title='bbox 409 3170 566 3220; x_wconf 88' lang='lat' dir='ltr'>saret</span> <span class='ocrx_word' id='word_1_350' title='bbox 594 3180 857 3233; x_wconf 88' lang='lat' dir='ltr'>carnem,</span> <span class='ocrx_word' id='word_1_351' title='bbox 884 3165 987 3223; x_wconf 89' lang='lat' dir='ltr'>sed</span> <span class='ocrx_word' id='word_1_352' title='bbox 1022 3167 1424 3239; x_wconf 87' lang='lat' dir='ltr'>cperabantur</span> <span class='ocrx_word' id='word_1_353' title='bbox 1454 3166 1516 3222; x_wconf 90' lang='lat' dir='ltr'>in</span> <span class='ocrx_word' id='word_1_354' title='bbox 1550 3166 1835 3223; x_wconf 87' lang='lat' dir='ltr'>membris</span> <span class='ocrx_word' id='word_1_355' title='bbox 1853 3167 1927 3223; x_wconf 84' lang='lat' dir='ltr'>ad</span> <span class='ocrx_word' id='word_1_356' title='bbox 1946 3167 2071 3223; x_wconf 80' lang='lat' dir='ltr'>fru-</span> 
     </span>
    </p>
   </div>
   <div class='ocr_carea' id='block_1_49' title="bbox 2194 1904 3859 1984">
    <p class='ocr_par' dir='ltr' id='par_1_49' title="bbox 2194 1904 3859 1984">
     <span class='ocr_line' id='line_1_49' title="bbox 2194 1904 3859 1984; baseline -0.005 -19"><span class='ocrx_word' id='word_1_357' title='bbox 2194 1908 2291 1965; x_wconf 79' lang='grc' dir='ltr'>οὐκ</span> <span class='ocrx_word' id='word_1_358' title='bbox 2318 1908 2476 1982; x_wconf 70' lang='grc' dir='ltr'>ἐσμὲν</span> <span class='ocrx_word' id='word_1_359' title='bbox 2517 1909 2741 1964; x_wconf 67' lang='grc' dir='ltr'>ἑαυτῶνθ</span> <span class='ocrx_word' id='word_1_360' title='bbox 2799 1908 3187 1984; x_wconf 79' lang='grc' dir='ltr'>ἠγοράσθημεν</span> <span class='ocrx_word' id='word_1_361' title='bbox 3246 1906 3348 1984; x_wconf 79' lang='grc' dir='ltr'>γάρ</span> <span class='ocrx_word' id='word_1_362' title='bbox 3405 1912 3596 1980; x_wconf 80' lang='grc' dir='ltr'>τιμῆς.</span> <span class='ocrx_word' id='word_1_363' title='bbox 3659 1928 3688 1958; x_wconf 79' lang='grc' dir='ltr'>ι(</span> <span class='ocrx_word' id='word_1_364' title='bbox 3748 1904 3859 1966; x_wconf 78' lang='grc' dir='ltr'>Εἷς</span> 
     </span>
    </p>
   </div>
   <div class='ocr_carea' id='block_1_50' title="bbox 2190 1994 3860 2076">
    <p class='ocr_par' dir='ltr' id='par_1_50' title="bbox 2190 1994 3860 2076">
     <span class='ocr_line' id='line_1_50' title="bbox 2190 1994 3860 2076; baseline -0.004 -21"><span class='ocrx_word' id='word_1_365' title='bbox 2190 1999 2248 2055; x_wconf 84' lang='grc' dir='ltr'>τὸ</span> <span class='ocrx_word' id='word_1_366' title='bbox 2277 1998 2518 2076; x_wconf 76' lang='grc' dir='ltr'>γενέσθαι</span> <span class='ocrx_word' id='word_1_367' title='bbox 2552 1998 2692 2073; x_wconf 84' lang='grc' dir='ltr'>ὑμᾶς</span> <span class='ocrx_word' id='word_1_368' title='bbox 2723 1997 2911 2074; x_wconf 78' lang='grc' dir='ltr'>ἒτέρῳ.</span> <span class='ocrx_word' id='word_1_369' title='bbox 2947 2021 2975 2049; x_wconf 85' lang='lat'><strong>»</strong></span> <span class='ocrx_word' id='word_1_370' title='bbox 3005 1999 3095 2060; x_wconf 79' lang='grc' dir='ltr'>Ὠς</span> <span class='ocrx_word' id='word_1_371' title='bbox 3148 2000 3246 2053; x_wconf 90' lang='grc' dir='ltr'>τοῦ</span> <span class='ocrx_word' id='word_1_372' title='bbox 3302 1996 3478 2069; x_wconf 87' lang='grc' dir='ltr'>νόμου</span> <span class='ocrx_word' id='word_1_373' title='bbox 3534 1994 3860 2059; x_wconf 55' lang='grc' dir='ltr'>ἇποθανόνέ</span> 
     </span>
    </p>
   </div>
   <div class='ocr_carea' id='block_1_51' title="bbox 2181 2083 3860 2164">
    <p class='ocr_par' dir='ltr' id='par_1_51' title="bbox 2181 2083 3860 2164">
     <span class='ocr_line' id='line_1_51' title="bbox 2181 2083 3860 2164; baseline -0.004 -19"><span class='ocrx_word' id='word_1_374' title='bbox 2181 2110 2292 2152; x_wconf 90' lang='grc' dir='ltr'>τος.</span> <span class='ocrx_word' id='word_1_375' title='bbox 2323 2089 2417 2145; x_wconf 87' lang='grc' dir='ltr'>Διὸ</span> <span class='ocrx_word' id='word_1_376' title='bbox 2451 2086 2576 2145; x_wconf 70' lang='grc' dir='ltr'>οὔτε</span> <span class='ocrx_word' id='word_1_377' title='bbox 2612 2083 2919 2164; x_wconf 76' lang='grc' dir='ltr'>παραϐάται</span> <span class='ocrx_word' id='word_1_378' title='bbox 2972 2086 3395 2163; x_wconf 77' lang='grc' dir='ltr'>εὑρεθησόμεθα.</span> <span class='ocrx_word' id='word_1_379' title='bbox 3460 2111 3480 2136; x_wconf 82' lang='grc' dir='ltr'>ι</span> <span class='ocrx_word' id='word_1_380' title='bbox 3535 2085 3653 2142; x_wconf 82' lang='grc' dir='ltr'>Ἵνα</span> <span class='ocrx_word' id='word_1_381' title='bbox 3707 2104 3860 2161; x_wconf 84' lang='grc' dir='ltr'>καρ-</span> 
     </span>
    </p>
   </div>
   <div class='ocr_carea' id='block_1_52' title="bbox 2180 2172 3858 2255">
    <p class='ocr_par' dir='ltr' id='par_1_52' title="bbox 2180 2172 3858 2255">
     <span class='ocr_line' id='line_1_52' title="bbox 2180 2172 3858 2255; baseline -0.005 -20"><span class='ocrx_word' id='word_1_382' title='bbox 2180 2180 2589 2255; x_wconf 71' lang='grc' dir='ltr'>ποφορήσωμεν</span> <span class='ocrx_word' id='word_1_383' title='bbox 2649 2181 2729 2250; x_wconf 85' lang='grc' dir='ltr'>τῷ</span> <span class='ocrx_word' id='word_1_384' title='bbox 2805 2180 2944 2248; x_wconf 79' lang='grc' dir='ltr'>Θεῷ.</span> <span class='ocrx_word' id='word_1_385' title='bbox 3006 2199 3034 2227; x_wconf 76' lang='grc' dir='ltr'>ιι</span> <span class='ocrx_word' id='word_1_386' title='bbox 3089 2175 3222 2231; x_wconf 73' lang='grc' dir='ltr'>Εἶτα</span> <span class='ocrx_word' id='word_1_387' title='bbox 3276 2175 3580 2249; x_wconf 70' lang='grc' dir='ltr'>προτρέπει</span> <span class='ocrx_word' id='word_1_388' title='bbox 3653 2172 3858 2229; x_wconf 78' lang='grc' dir='ltr'>ἐλπίσι</span> 
     </span>
    </p>
   </div>
   <div class='ocr_carea' id='block_1_53' title="bbox 2179 2262 3855 2348">
    <p class='ocr_par' dir='ltr' id='par_1_53' title="bbox 2179 2262 3855 2348">
     <span class='ocr_line' id='line_1_53' title="bbox 2179 2262 3855 2348; baseline -0.005 -23"><span class='ocrx_word' id='word_1_389' title='bbox 2179 2269 2475 2346; x_wconf 84' lang='grc' dir='ltr'>κρείττοσι.</span> <span class='ocrx_word' id='word_1_390' title='bbox 2510 2269 2649 2325; x_wconf 84' lang='grc' dir='ltr'>Τότε</span> <span class='ocrx_word' id='word_1_391' title='bbox 2683 2267 2776 2339; x_wconf 74' lang='grc' dir='ltr'>μὶν</span> <span class='ocrx_word' id='word_1_392' title='bbox 2811 2269 2937 2346; x_wconf 85' lang='grc' dir='ltr'>γάρ,</span> <span class='ocrx_word' id='word_1_393' title='bbox 2986 2265 3143 2348; x_wconf 72' lang='grc' dir='ltr'>φησὶ,</span> <span class='ocrx_word' id='word_1_394' title='bbox 3200 2270 3281 2337; x_wconf 76' lang='grc' dir='ltr'>τῷ</span> <span class='ocrx_word' id='word_1_395' title='bbox 3336 2265 3548 2337; x_wconf 79' lang='grc' dir='ltr'>θανάτῳ</span> <span class='ocrx_word' id='word_1_396' title='bbox 3604 2262 3855 2339; x_wconf 80' lang='grc' dir='ltr'>ἐκαρπο-</span> 
     </span>
    </p>
   </div>
   <div class='ocr_carea' id='block_1_54' title="bbox 2180 2349 3854 2441">
    <p class='ocr_par' dir='ltr' id='par_1_54' title="bbox 2180 2349 3854 2441">
     <span class='ocr_line' id='line_1_54' title="bbox 2180 2349 3854 2441; baseline -0.006 -25"><span class='ocrx_word' id='word_1_397' title='bbox 2180 2363 2480 2441; x_wconf 68' lang='grc' dir='ltr'>φοροῦμεν,</span> <span class='ocrx_word' id='word_1_398' title='bbox 2535 2358 2597 2413; x_wconf 76' lang='grc' dir='ltr'>τὸ</span> <span class='ocrx_word' id='word_1_399' title='bbox 2655 2360 2757 2413; x_wconf 83' lang='grc' dir='ltr'>πᾶν</span> <span class='ocrx_word' id='word_1_400' title='bbox 2833 2356 3024 2430; x_wconf 78' lang='grc' dir='ltr'>ἐκείνῳ</span> <span class='ocrx_word' id='word_1_401' title='bbox 3081 2355 3429 2432; x_wconf 85' lang='grc' dir='ltr'>πράττοντες,</span> <span class='ocrx_word' id='word_1_402' title='bbox 3495 2357 3582 2408; x_wconf 83' lang='grc' dir='ltr'>νῦν</span> <span class='ocrx_word' id='word_1_403' title='bbox 3644 2349 3703 2408; x_wconf 73' lang='grc' dir='ltr'>δὲ</span> <span class='ocrx_word' id='word_1_404' title='bbox 3759 2357 3854 2426; x_wconf 78' lang='grc' dir='ltr'>τῷ</span> 
     </span>
    </p>
   </div>
   <div class='ocr_carea' id='block_1_55' title="bbox 2181 2442 3849 2524">
    <p class='ocr_par' dir='ltr' id='par_1_55' title="bbox 2181 2442 3849 2524">
     <span class='ocr_line' id='line_1_55' title="bbox 2181 2442 3849 2524; baseline -0.005 -19"><span class='ocrx_word' id='word_1_405' title='bbox 2181 2453 2317 2521; x_wconf 79' lang='grc' dir='ltr'>Θεῷ.</span> <span class='ocrx_word' id='word_1_406' title='bbox 2379 2447 2712 2524; x_wconf 77' lang='grc' dir='ltr'>[θΕΟΔΩΡ.]</span> <span class='ocrx_word' id='word_1_407' title='bbox 2766 2472 2794 2498; x_wconf 84' lang='grc'>‹‹</span> <span class='ocrx_word' id='word_1_408' title='bbox 2854 2448 2983 2505; x_wconf 76' lang='grc' dir='ltr'>’Ότε</span> <span class='ocrx_word' id='word_1_409' title='bbox 3028 2446 3130 2520; x_wconf 79' lang='grc' dir='ltr'>γάρ</span> <span class='ocrx_word' id='word_1_410' title='bbox 3191 2444 3331 2516; x_wconf 80' lang='grc' dir='ltr'>ἦμεν</span> <span class='ocrx_word' id='word_1_411' title='bbox 3362 2443 3411 2498; x_wconf 80' lang='grc' dir='ltr'>ἐν</span> <span class='ocrx_word' id='word_1_412' title='bbox 3470 2446 3537 2516; x_wconf 86' lang='grc' dir='ltr'>τῇ</span> <span class='ocrx_word' id='word_1_413' title='bbox 3592 2442 3773 2515; x_wconf 85' lang='grc' dir='ltr'>σαρκί.</span> <span class='ocrx_word' id='word_1_414' title='bbox 3814 2468 3849 2496; x_wconf 74' lang='grc' dir='ltr'>»ι</span> 
     </span>
    </p>
   </div>
   <div class='ocr_carea' id='block_1_56' title="bbox 2179 2532 3839 2610">
    <p class='ocr_par' dir='ltr' id='par_1_56' title="bbox 2179 2532 3839 2610">
     <span class='ocr_line' id='line_1_56' title="bbox 2179 2532 3839 2610; baseline -0.004 -17"><span class='ocrx_word' id='word_1_415' title='bbox 2179 2536 2459 2594; x_wconf 77' lang='grc' dir='ltr'>Τουτέστιν</span> <span class='ocrx_word' id='word_1_416' title='bbox 2490 2538 2540 2592; x_wconf 80' lang='grc' dir='ltr'>ἐν</span> <span class='ocrx_word' id='word_1_417' title='bbox 2569 2541 2637 2610; x_wconf 78' lang='grc' dir='ltr'>τῇ</span> <span class='ocrx_word' id='word_1_418' title='bbox 2696 2536 2834 2591; x_wconf 85' lang='grc' dir='ltr'>κατὰ</span> <span class='ocrx_word' id='word_1_419' title='bbox 2898 2537 3067 2609; x_wconf 86' lang='grc' dir='ltr'>νόμον</span> <span class='ocrx_word' id='word_1_420' title='bbox 3126 2532 3404 2605; x_wconf 81' lang='grc' dir='ltr'>πολιτείᾳ.</span> <span class='ocrx_word' id='word_1_421' title='bbox 3468 2534 3650 2607; x_wconf 84' lang='grc' dir='ltr'>Σάρκα</span> <span class='ocrx_word' id='word_1_422' title='bbox 3705 2534 3839 2609; x_wconf 71' lang='grc' dir='ltr'>γάρ,</span> 
     </span>
    </p>
   </div>
   <div class='ocr_carea' id='block_1_57' title="bbox 2179 2622 3839 2703">
    <p class='ocr_par' dir='ltr' id='par_1_57' title="bbox 2179 2622 3839 2703">
     <span class='ocr_line' id='line_1_57' title="bbox 2179 2622 3839 2703; baseline -0.002 -21"><span class='ocrx_word' id='word_1_423' title='bbox 2179 2631 2248 2703; x_wconf 78' lang='grc' dir='ltr'>τῇ</span> <span class='ocrx_word' id='word_1_424' title='bbox 2281 2627 2438 2699; x_wconf 87' lang='grc' dir='ltr'>σαρκὶ</span> <span class='ocrx_word' id='word_1_425' title='bbox 2471 2624 2765 2699; x_wconf 66' lang='grc' dir='ltr'>δεδομένας</span> <span class='ocrx_word' id='word_1_426' title='bbox 2819 2624 3143 2696; x_wconf 78' lang='grc' dir='ltr'>νομοθεσίας</span> <span class='ocrx_word' id='word_1_427' title='bbox 3201 2622 3505 2697; x_wconf 84' lang='grc' dir='ltr'>ὠνόμασεν,</span> <span class='ocrx_word' id='word_1_428' title='bbox 3562 2622 3659 2684; x_wconf 82' lang='grc' dir='ltr'>τὰς</span> <span class='ocrx_word' id='word_1_429' title='bbox 3706 2624 3839 2698; x_wconf 82' lang='grc' dir='ltr'>περὶ</span> 
     </span>
    </p>
   </div>
   <div class='ocr_carea' id='block_1_58' title="bbox 2182 2710 3839 2794">
    <p class='ocr_par' dir='ltr' id='par_1_58' title="bbox 2182 2710 3839 2794">
     <span class='ocr_line' id='line_1_58' title="bbox 2182 2710 3839 2794; baseline -0.002 -24"><span class='ocrx_word' id='word_1_430' title='bbox 2182 2718 2445 2794; x_wconf 83' lang='grc' dir='ltr'>βρώσεως</span> <span class='ocrx_word' id='word_1_431' title='bbox 2474 2716 2562 2771; x_wconf 86' lang='grc' dir='ltr'>καὶ</span> <span class='ocrx_word' id='word_1_432' title='bbox 2600 2715 2816 2778; x_wconf 86' lang='grc' dir='ltr'>πόσεως</span> <span class='ocrx_word' id='word_1_433' title='bbox 2872 2713 2959 2768; x_wconf 82' lang='grc' dir='ltr'>καὶ</span> <span class='ocrx_word' id='word_1_434' title='bbox 3022 2710 3247 2789; x_wconf 74' lang='grc' dir='ltr'>λέπρας,</span> <span class='ocrx_word' id='word_1_435' title='bbox 3281 2712 3366 2768; x_wconf 79' lang='grc' dir='ltr'>καὶ</span> <span class='ocrx_word' id='word_1_436' title='bbox 3400 2716 3508 2767; x_wconf 81' lang='grc' dir='ltr'>τῶν</span> <span class='ocrx_word' id='word_1_437' title='bbox 3539 2710 3839 2769; x_wconf 71' lang='grc' dir='ltr'>τοιούτων.</span> 
     </span>
    </p>
   </div>
   <div class='ocr_carea' id='block_1_59' title="bbox 2180 2802 3837 2880">
    <p class='ocr_par' dir='ltr' id='par_1_59' title="bbox 2180 2802 3837 2880">
     <span class='ocr_line' id='line_1_59' title="bbox 2180 2802 3837 2880; baseline -0.002 -20"><span class='ocrx_word' id='word_1_438' title='bbox 2180 2831 2209 2860; x_wconf 89' lang='grc'>‹‹</span> <span class='ocrx_word' id='word_1_439' title='bbox 2246 2808 2333 2864; x_wconf 86' lang='grc' dir='ltr'>Ἐν</span> <span class='ocrx_word' id='word_1_440' title='bbox 2372 2810 2441 2880; x_wconf 77' lang='grc' dir='ltr'>τῇ</span> <span class='ocrx_word' id='word_1_441' title='bbox 2475 2806 2655 2880; x_wconf 83' lang='grc' dir='ltr'>σαρκὶ,</span> <span class='ocrx_word' id='word_1_442' title='bbox 2717 2829 2744 2857; x_wconf 82' lang='grc'><strong>››</strong></span> <span class='ocrx_word' id='word_1_443' title='bbox 2799 2803 3073 2859; x_wconf 81' lang='grc' dir='ltr'>τουτέστιν</span> <span class='ocrx_word' id='word_1_444' title='bbox 3133 2802 3184 2858; x_wconf 77' lang='grc' dir='ltr'>ἐν</span> <span class='ocrx_word' id='word_1_445' title='bbox 3242 2806 3323 2874; x_wconf 77' lang='grc' dir='ltr'>τῷ</span> <span class='ocrx_word' id='word_1_446' title='bbox 3379 2807 3623 2876; x_wconf 85' lang='grc' dir='ltr'>σαρκικῷ</span> <span class='ocrx_word' id='word_1_447' title='bbox 3706 2803 3837 2879; x_wconf 82' lang='grc' dir='ltr'>βίῳ.</span> 
     </span>
    </p>
   </div>
   <div class='ocr_carea' id='block_1_60' title="bbox 2178 2888 3835 2968">
    <p class='ocr_par' dir='ltr' id='par_1_60' title="bbox 2178 2888 3835 2968">
     <span class='ocr_line' id='line_1_60' title="bbox 2178 2888 3835 2968; baseline -0.004 -14"><span class='ocrx_word' id='word_1_448' title='bbox 2178 2896 2293 2954; x_wconf 78' lang='grc' dir='ltr'>Οὔκ</span> <span class='ocrx_word' id='word_1_449' title='bbox 2323 2897 2443 2952; x_wconf 83' lang='grc' dir='ltr'>εἷπε</span> <span class='ocrx_word' id='word_1_450' title='bbox 2475 2893 2660 2966; x_wconf 75' lang='grc' dir='ltr'>δέ,Ἒν</span> <span class='ocrx_word' id='word_1_451' title='bbox 2698 2899 2777 2966; x_wconf 81' lang='grc' dir='ltr'>τῷ</span> <span class='ocrx_word' id='word_1_452' title='bbox 2824 2894 2999 2967; x_wconf 87' lang='grc' dir='ltr'>νόμῳ,</span> <span class='ocrx_word' id='word_1_453' title='bbox 3056 2893 3146 2949; x_wconf 84' lang='grc' dir='ltr'>’ἱνα</span> <span class='ocrx_word' id='word_1_454' title='bbox 3195 2893 3274 2966; x_wconf 82' lang='grc' dir='ltr'>μὴ</span> <span class='ocrx_word' id='word_1_455' title='bbox 3331 2888 3703 2968; x_wconf 80' lang='grc' dir='ltr'>ἀπαράδεκτος</span> <span class='ocrx_word' id='word_1_456' title='bbox 3751 2893 3835 2966; x_wconf 78' lang='grc' dir='ltr'>γέ-</span> 
     </span>
    </p>
   </div>
   <div class='ocr_carea' id='block_1_61' title="bbox 2178 2978 3826 3061">
    <p class='ocr_par' dir='ltr' id='par_1_61' title="bbox 2178 2978 3826 3061">
     <span class='ocr_line' id='line_1_61' title="bbox 2178 2978 3826 3061; baseline -0.004 -19"><span class='ocrx_word' id='word_1_457' title='bbox 2178 3004 2359 3059; x_wconf 82' lang='grc' dir='ltr'>νηται’</span> <span class='ocrx_word' id='word_1_458' title='bbox 2422 2980 2502 3042; x_wconf 85' lang='grc' dir='ltr'>ἔτι</span> <span class='ocrx_word' id='word_1_459' title='bbox 2560 2985 2660 3061; x_wconf 87' lang='grc' dir='ltr'>γάρ</span> <span class='ocrx_word' id='word_1_460' title='bbox 2720 2979 2968 3041; x_wconf 72' lang='grc' dir='ltr'>ἐσέϐοντο</span> <span class='ocrx_word' id='word_1_461' title='bbox 3018 2983 3108 3038; x_wconf 84' lang='grc' dir='ltr'>τὸν</span> <span class='ocrx_word' id='word_1_462' title='bbox 3164 2983 3353 3056; x_wconf 85' lang='grc' dir='ltr'>νόμον.</span> <span class='ocrx_word' id='word_1_463' title='bbox 3421 3014 3493 3025; x_wconf 91' lang='grc'><strong>-</strong></span> <span class='ocrx_word' id='word_1_464' title='bbox 3553 2983 3687 3039; x_wconf 68' lang='lat' dir='ltr'>«Tit</span> <span class='ocrx_word' id='word_1_465' title='bbox 3738 2978 3826 3037; x_wconf 75' lang='grc' dir='ltr'>διὰ</span> 
     </span>
    </p>
   </div>
   <div class='ocr_carea' id='block_1_62' title="bbox 2176 3067 3824 3152">
    <p class='ocr_par' dir='ltr' id='par_1_62' title="bbox 2176 3067 3824 3152">
     <span class='ocr_line' id='line_1_62' title="bbox 2176 3067 3824 3152; baseline -0.005 -18"><span class='ocrx_word' id='word_1_466' title='bbox 2176 3082 2274 3134; x_wconf 83' lang='grc' dir='ltr'>τοῦ</span> <span class='ocrx_word' id='word_1_467' title='bbox 2305 3078 2479 3150; x_wconf 89' lang='grc' dir='ltr'>νόμου</span> <span class='ocrx_word' id='word_1_468' title='bbox 2528 3076 2833 3152; x_wconf 74' lang='grc' dir='ltr'>ἐνηργεῖτο.</span> <span class='ocrx_word' id='word_1_469' title='bbox 2896 3097 2923 3128; x_wconf 76' lang='lat' dir='ltr'>n</span> <span class='ocrx_word' id='word_1_470' title='bbox 2982 3075 3062 3131; x_wconf 81' lang='grc' dir='ltr'>Οὐ</span> <span class='ocrx_word' id='word_1_471' title='bbox 3131 3076 3233 3151; x_wconf 87' lang='grc' dir='ltr'>γάρ</span> <span class='ocrx_word' id='word_1_472' title='bbox 3292 3067 3469 3149; x_wconf 72' lang='grc' dir='ltr'>ᾔδειν,</span> <span class='ocrx_word' id='word_1_473' title='bbox 3527 3075 3682 3151; x_wconf 71' lang='grc' dir='ltr'>φησὶ,</span> <span class='ocrx_word' id='word_1_474' title='bbox 3728 3072 3824 3142; x_wconf 78' lang='grc' dir='ltr'>τὴν</span> 
     </span>
    </p>
   </div>
   <div class='ocr_carea' id='block_1_63' title="bbox 2182 3159 3833 3240">
    <p class='ocr_par' dir='ltr' id='par_1_63' title="bbox 2182 3159 3833 3240">
     <span class='ocr_line' id='line_1_63' title="bbox 2182 3159 3833 3240; baseline -0.005 -18"><span class='ocrx_word' id='word_1_475' title='bbox 2182 3165 2494 3238; x_wconf 72' lang='grc' dir='ltr'>ἐπιθυμίαν,</span> <span class='ocrx_word' id='word_1_476' title='bbox 2527 3164 2570 3220; x_wconf 76' lang='grc' dir='ltr'>εἰ</span> <span class='ocrx_word' id='word_1_477' title='bbox 2608 3166 2685 3240; x_wconf 86' lang='grc' dir='ltr'>μή</span> <span class='ocrx_word' id='word_1_478' title='bbox 2720 3165 2747 3220; x_wconf 88' lang='lat'>6</span> <span class='ocrx_word' id='word_1_479' title='bbox 2776 3163 2944 3238; x_wconf 90' lang='grc' dir='ltr'>νόμος</span> <span class='ocrx_word' id='word_1_480' title='bbox 2972 3160 3182 3238; x_wconf 78' lang='grc' dir='ltr'>ἔλεγεν,</span> <span class='ocrx_word' id='word_1_481' title='bbox 3214 3187 3241 3214; x_wconf 74' lang='grc' dir='ltr'>α</span> <span class='ocrx_word' id='word_1_482' title='bbox 3273 3160 3388 3220; x_wconf 80' lang='grc' dir='ltr'>Οὐκ</span> <span class='ocrx_word' id='word_1_483' title='bbox 3417 3159 3833 3236; x_wconf 74' lang='grc' dir='ltr'>ἐπιθυμήσεις,››</span> 
     </span>
    </p>
   </div>
   <div class='ocr_carea' id='block_1_64' title="bbox 409 3216 2074 3330">
    <p class='ocr_par' dir='ltr' id='par_1_64' title="bbox 409 3216 2070 3328">
     <span class='ocr_line' id='line_1_64' title="bbox 409 3216 2038 3239; baseline 0.002 -19"><span class='ocrx_word' id='word_1_484' title='bbox 409 3216 561 3220; x_wconf 47' lang='grc' dir='ltr'>η.--</span> <span class='ocrx_word' id='word_1_485' title='bbox 602 3216 857 3233; x_wconf 70' lang='lat'>-_-__-__,</span> <span class='ocrx_word' id='word_1_486' title='bbox 886 3216 987 3223; x_wconf 53' lang='grc' dir='ltr'>,η</span> <span class='ocrx_word' id='word_1_487' title='bbox 1027 3216 1411 3239; x_wconf 58' lang='lat' dir='ltr'>-r--____-_-</span> <span class='ocrx_word' id='word_1_488' title='bbox 1553 3216 1835 3223; x_wconf 78' lang='lat'>.._-_._---</span> <span class='ocrx_word' id='word_1_489' title='bbox 1855 3216 2038 3223; x_wconf 75' lang='lat'>__--_</span> 
     </span>
     <span class='ocr_line' id='line_1_65' title="bbox 409 3252 2070 3328; baseline 0.001 -19"><span class='ocrx_word' id='word_1_490' title='bbox 409 3252 794 3309; x_wconf 82' lang='lat' dir='ltr'>ctiﬁcandum</span> <span class='ocrx_word' id='word_1_491' title='bbox 814 3255 1337 3322; x_wconf 88' lang='lat' dir='ltr'>morti,ostendens</span> <span class='ocrx_word' id='word_1_492' title='bbox 1361 3256 1520 3328; x_wconf 91' lang='lat' dir='ltr'>quod</span> <span class='ocrx_word' id='word_1_493' title='bbox 1541 3256 1912 3313; x_wconf 88' lang='lat' dir='ltr'>extrinsecus</span> <span class='ocrx_word' id='word_1_494' title='bbox 1927 3272 2070 3328; x_wconf 82' lang='lat' dir='ltr'>ope-</span> 
     </span>
    </p>
   </div>
   <div class='ocr_carea' id='block_1_65' title="bbox 2186 3216 3841 3330">
    <p class='ocr_par' dir='ltr' id='par_1_65' title="bbox 2186 3216 3841 3330">
     <span class='ocr_line' id='line_1_66' title="bbox 2186 3216 3796 3240; baseline -0.002 -7"><span class='ocrx_word' id='word_1_495' title='bbox 2186 3216 2494 3238; x_wconf 64' lang='lat' dir='ltr'>&quot;&quot;V&#39;r*&quot;&quot;1</span> <span class='ocrx_word' id='word_1_496' title='bbox 2530 3216 2569 3220; x_wconf 56' lang='grc' dir='ltr'><strong><em>ν</em></strong></span> <span class='ocrx_word' id='word_1_497' title='bbox 2608 3216 2685 3240; x_wconf 57' lang='grc' dir='ltr'>Γ.</span> <span class='ocrx_word' id='word_1_498' title='bbox 2727 3216 2742 3220; x_wconf 65' lang='grc' dir='ltr'>ν</span> <span class='ocrx_word' id='word_1_499' title='bbox 2786 3216 2881 3238; x_wconf 84' lang='grc'>--.--</span> <span class='ocrx_word' id='word_1_500' title='bbox 2925 3216 2943 3225; x_wconf 63' lang='grc' dir='ltr'>ν</span> <span class='ocrx_word' id='word_1_501' title='bbox 3168 3216 3182 3229; x_wconf 83' lang='grc'>.</span> <span class='ocrx_word' id='word_1_502' title='bbox 3285 3216 3341 3220; x_wconf 41' lang='grc' dir='ltr'>τί</span> <span class='ocrx_word' id='word_1_503' title='bbox 3424 3216 3433 3217; x_wconf 43' lang='grc' dir='ltr'><em>κ</em></span> <span class='ocrx_word' id='word_1_504' title='bbox 3496 3216 3661 3236; x_wconf 50' lang='grc' dir='ltr'>ατη,</span> <span class='ocrx_word' id='word_1_505' title='bbox 3707 3216 3796 3227; x_wconf 48' lang='grc' dir='ltr'>ντ-</span> 
     </span>
     <span class='ocr_line' id='line_1_67' title="bbox 2186 3249 3841 3330; baseline -0.002 -17"><span class='ocrx_word' id='word_1_506' title='bbox 2186 3257 2263 3313; x_wconf 75' lang='grc' dir='ltr'><strong>Τᾶ</strong></span> <span class='ocrx_word' id='word_1_507' title='bbox 2293 3256 2383 3310; x_wconf 85' lang='grc' dir='ltr'>οὗν</span> <span class='ocrx_word' id='word_1_508' title='bbox 2417 3253 2505 3310; x_wconf 80' lang='grc' dir='ltr'>διὰ</span> <span class='ocrx_word' id='word_1_509' title='bbox 2534 3258 2630 3309; x_wconf 89' lang='grc' dir='ltr'>τοῦ</span> <span class='ocrx_word' id='word_1_510' title='bbox 2660 3256 2831 3326; x_wconf 87' lang='grc' dir='ltr'>νόμου</span> <span class='ocrx_word' id='word_1_511' title='bbox 2880 3252 3279 3330; x_wconf 80' lang='grc' dir='ltr'>γνωριζόμενα.</span> <span class='ocrx_word' id='word_1_512' title='bbox 3344 3252 3443 3306; x_wconf 77' lang='grc' dir='ltr'>Καὶ</span> <span class='ocrx_word' id='word_1_513' title='bbox 3500 3249 3695 3323; x_wconf 83' lang='grc' dir='ltr'>πάλιν,</span> <span class='ocrx_word' id='word_1_514' title='bbox 3738 3252 3841 3309; x_wconf 78' lang='grc' dir='ltr'>οὐκ</span> 
     </span>
    </p>
   </div>
   <div class='ocr_carea' id='block_1_66' title="bbox 409 3342 2066 3415">
    <p class='ocr_par' dir='ltr' id='par_1_66' title="bbox 409 3342 2066 3415">
     <span class='ocr_line' id='line_1_68' title="bbox 409 3342 2066 3415; baseline 0.001 -17"><span class='ocrx_word' id='word_1_515' title='bbox 409 3343 641 3398; x_wconf 85' lang='lat' dir='ltr'>ratione</span> <span class='ocrx_word' id='word_1_516' title='bbox 670 3342 902 3399; x_wconf 66' lang='lat' dir='ltr'>Satanas</span> <span class='ocrx_word' id='word_1_517' title='bbox 924 3344 1249 3411; x_wconf 86' lang='lat' dir='ltr'>accidat,ut</span> <span class='ocrx_word' id='word_1_518' title='bbox 1271 3351 1669 3415; x_wconf 88' lang='lat' dir='ltr'>c00perentur</span> <span class='ocrx_word' id='word_1_519' title='bbox 1687 3344 1762 3400; x_wconf 91' lang='lat' dir='ltr'>ad</span> <span class='ocrx_word' id='word_1_520' title='bbox 1789 3353 2066 3401; x_wconf 88' lang='lat' dir='ltr'>mortem.</span> 
     </span>
    </p>
   </div>
   <div class='ocr_carea' id='block_1_67' title="bbox 410 3431 2071 3503">
    <p class='ocr_par' dir='ltr' id='par_1_67' title="bbox 410 3431 2071 3503">
     <span class='ocr_line' id='line_1_69' title="bbox 410 3431 2071 3503; baseline 0.002 -16"><span class='ocrx_word' id='word_1_521' title='bbox 410 3431 524 3487; x_wconf 87' lang='lat' dir='ltr'>Per</span> <span class='ocrx_word' id='word_1_522' title='bbox 552 3438 794 3503; x_wconf 81' lang='lat' dir='ltr'>peccata</span> <span class='ocrx_word' id='word_1_523' title='bbox 824 3433 984 3488; x_wconf 89' lang='lat' dir='ltr'>enim</span> <span class='ocrx_word' id='word_1_524' title='bbox 1008 3433 1436 3491; x_wconf 80' lang='lat' dir='ltr'>fructiﬁcamus</span> <span class='ocrx_word' id='word_1_525' title='bbox 1489 3435 1683 3489; x_wconf 86' lang='lat' dir='ltr'>morti.</span> <span class='ocrx_word' id='word_1_526' title='bbox 1714 3457 1743 3485; x_wconf 83' lang='lat'><strong><em>«</em></strong></span> <span class='ocrx_word' id='word_1_527' title='bbox 1768 3436 1934 3492; x_wconf 87' lang='lat' dir='ltr'>Nunc</span> <span class='ocrx_word' id='word_1_528' title='bbox 1964 3453 2071 3491; x_wconf 89' lang='lat' dir='ltr'>au-</span> 
     </span>
    </p>
   </div>
   <div class='ocr_carea' id='block_1_68' title="bbox 409 3519 2070 3594">
    <p class='ocr_par' dir='ltr' id='par_1_68' title="bbox 409 3519 2070 3594">
     <span class='ocr_line' id='line_1_70' title="bbox 409 3519 2070 3594; baseline 0.002 -19"><span class='ocrx_word' id='word_1_529' title='bbox 409 3523 531 3575; x_wconf 89' lang='lat' dir='ltr'>tem</span> <span class='ocrx_word' id='word_1_530' title='bbox 566 3519 741 3575; x_wconf 85' lang='lat' dir='ltr'>soluti</span> <span class='ocrx_word' id='word_1_531' title='bbox 766 3536 970 3576; x_wconf 89' lang='lat' dir='ltr'>sumus</span> <span class='ocrx_word' id='word_1_532' title='bbox 1002 3538 1036 3576; x_wconf 90' lang='lat' dir='ltr'>a</span> <span class='ocrx_word' id='word_1_533' title='bbox 1056 3522 1241 3593; x_wconf 81' lang='lat' dir='ltr'>lege.»</span> <span class='ocrx_word' id='word_1_534' title='bbox 1271 3525 1522 3578; x_wconf 81' lang='lat' dir='ltr'>Rursum</span> <span class='ocrx_word' id='word_1_535' title='bbox 1558 3523 1718 3594; x_wconf 91' lang='lat' dir='ltr'>quod</span> <span class='ocrx_word' id='word_1_536' title='bbox 1749 3530 1875 3580; x_wconf 88' lang='lat' dir='ltr'>erat</span> <span class='ocrx_word' id='word_1_537' title='bbox 1902 3524 2070 3579; x_wconf 90' lang='lat' dir='ltr'>odio-</span> 
     </span>
    </p>
   </div>
   <div class='ocr_carea' id='block_1_69' title="bbox 414 3607 2069 3684">
    <p class='ocr_par' dir='ltr' id='par_1_69' title="bbox 414 3607 2069 3684">
     <span class='ocr_line' id='line_1_71' title="bbox 414 3607 2069 3684; baseline 0.002 -17"><span class='ocrx_word' id='word_1_538' title='bbox 414 3625 546 3667; x_wconf 70' lang='lat' dir='ltr'>sum</span> <span class='ocrx_word' id='word_1_539' title='bbox 569 3607 1193 3684; x_wconf 56' lang='lat' dir='ltr'>fugiens,’_non:dixit::</span> <span class='ocrx_word' id='word_1_540' title='bbox 1220 3612 1421 3668; x_wconf 88' lang='lat' dir='ltr'>Soluta</span> <span class='ocrx_word' id='word_1_541' title='bbox 1443 3618 1533 3669; x_wconf 90' lang='lat' dir='ltr'>est</span> <span class='ocrx_word' id='word_1_542' title='bbox 1562 3613 1694 3679; x_wconf 86' lang='lat' dir='ltr'>lex;</span> <span class='ocrx_word' id='word_1_543' title='bbox 1734 3613 1856 3679; x_wconf 91' lang='lat' dir='ltr'>sed,</span> <span class='ocrx_word' id='word_1_544' title='bbox 1893 3637 1918 3666; x_wconf 77' lang='grc'>‹‹</span> <span class='ocrx_word' id='word_1_545' title='bbox 1954 3616 2069 3671; x_wconf 90' lang='lat' dir='ltr'>Nos</span> 
     </span>
    </p>
   </div>
   <div class='ocr_carea' id='block_1_70' title="bbox 415 3699 2066 3774">
    <p class='ocr_par' dir='ltr' id='par_1_70' title="bbox 415 3699 2066 3774">
     <span class='ocr_line' id='line_1_72' title="bbox 415 3699 2066 3774; baseline 0.004 -18"><span class='ocrx_word' id='word_1_546' title='bbox 415 3716 451 3756; x_wconf 83' lang='grc' dir='ltr'>θ.</span> <span class='ocrx_word' id='word_1_547' title='bbox 477 3699 606 3774; x_wconf 88' lang='lat' dir='ltr'>lege</span> <span class='ocrx_word' id='word_1_548' title='bbox 641 3700 817 3756; x_wconf 89' lang='lat' dir='ltr'>soluti</span> <span class='ocrx_word' id='word_1_549' title='bbox 851 3719 1078 3770; x_wconf 89' lang='lat' dir='ltr'>sumus,</span> <span class='ocrx_word' id='word_1_550' title='bbox 1114 3725 1140 3752; x_wconf 84' lang='grc'><strong>››</strong></span> <span class='ocrx_word' id='word_1_551' title='bbox 1174 3703 1285 3760; x_wconf 90' lang='lat' dir='ltr'>hoc</span> <span class='ocrx_word' id='word_1_552' title='bbox 1318 3703 1686 3771; x_wconf 88' lang='lat' dir='ltr'>est,absoluti</span> <span class='ocrx_word' id='word_1_553' title='bbox 1720 3720 1785 3761; x_wconf 90' lang='lat' dir='ltr'>ac</span> <span class='ocrx_word' id='word_1_554' title='bbox 1808 3704 2066 3763; x_wconf 85' lang='lat' dir='ltr'>liberati.</span> 
     </span>
    </p>
   </div>
   <div class='ocr_carea' id='block_1_71' title="bbox 415 3787 2066 3867">
    <p class='ocr_par' dir='ltr' id='par_1_71' title="bbox 415 3787 2066 3867">
     <span class='ocr_line' id='line_1_73' title="bbox 415 3787 2066 3867; baseline 0.004 -23"><span class='ocrx_word' id='word_1_555' title='bbox 415 3787 856 3856; x_wconf 84' lang='lat' dir='ltr'>Quamobrem?</span> <span class='ocrx_word' id='word_1_556' title='bbox 884 3791 1031 3857; x_wconf 89' lang='lat' dir='ltr'>Quia</span> <span class='ocrx_word' id='word_1_557' title='bbox 1087 3792 1303 3847; x_wconf 89' lang='lat' dir='ltr'>mortui</span> <span class='ocrx_word' id='word_1_558' title='bbox 1355 3809 1561 3848; x_wconf 75' lang='lat' dir='ltr'>sumus</span> <span class='ocrx_word' id='word_1_559' title='bbox 1610 3799 1873 3867; x_wconf 88' lang='lat' dir='ltr'>peccato.</span> <span class='ocrx_word' id='word_1_560' title='bbox 1924 3796 2066 3851; x_wconf 86' lang='lat' dir='ltr'>Nam</span> 
     </span>
    </p>
   </div>
   <div class='ocr_carea' id='block_1_72' title="bbox 413 3878 2070 3957">
    <p class='ocr_par' dir='ltr' id='par_1_72' title="bbox 413 3878 2070 3957">
     <span class='ocr_line' id='line_1_74' title="bbox 413 3878 2070 3957; baseline 0.004 -22"><span class='ocrx_word' id='word_1_561' title='bbox 413 3878 526 3935; x_wconf 88' lang='lat' dir='ltr'>hoc</span> <span class='ocrx_word' id='word_1_562' title='bbox 557 3878 899 3936; x_wconf 88' lang='lat' dir='ltr'>detinebat:</span> <span class='ocrx_word' id='word_1_563' title='bbox 933 3885 991 3936; x_wconf 89' lang='lat' dir='ltr'>et</span> <span class='ocrx_word' id='word_1_564' title='bbox 1022 3881 1411 3950; x_wconf 87' lang='lat' dir='ltr'>surreximus,</span> <span class='ocrx_word' id='word_1_565' title='bbox 1433 3900 1552 3939; x_wconf 90' lang='lat' dir='ltr'>non</span> <span class='ocrx_word' id='word_1_566' title='bbox 1583 3901 1689 3957; x_wconf 87' lang='lat' dir='ltr'>per</span> <span class='ocrx_word' id='word_1_567' title='bbox 1718 3883 1930 3957; x_wconf 84' lang='lat' dir='ltr'>legem,</span> <span class='ocrx_word' id='word_1_568' title='bbox 1965 3885 2070 3942; x_wconf 87' lang='lat' dir='ltr'>sed</span> 
     </span>
    </p>
   </div>
   <div class='ocr_carea' id='block_1_73' title="bbox 411 3970 2068 4050">
    <p class='ocr_par' dir='ltr' id='par_1_73' title="bbox 411 3970 2068 4050">
     <span class='ocr_line' id='line_1_75' title="bbox 411 3970 2068 4050; baseline 0.004 -24"><span class='ocrx_word' id='word_1_569' title='bbox 411 3987 520 4042; x_wconf 91' lang='lat' dir='ltr'>per</span> <span class='ocrx_word' id='word_1_570' title='bbox 544 3970 864 4027; x_wconf 89' lang='lat' dir='ltr'>Christum.</span> <span class='ocrx_word' id='word_1_571' title='bbox 900 3972 1291 4040; x_wconf 79' lang='lat' dir='ltr'>Manifestum</span> <span class='ocrx_word' id='word_1_572' title='bbox 1333 3991 1468 4047; x_wconf 90' lang='lat' dir='ltr'>ergo</span> <span class='ocrx_word' id='word_1_573' title='bbox 1528 3982 1619 4030; x_wconf 89' lang='lat' dir='ltr'>est</span> <span class='ocrx_word' id='word_1_574' title='bbox 1674 3974 1832 4048; x_wconf 91' lang='lat' dir='ltr'>quod</span> <span class='ocrx_word' id='word_1_575' title='bbox 1862 3994 1897 4031; x_wconf 92' lang='lat' dir='ltr'>a</span> <span class='ocrx_word' id='word_1_576' title='bbox 1939 3975 2068 4050; x_wconf 90' lang='lat' dir='ltr'>lege</span> 
     </span>
    </p>
   </div>
   <div class='ocr_carea' id='block_1_74' title="bbox 413 4060 2065 4136">
    <p class='ocr_par' dir='ltr' id='par_1_74' title="bbox 413 4060 2065 4136">
     <span class='ocr_line' id='line_1_76' title="bbox 413 4060 2065 4136; baseline 0.004 -23"><span class='ocrx_word' id='word_1_577' title='bbox 413 4060 653 4133; x_wconf 89' lang='lat' dir='ltr'>quidem</span> <span class='ocrx_word' id='word_1_578' title='bbox 714 4061 966 4117; x_wconf 91' lang='lat' dir='ltr'>absoluti</span> <span class='ocrx_word' id='word_1_579' title='bbox 1013 4080 1217 4118; x_wconf 88' lang='lat' dir='ltr'>sumus</span> <span class='ocrx_word' id='word_1_580' title='bbox 1277 4068 1561 4136; x_wconf 87' lang='lat' dir='ltr'>tanquam</span> <span class='ocrx_word' id='word_1_581' title='bbox 1620 4065 1889 4121; x_wconf 88' lang='lat' dir='ltr'>mortui:</span> <span class='ocrx_word' id='word_1_582' title='bbox 1928 4065 2065 4122; x_wconf 84' lang='lat' dir='ltr'>sub-</span> 
     </span>
    </p>
   </div>
   <div class='ocr_carea' id='block_1_75' title="bbox 411 4149 2064 4226">
    <p class='ocr_par' dir='ltr' id='par_1_75' title="bbox 411 4149 2064 4226">
     <span class='ocr_line' id='line_1_77' title="bbox 411 4149 2064 4226; baseline 0.002 -20"><span class='ocrx_word' id='word_1_583' title='bbox 411 4149 517 4206; x_wconf 89' lang='lat' dir='ltr'>diti</span> <span class='ocrx_word' id='word_1_584' title='bbox 545 4156 743 4207; x_wconf 89' lang='lat' dir='ltr'>autem</span> <span class='ocrx_word' id='word_1_585' title='bbox 777 4168 981 4208; x_wconf 87' lang='lat' dir='ltr'>sumus</span> <span class='ocrx_word' id='word_1_586' title='bbox 1011 4152 1244 4209; x_wconf 84' lang='lat' dir='ltr'>Christo</span> <span class='ocrx_word' id='word_1_587' title='bbox 1291 4155 1391 4226; x_wconf 90' lang='lat' dir='ltr'>qui</span> <span class='ocrx_word' id='word_1_588' title='bbox 1446 4171 1555 4209; x_wconf 90' lang='lat' dir='ltr'>nos</span> <span class='ocrx_word' id='word_1_589' title='bbox 1608 4171 1643 4210; x_wconf 89' lang='lat' dir='ltr'>a</span> <span class='ocrx_word' id='word_1_590' title='bbox 1672 4160 1861 4210; x_wconf 87' lang='lat' dir='ltr'>morte</span> <span class='ocrx_word' id='word_1_591' title='bbox 1913 4154 2064 4211; x_wconf 89' lang='lat' dir='ltr'>libe-</span> 
     </span>
    </p>
   </div>
   <div class='ocr_carea' id='block_1_76' title="bbox 413 4239 582 4298">
    <p class='ocr_par' dir='ltr' id='par_1_76' title="bbox 413 4239 582 4298">
     <span class='ocr_line' id='line_1_78' title="bbox 413 4239 582 4298; baseline -0.012 0"><span class='ocrx_word' id='word_1_592' title='bbox 413 4239 582 4298; x_wconf 87' lang='lat' dir='ltr'>ravit.</span> 
     </span>
    </p>
   </div>
   <div class='ocr_carea' id='block_1_77' title="bbox 2179 3339 3834 3420">
    <p class='ocr_par' dir='ltr' id='par_1_77' title="bbox 2179 3339 3834 3420">
     <span class='ocr_line' id='line_1_79' title="bbox 2179 3339 3834 3420; baseline -0.003 -18"><span class='ocrx_word' id='word_1_593' title='bbox 2179 3347 2345 3415; x_wconf 71' lang='grc' dir='ltr'>εἶπεν,</span> <span class='ocrx_word' id='word_1_594' title='bbox 2396 3349 2631 3420; x_wconf 81' lang='grc' dir='ltr'>Ἐνεργεῖ</span> <span class='ocrx_word' id='word_1_595' title='bbox 2684 3344 2751 3400; x_wconf 78' lang='grc' dir='ltr'>τὰ</span> <span class='ocrx_word' id='word_1_596' title='bbox 2811 3341 2977 3418; x_wconf 82' lang='grc' dir='ltr'>μέλη,</span> <span class='ocrx_word' id='word_1_597' title='bbox 3032 3339 3125 3397; x_wconf 72' lang='grc' dir='ltr'>’ίνα</span> <span class='ocrx_word' id='word_1_598' title='bbox 3186 3342 3262 3416; x_wconf 83' lang='grc' dir='ltr'>μή</span> <span class='ocrx_word' id='word_1_599' title='bbox 3319 3343 3680 3417; x_wconf 71' lang='grc' dir='ltr'>κατηγορήσῃ</span> <span class='ocrx_word' id='word_1_600' title='bbox 3732 3348 3834 3412; x_wconf 81' lang='grc' dir='ltr'>τῆς</span> 
     </span>
    </p>
   </div>
   <div class='ocr_carea' id='block_1_78' title="bbox 2180 3430 3833 3511">
    <p class='ocr_par' dir='ltr' id='par_1_78' title="bbox 2180 3430 3833 3511">
     <span class='ocr_line' id='line_1_80' title="bbox 2180 3430 3833 3511; baseline -0.003 -21"><span class='ocrx_word' id='word_1_601' title='bbox 2180 3433 2399 3511; x_wconf 83' lang='grc' dir='ltr'>σαρκὸς,</span> <span class='ocrx_word' id='word_1_602' title='bbox 2434 3433 2602 3504; x_wconf 82' lang='grc' dir='ltr'>ἀλλὰ,</span> <span class='ocrx_word' id='word_1_603' title='bbox 2635 3458 2663 3485; x_wconf 88' lang='grc'><strong>‹‹</strong></span> <span class='ocrx_word' id='word_1_604' title='bbox 2698 3435 3038 3511; x_wconf 81' lang='grc' dir='ltr'>Ένηργεῖτο,</span> <span class='ocrx_word' id='word_1_605' title='bbox 3073 3431 3150 3494; x_wconf 77' lang='grc' dir='ltr'>εἷς</span> <span class='ocrx_word' id='word_1_606' title='bbox 3206 3430 3269 3486; x_wconf 81' lang='grc' dir='ltr'>τὸ</span> <span class='ocrx_word' id='word_1_607' title='bbox 3300 3437 3725 3505; x_wconf 75' lang='grc' dir='ltr'>καρποφορῆσαι</span> <span class='ocrx_word' id='word_1_608' title='bbox 3751 3436 3833 3505; x_wconf 76' lang='grc' dir='ltr'>τῷ</span> 
     </span>
    </p>
   </div>
   <div class='ocr_carea' id='block_1_79' title="bbox 2181 3520 3834 3599">
    <p class='ocr_par' dir='ltr' id='par_1_79' title="bbox 2181 3520 3834 3599">
     <span class='ocr_line' id='line_1_81' title="bbox 2181 3520 3834 3599; baseline -0.002 -19"><span class='ocrx_word' id='word_1_609' title='bbox 2181 3524 2410 3598; x_wconf 84' lang='grc' dir='ltr'>θανάτῳ,</span> <span class='ocrx_word' id='word_1_610' title='bbox 2447 3549 2476 3576; x_wconf 86' lang='grc'><strong>››</strong></span> <span class='ocrx_word' id='word_1_611' title='bbox 2508 3521 2716 3585; x_wconf 79' lang='grc' dir='ltr'>δεικνὺς</span> <span class='ocrx_word' id='word_1_612' title='bbox 2750 3520 2940 3594; x_wconf 82' lang='grc' dir='ltr'>ἔξωθεν</span> <span class='ocrx_word' id='word_1_613' title='bbox 2987 3522 3396 3598; x_wconf 84' lang='grc' dir='ltr'>παραγενόμενα</span> <span class='ocrx_word' id='word_1_614' title='bbox 3441 3520 3682 3599; x_wconf 81' lang='grc' dir='ltr'>ἐνεργείᾳ</span> <span class='ocrx_word' id='word_1_615' title='bbox 3734 3524 3834 3576; x_wconf 90' lang='grc' dir='ltr'>τοῦ</span> 
     </span>
    </p>
   </div>
   <div class='ocr_carea' id='block_1_80' title="bbox 2176 3608 3826 3686">
    <p class='ocr_par' dir='ltr' id='par_1_80' title="bbox 2176 3608 3826 3686">
     <span class='ocr_line' id='line_1_82' title="bbox 2176 3608 3826 3686; baseline -0.004 -15"><span class='ocrx_word' id='word_1_616' title='bbox 2176 3613 2511 3676; x_wconf 73' lang='grc' dir='ltr'>Σατανᾶ,εἷ’ς</span> <span class='ocrx_word' id='word_1_617' title='bbox 2545 3613 2605 3668; x_wconf 87' lang='grc' dir='ltr'>τὸ</span> <span class='ocrx_word' id='word_1_618' title='bbox 2655 3616 3075 3686; x_wconf 85' lang='grc' dir='ltr'>συνεισενεγκεῖν</span> <span class='ocrx_word' id='word_1_619' title='bbox 3131 3616 3212 3684; x_wconf 78' lang='grc' dir='ltr'>τῷ</span> <span class='ocrx_word' id='word_1_620' title='bbox 3271 3611 3494 3684; x_wconf 84' lang='grc' dir='ltr'>θανάτῳ.</span> <span class='ocrx_word' id='word_1_621' title='bbox 3556 3608 3656 3665; x_wconf 56' lang='lat' dir='ltr'>Aid</span> <span class='ocrx_word' id='word_1_622' title='bbox 3716 3611 3826 3685; x_wconf 86' lang='grc' dir='ltr'>γάρ</span> 
     </span>
    </p>
   </div>
   <div class='ocr_carea' id='block_1_81' title="bbox 2174 3698 3827 3778">
    <p class='ocr_par' dir='ltr' id='par_1_81' title="bbox 2174 3698 3827 3778">
     <span class='ocr_line' id='line_1_83' title="bbox 2174 3698 3827 3778; baseline -0.003 -20"><span class='ocrx_word' id='word_1_623' title='bbox 2174 3707 2283 3758; x_wconf 82' lang='grc' dir='ltr'>τῶν</span> <span class='ocrx_word' id='word_1_624' title='bbox 2315 3703 2615 3778; x_wconf 82' lang='grc' dir='ltr'>ἁμαρτιῶν,</span> <span class='ocrx_word' id='word_1_625' title='bbox 2663 3706 2743 3775; x_wconf 78' lang='grc' dir='ltr'>τῷ</span> <span class='ocrx_word' id='word_1_626' title='bbox 2801 3702 3012 3773; x_wconf 83' lang='grc' dir='ltr'>θανάτῳ</span> <span class='ocrx_word' id='word_1_627' title='bbox 3068 3702 3544 3776; x_wconf 77' lang='grc' dir='ltr'>καρποφοροῦμεν.</span> <span class='ocrx_word' id='word_1_628' title='bbox 3578 3723 3609 3752; x_wconf 79' lang='grc' dir='ltr'>ιι</span> <span class='ocrx_word' id='word_1_629' title='bbox 3689 3698 3827 3758; x_wconf 81' lang='grc' dir='ltr'>Νυνῖ</span> 
     </span>
    </p>
   </div>
   <div class='ocr_carea' id='block_1_82' title="bbox 2179 3787 3825 3868">
    <p class='ocr_par' dir='ltr' id='par_1_82' title="bbox 2179 3787 3825 3868">
     <span class='ocr_line' id='line_1_84' title="bbox 2179 3787 3825 3868; baseline -0.002 -20"><span class='ocrx_word' id='word_1_630' title='bbox 2179 3789 2237 3848; x_wconf 76' lang='grc' dir='ltr'>δὶ</span> <span class='ocrx_word' id='word_1_631' title='bbox 2265 3792 2690 3868; x_wconf 73' lang='grc' dir='ltr'>κατηργήθημεν</span> <span class='ocrx_word' id='word_1_632' title='bbox 2721 3791 2828 3847; x_wconf 83' lang='grc' dir='ltr'>ἀπὸ</span> <span class='ocrx_word' id='word_1_633' title='bbox 2858 3796 2955 3848; x_wconf 85' lang='grc' dir='ltr'>τοῦ</span> <span class='ocrx_word' id='word_1_634' title='bbox 2985 3790 3180 3865; x_wconf 86' lang='grc' dir='ltr'>νόμου.</span> <span class='ocrx_word' id='word_1_635' title='bbox 3225 3814 3254 3843; x_wconf 92' lang='grc'><strong>››</strong></span> <span class='ocrx_word' id='word_1_636' title='bbox 3289 3789 3459 3845; x_wconf 83' lang='grc' dir='ltr'>Πάλιν</span> <span class='ocrx_word' id='word_1_637' title='bbox 3491 3789 3555 3847; x_wconf 81' lang='grc' dir='ltr'>τὸ</span> <span class='ocrx_word' id='word_1_638' title='bbox 3586 3787 3825 3865; x_wconf 70' lang='grc' dir='ltr'>ἐπαχθὲς</span> 
     </span>
    </p>
   </div>
   <div class='ocr_carea' id='block_1_83' title="bbox 2177 3877 3820 3960">
    <p class='ocr_par' dir='ltr' id='par_1_83' title="bbox 2177 3877 3820 3960">
     <span class='ocr_line' id='line_1_85' title="bbox 2177 3877 3820 3960; baseline -0.002 -23"><span class='ocrx_word' id='word_1_639' title='bbox 2177 3881 2415 3960; x_wconf 72' lang='grc' dir='ltr'>φεύγων,</span> <span class='ocrx_word' id='word_1_640' title='bbox 2483 3880 2581 3937; x_wconf 81' lang='grc' dir='ltr'>οὐκ</span> <span class='ocrx_word' id='word_1_641' title='bbox 2650 3881 2790 3947; x_wconf 82' lang='grc' dir='ltr'>εἶπε,</span> <span class='ocrx_word' id='word_1_642' title='bbox 2877 3882 3229 3957; x_wconf 72' lang='grc' dir='ltr'>Κατήργηται</span> <span class='ocrx_word' id='word_1_643' title='bbox 3306 3880 3335 3937; x_wconf 87' lang='grc' dir='ltr'>ὁ</span> <span class='ocrx_word' id='word_1_644' title='bbox 3409 3878 3602 3953; x_wconf 87' lang='grc' dir='ltr'>νόμος,</span> <span class='ocrx_word' id='word_1_645' title='bbox 3675 3877 3820 3946; x_wconf 81' lang='grc' dir='ltr'>ἀλλ’,</span> 
     </span>
    </p>
   </div>
   <div class='ocr_carea' id='block_1_84' title="bbox 2178 3969 3813 4047">
    <p class='ocr_par' dir='ltr' id='par_1_84' title="bbox 2178 3969 3813 4047">
     <span class='ocr_line' id='line_1_86' title="bbox 2178 3969 3813 4047; baseline -0.006 -19"><span class='ocrx_word' id='word_1_646' title='bbox 2178 3996 2207 4025; x_wconf 89' lang='grc'><strong><em>‹‹</em></strong></span> <span class='ocrx_word' id='word_1_647' title='bbox 2239 3972 2428 4047; x_wconf 81' lang='grc' dir='ltr'>Ἡμεῖς</span> <span class='ocrx_word' id='word_1_648' title='bbox 2461 3973 2564 4027; x_wconf 85' lang='grc' dir='ltr'>ἀπὸ</span> <span class='ocrx_word' id='word_1_649' title='bbox 2597 3976 2695 4028; x_wconf 90' lang='grc' dir='ltr'>τοῦ</span> <span class='ocrx_word' id='word_1_650' title='bbox 2750 3969 2927 4046; x_wconf 88' lang='grc' dir='ltr'>νόμου</span> <span class='ocrx_word' id='word_1_651' title='bbox 2956 3972 3417 4046; x_wconf 67' lang='grc' dir='ltr'>κατηργήθημεν,</span> <span class='ocrx_word' id='word_1_652' title='bbox 3451 3994 3478 4021; x_wconf 87' lang='grc'><strong>››</strong></span> <span class='ocrx_word' id='word_1_653' title='bbox 3526 3970 3813 4034; x_wconf 68' lang='grc' dir='ltr'>τουτέστιν,</span> 
     </span>
    </p>
   </div>
   <div class='ocr_carea' id='block_1_85' title="bbox 2175 4056 3807 4139">
    <p class='ocr_par' dir='ltr' id='par_1_85' title="bbox 2175 4056 3807 4139">
     <span class='ocr_line' id='line_1_87' title="bbox 2175 4056 3807 4139; baseline -0.006 -20"><span class='ocrx_word' id='word_1_654' title='bbox 2175 4061 2567 4137; x_wconf 73' lang='grc' dir='ltr'>ἆπολελόμεθα</span> <span class='ocrx_word' id='word_1_655' title='bbox 2593 4062 2684 4118; x_wconf 80' lang='grc' dir='ltr'>καὶ</span> <span class='ocrx_word' id='word_1_656' title='bbox 2714 4061 3133 4139; x_wconf 75' lang='grc' dir='ltr'>λελυτρώμεθα.</span> <span class='ocrx_word' id='word_1_657' title='bbox 3195 4059 3347 4117; x_wconf 83' lang='grc' dir='ltr'>Διατί</span> <span class='ocrx_word' id='word_1_658' title='bbox 3382 4080 3395 4131; x_wconf 91' lang='grc'><strong>;</strong></span> <span class='ocrx_word' id='word_1_659' title='bbox 3429 4056 3650 4127; x_wconf 74' lang='grc' dir='ltr'>ἘπειδὲΙ</span> <span class='ocrx_word' id='word_1_660' title='bbox 3706 4057 3807 4111; x_wconf 79' lang='grc' dir='ltr'>ἄπ-</span> 
     </span>
    </p>
   </div>
   <div class='ocr_carea' id='block_1_86' title="bbox 2176 4147 3820 4227">
    <p class='ocr_par' dir='ltr' id='par_1_86' title="bbox 2176 4147 3820 4227">
     <span class='ocr_line' id='line_1_88' title="bbox 2176 4147 3820 4227; baseline -0.003 -20"><span class='ocrx_word' id='word_1_661' title='bbox 2176 4151 2432 4225; x_wconf 83' lang='grc' dir='ltr'>εθάνομεν</span> <span class='ocrx_word' id='word_1_662' title='bbox 2467 4149 2555 4208; x_wconf 84' lang='grc' dir='ltr'>διὰ</span> <span class='ocrx_word' id='word_1_663' title='bbox 2585 4159 2686 4221; x_wconf 85' lang='grc' dir='ltr'>τῆς</span> <span class='ocrx_word' id='word_1_664' title='bbox 2719 4151 3005 4227; x_wconf 59' lang='grc' dir='ltr'>ἁμαρτίας</span> <span class='ocrx_word' id='word_1_665' title='bbox 3056 4150 3189 4221; x_wconf 73' lang='grc' dir='ltr'>αὕτη</span> <span class='ocrx_word' id='word_1_666' title='bbox 3248 4150 3354 4226; x_wconf 83' lang='grc' dir='ltr'>γάρ</span> <span class='ocrx_word' id='word_1_667' title='bbox 3400 4151 3436 4220; x_wconf 77' lang='grc' dir='ltr'><strong>ἡ</strong></span> <span class='ocrx_word' id='word_1_668' title='bbox 3497 4147 3820 4224; x_wconf 60' lang='grc' dir='ltr'>κατέχουσα·</span> 
     </span>
    </p>
   </div>
   <div class='ocr_carea' id='block_1_87' title="bbox 2176 4235 3829 4317">
    <p class='ocr_par' dir='ltr' id='par_1_87' title="bbox 2176 4235 3829 4317">
     <span class='ocr_line' id='line_1_89' title="bbox 2176 4235 3829 4317; baseline -0.002 -21"><span class='ocrx_word' id='word_1_669' title='bbox 2176 4243 2266 4296; x_wconf 80' lang='grc' dir='ltr'>καὶ</span> <span class='ocrx_word' id='word_1_670' title='bbox 2298 4240 2606 4317; x_wconf 78' lang='grc' dir='ltr'>ἡγὲρθημεν</span> <span class='ocrx_word' id='word_1_671' title='bbox 2642 4240 2703 4296; x_wconf 78' lang='grc' dir='ltr'>οὗ</span> <span class='ocrx_word' id='word_1_672' title='bbox 2736 4237 2827 4295; x_wconf 85' lang='grc' dir='ltr'>διὰ</span> <span class='ocrx_word' id='word_1_673' title='bbox 2854 4239 2954 4294; x_wconf 83' lang='grc' dir='ltr'>τοῦ</span> <span class='ocrx_word' id='word_1_674' title='bbox 2985 4240 3182 4313; x_wconf 86' lang='grc' dir='ltr'>νόμου,</span> <span class='ocrx_word' id='word_1_675' title='bbox 3212 4237 3359 4296; x_wconf 65' lang='grc' dir='ltr'>ἀλλὰ</span> <span class='ocrx_word' id='word_1_676' title='bbox 3414 4235 3506 4295; x_wconf 82' lang='grc' dir='ltr'>διὰ</span> <span class='ocrx_word' id='word_1_677' title='bbox 3559 4242 3658 4294; x_wconf 83' lang='grc' dir='ltr'>τοῦ</span> <span class='ocrx_word' id='word_1_678' title='bbox 3687 4240 3829 4314; x_wconf 81' lang='grc' dir='ltr'>Χρι-</span> 
     </span>
    </p>
   </div>
   <div class='ocr_carea' id='block_1_88' title="bbox 417 4327 3829 4407">
    <p class='ocr_par' dir='ltr' id='par_1_88' title="bbox 417 4327 3829 4407">
     <span class='ocr_line' id='line_1_90' title="bbox 417 4327 3829 4407; baseline -0 -24"><span class='ocrx_word' id='word_1_679' title='bbox 417 4332 566 4387; x_wconf 86' lang='grc' dir='ltr'>στοῦ.</span> <span class='ocrx_word' id='word_1_680' title='bbox 600 4328 779 4398; x_wconf 82' lang='grc' dir='ltr'>Δῆλον</span> <span class='ocrx_word' id='word_1_681' title='bbox 813 4330 904 4384; x_wconf 77' lang='grc' dir='ltr'>οὗν</span> <span class='ocrx_word' id='word_1_682' title='bbox 938 4327 1020 4385; x_wconf 79' lang='grc' dir='ltr'>ὅτι</span> <span class='ocrx_word' id='word_1_683' title='bbox 1054 4328 1160 4385; x_wconf 85' lang='grc' dir='ltr'>ἀπὸ</span> <span class='ocrx_word' id='word_1_684' title='bbox 1194 4329 1289 4403; x_wconf 74' lang='grc' dir='ltr'>μὶν</span> <span class='ocrx_word' id='word_1_685' title='bbox 1320 4334 1417 4388; x_wconf 85' lang='grc' dir='ltr'>τοῦ</span> <span class='ocrx_word' id='word_1_686' title='bbox 1442 4331 1617 4405; x_wconf 90' lang='grc' dir='ltr'>νόμου</span> <span class='ocrx_word' id='word_1_687' title='bbox 1648 4329 2038 4406; x_wconf 79' lang='grc' dir='ltr'>ἀπολελύμεθα</span> <span class='ocrx_word' id='word_1_688' title='bbox 2070 4333 2143 4394; x_wconf 73' lang='grc' dir='ltr'>ὡς</span> <span class='ocrx_word' id='word_1_689' title='bbox 2175 4331 2551 4401; x_wconf 85' lang='grc' dir='ltr'>ἀποθανόντες,</span> <span class='ocrx_word' id='word_1_690' title='bbox 2588 4330 2933 4406; x_wconf 83' lang='grc' dir='ltr'>ὑπετάγημεν</span> <span class='ocrx_word' id='word_1_691' title='bbox 2969 4327 3027 4386; x_wconf 78' lang='grc' dir='ltr'>δὶ</span> <span class='ocrx_word' id='word_1_692' title='bbox 3053 4334 3132 4405; x_wconf 82' lang='grc' dir='ltr'>τῷ</span> <span class='ocrx_word' id='word_1_693' title='bbox 3190 4328 3472 4407; x_wconf 73' lang='grc' dir='ltr'>ῥυσαμένῳ</span> <span class='ocrx_word' id='word_1_694' title='bbox 3530 4330 3681 4403; x_wconf 77' lang='grc' dir='ltr'>ἡμᾶς</span> <span class='ocrx_word' id='word_1_695' title='bbox 3730 4330 3829 4383; x_wconf 86' lang='grc' dir='ltr'>τοῦ</span> 
     </span>
    </p>
   </div>
   <div class='ocr_carea' id='block_1_89' title="bbox 417 4419 930 4496">
    <p class='ocr_par' dir='ltr' id='par_1_89' title="bbox 417 4419 930 4496">
     <span class='ocr_line' id='line_1_91' title="bbox 417 4419 930 4496; baseline 0.008 -22"><span class='ocrx_word' id='word_1_696' title='bbox 417 4419 651 4483; x_wconf 84' lang='grc' dir='ltr'>θανάτου</span> <span class='ocrx_word' id='word_1_697' title='bbox 680 4422 930 4496; x_wconf 76' lang='grc' dir='ltr'>Χριστῷ.</span> 
     </span>
    </p>
   </div>
   <div class='ocr_carea' id='block_1_90' title="bbox 980 4509 1505 4569">
    <p class='ocr_par' dir='ltr' id='par_1_90' title="bbox 980 4509 1505 4569">
     <span class='ocr_line' id='line_1_92' title="bbox 980 4509 1505 4569; baseline -0.002 -2"><span class='ocrx_word' id='word_1_698' title='bbox 980 4509 1136 4568; x_wconf 72' lang='grc'>286</span> <span class='ocrx_word' id='word_1_699' title='bbox 1168 4511 1399 4569; x_wconf 85' lang='lat' dir='ltr'>CAPUT</span> <span class='ocrx_word' id='word_1_700' title='bbox 1436 4512 1505 4568; x_wconf 83' lang='lat' dir='ltr'>X.</span> 
     </span>
    </p>
   </div>
   <div class='ocr_carea' id='block_1_91' title="bbox 414 4618 2062 4747">
    <p class='ocr_par' dir='ltr' id='par_1_91' title="bbox 414 4618 2062 4747">
     <span class='ocr_line' id='line_1_93' title="bbox 414 4618 2062 4747; baseline 0.001 -71"><span class='ocrx_word' id='word_1_701' title='bbox 414 4618 493 4676; x_wconf 87' lang='lat' dir='ltr'>De</span> <span class='ocrx_word' id='word_1_702' title='bbox 524 4619 980 4677; x_wconf 85' lang='lat' dir='ltr'>condemnatione</span> <span class='ocrx_word' id='word_1_703' title='bbox 1007 4635 1129 4694; x_wconf 59' lang='lat' dir='ltr'>qua</span> <span class='ocrx_word' id='word_1_704' title='bbox 1162 4627 1400 4747; x_wconf 49' lang='lat' dir='ltr'>plzopter</span> <span class='ocrx_word' id='word_1_705' title='bbox 1448 4626 1737 4692; x_wconf 82' lang='lat' dir='ltr'>peccatum</span> <span class='ocrx_word' id='word_1_706' title='bbox 1788 4628 1909 4677; x_wconf 84' lang='lat' dir='ltr'>erat</span> <span class='ocrx_word' id='word_1_707' title='bbox 1965 4622 2062 4677; x_wconf 87' lang='lat' dir='ltr'>sub</span> 
     </span>
     <span class='ocr_line' id='line_1_94' title="bbox 1247 4709 1331 4747; baseline 0 0"><span class='ocrx_word' id='word_1_708' title='bbox 1247 4709 1331 4747; x_wconf 89' lang='lat' dir='ltr'>ae.</span> 
     </span>
    </p>
   </div>
   <div class='ocr_carea' id='block_1_92' title="bbox 1284 4709 1331 4748">
    <p class='ocr_par' dir='ltr' id='par_1_92' title="bbox 1284 4709 1331 4748">
     <span class='ocr_line' id='line_1_95' title="bbox 1284 4709 1331 4748; baseline -0.021 0"><span class='ocrx_word' id='word_1_709' title='bbox 1284 4709 1331 4748; x_wconf 80' lang='grc'>8.</span> 
     </span>
    </p>
   </div>
   <div class='ocr_carea' id='block_1_93' title="bbox 482 4710 2063 4854">
    <p class='ocr_par' dir='ltr' id='par_1_93' title="bbox 482 4710 2063 4854">
     <span class='ocr_line' id='line_1_96' title="bbox 1197 4710 1331 4748; baseline 0 -1"><span class='ocrx_word' id='word_1_710' title='bbox 1197 4710 1244 4747; x_wconf 73' lang='grc' dir='ltr'>ιθ</span> <span class='ocrx_word' id='word_1_711' title='bbox 1284 4710 1331 4748; x_wconf 81' lang='grc' dir='ltr'>ϐ.</span> 
     </span>
     <span class='ocr_line' id='line_1_97' title="bbox 482 4710 2063 4854; baseline 0.004 -22"><span class='ocrx_word' id='word_1_712' title='bbox 482 4777 596 4835; x_wconf 85' lang='lat' dir='ltr'><strong>V11.</strong></span> <span class='ocrx_word' id='word_1_713' title='bbox 631 4781 684 4847; x_wconf 85' lang='lat'>6,</span> <span class='ocrx_word' id='word_1_714' title='bbox 714 4780 767 4831; x_wconf 91' lang='lat'>7.</span> <span class='ocrx_word' id='word_1_715' title='bbox 808 4782 877 4836; x_wconf 88' lang='lat' dir='ltr'>Ut</span> <span class='ocrx_word' id='word_1_716' title='bbox 903 4784 1203 4837; x_wconf 78' lang='lat' dir='ltr'>serviamus</span> <span class='ocrx_word' id='word_1_717' title='bbox 1246 4710 1361 4854; x_wconf 52' lang='grc' dir='ltr'>ἵνα·</span> <span class='ocrx_word' id='word_1_718' title='bbox 1416 4783 1713 4838; x_wconf 81' lang='lat' dir='ltr'>novitatem</span> <span class='ocrx_word' id='word_1_719' title='bbox 1740 4784 1989 4854; x_wconf 83' lang='lat' dir='ltr'>spiritus,</span> <span class='ocrx_word' id='word_1_720' title='bbox 2012 4788 2063 4841; x_wconf 91' lang='lat' dir='ltr'>et</span> 
     </span>
    </p>
   </div>
   <div class='ocr_carea' id='block_1_94' title="bbox 409 4870 2064 4943">
    <p class='ocr_par' dir='ltr' id='par_1_94' title="bbox 409 4870 2064 4943">
     <span class='ocr_line' id='line_1_98' title="bbox 409 4870 2064 4943; baseline 0.003 -19"><span class='ocrx_word' id='word_1_721' title='bbox 409 4884 522 4925; x_wconf 88' lang='lat' dir='ltr'>non</span> <span class='ocrx_word' id='word_1_722' title='bbox 543 4884 649 4939; x_wconf 84' lang='lat' dir='ltr'>per</span> <span class='ocrx_word' id='word_1_723' title='bbox 677 4875 1002 4926; x_wconf 80' lang='lat' dir='ltr'>vetustatem</span> <span class='ocrx_word' id='word_1_724' title='bbox 1045 4870 1261 4929; x_wconf 76' lang='lat' dir='ltr'>litterae.</span> <span class='ocrx_word' id='word_1_725' title='bbox 1296 4873 1442 4938; x_wconf 85' lang='lat' dir='ltr'>Quid</span> <span class='ocrx_word' id='word_1_726' title='bbox 1470 4889 1600 4943; x_wconf 82' lang='lat' dir='ltr'>ergo</span> <span class='ocrx_word' id='word_1_727' title='bbox 1627 4872 1868 4930; x_wconf 80' lang='lat' dir='ltr'>dicemus</span> <span class='ocrx_word' id='word_1_728' title='bbox 1897 4872 1923 4929; x_wconf 88' lang='lat'><strong>?</strong></span> <span class='ocrx_word' id='word_1_729' title='bbox 1950 4875 2064 4930; x_wconf 71' lang='lat' dir='ltr'>Lex</span> 
     </span>
    </p>
   </div>
   <div class='ocr_carea' id='block_1_95' title="bbox 402 4960 2065 5033">
    <p class='ocr_par' dir='ltr' id='par_1_95' title="bbox 402 4960 2065 5033">
     <span class='ocr_line' id='line_1_99' title="bbox 402 4960 2065 5033; baseline 0.002 -19"><span class='ocrx_word' id='word_1_730' title='bbox 402 4963 693 5030; x_wconf 65' lang='lat' dir='ltr'>peccatum</span> <span class='ocrx_word' id='word_1_731' title='bbox 723 4963 801 5013; x_wconf 87' lang='lat' dir='ltr'>est</span> <span class='ocrx_word' id='word_1_732' title='bbox 826 4961 854 5013; x_wconf 86' lang='lat'><strong><em>?</em></strong></span> <span class='ocrx_word' id='word_1_733' title='bbox 884 4960 1087 5015; x_wconf 84' lang='lat' dir='ltr'>Absit!</span> <span class='ocrx_word' id='word_1_734' title='bbox 1114 4961 1222 5016; x_wconf 83' lang='lat' dir='ltr'>Sed</span> <span class='ocrx_word' id='word_1_735' title='bbox 1243 4969 1533 5033; x_wconf 86' lang='lat' dir='ltr'>peccatum</span> <span class='ocrx_word' id='word_1_736' title='bbox 1555 4978 1666 5017; x_wconf 89' lang='lat' dir='ltr'>non</span> <span class='ocrx_word' id='word_1_737' title='bbox 1694 4965 1926 5033; x_wconf 86' lang='lat' dir='ltr'>cognovi</span> <span class='ocrx_word' id='word_1_738' title='bbox 1954 4964 2065 5018; x_wconf 84' lang='lat' dir='ltr'>nisi</span> 
     </span>
    </p>
   </div>
   <div class='ocr_carea' id='block_1_96' title="bbox 402 5050 2065 5122">
    <p class='ocr_par' dir='ltr' id='par_1_96' title="bbox 402 5050 2065 5122">
     <span class='ocr_line' id='line_1_100' title="bbox 402 5050 2065 5122; baseline 0.002 -18"><span class='ocrx_word' id='word_1_739' title='bbox 402 5065 510 5122; x_wconf 76' lang='lat' dir='ltr'>per</span> <span class='ocrx_word' id='word_1_740' title='bbox 539 5050 730 5120; x_wconf 86' lang='lat' dir='ltr'>legem.</span> <span class='ocrx_word' id='word_1_741' title='bbox 763 5050 903 5104; x_wconf 86' lang='lat' dir='ltr'>Nam</span> <span class='ocrx_word' id='word_1_742' title='bbox 948 5055 999 5104; x_wconf 84' lang='lat' dir='ltr'>et</span> <span class='ocrx_word' id='word_1_743' title='bbox 1054 5053 1549 5121; x_wconf 86' lang='lat' dir='ltr'>concupiscentiam</span> <span class='ocrx_word' id='word_1_744' title='bbox 1596 5052 1898 5109; x_wconf 86' lang='lat' dir='ltr'>nesciebam</span> <span class='ocrx_word' id='word_1_745' title='bbox 1955 5054 2065 5108; x_wconf 83' lang='lat' dir='ltr'>nisi</span> 
     </span>
    </p>
   </div>
   <div class='ocr_carea' id='block_1_97' title="bbox 412 5139 1353 5212">
    <p class='ocr_par' dir='ltr' id='par_1_97' title="bbox 412 5139 1353 5212">
     <span class='ocr_line' id='line_1_101' title="bbox 412 5139 1353 5212; baseline 0.001 -15"><span class='ocrx_word' id='word_1_746' title='bbox 412 5141 503 5197; x_wconf 70' lang='lat' dir='ltr'>lea:</span> <span class='ocrx_word' id='word_1_747' title='bbox 531 5139 764 5197; x_wconf 72' lang='lat' dir='ltr'>dixisset</span> <span class='ocrx_word' id='word_1_748' title='bbox 790 5156 809 5195; x_wconf 89' lang='lat'>:</span> <span class='ocrx_word' id='word_1_749' title='bbox 838 5140 958 5195; x_wconf 91' lang='lat' dir='ltr'>Non</span> <span class='ocrx_word' id='word_1_750' title='bbox 989 5144 1353 5212; x_wconf 86' lang='lat' dir='ltr'>concupisces.</span> 
     </span>
    </p>
   </div>
   <div class='ocr_carea' id='block_1_98' title="bbox 475 5319 2066 5397">
    <p class='ocr_par' dir='ltr' id='par_1_98' title="bbox 475 5319 2066 5397">
     <span class='ocr_line' id='line_1_102' title="bbox 475 5319 2066 5397; baseline 0.003 -20"><span class='ocrx_word' id='word_1_751' title='bbox 475 5321 701 5380; x_wconf 90' lang='lat' dir='ltr'>Deinde</span> <span class='ocrx_word' id='word_1_752' title='bbox 718 5338 793 5379; x_wconf 89' lang='lat' dir='ltr'>ne</span> <span class='ocrx_word' id='word_1_753' title='bbox 826 5319 1170 5377; x_wconf 87' lang='lat' dir='ltr'>existiment</span> <span class='ocrx_word' id='word_1_754' title='bbox 1219 5320 1376 5393; x_wconf 91' lang='lat' dir='ltr'>quod</span> <span class='ocrx_word' id='word_1_755' title='bbox 1410 5338 1443 5377; x_wconf 81' lang='grc' dir='ltr'>ει</span> <span class='ocrx_word' id='word_1_756' title='bbox 1499 5322 1627 5393; x_wconf 88' lang='lat' dir='ltr'>lege</span> <span class='ocrx_word' id='word_1_757' title='bbox 1667 5322 2066 5397; x_wconf 65' lang='lat' dir='ltr'>absoluti,:se—</span> 
     </span>
    </p>
   </div>
   <div class='ocr_carea' id='block_1_99' title="bbox 411 5410 2062 5484">
    <p class='ocr_par' dir='ltr' id='par_1_99' title="bbox 411 5410 2062 5484">
     <span class='ocr_line' id='line_1_103' title="bbox 411 5410 2062 5484; baseline 0.002 -19"><span class='ocrx_word' id='word_1_758' title='bbox 411 5426 550 5466; x_wconf 86' lang='lat' dir='ltr'>cure</span> <span class='ocrx_word' id='word_1_759' title='bbox 581 5410 865 5484; x_wconf 87' lang='lat' dir='ltr'>deinceps</span> <span class='ocrx_word' id='word_1_760' title='bbox 895 5426 1067 5484; x_wconf 85' lang='lat' dir='ltr'>agere</span> <span class='ocrx_word' id='word_1_761' title='bbox 1103 5410 1335 5483; x_wconf 90' lang='lat' dir='ltr'>possint</span> <span class='ocrx_word' id='word_1_762' title='bbox 1363 5428 1494 5483; x_wconf 79' lang='lat' dir='ltr'>qum</span> <span class='ocrx_word' id='word_1_763' title='bbox 1525 5410 1732 5478; x_wconf 87' lang='lat' dir='ltr'>velint,</span> <span class='ocrx_word' id='word_1_764' title='bbox 1766 5412 1946 5469; x_wconf 89' lang='lat' dir='ltr'>aliam</span> <span class='ocrx_word' id='word_1_765' title='bbox 1969 5412 2062 5468; x_wconf 81' lang='lat' dir='ltr'>in-</span> 
     </span>
    </p>
   </div>
   <div class='ocr_carea' id='block_1_100' title="bbox 417 5499 2063 5575">
    <p class='ocr_par' dir='ltr' id='par_1_100' title="bbox 417 5499 2063 5575">
     <span class='ocr_line' id='line_1_104' title="bbox 417 5499 2063 5575; baseline 0.002 -19"><span class='ocrx_word' id='word_1_766' title='bbox 417 5499 579 5556; x_wconf 89' lang='lat' dir='ltr'>ducit</span> <span class='ocrx_word' id='word_1_767' title='bbox 609 5503 952 5558; x_wconf 88' lang='lat' dir='ltr'>servitutem</span> <span class='ocrx_word' id='word_1_768' title='bbox 982 5500 1510 5575; x_wconf 89' lang='lat' dir='ltr'>exactiorem.puta</span> <span class='ocrx_word' id='word_1_769' title='bbox 1541 5502 1784 5575; x_wconf 89' lang='lat' dir='ltr'>spiritus</span> <span class='ocrx_word' id='word_1_770' title='bbox 1812 5503 2063 5559; x_wconf 89' lang='lat' dir='ltr'>Pulchre</span> 
     </span>
    </p>
   </div>
   <div class='ocr_carea' id='block_1_101' title="bbox 413 5588 2063 5665">
    <p class='ocr_par' dir='ltr' id='par_1_101' title="bbox 413 5588 2063 5665">
     <span class='ocr_line' id='line_1_105' title="bbox 413 5588 2063 5665; baseline 0.001 -19"><span class='ocrx_word' id='word_1_771' title='bbox 413 5594 613 5646; x_wconf 86' lang='lat' dir='ltr'>autem</span> <span class='ocrx_word' id='word_1_772' title='bbox 643 5588 961 5647; x_wconf 82' lang='lat' dir='ltr'>dicit.«Per</span> <span class='ocrx_word' id='word_1_773' title='bbox 976 5591 1298 5648; x_wconf 86' lang='lat' dir='ltr'>novitatem</span> <span class='ocrx_word' id='word_1_774' title='bbox 1324 5608 1340 5659; x_wconf 85' lang='lat'><strong>;</strong></span> <span class='ocrx_word' id='word_1_775' title='bbox 1380 5614 1408 5641; x_wconf 83' lang='grc'><strong>››</strong></span> <span class='ocrx_word' id='word_1_776' title='bbox 1436 5608 1629 5665; x_wconf 89' lang='lat' dir='ltr'>neque</span> <span class='ocrx_word' id='word_1_777' title='bbox 1661 5592 1821 5649; x_wconf 88' lang='lat' dir='ltr'>enim</span> <span class='ocrx_word' id='word_1_778' title='bbox 1855 5591 2063 5650; x_wconf 88' lang='lat' dir='ltr'>eadem</span> 
     </span>
    </p>
   </div>
   <div class='ocr_carea' id='block_1_102' title="bbox 415 5678 2065 5755">
    <p class='ocr_par' dir='ltr' id='par_1_102' title="bbox 415 5678 2065 5755">
     <span class='ocr_line' id='line_1_106' title="bbox 415 5678 2065 5755; baseline 0.002 -18"><span class='ocrx_word' id='word_1_779' title='bbox 415 5684 555 5737; x_wconf 84' lang='lat' dir='ltr'>sunt</span> <span class='ocrx_word' id='word_1_780' title='bbox 585 5682 804 5735; x_wconf 84' lang='lat' dir='ltr'>statuta</span> <span class='ocrx_word' id='word_1_781' title='bbox 833 5678 897 5736; x_wconf 90' lang='lat' dir='ltr'>in</span> <span class='ocrx_word' id='word_1_782' title='bbox 928 5681 1084 5736; x_wconf 85' lang='lat' dir='ltr'>Novo</span> <span class='ocrx_word' id='word_1_783' title='bbox 1114 5682 1488 5738; x_wconf 88' lang='lat' dir='ltr'>Testamento</span> <span class='ocrx_word' id='word_1_784' title='bbox 1519 5698 1650 5755; x_wconf 78' lang='lat' dir='ltr'>quae</span> <span class='ocrx_word' id='word_1_785' title='bbox 1701 5681 1843 5739; x_wconf 89' lang='lat' dir='ltr'>olim</span> <span class='ocrx_word' id='word_1_786' title='bbox 1896 5687 2065 5741; x_wconf 86' lang='lat' dir='ltr'>erant</span> 
     </span>
    </p>
   </div>
   <div class='ocr_carea' id='block_1_103' title="bbox 2098 4516 2146 4580">
    <p class='ocr_par' dir='ltr' id='par_1_103' title="bbox 2098 4516 2146 4580">
     <span class='ocr_line' id='line_1_107' title="bbox 2098 4516 2146 4580; baseline 0 0"><span class='ocrx_word' id='word_1_787' title='bbox 2098 4516 2146 4580; x_wconf 94' lang='lat' dir='ltr'><strong>D</strong></span> 
     </span>
    </p>
   </div>
   <div class='ocr_carea' id='block_1_104' title="bbox 2809 4510 3176 4569">
    <p class='ocr_par' dir='ltr' id='par_1_104' title="bbox 2809 4510 3176 4569">
     <span class='ocr_line' id='line_1_108' title="bbox 2809 4510 3176 4569; baseline -0.003 -1"><span class='ocrx_word' id='word_1_788' title='bbox 2809 4514 3072 4569; x_wconf 79' lang='grc' dir='ltr'>ΚΕΦΑΛ.</span> <span class='ocrx_word' id='word_1_789' title='bbox 3104 4510 3176 4569; x_wconf 82' lang='lat' dir='ltr'>L&#39;.</span> 
     </span>
    </p>
   </div>
   <div class='ocr_carea' id='block_1_105' title="bbox 2245 4616 3762 4747">
    <p class='ocr_par' dir='ltr' id='par_1_105' title="bbox 2245 4616 3762 4747">
     <span class='ocr_line' id='line_1_109' title="bbox 2245 4616 3762 4747; baseline -0.003 -70"><span class='ocrx_word' id='word_1_790' title='bbox 2245 4618 2376 4693; x_wconf 78' lang='grc' dir='ltr'>Περὶ</span> <span class='ocrx_word' id='word_1_791' title='bbox 2415 4621 2515 4685; x_wconf 79' lang='grc' dir='ltr'>τῆς</span> <span class='ocrx_word' id='word_1_792' title='bbox 2552 4617 2654 4674; x_wconf 84' lang='grc' dir='ltr'>ὑπὸ</span> <span class='ocrx_word' id='word_1_793' title='bbox 2686 4617 3255 4747; x_wconf 43' lang='grc' dir='ltr'>νόμου-καῖακρίσεως</span> <span class='ocrx_word' id='word_1_794' title='bbox 3307 4616 3398 4675; x_wconf 69' lang='grc' dir='ltr'>διὰ</span> <span class='ocrx_word' id='word_1_795' title='bbox 3426 4619 3539 4691; x_wconf 29' lang='grc' dir='ltr'>’τὴν</span> <span class='ocrx_word' id='word_1_796' title='bbox 3585 4619 3762 4696; x_wconf 83' lang='grc' dir='ltr'>ἆμαρ-</span> 
     </span>
     <span class='ocr_line' id='line_1_110' title="bbox 2928 4711 3070 4747; baseline -0.007 0"><span class='ocrx_word' id='word_1_797' title='bbox 2928 4711 2957 4747; x_wconf 87' lang='grc' dir='ltr'>τ</span> <span class='ocrx_word' id='word_1_798' title='bbox 2988 4713 3070 4747; x_wconf 86' lang='grc' dir='ltr'>αν.</span> 
     </span>
    </p>
   </div>
   <div class='ocr_carea' id='block_1_106' title="bbox 2928 4711 3070 4748">
    <p class='ocr_par' dir='ltr' id='par_1_106' title="bbox 2928 4711 3070 4748">
     <span class='ocr_line' id='line_1_111' title="bbox 2928 4711 3070 4748; baseline 0.007 -1"><span class='ocrx_word' id='word_1_799' title='bbox 2928 4711 3070 4748; x_wconf 85' lang='grc' dir='ltr'>τιαν.</span> 
     </span>
    </p>
   </div>
   <div class='ocr_carea' id='block_1_107' title="bbox 2240 4776 3829 4855">
    <p class='ocr_par' dir='ltr' id='par_1_107' title="bbox 2240 4776 3829 4855">
     <span class='ocr_line' id='line_1_112' title="bbox 2240 4776 3829 4855; baseline -0.001 -19"><span class='ocrx_word' id='word_1_800' title='bbox 2240 4781 2447 4854; x_wconf 51' lang='lat'>&quot;901:8;</span> <span class='ocrx_word' id='word_1_801' title='bbox 2462 4777 2737 4835; x_wconf 74' lang='grc' dir='ltr'>δουλεύειν</span> <span class='ocrx_word' id='word_1_802' title='bbox 2808 4782 2957 4854; x_wconf 84' lang='grc' dir='ltr'>ἡμᾶς</span> <span class='ocrx_word' id='word_1_803' title='bbox 3002 4779 3118 4843; x_wconf 64' lang='grc' dir='ltr'>ξέν’</span> <span class='ocrx_word' id='word_1_804' title='bbox 3149 4778 3430 4849; x_wconf 86' lang='grc' dir='ltr'>καινότητι</span> <span class='ocrx_word' id='word_1_805' title='bbox 3461 4776 3829 4855; x_wconf 77' lang='grc' dir='ltr'>πνεύματος,</span> 
     </span>
    </p>
   </div>
   <div class='ocr_carea' id='block_1_108' title="bbox 2170 4867 3829 4947">
    <p class='ocr_par' dir='ltr' id='par_1_108' title="bbox 2170 4867 3829 4947">
     <span class='ocr_line' id='line_1_113' title="bbox 2170 4867 3829 4947; baseline -0.001 -23"><span class='ocrx_word' id='word_1_806' title='bbox 2170 4869 2261 4925; x_wconf 87' lang='grc' dir='ltr'>καὶ</span> <span class='ocrx_word' id='word_1_807' title='bbox 2318 4869 2379 4925; x_wconf 77' lang='grc' dir='ltr'>οὐ</span> <span class='ocrx_word' id='word_1_808' title='bbox 2437 4870 2797 4941; x_wconf 61' lang='grc' dir='ltr'>παλαιότητιξ</span> <span class='ocrx_word' id='word_1_809' title='bbox 2852 4871 3245 4947; x_wconf 51' lang='grc' dir='ltr'>γράμματοςςς</span> <span class='ocrx_word' id='word_1_810' title='bbox 3274 4870 3336 4926; x_wconf 86' lang='grc' dir='ltr'>Τί</span> <span class='ocrx_word' id='word_1_811' title='bbox 3368 4867 3487 4942; x_wconf 68' lang='grc' dir='ltr'>ξοῦν</span> <span class='ocrx_word' id='word_1_812' title='bbox 3543 4868 3829 4946; x_wconf 83' lang='grc' dir='ltr'>ἐροῦμεν;</span> 
     </span>
    </p>
   </div>
   <div class='ocr_carea' id='block_1_109' title="bbox 2170 4956 3825 5039">
    <p class='ocr_par' dir='ltr' id='par_1_109' title="bbox 2170 4956 3825 5039">
     <span class='ocr_line' id='line_1_114' title="bbox 2170 4956 3825 5039; baseline -0.003 -21"><span class='ocrx_word' id='word_1_813' title='bbox 2170 4961 2232 5018; x_wconf 84' lang='grc' dir='ltr'>Ὀ</span> <span class='ocrx_word' id='word_1_814' title='bbox 2261 4962 2432 5034; x_wconf 89' lang='grc' dir='ltr'>νόμος</span> <span class='ocrx_word' id='word_1_815' title='bbox 2466 4961 2703 5037; x_wconf 84' lang='grc' dir='ltr'>ἁμαρτία</span> <span class='ocrx_word' id='word_1_816' title='bbox 2735 4983 2751 5030; x_wconf 87' lang='lat'><strong>;</strong></span> <span class='ocrx_word' id='word_1_817' title='bbox 2784 4962 2878 5031; x_wconf 75' lang='grc' dir='ltr'>Μὴ</span> <span class='ocrx_word' id='word_1_818' title='bbox 2937 4960 3174 5039; x_wconf 83' lang='grc' dir='ltr'>γένοιτο.</span> <span class='ocrx_word' id='word_1_819' title='bbox 3235 4956 3412 5018; x_wconf 84' lang='grc' dir='ltr'>Ἀλλά</span> <span class='ocrx_word' id='word_1_820' title='bbox 3464 4959 3564 5029; x_wconf 81' lang='grc' dir='ltr'>τὴν</span> <span class='ocrx_word' id='word_1_821' title='bbox 3644 4959 3825 5035; x_wconf 82' lang='grc' dir='ltr'>ἁμαρ-</span> 
     </span>
    </p>
   </div>
   <div class='ocr_carea' id='block_1_110' title="bbox 2170 5047 3825 5133">
    <p class='ocr_par' dir='ltr' id='par_1_110' title="bbox 2170 5047 3825 5133">
     <span class='ocr_line' id='line_1_115' title="bbox 2170 5047 3825 5133; baseline -0.005 -22"><span class='ocrx_word' id='word_1_822' title='bbox 2170 5056 2288 5111; x_wconf 87' lang='grc' dir='ltr'>τίαν</span> <span class='ocrx_word' id='word_1_823' title='bbox 2323 5055 2422 5111; x_wconf 73' lang='grc' dir='ltr'>οὒκ</span> <span class='ocrx_word' id='word_1_824' title='bbox 2476 5050 2672 5133; x_wconf 82' lang='grc' dir='ltr'>ἔγνων,</span> <span class='ocrx_word' id='word_1_825' title='bbox 2732 5052 2775 5108; x_wconf 81' lang='grc' dir='ltr'>εἰ</span> <span class='ocrx_word' id='word_1_826' title='bbox 2843 5052 2921 5128; x_wconf 80' lang='grc' dir='ltr'>μή</span> <span class='ocrx_word' id='word_1_827' title='bbox 2983 5048 3071 5107; x_wconf 78' lang='grc' dir='ltr'>διὰ</span> <span class='ocrx_word' id='word_1_828' title='bbox 3124 5048 3318 5123; x_wconf 88' lang='grc' dir='ltr'>νόμου.</span> <span class='ocrx_word' id='word_1_829' title='bbox 3404 5050 3518 5121; x_wconf 79' lang='grc' dir='ltr'>Τήν</span> <span class='ocrx_word' id='word_1_830' title='bbox 3601 5069 3663 5104; x_wconf 90' lang='grc' dir='ltr'>τε</span> <span class='ocrx_word' id='word_1_831' title='bbox 3718 5047 3825 5126; x_wconf 82' lang='grc' dir='ltr'>γάρ</span> 
     </span>
    </p>
   </div>
   <div class='ocr_carea' id='block_1_111' title="bbox 2173 5135 3830 5221">
    <p class='ocr_par' dir='ltr' id='par_1_111' title="bbox 2173 5135 3830 5221">
     <span class='ocr_line' id='line_1_116' title="bbox 2173 5135 3830 5221; baseline -0.004 -21"><span class='ocrx_word' id='word_1_832' title='bbox 2173 5144 2462 5221; x_wconf 74' lang='grc' dir='ltr'>ἐπιθυμίαν</span> <span class='ocrx_word' id='word_1_833' title='bbox 2522 5144 2625 5199; x_wconf 82' lang='grc' dir='ltr'>οὐκ</span> <span class='ocrx_word' id='word_1_834' title='bbox 2662 5137 2836 5217; x_wconf 75' lang='grc' dir='ltr'>ᾔδειν,</span> <span class='ocrx_word' id='word_1_835' title='bbox 2899 5139 2945 5194; x_wconf 79' lang='grc' dir='ltr'>εἷ</span> <span class='ocrx_word' id='word_1_836' title='bbox 2999 5141 3076 5214; x_wconf 80' lang='grc' dir='ltr'>μὴ</span> <span class='ocrx_word' id='word_1_837' title='bbox 3126 5141 3154 5196; x_wconf 88' lang='lat'>6</span> <span class='ocrx_word' id='word_1_838' title='bbox 3213 5138 3383 5214; x_wconf 87' lang='grc' dir='ltr'>νόμος</span> <span class='ocrx_word' id='word_1_839' title='bbox 3437 5135 3645 5214; x_wconf 79' lang='grc' dir='ltr'>ἔλεγεν·</span> <span class='ocrx_word' id='word_1_840' title='bbox 3707 5136 3830 5195; x_wconf 78' lang='grc' dir='ltr'>Οὐκ</span> 
     </span>
    </p>
   </div>
   <div class='ocr_carea' id='block_1_112' title="bbox 2172 5234 2553 5306">
    <p class='ocr_par' dir='ltr' id='par_1_112' title="bbox 2172 5234 2553 5306">
     <span class='ocr_line' id='line_1_117' title="bbox 2172 5234 2553 5306; baseline -0.005 -15"><span class='ocrx_word' id='word_1_841' title='bbox 2172 5234 2553 5306; x_wconf 74' lang='grc' dir='ltr'>ἐπιθυμήσεις.</span> 
     </span>
    </p>
   </div>
   <div class='ocr_carea' id='block_1_113' title="bbox 2244 5316 3823 5397">
    <p class='ocr_par' dir='ltr' id='par_1_113' title="bbox 2244 5316 3823 5397">
     <span class='ocr_line' id='line_1_118' title="bbox 2244 5316 3823 5397; baseline -0.004 -18"><span class='ocrx_word' id='word_1_842' title='bbox 2244 5326 2384 5379; x_wconf 79' lang='grc' dir='ltr'>Εἶτα</span> <span class='ocrx_word' id='word_1_843' title='bbox 2407 5322 2500 5379; x_wconf 69' lang='grc' dir='ltr'>ἵνα</span> <span class='ocrx_word' id='word_1_844' title='bbox 2533 5321 2968 5397; x_wconf 53' lang='grc' dir='ltr'>μήθνομίσωσιν,</span> <span class='ocrx_word' id='word_1_845' title='bbox 3015 5318 3100 5375; x_wconf 78' lang='grc' dir='ltr'>ὅτι</span> <span class='ocrx_word' id='word_1_846' title='bbox 3157 5317 3519 5383; x_wconf 71' lang='grc' dir='ltr'>ἀπολυθέντες</span> <span class='ocrx_word' id='word_1_847' title='bbox 3573 5322 3671 5375; x_wconf 87' lang='grc' dir='ltr'>τοῦ</span> <span class='ocrx_word' id='word_1_848' title='bbox 3704 5316 3823 5391; x_wconf 15' lang='grc' dir='ltr'>,νό-</span> 
     </span>
    </p>
   </div>
   <div class='ocr_carea' id='block_1_114' title="bbox 2178 5406 3820 5489">
    <p class='ocr_par' dir='ltr' id='par_1_114' title="bbox 2178 5406 3820 5489">
     <span class='ocr_line' id='line_1_119' title="bbox 2178 5406 3820 5489; baseline -0.004 -19"><span class='ocrx_word' id='word_1_849' title='bbox 2178 5436 2304 5489; x_wconf 89' lang='grc' dir='ltr'>μου,</span> <span class='ocrx_word' id='word_1_850' title='bbox 2339 5412 2538 5470; x_wconf 87' lang='grc' dir='ltr'>λοιπὸν</span> <span class='ocrx_word' id='word_1_851' title='bbox 2572 5410 2606 5469; x_wconf 76' lang='grc' dir='ltr'>δι’</span> <span class='ocrx_word' id='word_1_852' title='bbox 2636 5410 2931 5489; x_wconf 76' lang='grc' dir='ltr'>βούλονται</span> <span class='ocrx_word' id='word_1_853' title='bbox 2962 5407 3262 5474; x_wconf 76' lang='grc' dir='ltr'>ἀκινδύνως</span> <span class='ocrx_word' id='word_1_854' title='bbox 3323 5412 3671 5489; x_wconf 79' lang='grc' dir='ltr'>πράττουσιν,</span> <span class='ocrx_word' id='word_1_855' title='bbox 3724 5406 3820 5464; x_wconf 81' lang='grc' dir='ltr'>ἐπ-</span> 
     </span>
    </p>
   </div>
   <div class='ocr_carea' id='block_1_115' title="bbox 2174 5494 3821 5578">
    <p class='ocr_par' dir='ltr' id='par_1_115' title="bbox 2174 5494 3821 5578">
     <span class='ocr_line' id='line_1_120' title="bbox 2174 5494 3821 5578; baseline -0.004 -19"><span class='ocrx_word' id='word_1_856' title='bbox 2174 5503 2294 5578; x_wconf 86' lang='grc' dir='ltr'>άγει</span> <span class='ocrx_word' id='word_1_857' title='bbox 2325 5500 2504 5573; x_wconf 82' lang='grc' dir='ltr'>ἄλλην</span> <span class='ocrx_word' id='word_1_858' title='bbox 2540 5498 2787 5558; x_wconf 84' lang='grc' dir='ltr'>δουλείαν</span> <span class='ocrx_word' id='word_1_859' title='bbox 2821 5494 3225 5578; x_wconf 72' lang='grc' dir='ltr'>ἀκριϐεστέραν,</span> <span class='ocrx_word' id='word_1_860' title='bbox 3277 5502 3374 5571; x_wconf 69' lang='grc' dir='ltr'>τὴν</span> <span class='ocrx_word' id='word_1_861' title='bbox 3425 5504 3523 5557; x_wconf 84' lang='grc' dir='ltr'>τοῦ</span> <span class='ocrx_word' id='word_1_862' title='bbox 3574 5498 3821 5571; x_wconf 68' lang='grc' dir='ltr'>πνεύμα-</span> 
     </span>
    </p>
   </div>
   <div class='ocr_carea' id='block_1_116' title="bbox 2173 5588 3818 5662">
    <p class='ocr_par' dir='ltr' id='par_1_116' title="bbox 2173 5588 3818 5662">
     <span class='ocr_line' id='line_1_121' title="bbox 2173 5588 3818 5662; baseline -0.001 -12"><span class='ocrx_word' id='word_1_863' title='bbox 2173 5614 2284 5657; x_wconf 86' lang='grc' dir='ltr'>τος.</span> <span class='ocrx_word' id='word_1_864' title='bbox 2320 5591 2520 5656; x_wconf 80' lang='grc' dir='ltr'>Καλῶς</span> <span class='ocrx_word' id='word_1_865' title='bbox 2552 5588 2609 5647; x_wconf 62' lang='grc' dir='ltr'>δὲ</span> <span class='ocrx_word' id='word_1_866' title='bbox 2636 5592 2720 5661; x_wconf 87' lang='grc' dir='ltr'>τὸ,</span> <span class='ocrx_word' id='word_1_867' title='bbox 2750 5616 2779 5644; x_wconf 89' lang='grc'><em>‹‹</em></span> <span class='ocrx_word' id='word_1_868' title='bbox 2814 5592 3126 5662; x_wconf 82' lang='grc' dir='ltr'>Καινότητι,</span> <span class='ocrx_word' id='word_1_869' title='bbox 3158 5615 3186 5645; x_wconf 85' lang='grc'><strong>››</strong></span> <span class='ocrx_word' id='word_1_870' title='bbox 3220 5588 3407 5659; x_wconf 77' lang='grc' dir='ltr'>ἐπειδὴ</span> <span class='ocrx_word' id='word_1_871' title='bbox 3441 5588 3503 5646; x_wconf 82' lang='grc' dir='ltr'>οὗ</span> <span class='ocrx_word' id='word_1_872' title='bbox 3558 5590 3627 5647; x_wconf 70' lang='grc' dir='ltr'>τὰ</span> <span class='ocrx_word' id='word_1_873' title='bbox 3678 5590 3818 5648; x_wconf 80' lang='grc' dir='ltr'>αὐτᾶ</span> 
     </span>
    </p>
   </div>
   <div class='ocr_carea' id='block_1_117' title="bbox 2175 5675 3817 5759">
    <p class='ocr_par' dir='ltr' id='par_1_117' title="bbox 2175 5675 3817 5759">
     <span class='ocr_line' id='line_1_122' title="bbox 2175 5675 3817 5759; baseline 0.001 -19"><span class='ocrx_word' id='word_1_874' title='bbox 2175 5681 2228 5740; x_wconf 69' lang='grc' dir='ltr'>ιν</span> <span class='ocrx_word' id='word_1_875' title='bbox 2283 5684 2353 5759; x_wconf 77' lang='grc' dir='ltr'>τῇ</span> <span class='ocrx_word' id='word_1_876' title='bbox 2406 5683 2519 5756; x_wconf 75' lang='grc' dir='ltr'>Νέᾳ</span> <span class='ocrx_word' id='word_1_877' title='bbox 2574 5679 2988 5757; x_wconf 70' lang='grc' dir='ltr'>ἐπιταττόμεθα,</span> <span class='ocrx_word' id='word_1_878' title='bbox 3069 5675 3205 5757; x_wconf 78' lang='grc' dir='ltr'>ἅπερ</span> <span class='ocrx_word' id='word_1_879' title='bbox 3289 5683 3342 5738; x_wconf 82' lang='lat' dir='ltr'>ol</span> <span class='ocrx_word' id='word_1_880' title='bbox 3396 5681 3570 5741; x_wconf 82' lang='grc' dir='ltr'>πάλαι</span> <span class='ocrx_word' id='word_1_881' title='bbox 3625 5686 3678 5743; x_wconf 78' lang='grc' dir='ltr'>ἔν</span> <span class='ocrx_word' id='word_1_882' title='bbox 3734 5686 3817 5757; x_wconf 75' lang='grc' dir='ltr'>τῷ</span> 
     </span>
    </p>
   </div>
  </div>
