4126 6256
294 399 410 460 “9

1444 394 1854 459 COMMENT.
1900 394 1980 454 IN
2027 391 2275 453 EPIST.
2325 392 2429 451 AD
2476 392 2666 452 ROM.
3638 396 3715 455 45

292 531 472 605 νόμω.
503 526 652 585 ἀλλὰ
682 528 856 585 καινᾶ
912 530 1005 584 καὶ
1062 526 1149 583 νέα
1204 526 1641 605 παραγγὲλρατα,
1680 526 1769 582 καὶ
1802 523 1961 604 φιλο-

2082 526 2139 580 in
2170 526 2366 581 littera
2397 525 2514 580 sive
2541 524 2602 580 in
2633 524 2798 598 lege:
2862 524 2962 581 sed
3016 542 3169 583 nova
3226 532 3365 583 sunt
3402 536 3700 602 praecepta
3730 574 3741 586 .

306 621 607 698 σοφώτερα,
667 619 807 674 ὡσεὶ
869 620 1032 687 εἶπεν,
1090 620 1202 673 Ἵνα
1258 615 1604 690 δουλεῦωμεν
1665 622 1784 678 τοῖς
1825 614 1966 676 νὲοις

298 717 414 773 τοῖς
448 710 507 765 ἐκ
533 713 634 765 τοῦ
687 710 1011 781 Πνεῦματος
1069 707 1391 783 ἐπιταγεῖσι·
1445 707 1534 763 καὶ
1580 708 1682 781 γὰρ
1722 712 1839 766 τοῖς
1877 706 1970 778 μὲν

302 800 563 879 αργ-αίοις
590 799 653 853 τὸ
692 800 771 871 μὴ
816 797 1081 877 φονεύειν,
1111 800 1244 870 ἡμῖν
1303 795 1360 851 δὲ
1416 798 1475 851 τὸ
1528 798 1603 868 μὴ
1640 796 1966 870 ὀργίζεσθαι’

306 890 538 952 ἐκείνοις
572 889 643 961 μὴ
707 887 1014 963 μοιχεύειν,
1070 889 1203 959 ἡμῖν
1262 884 1317 941 δὲ
1370 886 1433 940 τὸ
1501 882 1641 958 μηδέ
1670 883 1971 958 περιέργως

309 979 440 1053 ὀρᾷν
471 980 829 1032 ἐπιτέτακται.
870 1002 891 1025 ι
932 976 1027 1029 Καὶ
1061 974 1121 1028 οὐ
1171 972 1503 1044 παλαιότητι
1534 973 1860 1048 γράμματος
1888 994 1902 1041 ς
1937 995 1964 1023 »

300 1068 418 1126 Οὐκ
446 1062 523 1122 ἔτι
556 1066 661 1141 γὰρ
690 1068 718 1120 ὁ
746 1065 921 1136 νόμος
980 1063 1273 1133 ἐπιτάσσει,
1336 1062 1480 1119 ἀλλᾶ
1509 1064 1571 1118 τὸ
1604 1061 1842 1136 πνεῦμα.
1876 1063 1966 1118 Εἷ-

290 1160 411 1212 πὼν
444 1155 526 1227 δέ,
561 1183 591 1209 ‹‹
628 1154 999 1226 Ιῐαλαιότητι,
1035 1180 1063 1207 ››
1120 1150 1286 1225 ἔδειξε
1334 1156 1396 1209 τὸ
1431 1156 1629 1227 σαθρὸν
1661 1158 1763 1208 τοῦ
1799 1175 1967 1226 νομου

286 1248 384 1302 καὶ
412 1246 671 1325 ἀχρεῖον.
733 1250 839 1301 [liv
894 1245 994 1319 γὰρ
1025 1244 1109 1313 τὸ,
1173 1266 1199 1298 α
1231 1242 1652 1315 παλαιούμενον,
1688 1242 1843 1319 φησὶ,
1876 1243 1964 1297 καὶ

288 1340 608 1412 γηράσκον,
641 1335 794 1411 ἐγγὺς
827 1335 1153 1414 ἀφανισμοῦ.
1190 1358 1217 1385 η
1272 1367 1332 1375 —
1373 1358 1401 1385 ‹‹
1434 1334 1501 1390 Τί
1534 1336 1621 1388 οὖν
1658 1332 1905 1408 ἐροῦμεν,
1940 1357 1967 1383 ››

291 1423 526 1494 Ἔπειδή
596 1425 767 1491 εἶπεν,
851 1448 870 1474 ι
933 1425 1045 1479 Ἵνα
1127 1420 1474 1494 δουλεῦωμεν
1557 1420 1608 1476 ἐν
1687 1421 1967 1492 καινότητι

301 1515 636 1586 πνεῦματος,
677 1538 705 1564 ››
766 1514 841 1575 ὡς
898 1516 995 1567 τοῦ
1057 1512 1148 1584 μὲν
1200 1512 1503 1584 πνεύματος
1550 1510 1838 1581 σώζοντος,
1872 1514 1968 1565 τοῦ

297 1604 354 1659 δέ
382 1604 567 1677 νόμου
630 1604 708 1676 μὴ
754 1604 1048 1670 σώζοντος,
1083 1600 1237 1679 φησί.
1296 1600 1364 1657 Τί
1425 1600 1539 1668 οὗν,
1574 1597 1717 1656 εἶ’ποι
1752 1621 1853 1663 τις,
1886 1603 1969 1655 ὅτι

292 1696 319 1748 ὁ
372 1694 555 1765 νόμος
587 1689 933 1766 ἁμαρτωλός
998 1690 1164 1761 ἐστιν,
1218 1689 1252 1759 ἢ
1315 1689 1579 1763 ἁμαρτίας
1638 1690 1966 1763 πρόξενοςς

296 1781 373 1839 Οὔ
404 1785 602 1849 τοῦτο,
654 1779 811 1857 φησὶ,
869 1777 1043 1854 λέγω,
1104 1777 1230 1834 ἀλλ’
1288 1776 1371 1833 ὅτι
1428 1778 1686 1851 πρόξενός
1752 1800 1843 1852 μοι
1874 1783 1970 1833 τοῦ

296 1879 509 1949 γνῶναι
568 1874 671 1941 τήν
761 1871 1048 1946 ἁμαρτίαν·
1130 1871 1322 1926 οὐκοῦν
1399 1872 1490 1925 καὶ
1570 1866 1837 1949 χειρόνως
1895 1892 2046 1975 τι-Β

480 1970 538 1975 -_
722 1962 746 1975 ..
836 1960 849 1975 .
1041 1962 1051 1975 .
1207 1959 1225 1975 ς
1349 1961 1361 1975 η
1443 1960 1455 1975 .
1630 1960 1639 1975 .
1714 1961 1717 1965 -
1782 1965 1841 1975 η,

302 1970 664 2038 μωρηθῆναι,
718 1962 801 2015 ὅτι
833 1960 885 2015 ἐν
949 1962 1144 2039 γνώσει
1207 1959 1403 2015 λοιπὸν
1433 1960 1747 2034 ἁμαρτάνω.
1782 1965 1969 2031 Ὅμως

296 2054 434 2109 κατᾶ
500 2051 699 2126 μικρὸν
763 2049 1000 2105 δείκνυσι
1056 2049 1145 2104 τὸν
1201 2050 1367 2123 νόμον
1413 2050 1503 2104 καὶ
1551 2070 1970 2104 κατασκευαστι-

297 2148 389 2200 κὸν
424 2148 526 2212 τῆς
559 2141 853 2215 ἁμαρτίας,
913 2139 974 2195 οὗ
1038 2142 1144 2214 μὴν
1205 2141 1349 2212 παρὰ
1406 2142 1504 2208 τὴν
1558 2138 1756 2194 οἷκείαν
1788 2139 1966 2217 φύσιν,

298 2232 444 2289 ἀλλὰ
484 2233 637 2307 παρᾶ
667 2234 766 2300 τὴν
829 2228 1006 2286 αὐτῶν
1068 2229 1280 2287 κακίαν.
1341 2228 1456 2286 Οὐκ.
1487 2229 1622 2294 εἶπε,
1648 2227 1708 2283 Τί
1741 2228 1833 2283 οὖν
1862 2248 1877 2298 ;
1908 2230 1967 2285 Ὁ

296 2327 467 2399 νόμος
502 2326 791 2391 ἀπέθανεν,
824 2322 861 2394 ἢ
895 2325 1233 2398 κατήργηται
1292 2326 1476 2398 (τοῦτο
1503 2320 1605 2398 γὰρ
1638 2315 1964 2391 ἐϐούλετο);

298 2416 421 2473 ἀλλ’
452 2420 591 2490 ¹ᾇπερ
653 2413 781 2470 οὐδὲ
836 2413 985 2485 αὖτῷ
1046 2411 1241 2470 ἐδόκει.
1300 2445 1370 2455 -
1425 2413 1641 2485 [ΦΩΤ.]
1676 2435 1703 2463 ‹‹
1736 2410 1801 2467 Τί
1832 2407 1964 2478 οὗν;

298 2510 484 2587 φησὶν,
543 2507 575 2560 6
636 2506 809 2578 νόμος
867 2502 1145 2576 ἁμαρτίας
1186 2528 1206 2554 ι
1271 2502 1362 2558 Διὸ
1424 2502 1635 2576 ἐπαγει,
1689 2524 1712 2555 ι
1750 2501 1841 2570 Μὴ
1876 2499 1968 2575 γε-

295 2598 484 2653 vorte!
528 2622 549 2646 ο
622 2589 737 2668 ἅμα
790 2593 1075 2655 κακείνους
1134 2591 1382 2663 λεαίνων,
1431 2591 1523 2647 καὶ
1578 2590 1640 2646 τὸ
1672 2589 1837 2645 αὐτοῦ
1870 2588 1967 2644 οὐκ

305 2688 562 2762 ἀναιρῶν.

381 2780 453 2837 Οὔ
485 2779 591 2855 γὰρ
628 2776 675 2832 εἰ
712 2778 789 2849 μὴ
824 2774 965 2834 ἔστιν
1022 2776 1279 2851 ἁμαρτία,
1330 2772 1438 2845 ἤδη
1495 2774 1593 2830 οὐκ
1640 2775 1894 2830 ἀπέθανεν
1929 2775 1964 2845 ἢ

316 2863 371 2920 οὐ
423 2868 804 2940 κατήργηται,
858 2864 991 2937 ὅπερ
1048 2862 1251 2924 ἐκεῖνος
1300 2863 1389 2916 καὶ
1420 2858 1655 2916 ἐδείκνυε
1686 2862 1776 2916 καὶ
1810 2856 1964 2915 ἐϐού-

300 2954 454 3012 λετο.
516 2982 545 3006 u
582 2955 647 3011 Ὀ
703 2953 876 3026 νόμος
937 2952 1212 3027 ἁμαρτία;
1244 2974 1267 3004 ι
1333 2952 1675 3025 Μετετράπη,
1720 2949 1903 3025 φησὶν,
1938 2950 1965 3004 6

296 3048 469 3119 νόμος
504 3046 611 3113 τὴν
671 3041 856 3121 φύσιν,
911 3043 999 3097 καὶ
1061 3040 1281 3120 γέγονεν
1338 3040 1411 3103 εἰς
1470 3040 1736 3115 ἁμαρτίαν
1769 3040 1963 3107 (beam;

304 3135 466 3208 Οὐχὶ,
501 3132 695 3208 φησίν.
744 3129 883 3192 Ἶδες
936 3135 1052 3194 πῶς
1103 3135 1383 3208 πανταχοῦ
1412 3138 1511 3195 τῆς
1545 3130 1808 3204 ὁμαρτίας
1841 3121 1962 3204 ἔχε.

313 3244 426 3289 ται,
453 3225 543 3276 τὸν
576 3223 749 3295 νόμον
798 3218 1164 3275 ἀπαλλάττων
1226 3218 1555 3294 κατηγορίας
1584 3219 1794 3287 ἁπάσης
1824 3237 1836 3286 ;
1872 3216 1964 3271 Διὸ

320 3312 413 3367 καὶ
472 3309 724 3383 ἐπήγαγε,
778 3308 981 3384 λέγων·
1041 3311 1199 3363 ’Ὡστε
1253 3310 1281 3363 6
1337 3309 1508 3380 νόμος
1563 3310 1736 3382 ἅγιος,
1795 3307 1884 3361 καὶ
1930 3308 1964 3376 ἡ

323 3398 527 3465 ἐντολὴ
564 3400 682 3471 ἁγία
708 3400 784 3454 καὶ
820 3399 1015 3475 ἀγαθή.
1052 3423 1079 3449 ››
1126 3397 1277 3455 Ἀλλ’
1328 3397 1372 3452 εἷ
1429 3395 1710 3472 βούλεσθε,
1742 3397 1829 3450 καὶ
1862 3401 1965 3450 τῶν

329 3490 774 3563 παραποιούντων
829 3490 927 3551 τὰς
986 3488 1265 3563 ἐξηγήσεις
1321 3487 1516 3551 ταύτας
1571 3486 1645 3550 εἷς
1691 3485 1848 3559 μέσον
1877 3488 1967 3541 τὸν

325 3578 486 3654 λόγον
529 3580 819 3655 ἀγάγωμεν
874 3578 1018 3634 οὕτω
1073 3578 1176 3653 γὰρ
1236 3577 1529 3655 σαφέστερα
1559 3576 1624 3631 τὰ
1654 3578 1777 3650 παρ’
1810 3579 1968 3648 ἡμῶν

327 3667 608 3743 λεγόμενα.
672 3670 830 3730 Τινὲς
885 3668 987 3744 γὰρ
1047 3666 1296 3737 ἐνταῦθα)
1353 3666 1413 3721 οὐ
1471 3666 1593 3740 ’περῖ
1647 3671 1742 3721 τοῦ
1798 3667 1971 3737 νόμου

324 3759 601 3821 Μωϋσέως
634 3758 798 3813 αὐτόν
833 3778 956 3835 φασι
989 3752 1169 3831 λέγειν
1202 3756 1267 3809 τὰ
1315 3754 1602 3831 λεγόμενα,
1636 3753 1761 3809 ἀλλ’
1791 3753 1841 3808 οἶ
1878 3754 1970 3827 μὲν

317 3850 431 3922 περί
463 3854 564 3904 τοῦ
600 3850 857 3925 φυσικοῦ,
892 3843 1054 3902 ἄλλοι
1117 3844 1173 3899 δὲ
1224 3845 1345 3919 περὶ
1405 3851 1504 3913 τῆς
1533 3841 1758 3912 ἐντολῆς
1786 3849 1887 3912 τῆς
1920 3841 1969 3897 ἐν

310 3944 386 4010 τῷ
431 3935 762 4012 παραδείσῳ
818 3932 1083 4004 δοθείσης.
1143 3934 1240 3988 Καὶ
1302 3934 1407 4007 μὴν
1465 3936 1745 4008 πανταχοῦ
1777 3932 1976 3995 σκοπὸς

304 4034 382 4101 τῷ
449 4026 667 4099 Ηαῦλῳ
726 4028 915 4080 τοῦτον
977 4025 1271 4093 ἀναστῆσαι
1328 4024 1420 4077 τὸν
1475 4022 1665 4095 νόμον,
1730 4024 1869 4097 Πρὸς
1920 4020 1975 4076 δέ

306 4120 577 4184 ἐκείνους,
615 4114 808 4171 οὐδένα
840 4115 1008 4190 λόγον
1040 4110 1180 4189 ἔχει,
1236 4112 1328 4169 καὶ
1382 4112 1533 4186 μάλα
1564 4113 1801 4175 εἰκότως
1838 4116 1977 4169 Τοῦ-

306 4208 535 4282 τονγαρ
596 4202 861 4262 Ἰουδαῖοι
924 4202 1228 4264 δεδοικότες
1288 4201 1379 4256 καὶ
1437 4198 1749 4272 τρέμοντες,
1794 4199 1982 4279 ἐφιλο,

308 4298 526 4353 νείκουν
581 4298 652 4368 τῇ
690 4293 899 4373 χάριτι.
945 4295 1056 4361 Τὴν
1110 4288 1167 4346 δὲ
1220 4289 1446 4359 ἐντολὴν
1475 4292 1572 4359 τὴν
1608 4290 1657 4344 ἐν
1692 4295 1771 4363 τῷ
1805 4310 1981 4365 παρα-

311 4384 496 4457 δείσῳ,
534 4384 665 4439 οὐδὲ
694 4385 861 4456 νόμον
891 4384 1022 4437 ποτε
1074 4382 1316 4457 φαίνεται
1347 4378 1601 4449 καλέσας,
1641 4378 1759 4435 οὐδ’
1791 4380 1974 4448 αὐτὸς,

309 4472 419 4529 οὐδ’
455 4472 636 4536 ἄλλος
670 4470 875 4533 οὐδείς.
907 4472 1022 4525 ἰνα
1083 4467 1141 4524 δε

310 4569 472 4619 τοῦτο
506 4564 837 4640 σαφεστερον
889 4560 1138 4635 γένηται,
1191 4558 1560 4633 ἐπεξέλθωμεν
1600 4564 1717 4620 τοῖς
1751 4558 1981 4634 ῥήμασι,

317 4654 512 4726 μικρὸν
580 4650 839 4725 ἀνωτέρω
904 4650 996 4705 τὸν
1064 4648 1231 4723 λόγον
1293 4647 1603 4723 ἀγαγόντες.
1672 4648 1800 4721 Περὶ
1872 4646 1976 4723 γὰρ

317 4741 603 4803 πολιτείας
665 4735 925 4815 ἀκριϐοῦς
989 4740 1179 4799 αὐτοῖς
1230 4735 1563 4813 διαλεχθεὶς,
1625 4736 1864 4812 ἐπήγαγε
1895 4735 1981 4791 λέ-

318 4852 450 4905 γων’
490 4859 517 4883 u
552 4833 623 4887 Ἥ
660 4829 931 4908 ἀγνοεῖτε,
970 4824 1220 4905 ἀδελφοὶ,
1253 4826 1334 4881 ὅτι
1366 4827 1393 4880 6
1424 4826 1593 4898 νόμος
1619 4825 1852 4901 κυριεύει
1883 4829 1979 4879 τοῦ

325 4920 635 4993 ἀνθρώπω.
692 4920 778 4997 ἐφ’
855 4918 978 4974 ὅσον
1040 4916 1241 4992 χρόνον
1307 4919 1413 4987 (ﬁ;
1471 4915 1630 4969 Ὥστε
1681 4913 1770 4967 καὶ
1824 4914 1977 4986 ὑμεῖς

327 5007 698 5079 Eorum-(bent;
754 5011 832 5078 τῷ
884 5006 1119 5079 νόμῳ.»
1175 5004 1385 5062 Οὐκοῦν
1446 5002 1490 5056 εἶ
1540 5002 1792 5077 περὶτοῦ
1825 5024 1977 5080 ιρυσι-

320 5101 417 5150 κοῦ
471 5102 640 5152 ταῦτα
696 5095 929 5171 εἷ’ρηται,
991 5093 1396 5169 εὑρεθησόμεθα
1451 5092 1525 5164 μή
1566 5086 1783 5166 ἔχοντες
1814 5092 1979 5163 νόμον

319 5188 566 5263 ςςυσικόν.
624 5185 687 5242 Ei
746 5182 805 5239 δὲ
860 5187 1027 5238 τοῦτο
1103 5181 1326 5251 ἀληθὲς,
1380 5184 1487 5233 τῶν
1541 5178 1759 5257 ἀλόγων
1823 5179 1978 5253 ἐσμὲν

320 5278 695 5349 ὶνοητότεροι.
754 5275 909 5332 Ἀλλ’
973 5273 1073 5328 οὐκ
1125 5270 1236 5327 ἔστι
1288 5275 1475 5326 ταῦτα.
1510 5272 1636 5345 Περῖ
1665 5270 1769 5345 γὰρ
1798 5275 1892 5325 τοῦ
1924 5270 1973 5325 ἐν

319 5371 396 5438 τῷ
460 5365 782 5443 παραδείσῳ
838 5360 963 5419 οὐδὲ
1013 5362 1338 5443 φιλονεικεῖν
1397 5359 1706 5434 ἀναγκαῖον,
1761 5357 1852 5413 τίνα
1899 5361 1973 5433 μὴ

319 5458 566 5531 περιττὸν
625 5452 1009 5527 ἆναδεξώμεθα
1065 5452 1231 5506 πόνον
1291 5449 1427 5524 πρὸς
1456 5448 1520 5502 τὰ
1566 5446 1977 5523 ὡμολογημένα

319 5547 708 5623 ἀποδυόμενοι.
772 5550 895 5605 Πῶς
953 5542 1064 5610 οὗν,
1125 5567 1152 5594 ι(
1190 5542 1300 5611 Τὴν
1334 5537 1604 5615 ἁμαρτίαν
1653 5537 1752 5593 οὐκ
1809 5537 1971 5614 ἔγνων

1196 4471 1286 4523 καὶ
1319 4468 1494 4523 αὐτῶν
1528 4474 1634 4523 τῶν
1671 4469 1975 4543 ε’ρημένων

381 5731 431 5769 ’⁸
458 5731 671 5788 κακὴ.
707 5745 762 5795 ν,
796 5726 862 5779 21
891 5739 1059 5794 seqq.
1136 5723 1182 5757 ⁸⁸
1219 5720 1396 5776 Hebr.
1429 5734 1555 5787 νω,
1589 5720 1687 5772 13..

2079 616 2386 687 magisque
2416 615 2592 686 plena
2624 616 2917 686 sapientia
2944 635 2956 683 ;
2992 634 3058 672 ac
3100 617 3147 671 si
3182 617 3429 673 dixisset
3456 635 3467 672 :
3506 620 3578 673 Ut
3609 638 3737 674 ser-

2078 708 2305 762 viamus
2337 710 2500 761 novis
2534 712 2842 779 praeceptis
2876 725 3007 778 qua)
3056 708 3274 763 dantur
3303 725 3337 763 a
3368 710 3606 780 Spiritu.
3642 711 3736 765 Si-

2081 798 2322 869 quidem
2355 799 2615 869 antiquis
2676 805 3037 870 prmceptum
3094 806 3222 855 erat
3279 818 3400 855 non
3439 802 3735 872 occidere,

2080 889 2251 944 nobis
2284 896 2480 945 autem
2517 907 2637 944 non
2671 890 2844 945 irasci
2872 907 2883 944 :
2917 890 3037 945 illis
3070 908 3189 945 non
3225 892 3523 960 mmchari,
3557 893 3733 947 nobis

2078 996 2211 1035 vero
2244 996 2436 1050 neque
2469 981 2697 1035 curiose
2749 981 2967 1036 intueri
2998 981 3060 1033 ²³.
3124 1003 3145 1033 ι
3180 983 3249 1036 Et
3282 1000 3400 1037 non
3434 1000 3538 1055 per
3568 990 3737 1038 vetu-

2081 1074 2290 1122 statem
2323 1069 2556 1123 littera).
2584 1094 2604 1121 ι
2644 1071 2767 1124 Non
2801 1071 2961 1125 enim
2995 1070 3089 1127 lex
3121 1071 3381 1142 amplius
3419 1072 3604 1145 jubet,
3636 1072 3738 1127 sed

2080 1156 2342 1226 spiritus.
2388 1157 2597 1211 Dicens
2649 1163 2867 1223 autem,
2924 1181 2950 1208 ‹‹
2988 1160 3369 1226 Vetustatem,
3404 1181 3432 1209 »
3467 1160 3735 1215 ostendit

2078 1246 2224 1317 legis
2255 1247 2725 1317 antiquationem
2776 1265 2843 1303 ac
2873 1248 3292 1319 inutilitatem.
3340 1251 3484 1305 Nam
3517 1273 3543 1299 ‹‹
3579 1249 3737 1320 quod

2079 1336 2423 1406 antiquatur
2452 1353 2518 1390 ac
2550 1337 2826 1405 senescit,
2862 1337 3079 1408 inquit,
3107 1338 3167 1393 in
3195 1338 3529 1411 propinquo
3565 1345 3651 1393 est
3674 1343 3739 1393 ut

2080 1430 2390 1480 evanescat
2410 1424 2476 1478 3‘.
2505 1447 2531 1475 »
2564 1458 2625 1466 —
2661 1449 2687 1475 «
2714 1426 2862 1490 Quid
2892 1445 3025 1500 ergo
3051 1428 3413 1483 dicemus?»
3446 1429 3737 1494 Quoniam

2080 1514 2342 1569 dixerat:
2380 1536 2406 1564 ‹‹
2443 1516 2514 1570 Ut
2545 1516 2873 1571 serviamus
2908 1534 3013 1587 per
3044 1518 3370 1573 novitatem
3411 1518 3674 1589 spiritus,
3713 1538 3740 1569 »

2080 1605 2247 1675 quasi
2283 1604 2544 1660 salvante
2570 1606 2800 1677 spiritu,
2830 1606 2954 1678 lege
2984 1624 3118 1662 vero
3152 1625 3272 1662 non
3298 1609 3584 1673 salvante,
3621 1608 3742 1663 ait:

2080 1694 2228 1759 Quid
2259 1712 2417 1767 ergo,
2451 1695 2666 1750 dixerit
2695 1697 3014 1767 quispiam,
3053 1716 3198 1753 num
3240 1699 3333 1753 lex
3366 1705 3605 1770 peccato
3638 1697 3746 1752 ob—

2082 1791 2256 1844 noxia
2278 1795 2367 1844 est
2389 1796 2491 1844 aut
2517 1791 2739 1862 peccati
2770 1791 3141 1845 conciliatrix
3167 1789 3193 1844 ‘?
3218 1792 3343 1845 Non
3368 1791 3500 1847 hoc.
3527 1789 3743 1861 inquit,

2081 1878 2244 1933 dico:
2280 1879 2381 1934 sed
2405 1880 2562 1950 quod
2585 1880 2991 1935 conciliaverit
3017 1880 3158 1933 mihi
3188 1881 3465 1935 notitiam
3490 1880 3736 1951 peccati:

2080 1968 2329 2039 proinde
2352 1969 2585 2040 gravius
2611 1970 2787 2024 etiam
2814 1969 3214 2041 puniar,quod
3239 1969 3518 2041 deinceps
3542 1968 3738 2023 sciens

2077 2075 2322 2129 peccare
2354 2060 2709 2126 convincor;
2744 2059 3188 2131 aliquantulum
3240 2065 3438 2114 tamen
3480 2057 3742 2114 ostendit

2077 2148 2266 2220 legem
2300 2149 2605 2221 cooperari
2637 2150 2711 2205 ad
2754 2157 3086 2221 peccatum.
3120 2167 3497 2220 nequaquam
3533 2166 3601 2204 ex
3635 2164 3742 2204 sua

2078 2244 2307 2305 natura,
2346 2239 2448 2293 sed
2482 2244 2731 2309 propter
2760 2240 3027 2309 ipsorum
3060 2240 3371 2295 malitiam.
3409 2240 3532 2292 Non
3575 2238 3743 2305 dixit,

2078 2328 2226 2391 Quid
2259 2328 2439 2399 ergo?
2463 2329 2575 2382 Lex
2602 2334 2839 2383 mortua
2868 2334 2976 2396 est,
3010 2336 3113 2383 aut
3139 2328 3433 2383 dissoluta
3456 2327 3593 2382 est?
3625 2326 3743 2381 Hoc

2078 2418 2235 2471 enim
2262 2423 2319 2471 et
2346 2418 2468 2488 ipse
2494 2417 2806 2483 sentiebat,
2831 2417 2933 2471 sed
2966 2417 3023 2470 id
3058 2418 3213 2487 quod
3246 2434 3317 2471 ne
3351 2417 3463 2488 ipsi
3499 2415 3740 2488 quidem

2076 2506 2400 2561 videbatur.
2435 2538 2502 2546 —
2534 2529 2562 2556 «
2595 2506 2736 2577 quid
2798 2523 2932 2575 ergo
2955 2506 2981 2560 ‘2
3013 2507 3123 2559 Lex
3184 2513 3500 2577 peccatum
3543 2505 3674 2559 est?
3708 2526 3734 2554 »

2075 2596 2211 2652 Ideo
2243 2596 2584 2668 subjungit:
2619 2596 2929 2650 «Absit!»
2959 2596 3137 2650 simul
3168 2602 3226 2649 et
3260 2596 3397 2649 illos
3434 2594 3734 2666 mitigans,

2075 2692 2134 2741 et
2163 2686 2319 2756 quod
2353 2702 2525 2741 suum
2557 2692 2680 2741 erat
2714 2702 2833 2740 non
2864 2685 3167 2740 auferans.

2145 2777 2291 2833 287
2317 2778 2514 2847 Neque
2528 2777 2685 2831 enim
2703 2775 2749 2831 si
2770 2775 2864 2831 lex
2877 2782 3184 2847 peccatum
3200 2789 3322 2829 non
3338 2772 3735 2838 est,continuo

2076 2866 2344 2937 sequitur
2376 2872 2669 2922 mortuam
2697 2883 2816 2921 non
2842 2883 2970 2921 esse
2993 2871 3093 2920 aut
3114 2865 3399 2931 solutam,
3426 2864 3583 2935 quod
3611 2863 3737 2935 ipse

2074 2955 2976 3011 demonstrabatetintendebat.
3012 2978 3039 3005 ι(
3072 2957 3179 3010 Lex
3200 2961 3517 3026 peccatum
3549 2953 3682 3008 est?
3707 2975 3736 3003 ››

2076 3044 2338 3111 Mutavit,
2366 3045 2579 3116 inquit.
2610 3046 2700 3099 lex
2723 3052 3017 3108 naturam,
3043 3051 3099 3098 et
3122 3048 3271 3099 facta
3301 3050 3391 3099 est
3413 3044 3488 3098 ad
3521 3059 3731 3115 pecca-

2072 3139 2199 3189 tum
2227 3135 2583 3205 impellens‘?
2618 3138 2765 3201 Non,
2800 3134 3013 3205 inquit.
3046 3134 3219 3188 Vides
3252 3151 3367 3204 quo
3397 3140 3567 3204 pacto
3599 3132 3735 3186 ubi-

2078 3240 2192 3295 que
2218 3231 2456 3295 peccato
2479 3240 2818 3290 occurrens,
2840 3224 3027 3296 legem
3050 3223 3210 3277 omni
3244 3223 3455 3278 liberet
3487 3238 3734 3277 accusa-

2078 3314 2240 3368 tione
2258 3313 2285 3368 ?
2304 3313 2442 3369 Ideo
2460 3315 2638 3369 etiam
2658 3314 2962 3386 adjunxit:
2988 3337 3015 3363 ‹‹
3040 3316 3242 3385 Itaque
3267 3314 3361 3368 lex
3384 3319 3587 3368 sancta
3614 3318 3721 3380 est,

2079 3410 2136 3460 et
2166 3411 2523 3476 praeceptum
2586 3412 2879 3471 sanctum,
2933 3405 3283 3477 justumque
3324 3421 3389 3459 ac
3420 3404 3661 3460 bonum.
3693 3426 3724 3455 »

2080 3496 2313 3560 Verum,
2338 3495 2384 3549 si
2409 3496 2870 3566 placet.illorum
2896 3513 3132 3567 quoque
3158 3511 3495 3550 sermonem
3521 3496 3581 3549 in
3606 3512 3726 3550 me-

2079 3583 2243 3639 dium
2276 3584 2667 3655 proferamus,
2700 3585 2799 3655 qui
2860 3585 2967 3640 has
3026 3591 3376 3657 pervertunt
3405 3585 3728 3640 enarratio-

2079 3689 2215 3727 nes:
2240 3674 2321 3728 ita
2338 3675 2496 3728 enim
2523 3674 2931 3729 manifestiora
2958 3675 3102 3728 flent
3126 3692 3255 3744 quae
3280 3692 3311 3729 a
3336 3674 3507 3728 nobis
3529 3673 3733 3727 dicun-

2081 3767 2191 3817 tur.
2232 3765 2371 3818 Nam
2406 3763 2645 3834 quidam
2678 3765 2773 3817 hic
2808 3780 2927 3818 non
2952 3763 3022 3816 de
3047 3764 3187 3817 Mosi
3215 3764 3340 3833 lege
3374 3762 3571 3816 dicere
3596 3778 3730 3815 eum

2080 3856 2355 3906 asserunt
2387 3867 2515 3919 qua:
2542 3850 2842 3917 dicuntur,
2870 3850 2971 3905 sed
2997 3850 3054 3903 hi
3087 3850 3326 3920 quidem
3360 3850 3432 3904 de
3465 3849 3590 3919 lege
3624 3863 3730 3901 na-

2082 3938 2280 4001 turali,
2341 3937 2442 3991 alii
2496 3954 2630 3991 vero
2677 3938 2748 3992 de
2801 3944 3096 4009 praecepto
3158 3938 3315 4007 quod
3359 3938 3419 3991 in
3453 3936 3730 3990 Paradiso

2085 4027 2283 4081 datum
2310 4032 2397 4080 est
2440 4028 2606 4096 Atqui
2633 4044 2849 4097 scopus
2872 4028 3093 4096 ubique
3118 4027 3297 4081 Paulo
3320 4032 3409 4080 est
3438 4026 3589 4079 hanc
3613 4025 3731 4079 ele-

2083 4132 2217 4169 vare
2250 4115 2437 4187 legem
2463 4135 2477 4172 :
2508 4115 2667 4169 circa
2696 4116 2830 4169 illas
2885 4122 3083 4170 autem
3117 4132 3188 4170 ne
3220 4114 3457 4169 verbum
3492 4112 3732 4185 quidem

2084 4205 2225 4261 facit
2252 4205 2483 4260 ullum:
2517 4204 2693 4276 idque
2736 4205 2872 4276 jure
2930 4205 3175 4275 optimo.
3210 4206 3353 4258 Nam
3386 4204 3535 4258 hanc
3565 4202 3733 4257 veriti

2085 4295 2267 4350 Judaei
2301 4312 2367 4349 ac
2416 4300 2757 4359 trementes,
2792 4293 3232 4349 contendebant
3288 4292 3570 4347 adversus
3602 4306 3736 4362 gra-

2088 4385 2252 4440 tiam.
2290 4386 2656 4455 Prieceptum
2716 4385 2858 4440 item
2917 4384 3075 4455 quod
3108 4384 3165 4437 in
3202 4382 3480 4437 Paradiso
3529 4380 3735 4435 datum

2090 4480 2198 4535 est,
2234 4489 2539 4544 nunquam
2563 4480 2664 4528 aut
2682 4473 2778 4529 hic
2800 4473 3115 4545 Apostolus
3140 4477 3238 4526 aut
3262 4470 3414 4525 alius
3439 4468 3734 4540 quispiam

2093 4563 2280 4635 legem
2311 4563 2543 4617 videtur
2598 4564 2946 4635 appellasse.
3014 4563 3084 4616 Ut
3140 4568 3339 4615 autem
3390 4560 3502 4614 hoc
3535 4574 3639 4629 per
3668 4573 3738 4612 ea

2087 4652 2267 4707 etiam
2296 4669 2426 4723 qua)
2459 4653 2615 4707 dicta
2672 4658 2811 4707 sunt
2869 4653 2972 4707 fiat
3026 4650 3423 4707 manifestius,
3463 4662 3738 4703 sermone

2088 4742 2263 4813 paulo
2320 4742 2496 4796 altius
2554 4742 2826 4812 repetito,
2886 4739 3078 4794 verbis
3140 4754 3594 4810 prosequamur.
3631 4735 3738 4791 Ubi

2089 4832 2248 4885 enim
2302 4830 2375 4885 de
2434 4830 2619 4901 proba
2676 4828 3123 4885 conversatione
3172 4827 3296 4883 illis
3342 4826 3739 4893 disseruisset,

2090 4920 2399 4991 subjunxit
2430 4921 2632 4974 dicens
2659 4934 2672 4975 :
2704 4940 2732 4969 «
2756 4921 2843 4973 An
2872 4918 3182 4988 ignoratis,
3216 4918 3448 4979 fratres,
3469 4916 3627 4987 quod
3651 4915 3743 4969 lex

2090 5008 2432 5064 dominetur
2458 5008 2685 5063 homini
2718 5016 2941 5079 quanto
2970 5014 3238 5078 tempore
3262 5006 3443 5062 vivit?
3490 5003 3743 5059 Proinde

2088 5115 2187 5153 vos
2219 5114 2453 5169 quoque
2478 5098 2816 5152 mortificati
2841 5096 2985 5151 estis
3008 5097 3143 5169 legi.
3173 5118 3201 5146 ››
3227 5099 3431 5165 Itaque
3461 5094 3507 5147 si
3540 5093 3609 5146 de
3638 5107 3742 5146 na-

2088 5187 2263 5241 turali
2297 5187 2422 5258 lege
2454 5186 2579 5240 haec
2612 5186 2769 5241 dicta
2818 5192 2973 5245 sunt,
3009 5186 3381 5240 inveniemur
3411 5179 3743 5236 naturalem

2087 5291 2206 5329 non
2237 5274 2453 5330 habere
2485 5275 2673 5347 legem
2699 5293 2711 5329 :
2738 5276 2895 5346 quod
2924 5276 2971 5330 si
2998 5274 3109 5329 hoc
3131 5289 3332 5328 verum
3367 5276 3473 5327 est.
3506 5270 3742 5323 irratio-

2088 5363 2323 5417 nalibus
2348 5364 2789 5435 insipientiores
2814 5380 3019 5418 sumus
3036 5379 3049 5416 :
3066 5362 3167 5417 sed
3193 5362 3316 5414 haec
3341 5373 3459 5413 non
3482 5357 3563 5413 ita
3583 5362 3740 5412 sunt.

2087 5452 2165 5506 De
2199 5468 2268 5507 ea
2295 5468 2433 5507 vero
2464 5470 2595 5524 quae
2628 5454 2689 5508 in
2722 5452 3004 5508 Paradiso
3058 5450 3194 5505 data
3226 5456 3334 5515 est,
3368 5463 3441 5501 ne
3475 5464 3742 5505 necessa-

2084 5542 2241 5598 rium
2268 5542 2511 5613 quidem
2546 5549 2635 5597 est
2655 5542 3052 5598 contendere:
3076 5556 3151 5594 ne
3175 5536 3544 5612 superﬂuum
3567 5537 3747 5595 suscie
