4126 6256
416 343 529 404 451

1538 335 1965 401 (ECUMENII
2007 332 2315 398 TRICCE
2353 336 2703 403 EPlSCOPl

3705 347 3827 410 452

407 474 644 548 piamus
677 470 965 540 laborem,
999 471 1157 528 circa
1214 489 1282 529 ea
1340 488 1470 544 quae
1501 471 1563 526 in
1594 470 1862 527 confesso
1894 472 2053 531 sunt.

2178 466 2218 522 εί
2253 470 2329 540 μὴ
2364 466 2453 557 διὰ
2481 470 2695 544 νόμου;
2732 497 2758 524 n
2817 473 2896 532 Οὐ
2947 473 3048 545 τὴν
3103 472 3342 533 καθόλου
3393 475 3566 553 λέγων
3600 479 3827 557 ἄγνοιαν

407 563 578 619 illum
602 562 1035 635 aggredientes.
1061 561 1366 628 Quomodo
1390 578 1525 634 ergo
1548 561 1631 616 ait
1659 579 1671 616 :
1698 582 1725 610 ‹‹
1750 561 2064 614 Peccatum

405 636 532 709 tnon
563 653 804 726 cognovi
837 653 951 708 nisi
987 669 1092 724 per
1122 651 1360 723 legem?
1390 672 1418 701 »
1454 651 1598 706 Cum
1632 650 1743 705 hoc
1777 648 2067 713 dicit,non

413 742 819 798 omnimodam
850 741 1105 797 intendit
1126 741 1541 814 ignorantiam,
1576 738 1679 795 sed
1711 739 2067 794 exactiorem

416 832 854 905 cognotionem.
891 832 1035 886 Nam
1067 830 1117 886 si
1148 831 1219 886 de
1253 831 1512 886 naturali
1544 831 1671 902 lege
1703 830 1814 885 hoc
1845 829 2068 883 dictum
2090 906 2105 919 Ι

412 927 520 985 est,
557 920 853 993 quomodo
888 919 948 975 in
1000 919 1388 991 sequentibus
1439 921 1595 974 hunc
1624 918 1804 973 habet
1842 932 2071 973 sermo-

407 1029 547 1068 nem
575 1029 587 1065 :
621 1034 648 1060 «
683 1012 799 1084 Ego
831 1017 1028 1066 autem
1059 1010 1323 1065 vivebam
1358 1009 1658 1081 quondam
1691 1010 1819 1065 sine
1852 1006 2067 1082 lege?»

408 1103 606 1173 Neque
641 1100 797 1156 enim
824 1100 1007 1155 Adam
1036 1116 1231 1172 neque
1256 1100 1411 1155 alius
1435 1100 1753 1171 quisquam
1784 1099 1961 1153 homo
1987 1097 2066 1151 vi-

410 1191 584 1245 detur
612 1186 877 1261 unquam
910 1190 1035 1245 sine
1087 1188 1345 1244 naturali
1380 1189 1593 1244 vixisse
1624 1188 1770 1261 lege.
1808 1189 1951 1243 Nam
1984 1186 2065 1242 si-

411 1281 538 1339 mul
590 1286 657 1336 ut
708 1281 878 1335 illum
932 1280 1208 1336 formavit
1266 1281 1442 1348 Deus,
1498 1280 1677 1335 etiam
1712 1295 1842 1334 eam
1877 1279 2068 1350 ipsam

413 1368 605 1440 legem
660 1366 750 1421 illi
822 1367 1124 1439 imposuit,
1178 1365 1571 1421 domesticum
1631 1366 2070 1421 munimentum

412 1457 573 1514 omni
605 1463 830 1512 natura:
882 1456 1270 1512 constituens.
1310 1460 1604 1511 Praeterea
1655 1471 1890 1527 quoque
1923 1471 2068 1509 nus-

398 1563 591 1618 quam
611 1546 840 1602 videtur
865 1546 1055 1619 legem
1079 1544 1414 1601 naturalem
1436 1561 1680 1601 vocasse
1707 1550 2069 1616 praeceptum

413 1636 566 1693 288
600 1637 756 1692 hanc
785 1641 986 1690 autem
1031 1641 1089 1690 et
1132 1641 1496 1707 praeceptum
1528 1634 1672 1689 dicit
1729 1639 1786 1689 et
1832 1636 2069 1705 justum

415 1735 808 1799 sanctumque
841 1731 1027 1794 vocat,
1061 1742 1128 1781 ac
1175 1725 1366 1795 legem
1414 1724 1807 1797 spiritualem.
1872 1745 1899 1773 α
1958 1722 2071 1778 Sed

410 1822 723 1891 peccatum
756 1833 876 1871 non
908 1814 1172 1887 cognovi.
1208 1837 1235 1865 »
1259 1816 1385 1870 Non
1404 1814 1590 1869 dixit:
1626 1814 1738 1869 Sed
1761 1818 2068 1885 peccatum
2103 1849 2149 1913 Β

412 1923 535 1961 non
564 1906 677 1960 feci
709 1905 825 1960 nisi
858 1921 963 1976 per
992 1904 1206 1970 legem,
1239 1902 1365 1966 sed,
1402 1928 1427 1953 ‹‹
1464 1904 1778 1958 Peccatum
1822 1918 1946 1956 non
1977 1918 2069 1957 co-

2171 562 2334 614 τοῦτο
2365 556 2537 635 λέγει,
2588 559 2736 617 ἀλλᾶ
2784 564 2882 632 τήν
2936 559 3315 640 ἀκριϐεστέραν
3348 572 3570 642 γνῶσιν.
3617 556 3680 626 Εἰ
3708 571 3816 646 γὰρ

2173 648 2297 721 περὶ
2327 654 2424 704 τοῦ
2450 654 2680 726 φυσικοῦ
2710 656 2900 733 τοῦτο,
2924 650 3158 726 εἴρηται,
3212 659 3331 718 πῶς
3365 659 3423 711 ἄν
3454 657 3516 714 τὸ
3547 657 3674 729 ἑξῆς
3704 657 3825 733 ἔχει

2178 737 2376 813 Λόγον;
2424 764 2451 791 ‹‹
2480 741 2622 814 ἐγὼ
2651 740 2757 816 γὰρ
2810 735 2943 811 ἔζων
3000 745 3176 820 χωρῖς
3213 745 3384 818 νόμου
3433 749 3587 803 ποτὲ..
3627 772 3655 798 ιι
3688 750 3832 805 Οὔτε

2176 826 2510 902 γὰρἈδᾶμ,
2574 828 2695 885 οὔτε
2755 829 2927 894 ἄλλος
2983 831 3270 910 ἅνθρωπος
3327 833 3525 903 οὐδεὶς,
3559 834 3833 893 οὐδέποτε

2176 915 2355 989 χωρὶς
2385 916 2556 989 νόμου
2611 923 2841 998 φυσικοῦ
2898 920 3139 994 φαίνεται
3202 925 3387 994 ζήσας.
3428 925 3599 998 Ὀμοῦ
3638 946 3698 981 ἰε
3725 926 3835 1001 γὰρ

2176 1004 2345 1074 αὐτὴν
2379 1002 2606 1061 ἔπλασεν
2665 1009 2693 1063 6
2748 1009 2901 1080 Θεὸς,
2961 1011 3051 1066 καὶ
3109 1011 3311 1067 ἐκεῖνον
3355 1012 3513 1068 αὐτὸν
3548 1013 3711 1079 ἐτίθει
3741 1014 3844 1070 τὸν

2177 1093 2343 1169 νόμον
2377 1096 2547 1168 αὐτῷ,
2610 1096 2856 1154 σύνοικον
2918 1099 3131 1178 ἀσφαλῆ
3193 1104 3600 1177 παρακαθιστᾶς
3625 1107 3694 1177 τῇ
3726 1102 3845 1181 φύ-

2178 1204 2256 1239 σει
2288 1202 2455 1260 πασῃ.
2490 1187 2678 1261 Χωρὶς
2737 1186 2792 1243 δὲ
2846 1188 3063 1259 τοῦτου,
3129 1189 3374 1264 οὐδαμοῦ
3404 1193 3646 1269 φαίνεται
3678 1192 3844 1248 ἐντο-

2181 1275 2284 1349 λήν
2313 1280 2405 1334 τὸν
2437 1281 2660 1360 φυσικὸν
2706 1282 2877 1356 νόμον
2928 1282 3183 1345 καλέσας.
3229 1287 3438 1342 Τοῦτον
3473 1283 3530 1342 δὲ
3556 1287 3647 1341 καὶ
3679 1286 3843 1342 ἕντο-

2179 1368 2282 1438 λήν
2316 1369 2405 1423 καὶ
2439 1366 2649 1425 δικαίαν
2697 1372 2787 1426 καὶ
2839 1373 2994 1446 ἁγίαν
3030 1372 3189 1429 καλεῖ
3243 1375 3334 1430 καὶ
3389 1375 3557 1448 νόμον
3588 1397 3843 1450 πνευμα-

2179 1457 2352 1515 τικόν.
2391 1484 2411 1508 ι
2449 1456 2626 1515 Ἀλλᾶ
2654 1461 2754 1529 τήν
2783 1461 3052 1537 ἁμαρτίαν
3085 1462 3186 1519 οὐκ
3228 1457 3417 1538 ἔγνων.
3455 1487 3478 1518 n
3509 1464 3623 1523 Οὐκ
3651 1466 3840 1536 εἶπεν,

2181 1542 2358 1602 Ἀλλὰ
2412 1548 2510 1617 τὴν
2569 1549 2838 1622 ἁμαρτίαν
2895 1548 2995 1607 οὐκ
3049 1551 3300 1623 ἐποίησα,
3355 1551 3408 1607 εἷ’
3464 1554 3539 1626 μὴ
3600 1551 3690 1609 διὰ
3736 1554 3841 1611 νό-

2183 1654 2312 1708 μου,
2372 1633 2519 1702 ἀλλ’,
2576 1661 2603 1688 ‹‹
2646 1637 2762 1695 Οὐκ
2817 1635 3007 1714 ἔγνων.
3061 1664 3082 1693 1
3140 1643 3303 1697 ’Ὥστε
3361 1641 3423 1697 οὐ
3478 1646 3575 1698 τοῦ
3625 1648 3841 1714 ποιεῖν,

2179 1719 2326 1778 ἀλλὰ
2356 1728 2452 1779 τοῦ
2478 1721 2855 1801 διαγινώσκειν
2904 1731 3003 1800 τήν
3051 1731 3335 1802 ἁμαρτίαν,
3364 1733 3393 1787 6
3423 1731 3594 1805 νόμος
3626 1731 3841 1803 αἶ’τιος,

2180 1810 2522 1879 παιδευτικὸς
2569 1813 2663 1887 ὢν,
2712 1817 2801 1872 καὶ
2853 1820 2930 1891 μὴ
2985 1825 3292 1896 συγχωρῶν
3340 1819 3429 1876 διὰ
3455 1828 3556 1893 τῆς
3580 1821 3836 1899 ἀγνοίας,

2176 1899 2254 1963 εἷς
2285 1904 2382 1973 τήν
2413 1908 2521 1959 τῶν
2553 1903 2769 1983 ἀλόγων
2807 1905 3082 1964 ἐκπίπτειν
3113 1909 3288 1987 φύσιν.

415 1994 589 2068 gnovi
614 2036 628 2062 ,
662 2017 689 2045 »
721 1995 920 2065 itaque
954 1993 1045 2048 lex
1078 2009 1199 2048 non
1236 1992 1489 2048 faciendi
1524 1991 1627 2047 sed
1669 1990 2065 2064 cognoscendi
2097 1994 2323 2064 peccati
2364 2010 2545 2051 causa
2594 2004 2703 2065 est,
2734 2015 2870 2054 cum
2902 2000 3201 2074 paedagogi
3235 2001 3354 2057 vice
3386 2000 3683 2076 fungatur,
3716 2018 3840 2059 nec

415 2083 725 2153 permittat
754 2089 820 2137 ut
851 2097 957 2153 per
986 2081 1385 2153 ignorantiam
1416 2080 1489 2135 ad
1521 2079 1959 2135 irrationalium
1993 2085 2266 2137 naturam
2303 2081 2692 2142 declinemus.

486 2208 686 2272 VII,8-l
705 2208 752 2262 1.
769 2226 790 2254 α
813 2208 1135 2263 Occasione
1153 2213 1286 2264 ante
1298 2223 1350 2261 m
1366 2211 1946 2278 accepta,peccatum
1962 2223 2069 2278 per

416 2320 436 2347 ι
474 2301 836 2368 prmceptum
859 2302 1166 2368 operatum
1193 2304 1283 2351 est
1301 2296 1361 2350 in
1384 2312 1480 2351 me
1503 2312 1743 2351 omnem
1757 2297 2071 2367 concupis-

411 2406 439 2434 «
474 2384 753 2439 centiam.
790 2381 1091 2454 Siquidem
1126 2382 1350 2453 absque
1382 2383 1508 2456 lege
1549 2388 1858 2455 peccatum
1908 2399 2064 2439 mor-

412 2496 440 2523 ι(
476 2479 645 2528 tuum
666 2478 820 2529 erat:
841 2488 944 2545 ego
957 2480 1154 2528 autem
1171 2471 1431 2528 vivebam
1451 2473 1579 2527 sine
1595 2473 1720 2545 lege
1743 2472 2064 2544 quondam.

414 2584 442 2613 «
480 2564 659 2617 Porro
675 2578 807 2618 cum
823 2562 1475 2634 venissetpraeceptum,
1498 2562 1706 2616 revixit
1725 2567 2067 2632 peccatum:

415 2675 443 2702 ‹‹
478 2668 583 2725 ego
615 2660 812 2710 autem
845 2659 1117 2709 mortuus
1146 2668 1318 2707 suum
1353 2669 1366 2707 :
1403 2658 1778 2722 etrepertum
1800 2658 1891 2706 est
1912 2667 2066 2723 prm-

411 2763 439 2791 ‹‹
469 2749 705 2813 ceptum
737 2741 894 2812 quod
927 2746 1049 2796 erat
1073 2741 1146 2795 ad
1170 2742 1348 2795 vitam
1380 2741 1574 2812 ipsum
1593 2740 1743 2795 mihi
1762 2740 1971 2795 cedere
1993 2739 2068 2795 ad

410 2852 439 2882 ι(
476 2837 752 2885 mortem.
788 2831 1103 2884 Peccatum
1139 2829 1297 2883 enim
1331 2828 1644 2885 occasione
1683 2834 1926 2899 accepta
1961 2843 2067 2899 per

410 2950 438 2978 ι(
472 2932 839 2999 praeceptum
874 2925 1095 2997 decipit
1126 2942 1242 2989 me,
1277 2932 1336 2979 et
1364 2924 1637 2997 perillud
1659 2924 1894 2981 occidit.
1929 2947 1957 2975 »

482 3018 609 3071 Non
642 3017 755 3077 lex.
789 3016 894 3078 ait.
937 3031 1115 3071 causa
1165 3020 1255 3070 est
1302 3015 1550 3086 peccati,
1603 3015 1708 3071 sed
1758 3020 2067 3086 peccatum

410 3121 519 3177 per
548 3111 934 3177 praeceptum.
968 3104 1126 3175 quod
1170 3109 1259 3159 est
1302 3103 1416 3171 lex,
1458 3103 1695 3159 seduxit
1744 3120 1863 3160 me.
1924 3102 2066 3157 Vide

413 3211 528 3265 quo
540 3193 711 3249 modo
728 3192 1012 3264 paulatim
1029 3191 1675 3248 ostenditoccasionem
1694 3191 1919 3264 peccati
1936 3206 2066 3247 esse

410 3281 599 3354 legem
635 3298 647 3347 ;
682 3281 787 3336 sed
810 3282 1120 3337 manifeste
1149 3298 1271 3336 non
1303 3281 1466 3345 dicit,
1499 3298 1572 3337 ne
1602 3282 1764 3353 ipsos
1793 3280 2062 3337 oll'ende-
2095 3292 2135 3355 C

411 3376 520 3424 ret.
567 3372 879 3424 Peccatum
928 3376 1128 3425 autem
1189 3370 1419 3424 videtur
1478 3370 1677 3425 dicere
1736 3370 2062 3427 diabolum.

412 3461 924 3526 Quemadmodum
966 3463 1128 3517 enim
1187 3463 1489 3533 Scriptura
1545 3464 1905 3519 Salvatorem
1955 3479 2062 3518 no-

415 3557 604 3605 strum
640 3551 828 3605 Vitam
860 3550 1122 3621 appellat
1149 3566 1216 3605 ac
1261 3551 1581 3616 Justitiam,
1616 3552 1774 3622 quod
1818 3554 1949 3607 vitas
2010 3557 2068 3608 et

406 3638 659 3710 justitiaa
680 3654 860 3693 causa
885 3638 963 3692 sit
991 3654 1005 3693 :
1041 3638 1124 3694 ita
1154 3647 1211 3693 et
1243 3640 1603 3695 contrariam
1646 3640 1974 3711 potentiam
1997 3655 2067 3696 ex

416 3728 658 3802 proprio
690 3730 923 3797 effectu,
948 3727 1249 3784 interdum
1283 3730 1524 3800 quidem
1551 3737 1859 3801 peccatum
1882 3736 2064 3799 vocat,

419 3818 777 3891 quandoque
811 3834 944 3873 vero
968 3817 1346 3875 mendacium
1378 3836 1443 3875 ac
1476 3822 1844 3876 mortem.lta
1866 3826 2066 3877 autem

419 3910 551 3966 etin
583 3909 969 3980 sequentibus
1020 3909 1267 3966 dicens:
1322 3931 1351 3960 «
1408 3909 1718 3967 Peccatum
1771 3912 2001 3979 revixit,
2034 3932 2065 3962 ι)

418 3998 725 4055 diabolum
757 3998 1073 4071 signiﬁcat.
1107 3999 1312 4070 Itaque
1367 3997 1638 4055 diabolus
1690 4001 2066 4057 occasionem

414 4103 523 4160 per
549 4092 914 4160 prmceptum
946 4089 1194 4157 accepit,
1229 4089 1370 4159 quia
1398 4089 1545 4161 legis
1595 4096 1893 4162 prmcepta
1934 4097 2065 4148 tan-

410 4193 593 4250 quam
627 4195 747 4234 suae
783 4177 1011 4233 technaa
1040 4178 1355 4233 materiam
1389 4184 1643 4239 struens.
1706 4179 1781 4234 ad
1812 4179 1873 4234 id
1905 4179 2068 4250 quod

409 4267 722 4339 praeceptis
753 4272 880 4323 erat
911 4267 1298 4333 contrarium,
1332 4266 1638 4322 hominem
1668 4267 1924 4339 impulit.
1942 4270 2062 4325 Ma-

409 4359 697 4415 nifestum
729 4363 820 4414 est
847 4363 1048 4413 autem
1080 4356 1240 4429 quod
1283 4356 1600 4428 Apostolus
1643 4372 1751 4429 per
1800 4358 2063 4430 seipsum

412 4463 792 4504 communem
822 4445 1095 4518 designat
1115 4446 1419 4501 hominem
1444 4446 1563 4501 sive
1585 4452 1772 4503 totam
1790 4452 2065 4503 naturam

407 4538 753 4593 humanam.
792 4557 821 4586 ι(
853 4536 1105 4591 Omnem
1139 4534 1707 4605 concupiscentiam.
1744 4557 1772 4587 »
1810 4536 1880 4590 Et
1913 4534 2066 4592 bene

407 4642 647 4683 omnem
680 4644 693 4693 ;
728 4625 1026 4697 siquidem
1058 4625 1237 4681 etiam
1251 4629 1389 4679 ante
1420 4624 1613 4695 legem
1633 4630 1760 4680 erat
1775 4627 2059 4698 concupi-

410 4717 657 4772 scentia.
683 4715 874 4778 Quare
897 4714 1058 4769 enim
1088 4712 1378 4769 diluvium
1411 4713 1631 4769 factum
1662 4719 1753 4770 est
1782 4713 2060 4772 Sodoma-

409 4823 525 4879 que
557 4807 865 4879 perierunt
892 4806 918 4861 τέ
942 4806 1055 4862 Sed
1084 4822 1265 4868 nunc.
1299 4807 1516 4878 inquit,
1550 4812 1607 4862 et
1637 4824 1784 4879 quas
1827 4823 1949 4864 non
1981 4809 2060 4864 vi-

410 4896 615 4953 deram
645 4894 914 4958 didici,et
928 4895 1191 4967 cognitas
1209 4902 1487 4967 operatus
1511 4913 1640 4951 sum
1686 4919 1714 4946 «
1740 4898 2054 4954 Peccatum

411 4992 715 5043 mortuum
746 4988 891 5039 erat.
925 5005 953 5034 ››
987 4984 1106 5039 Hoc
1128 4990 1216 5038 est
1245 4984 1372 5041 sine
1404 4987 1639 5042 effectu.
1674 4986 1817 5041 Nam
1847 4986 1896 5042 si
1917 4992 2058 5043 ante

409 5076 605 5151 legem
638 5089 874 5147 quoque
905 5072 1280 5144 operabatur,
1304 5080 1365 5129 at
1394 5090 1513 5129 non
1546 5074 1607 5130 in
1637 5080 1888 5132 tantum.
1924 5076 2060 5131 Dor.

408 5167 580 5233 mire,
614 5166 717 5230 ait,
768 5162 1121 5218 videbantur
1179 5163 1353 5234 plura
1408 5170 1650 5235 peccata
1705 5181 1774 5220 ac
1823 5171 2060 5221 mortua

409 5272 540 5313 esse
574 5275 586 5313 :
622 5255 811 5312 multa
838 5252 998 5309 enim
1030 5267 1150 5307 non
1181 5268 1461 5309 noveram
1493 5271 1506 5309 :
1544 5260 1601 5309 et
1631 5253 1692 5308 in
1723 5254 2061 5327 ignorantia

407 5345 655 5415 faciens,
686 5361 808 5400 non
830 5342 977 5399 adeo
1009 5342 1348 5414 peccabam.
1374 5344 1577 5414 Itaque
1602 5349 1904 5399 mortuum
1930 5349 2061 5402 erat

408 5441 741 5505 peccatum,
763 5434 916 5491 289
948 5449 1055 5506 ego
1083 5438 1283 5488 autem
1331 5431 1620 5499 vivebam,
1670 5439 1738 5487 ut
1782 5434 1883 5505 qui
1937 5449 2062 5490 non

409 5521 978 5596 molestabarneque
992 5520 1472 5592 stimulabar,aut
1491 5520 1564 5578 ab
1585 5537 1655 5578 eo
1669 5522 2063 5579 mortificatus

417 5625 599 5667 eram.

479 5697 786 5766 Quomodo
819 5714 954 5772 ergo
983 5698 1136 5757 illud
1174 5698 1440 5757 revixit?
1483 5700 1597 5757 Per
1642 5699 1856 5773 legem.
1913 5702 2062 5767 Quo-

2247 2211 2534 2288 Ἀφορμῆν
2592 2208 2651 2267 δὲ
2710 2209 2954 2270 λαϐοῦσα
3015 2218 3050 2285 ἠ
3113 2217 3351 2291 ἁμαρτία
3412 2212 3502 2272 διὰ
3542 2223 3644 2288 τῆς
3675 2216 3847 2273 ἐντο-

2178 2299 2300 2371 λῆς,
2377 2305 2767 2379 κατειργάσατο
2869 2305 2922 2363 ἐν
3020 2300 3147 2381 ἐμοὶ
3249 2314 3419 2364 πᾶσαν
3506 2306 3833 2383 ἐπιθυμίαν.

2175 2392 2356 2465 Χωρῖς
2429 2392 2534 2466 γὰρ
2591 2394 2765 2467 νόμου
2825 2396 3061 2471 ἁμαρτία
3124 2399 3307 2473 νεκρά.
3360 2398 3506 2474 Ἐγὼ
3569 2396 3627 2454 δὲ
3692 2396 3839 2469 ἔζων

2174 2481 2352 2555 χωρῖς
2422 2485 2597 2555 νόμου
2671 2480 2822 2543 ποτε.
2899 2486 3200 2558 Ἐλθούσης
3276 2485 3334 2543 δὲ
3405 2480 3506 2557 τῆς
3572 2485 3833 2559 ἐντολῆς,

2175 2571 2210 2638 ἡ
2278 2571 2518 2646 ἁμαρτία
2582 2573 2857 2646 ἀνέζησεν,
2928 2575 3037 2655 ἐγὼ
3105 2574 3163 2633 δὲ
3227 2577 3509 2648 ἀπέθανον,
3572 2577 3663 2633 καὶ
3728 2578 3828 2634 εὑ-

2177 2661 2305 2735 ρέθη
2340 2682 2434 2733 μοι
2490 2664 2523 2732 ἡ
2578 2661 2800 2734 ἐντολή,
2856 2667 2891 2736 ἡ
2953 2665 3029 2729 εἷς
3087 2669 3256 2737 ζωήν,
3296 2666 3433 2735 αὕτη
3466 2666 3540 2728 εἷς
3571 2666 3827 2726 θάνατον.

2175 2749 2241 2806 Ἱῐ
2298 2750 2401 2827 γὰρ
2434 2752 2701 2824 ξὰμαρτία
2748 2753 3006 2832 ἆφορμῆν
3079 2749 3325 2811 λαϐοῦσα
3376 2752 3466 2811 διὰ
3519 2762 3620 2826 τῆς
3680 2755 3835 2813 ἐντο-

2740 2842 2855 2867 "__-.§
2894 2842 2961 2867 D,’

2177 2837 2282 2905 λῆς
2312 2839 2616 2913 ἐξηπάτησέ
2645 2842 2857 2915 nefasti
2890 2840 2940 2900 δι

3034 2843 3046 2864 ⁷
3100 2851 3123 2863 υ
3202 2846 3215 2863 ἳ

2989 2843 3159 2914 αὐτῆς
3190 2843 3485 2902 ἀπὲκτιινε.

2245 3054 2368 3130 Οὐχ
2415 3057 2444 3112 6
2492 3056 2663 3129 νόμος
2712 3056 2906 3125 αἴτιος,
2959 3060 3112 3141 φησὶ,
3163 3067 3264 3132 τῆς
3315 3061 3605 3136 ἁμαρτίας,
3636 3059 3754 3117 ἀλλ’
3785 3061 3823 3131 ἡ

2173 3145 2414 3221 ἁμαρτία
2472 3144 2561 3203 διὰ
2615 3153 2715 3218 τῆς
2782 3145 3012 3219 ἐντολῆς
3070 3151 3104 3220 ἢ
3166 3150 3307 3207 ἐστιν
3362 3151 3556 3225 νόμος,
3617 3151 3827 3225 ἐξηπά-

2173 3237 2304 3306 τησὲ
2361 3258 2446 3309 με.
2505 3239 2647 3312 ’Όρα
2705 3242 2825 3302 πῶς
2878 3237 3059 3312 ἡρέμα
3117 3236 3349 3296 δείκνυσι
3406 3249 3676 3321 πρόφασιν
3728 3245 3828 3312 τῆς

2176 3325 2444 3398 ἁμαρτίας
2497 3329 2588 3381 τὸν
2647 3328 2840 3402 νόμον.
2902 3333 3155 3404 Φανερῶς
3214 3325 3272 3384 δὲ
3328 3329 3390 3385 οὐ
3423 3327 3720 3404 λὲγει,⁹ίνα
3751 3330 3827 3402 μὴ

2172 3417 2382 3489 προστῇ
2414 3414 2620 3477 αὐτοῖς.
2679 3413 2979 3491 Ἀμαρτίαν
3040 3417 3097 3472 ’δὲ
3153 3411 3296 3473 ἔοικε
3352 3415 3529 3492 λέγειν
3575 3418 3673 3472 τὸν
3708 3416 3831 3473 διά-

2173 3498 2362 3559 ϐολον.
2409 3510 2579 3580 Ὥπερ
2638 3505 2729 3560 οὗν
2788 3508 2879 3562 τὸν
2943 3511 3174 3581 Σωτῆρα
3206 3509 3350 3578 ζωῆν
3382 3510 3414 3577 ἡ
3449 3509 3633 3584 Γραιρὴ
3670 3508 3837 3564 καλεῖ

2171 3593 2261 3648 καὶ
2321 3595 2699 3664 Δικαιοσῦνην,
2757 3599 2834 3668 τῷ
2892 3602 3036 3666 ζωῆς
3091 3598 3184 3652 καὶ
3252 3593 3595 3667 δικαιοσύνης
3653 3595 3838 3653 αἶ’τιον

2173 3681 2332 3750 εἶναι,
2389 3683 2563 3747 οὕτως
2620 3686 2711 3740 καὶ
2766 3687 2866 3754 τήν
2925 3684 3158 3743 ἐναντίαν
3212 3683 3436 3762 δῦνσμν
3487 3683 3549 3741 ὲκ
3601 3693 3707 3755 τῆς
3778 3687 3831 3742 οἱ

2171 3774 2319 3839 κείας
2352 3775 2641 3854 ἐνεργείας,
2676 3777 2810 3834 ποτὶ
2867 3780 2964 3853 μὲν
3025 3778 3314 3855 ἁμαρτίαν,
3371 3776 3505 3835 τοτὲ
3535 3774 3594 3833 δὲ
3624 3776 3824 3854 ψεῦδος

2170 3864 2260 3921 καὶ
2293 3865 2518 3922 Οὰνατον
2552 3865 2730 3926 καλεῖ.
2790 3866 2949 3926 Οὕτω
3007 3866 3064 3923 δί
3120 3869 3209 3923 καὶ
3251 3867 3303 3924 ἐν
3335 3873 3452 3932 τοῖς
3484 3869 3606 3938 ἑξῆς
3634 3866 3817 3935 εἰπὼν,

2173 3958 2304 4025 «νἸΙ
2342 3958 2577 4032 ἁμαρτία
2610 3957 2851 4028 ἀνέζησε,
2888 3984 2916 4012 η
2948 3959 3039 4016 τὸν
3103 3954 3360 4015 διάϐολον
3402 3957 3582 4029 δηλοῖ.
3614 3957 3814 4012 Λοιπὸν

2173 4048 2264 4104 οὖν
2300 4048 2387 4105 διὰ
2418 4057 2518 4118 τῆς
2574 4049 2800 4119 ἐντολῆς
2857 4050 3111 4129 ἀφορμὴν
3141 4053 3169 4106 ὁ
3203 4045 3464 4114 διάϐολος
3495 4043 3698 4111 ἔλαϐεν,
3727 4047 3813 4104 ὅτι

2170 4137 2236 4193 τὰ
2267 4138 2700 4217 παραγγέλματα
2746 4143 2842 4194 τοῦ
2891 4140 3065 4214 νόμου
3114 4140 3189 4204 ὡς
3235 4138 3372 4211 ὕλην
3421 4139 3547 4195 τινὰ
3573 4137 3819 4210 τῆςέαυ-

2171 4231 2267 4282 τοῦ
2296 4228 2500 4303 τέχνης
2539 4229 2934 4302 ποιησάμενος,
2991 4227 3068 4292 εἷς
3119 4229 3183 4285 τὸ
3232 4228 3474 4285 ἐναντίον
3524 4234 3643 4293 ταῖς
3674 4226 3825 4283 ἐντο-

2173 4315 2297 4380 λαῖς
2359 4316 2678 4391 περιὲτρεπε
2734 4317 2827 4373 τὸν
2896 4315 3196 4395 ἄνθρωπον.
3267 4316 3448 4389 Δῆλον
3505 4316 3564 4373 δὲ
3624 4318 3707 4373 ὅτι
3749 4313 3823 4372 δι’

2173 4405 2365 4460 ἑαυτοῦ
2425 4407 2453 4461 6
2502 4404 2864 4478 Ἀπόστολος,
2925 4409 3017 4464 τὸν
3074 4408 3257 4464 κοινὸν
3314 4406 3596 4485 ἄνθρωπον
3636 4405 3830 4478 δῆλοι.

2174 4517 2202 4546 ‹‹
2238 4499 2414 4549 Πᾶσαν
2463 4493 2770 4570 ἐπιθυμίαν.
2807 4519 2835 4549 ››
2896 4494 3086 4560 Καλῶς
3144 4496 3228 4567 τὸ,
3277 4502 3473 4553 πᾶσαν·
3511 4496 3579 4567 ἦν
3605 4496 3709 4573 γὰρ
3740 4494 3839 4551 καὶ

2172 4583 2281 4658 πρὸ
2324 4586 2420 4639 τοὺ
2466 4585 2638 4658 νόμου
2695 4584 2979 4660 ἐπιθυμία.
3030 4584 3203 4656 Ἐπεὶ,
3263 4583 3403 4641 διατί
3465 4587 3494 4642 6
3551 4583 3836 4642 κατακλυ-

2089 4649 2134 4715 D
2166 4649 2304 4745 σμὸς
2330 4649 2544 4750 γέγονε,
2567 4674 2657 4728 καὶ
2712 4649 3054 4749 τὰέόδομα
3110 4649 3409 4745 calathisco;
3469 4670 3649 4730 Ἀλλὰ
3704 4677 3824 4744 νῦν,

2172 4760 2327 4840 φησὶ,
2388 4761 2477 4818 καὶ
2530 4761 2592 4825 ἃς
2651 4763 2754 4818 οὐκ
2809 4760 2961 4839 ᾔδειν
3018 4763 3303 4838 ἐπιθυμίας
3363 4761 3566 4836 ἔμαθον
3616 4761 3677 4820 ἐκ
3726 4766 3827 4819 τοῦ

2171 4850 2368 4922 νόμου,
2422 4850 2514 4908 καὶ
2593 4851 2780 4924 μαθὼν
2843 4853 3095 4925 ἐποίησα.
3177 4877 3205 4906 ι(
3259 4853 3530 4929 Ἀμαρτία
3583 4852 3764 4926 νεκρά.
3805 4878 3833 4903 η

2166 4938 2453 4996 Τουτέστιν
2507 4939 2880 5017 ἀνενὲργητος.
2942 4942 3007 5000 Ei
3065 4943 3167 5019 γὰρ
3227 4942 3442 5018 ἐνήργει
3472 4941 3564 4998 καὶ
3592 4942 3700 5017 πρὸ
3731 4944 3832 4999 τοῦ

2167 5026 2366 5101 νόμου,
2401 5028 2527 5085 ἀλλ’
2580 5030 2642 5086 οὗ
2689 5031 2969 5090 τοσοῦτον.
3018 5028 3318 5105 Καθεύδειν
3353 5028 3599 5101 ἐδόκουν,
3633 5030 3827 5111 φησὶν,

2166 5115 2224 5170 αἱ
2254 5113 2481 5179 πλείους
2514 5117 2776 5193 ἁμαρτίαι
2815 5118 2905 5173 καὶ
2950 5117 3213 5175 τεθνάναι.
3263 5117 3337 5174 Οὐ
3387 5119 3490 5196 γὰρ
3539 5115 3693 5194 ᾔδειν
3727 5117 3827 5181 τὰς

2168 5203 2413 5268 πλείους.
2464 5206 2553 5261 καὶ
2604 5207 2657 5262 ἐν
2710 5205 2898 5282 ἀγνοίᾳ
2947 5208 3222 5282 πράττων,
3272 5206 3381 5284 οὐχ
3434 5206 3608 5270 οὕτως
3640 5206 3831 5282 ⁵ἦμαρ-

2169 5315 2348 5351 τανον.
2381 5296 2445 5353 Ἡ
2507 5297 2601 5370 μὶν
2660 5295 2752 5351 οὖν
2815 5297 3055 5373 ἁμαρτία
3111 5298 3296 5372 νεκρὰ,
3353 5296 3465 5375 ἐγὼ
3514 5294 3573 5353 δὲ
3602 5295 3657 5353 ἐν
3690 5296 3831 5368 ζωῇ,

2170 5385 2261 5440 ἅτε
2295 5385 2371 5460 μὴ
2402 5383 2823 5464 ἐνοχλούμενος,
2884 5384 3024 5462 μηδὶ
3082 5387 3444 5465 νεκροῦμενος
3504 5386 3595 5445 ὑπ’
3633 5385 3831 5455 αὐτῆς.

2244 5701 2365 5761 Πῶς
2426 5696 2518 5754 οὖν
2559 5695 2830 5768 ηάνᾶζησσν
2892 5695 3070 5767 ἐκείνη
3101 5713 3135 5767 ;_
3174 5697 3272 5753 Διὰ
3327 5701 3423 5752 τοῦ
3465 5694 3832 5775 νόμου;.Τίνι
