4126 6256
320 346 327 372 ;
356 312 474 372 453

1475 309 1884 374 COMMENT.
1930 307 2008 369 IN
2055 308 2304 371 EPIST.
2352 310 2454 369 AD
2501 311 2683 372 ROM.

3661 314 3781 378 LM

361 444 562 519 τρόπον
590 444 764 513 ;·”Οτι
796 445 898 497 τοῦ
927 441 1100 516 νόμου
1123 437 1396 511 δοθέντος,
1423 441 1634 515 μᾶλλον
1679 441 1851 513 ἐκείνη
1883 442 2018 514 πρὸς

2136 459 2270 498 nam
2305 449 2476 516 pacto
2497 443 2525 499 ?
2554 443 2694 516 quia
2719 443 2867 499 illud
2897 442 3034 501 data
3064 443 3188 515 lege
3215 445 3402 520 magis
3433 447 3504 503 ad
3532 447 3782 506 invasio-

361 533 595 589 ἐπίθεσιν
648 533 974 604 παρωξύνθη
1012 576 1026 601 ,
1091 534 1178 587 καὶ
1233 533 1348 588 οῖον
1398 534 1682 608 ἐπηρεάσαι
1737 531 2016 606 ὥρμησεν,

365 625 454 679 ἆτε
506 622 573 690 δὴ
627 623 717 677 καὶ
776 627 1169 702 στεφανοῦσθαι
1229 623 1503 696 μέλλοντα
1560 623 1649 676 τὸν
1713 618 2018 698 ιρυλαξαντα

364 716 462 782 τήν
493 713 542 768 ἐν
576 711 803 782 ἐντολῆν
840 713 1308 789 ὑπολογιζομένη,
1341 713 1430 768 καὶ
1465 712 1552 767 διὰ
1596 718 1759 768 τοῦτο
1802 709 2017 783 μᾶλλον

378 798 844 858 ’διαῦασκαίνουσα
886 800 990 859 Καὶ
1020 801 1124 877 ἐγὼ
1157 800 1318 858 πάλιν
1349 801 1510 877 γνοὺς
1568 800 1657 858 δια
1710 809 1811 870 τῆς
1867 801 2020 856 ἐντο-

386 891 488 961 λῆς
518 894 611 962 τήν
633 890 930 967 ἁμαρτίαν,
969 893 1040 954 ὡς
1102 892 1154 946 ἐν
1209 896 1402 967 γνώσει
1460 893 1708 964 πράττων
1741 891 1776 946 ’ὰ
1805 891 2018 970 φεύγειν

385 981 511 1046 ἔδει,
579 979 790 1054 μᾶλλον
848 982 988 1038 κατὰ
1043 986 1198 1036 τοῦτο
1255 983 1597 1056 ἡμάρτανον,
1655 981 1745 1036 καὶ
1805 980 2014 1054 μᾶλλον

374 1071 540 1138 αύτῆν
571 1074 688 1126 καθ’
721 1074 916 1127 ἑαυτοῦ
960 1071 1353 1149 ἐπερῥώννυον.
1395 1073 1574 1147 Ἰσχὺν
1623 1073 1760 1145 αὐτῇ
1804 1069 1892 1126 διὰ
1917 1077 2016 1140 τῆς

366 1163 500 1216 κατᾶ
556 1167 752 1237 γνῶσιν
837 1161 1046 1218 ἀτόπου
1131 1164 1375 1238 πράξεως
1458 1163 1836 1238 ἐπιχορηγῶν,
1926 1159 2016 1215 καὶ

364 1251 480 1304 οἷον
532 1250 732 1320 ἀσθενῆ
775 1251 866 1306 καὶ
931 1252 1327 1326 νενεκρωμένην
1387 1251 1546 1306 οὖσαν
1610 1249 1876 1329 ἐνισχύων
1925 1249 2016 1303 καὶ

362 1341 856 1411 ἀναζωπυρῶν.Ἣ
903 1337 961 1394 δὲ
1015 1343 1240 1411 ζήσασα,
1300 1340 1396 1413 ἐμὲ
1455 1341 1730 1416 ἐνέκρωσε.
1794 1340 1901 1414 Ι]ρὸ
1962 1335 2017 1392 δὲ

367 1434 456 1484 τοῦ
487 1429 761 1500 ἇναζῆσαι
823 1427 1052 1502 ἐκείνην,
1107 1431 1212 1506 ἐγὼ
1263 1430 1394 1500 ἔζων
1447 1430 1681 1504 μᾶλλον.
1742 1435 1912 1485 Τοῦτο
1962 1425 2017 1482 δὲ

370 1520 429 1588 ἦν
452 1521 559 1594 πρὸ
591 1524 693 1574 τοῦ
723 1520 896 1593 νόμου
935 1523 1021 1575 καὶ
1077 1529 1177 1590 τῆς
1207 1519 1457 1590 ἐντολῆς.
1517 1523 1677 1576 Ὥστε
1707 1519 1757 1575 εἷ’
1783 1519 1873 1576 καὶ
1939 1519 2014 1591 μὴ

365 1609 594 1681 ὀνὸμος
630 1610 890 1686 ἁμαρτία,
953 1607 1078 1665 ἀλλ’
1133 1608 1224 1664 οὖν
1281 1609 1486 1665 ἐκείνου
1545 1608 1814 1676 δοθέντος,
1873 1607 2012 1663 κατὰ

365 1696 457 1752 δύο
484 1700 733 1774 τρόπους
767 1701 802 1769 ἡ
853 1699 1088 1774 ἁμαρτία
1127 1701 1401 1770 ἀνέζησεν,
1459 1700 1623 1770 αὐτῆς
1683 1722 1742 1756 τε
1808 1699 2018 1769 ἐκείνης

369 1786 584 1860 μᾶλλον
621 1789 758 1861 πρὸς
809 1788 1050 1866 ἐπίρεσιν
1104 1787 1518 1859 ἀνακινηοείσης
1574 1788 1664 1843 καὶ
1723 1786 2018 1866 διεγερθει-

365 1899 486 1947 σης,
520 1879 611 1932 καὶ
641 1879 804 1949 ἡμῶν
852 1882 920 1951 τῇ
970 1877 1106 1932 κατᾶ
1163 1872 1360 1952 γνῶσιν
1422 1878 1636 1951 ἐκτὸπῳ
1693 1878 1879 1951 πράξει
1930 1878 2016 1932 ἐν-

372 1967 711 2042 ισχυσᾶντων
755 1968 949 2036 αὐτὴν,
1008 1967 1096 2022 καὶ
1153 1969 1253 2036 τήν
1313 1970 1428 2032 καθ’
1496 1969 1654 2039 ἡμῶν
1715 1963 2013 2037 ἐπιϐουλὴν

888 2057 1340 2133 παρασχομένων.
1427 2054 1585 2114 Ἀλλ’

368 2145 650 2216 ἀνέζησεν,
707 2145 819 2201 ὲλὼ
879 2144 935 2200 δὲ
975 2147 1258 2211 ἀπέθανον.
1323 2148 1554 2216 «Ἕζων
1613 2146 1787 2222 χωρὶς
1843 2148 2016 2219 νόμου

367 2233 517 2292 ποτέ.
554 2260 580 2286 n
622 2235 758 2289 Πότε
787 2230 922 2304 ἔζων
974 2235 1148 2314 χωρὶς
1204 2235 1409 2309 νόμους
1472 2235 1583 2312 Πρὸ
1639 2240 1735 2291 τοῦ
1793 2232 2015 2305 δοθῆναι

365 2326 460 2394 τήν
483 2322 720 2393 ἐντολήν
751 2330 867 2386 τοῖς
906 2327 1384 2395 πρωτοπλάστοις,
1441 2327 1540 2396 τὴν
1604 2326 1654 2380 ἐν
1707 2325 2017 2400 παραδείσῳ

367 2417 531 2485 ζωήν.
563 2415 638 2470 ’Ἠ
687 2413 796 2489 πρὸ
853 2416 1096 2477 Μωσέως
1151 2412 1410 2485 δηλονότι
1468 2415 1624 2485 ἔζων,
1684 2416 1868 2496 φησὶψ
1921 2415 2018 2470 ούκ

363 2505 514 2576 ἤμην
545 2505 744 2577 νεκρὸς
809 2508 886 2574 τῷ
929 2503 1129 2574 πλήθει
1186 2508 1294 2559 τῶν
1354 2506 1657 2580 ἁμαρτιῶν.
1719 2507 1858 2562 Τότε
1915 2507 2016 2580 γὰρ

366 2593 526 2666 μόνον
561 2595 726 2669 εἶχον
754 2595 1065 2669 κατήγορον
1112 2594 1202 2649 τὸν
1253 2593 1475 2673 φυσικὸν
1535 2595 1725 2667 νόμον,
1785 2595 1901 2649 νυνὶ
1961 2591 2018 2650 δὲ

363 2684 572 2738 καὶτὸν
625 2682 890 2758 γραπτὸν.
941 2684 1097 2758 Ὁρᾷς
1148 2689 1266 2744 πῶς
1326 2685 1384 2738 ἐκ
1438 2684 1802 2758 περιστάσεως
1860 2679 2018 2739 ἔϐλα-

369 2776 457 2847 ψεν
489 2775 516 2828 ὁ
546 2775 728 2846 νόμος
761 2792 776 2842 ;
827 2773 1173 2843 «Ἐλθούσης
1207 2771 1264 2828 δέ
1293 2776 1390 2842 τῆς
1422 2773 1666 2842 ἐντολῆς.
1695 2801 1714 2827 ι
1753 2773 2017 2844 Ἐντολήν

367 2885 491 2940 φησι
521 2864 624 2918 τὸν
655 2863 853 2934 νόμον.
892 2861 1070 2917 Εἰπὼν
1111 2860 1167 2917 δὲ
1226 2886 1254 2914 ‹‹
1283 2863 1582 2933 Ἀνέζησεν,
1617 2888 1644 2915 ››
1704 2861 1898 2935 ἔδειξεν
1931 2863 2014 2920 ὅτι

355 2955 423 3024 ἦν
487 2955 587 3026 μὲν
633 2953 669 3022 ἡ
705 2953 969 3028 ἁμαρτία,
1029 2951 1155 3008 ἀλλ’
1211 2953 1506 3027 ἡσύχαζεν,
1541 2955 1567 3008 ὁ
1599 2951 1657 3008 δὲ
1720 2955 1891 3026 νόμος
1945 2955 2018 3018 ὡς

356 3043 676 3119 εὐεργετῶν,
741 3041 1072 3120 ἐφανέρωσεν
1132 3041 1298 3112 αὐτήν
1357 3043 1444 3098 ἳνα
1499 3043 1758 3122 φύγωμεν
1822 3043 2014 3113 αὐτὴν,

362 3133 489 3208 civ}?
534 3134 572 3202 ἦ
629 3132 947 3207 περίστασις
1003 3131 1131 3193 τοὺς
1193 3135 1268 3204 μή
1328 3131 1593 3208 φυγόντας
1652 3127 1907 3206 ἔϐλαψεν.
1953 3133 2015 3188 Ἡ

372 3220 466 3273 οὖν
498 3221 577 3283 εἷς
615 3221 759 3289 ζωὴν
824 3241 919 3294 μοι
951 3218 1168 3274 δοθεῖσα
1196 3219 1394 3292 (οὕτως
1447 3220 1552 3294 γὰρ
1611 3220 1729 3299 εἶχε
1785 3221 2018 3296 φύσεως)

382 3309 459 3369 εἷς
491 3309 708 3371 θάνατόν
743 3331 833 3383 μοι
867 3311 1056 3385 γέγονε
1101 3307 1188 3364 διὰ
1241 3311 1341 3378 τήν
1402 3309 1670 3383 ἡμετέραν
1731 3309 2020 3384 ῥᾳθυμίαν,

386 3396 454 3449 ού
492 3395 583 3451 διὰ
612 3398 702 3466 τῆν
741 3400 903 3467 αὐτῆς
948 3400 1137 3476 φώσιν.
1173 3424 1198 3450 ‹‹
1233 3399 1295 3453 Ἣ
1326 3398 1431 3476 γὰρ
1483 3397 1720 3472 ἁμαρτία
1767 3399 2019 3476 ἀφορμήν

388 3480 647 3543 λαϐοῦσα.
679 3511 706 3538 ν
761 3484 936 3545 Πάλιν
977 3487 1043 3541 τὰ
1101 3486 1236 3542 αὐτὰ
1286 3484 1560 3551 ποικίλως
1617 3489 2020 3555 κατασκευάζει,

383 3573 467 3628 καὶ
507 3573 750 3637 εἰκότως.
804 3574 1058 3648 Μεγάλην
1101 3575 1204 3652 γὰρ
1232 3575 1348 3653 εἶχε
1381 3572 1534 3645 δόξαν
1592 3575 1619 3629 ὁ
1679 3575 1870 3647 νόμος.
1905 3574 2021 3628 Δεί-

369 2057 458 2111 συν
515 2054 797 2131 παρρησίᾳ
888 2057 1340 2131 παρασχομένων.
1427 2054 1585 2114 Ἀλλ’
1663 2057 1834 2129 ἐκείνη
1919 2058 2013 2130 μὲν

379 3685 551 3718 κνυσιν
594 3665 685 3719 οὖν
735 3665 897 3720 αὐτὸν
954 3663 1123 3738 μηδὲν
1183 3665 1522 3740 ὠφελοῦντα,
1583 3664 1710 3721 ἀλλ’
1767 3664 1828 3720 ἐκ
1874 3685 2025 3738 περι-

373 3756 600 3818 στάσεως
650 3752 958 3829 βλάψαντα.
1017 3759 1170 3810 Ποιεῖ
1232 3751 1287 3808 δὲ
1333 3758 1516 3822 τοῦτο,
1575 3754 1666 3809 ἳνα
1727 3751 2024 3830 εὐπαράδε-

373 3865 491 3906 κτσς
520 3846 756 3920 γένηται
788 3842 1073 3918 κηρύσσων
1127 3847 1224 3898 τοῦ
1280 3843 1479 3898 ἀσεῖναι
1545 3844 1638 3918 μὲν
1687 3845 1778 3899 τὸν
1833 3844 2022 3916 νόμον,

366 3930 750 4007 προσδραμεῖν
798 3929 855 3986 δὲ
909 3936 975 4002 τᾷ
1029 3933 1206 3988 πίστει
1261 3935 1516 4006 Χριστοῦ.
1574 3933 1863 4008 Ἀνωτέρω
1918 3932 2021 4009 γὰρ

357 4022 559 4093 εἰπών,
596 4021 686 4077 ὅτι
716 4023 1000 4098 Ἀφορμὴν
1034 4016 1274 4077 λαϐοῦσα
1295 4023 1330 4091 ἡ
1363 4020 1600 4096 ἁμαρτία
1629 4021 2024 4097 κατειργάσατο

357 4110 413 4166 ἐν
447 4112 583 4184 ἐμοὶ
618 4116 791 4164 πᾶσαν
821 4109 1127 4182 ἐπιθυμίαν,
1162 4108 1368 4186 ἐπάγει,
1413 4109 1494 4164 δτι
1564 4109 1625 4164 οὗ
1688 4110 1854 4184 μόνον
1915 4109 2028 4165 ἐπι-

365 4203 573 4274 Baptism
654 4205 829 4255 πᾶσαν
884 4201 1271 4274 κατειργάσατο
1306 4246 1320 4268 ,
1382 4196 1528 4254 ἀλλὰ
1579 4200 1665 4254 καὶ
1728 4199 2028 4255 ἐθανάτωσέ

373 4310 439 4362 με
469 4289 617 4359 αὕτη
656 4309 750 4361 μοι
806 4290 1068 4364 γενομένη
1129 4291 1205 4352 εἷς
1251 4287 1498 4345 Θάνατον.
1563 4287 1714 4356 Εἶτα,
1773 4289 1847 4349 ὡς
1903 4285 2026 4352 ἓθος

373 4377 524 4451 αύτῷ
581 4376 758 4438 αἰτίας
814 4376 1012 4438 αἰτίαις
1065 4376 1343 4450 συνείρειν,
1402 4376 1490 4432 καὶ
1540 4364 1639 4446 τὶν
1699 4375 2025 4440 ἀκολουθίαν

373 4463 460 4508 Ξ.ιὲ

375 4463 710 4520 ἐνδεικνύναι
741 4468 848 4520 τῶν
881 4466 1214 4540 πραγμάτων
1250 4466 1337 4520 καὶ
1373 4465 1424 4520 ἐν
1483 4471 1600 4527 τοῖς
1648 4463 1862 4540 λόγοις,
1896 4465 2028 4520 ἀνα-

2131 549 2268 588 nem
2301 535 2610 590 incitatum
2645 541 2750 590 est.
2785 541 2843 589 et
2880 536 3058 590 veluti
3092 536 3376 608 impetum
3405 537 3545 592 fecit
3574 540 3647 594 ad
3671 557 3780 595 no-

2126 624 2694 695 cendum,tanquam
2715 631 2996 695 reputans
3017 642 3148 679 eum
3169 628 3400 698 quijam
3420 636 3777 698 praeceptum

2125 721 2416 770 servasset
2462 715 2909 778 coronandum,
2979 717 3231 788 ideoque
3306 722 3496 792 magis
3556 723 3778 779 invidia

2125 811 2351 860 motum
2386 809 2490 859 est.
2524 807 2776 861 Rursum
2810 822 2913 878 ego
2945 823 3202 878 quoque.
3254 810 3452 882 agnito
3484 829 3590 882 per
3619 831 3776 884 prae-

2126 901 2360 965 ceptum
2392 901 2651 966 peccato,
2701 901 2980 966 tanquam
3042 898 3300 953 scienter
3356 899 3580 957 faciens
3641 920 3770 974 qua

2124 983 2324 1056 fugere
2357 985 2638 1055 oportuit,
2672 985 2996 1039 secundum
3030 986 3139 1041 hoc
3171 988 3402 1059 gravius
3434 993 3772 1062 peccabam,

2124 1073 2428 1144 magisque
2460 1073 2608 1127 illud
2640 1073 2918 1129 adversus
2972 1076 3263 1146 meipsum
3295 1079 3724 1136 confirmabam
3755 1100 3769 1149 ;

2124 1161 2242 1215 vim
2276 1160 2361 1214 illi
2395 1163 2664 1231 praebens
2696 1179 2801 1234 per
2832 1163 3100 1234 iniquam
3147 1167 3443 1222 actionem
3480 1187 3549 1225 ex
3580 1173 3778 1243 cogni-

2126 1251 2284 1303 tione
2315 1251 2770 1321 perpetrabam:
2831 1258 2888 1306 et
2918 1253 3093 1307 veluti
3151 1255 3448 1312 imbecille
3499 1274 3566 1314 ac
3611 1277 3770 1314 mor-

2126 1339 2410 1394 tificatum
2442 1340 2768 1395 fortiﬁcans
2794 1358 2861 1396 ac
2893 1345 3206 1399 suscitans.
3242 1347 3421 1401 Porro
3462 1348 3561 1403 ubi
3614 1350 3765 1405 illud

2125 1429 2351 1492 revixit,
2385 1445 2478 1483 me
2539 1429 2714 1484 morti
2773 1430 2951 1484 dedit.
3015 1433 3157 1487 Nam
3215 1433 3559 1506 priusquam
3623 1437 3772 1494 illud

2125 1518 2513 1586 revivisceret,
2549 1535 2652 1587 ego
2682 1519 2864 1591 magis
2899 1520 3196 1575 vivebam:
3227 1524 3336 1578 hoc
3394 1532 3592 1580 autem
3646 1531 3773 1582 erat

2125 1613 2260 1662 ante
2295 1608 2480 1678 legem
2514 1625 2579 1663 ac
2615 1615 2994 1680 praeceptum.
3046 1611 3246 1682 Itaque
3303 1630 3644 1686 quanquam
3679 1617 3772 1672 lex

2126 1703 2429 1769 peccatum
2463 1714 2581 1752 non
2614 1697 2708 1766 sit,
2741 1704 2939 1753 tamen
2990 1699 3119 1772 ipsa
3157 1701 3293 1756 data
3321 1712 3628 1773 peccatum
3661 1706 3768 1762 du-

2125 1789 2265 1859 plici
2298 1788 2473 1843 modo
2508 1789 2750 1842 revixit:
2793 1795 2920 1844 tum
2952 1790 3208 1861 ipsomet
3237 1795 3424 1865 magis
3464 1795 3537 1851 ad
3568 1813 3770 1868 aggre-

2126 1877 2409 1933 diendum
2443 1884 2737 1932 commoto
2787 1884 2846 1932 et
2901 1880 3172 1946 excitato,
3225 1887 3346 1937 tum
3395 1885 3564 1939 nobis
3622 1885 3773 1941 illud

2127 1967 2617 2022 conﬁrmantibus
2650 1967 2947 2022 indecenti
2980 1970 3212 2024 actione
3245 1988 3375 2041 quae
3407 1989 3474 2027 ex
3522 1974 3772 2030 scientia.

2124 2059 2503 2128 procedebat,
2554 2058 2857 2129 liberaque
2889 2059 3169 2115 adversus
3202 2062 3476 2133 nosipsos
3537 2063 3771 2118 insidiis

2124 2146 2545 2216 praebentibus.
2597 2150 2670 2200 At
2713 2146 2859 2200 illud
2890 2147 3128 2216 quidem
3191 2150 3418 2211 revixit,
3479 2166 3584 2220 ego
3641 2166 3772 2208 vero

2127 2239 2394 2289 mortuus
2441 2251 2591 2290 sum.
2630 2257 2656 2284 ‹‹
2691 2235 2965 2289 Vivebam
3016 2237 3143 2291 sine
3205 2238 3328 2309 lege
3375 2239 3697 2309 quondam.
3736 2260 3769 2292 ·››

2126 2323 2368 2387 Quando
2387 2323 2647 2377 vivebam
2672 2324 2798 2378 sine
2823 2325 2949 2394 lege
2970 2324 2996 2378 ‘2
3019 2326 3369 2395 Priusquam
3411 2331 3769 2400 praeceptum

2126 2411 2366 2466 daretur
2387 2411 2908 2482 protoplastis,vi!a
2929 2429 3060 2482 quae
3089 2414 3148 2467 in
3170 2416 3446 2470 Paradiso
3469 2418 3771 2488 agebatun.

2127 2503 2241 2554 Aut
2262 2499 2536 2554 videlicet
2563 2506 2698 2554 ante
2717 2501 2929 2556 Mosem
2953 2502 3351 2569 vivebam,hoc
3367 2513 3474 2571 est,
3497 2513 3766 2562 mortuus

2127 2605 2245 2644 non
2292 2607 2455 2646 eram
2505 2590 2885 2646 multitudine
2932 2599 3357 2662 peccatorum:
3412 2601 3553 2650 tunc
3613 2598 3773 2652 enim

2128 2681 2321 2736 solum
2353 2687 2758 2736 accusatorem
2821 2681 3112 2737 habebam
3166 2685 3500 2740 naturalem
3559 2686 3771 2760 legem.

2129 2790 2286 2827 nunc
2314 2777 2510 2827 autem
2543 2779 2600 2827 et
2643 2773 2943 2843 scriptam.
2999 2773 3170 2829 Vides
3229 2776 3525 2845 quomodo
3584 2777 3678 2832 lex
3710 2793 3778 2833 ex

2125 2863 2416 2918 incidenti
2448 2862 2774 2918 nocuerit?
2821 2867 3000 2917 Porro
3059 2879 3194 2919 cum
3252 2866 3512 2921 venisset
3564 2883 3777 2938 praece-

2125 2957 2312 3022 ptum.
2345 2974 2371 3000 »
2397 2953 2761 3022 Praeceptum
2785 2951 3150 3024 dicitlegem.
3170 2954 3380 3009 Dicens
3399 2962 3598 3011 autem
3624 2979 3648 3006 ‹‹
3674 2960 3775 3014 Be-

2126 3041 2339 3104 vixit,»
2397 3040 2662 3094 ostendit
2697 3041 2878 3094 fuisse
2914 3041 3152 3110 quidem
3213 3050 3386 3098 antea
3444 3052 3774 3117 peccatum,

2131 3129 2232 3183 sed
2260 3129 2319 3182 in
2352 3130 2580 3198 quiete;
2607 3129 2699 3183 lex
2722 3135 2916 3183 autem
2941 3136 3222 3200 tanquam
3255 3131 3611 3188 beneﬁcium
3637 3152 3782 3205 prm-

2135 3224 2320 3283 stans,
2357 3219 2501 3273 illud
2537 3219 2935 3274 manifestavit
2960 3226 3026 3274 ut
3066 3221 3259 3292 ipsum
3286 3223 3645 3296 fugeremus,
3679 3227 3783 3282 sed

2133 3308 2280 3377 legis
2313 3307 2654 3363 assistentia
2685 3309 2775 3362 his
2807 3309 2905 3379 qui
2965 3326 3084 3364 non
3118 3311 3393 3382 fugerunt
3423 3320 3782 3372 nocumento

2135 3395 2265 3450 fuit.
2302 3395 2469 3460 Quod
2502 3413 2637 3469 ergo
2669 3397 2814 3452 mihi
2849 3397 3051 3453 datum
3102 3407 3227 3456 erat
3259 3402 3332 3456 ad
3390 3403 3568 3458 vitam
3623 3409 3786 3472 (nam

2134 3485 2193 3540 id
2225 3503 2295 3541 ex
2325 3491 2539 3542 natura
2571 3485 2870 3553 habebat),
2905 3489 3082 3544 cessit
3113 3490 3256 3544 mihi
3279 3491 3354 3546 ad
3378 3500 3626 3550 mortem
3650 3510 3782 3566 pro-

2135 3579 2266 3646 pter
2289 3591 2479 3630 meam
2514 3577 2846 3648 segnitiem.
2880 3594 3002 3633 non
3027 3587 3264 3651 pr0pter
3293 3582 3453 3637 illius
3484 3591 3782 3642 naturam.

2137 3686 2163 3713 «
2189 3665 2502 3720 Peccatum
2529 3666 2684 3720 enim
2718 3667 3027 3724 occasione
3052 3675 3312 3740 accepta.
3349 3694 3376 3719 »
3411 3671 3626 3729 Eadem
3651 3692 3782 3728 rur-

2137 3770 2236 3810 sus
2271 3755 2422 3809 varie
2446 3755 2795 3809 confirmat:
2829 3761 2887 3810 et
2919 3758 3130 3812 merito
3163 3774 3174 3811 :
3208 3774 3342 3813 nam
3379 3761 3470 3814 lex
3509 3777 3781 3832 magnam

2137 3843 2440 3898 obtinebat
2460 3843 2708 3912 gloriam
2732 3860 2742 3897 :
2762 3844 3022 3898 Ostendit
3043 3862 3177 3917 ergo
3203 3847 3358 3916 quod
3381 3848 3782 3919 nihiljuverit,

2118 3931 2240 4000 Ised
2272 3947 2342 3986 ex
2383 3931 2670 3986 incidenti
2695 3932 2964 3986 nocuerit
2987 3933 3345 3995 ;hocautem
3373 3935 3785 3995 facitutfacile

2135 4020 2478 4090 recipiatur,
2512 4019 2654 4075 dum
2687 4019 2971 4090 praadicat
2993 4021 3299 4077 dimissam
3331 4041 3461 4079 esse
3493 4025 3700 4099 legem.
3727 4033 3788 4084 et

2137 4107 2567 4164 accurrendum
2591 4106 2665 4162 ad
2688 4108 2902 4162 Christi
2927 4107 3122 4164 ﬁdem.
3148 4111 3292 4167 Cum
3319 4113 3477 4168 enim
3511 4117 3784 4187 superius

2138 4197 2415 4252 dixisset:
2449 4196 2770 4252 Occasione
2801 4204 3000 4252 autem
3031 4206 3272 4271 accepta
3322 4210 3630 4272 peccatum
3678 4222 3786 4276 per

2138 4290 2496 4358 praeceptum
2528 4291 2833 4356 operatum
2867 4297 2957 4341 est
2985 4290 3046 4341 in
3079 4306 3171 4345 me
3228 4306 3466 4346 omnem
3499 4296 3784 4366 concupi-

2141 4375 2452 4438 scentiam,
2481 4373 2749 4447 adjungit
2771 4375 2924 4431 290
2943 4379 3119 4447 quod,
3151 4380 3275 4434 Non
3304 4380 3493 4436 solum
3543 4399 3783 4440 omnem

2140 4465 2682 4536 concupiscentiam
2714 4474 3032 4538 Opepatum
3066 4475 3173 4537 est,
3199 4469 3301 4525 sed
3333 4477 3390 4525 et
3421 4473 3637 4528 occidit
3667 4491 3783 4544 me,

373 4557 564 4634 τρέχει
605 4553 697 4610 καὶ
753 4555 934 4624 τίθησι
993 4559 1110 4618 πῶς
1157 4554 1550 4631 κατειργάσατο
1610 4560 1782 4608 πᾶσαν
1841 4553 2019 4609 ἐπιθυ-

2139 4554 2332 4625 ipsum
2364 4553 2509 4608 mihi
2540 4554 2758 4610 cedens
2789 4555 2862 4610 ad
2904 4563 3173 4612 mortem.
3227 4559 3450 4616 Deinde
3499 4565 3787 4635 quemad-

382 4645 506 4717 μίαν
540 4644 634 4699 καί
665 4664 818 4721 φησι,
848 4642 931 4698 ὅτι
986 4668 1012 4695 ‹‹
1071 4645 1361 4720 Ἀφορμήν
1423 4639 1665 4699 λαϐοῦσα
1724 4643 2028 4716 ἐξηπάτησέ

383 4754 466 4807 με.
509 4759 535 4784 n
571 4735 703 4791 Εἶτα
759 4733 936 4804 ἀφῆκε
990 4734 1051 4787 τὸ
1097 4733 1403 4809 προῤῥηθὲν
1462 4737 1607 4789 νοεῖν
1663 4731 1911 4801 ἐνταῦθα,
1945 4732 2028 4788 ὅτι

382 4824 440 4879 ἐκ
484 4824 683 4881 τούτου
742 4822 798 4880 δὲ
846 4824 1132 4901 εἶργίσατο
1187 4827 1286 4894 τήν
1347 4822 1657 4896 ἐπιθυμίαν,
1725 4825 1812 4879 καὶ
1866 4829 2026 4880 τοῦτο

387 4913 558 4992 ἐνθεὶς,
590 4913 932 4990 ἐρισυνάπτει
981 4911 1042 4970 τὸ
1100 4912 1283 4982 τέλος,
1319 4937 1343 4965 ‹‹
1376 4915 1477 4970 Καὲ
1529 4913 1851 4982 ἀπέκτεινεν,
1878 4938 1903 4965 ››
1957 4914 2030 4969 ’ἶν’

389 4999 580 5077 ᾖ-κατὰ
625 5005 928 5079 συνέχειαν,
991 5001 1043 5057 εἶ’
1064 5024 1155 5066 ττς
1209 4997 1498 5070 ἀναλάϐοι,
1550 5002 1724 5064 οὕτως
1773 5005 1919 5076 αὐτῷ
1949 5003 2026 5059 εἲ-

384 5095 642 5166 ρημένον.
705 5118 733 5145 ‹‹
766 5094 1054 5170 Ἀφορμήν
1118 5087 1358 5147 Λαϐοὖσα
1417 5093 1452 5161 ἠ
1499 5092 1754 5168 ἁμαρτία,
1810 5113 2028 5167 κατειρ-

378 5185 575 5256 γάσατο
609 5182 659 5238 ἐν
681 5181 812 5255 ἐμοῖ
862 5186 1032 5237 πᾶσαν
1061 5179 1368 5253 ἐπιθυμίαν.
1406 5205 1432 5230 ››
1487 5183 1601 5250 Τὴν
1649 5179 1704 5236 δὲ
1734 5182 2022 5254 ἐπιθυμίαν

379 5273 775 5348 κατειργάσατο
811 5317 822 5339 ,
885 5271 1249 5340 ἀπατήσασα.
1327 5272 1708 5346 Ἐργασαμένη
1787 5269 1841 5326 δὲ
1927 5273 2022 5340 τήν

379 5361 693 5441 ἐπιφυμίαν,
729 5360 1004 5417 ἀπέκτεινέ
1064 5381 1147 5433 με.
1213 5361 1398 5416 Ἔστιν
1456 5359 1546 5413 οὗν
1608 5363 1642 5429 ἡ
1695 5359 1898 5430 ἀπάτη,
1949 5360 2027 5415 αἷ-

375 5453 456 5508 τία
509 5461 613 5524 τῆς
671 5452 981 5523 ἐπιθυμίας·
1043 5451 1076 5519 ἡ
1129 5446 1186 5503 δὲ
1244 5446 1525 5520 ἐπιθυμία,
1619 5453 1717 5503 τοῦ
1774 5449 2022 5508 Θανάτου,

355 5546 474 5616 -Τήν
693 5541 906 5610 ἆπὶτην
993 5538 1276 5614 εἷ’ργάσατο
1372 5536 1460 5592 διὰ
1514 5540 1611 5608 τῆς
1678 5537 1910 5610 ἐντολῆς
1988 5542 2022 5609 ἡ

371 5635 598 5713 ἇμαρτί,
673 5630 771 5687 ’ἕνα
846 5636 982 5711 φανῆ
1081 5629 1144 5684 τὸ
1191 5663 1196 5666 -
1239 5619 1582 5702 ὑπερϐάλλον
1657 5635 1760 5699 τῆς
1833 5629 2023 5691 κακίας

2139 4642 2380 4698 modum
2403 4642 2488 4698 illi
2514 4643 2694 4697 moris
2717 4649 2806 4698 est
2827 4660 3035 4701 causas
3066 4655 3442 4715 connectere,
3492 4658 3549 4706 et
3578 4669 3782 4711 rerum

2138 4732 2623 4805 consequentiam
2657 4732 2833 4788 etiam
2891 4733 2951 4787 in
3012 4738 3388 4794 sermonibus
3446 4743 3784 4812 ostendere,

2138 4823 2410 4878 recurrit.
2443 4837 2509 4876 ac
2538 4820 2704 4892 ponit
2733 4821 3027 4890 quomodo
3073 4834 3380 4896 Operatum
3412 4831 3489 4885 sit
3541 4848 3781 4889 omnem

2137 4910 2699 4982 concupiscentiam,
2733 4915 2790 4962 et
2837 4912 2956 4964 ait:
2992 4936 3017 4960 ‹‹
3054 4914 3374 4973 Occasione
3405 4929 3648 4992 accepta
3680 4922 3782 4976 de...

2138 5003 2294 5072 cepit
2326 5016 2437 5054 me.
2475 5022 2500 5047 ››
2533 4995 2754 5052 Deinde
2778 4999 2934 5069 quod
2957 5003 3304 5072 praedictum
3329 5014 3416 5062 est
3444 5008 3583 5064 hinc
3615 5009 3786 5064 intel-

2136 5089 2436 5163 ligendum
2471 5087 2728 5156 reliquit.
2757 5095 2898 5158 puta
2929 5093 3086 5161 quod
3115 5110 3185 5149 ex
3210 5097 3319 5151 hoc
3349 5105 3655 5168 operatum
3689 5103 3781 5153 est

2137 5194 2372 5236 omnem
2418 5176 3002 5245 concupiscentiam:
3046 5187 3104 5236 et
3163 5183 3273 5238 hoc
3331 5185 3538 5239 relicto
3597 5184 3780 5240 finem

2137 5264 2463 5338 conjungit,
2511 5262 2736 5325 dicens,
2775 5287 2800 5312 ‹‹
2838 5269 2903 5319 Et
2935 5268 3192 5336 occidit;
3228 5293 3256 5320 »
3289 5277 3355 5325 ut
3379 5289 3447 5325 ex
3496 5289 3784 5328 consecu-

2137 5359 2295 5413 tione
2327 5352 2533 5408 sithoc
2564 5351 2740 5406 modo
2771 5353 2844 5408 ab
2877 5371 2944 5409 eo
2979 5357 3223 5418 dictum.
3258 5359 3306 5412 si
3341 5359 3472 5430 quis
3503 5361 3644 5417 velit
3685 5378 3782 5418 re-

2135 5455 2365 5520 petere:
2391 5468 2411 5492 η
2432 5441 2753 5498 Occasione
2778 5453 3017 5516 accepta
3031 5455 3336 5517 peccatum
3360 5459 3667 5522 operatum
3691 5460 3781 5510 est

2136 5540 2196 5595 in
2222 5551 2314 5594 me
2337 5547 2575 5591 omnem
2599 5533 3156 5605 concupiscentiam.
3183 5563 3210 5587 ››
3230 5540 3782 5616 Concupiscentiam

2119 5634 2333 5688 autem
2361 5625 2669 5695 operatum
2729 5628 2817 5678 est
2848 5639 2981 5682 cum
3015 5626 3383 5701 decepisset:
3415 5649 3616 5692 verum
3649 5649 3780 5696 cum
