4126 6256
351 330 508 403 ’455

1375 322 1783 393 COMMENT.
1832 326 1910 388 IN
1954 326 2157 389 ACTA
2199 309 2801 393 APOSTOLORUM.

3671 325 3801 391 456

386 478 695 548 operatum
726 472 885 526 esset
912 463 1476 539 concupiscentiam,
1510 460 1728 519 occidit
1756 478 1877 518 me.
1933 461 2036 517 Est

2149 459 2321 527 αὐτῆς
2356 508 2371 533 ,
2432 458 2523 518 διὰ
2600 464 2700 519 τοῦ
2753 459 2958 539 ἀγαθοῦ
3039 479 3104 516 το
3167 457 3422 518 κάκιστον
3480 435 3809 537 ἐργαζόμε-

350 586 351 589 η
383 579 519 635 ergo
534 559 803 631 deceptio
825 555 1326 627 concupiscentiae
1340 567 1539 609 causa.
1560 550 2043 623 concupiscentia

2149 570 2269 622 νης.

379 670 517 708 vero
550 651 777 706 mortis.
810 647 1232 718 Deceptionem
1278 660 1413 699 vero
1447 647 1752 714 peccatum
1784 645 2093 711 operatum
2136 647 2227 696 est
2256 659 2362 714 per
2414 649 2795 716 praeceptum,
2835 648 2902 699 ut
2930 641 3128 715 palam
3170 642 3274 698 ﬁat
3301 642 3646 716 magnitudo
3680 659 3816 698 ma-

375 742 519 797 litiae
553 741 736 806 illius,
769 739 927 810 quod
958 753 1083 792 rem
1106 736 1426 809 pessimam
1450 737 1760 805 operatum
1790 736 1880 785 est
1912 745 2016 801 per
2052 729 2114 785 id
2145 731 2303 802 quod
2330 733 2617 804 optimum
2653 738 2760 789 est.

450 832 687 897 VII,12.
746 831 829 882 13.
891 830 1083 897 Itaque
1149 826 1238 880 lea:
1302 829 1497 879 sancta
1559 827 1636 877 est
1700 826 2033 890 praeceptum
2108 834 2125 842 '

373 926 622 979 sanctum
668 920 993 990 justumque
1022 931 1084 971 ac
1130 916 1380 969 bonum:
1440 912 1588 982 quod
1642 926 1772 980 ergo
1837 910 2035 964 bonum

376 1017 472 1077 est,
499 1010 637 1063 mihi
664 1011 874 1077 factum
904 1013 981 1062 est
1010 1021 1152 1060 mors
1183 1004 1210 1059 ‘I
1238 1005 1397 1059 Absit
1426 1003 1448 1057 Ι
1503 1000 1597 1056 sed
1622 1002 1927 1071 peccatum.
1966 998 2033 1053 Ut

377 1104 675 1170 appareret
700 1103 989 1168 peccatum
1031 1110 1136 1165 per
1190 1093 1250 1147 id
1278 1092 1427 1162 quod
1456 1096 1576 1145 erat
1634 1089 1835 1143 bonum
1891 1087 2036 1142 mihi

385 1192 615 1261 gignere
642 1193 892 1243 mortem.
931 1186 997 1240 Ut
1043 1186 1194 1253 ﬁeret
1221 1186 1426 1238 mirum
1454 1183 1514 1236 in
1560 1180 1781 1235 modum
1803 1191 2035 1248 peccans

371 1285 658 1352 peccatum
678 1293 783 1348 per
804 1280 1165 1347 praeceptum.

454 1457 668 1511 Sancta
690 1454 782 1509 lex
805 1460 913 1516 est,
943 1468 1082 1508 nam
1101 1451 1173 1506 ab
1197 1447 1578 1505 immunditia
1607 1444 1742 1501 illos
1764 1445 2037 1504 servabat

381 1545 481 1618 qui
505 1545 694 1617 ipsam
717 1542 1156 1600 custodiebant.
1178 1542 1361 1605 Justa,
1387 1539 1527 1610 quia
1550 1544 1706 1593 recte
1721 1542 2035 1608 cperantes

382 1635 555 1692 donis
588 1634 962 1706 praemiabat,
1000 1629 1506 1703 transgresoribus
1549 1644 1683 1682 vero
1742 1625 2037 1697 supplicia

380 1724 744 1796 imponebat.
782 1724 961 1786 Bona,
995 1721 1136 1792 quia
1164 1735 1358 1791 neque
1406 1716 1716 1789 suppliciis
1746 1714 2039 1785 gaudebat

380 1829 573 1884 neque
606 1811 832 1867 utendo
863 1810 954 1865 ira
986 1808 1289 1881 puniebat.
1324 1805 1426 1862 sed
1487 1804 1560 1859 ob
1591 1804 1833 1859 illorum
1866 1802 2033 1858 salu-

2214 820 2375 875 Ὥστε
2432 820 2461 876 ὁ
2495 821 2589 896 μὲν
2655 821 2824 893 νόμος
2891 821 3071 896 ἅγιος,
3137 818 3228 875 καὶ
3300 819 3328 888 ἦ
3395 816 3592 890 ἐντολὴ
3664 816 3818 895 ἁγία

2143 908 2233 963 καὶ
2292 906 2474 966 δικαία
2531 911 2623 966 καὶ
2680 910 2884 988 ἀγαθὴ·
2943 910 3015 964 Τὸ
3071 909 3164 965 οὗν
3215 908 3418 984 ἀγαθὸν
3455 953 3469 977 ,
3523 909 3644 982 ἐμοὶ
3705 906 3818 982 τέο

2141 1018 2271 1072 γονε
2337 1001 2614 1068 θάνατοςς
2699 1001 2792 1070 Μὴ
2876 999 3134 1074 γὲνοιτοί
3205 996 3383 1054 Ἀλλὰ
3438 1000 3474 1068 ἡ
3531 997 3816 1073 ἁμαρτία.

2141 1089 2251 1145 Ἲνα
2308 1092 2449 1163 φανῇ
2506 1089 2747 1166 ἁμαρτία
2781 1137 2795 1162 ,
2874 1086 2964 1145 διὰ
3018 1091 3116 1144 τοῦ
3173 1087 3380 1163 ἀγαθοῦ
3443 1108 3536 1161 μοι
3598 1108 3817 1159 κατερ-

2142 1177 2418 1255 γαζομένη
2515 1180 2765 1236 θάνατον.
2868 1182 2980 1237 Ἲνα
3079 1177 3301 1257 γένηται
3398 1179 3520 1242 καθ’
3621 1177 3812 1253 ὑπερ-

2144 1261 2320 1337 ϐολήν
2420 1267 2752 1346 ἁμαρτωλὸς
2841 1271 2876 1340 ἠ
2981 1267 3220 1346 ἁμαρτία
3321 1265 3411 1323 διὰ
3475 1275 3577 1338 τῆς
3651 1266 3812 1322 ἐντο-

2146 1357 2270 1427 λῆς.

2211 1448 2405 1522 ’Ἄγιος
2464 1448 2492 1503 ὁ
2545 1445 2736 1522 νόμος,
2793 1447 2877 1504 ὅτι
2945 1447 3238 1526 ἱφῦλαττεν
3297 1446 3403 1503 ἀπὸ
3465 1446 3813 1523 ἀκαθαρσίας

2141 1535 2270 1599 τοὺς
2301 1534 2668 1615 φυλάττοντας
2699 1538 2883 1597 αὐτὸν.
2924 1538 3167 1605 Δίκαιος,
3229 1538 3314 1593 ὅτι
3368 1536 3498 1598 τοὺς
3532 1540 3626 1611 μὲν
3658 1557 3809 1592 κατι

2145 1628 2433 1700 ορθοῦντας
2489 1621 2752 1702 ἠμείϐετο
2807 1623 3077 1702 δωρεαῖς,
3127 1632 3249 1689 τοῖς
3307 1623 3364 1682 δὲ
3419 1620 3809 1702 παραϐαίνου-

2144 1737 2225 1771 σιν
2272 1717 2502 1771 ἐπετίθει
2556 1716 2652 1778 τὰς
2707 1716 2982 1792 τιμωρίας
3044 1716 3296 1795 ’Δγαθὸς
3356 1715 3440 1772 ὅτι
3498 1713 3606 1790 οὐχ
3660 1711 3814 1785 ἠδό-

2149 1826 2305 1881 μενος
2362 1812 2482 1871 ταῖς
2538 1807 2835 1883 τιμωρίαις
2892 1809 2927 1879 ἢ
2971 1807 3107 1883 ὀργῇ
3170 1808 3464 1886 χρώμενος
3519 1806 3809 1876 ἐκόλαζεν,

378 1907 503 1958 tem
536 1908 593 1956 et
624 1901 944 1955 utilitatem
1006 1914 1075 1953 ac
1140 1896 1613 1962 correctionem;
1676 1895 1837 1961 item,
1900 1892 2041 1963 quia

2149 1894 2291 1951 ἀλλᾶ
2319 1900 2419 1962 τῆς
2458 1896 2635 1952 αὐτῶν
2683 1894 2836 1953 ἕνεκα
2894 1899 3173 1971 σωτηρίας
3230 1897 3321 1953 καὶ
3379 1894 3650 1977 ὡφελείας
3704 1902 3811 1954 καὶ

379 2005 565 2065 parva
579 1990 735 2045 bona
748 1987 1375 2061 operantibus,magna
1389 1980 2039 2056 praestabatbeneticia:

380 2084 819 2151 peccantesque
850 2075 1198 2141 sustinebat,
1226 2091 1336 2129 nec
1354 2074 1428 2129 ad
1470 2074 1747 2128 meritum
1795 2070 2044 2126 delicto-

376 2177 518 2223 rum
543 2166 846 2238 puniebat.
868 2166 1000 2236 Ipse
1026 2169 1221 2219 autem
1249 2162 1339 2217 his
1362 2161 1600 2216 interim
1624 2158 2040 2233 praetermissis

382 2268 455 2312 ex
476 2256 571 2311 bis
593 2254 894 2311 concludit
916 2259 1181 2309 sanctam
1203 2253 1551 2324 justamque
1576 2267 1643 2307 ac
1667 2251 1886 2306 bonam
1910 2265 2040 2304 esse

379 2340 575 2418 legem
607 2345 728 2400 sive
751 2350 1116 2415 praaceptum
1151 2358 1164 2396 :
1202 2357 1323 2396 uno
1357 2340 1599 2412 quidem
1650 2339 1865 2396 medio.
1901 2339 2042 2410 quia

376 2433 581 2490 docuit
629 2450 721 2489 me
781 2438 1091 2505 peccatum
1128 2446 1508 2505 cognoscere,
1536 2429 1837 2502 jussitque
1889 2427 2039 2484 illud

385 2523 629 2598 fugere:
670 2524 857 2579 altero
906 2539 1064 2586 vero,
1100 2521 1257 2594 quod
1310 2538 1401 2577 me
1460 2520 1765 2592 adjuvans,
1799 2519 2037 2590 meique

390 2630 592 2670 curam
627 2613 853 2669 habens
881 2612 992 2668 hoc
1030 2611 1237 2667 fecerit
1266 2627 1279 2665 :
1313 2627 1451 2666 nam
1483 2609 1557 2665 ad
1614 2610 1793 2664 vitam
1849 2624 1915 2664 ac
1948 2624 2037 2663 sa-

391 2702 578 2758 lutem
610 2704 734 2758 haec
766 2702 911 2757 mihi
941 2701 1099 2756 fecit.
1136 2700 1351 2755 Sancta
1371 2715 1505 2772 ergo
1539 2705 1647 2765 est,
1680 2698 1820 2769 quia
1841 2696 2041 2751 docuit

387 2807 459 2848 ac
483 2793 684 2864 fugere
709 2791 780 2847 ab
803 2791 933 2863 ipsa
952 2789 1332 2845 immunditia
1355 2788 1636 2860 praecepit
1662 2790 1857 2857 :justa
1878 2802 2036 2855 vero,

387 2882 532 2953 quia
554 2880 656 2936 ubi
688 2879 910 2947 docuit,
941 2879 1077 2935 29I
1111 2877 1183 2933 ab
1215 2877 1308 2932 his
1331 2877 1430 2947 qui
1449 2893 1569 2932 non
1597 2880 1903 2931 servarunt
1924 2891 2041 2946 p03-

388 2984 529 3029 uam
560 2970 811 3043 repetit:
843 2984 1082 3024 rursum
1112 2972 1312 3023 autem
1338 2966 1515 3035 bona,
1548 2965 1687 3037 quia
1718 2964 1897 3020 vitam
1927 2964 2037 3019 mi-

385 3060 447 3117 hi
473 3058 808 3132 providens,
835 3057 961 3113 haec
979 3055 1250 3131 jubebat.

458 3242 589 3296 Item
617 3245 670 3294 et
697 3238 809 3294 alio
836 3238 1016 3293 modo.
1074 3259 1102 3287 ‹‹
1130 3236 1245 3291 Lex
1300 3235 1541 3307 quidem
1601 3238 1807 3291 sancta
1864 3236 1971 3289 est.
2002 3254 2032 3283 ››
2063 3261 2106 3329 C

386 3328 589 3399 Neque
607 3327 766 3383 enim
784 3332 1009 3383 naturas
1031 3325 1178 3398 legis
1202 3331 1328 3380 erat
1348 3330 1413 3380 ut
1438 3324 1581 3379 mihi
1606 3328 2033 3380 nocumentum

388 3417 727 3486 inferretur,
761 3419 866 3474 sed
894 3432 1042 3472 mem
1075 3416 1318 3471 malitiae
1351 3431 1415 3471 ac
1454 3414 1741 3488 segnitiei,
1769 3412 1927 3485 quod
1967 3428 2037 3469 ea

386 3523 519 3578 quas
538 3508 709 3579 jussa
729 3512 898 3563 erant
919 3523 1038 3560 non
1064 3504 1514 3560 observaverim.
1543 3527 1569 3552 υ
1591 3504 1658 3558 Et
1673 3507 2035 3575 praeceptum

368 3601 684 3654 .sanctum.
718 3618 746 3647 ››
806 3596 1016 3668 Legem
1075 3593 1224 3649 dicit
1277 3593 1613 3658 Mosaicam,
1670 3595 2036 3665 praeceptum

383 3702 524 3742 vero
546 3684 707 3756 quod
730 3683 842 3756 ipsi
864 3683 1045 3739 Adam
1070 3683 1274 3740 datum
1296 3687 1442 3738 erat.
1469 3682 1748 3738 Sanctum
1772 3679 2035 3752 quidem,

386 3782 673 3847 tanquam
690 3774 750 3829 id
773 3773 991 3830 docens
1006 3773 1163 3844 quod
1186 3771 1537 3844 expediebat
1557 3774 1813 3843 ;justum
1838 3775 2037 3826 autem
2083 3809 2086 3811 λ

388 3871 673 3938 tanquam
686 3865 917 3921 rectein
938 3870 1405 3937 transgressores
1428 3864 1784 3919 sententiam
1798 3862 1996 3918 ferens
2021 3874 2038 3914 :

388 3955 613 4011 bonum
634 3970 888 4027 quoque,
908 3959 1110 4026 utpote
1130 3952 1304 4008 vitam
1326 3969 1543 4025 parans
1560 3952 2034 4009 observantibus.

388 4067 417 4096 ‹‹
453 4044 564 4100 Sed
622 4052 952 4116 peccatum.
997 4066 1025 4094 n
1075 4044 1223 4109 Quia
1279 4045 1503 4116 peccati
1562 4043 2035 4116 magnitudinem

388 4133 700 4190 ostendere
733 4134 1011 4201 decrevit,
1041 4133 1195 4189 nihil
1226 4138 1424 4189 autem
1456 4150 1522 4189 eo
1546 4133 1739 4205 majus
1771 4132 1833 4187 in
1866 4131 2040 4187 mali-

388 4223 474 4279 tia
502 4228 733 4296 poterat
754 4224 1039 4290 invenire,
1073 4239 1181 4294 per
1209 4221 1471 4294 idipsum
1501 4221 1824 4276 ostendens
1852 4221 2038 4293 ipsius

390 4313 886 4385 magnitudinem,
902 4312 1045 4368 dicit
1071 4328 1085 4367 :
1118 4336 1145 4363 «
1182 4311 1293 4367 Sed
1312 4315 1618 4383 peccatum
1642 4317 1707 4367 ut
1728 4314 2041 4382 appareret

393 4409 722 4474 peccatum,
755 4426 780 4451 ›ι
812 4402 873 4457 id
913 4407 1021 4466 est,
1054 4407 1123 4456 ut
1177 4400 1550 4472 detegeretur
1605 4400 1797 4456 omnis
1852 4398 2041 4455 abun-

397 4489 601 4546 dantia
631 4489 874 4545 malitias
896 4489 1084 4560 ipsius
1105 4504 1172 4543 ac
1221 4487 1382 4542 illius
1406 4487 1492 4541 vis
1524 4487 1585 4540 in
1617 4487 1835 4558 seipso.
1878 4488 1959 4540 Ac
1989 4484 2039 4540 si

2148 1986 2516 2060 βελτιώσεως*
2565 1982 2764 2042 καὶὲτι
2798 1985 2881 2042 ὅτι
2944 1987 3113 2062 μικρὰ
3168 1987 3519 2062 κατορθοῦσι,
3583 1983 3812 2061 μεγᾶλα

2145 2077 2428 2156 ἐχαρίζετο
2464 2125 2480 2150 ,
2537 2078 2628 2133 καὶ
2678 2078 3057 2152 ἁμαρτάνοντα
3112 2083 3377 2155 περιεῖπε,
3436 2085 3525 2134 καί
3585 2077 3647 2133 οὗ
3681 2083 3813 2133 κατ’

2146 2166 2294 2237 ἀξίαν
2319 2171 2427 2222 τῶν
2460 2164 2969 2241 πλημμελημάτων
3031 2166 3304 2239 ἐκόλαζεν.
3365 2167 3543 2229 Αὐτὸς
3575 2162 3633 2222 δὲ
3663 2166 3817 2232 τέως

2144 2252 2519 2332 παραδραμὼν
2576 2261 2769 2316 ταῦτα.
2826 2255 2888 2313 ἐκ
2941 2257 3151 2314 τούτων
3209 2256 3584 2334 συμπεραίνει,
3646 2250 3818 2334 ἅγιον

2141 2346 2233 2402 καὶ
2264 2343 2474 2404 δίκαιον
2535 2347 2627 2404 καὶ
2687 2349 2883 2425 ἀγαθὸν
2946 2348 3081 2403 εἶναι
3137 2348 3228 2404 τὸν
3278 2350 3465 2422 νόμον,
3527 2345 3652 2420 ἤτοι
3704 2348 3814 2417 τήν

2146 2434 2397 2507 ἐντολὴν,
2430 2436 2486 2508 ἐζ
2516 2439 2634 2499 ἑνὸς
2670 2438 2789 2511 μὲν,
2823 2437 2909 2494 δτι
2962 2434 3204 2509 Ἐδίδαξὲ
3265 2458 3330 2513 με
3381 2435 3643 2515 γνωρίσαι
3702 2438 3815 2503 τήν

2149 2527 2420 2602 ἁμαρτίαν
2451 2527 2541 2583 καὶ
2590 2527 2811 2601 ἐπέταξε
2868 2534 3057 2606 φυγεῖν
3114 2526 3306 2598 αὐτήν·
3368 2527 3420 2598 ἐξ
3478 2525 3656 2601 ἑτέρου
3718 2521 3780 2580 δὲ

2145 2618 2229 2674 ὅτι
2280 2615 2592 2691 κηδόμενος
2651 2616 2741 2674 καί
2824 2616 3126 2699 φρδντίζων
3199 2623 3362 2674 τοῦτο
3421 2615 3658 2687 ἐπίησεν’
3723 2613 3811 2678 εἷς

2143 2708 2245 2785 γὰρ
2280 2714 2423 2777 ζωήν
2449 2708 2572 2783 ἐμοὶ
2604 2709 2691 2764 καὶ
2727 2709 3001 2785 σωτηρίαν
3048 2713 3220 2766 ταῦτα
3274 2708 3530 2780 εποίησεν
3604 2707 3817 2781 ’Ἄγιος

2143 2792 2259 2861 οὖν,
2313 2795 2398 2850 ὅτι
2455 2792 2683 2866 ἐδίδαξε,
2737 2795 2827 2851 καὶ
2909 2802 3098 2872 φυγεῖν
3170 2795 3276 2851 ἀπὸ
3321 2801 3424 2863 τῆς
3466 2792 3807 2868 ἀκαθαρσίας

2141 2882 2311 2953 αὐτῆς
2370 2883 2603 2955 ἐπέταξε
2640 2883 2847 2948 δίκαιος
2881 2882 2959 2954 δὲ,
3020 2887 3105 2942 ὅτι
3163 2883 3402 2957 διδάξας,
3464 2882 3640 2947 οὕτως
3693 2884 3793 2954 τήν

2139 2971 2409 3047 τιμωρίαι
2441 2975 2571 3035 τοὺς
2632 2975 2708 3049 μή
2769 2974 3108 3055 φυλάξαντας
3158 2973 3396 3032 ἀπαιτεῖ.
3446 2972 3680 3049 ’Λγαθὸς
3734 2967 3793 3025 δὲ

2141 3060 2309 3117 πάλιν
2344 3106 2358 3131 ,
2426 3061 2510 3119 δτι
2572 3065 2716 3135 ζωήν
2810 3085 2906 3138 μοι
2963 3064 3372 3140 προνοούμενος
3404 3108 3419 3135 ,
3473 3067 3644 3119 ταῦτα
3696 3060 3795 3116 ἒπ-

2144 3149 2339 3211 ετὲλει.

2217 3240 2313 3295 Καὶ
2344 3238 2556 3305 ἄλλως.
2592 3266 2620 3293 ‹‹
2653 3243 2714 3300 Ὁ
2748 3243 2842 3315 μὶν
2887 3242 3058 3316 νόμος
3099 3245 3276 3321 ἅγιος.
3311 3267 3339 3295 ››
3392 3241 3472 3301 Οὔ
3531 3239 3637 3321 γὰρ
3692 3247 3800 3311 τῆς

2143 3333 2240 3385 τοῦ
2269 3329 2442 3404 νόμου
2473 3330 2685 3411 φύσεως
2733 3331 2801 3400 ἦν
2858 3331 2922 3387 τὸ
2982 3327 3281 3410 βεϐλάφθαι
3336 3352 3427 3406 με,
3485 3329 3635 3387 ἀλλὰ
3693 3336 3800 3399 τῆς

2144 3420 2330 3493 ἡμῶν,
2387 3419 2563 3499 φησί,
2621 3421 2813 3482 κακίας
2886 3420 2978 3475 καὶ
3032 3421 3321 3496 ῥᾳθυμίας,
3388 3420 3507 3476 ἀνθ’
3561 3422 3639 3477 ὧν
3700 3422 3804 3480 οὐκ

2145 3506 2483 3587 ἐφυλάξαμεν
2539 3509 2605 3564 τὰ
2664 3508 3049 3589 ἐπιταχθέντα.
3080 3544 3150 3554 --
3179 3512 3516 3586 [ΘΕΟΔΩΡ]
3567 3535 3598 3565 ιι
3631 3518 3728 3567 Καὶ
3764 3514 3799 3582 ἡ

2144 3595 2341 3668 ἐντολή
2373 3599 2521 3676 ἁγτα.
2557 3624 2584 3651 ››
2618 3600 2800 3672 Νόμον
2848 3601 2940 3656 τὸν
2989 3601 3280 3658 Μωσαῖκὸν
3339 3600 3512 3679 λέγει,
3569 3598 3800 3671 ἐντολήν

2148 3682 2205 3741 δὲ
2234 3687 2333 3754 τήν
2360 3691 2439 3758 τῷ
2470 3684 2653 3761 Ἀδὰμ
2698 3684 3018 3763 δεδομένην.
3054 3690 3233 3764 Ἀγίαν
3271 3690 3366 3763 μὲν
3423 3692 3498 3753 ὡς
3548 3693 3612 3747 τὸ
3673 3689 3790 3748 δέον

2147 3771 2451 3848 διδέξασαν.
2496 3777 2718 3832 Δικαίαν
2766 3774 2843 3848 δὲ,
2904 3777 2978 3842 ὡς
3045 3778 3223 3851 ὀρθῶς
3278 3785 3398 3842 τοῖς
3454 3776 3791 3857 παραϐάταις

2145 3865 2245 3935 τὴν
2277 3868 2458 3944 ψῆφον
2489 3863 2897 3943 ἐπεειεγκοῦσαν
2948 3868 3153 3944 ἀγαθῆν
3214 3867 3291 3940 δὲ,
3347 3870 3423 3930 ὡς
3481 3871 3621 3940 ζωήν
3670 3876 3789 3931 τοῖς

2148 3954 2515 4033 φυλάσσουσιν
2580 3957 3013 4033 εὐτρεπιζουσαν.
3056 3983 3075 4009 α
3111 3956 3286 4015 Ἀλλᾶ
3316 3959 3351 4030 ἡ
3387 3958 3627 4036 ἁμαρτία.
3656 3983 3675 4007 ι
3711 3989 3779 4000 -

2147 4046 2364 4119 [ΦΩΤ.]
2398 4042 2617 4116 Ἐπειδὴ
2648 4048 2748 4116 τῆς
2779 4047 3046 4122 ἁμαρτίας
3078 4045 3320 4120 ἠθέλησε
3350 4049 3412 4105 τὸ
3439 4049 3651 4126 μέγεθος
3681 4043 3784 4102 δεῖ·

2124 4136 2253 4206 ’ξαι,
2291 4140 2473 4209 μεῖζον
2517 4132 2575 4191 δὲ
2629 4134 2834 4204 ταύτης
2889 4135 2966 4200 εἰς
3015 4136 3206 4194 κακίαν
3235 4137 3335 4195 οὐκ
3372 4139 3438 4209 ἦν
3498 4137 3693 4214 εὑρεῖν,
3722 4133 3790 4193 δι’

2147 4224 2313 4293 αὐτῆς
2342 4223 2545 4295 ταύτης
2582 4224 2643 4279 τὸ
2700 4225 2927 4301 μέγεθος
2984 4225 3153 4296 αὐτῆς
3205 4224 3633 4301 ἐνδεικνύμενος,
3692 4248 3799 4305 φη-

2148 4313 2248 4377 σὶν,
2283 4335 2313 4365 (ς
2344 4309 2503 4368 Ἀλλ’
2536 4314 2571 4381 ἡ
2602 4312 2863 4388 ἁμαρτία,
2894 4313 2984 4371 ἳνα
3041 4319 3179 4393 φανῇ
3239 4316 3501 4393 ἁμαρτία.
3545 4341 3574 4371 υ
3634 4336 3800 4373 τουτ-

2147 4399 2289 4457 έστιν
2314 4398 2404 4455 ἵνα
2438 4399 2753 4481 ἐκκαλυφθῇ
2784 4400 2953 4473 αὐτῆς
2981 4404 3010 4459 ὁ
3048 4411 3154 4466 πᾶς
3183 4412 3282 4475 τῆς
3312 4407 3502 4467 κακίας
3531 4404 3801 4476 πλοῦτος,

2147 4492 2236 4548 καὶ
2268 4493 2303 4561 ἡ
2338 4491 2498 4566 ἲσχῦς
2529 4488 2695 4561 αὐτῆς
2723 4492 2758 4562 ἡ
2790 4491 2843 4547 ἐν
2872 4491 3032 4568 αὐτῇ.
3093 4493 3248 4566 Οἶον,
3277 4496 3413 4561 Ἳνα,
3444 4496 3577 4570 ὅπερ
3628 4492 3800 4567 ἐστὶν,

397 4577 587 4635 dicat:
622 4579 695 4634 Ut
714 4578 872 4650 quod
903 4584 1012 4646 est,
1044 4582 1231 4632 totum
1265 4577 1325 4631 in
1356 4581 1477 4631 toto
1514 4576 1615 4631 flat
1634 4576 2032 4632 manifestum.

397 4668 455 4693 1..
493 4668 622 4693 ΑΙΞΣ-
683 4684 939 4693 ...η-...ηις
992 4683 1292 4693 Α-ΑΑΑΑεεεσνιι
1340 4666 1652 4693 κηηννιιιη-ν.
1707 4681 2037 4693 ..ου-...ΑριΑ-..ι

2149 4579 2254 4693 ἕλη
2289 4580 2364 4692 ως
2393 4580 2745 4693 ὅὶηκγίνηται
2776 4581 3029 4659 ἐκφανής.
3090 4586 3214 4642 Ἑπί
3248 4585 3342 4659 μὶν
3391 4587 3492 4663 γὰρ
3547 4590 3657 4642 τῶν
3700 4584 3804 4641 ἆλ-

394 4668 461 4724 In
493 4668 625 4724 aliis
683 4684 942 4739 namque
988 4683 1296 4723 excessum
1337 4666 1657 4738 quemdam
1707 4681 2039 4738 proponere

392 4756 680 4818 volentes.
706 4757 868 4813 aliud
902 4757 1207 4829 quidpiam
1257 4758 1470 4811 afferre
1502 4769 1818 4827 possumus
1878 4754 1938 4810 in
1979 4754 2041 4810 id

392 4844 552 4917 quod
578 4859 612 4900 a
643 4844 814 4901 nobis
835 4846 1326 4916 reprehenditur;
1351 4844 1529 4901 veluti
1552 4843 1846 4900 dicentes:
1884 4843 2041 4899 Adeo

395 4934 683 4992 scelestus
713 4940 839 4989 erat
867 4935 1029 4992 Cain.
1062 4939 1126 4990 ut
1160 4935 1358 4991 fratris
1411 4933 1712 4990 homicida
1757 4931 1926 4988 fleret
1973 4948 2043 4989 ac

377 5025 625 5099 primus
656 5025 773 5080 Deo
796 5026 1150 5080 mentiretur
1178 5025 1517 5096 similiaque
1559 5027 1942 5094 perpetraret.
1980 5022 2047 5077 Et

390 5130 629 5171 rursum
655 5131 674 5170 .·
706 5115 905 5185 Neque
928 5120 1061 5184 post
1087 5112 1489 5186 prodigiorum
1516 5113 1918 5178 ostensionem
1949 5111 2047 5167 ad-

394 5206 608 5264 ductus
632 5212 721 5262 est
751 5206 978 5261 Pharao
1011 5209 1073 5259 ut
1125 5204 1279 5260 ﬁlios
1312 5204 1491 5259 Israel
1550 5203 1875 5260 dimitteret
1927 5217 2044 5275 quo

392 5304 704 5370 appareret
727 5299 858 5368 ejus
880 5296 1221 5353 crudelitas.
1249 5304 1304 5350 et
1336 5295 1622 5350 indomita
1647 5311 1815 5350 mens
1844 5310 2047 5366 quam-

392 5403 506 5457 que
544 5390 660 5444 Deo
690 5394 848 5445 esset
877 5386 1152 5443 invisius.
1214 5386 1283 5440 Et
1313 5384 1593 5441 similiter
1623 5383 1683 5439 in
1713 5384 1867 5441 aliis.
1902 5386 2045 5439 Nam

389 5481 586 5546 potest
613 5477 677 5531 in
703 5479 789 5533 eis
821 5476 1051 5550 aliquid
1079 5472 1335 5532 inveniri
1368 5475 1540 5547 pejus
1562 5474 1653 5528 his
1676 5488 1806 5545 quae
1830 5490 2047 5546 propo-

2143 4668 2256 4728 λων
2294 4665 2606 4746 ὑπερϐολὴν
2655 4692 2775 4727 τινα
2830 4671 3079 4737 θέλοντες
3136 4679 3506 4751 παραστῆσαι,
3565 4671 3811 4750 δυνάμε-

2144 4771 2209 4826 θα
2267 4757 2411 4815 ἄλλο
2466 4778 2517 4815 τι
2572 4757 2843 4837 ἐπιφέρειν
2898 4764 2977 4835 τῷ
3035 4759 3410 4839 διασυρομὲνῳ
3464 4763 3553 4842 ὑφ’
3614 4763 3806 4837 ἡμῶν,

2151 4848 2292 4917 οἶον,
2339 4846 2549 4921 Μιαρὸς
2590 4847 2656 4917 ἦν
2712 4848 2800 4903 ἐπὶ
2855 4853 3113 4905 τοσοῦτον
3142 4851 3170 4905 ὁ
3202 4853 3355 4918 Καῖν,
3414 4849 3498 4907 ὅτι
3554 4848 3802 4911 ἀδελφο-

2148 4936 2340 4999 κτόνος
2372 4935 2599 5011 ἐγένετο,
2634 4935 2719 4993 ὅτι
2769 4938 2855 4992 καὶ
2911 4940 3039 4994 Θεὸν
3095 4944 3313 5015 πρῶτος
3369 4937 3650 5016 ἐψεύσατο,
3705 4941 3808 4997 καὶ

2148 5025 2214 5081 τὰ
2246 5025 2432 5098 ὅμοια.
2469 5026 2563 5080 Καὶ
2596 5023 2779 5082 πάλιν·
2832 5025 2971 5085 Οὐδὲ
3005 5029 3140 5102 μετᾶ
3189 5031 3289 5097 τὴν
3348 5034 3455 5085 τῶν
3503 5029 3807 5105 τεραστίων

2150 5112 2404 5185 ἐπιδειξιν
2458 5115 2778 5191 παρεκλήθη
2813 5118 3015 5187 Φαραὼ
3071 5117 3346 5175 ἀπολῦσαι
3397 5120 3526 5183 τοὺς
3582 5121 3813 5191 Ἰσραη-

2150 5200 2449 5266 λιτας.⁹ίνα
2490 5206 2628 5279 φανῇ
2676 5206 2843 5261 αὑτοῦ
2897 5206 2960 5261 τὸ
3018 5204 3170 5281 ὠμὸν
3226 5208 3313 5263 καὶ
3364 5206 3647 5265 ἆτίθασσον
3700 5214 3808 5279 τῆς

2148 5295 2375 5368 γνώμης
2406 5293 2500 5349 καὶ
2545 5298 2816 5368 θεομισὲς.
2874 5293 2980 5351 Καὶ
3037 5293 3126 5351 ἐπὶ
3180 5301 3287 5352 τῶν
3346 5295 3535 5355 ἄλλῶν
3571 5296 3810 5372 ὁμοίως.

2145 5386 2299 5439 Ἐστι
2329 5381 2431 5457 γὰρ
2465 5381 2638 5457 εὐρεῖν
2680 5404 2732 5439 τι
2782 5389 2967 5461 χεῖρον
3017 5390 3124 5442 τῶν
3179 5386 3577 5460 ὑποκειμένων,
3609 5388 3671 5443 οὗ
3709 5386 3800 5443 καὶ

2154 5472 2520 5549 μετασχόντες
2552 5474 2604 5528 οἱ
2636 5474 3090 5552 πονηρευόμενοι,
3117 5477 3215 5542 τὰς
3251 5479 3371 5534 κατ’
3405 5477 3574 5534 ἐκεῖνο
3625 5494 3803 5552 προσ-

391 5567 642 5631 nuntur,
671 5566 842 5638 cujus
871 5567 1053 5623 etiam
1092 5565 1414 5639 participes
1446 5562 1686 5638 maligni
1715 5561 2043 5636 suscipiunt

2152 5564 2384 5641 ηγορίας
2443 5562 2837 5644 ἐπιδέχονται.
2894 5568 3015 5631 ’,Επὶ
3073 5563 3131 5627 δὶ
3187 5576 3289 5642 τῆς
3334 5570 3647 5647 ἁμαρτίας,
3684 5567 3809 5627 ἐπεὶ

393 5652 859 5726 appellationem
881 5654 954 5710 ad
984 5655 1146 5711 illius
1180 5652 1656 5711 similitudinem.
1688 5652 1756 5707 In
1804 5661 2047 5725 peccato

2142 5650 2382 5727 ταύτης,
2414 5654 2491 5719 ὡς
2521 5651 2754 5741 ἔφημεν,
2812 5654 2911 5714 οὐκ
2960 5651 3073 5716 ἔστι
3134 5678 3319 5742 χειρον
3383 5657 3578 5738 εὑρεῖν,
3633 5658 3806 5733 αὐτὴν
