4126 6256
435 312 557 374 159

1559 301 1989 372 (ΕΟυΜΕΝῐῙ
2031 296 2336 366 ΤΗΙΟΟΕ
2380 306 2763 370 EPISCOPI.

3717 307 3846 371 ιεο

435 445 834 521 principatum
848 442 1294 501 sumentibusin
1310 443 1778 516 transgressione
1794 459 1923 515 qua:
1939 442 2090 498 facta

2205 434 2592 515 Παρεδεὲὄμην
2630 439 2709 512 δὲ,
2761 447 2869 498 τῶν
2930 447 3115 506 παθῶν
3168 442 3347 518 ἀρχὴν
3405 434 3690 499 λαϐόντων
3750 442 3856 509 τήν

439 543 529 592 est
557 550 664 608 per
692 532 895 589 Adam.
935 556 955 583 ι
989 535 1134 589 Nam
1157 532 1316 606 quod
1344 549 1558 606 Operor
1578 549 1699 589 non
1721 548 2033 606 cognosco.
2058 553 2085 581 υ

513 712 663 769 298
699 711 923 768 Deinde
972 712 1117 767 dicit
1166 711 1465 785 quomodo
1524 711 1845 767 venundati
1902 711 2091 765 simus

441 802 549 857 sub
582 809 917 874 peccatum.
960 802 1084 857 Non
1117 819 1427 875 c0gnosco,
1460 802 1562 861 ait,
1600 801 1894 872 quomodo
1928 799 2089 856 deci-

438 892 569 965 pior
598 899 660 947 et
688 890 979 963 corripior
1008 892 1116 946 sub
1149 899 1491 963 peccatum:
1534 891 1738 946 furtim
1780 891 1936 947 enim
1997 908 2092 945 ra-

438 982 573 1054 pior
604 986 668 1036 ut
699 982 964 1054 ignorem
1020 981 1452 1053 propemodum
1496 980 1639 1052 quid
1684 980 1894 1052 patiar.
1948 981 2092 1035 Nam

436 1076 759 1143 postquam
790 1069 1067 1126 venditus
1099 1077 1190 1126 est
1221 1070 1418 1136 homo,
1453 1069 1761 1141 factusque
1794 1069 1903 1125 sub
1952 1086 2093 1142 pec-

437 1165 659 1225 catum,
691 1176 813 1215 non
845 1160 1149 1233 cognoscit
1200 1160 1345 1231 quid
1385 1166 1682 1231 operetur,
1729 1158 1897 1214 fcedaa
1952 1175 2092 1214 con-

437 1248 771 1304 suetudinis
802 1249 1067 1304 dominio
1090 1248 1433 1304 omnimode
1460 1254 1688 1321 captus,
1713 1265 1845 1319 quas
1869 1264 1943 1302 ne
1968 1263 2098 1319 per-

439 1334 624 1392 inittit
652 1338 893 1410 quidem
926 1344 991 1393 ut
1038 1338 1186 1393 sciat
1244 1337 1467 1393 malum
1530 1353 1658 1393 esse
1717 1338 1877 1408 qnod
1935 1336 2095 1408 agit:

436 1422 689 1497 ideoque
721 1427 878 1498 quod
921 1426 1056 1482 odio
1088 1431 1569 1499 prosequeretur,
1611 1432 1671 1482 et
1718 1440 2094 1497 nequaquam

436 1514 682 1589 eligeret
710 1515 759 1571 si
788 1516 1061 1571 venditus
1093 1532 1213 1572 non
1260 1522 1434 1584 esset,
1499 1515 1605 1570 sed
1655 1515 1830 1580 liber,
1881 1515 1997 1570 hoc
2041 1508 2101 1569 et

437 1604 601 1677 eligit
623 1604 751 1677 jam
784 1605 1058 1661 venditus
1091 1611 1149 1660 et
1176 1611 1498 1677 operatur:
1533 1603 1691 1676 quod
1724 1604 1771 1659 si
1833 1603 1989 1659 liber
2043 1601 2102 1659 et

435 1711 554 1751 non
589 1695 884 1762 venditus,
916 1694 1019 1751 sed
1054 1700 1277 1750 naturai
1326 1694 1657 1753 restitutus,
1716 1708 2100 1764 nequaquam

2196 527 2249 582 ἂν
2299 527 2478 606 Ἀδάμ
2532 529 2857 608 παράϐασιν.
2919 557 2948 585 α
3008 535 3076 591 Ὅ
3136 534 3240 610 γάρ
3298 532 3725 609 κατεργζζτιμαι,
3789 531 3857 587 οὐ

2194 638 2468 693 γινωσκω,
2509 646 2536 671 ι)

2314 708 2340 727 ν
2475 711 2492 740 ι
2664 715 2688 726 η.
2808 733 2823 740 ⁸
3142 712 3156 727 ο
3216 713 3229 728 ς
3334 712 3348 728 ι
3447 713 3460 728 σ
3836 708 3853 730 ν

2269 719 2403 764 him
2433 707 2581 787 λεγει
2614 732 2730 773 πως
2760 712 3085 783 πεπράμεθα
3137 733 3240 767 uno
3288 733 3387 780 την
3436 709 3723 785 αμαρτίαν.
3778 714 3859 766 Ou

2198 806 2476 873 γινωσκτυ,
2528 802 2685 875 φησὶ,
2745 805 2863 862 πῶς
2923 800 3231 875 ἆπατῶμαι
3286 800 3376 855 καὶ
3444 802 3862 875 συναρπάζομαι

2199 887 2277 950 εἷς
2335 888 2435 958 τήν
2496 890 2784 963 ἁμαρτίαν·
2840 888 3174 963 κὶέπτνιμαι,
3227 890 3418 971 φησὶν,
3486 889 3561 951 ὡς
3652 891 3860 964 μικροῦ

2202 974 2344 1051 μηδὲ
2375 974 2567 1034 εἱδὲναι
2598 981 2651 1036 τί
2684 982 2905 1056 πάσχω.
2962 979 3107 1037 Μετὰ
3166 980 3270 1055 γάρ
3329 980 3390 1035 τὸ
3448 985 3721 1053 πραθῆναι
3762 976 3863 1032 καὶ

2198 1070 2441 1143 γενέσθαι
2470 1069 2561 1124 τὸν
2593 1067 2874 1139 ἄνθρωπον
2912 1070 3015 1124 ὑπὸ
3068 1070 3166 1139 τήν
3223 1070 3516 1142 ἁμαρτίαν,
3566 1067 3629 1123 o6
3681 1067 3864 1142 γινώ-

2200 1177 2313 1212 σκει
2346 1158 2376 1212 ὅ
2404 1159 2807 1233 κατεργάζεται.
2834 1167 2934 1228 τῆς
2968 1160 3251 1230 συνηθείας
3280 1166 3378 1227 τῆς
3424 1157 3655 1233 αἰσχρᾶς
3711 1179 3862 1212 παν-

2199 1243 2373 1309 τελῶς
2433 1248 2600 1302 αὐτοῦ
2658 1248 3042 1322 κυριευσάσης,
3096 1249 3188 1303 καὶ
3251 1246 3393 1320 μηδὲ
3448 1247 3860 1322 συγχωρούσης

2203 1331 2401 1390 εῗδέναι
2459 1335 2543 1391 ὅτι
2599 1334 2632 1391 δ’
2683 1339 2905 1412 πράττει
2965 1338 3129 1392 κακόν
3185 1337 3316 1393 ἐστι.
3376 1337 3469 1392 Διὸ
3523 1336 3613 1392 καὶ
3669 1336 3699 1391 ’ὁ
3762 1334 3862 1408 ὲμί

2206 1444 2284 1479 σει
2333 1419 2393 1479 ἃν
2455 1425 2501 1480 εἶ
2559 1424 2797 1501 ἄπρατος
2852 1426 2943 1481 καὶ
3029 1424 3312 1498 ἐλεύθερος
3370 1425 3463 1496 ἦν,
3520 1425 3612 1480 καὶ
3665 1423 3696 1479 ὅ
3749 1425 3865 1480 οὐκ

2206 1512 2265 1568 ἄν
2300 1511 2505 1577 ἕλετο,
2544 1518 2709 1572 τοῦτο
2764 1514 2855 1570 καὶ
2914 1516 3146 1591 αἱρεῖται
3201 1514 3551 1592 πεπραμένος
3607 1512 3716 1585 ἤδη
3783 1512 3863 1568 ὧν

2204 1603 2572 1678 καὶπράττει.
2605 1606 2671 1661 Εἰ
2731 1602 2789 1660 δὲ
2845 1603 3133 1682 ἐλεύθερος
3191 1602 3264 1659 ὢν
3317 1604 3407 1660 καὶ
3468 1603 3705 1680 ἃπρατος
3763 1603 3864 1658 καὶ

2204 1693 2340 1749 κατὰ
2372 1694 2527 1771 φύσῃ
2559 1694 2661 1750 οὐκ
2691 1694 2751 1750 ἂν
2780 1694 3015 1768 εἱλόμην
3064 1694 3097 1750 ἅ
3142 1699 3232 1749 νῦν
3299 1694 3465 1750 ποιεῖν
3526 1713 3862 1768 συμμαρτυ-

442 1786 724 1859 eligerem
757 1802 887 1856 quae
921 1800 1081 1839 nunc
1113 1800 1240 1856 ago,
1275 1783 1572 1838 assentior
1603 1782 1715 1854 legi
1750 1781 1905 1854 quod
1940 1780 2092 1837 bona

2205 1788 2286 1857 ρῶ
2314 1787 2395 1855 τῷ
2426 1784 2583 1857 νόμῳ
2623 1784 2703 1838 δτι
2755 1782 2945 1846 καλός.
2991 1785 3204 1841 Ἐκεῖνα
3256 1784 3357 1860 γάρ
3418 1805 3513 1858 μοι
3563 1782 3865 1863 ψηφῖξεται

441 1875 556 1931 sit:
589 1875 731 1930 talia
763 1874 921 1929 enim
954 1874 1098 1927 mihi
1132 1871 1411 1939 fugienda
1433 1872 1715 1927 decernit.
1737 1873 1873 1936 Qum
1898 1877 1958 1926 et
1989 1887 2092 1943 ego

442 1966 504 2018 in
523 1963 777 2019 naturali
795 1964 1021 2034 positus
1041 1961 1652 2034 libertatejudicarem
1672 1976 1801 2016 esse
1818 1960 2097 2031 fugienda

434 2054 510 2109 ac
542 2053 676 2108 odio
710 2051 903 2125 digna.
942 2053 1106 2107 Nunc
1137 2058 1333 2106 autem
1366 2050 1736 2106 venundatus
1756 2057 1813 2105 et
1834 2049 1942 2105 sub
1967 2066 2097 2121 pec-

455 2149 653 2196 catum
678 2140 899 2212 lapsus,
925 2146 1206 2211 tanquam
1233 2139 1393 2194 illius
1418 2140 1728 2210 imperium
1756 2140 2007 2211 patiens,
2040 2143 2099 2192 et

454 2231 515 2286 in
550 2231 678 2301 ejus
712 2236 1061 2301 potestatem
1092 2228 1385 2295 redactus,
1419 2228 1625 2299 illique
1680 2228 2094 2284 subserviens:

453 2320 535 2375 ita
567 2320 786 2375 malum
818 2336 1050 2391 operor,
1088 2319 1245 2391 quod
1277 2319 1337 2372 in
1386 2318 1659 2373 libertate
1711 2318 1942 2389 positus
1994 2334 2093 2372 ne-

451 2425 746 2481 quaquam
773 2410 1023 2478 egissem
1070 2408 1331 2473 Quodam
1367 2408 1565 2479 itaque
1600 2408 1775 2462 modo
1801 2423 1904 2480 ego
1951 2407 2097 2461 illud

450 2516 571 2554 non
604 2515 837 2570 Operor.
872 2498 974 2553 sed
1010 2497 1109 2568 qui
1144 2497 1406 2552 devictus
1439 2505 1527 2551 est
1556 2514 1623 2552 ac
1650 2498 1709 2551 in
1738 2497 1960 2568 peccati
1996 2513 2094 2567 po-

436 2595 724 2645 ‘testatem
751 2587 1045 2643 redactus.
1070 2589 1200 2658 Ipse
1223 2594 1420 2641 autem
1449 2586 1887 2657 signiﬁcantius
1917 2586 2098 2640 dicit:

455 2697 477 2726 ι
503 2678 613 2733 Sed
636 2678 793 2749 quod
822 2677 1048 2733 habitat
1078 2676 1138 2730 in
1167 2692 1257 2730 me
1284 2682 1612 2746 peccatum.
1640 2696 1668 2725 »
1692 2678 1835 2731 Nam
1869 2674 2022 2730 sicut
2053 2674 2101 2728 is

450 2768 550 2838 qui
582 2767 825 2822 domum
851 2765 1096 2826 habitat,
1132 2780 1503 2834 quaicunque
1527 2764 1683 2819 circa
1697 2763 1939 2819 domum
1965 2769 2103 2819 sunt

451 2862 1102 2928 operatur,quanquam
1126 2870 1267 2908 usus
1291 2853 1368 2908 sit
1390 2853 1450 2907 in
1475 2852 1832 2924 quibusdam
1854 2854 2102 2909 auxilia-

450 2944 596 3000 trice
630 2944 804 2999 domo
831 2961 844 3001 :
878 2945 961 2999 ita
987 2947 1045 2998 et
1066 2948 1394 3015 peccatum,
1421 2941 1633 3013 inquit,
1658 2949 1971 3014 postquam
2004 2959 2099 2998 me

454 3034 791 3091 dedititium
815 3034 1063 3106 accepit,
1096 3032 1328 3106 ipsique
1360 3032 1760 3088 venundatum
1803 3033 2100 3090 inhabita-

449 3128 554 3192 vit,
589 3132 645 3181 et
676 3123 964 3198 quidquid
995 3123 1068 3180 ad
1102 3140 1163 3179 se
1195 3128 1423 3195 spectat
1443 3128 1752 3195 operatum
1778 3128 1898 3191 est;
1923 3139 2098 3179 omne

452 3214 675 3270 bonum
708 3232 741 3270 a
773 3230 951 3270 carne
982 3230 1115 3268 mea
1144 3212 1453 3285 ablegavit,
1487 3218 1628 3283 puta
1659 3230 1863 3269 eorum
1896 3213 2099 3286 cogni-

454 3305 678 3359 tionem
720 3320 851 3371 quaa
882 3320 1011 3375 ago,
1048 3302 1459 3373 resipiscentia
1490 3302 1728 3357 illorum
1780 3303 1851 3358 de
1883 3303 2100 3374 quibus

455 3391 759 3462 delinquo.
796 3398 853 3446 et
892 3391 940 3445 si
973 3390 1113 3461 quid
1146 3389 1308 3445 aliud
1335 3396 1424 3444 est
1454 3392 1816 3462 liujusmodi.
1851 3391 2098 3463 Deinde,

450 3481 620 3546 velle,
656 3480 869 3550 inquit,
902 3478 1300 3547 adjacetmibi
1330 3494 1446 3532 non
1475 3480 1718 3534 omnino
1750 3497 1784 3535 a
1817 3497 1911 3536 me
1960 3481 2095 3537 aba-

447 3568 708 3624 lienatus
738 3584 890 3623 sum.
926 3574 991 3621 ut
1012 3583 1204 3637 neque
1238 3567 1477 3637 penitus
1499 3568 1680 3622 sciam
1705 3571 1861 3638 quod
1879 3569 2097 3625 bonum

451 3665 559 3724 est,
593 3674 786 3729 neque
824 3656 985 3711 illius
1019 3664 1223 3727 tangar
1254 3655 1567 3721 desiderio,
1605 3657 1708 3711 sed
1741 3664 1830 3711 est
1859 3660 2098 3728 quando

447 3747 520 3805 ad
554 3749 749 3821 ipsum
783 3748 1024 3803 excitor.
1059 3748 1377 3817 PrOpterea
1410 3747 1567 3801 enim
1598 3745 1871 3802 dicebat:
1933 3764 1958 3794 (ι
1989 3749 2100 3805 Ad-

438 3839 600 3912 jacet
625 3839 771 3894 mihi
800 3856 814 3905 ;
851 3862 877 3887 ››
910 3838 968 3892 id
1002 3843 1111 3904 est,
1136 3837 1298 3907 jacet
1326 3837 1481 3908 apud
1510 3852 1602 3891 me
1626 3843 1857 3893 mortuo
1882 3838 2097 3907 simile,

445 3927 552 3984 illo
593 3936 790 3984 tamen
814 3926 971 4000 apud
992 3926 1334 3997 mejacente
1360 3926 1576 3994 elevor,
1602 3927 1703 3981 sed
1736 3928 1960 3998 peccati
1992 3929 2100 3985 do-

2208 1873 2441 1953 φεῦγειν,
2478 1876 2511 1929 ἅ
2537 1874 2625 1929 καὶ
2657 1874 2768 1950 ἐγὼ
2797 1873 2849 1930 ἐν
2878 1879 2946 1949 τῇ
3000 1875 3137 1931 κατᾶ
3190 1873 3339 1930 σύσιν
3392 1872 3669 1951 ὶλευθερῖᾳ
3716 1895 3864 1947 τυγ-

2211 1963 2419 2038 χάνων,
2484 1961 2663 2033 ἔκρινα
2720 1966 2946 2043 φευκτέα
3001 1965 3136 2020 εἶναι
3195 1964 3285 2020 καὶ
3354 1965 3578 2037 μισητά.
3634 1967 3740 2018 Νῦν
3801 1962 3863 2019 ὁὶ

2207 2053 2454 2126 πιαοεές,
2488 2058 2646 2133 ιρηστ,
2673 2054 2762 2109 καὶ
2799 2054 2901 2110 ὑπὸ
2932 2055 3030 2123 τήν
3082 2053 3349 2130 ἁμαρτίαν
3405 2052 3580 2108 πεσὼν
3633 2054 3709 2116 ὡς
3766 2053 3864 2108 ὑπ’

2212 2140 2415 2211 ἐκείνης
2469 2139 2864 2215 δεσπιιζὸμενος
2919 2143 3006 2198 καῖ
3060 2144 3471 2217 κυριευόμενος,
3524 2142 3612 2197 καὶ
3671 2141 3862 2217 ἐκείνῃ

2215 2229 2522 2305 ὑπηρετῶν,
2556 2229 2730 2293 αὕτως
2771 2230 3065 2306 ἐργάζομαι
3115 2229 3178 2286 τὸ
3227 2230 3412 2302 κακὸν,
3457 2230 3590 2305 ’ὀπερ
3640 2232 3743 2285 οὐκ
3796 2233 3862 2285 ἂν

2210 2318 2407 2391 ἔπραξα
2438 2320 2548 2399 ἐγὼ
2580 2321 2629 2375 ὲν
2660 2319 2958 2396 ἐλευθερίᾳ.
3010 2319 3101 2378 ὤν.
3163 2322 3258 2376 Διὸ
3314 2319 3516 2395 τρύπιν
3574 2324 3697 2375 τινά
3756 2321 3868 2376 οὐκ

2210 2410 2511 2486 ἐργάζομαι
2538 2411 2666 2466 αὐτὸ
2697 2411 2826 2487 ἐγὼ,
2875 2410 3002 2466 ἀλλ’
3061 2413 3089 2467 ὁ
3145 2410 3437 2485 κρατηθεῖς
3495 2411 3583 2465 καὶ
3639 2432 3865 2484 κυριευ-

2211 2501 2319 2563 θεὶς
2377 2501 2477 2556 ὑπὸ
2536 2509 2635 2569 τῆς
2692 2501 2977 2573 ἁμαρτίας.
3047 2498 3222 2564 Αὐτὸς
3275 2497 3334 2555 δὲ
3390 2499 3869 2579 ἐμφαντικώτερςῖν

2209 2612 2394 2667 cnam.
2428 2617 2456 2644 (ι
2491 2589 2647 2646 Ἀλλ’
2678 2593 2713 2660 ἡ
2746 2590 2968 2645 οἰκοῦσα
3000 2590 3053 2645 ἐν
3112 2589 3237 2665 ἐμοὶ
3288 2592 3541 2665 ἁμαρτία.
3574 2619 3592 2642 ι
3642 2590 3859 2667 ’ωσπερ

2205 2680 2306 2756 γάρ
2339 2681 2366 2734 ὁ
2399 2683 2498 2748 τὴν
2529 2680 2699 2735 οἰκίαν
2733 2679 2921 2749 οἶκῶν,
2968 2678 3172 2743 ἐκεῖνος
3214 2682 3389 2735 πάντα
3433 2680 3499 2734 τὰ
3552 2678 3682 2733 κατὰ
3749 2682 3864 2749 τὴν

2208 2767 2381 2823 οῗκίαν
2414 2768 2660 2840 πράττει,
2690 2768 2787 2825 κᾶν
2816 2772 3084 2844 κέχρηται
3142 2767 3194 2824 ἔν
3249 2789 3358 2823 τισι
3412 2773 3481 2841 τῇ
3540 2768 3683 2840 οἰκίᾳ
3745 2790 3875 2824 συν-

2210 2862 2368 2935 εργῷ·
2404 2858 2597 2931 οὕτως,
2632 2859 2787 2937 φησὶ,
2819 2859 2908 2913 καὶ
2941 2861 2975 2927 ἡ
3003 2859 3242 2935 ἁμαρτία
3281 2853 3525 2914 λαϐοῦσά
3582 2879 3651 2931 με
3699 2853 3868 2913 ἔκδο-

2207 2968 2300 3003 τον
2346 2947 2437 3002 καὶ
2495 2948 2764 3024 πραθέντα
2815 2947 2951 3022 αὐτῇ
3000 2946 3265 3022 ἐνῴκησε,
3324 2947 3414 3002 καὶ
3472 2947 3670 3016 ἑαυτῆς
3724 2946 3854 3002 ὅλον

2210 3035 2531 3107 ἐποιήσατο,
2563 3042 2666 3092 πᾶν
2700 3038 2900 3113 ἀγαθὸν
2948 3036 3263 3094 ἀπελάσασα
3312 3046 3413 3108 τῆς
3461 3037 3598 3112 ἐμῆς
3640 3038 3858 3114 σαρκὸς,

2212 3125 2325 3181 οἷον
2351 3123 2641 3204 ἐπίγνωσιν
2673 3127 2748 3182 ὧν
2776 3127 3020 3202 πράττω,
3058 3128 3345 3202 μετάνοιαν
3404 3126 3484 3204 ἐφ’
3545 3128 3627 3190 οἷς
3680 3129 3867 3202 ἁμαρ·

2210 3215 2377 3287 τάνω,
2409 3217 2497 3271 καὶ
2530 3216 2580 3271 εἷ’
2604 3238 2655 3272 τι
2684 3220 2952 3273 τοιοῦτον.
2988 3218 3143 3275 Εἶταο
3178 3242 3205 3269 (ί
3238 3217 3314 3273 Τὸ
3343 3217 3443 3293 γάρ
3474 3215 3650 3271 θέλειν
3690 3217 3871 3283 παρὰ·

2208 3305 2380 3383 κειταί
2413 3327 2528 3379 μοι.
2557 3331 2578 3356 ιι
2616 3305 2693 3363 O6
2728 3305 3031 3361 παντάπασι
3065 3303 3142 3375 δὲ,
3185 3307 3370 3383 φησὶν,
3423 3304 3639 3376 ἐξέστην
3691 3305 3871 3377 ἐμαυ-

2207 3400 2325 3457 τοῦ,
2360 3393 2501 3452 ὥστε
2532 3393 2673 3470 μηδὲ
2704 3394 2901 3452 εἰδέναι
2930 3395 2993 3451 τὸ
3046 3395 3242 3474 ἀγαθὸν
3296 3395 3465 3465 ὃλιυς,
3522 3393 3664 3468 μηδὲ
3712 3393 3871 3471 ἔχειν

2208 3482 2501 3559 ἐπιθυμίον
2567 3485 2752 3557 αὑτοῦ,
2813 3484 2941 3543 ἀλλ’
2992 3483 3100 3542 ἔσθ’
3157 3488 3247 3542 ὅτε
3325 3484 3671 3558 διανίσταμαι
3725 3487 3875 3561 πρὸς

2208 3571 2361 3630 αὐτό.
2399 3577 2496 3629 Διά
2526 3579 2691 3631 τοῦτο
2722 3576 2825 3650 γάρ
2886 3574 3011 3654 ἔςιη,
3067 3600 3090 3629 ι
3124 3575 3452 3646 Παρακειταί
3503 3596 3618 3648 μοι,
3650 3598 3681 3627 »ι
3714 3575 3871 3645 οἷον,

2209 3669 2398 3719 Κεῖται
2431 3668 2561 3740 παρ’
2592 3665 2738 3735 ἐμοὶ,
2791 3665 2958 3738 ὃμοια
3015 3670 3206 3739 νεκρῷ·
3269 3665 3422 3738 ὅμως
3483 3662 3865 3738 διανίσταμαι,

2207 3751 2460 3826 κειμένου
2504 3755 2669 3809 αὐτοῦ
2725 3756 2850 3830 παρ’
2909 3754 3053 3827 ἐμοί’
3108 3752 3254 3809 ἀλλὰ
3309 3759 3691 3829 κυριευόμενος
3751 3753 3860 3808 ὑπὸ

2206 3845 2305 3911 τῆς
2338 3844 2631 3917 ἁμαρτίας,
2663 3845 2763 3911 τήν
2795 3845 3105 3919 προαίρεσιν
3138 3843 3214 3906 εἰς
3242 3842 3401 3905 τέλος
3450 3844 3550 3899 οὐκ
3596 3844 3728 3919 ἄγω.
3783 3843 3853 3898 Ἦ

2210 3931 2302 3985 οὗν
2334 3931 2409 3993 ὡς
2441 3930 2673 4007 εἴρηται,
2706 3933 2739 4001 ἢ
2772 3931 2862 3987 καὶ
2895 3933 3071 3994 οὕτως
3111 3930 3412 4003 ἐκΛηπτὲον
3454 3932 3519 3987 τά
3569 3927 3843 3999 εἰρημένα.

445 4022 628 4079 minio
661 4035 902 4091 pressus
932 4018 1286 4073 electionem
1312 4015 1385 4071 ad
1418 4017 1597 4072 ﬁnem
1630 4032 1749 4071 non
1781 4016 2030 4075 deduco.
2062 4022 2266 4095 Itaque
2309 4023 2398 4078 vel
2447 4032 2512 4078 ut
2559 4022 2779 4079 dictum
2829 4030 2937 4091 est,
2996 4023 3086 4079 vel
3143 4024 3226 4080 ita
3276 4038 3509 4095 quoque
3561 4024 3693 4076 sunt
3744 4035 3844 4073 ac-

444 4109 719 4185 cipienda
748 4125 878 4181 quas
910 4108 1066 4163 dicta
1097 4112 1252 4162 sunt.

515 4202 632 4257 Alio
663 4215 880 4271 quoque
907 4197 1088 4253 modo.
1120 4197 1246 4252 Non
1279 4211 1569 4268 cognosco
1606 4195 1981 4252 venundatus
2011 4197 2096 4253 vi-

441 4292 681 4359 delicet,
714 4306 832 4346 non
855 4289 1016 4346 enim
1047 4285 1204 4358 quod
1236 4285 1389 4341 liber
1418 4285 1571 4351 volo,
1606 4285 1717 4341 hoc
1777 4302 1936 4342 nunc
1984 4304 2092 4360 ago

439 4382 837 4449 venundatus,
861 4378 964 4434 sed
987 4375 1146 4449 quod
1178 4375 1273 4431 odi
1306 4392 1441 4431 cum
1474 4374 1628 4430 librr
1648 4391 1802 4441 sum,
1834 4376 1944 4432 hoc
1984 4393 2091 4450 ago

438 4489 573 4529 cum
607 4469 977 4527 venundatus
1026 4482 1176 4521 sum.
1235 4464 1408 4519 Liber
1455 4462 1745 4519 exsistens
1791 4466 2092 4521 assentior

2276 4200 2381 4257 Καὶ
2446 4199 2654 4264 ἄλλως.
2715 4201 2793 4258 Οὐ
2850 4201 3099 4277 γινώσκω
3157 4200 3380 4274 πραθεὶς
3455 4196 3731 4271 δηλονότι·
3796 4196 3861 4252 οὗ

2202 4290 2367 4365 γὰρὸ
2426 4289 2570 4345 θὲλω
2624 4288 2907 4366 ἐλεύθερος
2969 4288 3064 4361 ὢν,
3122 4293 3285 4345 τοῦτο
3343 4291 3569 4364 πράσσω
3628 4292 3720 4342 νῦν
3774 4308 3871 4344 πε-

2200 4375 2473 4453 πραμένος
2530 4376 2628 4450 ὣν,
2688 4375 2817 4433 ἆλΛ³
2870 4379 2900 4433 ’ὀ
2963 4382 3106 4451 μισῶ
3163 4376 3450 4453 ἐλεύθερος
3511 4374 3608 4436 ὢν.
3702 4379 3867 4432 τοῦτο

2198 4470 2342 4521 ποιῶ
2382 4464 2725 4541 πεπραμένος
2756 4465 2854 4522 ὢν.
2918 4466 2982 4525 Εἰ
3038 4465 3097 4522 δὲ
3153 4468 3183 4521 6'
3238 4466 3299 4522 οὐ
3358 4467 3503 4521 θὲΛω
3569 4462 3863 4542 ἐλεύθερος

442 4561 601 4634 quod
624 4560 781 4616 bona
807 4558 883 4614 sit
903 4556 1028 4611 lex:
1057 4560 1195 4610 tunc
1219 4553 1380 4609 enim
1407 4551 1614 4607 eadem
1647 4552 1775 4607 volo
1802 4570 1933 4624 quas
1967 4553 2089 4625 illa,

2205 4553 2297 4625 ὢν,
2351 4560 2511 4611 τοῦτο
2585 4557 2812 4631 πράσσω
2894 4554 3238 4628 πεπράμενος
3326 4552 3422 4624 ὢν,
3479 4559 3861 4631 συμμαρτυρῶ

439 4657 498 4707 et
518 4666 640 4707 non
667 4665 796 4721 qua)
818 4662 980 4702 nunc
1000 4660 1128 4712 ago.
1161 4643 1259 4698 Vel
1278 4643 1376 4697 hon
1394 4641 1573 4697 modo.
1601 4641 1756 4697 294
1783 4644 1906 4697 Non
1930 4645 2092 4700 enim

441 4739 601 4811 quod
634 4736 944 4809 cupiebam
977 4740 1036 4789 et
1065 4732 1345 4807 adeptum
1377 4730 1554 4804 paulo
1604 4737 1743 4788 ante
1791 4733 2087 4803 amabam,

437 4832 550 4887 hoc
579 4845 739 4884 nunc
771 4845 877 4901 ago
909 4825 1301 4885 venundatus,
1335 4823 1438 4879 sed
1490 4823 1646 4894 quod
1700 4823 1834 4879 odio
1885 4842 2086 4896 prose-

437 4919 680 4994 quebar,
715 4934 845 4972 cum
875 4917 1073 4986 itaque
1101 4914 1250 4970 illud
1281 4929 1444 4986 agam
1471 4912 1626 4984 quod
1663 4912 1941 4969 oderam:
1975 4915 2085 4971 etsi

433 5027 560 5083 ago.
598 5017 795 5064 tamen
830 5012 1072 5079 propter
1117 5003 1244 5075 ejus
1298 5002 1497 5058 odium
1553 5002 1848 5058 assentior
1896 5002 2084 5077 legem

430 5102 583 5158 bene
619 5099 838 5155 dicm-e.
875 5095 1212 5165 bonamque
1245 5107 1393 5147 esse.
1432 5090 1595 5147 Unde,
1647 5107 1781 5146 vero
1835 5093 2076 5148 manife-

429 5199 584 5247 stum
612 5197 699 5244 est
722 5186 878 5261 quod
900 5183 1270 5240 venundatus
1296 5181 1405 5235 sim
1429 5180 1535 5234 sub
1561 5181 1988 5251 peccatum?“
2013 5199 2079 5237 eo

427 5282 583 5352 quod
619 5280 879 5352 ignorem
919 5292 1050 5346 qua:
1074 5289 1200 5344 ago.
1236 5273 1379 5326 Nam
1403 5286 1533 5325 cum
1564 5270 1712 5323 liber
1734 5286 1942 5328 essem.
1972 5289 2079 5328 1136

426 5370 588 5424 illius
621 5385 859 5440 pressus
890 5363 1165 5435 impeiio,
1199 5359 1628 5433 cognoscebam
1662 5360 1804 5429 quid
1829 5378 1920 5415 me
1943 5378 2080 5433 ope-

421 5457 540 5511 rari
564 5465 884 5527 oporteret,
906 5471 1121 5526 nempe
1140 5459 1199 5507 et
1226 5468 1259 5507 a
1281 5447 1539 5506 naturali
1573 5455 1631 5502 et
1652 5466 1684 5503 a
1709 5449 1929 5520 scripta
1953 5450 2075 5524 lege

422 5544 704 5614 edoctus;
737 5546 849 5603 Sed
880 5561 1016 5601 cum
1052 5545 1134 5600 illi
1169 5540 1515 5599 voluntariae
1549 5539 1855 5603 succubui,
1892 5540 2077 5597 domi-

420 5637 591 5696 nium
621 5636 855 5709 suscepi
886 5653 954 5693 ac
984 5634 1257 5693 venditus
1288 5646 1443 5703 sum,
1465 5636 1860 5703 etpropterea
1881 5648 2075 5706 neque

2203 4642 2486 4718 ἐλεύθερος
2514 4642 2587 4700 ὥν
2622 4647 2705 4701 ὅτι
2735 4643 2903 4708 καλὸς
2937 4647 2965 4700 ὁ
2995 4646 3184 4717 νόμος·
3233 4645 3300 4699 τά
3356 4643 3459 4723 γάρ
3508 4643 3644 4699 αὐτὰ
3706 4644 3855 4699 ἐκεί-

2200 4756 2273 4809 νῳ
2300 4734 2574 4812 βούλομαι
2603 4735 2746 4805 τότε,
2777 4735 2869 4790 καὶ
2899 4735 3031 4815 οὐχὶ
3061 4736 3094 4789 ἆ
3120 4739 3209 4789 νῦν
3239 4739 3403 4791 ποιῶ.
3440 4766 3505 4778 ---
3537 4735 3608 4791 Ἦ
3649 4732 3850 4797 οὕτως.

2201 4827 2273 4881 06
2298 4826 2399 4901 γὰρ
2432 4826 2563 4899 ὅπερ
2595 4824 2815 4897 ἤθελον,
2858 4825 3013 4898 φησὶ,
3071 4823 3163 4880 καὶ
3218 4820 3464 4899 ἔστεργον
3523 4824 3695 4898 τυχὸν
3742 4825 3851 4897 πρὸ

2199 4917 2456 4993 βραχέος,
2487 4918 2648 4971 τοῦτο
2678 4919 2770 4969 νῦν
2814 4915 3057 4990 πράσσω,
3116 4913 3244 4970 ἀλλ’
3296 4914 3324 4969 ’ὀ
3382 4912 3625 4987 ἐμίσουν.
3684 4919 3853 4969 Ὥστι

2195 5002 2245 5076 ἐξ
2276 5005 2352 5060 ὧν
2382 5005 2411 5060 6
2444 5004 2666 5075 ἐμέσουν
2698 5007 2863 5070 ποιῶ,
2894 5001 2990 5058 κᾶν
3035 5006 3200 5072 ποιῶ,
3253 5002 3408 5076 ’ὅμως
3461 4999 3550 5057 διὰ
3599 5005 3699 5057 τοῦ
3750 5023 3847 5074 μι-

2195 5099 2327 5161 σεῖν,
2359 5091 2544 5156 καλῶς
2580 5094 2670 5148 τὸν
2730 5094 2898 5164 νόμον
2951 5091 3125 5165 λέγειν
3187 5095 3470 5167 μαρτυρῶ,
3525 5088 3615 5144 καὶ
3672 5088 3846 5144 καλὸν

2192 5185 2346 5238 εἶναι.
2407 5183 2573 5238 Πόθεν
2635 5181 2804 5250 δῆλον
2864 5182 2949 5237 ’ὁτι
3007 5185 3346 5258 πεπραμένος
3397 5181 3511 5253 ε’μῖ
3584 5180 3687 5235 ὑπὸ
3741 5181 3845 5251 τήν

2191 5273 2457 5348 ἁμαρτίαν
2485 5291 2499 5341 ;
2531 5278 2624 5327 ’iix
2652 5276 2748 5328 τοῦ
2784 5273 2858 5344 μή
2890 5269 3085 5326 εἰδέναι
3140 5293 3207 5344 με
3236 5270 3271 5327 ἅ
3300 5273 3460 5327 ποιῶ.
3513 5267 3844 5343 Ἐλεύθερος

2187 5361 2291 5437 γὰρ
2351 5361 2440 5417 καὶ
2497 5362 2809 5437 ἀκυρῗευτος
2866 5358 2939 5415 ὤν
2997 5360 3082 5415 ὑπ’
3140 5360 3334 5430 αὐτῆς,
3393 5358 3736 5435 ἐγῖνιυσκονὸ
3773 5378 3843 5428 με

2189 5449 2271 5506 δεῖ
2327 5452 2763 5524 κατεργάζεσθαι,
2816 5449 2906 5505 καὶ
2966 5450 3071 5505 ὐπὸ
3121 5454 3218 5504 τοῦ
3275 5452 3526 5517 φυσικοῦ,
3583 5445 3673 5503 καὶ
3731 5445 3836 5502 ὑπὸ

2183 5544 2280 5596 τοῦ
2327 5543 2570 5616 γραπτοῦ
2623 5536 3014 5613 διδασκόμενος
3067 5540 3258 5612 νόμου·
3308 5536 3438 5594 ἀλλ’
3494 5536 3630 5593 ἑκὼν
3686 5536 3833 5609 αὐτῇ

2185 5630 2661 5705 ὑποκατακλιθεὶς,
2747 5627 3063 5707 ἂκυριεύθην
3134 5626 3227 5684 καὶ
3278 5626 3534 5705 ἐπράθην,
3589 5625 3680 5683 καὶ
3737 5623 3829 5681 διά
