4126 6256
279 363 394 427 ιοι

1399 361 1793 424 OOMMENT.
1840 361 1930 423 IN
1977 360 2227 424 EPIST.
2272 364 2376 424 AD
2428 363 2608 424 ROM.

3589 361 3713 426 462

285 499 445 552 τοῦτο
479 491 602 550 οὐδὲ
631 490 763 549 οἴδα
789 495 847 550 τί
878 496 1305 572 κατεργάζομαι.
1353 516 1376 544 ι
1409 494 1489 552 Οὐ
1520 493 1625 570 γὰρ
1657 493 1687 548 ὅ
1717 491 1880 550 θελω.
1918 517 1946 545 ι»

2086 495 2197 550 ιονὶ
2233 495 2375 567 quid
2424 511 2653 568 operer.
2688 517 2716 546 ‹‹
2749 497 2874 552 Non
2929 495 3087 551 enim
3139 495 3295 568 quod
3333 495 3484 560 volo,
3528 503 3638 552 etc.
3677 520 3704 548 ιι

290 586 368 643 Uti
396 589 556 640 τοῦτο
586 583 759 660 λέγει,
794 586 885 640 ὅτι
920 585 1170 655 Βιαζεταί
1229 607 1296 658 με
1351 585 1438 639 καὶ
1482 582 1678 639 ἄκοντα
1707 586 1741 653 ἡ
1775 585 1951 657 ἁμαρ-

291 677 399 731 τία·
431 673 575 730 ἀλλᾶ
596 674 658 730 τὸ
698 673 991 745 ἀπατηλὸν
1035 675 1198 743 αὐτῆς
1227 672 1395 744 δεῖξαι
1451 673 1619 743 θέλει,
1654 675 1743 730 καὶ
1802 674 1952 734 ὅπως

298 762 362 820 ἐκ
410 762 508 820 τοῦ
568 761 1030 837 καταγλυκαῖιδειν
1113 764 1210 831 τὴν
1298 762 1546 833 αἴσθησιν
1604 762 1952 836 συναρπάζει,

303 853 395 909 ὅτι
427 851 693 914 Πολλάκις
725 853 790 906 οῦ
839 853 1236 926 κατα-γινώσκω
1296 852 1620 927 πράγματος
1673 851 1763 905 καὶ
1795 851 1822 904 ὃ
1858 872 1952 922 μι-

311 943 520 1008 σῶ,εἷς
547 946 697 997 τοῦτο
756 943 1198 1015 συναρπάζομαι,
1258 967 1284 993 ‹‹
1347 941 1411 998 Εἴ
1469 938 1524 996 δὲ
1589 941 1618 996 ὃ
1678 939 1740 994 οὗ
1808 937 1952 993 θέλω

303 1037 469 1086 τοῦτο
498 1035 654 1098 ποιῶ,
689 1030 952 1109 σύμφημι
982 1036 1061 1103 τῷ
1089 1033 1245 1103 νόμῳ
1303 1029 1387 1085 ὅτι
1430 1029 1622 1090 καλός.
1661 1053 1687 1080 ››
1719 1029 1799 1086 Οὐ
1849 1050 1951 1102 μι-

294 1121 429 1190 κρὸν
457 1118 727 1194 ἐγκώμιον
786 1124 888 1175 τοῦ
943 1120 1119 1192 νόμου
1175 1117 1342 1194 λέγει.
1389 1118 1533 1175 Αὐτὸ
1591 1119 1693 1196 γὰρ
1747 1117 1810 1172 τὸ
1873 1118 1949 1191 μή

299 1206 479 1273 θέλειν
528 1209 627 1276 τήν
682 1209 980 1284 ἁμαρτίαν,
1038 1210 1182 1281 παρὰ
1238 1212 1337 1276 τῆς
1388 1207 1624 1283 διδαχῆς
1682 1202 1798 1284 ἔχω
1854 1211 1954 1262 τοῦ

289 1299 497 1370 νῦμου.
536 1302 656 1360 Πῶς
689 1299 778 1353 οῦν
813 1297 990 1360 α’ἰτιος
1023 1299 1050 1354 ὁ
1083 1295 1432 1364 διδάσκαλος,
1473 1296 1639 1373 ἤγουν
1674 1299 1702 1352 ὁ
1735 1295 1952 1367 διδαξας

298 1388 362 1443 τὸ
392 1384 561 1441 καλόν
598 1407 612 1456 ;
648 1387 838 1448 Αἶτιος
870 1386 926 1442 ὂὶ
958 1389 984 1442 ὁ
1013 1387 1184 1448 οὕτως
1217 1392 1420 1462 χαῦνος
1447 1387 1520 1449 ὡς
1553 1383 1642 1442 διὰ
1680 1387 1743 1442 τὸ
1784 1386 1955 1461 πρότ-

302 1497 486 1550 καιρον
555 1475 654 1546 ἡδὺ
714 1484 815 1547 τῆς
873 1477 1140 1548 ἁμαρτίας
1202 1474 1380 1532 ἐκεῖνα
1428 1477 1701 1548 πράττων,
1758 1475 1954 1530 ὤνκαὶ

305 1566 462 1626 αὐτός
519 1565 633 1621 ἐστι
689 1569 1020 1640 κατήγορος,
1081 1566 1170 1621 καὶ
1217 1565 1346 1641 πρὶν
1400 1566 1617 1641 πράξειν
1668 1563 1757 1620 καὶ
1821 1565 1955 1640 μετὰ

295 1661 361 1713 τὸ
399 1660 617 1735 πρᾶξαι.
684 1656 900 1716 «Ἀλλ’
957 1661 992 1729 ἡ
1053 1658 1275 1714 οἰκοῦσα
1335 1657 1384 1713 ἐν
1451 1657 1576 1732 ἐμοὶ
1635 1657 1892 1732 ἁμαρτία.
1928 1679 1952 1710 ν

299 1747 410 1804 Καὶ
468 1751 590 1810 πῶς
629 1749 664 1816 ἡ
721 1746 957 1822 ἁμαρτία
1007 1746 1390 1822 κατεργάζεται
1476 1743 1658 1812 αὖτὸς
1714 1745 1791 1802 Τὸ
1851 1742 1954 1814 ἡδὺ

311 1856 437 1908 μοι,
467 1837 586 1905 ησὶ,
653 1840 754 1890 τοῦ
812 1835 1134 1910 πράγματος
1183 1830 1585 1908 προϐάλλεται,
1639 1832 1728 1888 καὶ
1786 1832 1958 1896 οὕτως

295 1923 542 1995 ἐξαπατᾷ
585 1947 674 1999 με,
733 1925 810 2000 μὴ
871 1923 1123 1998 ἐμμένειν
1181 1924 1265 1985 οἷς
1320 1922 1544 1999 κέκρικα
1609 1922 1701 1979 καὶ
1761 1917 1961 1998 [35606-

300 2010 536 2088 λευμαι.

934 2104 1198 2160 ΚΕΦΑΛ.
1233 2101 1338 2159 ῙΑ“.

297 2193 442 2267 Περὶ
470 2196 580 2248 τῶν
615 2193 666 2247 ἐν
699 2191 1010 2266 ἀνθρωπίνῃ
1068 2190 1221 2266 φύσει
1272 2193 1480 2260 παθῶν,
1536 2189 1802 2247 ἀδύνατον
1834 2211 1960 2246 ποι-

597 2281 803 2336 ούντων
835 2282 935 2351 τὴν
964 2282 1100 2354 πρὸς
1133 2279 1298 2354 νόμον
1331 2279 1673 2354 συμφωνίαν.

382 2367 521 2426 Οἶδα
601 2371 704 2446 γαρ
765 2370 848 2425 ὅτι
908 2369 1007 2424 οὐκ
1062 2368 1203 2424 οῗκεῐ
1256 2367 1310 2424 ἐν
1368 2368 1516 2442 ἐμοὶ,
1573 2367 1848 2424 τουτέστιν
1909 2367 1960 2422 ἐν

299 2466 376 2536 τῇ
432 2479 591 2538 σαρκι
655 2482 785 2533 μου,
845 2460 1060 2536 ἀγαθόν.
1120 2460 1190 2516 Τὸ
1237 2459 1342 2537 γὰρ
1404 2457 1582 2515 θέλειν
1642 2459 1964 2533 παράκειταί

305 2573 429 2624 μοι,
457 2552 524 2606 τὸ
583 2547 642 2604 δε
702 2547 1123 2627 κατεργέίζεσθαι
1177 2549 1239 2604 τὸ
1297 2546 1484 2617 καλὸν,
1545 2549 1655 2624 οὐχ
1710 2548 1963 2623 εὑρίσκω.

308 2642 390 2700 0'3
418 2642 521 2716 γὰρ
555 2642 585 2696 ὃ
618 2640 790 2706 θὲλω,
843 2644 987 2695 ποιῶ
1044 2639 1262 2715 ἀγαθὸν,
1319 2638 1443 2695 ἀλλ’
1500 2640 1529 2694 ’ὀ
1573 2638 1634 2693 οὐ
1667 2637 1810 2702 θέλω
1865 2658 1966 2693 κα·

311 2731 432 2796 κὸν,
481 2734 647 2786 τοῦτο
711 2729 953 2804 πράσσω.
1008 2728 1072 2785 Εἰ
1129 2725 1186 2784 δὲ
1237 2728 1266 2783 ’ὁ
1315 2728 1381 2783 οὐ
1441 2726 1584 2792 θὲλω
1641 2727 1751 2804 ἐγὼ
1804 2731 1965 2783 τοῦτο

321 2823 480 2884 ποιῶ,
539 2819 643 2874 οὐκ
699 2814 783 2874 ἔτι
870 2817 980 2892 ἐγὼ
1036 2817 1437 2893 κατεργάζομαι
1535 2816 1687 2885 αὐτὸ,
1746 2815 1873 2872 ἀλλ’
1929 2818 1963 2885 ἡ

312 2907 536 2963 οἰκοῦσα
566 2905 622 2962 ἐν
657 2906 785 2982 ἐμοὶ
816 2906 1070 2981 ἁμαρτία.

370 2998 439 3053 Τὸ
493 2996 848 3066 αὖτεξοῦσιον
910 2993 1053 3060 θέλει
1109 2994 1298 3066 δεῖξαι,
1358 2996 1446 3050 καὶ
1502 2993 1966 3068 ὅτιὸἅνθρωπος

301 3087 498 3161 κῦριος
555 3093 661 3155 τῆς
711 3084 795 3140 ἐπ’
852 3083 1018 3162 ἄμφω
1101 3089 1199 3140 τοῦ
1275 3105 1334 3140 τε
1390 3085 1597 3160 ἀγαθοῦ
1650 3083 1742 3138 καὶ
1799 3087 1966 3138 κακοῦ

315 3177 513 3250 ῥοπῆς.
542 3175 719 3246 Φησίν
753 3174 874 3230 οὗν·
920 3173 1032 3232 Οὐκ
1060 3173 1199 3230 οἰκεῖ
1226 3173 1277 3228 ἐν
1337 3173 1459 3246 ἐμοὶ
1493 3176 1554 3230 τὸ
1613 3174 1813 3250 ἀγαθὸν
1868 3172 1966 3228 οὐκ

321 3261 850 3337 ἁποκεκληρωμένον
911 3264 1000 3318 καὶ
1048 3264 1255 3338 ἁιαγκῃ
1335 3263 1442 3318 τινὶ
1496 3261 1804 3338 παραμένον
1868 3283 1961 3336 μοι

327 3344 459 3423 ἕλω
513 3349 576 3403 τὸ
631 3353 871 3424 πράττειν
949 3353 1016 3406 τα
1070 3350 1261 3426 ἀγαθὰ,
1319 3347 1459 3406 ὥστε
1514 3350 1606 3406 καὶ
1664 3351 1799 3426 πρὸς
1854 3349 1974 3424 βίαν

327 3436 594 3515 ἀνξὲλκεν
627 3460 684 3511 με
734 3446 837 3496 τῶν
893 3444 1091 3498 κακῶν.
1151 3443 1325 3498 Τοῦτο
1382 3441 1482 3516 γὰρ
1554 3438 1792 3509 οἴκησις,
1833 3440 1867 3507 ἡ
1903 3437 1978 3501 εἰς

335 3527 420 3582 ἀεὶ
481 3526 727 3601 διαμονή,
783 3530 875 3586 καὶ
933 3530 1048 3585 οἷον
1108 3527 1399 3604 Evado-.019
1452 3553 1478 3580 ι(
1540 3532 1605 3586 Εν
1657 3532 1726 3602 τῇ
1786 3527 1972 3600 σαρκί-

338 3637 463 3690 μου,
496 3642 518 3671 ι
557 3619 664 3686 Τήν
698 3619 806 3672 ἀπὸ
836 3625 938 3688 τῆς
1004 3612 1362 3692 παραϐάσεως
1419 3617 1834 3673 εἷσοικισθεῖσαν
1887 3614 1977 3671 λέ-

336 3728 416 3784 «ra:
447 3703 630 3770 Οῦτως
661 3707 691 3761 ὁ
723 3705 775 3762 ἐν
805 3707 984 3782 ἁγίοις
1018 3705 1310 3774 Μεθὸδιος,
1342 3705 1394 3762 ἐν
1434 3711 1512 3780 τῷ
1570 3707 1698 3781 Περὶ
1748 3705 1978 3760 ἀναστά-

331 3818 460 3858 σεως
489 3795 674 3874 λόγῳ.
713 3822 742 3849 (ι
782 3797 854 3851 Τὸ
908 3797 1008 3872 γὰρ
1068 3793 1242 3852 θέλειν
1301 3795 1621 3870 παράκειταί
1684 3815 1799 3869 μοι.
1835 3819 1860 3845 υ
1906 3796 1980 3850 Τὸ

324 3889 517 3954 θέλειν,
556 3887 732 3967 qua?»
785 3883 898 3941 ἔστι
961 3907 1076 3958 μοι,
1109 3884 1170 3940 οὗ
1229 3890 1402 3941 ποιῶν
1457 3884 1534 3953 δὲ,
1586 3883 1675 3940 δια
1729 3887 1826 3952 τήν
1881 3892 1980 3954 τῆς

317 3981 596 4054 ἁμαρτίας
658 3980 1009 4054 συναρπαγγζν
1047 4022 1059 4034 .
1148 3977 1246 4034 Καὶ
1327 3978 1430 4054 γὰρ
1503 3998 1568 4051 με
1635 3983 1980 4053 συναρπαζει,

311 4070 396 4146 ἐφ’
429 4069 478 4140 ᾧ
513 4070 598 4136 μὴ
641 4069 841 4142 πρᾶξαι
897 4067 964 4121 τὰ
1019 4067 1145 4140 παρ’
1205 4066 1347 4140 ἐμοῦ
1406 4065 1792 4141 ἐπαινούμενα,
1838 4064 1985 4122 ἀλλὰ

311 4159 385 4214 τα
414 4157 729 4234 ψεγόμενοι.
762 4181 790 4209 ι(
816 4155 888 4210 0-3
912 4156 1016 4231 γαρ
1035 4157 1063 4210 ὃ
1089 4154 1234 4210 Θὲλω
1261 4157 1405 4210 ποιῶ
1427 4154 1649 4231 ἀγαθὸν.
1684 4180 1709 4206 η
1738 4164 1983 4210 Δεικνυσι

315 4247 600 4316 τοσαύτην
632 4246 733 4314 τήν
767 4245 978 4314 ἀπάτην
1011 4251 1110 4314 τῆς
1144 4242 1416 4320 ἁμαρτίας
1483 4244 1574 4299 καὶ
1627 4246 1726 4314 τὴν
1788 4245 1982 4311 πειθὼ,

321 4338 433 4405 δτι,
475 4336 598 4406 ησῖ,
659 4332 880 4404 Σπουδή
918 4355 1015 4405 μοι
1047 4335 1241 4409 πρᾶξαι
1283 4333 1344 4388 τὸ
1375 4333 1595 4410 ἀγαθὸν,
1631 4334 1720 4388 καὶ
1774 4332 1983 4404 σπουδή

331 4448 430 4499 μοι
467 4427 546 4498 μή
582 4424 778 4498 πρᾶξαί
816 4445 868 4478 τι
893 4426 1081 4485 κακὸν,
1114 4423 1202 4478 καὶ
1230 4424 1383 4497 ὅμως
1417 4420 1619 4478 ἔπεισιν
1651 4424 1686 4491 ἡ
1729 4421 1988 4496 ἐπιθυμία

2062 586 2186 640 Νοη
2220 586 2330 642 hoc
2362 586 2541 642 dicit:
2569 588 2654 641 Me
2681 587 2859 642 etiam
2898 586 3143 640 invitum
3179 587 3336 659 cogit
3365 592 3716 657 peccatum:

2063 675 2165 730 sed
2198 676 2325 747 ejus
2358 675 2768 747 deceptionem
2799 676 2922 732 vult
2953 675 3290 744 ostendere,
3324 683 3383 730 et
3413 677 3712 746 quomodo

2063 780 2170 818 sua
2204 764 2520 820 dulcedine
2551 782 2792 820 sensum
2843 765 3143 836 corripiat.
3191 782 3326 820 nam
3373 765 3718 835 frequenter

2064 852 2221 923 quod
2250 860 2309 908 et
2338 855 2557 910 damno
2603 861 2660 909 et
2701 853 2820 922 odi,
2856 855 2917 908 in
2949 855 3060 909 hoc
3090 854 3380 925 corripior
3411 869 3426 908 :
3467 873 3486 899 ι
3521 853 3578 908 Si
3609 869 3717 909 au-

2066 947 2185 996 tem
2217 943 2376 1013 quod
2397 961 2516 998 non
2546 943 2674 998 volo
2693 944 2804 998 hoc
2835 944 3008 1009 facio,
3043 944 3354 998 consentio
3388 943 3502 1016 legi
3555 942 3718 1014 quod

2062 1030 2221 1086 bona
2267 1032 2361 1086 sit.
2406 1055 2434 1081 ››
2477 1035 2602 1088 Non
2647 1049 2886 1104 parvum
2935 1035 3118 1087 refert
3167 1033 3313 1105 legis
3345 1033 3715 1089 encomium.

2065 1122 2208 1174 Nam
2271 1120 2465 1192 ipsum
2517 1139 2638 1177 non
2687 1122 2836 1176 velle
2885 1128 3213 1194 peccatum,
3250 1121 3462 1192 inquit,
3509 1137 3544 1176 a
3575 1122 3720 1194 legis

2063 1208 2333 1265 doctrina
2363 1210 2587 1277 habeo;
2621 1211 2919 1282 quomodo
2949 1228 3084 1283 ergo
3124 1228 3302 1266 causa
3359 1217 3518 1265 esset
3567 1228 3721 1282 prae-

2065 1301 2396 1370 ceptor,qui
2426 1299 2698 1356 videlicet
2716 1299 2876 1371 quod
2899 1300 3121 1356 bonum
3150 1306 3239 1355 est
3261 1299 3511 1355 docuit?
3533 1300 3723 1357 Causa

2065 1394 2262 1443 autem
2298 1395 2387 1444 est
2419 1391 2467 1444 is
2486 1391 2585 1460 qui
2608 1391 2756 1444 adeo
2781 1390 2978 1445 mollis
3006 1397 3115 1455 est,
3139 1397 3205 1446 ut
3229 1390 3301 1444 ob
3329 1392 3718 1460 temporalem

2067 1479 2290 1548 peccati
2335 1477 2794 1535 delectationem
2845 1479 3186 1551 hujusmodi
3232 1479 3408 1534 faciat
3463 1495 3717 1549 quorum

2065 1565 2193 1622 idse
2235 1567 2413 1624 etiam
2453 1577 2762 1624 accusator
2792 1575 2900 1632 est,
2930 1575 2989 1624 et
3033 1569 3380 1640 priusquam
3436 1577 3634 1641 ageret
3659 1573 3720 1623 et

2067 1660 2383 1726 postquam
2415 1657 2660 1729 peregit.
2699 1681 2719 1705 α
2758 1656 2868 1712 Sed
2906 1657 3063 1728 quod
3094 1657 3319 1713 habitat
3348 1657 3407 1711 in
3442 1673 3535 1712 me
3576 1674 3717 1728 pec-

2067 1753 2284 1804 catum.
2319 1771 2345 1798 ι»
2378 1751 2447 1804 Et
2496 1749 2794 1820 quomodo
2841 1756 3149 1821 peccatum
3199 1757 3478 1822 Operatur
3506 1751 3656 1805 illud
3688 1749 3714 1806 ‘2

1991 1869 2039 1934 Β
2072 1841 2173 1896 Rei
2206 1841 2584 1898 dulecdinem
2608 1843 2754 1898 mihi
2777 1843 3001 1914 objicit,
3035 1849 3210 1914 atque
3235 1843 3316 1899 ita
3343 1861 3439 1898 me
3471 1843 3714 1916 decipit,

2069 1945 2145 1984 ne
2175 1932 2236 1986 in
2259 1931 2350 1987 his
2381 1947 2754 2004 perseverem
2785 1949 2917 2004 quae
2943 1933 3197 2004 judicavi
3231 1949 3296 1989 ac
3323 1933 3537 2006 optavi.

2713 2129 2944 2185 CAPUT
2982 2130 3076 2185 XI.

2071 2216 2148 2268 De
2195 2216 2500 2288 affectibus
2533 2215 2788 2271 humanm
2855 2224 3092 2283 natu-rw,
3141 2232 3271 2287 quae
3322 2218 3718 2288 impossibilem

2364 2287 2604 2341 reddunt
2662 2292 3108 2355 conformitatem
3139 2292 3212 2343 ad
3242 2287 3430 2359 legem}

2150 2375 2261 2440 VII,
2300 2375 2496 2429 18-20.
2530 2378 2665 2432 Novi
2716 2379 2859 2431 enim
2903 2379 3049 2447 quod
3095 2395 3205 2432 non
3249 2379 3454 2433 habitet
3504 2381 3562 2433 in
3609 2395 3714 2449 me,

2073 2463 2174 2518 hoc
2205 2471 2280 2518 est
2309 2465 2370 2518 in
2400 2481 2565 2519 carne
2593 2482 2731 2532 mm,
2759 2467 2978 2520 bonum.
3004 2467 3144 2521 Nam
3162 2467 3298 2521 velle
3317 2468 3535 2537 adjacet
3555 2469 3718 2534 mihi,

2073 2559 2130 2607 at
2159 2559 2221 2607 ut
2263 2556 2474 2621 faciam
2527 2555 2725 2610 bonum
2772 2571 2883 2610 non
2931 2557 3167 2610 invenio.
3220 2557 3338 2610 Non
3386 2561 3531 2610 enim
3575 2555 3722 2627 quod

2074 2642 2196 2698 volo
2223 2644 2374 2710 facio
2406 2644 2622 2710 bonum,
2657 2644 2752 2699 sed
2779 2644 2927 2714 quod
2954 2659 3063 2698 non
3089 2644 3207 2699 volo
3237 2645 3443 2698 malum
3474 2644 3576 2699 hoc
3597 2659 3724 2714 ago,

2075 2731 2136 2786 Si
2166 2738 2349 2785 autem
2379 2736 2529 2803 quod
2565 2749 2676 2788 non
2698 2733 2819 2788 volo
2845 2733 2940 2788 hoc
2969 2735 3136 2802 facio.
3160 2733 3290 2803 jam
3321 2749 3433 2788 non
3461 2749 3559 2804 ego
3589 2748 3722 2803 ope-

2073 2836 2172 2874 ror
2201 2820 2360 2889 illud,
2391 2824 2488 2877 sed
2516 2821 2664 2892 quod
2692 2823 2907 2878 habitat
2939 2825 2998 2877 in
3026 2840 3112 2878 me
3135 2829 3445 2893 peccatum.

2148 2999 2294 3056 295
2327 3000 2557 3054 Arbitrii
2584 3000 2918 3055 libertatem
2941 3000 3064 3055 vult
3087 3001 3722 3073 ostendere,quodque

2076 3086 2252 3143 homo
2285 3089 2563 3144 dominus
2596 3091 2676 3144 sit
2703 3090 2986 3160 potentia)
3023 3089 3096 3144 ad
3129 3097 3453 3161 utrumque
3479 3100 3596 3145 tam
3626 3090 3727 3145 bo-

2077 3194 2221 3232 num
2254 3194 2432 3248 quam
2480 3179 2722 3233 malum.
2761 3180 2858 3233 Ait
2897 3195 3070 3251 ergo:
3105 3180 3231 3234 Non
3275 3179 3501 3234 habitat
3552 3180 3610 3233 in
3638 3195 3732 3235 me

2083 3264 2330 3329 bonum,
2372 3282 2491 3320 non
2543 3266 2686 3320 mihi
2730 3273 2888 3322 sorte
2945 3265 3170 3333 datum,
3230 3273 3331 3322 aut
3379 3267 3731 3324 necessitate

2084 3353 2340 3424 quadam
2373 3355 2528 3426 apud
2561 3371 2653 3410 me
2686 3372 3047 3428 permanens
3078 3356 3289 3422 habeo,
3321 3362 3388 3412 ut
3414 3356 3570 3412 bona
3601 3373 3738 3429 ope-

2081 3460 2198 3510 rer,
2240 3444 2322 3498 ita
2340 3451 2407 3498 ut
2436 3445 2618 3499 etiam
2651 3445 2702 3499 vi
2737 3445 2996 3515 quadam
3055 3445 3204 3501 illud
3237 3445 3610 3502 abstraheret
3640 3463 3734 3502 me

2083 3549 2118 3588 a
2149 3532 2340 3588 malis.
2377 3535 2521 3589 Nam
2555 3551 2624 3590 ea
2654 3534 2876 3590 dicitur
2916 3535 3222 3601 habitatio,
3257 3542 3541 3608 perpetua
3572 3537 3737 3593 vide-

2084 3623 2225 3679 licet
2245 3626 2656 3695 permanentia
2688 3643 2755 3682 ac
2796 3627 2975 3682 veluti
3023 3627 3372 3692 residentia,
3409 3649 3436 3675 ‹‹
3469 3628 3533 3682 In
3561 3642 3738 3683 carne

2087 3730 2239 3768 mea.
2281 3737 2306 3762 »
2338 3716 2479 3769 Eam
2512 3715 2661 3769 dicit
2690 3733 2821 3786 quae
2853 3732 2887 3770 a
2919 3717 3360 3789 trangressione
3405 3716 3741 3774 inhabitata

2087 3809 2190 3858 est.
2231 3805 2316 3857 Ita
2345 3803 2526 3858 habet
2554 3803 2720 3858 divus
2754 3804 3084 3859 Methodius
3119 3806 3178 3858 in
3210 3803 3413 3859 libello
3446 3803 3518 3858 de
3549 3818 3742 3858 resur-

2088 3893 2372 3946 rectione.
2409 3914 2435 3941 ‹‹
2471 3893 2614 3946 Nam
2638 3892 2785 3946 velle
2804 3892 3038 3963 adjacet
3068 3892 3235 3946 mihi.
3264 3916 3292 3941 ››
3330 3891 3741 3961 Velle,inquit,

2091 3987 2182 4036 est
2213 3980 2377 4043 mihi,
2412 3997 2531 4034 non
2564 3986 2763 4035 tamen
2793 3981 2944 4035 facio
2989 3987 3231 4052 propter
3280 3980 3506 4051 peccati
3539 3995 3741 4034 corre-

2091 4069 2354 4140 ptionem
2378 4082 2392 4133 ;
2419 4084 2511 4122 me
2535 4067 2697 4122 enim
2718 4068 2963 4139 corripit
2991 4085 3066 4123 ne
3099 4085 3168 4123 ea
3193 4068 3401 4125 faciam
3439 4085 3569 4138 qua)
3591 4086 3625 4123 a
3642 4084 3736 4126 me

2091 4157 2524 4222 collaudantur,
2560 4157 2664 4212 sed
2711 4173 2842 4227 quae
2890 4157 3319 4229 vituperantur.
3363 4178 3384 4205 ι
3415 4159 3542 4213 Non
3575 4157 3737 4213 enim

2093 4246 2251 4319 quod
2285 4247 2409 4302 volo
2433 4247 2582 4302 facio
2606 4246 2849 4302 bonum.
2874 4269 2901 4296 ››
2925 4246 3194 4302 Ostendit
3211 4252 3436 4302 tantam
3462 4263 3590 4302 esse
3608 4262 3743 4318 pec-

2093 4337 2207 4392 cati
2268 4336 2678 4407 deceptionem
2710 4352 2778 4391 ac
2810 4335 3137 4403 suadelam,
3169 4343 3235 4392 ut
3275 4335 3536 4392 studium
3570 4334 3740 4402 mihi,

2095 4426 2308 4497 inquit,
2343 4426 2438 4490 sit,
2480 4431 2545 4479 ut
2565 4425 2778 4480 faciam
2815 4425 3055 4491 bonum,
3088 4433 3146 4480 et
3177 4426 3438 4480 studium
3471 4424 3614 4479 mihi
3645 4424 3740 4490 sit,

324 4511 834 4593 α’χμαλωτίζουσά
893 4535 960 4585 με
1017 4513 1107 4569 καὶ
1164 4515 1424 4568 πείθουσα
1479 4517 1586 4567 τῶν
1644 4507 1970 4587 δεδογμένα»

2097 4533 2171 4571 ne
2194 4531 2403 4586 operer
2435 4515 2656 4570 malum
2685 4532 2696 4569 :
2740 4523 2797 4570 et
2832 4522 3026 4571 tamen
3059 4515 3285 4570 invadit
3341 4531 3434 4570 me
3466 4514 3745 4584 concupi-

330 4601 612 4678 ὑπεριδεῖν
661 4603 751 4658 καὶ

338 4697 449 4764 ξας.
477 4719 504 4744 «ι
540 4690 684 4751 Αλλ⁹
715 4694 742 4747 ὃ
782 4693 846 4748 οὐ
881 4691 1026 4756 θέλω
1051 4693 1233 4748 κακόν.
1269 4717 1294 4744 υ
1331 4689 1536 4767 Σχεδὸν
1570 4691 1671 4768 γαρ
1702 4692 1789 4746 καῖ
1822 4685 1991 4745 ἀϐου-

337 4784 537 4852 λήτως
603 4784 738 4858 πρὸς
794 4785 857 4837 τὸ
915 4785 1078 4836 κακὸν
1126 4781 1560 4854 σαναρποὶζομαι,
1614 4780 1689 4842 ὡς
1737 4779 1872 4835 εἶναι
1927 4779 1990 4834 τὸ

337 4878 448 4926 πᾶν
507 4875 613 4926 τῶν
687 4873 789 4941 τήν
861 4871 1127 4946 ἁμαρτίαν
1214 4871 1612 4944 ὑποτιθεμενων
1692 4867 1988 4942 δαιμόνων.

348 4961 562 5034 Magi:
602 4961 706 5038 γὰρ
739 4960 929 5036 χώρας
985 4953 1377 5035 ἐπιλαϐόμενοι
1426 4959 1485 5014 ἐκ
1533 4962 1631 5029 τῆς
1685 4960 1845 5034 ἡμῶν
1897 4956 1991 5034 ρᾳ-

346 5048 586 5121 Θυμὲαις,
617 5051 682 5105 τὸ
713 5050 844 5104 ὅλον
899 5049 1301 5123 ἀνατρέπουσιν.
1366 5073 1394 5101 ‹‹
1426 5045 1580 5104 Ἀλλ’
1611 5049 1646 5118 ἡ
1683 5048 1907 5103 οἷἰιοῦσα
1937 5047 1991 5104 ἐν

345 5137 480 5211 ἐμοὶ
531 5138 788 5214 ἁμαρτία.
825 5161 849 5192 ιι
937 5137 1058 5194 Ἐπὶ
1123 5139 1215 5210 μὶν
1268 5139 1366 5192 τοῦ
1423 5136 1642 5210 ἀγαθοῦ,
1692 5137 1794 5192 οὐκ
1850 5138 1990 5194 εἶπεν

346 5227 583 5298 θ’κησιν,
615 5228 706 5284 ἐπὶ
739 5226 796 5282 δὲ
837 5229 936 5294 τῆς
1000 5226 1264 5301 ἁμαρτίας
1317 5225 1454 5281 εἶπε.
1516 5225 1721 5280 Λοιπὸν
1779 5228 1882 5302 γὰρ
1940 5226 2000 5282 ἐκ

346 5321 450 5371 τοῦ
497 5317 577 5373 ἀεὶ
650 5315 1004 5391 ἁμαρτάνειν,
1095 5313 1172 5376 εἷς
1229 5312 1336 5384 ἕξιν
1395 5313 1517 5369 τινὰ
1572 5319 1672 5383 τῆς
1731 5314 2002 5390 ἁμαρτίας

349 5405 619 5482 ἤλθομεν.
654 5407 734 5465 Τὸ
767 5406 873 5481 γὰρ
896 5404 1030 5479 αγαν
1067 5401 1190 5468 ἔθος
1223 5400 1314 5458 ἴσα
1343 5401 1555 5483 φύσεως
1576 5404 1803 5478 γίνεται.

409 5586 664 5666 Εὐρίσκω
722 5582 832 5662 ἄρα
891 5583 983 5637 τον
1037 5581 1206 5656 νόμον
1243 5581 1324 5655 τῷ
1370 5577 1581 5638 θέλοντι
1639 5579 1762 5658 ἐμοὶ
1821 5588 1997 5640 ποιεῖν

340 5681 401 5738 τὸ
458 5677 654 5750 καλὸν,
705 5677 795 5732 ’ὁτι
860 5671 984 5747 ἐμοὶ
1040 5671 1103 5728 τὸ
1157 5677 1319 5728 κακὸν
1395 5671 1737 5748 παράκειται.
1819 5674 1996 5745 Συνή-

837 4599 1284 4674 ἐσπουδασμενων
1343 4603 1431 4657 καὶ
1490 4605 1557 4656 τα
1622 4601 1790 4669 αότῆς
1846 4607 1970 4676 ττρᾶ-

2097 4606 2342 4669 scentia,
2371 4621 2582 4675 meque
2603 4605 2767 4660 ducit
2788 4606 3107 4676 captivum,
3123 4604 3380 4660 suadens
3398 4610 3464 4659 ut
3484 4602 3553 4658 ad
3578 4619 3746 4656 man-

2101 4693 2238 4750 data
2268 4701 2326 4748 et
2355 4711 2449 4750 res
2481 4694 2775 4748 studiosus
2795 4694 3166 4759 conniveam,
3192 4711 3258 4749 ac
3303 4711 3370 4748 ea
3401 4710 3530 4764 qua)
3557 4692 3744 4764 ipsius

2102 4790 2241 4839 sunt
2269 4800 2498 4856 operer.
2533 4782 2692 4838 «Sed
2716 4783 2872 4853 quod
2905 4800 3024 4838 non
3050 4784 3177 4838 volo
3209 4784 3454 4840 malum.
3491 4806 3516 4832 ι»
3544 4785 3747 4838 Ferme

2101 4890 2235 4930 vero
2259 4874 2472 4929 invitus
2503 4872 2575 4928 ad
2611 4872 2829 4928 malum
2861 4873 3168 4944 corripior,
3190 4874 3542 4930 utsitomne
3568 4889 3748 4944 nego-

2103 4965 2250 5019 tium
2282 4962 2722 5019 adhortantium
2742 4961 2815 5016 ad
2837 4961 3057 5017 malum
3081 4961 3439 5020 daemonum.
3470 4963 3558 5017 llli
3585 4979 3748 5017 nam-

2105 5069 2217 5125 que
2249 5069 2425 5124 parva
2440 5050 2749 5106 occasione
2767 5067 2837 5105 ex
2861 5058 3063 5106 nostra
3085 5052 3332 5124 segnitie
3353 5050 3745 5122 apprehensa,

2104 5148 2288 5197 totum
2323 5140 2688 5195 subvertunt.
2722 5163 2749 5188 ‹‹
2785 5140 2896 5196 Sed
2930 5140 3087 5212 quod
3135 5141 3361 5196 habitat
3392 5140 3451 5193 in
3483 5153 3578 5193 me
3610 5153 3745 5208 pec-

2101 5237 2317 5287 catum.
2337 5252 2360 5275 ι»
2377 5230 2443 5283 ln
2466 5229 2620 5282 bono
2643 5228 2883 5300 quidem
2916 5247 3036 5284 non
3060 5229 3206 5284 dixit
3229 5224 3749 5289 habitationem,in

2095 5324 2336 5392 peccato
2365 5335 2496 5373 vero
2529 5318 2695 5372 dixit.
2734 5317 3038 5390 Siquidem
3068 5335 3135 5372 ex
3161 5319 3270 5373 hoc
3298 5314 3752 5386 quodcontinue

2101 5423 2434 5482 peccamus,
2470 5408 2529 5461 in
2558 5407 2825 5462 habitum
2852 5407 3167 5478 quemdam
3194 5405 3417 5477 peccati
3442 5403 3714 5457 venimus
3740 5422 3755 5472 ;

2103 5497 2421 5552 vehemens
2438 5495 2967 5551 enimconsuetudo
2982 5494 3228 5564 mqualis
3241 5501 3467 5549 natura:
3482 5492 3761 5554 efﬁcitur,

2179 5587 2292 5652 νυ,
2326 5589 2509 5640 21-23.
2541 5587 2766 5641 Invenio
2810 5587 2986 5654 igitur
3018 5584 3186 5653 legem
3233 5585 3442 5640 volenti
3491 5585 3626 5640 mihi
3669 5585 3762 5652 fas

2102 5692 2220 5734 cere
2279 5675 2499 5746 bonum,
2549 5674 2699 5748 quod
2746 5673 2888 5731 mihi
2930 5672 3138 5730 malum
3181 5675 3457 5747 adjaceat.
3502 5673 3766 5731 Oblector
