4126 6256
432 373 551 439 463

1515 369 1930 437 (EGUMENII
1971 361 2282 429 TRIGCE
2324 360 2706 426 EPISOOPI.

3728 348 3852 428 tot

433 513 578 569 enim
608 510 725 579 lege
780 510 875 565 Dei
928 509 1225 566 secundum
1279 510 1563 565 internum
1618 508 1935 564 hominem:
1994 503 2079 559 sed

2197 495 2362 572 δομπιι
2401 497 2504 574 γὰρ
2558 500 2637 570 τῷ
2689 497 2845 571 νόμῳ
2900 500 2996 553 τοῦ
3053 502 3189 554 Θεοῦ
3241 496 3375 554 κατᾶ
3426 497 3516 554 τὸν
3580 492 3693 554 ἔσω
3752 500 3856 555 ἇν-

430 602 585 657 video
614 601 785 655 aliam
842 600 1013 669 legem
1056 603 1116 654 in
1172 600 1423 656 membris
1470 600 1621 666 meis,
1681 601 2081 669 repugnantem

432 690 540 759 legi
567 691 763 744 mentis
792 704 924 744 meae
959 705 972 743 :
1005 695 1057 743 et
1084 688 1365 760 captivum
1393 706 1476 744 me
1504 689 1791 744 ducentem
1822 687 1937 756 lege
1965 699 2084 755 pec-

430 780 565 845 cati,
598 791 718 850 qua?
749 784 826 834 est
856 780 916 833 in
940 779 1198 835 membris
1228 781 1379 835 meis.

504 955 832 1012 Obscurum
855 961 947 1012 est
992 957 1150 1027 quod
1172 957 1234 1012 in
1253 956 1466 1012 litteras
1493 960 1770 1011 contextu
1797 952 1959 1008 dicit.
1982 952 2081 1005 Est

431 1051 629 1102 autem
648 1044 1010 1118 hujusmodi.
1038 1046 1255 1111 Laudo,
1278 1046 1496 1118 inquit.
1527 1046 1715 1117 legem
1753 1042 2080 1099 secundum

431 1134 880 1200 conscientiam,
914 1140 972 1190 et
1002 1134 1167 1191 illam
1199 1136 1439 1192 invenio
1485 1135 1672 1208 legem
1707 1151 1838 1205 qum
1868 1132 2079 1189 exhor-

429 1224 718 1279 tationem
742 1223 888 1279 mihi
916 1224 1178 1296 praebeat
1200 1224 1299 1280 ubi
1333 1225 1551 1280 bonum
1576 1240 1747 1297 agere
1778 1223 2079 1296 elegerim.

430 1312 580 1377 Quid
612 1312 793 1385 igitur
813 1313 949 1369 inde
979 1313 1412 1386 consequitur?
1436 1314 1675 1382 Malum,
1700 1313 1911 1383 inquit,
1945 1326 2085 1384 ope-

431 1418 549 1472 ror,
576 1404 715 1474 quia
754 1403 899 1459 mihi
934 1404 1155 1460 malum
1181 1405 1413 1476 adjacet
1441 1422 1454 1470 ;
1487 1404 1547 1459 id
1577 1411 1685 1472 est,
1717 1402 1952 1460 assidue
1983 1418 2078 1457 ur-

430 1498 545 1566 get.
582 1494 783 1565 Itaque
810 1510 1004 1566 neque
1032 1494 1178 1551 mihi
1209 1493 1432 1550 bonum
1459 1494 1691 1566 operari
1719 1492 1937 1549 volenti
1959 1491 2083 1548 suf-

431 1581 639 1637 ﬁciens
672 1588 761 1638 est
794 1583 887 1639 lex
918 1590 983 1639 ut
1012 1585 1329 1641 auxilietur
1359 1602 1373 1652 ;
1409 1585 1559 1640 nihil
1587 1585 1742 1638 enim
1776 1582 1937 1639 aliud
1977 1598 2080 1653 po-

428 1677 545 1726 test
576 1670 670 1726 lex
700 1689 876 1743 quam
919 1673 1241 1730 adhortari.
1282 1675 1463 1747 Igitur
1518 1674 1672 1730 296
1730 1671 2084 1728 dimittenda

431 1767 521 1815 est
552 1770 710 1827 (nam
742 1761 803 1816 id
862 1761 1018 1834 quod
1086 1780 1121 1819 a
1177 1765 1359 1820 Paulo
1410 1763 1783 1833 instituitur),
1840 1761 2081 1816 venien-

432 1847 693 1919 dumque
723 1847 798 1948 ad
827 1850 1147 1948 Christum.
1173 1852 1274 1948 qui
1302 1867 1423 1948 non
1481 1851 1656 1906 modo
1714 1849 2079 1948 adhortatur:
2116 1882 2160 1948 Β

432 1953 638 1993 verum
670 1938 851 1993 etiam
883 1938 1040 1992 tollit
1076 1940 1233 2010 quod
1287 1940 1451 2011 prius
1501 1944 1904 2011 perpetratum
1960 1941 2088 1991 erat

432 2031 740 2098 peccatum
772 2042 879 2098 per
907 2026 1222 2099 baptisma,
1256 2035 1316 2084 et
1345 2028 1417 2084 ad
1442 2029 1566 2084 haec
1596 2029 1786 2084 salvat
1832 2032 1889 2082 et
1918 2026 2080 2081 auxi-

432 2115 634 2171 liatur.
668 2146 733 2155 —
766 2118 1038 2172 Praeterea
1069 2123 1120 2173 et
1177 2118 1290 2173 alio
1345 2119 1522 2176 modo.
1555 2121 1637 2173 Ex
1693 2120 1806 2182 his,
1866 2117 2079 2187 inquit.

437 2219 569 2276 quae
602 2203 744 2270 dixi,
767 2210 825 2259 et
846 2222 916 2261 ex
938 2207 1032 2261 his
1055 2221 1187 2277 qum
1223 2207 1611 2272 consideravi,
1636 2208 1748 2263 hoc
1772 2205 1918 2261 mihi
1948 2212 2080 2260 tan-

435 2293 570 2348 dem
603 2293 981 2350 concluditur
1007 2311 1021 2352 :
1057 2296 1340 2366 quidnam
1375 2297 1531 2370 quod
1562 2297 1653 2352 lex
1686 2295 1812 2352 sit?
1842 2296 1935 2350 lex
1958 2294 2084 2366 qui-

434 2382 569 2437 dem
602 2382 674 2437 ad
706 2383 926 2440 bonum
953 2384 1168 2441 volenti
1208 2387 1355 2442 mihi
1386 2388 1577 2443 facere
1626 2387 1848 2442 bonum
1902 2384 2080 2456 idque

432 2472 626 2529 solum
658 2472 883 2529 tribuit.
913 2477 1057 2531 Nam
1088 2477 1312 2533 malum
1362 2479 1594 2551 reperio
1622 2477 1780 2549 quod
1806 2476 2083 2532 similiter

427 2562 571 2617 mihi
606 2562 894 2634 adjaceat,
921 2571 977 2619 et
1001 2565 1150 2620 nihil
1176 2582 1243 2623 ex
1267 2567 1393 2640 Iege
1416 2567 1629 2623 melior
1658 2568 1901 2623 etl‘ectus
1924 2581 2077 2633 sum,

427 2652 544 2707 nisi
577 2654 749 2710 etiam
781 2664 1209 2713 nocumentum
1241 2659 1427 2730 magis
1476 2658 1878 2728 susceperim:
1941 2655 2080 2726 quia

429 2741 702 2814 adjacere
736 2744 881 2798 mihi
917 2750 970 2800 et
994 2745 1174 2801 veluti
1194 2747 1456 2803 vicinum
1483 2763 1613 2803 esse
1645 2745 1791 2801 mihi
1834 2744 2077 2812 malum,

430 2830 683 2900 praebuit
712 2848 920 2888 ansam
952 2834 1111 2889 mali.
1156 2835 1269 2890 Lex
1318 2835 1518 2906 itaque
1570 2834 1762 2890 solum
1792 2834 1905 2889 fuit
1932 2832 2079 2889 mihi

431 2918 506 2973 ad
524 2919 768 2986 bonum,
810 2921 1093 2993 aliudque
1114 2922 1263 2977 nihil
1289 2923 1562 2979 contulit.
1593 2923 1757 2978 Unde
1781 2921 1930 2977 illud
1962 2938 2078 2977 ma-

434 3007 784 3065 nifestatur?
805 3010 953 3076 Quia
976 3012 1197 3068 malum
1220 3012 1367 3068 mihi
1395 3014 1603 3068 eodem
1629 3012 1803 3068 modo
1828 3012 2078 3084 adjacet.

434 3128 505 3138 —
538 3100 634 3153 Vel
654 3101 769 3155 ita:
804 3101 1042 3157 Invenio
1066 3102 1245 3175 igitur
1267 3103 1455 3171 legem
1481 3103 1720 3165 bonam,
1744 3110 1810 3159 ut
1831 3103 2083 3159 addatur

428 3186 673 3253 Bonam,
709 3195 767 3245 et
798 3190 859 3245 in
891 3192 1217 3263 hyperbato
1245 3197 1303 3247 et
1331 3195 1681 3250 acommuni
1708 3210 1886 3249 sensu
1919 3194 2077 3265 posi-

427 3280 578 3331 tum.
628 3279 889 3345 Invenio,
932 3279 1146 3351 inquit,
1180 3281 1371 3354 legem
1403 3280 1623 3338 bonam
1683 3283 1826 3337 mihi
1860 3282 2077 3338 volenti

431 3365 625 3420 facere
649 3364 894 3422 bonum.
927 3367 1042 3422 Cur
1065 3385 1198 3441 ergo
1230 3387 1349 3424 non
1382 3370 1527 3425 facis
1553 3371 1746 3425 illud?
1776 3371 1922 3436 Quia
1952 3387 2077 3426 ma-

431 3455 558 3510 lum
585 3455 731 3509 mihi
763 3454 1013 3526 adjacet.
1041 3458 1265 3513 Bonum
1300 3460 1498 3530 itaque
1524 3460 1668 3532 legis
1692 3460 1752 3513 in
1778 3460 1902 3515 sola
1937 3460 2083 3533 legis

431 3543 653 3598 latione
695 3551 820 3599 est:
852 3561 1046 3616 neque
1098 3547 1256 3600 enim
1318 3546 1571 3603 liberare
1634 3548 1814 3602 etiam
1865 3549 2083 3603 valeta

433 3633 591 3688 malo
625 3640 685 3688 et
713 3633 938 3690 salvum
972 3635 1184 3701 facere,
1220 3636 1470 3708 ideoque
1521 3636 1873 3693 dimittenda
1904 3643 1995 3694 est
2026 3641 2084 3691 et

433 3722 507 3776 ad
531 3722 828 3778 Christum
860 3723 1283 3780 accedendum.
1335 3756 1399 3764 —
1428 3724 1524 3781 Vel
1541 3728 1619 3780 ita
1642 3725 1830 3796 potius
1909 3727 2096 3803 Inve—g

430 3812 532 3869 nio
564 3812 742 3886 igitur
775 3813 981 3886 legem.
1018 3814 1127 3869 hoc
1158 3821 1265 3879 est,
1309 3815 1575 3872 intellexi
1607 3821 1665 3871 et
1712 3814 2081 3888 deprehendi

431 3903 548 3957 vim
577 3910 636 3958 et
665 3909 937 3959 naturam
972 3904 1135 3977 legis.
1164 3910 1362 3961 exacte
1393 3905 1465 3961 de
1507 3923 1575 3961 ea
1620 3907 1881 3978 comperi
1923 3906 2081 3979 quod

432 3992 586 4047 nilnl
616 3993 894 4063 potuerit.
934 3993 1094 4049 Unde
1151 3994 1262 4049 hoc
1319 3994 1702 4052 manifestum
1734 3996 1878 4052 est?
1936 3997 2083 4063 Quia

430 4082 650 4137 volenti
684 4082 828 4137 mihi
850 4084 1044 4139 facere
1075 4083 1321 4151 bonum,
1354 4085 1505 4140 nihil
1552 4086 1667 4141 fert
1720 4086 1947 4153 auxilii,
1979 4086 2081 4142 sed

433 4172 712 4227 similiter
732 4172 956 4228 malum
978 4173 1512 4244 adjacet,inefticax
1527 4180 1617 4231 est
1637 4176 1782 4231 mihi
1806 4176 1878 4231 ad
1902 4192 2078 4249 agen-

432 4261 574 4318 dum
609 4262 766 4334 quod
799 4263 993 4334 cupio.
1026 4264 1091 4317 In
1122 4263 1232 4319 hoc
1261 4280 1396 4337 ergo
1454 4264 1767 4339 diligenter
1823 4265 1895 4320 de
1954 4265 2082 4338 lege

436 4353 697 4426 comperi
733 4359 1021 4424 quantum
1052 4353 1260 4425 possit,
1296 4369 1502 4425 quaeve
1533 4355 1608 4409 sit
1659 4355 1787 4426 ejus
1835 4361 2079 4411 natura:

437 4443 581 4513 quin
603 4442 661 4497 in
680 4458 773 4497 me
796 4441 1028 4498 volente
1051 4442 1274 4498 bonum
1299 4444 1531 4514 operari
1560 4443 1793 4499 invenio
1809 4444 2081 4516 adjacere

431 4533 677 4601 malum,
702 4550 895 4605 neque
917 4533 990 4589 ab
1014 4549 1082 4589 ea
1106 4534 1359 4605 ejectum
1381 4539 1468 4588 est
1494 4550 1528 4589 a
1545 4551 1658 4589 me.
1683 4536 1752 4589 Et
1784 4535 1922 4589 item
1949 4551 2079 4605 qua)

2195 598 2436 663 θρωπον·
2495 584 2684 662 βλέπω
2758 584 2815 641 δὲ
2896 586 3075 665 ἕτερον
3131 588 3301 663 νόμον
3361 586 3414 642 ἐν
3481 593 3598 650 τοῖς
3653 588 3855 662 μέλεσῖ

2196 699 2306 752 μου
2366 678 2915 752 ἀντιστρατευόμενον
2998 682 3077 750 τῷ
3161 678 3319 750 νόμῳ
3391 682 3486 733 τοῦ
3543 678 3669 741 νοός
3713 700 3853 752 μου,

2193 768 2282 823 καὶ
2314 766 2805 847 αἰχμαλωτίζοντά
2837 773 3009 842 μετῷ
3058 769 3213 842 νόμῳ
3269 774 3370 838 τῆς
3419 769 3709 845 ἁμαρτίας,
3770 775 3854 843 τῷ

2194 854 2308 913 ὄντι
2340 856 2392 913 ἐν
2425 864 2545 920 τοῖς
2572 857 2759 930 μέλεσί
2793 880 2919 931 μου.

2266 947 2277 969 ε
2438 947 2453 965 ς
2586 949 2599 963 ι
2696 946 2711 969 ν
2847 948 2856 965 ι
3198 950 3226 962 ~
3361 946 3404 973 ορ
3539 953 3563 972 ,ι
3765 943 3817 965 ιν

2282 953 2495 1020 Ασαφες
2545 968 2609 1002 το
2668 967 2957 1022 ειρημενον
3015 944 3068 1001 ἐν
3159 967 3228 1020 τῃ
3310 967 3478 1017 ταςει.
3570 948 3700 1003 Εστι
3762 960 3845 1003 οε.

2194 1036 2429 1092 Ἐπαινῶ
2494 1036 2586 1090 τὸν
2650 1035 2840 1108 νόμον,
2897 1034 3053 1116 φησὶ,
3113 1034 3248 1090 κατά
3306 1036 3368 1091 τὸ
3426 1032 3692 1104 συνειδὸς,
3755 1035 3853 1089 καὶ

2195 1122 2441 1181 αὑτὸνδὲ
2484 1124 2716 1198 εὑρίσκω
2771 1124 2863 1178 τὸν
2919 1125 3086 1198 νόμον
3138 1123 3263 1197 ἐμοὶ
3318 1123 3380 1180 τὸ
3438 1123 3607 1179 καλὸν
3661 1129 3851 1179 ποιεῖν

2191 1212 2560 1289 προῃρημένῳ
2636 1215 2954 1291 προτροπήν
3029 1213 3362 1293 παρέχοντα.
3422 1216 3489 1272 Τί
3548 1213 3643 1268 οὗν
3707 1213 3855 1287 μετά

2190 1306 2351 1359 τοῦτο
2386 1303 2502 1373 ;Τὸ
2546 1304 2713 1359 κακὸν
2742 1303 2987 1377 πράσσω,
3020 1302 3206 1382 φησὶν,
3240 1303 3322 1358 ὅτι
3380 1301 3504 1376 ἐμοὶ
3560 1304 3621 1358 τὸ
3679 1304 3857 1359 κακὸν

2192 1391 2533 1464 παράκειται.
2584 1395 2876 1451 Τουτέστιν
2929 1394 3012 1448 δτι
3070 1391 3317 1465 ἐκμελῶς
3373 1391 3623 1466 ἔγκειται.
3682 1400 3855 1449 Ὥστε

2193 1479 2319 1536 οὐδὲ
2353 1482 2674 1558 βουλομένῳ
2710 1503 2802 1555 μοι
2834 1483 2896 1537 τὸ
2925 1480 3093 1538 καλὸν
3125 1485 3343 1555 πρᾶξαι,
3404 1482 3584 1543 ἱκανός
3636 1479 3785 1537 ἐστιν
3821 1482 3851 1537 ὁ

2191 1567 2361 1643 νόμος
2396 1571 2692 1645 βοηθῆσαιο
2726 1570 2873 1641 πλὴν
2912 1572 3016 1649 γὰρ
3070 1576 3166 1626 τοῦ
3224 1570 3627 1647 προτρέψασθαι
3683 1568 3847 1627 οὐδὲν

2193 1658 2395 1734 ἰσχύει.
2440 1662 2740 1737 Τοιγαροῦν
2785 1659 3007 1738 ἀφετέον
3035 1659 3126 1715 τὸν
3180 1656 3348 1735 νόμον
3406 1665 3591 1735 (τοῦτο
3646 1661 3750 1735 γάρ
3785 1660 3850 1714 τὸ

2191 1751 2721 1820 κατασκευαζόμενον
2800 1750 2968 1823 αὐτῷ)
3003 1798 3015 1821 ,
3092 1751 3184 1806 καὶ
3276 1748 3705 1829 προτελευστὲον
3768 1754 3852 1822 τῷ

2194 1842 2436 1912 Χριστῷ,
2469 1838 2527 1901 ’ὸς
2561 1840 2623 1894 ού
2653 1837 3013 1915 προτρέπεται
3069 1839 3256 1913 μόνον,
3290 1838 3438 1894 ἀλλά
3493 1839 3583 1896 καὶ
3635 1839 3855 1914 ἀναιρεῖ

2195 1929 2293 1995 τήν
2352 1927 2760 2002 προγενομένην
2835 1927 3103 2000 ἁμαρτίαν
3153 1925 3242 1983 διὰ
3290 1931 3386 1983 τοῦ
3447 1928 3847 2005 βαπτίσματος,

2194 2016 2285 2072 καὶ
2318 2018 2454 2090 μετά
2492 2021 2655 2073 τοῦτο
2685 2019 2848 2087 σώζει
2900 2017 2989 2073 καὶ
3052 2018 3261 2092 βοηθεῖ.
3324 2051 3390 2061 —
3445 2017 3690 2080 Ἀλλως’
3755 2020 3848 2090 ἰεξ

2196 2106 2269 2160 ὧν
2298 2106 2476 2176 εἷπον,
2506 2107 2657 2183 φησί.
2690 2106 2781 2162 καὶ
2813 2109 2863 2180 ἐξ
2895 2106 2968 2161 ὧν
2998 2105 3295 2179 ἐσκόπησι.
3339 2107 3498 2162 τοῦτό
3557 2128 3652 2183 μοι
3704 2129 3853 2180 συμ-

2196 2196 2503 2267 περαίιιται
2533 2194 2625 2251 καὶ
2667 2200 2826 2251 τοῦτο
2876 2196 3124 2272 εὑρίσκω.
3186 2198 3403 2267 Ηςῖονς
3459 2199 3527 2251 Τὸ
3586 2216 3727 2253 ειναι
3756 2197 3853 2253 τὸν

2194 2285 2364 2358 νόμον
2399 2328 2412 2353 ,
2468 2284 2638 2358 νόμον
2702 2286 2800 2360 μὲν
2858 2284 2934 2347 εἷς
2988 2285 3049 2340 τὸ
3104 2284 3275 2340 καλὸν
3327 2290 3407 2360 τῷ
3457 2284 3669 2348 θέλοντι
3718 2284 3852 2358 ἐμοὶ

2195 2378 2371 2429 ποιεῖν
2440 2373 2502 2429 τὸ
2562 2372 2753 2443 καλὸν,
2813 2378 2974 2430 τοῦτο
3043 2377 3209 2447 μόνον
3298 2375 3659 2451 χαριζόμενον
3695 2419 3709 2432 .
3768 2375 3853 2432 Τὸ

2196 2464 2300 2541 γᾶρ
2356 2464 2520 2519 κακὸν
2580 2463 2836 2539 εὑρίσκω,
2896 2463 2976 2519 ὅτι
3040 2466 3252 2538 ὁμοίως
3320 2464 3443 2538 ἐμοὶ
3499 2464 3852 2536 παράκειται,

2193 2553 2280 2607 καὶ
2316 2551 2469 2608 οὐδὲν
2516 2547 2850 2625 ὲϐελτιώθην
2879 2552 2937 2609 ἐκ
2964 2558 3060 2608 τοῦ
3090 2555 3288 2626 νόμου,
3341 2553 3391 2610 εἷ’
3444 2557 3517 2627 μὴ
3565 2556 3647 2608 καί
3696 2552 3849 2629 Bli-

2195 2637 2297 2712 δην
2330 2640 2548 2715 μᾶλλον
2581 2639 2868 2716 ἐδεξάμην,
2908 2642 2992 2697 δτι
3024 2643 3379 2720 παρακεῖσθαί
3424 2665 3537 2716 μοι,
3593 2641 3682 2698 καὶ
3725 2644 3852 2698 οἷον

2193 2729 2421 2807 ἐγγίζειν
2458 2752 2577 2805 μοι,
2608 2732 2670 2786 τὸ
2700 2731 2864 2787 κακὸν
2921 2733 3191 2808 παρέσχεν
3248 2732 3527 2810 ἀφορμήν,
3584 2733 3646 2790 Ὀ
3677 2733 3861 2807 νόμος

2195 2820 2288 2875 οὗν
2325 2820 2510 2893 μόνον.
2544 2822 2725 2900 φησὶν,
2761 2820 2971 2894 ἐγένετό
3005 2841 3099 2893 μοι
3143 2820 3220 2883 εἰς
3248 2821 3310 2876 τὸ
3360 2819 3554 2887 καλὸν,
3593 2819 3738 2877 ἄλλο
3791 2819 3857 2877 δὲ

2195 2905 2369 2966 οὐδέν.
2404 2909 2569 2964 Πόθεν
2605 2906 2776 2978 δῆλον
2811 2929 2824 2979 ;
2853 2912 2976 2966 ’Ὀτι
3006 2910 3069 2965 τὸ
3099 2912 3263 2965 κακὸν
3308 2931 3402 2985 μοι
3437 2911 3698 2973 ὡσαῦτως
3728 2931 3838 2967 πα-

2196 2997 2461 3073 ράκειται.
2487 3000 2552 3054 "ll
2586 2998 2677 3052 καὶ
2710 2998 2884 3061 οὕτως
2918 2998 3167 3074 Εὐρισκω
3198 2997 3298 3075 ἄρα
3337 2998 3428 3055 τὸν
3457 3000 3629 3074 νόμον
3672 3000 3836 3055 καλὸν

2191 3086 2264 3141 ’ἶν’
2291 3089 2329 3157 ἦ
2358 3089 2441 3155 τὸ,
2477 3110 2505 3140 ι(
2538 3086 2739 3155 Κακὸν,
2768 3112 2795 3141 ››
2828 3089 2914 3142 καὶ
2951 3088 3002 3144 ἐν
3033 3083 3343 3164 ὑπερϐατῳ,
3375 3088 3466 3144 καὶ
3507 3089 3614 3145 ἀπὸ
3658 3093 3845 3144 κοινοῦ

2192 3177 2460 3249 κείμενον.
2494 3177 2765 3249 Εὐρίσκω,
2806 3178 2961 3247 conci,
3015 3176 3106 3232 τὸν
3162 3179 3329 3251 νόμον
3389 3178 3556 3233 καλὸν
3606 3179 3732 3252 ἐμοὶ
3765 3184 3848 3253 τῷ

2111 3236 2153 3303 C
2191 3265 2401 3321 θέλοντι
2456 3272 2631 3322 ποιεῖν
2662 3267 2725 3321 τὸ
2755 3264 2945 3323 καλόν.
2981 3266 3048 3324 Τί
3079 3267 3171 3322 οὗν
3230 3267 3292 3322 οὐ
3348 3268 3602 3343 πράττεις
3658 3269 3794 3323 αὐτό
3832 3289 3848 3340 ;

2190 3356 2316 3413 Ὀτι
2346 3357 2408 3411 τὸ
2438 3357 2600 3411 κακόν
2660 3375 2753 3429 μοι
2783 3355 3124 3431 παράκειται.
3184 3356 3344 3412 Ὥστε
3394 3360 3457 3413 τὸ
3513 3358 3685 3413 καλὸν
3744 3363 3849 3414 τοῦ

2189 3448 2379 3517 νόμου,
2453 3445 2503 3501 ἐν
2586 3450 2663 3517 τῷ
2752 3446 2916 3517 μόνον
2971 3448 3306 3519 νομοθετεῖν,
3366 3444 3493 3503 ἀλλ’
3549 3447 3681 3527 οὐχὶ
3751 3448 3849 3504 καὶ

2191 3535 2502 3609 ῥύεσαιτοῦ
2550 3538 2718 3589 κοικοῦ
2782 3537 2875 3589 καὶ
2928 3537 3120 3604 σώζειν
3175 3535 3376 3612 ἰσχύει.
3436 3536 3528 3591 Διὸ
3586 3537 3855 3616 ἀφεκτέον

2192 3623 2376 3686 αὐτοῦ,
2434 3624 2523 3679 καὶ
2591 3622 2876 3700 προσιτέον
2931 3627 3171 3699 Χριστῷ.
3224 3626 3293 3683 Ἢ
3359 3623 3577 3699 μᾶλλον
3640 3628 3849 3690 οὕτως·

2194 3713 2442 3787 Εὑρίσκω
2486 3712 2588 3789 ἄρα
2642 3713 2737 3769 τὸν
2797 3715 2991 3787 νόμον,
3046 3715 3315 3783 τουτέστι,
3374 3716 3692 3786 Κατενόησα
3751 3720 3848 3773 καί

2189 3797 2576 3876 κατελαϐόμην
2608 3823 2706 3873 την
2763 3801 2922 3878 θσχὸν
2973 3802 3062 3857 καὶ
3120 3805 3220 3874 τήν
3269 3800 3425 3877 φύσιν
3480 3808 3581 3859 τοῦ
3638 3804 3839 3876 νόμου.

2189 3891 2436 3967 Ἐξεῦρον
2496 3890 2661 3946 αὐτὸν
2715 3887 2993 3963 ἀκριϐῶς,
3053 3892 3136 3946 δτι
3205 3888 3356 3946 οὐδέν
3413 3913 3506 3966 μοι
3559 3892 3831 3967 βοηθῆσαι

2188 3980 2398 4058 ἴσχυσεν
2437 3983 2603 4046 Πόθεν
2630 3978 2799 4051 δῆλον
2837 4002 2851 4051 ;
2882 3984 3008 4037 ’Ότι
3039 3982 3252 4038 θέλοντί
3285 4004 3378 4057 μοι
3431 3988 3591 4039 ποιεῖν
3634 3982 3693 4037 τὸ
3721 4002 3823 4036 κα-

2190 4069 2286 4126 λὸν
2343 4068 2495 4125 οὐδὲν
2554 4067 2852 4146 ἐπικουρεῖ,
2898 4068 3026 4126 ἀλλ’
3077 4072 3284 4143 ὁμοίως
3337 4072 3401 4127 τὸ
3443 4073 3596 4127 κακὸν
3649 4071 3828 4146 παρά-

2187 4180 2382 4225 κειται,
2428 4156 2701 4235 ἄπρακτόν
2761 4180 2855 4233 μοι
2911 4159 2974 4215 τὸ
3021 4157 3196 4215 θέλειν
3260 4166 3451 4216 ποιῶν.
3515 4161 3603 4219 Ἑν
3652 4161 3835 4235 τούτῳ

2189 4249 2282 4305 οὗν
2310 4246 2462 4324 εὗρον
2516 4242 2756 4322 ἀκριϐῶς
2812 4249 2905 4303 τὸν
2963 4248 3131 4322 νόμον
3189 4250 3313 4305 ὅσον
3371 4250 3573 4327 ἰσχύει,
3628 4250 3719 4306 καὶ
3757 4251 3841 4314 τίς

2190 4337 2329 4394 ἐστιν
2388 4339 2423 4407 ἡ
2484 4337 2639 4415 φύσις
2689 4335 2875 4406 αὐτοῦ,
2937 4335 2988 4392 ἐν
3061 4342 3140 4411 τῷ
3215 4339 3265 4394 ἐν
3319 4339 3443 4413 ἐμοὶ
3501 4344 3580 4412 τῷ
3621 4339 3837 4406 θέλοντι

2189 4432 2363 4483 ποιεῖν
2391 4428 2453 4482 τὸ
2483 4425 2649 4482 καλὸν
2678 4425 2958 4502 εὑρίσκειν,
3012 4429 3098 4484 ὅτι
3153 4429 3216 4484 τὸ
3269 4430 3432 4485 κακὸν
3492 4430 3842 4505 παράκειται,

2187 4518 2273 4573 καὶ
2336 4515 2436 4572 οὸκ
2480 4512 2826 4587 ἀπελήλαται
2888 4518 2976 4572 ὑπ’
3019 4518 3188 4573 αὐτοῦ
3245 4517 3296 4589 ἐξ
3360 4516 3515 4592 ἐμοῦ.
3588 4521 3690 4576 Καὶ
3751 4519 3837 4592 εἴη

431 4640 466 4680 a
495 4624 677 4681 Paulo
710 4624 984 4681 dicentur
1005 4624 1066 4679 in
1096 4624 1503 4696 sequentibus,
1534 4631 1776 4696 possent
1805 4625 2078 4693 duarum,

2192 4607 2247 4664 ἂν
2279 4608 2371 4663 καὶ
2429 4607 2494 4662 τά
2543 4605 2733 4687 ἐφεξῆς
2790 4606 3145 4685 ῥηθησόμενα
3203 4608 3429 4683 Παύλῳ,
3482 4615 3592 4667 τῶν
3646 4633 3840 4685 προει-

432 4712 849 4782 prmdictarum
924 4712 1383 4784 explicationum
1435 4728 1563 4769 esse
1631 4713 2072 4784 conﬁrmativa,

432 4807 683 4870 utraque
715 4801 1009 4856 sententia
1028 4800 1224 4857 locum
1246 4800 1522 4868 habente,
1557 4808 1615 4858 et
1640 4801 1851 4858 litterae
1873 4819 2075 4858 conse-

432 4887 738 4960 quentiam
770 4887 933 4943 nullo
966 4888 1393 4959 impedimento
1442 4895 1728 4946 servante.
1787 4891 2073 4947 Possibile

432 4981 521 5032 est
552 4983 748 5033 autem
779 4980 975 5032 autem
1006 4983 1062 5031 et
1095 4978 1202 5032 hoc
1225 4977 1396 5033 modo
1421 4979 1664 5052 prOpius
1694 4978 1768 5034 ad
1797 4978 2076 5035 verbain-

426 5066 633 5138 telligi.
673 5065 906 5121 Invenio
930 5065 1107 5138 igitur
1139 5066 1294 5137 quod
1328 5067 1545 5123 volenti
1582 5067 1724 5123 mihi
1755 5067 1947 5124 facere
1980 5068 2075 5124 bo-

424 5174 566 5213 num
592 5156 920 5213 secundum
946 5156 1130 5227 legem
1157 5157 1425 5227 adjaceat
1450 5158 1690 5213 malum.
1718 5159 1945 5214 Etenim
1971 5160 2069 5231 qui

413 5249 584 5319 juxta
618 5247 992 5321 Evangelium
1026 5248 1228 5302 volunt
1255 5248 1446 5302 facere
1482 5247 1863 5307 bonum.non
1911 5250 2071 5304 inve-

425 5339 598 5394 niunt
629 5340 901 5409 adiacere
936 5337 1044 5391 sibi
1081 5337 1303 5392 malum
1356 5339 1464 5392 Per
1510 5337 1867 5410 baptismum
1913 5339 2072 5394 enim

417 5435 671 5495 ejectum
705 5435 763 5482 et
792 5428 1104 5500 expulsum
1137 5433 1245 5484 est.
1282 5430 1485 5499 Itaque
1523 5435 1755 5500 oportet
1785 5446 1890 5500 per
1921 5430 2070 5501 bap-

414 5516 664 5572 tismum
695 5519 768 5574 ad
798 5521 1097 5575 Christum
1120 5521 1402 5577 accedere
1429 5519 1633 5575 relicta
1663 5521 1808 5593 lege.
1846 5521 2073 5577 Poteris

418 5602 531 5660 hoc
561 5622 795 5677 quoque
831 5608 1004 5663 modo
1037 5625 1155 5664 non
1190 5610 1488 5667 immerito
1521 5607 1928 5681 interpretari.

492 5695 642 5755 297
677 5697 985 5770 Comperio
1034 5698 1227 5771 legem
1256 5699 1436 5756 veluti
1480 5699 1854 5771 auxiliarem,
1889 5698 2073 5773 magis

2181 4696 2430 4775 ρημένων
2490 4694 2585 4752 δύο
2660 4693 2976 4772 διαλήψεων
3030 4700 3508 4765 κατασκευαστικὰ,
3577 4701 3839 4778 ἑκατέρας

2180 4787 2535 4865 ἑγχωροῦσης
2569 4784 2834 4854 διανοίας,
2891 4786 2981 4843 καὶ
3022 4790 3119 4858 τήν
3172 4787 3501 4854 ἀκολουθίαν
3542 4792 3831 4868 ἀπαριπό·

2183 4875 2367 4934 διστον
2401 4874 2796 4948 διασωζο·5σης,
2830 4877 3058 4933 Δυνατὸν
3088 4875 3146 4933 δὲ
3202 4878 3290 4933 καὶ
3331 4879 3504 4941 οὕτως
3538 4879 3830 4958 ἐγγῦτερον

2181 4976 2281 5038 τῆς
2311 4966 2507 5040 λέξεως
2537 4961 2808 5022 ἐκλαϐεῖν.
2864 4965 3109 5042 Εὖρίσκω
3158 4965 3259 5043 ἄρα
3288 4973 3369 5042 τῷ
3428 4967 3640 5034 θέλοντι
3704 4968 3838 5045 ἐμοὶ

2181 5063 2356 5113 ποιεῖν
2383 5056 2445 5111 τὸ
2474 5054 2642 5111 καλὸν
2674 5052 2809 5110 κατά
2846 5055 2938 5110 τὸν
2986 5057 3176 5131 νόμον,
3212 5058 3295 5113 ὅτι
3357 5059 3480 5133 ἐμοὶ
3539 5060 3600 5114 τὸ
3659 5060 3834 5116 κακὸν

2184 5147 2541 5224 παράκειται.
2621 5144 2721 5202 Καὶ
2777 5147 2877 5220 γὰρ
2937 5146 2987 5202 οἱ
3044 5148 3180 5202 κατὲι
3226 5150 3288 5203 τὸ
3349 5149 3687 5225 Εόαγγὲλιον
3744 5152 3839 5216 θέ-

2183 5235 2372 5297 λοντες
2404 5239 2579 5289 ποιεῖν
2612 5234 2674 5287 τὸ
2700 5234 2890 5302 καλὸν,
2941 5234 3050 5310 οὐχ
3097 5236 3439 5309 εὑρίσκουσιν
3500 5237 3584 5295 ὅτι
3642 5240 3829 5314 παρά·

2183 5325 2570 5386 κειτκιαῦτοῖς
2624 5323 2685 5377 τὸ
2738 5324 2923 5379 κακόν.
2984 5325 3080 5379 Διὰ
3135 5330 3230 5380 τοῦ
3294 5328 3667 5401 βαπτισματος
3727 5328 3835 5404 γὰρ

2181 5417 2387 5487 ἐξωπτοη
2420 5415 2509 5468 καὶ
2542 5411 2905 5482 ἀπελήλαται.
2966 5419 3126 5469 ’Ὥστε
3177 5412 3258 5469 ’δεῖ
3313 5417 3528 5488 Χριστῷ
3584 5414 3672 5472 διὰ
3730 5421 3832 5472 τοῦ

2186 5505 2557 5583 βαπτίσματος
2609 5498 2927 5575 προσελθεῖν
2967 5545 2980 5569 ,
3028 5502 3426 5567 καταλιπόντας
3482 5506 3575 5560 τὸν
3636 5505 3837 5580 νόμον.

2186 5589 2479 5654 Ἐκλάὃοις
2510 5589 2557 5647 δ’
2582 5591 2642 5646 ἂν
2673 5591 2760 5645 καὶ
2793 5590 2966 5655 οὕτως
3004 5591 3104 5648 οὐκ
3141 5595 3464 5658 ἀπεικότως·

2250 5683 2509 5762 Εὑρίσκω
2574 5680 2668 5737 τὸν
2737 5681 2908 5757 νόμον
2965 5683 3077 5739 οἷον
3137 5683 3431 5764 σύμμαχον
3493 5681 3708 5764 μᾶλλον
3778 5682 3840 5742 δὶ
