4126 6256
243 347 368 410 665

1398 352 1798 418 ΟΟΝΜΕΝΤ.
1845 349 1935 410 IN
1981 345 2234 408 EPlST.
2280 347 2382 407 AD
2433 346 2619 408 ROM.

3610 355 3728 416 466

268 485 706 564 συμφωνοῦντα.
773 492 859 559 τῷ
919 485 1132 552 θέλοντι
1193 486 1320 562 ἐμοί
1378 489 1440 544 τὸ
1497 484 1689 544 καλόν.
1743 480 1948 542 Καὶτίς

2076 484 2272 536 autem
2293 480 2439 536 mihi
2462 480 2827 536 conformem
2851 479 3068 536 volenti
3095 481 3244 536 mihi
3261 482 3456 540 facere
3477 485 3722 544 bonum.

284 579 451 655 χρεία
480 577 817 653 συμσξωνίας
849 581 885 650 ἦ
912 581 1233 655 συμμαχίας
1261 600 1273 647 ;
1307 578 1523 648 Πολλὴ,
1556 579 1709 658 φησί.
1748 601 1770 628 α
1809 573 1955 628 ,διότι

283 667 416 740 ἐμοὶ
473 667 535 722 τὸ
593 667 769 720 κακὸν
832 668 1176 738 παράκειται,
1232 694 1259 720 ››
1321 669 1410 723 καὶ
1467 664 1957 742 ἀιιτιστρατεῦεται,

275 759 384 813 καὶ
412 757 663 829 πολεμεῖ,
696 757 792 811 καὶ
836 759 980 830 ἑξῆς.
1038 759 1182 815 Αὐτὸ
1241 757 1334 812 οὖν
1381 762 1542 813 τοῦτο
1582 754 1836 810 πλατῦνει
1867 750 1957 806 καὶ

287 843 573 925 διαταερεῖ,
604 849 718 907 πῶς
752 851 1042 924 συμφωνεῖ
1098 847 1125 900 6
1185 847 1378 918 νόμος,
1421 851 1538 909 πῶς
1568 844 1864 902 ἐπιτίθεται
1895 847 1956 901 τὸ

284 939 488 992 κακόν.
526 963 545 989 α
578 934 897 1010 Συνήόομαι
928 939 1028 1011 γὰρ
1087 941 1166 1010 τῷ
1223 938 1382 1011 νόμῳ
1409 942 1511 992 τοῦ
1548 942 1704 993 Θεοῦ.
1741 962 1767 987 ››
1797 938 1956 992 Ὥστε

279 1027 432 1082 κατᾶ
486 1029 642 1081 τοῦτο
696 1031 986 1105 συμφωνεῖ
1041 1046 1156 1097 μοι,
1198 1027 1289 1082 καὶ
1347 1027 1550 1101 τρόπον
1582 1026 1706 1082 τινὰ
1735 1047 1949 1098 συμμα-

273 1119 405 1191 χεῖ,
442 1115 488 1168 εἰ
520 1117 606 1170 καὶ
645 1115 880 1178 ἀσθενῶς
930 1113 1049 1195 ἔχει
1085 1116 1374 1190 βοηθῆσαι.
1434 1115 1952 1188 Ἀντιστρατευομέ-

265 1223 384 1259 νου
419 1204 524 1280 γὶρ
556 1207 656 1258 τοῦ
696 1205 881 1272 ἑτέρου
914 1205 1104 1277 νόμου,
1138 1201 1262 1274 ἤτοι
1294 1209 1390 1260 τοῦ
1418 1211 1519 1273 τῆς
1553 1204 1956 1281 ἁμαρτίαςβῦχ

267 1292 578 1369 ὗςίαταται
640 1292 732 1346 καὶ
788 1292 1091 1367 ἐπικουρεῖ,
1154 1294 1336 1348 καίτοι
1397 1292 1615 1348 Θέλοντι
1648 1292 1829 1364 αὐτὸν,
1860 1293 1951 1348 καὶ

268 1380 552 1453 ἡδομένῳ
602 1380 772 1453 αὐτῷ,
832 1379 979 1438 ἀλλᾶ
1036 1383 1318 1460 ἀφίσταται
1379 1381 1949 1455 καταλιμπάνων,καὶ

273 1474 358 1544 μή
393 1469 700 1542 δυναμένου
762 1471 934 1542 ἑαυτῴ
985 1471 1225 1545 ἀρκέσαι,
1275 1469 1644 1551 αἰχμάλωτος
1700 1473 1944 1547 γίνομαι.

273 1560 382 1631 Εῗη
419 1558 467 1616 δ’
500 1561 588 1631 ἂν,
623 1561 667 1616 εί
716 1559 1042 1636 συνταχθέίη
1100 1560 1294 1626 οὕτως,
1346 1562 1453 1616 τῶν
1511 1554 1826 1636 εἰρημένων
1851 1582 1946 1616 σα-

273 1652 565 1726 φέστερον·
632 1651 886 1726 Εὑρίσκω
945 1650 1046 1726 ἂρα
1101 1655 1180 1723 τῷ
1237 1650 1451 1707 θέλοντι
1501 1649 1628 1724 ἐμοὶ
1658 1651 1720 1706 τὸ
1751 1648 1942 1719 καλὸν,

273 1741 530 1811 ἧτοιτόν
560 1739 730 1812 νόμον
787 1738 896 1812 (ὅτι
953 1739 1077 1812 ἐμοὶ
1133 1740 1196 1794 τὸ
1254 1741 1418 1794 κακὸν
1471 1742 1834 1814 παράκειται),
1865 1744 1944 1812 τῷ

277 1829 498 1894 θέλοντι
534 1828 663 1900 ἐμοὶ
722 1833 900 1883 ποιεῖν
957 1829 1021 1883 τὸ
1075 1828 1264 1894 καλὸν,
1324 1830 1443 1884 οἷον
1500 1832 1820 1904 προτροπὴν
1855 1828 2022 1914 καίΒ

279 1913 611 1990 συμϐουλὴν
673 1917 1005 1994 παρέχοντα,
1039 1943 1067 1969 ‹‹
1101 1916 1300 1976 Βλέπω
1360 1915 1416 1973 δὲ
1471 1915 1656 1992 ἕτερον
1687 1920 1876 1990 νόμον.
1915 1943 1942 1970 ››

332 2010 342 2024 1
502 2007 512 2024 Ι
619 2007 638 2024 ἱ.
759 2006 772 2026 9
883 2012 905 2022 ην
1056 2007 1068 2025 Ι
1349 2007 1362 2026 \
1437 2009 1463 2026 ν
1562 2005 1586 2025 λ
1827 2008 1836 2023 ν

277 2011 550 2082 Τεσσαρες
585 2028 718 2063 εισιν
755 2009 980 2063 ενταυοα
1009 2027 1196 2079 νομοι,
1242 2028 1363 2081 περι
1423 2030 1497 2061 ων
1558 2002 1943 2080 οιαλαμϐανει·

273 2098 371 2158 Εἷς
407 2097 506 2169 μὲν
570 2098 601 2152 ὁ
651 2096 823 2168 νόμος
881 2101 976 2151 τοῦ
1037 2102 1190 2166 Θεοῦ,
1252 2097 1376 2166 περὶ
1408 2097 1468 2151 οὗ
1502 2117 1649 2173 φησι·
1707 2123 1733 2148 ‹‹
1771 2099 1948 2167 Συνή-

273 2185 438 2258 δομαι
473 2187 580 2262 γὰρ
631 2192 712 2258 τῷ
762 2187 918 2259 νόμῳ
973 2191 1069 2241 τοῦ
1102 2191 1256 2243 Θεοῦ.
1294 2210 1322 2236 ››
1383 2184 1630 2251 δεύτερος
1665 2183 1720 2241 δὲ
1753 2189 1778 2240 6
1811 2190 1950 2242 ἄντι-

273 2277 732 2350 στρατευὸ;).ενος·
766 2276 974 2349 τρίτος,
1007 2276 1128 2348 περὶ
1179 2274 1240 2330 οὗ
1282 2295 1434 2352 φησιο
1478 2301 1504 2327 (ι
1541 2278 1634 2347 Τῷ
1662 2275 1818 2347 νόμῳ
1850 2280 1948 2330 τοῦ

268 2369 388 2430 νοός
446 2389 582 2440 μου.
653 2393 679 2417 υ
739 2365 1008 2438 Τέταρτος
1069 2367 1189 2441 περί
1249 2367 1311 2421 0'3
1372 2365 1540 2442 λέγει,
1600 2368 1754 2438 «Τῷ
1796 2367 1948 2438 νόμῳ

265 2466 359 2526 τῆς
391 2456 695 2532 ἁμαρτίας,
727 2460 808 2528 τῷ
841 2458 954 2511 ὅντι
1005 2455 1054 2512 ἐν
1120 2462 1236 2517 τοῖς
1279 2456 1469 2530 μέλεσί
1508 2478 1632 2526 μου.
1673 2457 1944 2510 »Τούτων

271 2550 295 2604 ὁ
346 2554 596 2623 πρῶτος,
657 2549 723 2604 τὸ
783 2542 1136 2622 εὐαγγελικῦν
1193 2544 1311 2600 ἐστι
1391 2542 1690 2617 παίδευμα,
1752 2542 1946 2615 ἔξωθεν

273 2635 355 2693 8ιᾶ
381 2642 482 2692 τιῦ
517 2658 594 2708 κη
615 2636 891 2713 λῦγματος
927 2635 1089 2689 εἰσιὸν
1149 2635 1240 2688 καὶ
1304 2634 1567 2708 ῥυθμίζων
1598 2642 1701 2703 τῆν
1733 2637 1944 2715 ψυχήν.

269 2728 326 2784 Ὀ
354 2723 611 2799 ὂεῦτερος
666 2726 698 2780 6
750 2725 1320 2797 ἀντιστρατευόμενος,
1361 2723 1450 2778 καὶ
1485 2724 1647 2784 οὗτος
1675 2728 1782 2777 τῶν
1812 2723 1944 2797 ἔξω·

273 2816 352 2880 θὲν
412 2815 555 2871 ἐστιν
625 2813 978 2868 ἐπεισιόντων
1039 2813 1158 2867 κατ’
1221 2811 1489 2885 ἐνέργειαν
1549 2816 1646 2866 τοῦ
1697 2816 1947 2888 Πονηροῦ

267 2905 349 2961 διὰ
379 2910 485 2959 τῶν
549 2904 878 2981 λογισμῶν,
936 2901 1024 2956 καὶ
1083 2905 1182 2969 τήν
1239 2902 1424 2975 ψυχὴν
1486 2899 1944 2976 αἶ’χμαλωτίζων.

258 2994 480 3070 Τρίτος,
533 2994 598 3048 ὃν
651 3013 792 3068 φησι
844 2991 1011 3064 νόμον
1062 2991 1211 3052 νοός.
1261 2989 1430 3051 Οὗτός
1463 2990 1600 3045 ἐστιν
1632 2992 1658 3044 6
1690 2994 1757 3062 τῇ
1792 2991 1948 3067 φύσει

263 3087 417 3155 ἡμῶν
453 3081 899 3159 ἐγκατασπαρετς
932 3081 1079 3154 παρὰ
1107 3083 1204 3134 τοῦ
1256 3083 1628 3151 Δημιουδογοῦ,
1663 3078 1749 3134 ἐπὶ
1779 3080 1848 3133 τὰ
1870 3079 1948 3151 τῷ

274 3177 384 3241 Θεῦγ»
411 3173 549 3252 ea:
611 3169 999 3244 παροτρύνων.
1056 3167 1122 3225 Ὀ
1180 3167 1459 3242 τέταρτος,
1494 3169 1521 3222 6
1548 3174 1646 3234 τῆς
1678 3167 1945 3241 ἁμαρτίας

277 3263 467 3331 νόμος.
498 3261 671 3322 Οὗτός
726 3259 868 3315 ἐστιν
903 3259 930 3314 6
967 3257 1434 3338 φιλαμαρτήμων,
1469 3255 1526 3317 ὃς
1561 3255 1649 3310 δια
1679 3263 1778 3325 τῆς
1809 3255 1949 3329 πρὸς

283 3351 348 3408 τὸ
405 3350 576 3404 χυτὸν
631 3348 924 3420 συνηθείας,
986 3345 1362 3422 ἐνεσκίῤῥωσεν
1419 3347 1559 3419 ἡμῖν
1618 3345 1712 3406 τὰς
1770 3346 1950 3420 ἁμαρ--

284 3440 427 3500 τίνας.
491 3439 628 3512 Ὅρα
674 3435 758 3493 οὖν
816 3441 938 3500 πῶς
997 3433 1058 3491 ἐκ
1118 3435 1417 3510 διαμέτρου
1481 3433 1737 3497 ἐναντίοις
1791 3454 1951 3507 περιδ

286 3529 667 3603 εστοιχίσμεθα
699 3528 920 3599 νόμοις.
981 3527 1049 3583 Οἱ
1109 3527 1204 3597 μέν
1262 3525 1366 3602 γὰρ
1427 3522 1544 3588 δύο,
1581 3519 1780 3594 ἔξωθεν
1812 3525 1951 3595 ἡμῖν

288 3613 663 3689 ἐπεισρέουσιν,
732 3613 758 3667 6
827 3613 921 3684 μὲν
977 3611 1114 3684 πρὸς
1175 3611 1535 3684 ἀγκθοεργίαν
1590 3606 1952 3682 προσκαλού-

287 3726 458 3779 μενος,
517 3704 818 3759 τουτέστιν
880 3701 908 3757 6
968 3697 1344 3776 εὐαγγελικὸς,
1396 3700 1424 3754 6
1481 3698 1539 3753 δὲ
1591 3699 1728 3775 πρὸς
1759 3699 1950 3760 κακίαν

281 3794 628 3866 παρακαλῶν,
674 3793 706 3844 6
769 3788 1323 3862 ἀντιστρατευόμενος
1352 3791 1448 3841 τοῐ
1485 3790 1733 3862 Πονηροῦ
1761 3787 1950 3858 νόμος,

275 3883 330 3939 Ol
361 3878 412 3937 ἃ
443 3879 660 3935 λοιποὶ
695 3875 816 3944 δύο,
850 3873 996 3932 ἔνδον
1054 3876 1156 3930 εἰσί
1210 3876 1298 3930 καὶ
1342 3876 1440 3944 τὴν
1469 3877 1655 3950 ψυχὴν
1690 3875 1953 3949 συνέχον-

264 3993 359 4034 σιν,
393 3973 422 4025 6
458 3970 564 4043 μὶν
597 3971 700 4022 τοῖ’)
727 3967 870 4028 νοὸς,
932 3966 1093 4040 παρᾶ
1147 3968 1243 4020 τοῦ
1305 3969 1657 4038 Δημιουργοῦ
1689 3965 1827 4034 ἡμῖν
1863 3963 1950 4041 ἐγ-

260 4055 726 4132 κατεσπαρμένος
758 4055 847 4110 καὶ
901 4051 1001 4125 ὁδη
1020 4057 1115 4126 γῶν
1170 4052 1306 4128 πρὸς
1363 4055 1428 4106 τὰ
1457 4055 1761 4123 κρείττονα.
1802 4053 1862 4104 Ὃ
1896 4048 1955 4111 δὲ

259 4152 549 4223 τέταρτος,
587 4149 617 4200 6
644 4144 737 4200 καὶ
768 4144 935 4216 νόμος
959 4143 1243 4217 ἁμαρτίας,
1272 4140 1361 4196 διὰ
1392 4142 1492 4211 τὴν
1522 4141 1658 4214 πρὸς
1689 4142 1751 4197 τὸ
1786 4141 1949 4196 κακὸν

262 4235 664 4314 ἓντκερῥωοεὲς
725 4232 776 4288 ἐν
832 4235 994 4303 ἡμῖν.
1064 4232 1156 4286 Διὸ
1209 4230 1451 4305 πρόσχες
1511 4235 1631 4292 πῶς
1712 4223 1954 4286 ἀκῑιϐὧς

267 4329 401 4385 ιῖπεο
445 4350 473 4380 ι
511 4325 717 4383 Βλέπω
748 4319 826 4382 δὲ.
858 4323 1045 4402 φησίν,
1092 4317 1277 4396 ἕτερον
1331 4321 1500 4392 νόμον
1535 4318 1957 4394 ἀντιστρατευόσι

271 4440 435 4494 μενον
468 4423 554 4487 τῷ
585 4414 743 4486 νόμῳ
773 4417 869 4467 τοῦ
895 4411 1020 4472 νοός
1057 4432 1184 4483 μου,
1221 4433 1248 4460 ››
1286 4409 1466 4482 τούτῳ
1499 4407 1567 4478 δὴ
1613 4413 1690 4478 τῷ
1724 4408 1949 4485 έμφῦτῳ

270 4509 410 4581 πρὸς
441 4505 514 4560 τὰ
545 4502 715 4569 καλὰ,
749 4525 777 4553 α
804 4500 894 4555 καὶ
925 4498 1416 4574 αἲχμαλωτίζοντά
1448 4518 1516 4570 με
1544 4501 1623 4568 τῷ
1653 4496 1809 4568 νόμῳ
1839 4503 1944 4581 τῆς

2068 574 2137 627 Ει
2168 590 2298 643 quae
2333 573 2558 627 utilitas
2591 573 3022 626 conformitatis
3075 573 3162 626 vel
3221 575 3424 627 auxilii
3462 585 3479 626 ξ
3528 579 3722 659 Multa,

2067 662 2262 732 inquit
2297 681 2309 729 ;
2345 688 2368 710 «
2399 665 2537 718 Nam
2575 663 2794 716 malum
2842 664 2986 716 mihi
3017 663 3303 732 adiacet»
3338 673 3395 719 et
3440 674 3728 736 repugnat

2063 767 2131 806 ac
2167 751 2488 822 prmliatur.
2521 758 2630 806 etc.
2688 753 2802 806 Hoc
2838 752 3028 822 ipsum
3091 752 3321 815 dilalat,
3385 762 3436 809 et
3481 756 3723 824 planum

2063 840 2202 894 facit
2230 840 2526 912 quomodo
2559 841 2884 895 conformis
2918 842 2994 895 sit
3030 843 3141 907 lex,
3180 843 3474 912 quomodo
3501 845 3722 899 malum

2063 929 2394 983 immineat.
2432 950 2458 978 «
2495 929 2771 984 Oblector
2802 930 2960 983 enim
2997 929 3123 1001 lege
3159 931 3282 985 Dei.
3314 953 3341 980 ››
3390 932 3594 1003 Itaque
3627 950 3722 988 se-

2061 1017 2321 1072 cundum
2357 1017 2467 1072 hoc
2497 1018 2820 1072 conformis
2853 1023 2941 1072 est
2971 1018 3140 1083 mihi,
3176 1025 3234 1072 et
3282 1020 3718 1089 quodammodo

2060 1105 2404 1170 auxiliatur,
2459 1123 2802 1177 quanquam
2865 1106 3144 1161 imbecile
3199 1107 3351 1162 ferat
3406 1110 3718 1166 auxilium.

2058 1195 2201 1249 Nam
2236 1202 2604 1267 repugnante
2630 1196 2818 1250 altera
2847 1195 2974 1267 lege
3005 1202 3148 1266 puta
3171 1204 3558 1267 peccato,non
3590 1216 3713 1254 sus-

2061 1285 2209 1338 tinet
2243 1301 2352 1340 nec
2383 1285 2727 1352 auxiliatur,
2751 1285 2890 1339 licet
2922 1286 3109 1356 ipsam
3145 1287 3535 1359 velim,eaque
3553 1289 3718 1344 oble-

2057 1378 2202 1440 cter,
2239 1373 2340 1427 sed
2372 1389 2467 1427 me
2498 1373 2705 1428 relicto
2737 1373 3003 1428 abscedit
3038 1390 3050 1427 :
3083 1391 3338 1446 cumque
3383 1393 3453 1430 ex
3486 1378 3714 1449 meipso

2058 1460 2429 1515 sufficienter
2458 1461 2736 1516 resistere
2768 1477 3083 1533 nequeam,
3119 1463 3384 1533 captivus
3443 1463 3540 1520 fio.
3587 1465 3714 1520 Plao

2055 1551 2191 1606 nius
2224 1556 2423 1606 autem
2457 1556 2615 1606 esset
2645 1551 2693 1605 si
2726 1551 2817 1606 his
2845 1568 2976 1622 quae
3009 1552 3168 1607 dicta
3187 1559 3326 1608 sunt
3357 1553 3438 1608 ita
3466 1555 3712 1626 conjun-

2053 1645 2310 1714 geretur.
2346 1641 2585 1695 Invenio
2619 1639 2800 1712 igitur
2854 1640 3072 1695 volenti
3132 1641 3279 1696 mihi
3337 1642 3563 1698 bonum
3593 1644 3712 1698 sive

2056 1732 2268 1804 legem,
2300 1730 2456 1800 quod
2489 1729 2716 1785 malum
2752 1729 2899 1784 mihi
2932 1729 3202 1801 adjaceat
3255 1731 3471 1786 volenti
3518 1732 3710 1786 facere

2054 1820 2589 1890 bonum.tanquam
2623 1819 3102 1873 adhortationem
3125 1835 3192 1873 ac
3215 1820 3530 1874 consilium
3556 1838 3707 1892 prea-

2056 1909 2225 1965 bens.
2262 1931 2289 1957 ››
2322 1908 2433 1962 Sed
2453 1908 2621 1963 video
2643 1907 2821 1962 aliam
2854 1907 3066 1979 legem,
3093 1913 3202 1963 etc.
3234 1931 3260 1958 »
3282 1911 3542 1973 Quatuor
3569 1914 3709 1964 sunt

2055 2000 2153 2055 hic
2177 1999 2334 2071 leges
2383 1999 2453 2052 de
2487 1998 2702 2068 quibus
2747 1997 2960 2052 asserit
2990 2016 3001 2053 :
3038 2015 3158 2052 una
3210 1999 3451 2069 quidem
3483 1999 3576 2053 lex
3608 2000 3705 2054 Dei

2056 2088 2128 2143 de
2159 2105 2276 2160 qua
2305 2087 2388 2142 ait
2419 2105 2431 2141 :
2469 2108 2496 2135 ‹‹
2530 2086 2806 2142 Oblector
2837 2086 2995 2140 enim
3028 2087 3157 2158 lege
3199 2087 3300 2141 Dei
3337 2105 3349 2154 ;
3383 2109 3411 2137 »
3446 2086 3708 2142 secunda

2055 2193 2189 2231 vero
2221 2193 2584 2248 repugnans,
2617 2176 2792 2230 tertia
2821 2176 2894 2230 de
2927 2193 3042 2246 qua
3075 2176 3220 2230 dicit
3251 2193 3262 2229 :
3297 2199 3323 2225 «
3371 2177 3502 2249 Legi
3538 2193 3706 2231 meno

2058 2268 2133 2321 tis
2167 2283 2310 2320 mea:
2347 2283 2359 2331 ;
2395 2273 2604 2336 quarta
2633 2266 2704 2320 de
2736 2283 2852 2336 qua
2882 2268 2964 2321 ait
3009 2283 3020 2320 :
3056 2288 3082 2316 ‹‹
3119 2268 3263 2339 Lege
3298 2268 3520 2337 peccati
3577 2285 3709 2339 quae

2057 2363 2147 2411 est
2179 2356 2238 2409 in
2275 2355 2558 2408 membris
2589 2355 2758 2408 meis.
2797 2375 2823 2402 ››
2850 2356 3066 2408 Harum
3093 2356 3283 2425 prima
3317 2363 3405 2409 est
3435 2356 3706 2410 doctrina

2058 2443 2414 2516 evangelica,
2445 2442 2778 2496 forinsecus
2819 2459 2925 2512 per
2968 2443 3453 2512 praedicationem
3515 2445 3709 2516 ingre-

2055 2533 2248 2598 diens,
2279 2531 2661 2600 animamque
2693 2546 3080 2601 componens.
3134 2531 3405 2585 Secunda
3453 2538 3543 2586 est
3575 2533 3712 2586 huic

2055 2637 2393 2694 repugnans
2428 2637 2440 2674 :
2475 2626 2534 2673 et
2563 2620 2687 2673 haec
2717 2619 2789 2673 ab
2811 2619 3070 2673 externis
3100 2625 3208 2685 est,
3245 2636 3374 2689 qua:
3401 2621 3572 2690 juxta
3595 2636 3714 2675 ma-

2057 2710 2201 2779 ligni
2229 2711 2392 2764 illius
2424 2708 2829 2780 operationem
2859 2724 2964 2780 per
2989 2708 3375 2779 cogitationes
3399 2708 3710 2780 subingre-

2056 2800 2233 2864 ditur,
2265 2799 2649 2868 animamque
2681 2797 2845 2851 ducit
2899 2797 3208 2868 captivam.
3274 2799 3468 2852 Tertia
3527 2814 3706 2868 quam

2056 2889 2200 2944 dicit
2230 2888 2422 2960 legem
2457 2887 2710 2942 mentis:
2748 2886 2873 2942 haec
2908 2893 2997 2941 est
3027 2904 3157 2957 quae
3190 2903 3296 2958 per
3341 2893 3614 2942 naturam
3647 2887 3706 2941 in

2055 2977 2226 3033 nobis
2257 2994 2292 3031 a
2317 2978 2592 3031 Creatore
2632 2975 3019 3031 disseminata
3050 2983 3157 3040 est,
3193 2977 3266 3031 ad
3290 2993 3359 3031 ea
3392 2976 3706 3047 impellens

2057 3083 2187 3137 qua:
2220 3067 2336 3119 Deo
2369 3065 2563 3119 amica
2594 3069 2747 3118 sunt.
2772 3065 2991 3128 Quarta
3039 3064 3130 3118 lex
3157 3070 3247 3118 est
3276 3065 3500 3135 peccati
3534 3083 3546 3119 :
3583 3065 3709 3118 haec

2059 3161 2148 3210 est
2176 3153 2400 3225 peccati
2434 3153 2846 3223 amatrix,qua:
2871 3152 3150 3207 diuturna
3171 3153 3242 3207 ad
3271 3153 3494 3207 malum
3508 3169 3709 3207 assue-

1979 3216 2019 3281 ε
2058 3216 2337 3308 factione,
2367 3247 2608 3313 peccata
2653 3242 2712 3295 in
2736 3216 2749 3223 U
2771 3241 2943 3295 nobis
2972 3241 3304 3296 obduravit.
3366 3241 3513 3296 Vide
3572 3257 3708 3315 ergo

2059 3332 2357 3406 quomodo
2389 3333 2706 3388 contrariis
2735 3348 2803 3386 ex
2835 3333 3708 3405 diametrocingamurlegibus.

2060 3422 2362 3492 Siquidem
2396 3421 2526 3476 dum
2559 3422 2929 3477 extrinsecus
2954 3421 3126 3476 nobis
3150 3421 3558 3478 subinﬂuunt:
3585 3422 3712 3478 hanc

2061 3512 2300 3584 quidem
2334 3510 2404 3565 ad
2438 3510 2576 3564 boni
2611 3513 3016 3582 operationem
3049 3528 3159 3566 nos
3191 3529 3536 3583 provocans,
3570 3518 3713 3583 puta

2059 3601 2399 3673 evangelica
2431 3617 2443 3665 ;
2473 3600 2584 3655 ista
2614 3617 2747 3655 vero
2767 3601 2839 3655 ad
2863 3601 3086 3654 malum
3118 3600 3460 3665 adhortans,
3495 3617 3708 3672 nempe

2059 3708 2397 3764 repugnans
2429 3691 2593 3745 illius
2623 3692 2868 3763 maligni
2905 3692 3015 3747 lex.
3065 3691 3326 3763 Reliquas
3359 3692 3489 3746 dum
3548 3693 3707 3746 intus

2062 3787 2199 3837 sunt
2229 3781 2610 3849 animamque
2644 3781 2955 3834 continent
2987 3797 3000 3834 :
3036 3779 3128 3834 lex
3161 3780 3400 3850 quidem
3436 3780 3651 3834 mentis
3674 3797 3708 3834 a

2060 3873 2334 3926 Creatore
2367 3871 2427 3923 in
2460 3869 2631 3924 nobis
2664 3868 3070 3933 disseminata,
3106 3874 3164 3924 et
3203 3869 3277 3923 ad
3324 3871 3575 3925 meliora
3604 3870 3708 3923 de-

2060 3960 2284 4014 ducens
2339 3958 2556 4022 Quarta
2583 3973 2739 4022 vero,
2791 3974 2923 4027 quaa
2956 3964 3014 4011 et
3064 3958 3156 4012 lex
3189 3958 3409 4029 peccati
3468 3963 3709 4028 propter

2061 4047 2327 4103 habitum
2361 4045 2432 4099 ad
2470 4045 2688 4098 malum
2722 4045 2782 4098 in
2816 4045 2986 4100 nobis
3018 4045 3326 4100 obdurata.
3361 4045 3585 4100 Idcirco
3618 4054 3708 4101 at-

2064 4136 2236 4192 tende
2269 4141 2492 4204 quanta
2513 4149 2645 4188 cum
2670 4133 2976 4205 diligentia
2998 4134 3214 4188 dixerit
3245 4150 3259 4187 :
3294 4156 3321 4183 ‹‹
3348 4133 3522 4188 Video
3555 4135 3707 4192 208

2060 4227 2238 4283 aliam
2269 4225 2456 4297 legem
2475 4231 2899 4296 repugnantem
2926 4224 3037 4295 legi
3057 4224 3272 4278 mentis
3292 4241 3458 4278 mese.
3487 4245 3516 4274 »
3543 4226 3708 4292 Huic,

2062 4317 2330 4387 inquam,
2363 4314 2438 4368 ad
2471 4316 2718 4370 honesta
2747 4315 2959 4370 insita}.
2995 4336 3023 4366 ‹‹
3060 4315 3127 4368 Ει
3157 4314 3456 4385 captivum
3483 4331 3576 4368 me
3600 4314 3708 4368 du—

2061 4414 2293 4464 centem
2335 4405 2462 4477 lege
2495 4405 2738 4477 peccati,
2773 4422 2903 4476 quae
2936 4410 3025 4460 est
3054 4406 3113 4459 in
3148 4404 3430 4458 membris
3474 4405 3642 4459 meis.
3677 4426 3706 4455 »

2063 4501 2142 4554 Ac
2173 4497 2220 4551 si
2245 4497 2470 4552 diceret
2502 4513 2514 4550 :
2540 4495 3235 4566 Extrinsecusinspirans
3271 4500 3621 4557 commovet,
3649 4501 3708 4550 et

274 4577 581 4668 ἁμαρτίας,
613 4589 692 4662 τῷ
726 4586 841 4644 ὄντι
889 4587 941 4644 έν
995 4593 1112 4648 τοῖς
1164 4586 1354 4659 μέλεσί
1406 4607 1532 4659 μου.
1567 4609 1594 4637 ‹‹
1623 4586 1712 4649 Ὡς
1743 4584 1788 4640 εἰ
1819 4578 1941 4641 ἔλε-

2058 4587 2243 4642 irritat
2267 4601 2505 4640 omnem
2535 4586 2859 4657 repositum
2893 4585 2950 4638 in
2981 4599 3075 4638 me
3106 4582 3405 4654 pulverem
3426 4583 3702 4639 uolutum

275 4703 391 4753 γεν·
446 4683 692 4751 Ἕξωθεν
750 4677 1010 4733 εἰσπνέων
1066 4681 1323 4752 συγκινεῖ,
1380 4675 1472 4730 καὶ
1532 4674 1757 4750 ἐρεθίζει
1807 4675 1944 4728 πάν-

275 4795 342 4830 τα
372 4773 469 4829 τὸν
505 4769 559 4826 ἐν
594 4769 717 4841 ἐμοὶ
766 4767 1125 4840 ἀποκείμενον
1175 4766 1462 4840 κοκιορτὸν
1511 4765 1598 4820 καὶ
1656 4758 1947 4839 βόρϐορον,

274 4865 339 4920 ’ὸν
372 4864 410 4932 ἦ
444 4860 585 4936 πρὸς
635 4857 900 4933 ἁμαρτίαν
956 4875 1050 4930 μοι
1104 4848 1211 4926 ἕξις
1258 4853 1586 4910 ἐνεσπίλωσε
1614 4856 1704 4908 καὶ
1737 4851 1949 4908 ἐνέκαυ-

282 4972 399 5010 σιν,
447 4983 515 4993 -
565 4947 670 5006 Καὶ
732 4944 944 5007 ἄλλως.
997 4949 1153 5020 Τρεῖς
1203 4943 1306 5000 εἱσι
1366 4943 1550 5015 νόμοι.
1582 4943 1644 5000 Ὀ
1684 4943 1948 5018 γραπτὸς,

278 5041 343 5097 δν
398 5038 565 5112 νόμον
631 5035 783 5111 λέγει
844 5039 997 5091 Θεοῦ·
1061 5031 1365 5105 δεύτεροςὸ
1397 5025 1658 5109 ἔμφυτος,
1703 5031 1760 5086 δν
1805 5031 1948 5107 λέγει

274 5130 448 5204 νόμον
480 5128 632 5188 νοός·
689 5124 895 5201 τρίτος,
947 5125 974 5178 6
1027 5121 1116 5178 διὰ
1167 5128 1268 5191 τῆς
1317 5121 1586 5196 ἁμαρτίας
1620 5119 1671 5174 ἐν
1703 5123 1818 5181 τοῖς
1855 5119 1948 5194 μέ-

276 5218 429 5276 λεσιν
522 5219 687 5287 ἡμῶν
778 5212 1028 5287 ἰσχύσας,
1113 5208 1169 5265 ὃν
1245 5209 1338 5264 καὶ
1395 5209 1948 5282 ἀντιστρατευόμενον

281 5305 458 5381 λέγει,
490 5304 585 5360 καὶ
617 5303 671 5358 ἐν
705 5307 822 5362 τοῖς
873 5298 1092 5374 μέλεσιν
1149 5291 1296 5374 ἔχειν
1351 5298 1452 5364 τὴν
1486 5296 1644 5371 ἰσχὺν
1675 5301 1771 5351 τοῦ
1799 5298 1947 5352 ἀντι-

283 5397 692 5475 στρατεύεσθαι.
759 5391 947 5464 Νόμον
1009 5388 1067 5445 δὲ
1120 5393 1334 5456 τοῦτον,
1395 5387 1470 5450 ὡς
1525 5387 1802 5462 ἰσχύοντα,
1858 5388 1948 5443 καὶ

285 5483 490 5563 ἔχοντα
542 5486 677 5545 τοὺς
730 5477 1087 5552 πειθομένους
1138 5476 1284 5549 αὐτῷ
1341 5497 1526 5553 φησιν.
1563 5475 1696 5533 Εἶτα
1729 5477 1886 5539 οὗτος
1919 5478 1946 5532 ὁ

283 5563 703 5657 νόμος,φησῖν,
767 5572 795 5625 6
858 5569 960 5624 ἀπὸ
1016 5575 1114 5636 τῆς
1175 5565 1444 5640 ἁμαρτίας
1493 5563 1691 5628 ἐντοῖς
1728 5564 1942 5627 μέλεσιν

281 5651 440 5746 ἡμῶν
484 5651 856 5726 ἐπεισελθὼν,
914 5661 940 5712 6
1000 5651 1562 5731 ἀντιστρατευόμενος,
1593 5653 1942 5730 αἰχμαλωτί-

2055 4693 2170 4748 quo
2204 4675 2440 4730 habitus
2462 4675 2535 4729 ad
2572 4681 2872 4745 peccatum
2891 4690 2982 4727 me
3013 4672 3439 4727 contaminavit
3459 4678 3514 4726 et
3539 4673 3705 4744 inus-

2058 4751 2152 4820 Sit.
2187 4794 2254 4805 -ο
2283 4765 2410 4821 Alio
2441 4780 2654 4834 quoque
2684 4763 2863 4817 modo.
2892 4763 3032 4816 Tres
3065 4767 3201 4816 sunt
3242 4761 3400 4833 leges
3435 4779 3447 4817 :
3483 4763 3705 4834 scripta

2059 4869 2235 4927 quam
2268 4851 2370 4908 Dei
2403 4852 2591 4925 legem
2633 4850 2779 4906 dicit
2803 4867 2816 4916 ;
2838 4851 3102 4906 secunda
3124 4850 3508 4922 insita,quam
3540 4859 3708 4908 vocat

2059 4945 2250 5016 legem
2283 4943 2501 4999 mentis
2535 4959 2548 5008 ;
2584 4940 2758 4996 tertia
2789 4957 2920 5011 qum
2950 4958 3056 5012 per
3085 4946 3396 5013 peccatum
3457 4943 3610 4998 vires
3639 4943 3702 4999 in

2059 5033 2346 5091 membris
2377 5031 2596 5087 nostris
2628 5030 3060 5102 accepit,quam
3086 5030 3705 5102 dicitrepugnantem,

2061 5129 2120 5180 et
2149 5141 2209 5178 ιη
2239 5121 2527 5178 membris
2565 5121 2788 5176 nostris
2835 5120 2953 5175 vim
3010 5119 3230 5177 habere
3285 5120 3649 5192 repugnandi
3689 5138 3701 5174 :

2058 5213 2214 5268 hanc
2244 5219 2443 5266 autem
2479 5209 2622 5264 dicit
2651 5209 2842 5281 legem
2873 5225 2942 5264 eo
2975 5209 3133 5280 quod
3181 5210 3350 5264 fortis
3394 5209 3471 5262 sit
3500 5214 3558 5262 et
3592 5209 3704 5262 ha-

2057 5303 2196 5358 beat
2228 5301 2326 5372 qui
2363 5300 2471 5354 sibi
2500 5306 2763 5371 pareant.
2802 5300 3067 5369 Denique
3098 5299 3244 5362 haec,
3298 5297 3514 5366 inquit,
3549 5297 3640 5351 lex
3672 5314 3705 5352 a

2057 5396 2299 5462 peccato
2331 5389 2390 5443 in
2422 5388 2686 5443 membra
2725 5395 2928 5442 nostra
2975 5389 3260 5458 ingressa,
3316 5385 3703 5457 repugnando

2057 5479 2221 5535 ducit
2252 5495 2343 5534 me
2375 5480 2688 5549 captivum.
2726 5477 2835 5532 Sed
2862 5475 3204 5547 quomodo?
3236 5475 3537 5546 Siquidem
3563 5476 3704 5547 quia

2055 5567 2507 5641 repugnantiam
2536 5567 2702 5630 dixit,
2727 5583 2803 5620 ne
2829 5565 3132 5620 existimes
3163 5565 3496 5635 quodjuste
3520 5565 3702 5636 captio

2053 5674 2190 5714 vum
2218 5657 2381 5715 ducit
2408 5663 2466 5713 et
2494 5656 2620 5731 lege
2649 5655 2815 5724 belli,
2847 5653 3152 5728 subjungit
3198 5662 3258 5710 et
3311 5653 3393 5710 ait
3421 5671 3436 5710 :
3471 5675 3500 5705 ‹‹
3551 5655 3700 5727 Lege
