4126 6256
425 371 543 433 46³1

1548 358 1931 425 cucumam
1962 336 2283 424 ratem
2327 361 2701 427 EPISOOPI.

3720 358 3850 430 488

430 503 658 582 peccati
693 519 708 570 ;
742 495 1305 570 vnonjuste,inquit
1334 511 1349 564 ;
1383 493 1896 563 absitlouomodo
1915 493 2074 551 enim

2211 497 2269 563 ζει
2303 514 2390 566 με.
2440 493 2622 555 Ἀλλὰ
2675 501 2835 567 πῶςς
2898 493 3119 567 Ἐπειδῆ
3177 496 3280 573 γὰρ
3331 498 3745 575 ἆντιστρατείαν
3774 499 3859 555 εἴ·

434 601 658 673 justum
687 596 847 649 esset
865 591 1130 647 alienum
1151 605 1383 645 servum
1410 596 1469 644 et
1488 596 1818 644 creaturam
1843 588 1903 643 in
1925 603 2093 642 suam

430 683 918 760 jurisdictionem
972 679 1191 735 ducere
1222 678 1250 733 ‘2
1297 680 1419 744 Quo
1474 694 1611 750 ergo
1662 684 1834 750 pacto
1864 677 1893 733 ‘I
1949 678 2094 750 Lege

445 771 697 847 peccati,
729 770 790 824 id
843 773 953 835 est,
1008 766 1333 822 secundum
1393 765 1620 838 peccati
1675 765 2099 838 proprietatem

442 865 738 937 captivum
761 877 856 918 me
873 860 1213 931 ducitjuxta
1226 858 1524 930 propriam
1549 859 1710 915 illius
1722 857 2099 914 consuetudi-

441 971 604 1019 nem,
639 968 708 1007 ex
742 948 1132 1022 impudentia.
1164 964 1231 1002 ex
1256 947 1445 1003 multa
1465 947 1909 1014 crudelitate,ex
1934 945 2094 1012 dolo,

450 1060 521 1100 ex
554 1039 793 1096 insidiis
827 1056 839 1094 :
876 1054 997 1094 non
1020 1044 1225 1109 aperto
1243 1041 1452 1101 marte,
1478 1036 1582 1091 sed
1606 1036 1867 1092 fallendo
1889 1052 1955 1090 ac
1978 1050 2101 1089 cor-

447 1129 742 1204 ripiendo.
777 1126 1000 1183 Deinde
1031 1143 1107 1182 ne
1130 1126 1263 1198 quis
1294 1125 1451 1181 dicat
1485 1142 1498 1179 :
1531 1125 1876 1182 Universum
1896 1125 2096 1195 itaque

453 1220 756 1293 negotium
791 1217 956 1273 illius
987 1221 1076 1272 est
1106 1215 1264 1288 quod
1291 1215 1553 1287 captivus
1585 1216 1830 1271 eﬂ‘eclus
1859 1214 1994 1280 sim,
2047 1212 2096 1269 si

450 1317 511 1369 et
540 1325 635 1365 me
667 1308 962 1379 captivum
991 1305 1171 1368 ducit.
1226 1311 1284 1360 et
1311 1320 1416 1360 suo
1460 1320 1625 1360 more
1676 1304 1970 1377 captivum
2001 1318 2097 1358 me

445 1405 614 1456 tenet
634 1396 873 1453 insidiis
901 1400 1189 1468 appetens
1221 1399 1279 1450 et
1308 1394 1463 1449 clam
1490 1392 2003 1451 invadens.addit:
2033 1392 2095 1447 lu

451 1485 741 1545 membris
763 1484 933 1542 meis.
969 1505 997 1533 ››
1032 1489 1105 1539 Ac
1138 1483 1185 1539 si
1217 1482 1444 1539 diceret
1476 1500 1488 1536 :
1524 1483 1671 1547 Quia
1719 1482 1780 1536 in
1828 1481 1922 1537 his
1968 1495 2099 1536 eam

449 1576 773 1634 collocasse
803 1590 1005 1630 meum
1028 1578 1137 1637 est,
1166 1571 1226 1627 id
1258 1588 1494 1643 quoque
1528 1571 1671 1627 mihi
1707 1570 2098 1642 imputabitur

453 1665 611 1739 quod
643 1681 714 1720 ex
744 1680 813 1719 eo
844 1661 1252 1732 consequitur.
1278 1660 1366 1715 Ita
1388 1659 1556 1715 divus
1581 1658 1911 1715 Methodius
1937 1658 1999 1714 in
2020 1658 2096 1713 li-

452 1753 611 1811 bello
644 1754 716 1808 De
742 1751 1159 1807 resurrectione.
1195 1748 1426 1804 Etenim
1473 1748 1571 1803 lex
1601 1747 1704 1803 Dei
1758 1748 2097 1820 evangelica

452 1847 650 1900 movet
679 1845 738 1895 et
762 1839 979 1895 excitat
1006 1853 1076 1893 ea
1105 1853 1237 1908 quea
1268 1854 1302 1893 a
1330 1838 1602 1892 Creatore
1631 1836 1696 1891 in
1747 1835 1920 1892 nobis
1958 1842 2098 1891 sunt

454 1931 639 1988 insita
669 1946 735 1985 ac
767 1926 1240 1983 disseminataad
1262 1925 1400 1980 boni
1418 1926 1824 1996 operationem
1848 1924 2097 1980 semina.

455 2021 600 2079 Nam
634 2033 885 2091 quaeque
915 2032 1119 2072 earum
1149 2014 1344 2088 legum
1364 2031 1496 2086 qum
1518 2020 1757 2070 externe
1789 2014 2098 2088 subingre-

456 2109 722 2171 diuntur,
757 2104 954 2178 quoad
985 2121 1159 2161 suum
1190 2110 1280 2159 est
1309 2121 1376 2160 ac
1408 2105 1711 2160 conforme
1749 2105 1843 2160 his
1873 2121 2004 2177 quas
2036 2105 2099 2160 in

452 2197 628 2255 nobis
660 2201 800 2255 sunt
832 2194 1058 2267 legibus
1082 2192 1367 2248 movendo
1397 2210 1464 2249 ac
1496 2194 1851 2250 excitando:
1882 2200 1986 2250 aut
2020 2192 2097 2249 ad

451 2286 549 2360 pie
583 2283 881 2359 agendum
909 2290 1010 2338 aut
1038 2281 1240 2354 impie,
1275 2298 1383 2336 nos
1416 2282 1782 2340 adhortatur.
1818 2305 1847 2334 ‹‹
1880 2282 2101 2338 Secun-

453 2375 596 2433 dum
651 2375 952 2429 internum
1006 2371 1333 2427 hominem.
1384 2394 1404 2419 ι
1442 2376 1749 2428 lnternum
1794 2372 2101 2427 hominem

450 2471 620 2521 vocat
664 2468 928 2518 mentem
979 2461 1103 2516 sive
1150 2462 1433 2517 animam.
1485 2463 1582 2517 Ait
1612 2478 1748 2535 ergo
1783 2464 1949 2518 :Non
1979 2462 2103 2517 vult

457 2570 628 2613 mens
650 2552 883 2626 operari
900 2567 1030 2624 quae
1056 2550 1148 2606 lex
1176 2550 1280 2606 illa
1296 2551 1476 2617 dicit,
1501 2551 1629 2624 ipso
1654 2557 1853 2607 tamen
1876 2550 2101 2622 peccati

460 2649 728 2716 tempore
761 2658 867 2715 per
911 2644 1218 2714 peccatum
1268 2640 1579 2712 corripior.
1628 2641 1772 2695 Nam
1821 2641 1931 2696 hoc
1961 2640 2105 2696 dicit

459 2733 638 2790 aliam
670 2732 884 2804 legem,
918 2728 1079 2801 quod
1109 2728 1416 2801 proprium
1448 2728 1730 2800 quiddam
1779 2733 1836 2784 et
1890 2735 2105 2800 praeter

463 2823 652 2895 legem
677 2819 910 2891 jubeat.

540 2908 693 2966 299
724 2909 856 2964 Hmc
895 2908 1096 2976 itaque
1144 2905 1238 2960 lex
1265 2905 1385 2960 sive
1419 2910 1727 2978 peccatum
1761 2905 1982 2977 decipit
2012 2921 2108 2962 me

474 3014 582 3073 per
611 3014 740 3054 eam
773 3012 904 3068 quas
936 2995 996 3050 in
1017 2994 1300 3051 membris
1331 2993 1552 3050 nostris
1583 3001 1641 3049 et
1670 2996 1729 3051 in
1760 2995 1931 3051 nobis
1965 2995 2109 3068 ipsis

478 3088 739 3161 reposita
768 3092 858 3142 est
874 3084 1441 3155 concupiscentiam,
1462 3090 1522 3139 et
1548 3100 1643 3141 me
1671 3093 1903 3157 captum
1924 3086 2107 3142 ducit.

471 3176 774 3248 Siquidem
808 3180 1114 3246 peccatum
1146 3173 1433 3228 convertit
1459 3172 1534 3228 ad
1566 3189 1635 3229 ea
1664 3190 1794 3245 quae
1818 3190 1938 3230 non
1969 3190 2107 3231 con-

466 3267 712 3320 veniunt
745 3264 1103 3318 inexsistens
1136 3263 1197 3317 in
1227 3262 1400 3318 nobis
1433 3262 1577 3318 utile
1626 3263 2010 3329 desiderium,
2053 3271 2113 3320 et

468 3355 641 3411 nobis
674 3356 820 3426 ipsis
853 3360 1132 3424 tanquam
1160 3353 1590 3409 munitionibus
1618 3356 1808 3410 utitur
1830 3355 2110 3410 adversus

463 3454 862 3517 nosmetipsos
897 3470 914 3492 ιι
945 3447 1013 3499 EI.
1036 3445 1325 3517 captivum
1354 3445 1834 3502 meducentem.»
1859 3446 2110 3502 Pulchre

463 3537 607 3592 dicit
628 3563 651 3581 «ι
682 3535 973 3605 caplivum
1001 3551 1095 3589 me
1118 3534 1434 3589 ducentem
1471 3551 1529 3587 :-
1567 3549 1702 3590 nam
1728 3552 1925 3606 pugna
1951 3542 2112 3591 mota

466 3626 626 3682 inler
657 3632 960 3697 peccatum
998 3623 1257 3693 legisque
1291 3630 1604 3695 praecepta.
1638 3623 1910 3679 videlicet
1953 3625 2110 3692 cogi-

463 3716 688 3771 ιίιὶὶιηιιι
724 3722 964 3784 peccato
999 3711 1464 3775 contradicente,
1498 3713 1899 3768 disceditcum
1930 3714 2112 3769 victo-

467 3804 552 3858 ria
588 3810 911 3875 pecralum.
945 3803 1161 3857 misero
1190 3803 1428 3856 homine
1453 3803 1508 3856 in
1543 3803 1839 3873 captivum
1877 3820 2109 3860 assum-

463 3903 583 3967 pto.
623 3918 645 3939 ιι
687 3893 831 3955 Lege
867 3891 1108 3962 peccati.
1145 3912 1172 3940 n
1209 3892 1413 3963 Legem
1434 3892 1655 3962 peccati
1680 3893 2108 3964 periphrastice

464 3988 632 4037 vorat
663 3988 990 4052 peccatum.
1044 4003 1070 4028 ‹‹
1104 3981 1241 4045 Qua:
1276 3987 1365 4034 cst
1421 3980 1480 4034 in
1534 3982 1817 4037 membris
1877 3983 2042 4037 meis.
2079 4003 2107 4032 »ι

465 4074 603 4138 Quae
633 4089 737 4142 per
769 4086 901 4125 mea
931 4069 1198 4125 membra
1247 4076 1467 4140 pugnat
1511 4071 1820 4126 adversum
1878 4088 1992 4126 me.
2043 4070 2109 4126 ld

461 4170 659 4218 autem
696 4178 813 4216 non
851 4167 940 4215 est
970 4160 1235 4231 corpclis
1268 4159 1837 4218 condemnatio.Non
1871 4161 2029 4216 enim
2056 4161 2105 4217 si

457 4252 614 4325 regis
636 4250 881 4306 domum
906 4255 1158 4321 occupet
1178 4256 1485 4320 tyrannus,
1505 4252 1787 4305 continuo
1807 4250 2018 4306 domus
2040 4250 2103 4306 in

455 4358 634 4397 causa
665 4346 773 4396 est.

531 4431 646 4494 Vll,
666 4430 757 4492 2i,
777 4431 867 4484 25.
898 4428 1123 4482 «Miser
1144 4443 1249 4499 ego
1275 4428 1453 4483 homo
1481 4443 1493 4481 :
1516 4428 1650 4499 quis
1676 4443 1772 4484 me
1795 4428 2007 4500 eripiet
2036 4446 2106 4486 ex

457 4543 485 4569 ‹‹
520 4535 767 4590 corpore
798 4517 1005 4572 mortis
1033 4517 1212 4587 hujus
1243 4516 1269 4570 ‘I
1298 4517 1524 4572 Gratias
1551 4533 1656 4589 ago
1689 4517 1805 4571 Deo
1837 4534 2104 4589 meo,per

2202 603 2318 647 πεν,
2365 584 2459 640 ’ἱνα
2503 587 2580 658 μή
2633 587 2867 663 νομίσῃς
2914 589 2996 643 ὅτι
3045 584 3273 652 δικαίως
3320 587 3730 669 αἰχμαλωτίζξι
3759 588 3858 645 καί

2200 672 2360 746 νόμῳ
2389 672 2663 748 πολέμου,
2696 675 2884 755 ἐπάγει
2913 679 3003 733 καὶ
3035 696 3187 755 canor
3221 699 3252 733 α
3284 679 3458 753 Νόμῳ
3488 679 3784 755 ἁμαρτίας,
3822 704 3852 732 ι)

2202 763 2264 818 οὐ
2297 762 2540 831 δικαίως,
2572 766 2726 846 φησί.
2775 769 2863 837 Μὴ
2912 770 3117 843 γένοιτο
3161 774 3323 824 ΙΙοῖον
3354 771 3457 846 γὶρ
3489 767 3719 838 δίκαιον,
3752 771 3849 825 τὸν

2200 852 2498 928 ἀλλότριον
2532 853 2730 911 δοῦλον
2758 855 2849 911 καὶ
2896 857 3113 930 ποίημα
3143 858 3229 935 ὑφ’
3260 857 3422 932 ἑαυτῇ
3455 865 3628 914 ποιεῖν
3671 857 3858 916 Ἀλλὰ

2201 946 2358 1012 πῶς;
2424 942 2595 1015 Νόμῳ
2650 946 2936 1020 ἁμαρτίας.
2989 945 3265 1015 Τουτέστι,
3327 948 3472 1003 Κατὰ
3519 947 3583 1002 τὸ
3643 945 3859 1019 ἰδίωμα

2200 1037 2299 1101 τῆς
2332 1032 2598 1105 ἁμαρτίας
2652 1054 2720 1108 με
2767 1031 3194 1108 αἰχμαλωτίζει,
3243 1035 3378 1091 κατὰ
3407 1035 3470 1092 τὸ
3500 1034 3703 1092 οῒκεῖον
3730 1034 3866 1101 ἓθος

2202 1120 2394 1187 αὐτῆς,
2455 1120 2507 1192 ἐξ
2565 1121 2970 1197 ἀναισχυντίας,
3027 1122 3087 1177 ἐκ
3139 1122 3359 1192 πολλῆς
3416 1123 3738 1197 ίαμότητος,
3803 1126 3860 1198 ἐξ

2201 1205 2525 1279 ἐπιϐουλῆς,
2559 1208 2608 1280 ἐξ
2643 1207 2874 1285 ἐνέδρας,
2908 1212 3011 1267 οὐκ
3057 1210 3116 1267 ἐκ
3143 1216 3240 1268 τοῦ
3272 1213 3522 1291 φανεροῦ,
3555 1213 3684 1270 ἀλλ’
3713 1216 3864 1270 ἀπα-

2199 1302 2349 1354 τῶσα
2396 1299 2488 1353 καὶ
2537 1302 2970 1371 συναρπάζουσα.
3018 1301 3147 1356 Εἶτα
3191 1298 3289 1357 ’ἱνα
3340 1305 3413 1375 μή
3454 1324 3537 1366 τις
3566 1302 3717 1378 ε’ῗπῃ·
3753 1305 3871 1363 Οὖ-

2201 1392 2331 1443 κοῦν
2371 1386 2433 1443 τὰ
2483 1386 2614 1444 ὅλον
2671 1389 2879 1461 ἐκείνης
2936 1389 3047 1445 ἐστὶ
3096 1390 3160 1445 τὸ
3209 1391 3731 1466 αἰχμαλωτισθῆναί
3769 1415 3863 1460 με,

2204 1474 2359 1551 εἴπερ
2387 1479 2475 1533 καὶ
2537 1477 2950 1554 αἰχμαλωτίζει
3009 1500 3097 1554 με,
3156 1480 3249 1535 καὶ
3301 1484 3382 1554 τῷ
3424 1481 3613 1553 οἶκείῳ
3642 1481 3753 1539 ἔθει
3787 1504 3866 1556 με

2204 1567 2636 1647 αἰχμαλωτίζει,
2686 1565 3034 1645 ἐνεδρεύουσα
3089 1570 3181 1624 καὶ
3237 1570 3481 1650 κρυφίως
3538 1570 3862 1647 ἐπιτιθεμέο

2199 1678 2287 1727 νη,
2319 1657 2695 1732 προστίθησιν,
2738 1682 2767 1710 ιι
2803 1660 2895 1716 Ἐν
2945 1663 3061 1719 τοῖς
3118 1658 3309 1731 μέλεσί
3364 1680 3489 1734 μου.
3523 1684 3550 1713 ››
3578 1663 3737 1732 Οἴον,
3771 1662 3865 1718 ’ότι

2203 1746 2302 1815 Τὸ,
2363 1743 2747 1822 ἐγκαθιδρῦσαι
2805 1747 2978 1817 αὐτὴν
3036 1746 3089 1802 ἐν
3143 1749 3384 1819 τούτοις,
3427 1747 3559 1823 ἔμόν
3590 1748 3721 1820 ἐστι,
3764 1751 3870 1806 καὶ

2129 1861 2174 1923 Β
2204 1837 2348 1907 ἑξῆς.
2384 1836 2576 1923 Οὕτως
2610 1837 2639 1892 6
2690 1837 2743 1891 ἐν
2802 1838 2981 1912 ἁγίοις
3040 1836 3308 1903 MEO/reita:
3357 1838 3409 1894 ἐν
3463 1838 3543 1913 τῷ
3574 1840 3705 1915 Περὶ
3730 1840 3870 1896 ἄνα-

2210 1926 2447 1989 στάσεως
2496 1922 2672 2001 λόγῳ.
2725 1927 2828 1985 Καὶ
2875 1927 2977 2003 γὰρ
3026 1927 3054 1982 ὀ
3106 1928 3275 2000 νόμος
3321 1925 3423 1983 τοῦ
3470 1933 3605 1984 Θεοῦ
3634 1931 3663 1986 6
3695 1930 3871 2006 εὐαγο

2208 2012 2449 2090 γελικὸς,
2482 2020 2619 2069 κινεῖ
2668 2015 2758 2070 καὶ
2808 2013 3031 2090 ἐρεθίζει
3063 2017 3130 2073 τὰ
3159 2015 3211 2071 ἐν
3240 2018 3376 2091 ἡμῖν
3409 2010 3624 2097 ἔμφυτα
3650 2020 3738 2074 καὶ
3775 2018 3874 2094 ἐγ-

2209 2103 2625 2181 κατεσπαρμένα
2681 2106 2827 2179 παρὰ
2882 2109 2980 2160 τοῦ
3037 2110 3393 2183 Δημιουργοῦ
3434 2108 3571 2178 πρὸς
3601 2107 3875 2183 ἀγαθοερ-

2208 2192 2328 2267 γίαν
2359 2190 2667 2267 σπερματα.
2727 2195 2999 2257 Ἕκαστος
3050 2194 3152 2269 γὰρ
3208 2199 3318 2250 τῶν
3371 2192 3557 2266 ἔξωθεν
3599 2195 3874 2253 ἐπεισιόν-

2209 2285 2339 2350 τῶν,
2359 2282 2451 2336 τὸν
2484 2281 2684 2337 οἰκεῖον
2712 2281 2800 2336 καί
2830 2280 3185 2353 κατάλληλον
3207 2287 3318 2338 τῶν
3348 2281 3493 2340 ἔνδον
3519 2285 3606 2340 καὶ
3642 2284 3695 2341 ἐν
3727 2288 3872 2359 ἡμῖν

2212 2366 2379 2426 ὅντων
2407 2372 2617 2445 νόμων,
2658 2375 2820 2425 κινῶν
2852 2371 2943 2426 καὶ
2973 2368 3309 2447 διερεθίζων,
3340 2372 3375 2442 ἢ
3408 2368 3644 2430 εὐσεϐεῖν
3674 2377 3710 2446 ἢ
3742 2375 3874 2432 ἀσε-

2212 2455 2325 2516 ϐεῖν
2350 2462 2498 2533 ἡμᾶς
2525 2462 2904 2536 προτρέπεται.
2941 2484 2970 2514 ιι
3005 2463 3144 2518 Κατᾶ
3197 2463 3292 2517 τὸν
3348 2457 3456 2519 ἔσω
3486 2464 3800 2537 ἁνθρωπον,
3835 2489 3869 2516 ιο

2211 2551 2304 2606 τὸν
2335 2554 2460 2605 νοῦν
2492 2547 2616 2620 ἤτοι
2648 2551 2748 2621 τὴν
2775 2551 2961 2629 ψυχὴν
2991 2549 3171 2608 καλεῖ.
3198 2550 3373 2621 Φησὶν
3405 2552 3518 2619 οῦν,
3544 2550 3625 2608 ὅτι
3655 2552 3733 2609 0-3
3764 2551 3868 2610 θέ-

2216 2638 2302 2695 λει
2333 2640 2362 2695 6
2391 2643 2514 2701 νοῦς
2544 2641 2797 2715 πράττειν
2831 2639 2967 2714 ἃπερ
2993 2640 3214 2713 ὁνὸμος
3247 2641 3417 2716 λέγει,
3450 2639 3574 2697 ἀλλ’
3602 2639 3653 2696 ἐν
3687 2640 3876 2717 αὐτῷ,

2218 2728 2374 2803 φησὶ,
2404 2732 2481 2799 τῷ
2510 2732 2687 2802 καιρῷ
2717 2735 2817 2798 τῆς
2848 2727 3140 2805 ἁμαρτίας,
3173 2727 3262 2784 διὰ
3311 2737 3414 2800 τῆς
3444 2730 3709 2806 αμαρτίας
3741 2751 3885 2787 συν-

2218 2817 2557 2891 αρπάζομαι.
2594 2817 2812 2888 Ταύτην
2844 2818 2948 2893 γὰρ
3006 2839 3168 2895 φησιν
3222 2815 3406 2893 ἕτερον
3461 2819 3653 2894 νόμον,
3688 2816 3780 2875 διὰ
3816 2822 3884 2879 τὸ

2219 2902 2360 2960 ἴδιόν
2387 2925 2507 2961 τινα
2535 2904 2625 2961 καὶ
2655 2901 2756 2980 ἔξω
2785 2910 2883 2963 τοῦ
2907 2908 3085 2980 νόμου
3116 2906 3439 2965 ἐπιτάσσειν.
3765 2908 3779 2927 ’

2297 2994 2472 3057 Οὗτος
2507 2999 2793 3071 τοιγαροῦν
2840 2996 2870 3051 6
2919 2996 3108 3070 νόμος,
3137 2995 3269 3066 ἢτοι
3318 2997 3353 3067 ἠ
3404 2997 3659 3072 ἁμαρτία,
3687 2996 3869 3068 ἀπατᾷ

2224 3105 2291 3157 με
2322 3080 2412 3139 διὰ
2441 3090 2540 3154 τῆς
2571 3085 2624 3140 ἐν
2670 3090 2788 3147 τοῖς
2821 3084 3039 3160 μέλεσιν
3095 3086 3255 3159 ἡμῶν
3311 3087 3399 3140 καὶ
3435 3085 3487 3141 ὲν
3516 3087 3656 3159 ἡμῖν
3684 3087 3877 3149 αὐτοῖς

2221 3171 2540 3248 ἐγκειμένης
2568 3171 2879 3246 ἐπιθυμίας,
2912 3174 2999 3228 καὶ
3053 3173 3458 3249 αἱχμαλωτίζει
3491 3195 3578 3248 με.
3615 3176 3731 3243 Τὴν
3764 3177 3880 3252 γὰρ

2221 3262 2272 3318 ἐν
2322 3265 2458 3334 ἡμῖν
2509 3262 2646 3337 πρὸς
2693 3264 2755 3318 τὸ
2804 3262 3080 3340 συμφέρον
3114 3263 3330 3318 ἐνοῦσαν
3365 3262 3680 3336 ἐπιθυμίαν,
3708 3264 3786 3327 εἰς
3815 3267 3889 3322 τὰ

2214 3352 2504 3428 ἀσύμφορα
2530 3348 2768 3429 τρέψασα
2792 3353 2828 3423 ἡ
2859 3353 3119 3425 ἁμαρτία,
3151 3353 3287 3423 ἡμῖν
3310 3352 3495 3417 αὐτοῖς
3514 3360 3722 3429 χρῆται
3753 3354 3892 3421 καθ’

2213 3442 2375 3518 ἡμῶν
2401 3442 2827 3518 ἐπιτειχίσμασι.
2861 3476 2909 3487 -
2938 3445 3492 3518 [ΟΙΚΟΥΜΕΝΙΟΥ.]
3524 3468 3543 3494 ι
3572 3447 3674 3502 Καὶ
3706 3446 3889 3528 αἰχμς

2214 3530 2550 3602 αλωτίζοντά
2582 3552 2700 3606 με’·
2739 3533 2931 3595 Καλῶς
2963 3531 3171 3595 simium
3202 3533 3707 3610 Α”χμαλωτίζοντᾶ
3744 3558 3878 3611 με.»

2213 3622 2415 3698 Μᾶχης
2449 3623 2550 3699 γὰρ
2581 3620 2904 3694 κινουμένης
2966 3622 3161 3696 μεταξὺ
3193 3631 3293 3693 τῆς
3334 3625 3604 3699 ἁμαρτίας
3637 3626 3728 3680 καὶ
3762 3631 3879 3682 τῶν

2213 3716 2310 3768 τοῦ
2341 3711 2513 3786 νόμου
2544 3710 2951 3789 ὲπιταγμξτων,
2981 3711 3152 3786 ἤγουν
3198 3717 3295 3769 τοῦ
3340 3712 3733 3788 ἀντιλέγοντος
3766 3713 3871 3771 λο-

2212 3804 2417 3877 γισμοῦ
2446 3802 2515 3870 τῇ
2547 3801 2802 3876 ἁμαρτίᾳ,
2831 3798 3008 3856 ἄπεισι
3041 3803 3303 3871 νικήσασα
3331 3802 3366 3871 ἡ
3402 3802 3661 3877 ἁμαρτία,
3688 3803 3867 3878 αἰχμ-

2211 3887 2423 3944 άλωτον
2479 3883 2723 3945 λαϐοῦσα
2774 3891 2867 3944 τὸν
2923 3887 3274 3965 ταλαίπωρον
3330 3889 3624 3967 ἄνθρωπον.
3674 3914 3702 3939 »
3763 3894 3857 3961 Τῷ

2210 3979 2366 4052 νόμῳ
2396 3982 2496 4043 τῆς
2530 3977 2813 4052 ἁμαρτίας.
2853 4002 2880 4029 ››
2935 3979 3122 4053 Νόμων
3171 3980 3459 4053 ἁμαρτίας,
3498 3996 3848 4057 139299261:-

2207 4071 2317 4128 κῶς
2339 4068 2437 4135 τήν
2462 4068 2728 4142 ἁμαρτίαν
2749 4065 2928 4125 καλεῖ.
2962 4088 2984 4115 α
3007 4071 3092 4139 Τῷ
3123 4064 3232 4122 ὄντι
3259 4066 3308 4122 ἐν
3335 4074 3452 4129 τοῖς
3484 4066 3659 4142 μὲλεσί
3682 4086 3845 4138 μου.»

2210 4160 2305 4230 Τῷ
2334 4153 2424 4212 διὰ
2448 4160 2556 4212 τῶν
2593 4156 2776 4231 μελῶν
2813 4177 2940 4229 μου,
2980 4157 3134 4235 φησὶ,
3165 4156 3501 4231 πολεμοῦντί
3533 4179 3646 4231 μοι.
3675 4159 3859 4214 Τοῦτο

2208 4244 2266 4302 δὲ
2315 4246 2377 4302 οὗ
2421 4245 2764 4321 κατάγνωσις
2808 4250 2905 4301 τοῦ
2956 4250 3230 4319 σώματος.
3267 4248 3342 4303 Οὐ
3373 4248 3478 4326 γὰο
3506 4247 3551 4303 εί
3585 4246 3861 4323 βασιλέως

2207 4334 2381 4390 οὶκίαν
2409 4334 2671 4409 τύραννος
2720 4330 3049 4405 καταλάϐοι,
3104 4333 3215 4408 ἤδη
3266 4344 3368 4407 τῆς
3414 4336 3656 4408 οίγίαςή
3691 4336 3862 4394 αἰτία.

2276 4422 2638 4497 Ταλαίπωρος
2692 4422 2807 4497 ἐγὼ
2866 4423 3168 4494 ἄνθρωπος·
3227 4423 3311 4488 τίς
3385 4446 3454 4502 με
3530 4424 3754 4502 ῥύσεται
3806 4424 3873 4482 ἐκ

2202 4515 2299 4566 τοῦ
2357 4511 2611 4583 σώματος
2663 4516 2761 4567 τοῦ
2818 4512 3046 4575 θανάτου
3102 4513 3343 4584 τούτου;
3407 4515 3744 4590 Εὗχαριστῷ
3780 4520 3867 4589 τῷ

460 4630 484 4660 οι
510 4609 712 4663 lesum
744 4607 1041 4661 Christum
1066 4605 1383 4660 Dominum
1415 4607 1916 4677 nostrum.ltaque
1938 4606 2095 4661 idem

2211 4605 2320 4673 Θεῷ
2382 4620 2487 4674 μου
2547 4597 2636 4655 διὰ
2693 4602 2873 4671 Ἰησοῦ
2950 4603 3188 4672 Χριστοῦ
3254 4606 3350 4657 τοῦ
3407 4602 3617 4678 Κυρίου
3669 4605 3865 4677 ἡμῶν.

458 4719 486 4746 α
521 4712 627 4768 ego
643 4702 837 4750 mente
853 4694 1093 4767 quidem
1108 4693 1298 4750 servio
1314 4694 1425 4765 legi
1453 4694 1756 4758 Dei,carne
1771 4701 1969 4751 autem
1985 4694 2097 4769 legi

461 4806 484 4833 ι
521 4783 767 4854 peccati.
805 4806 831 4830 ι)

529 4872 671 4936 Quis
700 4888 791 4925 me
824 4871 1034 4941 eripiet
1064 4888 1133 4926 ex
1160 4872 1567 4944 corporalibus
1600 4873 1746 4927 meis
1765 4873 2097 4928 actionibus

456 4960 825 5034 spiritualvm
864 4969 1110 5014 mortem
1145 4960 1617 5017 inducentibus?
1648 4961 1749 5014 Vel
1783 4978 1796 5015 :
1832 4961 1969 5026 Quis
2000 4977 2094 5017 me

455 5053 671 5123 eripiet
701 5066 775 5105 ne
807 5050 1096 5121 corripiar
1127 5069 1158 5105 a
1182 5052 1681 5123 concupiscentiis
1712 5068 1842 5123 qum
1874 5052 1934 5106 in
1966 5069 2094 5108 cor-

458 5158 597 5215 pore
631 5146 788 5203 sunt,
823 5156 1075 5211 qumque
1106 5155 1267 5195 mors
1298 5140 1469 5196 nobis
1492 5146 1633 5196 sunt
1660 5139 1687 5196 ?
1712 5140 1851 5207 Quis
1882 5157 2096 5211 nempe

446 5230 601 5286 alius
628 5234 845 5301 praeter
873 5226 1170 5282 Christum
1196 5226 1223 5281 *ἲ
1251 5229 1395 5283 Nam
1447 5227 1507 5282 id
1556 5229 1731 5284 tacite
1778 5229 2090 5302 significat.

448 5342 475 5368 ‹‹
512 5318 740 5373 Gratias
770 5333 877 5391 ago
905 5317 1040 5378 Deo,
1067 5315 1203 5386 quis
1240 5332 1337 5371 me
1368 5316 1588 5388 eripuit
1615 5332 1721 5388 per
1776 5317 2092 5372 Dominum

449 5414 717 5461 nostrum
748 5407 945 5462 Jesum
978 5405 1296 5462 Christum.
1331 5428 1359 5456 ››
1396 5408 1594 5476 Neque
1627 5406 1783 5461 enim
1822 5405 1915 5461 lex
1944 5405 2092 5460 libe-

449 5502 563 5559 rat,
598 5513 789 5566 neque
820 5514 949 5552 mea
980 5496 1250 5552 voluntas
1290 5495 1429 5551 licet
1496 5512 1728 5552 summe
1788 5495 2085 5551 laborans.

454 5602 482 5631 ‹‹
516 5583 741 5637 Gratias
771 5600 876 5652 ago
910 5586 1047 5640 Deo.
1084 5606 1107 5634 ι)
1134 5585 1280 5650 Quia
1304 5585 1453 5657 ipse,
1475 5585 1692 5656 inquit,
1748 5600 1842 5640 me
1873 5585 2094 5656 eripuit

453 5685 562 5741 per
592 5675 844 5725 mortem
876 5672 1007 5726 Filii
1036 5673 1150 5729 sui.
1183 5694 1213 5724 ‹‹
1244 5674 1437 5729 Mente
1468 5673 1709 5744 quidem
1753 5673 1946 5729 servio
1975 5672 2087 5745 legi

2204 4691 2343 4766 ’Ἄρα
2403 4688 2496 4745 οῦν
2562 4690 2724 4753 αὐτὸς
2790 4688 2896 4766 ἐγὼ
2960 4694 3038 4761 τῷ
3107 4692 3204 4763 μὲν
3265 4693 3351 4747 νο³ι
3411 4689 3659 4749 δουλεύω
3698 4696 3867 4768 νόμῳ

2205 4784 2363 4849 Θεοῦ,
2394 4781 2464 4850 τῇ
2494 4776 2553 4834 δὲ
2582 4779 2758 4848 σαρκί,
2790 4778 2947 4852 νόμῳ
2979 4780 3265 4854 ἁμαρτίας.

2274 4869 2371 4931 Τίς
2415 4890 2482 4942 με
2541 4867 2775 4943 ῥύσεται,
2836 4869 3019 4945 φησῖν,
3077 4867 3136 4923 ἐκ
3192 4875 3299 4924 τῶν
3357 4873 3685 4939 σωξιατίκῶν
3752 4894 3866 4944 μου

2203 4958 2608 5033 πραξειυν,τῶν
2666 4957 2755 5011 τὸν
2813 4956 3009 5026 νοητὸν
3069 4957 3385 5030 ἐπαγουσῶν
3444 4962 3712 5030 Hivztov;
3762 4963 3868 5032 Ἠ,

2204 5045 2317 5108 Τίς’
2349 5067 2416 5121 με
2464 5046 2678 5120 ῥύσεται
2731 5046 2835 5099 ἀπὸ
2876 5049 2973 5101 τοῦ
3034 5048 3110 5118 μή
3152 5052 3579 5123 συναρπάζεσθαι
3612 5052 3715 5107 ὑπὸ
3744 5056 3863 5107 τῶν

2203 5134 2254 5189 ἐν
2286 5141 2364 5207 τῷ
2394 5137 2606 5205 σώματι
2639 5136 2964 5205 ἐπιθυμιῶν,
3006 5132 3064 5189 αἳ
3116 5137 3346 5202 θείνατός
3377 5139 3507 5195 εἰσιν
3539 5140 3715 5215 ἠμῖνς
3751 5142 3860 5204 Τίς

2207 5224 2300 5288 μὲν
2333 5226 2423 5279 οὗν
2450 5222 2623 5284 ἄλλος
2679 5221 2717 5293 ἤ
2775 5225 2803 5278 ὁ
2860 5225 3093 5298 Χριστός
3122 5244 3137 5294 ;
3205 5228 3383 5284 Τοῦτο
3411 5230 3511 5303 γὰρ
3542 5232 3723 5306 ἠρέμα
3756 5231 3859 5306 ἐμ-

2201 5315 2396 5394 φαίνει.
2447 5342 2466 5365 σ
2506 5316 2829 5391 Εὐχαριστῶ
2878 5319 2955 5386 τῷ
2999 5321 3114 5387 Θεῷ
3161 5319 3311 5382 ὅστις
3358 5341 3426 5393 με
3469 5320 3730 5396 ἐρὁσατο
3762 5321 3859 5378 διὰ

2198 5409 2295 5460 τοῦ
2354 5404 2555 5474 Κυρίου
2609 5406 2773 5475 ἡμῶν
2834 5405 3019 5475 Ἰησοῦ
3079 5409 3339 5476 Χριστοῦ.
3391 5436 3418 5462 υ
3477 5407 3610 5467 Οῦτε
3663 5411 3766 5485 γὶρ
3826 5413 3857 5468 6

2196 5493 2369 5568 νόμος
2425 5492 2629 5568 ῥύεται,
2687 5490 2873 5564 οῦτεῆ
2910 5494 3013 5565 ipsi,
3073 5497 3388 5574 προαίρεσις
3447 5497 3848 5571 σπουδὶζουτα.

2199 5607 2228 5634 ‹‹
2262 5581 2583 5659 Εὗχαριστῶ
2634 5586 2770 5655 Θεῷ.
2806 5607 2834 5634 υ
2888 5584 3017 5639 ’Ὁτι
3072 5584 3233 5648 αὐτός
3292 5607 3379 5660 με,
3439 5589 3619 5667 φησὶν,
3677 5588 3841 5665 E553-

2199 5691 2329 5728 σατο
2362 5669 2452 5727 διὰ
2495 5676 2592 5728 τοῦ
2622 5673 2850 5730 θανάτου
2903 5675 3002 5729 τοῦ
3058 5674 3186 5731 Υἱοῦ
3240 5674 3425 5734 αὐτοῦ.
3456 5702 3487 5731 α
3516 5682 3606 5750 Τῷ
3637 5678 3731 5750 μὶν
3759 5675 3861 5737 νοῒ
