4126 6256
80 1719 118 2162 t

98 2237 124 2602 φ

290 394 409 460 469

1407 398 1803 460 COMMENT.
1848 396 1940 459 IN
1984 395 2230 460 EPIST.
2277 399 2383 460 AD
2427 401 2625 463 ROM.

3606 406 3723 466 470

280 527 531 586 δουλεῦω
557 530 721 602 viii-9
755 535 918 587 Θεοῦ.
995 555 1017 582 ι
1076 532 1258 594 Ὅσον,
1313 527 1498 611 φησῗν,
1544 528 1674 598 ἧκεν
1713 529 1790 589 εἷς
1847 530 1943 598 τήν

2069 533 2190 589 Dei.
2224 551 2254 584 η
2296 534 2590 599 Quantum
2650 535 2721 590 ad
2776 551 2968 592 meam
3028 536 3240 592 attinet
3297 512 3708 594 voluntatem:

279 623 603 698 προαίρεσιν
636 625 743 692 τήν
774 623 942 697 ἐμὴ-δ,
978 626 1007 678 δ
1043 623 1226 698 ἔλεγεν
1259 622 1382 682 ἂνω,
1422 648 1448 675 ‹‹
1507 621 1817 694 Συνῆὂομαι
1852 622 1955 698 γὰρ

278 714 423 770 κατὰ
454 714 546 766 τον
593 708 704 767 ἔσω
736 712 1030 786 ἄνθρωπον
1067 717 1146 784 τῷ
1176 714 1326 784 νόμῳ
1355 716 1448 766 τοῦ
1482 717 1634 768 Θεοῦ.
1676 738 1700 761 ››
1731 746 1801 754 -
1823 737 1846 761 ιι
1881 714 1955 783 Τῇ

283 801 352 858 δὲ
388 803 542 876 σαρκῖ
571 802 726 874 ν-ὖμῳ
764 802 1042 876 ἁμαρτίας
1093 825 1116 852 ι
1151 803 1210 857 Ἠ
1270 801 1373 878 γὰρ
1431 802 1668 875 ἁμαρτία
1717 797 1805 855 διὰ
1857 807 1955 867 τῆς

287 893 519 964 σαρκὸς,
545 891 629 945 καὶ
671 895 782 944 τῶν
841 892 1010 959 αὐτῆς
1071 890 1389 963 ἐπιθυμιῶν,
1444 890 1510 945 τὰ
1563 891 1758 959 ἑαυτῆς
1812 887 1954 964 ἐνερ-

299 987 416 1058 γεῖ.

371 1069 539 1128 Οὖδέν
596 1070 700 1143 ἂρα
755 1073 847 1122 νῦν
904 1089 1216 1144 κατακριμα
1269 1076 1386 1132 τοῖς
1442 1068 1494 1125 ἐν
1557 1072 1776 1144 Χριστῷ
1841 1068 1952 1138 Ἰηο

277 1164 406 1224 σοῦ,
447 1161 524 1233 μὴ
560 1158 700 1214 κατᾶ
736 1159 908 1227 σάρκα
932 1164 1338 1232 περιπατοῦσιν,
1371 1157 1516 1214 ἀλλὰ
1547 1159 1683 1214 κατὰ
1727 1163 1952 1232 πνεῦμα.

262 1235 340 1307 Ὀ
369 1249 478 1323 γὰρ
512 1250 694 1322 νόμος
755 1254 854 1304 τοῦ
907 1248 1212 1322 πνεῦμα-τος
1269 1252 1368 1318 τῆς
1425 1253 1573 1320 ζωῆς
1630 1248 1682 1303 ἐν
1739 1252 1954 1324 Χριστῷ

275 1340 492 1406 Ἰησοῦ,
528 1336 879 1413 ἠλευθέρωσέ
909 1360 973 1411 με
1006 1340 1110 1393 ἀπὸ
1150 1343 1246 1394 τοῦ
1302 1340 1477 1410 νόμου
1533 1345 1634 1408 τῆς
1686 1337 1953 1413 ἁμαρτίας

279 1429 377 1483 καὶ
413 1433 514 1482 ’τοῦ
547 1428 799 1490 θανάτου.

359 1518 425 1575 Ὀ
461 1518 557 1590 μὲν
588 1519 759 1590 νόμος
791 1517 987 1579 οὕτως,
1039 1518 1226 1596 φησὶν.
1284 1517 1312 1571 ὁ
1375 1513 1433 1572 δέ
1492 1537 1553 1594 γε
1609 1516 1838 1589 Χριστὸς
1890 1514 1950 1570 οὗ

287 1607 457 1678 μόνον
489 1610 600 1660 τῶν
633 1607 1050 1680 προγενομένων
1084 1603 1400 1676 ἀπήλλαξεν
1451 1607 1755 1680 ἁμαρτιῶν,
1809 1603 1953 1658 ἀλλὰ

279 1697 370 1752 καὶ
403 1699 542 1767 πρὸς
566 1699 632 1750 τὸ
662 1695 868 1770 μέλλον
923 1696 1263 1772 ἀχειρώτους
1321 1695 1564 1765 ἐποίησε.
1619 1699 1790 1750 Τοῦτο
1849 1695 1950 1770 γὰρ

281 1784 448 1856 δηλοῖ
475 1786 562 1852 τὸ,
600 1809 629 1836 ‹‹
661 1783 828 1840 Οὐδὲν
887 1787 988 1858 ἄρα
1041 1789 1134 1839 νῦν
1190 1787 1524 1861 κατάκριμα,
1567 1805 1594 1836 ι
1649 1787 1792 1851 οἷον,
1827 1781 1952 1838 οὐδὲ

2074 623 2229 694 quod
2264 625 2321 678 in
2353 626 2758 696 superioribus
2811 626 3046 682 dicebat
3101 645 3175 681 :u
3227 628 3501 683 Oblector
3559 631 3719 684 enim

2071 713 2395 768 secundum
2431 716 2728 770 internum
2765 717 3223 787 hominemJege
3260 718 3358 771 Dei
3393 719 3716 772 n—uCarne

2072 809 2268 857 autem
2295 803 2405 874 legi
2436 806 2719 876 peccati.»
2746 807 2884 860 Nam
2916 814 3222 877 peccatum
3255 825 3361 878 per
3397 824 3633 862 carnem
3659 815 3718 862 et

2072 891 2231 946 illius
2262 893 2614 964 cupiditates
2646 911 2775 964 qum
2809 911 2915 950 sua
2944 902 3082 949 sunt
3111 903 3408 968 operatur.

2141 1071 2286 1134 Vill,
2317 1075 2366 1134 1,
2419 1075 2471 1128 2.
2524 1073 2690 1128 Nulla
2719 1075 2896 1142 igitur
2918 1089 3064 1128 nunc
3093 1081 3172 1130 est
3220 1075 3600 1132 condemnatio
3632 1079 3719 1134 his

2069 1162 2168 1232 qui
2197 1167 2326 1214 sunt
2356 1162 2414 1214 in
2452 1161 2664 1216 Christo
2713 1164 2860 1224 Jesu,
2894 1165 2992 1233 qui
3019 1180 3127 1217 non
3148 1165 3320 1234 juxta
3350 1182 3568 1221 carnem
3598 1187 3714 1226 am-

2071 1249 2282 1316 bulant,
2343 1250 2437 1304 sed
2483 1252 2656 1321 juxta
2711 1253 2993 1320 spiritum.
3047 1254 3182 1306 Nam
3216 1253 3306 1307 lea:
3334 1257 3566 1324 spiritus
3596 1261 3719 1314 vitae

2070 1355 2192 1409 qum
2215 1345 2292 1394 est
2312 1355 2414 1409 per
2444 1340 2721 1395 Christum
2747 1342 2949 1409 Jesum,
3013 1342 3241 1397 liberum
3299 1361 3383 1398 me
3414 1347 3656 1402 reddidit
3687 1341 3740 1402 al

2073 1426 2196 1497 lege
2213 1428 2433 1497 peccati
2463 1436 2513 1483 et
2554 1432 2759 1484 mortis.

2141 1517 2408 1572 3001ta
2439 1518 2676 1588 quidem
2710 1519 2824 1585 lex,
2859 1519 3054 1591 inquit
3087 1538 3098 1575 :
3133 1521 3398 1578 Christus
3431 1541 3566 1580 vero
3599 1543 3718 1582 non

2067 1605 2243 1661 modo
2276 1623 2309 1661 a
2340 1607 2634 1678 prioribus
2666 1607 2936 1663 liberavit
2983 1611 3262 1681 peecatis,
3306 1629 3507 1668 verum
3539 1615 3717 1670 etiam

2066 1695 2127 1748 in
2153 1695 2419 1750 futurum
2460 1695 2719 1750 reddidit
2765 1697 3273 1769 inexpugnabiles.
3312 1702 3455 1756 Nam
3487 1704 3597 1758 hoc
3628 1706 3709 1758 si-

2064 1783 2306 1856 gniﬁcat
2334 1801 2346 1837 :
2400 1807 2426 1834 «
2462 1784 2632 1840 Nulla
2665 1785 2845 1857 igitur
2879 1803 3037 1842 nunc
3069 1793 3158 1842 est
3206 1790 3642 1859 condemnatio,
3676 1814 3701 1844 υ

287 1875 380 1948 μία
412 1872 502 1929 διὰ
562 1873 828 1949 ἁμαρτίαν
878 1871 1170 1947 καταδίκη,
1224 1879 1344 1935 τοῖς
1401 1874 1454 1928 ἐν
1516 1879 1734 1946 Χριστῷ
1761 1874 1943 1941 Ἰησοῦ

2069 1873 2126 1928 id
2159 1879 2245 1927 est
2277 1889 2350 1928 ne
2382 1873 2505 1928 ulla
2535 1874 2777 1944 quidem
2836 1881 3076 1946 prOpter
3104 1885 3411 1948 peccatum
3443 1887 3530 1936 est
3561 1899 3708 1938 con-

290 1967 362 2040 μῆ
397 1966 536 2020 κατα
565 1966 739 2037 σαρκα
769 1968 1176 2038 περιπατοῦσιν.
1213 1965 1280 2020 Τί
1325 1963 1418 2018 οὗν
1447 1982 1461 2032 ;
1521 1959 1661 2018 Οὐδὲ
1724 1962 1819 2035 μία
1844 1982 1944 2016 κα·-

283 2052 474 2126 ταδίκη
511 2052 638 2108 οῦδὲ
671 2054 933 2127 ἁμαρτίαν
964 2058 1052 2106 νῦν
1090 2072 1103 2121 ;
1139 2051 1525 2132 Ἀσιραλίζεται
1554 2052 1682 2106 αὐτό
1721 2070 1734 2120 ;
1786 2075 1808 2102 ιι
1835 2050 1941 2108 0'3-

290 2147 372 2220 χῖ,
412 2172 434 2190 ι»
468 2146 654 2220 φησὶν,
688 2142 816 2198 ἀλλ’
849 2143 1096 2210 ἐκείνοις,
1127 2143 1245 2197 ὅσοι
1283 2144 1358 2216 μὴ
1412 2143 1622 2204 ἑκόντες
1683 2143 1944 2214 σαρκικὴν

288 2235 626 2303 ζῶσιζωῆν.
694 2232 754 2288 Εἰ
795 2234 898 2308 γάρ
960 2233 1120 2306 μένον
1181 2232 1510 2302 προέλοιντο
1565 2235 1946 2301 πνευματικῶς

289 2328 400 2394 ζῇν,
433 2323 541 2396 οὐχ
573 2324 1006 2395 ἁμαρτήσονται.
1039 2321 1164 2376 Ἐπὶ
1207 2319 1263 2375 δέ
1321 2343 1383 2397 γε
1438 2326 1535 2375 τοῦ
1591 2320 1786 2390 νόμου,
1821 2316 1947 2372 οὐδὲ

293 2413 318 2467 ὁ
350 2413 703 2487 βουλόμενον
742 2412 838 2482 ξῇν
868 2408 1064 2484 ὀρθῶς,
1100 2409 1276 2485 ἴσχυε,
1329 2407 1557 2481 μηδενὸς
1591 2410 1942 2483 βοηθοῦντος,

295 2500 430 2573 μηξὲ
463 2501 952 2574 συνεπισχύοντος.
976 2525 1002 2550 (ι
1037 2503 1168 2560 Τοῖς
1188 2497 1240 2553 έν
1270 2503 1480 2574 Χρ;στῷ
1509 2501 1708 2565 Ἰησοῦ.
1737 2522 1763 2548 ››
1795 2499 1942 2563 Οἴον,

290 2596 402 2652 τοῖς
462 2587 621 2644 οὖσιν
687 2587 740 2643 ἐν
792 2593 860 2662 τῇ
929 2593 1164 2660 Χριστοῦ
1221 2589 1421 2650 πίστει,
1455 2586 1740 2662 ἑλομένοις
1784 2606 1947 2640 πνευ-

293 2681 527 2751 intui,»
563 2679 744 2748 ζωήν.
781 2702 806 2728 ιι
855 2685 900 2735 0
957 2677 1058 2754 γὰρ
1111 2677 1285 2749 νόμος
1330 2680 1427 2731 τοῦ
1481 2676 1790 2748 Πνεῦματος
1847 2680 1947 2743 τῆς

305 2773 525 2837 ζωῆς.»
559 2770 771 2841 Ὥσπερ
830 2766 998 2838 νόμον
1057 2765 1320 2839 ἁμαρτίας
1367 2767 1466 2835 τὴν
1523 2764 1784 2838 ἁμαρτίαν
1841 2785 1946 2839 φη..

302 2859 601 2925 σῖν,οῦτως
638 2857 734 2912 καὶ
789 2857 959 2930 νόμον
1014 2857 1324 2928 Ηνεύματος
1381 2855 1443 2910 τὸ
1498 2859 1735 2926 Πνεῦμα,
1793 2854 1947 2928 ὅπερ,

284 2950 470 3030 ρησῗν,
506 2943 626 3004 ἔστι
663 2953 815 3017 ζωῆς
863 2947 1111 3020 χορηγὸν
1166 2945 1255 2999 καὶ
1312 2941 1548 3002 δοτικὸν,
1609 2947 1780 3000 Τοῦτο
1837 2964 1950 2996 τοι-

285 3043 489 3117 γαροῦν
517 3038 587 3091 τὸ
652 3039 870 3111 Πνεῦμα
928 3032 1016 3090 διὰ
1065 3036 1245 3102 Ἰησοῦ
1304 3037 1556 3108 Χριστοῦο
1617 3033 1798 3104 (αὐτὸς
1851 3032 1952 3104 γαρ

289 3133 422 3198 ἡμῖν
456 3125 642 3187 αἶ’τιος
675 3128 778 3193 τῆς
805 3123 1010 3197 δωρεᾶς
1056 3128 1153 3179 τοῦ
1212 3123 1542 3194 Πνεῦματος,
1575 3123 1602 3178 ὁ
1662 3122 1826 3182 λύσας
1853 3121 1952 3186 τήν

655 3214 750 3270 καὶ
789 3213 1224 3287 ἐπισπασάμενος
1279 3213 1412 3268 καθὸ
1472 3211 1612 3267 ἐστιν
1669 3209 1952 3285 ἅνθρωπος

301 3307 368 3360 τὸ
427 3309 658 3375 Πνεῦμα,
713 3305 801 3359 γαέ
865 3307 999 3378 ἡμῖν
1063 3300 1371 3375 μεταδο·3ς)·
1431 3307 1592 3356 τοῦτο
1665 3303 1951 3374 τοιγαροῦν

303 3392 372 3446 τὸ
411 3397 630 3461 Πνεῦμα
655 3391 988 3466 ἠλευοέριυσέ
1045 3413 1111 3466 με
1161 3392 1266 3447 ἀπό
1308 3412 1366 3446 τε
1420 3398 1520 3457 τῆς
1549 3389 1812 3464 ἁμαρτίας
1863 3387 1951 3441 καὶ

309 3485 413 3535 τοῦ
442 3481 668 3535 ἐντεῦθεν
699 3483 951 3546 θανάτου,
988 3481 1222 3556 ὁδηγοῦν
1275 3481 1411 3552 πρὸς
1463 3480 1530 3535 τὰ
1594 3479 1813 3554 βελτίω.
1849 3477 1952 3531 Νό-

299 3217 586 3288 ἁμαρτίαν,

319 3593 417 3644 μος
446 3573 749 3643 Ηνείματος
777 3577 879 3627 τοῦ
915 3572 1332 3641 ζωοποιοῦντος,
1351 3571 1523 3649 ἤγουν
1557 3573 1652 3625 τοῦ
1680 3567 1952 3639 ζωοποιοῦ

317 3661 631 3733 Πνεῦματος,
663 3663 841 3734 νόμου
899 3660 1167 3735 ἁμαρτίας
1223 3666 1323 3730 τῆς
1381 3659 1743 3730 θανατοῦσης,
1785 3657 1956 3736 ἤγουν

309 3758 402 3819 τῆς
429 3763 704 3815 θανατοπο
717 3754 798 3805 ιοῦ
833 3749 1118 3825 ἁμαρτίας.

907 3859 1096 3916 ΚΕΦᾹ
1117 3864 1165 3913 ὶ.
1222 3860 1325 3916 lB‘.

292 3950 411 4024 Περὲ
453 3945 793 4024 ἀποδόσεως
845 3953 952 4003 τῶν
1010 3952 1248 4024 φυσικῶν
1305 3945 1664 4024 παθημάτων,
1725 3944 1814 4001 διὰ
1859 3951 1956 4014 τῆς

694 4020 832 4094 πρὸς
864 4023 926 4075 τὸ
974 4018 1185 4092 Πνεῦμα
1227 4018 1563 4095 συμφώνως.

348 4112 429 4168 Τὸ
486 4110 604 4185 γὰρ
673 4106 940 4164 ἀδύνατον
999 4113 1095 4162 τοῦ
1154 4110 1329 4182 νόμου
1387 4107 1438 4163 ἐν
1495 4108 1541 4182 ᾧ
1599 4107 1812 4176 ἠσθένει
1871 4103 1960 4161 διὰ

284 4207 377 4268 τῆς
433 4201 667 4274 σαρκὸς,
745 4199 773 4252 ὁ
834 4198 962 4259 Θεὸς
1027 4199 1117 4253 τὸν
1177 4199 1368 4253 ἑαυτοῦ
1427 4199 1550 4252 Υἱὸν
1637 4196 1855 4270 πέμψας
1910 4195 1961 4250 ἐν

289 4291 612 4361 ὁμοιώματι
668 4289 870 4360 σαρκὸς
956 4288 1248 4360 ἁμαρτίας,
1322 4288 1414 4342 καὶ
1503 4287 1623 4363 περῖ
1690 4286 1961 4360 ἁμαρτίας

289 4383 574 4452 κατέκρινε
637 4379 737 4448 τὴν
771 4379 1040 4452 ἁμαρτίαν
1107 4378 1157 4432 ἐν
1215 4381 1284 4449 τῇ
1340 4378 1516 4453 σαρκί.
1577 4378 1686 4432 *Ινα
1766 4377 1828 4429 τὸ
1888 4372 1965 4428 δι-

295 4469 520 4541 καίωμα
557 4472 660 4524 τοῦ
690 4467 866 4538 νόμου
895 4465 1167 4542 πληρωθῇ
1225 4465 1277 4522 ἐν
1301 4469 1461 4538 ἡμῖν,
1522 4471 1636 4528 τοῖς
1695 4467 1770 4538 μή
1830 4464 1966 4518 κατᾶ

301 4559 468 4627 σάρκα
497 4559 920 4631 περιπατοῦσιν,
953 4553 1099 4611 ἀλλᾶ
1132 4555 1267 4610 κατᾶ
1301 4559 1537 4626 Πνεῦμα.

2055 1964 2358 2018 demnatio
2391 1965 2503 2031 his,
2563 1966 2660 2036 qui
2693 1972 2832 2020 sunt
2862 1967 2919 2020 in
2956 1968 3186 2024 Christo
3242 1972 3398 2038 Jesu,
3450 1973 3548 2044 qui
3585 1990 3702 2028 non

2042 2053 2215 2124 juxta
2245 2070 2486 2108 carnem
2511 2054 2837 2110 ambulant.
2876 2057 3026 2121 Quid
3059 2059 3309 2130 ergo?.-\n
3340 2061 3506 2115 nulla
3549 2079 3693 2118 con-

2053 2143 2353 2198 demnatio
2382 2161 2539 2198 nunc
2573 2150 2661 2199 est
2692 2161 2883 2216 neque
2915 2149 3344 2218 peccatum?An
3369 2168 3611 2208 securos
3626 2153 3696 2207 de

2051 2234 2162 2287 hcc
2193 2232 2442 2286 reddit?u
2474 2233 2657 2292 Non,»
2685 2235 2880 2304 inquit
2911 2253 2924 2300 ;
2960 2237 3060 2290 sed
3096 2237 3213 2291 illis
3247 2239 3528 2309 loquitur,
3565 2243 3700 2312 qui-

2053 2338 2286 2390 cunque
2320 2338 2438 2374 non
2490 2327 2698 2391 sponte
2759 2324 2980 2377 carnali
3010 2325 3125 2380 vita
3174 2327 3394 2382 vivunt.
3457 2331 3598 2384 Nam
3652 2331 3699 2386 si

2053 2409 2444 2481 spiritualiter
2476 2415 2703 2463 tantum
2736 2411 2923 2465 vivere
2958 2412 3326 2483 eligant,non
3346 2418 3694 2486 peccabunt.

2054 2500 2170 2555 Sub
2228 2499 2355 2579 lege
2387 2516 2521 2554 vero
2554 2516 2664 2554 nec
2697 2501 2743 2554 si
2779 2500 3061 2556 voluisset
3092 2504 3244 2572 quis,
3306 2511 3462 2560 recte
3513 2508 3701 2564 vivere

2055 2589 2480 2662 poterat.nullo
2513 2588 2798 2645 auxilium
2831 2590 3057 2645 ferente
3084 2608 3279 2663 neque
3312 2594 3702 2652 confortante.

2058 2702 2084 2731 «
2119 2680 2218 2734 llis
2242 2681 2339 2750 qui
2375 2684 2514 2734 sunt
2547 2679 2609 2734 in
2658 2680 2884 2735 Christo
2939 2681 3130 2736 Jesu.»
3163 2685 3241 2737 Ac
3281 2683 3327 2737 si
3361 2684 3516 2739 dicat
3550 2702 3562 2739 :
3596 2687 3702 2751 Qui

2055 2768 2277 2824 suntin
2307 2768 2521 2823 Christi
2553 2768 2796 2840 ﬁde,qui
2829 2770 3007 2824 vitam
3042 2770 3269 2842 eligunt
3307 2773 3698 2843 spiritualem.

2058 2881 2084 2907 ‹‹
2110 2860 2254 2912 Nam
2283 2857 2376 2912 lex
2406 2857 2647 2928 spiritus
2680 2856 2869 2911 vitae.»
2905 2859 3068 2914 Sicut
3098 2859 3282 2931 legem
3318 2863 3541 2932 peccati
3562 2862 3704 2917 dicit

2057 2953 2386 3018 peccatum,
2422 2947 2504 3000 ita
2535 2953 2592 3000 ct
2622 2945 2810 3017 legem
2845 2947 3094 3017 Spiritus
3117 2948 3259 3002 dicit
3290 2949 3703 3020 Spiritumzqui

2057 3037 2187 3089 vitm
2220 3034 2338 3089 dux
2371 3041 2459 3088 est
2516 3051 2581 3089 ac
2645 3035 2834 3089 dator.
2897 3037 2999 3090 Hic
3053 3037 3252 3106 itaque
3307 3037 3555 3108 Spiritus
3597 3055 3703 3109 per

2059 3128 2352 3181 Christum
2384 3128 2578 3181 Jesum
2614 3128 2776 3199 (nam
2833 3127 3003 3182 nobis
3035 3129 3211 3182 etiam
3274 3129 3368 3184 hic
3409 3136 3498 3185 est
3527 3146 3704 3186 causa

2063 3216 2200 3271 doni
2237 3216 2487 3286 Spiritus
2545 3216 2644 3286 qui
2704 3223 3009 3286 peccatum
3055 3218 3245 3276 solvit.
3281 3225 3338 3272 et
3375 3219 3703 3274 secundum

2065 3305 2220 3376 quod
2254 3305 2431 3359 homo
2457 3312 2561 3363 est.
2615 3307 2892 3377 Spiritum
2926 3309 3166 3361 attraxit
3213 3308 3502 3380 nobisque
3537 3309 3710 3364 tradi-

2061 3394 2586 3467 dit);liic.inquam,
2621 3395 2870 3466 Spiritus
2894 3396 3146 3451 liberum
3177 3415 3266 3453 me
3293 3399 3551 3454 reddidit
3583 3405 3704 3454 tum

2059 3501 2094 3540 a
2125 3490 2364 3555 peccato
2393 3490 2518 3538 tum
2552 3502 2585 3539 a
2617 3490 2828 3550 morte,
2863 3502 2993 3557 quae
3026 3487 3164 3541 inde
3214 3487 3591 3559 sequebatur,
3629 3489 3708 3544 ad

2061 3573 2310 3629 meliora
2340 3572 2661 3638 deducens,
2723 3573 2817 3630 lex
2869 3575 3118 3646 Spiritus
3186 3576 3538 3633 vivificantis
3587 3578 3708 3634 sive

2061 3663 2323 3718 vivificus
2357 3664 2621 3734 spiritus.
2644 3681 2679 3720 a
2709 3664 2835 3738 lege
2866 3667 3090 3737 peccati
3124 3668 3557 3736 mortiﬁcantis,
3591 3668 3709 3723 sive

2064 3768 2098 3808 a
2127 3751 2432 3807 mortifero
2464 3759 2727 3824 peccato.

2717 3860 2949 3916 CAPUT
2978 3862 3098 3918 XII.

2065 3949 2138 4002 De
2150 3948 2566 4016 permutatione
2595 3948 2940 4020 naturalium
2997 3951 3296 4018 affectuum
3328 3967 3432 4020 per
3487 3951 3710 4017 confor-

2525 4019 2781 4071 mitatem
2811 4019 2884 4072 ad
2914 4020 3208 4089 Spiritum.

2143 4107 2283 4162 VIII.
2320 4108 2373 4171 3,
2409 4107 2436 4160 4
2514 4108 2731 4161 Etenim
2789 4110 2939 4177 quod
2986 4108 3320 4179 impossibile
3350 4119 3469 4164 erat
3511 4109 3620 4179 legi
3650 4127 3715 4166 ea

2060 4201 2224 4266 parte
2246 4211 2356 4264 qua
2397 4195 2660 4249 imbecilis
2691 4203 2808 4250 erat
2834 4213 2936 4265 per
2993 4214 3233 4266 carnem,
3292 4199 3424 4253 Deus
3479 4201 3712 4268 proprio

2070 4287 2214 4340 Filio
2247 4285 2406 4340 misso
2438 4288 2494 4340 in
2542 4285 2908 4342 similitudine
2957 4290 3140 4342 carnis
3165 4293 3378 4358 peccati
3427 4291 3714 4359 praestitit,

2070 4381 2122 4430 et
2145 4392 2248 4446 pro
2278 4381 2496 4444 peccato
2519 4376 2904 4431 condemnavit
2929 4383 3213 4447 peceatum
3239 4395 3344 4448 per
3373 4394 3610 4433 carnem.
3650 4379 3717 4433 Ut

2061 4465 2390 4536 justi/icatio
2421 4465 2554 4534 legis
2584 4465 2907 4534 impleretur
2953 4468 3011 4520 in
3049 4467 3225 4530 nobis,
3259 4469 3356 4536 qui
3391 4483 3497 4520 non
3524 4483 3717 4521 secun-

2073 4557 2202 4609 dum
2232 4572 2451 4610 carnem
2481 4555 3244 4620 ambulamus,sedsecundum
3280 4558 3568 4627 Spiritum.

369 4647 536 4719 Ὁρᾷς
570 4645 656 4700 ὅτι
714 4645 776 4700 οὐ
828 4648 926 4700 τοῦ
982 4647 1157 4716 νόμου
1212 4645 1640 4722 κατσψγ,φ’ζεται
1677 4660 1692 4712 ;
1734 4641 1796 4697 οὐ
1857 4641 1954 4716 γὰρ

2077 4645 2178 4698 30
2194 4647 2219 4697 Ι
2249 4645 2419 4698 Vides
2442 4644 2598 4714 quod
2619 4645 2804 4717 legem
2822 4661 2939 4700 non
2956 4645 3542 4716 condemnet‘Heque
3559 4646 3715 4700 enim

310 4733 444 4802 εἶπε,
478 4735 556 4792 Τὸ
598 4735 838 4810 πονηρὸν
868 4738 963 4790 τοῦ
993 4734 1191 4808 νόμου,
1227 4732 1278 4788 έν
1309 4735 1355 4807 ᾦ
1421 4731 1758 4806 ἐκακούργει,
1795 4729 1960 4800 ἀλλὰ,

311 4847 340 4874 κ
372 4823 446 4878 Τὸ
478 4822 858 4892 ἁδύνιτον,καὶ
887 4821 938 4878 ἐν
967 4823 1268 4898 ᾧήσοένει,
1302 4847 1329 4874 ››
1361 4822 1434 4884 ὡς
1467 4821 1563 4897 [εἰ]
1589 4817 1964 4885 εἶπεν,ἬΟελε

311 4916 504 4981 σῶσαι,
535 4912 664 4968 ἀλλ’
695 4913 799 4968 οὐκ
819 4912 1029 4988 ἲσχυεν.
1081 4937 1108 4964 α
1162 4919 1252 4968 Ἑν
1305 4912 1371 4984 ᾧ,
1432 4911 1612 4988 φησὶν,
1666 4909 1896 4979 ἠσθένει.
1935 4930 1961 4958 ﬁ

313 4998 774 5072 Ἐπειόἧήσθένει
808 4999 896 5056 διὰ
929 5009 1028 5071 τῆς
1072 5001 1286 5076 σαρκὸς,
1345 5001 1610 5062 τουτέστι,
1667 5002 1764 5053 τοῦ
1829 5018 1964 5074 φρο-

309 5097 559 5164 νήματος
593 5091 784 5160 αὐτῆς·
843 5091 906 5145 οὐ
965 5091 1068 5167 γὰρ
1129 5093 1228 5160 τήν
1279 5092 1450 5163 σάρκα
1490 5083 1796 5143 διαϐάλλει.
1832 5112 1859 5138 ι(
1901 5087 1964 5144 Ὀ

312 5181 443 5241 θεὸς
498 5181 590 5234 τὸν
647 5181 840 5236 ἑαυτοῦ
899 5181 1023 5234 Υἱὸν
1079 5179 1318 5252 πέμψας.
1373 5201 1401 5230 ››
1454 5178 1602 5234 Ἀνω
1658 5176 1824 5232 εἰπὼν
1901 5177 1963 5232 τὸ

311 5272 529 5343 Πνεῦμα
572 5268 1030 5341 ἠλευθερωκέναι,
1083 5273 1172 5324 νῦν
1223 5268 1316 5324 τὸν
1375 5266 1500 5322 Υἱὸν
1562 5266 1731 5342 λέγει.
1799 5269 1962 5339 Κοινῇ

307 5359 417 5436 γαρ
474 5357 704 5430 εὐδοκία
758 5365 860 5428 τῆς
916 5359 1073 5435 ἁγίας
1130 5354 1364 5433 Τριάδος
1421 5356 1756 5428 σεσώσμεθα.
1815 5379 1844 5407 ‹‹
1877 5357 1965 5412 ’Ev

307 5446 626 5521 ὁμοιώματι
658 5448 856 5523 σαρκὸς
886 5447 1177 5522 ἁμαρτίας.
1209 5471 1234 5497 υ
1266 5447 1364 5508 Τὸ,
1399 5469 1426 5496 ι(
1464 5447 1551 5502 Ἐν
1584 5445 1960 5518 ὁμοιώματι,››

305 5535 366 5592 οὗ
395 5539 534 5614 πρὸς
565 5539 690 5606 te,“
726 5538 1113 5610 σαρκὸς,υὸρᾷ,
1144 5534 1438 5610 ἀλλὰπρὸς
1459 5534 1780 5608 τὸ,‹‹σαρκὸς
1798 5535 1966 5608 ἁμαρ-

302 5625 474 5689 τίας.ι
506 5628 584 5684 Οῦ
613 5627 721 5703 γὰρ
751 5624 932 5696 ἄλλην
981 5627 1125 5701 παρέ
1154 5627 1253 5694 τήν
1306 5627 1465 5697 ἡμῶν
1521 5622 1728 5693 ἥνωσεν
1760 5623 1958 5694 ἓαυτῷο

306 5719 527 5803 [mysi
581 5718 716 5777 ἀλλ’
775 5717 884 5795 οὐχ
935 5715 1294 5796 ἁμαρτωλήν,
1370 5715 1496 5772 ἀλλ’
1553 5715 1956 5791 ἀναμάρτητον,

2072 4732 2413 4797 dixit:Quod
2464 4733 2686 4788 malum
2719 4741 2844 4787 erat
2875 4734 3019 4805 legis
3053 4749 3120 4787 ea
3151 4741 3315 4804 parte
3339 4751 3456 4806 qua
3489 4734 3710 4791 malum

2072 4821 2392 4887 iuferebat;
2427 4821 2530 4876 sed
2553 4845 2578 4871 ‹‹
2615 4822 2778 4886 Quod
2810 4822 3177 4893 impossibile
3231 4831 3375 4888 erat,
3412 4840 3480 4879 ea
3528 4832 3715 4898 parte,

2073 4927 2190 4982 qua
2220 4909 2538 4965 imbecillis
2575 4916 2751 4975 erat;-
2793 4926 2859 4965 ac
2889 4911 2936 4966 si
2970 4911 3439 4968 dixisset:Voluit
3467 4914 3715 4979 salvare,

2075 5000 2178 5054 sed
2210 5017 2328 5055 non
2362 5001 2572 5071 potuit.
2607 5022 2635 5044 «
2663 5001 2744 5055 Ea
2783 5007 2948 5071 parte
3009 5017 3126 5072 qua
3163 5002 3484 5057 Imbecillis
3508 5009 3654 5057 erat.
3688 5025 3716 5054 »

2074 5088 2570 5160 Quandoquidem
2607 5087 2924 5143 imbecillis
2959 5096 3084 5144 erat
3112 5106 3218 5162 per
3248 5089 3578 5153 carnem,id
3611 5095 3718 5155 est,

2074 5178 2289 5233 fastum
2314 5179 2431 5232 sive
2467 5194 2706 5233 sensum
2744 5179 3128 5252 illius;neque
3162 5181 3323 5234 enim
3355 5195 3590 5236 carnem
3627 5196 3724 5234 ca—

2075 5267 2418 5323 lumniatur.
2455 5290 2481 5316 ‹‹
2522 5273 2670 5323 Deus
2704 5269 2945 5340 ptoprio
2978 5270 3125 5324 Filio
3160 5270 3361 5324 misso.
3401 5290 3426 5315 »ι
3461 5266 3602 5322 Cum
3637 5268 3723 5323 di-

2073 5357 2255 5413 xisset
2284 5357 2556 5428 superius
2593 5358 2874 5428 Spiritum
2923 5358 3183 5413 libertati
3210 5357 3724 5413 restituisseznunc

2074 5446 2286 5502 Filium
2321 5445 2634 5503 dicit.Nam
2660 5449 3197 5503 comnmnisanctaa
3223 5446 3527 5502 Trinitatis
3552 5447 3725 5504 bene-

2074 5535 2291 5608 placito
2323 5535 2522 5590 salvati
2567 5552 2832 5591 sumus:
2859 5538 2920 5591 in
2941 5535 3332 5591 similitudine
3365 5535 3560 5592 carnis
3581 5553 3721 5610 pec-

2074 5626 2209 5680 cati.
2246 5648 2272 5673 ‹‹
2308 5625 2471 5691 Quod
2503 5624 2721 5680 dicitur
2754 5643 2766 5680 :
2800 5649 2827 5676 «
2862 5627 2927 5681 In
2980 5624 3398 5692 similitudine,
3431 5649 3453 5678 ι
3489 5643 3611 5682 non
3641 5627 3716 5682 ad

2076 5713 2395 5773 dictionem
2427 5716 2622 5773 carnis
2650 5715 3021 5789 respicit,sed
3053 5715 3231 5772 simul
3288 5714 3362 5771 ad
3390 5722 3714 5789 utrumque
