4126 6256
313 326 433 387 478

1431 322 1856 389 CECUMENII
1896 322 2207 385 TRICCxE
2255 321 2626 386 EPISGOPI.

3605 322 3721 383 476

313 464 410 520 ctu
443 458 757 534 spirituali.
793 482 822 512 (ι
872 460 1176 531 Siquidem
1216 461 1465 534 Spiritus
1499 460 1601 516 Dei
1642 458 1953 515 habitatin
1986 504 1994 524 λ

2101 454 2341 530 τράξεσιν,
2383 453 2512 511 ἀλλ’
2569 455 2620 511 ἐν
2676 459 3027 529 πνευματικῷ
3087 456 3418 532 φρονήματι,
3480 479 3509 508 ‹‹
3551 453 3723 530 Εἴπερ

313 551 496 606 vobis.
534 572 561 597 »
590 550 745 604 304
776 550 900 603 Non
947 555 1036 603 est
1067 550 1177 605 hoc
1225 550 1355 605 loco
1384 549 1563 603 dictio
1611 546 1759 619 εἶ’περ
1792 547 1965 603 dubi-

314 640 513 699 tantis,
552 637 655 692 sed
702 639 831 709 ejus
890 638 988 709 qui
1042 645 1238 693 certus
1286 644 1376 693 est
1405 655 1472 694 ac
1511 637 1724 703 credit,
1757 653 1865 709 pro
1898 652 1967 692 eo

316 726 472 799 quod
502 732 626 781 est:
655 726 1146 798 Quandoquidem
1204 727 1456 799 Spiritus
1506 728 1606 781 Dei
1649 725 1877 781 habitat
1906 725 1968 779 in

314 819 517 883 vobis;
551 819 704 872 sicut
759 824 819 873 et
859 835 927 872 eo
988 819 1115 873 loco
1158 819 1258 874 ubi
1300 818 1556 873 dicitur:
1605 837 1633 866 «
1665 815 1969 886 Siquidem

310 908 541 980 justum
573 912 664 961 est
693 906 940 962 reddere
972 908 1063 962 his
1101 907 1202 978 qui
1234 924 1338 961 vos
1387 906 1662 978 afﬂigunt
1695 904 1967 959 afﬂictio-

319 1012 455 1053 nem
490 995 554 1049 ³⁵.
592 1018 619 1044 ››
653 997 796 1051 Nam
828 995 905 1051 ibi
937 1014 1173 1068 quoque
1224 994 1374 1066 ε’ῗπερ
1426 996 1666 1067 ponitur
1696 1010 1800 1066 pro
1832 990 1972 1045 ἐπει-

322 1081 515 1159 δήπερ.
541 1115 609 1127 -
643 1085 775 1142 Alio
818 1086 1001 1140 modo.
1054 1085 1195 1140 Vide
1255 1085 1553 1157 quomodo
1601 1084 1800 1139 dicat:
1835 1103 1857 1133 c
1892 1080 1974 1136 Si-

324 1175 564 1248 quidem
600 1174 851 1247 Spiritus
882 1175 982 1232 Dei
1015 1175 1242 1231 habitat
1271 1176 1330 1230 in
1356 1174 1575 1240 vobis,»
1609 1179 1666 1229 et
1697 1188 1968 1228 rursum:

325 1289 353 1316 «ι
379 1266 435 1321 Si
469 1266 733 1321 Christus
764 1270 853 1320 est
884 1265 941 1319 in
985 1265 1166 1321 vobis.
1200 1286 1224 1314 ιο
1266 1265 1372 1321 Ubi
1406 1264 1563 1319 enim
1595 1280 1714 1319 una
1754 1267 1973 1317 sanctas

323 1356 628 1411 Trinitatis
658 1372 913 1427 persona
949 1356 1414 1415 habitaverit.ibi
1447 1361 1569 1410 tota
1597 1355 1765 1410 adest
1791 1352 1976 1407 Trini-

326 1451 437 1501 tas.
474 1445 693 1500 Deinde
726 1445 846 1500 ait:
881 1444 1369 1516 Quandoquidem
1415 1444 1682 1499 Christus
1718 1443 1779 1498 in
1815 1441 1976 1497 vobis

330 1542 679 1593 est.mortuo
709 1535 983 1591 videlicet
1011 1552 1255 1607 corpore
1286 1534 1610 1591 secundum
1644 1538 1973 1605 peccatum,

329 1641 469 1683 nam
491 1624 603 1680 hoc
634 1625 927 1697 signiﬁcat
959 1621 1028 1678 δι’
1060 1623 1364 1698 ἁμαρτίανι
1398 1639 1590 1695 neque
1623 1622 1782 1677 enim
1814 1621 1980 1676 inha-

327 1714 546 1770 bitaret
592 1713 855 1771 Christus
914 1714 1027 1769 nisi
1088 1714 1417 1770 secundum
1464 1717 1772 1784 peccatum
1824 1714 1982 1765 esset

2073 552 2293 618 Πνεῦμα
2334 552 2468 603 Θεοῦ
2501 548 2641 602 οἰκεῖ
2694 547 2745 602 ἐν
2803 547 2953 620 ὑμῖν.
2989 570 3017 597 »
3073 546 3182 601 Οὐκ
3237 540 3346 601 ἔστι
3403 546 3486 617 τὸ,
3548 546 3723 618 εἷ’περ,

2076 636 2304 693 ἐνταῦθα
2362 632 2834 713 ἁμφιϐἁλλοντος,
2904 633 3054 691 ἀλλὰ
3136 635 3523 708 πεπεισμένου,
3608 635 3723 691 ἀντὶ

2142 731 2164 742 υ
2224 727 2237 748 ν
2382 724 2444 745 ἡ,
2690 729 2715 741 ν
2936 729 2962 741 ~
3138 730 3161 740 -
3312 725 3327 746 ρ
3386 730 3409 741 υ
3528 725 3543 746 1
3706 725 3720 744 ς

2071 747 2189 795 του,
2244 737 2553 800 ιιπειοτιπερ
2590 732 2804 798 Πνεῦμα
2833 731 2966 781 Θεου
3021 725 3160 780 οίνει
3210 724 3261 778 ἐν
3306 746 3459 798 υμιν,
3513 747 3587 787 ως
3631 747 3724 780 και

2073 813 2201 870 ἐκεῖ.
2237 840 2262 867 κ
2298 813 2470 890 Ε”περ
2501 813 2710 869 δίκαιον
2742 814 2886 889 παρὰ
2916 818 3030 885 Θεῷ
3086 811 3383 869 ἀποδοῦναι
3431 819 3551 876 τοῖς
3601 812 3728 869 01t-

2075 898 2260 958 ϐουσιν
2297 904 2435 975 ὑμᾶς
2466 902 2673 978 θλίψιν.
2712 926 2739 954 ››
2772 903 2873 959 Καὶ
2902 903 3007 977 γὰρ
3048 901 3202 956 κάκεῖ
3256 903 3318 957 τὸ
3375 900 3551 978 εἶ’περ,
3605 901 3729 957 ἀντὶ

2074 998 2171 1048 τοῦ
2202 991 2496 1067 ἐπειδήπερ
2554 999 2750 1050 κεῖται.
2783 1027 2850 1036 -
2881 991 3130 1055 Ἄλλως.
3180 995 3320 1068 "Op:
3369 998 3487 1054 πῶς
3537 1014 3730 1067 φησιν,

2079 1107 2106 1136 α
2143 1082 2313 1159 Εἴπερ
2348 1088 2562 1156 Πνεῦμα
2620 1087 2753 1139 Θεοῦ
2812 1081 2951 1138 οἱκει
2999 1080 3051 1137 ἐν
3099 1083 3227 1155 ὑμῖν
3280 1104 3309 1135 ››
3371 1081 3474 1138 Καὶ
3532 1080 3727 1137 παλιν-

2078 1197 2107 1226 ‹‹
2140 1172 2574 1234 ΕῗκαὶΧ.ιστὸς
2603 1171 2658 1227 ἐν
2718 1172 2869 1245 ὑμῖν.
2906 1194 2931 1225 ν
2991 1172 3157 1235 Ἔνθα
3206 1171 3307 1247 γὰρ
3363 1168 3418 1228 ἓν
3468 1175 3576 1227 τῶν
3628 1178 3736 1241 τῆς

2080 1264 2231 1338 ἁγίας
2277 1259 2505 1337 Τριὰδος
2572 1262 2804 1330 οίκῆσει,
2860 1260 2970 1315 ἐκεῖ
3020 1280 3275 1334 παρεπιν
3305 1262 3340 1329 ἡ
3390 1262 3579 1337 Τρεὰς.
3642 1262 3737 1317 Εἷς

2077 1354 2145 1406 τά
2166 1371 2347 1429 φησιν·
2373 1376 2398 1402 ιι
2427 1349 2648 1418 Ἐπειδὴ
2674 1352 2901 1427 Χριστὸς
2918 1350 2970 1404 ἐν
3001 1351 3131 1421 ὑμῖν
3172 1373 3197 1400 »
3221 1348 3477 1419 δηλονότι
3498 1375 3523 1401 α
3550 1350 3613 1405 τὸ
3639 1349 3737 1422 μὲν

2081 1447 2242 1513 σῶμα
2272 1440 2464 1514 νεκρὸν
2494 1440 2628 1495 κατὰ
2655 1442 2754 1510 τήν
2787 1440 3072 1513 ἁμαρτίαν.
3108 1468 3132 1494 υ
3182 1444 3354 1495 Τοῦτο
3411 1439 3512 1514 γὰρ
3564 1436 3740 1509 δηλοῖ

2079 1532 2141 1585 τὸ
2169 1528 2238 1585 δῖ’
2269 1530 2557 1604 ἁμαρτίαν.
2593 1529 2669 1588 Οὐ
2725 1531 2827 1605 γὰρ
2887 1529 2947 1583 ἄν
2999 1527 3189 1602 ἐνῴκει
3252 1529 3502 1604 Εριστὸς,
3544 1528 3590 1582 εἰ
3632 1529 3733 1601 .μή

2081 1621 2218 1676 κατὰ
2245 1621 2345 1688 τὴν
2370 1619 2634 1695 ἁμαρτίαν
2676 1620 2738 1674 τὸ
2797 1623 2959 1691 σῶμα
3014 1619 3330 1694 νενέκρωτο.
3392 1623 3598 1693 Νεκρὸν
3642 1618 3738 1672 οῦν

2080 1710 2143 1765 τὸ
2177 1714 2338 1783 σῶμα
2369 1711 2504 1764 κατὰ
2532 1712 2633 1779 τὴν
2667 1708 2952 1784 ἁμαρτίαν.
2988 1732 3016 1759 ‹‹
3049 1708 3116 1765 Εἰ
3144 1706 3200 1763 δὲ
3226 1729 3309 1770 τις
3341 1712 3550 1780 πνεῦμα
3596 1709 3739 1779 Χρι-

326 1802 749 1860 mortificatum
782 1820 1016 1874 corpus.
1067 1804 1360 1860 Mortuum
1404 1808 1563 1857 esset
1605 1817 1741 1873 ergo
1764 1814 1978 1870 corpus

2101 1805 2215 1855 ττοῦ
2247 1800 2350 1855 οὐκ
2377 1792 2518 1874 ἔχει.
2556 1823 2583 1849 ››
2616 1800 2724 1853 Ἵνα
2756 1799 2831 1871 μή
2886 1798 3129 1873 λυπήσῃ,
3187 1797 3286 1852 οὐκ
3333 1799 3500 1865 εἶπεν,
3560 1796 3631 1853 Εἴ
3680 1793 3745 1852 δὲ

2136 1890 2150 1899 .
2226 1882 2250 1899 ,ι
2415 1886 2539 1899 η..
2633 1886 2701 1899 η..
2893 1887 2906 1899 .
2976 1885 2990 1899 .
3044 1884 3175 1899 ..η
3300 1891 3343 1899 --
3407 1891 3433 1899 ..
3536 1883 3649 1899 ιι.-.

327 1891 655 1950 secundum
688 1898 1052 1963 peccatum.“
1086 1892 1250 1957 Quod
1282 1892 1331 1946 si
1355 1892 1486 1962 quis
1504 1890 1786 1962 Spiritum
1813 1887 1979 1943 (Lhri-

329 1982 404 2038 sti
437 1996 557 2035 non
611 1979 863 2036 habet.»
898 1982 977 2035 Ne
1036 1980 1173 2035 illos
1222 1997 1471 2036 maerore
1524 1979 1809 2037 afﬁceret.
1861 1994 1982 2033 non

333 2069 520 2125 dixit:
554 2068 720 2133 Quod
752 2069 800 2123 si
830 2085 949 2125 non
981 2068 1427 2137 habetis,sed,Si
1465 2069 1602 2139 quis
1631 2084 1751 2123 non
1776 2066 1982 2121 habet:

334 2164 617 2230 tauquam
652 2157 725 2213 de
756 2158 890 2213 aliis
923 2158 1189 2228 loquens.
1228 2158 1505 2230 Spiritum
1540 2165 1735 2212 autem
1769 2155 1985 2211 Christi

337 2247 485 2302 dixit
518 2246 674 2301 dona
701 2247 842 2302 Novi
901 2247 1278 2302 Testamenti.
1340 2248 1481 2301 Nam
1534 2246 1868 2301 communis
1901 2249 1988 2298 est

340 2338 530 2392 Patris
563 2353 632 2393 ac
670 2337 800 2392 Filii
861 2336 1154 2408 Spiritus:
1205 2343 1272 2393 ut
1304 2344 1393 2392 est
1440 2336 1620 2393 illud:
1669 2358 1692 2386 ιι
1737 2335 1989 2406 Spiritus

337 2432 534 2483 autem
571 2426 757 2481 Patris
788 2426 891 2497 qui
925 2427 1200 2482 excitavit
1227 2428 1424 2482 Jesum
1452 2443 1518 2481 ex
1557 2425 1845 2481 mortuis:
1876 2450 1893 2469 -
1932 2430 1993 2478 et

339 2532 574 2570 rursum
606 2533 619 2570 :
658 2516 958 2588 «Spiritus
1006 2516 1135 2571 Filii
1177 2518 1326 2586 ejus.
1363 2538 1391 2565 ››
1443 2546 1507 2556 -
1536 2538 1561 2565 α
1624 2516 1912 2570 Caeterum
1939 2513 1989 2567 si

338 2605 606 2661 Christus
637 2606 699 2660 in
731 2605 895 2661 vobis
926 2612 1073 2661 est.»
1105 2605 1167 2660 ld
1200 2605 1540 2676 quodtriste
1566 2611 1693 2659 erat
1712 2604 1786 2659 ad
1807 2603 1991 2658 alium

341 2699 400 2749 et
430 2694 502 2748 ad
534 2695 775 2749 unicum
810 2694 1032 2755 retulit.
1086 2693 1328 2748 dicens:
1363 2716 1389 2740 ‹‹
1426 2693 1483 2747 Si
1534 2693 1668 2763 quis
1707 2691 1987 2762 Spiritum

343 2782 447 2838 Dei
479 2797 601 2836 non
630 2780 804 2836 habet
842 2798 856 2848 ;
890 2780 1051 2850 quod
1082 2787 1277 2836 aulem
1326 2780 1607 2851 optabile.
1639 2780 1713 2835 ad
1746 2780 1905 2850 ipsos
1937 2784 1996 2833 et

344 2886 592 2927 numero
612 2869 783 2927 multi
794 2870 1334 2926 tudinis.Caaterum
1356 2892 1384 2919 ι‹
1403 2870 1448 2925 si
1467 2870 1735 2926 Christus
1750 2869 1811 2923 in
1830 2869 1993 2923 vobis

341 2966 450 3016 est.
484 2976 697 3032 corpus
728 2959 967 3031 quidem
1002 2966 1297 3016 mortuum
1333 2966 1475 3014 est.»
1510 2944 1990 3030 Corpus,inquit,

340 3055 640 3106 mortuum
673 3049 789 3103 erit
817 3048 1012 3121 quoad
1037 3050 1260 3121 peccati
1286 3048 1855 3120 operationemnam
1884 3048 1994 3102 hoc

2095 1890 2195 1944 οὐκ
2223 1882 2548 1964 ἕχετε,ἁλλᾶ
2573 1911 2599 1939 ‹‹
2633 1886 2848 1951 Εῗ’τις,‹‹
2877 1887 2950 1947 ὡς
2971 1885 3058 1942 ἐπὶ
3083 1883 3589 1959 ἁλλωνᾸΙνεῦμαδὲ
3606 1887 3747 1961 Χρι-
3818 1871 3826 1875 ’

2095 1985 2223 2036 στοῦ
2254 1983 2391 2043 εἷπε,
2422 1981 2488 2035 τὰ
2518 1980 2835 2056 χαρίσματα
2862 1985 2963 2048 τῆς
3006 1983 3211 2046 Καινῆς
3262 1981 3557 2048 Διαθῆκης.
3612 1986 3748 2033 Κοι-

2094 2071 2185 2127 νὸν
2214 2072 2313 2143 γὰρ
2347 2071 2555 2143 Πατρὸς
2586 2069 2675 2124 καὶ
2734 2069 2861 2123 Υίοῦ
2911 2071 2973 2123 τὸ
3027 2073 3248 2139 Πνεῦμπ
3321 2070 3615 2144 [ΣΕΥΗΡ.]
3668 2069 3750 2127 Τὸ

2099 2163 2317 2231 Πνεῦμα
2349 2155 2405 2212 δὲ
2433 2162 2530 2212 τοῦ
2570 2157 2878 2231 ἐγείραντος
2933 2154 3106 2231 ἤγουν
3165 2158 3373 2231 [Ιατρὸς
3427 2160 3635 2227 Ἰησοῦν
3688 2157 3752 2212 ἐκ

2098 2253 2322 2319 νεκρῶν.
2383 2248 2484 2305 Καὶ
2540 2247 2727 2302 πάλιν·
2769 2247 2849 2304 T6
2910 2250 3125 2318 Ιινεῦμα
3206 2251 3303 2302 τοῦ
3368 2248 3495 2302 Υἶοῦ
3555 2246 3751 2303 αὐτοῦ.

2107 2364 2126 2390 ι
2167 2338 2228 2394 Εἰ
2258 2336 2313 2391 δὲ
2346 2340 2583 2411 Χριστος
2617 2336 2669 2391 ἐν
2717 2337 2863 2408 ὑμῖν.
2902 2361 2928 2387 »ι
2987 2338 3059 2392 Τὸ
3124 2334 3370 2406 λυπηρὸν
3422 2335 3509 2391 ἐπὶ
3570 2334 3752 2391 ἄλλου

2101 2428 2212 2489 θεῖς
2239 2428 2326 2482 καὶ
2358 2425 2490 2490 ἐνὸς.
2527 2452 2551 2478 «ι
2584 2427 2639 2481 ιδ’
2665 2425 2722 2482 δὲ
2750 2448 2837 2489 τες
2870 2429 2996 2501 γὰρ,
3029 2427 3182 2499 φησῖ,
3209 2427 3426 2496 Ονεῦμα
3456 2429 3610 2488 Θεοῦ,
3636 2448 3657 2475 ι
3682 2424 3753 2480 16

2102 2519 2339 2587 ποιητὸν
2375 2518 2517 2571 εἶ’πεν
2550 2516 2632 2571 ἐπὶ
2667 2517 2872 2580 αὐτῶν,
2920 2516 3012 2571 καὶ
3051 2516 3455 2584 πληθδντικῶς.
3508 2540 3534 2567 ε(
3576 2515 3639 2571 Εἴ
3688 2511 3752 2569 δὲ

2101 2606 2330 2678 Χριστὸς
2363 2604 2415 2660 ἐν
2451 2606 2597 2679 ὑμῖν.
2624 2606 2687 2661 16
2739 2605 2833 2677 μὶν
2887 2609 3045 2678 σῶμα
3099 2604 3309 2679 νεκρόν.
3348 2628 3375 2655 ››
3429 2604 3505 2661 Τὸ
3564 2608 3750 2676 σῶμα,

2104 2696 2292 2773 ῳησῖν,
2360 2692 2507 2751 ἔσται
2564 2695 2774 2765 νεκρὸν,
2833 2694 2907 2758 ὡς
2966 2694 3102 2770 πρὸς
3156 2696 3258 2754 τίν
3327 2699 3428 2762 τῆς
3484 2694 3756 2770 ἁμαρτιας

2104 2785 2392 2863 ἐνέργειαν.
2424 2788 2594 2840 Τοῦτο
2626 2785 2728 2862 γὰρ
2768 2785 2854 2845 16.
2917 2782 2986 2840 δι’
3045 2785 3312 2857 ἁμαρτίαν
3400 2781 3636 2857 Ἐδειξεν
3678 2785 3757 2847 ὡς

2105 2875 2167 2932 οὐ
2191 2884 2292 2943 τῆς
2324 2875 2521 2944 σαρκὸς
2562 2879 2879 2947 κατηγορεῖ,
2948 2871 3096 2928 ἀλλὰ
3152 2879 3252 2943 τῆς
3309 2874 3602 2945 ἁμαρτίας.
3674 2876 3749 2945 Τῇ

2106 2966 2210 3045 γὰρ
2278 2968 2521 3040 ἁμαρτεᾳ
2604 2966 2900 3039 προσέταξε
2970 2967 3132 3018 τοῦτο
3216 2960 3465 3040 γενέσθαί
3544 2962 3750 3036 νεκρὸν,

2106 3056 2222 3111 ἀντὶ
2253 3061 2372 3113 τοῦ.
2401 3056 2502 3125 τήν
2534 3053 2803 3128 ἁμαρτίαν
2846 3052 3224 3128 μήθὲνεργεῖν.
3288 3054 3500 3125 Πνεῦμα
3560 3049 3619 3106 δὲ
3676 3050 3758 3106 ἐν·

348 3138 644 3209 signiﬁcat
674 3133 744 3190 δι’
783 3138 1069 3211 ἁμαρτίαν.
1104 3137 1375 3194 Ostendit
1413 3138 1571 3208 quod
1603 3153 1842 3192 carnem
1872 3152 1990 3191 non

2106 3150 2295 3209 ταῦθα.
2327 3146 2426 3215 τήν
2487 3144 2673 3218 ψυχήν
2730 3141 3186 3216 προσηγόρευσεν,
3253 3141 3328 3203 ὠς
3381 3143 3753 3213 πνευματικῆν

346 3229 753 3284 accuset..\'am
788 3236 1026 3299 peccato
1051 3228 1234 3298 jussit
1263 3244 1476 3298 corpus
1506 3226 1993 3291 mortiﬁcariJioc

352 3324 463 3382 est,
491 3333 565 3373 ne
600 3326 900 3388 peccatum
945 3323 1314 3388 operaretur.
1378 3316 1661 3387 Spiritum
1702 3331 1837 3369 vero
1868 3315 1995 3370 ani-

357 3422 518 3461 mum
553 3406 649 3461 hic
672 3406 989 3476 appellavit
1011 3414 1290 3475 tanquam
1313 3405 1439 3477 jam
1465 3405 1833 3476 spiritualem
1866 3404 1999 3458 effe-

356 3497 658 3553 ctum.Per
691 3494 1155 3563 huncjustitiam
1185 3495 1463 3565 prosequi
1487 3493 1854 3564 jubet.cujus
1876 3493 2001 3547 fru-

354 3595 485 3644 ctus
505 3587 622 3642 vita
651 3594 734 3640 est
753 3586 1003 3641 maxime
1022 3586 1302 3657 optabilis
1325 3602 1376 3641 :u
1399 3585 1649 3656 Spiritus
1675 3590 1872 3640 autem
1888 3584 2004 3640 vita

356 3683 466 3737 est.
503 3698 528 3723 »
562 3677 641 3731 Ne
695 3676 927 3742 timeas,
987 3675 1202 3745 inquit,
1255 3690 1389 3730 cum
1448 3682 1747 3731 mortuum
1792 3672 1998 3728 audis:

355 3767 542 3824 habes
567 3781 827 3836 namque
859 3772 918 3820 et
937 3765 1111 3820 vitam
1133 3781 1347 3836 nempe
1378 3764 1659 3836 Spiritum
1676 3763 2003 3835 adjustitiaa

356 3855 1301 3930 operationem.Quemadmodum
1335 3863 1530 3910 autem
1546 3855 1720 3911 dixit:
1737 3876 1765 3906 ‹‹
1785 3855 2007 3926 Corpus

360 3948 601 4019 quidem
633 3953 934 4001 mortuum
961 3952 1068 4011 est,
1101 3967 1127 3992 υ
1179 3945 1260 4000 ita
1292 3950 1350 4000 et
1388 3961 1761 4017 consequens
1789 3950 1917 3999 erat
1944 3949 2010 3998 ut

361 4037 604 4097 diceret.
639 4060 665 4085 α
703 4036 957 4107 Spiritus
987 4042 1184 4091 autem
1236 4035 1372 4089 vivit
1426 4058 1453 4083 »
1486 4041 1559 4090 At
1597 4035 1779 4090 dixit:
1815 4057 1843 4083 ‹‹
1882 4034 2011 4090 Vita

362 4132 472 4192 est,
506 4149 531 4173 ιι
562 4126 882 4180 ostendens
912 4140 1030 4180 non
1065 4130 1295 4179 tantum
1325 4123 1514 4179 vivere
1568 4124 1871 4195 Spiritum.
1906 4122 2010 4179 sed

362 4221 421 4270 et
451 4214 798 4270 vivificareu
834 4214 938 4277 Qui
975 4212 1251 4267 excitavit
1279 4212 1573 4266 Christum
1601 4228 1671 4267 ex
1699 4211 2012 4268 mortuis.»

363 4304 663 4359 Excitatus
713 4310 804 4360 est
858 4302 1144 4357 Dominus
1201 4307 1407 4356 noster
1451 4303 1619 4357 Jesus
1678 4301 1945 4356 Christus
1980 4318 2015 4356 a

368 4395 845 4453 Patre.restituta
875 4393 990 4448 vita
1020 4391 1213 4463 quoad
1245 4407 1485 4447 carnem
1516 4392 1668 4460 ejus,
1693 4408 1800 4463 per
1828 4391 2010 4461 Spiri-

366 4491 488 4540 tum
524 4490 797 4542 sanctum
829 4484 930 4554 qui
964 4483 1151 4554 ipsius
1181 4484 1501 4552 est.ltaque
1533 4481 1648 4537 dici
1682 4487 1873 4553 potest
1894 4487 1953 4537 et
1982 4497 1994 4536 ε

2125 4486 2398 4558 θεοπρεπῆ
2428 4483 2575 4556 παρᾶ
2619 4486 2716 4537 τοῦ
2784 4484 2997 4558 Ματρὸς
3051 4479 3123 4538 δι’

368 4577 537 4631 Patre
569 4576 858 4631 excitatus
895 4589 1040 4629 esse.
1079 4573 1189 4628 Sed
1223 4580 1275 4627 et
1310 4574 1439 4643 ipse
1464 4578 1592 4628 erat
1619 4572 1718 4642 qui
1756 4588 1858 4643 per
1889 4572 2018 4642 Spi-

371 4665 550 4719 ritum
573 4670 846 4719 sanctum
873 4662 1185 4727 excitabat,
1217 4662 1371 4717 805
1402 4660 1603 4716 omnia
1645 4676 1903 4732 namque
1929 4660 2019 4715 di-

365 4751 503 4807 vina
531 4768 567 4806 a
595 4754 762 4807 Patre
793 4751 1133 4806 el‘ticiuntur
1164 4766 1272 4822 per
1301 4749 1513 4804 Filium
1547 4749 1609 4805 in
1640 4749 1880 4822 Spiritu.
1908 4749 2022 4804 Ex-

371 4840 577 4897 citabit
606 4856 743 4911 ergo
772 4846 830 4894 et
858 4840 1127 4895 Christus
1157 4846 1362 4895 nostra
1377 4856 1627 4911 corpora
1659 4855 1728 4894 ex
1746 4838 2018 4895 mortuis.

372 4956 402 4982 «
442 4929 835 4986 Vivificabitet
857 4930 1173 4985 mortualia
1197 4944 1446 5000 corpora
1459 4935 1707 4984 vestra.»
1722 4929 1811 4984 Ad
1825 4944 2022 4983 resur-

372 5021 655 5079 rectionis
688 5035 1023 5076 sermonem
1057 5020 1232 5074 venit.
1266 5019 1412 5084 Quia
1433 5034 1568 5074 vero
1590 5019 1652 5074 in
1683 5019 1793 5075 hac
1814 5034 2022 5075 omnes

374 5113 613 5187 quidem
650 5116 1002 5181 resurgunt:
1041 5108 1143 5163 sed
1174 5108 1272 5163 alii
1307 5108 1548 5178 quidem
1587 5107 1663 5164 ad
1689 5108 1888 5177 vitam,
1920 5109 2022 5171 alii

370 5220 508 5259 vero
560 5202 636 5259 ad
697 5215 953 5272 poenam,
1023 5214 1143 5253 non
1200 5198 1390 5253 dixit:
1449 5198 1866 5266 Resuscitabit,
1921 5199 2024 5256 sed

373 5312 402 5341 ‹‹
434 5291 784 5358 Viviﬁcabit,
821 5312 848 5339 »
881 5290 993 5345 hoc
1025 5294 1134 5351 est,
1163 5286 1239 5343 ad
1283 5287 1462 5343 vitam
1491 5293 1550 5341 et
1577 5287 1824 5358 gloriam
1856 5304 2024 5344 resu-

2103 3232 2210 3304 ἤδη
2258 3234 2654 3308 γεγενημὲνην.
2717 3232 2900 3307 Ταῦτῃ
2957 3233 3194 3301 μετιέναι
3252 3231 3350 3298 τήν
3401 3226 3749 3300 δικαιοσῖντ,ν

2100 3321 2332 3383 κελεῦει,
2373 3324 2439 3391 ἧς
2472 3322 2676 3390 καρπὸς
2709 3318 3024 3394 ἀξιέραστος
3055 3321 3090 3390 ἡ
3124 3320 3260 3391 ζωή.
3306 3344 3334 3371 ‹‹
3363 3320 3435 3374 Τὸ
3473 3315 3533 3375 δὲ
3582 3322 3755 3374 Πνεῦ-

2109 3433 2181 3484 μα
2232 3413 2367 3482 ζωή.
2410 3435 2436 3461 ››
2499 3412 2589 3476 MT‘,
2658 3403 2931 3485 906m)“,
2998 3407 3183 3488 φησὶν,
3262 3408 3472 3463 ἁκούων
3538 3408 3751 3479 νεκρόν.

2105 3503 2295 3577 Ἔχεις
2333 3500 2439 3579 γὰρ
2491 3500 2582 3555 καὶ
2637 3500 2783 3570 ζωήν
2851 3500 2914 3554 τὸ
2955 3503 3194 3571 Πνεῦμα,
3263 3498 3341 3561 εἷς
3401 3496 3753 3569 δικαιοσύνης

2107 3591 2394 3666 ἐνέργειαν.
2425 3592 2628 3664 Ὠσπερ
2668 3586 2726 3645 δὲ
2778 3589 2917 3659 εῗπε,
2961 3613 2988 3640 ‹‹
3020 3591 3095 3644 Τὸ
3131 3589 3225 3660 μὲν
3276 3593 3435 3662 σῶμα
3478 3588 3689 3663 νεκρὸν,
3722 3613 3750 3641 ››

2109 3680 2280 3742 οὕτως
2308 3683 2373 3749 ἦν
2433 3679 2733 3735 ἁκῦλουσιον
2775 3679 2964 3749 εἰπεῖν,
3025 3704 3052 3730 ‹‹
3083 3679 3147 3734 τὸ
3205 3675 3262 3734 δὲ
3302 3681 3517 3753 Πνεῦμα
3561 3683 3689 3748 ζῶν,
3722 3700 3751 3730 »

2109 3769 2237 3827 ἀλλ’
2269 3771 2410 3836 εἷπε,
2444 3793 2471 3822 ›ι
2508 3771 2645 3839 ζωή,
2677 3793 2704 3821 ››
2749 3765 2957 3829 δεικνὺς
2990 3767 3053 3822 οὗ
3086 3767 3248 3840 μόνον
3280 3772 3385 3838 ζῶν
3419 3769 3481 3822 τὸ
3513 3772 3748 3843 Πνεῦμα,

2110 3858 2259 3917 ἁλλὰ
2286 3859 2375 3915 καὶ
2407 3858 2703 3930 ζωοποιόν.
2736 3883 2763 3910 a
2803 3859 2863 3916 Ὀ
2894 3858 3102 3933 ἐγείρας
3131 3859 3221 3912 τὸν
3268 3859 3499 3930 Χριστὸδ
3554 3856 3608 3912 ἑκ
3660 3876 3744 3910 νε-

2110 3954 2273 4020 κρῶν.
2312 3972 2339 4001 υ
2390 3948 2712 4023 [ΚΥΡΙΛΛ.]
2765 3947 3144 4022 ’ίεῖγτίγερταιὸ
3177 3945 3379 4023 Κύριος
3428 3949 3576 4022 ἡμῶν
3624 3944 3738 4012 Ἰη-

2115 4043 2241 4100 σοῦς
2273 4039 2502 4103 Χριστὸς
2539 4038 2686 4109 παρὰ
2742 4041 2836 4092 τοῦ
2896 4038 3125 4111 Πιτρὸς,
3186 4034 3576 4111 ἐνεργουμένης
3629 4034 3753 4108 περὶ

2113 4130 2211 4196 τὴν
2247 4129 2418 4202 σάρκα
2447 4126 2617 4182 αὐτοῦ
2647 4134 2746 4192 τῆς
2779 4132 2946 4194 ζωῆς,
3000 4124 3089 4180 διὰ
3132 4130 3235 4182 τοῦ
3288 4126 3450 4206 ἁγίου
3513 4123 3761 4196 Πνεῦμα-

2115 4237 2228 4285 τος,
2261 4215 2291 4270 ὅ
2350 4217 2488 4271 ἐστιν
2548 4216 2735 4271 αὐτοῦ.
2800 4213 3011 4272 Οὐκοῦν
3065 4216 3156 4270 καὶ
3195 4215 3484 4291 ἐγηγὲρθαι
3541 4211 3764 4288 λέγοιτο

2118 4307 2265 4377 παρὰ
2293 4302 2391 4360 τοῦ
2434 4304 2663 4376 Πατρὸς.
2688 4302 2834 4358 ἀλλὰ
2873 4302 2963 4357 καὶ
3004 4304 3167 4365 αὐτός
3220 4306 3287 4373 ἦν
3339 4303 3368 4359 ὁ
3413 4301 3647 4366 ἀναστὰς
3678 4300 3768 4357 διὰ

2118 4399 2215 4451 τοῦ
2281 4395 2435 4470 ἁγίοῦ
2507 4393 2839 4466 ΙΙνε-ὃματοςο
2910 4393 3086 4450 πάντα
3148 4393 3251 4469 γὰρ
3342 4393 3637 4470 ἐνεργεῖται
3704 4392 3773 4448 τὰ

3187 4482 3316 4538 Υίοῦ
3354 4482 3406 4537 ἰν
3471 4483 3769 4557 ΙΙνεῦματι.

2124 4573 2335 4646 Ἑγεδεεῖ
2380 4571 2558 4626 τοίνυν
2612 4571 2700 4626 καὶ
2739 4572 2807 4626 16.
2864 4574 3025 4643 ἡμῶν
3080 4572 3307 4643 σώματα
3364 4570 3423 4626 ἐκ
3478 4576 3681 4647 νεκρῶν
3743 4573 3773 4628 ὁ

2126 4661 2379 4734 Χριστὸς.
2412 4685 2440 4711 ‹‹
2483 4662 2826 4729 Ζωοποιῆσει
2855 4659 2944 4714 καὶ
2975 4659 3040 4714 τὰ
3080 4659 3249 4731 θνητὰ
3271 4659 3503 4735 σώματα
3532 4660 3711 4733 ὑμῶν.
3744 4683 3773 4711 ιο

2129 4750 2222 4813 hic
2257 4752 2342 4806 τὸν
2371 4750 2497 4825 περὶ
2553 4749 2890 4811 ἀναστάσεως
2944 4747 3083 4819 ἦλθε
3122 4745 3307 4825 λόγον.
3367 4748 3520 4806 Ἐπεὶ
3576 4750 3669 4805 οὖν
3723 4748 3777 4806 ἐν

2126 4840 2294 4916 ταύτῃ
2328 4848 2522 4901 πάντες
2559 4840 2652 4910 μὶν
2681 4837 3005 4894 ἀνίστανταιο
3066 4835 3196 4893 ἀλλ’
3241 4839 3294 4893 οἱ
3335 4840 3431 4912 μὲν
3482 4836 3558 4901 είς
3606 4841 3772 4909 ζωὴν,

2129 4930 2181 4984 οἱ
2215 4926 2272 4985 εὶ
2291 4927 2368 4993 είς
2405 4927 2700 5003 τιμωρίαν,
2722 4927 2822 4983 οὐκ
2838 4927 3360 4999 ﬂammma-11531“
3386 4925 3551 4997 ἀλλὰ,
3576 4953 3602 4978 οι
3627 4935 3779 4984 Ζωο-

2129 5020 2371 5089 ποιήσει,
2407 5042 2436 5070 ι)
2466 5019 2763 5087 τουτέστιν,
2794 5016 2871 5079 είς
2930 5019 3076 5088 ζωὴν
3126 5017 3216 5074 καὶ
3266 5015 3422 5089 δόξαν
3466 5019 3774 5090 ἀναστήσει.

2132 5133 2160 5162 ι(
2193 5107 2293 5164 Διὰ
2322 5108 2383 5162 τὸ
2409 5106 2653 5162 ἒνοικοῦν
2698 5107 2864 5163 αὖτοῦ
2917 5111 3153 5179 Πνεῦμα.
3192 5130 3220 5158 ››
3269 5108 3382 5176 Τὴν
3432 5107 3607 5164 αἰτίαν
3661 5109 3781 5166 εἶπε

2132 5199 2232 5266 τῆς
2278 5198 2684 5265 ζωοποιήσεως.
2727 5196 2805 5252 Οὐ
2835 5195 2936 5268 γὰρ
2990 5197 3075 5260 16,
3126 5196 3467 5267 Ἐνοικῆσαν,
3516 5195 3665 5253 ἀλλὰ
3715 5197 3780 5254 16

2135 5287 2436 5351 Ἐνοικοῦν,
2476 5286 2577 5353 τήν
2611 5282 2681 5339 δι’
2710 5282 2846 5340 ’ὀλου
2890 5286 3057 5357 μονὴν
3084 5283 3288 5355 δηλῶν.

375 5381 629 5437 scitabit.
662 5402 689 5430 ‹‹
724 5381 973 5454 Propter
1001 5376 1285 5451 Spiritum
1334 5376 1464 5447 ejus
1519 5375 1974 5432 inhabitantem.
2008 5397 2037 5427 »
2103 5377 2351 5432 Causam
2384 5376 2531 5431 dixit
2580 5374 3009 5433 viviﬁcationis.
3040 5377 3154 5432 Nec
3193 5373 3379 5431 dixit:
3416 5376 3527 5443 Qui
3555 5376 3787 5434 inhabi-

373 5469 558 5533 tavit;
588 5468 713 5534 sed,
746 5492 773 5519 «
811 5468 1275 5533 Inhabitantem,
1313 5488 1341 5516 »ι
1370 5464 1713 5538 signiﬁcans
1744 5466 2087 5523 continuam
2119 5464 2636 5522 inhabitationem.

446 5637 563 5696 ³⁸11
589 5639 794 5697 Thess.
823 5655 869 5706 ι,
898 5639 955 5693 6.
