4126 6256
430 336 545 396 487
1562 316 1979 393 (ΕΟΗΜΕΝῙΙ
2018 320 2330 392 TRICCE
2368 322 2755 394 EPISC'DPI.
3713 331 3853 393 188

421 465 570 523 ritus
613 467 852 524 auxilio.
885 466 1171 523 Similiter
1209 471 1409 523 autem
1452 470 1509 521 et
1556 464 1815 538 Spiritus
1847 463 1933 521 tui
1965 480 2039 521 cu

2188 464 2489 539 βοηθείας.
2543 465 3119 540 [ΟΙΚΟΥΜΕΝ1οΥ..]
3174 446 3450 531 δΩσαύτως
3507 461 3565 520 δὲ
3617 448 3704 520 καὶ
3768 464 3842 520 τὸ

428 573 554 612 ram
604 557 866 623 habebit,
890 558 1183 629 spirituali
1206 556 1669 612 videlicetdono.
1696 580 1720 606 ιι
1743 558 1857 611 Hoc
1883 556 2079 627 ipsum

426 645 584 717 quod
603 648 825 702 oraturi
857 648 1064 702 simus.
1093 670 1119 696 ››
1144 648 1213 702 Et
1233 647 1374 718 quid
1409 646 1561 706 dico.
1594 645 1808 717 inquit,
1829 644 1984 716 quod
2005 643 2080 699 ad

418 736 750 791 tolerantia)
783 736 1191 808 operationem
1224 736 1413 792 sancti
1453 736 1707 808 Spiritus
1736 734 1956 790 auxilio
1977 749 2078 789 no-

419 824 512 880 bis
544 842 690 897 opus
718 826 796 881 sit
824 826 1058 882 iEtiam
1085 827 1145 882 in
1176 827 1269 882 bis
1302 843 1435 897 qum
1488 825 1834 881 facilitatem
1861 824 2076 879 habere

420 915 713 972 videntur.
740 916 919 972 veluti
944 918 1004 972 in
1036 917 1322 972 oratione.
1351 917 1505 971 idem
1536 916 1709 971 nobis
1741 915 2032 987 contingit
2059 931 2073 981 ;

420 1003 722 1059 interdum
742 1005 899 1061 enim
924 1006 1139 1062 accidit
1156 1014 1220 1061 ut
1240 1006 1477 1061 inutilia
1492 1004 1878 1076 postulemus.
1900 1027 1919 1052 ι
1949 1006 2074 1059 Non

420 1093 712 1150 novimus.
737 1118 763 1143 ››
783 1096 973 1150 Etiam
991 1095 1249 1167 seipsum
1271 1094 1597 1150 immiscuit
1617 1110 1690 1149 ne
1703 1107 1898 1147 sermo
1920 1090 2080 1147 odio-

422 1199 522 1237 sus
548 1182 833 1239 videatur.
871 1207 896 1234 ‹‹
922 1184 1030 1239 Sed
1054 1187 1180 1256 ipse
1204 1183 1452 1255 Spiritus
1484 1181 1818 1238 intercedit.
1854 1202 1881 1232 ,›
1917 1181 2075 1238 Olim

418 1273 579 1326 varia
608 1272 766 1327 dona
799 1274 936 1328 varii
971 1273 1361 1344 accipiebant.
1398 1272 1743 1344 prophetiae,
1778 1271 2071 1342 interpre-

418 1361 685 1430 tationis,
720 1361 1054 1435 linguarum
1083 1378 1096 1417 :
1131 1378 1261 1433 qum
1284 1362 1487 1418 omnia
1510 1361 1784 1433 spiritum
1816 1358 2076 1431 appella-

417 1449 581 1514 bant,
617 1457 897 1523 tanquam
917 1469 951 1507 a
969 1452 1188 1523 Spiritu
1212 1452 1430 1507 donata
1476 1451 1763 1506 Similiter
1791 1456 1989 1505 autem
2013 1454 2071 1504 et

417 1541 700 1613 precandi
758 1542 980 1597 donum
1031 1542 1270 1613 quidam
1304 1540 1694 1612 accipiebant.
1731 1542 1872 1596 Cum
1909 1538 2068 1594 enim

416 1631 718 1703 ignoraret
736 1632 941 1705 vulgus
968 1632 1111 1704 quid
1131 1632 1278 1687 utile
1302 1637 1478 1697 esset,
1514 1630 1767 1701 ideoque
1791 1646 1912 1685 non
1933 1644 2067 1683 raro

412 1720 655 1777 inutilia
702 1722 1052 1794 postularet,
1101 1721 1477 1794 accipiebant
1526 1720 1803 1775 nonnulli
1842 1718 2066 1774 donum

407 1811 790 1882 precationis,
824 1817 883 1866 et
911 1829 1014 1882 pro
1044 1812 1318 1866 universo
1370 1811 1589 1883 populo
1620 1808 2019 1882 precabantur
2049 1822 2064 1862 :

417 1899 575 1971 quod
610 1900 833 1956 donum
867 1901 1044 1956 etiam
1079 1900 1351 1971 spiritum
1387 1900 1788 1971 appellabant.
1822 1899 1940 1954 Hoc
1980 1904 2069 1953 est

415 2004 552 2060 ergo
613 1990 772 2060 quod
827 1989 1016 2044 dicit:
1057 1992 1189 2061 Ipsa
1245 2005 1483 2060 quoque
1537 1988 1819 2061 precandi
1879 1989 2067 2061 gratia

412 2093 519 2149 pro
536 2078 706 2134 nobis
738 2078 893 2150 apud
913 2080 1095 2134 Deum
1113 2079 1428 2135 intercedit
1453 2079 1771 2148 gemitibus
1797 2093 2063 2134 Incarna-

410 2166 720 2223 rabilibus.
757 2167 817 2222 ld
851 2180 1048 2224 au‘em
1083 2169 1251 2234 dixit,
1288 2168 1646 2223 confirmare
1677 2169 1878 2223 volens
1908 2165 2064 2237 quod

407 2257 753 2331 ignoremus
779 2276 1039 2330 quonam
1056 2260 1227 2315 modo
1241 2276 1411 2315 orare
1436 2266 1722 2332 oporteat.
1754 2258 1873 2314 Nisi
1902 2258 2061 2313 enim

407 2347 520 2403 hoc
552 2354 729 2414 esset,
762 2348 978 2419 inquit,
1013 2349 1155 2420 quid
1187 2366 1430 2405 necesse
1465 2351 1616 2404 foret
1644 2348 1932 2419 quosdam
1960 2364 2060 2403 ac-

407 2436 604 2507 cipere
635 2436 855 2493 donum
885 2439 1162 2508 precandi
1198 2455 1301 2509 pro
1334 2438 1553 2510 populo
1574 2438 1603 2492 ‘?
1625 2439 1741 2493 Hoc
1764 2452 1926 2493 nunc
1943 2435 2061 2492 dia-

407 2541 593 2582 conus
624 2527 1013 2599 supplicando
1046 2529 1323 2599 complet.
1364 2530 1489 2584 Non
1522 2528 1671 2584 dixit
1695 2535 1893 2583 autem
1920 2541 2057 2598 quo.

406 2633 641 2689 cunque
694 2619 867 2674 modo
908 2614 1242 2692 ἐντυγχάνει,
1294 2619 1353 2673 id
1404 2626 1511 2674 est.
1563 2617 1898 2680 intercedit,
1952 2614 2058 2671 sed

410 2704 858 2780 ὑπερεντυγχάνει
892 2724 997 2779 per
1044 2707 1459 2778 compositum.
1496 2705 1840 2779 signiﬁcans
1882 2705 2055 2760 v'he-

406 2800 664 2849 mentam
693 2812 1026 2868 magnoque
1052 2795 1247 2851 studio
1277 2796 1489 2851 factam
1532 2793 2050 2866 supplicationem.

409 2905 437 2933 α
470 2884 575 2949 Qui
600 2890 798 2939 autem
823 2891 1121 2940 scrutatur
1145 2883 1342 2940 corda.
1370 2908 1394 2931 η
1423 2886 1551 2955 Ipse
1578 2882 2053 2954 Paracletus,qui

407 2973 803 3044 spiritualium
837 2973 1147 3029 hominum
1181 2974 1360 3029 corda
1389 2972 1720 3042 investigat,
1745 2988 1951 3027 eorum
1972 2971 2052 3025 vi-

406 3061 642 3129 delicet,
676 3062 774 3134 qui
808 3064 1086 3135 precandi
1118 3064 1367 3137 gratiam
1400 3079 1467 3118 ac
1494 3063 1769 3134 spiritum
1800 3076 2045 3132 accepe-

402 3159 544 3207 runt
603 3174 628 3204 ιι
660 3153 825 3207 Novit
856 3153 989 3224 quis
1012 3153 1091 3208 sit
1120 3170 1330 3208 sensus
1351 3153 1615 3225 spiritus.
1647 3176 1672 3200 υ
1704 3151 1766 3206 Id
1800 3158 1904 3211 est.
1932 3150 2049 3223 spi-

401 3241 706 3296 ritualium
744 3218 1191 3313 hom-inum.qui
1226 3218 1447 3297 dictu-n1
1473 3241 1749 3313 precandi
1773 3218 2045 3312 spiritum
2076 3218 2120 3285 Ο
2159 3235 2417 3315 ἐντυχίαν
2453 3280 2467 3293 .

400 3336 775 3401 acceperunt.
837 3331 1003 3385 Novit
1059 3347 1296 3386 sensum
1351 3331 1470 3386 sive
1527 3330 2041 3402 supplicationem.

394 3421 549 3476 3I3
572 3421 913 3485 «Quoniam
940 3422 1267 3477 secundum
1302 3423 1482 3477 Deum
1509 3422 1891 3477 intercedit.»
1918 3422 2043 3475 Non

392 3509 631 3567 docent.
667 3509 879 3579 inquit,
910 3512 1007 3580 qui
1056 3511 1396 3582 spirituales
1446 3517 1585 3565 sunt
1634 3511 1817 3565 Deum
1872 3508 2042 3580 quasi

392 3600 789 3671 ignorantem,
831 3600 992 3655 novit
1033 3600 1192 3655 enim
1250 3600 1609 3655 Paracletus.
1645 3623 1670 3649 «
1709 3598 2042 3655 Secundum

393 3689 578 3744 Deum
629 3689 964 3745 intercedit.
1005 3712 1030 3738 ι)
1064 3690 1188 3746 Non
1222 3689 1546 3746 secundum
1579 3688 1842 3761 aliquam
1875 3689 2043 3744 noci-

394 3793 524 3833 vam
556 3778 1124 3850 concupiscentiam,
1166 3777 1270 3833 sed
1304 3779 1633 3834 secundum
1670 3786 1870 3837 Deum.
1929 3777 2043 3833 hoc

398 3874 505 3930 est.
558 3868 661 3923 Dei
712 3869 1095 3924 voluntatem.
1137 3893 1163 3919 α
1201 3870 1310 3923 Pro
1342 3869 1582 3924 sanctis.
1618 3891 1645 3918 ››
1679 3867 1796 3923 Hoc
1828 3874 1935 3934 est,
1968 3867 2042 3923 iis

388 3958 489 4028 qui
547 3975 652 4029 per
712 3958 1116 4029 precationem
1177 3957 1647 4014 sanctiﬁcantur.
1678 3956 1769 4012 vel
1800 3956 1899 4028 qui
1934 3973 2039 4027 pro

386 4045 552 4117 puris
572 4045 725 4116 Deoq
737 4062 806 4100 ue
822 4045 1195 4116 placentibus
1217 4044 1495 4117 operibus
1526 4044 1842 4117 petitiones
1865 4044 2037 4100 facit:

384 4133 472 4189 vel
507 4150 610 4205 pro
643 4133 987 4189 horninibus
1020 4134 1395 4189 sanctitatem
1423 4132 1924 4188 desiderantibus.

457 4222 574 4288 Vll,
609 4223 676 4277 '28
714 4223 801 4278 30.
837 4222 1047 4279 Scimus
1090 4233 1276 4278 autem
1307 4223 1443 4294 quia
1471 4222 1829 4292 diligentibus
1868 4225 2038 4278 t‘cum

388 4314 575 4369 omnia
605 4320 970 4383 coaperantur
999 4313 1073 4368 ad
1104 4313 1301 4367 bonum
1341 4312 1425 4368 his
1455 4311 1554 4382 qui
1581 4311 1876 4367 secundum
1905 4328 2035 4383 pro-

379 4405 622 4474 positum
668 4405 849 4458 vocati
890 4410 1037 4458 sunt.
1072 4402 1345 4468 Quoniam
1377 4416 1510 4472 quos
1537 4404 1832 4471 przscivit,
1867 4403 2036 4455 etiam

380 4492 751 4562 prwdeﬁnivit
777 4496 1081 4562 con/armes
1112 4490 1370 4561 imaginis
1402 4491 1537 4545 1⁷ιίἰὶ
1564 4490 1653 4545 sui
1684 4507 1702 4544 :
1733 4498 1793 4544 ut
1821 4492 1893 4544 sit
1919 4492 2032 4559 ipse

376 4583 783 4651 primogenitus
810 4584 957 4637 inter
987 4582 1186 4637 multos
1237 4583 1462 4650 fratres.
1508 4581 1650 4644 Quos
1680 4587 1863 4634 autem
1888 4594 2030 4649 prw-
2058 4585 2104 4649 Β
2146 4582 2305 4637 αὐτὸν

382 4669 652 4737 deﬁnivit.
712 4673 922 4725 eosdem
971 4676 1023 4726 et
1078 4674 1338 4736 vocavit;
1391 4675 1443 4724 et
1483 4685 1616 4741 quos
1665 4669 1900 4732 vocavit,
1934 4667 2029 4725 hos

384 4763 441 4813 et
478 4758 810 4827 justiﬁcavit
843 4775 857 4815 :
907 4775 1041 4831 quos
1095 4775 1223 4815 vero
1267 4758 1626 4831 justiﬁcavit,
1659 4765 1709 4814 et
1740 4773 1826 4813 eos
1855 4756 2030 4829 glori-

382 4848 589 4918 ﬁcavit.

455 4956 562 5023 Ita,
596 4954 810 5027 inquit.
845 4955 918 5012 ob
948 4955 1345 5029 ignorantiam
1397 4971 1575 5029 quam
1625 4957 1687 5012 in
1732 4955 2030 5028 precando

380 5046 664 5118 patimur.
697 5044 972 5117 aSpiritu
1004 5045 1445 5112 adjuvamur,ut
1466 5045 1645 5101 etiam
1681 5044 1836 5101 mala
1858 5044 2028 5101 nobis

379 5136 761 5191 convertatin
790 5135 959 5190 bona.
985 5157 1007 5186 α
1044 5134 1255 5193 Omnia
1285 5143 1697 5207 c00perantur.
1738 5159 1763 5183 ν
1797 5135 2027 5201 Omnia,

371 5224 588 5296 inquit,
646 5226 827 5281 etiam
880 5224 1036 5279 mala
1071 5250 1084 5288 ;
1118 5224 1413 5295 siquidem
1450 5224 1572 5280 hinc
1606 5241 1843 5295 quoque
1879 5225 2029 5279 Deus

380 5314 677 5369 convertit
724 5313 784 5369 in
826 5313 1002 5370 bona.
1048 5315 1188 5368 Nam
1240 5312 1315 5368 ad
1356 5328 1558 5367 eorum
1591 5312 1691 5382 qui
1725 5313 2032 5383 patiuntur

377 5398 630 5469 gloriam
682 5409 1128 5458 convertuntur.
1181 5403 1367 5472 Majas
1414 5408 1505 5457 est
1552 5407 1747 5456 autem
1782 5401 1843 5455 in
1876 5400 2033 5457 bona

382 5491 645 5545 converti
698 5509 877 5563 quam
928 5493 1173 5548 omnino
1224 5508 1344 5546 non
1390 5490 1820 5563 supervenisse.
1863 5512 1891 5539 «
1921 5490 2029 5553 Qui

385 5579 714 5636 secundum
748 5585 1142 5655 propositum.
1180 5606 1205 5631 »
1239 5581 1384 5649 Quia
1410 5580 1760 5637 incredibile
1790 5579 2031 5637 videba-

381 5672 483 5727 tur
499 5668 659 5726 mala
678 5671 938 5726 converti
970 5672 1033 5728 in
1058 5671 1235 5740 bona,
1258 5671 1561 5744 proposita
1591 5669 1693 5726 Dei
1724 5671 2029 5728 vocatione

2193 559 2410 625 Πνεῦμα
2440 556 2709 630 οροντῖσει
2738 577 2854 621 σου,
2888 556 3013 627 ἤτοι
3061 556 3125 613 τὸ
3172 555 3532 629 πνευματικὸν
3564 555 3845 631 χάρισμα,

2194 668 2219 696 υ
2252 644 2330 701 Τὸ
2358 644 2458 719 γὶρ
2489 644 2543 698 τί
2574 645 2981 720 προσευξόμεθα
3004 647 3137 710 καθὸ
3195 641 3296 701 δεῖ.
3334 669 3360 697 n
3395 644 3492 700 Καὶ
3548 645 3601 698 τί
3658 642 3841 721 λέγω,

2188 732 2350 810 φησῗν
2383 778 2397 803 ,
2457 732 2540 790 ὅτι
2598 735 2734 808 πρὸς
2792 735 3129 811 κατόρθωσιν
3211 735 3538 808 ὑπομονῆς,
3598 730 3845 805 δεόμεθα

2186 821 2533 898 ἀντιλήψεως
2589 825 2735 902 παρὰ
2820 827 2916 880 τοῦ
2989 824 3146 900 ἁγίου
3202 823 3564 897 Πνεύματοςς
3615 821 3719 878 Καὶ
3785 819 3841 876 ἐν

2183 918 2301 976 τοῖς
2352 911 2593 985 δοκοῦσι,
2652 912 2835 994 φησ’ν,
2894 914 3198 990 εὐχερέσιν,
3258 914 3378 969 οἷον
3435 911 3488 968 ἐν
3542 915 3611 987 τῇ
3663 911 3844 988 εὐχῇ,

2182 1007 2343 1058 τοῦτο
2374 1003 2676 1078 πάσχομεν.
2717 1005 2869 1060 Ἔστι
2898 1005 3001 1078 γὰρ
3058 1004 3148 1058 ὅτε
3204 1002 3493 1082 ἀσύμφορα
3547 1003 3842 1072 αιτοῦμεν,

2186 1117 2214 1145 ‹‹
2247 1093 2360 1148 Οὐκ
2393 1091 2634 1166 οἴδαμεν.
2666 1117 2694 1144 ››
2726 1093 2824 1148 Καὶ
2879 1093 3066 1165 ἑαυτὸν
3097 1086 3295 1164 ἔμιξεν,
3351 1092 3439 1146 ’ἰνσι
3499 1092 3574 1165 μή
3634 1089 3843 1165 εὐρεθῇ

2182 1181 2452 1261 ἐπαχθής.
2510 1206 2537 1234 ι(
2579 1180 2741 1237 Ἀλλ’
2796 1181 2929 1237 αὐτὸ
2985 1182 3046 1237 τὸ
3106 1184 3374 1254 Πνεῦμα.
3441 1179 3516 1235 Τὸ
3570 1177 3842 1247 παλαιὸν,

2182 1270 2499 1349 χαρίσματα
2540 1268 2762 1351 διεφορα
2800 1268 3007 1326 πολλοὶ
3067 1263 3393 1343 ἐλάμϐανον,
3450 1271 3841 1345 προφητεεῶν,

2180 1361 2504 1436 ὲρμηνειῶν,
2555 1358 2839 1438 γλωσσῶν.
2908 1360 3081 1433 Ἀπερ
3138 1359 3311 1416 πάντα
3361 1358 3640 1433 πνεύματα
3702 1357 3843 1413 ἑκα-

2179 1448 2331 1519 λουν,
2364 1450 2440 1515 ὡς
2493 1451 2600 1506 ἀπὸ
2662 1449 2973 1524 Πνεύματος
3035 1445 3316 1522 δεδόμενα.
3389 1449 3492 1506 Καὶ
3543 1447 3721 1523 εὐχῆς
3779 1445 3842 1503 δὲ

2178 1542 2427 1619 χάρισμα
2467 1533 2772 1614 ἐλάμϐανόν
2827 1560 2991 1601 τινες.
3047 1536 3272 1607 Ἐπειδὴ
3327 1538 3433 1614 γὰρ
3487 1538 3718 1615 ἀγνοοῦν
3773 1536 3840 1593 τὸ

2176 1625 2391 1696 πλῆθος
2449 1628 2511 1683 τὸ
2566 1629 2838 1707 συμφερον
2877 1672 2891 1697 ,
2943 1622 3063 1701 ᾔτει
3119 1624 3397 1689 πολλάκις
3479 1626 3786 1702 ἀσύμφορα
3820 1668 3841 1697 ,

2175 1712 2487 1790 ἐλάμϐανόν
2530 1737 2672 1780 τινες
2733 1717 2981 1793 χάρισμα
3031 1716 3226 1793 εὐχῆς,
3284 1715 3376 1773 καὶ
3435 1716 3567 1793 ὑπὲρ
3621 1715 3839 1779 παντὸς

2174 1812 2273 1865 τοῦ
2305 1807 2442 1864 λαοῦ
2473 1808 2738 1885 ηὔχοντο,
2773 1807 2907 1884 ὅπερ
2971 1806 3062 1862 καὶ
3121 1807 3254 1863 αὐτὸ
3310 1810 3530 1879 Πνεῦμα
3581 1802 3834 1883 ἐλέγετο.

2171 1900 2350 1953 Τοῦτο
2381 1898 2474 1953 οὖν
2506 1895 2677 1973 λέγει,
2729 1896 2813 1953 ὅτι
2841 1897 2932 1953 καὶ
2965 1896 3100 1967 αὐτή
3150 1897 3185 1967 ἡ
3244 1895 3407 1975 χάρις
3463 1901 3565 1966 τῆς
3621 1895 3833 1972 εὐχῆς,

2174 1986 2304 2062 ὑπὲρ
2368 1988 2530 2062 ἡμῶν
2587 1991 2667 2060 τῷ
2736 1991 2855 2060 Θεῷ
2912 1985 3230 2063 ἐντυγχάνει
3292 1984 3572 2061 μὲγίστοις
3631 2004 3830 2041 στενα-

2167 2080 2355 2152 γμοῖς.
2410 2079 2585 2133 Τοῦτο
2644 2073 2701 2131 δῖε
2750 2077 2896 2131 εἷπεν
2929 2119 2943 2144 ,
3007 2079 3265 2141 συστῆσαι
3337 2074 3677 2150 βουλόμενος
3742 2077 3830 2133 ὁτι

2170 2165 2473 2242 ἀγνοοῦμεν
2554 2163 2687 2220 καθὸ
2772 2161 2857 2219 δεῖ
2945 2163 3361 2240 προσεύξασοαι.
3449 2162 3509 2220 ΕΙ
3564 2165 3669 2240 γὰρ
3750 2165 3822 2238 μή

2168 2259 2354 2319 τοῦτο,
2405 2258 2588 2334 φησῗν,
2635 2256 2703 2327 ἦν
2754 2278 2839 2313 τις
2899 2256 3059 2333 χρεία
3118 2252 3306 2312 λαϐεῖν
3364 2274 3511 2318 τινας
3569 2256 3830 2332 χάρισμα

2170 2344 2246 2407 εἷς
2273 2346 2335 2401 τὸ
2367 2343 2621 2422 εὔχεσθαι
2652 2347 2785 2422 ὑπὲρ
2815 2351 2911 2402 τοῦ
2944 2344 3081 2402 λαοῦ
3110 2366 3126 2416 ;
3155 2348 3332 2403 Τοῦτο
3387 2343 3445 2402 δὲ
3488 2349 3579 2401 νῦν
3635 2347 3665 2401 6
3698 2343 3830 2402 διᾶ-

2168 2456 2324 2498 κονος
2371 2436 2585 2512 πληροῖ
2641 2436 2958 2493 λιτανεύων.
3018 2436 3133 2494 Οὐκ
3189 2437 3311 2492 εἷπε
3368 2433 3426 2492 δὶ
3481 2436 3826 2511 ἐντυγχάνει,

2169 2522 2297 2580 ἀλλ’
2367 2524 2842 2601 ὑπερεντυγχάνει.
2899 2527 3001 2596 τήν
3061 2525 3313 2583 σύντονον
3372 2525 3460 2581 καὶ
3511 2545 3821 2581 κατεσπου-

2166 2610 2440 2686 δασμένην
2501 2612 2686 2687 δηλῶν
2770 2612 3035 2689 ἔντευξιν.
3100 2640 3128 2668 ι(
3206 2616 3268 2674 Ὁ
3325 2612 3381 2671 δὲ
3437 2613 3652 2691 ἐρευνῶν
3711 2614 3818 2677 τὰς

2163 2700 2387 2775 καρδίας
2431 2726 2459 2754 »
2496 2703 2669 2767 Αὐτὸς
2697 2705 2726 2758 6
2780 2702 3159 2778 Παρᾶκλητος,
3217 2704 3246 2760 6
3298 2703 3395 2765 τὰς
3444 2700 3665 2777 καρδὶας
3702 2707 3824 2760 τῶν

2162 2795 2540 2863 πνευματικῶν
2594 2793 2890 2867 ἀνθρώπων
2949 2793 3244 2867 ἀνερευνῶν
3281 2836 3297 2865 ,
3370 2798 3481 2849 τῶν
3544 2793 3644 2860 τὴν
3701 2793 3824 2872 χά-

2161 2899 2246 2954 ριν
2275 2876 2500 2950 δηλαλὴ
2532 2883 2619 2937 καὶ
2674 2881 2737 2937 τὸ
2769 2885 2977 2956 πνεῦμα
3034 2886 3132 2939 τοῦ
3198 2880 3450 2957 εὔχεσθαι
3504 2878 3820 2943 λαϐόντων.

2166 2990 2188 3018 ι
2221 2970 2286 3026 Τί
2326 2969 2388 3023 τὸ
2421 2969 2679 3047 κρρόνημα
2707 2975 2804 3026 τοῦ
2851 2971 3185 3047 Πνεύματος.
3219 2996 3247 3025 ιι
3280 2975 3398 3031 Τῶν
3424 2977 3819 3047 πνευματικῶν

2158 3055 2476 3133 ἀνθρώπων,
2506 3063 2614 3114 τῶν
2670 3059 2732 3115 τὸ
2788 3059 3075 3135 εἰρημένον
3134 3068 3238 3132 τῆς
3293 3061 3470 3139 εὐχῆς
3526 3057 3819 3118 λαϐόντων

2155 3150 2366 3219 πνεῦμα
2395 3146 2486 3202 καὶ
2528 3146 2797 3223 χάρισμα.
2862 3146 2992 3205 υἶδε
3049 3155 3112 3205 τὸ
3167 3150 3424 3231 φρόνημα
3481 3150 3658 3228 ἤγουν
3712 3153 3819 3222 τὴν

2528 3260 2557 3290 ς(
2587 3239 2712 3294 Ὅτι
2765 3237 2900 3294 κατὰ
2984 3239 3114 3296 Θεὸν
3183 3237 3552 3317 ἐντυγχάνει.
3616 3264 3646 3291 »
3706 3239 3824 3295 Οὐκ

2154 3322 2452 3401 ἀγνοοῦντα
2486 3368 2501 3394 ,
2565 3325 2739 3404 φησὶ,
2798 3325 3139 3385 διδάσκουσιν
3197 3329 3251 3385 οἱ
3306 3329 3667 3403 πνευματικοῖ
3723 3329 3822 3385 τὸν

2155 3417 2305 3480 Θεὸν,
2336 3412 2466 3469 ἀλλ’
2506 3412 2654 3472 οἶδεν
2716 3417 2744 3472 6
2779 3414 3161 3490 Παρακλητος.
3222 3443 3250 3470 ‹‹
3310 3419 3431 3476 ’Ὁτι
3495 3423 3636 3476 κατὰ
3684 3418 3820 3474 Θεὸν

2155 3501 2478 3577 ἐντδγχάνει
2512 3547 2524 3560 .
2585 3530 2609 3555 ιι
2688 3504 2766 3563 υύ
2825 3508 2965 3562 κατά
3010 3527 3130 3563 τινα
3190 3503 3462 3584 βλαϐερὰν
3521 3507 3820 3583 ἑπιῦυμίαν

2153 3587 2298 3646 ἀλλὰ
2346 3593 2480 3647 κατὰ
2557 3593 2686 3648 Θεὸν
2722 3639 2736 3665 ,
2794 3595 2823 3649 ’ὀ
2862 3594 3001 3663 ἐστι,
3058 3597 3195 3652 κατᾶ
3250 3598 3319 3665 τή
3380 3594 3651 3673 βούλησιν
3711 3600 3812 3653 τοῦ

2152 3680 2306 3738 Θεοῦ.
2369 3707 2395 3735 ‹‹
2430 3682 2587 3759 Ὑπὲρ
2619 3683 2805 3761 ἁγίων.
2844 3707 2867 3736 υ
2928 3689 3046 3740 Τῶν
3105 3683 3193 3741 διὰ
3256 3693 3359 3756 τῆς
3419 3685 3592 3769 εὐχῆς
3640 3688 3807 3764 ἁγια-

2151 3771 2397 3844 ζομένων
2433 3814 2447 3832 .
2505 3773 2573 3830 Ἤ
2636 3774 2721 3829 ὅτι
2789 3773 2924 3850 ὑπὲρ
2990 3779 3242 3850 καθαρῶν
3328 3776 3417 3831 καὶ
3502 3775 3797 3852 θεαιτὲστων

2149 3858 2325 3938 ἔργων
2354 3860 2449 3924 τὰς
2496 3861 2739 3933 αἰτήσεις
2794 3868 3058 3935 ποιεῖται,
3088 3866 3126 3935 ἣ
3188 3865 3322 3942 ὑπὲρ
3378 3863 3673 3943 ἀνθρώπων
3704 3867 3791 3921 τὸν

2149 3948 2419 4026 ἀγιασμὸν
2450 3949 2875 4011 ἐπιποθούντων.

2218 4218 2459 4290 Οῗδσιμεν
2515 4216 2573 4275 δὲ
2642 4219 2725 4275 ὅτι
2781 4225 2901 4285 τοῖς
2964 4221 3213 4297 ἀγαπῶσι
3271 4224 3364 4280 τὸν
3420 4223 3567 4293 Θεὸν,
3624 4221 3794 4278 πάντα

2147 4318 2389 4391 συνεργεῖ
2470 4313 2546 4376 εἷς
2600 4313 2800 4391 ἀγαθὸν
2838 4359 2853 4383 ,
2947 4321 3066 4382 τοῖς
3132 4317 3268 4373 κατὰ
3340 4317 3595 4391 πρόθεσιν
3652 4313 3799 4387 κλη-

2144 4408 2263 4464 τοῖς
2319 4400 2489 4457 οὐσιν·
2553 4403 2636 4459 ὅτι
2698 4403 2793 4465 οὓς
2852 4405 3119 4483 προέγνω.
3172 4406 3261 4463 καὶ
3317 4407 3598 4482 προώρισε
3655 4425 3800 4478 συμ-

2146 4491 2392 4570 μόσφους
2422 4500 2522 4562 τῆς
2570 4492 2778 4556 εἶκόνος
2826 4498 2923 4551 τοῦ
2981 4497 3111 4551 ΥΞοῦ
3168 4497 3353 4561 αὐτοῦ,
3411 4497 3485 4561 εἰς
3542 4500 3605 4552 τὸ
3655 4495 3799 4551 εἶναι

2403 4583 2752 4656 πρωτότοκον
2808 4583 2860 4638 ἐν
2942 4583 3180 4648 πολλοῖς
3292 4584 3552 4665 ἀδελνροῖς
3586 4631 3600 4645 .
3687 4586 3799 4650 UE:

2142 4667 2199 4726 δὲ
2252 4671 2550 4746 προώρισε,
2607 4671 2835 4734 τούτως
2900 4673 2990 4730 καὶ
3051 4673 3271 4731 ἐκίλεσε
3303 4695 3315 4707 ⁸
3369 4676 3462 4732 καὶ
3523 4675 3617 4738 οὖς
3670 4675 3800 4732 ἑκά-

2131 4758 2265 4817 ’λεσε
2299 4805 2311 4829 ,
2361 4761 2588 4822 τούτους
2666 4762 2757 4816 καὶ
2815 4757 3150 4820 ἐδικαίωσεν·
3222 4765 3316 4828 οὐς
3373 4762 3431 4821 δὲ
3487 4762 3804 4840 ἐδικαίωσε,

2138 4853 2366 4914 τούτους
2396 4854 2483 4908 καὶ
2519 4848 2755 4923 ἐδόξασα·

2211 4943 2370 5002 Οὕτω
2403 4990 2419 5015 ,
2474 4944 2631 5018 φησὶ,
2691 4940 2780 4999 διὰ
2835 4947 2934 5016 τὴν
2998 4943 3052 5001 ἐν
3098 4951 3178 5020 τῷ
3235 4943 3484 5022 εὔξασθαι
3540 4946 3798 5026 ἄγνοιαν,

2145 5033 2496 5108 βοηθούμεθα
2542 5031 2644 5090 ὐπὸ
2673 5038 2772 5089 τοῦ
2807 5034 3139 5109 ΙΙνεύματος,
3173 5035 3259 5094 δτι
3287 5039 3377 5095 καὶ
3406 5038 3476 5094 τὰ
3523 5039 3664 5094 καιᾶ
3719 5038 3804 5102 εἷς

2143 5123 2317 5199 ἄγαθᾶ
2377 5125 2512 5196 ἡμῖν
2586 5123 2944 5199 περιτρέπει.
3031 5151 3057 5178 ‹‹
3125 5127 3299 5184 Πάντα
3381 5133 3705 5203 συνεργεῖν.
3772 5151 3802 5180 ι»

2142 5213 2340 5278 nivea,
2386 5212 2539 5289 φησῖ,
2587 5212 2678 5267 καὶ
2737 5213 2803 5270 τὰ
2858 5212 3016 5270 κακά.
3071 5217 3171 5272 Καὶ
3207 5217 3311 5292 γὰρ
3351 5217 3440 5274 καὶ
3472 5216 3641 5274 ταῧτα
3699 5238 3799 5273 πε-

2141 5301 2378 5377 ριτρέπει
2411 5303 2438 5356 6
2468 5301 2597 5363 Θεὸς
2628 5301 2702 5364 εἰς
2728 5304 2918 5376 ἀγαθέ.
2972 5303 3066 5366 Εἷς
3097 5306 3202 5379 γὰρ
3262 5305 3618 5382 εὐδοκίμησιν
3678 5309 3793 5362 τῶν

2138 5392 2488 5468 πασχόντων,
2540 5397 2972 5475 περιστρέφεται.
3036 5397 3239 5468 Μεῖζον
3272 5394 3330 5454 δὲ
3385 5400 3448 5455 τὸ
3505 5397 3585 5461 εἷς
3617 5399 3794 5475 ἀγτθὲι

2138 5480 2604 5557 περιστρέφεσθαι,
2656 5487 2751 5539 τοῦ
2812 5486 2887 5558 μὴ
2940 5486 3221 5549 παντελῶς
3276 5486 3539 5545 ἐπελθεῖν.
3601 5513 3628 5540 «
3661 5490 3793 5548 Τοῖς

2137 5572 2274 5628 uti
2307 5570 2641 5649 πρόθεσιν.»
2682 5572 2908 5645 Ἐπειδὴ
2977 5575 3239 5642 ἀπίθανον
3298 5576 3437 5634 εἶναι
3497 5575 3670 5633 ἐδόκει
3726 5573 3790 5631 τὸ

2140 5661 2583 5742 περιστρέφεσθαι
2649 5665 2717 5721 τὰ
2780 5666 2921 5722 κακᾶ
2980 5664 3058 5730 εἷς
3123 5668 3317 5748 ἀγαθὰ,
3374 5669 3633 5742 προσθεὶς
3689 5666 3790 5736 τήν
