4126 6256
241 340 387 400 489

1374 344 1784 409 COMMENT.
1831 345 1922 406 IN
1969 344 2220 407 EPIST.
2269 348 2373 407 AD
2422 347 2612 409 ROM.

3582 353 3702 416 490

242 476 367 529 τοῦ
399 476 545 530 Θεοῦ
586 472 819 548 κλῆσιν,
876 473 1213 534 ἐπιστώσατο
1270 475 1333 533 τὸ
1382 475 1694 554 ἀρημένον.
1726 477 1807 535 Οὐ
1836 474 1936 551 γὰρ

2066 478 2209 550 quod
2241 478 2464 536 dictum
2497 487 2588 536 est
2616 482 3213 557 conﬂrmavit.Neque
3245 484 3405 541 enim
3434 486 3547 546 hoc
3568 489 3706 560 qui—

246 568 392 627 τῠῖς
422 566 687 639 τυχοῦσι,
749 564 907 642 φησὶ,
956 572 1124 622 τοῦτο
1172 563 1481 641 συμϐαίνει,
1514 566 1663 623 ἀλλὰ
1690 571 1807 629 τοῖς
1842 566 1944 623 ὑπὸ

255 658 418 710 Θεοῦ
481 651 795 727 κληθεῖσιν,
860 655 992 711 Εἶτα
1045 656 1134 710 ’ἱνα
1194 659 1268 728 μή
1329 660 1564 730 νομισθῇ
1628 661 1944 732 μονομερῶς

262 745 300 800 ὁ
342 744 480 805 Θεὸς
512 742 683 805 ἐνίους
724 741 979 815 καλέσας,
1039 745 1193 823 φησὶ,
1226 772 1253 797 ‹‹
1284 752 1412 808 Τοῖς
1441 747 1576 803 κατᾶ
1607 746 1879 821 πρόθεσιν,
1917 769 1943 797 ι)

265 840 411 897 τοῖς
467 835 602 890 κατᾶ
646 836 881 908 γνώμην
964 835 1091 904 ἢτοι
1140 837 1454 911 προαίρεσιν
1514 838 1788 908 ἁξιωθεῖσι
1843 841 1945 904 τῆς

278 923 574 994 κλήσεως,
656 922 864 987 δεικνὺς
952 924 1036 981 ὅτι
1143 927 1338 990 πάντες
1427 928 1520 1001 μὲν
1605 927 1942 1000 ἑκλήθημεν,

279 1014 496 1071 ἇκεῖνοι
550 1012 605 1069 δὲ
660 1014 997 1086 ὑπήκουσαν·
1055 1013 1139 1072 διὸ
1196 1017 1282 1071 καὶ
1346 1019 1676 1092 βοηθοῦνται
1727 1015 1944 1071 οἱκατὰ

270 1103 495 1158 οἰκείαν
571 1104 824 1179 πρόθεσιν
900 1105 1181 1180 γενόμενοι
1257 1106 1479 1176 κλητοί.
1559 1132 1586 1159 ι(
1656 1108 1775 1164 Ὅτι
1852 1104 1945 1167 οὕς

264 1193 560 1269 προέγνω.
599 1221 620 1243 ι
647 1226 719 1238 -
745 1217 771 1247 I
791 1195 914 1254 Ὀτι
948 1194 1058 1259 οῦς,
1095 1220 1123 1247 ››
1144 1195 1392 1253 τευτέστι
1411 1196 1637 1260 τούτους
1659 1195 1787 1258 τοὺς
1808 1194 1946 1252 κατὰ

267 1283 497 1339 οἰκείαν
566 1283 820 1358 πρόθεσιν
898 1282 1141 1358 κλητοὺς
1214 1281 1389 1353 ὄντας,
1457 1285 1729 1364 προέγνω.
1806 1285 1944 1343 Ἀπὸ

191 1394 200 1399 ”
267 1377 505 1439 κοινοῦ,
538 1397 566 1424 ιι
600 1373 737 1429 κατᾶ
764 1374 1019 1450 πρόθεσιν
1071 1375 1308 1445 κλητοὺς
1358 1371 1535 1438 ὄντας.
1574 1400 1601 1427 ››
1633 1409 1701 1419 -ι
1733 1400 1761 1427 ‹‹
1796 1382 1944 1448 Συμ-

274 1462 564 1541 μόρσρους.
623 1487 653 1517 η
713 1464 887 1539 Ὀπερ
946 1464 1081 1531 ἐστὶ,
1140 1465 1322 1544 ερησῖν,
1388 1466 1415 1521 ὁ
1472 1466 1595 1527 Υἱὸς
1657 1469 1754 1521 τοῦ
1813 1468 1945 1519 Θεοῦ

269 1554 423 1607 κατᾶ
485 1552 645 1629 φύσιν
704 1551 756 1608 ἰν
806 1556 875 1628 τῇ
931 1552 1331 1631 ἐνανθρωπήσει
1378 1551 1569 1626 (δῆλον
1603 1551 1659 1609 δὲ
1690 1555 1763 1618 ὡς
1798 1551 1946 1628 ἅγιος

270 1643 376 1699 καὶ
435 1642 873 1718 αναμάρτητος),
932 1649 1093 1701 τοῦτο
1151 1646 1242 1701 καὶ
1300 1644 1451 1701 αὐτοὶ
1506 1644 1752 1720 γενόνασι
1811 1645 1946 1699 κατᾶ

273 1733 473 1808 χάριν·
510 1758 538 1785 ‹‹
578 1733 949 1814 Συμμόρφους
984 1758 1011 1785 ››
1059 1737 1160 1811 γαρ
1198 1734 1325 1797 τοὺς
1360 1735 1714 1813 ἷσομόρφους.
1749 1735 1947 1791 Εἰκόνα

278 1820 343 1877 δτι
378 1827 477 1878 τοῦ
534 1824 685 1892 Tini,
742 1826 840 1894 τήν
903 1824 1217 1898 οἰκονομίαν
1276 1822 1453 1893 καλεῖ,
1495 1826 1583 1879 καὶ
1614 1825 1677 1880 τὸ
1711 1825 1945 1881 ἐντεῦθεν

276 1912 457 1968 αὐτοῦ
493 1916 673 1985 σῶμα.
725 1913 875 1970 Κατᾶ
932 1914 1034 1991 γὰρ
1093 1915 1196 1983 τήν
1256 1913 1595 1989 οἰκονομίαν,
1628 1914 1945 1994 σύμμορφοι

278 2005 386 2059 καὶ
415 2001 646 2081 ἀδελςροὶ
680 2005 843 2060 αὐτοῦ
894 2006 947 2060 οἱ
998 2005 1291 2081 ἅνθρωποι.
1328 2006 1479 2062 Κατὰ
1509 2003 1566 2061 δὲ
1593 2006 1693 2075 τὴν
1719 2005 1946 2076 θεότητα

284 2096 615 2172 Μονογεντςς
649 2092 783 2151 ἔστι.

360 2421 687 2495 [ΚΥΡΙΛΛ.]
734 2444 763 2473 α
799 2422 914 2489 Τῆς
960 2420 1189 2483 εἰκόνος.
1216 2443 1245 2474 ››
1279 2420 1454 2476 Εἱκὼν
1487 2423 1584 2477 τοῦ
1614 2423 1748 2475 Θεοῦ
1777 2417 1859 2478 τίς
1884 2416 1944 2473 ἂν

278 2515 498 2579 νοοῖτο,
549 2516 802 2589 σαφηνιεῖ
855 2508 1028 2586 λέγων
1096 2510 1279 2573 αὐτός·
1341 2513 1603 2584 «Ὥσπερ
1658 2509 1760 2585 γὰρ
1817 2506 1943 2587 €00-

284 2601 521 2677 ρέσαμεν
562 2600 662 2669 τὴν
716 2599 897 2655 εἰκόνα
951 2604 1048 2656 τοῦ
1102 2606 1324 2676 χοϊκοῦ,
1383 2600 1696 2675 φορέσωμεν
1728 2598 1817 2653 καὶ
1845 2598 1943 2665 τήν

282 2690 473 2747 εἰκόνα
504 2693 603 2745 τοῦ
628 2688 1039 2765 ἱπουρανίου,»
1097 2691 1363 2759 τουτέστι,
1424 2692 1523 2759 τὴν
1579 2686 1631 2744 ἒν
1688 2689 1945 2763 ἁγιασμῷ

286 2781 460 2850 ζωήν,
537 2780 642 2848 τήν
715 2780 853 2853 πρὸς
929 2784 1186 2835 παντιοῦν
1261 2780 1569 2854 ἀμώμητον
1637 2776 1941 2833 πολιτείαν.

280 2873 489 2946 Ὠσπερ
544 2869 652 2946 γὰρ
712 2867 889 2925 εἶ’κόνα
941 2874 1039 2925 τοῦ
1098 2874 1315 2946 χοϊκοῦ,
1383 2868 1681 2937 τουτέστιν,
1742 2864 1943 2939 Ἀδὰμ,

276 2962 378 3029 τὴν
440 2958 499 3015 ἐν
560 2962 816 3035 παρακοῇ
872 2980 931 3015 τε
986 2959 1074 3013 καὶ
1134 2959 1425 3034 ἁμαρτίαις
1484 2960 1628 3028 ζωὴν
1676 2955 1946 3036 εἶναίφα-

284 3072 400 3123 μεν,
471 3050 657 3111 οὓτως
725 3048 817 3104 καὶ
884 3049 1062 3104 εἰκόνα
1131 3053 1230 3104 τοῦ
1292 3047 1633 3121 ἐπουρανίου,
1699 3044 1945 3102 τουτέστι

286 3145 554 3214 Χριστοῦ,
616 3140 711 3195 τὸν
770 3140 1057 3214 ἁγιασμὸν,
1112 3139 1205 3195 τὸν
1264 3137 1631 3207 δικαιοσύνην,
1689 3138 1788 3204 τήν
1847 3136 1945 3191 ὑπ-

296 3234 488 3301 ακοήν,
519 3255 548 3282 ιι
584 3229 682 3291 Εἷς
712 3229 774 3284 τὸ
816 3228 951 3284 εἶναι
1000 3229 1166 3285 αὐτὸν
1214 3229 1579 3303 πρωτότοκον.
1616 3251 1645 3278 υ
1681 3226 1777 3281 Διά
1807 3224 1944 3281 πάν-

303 3339 409 3374 των
436 3322 528 3388 τὴν
560 3318 867 3395 συγγένειαν
890 3320 1050 3391 ἡμῶν
1078 3320 1177 3389 τήν
1214 3318 1352 3394 πρὸς
1378 3318 1470 3373 τὸν
1501 3316 1733 3389 Χριστὸν
1766 3336 1831 3383 ση
1843 3318 1942 3385 μᾶ-

306 3428 399 3463 ναι
432 3408 585 3471 θελει.
607 3408 927 3483 Συγγένειαν
957 3405 1037 3470 δὲ.
1058 3409 1156 3477 τὴν
1187 3407 1240 3463 ἐν
1270 3411 1339 3481 τῇ
1372 3406 1662 3478 οἰκονομίᾳ
1689 3410 1791 3473 τῆς
1822 3422 1947 3476 σαρ-

312 3496 413 3558 κὸς
439 3494 605 3552 αὐτοῦ.
631 3522 657 3548 ‹‹
683 3497 794 3559 Οἱὶς
816 3494 874 3552 δὶ
895 3496 1191 3571 προώρισε,
1212 3518 1239 3549 ιι
1268 3496 1359 3551 καὶ
1389 3495 1455 3550 τὰ
1485 3492 1624 3565 ἑξῆς.
1661 3495 1947 3570 Ιιανταχοῦ

315 3586 393 3654 τὸ,
424 3609 453 3635 α
482 3587 607 3641 κατὰ
633 3587 891 3662 πρόθεσιν
932 3584 1172 3658 κλητοὺς
1205 3582 1385 3651 ὄντας,
1419 3607 1447 3635 ››
1479 3582 1831 3649 συνυπάκουε,
1863 3580 1947 3635 ’ὁτι

316 3676 403 3736 0‘3;
427 3675 698 3755 προέγνω,
739 3676 857 3732 ἀντὶ
886 3680 1008 3741 τοῦ,
1056 3674 1307 3749 τούτους.
1336 3673 1463 3735 τοὺς
1492 3671 1626 3728 κατᾶ
1655 3672 1938 3747 πρόθεσιν.

311 3766 410 3828 Οὲἱς
442 3763 499 3821 δὶ
556 3766 860 3841 προώρισε,
913 3764 1141 3829 τούτους
1194 3765 1284 3820 καὶ
1342 3763 1615 3833 ἐκάλεσεν,
1656 3762 1788 3824 τοὺς
1816 3761 1953 3815 κατὰ

302 3856 578 3931 πρόθεσιν.
617 3857 722 3915 Καὶ
776 3856 870 3918 οῦς
926 3853 1200 3925 ἐκάλεσεν,
1233 3853 1458 3916 τούτους
1508 3853 1599 3908 καὶ
1646 3848 1950 3923 ἐδικαίωσε,

304 3944 429 4009 τοὺς
488 3947 629 4001 κατᾶ
686 3944 957 4019 πρόθεσιν.
1044 3944 1151 4008 Οὕς
1232 3941 1289 3999 δὲ
1370 3940 1673 4012 ἰδικαίωσε,
1728 3940 1954 4002 τούτους

301 4034 392 4090 καί
423 4032 667 4107 ἐδόξασε,
699 4034 866 4090 πάλιν
912 4036 996 4105 τὸ,
1045 4034 1181 4090 κατὰ
1225 4032 1477 4108 πρόθεσιν
1505 4030 1745 4102 κλητοὺς
1776 4028 1952 4090 ὄντας.

303 4128 422 4183 Ἵνα
486 4126 565 4198 μὴ
623 4123 824 4180 ἄτοπον
883 4125 1114 4196 ἀπαντᾷ,
1174 4124 1221 4179 εἰ
1279 4125 1307 4178 ὁ
1365 4122 1494 4185 Θεὸς
1545 4122 1695 4184 τινὰς
1757 4120 1850 4194 μὶν
1898 4118 1955 4174 εὗ

308 4212 558 4288 ἱποίησε,
586 4215 735 4277 τινὰς
766 4212 824 4271 δὶ
853 4213 935 4270 0’5.
985 4214 1062 4271 Τὸ
1121 4211 1179 4270 δὲ
1234 4237 1264 4265 ‹‹
1295 4212 1429 4268 κατὰ
1482 4210 1735 4287 πρόθεσιν
1770 4234 1798 4261 ››
1831 4230 1958 4265 συν-

308 4305 742 4379 υπακουόμενον,
780 4303 953 4360 αὐτῶν
1012 4308 1162 4360 ποιεῖ
1214 4302 1277 4358 τὸ
1332 4299 1662 4377 κατόρθωμα
1689 4303 1794 4355 τῶν
1827 4297 1963 4354 κατά

314 4393 515 4450 οἰκείαν
573 4394 830 4470 πρόθεσιν
888 4393 1311 4460 πιστευσάντων,
1366 4388 1455 4446 καὶ
1485 4385 1961 4466 προσωποληψίας

315 4482 653 4541 ἀπαλλάττει
706 4484 800 4540 τὸν
862 4483 1013 4540 Θεόν.
1075 4506 1104 4534 (ι
1157 4482 1395 4543 Τούτους
1448 4480 1537 4536 καὶ
1596 4476 1900 4535 ἐδικαίωσε.
1937 4501 1965 4529 ››

318 4574 415 4629 Δια
472 4580 575 4643 τῆς
639 4578 738 4629 τοῦ
803 4572 1039 4648 λουτροῦ
1110 4569 1545 4646 παλιγγενεσίας.

318 4664 407 4719 καὶ
462 4660 700 4734 ἑδόξασε.
736 4685 767 4715 ι»
827 4663 923 4719 Δια
979 4667 1087 4719 τῶν
1146 4664 1501 4739 χαρισμάτων
1534 4661 1632 4729 τῆς
1672 4658 1966 4721 υἱοθεσίας.

396 5048 451 5107 Τί
506 5046 603 5103 οὖν
665 5048 893 5123 ἐροῦμεν
954 5048 1090 5121 πρὸς
1170 5050 1373 5117 ταῦτα;
1436 5046 1497 5103 Εἰ
1556 5048 1583 5101 ὁ
1655 5047 1783 5101 Θεὸς
1839 5045 1969 5120 ὑπὲρ

326 5140 501 5211 ἡμῶν,
532 5139 616 5200 τίς
658 5138 779 5193 καθ’
832 5133 1031 5209 ἠμῶν;
1075 5137 1172 5199 ’ος
1229 5156 1290 5211 γε
1342 5139 1443 5190 τοῦ
1502 5133 1643 5191 ἰδίου
1696 5134 1822 5190 Υίου
1873 5135 1973 5191 οὑκ

1666 5221 1971 5301 παρέδωκεν

328 5317 501 5389 αὐτὸν,
570 5321 691 5380 πῶς
757 5315 889 5393 οὐχὶ
955 5315 1045 5371 καὶ
1114 5313 1206 5370 σὺν
1273 5315 1424 5387 αὐτῷ
1488 5315 1553 5370 τὰ
1600 5314 1772 5373 πάντα
1837 5315 1973 5387 ἡμῖν

330 5408 609 5489 χαρίσεται
634 5398 691 5489 Ι;ν
731 5405 823 5491 ’Ῑξίς
895 5402 1174 5491 ἰγκαλέῡσει
1244 5403 1381 5488 κατὰ
1454 5401 1721 5459 ἐκλεκτῶν
1797 5408 1974 5472 Θεοῦ;

530 5484 593 5555 δ’
634 5486 890 5582 cui“?!
947 5497 1033 5580 τίς
1084 5484 1135 5549 ’ὁ
1206 5484 1583 5574 κατακρίνωνς
1649 5492 1879 5578 ξριστὸς
1944 5494 1978 5550 ὁ

325 5228 587 5306 ἰφείσατο,
668 5225 793 5282 ἀλλ’
871 5225 1002 5299 ὑπὲρ
1087 5225 1249 5297 ἡμῶν
1350 5224 1565 5280 πάντων

392 5656 435 5693 ⁸⁸
473 5656 499 5711 Ι
532 5656 666 5711 Cor.
711 5668 802 5715 xv,
843 5652 932 5707 49.

651 5782 927 5844 PA'rnoL.
974 5782 1091 5837 GR.
1137 5775 1404 5839 CXVIII.

1627 4593 1656 4621 »
1729 4567 1969 4630 Τούτους

2055 568 2646 645 buslibetcontingit,
2681 572 2897 644 inquit,
2934 574 3037 632 sed
3070 574 3163 631 his
3205 575 3494 633 duntaxat
3544 579 3645 651 qui
3673 596 3709 637 ε.

2057 659 2173 714 Deo
2206 661 2388 716 vocati
2420 668 2575 717 sunt.
2614 663 2835 718 Deinde
2866 681 2939 719 ne
3000 670 3311 734 putaretur
3370 672 3602 723 tantum
3637 687 3708 726 ex

2056 754 2219 819 parte
2235 749 2521 819 quosdam
2538 751 2997 812 vocasse.dicit:«
3010 754 3107 808 His
3123 754 3221 825 qui
3238 755 3562 811 secundum
3580 774 3708 828 pro.

2055 838 2379 908 positum,»
2396 838 2452 893 id
2473 840 2685 910 est.qui
2702 841 3027 896 secundum
3043 841 3703 909 decretum,secundum

2055 927 2406 984 electionem
2431 930 2587 984 nacti
2607 932 3128 988 suntvocationem
3156 950 3168 987 :
3202 934 3524 991 ostendens
3547 924 3704 1007 quod

2056 1034 2261 1073 omnes
2278 1018 2516 1090 quidem
2540 1022 2723 1076 vocati
2749 1022 3064 1089 simus,sed
3082 1023 3169 1076 illi
3192 1023 3705 1081 obedieruntideo

2057 1109 2235 1163 etiam
2268 1108 2645 1177 adjuvantur,
2680 1111 2779 1181 qui
2815 1112 3140 1166 secundum
3166 1114 3472 1185 proprium
3500 1132 3710 1188 propo-

2056 1198 2239 1252 situm
2273 1198 2457 1253 vocati
2490 1197 2749 1255 fuerunt.
2785 1222 2811 1249 ‹‹
2844 1200 3132 1265 Quoniam
3162 1218 3311 1272 quos
3333 1204 3645 1274 praescivit.
3682 1227 3709 1254 »

2055 1287 2346 1351 Quoniam
2382 1304 2550 1358 quos,
2581 1288 2639 1342 id
2663 1293 2771 1355 est,
2792 1288 2900 1344 hos
2928 1290 3026 1361 qui
3050 1291 3377 1346 secundum
3398 1294 3707 1365 proprium

2056 1376 2425 1447 propositum
2457 1378 2641 1432 vocati
2672 1378 3266 1450 fuerunt,praescivit:
3304 1398 3371 1435 ex
3405 1384 3706 1438 communi

2057 1481 2237 1520 sensu
2260 1466 2649 1536 repetendum
2690 1472 2780 1521 est
2811 1485 2824 1522 :
2859 1490 2886 1517 ‹‹
2920 1467 3027 1533 Qui
3063 1469 3385 1524 secundum
3422 1473 3701 1543 proposi-

2056 1558 2181 1609 tum
2213 1554 2399 1609 vocati
2435 1560 2590 1610 sunt.
2626 1576 2654 1603 »
2688 1586 2754 1596 —
2789 1576 2817 1605 ‹‹
2848 1554 3216 1612 Conformes.
3254 1580 3281 1608 >›
3304 1558 3470 1624 Quod
3520 1560 3703 1615 Filius

2056 1643 2159 1698 Dei
2189 1642 2521 1699 secundum
2553 1648 2825 1699 naturam
2863 1650 2949 1700 est
2976 1646 3036 1701 in
3061 1646 3451 1704 humanitatis
3474 1666 3707 1706 assum-

2056 1735 2278 1806 ptione,
2315 1741 2476 1807 puta,
2509 1742 2750 1791 sanctus
2782 1741 2841 1793 et
2870 1737 2998 1793 sine
3031 1745 3300 1810 peccato,
3351 1741 3463 1796 hoc
3507 1746 3565 1796 et
3595 1742 3709 1814 ipsi

2057 1824 2384 1880 secundum
2403 1826 2651 1898 gratiam
2668 1824 2802 1881 facti
2837 1832 3007 1883 sunt:
3033 1850 3059 1877 ‹‹
3093 1828 3440 1886 Conformes
3464 1853 3491 1881 ››
3524 1831 3706 1898 enim,

2057 1914 2168 1969 hoc
2201 1918 2307 1981 est,
2337 1914 2550 1969 similis
2572 1914 3140 1987 formzeJmaginem
3168 1924 3364 1974 autem
3389 1920 3520 1975 Filii
3542 1925 3710 1977 vocat

2056 2003 2654 2075 dispensationem,et
2683 2022 2897 2077 corpus
2924 2006 3082 2078 quod
3108 2007 3245 2062 inde
3268 2014 3569 2081 sumptum
3595 2016 3701 2066 est.

2056 2091 2197 2145 Nam
2232 2091 2561 2147 secundum
2595 2091 3099 2165 dispensationem
3134 2095 3471 2152 conformes
3494 2102 3552 2152 et
3585 2096 3705 2153 fra-

2059 2178 2386 2251 tresipsius
2418 2186 2555 2237 sunt
2586 2181 2881 2237 homines.
2943 2182 3278 2241 Secundum
3332 2184 3704 2244 divinitatem

2055 2283 2191 2324 vero
2221 2268 2569 2342 Unigenitus
2600 2276 2689 2326 est
2717 2271 2954 2327 unicus.

2128 2415 2285 2471 814
2318 2434 2347 2464 «
2379 2414 2678 2487 Imaginis.
2704 2437 2732 2466 »
2767 2417 3050 2482 Quaenam
3084 2419 3186 2476 Dei
3233 2420 3427 2492 imago
3476 2421 3709 2482 intelli-

2055 2508 2247 2577 gatur,
2280 2502 2439 2560 idem
2464 2503 2588 2574 ipse
2621 2504 3017 2576 explanatubi
3041 2506 3223 2565 dicit:
3250 2530 3280 2560 ‹‹
3312 2511 3707 2575 Quemadmo-

2056 2593 2198 2649 dum
2231 2592 2389 2648 enim
2420 2592 2776 2662 gestavimus
2807 2595 3128 2669 imaginem
3160 2598 3708 2671 terreni.gestemus

2056 2688 2114 2739 et
2143 2682 2465 2755 imaginem
2501 2684 2941 2755 superccelestis
2967 2685 3032 2752 ³³,
3069 2708 3096 2735 ››
3130 2687 3187 2741 id
3222 2694 3311 2743 est
3338 2687 3517 2745 vitam
3574 2708 3705 2763 qum

2056 2772 2117 2827 in
2167 2773 2635 2829 sanctificatione
2709 2773 2960 2847 degitur,
3014 2778 3521 2834 conversationem
3572 2797 3710 2854 erga

2054 2879 2545 2935 unumquemque
2590 2864 3056 2937 reprehensione
3104 2874 3426 2925 carentem.
3462 2892 3491 2919 «
3552 2871 3715 2927 Sicut

2061 2953 2221 3008 enim
2254 2951 2573 3024 imaginem
2601 2954 2844 3016 terreni,
2879 2975 2907 3003 »
2941 2954 3000 3009 id
3035 2962 3143 3023 est,
3196 2957 3404 3025 Adam,
3457 2959 3712 3017 dicimus

2060 3057 2189 3097 esse
2221 3040 2421 3106 vitam,
2458 3058 2589 3112 quin
2620 3041 3027 3099 inobedientia
3055 3050 3113 3099 et
3156 3048 3415 3116 peccatis
3468 3050 3661 3120 agitur
3694 3068 3710 3116 ς

2057 3152 2086 3181 ‹‹
2120 3132 2205 3184 Ita
2235 3135 2295 3185 et
2322 3130 2641 3199 imaginem
2676 3131 3134 3202 supercmlestis,
3160 3155 3189 3183 »
3222 3134 3280 3189 id
3314 3141 3422 3195 est.
3465 3137 3706 3203 Christi,

1985 3250 2026 3316 Ο
2065 3219 2622 3316 sanctificationem,
2650 3219 2970 3316 justitiam2
3002 3222 3424 3316 obedientiam.
3460 3247 3488 3275 (ι
3535 3228 3606 3282 Ut
3635 3227 3713 3281 sit

2057 3311 2182 3381 ipse
2196 3307 2683 3380 primogenitus.»
2709 3309 2771 3364 In
2786 3309 3065 3365 omnibus
3084 3313 3497 3382 cognationem
3525 3317 3708 3390 signi-

2055 3397 2233 3453 ﬁcare
2265 3398 2428 3469 cupit
2457 3414 2587 3469 quae
2618 3397 2793 3454 nobis
2825 3403 2916 3453 est
2943 3416 3081 3472 erga
3125 3402 3443 3459 Christum.
3479 3409 3708 3479 Cogna-

2056 3487 2280 3541 tionem
2311 3485 2577 3556 inquam.
2613 3502 2745 3559 quas
2774 3488 2952 3543 estin
3006 3490 3454 3562 dispensatione
3510 3496 3710 3554 carnis

2059 3592 2200 3632 suae.
2235 3597 2264 3626 «
2291 3575 2446 3641 Quos
2478 3582 2676 3632 autem
2706 3578 3119 3649 praedefinivit,
3151 3602 3179 3633 »
3212 3588 3305 3638 etc
3385 3583 3709 3642 Subaudito

2059 3664 2301 3736 ubique,
2335 3685 2364 3715 «
2396 3664 2503 3730 Qui
2537 3665 2867 3722 secundum
2892 3670 3260 3740 propositum
3294 3675 3477 3729 vocati
3511 3682 3707 3731 sunt.»

2061 3755 2350 3820 Quoniam
2383 3770 2532 3825 quos
2563 3756 2873 3826 praascivit.
2909 3757 3017 3813 hos
3060 3761 3239 3815 etiam
3290 3761 3707 3832 prmdet’iuivit,

2063 3843 2163 3915 qui
2178 3842 2502 3900 secundum
2522 3844 2887 3914 propositum
2902 3852 3070 3912 sunt;
3097 3864 3246 3918 quos
3266 3856 3464 3905 autem
3479 3850 3707 3922 praede-

2065 3933 2273 3998 ﬁnivit,
2306 3931 2546 3987 eosdem
2579 3937 2638 3986 et
2667 3933 2908 3995 vocavit,
2943 3935 3043 4006 qui
3078 3936 3406 3994 secundum
3428 3941 3704 4011 proposi-

2068 4028 2192 4077 tum
2224 4026 2363 4076 sunt
2395 4045 2408 4085 ;
2443 4025 2501 4075 et
2531 4036 2679 4091 quos
2710 4022 2953 4081 vocavit.
2987 4024 3227 4082 eosdem
3258 4032 3317 4081 et
3340 4028 3706 4097 justiﬂcavit,

2068 4112 2168 4185 qui
2201 4110 2525 4167 secundum
2560 4110 2929 4181 propositum
2957 4120 3097 4169 sunt
3127 4133 3140 4182 ;
3166 4133 3313 4187 quos
3343 4119 3712 4189 verojustiﬁ-

2071 4205 2242 4267 cavit.
2276 4203 2382 4258 hos
2422 4208 2481 4259 et
2527 4202 2899 4274 gloriﬁcavit,
2948 4221 3185 4263 rursum
3236 4209 3335 4280 qui
3387 4211 3715 4270 secundum

2072 4292 2442 4367 propositum
2480 4291 2663 4347 vocati
2696 4297 2836 4349 sunt
2868 4310 2882 4359 ;
2916 4300 2983 4350 ut
3026 4294 3177 4351 nihil
3218 4296 3459 4354 absurdi
3515 4315 3721 4357 occur-

2074 4389 2185 4452 rat,
2222 4382 2270 4439 si
2302 4380 2657 4454 quibusdam
2694 4384 2845 4439 Deus
2877 4383 3565 4457 benefacit,quibusdam
3588 4406 3723 4447 vero

2076 4490 2219 4529 non.
2252 4473 2396 4529 Cum
2423 4478 2620 4528 autem
2656 4472 3030 4533 subauditur.
3063 4496 3094 4526 ‹‹
3128 4476 3465 4535 Secundum
3510 4497 3727 4553 propo-

2080 4563 2282 4629 situm,
2317 4584 2346 4613 ››
2387 4562 2667 4618 statuitur
2705 4562 2945 4619 illorum
3006 4565 3193 4621 virtus
3242 4568 3341 4639 qui
3398 4569 3731 4629 secundum

2080 4652 2388 4725 proprium
2407 4652 2778 4724 propositum
2794 4653 3263 4722 crediderunt,et
3290 4673 3326 4713 a
3338 4674 3728 4728 personarum

2081 4746 2355 4815 respectu
2384 4742 2536 4797 Deus
2568 4740 2873 4797 liberatur.
2910 4764 2938 4793 «
2960 4743 3075 4798 Hos
3103 4750 3161 4799 et
3174 4745 3544 4815 justiﬁcavit.
3569 4771 3597 4801 ››
3619 4751 3734 4809 Per

2080 4832 2293 4888 lavacri
2312 4832 2846 4904 regenerationem.
2868 4853 2898 4883 ιι
2917 4833 3029 4888 Eos
3055 4839 3113 4890 et
3136 4834 3505 4908 gloriﬁcavit.
3556 4861 3584 4891 »
3618 4842 3732 4899 Per

2081 4921 2239 4977 dona
2268 4937 2372 4977 seu
2403 4921 2647 4975 eﬂ‘ectus
2677 4919 3033 4992 adOptionis.

2155 5048 2493 5108 VIII.3I-34.
2517 5046 2713 5113 «Quid
2736 5064 2871 5121 ergo
2895 5048 3161 5107 dicemus
3185 5053 3257 5109 ad
3283 5054 3409 5112 haec
3431 5055 3459 5110 ?
3502 5056 3557 5113 Si
3580 5060 3729 5113 Deus

2083 5160 2113 5190 «
2135 5154 2241 5210 pro
2264 5136 2597 5207 nobis,quis
2616 5141 2823 5192 contra
2844 5154 2953 5195 nos
2975 5140 3003 5195 ?
3024 5141 3131 5205 Qui
3170 5145 3408 5215 proprio
3440 5144 3585 5201 Filio
3609 5162 3729 5203 non

2084 5248 2113 5277 ι(
2134 5224 2529 5297 perpecit,sed
2544 5242 2646 5297 pro
2661 5226 2833 5281 nobis
2847 5229 3123 5286 omnibus
3140 5231 3382 5287 tradidit
3397 5232 3564 5288 illum
3584 5250 3597 5288 :
3614 5251 3729 5306 quo

2083 5336 2114 5367 ι(
2129 5320 2298 5388 pacto
2315 5330 2433 5371 non
2449 5315 2625 5374 etiam
2643 5330 2777 5372 cum
2793 5316 2894 5372 illo
2910 5320 3110 5375 omnia
3123 5320 3297 5376 nobis
3313 5319 3735 5390 donabit?Quis

2083 5426 2115 5458 «
2136 5404 2519 5462 accusabitad
2530 5422 2729 5462 versus
2743 5405 2968 5464 electos
2979 5408 3079 5464 Dei
3094 5409 3123 5464 ?
3141 5416 3293 5465 Deus
3311 5414 3401 5466 est
3415 5399 3746 5498 quijustiilg

2084 5516 2114 5547 α
2128 5494 2982 5578 φειριιυίξὲιιρςυίρρηςξβιηρεξ
3003 5496 3426 5582 masta-“aeni
3448 5490 3759 5589 "nocuit,

3350 5788 3422 5842 IU
