4126 6256
381 353 496 414 491

1508 335 1924 402 (EGUMENII
1969 335 2276 397 TBICCE
2320 333 2675 401 EPISCOPI

3685 339 3818 400 492

382 509 412 537 ‹‹
437 489 543 553 est,
568 483 754 556 magis
793 484 992 537 autem
1019 484 1078 535 et
1119 477 1440 533 suscitatus
1463 479 1586 530 est:
1613 472 1713 544 qui
1747 476 1804 526 et
1835 476 1926 526 est
1953 469 2013 526 ac'

2140 465 2444 556 ἀποθανὼν,
2510 467 2726 543 μᾶλλον
2786 467 2844 526 δὲ
2899 471 2989 526 καὶ
3066 469 3327 546 ἰγερθεὶς,
3387 464 3447 531 ὅς
3513 467 3604 525 καὶ
3662 465 3817 525 ἔστιν

382 598 412 627 ‹‹
444 576 749 631 dexteram
781 570 904 637 Dei,
935 568 1036 639 qui
1066 567 1245 623 etiam
1305 562 1621 620 intercedit
1652 577 1761 633 pro
1775 559 1969 615 nobis.
2004 580 2032 609 η

453 811 483 842 «
514 788 664 856 Quid
688 803 824 860 ergo
847 785 1117 842 dicemus
1152 781 1227 838 ad
1249 780 1419 837 haec?
1441 802 1468 831 ››
1522 781 1827 850 Tanquam
1855 776 2040 832 dixis-

381 885 473 938 set
506 896 518 934 :
554 879 698 934 Cum
731 878 856 932 hac
883 876 964 931 ita
995 874 1134 940 sint,
1168 888 1343 927 nemo
1364 870 1645 941 deinceps
1669 868 1740 924 ob
1764 867 2038 923 afﬂictio-

385 987 492 1026 nes
525 973 627 1024 aut
655 966 922 1040 pericula
951 980 1082 1036 quas
1113 962 1210 1017 hic
1241 960 1594 1032 contingunt
1634 957 1812 1013 verba
1840 957 2036 1012 faciat.

386 1058 536 1125 Quid
569 1057 728 1113 enim
760 1055 876 1111 dici
909 1056 1105 1125 potest
1135 1049 1204 1107 ad
1229 1056 1456 1105 tantam
1503 1048 1604 1103 Dei
1654 1046 1981 1101 bonitatem
2012 1044 2040 1099 ‘2

381 1171 407 1198 ιι
443 1145 593 1213 Quid
626 1162 761 1219 ergo
793 1144 1061 1200 dicemus
1093 1140 1166 1196 ad
1198 1140 1324 1195 haec
1355 1139 1382 1194 ?
1415 1160 1441 1187 »
1493 1138 1776 1202 Quaenam
1807 1136 1840 1189 ?
1870 1133 2037 1200 Quod

381 1234 790 1310 praedefinivit,
826 1232 985 1305 quod
1017 1230 1263 1297 vocavit,
1301 1227 1459 1299 quod
1484 1226 1852 1298 justificavit,
1878 1223 2036 1296 quod

382 1325 778 1400 glorificavit:
832 1323 905 1378 ad
935 1326 1160 1377 tantam
1217 1317 1644 1374 beneficiorum
1702 1314 2035 1370 ubertatem

383 1415 526 1487 quid
558 1415 825 1470 dicemus
855 1412 882 1468 ?
925 1414 1124 1482 Neque
1193 1408 1514 1482 gratiarum
1574 1406 1723 1461 315
1786 1404 2035 1460 actionis

385 1503 782 1572 sermonibus,
828 1501 1045 1574 inquit,
1094 1514 1290 1570 neque
1338 1511 1585 1569 operum
1644 1494 2034 1549 retributione

381 1594 755 1650 abundamus
787 1597 889 1648 aut
918 1589 1282 1646 sufficientes
1303 1603 1508 1643 sumus
1541 1602 1554 1640 :
1584 1589 1750 1640 tanta
1777 1589 1863 1639 est
1884 1582 2035 1638 inef-

379 1684 582 1740 fabilis
623 1684 809 1758 ipsius
840 1680 998 1753 apud
1029 1696 1138 1734 nos
1199 1677 1404 1751 gratia.
1468 1674 1690 1731 Deinde
1749 1679 2034 1744 tanquam

380 1780 618 1847 sumpto
651 1773 791 1828 hinc
821 1770 1247 1834 additamento,
1278 1767 1361 1822 ait
1391 1784 1402 1820 :
1440 1787 1467 1816 ‹‹
1504 1765 1560 1819 Si
1594 1764 1747 1819 Deus
1776 1779 1880 1835 pro
1927 1779 2034 1817 no-

2286 555 2424 582 §_r_:

2151 557 2202 612 ἐν
2281 557 2427 630 δεξιᾷ
2498 563 2596 614 τοῦ

2148 648 2181 716 ἠ
2193 652 2330 719 μῶν.

2697 563 2853 630 Θεοῦ,
2929 558 2989 624 ὅς
3085 560 3177 615 καὶ
3269 559 3584 635 ἐντυγχάνει
3665 559 3808 636 ὑπὲρ

2225 791 2343 848 «Τί
2406 789 2498 846 οὖν
2556 792 2782 868 ἐροῦμεν
2839 792 2976 868 πρὸς
3032 797 3238 863 ταῦτα;
3281 816 3302 843 ι
3366 793 3456 854 Ὠς
3515 791 3559 848 εἴ
3618 787 3808 866 ἔλεγε,

2143 879 2362 938 Τούτων
2415 880 2586 945 οὕτως
2644 879 2834 952 ὅντων,
2899 880 3092 955 μηδεὶς
3149 880 3342 937 λοιπὸν
3390 881 3514 955 περὶ
3549 886 3656 937 τῶν
3687 879 3808 937 ὦδε

2141 973 2460 1044 πειρασμῶν
2517 972 2552 1042 ἢ
2611 970 2870 1027 κινδύνων
2949 969 3364 1046 λογοποιεῖσθω.
3427 969 3488 1029 Τί
3556 973 3657 1046 γάρ
3721 967 3808 1037 ἔνι

2142 1057 2309 1113 εἰπεῖν
2368 1061 2506 1136 πρὸς
2567 1061 2666 1129 τήν
2741 1060 3011 1132 τοσαύτην
3098 1061 3406 1136 ἀγαθότητα
3462 1065 3558 1115 τοῦ
3615 1064 3804 1125 Θεοῦς

2143 1149 2438 1224 -[ΦΩΤ.]
2483 1174 2510 1200 ‹‹
2541 1149 2607 1207 Τί
2655 1148 2746 1204 οὖν
2803 1151 3032 1226 ἐροῦμεν
3087 1150 3222 1224 πρὸς
3280 1153 3490 1218 totum;
3546 1172 3574 1199 »
3624 1154 3816 1219 Ποῖας

2141 1239 2260 1293 Ὀτι
2325 1239 2656 1315 προώρισεν,
2714 1238 2798 1294 ὅτι
2857 1237 3131 1306 ἐκάλεσεν,
3191 1237 3275 1294 ὅτι
3342 1236 3684 1309 ἐδικαιωσεν,
3719 1237 3812 1294 ὅτι

2143 1324 2380 1399 ἐὲόξασε,
2455 1330 2591 1402 πρὸς
2673 1328 2941 1398 τοσαύτην
3023 1327 3278 1405 ἀφθονίαν
3346 1327 3684 1403 εὐεργεσιῶν,
3750 1328 3812 1382 τί

2143 1414 2406 1491 ἐροῦμεν;
2465 1414 2606 1474 Οὐδὲ
2664 1417 3018 1493 εὐχαρίσεων,
3078 1416 3236 1492 φησὶ,
3295 1415 3476 1490 λόγων
3534 1414 3809 1493 εὐποροῦ-

2145 1525 2259 1575 μεν,
2296 1507 2372 1578 μή
2404 1527 2455 1560 τι
2487 1526 2550 1581 γε
2597 1503 2766 1581 ἔργων
2822 1501 3087 1579 ἀμοιϐῆς,
3146 1505 3384 1577 τοσαύτη
3418 1505 3560 1561 ἐστὶν
3593 1507 3810 1585 ἆφατος

2141 1589 2305 1646 αὐτοῦ
2337 1594 2370 1661 ἡ
2401 1594 2524 1669 περὶ
2572 1594 2718 1665 ἡμᾶς
2778 1594 2959 1670 χάρις.
3019 1594 3152 1650 Εἶτα
3207 1591 3390 1669 ὥσπερ
3422 1593 3666 1668 πόρισμα
3696 1593 3806 1650 λα-

2142 1674 2253 1734 ϐὼν
2286 1680 2536 1751 ἐντεῦθεν,
2563 1681 2747 1761 φησίν·
2785 1707 2814 1734 ι(
2842 1683 2899 1739 Εἰ
2948 1683 2976 1737 6
3027 1683 3157 1746 Θεὸς
3186 1683 3318 1756 ὑπὲρ
3348 1684 3535 1755 ἡμῶν,
3563 1683 3648 1747 τίς
3677 1685 3811 1740 καθ’

2140 1769 2339 1841 ἠμῶνς
2379 1795 2398 1820 ι
2435 1768 2646 1832 Οὒδιίς.
2675 1771 2781 1826 Κᾶν
2809 1772 2913 1848 γὰρ
2945 1792 3086 1834 τινες
3133 1770 3393 1846 βλάπτειν
3423 1771 3808 1848 ἐπιχειρήσω-

380 1863 494 1932 bis,
539 1863 672 1935 quis
699 1867 906 1918 contra
936 1877 1044 1914 nos
1064 1860 1090 1913 ?
1124 1880 1151 1908 »
1175 1856 1383 1913 Nullus
1419 1872 1432 1920 ;
1466 1871 1602 1910 nam
1633 1853 1770 1909 licet
1792 1851 2013 1923 quidam

2144 1879 2248 1924 σιν,
2283 1859 2343 1913 οὐ
2378 1861 2706 1934 βλάψουσιν,
2739 1860 2866 1915 ἀλλ’
2897 1859 3269 1937 ὠφελήσουσι.
3305 1862 3472 1926 Πόθεν
3505 1860 3674 1931 δῆλον
3707 1863 3808 1920 ὅτι

381 1968 599 2008 nocere
627 1949 1006 2016 tentaverint,
1027 1964 1144 2002 non
1175 1944 1498 2005 nocebunt,
1531 1942 1632 1998 sed
1681 1942 2028 2014 proderunt.

381 2041 595 2096 Verum
638 2039 794 2094 unde
826 2036 1208 2093 manifestum
1233 2039 1342 2100 est,
1377 2031 1533 2104 quod
1558 2033 1709 2087 Deus
1732 2047 1836 2102 pro
1861 2030 2031 2084 nobis

379 2137 458 2192 sit
486 2135 511 2190 7
535 2135 604 2188 Et
634 2148 705 2187 ex
735 2131 827 2185 his
851 2145 979 2201 quae
1012 2126 1170 2182 dicta
1199 2131 1359 2187 sunt,
1407 2129 1464 2178 et
1495 2122 1653 2194 quod
1708 2121 2030 2176 maximum

381 2231 855 2292 est,omnemque
886 2222 1148 2274 mentem
1179 2217 1240 2270 in
1273 2219 1574 2285 stuporem
1606 2210 1837 2284 redigit,
1873 2209 2030 2282 quod

379 2331 485 2388 pro
519 2312 691 2368 nobis
715 2309 861 2366 Filio
892 2307 1132 2380 proprio
1160 2321 1279 2360 non
1297 2301 1646 2375 pepercit.Si
1671 2301 1848 2372 igitur
1874 2300 2030 2355 Deus

377 2423 486 2479 pro
517 2403 690 2459 nobis
721 2406 829 2465 est,
864 2398 1247 2454 manifestum
1275 2393 1433 2466 quod
1463 2393 1665 2449 omnia
1693 2391 1768 2447 ad
1789 2390 1848 2445 id
1871 2391 2028 2463 quod

377 2494 523 2550 utile
556 2497 646 2549 est
670 2489 1014 2555 transferre,
1034 2492 1092 2542 et
1123 2502 1254 2558 quae
1287 2485 1480 2539 tristia
1510 2482 2026 2552 videntur,utgau-

375 2583 539 2640 dium
570 2576 1135 2644 concilient,efficiet
1169 2591 1180 2628 :
1215 2571 1712 2646 quemadmodum
1734 2569 2027 2640 etinipsis

371 2672 655 2745 apostolis
669 2687 737 2726 ac
751 2660 2025 2738 martyribus,tribulationes.persecutiones

374 2778 441 2816 ac
474 2767 696 2816 mortes
726 2758 865 2812 fecit
896 2753 1240 2810 occasiones
1271 2767 1402 2804 esse
1433 2763 1786 2803 coronarum
1801 2763 1869 2801 ac
1895 2746 2020 2801 bra~

369 2851 625 2913 viorum,
649 2853 708 2901 et
737 2843 1114 2901 conciliativa
1144 2840 1306 2912 regni
1339 2837 1644 2893 caelorum.
1706 2836 1798 2890 Sic
1847 2836 2024 2908 igitur

371 2943 432 2995 et
460 2934 776 3001 nos,modo
807 2950 926 2990 non
953 2927 1537 2993 deﬁciamus,nullus
1563 2925 1877 2982 adversum
1909 2941 2018 2980 nos

371 3027 697 3100 quidquam
719 3024 954 3097 poterit.
982 3019 1186 3077 Posuit
1205 3023 1426 3080 autem,
1453 3037 1480 3065 α
1515 3014 1620 3080 Qui
1670 3015 1906 3086 proprio
1931 3014 2020 3068 Fi-

363 3118 448 3174 lio
479 3133 599 3172 non
637 3114 920 3188 pepercit,
957 3133 984 3161 »
1014 3116 1150 3174 etc.,
1195 3105 1376 3162 simul
1408 3110 1465 3161 et
1519 3102 1885 3160 ineffabilem
1923 3103 2018 3158 Dei

367 3205 791 3278 providentiam
821 3204 978 3258 circa
1008 3216 1138 3260 nos,
1172 3202 1237 3252 ut
1270 3196 1547 3258 diximus,
1582 3192 1924 3258 ostendens,
1961 3197 2020 3248 et

364 3295 412 3350 si
444 3295 586 3366 quid
603 3292 891 3348 molestia)
924 3289 994 3344 ab
1018 3286 1317 3358 aliquibus
1349 3284 1611 3355 patimur
1632 3283 1926 3338 sustinere
1948 3299 2015 3337 ac

362 3382 613 3437 viriliter
642 3380 897 3435 tolerare
929 3379 1038 3432 hoc
1062 3373 1332 3445 exemplo
1391 3372 1712 3427 adhortans
1740 3389 1752 3425 :
1813 3385 1922 3426 nec
1957 3368 2013 3422 id

369 3471 583 3535 solum,
619 3485 822 3523 verum
856 3467 1033 3521 etiam
1066 3462 1408 3518 refocillans
1442 3477 1508 3515 ac
1539 3461 1832 3531 mitigans.
1867 3460 2011 3514 Nam

365 3560 413 3615 si
448 3562 613 3614 tanta
640 3556 824 3612 Filius
856 3569 961 3626 pro
996 3559 1049 3608 te
1085 3567 1294 3623 passus
1327 3554 1434 3615 est,
1469 3547 1612 3619 quid
1643 3555 1698 3602 te
1731 3564 1835 3618 pro
1884 3547 2011 3618 ipso

361 3647 484 3721 pati
515 3649 748 3718 oportet
774 3644 801 3698 ?
826 3644 973 3697 Item
1006 3641 1052 3697 si
1086 3640 1186 3695 ille
1219 3655 1350 3694 cum
1375 3643 1539 3692 tanta
1566 3652 1774 3708 passus
1794 3636 1889 3700 sit,
1920 3635 2012 3690 ni-

361 3737 448 3793 hil
479 3741 680 3792 tamen
702 3737 964 3806 paternas
985 3730 1188 3804 glorias
1211 3732 1314 3783 aut
1335 3725 1657 3782 divinitatis
1681 3724 1791 3796 ipsi
1815 3725 2007 3780 detra-

359 3833 520 3883 ctum
547 3829 636 3880 est
655 3840 667 3878 :
683 3838 877 3894 neque
901 3827 964 3877 tu
985 3837 1120 3876 cum
1144 3818 1269 3874 haec
1288 3816 1534 3889 pateris,
1550 3817 1807 3886 teipsum
1827 3813 2010 3885 parvi-

357 3914 586 3988 pendas
621 3911 905 3969 :omnino
939 3910 1098 3966 enim
1130 3907 1308 3963 etiam
1341 3911 1472 3978 post
1519 3903 1907 3960 afflictionom
1939 3917 2008 3958 ac

358 4010 610 4060 mortem
641 4002 854 4075 ipsam,
886 3996 1314 4072 promissiones
1345 3993 1691 4065 accipies.1n
1722 4007 1789 4046 eo
1808 3996 2004 4046 autem

360 4095 519 4168 quod
545 4095 813 4165 sequitur
846 4109 858 4146 :
893 4114 919 4140 «
954 4092 1076 4156 Quo
1113 4092 1281 4160 pacto
1319 4102 1439 4141 non
1499 4084 1677 4139 etiam
1735 4099 1869 4138 cum
1901 4082 2002 4138 illo

361 4186 562 4241 omnia
590 4183 834 4240 donabit
861 4183 887 4237 ἱ)
919 4205 946 4232 ››
981 4179 1335 4236 confirmare
1365 4176 1490 4232 vult
1515 4174 1674 4246 quod
1705 4173 1871 4229 nulla
1904 4189 2001 4229 oc-

356 4278 596 4334 casione
653 4284 757 4333 aut
806 4271 1329 4348 praetextu,‘dono
1376 4268 1646 4323 frustrari
1679 4264 1996 4338 possimus.

355 4386 383 4416 ‹‹
415 4366 561 4422 Cum
592 4366 745 4438 ipso,
777 4365 878 4429 ait,
903 4362 1105 4418 omnia
1129 4359 1302 4415 nobis
1326 4355 1587 4412 donabit.
1615 4376 1643 4403 ››
1685 4355 1854 4408 Dices
1879 4353 1998 4407 for-

352 4457 547 4523 tassis,
572 4457 802 4527 inquit:
839 4450 1158 4524 Nequando
1191 4447 1381 4504 nostri
1406 4445 1996 4514 obliviscatur.Atqui

349 4546 433 4601 ita
453 4547 662 4602 etFilii
688 4546 1136 4601 oblivisceretur
1167 4558 1180 4596 :
1216 4555 1353 4596 nam
1409 4553 1543 4591 cum
1595 4536 1722 4606 ipso
1781 4540 1996 4589 cuncta

2146 1947 2278 2022 ὑπὲρ
2323 1950 2484 2021 ἡμῶν
2517 1950 2544 2004 ὁ
2576 1950 2746 2019 Θεός;
2806 1951 2906 2004 Ἒκ
2959 1971 3018 2005 τε
3073 1955 3180 2005 τῶν
3231 1953 3670 2026 προειρημένων,
3702 1952 3806 2008 καὶ

2139 2035 2201 2090 τὸ
2236 2039 2484 2110 μεγιστον
2518 2039 2605 2092 καὶ
2656 2042 2828 2092 πᾶσαν
2887 2037 3191 2104 ἐκπλῆττον
3249 2035 3512 2108 διάνοιαν,
3546 2043 3631 2097 δτι
3666 2041 3817 2117 ὑπὲρ

2143 2127 2302 2198 ἡμῶν
2356 2131 2452 2180 τοῦ
2506 2125 2646 2180 ἰδίου
2705 2128 2835 2182 Υἱοῦ
2896 2127 2994 2182 οὐκ
3041 2128 3308 2200 ἐφείσατο.
3379 2127 3445 2186 Εἴ
3483 2128 3575 2183 οὖν
3610 2131 3638 2184 ὁ
3672 2131 3817 2194 Θεὸς

2143 2215 2273 2287 ὑπὲρ
2302 2216 2483 2287 ἡμῶν,
2517 2213 2689 2284 δῆλον
2743 2217 2827 2272 ὅτι
2875 2217 3046 2271 πάντα
3093 2217 3170 2281 εἷς
3221 2217 3491 2298 συμφὲρον
3524 2222 3813 2291 μεταστήο

2141 2324 2241 2370 σει,
2277 2305 2463 2360 καὶτὰ
2512 2303 2778 2361 δοκοῦντα
2831 2304 3072 2380 λυπηρά,
3133 2312 3306 2381 χαρᾶς
3361 2309 3588 2382 πρόξενοι
3617 2329 3805 2383 παρα-

2139 2395 2405 2456 σκευάσει,
2455 2391 2636 2470 ὥσπερ
2685 2395 2774 2448 καὶ
2823 2394 2911 2448 ἐπὶ
2959 2399 3067 2450 τῶν
3115 2393 3436 2450 ἀποστόλων
3489 2396 3665 2452 αὐτῶν
3699 2398 3801 2453 καὶ

2134 2487 2242 2536 τῶν
2285 2483 2574 2558 μαρτύρων
2625 2483 2721 2544 τὰς
2779 2484 2992 2556 θλίψεις
3037 2484 3126 2538 καὶ
3186 2485 3312 2546 τοὺς
3361 2482 3644 2562 ’διωγμοὺς
3695 2485 3799 2541 καί

2135 2571 2263 2634 τοὺς
2336 2573 2596 2634 θανάτους
2677 2573 2927 2628 ὑπόθεσιν
3003 2574 3278 2649 στεφάνων
3355 2574 3446 2628 καὶ
3513 2569 3789 2648 βραϐείων

2135 2657 2454 2729 ἐποιήσατο,
2517 2662 2603 2716 καὶ
2678 2661 2906 2736 πρόξενα
2970 2669 3070 2731 τῆς
3140 2661 3423 2737 βασιλείας
3473 2668 3576 2718 τῶν
3615 2664 3794 2738 οὐρα-

2132 2754 2259 2806 νῶν.
2317 2751 2508 2813 υῦτως
2567 2753 2682 2820 οὖν,
2741 2752 2799 2806 ἂν
2861 2752 3025 2825 ἡμεῖς
3087 2749 3253 2825 μόνον
3315 2754 3392 2826 μὴ
3445 2752 3789 2827 ἔκλυοὼμεν,

2133 2836 2312 2901 οὐδεὶς
2349 2839 2524 2919 ἰσχύει
2557 2841 2673 2894 καθ’
2723 2842 2906 2913 ἡμῶν.
2956 2843 3172 2905 Τέθεικε
3203 2839 3260 2896 δὲ
3288 2842 3371 2913 τὸ,
3406 2866 3435 2894 ι(
3468 2843 3565 2904 ’ος
3597 2863 3659 2920 γε
3687 2847 3791 2899 τοῦ

2136 2925 2276 2982 ἰδίου
2308 2930 2434 2983 Υίοῦ
2467 2929 2569 2984 οὐκ
2597 2928 2866 3005 ἐφείσατο,
2919 2954 2947 2982 »
2994 2932 3084 2985 καὶ
3143 2930 3292 3001 ἑξῆς,
3323 2933 3422 3002 τήν
3455 2952 3515 2988 τε
3545 2930 3805 3006 κηδεμο-

2132 3017 2248 3071 νίαν
2304 3018 2401 3084 τὴν
2457 3015 2682 3097 ἄφατον,
2745 3018 2820 3080 ὡς
2879 3017 3108 3098 ἔφημεν,
3167 3023 3266 3073 τοῦ
3320 3023 3454 3075 Θεοῦ
3494 3022 3809 3095 περὶήμᾶς

2131 3103 2563 3179 ἁνδεικνύμενος,
2624 3107 2716 3162 καὶ
2775 3109 2886 3179 ἅμα
2939 3105 2992 3162 εἷ’
3042 3129 3094 3163 τι
3151 3105 3412 3185 δυσχερὲς
3471 3109 3574 3164 ὑπό
3626 3130 3790 3166 τινων

2131 3199 2436 3270 πάσχομεν,
2499 3196 2786 3268 ὑπομένειν
2843 3196 2934 3252 καὶ
2990 3203 3268 3273 καρτερεῖν
3331 3194 3420 3253 διὰ
3475 3202 3574 3253 τοῦ
3614 3202 3793 3275 παρά-

2128 3283 2421 3360 ὃιίγματος
2451 3290 2751 3360 παραινῶν.
2803 3285 2879 3343 Ού
2934 3287 3098 3358 μόνον
3143 3285 3228 3356 δὲ,
3260 3285 3407 3342 ἀλλὰ
3435 3288 3526 3343 καὶ
3558 3290 3799 3351 ἁνακτώ,

2125 3395 2284 3448 μενος
2331 3375 2419 3430 καὶ
2465 3379 2816 3451 παρηγορῶν,
2869 3375 2931 3433 Εἰ
2984 3376 3089 3451 γὰρ
3143 3378 3170 3431 6
3222 3377 3343 3438 Υἱὸς
3395 3377 3529 3452 ὑπὲρ
3575 3383 3676 3433 σοῦ
3702 3401 3793 3434 το·

2122 3469 2289 3519 σαῦτα
2337 3463 2519 3532 ἔπαθε,
2581 3466 2633 3518 τί
2685 3485 2742 3520 σε
2789 3468 2901 3542 χρὴ
2953 3468 3140 3522 παθεῖν
3197 3467 3330 3540 ὑπὲρ
3366 3466 3569 3534 αὐτοῦς
3611 3471 3705 3524 καὶ
3742 3469 3786 3524 εί

2120 3553 2317 3616 ἐκεῖνος
2350 3557 2582 3609 τοσαῦτα
2615 3554 2801 3619 παθὼν
2835 3562 2935 3624 τῆς
2971 3561 3247 3630 Πατρικῆς
3271 3553 3431 3629 δόξης
3464 3557 3556 3611 καὶ
3590 3559 3784 3630 θεότη-

2119 3664 2211 3704 τος
2242 3641 2394 3698 οὐδὲν
2422 3665 2473 3698 τι
2525 3645 2914 3725 καθυφειμένον
2949 3643 3185 3716 ἐδέξατο,
3222 3641 3364 3719 μηδέ
3393 3649 3456 3699 σὺ
3497 3645 3786 3724 ὀλιγωρήο

2121 3752 2221 3805 σῃς
2252 3732 2482 3810 πάσχων
2513 3736 2700 3791 ταῦτα.
2761 3735 2983 3794 Πάντως
3033 3733 3136 3808 γάρ
3180 3736 3288 3788 τῶν
3325 3731 3780 3808 ἐπηγγελμένων,

2117 3823 2204 3876 καὶ
2243 3825 2377 3894 μετά
2418 3824 2484 3878 τά
2515 3824 2658 3893 πάθη
2719 3823 2808 3877 καὶ
2870 3823 3004 3894 μετά
3059 3825 3150 3876 τὸν
3211 3823 3435 3886 θάνατον
3469 3823 3764 3898 ἀξιωθήσῃ.

2116 3912 2189 3968 Τὸ
2223 3909 2301 3980 δὲ,
2339 3938 2359 3962 α
2396 3913 2522 3977 Πῶς
2543 3912 2674 3987 οὐχὶ
2700 3912 2789 3967 καὶ
2818 3910 2910 3966 σὺν
2937 3911 3082 3983 αὐτῷ
3104 3911 3393 3988 χαρίσεται
3422 3933 3435 3983 ;
3461 3935 3483 3959 ι)
3513 3914 3571 3968 τὸ
3599 3913 3762 3985 ἀπρο-

2116 4003 2369 4077 φάσιστον
2401 4003 2489 4057 καὶ
2539 4002 2910 4076 ἀπαραίτητον
2965 3998 3137 4066 θέλων
3170 4010 3504 4074 παραστῆσαι
3531 4007 3622 4070 τῆς
3649 3997 3755 4056 δω-

2117 4098 2258 4166 ρεᾶς.
2323 4117 2350 4146 ‹‹
2386 4092 2490 4148 Σὺν
2549 4093 2696 4164 αὐτῷ
2753 4093 2820 4147 τὰ
2877 4097 3047 4147 πάντα
3105 4093 3243 4164 ἡμῖν
3301 4094 3598 4168 χαρίσεται,
3654 4114 3763 4170 φτ,-

2113 4182 2213 4238 σῖν,
2269 4207 2297 4233 ››
2349 4184 2540 4256 Ἐρεῖς,
2594 4182 2783 4254 φησὶν,
2837 4180 2919 4236 ὅτι
2971 4184 3045 4255 μή
3102 4203 3234 4237 ποτε
3291 4183 3453 4254 ήμῶν
3506 4181 3763 4253 ἐπιλήσε-

2108 4290 2236 4339 ται;
2295 4270 2500 4327 Οὐκοῦν
2542 4271 2630 4325 καὶ
2676 4274 2772 4324 τοῦ
2820 4270 2970 4328 Tibi”).
3023 4269 3124 4326 Σὺν
3172 4270 3322 4342 αὐτῷ
3349 4271 3448 4345 γὰρ
3480 4270 3548 4325 τὰ
3596 4272 3769 4326 πάντα

2108 4360 2246 4432 ἡμῖν
2300 4358 2603 4434 χαρίζεται.
2663 4360 2820 4414 Ὢστε
2896 4358 3110 4420 πάντως
3164 4359 3254 4414 καὶ
3315 4359 3766 4436 ἀπροφασίστως,

2106 4449 2397 4520 τευξόμεθα
2455 4448 2528 4502 ὧν
2586 4446 2993 4522 ἐπηγγελμεθα.
3054 4447 3238 4505 Εἰπὼν
3290 4445 3347 4502 δὲ
3397 4446 3528 4510 τοὺς
3573 4468 3768 4524 πειρα-

2106 4533 2278 4606 σμοὺς
2323 4535 2450 4598 τοὺς
2498 4531 2586 4588 διὰ
2641 4534 2877 4607 θλίψεων
2925 4536 3014 4588 καὶ
3067 4535 3340 4608 βασάνων,
3372 4533 3423 4588 ἐν
3456 4538 3534 4606 τῷ
3566 4533 3766 4601 εἰπεῖν,

353 4635 526 4691 nobis
545 4632 1108 4708 elargitur.0mnino
1131 4632 1331 4700 itaque
1354 4632 1413 4683 et
1433 4605 1654 4695 absque
1679 4623 1801 4679 ulla
1823 4623 1994 4695 tergi-

2124 4646 2131 4674 ι
2161 4625 2251 4686 Τίς
2283 4624 2397 4677 καθ’
2426 4625 2624 4694 ἡμῶν;
2663 4644 2685 4675 ν
2720 4627 2810 4676 νῦν
2843 4620 3025 4697 ἓτερον
3060 4620 3202 4684 εἶδος
3234 4627 3550 4698 πειρασμῶν
3587 4623 3760 4699 λέγει’

348 4726 679 4779 versatione
710 4738 1098 4794 assequemur
1128 4737 1260 4791 quae
1291 4715 1464 4772 nobis
1495 4713 1787 4785 promissa
1828 4718 1986 4768 sunt.

350 4813 495 4868 Cum
525 4818 723 4868 autem
746 4812 817 4867 de
858 4809 1283 4866 tentationibus
1329 4806 1562 4861 locutus
1596 4803 1672 4858 sit
1697 4819 1827 4873 qum
1886 4818 1991 4873 per

345 4901 703 4960 afflictiones
729 4905 869 4956 sunt
898 4906 957 4954 et
990 4903 1303 4956 tormenta.
1332 4895 1536 4950 dicens
1569 4910 1582 4948 :
1612 4914 1641 4942 «
1674 4892 1813 4957 Quis
1843 4908 1989 4947 con-

345 5000 436 5052 tra
466 4993 620 5051 nos?
650 5015 678 5043 ››
711 4991 872 5047 aliud
904 5006 1062 5045 nunc
1118 4987 1508 5044 tentationum
1564 5001 1751 5058 genus
1798 4983 1985 5055 ponit,

342 5101 557 5158 nempe
589 5082 967 5154 improperia.
1003 5077 1409 5135 accusationes
1441 5094 1453 5131 :
1516 5074 1822 5146 vituperia.
1889 5090 1985 5128 ca-

339 5178 760 5251 lumnias,quaa
792 5175 1067 5232 infideles
1099 5169 1484 5228 effundebant
1512 5169 1823 5224 adversum
1849 5166 1986 5222 fide-

340 5268 448 5326 les.
476 5273 545 5326 Et
590 5270 702 5326 hoc
747 5285 818 5324 ex
839 5283 908 5322 eo
940 5262 1283 5320 manifestat
1307 5257 1464 5331 quod
1496 5258 1578 5312 ait
1615 5273 1628 5310 :
1662 5277 1690 5306 ‹‹
1719 5257 1858 5322 Quis
1886 5272 1984 5312 ac-

339 5360 570 5416 cusabit
596 5360 878 5416 adversus
923 5355 1142 5412 electos
1191 5349 1346 5407 Dei?
1401 5369 1429 5397 n
1498 5346 1651 5402 8I6
1709 5351 1768 5399 et
1797 5346 1858 5400 in
1889 5345 1981 5400 his

341 5448 518 5504 etiam
540 5450 802 5506 ostendit
837 5442 1340 5522 quemadmodum
1371 5443 1430 5494 et
1457 5438 1519 5494 in
1553 5435 1848 5508 praedictis
1880 5435 1980 5506 qui

338 5537 458 5592 Deo
483 5538 849 5608 justificante
880 5538 942 5592 in
972 5550 1186 5590 vanum
1219 5532 1514 5600 nugantur
1544 5524 1644 5597 qui
1700 5528 1983 5580 accusant

331 5626 424 5681 vel
453 5627 872 5682 condemnant.
908 5648 935 5675 «
969 5625 1024 5679 Si
1063 5631 1213 5678 Deus
1243 5636 1349 5692 pro
1384 5616 1578 5681 nobis,
1613 5615 1746 5685 quis
1773 5618 1980 5669 contra

335 5716 487 5775 nos?
518 5739 546 5769 »
577 5718 656 5773 Ne
689 5713 1082 5772 etiamdicant
1113 5731 1125 5769 :
1161 5713 1345 5783 Reges
1373 5706 1544 5764 nobis
1566 5704 1976 5769 adversantur,

2102 4714 2226 4775 τοὺς
2284 4709 2646 4784 ὀνειδισμοὺς,
2705 4711 2800 4775 τάς
2853 4714 3109 4785 μέμψεις,
3164 4713 3261 4774 τάς
3321 4710 3628 4788 λοιδορίας,
3661 4714 3764 4778 τὰς

2102 4799 2384 4870 διαϐολάς,
2423 4800 2484 4864 ἃς
2535 4800 2794 4876 κατέχεον
2849 4801 2902 4855 οἱ
2955 4798 3171 4856 ἄπιστοι
3226 4805 3333 4856 τῶν
3386 4807 3614 4858 πιστῶν.
3651 4803 3758 4859 Καὶ

2097 4897 2259 4947 τοῦτο
2317 4888 2484 4958 δηλοῖ
2537 4886 2625 4945 διά
2681 4895 2783 4945 τοῦ
2837 4889 3040 4963 λέγειν,
3101 4889 3257 4951 «Τίς
3307 4888 3588 4968 ἒγκαλέσει
3620 4892 3757 4946 κατὰ

2099 4979 2366 5036 ἐκλεκτῶν
2425 4983 2598 5048 Θεοῦς
2633 5003 2661 5031 ››
2715 4980 2804 5034 καὶ
2861 4975 3213 5035 ἀποδείκνυσι
3261 4979 3532 5043 κάνταῦθα
3569 4976 3755 5053 ὥσπερ

2095 5070 2187 5125 καὶ
2216 5069 2302 5124 ἐπὶ
2331 5073 2439 5124 τῶν
2496 5067 2935 5143 προειρημένων,
2969 5069 3054 5123 ὅτι
3115 5072 3249 5124 Θεοῦ
3282 5064 3643 5135 δικαιοῦντος,
3676 5069 3755 5131 εἷς

2098 5161 2273 5235 μάτην
2303 5155 2753 5232 γλιυσσαλγοῦσιν
2777 5159 2827 5211 oi
2849 5156 3168 5231 αἱτιώμενοι
3195 5157 3284 5212 καὶ
3319 5157 3751 5233 κατακρίνοντες.

2095 5276 2120 5302 ‹‹
2153 5249 2216 5307 Ei.
2249 5250 2277 5304 6
2307 5247 2438 5307 Θεὸς
2471 5247 2601 5318 ὑπὲρ
2625 5246 2809 5320 ’ἧμῶν,
2841 5246 2920 5309 τίς
2945 5249 3063 5300 καθ’
3093 5246 3254 5320 ἡμῶν
3281 5266 3292 5316 ;
3325 5272 3347 5301 ι
3385 5252 3499 5304 Ίνα
3526 5247 3631 5322 γὰρ
3668 5249 3746 5320 μή

2093 5340 2346 5414 λέγωσιν,
2401 5334 2485 5390 ὅτι
2546 5335 2800 5398 Βασιλεῖς
2858 5336 2975 5390 καθ’
3037 5335 3198 5408 ἡμῶν
3258 5336 3349 5390 καὶ
3416 5331 3588 5406 δῆμοι
3657 5335 3749 5391 καὶ

2089 5427 2354 5503 ἡγεμόνες
2390 5424 2607 5497 (πάντες
2653 5425 2758 5500 γὰρ
2810 5420 3172 5481 ἐπεϐούλευον
3199 5430 3316 5488 τοῖς
3347 5430 3610 5494 πιστοῖς),
3644 5445 3754 5502 φη»

2092 5519 2172 5574 σὶν
2203 5518 2288 5572 ὅτι
2315 5513 2499 5588 ἰσχύει
2525 5514 2552 5567 6
2583 5515 2713 5576 Θεὸς
2739 5514 2835 5576 τάς
2865 5515 2986 5578 καθ’
3027 5516 3190 5586 ἡμῶν
3219 5508 3542 5584 ἐπιϐουλάς,
3573 5515 3748 5592 ἀφορ-

2093 5609 2201 5680 μὴν
2251 5605 2528 5679 στεφάνων
2579 5605 2932 5674 ποιήσασθαι.
2984 5600 3178 5664 Οὐδεὶς
3225 5600 3316 5657 οὖν
3349 5604 3377 5658 6
3406 5605 3529 5658 καθ’
3559 5603 3743 5676 ἡμῶν.

2089 5721 2117 5749 ‹‹
2152 5697 2247 5756 ’ος
2305 5713 2365 5770 γε
2415 5695 2512 5746 τοῦ
2573 5689 2714 5748 ἰδίου
2770 5690 2894 5748 Υἱοῦ
2956 5691 3054 5747 οὐκ
3109 5689 3373 5774 ἐρείσατο,
3423 5715 3452 5744 ››
3497 5696 3621 5754 Πῶς
3651 5692 3752 5748 οὖν
