4126 6256
302 400 420 463 ιοτ
1424 399 1844 463 COMMENT.
1895 401 1973 461 IN
2025 396 2271 460 EPIST.
2314 400 2420 462 AD
2468 402 2655 462 R032.
3634 407 3752 471 494

309 532 498 611 φησὶν,
531 534 689 608 ἡμᾶς
728 534 1035 609 προήσεται
1068 532 1096 588 6
1131 532 1281 604 Θεὸς,
1342 531 1399 596 ὃς
1430 530 1492 588 o6
1528 531 1690 606 μόνον
1724 537 1825 588 τοῦ
1859 531 1984 587 Υἰοῠ

2103 532 2426 605 pOpulique
2456 548 2522 589 ac
2554 534 3053 606 prasfecti,omnes
3070 534 3362 608 siquidem
3386 537 3753 596 insidiaban-

302 624 484 681 αὐτοῦ
573 624 949 698 συμμόρφους
997 622 1283 695 -ἐποίησεν
1356 621 1503 678 ἀλλὰ
1556 620 1646 677 καὶ
1704 619 1984 677 ἐδικαίωσε

2105 626 2198 676 tur
2233 621 2508 677 ﬁdelibus
2541 639 2555 690 ;
2592 623 2731 679 dicit
2763 623 2918 696 quod
2962 630 3172 697 potens
3205 630 3294 681 est
3321 627 3475 683 Deus
3508 627 3757 685 insidias

298 720 399 769 καὶ
434 713 688 785 ἐδόξατε,
723 713 820 768 καὶ
854 715 920 769 οὐ
950 717 1111 769 τοῦτο
1173 713 1355 786 μόνον,
1389 710 1534 769 ἀλλὰ
1565 712 1680 767 ’καὶ
1738 712 1831 767 τὸν
1862 712 1984 765 Υἱὸν

2102 728 2231 784 quae
2266 718 2405 768 sunt
2418 713 2726 769 adversum
2742 730 2849 769 nos
2866 714 3101 769 efﬁcere
3116 717 3459 772 occasiones
3483 720 3755 790 praemio-

296 801 527 859 ἔδωκεν
564 804 697 878 ὑπὲρ
739 805 908 876 ἡμῶν
964 804 1200 872 πάντων,
1260 802 1415 879 φησὶ,
1474 802 1565 879 καὶ
1620 798 1984 876 ἁμαρτωλῶν,

2104 817 2234 857 rum
2272 817 2284 854 :
2319 802 2518 856 nullus
2576 819 2710 875 ergo
2762 811 2968 858 contra
2996 821 3106 859 nos
3147 806 3279 861 erit.
3317 829 3342 851 ιι
3373 807 3479 871 Qui
3518 809 3759 881 proprio

303 892 415 948 καὶ
474 891 779 962 τελωνῶν,
850 891 942 946 καὶ
1000 893 1268 967 πόρνωνς
1328 891 1392 949 Εἰ
1444 893 1535 946 τὸν
1596 890 1742 961 Υἱὸν,
1802 891 1984 968 φησὶν,

2100 890 2246 945 Filio
2279 907 2396 945 non
2430 894 2712 964 pepercit.
2752 914 2779 941 ››
2811 894 3115 957 Quomodo
3148 911 3307 966 ergo,
3340 896 3555 967 inquit,
3601 898 3752 969 abji-

302 978 534 1040 ἕδωκεν
567 983 647 1045 εἰς
677 984 902 1037 θάνατον
955 983 984 1038 6
1021 983 1231 1056 Πατὴρ,
1261 981 1314 1037 τί
1345 979 1428 1037 δεῖ
1457 982 1582 1054 περὶ
1635 986 1744 1036 τῶν
1804 980 1984 1037 ἄλλων

2101 979 2219 1037 ciet
2247 996 2355 1035 nos
2390 981 2562 1047 Deus,
2597 982 2695 1053 qui
2726 998 2847 1039 non
2879 984 3054 1038 modo
3088 984 3423 1040 conformes
3464 986 3609 1042 Filio
3640 1003 3748 1042 suo

293 1071 709 1148 ἀμφιϐάλλειν
742 1094 756 1141 ;
788 1076 850 1129 Ὀ
882 1072 986 1148 γάρ
1019 1074 1080 1128 τὸ
1117 1072 1255 1146 μέγα
1302 1070 1448 1140 δοὺς,
1511 1072 1599 1127 καὶ
1656 1073 1718 1127 τὸ
1757 1066 1984 1128 ἔλαττον

2099 1067 2378 1133 reddidit,
2414 1086 2614 1124 verum
2647 1072 2825 1126 etiam
2868 1072 3217 1143 justificavit
3246 1080 3303 1129 et
3345 1074 3700 1147 gloriﬁcavit
3730 1093 3745 1131 :

289 1140 510 1221 δώσει.
548 1190 581 1216 α
619 1167 720 1226 Τίς
748 1162 1027 1241 ἐγκαλέσει
1060 1186 1076 1233 ς
1112 1187 1139 1215 ι)
1175 1161 1384 1218 Πολλοὶ
1415 1157 1629 1223 ἀσεϐεῖς
1682 1162 1984 1239 ἐμέμφοντο

2100 1173 2209 1212 nec
2241 1157 2299 1212 id
2333 1158 2547 1225 solum,
2573 1160 2674 1214 sed
2708 1161 2988 1215 etFilium
3025 1180 3127 1233 pro
3160 1162 3331 1217 nobis
3354 1164 3632 1219 omnibus
3654 1166 3755 1221 de-

284 1260 425 1315 τοῖς
456 1254 815 1310 πιστεύουσι.
866 1254 1041 1322 Φησέν
1096 1251 1206 1308 οὖν’
1240 1253 1333 1317 Τίς
1391 1252 1576 1315 ἱκανὸς
1631 1251 1984 1326 ἐγκαλέσαιῆ

2100 1246 2185 1300 dit
2217 1251 2273 1301 et
2321 1247 2656 1318 publicanis
2708 1255 2766 1304 et
2811 1252 3223 1321 peccatoribus
3255 1269 3323 1307 ac
3352 1252 3692 1309 fornicariis
3722 1256 3749 1311 Ξ)

289 1341 655 1417 μέμψασθαι
683 1348 800 1404 τοῖς
850 1343 953 1397 ὑπὸ
985 1346 1119 1397 Θεοῦ
1152 1340 1462 1417 ἐκλεχθεῖσι
1498 1361 1511 1410 ;
1563 1342 1668 1399 Καὶ
1736 1340 1857 1414 ὅρα,
1890 1341 1984 1397 οὐκ

2100 1338 2265 1402 Quod
2299 1338 2346 1391 si
2394 1338 2629 1406 Filium,
2679 1341 2895 1412 inquit,
2931 1342 3093 1396 dedit
3139 1344 3210 1398 ad
3248 1349 3499 1400 mortem
3549 1348 3745 1412 Pater,

287 1434 455 1487 εἶπεν
492 1432 745 1495 Δούλοις
773 1436 928 1500 Θεοῦ,
966 1431 1000 1500 ἢ
1038 1436 1279 1497 Ηιστοῖς,
1338 1429 1485 1486 ἀλλὰ
1520 1453 1549 1482 κ
1591 1431 1925 1498 Ἐκλεκτοῑς,
1960 1454 1984 1480 η

2101 1426 2243 1498 quid
2274 1427 2345 1482 de
2376 1428 2625 1501 reliquis
2658 1431 2954 1502 ambigere
2989 1434 3258 1504 oportet?
3280 1436 3388 1499 Qui
3413 1436 3571 1491 enim
3591 1437 3754 1493 dedit

292 1521 562 1597 ἐπαίρων
594 1523 665 1577 τὸ
697 1522 931 1593 ἀξίωμα.
960 1545 987 1572 ‹‹
1023 1521 1153 1584 Θεὸς
1193 1523 1221 1576 6
1280 1517 1523 1576 δικαιῶν.
1554 1544 1581 1571 ››
1639 1520 1755 1577 Οὐκ
1818 1521 1984 1586 εἶπεν,

2100 1517 2255 1587 quod
2286 1534 2566 1589 magnum
2601 1526 2708 1587 est,
2739 1520 2903 1576 dahit
2931 1524 3138 1594 utique
3163 1530 3222 1579 et
3246 1525 3403 1596 quod
3426 1526 3749 1583 minusest.

293 1613 357 1669 Ὀ
390 1611 567 1687 ἀφεὶς
606 1611 906 1685 άμαρτίας,
938 1608 1084 1666 ἀλλὰ
1114 1611 1174 1665 τὸ
1234 1614 1437 1682 μεῖζον,
1501 1635 1520 1659 α
1560 1615 1620 1667 '0
1673 1607 1918 1665 δικαιῶν,
1961 1634 1984 1659 η

2101 1626 2127 1653 (ε
2161 1605 2300 1670 Quis
2324 1606 2626 1663 accusabit
2656 1608 2731 1662 ?»
2756 1610 2918 1665 Multi
2940 1612 3750 1683 impiiaccusabantcreden-

304 1733 373 1744 —
412 1724 436 1755 ι
476 1700 584 1764 Τίς
621 1702 652 1756 6
712 1700 1051 1776 κατακρίνων
1089 1720 1101 1769 ;
1140 1723 1168 1751 ››
1235 1702 1399 1756 ’Όταν
1430 1701 1532 1776 γὰρ
1566 1700 1594 1753 ὁ
1627 1700 1755 1761 θεὸς
1823 1701 1984 1776 ψήφῳ

2103 1698 2207 1749 tes.
2244 1693 2398 1749 Dicit
2427 1711 2562 1767 ergo
2597 1713 2609 1750 :
2655 1698 2795 1763 Quis
2841 1698 3091 1756 idoneus
3132 1707 3221 1757 est
3270 1708 3335 1756 ut
3381 1710 3619 1760 accuset
3648 1710 3752 1761 aut

311 1790 430 1847 τινὶ
461 1790 656 1861 οἰκείᾳ
706 1788 992 1863 δικαιώσῃ,
1050 1788 1131 1851 τίς
1165 1790 1191 1844 6
1222 1789 1608 1864 κατακρίνωνς
1667 1788 1728 1843 Τί
1786 1786 1842 1844 δὲ
1897 1790 1984 1843 καὶ

2102 1782 2413 1855 redarguat
2442 1800 2543 1839 eos
2574 1787 2674 1857 qui
2700 1802 2733 1841 a
2764 1786 2883 1843 Deo
2916 1796 3055 1844 sunt
3085 1789 3258 1845 electi
3284 1792 3311 1846 ‘1
3331 1794 3399 1846 Et
3429 1793 3558 1848 vide
3592 1796 3753 1866 quod

317 1878 675 1955 ιατακρίνων
764 1876 1007 1958 ὠφελεῖ;
1094 1878 1156 1932 τὸ
1221 1875 1277 1933 δὶ
1354 1876 1691 1951 κατακρίνων
1777 1878 1850 1940 ὡς
1900 1876 1984 1933 ἐπὶ

2100 1890 2219 1928 non
2250 1874 2465 1930 dixerit
2493 1893 2505 1930 :
2540 1876 2745 1933 Servos
2779 1879 2904 1946 Dei,
2937 1887 3037 1935 aut
3069 1882 3398 1949 credentes,
3437 1884 3539 1940 sed
3566 1906 3593 1933 «ι
3625 1886 3753 1941 Ele-

327 1971 699 2045 ἁμαρτήμασι
735 2011 751 2025 .
804 1992 833 2019 ι(
868 1967 1104 2041 Χριστὸς
1161 1966 1463 2030 ἀποθανών.
1501 1987 1526 2019 ι
1586 1968 1713 2021 Κατ’
1770 1965 1982 2043 ἐρώτη-

328 2080 406 2113 σιν
463 2057 601 2113 αὐτὸ
663 2054 917 2135 προάγει,
988 2057 1063 2119 ὡς
1130 2055 1534 2132 ἀναντιρῥήτων
1590 2051 1775 2113 ὄντων.
1838 2079 1865 2109 ι(
1923 2058 1982 2115 Ὀ

332 2147 643 2205 ἀποθανὼν.
716 2170 746 2198 »
809 2146 927 2215 Τίς,
986 2146 1172 2223 φησὶν,
1234 2146 1262 2201 6
1318 2146 1675 2219 κατακρίνων,
1733 2150 1829 2201 τοῦ
1890 2146 1983 2219 μὶν

332 2237 658 2311 Πνεῦματος
754 2230 1397 2308 συναντιλαμόανομὲνου
1487 2241 1608 2297 ταῖς
1693 2234 1983 2297 ἀσθενείαις

331 2329 511 2400 ἡμῶν,
581 2330 683 2381 τοῦ
752 2323 809 2381 6‘s
870 2324 1081 2398 [Ἰατρὸς
1138 2322 1498 2395 δικαιοῦντος,
1555 2328 1652 2379 τοῦ
1719 2321 1775 2379 δὲ
1853 2325 1983 2378 Υἱοῦ

334 2413 463 2487 ὑπὲρ
532 2414 698 2484 ἡμῶν
755 2409 1172 2478 ἀποθανόντοςς
1221 2409 1324 2471 Οὓς
1379 2409 1481 2484 γὰρ
1513 2411 1548 2478 ἡ
1581 2410 1748 2484 Τριᾶς
1798 2405 1983 2464 ἀπεδι-

329 2501 547 2570 καίωσε,
592 2499 677 2562 τίς
748 2500 775 2555 6
835 2499 1220 2572 κατακρίνωνς
1279 2530 1347 2541 -
1403 2498 1824 2571 [ΟΙΚΟΥΜΕΝ,]
1882 2496 1984 2553 Καὶ

331 2591 468 2647 οὕτω
500 2588 641 2666 δύνῃ
672 2590 888 2659 νοῆσαι,
923 2590 996 2651 ὡς
1029 2590 1163 2664 πρὸς
1193 2588 1257 2644 τὸ
1288 2588 1426 2644 κατὰ
1473 2584 1611 2642 πόδα
1664 2592 1761 2642 τοῦ
1793 2586 1985 2662 ῥητοῦ.

329 2681 393 2739 Ei
421 2682 483 2738 τὸ
510 2685 761 2753 Πνεῦμα,
792 2677 980 2757 φησῖν,
1004 2673 1478 2751 ἀντιλαμϐάνεται,
1513 2677 1558 2733 εί
1590 2677 1619 2731 6
1660 2679 1845 2752 Πατὴρ
1876 2674 1988 2732 ἐδι-

331 2772 547 2837 καίωσε,
587 2768 675 2830 τίς
729 2769 759 2823 6
818 2772 1135 2843 κατακρῖναι
1192 2764 1529 2839 δυνάμενος;
1584 2764 1986 2834 ’Υπολείπεται,

333 2859 517 2939 φησίν,
546 2860 573 2914 6
604 2858 757 2919 Υἱός.
794 2858 856 2915 Ὀ
912 2857 1036 2920 Υἱὸς
1085 2856 1202 2923 οὗν,
1234 2856 1420 2933 φησὶν,
1478 2849 1593 2929 ἔχει
1650 2860 1985 2931 κατακρῖναι,

326 2950 509 3006 καίτοι
540 2951 812 3004 τοσοῦτον
851 2945 1081 3022 ἀγαπᾷν,
1132 2946 1206 3007 ὡς
1236 2944 1324 3000 καὶ
1383 2943 1605 3009 θάνατον
1662 2945 1991 3019 αἱρήσασθαι

326 3042 461 3115 ὑπὲρ
494 3042 686 3111 ἡμῶν,
719 3036 808 3093 mi
862 3034 938 3092 ὢν
994 3033 1046 3092 ἐν
1100 3033 1245 3109 δεξιᾷ
1271 3038 1367 3089 τοῦ
1397 3034 1628 3109 Πατρὸς.
1660 3034 1752 3089 καὶ
1782 3035 1857 3095 εἰς
1888 3036 1985 3102 τήν

322 3128 469 3185 ἲδίαν
556 3126 877 3191 ἐπανελθὼν
962 3122 1143 3196 δόξαν,

1220 3123 1320 3179 οὐκ
1375 3122 1643 3180 ἐπαύσατο
1696 3130 1795 3193 τῆς
1851 3124 1988 3197 πρὸς

327 3219 483 3293 ἡμᾶς
541 3218 785 3293 ἀγάπης,
848 3213 996 3270 ἀλλὰ
1052 3215 1138 3269 καὶ
1213 3212 1522 3288 παρακαλεῖ
1605 3213 1697 3268 τὸν
1777 3213 1990 3287 Πατέρα

2095 1969 2240 2028 ctos,
2271 1986 2297 2012 »
2331 1963 2676 2037 dignitatem
2712 1968 3019 2025 extollens.
3058 1994 3083 2019 ‹‹
3108 1972 3262 2027 Deus
3294 1977 3383 2027 est
3412 1974 3748 2045 quijustifi-

2093 2057 2203 2108 cat.
2239 2075 2265 2101 »
2296 2055 2549 2110 Rursum
2582 2073 2700 2112 non
2732 2058 2813 2112 ait
2848 2075 2859 2113 :
2894 2060 3003 2125 Qui
3060 2068 3305 2132 peccata
3334 2063 3582 2132 dimisit,
3643 2065 3746 2121 sed

2093 2141 2252 2213 quod
2295 2144 2489 2214 majus
2521 2150 2628 2211 est,
2661 2168 2688 2194 ‹‹
2725 2147 2831 2211 Qui
2865 2149 3176 2219 justiﬁcat.
3232 2173 3259 2201 »
3302 2183 3373 2194 -—
3407 2175 3435 2201 «
3469 2152 3612 2218 Quis
3644 2154 3745 2211 ille

2094 2233 2193 2304 qui
2213 2232 2571 2290 condemnet
2598 2235 2625 2291 ‘I
2658 2257 2683 2283 υ
2717 2238 2856 2292 Cum
2886 2240 3044 2295 enim
3067 2241 3218 2296 Deus
3236 2242 3477 2314 propria
3498 2249 3741 2301 senten-

2093 2322 2174 2377 tia
2196 2323 2984 2395 quempiamjustiﬁcaverit,
3019 2330 3154 2400 quis
3184 2331 3353 2386 illum
3374 2333 3739 2391 condemna-

2092 2410 2180 2467 bit
2200 2410 2227 2466 ?
2254 2411 2420 2477 Quod
2452 2414 2499 2468 si
2525 2414 2701 2470 etiam
2733 2416 3234 2481 condemnaverit,
3259 2421 3401 2491 quid
3425 2422 3737 2494 proderit?

2095 2500 2203 2566 Qui
2250 2500 2612 2558 condemnat
2669 2509 2889 2572 autem,
2944 2512 3230 2577 tanquam
3290 2526 3396 2581 pro
3461 2512 3744 2581 peccatis.

2101 2613 2121 2642 ι
2159 2592 2425 2649 Christus
2456 2594 2557 2665 qui
2608 2601 2879 2651 mortuus
2910 2602 3019 2652 est.
3060 2620 3087 2645 ››
3123 2598 3456 2655 Secundum
3488 2599 3742 2656 interro-

2094 2682 2393 2755 gationem
2425 2682 2583 2738 idem
2604 2684 2897 2755 producit,
2933 2691 3214 2758 tanquam
3249 2687 3306 2742 in
3333 2687 3423 2742 his
3458 2704 3589 2759 quas
3615 2693 3755 2745 sunt

2096 2770 2548 2845 irrefragabilia.
2584 2795 2609 2821 α
2644 2773 2751 2838 Qui
2801 2780 3072 2830 mortuus
3125 2781 3231 2830 est.
3264 2797 3291 2825 υ
3325 2777 3486 2845 Quis,
3529 2778 3746 2848 inquit,

2095 2858 2219 2925 ille,
2250 2859 2350 2930 qui
2381 2860 2738 2917 condemnet
2767 2878 2901 2918 cum
2944 2864 3196 2935 Spiritus
3229 2865 3548 2921 auxilietur
3579 2867 3750 2922 infir-

2098 2948 2401 3004 mitatibus
2425 2950 2847 3015 uostris,Pater
2874 2958 3071 3007 autem
3089 2954 3592 3022 justiﬂcet.Filius
3610 2973 3747 3012 vero

2096 3055 2202 3109 pro
2227 3038 2399 3094 nobis
2433 3045 2700 3095 mortuus
2731 3041 2810 3095 sit
2836 3042 2863 3094 ?
2895 3043 3037 3096 Nam
3071 3059 3218 3113 quos
3249 3045 3502 3099 Trinitas
3527 3045 3748 3116 justiﬁ-

2099 3127 2269 3192 cavit,
2303 3127 2577 3198 quisnam
2614 3129 3039 3185 condemnabit
3068 3132 3095 3185 ?
3126 3134 3299 3186 Potes
3342 3139 3401 3187 et
3430 3133 3541 3188 hoc
3573 3134 3749 3190 modo

2098 3214 2621 3286 intelligere,utad
2653 3217 2711 3272 id
2741 3218 2899 3289 quod
2930 3218 3105 3274 modo
3138 3219 3362 3276 dictum
3395 3227 3745 3295 esttespon-

338 3307 483 3377 ὀπὶρ
514 3307 689 3376 ἡμῶν.
710 3306 895 3363 Τοῦτο
923 3304 1026 3377 γάρ
1056 3303 1118 3358 τὸ
1157 3302 1559 3377 ἐντυγέάνουσι.
1591 3303 1704 3370 Τὴν
1764 3297 1822 3355 δὲ
1876 3322 1979 3356 πα-

2097 3304 2232 3360 deat
2268 3322 2283 3359 :
2312 3305 2368 3360 Si
2402 3305 2652 3376 Spiritus
2709 3307 3051 3373 auxiliatur,
3081 3309 3128 3363 si
3175 3310 3740 3381 Paterjustiticavit,

334 3392 615 3470 ράκλησιν
670 3392 830 3455 οὕτως
914 3393 1047 3447 νόει’
1132 3392 1280 3463 αὖτῷ
1335 3394 1415 3463 τῷ
1476 3389 1979 3464 ἔνηνορωπηκὲναι,

333 3480 646 3558 παρακαλεῖ
668 3483 754 3539 τὸν
780 3480 993 3557 Πατέρα
1028 3482 1158 3555 ὑπὲρ
1192 3483 1374 3553 ἡμῶν.

2092 3394 2228 3465 quis
2258 3399 2470 3465 potens
2492 3401 2582 3451 est
2612 3396 3011 3452 condemnare
3041 3398 3068 3453 Ῥ
3095 3399 3492 3471 Relinquitur,
3527 3401 3743 3473 inquit,

2092 3482 2295 3549 Filius,
2328 3483 2509 3539 Filius
2536 3484 2715 3556 igitur
2754 3486 3154 3544 condemnare
3196 3495 3394 3562 potest
3461 3491 3639 3562 Atqui
3687 3492 3751 3548 in

336 3580 564 3631 tantum
609 3572 821 3629 dilexit
850 3577 919 3628 ut
967 3588 1073 3644 pro
1104 3571 1279 3628 nobis
1334 3574 1589 3626 mortem
1635 3568 1925 3642 elegerit:
1959 3586 2215 3643 cumque
2267 3572 2443 3627 modo
2490 3573 2566 3627 sit
2594 3574 2658 3629 in
2697 3574 2941 3630 dextera
2988 3578 3177 3633 Patris
3233 3583 3291 3632 et
3339 3577 3413 3633 ad
3440 3579 3743 3650 propriam

335 3664 569 3721 redierit
612 3663 890 3736 gloriam.
940 3661 1130 3718 nostri
1179 3659 1559 3716 dilectionem
1608 3675 1988 3731 nequaquam
2036 3660 2298 3732 reliquit,
2332 3662 2435 3717 sed
2467 3668 2525 3717 et
2574 3664 2730 3735 apud
2780 3666 3013 3719 Patrem
3062 3682 3167 3736 pro
3205 3667 3376 3722 nobis
3408 3668 3742 3723 intercedit.

330 3758 470 3811 Nam
499 3754 615 3809 hoc
648 3757 741 3808 est
770 3750 929 3823 quod
986 3750 1257 3822 sequitur
1286 3745 1617 3822 ἐντυγχάνει.
1654 3748 1802 3803 817
1841 3748 1931 3804 Sic
1977 3755 2177 3805 autem
2233 3751 2723 3807 intercessionem
2774 3753 2894 3807 sive
2948 3754 3393 3811 advocationem
3452 3756 3741 3827 intellige,

322 3851 386 3903 ut
412 3860 523 3918 per
552 3844 674 3899 hoc
705 3840 866 3912 quod
892 3839 1323 3897 humanitatem
1364 3837 1710 3909 susceperit,
1748 3841 1973 3894 Patrem
2006 3839 2386 3910 interpellare
2418 3840 2649 3896 dicatur
2678 3857 2782 3911 pro
2814 3841 3004 3896 nobis.

388 3958 416 3985 (ς
447 3934 554 3993 Ὃς
616 3929 713 3985 καὶ
771 3922 913 3984 ἔστιν
968 3927 1020 3983 ἐν
1078 3924 1223 4000 δεξιᾷ
1276 3931 1373 3982 τοῦ
1431 3929 1584 3981 Θεοῦ.
1621 3947 1650 3976 ››
1716 3926 1827 3981 Ἵνα
1883 3926 1986 4003 γὰρ

318 4025 396 4095 μὴ
462 4018 785 4076 ἐλάττωσιν
840 4017 942 4085 τήν
1001 4015 1254 4092 ἐντυχίαν
1312 4016 1547 4088 νομίσῃς
1585 4059 1599 4083 ,
1659 4013 1770 4077 θεῖς
1823 4020 1984 4089 πρῶ-

316 4132 411 4167 τον
472 4110 584 4178 τήν
677 4106 969 4179 ίσοτιμίαν,
1046 4105 1109 4160 τὸ
1168 4106 1299 4160 εἶναι
1359 4103 1409 4159 ἐν
1471 4101 1615 4173 δεξιᾷ
1671 4107 1771 4158 τοῦ
1826 4108 1984 4173 Θεοῦ,

322 4200 503 4261 οὕτως
616 4198 738 4252 εἷπε
810 4195 872 4251 τὸ
948 4195 1284 4271 ἐντυγχάνει,
1372 4191 1537 4263 δεῖξαι

324 4285 598 4363 διάπυρον
628 4286 870 4359 ἀγάπην.
905 4285 984 4342 O6
1014 4284 1118 4359 γάρ
1177 4283 1252 4345 ὡς
1284 4281 1443 4344 αὐτὸς
1504 4281 1733 4337 ἀσθενῶν
1794 4286 1982 4351 σῶσαι,

327 4375 503 4434 δεῖται
535 4381 637 4433 τοῦ
666 4376 898 4451 Πατρὸς,
940 4374 1137 4448 ἄπαγε.
1174 4397 1202 4426 ιι
1234 4374 1331 4436 ’Ός
1358 4372 1449 4429 καὶ
1510 4371 1823 4450 ἐντυγχάνει
1856 4372 1987 4447 ὑπὲρ

326 4469 511 4539 ἡμῶν.
546 4489 576 4517 ιο
616 4498 684 4508 --
720 4467 1001 4541 [Κὶ“ΡιΛ.]
1050 4463 1137 4519 Ὠς
1175 4462 1310 4534 πρὸς
1341 4462 1404 4519 τὸ
1434 4461 1776 4536 ἀνθρώπινον
1834 4459 1984 4536 εἶ’ρη-

329 4577 442 4621 ται,
474 4556 564 4613 ὅτι
615 4554 906 4629 ἀρχιερεὺς
938 4555 1026 4623 ἦν,
1060 4576 1090 4605 ‹‹
1123 4553 1198 4607 Σὺ
1230 4551 1403 4627 ἱερεὺς
1443 4550 1520 4613 εἷς
1569 4551 1662 4606 τὸν
1734 4550 1923 4605 αἰῶνα.
1957 4571 1985 4600 ››

330 4677 401 4689 -
434 4645 652 4719 [ΦΩΤ.]
680 4646 787 4708 Τῆς
839 4639 896 4697 δὲ
954 4647 1231 4715 Κυριακῆς
1289 4639 1499 4710 ἐκείνης
1529 4646 1713 4709 φωνῆς
1744 4639 1836 4695 τὸν
1863 4642 1987 4693 νοῦν

330 4733 564 4793 ἐνταῦθα
594 4732 764 4805 δηλοῖ
790 4734 879 4789 καὶ
914 4730 1301 4800 ὑπαινίττεται,
1360 4738 1460 4800 τῆς
1523 4730 1575 4787 ἐν
1606 4730 1762 4803 τύπῳ
1815 4729 1986 4805 εὐχῆς

326 4829 411 4895 τῷ
459 4822 638 4898 Πατρί
693 4821 1135 4900 προσαγομένης
1192 4844 1222 4872 ιι
1256 4818 1430 4895 Πάτερ
1485 4820 1729 4891 τήρησον
1786 4817 1983 4880 αὐτοὺς

332 4911 388 4969 ἓν
419 4916 492 4987 τῇ
546 4911 780 4984 ἀληθείᾳ
832 4929 949 4969 σου’
986 4933 1015 4963 ››
1067 4908 1183 4978 καὶ,
1235 4934 1263 4961 ‹‹
1318 4910 1432 4967 ’Ἱνα
1489 4907 1732 4984 φυλάξῃς
1792 4906 1984 4969 αὐτοὺς

329 5000 447 5056 ἀπὸ
473 5005 569 5056 τοῦ
598 5004 862 5076 πονηροὶ
897 5026 920 5054 ι
956 4999 1047 5054 καὶ
1075 4998 1142 5054 τά
1171 4997 1357 5071 ὅμοια.
1404 4996 1470 5054 Εἰ
1528 4998 1619 5053 οὗν
1676 4998 1852 5059 οὕτως
1882 4998 1982 5067 κή-

331 5088 483 5147 δεται
543 5092 573 5147 6
629 5091 753 5153 Υἱὸς
800 5088 940 5145 ὥστε
996 5089 1085 5143 καὶ
1140 5087 1488 5165 ἐντυγχάνειν
1543 5090 1625 5160 (ἡ
1708 5086 1807 5161 γὰρ
1864 5087 1987 5141 τότε

331 5183 565 5257 ῥηθεῖσα
624 5180 763 5256 εόχή
798 5178 1066 5247 τοσαύτην
1114 5172 1232 5253 ἔχει
1266 5176 1450 5251 ἰσχὺν,
1512 5176 1649 5232 ὥστε
1697 5172 1985 5236 διαπαντὸς

331 5268 555 5345 ἰνιργὴς
595 5270 758 5337 εἷνα.,
818 5268 910 5323 καὶ
955 5267 1022 5323 τὰ
1078 5273 1176 5336 τῆς
1235 5264 1487 5340 ἐντυχίας
1537 5263 1890 5339 ἆπαρτίζειν)’
1941 5265 1983 5318 ei

335 5358 429 5414 οὖν
470 5358 652 5421 οὕτως
710 5355 956 5431 κήδεται.
1009 5356 1091 5420 τίς
1124 5357 1154 5413 6
1182 5356 1521 5432 κατακρίνων
1547 5353 1674 5417 τοὺς
1728 5352 1783 5410 ἐν
1842 5352 1988 5425 αὐτῷ

335 5449 760 5513 πεπιστευκότας
793 5467 810 5520 ;
842 5447 905 5507 Ὀ
935 5448 1122 5522 Πατὴρ
1165 5442 1452 5503 ἐδικαίωσε
1506 5445 1597 5501 καὶ
1645 5440 1885 5515 ἐδόξασε,
1924 5442 1986 5498 τὸ

334 5544 558 5616 Πνεῦμα
610 5532 1198 5612 συναντιλαμϐάνεται,
1230 5538 1261 5593 6
1291 5536 1524 5615 Χριστὸς
1575 5535 1667 5593 καὶ
1724 5535 1983 5601 ἀπέθανεν

400 5724 449 5761 ⁸⁴
477 5726 805 5785 Psal.cx1v.
837 5725 890 5777 2.
971 5720 1022 5758 ³⁵
1048 5721 1212 5777 Joan.
1255 5737 1388 5791 ινιτ,
1424 5718 1636 5792 17.⁵ζ⁴⁶
1666 5717 1809 5773 ibid.
1842 5713 1907 5771 η

1641 4191 1813 4248 Θέλων
1888 4195 1987 4264 τὴν

2167 3950 2196 3978 ‹‹
2230 3928 2337 3992 Qui
2370 3933 2461 3981 est
2516 3928 2590 3983 ad
2647 3928 2953 3984 dexteram
3014 3931 3200 3985 Dei.»
3235 3933 3314 3987 Ne
3374 3932 3535 3986 enim
3589 3932 3746 3987 inter

2096 4018 2429 4072 cessionem
2489 4017 2801 4071 arbitreris
2860 4018 3321 4075 minorationem
3377 4022 3571 4090 posita
3620 4022 3748 4093 pri-

2094 4122 2257 4162 mum
2316 4105 2559 4160 honoris
2619 4106 2977 4176 aequalitate,
3012 4107 3263 4164 dicendo
3322 4109 3480 4180 quod
3541 4111 3618 4165 sit
3676 4111 3739 4166 in

2096 4194 2339 4250 dextera
2404 4194 2615 4258 Patris,
2670 4194 2753 4249 ita
2838 4195 3163 4269 subjungit.
3236 4199 3574 4265 Intercedit,
3639 4216 3744 4253 vo-

2096 4282 2226 4339 lens
2264 4281 2573 4338 ardentem
2621 4282 2938 4339 ostendere
2967 4283 3349 4341 dilectionem
3384 4305 3397 4342 :
3431 4302 3552 4342 non
3584 4287 3743 4341 enim

2098 4376 2384 4443 tanquam
2416 4370 2735 4426 imbecillis
2762 4370 2836 4427 ad
2861 4371 3207 4429 salvandum
3227 4381 3359 4446 eget
3381 4374 3572 4429 Patris
3588 4374 3749 4430 auxi-

2095 4462 2195 4518 lio.
2229 4461 2414 4516 Absit.
2440 4479 2465 4508 α
2484 4461 2592 4527 Qui
2615 4462 2792 4518 etiam
2828 4463 3161 4520 intercedit.
3196 4487 3223 4514 »
3248 4495 3317 4507 —
3348 4467 3649 4536 Tanquam
3672 4465 3747 4521 ad

2095 4550 2525 4606 humanitatem
2553 4550 2924 4621 respiciendo
2948 4551 3171 4606 dictum
3195 4557 3304 4616 est,
3333 4567 3401 4607 eo
3424 4553 3580 4624 quod
3604 4568 3747 4625 pon-
3788 4592 3791 4593 ν

2096 4639 2238 4694 tifex
2267 4644 2393 4693 erat
2430 4655 2443 4694 :
2478 4661 2505 4688 «
2538 4640 2620 4694 Tu
2652 4656 2715 4695 es
2748 4638 3030 4695 Sacerdos
3061 4640 3124 4695 in
3157 4646 3445 4697 aeternum
3467 4640 3533 4695 3‘.
3569 4663 3598 4691 ››
3629 4642 3746 4698 Do-

2098 4728 2331 4785 minicm
2360 4727 2520 4783 illius
2545 4728 2699 4784 vocis
2721 4728 3092 4784 intellectum
3118 4730 3459 4787 manifestat
3486 4748 3553 4788 ac
3586 4730 3745 4787 desi-

2097 4821 2256 4890 gnat,
2289 4832 2420 4887 quin
2471 4815 2535 4871 in
2581 4815 2776 4872 forma
2826 4816 3188 4888 precationis
3238 4819 3396 4874 Patri
3448 4820 3741 4877 oﬁertur:

2098 4928 2125 4957 ι(
2159 4908 2350 4970 Pater,
2400 4921 2565 4961 serva
2594 4921 2694 4960 eos
2753 4921 2857 4977 per
2912 4906 3218 4963 veritatem
3264 4914 3426 4965 tuam
3457 4908 3545 4978 3°;
3578 4932 3605 4959 »
3637 4916 3697 4965 et
3727 4924 3742 4964 :

2096 5017 2124 5044 ‹‹
2162 4995 2233 5052 Ut
2262 5010 2457 5049 serves
2490 5010 2591 5048 eos
2623 5011 2657 5048 a
2688 4994 2845 5049 malo
2877 4995 2943 5060 ³⁸,
2979 5017 3003 5042 ι»
3036 5012 3104 5051 ac
3136 4997 3376 5053 similia.
3414 4999 3469 5053 Si
3493 5014 3628 5072 ergo
3661 4998 3745 5053 ita

2094 5083 2281 5141 nostri
2311 5098 2513 5138 curam
2545 5082 2723 5137 habet
2769 5084 2973 5151 Filius,
3009 5091 3073 5140 ut
3123 5087 3299 5143 etiam
3360 5086 3689 5144 intercedat
3726 5100 3740 5138 :

2096 5190 2237 5231 nam
2267 5177 2491 5227 tantam
2524 5172 2640 5228 vim
2673 5172 2851 5230 habet
2875 5174 3029 5231 facta
3061 5181 3201 5232 tunc
3222 5177 3482 5249 precatio
3505 5181 3569 5231 ut
3590 5191 3742 5231 sem-

2095 5262 2287 5338 persit
2304 5260 2598 5321 efﬁcax.et
2627 5278 2759 5334 qua:
2790 5263 2850 5319 in
2884 5280 2953 5320 ea
2976 5263 3699 5337 continenturadimpleat
3723 5279 3736 5318 :

2098 5354 2143 5412 si
2171 5357 2394 5409 tantam
2414 5351 2614 5423 itaque
2645 5353 2833 5409 nostri
2865 5370 3068 5410 curam
3104 5354 3452 5427 habetquis
3473 5369 3575 5409 eos
3605 5369 3747 5410 con-

2094 5445 2337 5502 damnet
2356 5440 2459 5514 qui
2481 5440 2543 5497 in
2563 5440 2756 5513 ipsum
2775 5442 3190 5499 crediderunt?
3213 5444 3386 5501 Pater
3398 5442 3750 5523 justiﬁcavit

2095 5540 2157 5593 et
2201 5530 2577 5607 gloriﬁcavit,
2634 5529 2886 5606 Spiritus
2946 5530 3287 5601 auxiliatur,
3337 5533 3519 5591 Filius
3566 5533 3745 5593 etiam
3806 5564 3813 5593 τ
