4126 6256
395 370 512 429 495

1517 349 1930 415 CECUMENII
1971 347 2280 411 TRICGzE
2323 348 2684 414 EPISCOPI

3691 350 3818 413 496

395 503 666 560 mortuus
699 500 789 554 est
816 511 923 569 pro
953 491 1126 549 nobis
1158 507 1226 547 ac
1256 487 1581 545 resurrexit
1611 490 1671 543 et
1694 481 2044 549 intercedit;

2165 479 2298 569 ὑπὲρ
2325 482 2484 554 ἡμῶν
2516 482 2608 537 καὶ
2638 481 2826 554 ἇνέστη
2865 485 2967 540 καὶ⁸
3014 481 3353 565 ἑντῢγχᾶνει·
3406 482 3489 546 τίς
3556 478 3757 540 λοιπὸν
3789 483 3821 541 ὃ

398 591 533 666 quis
563 588 744 661 igitur
786 589 1028 642 accuset
1075 587 1178 638 aut
1209 579 1587 647 condemnet,
1619 580 1830 632 sancta
1857 572 2050 630 Trini-

393 686 514 739 tate
543 695 654 736 nos
695 675 842 733 adeo
872 676 1217 746 protegente
1247 669 1276 726 ?

1012 777 1244 836 CAPUT
1291 775 1431 832 XIV.

747 890 822 945 De
851 901 1039 942 amore
1068 887 1167 956 qui
1207 883 1422 940 Christo
1453 880 1699 936 debetur.

471 997 616 1062 VIII,
650 997 842 1058 35-37,
875 995 1005 1058 Quis
1051 1007 1149 1046 nos
1195 991 1474 1062 separabit
1516 1005 1550 1044 a
1578 987 1870 1044 dilectione
1898 986 1996 1041 Dei
2021 987 2051 1040 ?

401 1086 728 1158 afﬂictione,
792 1099 865 1139 an
905 1080 1188 1151 angustia,
1231 1097 1305 1136 an
1349 1081 1683 1150 persecutio,
1742 1094 1813 1132 an
1851 1079 2045 1146 fames,

396 1194 470 1234 an
499 1175 744 1244 auditas,
774 1189 846 1228 an
871 1171 1204 1244 periculum,
1240 1180 1311 1224 an
1342 1169 1582 1239 gladius,
1614 1171 1754 1223 sicut
1782 1168 2048 1237 scriptum

395 1273 473 1324 est
503 1283 522 1322 :
553 1267 787 1336 Propter
831 1269 882 1318 te
932 1263 1097 1317 morti
1143 1259 1421 1314 tradimur
1469 1265 1584 1313 toto
1628 1257 1719 1312 die
1746 1273 1768 1317 ;
1801 1256 2049 1326 repututi

396 1372 584 1413 sumus
612 1357 757 1411 sicut
810 1368 930 1408 oves
985 1349 1312 1406 mactationi
1361 1349 1678 1404 destinatae.
1727 1345 1832 1402 Sed
1873 1347 1931 1399 in
1963 1345 2047 1400 his

398 1446 650 1503 omnibus
676 1443 1113 1514 supervincimus
1134 1455 1239 1510 per
1268 1455 1389 1494 eum
1419 1439 1518 1509 qui
1565 1437 1766 1491 dilexit
1794 1449 1912 1490 nos.

461 1630 490 1660 «
522 1607 663 1675 Quis
693 1622 802 1662 nos
835 1602 1134 1676 separabit
1160 1601 1188 1656 ?
1217 1600 1448 1667 Nullus,
1471 1597 1689 1670 inquit,
1712 1612 1860 1670 quos
1882 1598 2045 1651 tanto

393 1713 594 1756 amore
645 1712 714 1752 ac
761 1691 1135 1767 providentia
1181 1689 1460 1762 dignatus
1491 1693 1581 1743 est
1609 1687 1784 1743 Deus.
1820 1707 1848 1734 »
1879 1682 2046 1750 Quod

395 1803 558 1845 nunc
606 1785 772 1842 dicit.
805 1805 833 1833 ‹‹
863 1782 1004 1848 Quis
1051 1797 1161 1836 nos
1193 1776 1544 1850 separabit?
1573 1797 1600 1825 ν)
1647 1774 1923 1846 repetitio
1955 1778 2045 1830 est

2155 568 2400 645 ἐγκαλῶν
2445 573 2478 641 ἢ
2534 574 2895 648 κατακρίνων,
2958 582 3058 645 τῆς
3115 575 3276 653 ἁγίας
3333 569 3572 651 Ἰριάδος
3635 572 3818 638 οὕτως

2155 660 2609 737 προασπιζούσης
2641 666 2803 737 ἡμῶν
2829 683 2842 733 ;

2785 756 3044 811 ΚΕΦΑΛ.
3080 755 3180 812 ῘΔ“.

2331 859 2462 933 Περὶ
2509 866 2610 930 τῆς
2668 859 3034 941 ὀιρειλομένης
3088 861 3310 934 ἀγάπης
3365 863 3625 937 Χριστοῦ.

2224 971 2324 1034 Τίς
2353 975 2502 1046 ἡμᾶς
2527 975 2755 1055 χωρίσει
2801 976 2908 1032 ἀπὸ
2962 979 3063 1044 τῆς
3111 975 3329 1051 ἀγάπης
3386 980 3484 1032 τοῦ
3542 977 3816 1052 Χριστοῦ,

2154 1059 2392 1137 θλίψις,
2447 1066 2484 1135 ἢ
2570 1065 2908 1141 στενοχωρία
2987 1065 3021 1135 ἢ
3093 1062 3362 1140 ὃιωγμόἣ.
3421 1068 3456 1134 ἢ
3516 1064 3708 1141 λιμὸς*
3776 1067 3812 1134 ἢ

2153 1154 2458 1232 γυμνότης,
2500 1155 2535 1226 ἢ
2595 1154 2860 1225 κίνδυνος,
2917 1156 2953 1226 ἢ
3016 1159 3311 1235 μαχαιρας
3369 1155 3548 1218 καθὼς
3599 1154 3812 1235 γέγρα-

2152 1263 2304 1313 πται,
2390 1243 2472 1299 ὅτι
2556 1245 2753 1302 Ἕνεκα
2837 1267 2934 1302 σου
3017 1245 3392 1318 θανατούμεθα
3483 1245 3620 1317 ὅλην
3704 1247 3815 1311 τήν

2151 1333 2380 1408 ἡμέραν·
2470 1333 2835 1410 ἐλογίσθημεν
2900 1336 2976 1400 ὡς
3031 1331 3279 1410 πρόϐατα
3349 1343 3584 1415 σφαγῆς·
3673 1335 3815 1394 ἀλλ’

2152 1421 2204 1475 ἐν
2290 1422 2505 1486 τούτοις
2587 1430 2749 1480 πᾶσιν
2835 1426 3205 1502 ὑπερνικῶμεν
3263 1421 3355 1482 διὰ
3404 1429 3502 1480 τοῦ
3575 1424 3811 1503 ἀγαπή-

2154 1532 2347 1577 σαντος
2375 1517 2542 1588 ἡμᾶς.

2223 1605 2434 1677 [ΦΩΤ.]
2472 1627 2495 1656 α
2530 1604 2629 1666 Τίς
2670 1621 2684 1674 ;
2720 1601 2921 1674 οὐδεὶς,
2955 1603 3114 1686 φησὶ,
3161 1603 3289 1668 τοὺς
3353 1606 3622 1675 τοσαύτης
3670 1606 3818 1684 ἀγά-

2151 1710 2261 1760 πης
2291 1691 2380 1746 καὶ
2413 1692 2675 1768 προνοίας
2705 1693 3046 1767 ἠξιωμένους
3077 1693 3224 1770 παρὰ
3273 1699 3426 1753 Θεοῦ.
3490 1695 3592 1763 Τὸ,
3651 1719 3681 1747 ‹‹
3707 1695 3819 1758 Τίς

2151 1783 2300 1854 ἡμᾶς
2351 1782 2631 1857 χωρίσει;
2694 1807 2720 1835 ››
2797 1788 2916 1853 τοῦ,
2951 1808 2979 1836 ‹‹
3021 1783 3090 1844 Τί
3150 1785 3244 1841 οὗν
3297 1784 3524 1861 ὲρουμεν
3559 1805 3572 1856 ;
3606 1809 3635 1838 ››
3694 1779 3822 1843 ἔστι

399 1877 566 1934 illius
579 1875 721 1931 dicti
747 1889 760 1928 :
783 1896 802 1921 ι
822 1871 972 1938 Quid
987 1886 1123 1943 ergo
1148 1867 1416 1926 dicemus
1433 1867 1461 1922 ?
1483 1888 1511 1916 »
1535 1863 2047 1932 Quemadmodum

2164 1869 2627 1942 ἰπαναληπτικὸν,
2659 1872 2838 1944 ὥσπερ
2869 1873 2961 1928 καὶ
3007 1875 3092 1944 τὸ,
3153 1899 3181 1926 ‹‹
3216 1874 3345 1937 Θεὸς
3381 1876 3409 1930 6
3439 1871 3690 1947 δικαιῶν,
3721 1877 3822 1939 τίς

403 1973 464 2024 et
489 1967 602 2024 hoc
635 1981 648 2019 :
675 1962 830 2019 818
864 1985 891 2012 «
916 1961 1070 2017 Deus
1089 1963 1179 2014 est
1199 1957 1300 2029 qui
1319 1956 1632 2028 justificat.
1653 1954 1786 2026 quis
1810 1953 1912 2008 ille
1943 1952 2045 2024 qui

395 2050 794 2113 condemnet?
810 2070 835 2102 ι
860 2049 1022 2104 illius
1041 2046 1316 2120 repetitio
1333 2051 1454 2100 est:
1475 2044 1566 2100 «Si
1587 2045 1742 2100 Deus
1757 2060 1861 2116 pro
1875 2042 2047 2098 nobis

395 2145 530 2218 quis
579 2146 788 2198 contra
824 2154 936 2194 nos
965 2137 993 2192 ?
1026 2167 1050 2192 ι
1084 2138 1449 2208 Frequenter
1488 2135 1648 2190 enim
1703 2131 2048 2206 hujusmodi

395 2251 542 2292 usus
556 2232 982 2293 estschemate,
1006 2233 1250 2301 propter
1270 2243 1376 2282 con
1387 2225 1711 2298 sequentiaa
1733 2225 2048 2280 circuitum

400 2330 460 2381 et
487 2319 965 2395 amplitudinem.
1000 2315 1210 2373 Nullus
1233 2315 1392 2370 enim
1418 2313 1575 2386 quod
1606 2329 1710 2386 ego
1745 2313 1927 2368 sciam
1950 2315 2052 2366 aut

405 2418 746 2470 nostrorum
777 2415 879 2464 aut
909 2413 1245 2463 exterorum
1269 2403 1772 2476 quemadmodum
1805 2416 2050 2473 magnus

405 2499 502 2556 hic
533 2497 752 2554 Paulus
783 2495 974 2550 forma
1005 2494 1122 2549 ista
1149 2508 1294 2547 usus
1325 2496 1432 2546 est.
1468 2492 1546 2545 Ne
1579 2505 1714 2560 ergo
1742 2490 1803 2544 in
1835 2488 2048 2544 obscu-

405 2590 649 2652 ritatem
703 2601 898 2641 sermo
932 2583 1112 2639 nimis
1143 2581 1256 2653 ipsi
1285 2580 1537 2646 excidat,
1569 2578 1852 2635 adhibitis
1873 2577 2051 2632 etiam

405 2695 550 2734 usus
608 2681 701 2732 est
763 2672 1242 2746 repetitionibus.
1299 2671 1556 2724 Possunt
1613 2675 1812 2723 autem
1883 2671 1942 2721 et
2021 2681 2055 2720 a

403 2767 645 2840 proprio
669 2763 963 2837 principio
985 2760 1216 2817 desumi
1239 2759 1330 2814 ha)
1348 2757 1673 2830 particula),
1701 2763 1766 2810 ut
1796 2772 1916 2811 non
1935 2755 2058 2810 sint

405 2855 586 2911 veluti
617 2852 1003 2925 repetitiones
1035 2865 1240 2905 eorum
1274 2864 1404 2920 quae
1438 2847 1594 2902 dicta
1625 2851 1812 2900 erant.
1847 2867 1874 2894 «
1898 2843 2056 2899 Afﬂi-

406 2944 706 3007 ctione,an
730 2940 1054 3014 angustia,»
1078 2943 1188 3002 etc,
1211 2939 1336 2992 Non
1363 2933 2052 3004 dixitdivitias,gloriam,

404 3039 464 3089 et
490 3047 858 3104 quaecunque
891 3027 1047 3100 apud
1096 3027 1370 3082 homines
1402 3024 1557 3079 bona
1605 3023 1900 3089 videntur,
1953 3022 2057 3078 sed

400 3124 507 3182 illa
532 3125 730 3198 potius
761 3139 891 3192 quae
923 3119 1100 3176 etiam
1124 3119 1240 3174 vim
1263 3116 1480 3173 inferre
1508 3122 1649 3172 nata
1679 3122 1818 3172 sunt
1848 3116 2055 3170 huma-

401 3232 494 3272 nas
543 3221 790 3270 naturas.
833 3213 1057 3266 Nomen
1088 3213 1288 3265 autem
1337 3206 1684 3262 afﬂictionis
1732 3205 1795 3262 in
1845 3205 2050 3261 multis

2164 3213 2402 3264 τοιαῦτα.
2473 3233 2499 3263 α
2531 3209 2719 3265 Καθὼς

398 3303 832 3362 manifestatur:
866 3299 1067 3371 qualia
1090 3304 1228 3354 sunt
1256 3312 1545 3364 carceres,
1562 3297 1816 3364 vincula,
1842 3295 2052 3352 exsilia

401 3399 460 3449 et
503 3405 872 3464 quaecunque
915 3393 1056 3443 sunt
1105 3385 1472 3458 hujusmodi.
1506 3409 1533 3435 «
1561 3386 1722 3441 Sicut
1770 3385 2055 3456 scriptum

405 3487 514 3539 est.
539 3503 568 3530 »
591 3479 952 3536 Confusione
974 3476 1178 3532 volens
1199 3492 1300 3531 eos
1317 3475 2056 3541 adhortari,testimonium

403 3569 670 3629 adduxit.
702 3569 846 3624 Nam
879 3567 928 3622 si
960 3566 1022 3620 in
1054 3564 1235 3620 veteri
1269 3569 1622 3620 testamento
1654 3562 1832 3617 vitam
1855 3562 2054 3634 despi-

397 3660 652 3721 ciebant,
691 3657 909 3730 quibus
943 3661 1178 3711 terrena
1228 3658 1402 3709 erant
1451 3651 1696 3724 prmmia
1731 3657 1789 3706 et
1819 3667 1950 3722 quaa
1990 3651 2054 3707 in

400 3757 560 3808 terra
577 3746 1073 3822 possidebantur:
1099 3748 1321 3816 quanto
1352 3741 1540 3814 magis
1553 3757 1661 3797 nos
1686 3741 1787 3813 qui
1807 3756 2054 3812 regnum

401 3841 688 3900 cmlorum
751 3837 812 3892 in
867 3835 1138 3891 laborum
1199 3831 1655 3890 retributionem
1711 3829 2056 3886 habemus?

402 3955 429 3983 ‹‹
464 3934 712 4001 Propter
739 3932 814 3983 te.
849 3947 876 3976 n
926 3922 1287 3981 Testimonio
1319 3921 1637 3978 conﬁrmat
1690 3935 2050 3977 sermonem.

407 4043 428 4071 α
449 4023 589 4076 Toto
609 4017 726 4072 die.
751 4039 778 4066 »
805 4013 1107 4086 Contingit
1128 4012 1291 4068 enim
1312 4010 1689 4066 utvoluntate
1710 4010 2056 4082 frequenter

404 4111 468 4166 in
499 4108 593 4164 die
621 4106 976 4163 moriantur.
1009 4106 1126 4158 Aut
1173 4108 1294 4157 toto
1326 4100 1442 4169 die,
1497 4100 1556 4155 id
1590 4106 1697 4165 est,
1725 4116 1832 4172 per
1863 4105 2053 4154 totum

401 4199 582 4263 diem,
615 4198 732 4252 sive
764 4212 870 4268 per
899 4198 1082 4249 totam
1133 4192 1333 4248 vitam.
1369 4191 1592 4246 Unicus
1633 4206 1894 4261 namque
1925 4189 2052 4245 dies

402 4294 492 4344 est
522 4287 800 4343 universa
847 4283 1161 4339 hominum
1191 4283 1327 4336 vita.
1366 4301 1390 4332 α
1425 4280 1700 4350 Reputati
1731 4295 1938 4334 sumus
1970 4279 2051 4334 si-

399 4383 498 4434 cut
527 4393 683 4434 oves.
722 4397 750 4426 ››
782 4373 1090 4437 Omnibus,
1124 4371 1342 4443 inquit,
1375 4368 1451 4425 ad
1487 4369 1774 4440 injuriam
1805 4368 2050 4441 exponi-

400 4483 553 4526 mur.
586 4465 961 4522 Manifestum
992 4459 1263 4532 estquod
1294 4459 1546 4531 apostoli
1596 4463 1879 4528 tanquam
1910 4474 2048 4512 oves

2160 1961 2189 2014 6
2221 1960 2554 2034 κατακρίνων
2589 1980 2602 2030 ;
2636 1986 2664 2015 »
2720 1967 2840 2030 τοῦ,
2899 1985 2926 2016 ο
2958 1962 3021 2020 Εἰ
3079 1964 3107 2019 6
3160 1965 3290 2026 Θεὸς
3341 1964 3472 2040 ὑπὲρ
3503 1967 3688 2037 ἡμῶν,
3722 1965 3822 2028 τίς

2159 2051 2281 2113 καθ’
2312 2053 2472 2124 ἡμῶν
2501 2070 2514 2120 ;
2549 2076 2572 2106 ι
2607 2051 3001 2131 κεχεηταιγὰρ
3022 2057 3102 2125 τῷ
3132 2053 3368 2127 τοιούτῳ
3393 2057 3640 2130 σχήματι
3661 2053 3824 2108 πο).-

2161 2137 2378 2218 λαχῶς,
2411 2136 2500 2194 δια
2529 2143 2630 2211 τήν
2661 2139 2942 2214 συνέχειαν
2969 2147 3068 2210 τῆς
3100 2137 3428 2215 περιϐολῆς.
3477 2141 3673 2203 Οὐδεὶς
3702 2143 3818 2220 γὰρ

2163 2225 2358 2302 σχεδὸν
2391 2229 2490 2284 ὅσα
2517 2251 2578 2305 γε
2609 2229 2705 2304 ἐμὲ
2733 2228 2948 2298 εἰδέναι,
2981 2231 3105 2285 οὕτε
3133 2235 3241 2287 τῶν
3297 2237 3418 2295 καθ’
3461 2233 3631 2304 ἡμᾶς,
3685 2233 3823 2290 οὔτε

2163 2324 2268 2374 τῶν
2311 2318 2572 2396 θύραθεν,
2639 2325 2707 2394 τῇ
2749 2317 2866 2392 ἰδέᾳ
2918 2320 3087 2397 ταύτῃ
3143 2321 3218 2384 ὡς
3275 2322 3304 2376 6
3361 2319 3530 2396 μέγας
3589 2321 3824 2385 Παῦλος

2165 2406 2462 2486 ἐχρήσατο.
2493 2410 2602 2464 Ἲνα
2626 2409 2716 2463 οὗν
2749 2409 2824 2482 μή
2859 2408 2935 2470 είς
2978 2409 3040 2464 τὸ
3094 2408 3295 2485 cinge;
3351 2409 3498 2482 αὐτῷ
3555 2410 3826 2469 ἐκπίπτοι

2164 2495 2286 2552 λίαν
2321 2498 2347 2550 6
2378 2495 2571 2571 λόγος,
2614 2499 2702 2552 καὶ
2761 2502 2883 2560 ταῖς
2939 2496 3308 2573 ἐπαναλήψεσι
3366 2503 3821 2579 προσεχρήσατο.

2167 2586 2395 2640 Δύναται
2427 2583 2484 2641 δῖε
2514 2586 2603 2641 καὶ
2637 2586 2710 2648 ὡς
2740 2586 2846 2642 ἀπὸ
2876 2583 3012 2648 ἰδίας
3053 2586 3234 2662 ἀρχῆς
3289 2590 3356 2643 τα
3407 2589 3582 2665 χωρία
3634 2594 3819 2646 ταῦτα

2166 2672 2446 2752 εἰλῆφθαι,
2480 2673 2569 2729 καὶ
2605 2676 2681 2746 μή
2715 2675 2790 2738 ὡς
2845 2674 3264 2746 ἐπαναληπτικὰ
3317 2682 3426 2733 τῶν
3485 2677 3823 2753 είρημὲνων,

2174 2788 2198 2818 ο
2230 2762 2448 2839 Θλίψις,
2494 2765 2528 2833 ἢ
2575 2763 2932 2838 στενοχωρία,
2968 2788 2996 2816 ››
3054 2763 3145 2818 ναὶ
3203 2766 3270 2820 τὰ
3323 2764 3466 2836 ἑξῆς.
3529 2765 3640 2825 Οὐκ
3697 2768 3832 2823 εἶπε

2167 2855 2453 2928 χρήματα,
2487 2850 2668 2924 δόξαν,
2694 2853 2785 2907 καὶ
2817 2853 2914 2907 ὅσα
2953 2853 3098 2928 παρὰ
3127 2859 3246 2917 τοῖς
3299 2854 3604 2926 ἀνθρώποις
3662 2852 3836 2911 δοκεῖ

2167 2943 2331 3009 καΛὰ,
2366 2939 2699 2997 ἁλλ’ἐκεῖνα
2758 2943 2913 2998 ἅτινα
2974 2941 3064 2997 καί
3122 2944 3398 3018 βιάζεσθαι
3455 2947 3659 3022 πέφυκε
3713 2947 3822 3013 τήν

2167 3029 2513 3103 ἀνθρωπίνην
2573 3029 2750 3110 φύσιν.
2804 3033 2880 3087 Τὸ
2939 3027 2996 3085 δὲ
3050 3038 3150 3099 τῆς
3207 3029 3445 3105 θλίψεως
3505 3029 3694 3108 ὄνομα,
3746 3034 3831 3098 εἷς

2169 3117 2360 3175 πολλὰ
2399 3117 2688 3190 δηλοῦταί,
2723 3117 2982 3198 φυλακαὶ,
3014 3120 3256 3190 ἁλύσεις,
3315 3120 3540 3196 ἐξορίαι,
3597 3125 3687 3178 καὶ
3723 3125 3828 3180 ὅσα

2807 3208 3154 3286 γέγραπται.
3192 3233 3221 3262 ››
3282 3212 3562 3286 Ἐντρέψαι
3623 3213 3823 3275 αὐτοὺς

2167 3296 2526 3374 βουλόμενος,
2575 3299 2750 3376 ἤγαγε
2813 3300 2910 3370 τὴν
2977 3299 3293 3375 μαρτυρίαν.
3357 3301 3422 3358 Εἰ
3478 3303 3584 3377 γὰρ
3637 3302 3688 3358 ἐν
3745 3325 3812 3377 τῃ

2162 3388 2402 3460 ΙΙαλαιᾷ,
2462 3388 2617 3466 φησὶ,
2680 3395 2826 3458 ζωῆς
2880 3388 3268 3466 κατεφρόνουν,
3329 3391 3418 3452 οἷς
3476 3393 3544 3447 τα
3601 3388 3821 3448 ἔπαθλα

2159 3480 2318 3553 γήϊνα
2347 3479 2436 3532 καὶ
2495 3479 2563 3534 τὰ
2591 3478 2641 3532 ἐν
2669 3482 2736 3551 τῇ
2767 3481 2840 3552 γῇ
2913 3478 3111 3556 ἀγαθὰ,
3170 3480 3324 3552 πόσῳ
3379 3478 3597 3552 μᾶλλον
3656 3485 3825 3556 ἡμεῖς

2162 3566 2455 3644 ὀφείλομεν
2489 3569 2540 3622 οἳ
2570 3568 2668 3635 τήν
2703 3565 2982 3642 βασιλείαν
3005 3573 3114 3623 τῶν
3144 3567 3388 3643 οὐρανῶν
3439 3564 3666 3646 ἔχοντες
3715 3573 3825 3629 τῶν

2159 3657 2339 3711 πόνων
2378 3650 2619 3724 ἀμοιϐὴν
2652 3675 2666 3723 ;
2702 3680 2729 3708 ‹‹
2763 3657 2961 3714 Ἐνεκά
3019 3678 3134 3714 σου.
3174 3680 3199 3711 ι
3259 3662 3340 3732 Τῇ
3406 3662 3687 3734 μαρτυρίᾳ
3725 3663 3820 3717 τὸν

2161 3744 2327 3824 λόγον
2361 3749 2667 3802 πιστοῦται.
2701 3770 2730 3797 ‹‹
2763 3743 2942 3817 ’Ὁλην
2994 3749 3093 3817 τήν
3150 3747 3384 3821 ἡμέραν.
3424 3774 3443 3799 ι
3505 3751 3658 3806 Ἐστι
3715 3751 3816 3825 γὰρ

2160 3834 2228 3910 τῇ
2261 3834 2570 3909 προαιρέσει
2607 3832 2880 3896 πολλάκις
2911 3842 3010 3903 τῆς
3042 3835 3250 3910 ἡμέρας
3281 3838 3592 3901 ἀποθανεῖν.
3625 3840 3692 3894 Ἦ
3725 3840 3808 3906 τὸ,

2159 3949 2186 3975 ‹‹
2227 3923 2402 3994 Ὅλην
2431 3925 2529 3993 τήν
2559 3922 2788 3998 ἡμέραν,
2827 3947 2854 3974 ››
2884 3923 3003 3979 ἀντὶ
3034 3928 3156 3992 τοῦ,
3197 3923 3269 3979 δι’
3293 3923 3431 3994 ὅλης
3459 3933 3554 3993 τῆς
3573 3927 3796 3999 ἡμέρας,

2156 4014 2283 4082 ἦτοι
2311 4012 2380 4070 δι’
2412 4010 2547 4068 ὅλου
2577 4017 2675 4068 τοῦ
2709 4013 2857 4088 βίου.
2889 4011 3100 4087 ἸΙμὲρα
3158 4013 3262 4091 γὰρ
3330 4017 3427 4089 μία
3479 4014 3580 4069 ἐστὶ
3633 4018 3734 4075 πᾶς
3766 4014 3794 4068 6

2156 4107 2263 4158 τῶν
2298 4101 2596 4176 ἀνθρώπων
2651 4101 2790 4176 βίος.
2854 4126 2881 4154 ‹‹
2914 4101 3315 4178 Ἔλογίσθημεν
3373 4105 3448 4166 ὡς
3478 4097 3716 4180 πρόϐατα
3773 4129 3800 4156 n

2161 4195 2318 4256 Ηᾶσι,
2378 4190 2566 4270 φησὶν,
2627 4191 2703 4253 εἷς
2734 4191 2797 4246 τὸ
2831 4188 3032 4247 ἀδικεῖν
3089 4193 3446 4267 προκείμεθα,
3481 4195 3533 4249 οἱ
3573 4193 3809 4250 ἀπόστο-

2162 4289 2272 4349 Αοι,
2306 4277 2478 4348 δῆλον
2511 4281 2587 4342 ὡς
2621 4273 2869 4355 πρόϐατα
2899 4280 3228 4357 σφαζόμενα,
3275 4283 3349 4353 μὴ
3415 4281 3811 4356 ἀντιλέγοντες.

2161 4390 2183 4419 α
2219 4367 2376 4424 Ἀλλ’
2407 4367 2459 4422 ἐν
2485 4367 2702 4429 τούτοις
2731 4372 2889 4423 πασιν
2925 4369 3317 4444 ὑπερνικῶμεν.
3357 4395 3378 4419 ο
3435 4370 3686 4443 Ἐπαίρει
3718 4372 3811 4427 τὸν

2154 4457 2423 4533 ἀκροατὴν
2455 4499 2472 4528 ,
2529 4457 2620 4510 ’ὶνα
2683 4457 2759 4530 μὴ
2815 4457 3090 4532 καταπέσῃ
3155 4457 3340 4531 θλίψιν
3401 4457 3640 4525 ἀκούσας
3720 4474 3814 4526 καὶ

401 4562 570 4614 erant
591 4573 722 4628 quae
743 4557 1080 4612 mactantur
1101 4550 1255 4607 nihil
1275 4547 1775 4606 contradicentes.
1803 4570 1828 4596 ‹‹
1857 4546 1968 4602 Sed
1990 4547 2046 4601 in

2164 4545 2403 4624 διωγμὸν
2439 4547 2527 4602 καὶ
2560 4545 2656 4600 ὅσα
2687 4547 2824 4614 εἷπε,
2855 4548 2949 4602 καὶ
3006 4569 3160 4622 φησι.
3223 4574 3247 4601 (ι
3287 4549 3509 4604 Πάντων
3578 4556 3817 4626 κρατοῦ-

403 4648 497 4703 his
516 4645 796 4703 omnibus
827 4642 1320 4716 supervincimus.
1346 4661 1373 4690 «
1399 4638 1747 4695 Auditorem
1780 4638 1950 4711 erigit
1974 4654 2047 4693 ne

401 4735 674 4793 concidat
689 4734 938 4790 audiens
959 4728 1787 4802 afﬂictiones,persecutiones
1811 4734 1868 4782 et
1890 4744 2047 4800 quaa-

403 4841 638 4896 cunque
670 4824 835 4890 dixit,
868 4829 927 4878 et
955 4823 1038 4878 ait
1068 4838 1082 4878 :
1115 4844 1144 4872 ι(
1179 4822 1391 4879 Omnia
1423 4837 1530 4892 per
1557 4818 1770 4875 Christi
1796 4819 2047 4891 gratiam

401 4929 772 4988 superamus.
813 4934 834 4960 ι
870 4913 986 4967 Nec
1017 4911 1166 4966 dixit
1197 4928 1211 4977 ;
1247 4911 1574 4976 Vincimus,
1608 4908 1711 4964 sed
1743 4909 2050 4979 Supervin-

401 5005 614 5064 cimus;
637 5003 748 5058 hoc
777 5007 884 5067 est,
908 5017 1014 5073 per
1035 5017 1135 5056 eos
1157 5017 1192 5056 a
1216 5000 1432 5072 quibus
1454 4999 1793 5071 appetimur
1811 4998 2051 5054 insidiis

401 5109 780 5153 coronamur:
803 5091 961 5147 bello
993 5090 1252 5146 lacessiti
1267 5107 1383 5145 non
1405 5089 1597 5145 solum
1630 5105 1752 5143 non
1775 5104 2052 5144 succum-

2165 4657 2257 4712 μεν
2292 4637 2482 4715 χάριτι
2522 4638 2779 4711 Χριστοῦ.
2815 4659 2843 4685 ››
2876 4636 2979 4693 Καὶ
3027 4636 3126 4692 οὐκ
3168 4639 3302 4709 εἷπε,
3353 4642 3629 4711 Νικῶμεν,
3661 4638 3815 4709 ἀλλ’,

2163 4750 2190 4777 ‹‹
2225 4729 2632 4800 Υπερνικῶμεν,
2668 4748 2694 4776 ››
2721 4725 2994 4797 τουτέστι,
3050 4727 3128 4780 Δι’
3187 4727 3260 4781 ὧν
3316 4722 3814 4801 ἐπιϐουλευόμεθα,

2162 4814 2598 4895 στεφανούμεθα.
2661 4815 2750 4881 Μὴ
2817 4812 2977 4886 μόνον
3036 4815 3100 4870 οὐ
3163 4817 3582 4891 καταπίπτομεν
3640 4818 3817 4874 πολε-

2167 4905 2449 4979 μούμενοι,
2483 4901 2631 4960 ἀλλὰ
2658 4903 2745 4958 καὶ
2797 4903 3222 4984 στεφανούμεθα.
3256 4907 3323 4963 Οἱ
3353 4907 3452 4980 γὰρ
3495 4901 3812 4976 ὲπῖϐουλοι,

2161 4995 2412 5069 πρόξενοι
2468 4995 2740 5073 στεφάνων
2800 4995 2936 5066 ἡμῖν
2995 4995 3236 5069 γίνονται
3269 5039 3284 5066 ,
3341 4995 3402 5052 ἃν
3469 4995 3816 5072 εὐχαρίστως

2161 5105 2307 5165 φερω
2315 5104 2427 5155 μεν.

397 5185 617 5251 bimus,
669 5183 772 5241 sed
823 5181 1003 5248 etiam
1050 5195 1426 5236 coronamur.
1475 5179 1620 5235 Nam
1668 5179 2047 5235 insidiatores
2096 5192 2346 5234 coronas
2395 5174 2570 5230 nobis
2618 5173 2942 5232 conciliant
2990 5175 3040 5230 si
3089 5176 3262 5234 modo
3309 5183 3474 5252 grato
3501 5178 3701 5236 animo
3734 5177 3814 5235 fe-

395 5293 620 5334 ramus.

466 5373 616 5442 Vill,
647 5375 738 5441 38,
769 5375 838 5431 39
910 5373 1048 5430 Nam
1087 5381 1414 5442 persuasum
1462 5367 1638 5423 habeo
1677 5366 1828 5440 quod
1872 5383 2049 5440 neque

388 5477 556 5529 mors,
599 5479 776 5536 neque
823 5463 968 5530 vita,
1015 5473 1196 5532 neque
1228 5457 1444 5529 Angeli,
1478 5472 1656 5530 neque
1686 5456 2046 5529 Principatus

387 5566 564 5624 neque
591 5541 908 5618 Pot'estates,
942 5566 1118 5622 neque
1160 5549 1457 5618 instantia,
1489 5562 1664 5619 neque
1691 5547 1908 5616 futura,
1951 5564 2050 5604 ne-

390 5657 497 5712 que
527 5640 970 5711 altitudo,neque
992 5638 1373 5710 profunditas,
1405 5653 1580 5707 neque
1605 5635 1722 5691 ulla
1745 5635 1860 5692 alia
1889 5653 2042 5692 crea-

2228 5363 2524 5437 Πετεισμαι
2553 5359 2659 5437 γὰρ
2707 5359 2790 5416 ὅτι
2830 5357 2956 5420 οὔτε
3010 5363 3262 5426 θάνατος.
3323 5363 3450 5424 οὔτε
3507 5365 3646 5437 ζωὴ,
3680 5359 3811 5422 οὔτε

2155 5452 2413 5534 ἄγγελοι,
2469 5447 2594 5508 οὔτε
2628 5448 2822 5527 ἀρχαί,
2881 5447 3006 5508 οὔτε
3059 5448 3332 5526 δυνὶμεις,
3387 5451 3514 5512 οὔτε
3571 5451 3808 5512 ὶνεστῶο

2156 5539 2395 5614 τα,οἰ›’τε
2427 5536 2723 5615 μὲλλοντα,
2782 5535 2912 5596 οὔτε
2966 5539 3194 5615 ὕψωμα,
3255 5537 3379 5598 οὔτε
3439 5541 3626 5619 βάθος,
3678 5536 3808 5599 οὔτε

2157 5655 2241 5696 τις
2269 5631 2444 5696 κτίσις
2483 5628 2640 5705 ἑτέρα
2699 5625 2985 5698 δυνησεται
3042 5633 3214 5705 ἡμᾶς,
3275 5632 3510 5706 χωρίσαι
3568 5630 3674 5687 ἀπὸ
3705 5638 3806 5702 τῆς
