4126 6256
345 332 463 393 49³1

1466 337 1869 403 COMMENT.
1916 334 1993 395 IN
2040 330 2285 393 EPIST.
2333 332 2440 392 AD
2485 332 2676 396 ROM.

3682 340 3800 400 498

369 466 592 543 ὶγάπης
617 472 723 525 τοῦ
756 474 921 546 Θεοῦ,
950 478 1059 543 τῆς
1096 472 1151 528 iv
1208 473 1425 549 Χριστῷ
1478 475 1661 545 Ἰησοῦ
1716 474 1793 543 τῷ
1850 462 2004 541 Κυρίε

2146 471 2271 519 tura
2319 468 2526 535 poterit
2575 482 2671 522 nos
2713 482 2970 537 separare
3000 484 3035 523 a
3075 466 3369 525 dilectione
3397 469 3512 541 Dei,
3562 486 3685 542 quae
3715 479 3796 529 est

379 563 415 631 ἢ
425 581 538 634 μων
552 606 563 618 .

447 650 671 724 Ἐπειδή
707 650 822 708 ἄνω
866 655 936 710 τά
987 655 1227 731 παρόντα
1290 656 1428 719 εἷπε,
1481 659 1573 711 νῦν
1631 653 1699 709 τὰ
1762 648 2037 725 μέλλοντα

376 743 555 819 λἰγει,
599 745 689 800 καὶ
749 765 941 819 φησιν·
1004 746 1138 803 Οὔτε
1184 749 1213 804 ὁ
1278 745 1508 819 μέλλων
1568 746 1815 809 θάνατος,
1849 739 2034 809 οὕτεὴ

383 831 661 908 μέλλουσα
690 836 832 905 ζωὴ,
866 834 995 892 οὕτε
1023 834 1316 913 ’Λγγελοι,
1352 834 1473 892 οὔτε
1504 834 1788 906 Δυνάμεις,
1841 829 2036 901 δύναν-

374 924 469 980 ταί
501 925 835 1000 μεχωρὶσαι
868 923 976 980 ἀπὸ
1004 932 1103 995 τῆς
1156 926 1373 1001 άγάπης
1427 930 1523 981 τοῦ
1583 928 1739 987 Θεοῦ,
1790 928 1891 989 τῆς
1947 917 2036 973 διὰ

368 1015 621 1087 Χριστοῦ
656 1035 752 1087 μοι
782 1014 1228 1088 προξενηθείσης.
1273 1014 1451 1070 Πάντα
1486 1036 1603 1087 μοι,
1655 1011 1807 1093 φησὶ,
1845 1009 2032 1083 μικρά,

368 1109 510 1163 πεὸς
540 1102 753 1174 ἐκείνην
789 1105 889 1173 τὴν
952 1102 1190 1178 ἀγάπην.
1253 1107 1387 1161 Εἶτα
1447 1099 1633 1172 ἐπειδή
1686 1106 1856 1157 πᾶσαν
1916 1097 2034 1152 εἶπε

366 1194 473 1261 τὴν
492 1192 674 1248 κτίσιν
697 1194 798 1263 τήν
830 1194 1030 1269 ὁρατὴν
1096 1193 1186 1249 καί
1250 1195 1477 1263 νοητὴν,
1508 1194 1540 1247 ἆ
1573 1192 1701 1246 εἶσιν
1760 1189 2027 1245 ἐνεστῶτα

368 1284 464 1338 καὶ
500 1283 800 1356 μὲΑλοντα,
831 1284 1202 1359 προστίθησιν·
1238 1309 1265 1337 ‹‹
1299 1284 1436 1343 Οῧτε
1471 1304 1553 1347 τις
1584 1281 1757 1344 κτίσις
1790 1280 1963 1355 ἑτέρα.
2001 1302 2027 1329 η

373 1372 674 1439 Τουτίστιν,
707 1372 772 1430 Εἰ
805 1373 894 1428 καὶ
927 1371 1073 1443 ἄλλη
1104 1396 1188 1437 τις
1219 1375 1366 1450 παρᾶ
1394 1376 1494 1444 τὴν
1541 1371 1701 1428 οὖσαν
1738 1370 2027 1440 ὑποσταίη,

379 1460 510 1519 οὑδὶ
539 1462 672 1531 αὐτὴ
711 1483 804 1536 μοι
837 1463 977 1519 εἶναί
1007 1485 1057 1519 τι
1108 1462 1257 1520 δοκεῖ
1311 1466 1448 1540 πρὸς
1502 1464 1600 1532 τήν
1659 1461 1873 1537 ἀγάπην
1931 1463 2028 1516 τοῦ

368 1558 527 1609 Θεοῦ.
564 1550 791 1624 Ἐπειδὴ
826 1551 883 1609 δὲ
911 1554 1000 1608 καὶ
1028 1553 1309 1631 Ἀγγελων
1365 1554 1456 1609 καὶ
1516 1554 1799 1625 Δυνάμεων
1856 1549 2028 1623 ἐμνή-

362 1644 493 1713 σθη,
533 1644 614 1716 μὴ
647 1642 837 1716 νόμιζε
865 1644 992 1706 τοὺς
1023 1643 1321 1720 ’Λγγέλους
1350 1643 1385 1713 ἢ
1416 1642 1510 1705 τὰς
1570 1641 1831 1713 Δυνάμεις
1888 1639 2024 1695 ἀπο-

358 1731 564 1799 στῆσαί
594 1751 747 1792 τινας
785 1730 990 1795 ἐθέλειν
1020 1731 1126 1787 ἀπὸ
1179 1736 1436 1808 Χριστοῦ,
1488 1730 1659 1804 ἄπαγε
1688 1732 1699 1786 l
1756 1728 1900 1785 ἀλλὰ
1929 1728 2020 1783 τὸν

2142 570 2241 623 per
2271 555 2549 612 Christum
2576 558 2757 613 Iesum
2774 557 3063 615 Dominum
3092 566 3360 616 nostrum.

2218 644 2371 700 3l9
2425 646 2714 711 Quoniam
2766 649 3035 719 superius
3082 649 3401 721 praesentia
3431 648 3598 717 dixit,
3631 667 3791 708 nunc

2141 732 2342 789 futura
2377 750 2703 805 enumera,,
2738 742 2796 791 et
2816 738 2899 791 ait
2923 754 2935 791 ε
2961 738 3157 809 Neque
3183 738 3381 795 futura
3412 756 3794 812 mors,neque

2141 820 2341 878 futura
2362 824 2499 891 vita,
2523 840 2716 895 neque
2738 825 2969 898 Angeli,
2988 843 3181 900 neque
3195 829 3522 885 Potestates
3544 836 3795 902 possunt

2140 927 2235 967 me
2272 929 2545 984 separare
2596 930 2625 970 a
2660 914 2979 972 dilectione
3031 919 3151 984 Dei,
3188 935 3318 989 quas
3361 936 3467 991 per
3491 919 3792 977 Christum

2138 1002 2285 1056 mihi
2316 1004 2631 1060 conciliata
2660 1010 2767 1060 est.
2804 1006 3014 1061 Omnia
3040 1007 3187 1061 mihi
3219 1007 3429 1081 exigua
3461 1014 3602 1064 sunt
3633 1010 3680 1064 si
3713 1009 3788 1065 ad

2140 1090 2309 1146 illum
2372 1109 2638 1148 amorem
2700 1095 3104 1151 conferantur.
3140 1097 3361 1152 Deinde
3407 1098 3506 1153 ubi
3548 1116 3789 1155 omnem

2138 1186 2470 1236 creaturam
2504 1182 2652 1238 dixit
2681 1183 2975 1239 visibilem
3024 1202 3091 1241 ac
3135 1186 3597 1257 intelligibilem,
3650 1205 3781 1259 quas

2136 1277 2275 1326 sunt
2307 1272 2591 1327 instantia
2620 1273 3205 1348 acfutura,adjungit
3231 1292 3243 1330 :
3266 1278 3513 1347 «Neque
3536 1277 3788 1335 ullaalia

2136 1368 2427 1426 creatura,
2465 1384 2491 1410 ››
2526 1362 2634 1417 hoc
2695 1368 2802 1431 est,
2837 1364 2885 1418 si
2918 1364 3035 1419 alia
3064 1366 3284 1435 quaevis
3330 1366 3401 1421 ab
3433 1383 3503 1422 ea
3534 1382 3665 1438 quas
3698 1374 3789 1424 est

2136 1450 2505 1518 subsisteret,
2537 1468 2731 1522 neque
2755 1453 2883 1524 ipsa
2905 1452 3049 1507 mihi
3074 1454 3379 1525 quidpiam
3400 1471 3529 1510 esse
3555 1456 3786 1513 videre-

2134 1546 2229 1595 tur
2258 1540 2332 1594 ad
2357 1540 2458 1595 Dei
2483 1543 2987 1597 amorem.Verum
3016 1543 3152 1613 quia
3165 1549 3254 1598 est
3273 1545 3631 1616 Angelorum
3655 1562 3788 1601 me-

2131 1630 2310 1684 minit
2359 1646 2425 1685 ac
2477 1631 2844 1686 Potestatum
2880 1648 2892 1686 :
2926 1648 3001 1687 ne
3033 1632 3341 1689 arbitreris
3393 1634 3649 1707 Angelos
3680 1642 3783 1691 aut

2132 1721 2457 1775 Potestates
2471 1719 2618 1774 velle
2632 1720 2866 1790 aliquos
2897 1723 3463 1794 separareaChristo
3491 1742 3503 1778 :
3532 1726 3781 1781 minime

350 1820 487 1897 περὶ
519 1823 656 1877 Θεὸν
691 1821 891 1897 θερμὸν
936 1822 1103 1887 πόθον
1131 1826 1370 1895 σημᾶναι
1407 1826 1608 1893 ζητῶν,
1668 1819 1745 1884 εἷς
1796 1820 2004 1874 τούτουέ

2130 1810 2393 1882 gentium
2428 1826 2440 1875 ;
2476 1809 2578 1865 sed
2608 1809 2915 1865 ardentem
2941 1827 3077 1884 erga
3097 1812 3284 1868 Deum
3307 1830 3570 1869 amorem
3593 1814 3779 1887 signi-

342 1909 499 1980 ἧλθε
555 1913 688 1973 τοὺς
750 1910 974 1989 λόγους.
1040 1936 1065 1964 ει
1119 1909 1253 1967 Οὕτε
1305 1912 1529 1986 ὕψωμα,
1586 1906 1708 1965 οὔτε
1766 1909 1955 1979 βάθος.
1995 1932 2021 1959 ι)

342 2033 421 2043 —
455 2002 782 2075 [ΘΕΟΔΩΡ]
815 2002 1010 2070 Βάθος,
1064 2001 1137 2064 ὡς
1171 2002 1347 2075 οἶμαι,
1388 2002 1489 2072 τήν
1554 2000 1762 2074 γέενναν
1825 1997 2022 2071 ὀνομά-

338 2097 453 2160 ζει,
493 2087 635 2164 ὕψος
697 2088 753 2145 δὲ
779 2092 881 2159 τὴν
945 2089 1248 2166 βασιλείαν,
1308 2091 1398 2145 καὶ
1456 2090 1592 2165 πρὸς
1645 2089 1861 2150 τούτοις
1917 2089 2016 2157 τήν

330 2178 580 2233 αἰώνιον
613 2180 782 2247 ζωὴν,
840 2178 933 2234 καὶ
990 2180 1081 2234 τὸν
1135 2180 1351 2234 αἰώνιον
1389 2180 1638 2247 θάνατον,
1669 2211 1734 2221 -
1767 2177 1868 2233 Καὶ
1920 2173 2017 2231 ἅλ-

331 2267 485 2329 λως.
526 2269 1089 2342 [ΟΙΚΟΥΜΕΝΙΟΥ]
1124 2268 1220 2323 Καὶ
1281 2262 1607 2338 συλλήϐδην
1670 2266 1859 2333 εἰπεῖν,
1896 2262 2019 2320 οὔτε

325 2358 398 2413 τᾶ
468 2355 606 2431 ἄγαν
691 2355 935 2428 ἐπίδοξα,
1023 2355 1148 2413 οὔτε
1229 2358 1295 2413 τά
1370 2356 1502 2434 ἄγαν
1559 2354 1721 2429 ἄδοξα
1770 2352 1897 2410 οὔτε
1951 2356 2018 2409 τὰ

335 2448 542 2522 ἀγαθά,
609 2443 733 2502 οὔτε
815 2446 882 2501 τὰ
939 2444 1183 2521 λυπηρά,
1231 2442 1358 2501 οὔτε
1413 2445 1479 2501 τὰ
1541 2444 1709 2511 καλά,
1771 2441 1895 2500 οὔτε
1952 2444 2017 2497 τά

336 2538 503 2592 κακά.
541 2560 569 2589 ιι
602 2539 716 2605 Τῆς
746 2533 799 2590 ἐν
834 2538 1048 2611 Χριστῷ
1081 2538 1286 2606 Ἰησοῦ.
1323 2563 1342 2590 ι
1405 2536 1557 2592 ’Λνω
1613 2538 1832 2609 πρῶτον
1894 2532 2017 2587 εἶπε

340 2629 445 2693 τὴν
480 2625 701 2702 ἀγάπην
735 2629 832 2680 τοῦ
865 2630 1020 2693 Θεοῦ,
1056 2622 1145 2680 ’ἶνα
1206 2627 1281 2697 μὴ
1346 2622 1631 2700 ψεύδεσθαι
1691 2620 1820 2697 δόξῃ
1884 2622 2008 2697 περὶ

350 2720 457 2785 τῆς
490 2714 630 2778 ἴόίας
661 2713 843 2788 λέγων
897 2714 1113 2789 ἀγάπης
1170 2716 1222 2788 (ὁ
1280 2715 1383 2793 γὰρ
1440 2715 1757 2789 ἀγαπηθεὶς,
1791 2713 1853 2767 ού
1886 2724 2014 2777 θαυ-

360 2805 562 2878 μαστὸν
606 2804 650 2861 εἰ
713 2805 1038 2881 ἀνταγαπᾷ),
1091 2802 1416 2880 προσέθηκε,
1450 2829 1478 2857 (ι
1510 2808 1620 2873 Τῆς
1680 2803 1733 2859 iv
1791 2806 2012 2879 Χριστῷ

342 2896 543 2965 Ἰησοῦ.
587 2918 616 2945 »ι
650 2894 913 2972 Ἠγάπων
950 2894 1044 2967 μὶν
1084 2893 1174 2949 καὶ
1227 2890 1488 2949 Ἰουδαῖοι
1540 2894 1634 2948 τὸν
1692 2893 1845 2963 Θεὸν,
1878 2888 2009 2947 ἀλλ’

329 2983 432 3041 οὐκ
459 2983 516 3042 iv
547 2985 778 3060 Χριστῷ
804 2985 1006 3057 Ἰησοῦ,
1038 2984 1156 3041 ὅθεν
1184 2983 1275 3040 καὶ
1307 2981 1620 3043 ἀπώλοντο.

983 3129 1241 3185 ΚΕΦΑΛ.
1282 3128 1385 3183 ΙΕ’.

349 3260 487 3315 Ηεοὶ

423 3314 680 3457 ἐλήσεως
752 3314 865 3387 τοῦτ
939 3314 1181 3402 ἀληθοῦς
1217 3374 1231 3401 ,
1314 3334 1411 3386 τοῦ
1469 3314 1809 3403 εἷ’σαχθέντος
1867 3327 2001 3401 μετὰ

456 3404 623 3457 θνῶν.

456 3404 623 3459 θνῶν.

424 3526 711 3599 ’Δλτςθειαν
770 3527 919 3603 λέγω
976 3526 1028 3584 iv
1082 3530 1323 3600 Χριστῷ,
1384 3527 1447 3582 οὗ
1505 3522 1796 3601 ψεύδομαι,
1857 3546 1999 3598 συμ-

354 3617 732 3694 μαρτυρούσης
795 3639 889 3691 μοι
973 3624 1074 3687 τῆς
1135 3614 1495 3686 συνειδήσεώς
1556 3638 1661 3688 μου
1721 3614 1773 3670 iv
1837 3614 1999 3670 [Ινεύ-

345 3708 661 3783 μπιᾶγίῳ,
720 3705 803 3762 ὅτι
863 3705 1013 3777 λύπη
1074 3706 1167 3779 μοί
1229 3706 1338 3761 ἐστι
1397 3704 1635 3781 μεγάλη,
1695 3703 1784 3759 καὶ
1842 3701 1995 3759 ἀδιά-

336 3799 558 3861 λειπτος
622 3797 792 3867 ὀδύνη
859 3801 928 3872 τῇ
985 3793 1182 3872 καρδίᾳ
1243 3816 1368 3868 μουο
1424 3795 1685 3871 ηὐχόμην
1740 3795 1843 3871 γάρ
1900 3794 1995 3850 αὖ·

326 3891 414 3953 τὸς
460 3889 580 3963 ἐγὼ
642 3889 885 3957 ἀνάθεμα
936 3886 1068 3942 εἶναι
1101 3886 1208 3941 ἀπὸ
1266 3889 1367 3941 τοῦ
1414 3886 1649 3960 Χριστοῦ
1696 3885 1830 3960 ὑπὲρ
1885 3884 1992 3939 τῶν

324 3979 587 4059 ἀδελςδῶν
661 3999 768 4051 μου
831 3982 939 4033 τῶν
1027 3980 1294 4052 συγγενῶν
1376 3996 1479 4048 μου
1573 3975 1709 4031 κατὰ
1801 3975 1993 4049 σάρκαο

324 4070 525 4131 οἵτινές
611 4068 747 4124 εἰσιν
848 4064 1207 4142 Ἰσραηλῖται,
1283 4065 1355 4119 ὧν
1406 4066 1441 4135 ἡ
1475 4064 1718 4129 υἱοθεσία
1790 4064 1880 4119 καὶ
1956 4065 1991 4134 ἡ

327 4156 457 4231 δόξα
487 4157 587 4214 καὶ
614 4158 671 4213 αἱ
730 4154 983 4227 διαθῆκαι
1040 4155 1132 4210 καὶ
1187 4156 1222 4223 ἡ
1280 4154 1578 4229 νομοθεσία
1636 4153 1724 4208 καὶ
1792 4155 1826 4224 ἡ
1893 4150 1995 4209 λα-

326 4248 479 4318 τρεία
536 4246 635 4302 καὶ
696 4245 749 4300 al.
808 4243 1154 4319 ἐπαγγελίαι·
1214 4243 1286 4297 ὧν
1346 4242 1397 4297 οἱ
1449 4242 1687 4318 Πατίρες
1720 4286 1734 4313 ,
1791 4240 1883 4305 καὶ
1939 4242 1989 4316 ἐξ

329 4338 399 4392 ὧν
443 4337 473 4391 ὃ
520 4334 759 4411 Χριστὸς
815 4335 878 4389 τὸ
946 4332 1085 4388 κατὰ
1142 4331 1313 4407 σάρκα
1349 4373 1363 4399 ,
1423 4332 1451 4385 ὁ
1503 4328 1577 4386 ὢν
1634 4328 1722 4386 ἐπὶ
1778 4329 1990 4386 πάντων

329 4425 458 4487 Θεὸς
502 4423 808 4499 εὐλογητὸς
840 4420 915 4483 εἷς
948 4420 1074 4483 τοὺς
1114 4419 1334 4481 αἰῶνας.
1369 4424 1427 4475 Ἀ
1443 4422 1574 4493 μήν.

406 4516 563 4593 Μὲγα
590 4512 737 4569 Θὲλει
764 4511 957 4583 εἰπεῖν,
1019 4509 1104 4567 διὸ
1146 4507 1505 4587 προοδοποιεῖ
1556 4515 1637 4583 τῷ
1690 4517 1987 4580 πιστευθῆ-

2128 1897 2305 1953 ﬁcare
2335 1899 2558 1965 volens,
2583 1899 2656 1955 ad
2670 1900 2777 1955 hos
2808 1900 3114 1955 descendit
3146 1918 3473 1957 sermones.
3507 1925 3537 1953 ‹‹
3572 1904 3770 1974 Neque

2127 1988 2400 2056 altitudo,
2434 2006 2628 2060 neque
2688 1991 3077 2061 profunditas.
3115 2014 3143 2041 ››
3178 1992 3673 2061 Profunditatem,
3704 1999 3771 2048 ut

2127 2079 2360 2150 opinor,
2388 2080 2719 2150 gehennam
2754 2081 3045 2145 nominat,
3078 2081 3458 2138 altitudinem
3509 2100 3642 2138 vero
3675 2098 3767 2138 re-

2124 2184 2325 2239 gnum.
2358 2168 2442 2223 Ad
2478 2168 2603 2224 haec
2655 2174 2937 2225 mternam
2994 2170 3134 2225 dicit
3165 2172 3342 2227 vitam
3387 2177 3445 2226 et
3485 2178 3773 2228 teternam

2122 2263 2396 2314 mortem.
2429 2288 2499 2298 -—
2541 2259 2669 2313 Alio
2698 2276 2914 2329 quoque
2943 2261 3123 2315 modo.
3181 2262 3369 2331 thue
3428 2263 3773 2317 summatim

2124 2345 2317 2400 dicam
2354 2363 2365 2400 :
2400 2364 2595 2418 neque
2638 2346 2957 2402 admodum
3014 2349 3292 2421 gloriosa,
3353 2366 3547 2422 neque
3608 2351 3777 2407 valde

2122 2434 2393 2499 humilia,
2430 2451 2623 2505 neque
2654 2434 2832 2503 bona,
2888 2453 3081 2507 neque
3122 2438 3333 2502 tristia,
3368 2456 3561 2510 neque
3595 2440 3776 2495 hone-

2122 2531 2232 2591 sta,
2257 2541 2451 2595 neque
2480 2524 2653 2580 mala.
2689 2546 2714 2576 α
2745 2526 2883 2591 Quae
2918 2532 3009 2580 est
3038 2542 3143 2597 per
3172 2527 3465 2582 Christum
3495 2529 3716 2584 Iesum.
3744 2552 3775 2580 ››

2119 2615 2262 2669 Cum
2295 2615 2658 2686 praemiserit
2687 2616 2788 2670 Dei
2821 2615 3319 2682 dilectionem,ne
3354 2616 3662 2673 ludificare
3694 2618 3779 2673 vi-

2119 2703 2329 2759 deatur
2384 2705 2456 2760 de
2510 2704 2735 2777 privata
2788 2705 3040 2777 loquens
3098 2706 3416 2762 dilectione
3449 2710 3609 2777 (nam
3666 2708 3768 2779 qui

2118 2800 2351 2850 amatus
2415 2800 2525 2862 est,
2559 2812 2679 2849 non
2726 2795 2943 2850 mirum
2992 2796 3040 2851 si
3098 2796 3410 2868 redamet),
3445 2797 3764 2869 adjunxit:

2119 2905 2147 2934 ‹‹
2181 2884 2319 2949 Quae
2353 2890 2443 2938 est
2472 2899 2578 2955 per
2611 2884 2911 2940 Christum
2940 2885 3139 2941 Iesum
3165 2908 3192 2935 »
3216 2885 3511 2942 Amabant
3536 2887 3695 2943 enim
3718 2892 3778 2943 et

2118 2973 2306 3028 Judaei
2342 2974 2547 3043 Deum,
2584 2974 2687 3029 sed
2718 2990 2838 3030 non
2877 2990 2983 3046 per
3013 2974 3311 3031 Christum
3359 2976 3579 3043 Jesum,
3613 2976 3770 3033 unde

2122 3066 2179 3116 et
2209 3062 2535 3133 perierunt.

2747 3151 2979 3207 CAPUT
3018 3152 3134 3208 XV.

544 3261 867 3324 ὶππτώσεως
949 3257 1176 3333 ⁸Ἰσραὴλ
1228 3262 1326 3315 τοῦ
1383 3252 1801 3333 ἀποξληθὲντος
1838 3298 1852 3324 ,
1909 3254 2000 3333 καὶ

2122 3263 2203 3314 De
2231 3275 2398 3314 causa
2426 3260 2771 3329 abjectorum
2800 3260 3201 3333 israelitarum,
3229 3276 3291 3314 ac
3320 3275 3573 3316 verorum
3600 3276 3765 3318 voca-

2181 3335 2328 3385 tione
2365 3332 2462 3401 qui
2494 3347 2620 3385 cum
2649 3331 2903 3400 gentibus
2925 3331 3226 3387 introducti
3258 3338 3406 3387 sunt.

2187 3439 2485 3493 Veritatem
2514 3438 2632 3493 dico
2666 3456 2770 3509 per
2801 3439 3095 3509 Christum,
3127 3456 3235 3495 non
3276 3442 3507 3496 mentior
3540 3456 3554 3495 :
3586 3447 3755 3497 attes-

2108 3536 2257 3584 tantc
2286 3546 2399 3584 una
2426 3546 2634 3585 mecum
2665 3532 2997 3586 conscientia
3044 3547 3163 3586 mea
3194 3532 3252 3585 in
3304 3531 3520 3602 Spiritu
3548 3539 3758 3587 sancto»

2106 3620 2259 3690 quod
2285 3621 2519 3674 tristitia
2547 3620 2685 3674 mihi
2703 3622 2773 3675 sit
2801 3636 3005 3689 magna
3036 3626 3086 3674 et
3117 3622 3405 3675 continuus
3426 3620 3586 3675 dolor
3602 3622 3757 3678 320

2106 3709 2257 3764 cordi
2286 3725 2423 3765 meo.
2457 3710 2708 3780 Optarim
2738 3712 2881 3764 enim
2913 3726 3011 3778 ego
3050 3708 3167 3778 ipse
3215 3711 3510 3765 anathema
3562 3726 3672 3766 esse
3718 3727 3754 3767 a

2107 3797 2317 3854 Christo
2347 3814 2450 3867 pro
2481 3798 2758 3865 fratribus
2788 3800 2920 3852 meis
2958 3800 3056 3867 qui
3084 3797 3221 3852 mihi
3252 3801 3475 3868 cognati
3501 3805 3629 3853 sunt
3657 3814 3746 3853 se-

2104 3888 2341 3942 cundum
2381 3902 2645 3941 carnem:
2703 3888 2802 3955 qui
2856 3892 2984 3941 sunt
3039 3887 3326 3955 Israelitae,
3376 3903 3609 3957 quorum
3665 3894 3749 3943 est

2104 3975 2333 4045 adoptio
2357 3982 2409 4029 et
2439 3974 2623 4044 gloria
2654 3980 2704 4027 et
2736 3980 3114 4028 testamentum
3144 3991 3209 4030 ac
3241 3974 3511 4044 legislatio
3543 3974 3753 4032 cultus-

2103 4082 2206 4137 que
2236 4072 2287 4119 et
2310 4066 2696 4135 promissiones
2728 4080 2747 4118 :
2776 4079 3010 4133 quorum
3067 4071 3195 4119 sunt
3239 4070 3448 4135 patres,
3498 4067 3649 4137 iique
3680 4083 3749 4123 ea:

2102 4152 2300 4225 quibus
2327 4160 2406 4209 est
2438 4153 2680 4211 Christus
2705 4152 2849 4224 quod
2896 4154 2969 4208 ad
3015 4170 3233 4208 carnem
3264 4156 3483 4223 attinet,
3511 4157 3612 4226 qui
3672 4164 3750 4213 est

2098 4259 2264 4315 super
2292 4242 2482 4299 omnia
2511 4244 2651 4299 Deus
2682 4243 2991 4299 benedictus
3021 4244 3081 4298 in
3108 4243 3324 4299 saecula.
3349 4244 3534 4300 Amen.

2171 4523 2440 4596 Magnum
2469 4527 2558 4580 est
2589 4524 2749 4595 quod
2780 4524 2975 4579 dicere
3006 4526 3176 4594 parat
3210 4538 3223 4577 :
3255 4520 3388 4578 ideo
3419 4521 3572 4580 viam
3604 4541 3752 4597 pree-

332 4630 443 4677 ναι,
488 4592 639 4684 τρεῖς
697 4605 1084 4687 ἐπιφερόμενος
1147 4604 1442 4680 μάρτυρας,
1501 4606 1591 4660 τὸν
1642 4605 1893 4681 Χριστὸν,
1926 4603 1988 4661 τὸ

2118 4592 2367 4669 ιιιειιίίιιι
2390 4612 2568 4669 fidem
2601 4592 2797 4680 iaciat,
2831 4618 2950 4668 tres
2981 4592 3315 4683 producens
3348 4616 3549 4683 testes,
3581 4592 3749 4672 Chri-

332 4698 488 4773 ἅγιον
549 4700 789 4770 Πνεῦμα,
820 4695 915 4751 καὶ
946 4695 1043 4764 τὴν
1072 4694 1263 4749 ἑαυτοῦ
1322 4691 1652 4766 συνείδησιν.
1709 4695 1845 4769 Ὅρα
1906 4690 1984 4749 δέ·

333 4812 360 4839 ιι
392 4785 716 4856 Ἀλήθειαν,
742 4785 896 4859 φησὶ,
946 4782 1095 4859 λέγω
1127 4781 1180 4837 iv
1230 4785 1483 4857 Χμιστῷ.
1520 4808 1546 4835 υ
1600 4783 1703 4841 Καὶ
1735 4782 1797 4838 οὗ
1853 4783 1987 4858 ψεύ-

335 4872 644 4947 δομαι,καῖ
706 4876 742 4944 ἠ
777 4870 1081 4946 συνείδησίς
1132 4892 1226 4943 μοι
1286 4871 1360 4933 είς
1414 4877 1575 4928 τοῦτο
1626 4872 1831 4948 μάρτυς
1889 4873 1980 4929 σὺν

339 4969 423 5035 τῷ
453 4966 588 5040 ἁγίῳ
644 4963 940 5037 Πνεύματι.
1000 4987 1028 5015 ‹‹
1057 4961 1335 5040 Ηύχόμην
1368 4962 1469 5036 γάρ
1499 4962 1659 5024 αὖτ’ζς
1700 4963 1811 5039 ἐγὼ
1851 4963 1981 5017 ἆνα-

337 5064 475 5125 θεμα
506 5054 641 5110 εἶναι
674 5054 783 5109 ἀπὸ
826 5048 926 5107 τοῦ
979 5055 1237 5125 Χριστοῦ.
1273 5074 1303 5102 ››
1357 5051 1499 5123 Ὅρα
1554 5053 1652 5121 τήν
1709 5051 1976 5107 ὲπίτασινο

330 5143 430 5201 οὐκ
459 5144 628 5215 εἶπεν,
652 5137 1035 5214 Ἥϐουλόμην,
1064 5138 1213 5209 ἀλλ’,
1246 5162 1272 5193 ιι
1291 5139 1582 5214 Πύχόμην.
1616 5168 1641 5196 ι
1670 5172 1737 5183 -
1766 5141 1977 5218 [ΦΩΤ.]

326 5237 423 5294 Ὅν
453 5232 612 5292 ούδὶν
674 5231 891 5289 δύναται
952 5229 1188 5306 χωρίσαι
1236 5234 1339 5299 τῆς
1396 5228 1611 5303 ἀγάπης
1670 5234 1769 5286 τοῦ
1820 5236 1975 5302 Θεοῦ,

328 5324 389 5381 ού
418 5322 649 5392 θάνατος
684 5320 1113 5395 ἀπειλούμενος,
1166 5317 1231 5391 ού
1278 5318 1392 5389 ζωή
1442 5320 1860 5392 προτεινομένη,
1912 5321 1974 5378 οὖ

326 5415 389 5473 τά
416 5417 618 5484 ἐκεῖθεν
650 5411 869 5481 ἁπλῶς,
903 5408 967 5466 οὗ
1008 5408 1075 5464 τὰ
1133 5405 1378 5476 ἐνταῦθα,
1438 5407 1551 5487 οὔχ
1580 5409 1713 5482 ὅπερ
1772 5408 1831 5465 ἄν
1888 5432 1974 5475 τις

321 5501 611 5587 Ξπινοτςσῂ·
647 5504 741 5564 διὰ
767 5504 936 5560 τοῦτο
962 5498 1062 5574 γὰρ
1116 5496 1208 5554 καὶ
1256 5494 1529 5575 ’Λγγέλων
1580 5497 1821 5574 ἐμνήσθη
1879 5498 1971 5558 καὶ

314 5600 627 5678 Δυνάμεων,
654 5595 751 5655 καὶ
788 5590 991 5669 βάθους
1037 5588 1151 5678 καὶ,
1188 5587 1380 5678 ὕψους.
1433 5590 1526 5678 Ὃν
1573 5589 1752 5678 τοίνυν
1818 5587 1970 5648 οὐδὲν

310 5675 545 5774 χωρίσαι
602 5689 861 5751 δύναται,
921 5682 1039 5743 πῶς
1094 5675 1257 5740 αὐτὸς
1315 5676 1575 5742 δκουσίως
1631 5676 1965 5760 ἆοίσταταις

2098 4701 2571 4775 stum,Spiritum
2597 4708 2867 4758 sanctum
2892 4717 2959 4756 ac
2972 4701 3740 4774 propriamconseientiam.

2096 4790 2239 4847 Vide
2280 4798 2501 4847 autem.
2537 4814 2565 4843 ‹‹
2604 4792 2941 4855 Veritatem,
2994 4790 3209 4860 inquit,
3262 4790 3392 4847 dico
3441 4809 3548 4865 per
3576 4794 3742 4853 Chri-

2095 4885 2274 4942 stum,
2306 4896 2415 4936 nec
2462 4881 2736 4946 mentior,
2772 4886 2830 4934 et
2859 4880 2921 4933 in
2955 4879 3065 4933 hoc
3096 4878 3243 4934 mihi
3278 4881 3444 4937 testis
3485 4890 3576 4939 est
3600 4902 3745 4942 con-

2093 4969 2343 5024 scientia
2372 4970 2552 5024 simul
2582 4986 2716 5024 cum
2748 4968 2968 5040 Spiritu
3000 4974 3227 5025 sancto.
3252 4991 3282 5020 »
3308 5001 3379 5011 —
3411 4993 3435 5024 α
3472 4973 3739 5044 Optarim

2092 5058 2409 5113 anathema
2438 5074 2566 5113 esse
2597 5074 2631 5113 a
2661 5059 2913 5113 Christo.
2950 5079 2979 5107 »
3016 5057 3155 5113 Vide
3194 5062 3736 5132 exaggerationem.

2090 5146 2392 5217 Siquidem
2424 5163 2545 5203 non
2578 5147 2743 5210 dixit,
2767 5147 2979 5206 Velim.
3013 5146 3116 5202 sed
3140 5170 3168 5197 ‹‹
3192 5148 3469 5219 Optarim.
3499 5172 3530 5201 ››
3552 5150 3740 5215 Quem

2086 5235 2239 5290 nihil
2270 5241 2463 5306 potest
2508 5252 2545 5291 a
2574 5236 2893 5293 dilectione
2944 5236 3046 5291 Dei
3079 5252 3379 5307 separare,
3420 5253 3541 5293 non
3573 5255 3735 5299 mors

2085 5325 2595 5393 comminata,non
2627 5328 2742 5383 vita
2770 5325 3142 5399 prolongata,
3168 5332 3384 5387 non,ut
3415 5343 3534 5383 uno
3556 5316 3733 5389 verbo

2084 5412 2297 5475 dicam.
2332 5414 2422 5470 vel
2453 5432 2584 5488 quae
2614 5432 2649 5472 θ.
2686 5415 2886 5471 futuro
2941 5419 3080 5469 sunt
3127 5412 3367 5482 saeculo,
3418 5416 3509 5472 vel
3538 5435 3672 5492 quae
3703 5438 3739 5481 a

2080 5504 2382 5577 praesenti.
2415 5521 2537 5561 non
2567 5503 2862 5577 quidquid
2903 5508 3097 5575 potest
3155 5504 3450 5575 quispiam
3480 5514 3728 5568 commi-

2078 5593 2227 5650 nisci
2263 5610 2277 5650 :
2310 5592 2384 5651 ob
2413 5595 2525 5652 hoc
2556 5596 2717 5652 enim
2739 5600 2798 5651 et
2825 5591 3184 5668 Angelorum
3207 5596 3501 5668 meminit,
3527 5606 3585 5656 et
3614 5617 3723 5675 po-

2077 5689 2360 5741 testatum
2390 5690 2449 5742 et
2477 5683 2899 5758 profunditatis
2916 5688 2973 5740 et
2990 5681 3325 5742 altitudinis
3346 5702 3359 5742 :
3384 5704 3562 5761 quem
3581 5706 3717 5765 ergo
