  <div class='ocr_page' id='page_1' title='image "/cluster/home/n/w/nwhite01/storage/ocr_20150623/118/mdp.39015078384297/257.png"; bbox 0 0 4126 6256; ppageno 0'>
   <div class='ocr_carea' id='block_1_1' title="bbox 423 331 543 393">
    <p class='ocr_par' dir='ltr' id='par_1_1' title="bbox 423 331 543 393">
     <span class='ocr_line' id='line_1_1' title="bbox 423 331 543 393; baseline 0.025 -3"><span class='ocrx_word' id='word_1_1' title='bbox 423 331 543 393; x_wconf 73' lang='grc'>499</span> 
     </span>
    </p>
   </div>
   <div class='ocr_carea' id='block_1_2' title="bbox 1543 332 2702 396">
    <p class='ocr_par' dir='ltr' id='par_1_2' title="bbox 1543 332 2702 396">
     <span class='ocr_line' id='line_1_2' title="bbox 1543 332 2702 396; baseline -0.002 0"><span class='ocrx_word' id='word_1_2' title='bbox 1543 334 1672 396; x_wconf 71' lang='grc' dir='ltr'>αις</span> <span class='ocrx_word' id='word_1_3' title='bbox 1687 333 1951 396; x_wconf 81' lang='lat' dir='ltr'>UMENll</span> <span class='ocrx_word' id='word_1_4' title='bbox 1999 332 2305 396; x_wconf 69' lang='lat' dir='ltr'>TRICC/B</span> <span class='ocrx_word' id='word_1_5' title='bbox 2354 334 2702 396; x_wconf 75' lang='lat' dir='ltr'>EPISCOPI</span> 
     </span>
    </p>
   </div>
   <div class='ocr_carea' id='block_1_3' title="bbox 3734 337 3857 396">
    <p class='ocr_par' dir='ltr' id='par_1_3' title="bbox 3734 337 3857 396">
     <span class='ocr_line' id='line_1_3' title="bbox 3734 337 3857 396; baseline 0 0"><span class='ocrx_word' id='word_1_6' title='bbox 3734 337 3857 396; x_wconf 66' lang='lat'>500</span> 
     </span>
    </p>
   </div>
   <div class='ocr_carea' id='block_1_4' title="bbox 431 461 2091 543">
    <p class='ocr_par' dir='ltr' id='par_1_4' title="bbox 431 461 2071 538">
     <span class='ocr_line' id='line_1_4' title="bbox 431 461 2071 538; baseline 0.002 -19"><span class='ocrx_word' id='word_1_7' title='bbox 431 461 585 520; x_wconf 85' lang='lat' dir='ltr'>nihil</span> <span class='ocrx_word' id='word_1_8' title='bbox 611 477 884 535; x_wconf 85' lang='lat' dir='ltr'>separare</span> <span class='ocrx_word' id='word_1_9' title='bbox 914 464 1429 536; x_wconf 88' lang='lat' dir='ltr'>potest.quomodo</span> <span class='ocrx_word' id='word_1_10' title='bbox 1454 468 1579 538; x_wconf 87' lang='lat' dir='ltr'>ipse</span> <span class='ocrx_word' id='word_1_11' title='bbox 1610 466 1766 523; x_wconf 88' lang='lat' dir='ltr'>ultro</span> <span class='ocrx_word' id='word_1_12' title='bbox 1799 466 2071 535; x_wconf 78' lang='lat' dir='ltr'>discedit,</span> 
     </span>
    </p>
   </div>
   <div class='ocr_carea' id='block_1_5' title="bbox 2202 461 3859 543">
    <p class='ocr_par' dir='ltr' id='par_1_5' title="bbox 2202 464 3859 543">
     <span class='ocr_line' id='line_1_5' title="bbox 2202 464 3859 543; baseline 0.001 -22"><span class='ocrx_word' id='word_1_13' title='bbox 2202 464 2273 521; x_wconf 77' lang='grc' dir='ltr'>ιαὶ</span> <span class='ocrx_word' id='word_1_14' title='bbox 2303 471 2470 521; x_wconf 86' lang='grc' dir='ltr'>ταῦτα</span> <span class='ocrx_word' id='word_1_15' title='bbox 2503 468 2633 542; x_wconf 70' lang='grc' dir='ltr'>ὑπὲρ</span> <span class='ocrx_word' id='word_1_16' title='bbox 2665 471 2770 522; x_wconf 89' lang='grc' dir='ltr'>τῶν</span> <span class='ocrx_word' id='word_1_17' title='bbox 2802 467 2939 523; x_wconf 67' lang='grc' dir='ltr'>κατὰ</span> <span class='ocrx_word' id='word_1_18' title='bbox 2968 467 3136 539; x_wconf 72' lang='grc' dir='ltr'>σάρκα</span> <span class='ocrx_word' id='word_1_19' title='bbox 3168 471 3433 543; x_wconf 84' lang='grc' dir='ltr'>συγγενῶν</span> <span class='ocrx_word' id='word_1_20' title='bbox 3468 486 3481 537; x_wconf 84' lang='lat'><strong>;</strong></span> <span class='ocrx_word' id='word_1_21' title='bbox 3511 466 3618 521; x_wconf 81' lang='grc' dir='ltr'>καὶ</span> <span class='ocrx_word' id='word_1_22' title='bbox 3654 465 3723 521; x_wconf 76' lang='grc' dir='ltr'>οὗ</span> <span class='ocrx_word' id='word_1_23' title='bbox 3751 476 3859 539; x_wconf 80' lang='grc' dir='ltr'>μο-</span> 
     </span>
    </p>
   </div>
   <div class='ocr_carea' id='block_1_6' title="bbox 433 552 2081 625">
    <p class='ocr_par' dir='ltr' id='par_1_6' title="bbox 433 552 2081 625">
     <span class='ocr_line' id='line_1_6' title="bbox 433 552 2081 625; baseline 0.002 -17"><span class='ocrx_word' id='word_1_24' title='bbox 433 552 613 625; x_wconf 87' lang='lat' dir='ltr'>idque</span> <span class='ocrx_word' id='word_1_25' title='bbox 647 557 888 624; x_wconf 82' lang='lat' dir='ltr'>propter</span> <span class='ocrx_word' id='word_1_26' title='bbox 943 561 1222 625; x_wconf 86' lang='lat' dir='ltr'>cognatos</span> <span class='ocrx_word' id='word_1_27' title='bbox 1281 554 1608 611; x_wconf 89' lang='lat' dir='ltr'>secundum</span> <span class='ocrx_word' id='word_1_28' title='bbox 1643 572 1884 612; x_wconf 89' lang='lat' dir='ltr'>carnem</span> <span class='ocrx_word' id='word_1_29' title='bbox 1909 556 1937 612; x_wconf 68' lang='grc' dir='ltr'><strong><em>Ἰ</em></strong></span> <span class='ocrx_word' id='word_1_30' title='bbox 1966 558 2081 613; x_wconf 72' lang='lat' dir='ltr'>Nec</span> 
     </span>
    </p>
   </div>
   <div class='ocr_carea' id='block_1_7' title="bbox 435 641 2082 719">
    <p class='ocr_par' dir='ltr' id='par_1_7' title="bbox 435 641 2082 719">
     <span class='ocr_line' id='line_1_7' title="bbox 435 641 2082 719; baseline 0.002 -21"><span class='ocrx_word' id='word_1_31' title='bbox 435 644 627 698; x_wconf 90' lang='lat' dir='ltr'>solum</span> <span class='ocrx_word' id='word_1_32' title='bbox 660 641 814 698; x_wconf 84' lang='lat' dir='ltr'>ultro</span> <span class='ocrx_word' id='word_1_33' title='bbox 848 645 1287 715; x_wconf 81' lang='lat' dir='ltr'>separatur,sed</span> <span class='ocrx_word' id='word_1_34' title='bbox 1310 653 1367 701; x_wconf 90' lang='lat' dir='ltr'>et</span> <span class='ocrx_word' id='word_1_35' title='bbox 1397 647 1766 719; x_wconf 75' lang='lat' dir='ltr'>concupiscit</span> <span class='ocrx_word' id='word_1_36' title='bbox 1794 665 1861 703; x_wconf 85' lang='lat' dir='ltr'>ac</span> <span class='ocrx_word' id='word_1_37' title='bbox 1886 648 2082 719; x_wconf 84' lang='lat' dir='ltr'>requi-</span> 
     </span>
    </p>
   </div>
   <div class='ocr_carea' id='block_1_8' title="bbox 435 731 2077 808">
    <p class='ocr_par' dir='ltr' id='par_1_8' title="bbox 435 731 2077 808">
     <span class='ocr_line' id='line_1_8' title="bbox 435 731 2077 808; baseline 0.003 -21"><span class='ocrx_word' id='word_1_38' title='bbox 435 731 512 787; x_wconf 90' lang='lat' dir='ltr'>rit</span> <span class='ocrx_word' id='word_1_39' title='bbox 541 737 598 786; x_wconf 91' lang='lat' dir='ltr'>et</span> <span class='ocrx_word' id='word_1_40' title='bbox 629 738 792 802; x_wconf 87' lang='lat' dir='ltr'>optat</span> <span class='ocrx_word' id='word_1_41' title='bbox 819 734 1077 803; x_wconf 86' lang='lat' dir='ltr'>separari</span> <span class='ocrx_word' id='word_1_42' title='bbox 1113 751 1146 789; x_wconf 88' lang='lat' dir='ltr'>a</span> <span class='ocrx_word' id='word_1_43' title='bbox 1205 735 1305 790; x_wconf 78' lang='lat' dir='ltr'>Dei</span> <span class='ocrx_word' id='word_1_44' title='bbox 1338 734 1655 792; x_wconf 72' lang='lat' dir='ltr'>dilectione</span> <span class='ocrx_word' id='word_1_45' title='bbox 1685 754 1698 791; x_wconf 88' lang='lat'>:</span> <span class='ocrx_word' id='word_1_46' title='bbox 1732 759 1760 786; x_wconf 86' lang='grc'>‹‹</span> <span class='ocrx_word' id='word_1_47' title='bbox 1795 737 2077 808; x_wconf 86' lang='lat' dir='ltr'>Optarim,</span> 
     </span>
    </p>
   </div>
   <div class='ocr_carea' id='block_1_9' title="bbox 434 823 2083 896">
    <p class='ocr_par' dir='ltr' id='par_1_9' title="bbox 434 823 2083 896">
     <span class='ocr_line' id='line_1_9' title="bbox 434 823 2083 896; baseline 0.001 -16"><span class='ocrx_word' id='word_1_48' title='bbox 434 823 652 895; x_wconf 84' lang='lat' dir='ltr'>inquit,</span> <span class='ocrx_word' id='word_1_49' title='bbox 687 839 789 896; x_wconf 89' lang='lat' dir='ltr'>ego</span> <span class='ocrx_word' id='word_1_50' title='bbox 845 825 968 895; x_wconf 80' lang='lat' dir='ltr'>ipse</span> <span class='ocrx_word' id='word_1_51' title='bbox 1001 827 1319 882; x_wconf 79' lang='lat' dir='ltr'>anathema</span> <span class='ocrx_word' id='word_1_52' title='bbox 1363 845 1492 884; x_wconf 89' lang='lat' dir='ltr'>esse</span> <span class='ocrx_word' id='word_1_53' title='bbox 1522 846 1556 884; x_wconf 88' lang='lat' dir='ltr'>a</span> <span class='ocrx_word' id='word_1_54' title='bbox 1587 828 1836 884; x_wconf 86' lang='lat' dir='ltr'>Christo.</span> <span class='ocrx_word' id='word_1_55' title='bbox 1872 851 1900 878; x_wconf 87' lang='grc'><strong><em>››</em></strong></span> <span class='ocrx_word' id='word_1_56' title='bbox 1932 826 2083 894; x_wconf 88' lang='lat' dir='ltr'>Quid</span> 
     </span>
    </p>
   </div>
   <div class='ocr_carea' id='block_1_10' title="bbox 435 913 2085 992">
    <p class='ocr_par' dir='ltr' id='par_1_10' title="bbox 435 913 2085 992">
     <span class='ocr_line' id='line_1_10' title="bbox 435 913 2085 992; baseline 0.002 -24"><span class='ocrx_word' id='word_1_57' title='bbox 435 913 616 985; x_wconf 83' lang='lat' dir='ltr'>igitur</span> <span class='ocrx_word' id='word_1_58' title='bbox 647 919 736 969; x_wconf 90' lang='lat' dir='ltr'>est</span> <span class='ocrx_word' id='word_1_59' title='bbox 762 914 874 968; x_wconf 90' lang='lat' dir='ltr'>hoc</span> <span class='ocrx_word' id='word_1_60' title='bbox 895 913 923 970; x_wconf 67' lang='grc' dir='ltr'>τί</span> <span class='ocrx_word' id='word_1_61' title='bbox 948 915 1251 980; x_wconf 87' lang='lat' dir='ltr'>Quomodo</span> <span class='ocrx_word' id='word_1_62' title='bbox 1285 918 1632 992; x_wconf 76' lang='lat' dir='ltr'>contingent</span> <span class='ocrx_word' id='word_1_63' title='bbox 1680 935 1749 974; x_wconf 91' lang='lat' dir='ltr'>ea</span> <span class='ocrx_word' id='word_1_64' title='bbox 1781 935 1910 989; x_wconf 72' lang='lat' dir='ltr'>quae</span> <span class='ocrx_word' id='word_1_65' title='bbox 1945 923 2085 972; x_wconf 91' lang='lat' dir='ltr'>sunt</span> 
     </span>
    </p>
   </div>
   <div class='ocr_carea' id='block_1_11' title="bbox 433 1002 2081 1077">
    <p class='ocr_par' dir='ltr' id='par_1_11' title="bbox 433 1002 2081 1077">
     <span class='ocr_line' id='line_1_11' title="bbox 433 1002 2081 1077; baseline 0.002 -19"><span class='ocrx_word' id='word_1_66' title='bbox 433 1002 830 1074; x_wconf 82' lang='lat' dir='ltr'>impossibilia</span> <span class='ocrx_word' id='word_1_67' title='bbox 858 1002 886 1059; x_wconf 64' lang='grc' dir='ltr'>τὶ</span> <span class='ocrx_word' id='word_1_68' title='bbox 917 1005 1178 1060; x_wconf 87' lang='lat' dir='ltr'>Primum</span> <span class='ocrx_word' id='word_1_69' title='bbox 1213 1007 1452 1077; x_wconf 88' lang='lat' dir='ltr'>quidem</span> <span class='ocrx_word' id='word_1_70' title='bbox 1506 1008 1760 1063; x_wconf 88' lang='lat' dir='ltr'>dicimus</span> <span class='ocrx_word' id='word_1_71' title='bbox 1810 1009 1933 1062; x_wconf 60' lang='lat' dir='ltr'>hac</span> <span class='ocrx_word' id='word_1_72' title='bbox 1964 1025 2081 1063; x_wconf 89' lang='lat' dir='ltr'>non</span> 
     </span>
    </p>
   </div>
   <div class='ocr_carea' id='block_1_12' title="bbox 433 1094 2082 1164">
    <p class='ocr_par' dir='ltr' id='par_1_12' title="bbox 433 1094 2082 1164">
     <span class='ocr_line' id='line_1_12' title="bbox 433 1094 2082 1164; baseline 0.001 -16"><span class='ocrx_word' id='word_1_73' title='bbox 433 1107 562 1148; x_wconf 88' lang='lat' dir='ltr'>esse</span> <span class='ocrx_word' id='word_1_74' title='bbox 595 1094 1116 1164; x_wconf 85' lang='lat' dir='ltr'>contraria.Neque</span> <span class='ocrx_word' id='word_1_75' title='bbox 1133 1097 1292 1151; x_wconf 89' lang='lat' dir='ltr'>enim</span> <span class='ocrx_word' id='word_1_76' title='bbox 1319 1099 1681 1152; x_wconf 85' lang='lat' dir='ltr'>contrarium</span> <span class='ocrx_word' id='word_1_77' title='bbox 1706 1103 1794 1151; x_wconf 87' lang='lat' dir='ltr'>est</span> <span class='ocrx_word' id='word_1_78' title='bbox 1811 1097 1889 1152; x_wconf 88' lang='lat' dir='ltr'>ita</span> <span class='ocrx_word' id='word_1_79' title='bbox 1909 1096 2082 1152; x_wconf 90' lang='lat' dir='ltr'>Chri-</span> 
     </span>
    </p>
   </div>
   <div class='ocr_carea' id='block_1_13' title="bbox 435 1181 2085 1260">
    <p class='ocr_par' dir='ltr' id='par_1_13' title="bbox 435 1181 2085 1260">
     <span class='ocr_line' id='line_1_13' title="bbox 435 1181 2085 1260; baseline 0.004 -24"><span class='ocrx_word' id='word_1_80' title='bbox 435 1187 595 1236; x_wconf 84' lang='lat' dir='ltr'>stum</span> <span class='ocrx_word' id='word_1_81' title='bbox 629 1181 896 1254; x_wconf 79' lang='lat' dir='ltr'>diligere,</span> <span class='ocrx_word' id='word_1_82' title='bbox 929 1189 995 1237; x_wconf 92' lang='lat' dir='ltr'>ut</span> <span class='ocrx_word' id='word_1_83' title='bbox 1029 1201 1223 1254; x_wconf 88' lang='lat' dir='ltr'>neque</span> <span class='ocrx_word' id='word_1_84' title='bbox 1256 1203 1361 1257; x_wconf 90' lang='lat' dir='ltr'>per</span> <span class='ocrx_word' id='word_1_85' title='bbox 1383 1187 1962 1260; x_wconf 88' lang='lat' dir='ltr'>supplicium,neque</span> <span class='ocrx_word' id='word_1_86' title='bbox 1980 1204 2085 1259; x_wconf 90' lang='lat' dir='ltr'>per</span> 
     </span>
    </p>
   </div>
   <div class='ocr_carea' id='block_1_14' title="bbox 438 1270 2081 1350">
    <p class='ocr_par' dir='ltr' id='par_1_14' title="bbox 438 1270 2081 1350">
     <span class='ocr_line' id='line_1_14' title="bbox 438 1270 2081 1350; baseline 0.004 -24"><span class='ocrx_word' id='word_1_87' title='bbox 438 1270 624 1326; x_wconf 80' lang='lat' dir='ltr'>ullam</span> <span class='ocrx_word' id='word_1_88' title='bbox 655 1272 1116 1342; x_wconf 88' lang='lat' dir='ltr'>promissionem</span> <span class='ocrx_word' id='word_1_89' title='bbox 1150 1275 1410 1346; x_wconf 89' lang='lat' dir='ltr'>separari</span> <span class='ocrx_word' id='word_1_90' title='bbox 1444 1277 1636 1347; x_wconf 89' lang='lat' dir='ltr'>possis</span> <span class='ocrx_word' id='word_1_91' title='bbox 1667 1277 1739 1332; x_wconf 91' lang='lat' dir='ltr'>ab</span> <span class='ocrx_word' id='word_1_92' title='bbox 1776 1279 1906 1350; x_wconf 86' lang='lat' dir='ltr'>ejus</span> <span class='ocrx_word' id='word_1_93' title='bbox 1935 1277 2081 1332; x_wconf 87' lang='lat' dir='ltr'>dile-</span> 
     </span>
    </p>
   </div>
   <div class='ocr_carea' id='block_1_15' title="bbox 434 1361 2084 1438">
    <p class='ocr_par' dir='ltr' id='par_1_15' title="bbox 434 1361 2084 1438">
     <span class='ocr_line' id='line_1_15' title="bbox 434 1361 2084 1438; baseline 0.004 -24"><span class='ocrx_word' id='word_1_94' title='bbox 434 1361 657 1428; x_wconf 87' lang='lat' dir='ltr'>ctione,</span> <span class='ocrx_word' id='word_1_95' title='bbox 734 1367 792 1415; x_wconf 92' lang='lat' dir='ltr'>et</span> <span class='ocrx_word' id='word_1_96' title='bbox 866 1361 947 1416; x_wconf 89' lang='lat' dir='ltr'>ita</span> <span class='ocrx_word' id='word_1_97' title='bbox 1021 1362 1268 1435; x_wconf 81' lang='lat' dir='ltr'>diligere</span> <span class='ocrx_word' id='word_1_98' title='bbox 1348 1364 1704 1438; x_wconf 82' lang='lat' dir='ltr'>proximum,</span> <span class='ocrx_word' id='word_1_99' title='bbox 1777 1373 1842 1421; x_wconf 92' lang='lat' dir='ltr'>ut</span> <span class='ocrx_word' id='word_1_100' title='bbox 1896 1367 2084 1438; x_wconf 88' lang='lat' dir='ltr'>ipsius</span> 
     </span>
    </p>
   </div>
   <div class='ocr_carea' id='block_1_16' title="bbox 435 1449 2088 1527">
    <p class='ocr_par' dir='ltr' id='par_1_16' title="bbox 435 1449 2088 1527">
     <span class='ocr_line' id='line_1_16' title="bbox 435 1449 2088 1527; baseline 0.004 -23"><span class='ocrx_word' id='word_1_101' title='bbox 435 1449 688 1504; x_wconf 84' lang='lat' dir='ltr'>salutem</span> <span class='ocrx_word' id='word_1_102' title='bbox 719 1451 1008 1521; x_wconf 70' lang='lat' dir='ltr'>aequalem</span> <span class='ocrx_word' id='word_1_103' title='bbox 1025 1451 1204 1508; x_wconf 85' lang='lat' dir='ltr'>ducas</span> <span class='ocrx_word' id='word_1_104' title='bbox 1224 1454 1461 1526; x_wconf 85' lang='lat' dir='ltr'>prOprio</span> <span class='ocrx_word' id='word_1_105' title='bbox 1488 1456 1664 1510; x_wconf 90' lang='lat' dir='ltr'>saluti</span> <span class='ocrx_word' id='word_1_106' title='bbox 1689 1457 1807 1512; x_wconf 90' lang='lat' dir='ltr'>imo</span> <span class='ocrx_word' id='word_1_107' title='bbox 1827 1462 1886 1512; x_wconf 89' lang='lat' dir='ltr'>et</span> <span class='ocrx_word' id='word_1_108' title='bbox 1909 1457 2088 1527; x_wconf 85' lang='lat' dir='ltr'>majo-</span> 
     </span>
    </p>
   </div>
   <div class='ocr_carea' id='block_1_17' title="bbox 433 1539 2084 1617">
    <p class='ocr_par' dir='ltr' id='par_1_17' title="bbox 433 1539 2084 1617">
     <span class='ocr_line' id='line_1_17' title="bbox 433 1539 2084 1617; baseline 0.004 -24"><span class='ocrx_word' id='word_1_109' title='bbox 433 1553 581 1594; x_wconf 88' lang='lat' dir='ltr'>rem.</span> <span class='ocrx_word' id='word_1_110' title='bbox 615 1539 740 1594; x_wconf 81' lang='lat' dir='ltr'>Non</span> <span class='ocrx_word' id='word_1_111' title='bbox 800 1546 939 1595; x_wconf 87' lang='lat' dir='ltr'>sunt</span> <span class='ocrx_word' id='word_1_112' title='bbox 995 1556 1130 1615; x_wconf 90' lang='lat' dir='ltr'>ergo</span> <span class='ocrx_word' id='word_1_113' title='bbox 1164 1543 1288 1598; x_wconf 72' lang='lat' dir='ltr'>haac</span> <span class='ocrx_word' id='word_1_114' title='bbox 1346 1545 1661 1614; x_wconf 84' lang='lat' dir='ltr'>contraria,</span> <span class='ocrx_word' id='word_1_115' title='bbox 1713 1546 1857 1616; x_wconf 89' lang='lat' dir='ltr'>quin</span> <span class='ocrx_word' id='word_1_116' title='bbox 1890 1547 2084 1617; x_wconf 86' lang='lat' dir='ltr'>potius</span> 
     </span>
    </p>
   </div>
   <div class='ocr_carea' id='block_1_18' title="bbox 438 1627 2082 1706">
    <p class='ocr_par' dir='ltr' id='par_1_18' title="bbox 438 1627 2082 1706">
     <span class='ocr_line' id='line_1_18' title="bbox 438 1627 2082 1706; baseline 0.005 -24"><span class='ocrx_word' id='word_1_117' title='bbox 438 1627 548 1682; x_wconf 89' lang='lat' dir='ltr'>sibi</span> <span class='ocrx_word' id='word_1_118' title='bbox 610 1629 860 1684; x_wconf 87' lang='lat' dir='ltr'>invicem</span> <span class='ocrx_word' id='word_1_119' title='bbox 897 1630 1075 1686; x_wconf 90' lang='lat' dir='ltr'>etiam</span> <span class='ocrx_word' id='word_1_120' title='bbox 1134 1632 1482 1688; x_wconf 83' lang='lat' dir='ltr'>conformia.</span> <span class='ocrx_word' id='word_1_121' title='bbox 1532 1636 1675 1688; x_wconf 80' lang='lat' dir='ltr'>Nam</span> <span class='ocrx_word' id='word_1_122' title='bbox 1710 1636 1811 1706; x_wconf 84' lang='lat' dir='ltr'>qui</span> <span class='ocrx_word' id='word_1_123' title='bbox 1845 1638 2082 1690; x_wconf 75' lang='lat' dir='ltr'>fratrem</span> 
     </span>
    </p>
   </div>
   <div class='ocr_carea' id='block_1_19' title="bbox 436 1717 2074 1797">
    <p class='ocr_par' dir='ltr' id='par_1_19' title="bbox 436 1717 2074 1797">
     <span class='ocr_line' id='line_1_19' title="bbox 436 1717 2074 1797; baseline 0.006 -25"><span class='ocrx_word' id='word_1_124' title='bbox 436 1733 609 1772; x_wconf 86' lang='lat' dir='ltr'>suum</span> <span class='ocrx_word' id='word_1_125' title='bbox 640 1717 1178 1790; x_wconf 89' lang='lat' dir='ltr'>diligit,Dominum</span> <span class='ocrx_word' id='word_1_126' title='bbox 1213 1739 1447 1794; x_wconf 91' lang='lat' dir='ltr'>quoque</span> <span class='ocrx_word' id='word_1_127' title='bbox 1472 1723 1748 1797; x_wconf 88' lang='lat' dir='ltr'>diligit,et</span> <span class='ocrx_word' id='word_1_128' title='bbox 1769 1725 2074 1782; x_wconf 78' lang='lat' dir='ltr'>ediverso.</span> 
     </span>
    </p>
   </div>
   <div class='ocr_carea' id='block_1_20' title="bbox 438 1806 2164 1902">
    <p class='ocr_par' dir='ltr' id='par_1_20' title="bbox 438 1806 2164 1902">
     <span class='ocr_line' id='line_1_20' title="bbox 438 1806 2164 1902; baseline 0.009 -48"><span class='ocrx_word' id='word_1_129' title='bbox 438 1827 465 1855; x_wconf 86' lang='grc'>‹‹</span> <span class='ocrx_word' id='word_1_130' title='bbox 501 1806 566 1861; x_wconf 90' lang='lat' dir='ltr'>1n</span> <span class='ocrx_word' id='word_1_131' title='bbox 599 1807 731 1874; x_wconf 90' lang='lat' dir='ltr'>hoc,</span> <span class='ocrx_word' id='word_1_132' title='bbox 757 1807 971 1878; x_wconf 89' lang='lat' dir='ltr'>inquit,</span> <span class='ocrx_word' id='word_1_133' title='bbox 1005 1819 1365 1881; x_wconf 89' lang='lat' dir='ltr'>cognoscent</span> <span class='ocrx_word' id='word_1_134' title='bbox 1403 1829 1609 1868; x_wconf 88' lang='lat' dir='ltr'>omnes</span> <span class='ocrx_word' id='word_1_135' title='bbox 1643 1813 1799 1884; x_wconf 91' lang='lat' dir='ltr'>quod</span> <span class='ocrx_word' id='word_1_136' title='bbox 1823 1814 1938 1869; x_wconf 89' lang='lat' dir='ltr'>mei</span> <span class='ocrx_word' id='word_1_137' title='bbox 1961 1814 2085 1869; x_wconf 88' lang='lat' dir='ltr'>dis-</span> <span class='ocrx_word' id='word_1_138' title='bbox 2117 1837 2164 1902; x_wconf 79' lang='grc' dir='ltr'><strong>Β</strong></span> 
     </span>
    </p>
   </div>
   <div class='ocr_carea' id='block_1_21' title="bbox 437 1895 2085 1974">
    <p class='ocr_par' dir='ltr' id='par_1_21' title="bbox 437 1895 2085 1974">
     <span class='ocr_line' id='line_1_21' title="bbox 437 1895 2085 1974; baseline 0.005 -23"><span class='ocrx_word' id='word_1_139' title='bbox 437 1895 618 1966; x_wconf 91' lang='lat' dir='ltr'>cipuli</span> <span class='ocrx_word' id='word_1_140' title='bbox 652 1896 782 1951; x_wconf 88' lang='lat' dir='ltr'>sitis</span> <span class='ocrx_word' id='word_1_141' title='bbox 814 1898 863 1952; x_wconf 89' lang='lat' dir='ltr'>si</span> <span class='ocrx_word' id='word_1_142' title='bbox 907 1897 1234 1954; x_wconf 81' lang='lat' dir='ltr'>dilexeritis</span> <span class='ocrx_word' id='word_1_143' title='bbox 1283 1901 1535 1958; x_wconf 76' lang='lat' dir='ltr'>invicem</span> <span class='ocrx_word' id='word_1_144' title='bbox 1566 1904 1630 1956; x_wconf 82' lang='grc'>³⁷.</span> <span class='ocrx_word' id='word_1_145' title='bbox 1673 1925 1700 1953; x_wconf 83' lang='grc'><strong>››</strong></span> <span class='ocrx_word' id='word_1_146' title='bbox 1736 1906 1865 1974; x_wconf 84' lang='lat' dir='ltr'>Ipse</span> <span class='ocrx_word' id='word_1_147' title='bbox 1907 1905 2085 1959; x_wconf 87' lang='lat' dir='ltr'>etiam</span> 
     </span>
    </p>
   </div>
   <div class='ocr_carea' id='block_1_22' title="bbox 437 1984 2082 2062">
    <p class='ocr_par' dir='ltr' id='par_1_22' title="bbox 437 1984 2082 2062">
     <span class='ocr_line' id='line_1_22' title="bbox 437 1984 2082 2062; baseline 0.003 -24"><span class='ocrx_word' id='word_1_148' title='bbox 437 1984 657 2039; x_wconf 82' lang='lat' dir='ltr'>Paulus</span> <span class='ocrx_word' id='word_1_149' title='bbox 693 1984 839 2040; x_wconf 91' lang='lat' dir='ltr'>dicit</span> <span class='ocrx_word' id='word_1_150' title='bbox 869 2003 879 2039; x_wconf 93' lang='lat'>:</span> <span class='ocrx_word' id='word_1_151' title='bbox 915 2009 940 2035; x_wconf 86' lang='grc'><em>‹‹</em></span> <span class='ocrx_word' id='word_1_152' title='bbox 979 1987 1292 2045; x_wconf 86' lang='lat' dir='ltr'>Plenitudo</span> <span class='ocrx_word' id='word_1_153' title='bbox 1347 1991 1493 2062; x_wconf 86' lang='lat' dir='ltr'>legis</span> <span class='ocrx_word' id='word_1_154' title='bbox 1545 1996 1635 2046; x_wconf 87' lang='lat' dir='ltr'>est</span> <span class='ocrx_word' id='word_1_155' title='bbox 1688 1992 1926 2048; x_wconf 84' lang='lat' dir='ltr'>dilectio</span> <span class='ocrx_word' id='word_1_156' title='bbox 1957 1991 2024 2046; x_wconf 77' lang='lat'>38.</span> <span class='ocrx_word' id='word_1_157' title='bbox 2054 2015 2082 2044; x_wconf 85' lang='grc'><strong>››</strong></span> 
     </span>
    </p>
   </div>
   <div class='ocr_carea' id='block_1_23' title="bbox 437 2072 2083 2152">
    <p class='ocr_par' dir='ltr' id='par_1_23' title="bbox 437 2072 2083 2152">
     <span class='ocr_line' id='line_1_23' title="bbox 437 2072 2083 2152; baseline 0.006 -26"><span class='ocrx_word' id='word_1_158' title='bbox 437 2072 812 2143; x_wconf 82' lang='lat' dir='ltr'>Rursumque</span> <span class='ocrx_word' id='word_1_159' title='bbox 835 2074 1122 2130; x_wconf 87' lang='lat' dir='ltr'>Dominus</span> <span class='ocrx_word' id='word_1_160' title='bbox 1146 2076 1216 2132; x_wconf 91' lang='lat' dir='ltr'>de</span> <span class='ocrx_word' id='word_1_161' title='bbox 1239 2077 1554 2134; x_wconf 89' lang='lat' dir='ltr'>dilectione</span> <span class='ocrx_word' id='word_1_162' title='bbox 1579 2080 1638 2134; x_wconf 91' lang='lat' dir='ltr'>in</span> <span class='ocrx_word' id='word_1_163' title='bbox 1658 2081 1843 2136; x_wconf 92' lang='lat' dir='ltr'>Deum</span> <span class='ocrx_word' id='word_1_164' title='bbox 1876 2087 1932 2136; x_wconf 85' lang='lat' dir='ltr'>et</span> <span class='ocrx_word' id='word_1_165' title='bbox 1949 2099 2083 2152; x_wconf 87' lang='lat' dir='ltr'>pro-</span> 
     </span>
    </p>
   </div>
   <div class='ocr_carea' id='block_1_24' title="bbox 435 2160 2089 2241">
    <p class='ocr_par' dir='ltr' id='par_1_24' title="bbox 435 2160 2089 2241">
     <span class='ocr_line' id='line_1_24' title="bbox 435 2160 2089 2241; baseline 0.006 -25"><span class='ocrx_word' id='word_1_166' title='bbox 435 2160 662 2216; x_wconf 81' lang='lat' dir='ltr'>ximum</span> <span class='ocrx_word' id='word_1_167' title='bbox 695 2178 708 2216; x_wconf 91' lang='lat'>:</span> <span class='ocrx_word' id='word_1_168' title='bbox 737 2187 756 2210; x_wconf 77' lang='grc' dir='ltr'>α</span> <span class='ocrx_word' id='word_1_169' title='bbox 784 2163 850 2218; x_wconf 91' lang='lat' dir='ltr'>In</span> <span class='ocrx_word' id='word_1_170' title='bbox 884 2162 1460 2237; x_wconf 89' lang='lat' dir='ltr'>his,inquit,duobus</span> <span class='ocrx_word' id='word_1_171' title='bbox 1479 2170 1791 2241; x_wconf 68' lang='lat' dir='ltr'>praeceptis</span> <span class='ocrx_word' id='word_1_172' title='bbox 1813 2171 2089 2226; x_wconf 84' lang='lat' dir='ltr'>universa</span> 
     </span>
    </p>
   </div>
   <div class='ocr_carea' id='block_1_25' title="bbox 438 2249 2090 2332">
    <p class='ocr_par' dir='ltr' id='par_1_25' title="bbox 438 2249 2090 2332">
     <span class='ocr_line' id='line_1_25' title="bbox 438 2249 2090 2332; baseline 0.005 -26"><span class='ocrx_word' id='word_1_173' title='bbox 438 2249 532 2306; x_wconf 82' lang='lat' dir='ltr'>lex</span> <span class='ocrx_word' id='word_1_174' title='bbox 583 2255 642 2306; x_wconf 93' lang='lat' dir='ltr'>et</span> <span class='ocrx_word' id='word_1_175' title='bbox 683 2254 986 2324; x_wconf 72' lang='lat' dir='ltr'>prophetas</span> <span class='ocrx_word' id='word_1_176' title='bbox 1027 2256 1290 2326; x_wconf 90' lang='lat' dir='ltr'>pendent</span> <span class='ocrx_word' id='word_1_177' title='bbox 1318 2258 1383 2325; x_wconf 73' lang='lat'>3’,</span> <span class='ocrx_word' id='word_1_178' title='bbox 1418 2281 1444 2306; x_wconf 85' lang='grc'><strong>››</strong></span> <span class='ocrx_word' id='word_1_179' title='bbox 1473 2259 1619 2314; x_wconf 67' lang='grc'>321</span> <span class='ocrx_word' id='word_1_180' title='bbox 1658 2265 1721 2312; x_wconf 91' lang='lat' dir='ltr'>ut</span> <span class='ocrx_word' id='word_1_181' title='bbox 1750 2276 1880 2330; x_wconf 70' lang='lat' dir='ltr'>quae</span> <span class='ocrx_word' id='word_1_182' title='bbox 1913 2265 2090 2332; x_wconf 90' lang='lat' dir='ltr'>caput</span> 
     </span>
    </p>
   </div>
   <div class='ocr_carea' id='block_1_26' title="bbox 441 2341 2087 2414">
    <p class='ocr_par' dir='ltr' id='par_1_26' title="bbox 441 2341 2087 2414">
     <span class='ocr_line' id='line_1_26' title="bbox 441 2341 2087 2414; baseline 0.006 -20"><span class='ocrx_word' id='word_1_183' title='bbox 441 2345 583 2395; x_wconf 88' lang='lat' dir='ltr'>sunt</span> <span class='ocrx_word' id='word_1_184' title='bbox 608 2341 878 2398; x_wconf 89' lang='lat' dir='ltr'>omnium</span> <span class='ocrx_word' id='word_1_185' title='bbox 911 2343 1533 2414; x_wconf 87' lang='lat' dir='ltr'>aliorum,dilectionis</span> <span class='ocrx_word' id='word_1_186' title='bbox 1565 2355 1624 2404; x_wconf 91' lang='lat' dir='ltr'>et</span> <span class='ocrx_word' id='word_1_187' title='bbox 1652 2348 1713 2404; x_wconf 86' lang='lat' dir='ltr'>in</span> <span class='ocrx_word' id='word_1_188' title='bbox 1737 2349 1922 2404; x_wconf 90' lang='lat' dir='ltr'>Deum</span> <span class='ocrx_word' id='word_1_189' title='bbox 1949 2355 2006 2404; x_wconf 91' lang='lat' dir='ltr'>et</span> <span class='ocrx_word' id='word_1_190' title='bbox 2027 2349 2087 2405; x_wconf 89' lang='lat' dir='ltr'>in</span> 
     </span>
    </p>
   </div>
   <div class='ocr_carea' id='block_1_27' title="bbox 441 2429 795 2500">
    <p class='ocr_par' dir='ltr' id='par_1_27' title="bbox 441 2429 795 2500">
     <span class='ocr_line' id='line_1_27' title="bbox 441 2429 795 2500; baseline 0 -16"><span class='ocrx_word' id='word_1_191' title='bbox 441 2429 795 2500; x_wconf 81' lang='lat' dir='ltr'>proximum.</span> 
     </span>
    </p>
   </div>
   <div class='ocr_carea' id='block_1_28' title="bbox 516 2518 2091 2596">
    <p class='ocr_par' dir='ltr' id='par_1_28' title="bbox 516 2518 2091 2596">
     <span class='ocr_line' id='line_1_28' title="bbox 516 2518 2091 2596; baseline 0.006 -24"><span class='ocrx_word' id='word_1_192' title='bbox 516 2518 727 2590; x_wconf 90' lang='lat' dir='ltr'>Utique</span> <span class='ocrx_word' id='word_1_193' title='bbox 772 2520 928 2575; x_wconf 86' lang='lat' dir='ltr'>dicet</span> <span class='ocrx_word' id='word_1_194' title='bbox 977 2522 1242 2595; x_wconf 82' lang='lat' dir='ltr'>aliquis:</span> <span class='ocrx_word' id='word_1_195' title='bbox 1289 2525 1462 2596; x_wconf 77' lang='lat' dir='ltr'>Atqui</span> <span class='ocrx_word' id='word_1_196' title='bbox 1520 2526 1632 2582; x_wconf 89' lang='lat' dir='ltr'>hoc</span> <span class='ocrx_word' id='word_1_197' title='bbox 1689 2527 1818 2582; x_wconf 91' lang='lat' dir='ltr'>loco</span> <span class='ocrx_word' id='word_1_198' title='bbox 1860 2525 2091 2582; x_wconf 84' lang='lat' dir='ltr'>videtur</span> 
     </span>
    </p>
   </div>
   <div class='ocr_carea' id='block_1_29' title="bbox 441 2610 2093 2683">
    <p class='ocr_par' dir='ltr' id='par_1_29' title="bbox 441 2610 2093 2683">
     <span class='ocr_line' id='line_1_29' title="bbox 441 2610 2093 2683; baseline 0.006 -22"><span class='ocrx_word' id='word_1_199' title='bbox 441 2623 790 2679; x_wconf 74' lang='lat' dir='ltr'>praeponere</span> <span class='ocrx_word' id='word_1_200' title='bbox 805 2610 1181 2666; x_wconf 84' lang='lat' dir='ltr'>dilectionem</span> <span class='ocrx_word' id='word_1_201' title='bbox 1202 2615 1605 2683; x_wconf 83' lang='lat' dir='ltr'>proximorum</span> <span class='ocrx_word' id='word_1_202' title='bbox 1623 2615 1929 2670; x_wconf 92' lang='lat' dir='ltr'>dilectioni</span> <span class='ocrx_word' id='word_1_203' title='bbox 1954 2632 2093 2683; x_wconf 77' lang='lat' dir='ltr'>erga</span> 
     </span>
    </p>
   </div>
   <div class='ocr_carea' id='block_1_30' title="bbox 442 2697 2087 2775">
    <p class='ocr_par' dir='ltr' id='par_1_30' title="bbox 442 2697 2087 2775">
     <span class='ocr_line' id='line_1_30' title="bbox 442 2697 2087 2775; baseline 0.007 -24"><span class='ocrx_word' id='word_1_204' title='bbox 442 2697 629 2752; x_wconf 90' lang='lat' dir='ltr'>Deum</span> <span class='ocrx_word' id='word_1_205' title='bbox 663 2716 676 2754; x_wconf 90' lang='lat'><strong>:</strong></span> <span class='ocrx_word' id='word_1_206' title='bbox 713 2701 948 2755; x_wconf 86' lang='lat' dir='ltr'>ethunc</span> <span class='ocrx_word' id='word_1_207' title='bbox 981 2708 1144 2772; x_wconf 84' lang='lat' dir='ltr'>optat</span> <span class='ocrx_word' id='word_1_208' title='bbox 1177 2720 1412 2775; x_wconf 86' lang='lat' dir='ltr'>negare,</span> <span class='ocrx_word' id='word_1_209' title='bbox 1447 2711 1511 2759; x_wconf 89' lang='lat' dir='ltr'>ut</span> <span class='ocrx_word' id='word_1_210' title='bbox 1542 2705 1677 2759; x_wconf 91' lang='lat' dir='ltr'>illos</span> <span class='ocrx_word' id='word_1_211' title='bbox 1715 2705 2043 2760; x_wconf 79' lang='lat' dir='ltr'>lucrifaciat</span> <span class='ocrx_word' id='word_1_212' title='bbox 2073 2722 2087 2762; x_wconf 88' lang='lat'>:</span> 
     </span>
    </p>
   </div>
   <div class='ocr_carea' id='block_1_31' title="bbox 439 2785 2090 2864">
    <p class='ocr_par' dir='ltr' id='par_1_31' title="bbox 439 2785 2090 2864">
     <span class='ocr_line' id='line_1_31' title="bbox 439 2785 2090 2864; baseline 0.005 -25"><span class='ocrx_word' id='word_1_213' title='bbox 439 2785 707 2842; x_wconf 84' lang='lat' dir='ltr'>Christus</span> <span class='ocrx_word' id='word_1_214' title='bbox 730 2804 863 2843; x_wconf 79' lang='lat' dir='ltr'>vero</span> <span class='ocrx_word' id='word_1_215' title='bbox 897 2789 1077 2844; x_wconf 89' lang='lat' dir='ltr'>dicit:</span> <span class='ocrx_word' id='word_1_216' title='bbox 1111 2816 1135 2839; x_wconf 76' lang='grc' dir='ltr'>«ι</span> <span class='ocrx_word' id='word_1_217' title='bbox 1165 2792 1269 2856; x_wconf 87' lang='lat' dir='ltr'>Qui</span> <span class='ocrx_word' id='word_1_218' title='bbox 1295 2799 1455 2847; x_wconf 87' lang='lat' dir='ltr'>amat</span> <span class='ocrx_word' id='word_1_219' title='bbox 1479 2799 1704 2864; x_wconf 87' lang='lat' dir='ltr'>patrem</span> <span class='ocrx_word' id='word_1_220' title='bbox 1725 2800 2090 2848; x_wconf 87' lang='lat' dir='ltr'>autmatrem</span> 
     </span>
    </p>
   </div>
   <div class='ocr_carea' id='block_1_32' title="bbox 439 2879 2093 2954">
    <p class='ocr_par' dir='ltr' id='par_1_32' title="bbox 439 2879 2093 2954">
     <span class='ocr_line' id='line_1_32' title="bbox 439 2879 2093 2954; baseline 0.006 -25"><span class='ocrx_word' id='word_1_221' title='bbox 439 2890 618 2945; x_wconf 89' lang='lat' dir='ltr'>supra</span> <span class='ocrx_word' id='word_1_222' title='bbox 648 2892 763 2944; x_wconf 90' lang='lat' dir='ltr'>me,</span> <span class='ocrx_word' id='word_1_223' title='bbox 792 2894 911 2932; x_wconf 88' lang='lat' dir='ltr'>non</span> <span class='ocrx_word' id='word_1_224' title='bbox 937 2885 1026 2932; x_wconf 89' lang='lat' dir='ltr'>est</span> <span class='ocrx_word' id='word_1_225' title='bbox 1046 2879 1260 2951; x_wconf 86' lang='lat' dir='ltr'>dignus</span> <span class='ocrx_word' id='word_1_226' title='bbox 1282 2880 1352 2936; x_wconf 64' lang='lat'>4°.</span> <span class='ocrx_word' id='word_1_227' title='bbox 1371 2904 1394 2932; x_wconf 73' lang='grc' dir='ltr'>ν</span> <span class='ocrx_word' id='word_1_228' title='bbox 1416 2887 1489 2936; x_wconf 82' lang='lat' dir='ltr'>At</span> <span class='ocrx_word' id='word_1_229' title='bbox 1521 2899 1640 2938; x_wconf 89' lang='lat' dir='ltr'>non</span> <span class='ocrx_word' id='word_1_230' title='bbox 1671 2889 1759 2938; x_wconf 91' lang='lat' dir='ltr'>est</span> <span class='ocrx_word' id='word_1_231' title='bbox 1781 2883 1892 2938; x_wconf 89' lang='lat' dir='ltr'>hoc</span> <span class='ocrx_word' id='word_1_232' title='bbox 1913 2900 2093 2954; x_wconf 88' lang='lat' dir='ltr'>supra</span> 
     </span>
    </p>
   </div>
   <div class='ocr_carea' id='block_1_33' title="bbox 438 2963 2092 3045">
    <p class='ocr_par' dir='ltr' id='par_1_33' title="bbox 438 2963 2092 3045">
     <span class='ocr_line' id='line_1_33' title="bbox 438 2963 2092 3045; baseline 0.007 -27"><span class='ocrx_word' id='word_1_233' title='bbox 438 2963 739 3020; x_wconf 90' lang='lat' dir='ltr'>Christum</span> <span class='ocrx_word' id='word_1_234' title='bbox 766 2969 1135 3023; x_wconf 81' lang='lat' dir='ltr'>amare.Nam</span> <span class='ocrx_word' id='word_1_235' title='bbox 1164 2969 1306 3041; x_wconf 90' lang='lat' dir='ltr'>quid</span> <span class='ocrx_word' id='word_1_236' title='bbox 1336 2977 1459 3027; x_wconf 88' lang='lat' dir='ltr'>erat</span> <span class='ocrx_word' id='word_1_237' title='bbox 1483 2971 1616 3028; x_wconf 92' lang='lat' dir='ltr'>illos</span> <span class='ocrx_word' id='word_1_238' title='bbox 1644 2972 2092 3045; x_wconf 85' lang='lat' dir='ltr'>amare?nempe</span> 
     </span>
    </p>
   </div>
   <div class='ocr_carea' id='block_1_34' title="bbox 436 3052 2090 3136">
    <p class='ocr_par' dir='ltr' id='par_1_34' title="bbox 436 3052 2090 3136">
     <span class='ocr_line' id='line_1_34' title="bbox 436 3052 2090 3136; baseline 0.007 -29"><span class='ocrx_word' id='word_1_239' title='bbox 436 3052 764 3111; x_wconf 87' lang='lat' dir='ltr'>familiares</span> <span class='ocrx_word' id='word_1_240' title='bbox 819 3057 954 3112; x_wconf 85' lang='lat' dir='ltr'>illos</span> <span class='ocrx_word' id='word_1_241' title='bbox 1013 3059 1248 3116; x_wconf 83' lang='lat' dir='ltr'>el&#39;licere</span> <span class='ocrx_word' id='word_1_242' title='bbox 1307 3061 1559 3117; x_wconf 85' lang='lat' dir='ltr'>Christo.</span> <span class='ocrx_word' id='word_1_243' title='bbox 1613 3063 1918 3129; x_wconf 88' lang='lat' dir='ltr'>Quomodo</span> <span class='ocrx_word' id='word_1_244' title='bbox 1953 3080 2090 3136; x_wconf 90' lang='lat' dir='ltr'>ergo</span> 
     </span>
    </p>
   </div>
   <div class='ocr_carea' id='block_1_35' title="bbox 441 3145 2090 3222">
    <p class='ocr_par' dir='ltr' id='par_1_35' title="bbox 441 3145 2090 3222">
     <span class='ocr_line' id='line_1_35' title="bbox 441 3145 2090 3222; baseline 0.007 -24"><span class='ocrx_word' id='word_1_245' title='bbox 441 3150 643 3216; x_wconf 88' lang='lat' dir='ltr'>posset</span> <span class='ocrx_word' id='word_1_246' title='bbox 672 3145 808 3202; x_wconf 92' lang='lat' dir='ltr'>illos</span> <span class='ocrx_word' id='word_1_247' title='bbox 838 3163 1036 3205; x_wconf 90' lang='lat' dir='ltr'>amare</span> <span class='ocrx_word' id='word_1_248' title='bbox 1088 3167 1267 3221; x_wconf 88' lang='lat' dir='ltr'>supra</span> <span class='ocrx_word' id='word_1_249' title='bbox 1313 3152 1633 3222; x_wconf 85' lang='lat' dir='ltr'>Christum,</span> <span class='ocrx_word' id='word_1_250' title='bbox 1667 3171 1800 3210; x_wconf 90' lang='lat' dir='ltr'>cum</span> <span class='ocrx_word' id='word_1_251' title='bbox 1850 3153 1986 3209; x_wconf 89' lang='lat' dir='ltr'>illos</span> <span class='ocrx_word' id='word_1_252' title='bbox 2016 3152 2090 3209; x_wconf 86' lang='lat' dir='ltr'>ad</span> 
     </span>
    </p>
   </div>
   <div class='ocr_carea' id='block_1_36' title="bbox 446 3201 2172 3299">
    <p class='ocr_par' dir='ltr' id='par_1_36' title="bbox 446 3201 2172 3299">
     <span class='ocr_line' id='line_1_36' title="bbox 446 3201 2172 3299; baseline 0.004 -9"><span class='ocrx_word' id='word_1_253' title='bbox 446 3201 663 3290; x_wconf 65' lang='lat' dir='ltr'>Christi</span> <span class='ocrx_word' id='word_1_254' title='bbox 695 3251 958 3293; x_wconf 89' lang='lat' dir='ltr'>amorem</span> <span class='ocrx_word' id='word_1_255' title='bbox 982 3255 1049 3293; x_wconf 85' lang='lat' dir='ltr'>ac</span> <span class='ocrx_word' id='word_1_256' title='bbox 1081 3201 1480 3297; x_wconf 66' lang='lat' dir='ltr'>obedientiam</span> <span class='ocrx_word' id='word_1_257' title='bbox 1513 3201 1748 3299; x_wconf 73' lang='lat' dir='ltr'>trahere</span> <span class='ocrx_word' id='word_1_258' title='bbox 1770 3242 2092 3299; x_wconf 84' lang='lat' dir='ltr'>studebat?</span> <span class='ocrx_word' id='word_1_259' title='bbox 2131 3201 2172 3267; x_wconf 69' lang='grc' dir='ltr'>Ο</span> 
     </span>
    </p>
   </div>
   <div class='ocr_carea' id='block_1_37' title="bbox 453 3322 2102 3402">
    <p class='ocr_par' dir='ltr' id='par_1_37' title="bbox 453 3322 2102 3402">
     <span class='ocr_line' id='line_1_37' title="bbox 453 3322 2102 3402; baseline 0.007 -27"><span class='ocrx_word' id='word_1_260' title='bbox 453 3322 633 3394; x_wconf 87' lang='lat' dir='ltr'>Magis</span> <span class='ocrx_word' id='word_1_261' title='bbox 666 3326 824 3380; x_wconf 89' lang='lat' dir='ltr'>enim</span> <span class='ocrx_word' id='word_1_262' title='bbox 848 3332 937 3381; x_wconf 89' lang='lat' dir='ltr'>est</span> <span class='ocrx_word' id='word_1_263' title='bbox 971 3327 1211 3383; x_wconf 85' lang='lat' dir='ltr'>verbum</span> <span class='ocrx_word' id='word_1_264' title='bbox 1240 3331 1507 3402; x_wconf 78' lang='lat' dir='ltr'>ejus,qui</span> <span class='ocrx_word' id='word_1_265' title='bbox 1541 3332 1823 3388; x_wconf 83' lang='lat' dir='ltr'>eximium</span> <span class='ocrx_word' id='word_1_266' title='bbox 1841 3332 2102 3388; x_wconf 90' lang='lat' dir='ltr'>ostendit</span> 
     </span>
    </p>
   </div>
   <div class='ocr_carea' id='block_1_38' title="bbox 455 3416 2104 3494">
    <p class='ocr_par' dir='ltr' id='par_1_38' title="bbox 455 3416 2104 3494">
     <span class='ocr_line' id='line_1_38' title="bbox 455 3416 2104 3494; baseline 0.005 -26"><span class='ocrx_word' id='word_1_267' title='bbox 455 3428 719 3468; x_wconf 84' lang='lat' dir='ltr'>amorem</span> <span class='ocrx_word' id='word_1_268' title='bbox 747 3431 924 3484; x_wconf 90' lang='lat' dir='ltr'>quem</span> <span class='ocrx_word' id='word_1_269' title='bbox 959 3416 1214 3473; x_wconf 88' lang='lat' dir='ltr'>habebat</span> <span class='ocrx_word' id='word_1_270' title='bbox 1235 3436 1370 3492; x_wconf 89' lang='lat' dir='ltr'>erga</span> <span class='ocrx_word' id='word_1_271' title='bbox 1400 3421 2007 3494; x_wconf 87' lang='lat' dir='ltr'>Christum,quoniam</span> <span class='ocrx_word' id='word_1_272' title='bbox 2031 3423 2104 3477; x_wconf 89' lang='lat' dir='ltr'>si-</span> 
     </span>
    </p>
   </div>
   <div class='ocr_carea' id='block_1_39' title="bbox 457 3500 2102 3582">
    <p class='ocr_par' dir='ltr' id='par_1_39' title="bbox 457 3500 2102 3582">
     <span class='ocr_line' id='line_1_39' title="bbox 457 3500 2102 3582; baseline 0.004 -25"><span class='ocrx_word' id='word_1_273' title='bbox 457 3500 584 3557; x_wconf 87' lang='lat' dir='ltr'>mul</span> <span class='ocrx_word' id='word_1_274' title='bbox 616 3506 676 3555; x_wconf 86' lang='lat' dir='ltr'>et</span> <span class='ocrx_word' id='word_1_275' title='bbox 695 3501 843 3558; x_wconf 87' lang='lat' dir='ltr'>alios</span> <span class='ocrx_word' id='word_1_276' title='bbox 866 3504 938 3559; x_wconf 89' lang='lat' dir='ltr'>ad</span> <span class='ocrx_word' id='word_1_277' title='bbox 962 3505 1154 3576; x_wconf 91' lang='lat' dir='ltr'>ipsum</span> <span class='ocrx_word' id='word_1_278' title='bbox 1178 3508 1967 3582; x_wconf 84' lang='lat' dir='ltr'>impellebat.Recte,inquit,</span> <span class='ocrx_word' id='word_1_279' title='bbox 1986 3510 2102 3565; x_wconf 89' lang='lat' dir='ltr'>nisi</span> 
     </span>
    </p>
   </div>
   <div class='ocr_carea' id='block_1_40' title="bbox 458 3589 2102 3672">
    <p class='ocr_par' dir='ltr' id='par_1_40' title="bbox 458 3589 2102 3672">
     <span class='ocr_line' id='line_1_40' title="bbox 458 3589 2102 3672; baseline 0.006 -27"><span class='ocrx_word' id='word_1_280' title='bbox 458 3589 723 3661; x_wconf 89' lang='lat' dir='ltr'>seipsum</span> <span class='ocrx_word' id='word_1_281' title='bbox 779 3608 811 3646; x_wconf 89' lang='lat' dir='ltr'>a</span> <span class='ocrx_word' id='word_1_282' title='bbox 864 3594 1094 3650; x_wconf 87' lang='lat' dir='ltr'>Christo</span> <span class='ocrx_word' id='word_1_283' title='bbox 1128 3605 1449 3669; x_wconf 86' lang='lat' dir='ltr'>separaret,</span> <span class='ocrx_word' id='word_1_284' title='bbox 1493 3599 1696 3655; x_wconf 87' lang='lat' dir='ltr'>dicens</span> <span class='ocrx_word' id='word_1_285' title='bbox 1728 3618 1741 3655; x_wconf 91' lang='lat'>:</span> <span class='ocrx_word' id='word_1_286' title='bbox 1777 3624 1804 3650; x_wconf 82' lang='lat'><strong>«</strong></span> <span class='ocrx_word' id='word_1_287' title='bbox 1838 3601 2102 3672; x_wconf 89' lang='lat' dir='ltr'>Optarim</span> 
     </span>
    </p>
   </div>
   <div class='ocr_carea' id='block_1_41' title="bbox 461 3679 2102 3761">
    <p class='ocr_par' dir='ltr' id='par_1_41' title="bbox 461 3679 2102 3761">
     <span class='ocr_line' id='line_1_41' title="bbox 461 3679 2102 3761; baseline 0.006 -27"><span class='ocrx_word' id='word_1_288' title='bbox 461 3695 567 3752; x_wconf 88' lang='lat' dir='ltr'>ego</span> <span class='ocrx_word' id='word_1_289' title='bbox 599 3679 748 3751; x_wconf 82' lang='lat' dir='ltr'>ipse.</span> <span class='ocrx_word' id='word_1_290' title='bbox 771 3701 795 3726; x_wconf 75' lang='grc' dir='ltr'>ιι</span> <span class='ocrx_word' id='word_1_291' title='bbox 826 3687 935 3737; x_wconf 91' lang='lat' dir='ltr'>etc.</span> <span class='ocrx_word' id='word_1_292' title='bbox 961 3684 1108 3748; x_wconf 90' lang='lat' dir='ltr'>Quid</span> <span class='ocrx_word' id='word_1_293' title='bbox 1143 3702 1278 3759; x_wconf 88' lang='lat' dir='ltr'>ergo</span> <span class='ocrx_word' id='word_1_294' title='bbox 1310 3687 1619 3745; x_wconf 87' lang='lat' dir='ltr'>dicemus?</span> <span class='ocrx_word' id='word_1_295' title='bbox 1641 3689 1737 3744; x_wconf 90' lang='lat' dir='ltr'>Vel</span> <span class='ocrx_word' id='word_1_296' title='bbox 1756 3688 1911 3761; x_wconf 92' lang='lat' dir='ltr'>quod</span> <span class='ocrx_word' id='word_1_297' title='bbox 1937 3689 2102 3745; x_wconf 89' lang='lat' dir='ltr'>nullo</span> 
     </span>
    </p>
   </div>
   <div class='ocr_carea' id='block_1_42' title="bbox 459 3767 2103 3850">
    <p class='ocr_par' dir='ltr' id='par_1_42' title="bbox 459 3767 2103 3850">
     <span class='ocr_line' id='line_1_42' title="bbox 459 3767 2103 3850; baseline 0.005 -25"><span class='ocrx_word' id='word_1_298' title='bbox 459 3767 636 3825; x_wconf 90' lang='lat' dir='ltr'>modo</span> <span class='ocrx_word' id='word_1_299' title='bbox 665 3770 927 3842; x_wconf 86' lang='lat' dir='ltr'>seipsum</span> <span class='ocrx_word' id='word_1_300' title='bbox 957 3775 1288 3845; x_wconf 85' lang='lat' dir='ltr'>separabat,</span> <span class='ocrx_word' id='word_1_301' title='bbox 1314 3793 1509 3848; x_wconf 88' lang='lat' dir='ltr'>neque</span> <span class='ocrx_word' id='word_1_302' title='bbox 1542 3778 1700 3833; x_wconf 92' lang='lat' dir='ltr'>enim</span> <span class='ocrx_word' id='word_1_303' title='bbox 1729 3778 1878 3834; x_wconf 78' lang='lat' dir='ltr'>dixit</span> <span class='ocrx_word' id='word_1_304' title='bbox 1910 3796 1922 3833; x_wconf 93' lang='lat'>:</span> <span class='ocrx_word' id='word_1_305' title='bbox 1956 3779 2103 3850; x_wconf 91' lang='lat' dir='ltr'>Opto</span> 
     </span>
    </p>
   </div>
   <div class='ocr_carea' id='block_1_43' title="bbox 455 3857 2103 3940">
    <p class='ocr_par' dir='ltr' id='par_1_43' title="bbox 455 3857 2103 3940">
     <span class='ocr_line' id='line_1_43' title="bbox 455 3857 2103 3940; baseline 0.007 -26"><span class='ocrx_word' id='word_1_306' title='bbox 455 3857 568 3914; x_wconf 91' lang='lat' dir='ltr'>hoc</span> <span class='ocrx_word' id='word_1_307' title='bbox 602 3859 751 3929; x_wconf 81' lang='lat' dir='ltr'>ﬁeri,</span> <span class='ocrx_word' id='word_1_308' title='bbox 786 3861 891 3918; x_wconf 91' lang='lat' dir='ltr'>sed</span> <span class='ocrx_word' id='word_1_309' title='bbox 919 3863 1194 3920; x_wconf 87' lang='lat' dir='ltr'>ardorem</span> <span class='ocrx_word' id='word_1_310' title='bbox 1227 3866 1578 3924; x_wconf 88' lang='lat' dir='ltr'>ostendebat</span> <span class='ocrx_word' id='word_1_311' title='bbox 1616 3868 1894 3924; x_wconf 89' lang='lat' dir='ltr'>desiderii</span> <span class='ocrx_word' id='word_1_312' title='bbox 1925 3885 2103 3940; x_wconf 89' lang='lat' dir='ltr'>quem</span> 
     </span>
    </p>
   </div>
   <div class='ocr_carea' id='block_1_44' title="bbox 456 3950 2102 4032">
    <p class='ocr_par' dir='ltr' id='par_1_44' title="bbox 456 3950 2102 4032">
     <span class='ocr_line' id='line_1_44' title="bbox 456 3950 2102 4032; baseline 0.006 -29"><span class='ocrx_word' id='word_1_313' title='bbox 456 3964 593 4020; x_wconf 83' lang='lat' dir='ltr'>erga</span> <span class='ocrx_word' id='word_1_314' title='bbox 621 3950 921 4007; x_wconf 89' lang='lat' dir='ltr'>Christum</span> <span class='ocrx_word' id='word_1_315' title='bbox 955 3953 1230 4024; x_wconf 85' lang='lat' dir='ltr'>habebat,</span> <span class='ocrx_word' id='word_1_316' title='bbox 1263 3974 1330 4012; x_wconf 89' lang='lat' dir='ltr'>ac</span> <span class='ocrx_word' id='word_1_317' title='bbox 1361 3957 1622 4013; x_wconf 89' lang='lat' dir='ltr'>studium</span> <span class='ocrx_word' id='word_1_318' title='bbox 1665 3975 1780 4030; x_wconf 93' lang='lat' dir='ltr'>quo</span> <span class='ocrx_word' id='word_1_319' title='bbox 1811 3975 1873 4015; x_wconf 90' lang='lat' dir='ltr'>se</span> <span class='ocrx_word' id='word_1_320' title='bbox 1909 3958 2102 4032; x_wconf 86' lang='lat' dir='ltr'>despi-</span> 
     </span>
    </p>
   </div>
   <div class='ocr_carea' id='block_1_45' title="bbox 458 4036 2104 4119">
    <p class='ocr_par' dir='ltr' id='par_1_45' title="bbox 458 4036 2104 4119">
     <span class='ocr_line' id='line_1_45' title="bbox 458 4036 2104 4119; baseline 0.009 -30"><span class='ocrx_word' id='word_1_321' title='bbox 458 4036 674 4106; x_wconf 88' lang='lat' dir='ltr'>ciebat,</span> <span class='ocrx_word' id='word_1_322' title='bbox 710 4045 776 4093; x_wconf 92' lang='lat' dir='ltr'>ut</span> <span class='ocrx_word' id='word_1_323' title='bbox 803 4057 1010 4097; x_wconf 83' lang='lat' dir='ltr'>omnes</span> <span class='ocrx_word' id='word_1_324' title='bbox 1041 4043 1116 4098; x_wconf 89' lang='lat' dir='ltr'>ad</span> <span class='ocrx_word' id='word_1_325' title='bbox 1147 4045 1339 4114; x_wconf 90' lang='lat' dir='ltr'>ipsum</span> <span class='ocrx_word' id='word_1_326' title='bbox 1373 4046 2104 4119; x_wconf 87' lang='lat' dir='ltr'>adduceret,maximeque</span> 
     </span>
    </p>
   </div>
   <div class='ocr_carea' id='block_1_46' title="bbox 458 4124 2106 4208">
    <p class='ocr_par' dir='ltr' id='par_1_46' title="bbox 458 4124 2106 4208">
     <span class='ocr_line' id='line_1_46' title="bbox 458 4124 2106 4208; baseline 0.008 -30"><span class='ocrx_word' id='word_1_327' title='bbox 458 4124 712 4182; x_wconf 57' lang='lat' dir='ltr'>Judmos.</span> <span class='ocrx_word' id='word_1_328' title='bbox 747 4130 888 4184; x_wconf 86' lang='lat' dir='ltr'>Nam</span> <span class='ocrx_word' id='word_1_329' title='bbox 926 4136 982 4184; x_wconf 89' lang='lat' dir='ltr'>et</span> <span class='ocrx_word' id='word_1_330' title='bbox 1012 4132 1070 4186; x_wconf 91' lang='lat' dir='ltr'>hi</span> <span class='ocrx_word' id='word_1_331' title='bbox 1104 4136 1339 4204; x_wconf 84' lang='lat' dir='ltr'>cognati</span> <span class='ocrx_word' id='word_1_332' title='bbox 1373 4143 1543 4191; x_wconf 90' lang='lat' dir='ltr'>erant</span> <span class='ocrx_word' id='word_1_333' title='bbox 1568 4143 1627 4191; x_wconf 91' lang='lat' dir='ltr'>et</span> <span class='ocrx_word' id='word_1_334' title='bbox 1655 4136 1979 4208; x_wconf 88' lang='lat' dir='ltr'>plurimum</span> <span class='ocrx_word' id='word_1_335' title='bbox 2013 4153 2106 4191; x_wconf 91' lang='lat' dir='ltr'>re-</span> 
     </span>
    </p>
   </div>
   <div class='ocr_carea' id='block_1_47' title="bbox 460 4213 2101 4294">
    <p class='ocr_par' dir='ltr' id='par_1_47' title="bbox 460 4213 2101 4294">
     <span class='ocr_line' id='line_1_47' title="bbox 460 4213 2101 4294; baseline 0.006 -25"><span class='ocrx_word' id='word_1_336' title='bbox 460 4213 765 4271; x_wconf 85' lang='lat' dir='ltr'>sistebant.</span> <span class='ocrx_word' id='word_1_337' title='bbox 797 4218 929 4273; x_wconf 67' lang='lat' dir='ltr'>Hzec</span> <span class='ocrx_word' id='word_1_338' title='bbox 963 4221 1141 4292; x_wconf 90' lang='lat' dir='ltr'>igitur</span> <span class='ocrx_word' id='word_1_339' title='bbox 1171 4223 1373 4278; x_wconf 83' lang='lat' dir='ltr'>volens</span> <span class='ocrx_word' id='word_1_340' title='bbox 1409 4226 2021 4294; x_wconf 83' lang='lat' dir='ltr'>demonstrare,dicit:</span> <span class='ocrx_word' id='word_1_341' title='bbox 2046 4226 2101 4280; x_wconf 92' lang='lat' dir='ltr'>Si</span> 
     </span>
    </p>
   </div>
   <div class='ocr_carea' id='block_1_48' title="bbox 456 4305 2102 4388">
    <p class='ocr_par' dir='ltr' id='par_1_48' title="bbox 456 4305 2102 4388">
     <span class='ocr_line' id='line_1_48' title="bbox 456 4305 2102 4388; baseline 0.008 -29"><span class='ocrx_word' id='word_1_342' title='bbox 456 4305 739 4376; x_wconf 89' lang='lat' dir='ltr'>possibile</span> <span class='ocrx_word' id='word_1_343' title='bbox 771 4316 1139 4382; x_wconf 86' lang='lat' dir='ltr'>esset,utper</span> <span class='ocrx_word' id='word_1_344' title='bbox 1170 4330 1359 4369; x_wconf 89' lang='lat' dir='ltr'>meam</span> <span class='ocrx_word' id='word_1_345' title='bbox 1385 4314 1776 4386; x_wconf 82' lang='lat' dir='ltr'>perditionem</span> <span class='ocrx_word' id='word_1_346' title='bbox 1808 4315 2102 4388; x_wconf 82' lang='lat' dir='ltr'>gloriﬁca-</span> 
     </span>
    </p>
   </div>
   <div class='ocr_carea' id='block_1_49' title="bbox 456 4395 2103 4476">
    <p class='ocr_par' dir='ltr' id='par_1_49' title="bbox 456 4395 2103 4476">
     <span class='ocr_line' id='line_1_49' title="bbox 456 4395 2103 4476; baseline 0.008 -28"><span class='ocrx_word' id='word_1_347' title='bbox 456 4402 693 4450; x_wconf 85' lang='lat' dir='ltr'>caretur</span> <span class='ocrx_word' id='word_1_348' title='bbox 722 4395 987 4453; x_wconf 88' lang='lat' dir='ltr'>Christus</span> <span class='ocrx_word' id='word_1_349' title='bbox 1020 4408 1077 4455; x_wconf 90' lang='lat' dir='ltr'>et</span> <span class='ocrx_word' id='word_1_350' title='bbox 1104 4401 1288 4457; x_wconf 64' lang='lat' dir='ltr'>Judaei</span> <span class='ocrx_word' id='word_1_351' title='bbox 1321 4405 1460 4458; x_wconf 86' lang='lat' dir='ltr'>salvi</span> <span class='ocrx_word' id='word_1_352' title='bbox 1496 4406 1728 4466; x_wconf 77' lang='lat' dir='ltr'>ﬁerent,</span> <span class='ocrx_word' id='word_1_353' title='bbox 1761 4421 1956 4476; x_wconf 88' lang='lat' dir='ltr'>neque</span> <span class='ocrx_word' id='word_1_354' title='bbox 1993 4405 2103 4460; x_wconf 91' lang='lat' dir='ltr'>hoc</span> 
     </span>
    </p>
   </div>
   <div class='ocr_carea' id='block_1_50' title="bbox 455 4483 2103 4565">
    <p class='ocr_par' dir='ltr' id='par_1_50' title="bbox 455 4483 2103 4565">
     <span class='ocr_line' id='line_1_50' title="bbox 455 4483 2103 4565; baseline 0.006 -26"><span class='ocrx_word' id='word_1_355' title='bbox 455 4483 870 4542; x_wconf 88' lang='lat' dir='ltr'>detrectarem.</span> <span class='ocrx_word' id='word_1_356' title='bbox 903 4488 1204 4560; x_wconf 87' lang='lat' dir='ltr'>Siquidem</span> <span class='ocrx_word' id='word_1_357' title='bbox 1227 4492 1503 4564; x_wconf 86' lang='lat' dir='ltr'>optarim,</span> <span class='ocrx_word' id='word_1_358' title='bbox 1527 4493 1796 4565; x_wconf 90' lang='lat' dir='ltr'>inquit,si</span> <span class='ocrx_word' id='word_1_359' title='bbox 1820 4494 2103 4564; x_wconf 89' lang='lat' dir='ltr'>possibile</span> 
     </span>
    </p>
   </div>
   <div class='ocr_carea' id='block_1_51' title="bbox 2188 553 3860 631">
    <p class='ocr_par' dir='ltr' id='par_1_51' title="bbox 2188 553 3860 631">
     <span class='ocr_line' id='line_1_51' title="bbox 2188 553 3860 631; baseline 0.001 -24"><span class='ocrx_word' id='word_1_360' title='bbox 2188 575 2278 608; x_wconf 86' lang='lat' dir='ltr'>vov</span> <span class='ocrx_word' id='word_1_361' title='bbox 2311 554 2574 618; x_wconf 69' lang='grc' dir='ltr'>ἑκουσίως</span> <span class='ocrx_word' id='word_1_362' title='bbox 2608 555 2926 631; x_wconf 79' lang='grc' dir='ltr'>χωρίζεται,</span> <span class='ocrx_word' id='word_1_363' title='bbox 2958 553 3103 612; x_wconf 69' lang='grc' dir='ltr'>ἀλλὰ</span> <span class='ocrx_word' id='word_1_364' title='bbox 3131 556 3221 610; x_wconf 81' lang='grc' dir='ltr'>καὶ</span> <span class='ocrx_word' id='word_1_365' title='bbox 3267 555 3517 629; x_wconf 68' lang='grc' dir='ltr'>ἐπιθυμεῖ</span> <span class='ocrx_word' id='word_1_366' title='bbox 3574 554 3678 610; x_wconf 79' lang='grc' dir='ltr'>καὶ</span> <span class='ocrx_word' id='word_1_367' title='bbox 3738 554 3860 609; x_wconf 74' lang='grc' dir='ltr'>ἑπι-</span> 
     </span>
    </p>
   </div>
   <div class='ocr_carea' id='block_1_52' title="bbox 2191 641 3858 720">
    <p class='ocr_par' dir='ltr' id='par_1_52' title="bbox 2191 641 3858 720">
     <span class='ocr_line' id='line_1_52' title="bbox 2191 641 3858 720; baseline 0 -22"><span class='ocrx_word' id='word_1_368' title='bbox 2191 648 2362 715; x_wconf 81' lang='grc' dir='ltr'>ζητεῖ,</span> <span class='ocrx_word' id='word_1_369' title='bbox 2393 645 2482 700; x_wconf 77' lang='grc' dir='ltr'>καὶ</span> <span class='ocrx_word' id='word_1_370' title='bbox 2513 641 2732 718; x_wconf 68' lang='grc' dir='ltr'>εὔχεται</span> <span class='ocrx_word' id='word_1_371' title='bbox 2764 651 3103 720; x_wconf 71' lang='grc' dir='ltr'>χωρισθῆναι</span> <span class='ocrx_word' id='word_1_372' title='bbox 3149 651 3249 714; x_wconf 80' lang='grc' dir='ltr'>τῆς</span> <span class='ocrx_word' id='word_1_373' title='bbox 3309 643 3519 720; x_wconf 83' lang='grc' dir='ltr'>ἀγάπης</span> <span class='ocrx_word' id='word_1_374' title='bbox 3575 649 3687 699; x_wconf 85' lang='grc' dir='ltr'>τοῦ</span> <span class='ocrx_word' id='word_1_375' title='bbox 3724 647 3858 719; x_wconf 80' lang='grc' dir='ltr'>Χριο</span> 
     </span>
    </p>
   </div>
   <div class='ocr_carea' id='block_1_53' title="bbox 2191 731 3860 814">
    <p class='ocr_par' dir='ltr' id='par_1_53' title="bbox 2191 731 3860 814">
     <span class='ocr_line' id='line_1_53' title="bbox 2191 731 3860 814; baseline -0.001 -26"><span class='ocrx_word' id='word_1_376' title='bbox 2191 737 2338 790; x_wconf 64' lang='grc' dir='ltr'>σποῦ.</span> <span class='ocrx_word' id='word_1_377' title='bbox 2372 759 2398 785; x_wconf 86' lang='grc'>‹‹</span> <span class='ocrx_word' id='word_1_378' title='bbox 2437 731 2704 809; x_wconf 69' lang='grc' dir='ltr'>[Ιύχόμην</span> <span class='ocrx_word' id='word_1_379' title='bbox 2731 733 2853 808; x_wconf 80' lang='grc' dir='ltr'>γάρ,</span> <span class='ocrx_word' id='word_1_380' title='bbox 2885 732 3072 814; x_wconf 67' lang='grc' dir='ltr'>φησὶν,</span> <span class='ocrx_word' id='word_1_381' title='bbox 3105 733 3266 796; x_wconf 80' lang='grc' dir='ltr'>αὐτὸς</span> <span class='ocrx_word' id='word_1_382' title='bbox 3299 732 3407 809; x_wconf 78' lang='grc' dir='ltr'>ἐγὼ</span> <span class='ocrx_word' id='word_1_383' title='bbox 3429 734 3684 806; x_wconf 80' lang='grc' dir='ltr'>ἀνάθεμα</span> <span class='ocrx_word' id='word_1_384' title='bbox 3721 731 3860 788; x_wconf 76' lang='grc' dir='ltr'>εἶναι</span> 
     </span>
    </p>
   </div>
   <div class='ocr_carea' id='block_1_54' title="bbox 2189 817 3859 897">
    <p class='ocr_par' dir='ltr' id='par_1_54' title="bbox 2189 817 3859 897">
     <span class='ocr_line' id='line_1_54' title="bbox 2189 817 3859 897; baseline -0.001 -19"><span class='ocrx_word' id='word_1_385' title='bbox 2189 822 2294 878; x_wconf 84' lang='grc' dir='ltr'>ἀπὸ</span> <span class='ocrx_word' id='word_1_386' title='bbox 2325 827 2420 878; x_wconf 83' lang='grc' dir='ltr'>τοῦ</span> <span class='ocrx_word' id='word_1_387' title='bbox 2442 825 2697 897; x_wconf 83' lang='grc' dir='ltr'>Χριστοῦ.</span> <span class='ocrx_word' id='word_1_388' title='bbox 2725 849 2753 875; x_wconf 84' lang='grc'><strong>››</strong></span> <span class='ocrx_word' id='word_1_389' title='bbox 2780 823 2950 878; x_wconf 84' lang='grc' dir='ltr'>Τίοῦν</span> <span class='ocrx_word' id='word_1_390' title='bbox 2980 822 3090 879; x_wconf 75' lang='grc' dir='ltr'>ἐστι</span> <span class='ocrx_word' id='word_1_391' title='bbox 3109 827 3272 878; x_wconf 86' lang='grc' dir='ltr'>τοῦτο</span> <span class='ocrx_word' id='word_1_392' title='bbox 3300 843 3314 892; x_wconf 88' lang='grc'>;</span> <span class='ocrx_word' id='word_1_393' title='bbox 3340 825 3463 886; x_wconf 82' lang='grc' dir='ltr'>Πῶς</span> <span class='ocrx_word' id='word_1_394' title='bbox 3497 817 3859 896; x_wconf 69' lang='grc' dir='ltr'>συμϐήσεται</span> 
     </span>
    </p>
   </div>
   <div class='ocr_carea' id='block_1_55' title="bbox 2189 906 3864 990">
    <p class='ocr_par' dir='ltr' id='par_1_55' title="bbox 2189 906 3864 990">
     <span class='ocr_line' id='line_1_55' title="bbox 2189 906 3864 990; baseline -0.001 -23"><span class='ocrx_word' id='word_1_395' title='bbox 2189 913 2257 968; x_wconf 70' lang='grc' dir='ltr'>τά</span> <span class='ocrx_word' id='word_1_396' title='bbox 2287 907 2647 987; x_wconf 66' lang='grc' dir='ltr'>ἀσύμϐα[ν]τα</span> <span class='ocrx_word' id='word_1_397' title='bbox 2672 931 2685 980; x_wconf 89' lang='grc'><strong>;</strong></span> <span class='ocrx_word' id='word_1_398' title='bbox 2719 917 2938 988; x_wconf 87' lang='grc' dir='ltr'>Ηρῶτον</span> <span class='ocrx_word' id='word_1_399' title='bbox 2972 913 3065 986; x_wconf 80' lang='grc' dir='ltr'>μέν</span> <span class='ocrx_word' id='word_1_400' title='bbox 3090 933 3261 990; x_wconf 76' lang='grc' dir='ltr'>φαμεν</span> <span class='ocrx_word' id='word_1_401' title='bbox 3291 913 3373 967; x_wconf 80' lang='grc' dir='ltr'>ὃτι</span> <span class='ocrx_word' id='word_1_402' title='bbox 3407 912 3505 967; x_wconf 69' lang='grc' dir='ltr'>οὐκ</span> <span class='ocrx_word' id='word_1_403' title='bbox 3533 906 3662 967; x_wconf 77' lang='grc' dir='ltr'>ἔστι</span> <span class='ocrx_word' id='word_1_404' title='bbox 3692 915 3864 967; x_wconf 84' lang='grc' dir='ltr'>ταῦτα</span> 
     </span>
    </p>
   </div>
   <div class='ocr_carea' id='block_1_56' title="bbox 2191 1000 3864 1078">
    <p class='ocr_par' dir='ltr' id='par_1_56' title="bbox 2191 1000 3864 1078">
     <span class='ocr_line' id='line_1_56' title="bbox 2191 1000 3864 1078; baseline 0.001 -24"><span class='ocrx_word' id='word_1_405' title='bbox 2191 1000 2423 1057; x_wconf 78' lang='grc' dir='ltr'>ἐναντία.</span> <span class='ocrx_word' id='word_1_406' title='bbox 2465 1002 2540 1058; x_wconf 75' lang='grc' dir='ltr'><strong>υῦ</strong></span> <span class='ocrx_word' id='word_1_407' title='bbox 2576 1005 2677 1077; x_wconf 63' lang='grc' dir='ltr'>γάρ</span> <span class='ocrx_word' id='word_1_408' title='bbox 2711 1000 2849 1056; x_wconf 82' lang='grc' dir='ltr'>ἐστιν</span> <span class='ocrx_word' id='word_1_409' title='bbox 2885 1001 3120 1056; x_wconf 75' lang='grc' dir='ltr'>ἐναντίον</span> <span class='ocrx_word' id='word_1_410' title='bbox 3179 1003 3241 1056; x_wconf 89' lang='grc' dir='ltr'>τὸ</span> <span class='ocrx_word' id='word_1_411' title='bbox 3303 1001 3515 1078; x_wconf 79' lang='grc' dir='ltr'>ἀγαπᾷν</span> <span class='ocrx_word' id='word_1_412' title='bbox 3577 1000 3684 1056; x_wconf 87' lang='grc' dir='ltr'>τὸν</span> <span class='ocrx_word' id='word_1_413' title='bbox 3739 1003 3864 1075; x_wconf 81' lang='grc' dir='ltr'>Χρι-</span> 
     </span>
    </p>
   </div>
   <div class='ocr_carea' id='block_1_57' title="bbox 2193 1086 3861 1164">
    <p class='ocr_par' dir='ltr' id='par_1_57' title="bbox 2193 1086 3861 1164">
     <span class='ocr_line' id='line_1_57' title="bbox 2193 1086 3861 1164; baseline 0.014 -21"><span class='ocrx_word' id='word_1_414' title='bbox 2193 1091 2314 1145; x_wconf 77' lang='grc' dir='ltr'>στὸν</span> <span class='ocrx_word' id='word_1_415' title='bbox 2350 1091 2547 1159; x_wconf 67' lang='grc' dir='ltr'>οὕτως,</span> <span class='ocrx_word' id='word_1_416' title='bbox 2579 1090 2718 1146; x_wconf 75' lang='grc' dir='ltr'>ὥστε</span> <span class='ocrx_word' id='word_1_417' title='bbox 2752 1093 2890 1164; x_wconf 73' lang='grc' dir='ltr'>μήτε</span> <span class='ocrx_word' id='word_1_418' title='bbox 2948 1087 3036 1146; x_wconf 80' lang='grc' dir='ltr'>διὰ</span> <span class='ocrx_word' id='word_1_419' title='bbox 3093 1087 3392 1158; x_wconf 76' lang='grc' dir='ltr'>κολάσεως,</span> <span class='ocrx_word' id='word_1_420' title='bbox 3429 1093 3572 1162; x_wconf 60' lang='grc' dir='ltr'>μήτε</span> <span class='ocrx_word' id='word_1_421' title='bbox 3608 1086 3689 1144; x_wconf 66' lang='grc' dir='ltr'>δι’</span> <span class='ocrx_word' id='word_1_422' title='bbox 3725 1089 3861 1144; x_wconf 61' lang='grc' dir='ltr'>ὕπο·</span> 
     </span>
    </p>
   </div>
   <div class='ocr_carea' id='block_1_58' title="bbox 2194 1179 3862 1258">
    <p class='ocr_par' dir='ltr' id='par_1_58' title="bbox 2194 1179 3862 1258">
     <span class='ocr_line' id='line_1_58' title="bbox 2194 1179 3862 1258; baseline 0.001 -25"><span class='ocrx_word' id='word_1_423' title='bbox 2194 1179 2432 1254; x_wconf 65' lang='grc' dir='ltr'>σχέσεως</span> <span class='ocrx_word' id='word_1_424' title='bbox 2489 1180 2665 1250; x_wconf 88' lang='grc' dir='ltr'>πάσης</span> <span class='ocrx_word' id='word_1_425' title='bbox 2733 1180 3050 1258; x_wconf 75' lang='grc' dir='ltr'>ἀφίστασθαι</span> <span class='ocrx_word' id='word_1_426' title='bbox 3116 1187 3217 1249; x_wconf 75' lang='grc' dir='ltr'>τῆς</span> <span class='ocrx_word' id='word_1_427' title='bbox 3250 1179 3463 1254; x_wconf 88' lang='grc' dir='ltr'>ἀγάπης</span> <span class='ocrx_word' id='word_1_428' title='bbox 3505 1180 3708 1249; x_wconf 78' lang='grc' dir='ltr'>αὐτοῦ,</span> <span class='ocrx_word' id='word_1_429' title='bbox 3775 1180 3862 1234; x_wconf 82' lang='grc' dir='ltr'>καὶ</span> 
     </span>
    </p>
   </div>
   <div class='ocr_carea' id='block_1_59' title="bbox 2190 1267 3860 1346">
    <p class='ocr_par' dir='ltr' id='par_1_59' title="bbox 2190 1267 3860 1346">
     <span class='ocr_line' id='line_1_59' title="bbox 2190 1267 3860 1346; baseline -0.002 -22"><span class='ocrx_word' id='word_1_430' title='bbox 2190 1271 2253 1324; x_wconf 79' lang='grc' dir='ltr'>τὸ</span> <span class='ocrx_word' id='word_1_431' title='bbox 2284 1269 2494 1346; x_wconf 78' lang='grc' dir='ltr'>ἀγαπᾷν</span> <span class='ocrx_word' id='word_1_432' title='bbox 2535 1271 2628 1325; x_wconf 88' lang='grc' dir='ltr'>τὸν</span> <span class='ocrx_word' id='word_1_433' title='bbox 2669 1269 2904 1340; x_wconf 78' lang='grc' dir='ltr'>πλησίον</span> <span class='ocrx_word' id='word_1_434' title='bbox 2961 1270 3160 1338; x_wconf 75' lang='grc' dir='ltr'>οὕτως,</span> <span class='ocrx_word' id='word_1_435' title='bbox 3215 1269 3353 1325; x_wconf 80' lang='grc' dir='ltr'>ὥστε</span> <span class='ocrx_word' id='word_1_436' title='bbox 3406 1270 3506 1338; x_wconf 73' lang='grc' dir='ltr'>την</span> <span class='ocrx_word' id='word_1_437' title='bbox 3568 1267 3860 1343; x_wconf 86' lang='grc' dir='ltr'>σωτηρίαν</span> 
     </span>
    </p>
   </div>
   <div class='ocr_carea' id='block_1_60' title="bbox 2193 1355 3862 1436">
    <p class='ocr_par' dir='ltr' id='par_1_60' title="bbox 2193 1355 3862 1436">
     <span class='ocr_line' id='line_1_60' title="bbox 2193 1355 3862 1436; baseline 0 -23"><span class='ocrx_word' id='word_1_438' title='bbox 2193 1357 2368 1413; x_wconf 77' lang='grc' dir='ltr'>αὐτῶν</span> <span class='ocrx_word' id='word_1_439' title='bbox 2399 1355 2522 1429; x_wconf 81' lang='grc' dir='ltr'>ί⁷σην</span> <span class='ocrx_word' id='word_1_440' title='bbox 2554 1358 2644 1413; x_wconf 87' lang='grc' dir='ltr'>καὶ</span> <span class='ocrx_word' id='word_1_441' title='bbox 2676 1357 2898 1431; x_wconf 78' lang='grc' dir='ltr'>μείζονα</span> <span class='ocrx_word' id='word_1_442' title='bbox 2924 1365 3026 1428; x_wconf 81' lang='grc' dir='ltr'>τῆς</span> <span class='ocrx_word' id='word_1_443' title='bbox 3060 1356 3198 1420; x_wconf 77' lang='grc' dir='ltr'>ἰδίας</span> <span class='ocrx_word' id='word_1_444' title='bbox 3231 1361 3481 1436; x_wconf 78' lang='grc' dir='ltr'>ἡγεῖσθαι</span> <span class='ocrx_word' id='word_1_445' title='bbox 3542 1357 3862 1433; x_wconf 75' lang='grc' dir='ltr'>σωτηρίας.</span> 
     </span>
    </p>
   </div>
   <div class='ocr_carea' id='block_1_61' title="bbox 2193 1444 3864 1521">
    <p class='ocr_par' dir='ltr' id='par_1_61' title="bbox 2193 1444 3864 1521">
     <span class='ocr_line' id='line_1_61' title="bbox 2193 1444 3864 1521; baseline -0.002 -16"><span class='ocrx_word' id='word_1_446' title='bbox 2193 1447 2403 1505; x_wconf 73' lang='grc' dir='ltr'>Οὐκοῦν</span> <span class='ocrx_word' id='word_1_447' title='bbox 2433 1448 2598 1502; x_wconf 83' lang='grc' dir='ltr'>ταῦτα</span> <span class='ocrx_word' id='word_1_448' title='bbox 2629 1446 2861 1515; x_wconf 85' lang='grc' dir='ltr'>ἐναντία,</span> <span class='ocrx_word' id='word_1_449' title='bbox 2902 1446 3048 1503; x_wconf 83' lang='grc' dir='ltr'>ἀλλά</span> <span class='ocrx_word' id='word_1_450' title='bbox 3099 1447 3188 1502; x_wconf 84' lang='grc' dir='ltr'>καὶ</span> <span class='ocrx_word' id='word_1_451' title='bbox 3250 1447 3465 1521; x_wconf 78' lang='grc' dir='ltr'>μᾶλλον</span> <span class='ocrx_word' id='word_1_452' title='bbox 3528 1444 3864 1520; x_wconf 75' lang='grc' dir='ltr'>συνᾴδοντα,</span> 
     </span>
    </p>
   </div>
   <div class='ocr_carea' id='block_1_62' title="bbox 2192 1534 3866 1614">
    <p class='ocr_par' dir='ltr' id='par_1_62' title="bbox 2192 1534 3866 1614">
     <span class='ocr_line' id='line_1_62' title="bbox 2192 1534 3866 1614; baseline -0.002 -20"><span class='ocrx_word' id='word_1_453' title='bbox 2192 1537 2252 1594; x_wconf 90' lang='grc' dir='ltr'>Ὁ</span> <span class='ocrx_word' id='word_1_454' title='bbox 2283 1537 2383 1610; x_wconf 71' lang='grc' dir='ltr'>γάρ</span> <span class='ocrx_word' id='word_1_455' title='bbox 2417 1535 2640 1611; x_wconf 80' lang='grc' dir='ltr'>ἀγαπῶν</span> <span class='ocrx_word' id='word_1_456' title='bbox 2691 1538 2783 1593; x_wconf 86' lang='grc' dir='ltr'>τὸν</span> <span class='ocrx_word' id='word_1_457' title='bbox 2837 1534 3072 1614; x_wconf 73' lang='grc' dir='ltr'>ἀδελφὸν</span> <span class='ocrx_word' id='word_1_458' title='bbox 3132 1536 3318 1608; x_wconf 80' lang='grc' dir='ltr'>αὐτοῦ,</span> <span class='ocrx_word' id='word_1_459' title='bbox 3375 1538 3558 1614; x_wconf 83' lang='grc' dir='ltr'>ἀγαπᾷ</span> <span class='ocrx_word' id='word_1_460' title='bbox 3625 1537 3727 1593; x_wconf 78' lang='grc' dir='ltr'>καὶ</span> <span class='ocrx_word' id='word_1_461' title='bbox 3777 1537 3866 1591; x_wconf 75' lang='grc' dir='ltr'>τὸν</span> 
     </span>
    </p>
   </div>
   <div class='ocr_carea' id='block_1_63' title="bbox 2193 1622 3864 1704">
    <p class='ocr_par' dir='ltr' id='par_1_63' title="bbox 2193 1622 3864 1704">
     <span class='ocr_line' id='line_1_63' title="bbox 2193 1622 3864 1704; baseline -0.001 -23"><span class='ocrx_word' id='word_1_462' title='bbox 2193 1626 2488 1696; x_wconf 73' lang='grc' dir='ltr'>Δεσπότην,</span> <span class='ocrx_word' id='word_1_463' title='bbox 2533 1627 2620 1682; x_wconf 84' lang='grc' dir='ltr'>καὶ</span> <span class='ocrx_word' id='word_1_464' title='bbox 2663 1622 2924 1700; x_wconf 79' lang='grc' dir='ltr'>ἔμπαλιν,</span> <span class='ocrx_word' id='word_1_465' title='bbox 2958 1651 2985 1679; x_wconf 77' lang='grc' dir='ltr'>ι(</span> <span class='ocrx_word' id='word_1_466' title='bbox 3041 1626 3145 1684; x_wconf 83' lang='grc' dir='ltr'>Καὶ</span> <span class='ocrx_word' id='word_1_467' title='bbox 3205 1627 3255 1683; x_wconf 83' lang='grc' dir='ltr'>ἐν</span> <span class='ocrx_word' id='word_1_468' title='bbox 3313 1627 3489 1701; x_wconf 69' lang='grc' dir='ltr'>τούτῳ</span> <span class='ocrx_word' id='word_1_469' title='bbox 3545 1627 3864 1704; x_wconf 79' lang='grc' dir='ltr'>γνώσονται</span> 
     </span>
    </p>
   </div>
   <div class='ocr_carea' id='block_1_64' title="bbox 2192 1713 3866 1793">
    <p class='ocr_par' dir='ltr' id='par_1_64' title="bbox 2192 1713 3866 1793">
     <span class='ocr_line' id='line_1_64' title="bbox 2192 1713 3866 1793; baseline -0.001 -23"><span class='ocrx_word' id='word_1_470' title='bbox 2192 1716 2386 1777; x_wconf 87' lang='grc' dir='ltr'>πάντες</span> <span class='ocrx_word' id='word_1_471' title='bbox 2416 1715 2498 1770; x_wconf 82' lang='grc' dir='ltr'>δτι</span> <span class='ocrx_word' id='word_1_472' title='bbox 2542 1714 2667 1787; x_wconf 81' lang='grc' dir='ltr'>ἐμοὶ</span> <span class='ocrx_word' id='word_1_473' title='bbox 2727 1716 2966 1788; x_wconf 79' lang='grc' dir='ltr'>μαθηταί</span> <span class='ocrx_word' id='word_1_474' title='bbox 3024 1714 3163 1785; x_wconf 86' lang='grc' dir='ltr'>ἐστε,</span> <span class='ocrx_word' id='word_1_475' title='bbox 3221 1713 3308 1771; x_wconf 76' lang='grc' dir='ltr'>ἐάν</span> <span class='ocrx_word' id='word_1_476' title='bbox 3364 1717 3621 1793; x_wconf 80' lang='grc' dir='ltr'>ἀγαπᾶτε</span> <span class='ocrx_word' id='word_1_477' title='bbox 3682 1713 3866 1786; x_wconf 75' lang='grc' dir='ltr'>ἀλλήο</span> 
     </span>
    </p>
   </div>
   <div class='ocr_carea' id='block_1_65' title="bbox 2193 1803 3865 1882">
    <p class='ocr_par' dir='ltr' id='par_1_65' title="bbox 2193 1803 3865 1882">
     <span class='ocr_line' id='line_1_65' title="bbox 2193 1803 3865 1882; baseline -0.001 -22"><span class='ocrx_word' id='word_1_478' title='bbox 2193 1803 2346 1867; x_wconf 88' lang='grc' dir='ltr'>λους,</span> <span class='ocrx_word' id='word_1_479' title='bbox 2385 1829 2412 1857; x_wconf 76' lang='grc' dir='ltr'>υ</span> <span class='ocrx_word' id='word_1_480' title='bbox 2444 1804 2548 1861; x_wconf 83' lang='grc' dir='ltr'>Καὶ</span> <span class='ocrx_word' id='word_1_481' title='bbox 2596 1805 2760 1868; x_wconf 76' lang='grc' dir='ltr'>αὐτὸς</span> <span class='ocrx_word' id='word_1_482' title='bbox 2811 1806 2838 1860; x_wconf 97' lang='lat'>6</span> <span class='ocrx_word' id='word_1_483' title='bbox 2869 1804 3083 1867; x_wconf 80' lang='grc' dir='ltr'>Παῦλός</span> <span class='ocrx_word' id='word_1_484' title='bbox 3141 1824 3294 1882; x_wconf 65' lang='grc' dir='ltr'>φησι·</span> <span class='ocrx_word' id='word_1_485' title='bbox 3363 1831 3391 1859; x_wconf 74' lang='grc' dir='ltr'>ι(</span> <span class='ocrx_word' id='word_1_486' title='bbox 3426 1805 3741 1882; x_wconf 82' lang='grc' dir='ltr'>Πλήρωμα</span> <span class='ocrx_word' id='word_1_487' title='bbox 3770 1809 3865 1859; x_wconf 83' lang='grc' dir='ltr'>τοῦ</span> 
     </span>
    </p>
   </div>
   <div class='ocr_carea' id='block_1_66' title="bbox 2193 1893 3866 1970">
    <p class='ocr_par' dir='ltr' id='par_1_66' title="bbox 2193 1893 3866 1970">
     <span class='ocr_line' id='line_1_66' title="bbox 2193 1893 3866 1970; baseline 0 -21"><span class='ocrx_word' id='word_1_488' title='bbox 2193 1895 2388 1968; x_wconf 81' lang='grc' dir='ltr'>νόμου,</span> <span class='ocrx_word' id='word_1_489' title='bbox 2420 1896 2456 1964; x_wconf 75' lang='grc' dir='ltr'>ἡ</span> <span class='ocrx_word' id='word_1_490' title='bbox 2488 1893 2696 1970; x_wconf 84' lang='grc' dir='ltr'>ἀγάπη.</span> <span class='ocrx_word' id='word_1_491' title='bbox 2729 1916 2754 1948; x_wconf 75' lang='grc' dir='ltr'>ι</span> <span class='ocrx_word' id='word_1_492' title='bbox 2803 1895 2900 1949; x_wconf 82' lang='grc' dir='ltr'>Καὶ</span> <span class='ocrx_word' id='word_1_493' title='bbox 2933 1895 2960 1950; x_wconf 86' lang='grc' dir='ltr'>ὁ</span> <span class='ocrx_word' id='word_1_494' title='bbox 2988 1895 3187 1969; x_wconf 77' lang='grc' dir='ltr'>Κύριος</span> <span class='ocrx_word' id='word_1_495' title='bbox 3228 1894 3390 1950; x_wconf 84' lang='grc' dir='ltr'>πάλιν</span> <span class='ocrx_word' id='word_1_496' title='bbox 3425 1897 3550 1970; x_wconf 83' lang='grc' dir='ltr'>περὶ</span> <span class='ocrx_word' id='word_1_497' title='bbox 3622 1902 3736 1965; x_wconf 78' lang='grc' dir='ltr'>τῆς</span> <span class='ocrx_word' id='word_1_498' title='bbox 3791 1895 3866 1956; x_wconf 82' lang='grc' dir='ltr'>εἷς</span> 
     </span>
    </p>
   </div>
   <div class='ocr_carea' id='block_1_67' title="bbox 2192 1982 3861 2059">
    <p class='ocr_par' dir='ltr' id='par_1_67' title="bbox 2192 1982 3861 2059">
     <span class='ocr_line' id='line_1_67' title="bbox 2192 1982 3861 2059; baseline -0.001 -19"><span class='ocrx_word' id='word_1_499' title='bbox 2192 1984 2320 2040; x_wconf 83' lang='grc' dir='ltr'>Θεὸν</span> <span class='ocrx_word' id='word_1_500' title='bbox 2352 1985 2568 2059; x_wconf 81' lang='grc' dir='ltr'>ἀγάπης</span> <span class='ocrx_word' id='word_1_501' title='bbox 2601 1983 2690 2038; x_wconf 84' lang='grc' dir='ltr'>καὶ</span> <span class='ocrx_word' id='word_1_502' title='bbox 2721 1990 2822 2053; x_wconf 75' lang='grc' dir='ltr'>τῆς</span> <span class='ocrx_word' id='word_1_503' title='bbox 2853 1983 2929 2045; x_wconf 81' lang='grc' dir='ltr'>είς</span> <span class='ocrx_word' id='word_1_504' title='bbox 2980 1984 3072 2039; x_wconf 88' lang='grc' dir='ltr'>τὸν</span> <span class='ocrx_word' id='word_1_505' title='bbox 3107 1982 3367 2055; x_wconf 87' lang='grc' dir='ltr'>πλησίον,</span> <span class='ocrx_word' id='word_1_506' title='bbox 3427 2010 3454 2038; x_wconf 90' lang='grc'>‹‹</span> <span class='ocrx_word' id='word_1_507' title='bbox 3483 1986 3565 2040; x_wconf 90' lang='grc' dir='ltr'>Ἐν</span> <span class='ocrx_word' id='word_1_508' title='bbox 3609 1985 3861 2054; x_wconf 74' lang='grc' dir='ltr'>ταύταις,</span> 
     </span>
    </p>
   </div>
   <div class='ocr_carea' id='block_1_68' title="bbox 2193 2072 3867 2153">
    <p class='ocr_par' dir='ltr' id='par_1_68' title="bbox 2193 2072 3867 2153">
     <span class='ocr_line' id='line_1_68' title="bbox 2193 2072 3867 2153; baseline 0.001 -25"><span class='ocrx_word' id='word_1_509' title='bbox 2193 2075 2348 2153; x_wconf 73' lang='grc' dir='ltr'>φησὶ,</span> <span class='ocrx_word' id='word_1_510' title='bbox 2380 2080 2499 2137; x_wconf 84' lang='grc' dir='ltr'>ταῖς</span> <span class='ocrx_word' id='word_1_511' title='bbox 2527 2073 2678 2130; x_wconf 84' lang='grc' dir='ltr'>δυσὶν</span> <span class='ocrx_word' id='word_1_512' title='bbox 2734 2072 3002 2141; x_wconf 80' lang='grc' dir='ltr'>ἐντολαῖς,</span> <span class='ocrx_word' id='word_1_513' title='bbox 3037 2073 3166 2136; x_wconf 82' lang='grc' dir='ltr'>ὅλος</span> <span class='ocrx_word' id='word_1_514' title='bbox 3200 2074 3228 2128; x_wconf 87' lang='lat'>6</span> <span class='ocrx_word' id='word_1_515' title='bbox 3256 2074 3426 2148; x_wconf 84' lang='grc' dir='ltr'>νόμος</span> <span class='ocrx_word' id='word_1_516' title='bbox 3485 2075 3573 2130; x_wconf 85' lang='grc' dir='ltr'>καὶ</span> <span class='ocrx_word' id='word_1_517' title='bbox 3651 2076 3706 2130; x_wconf 74' lang='grc' dir='ltr'>οἱ</span> <span class='ocrx_word' id='word_1_518' title='bbox 3738 2096 3867 2150; x_wconf 87' lang='grc' dir='ltr'>προ-</span> 
     </span>
    </p>
   </div>
   <div class='ocr_carea' id='block_1_69' title="bbox 2195 2163 3863 2246">
    <p class='ocr_par' dir='ltr' id='par_1_69' title="bbox 2195 2163 3863 2246">
     <span class='ocr_line' id='line_1_69' title="bbox 2195 2163 3863 2246; baseline 0.001 -24"><span class='ocrx_word' id='word_1_519' title='bbox 2195 2174 2382 2246; x_wconf 72' lang='grc' dir='ltr'>φῆται,</span> <span class='ocrx_word' id='word_1_520' title='bbox 2415 2192 2442 2221; x_wconf 87' lang='grc'>››</span> <span class='ocrx_word' id='word_1_521' title='bbox 2479 2167 2554 2230; x_wconf 84' lang='grc' dir='ltr'>ὡς</span> <span class='ocrx_word' id='word_1_522' title='bbox 2592 2165 2888 2246; x_wconf 74' lang='grc' dir='ltr'>κεφάλαιον</span> <span class='ocrx_word' id='word_1_523' title='bbox 2949 2163 3133 2228; x_wconf 66' lang='grc' dir='ltr'>οὗσαις</span> <span class='ocrx_word' id='word_1_524' title='bbox 3191 2171 3297 2222; x_wconf 87' lang='grc' dir='ltr'>τῶν</span> <span class='ocrx_word' id='word_1_525' title='bbox 3357 2166 3542 2223; x_wconf 78' lang='grc' dir='ltr'>ἄλλων</span> <span class='ocrx_word' id='word_1_526' title='bbox 3614 2168 3863 2242; x_wconf 84' lang='grc' dir='ltr'>πάντων,</span> 
     </span>
    </p>
   </div>
   <div class='ocr_carea' id='block_1_70' title="bbox 2193 2253 3680 2332">
    <p class='ocr_par' dir='ltr' id='par_1_70' title="bbox 2193 2253 3680 2332">
     <span class='ocr_line' id='line_1_70' title="bbox 2193 2253 3680 2332; baseline 0.001 -21"><span class='ocrx_word' id='word_1_527' title='bbox 2193 2260 2291 2322; x_wconf 82' lang='grc' dir='ltr'>τῆς</span> <span class='ocrx_word' id='word_1_528' title='bbox 2325 2277 2382 2312; x_wconf 88' lang='grc' dir='ltr'>τε</span> <span class='ocrx_word' id='word_1_529' title='bbox 2412 2257 2487 2320; x_wconf 86' lang='grc' dir='ltr'>εἰς</span> <span class='ocrx_word' id='word_1_530' title='bbox 2521 2257 2648 2312; x_wconf 82' lang='grc' dir='ltr'>Θεὸν</span> <span class='ocrx_word' id='word_1_531' title='bbox 2672 2257 2763 2312; x_wconf 85' lang='grc' dir='ltr'>καὶ</span> <span class='ocrx_word' id='word_1_532' title='bbox 2793 2263 2893 2326; x_wconf 80' lang='grc' dir='ltr'>τῆς</span> <span class='ocrx_word' id='word_1_533' title='bbox 2923 2253 3000 2318; x_wconf 69' lang='grc' dir='ltr'>εἷς</span> <span class='ocrx_word' id='word_1_534' title='bbox 3029 2255 3121 2310; x_wconf 89' lang='grc' dir='ltr'>τὸν</span> <span class='ocrx_word' id='word_1_535' title='bbox 3155 2254 3394 2326; x_wconf 80' lang='grc' dir='ltr'>πλησίον</span> <span class='ocrx_word' id='word_1_536' title='bbox 3426 2255 3680 2332; x_wconf 77' lang='grc' dir='ltr'>ἀγάπης.</span> 
     </span>
    </p>
   </div>
   <div class='ocr_carea' id='block_1_71' title="bbox 2266 2524 3851 2602">
    <p class='ocr_par' dir='ltr' id='par_1_71' title="bbox 2266 2524 3851 2602">
     <span class='ocr_line' id='line_1_71' title="bbox 2266 2524 3851 2602; baseline -0.001 -20"><span class='ocrx_word' id='word_1_537' title='bbox 2266 2527 2392 2592; x_wconf 82' lang='grc' dir='ltr'>Ναὶ,</span> <span class='ocrx_word' id='word_1_538' title='bbox 2425 2525 2606 2602; x_wconf 73' lang='grc' dir='ltr'>φησὶν,</span> <span class='ocrx_word' id='word_1_539' title='bbox 2637 2524 2764 2581; x_wconf 88' lang='grc' dir='ltr'>ἀλλ’</span> <span class='ocrx_word' id='word_1_540' title='bbox 2795 2524 3022 2581; x_wconf 83' lang='grc' dir='ltr'>ἐνταῦθα</span> <span class='ocrx_word' id='word_1_541' title='bbox 3077 2526 3360 2601; x_wconf 86' lang='grc' dir='ltr'>προκρίνει</span> <span class='ocrx_word' id='word_1_542' title='bbox 3419 2526 3518 2594; x_wconf 71' lang='grc' dir='ltr'>τὴν</span> <span class='ocrx_word' id='word_1_543' title='bbox 3547 2529 3665 2580; x_wconf 80' lang='grc' dir='ltr'>τῶν</span> <span class='ocrx_word' id='word_1_544' title='bbox 3696 2524 3851 2595; x_wconf 85' lang='grc' dir='ltr'>πλη-</span> 
     </span>
    </p>
   </div>
   <div class='ocr_carea' id='block_1_72' title="bbox 2197 2612 3849 2692">
    <p class='ocr_par' dir='ltr' id='par_1_72' title="bbox 2197 2612 3849 2692">
     <span class='ocr_line' id='line_1_72' title="bbox 2197 2612 3849 2692; baseline -0.001 -23"><span class='ocrx_word' id='word_1_545' title='bbox 2197 2616 2310 2670; x_wconf 85' lang='grc' dir='ltr'>σίον</span> <span class='ocrx_word' id='word_1_546' title='bbox 2340 2615 2579 2689; x_wconf 82' lang='grc' dir='ltr'>ἀγάπην,</span> <span class='ocrx_word' id='word_1_547' title='bbox 2612 2622 2714 2686; x_wconf 77' lang='grc' dir='ltr'>τῆς</span> <span class='ocrx_word' id='word_1_548' title='bbox 2745 2616 2880 2692; x_wconf 87' lang='grc' dir='ltr'>πρὸς</span> <span class='ocrx_word' id='word_1_549' title='bbox 2910 2617 3000 2671; x_wconf 88' lang='grc' dir='ltr'>τὸν</span> <span class='ocrx_word' id='word_1_550' title='bbox 3036 2617 3186 2684; x_wconf 86' lang='grc' dir='ltr'>Θεὸν,</span> <span class='ocrx_word' id='word_1_551' title='bbox 3227 2616 3316 2670; x_wconf 77' lang='grc' dir='ltr'>καὶ</span> <span class='ocrx_word' id='word_1_552' title='bbox 3368 2612 3579 2691; x_wconf 72' lang='grc' dir='ltr'>εὔχεται</span> <span class='ocrx_word' id='word_1_553' title='bbox 3646 2614 3849 2669; x_wconf 83' lang='grc' dir='ltr'>ἐκεῖνον</span> 
     </span>
    </p>
   </div>
   <div class='ocr_carea' id='block_1_73' title="bbox 2199 2701 3854 2779">
    <p class='ocr_par' dir='ltr' id='par_1_73' title="bbox 2199 2701 3854 2779">
     <span class='ocr_line' id='line_1_73' title="bbox 2199 2701 3854 2779; baseline -0.001 -21"><span class='ocrx_word' id='word_1_554' title='bbox 2199 2705 2628 2778; x_wconf 73' lang='grc' dir='ltr'>ἀπαρνήσασθαι,</span> <span class='ocrx_word' id='word_1_555' title='bbox 2680 2709 2779 2759; x_wconf 87' lang='grc' dir='ltr'>τοῦ</span> <span class='ocrx_word' id='word_1_556' title='bbox 2837 2704 3074 2767; x_wconf 81' lang='grc' dir='ltr'>ἐκείνους</span> <span class='ocrx_word' id='word_1_557' title='bbox 3129 2701 3412 2779; x_wconf 79' lang='grc' dir='ltr'>κερδῆσαι,</span> <span class='ocrx_word' id='word_1_558' title='bbox 3473 2705 3534 2761; x_wconf 80' lang='grc' dir='ltr'>Ὀ</span> <span class='ocrx_word' id='word_1_559' title='bbox 3594 2701 3665 2759; x_wconf 78' lang='grc' dir='ltr'>δὶ</span> <span class='ocrx_word' id='word_1_560' title='bbox 3720 2705 3854 2776; x_wconf 82' lang='grc' dir='ltr'>Χρι-</span> 
     </span>
    </p>
   </div>
   <div class='ocr_carea' id='block_1_74' title="bbox 2200 2789 3857 2868">
    <p class='ocr_par' dir='ltr' id='par_1_74' title="bbox 2200 2789 3857 2868">
     <span class='ocr_line' id='line_1_74' title="bbox 2200 2789 3857 2868; baseline 0.001 -23"><span class='ocrx_word' id='word_1_561' title='bbox 2200 2791 2320 2852; x_wconf 86' lang='grc' dir='ltr'>στὸς</span> <span class='ocrx_word' id='word_1_562' title='bbox 2350 2792 2535 2868; x_wconf 73' lang='grc' dir='ltr'>φησίν,</span> <span class='ocrx_word' id='word_1_563' title='bbox 2586 2817 2612 2842; x_wconf 89' lang='grc'>‹‹</span> <span class='ocrx_word' id='word_1_564' title='bbox 2649 2792 2709 2848; x_wconf 88' lang='grc' dir='ltr'>Ὁ</span> <span class='ocrx_word' id='word_1_565' title='bbox 2740 2791 2916 2868; x_wconf 73' lang='grc' dir='ltr'>φιλῶν</span> <span class='ocrx_word' id='word_1_566' title='bbox 2977 2792 3179 2865; x_wconf 78' lang='grc' dir='ltr'>πατέρα</span> <span class='ocrx_word' id='word_1_567' title='bbox 3208 2791 3244 2860; x_wconf 69' lang='grc' dir='ltr'><strong>ἢ</strong></span> <span class='ocrx_word' id='word_1_568' title='bbox 3279 2793 3490 2868; x_wconf 75' lang='grc' dir='ltr'>μητέρα</span> <span class='ocrx_word' id='word_1_569' title='bbox 3549 2791 3696 2868; x_wconf 76' lang='grc' dir='ltr'>ὑπὲρ</span> <span class='ocrx_word' id='word_1_570' title='bbox 3742 2789 3857 2864; x_wconf 73' lang='grc' dir='ltr'>ἐμὲ,</span> 
     </span>
    </p>
   </div>
   <div class='ocr_carea' id='block_1_75' title="bbox 2199 2878 3861 2959">
    <p class='ocr_par' dir='ltr' id='par_1_75' title="bbox 2199 2878 3861 2959">
     <span class='ocr_line' id='line_1_75' title="bbox 2199 2878 3861 2959; baseline -0.002 -23"><span class='ocrx_word' id='word_1_571' title='bbox 2199 2879 2297 2936; x_wconf 77' lang='grc' dir='ltr'>οῦκ</span> <span class='ocrx_word' id='word_1_572' title='bbox 2330 2879 2441 2936; x_wconf 84' lang='grc' dir='ltr'>ἔστι</span> <span class='ocrx_word' id='word_1_573' title='bbox 2465 2902 2569 2953; x_wconf 85' lang='grc' dir='ltr'>μου</span> <span class='ocrx_word' id='word_1_574' title='bbox 2623 2878 2789 2951; x_wconf 78' lang='grc' dir='ltr'>ἄξιος.</span> <span class='ocrx_word' id='word_1_575' title='bbox 2828 2905 2854 2927; x_wconf 76' lang='grc' dir='ltr'>ιι</span> <span class='ocrx_word' id='word_1_576' title='bbox 2915 2881 3073 2939; x_wconf 88' lang='grc' dir='ltr'>Ἀλλ’</span> <span class='ocrx_word' id='word_1_577' title='bbox 3130 2881 3230 2936; x_wconf 78' lang='grc' dir='ltr'>οὐκ</span> <span class='ocrx_word' id='word_1_578' title='bbox 3287 2880 3399 2937; x_wconf 85' lang='grc' dir='ltr'>ἔστι</span> <span class='ocrx_word' id='word_1_579' title='bbox 3451 2885 3616 2936; x_wconf 85' lang='grc' dir='ltr'>τοῦτο</span> <span class='ocrx_word' id='word_1_580' title='bbox 3688 2879 3861 2959; x_wconf 75' lang='grc' dir='ltr'>φιλεῖν</span> 
     </span>
    </p>
   </div>
   <div class='ocr_carea' id='block_1_76' title="bbox 2201 2967 3856 3048">
    <p class='ocr_par' dir='ltr' id='par_1_76' title="bbox 2201 2967 3856 3048">
     <span class='ocr_line' id='line_1_76' title="bbox 2201 2967 3856 3048; baseline 0.002 -25"><span class='ocrx_word' id='word_1_581' title='bbox 2201 2969 2331 3044; x_wconf 72' lang='grc' dir='ltr'>ὑπὲρ</span> <span class='ocrx_word' id='word_1_582' title='bbox 2361 2971 2453 3024; x_wconf 83' lang='grc' dir='ltr'>τὸν</span> <span class='ocrx_word' id='word_1_583' title='bbox 2483 2970 2735 3044; x_wconf 84' lang='grc' dir='ltr'>Χριστόν.</span> <span class='ocrx_word' id='word_1_584' title='bbox 2791 2969 2859 3026; x_wconf 87' lang='grc' dir='ltr'>Τί</span> <span class='ocrx_word' id='word_1_585' title='bbox 2917 2971 3020 3048; x_wconf 74' lang='grc' dir='ltr'>γάρ</span> <span class='ocrx_word' id='word_1_586' title='bbox 3073 2971 3140 3040; x_wconf 75' lang='grc' dir='ltr'>ἦν</span> <span class='ocrx_word' id='word_1_587' title='bbox 3201 2971 3264 3025; x_wconf 86' lang='grc' dir='ltr'>τὸ</span> <span class='ocrx_word' id='word_1_588' title='bbox 3323 2967 3502 3046; x_wconf 80' lang='grc' dir='ltr'>φιλεῖν</span> <span class='ocrx_word' id='word_1_589' title='bbox 3563 2968 3856 3038; x_wconf 71' lang='grc' dir='ltr'>ἐκείνουςς</span> 
     </span>
    </p>
   </div>
   <div class='ocr_carea' id='block_1_77' title="bbox 2197 3057 3860 3134">
    <p class='ocr_par' dir='ltr' id='par_1_77' title="bbox 2197 3057 3860 3134">
     <span class='ocr_line' id='line_1_77' title="bbox 2197 3057 3860 3134; baseline -0.002 -19"><span class='ocrx_word' id='word_1_590' title='bbox 2197 3058 2274 3116; x_wconf 85' lang='grc' dir='ltr'>Τὸ</span> <span class='ocrx_word' id='word_1_591' title='bbox 2305 3060 2419 3113; x_wconf 82' lang='grc' dir='ltr'>οἷον</span> <span class='ocrx_word' id='word_1_592' title='bbox 2451 3058 2730 3114; x_wconf 75' lang='grc' dir='ltr'>οἰκειῶσαι</span> <span class='ocrx_word' id='word_1_593' title='bbox 2759 3059 2957 3123; x_wconf 81' lang='grc' dir='ltr'>αὐτοὺς</span> <span class='ocrx_word' id='word_1_594' title='bbox 2986 3063 3062 3132; x_wconf 78' lang='grc' dir='ltr'>τῷ</span> <span class='ocrx_word' id='word_1_595' title='bbox 3121 3060 3357 3134; x_wconf 78' lang='grc' dir='ltr'>Χριστῷ.</span> <span class='ocrx_word' id='word_1_596' title='bbox 3416 3064 3538 3122; x_wconf 80' lang='grc' dir='ltr'>Πῶς</span> <span class='ocrx_word' id='word_1_597' title='bbox 3597 3060 3701 3115; x_wconf 83' lang='grc' dir='ltr'>οὖν</span> <span class='ocrx_word' id='word_1_598' title='bbox 3753 3057 3860 3114; x_wconf 82' lang='grc' dir='ltr'>ἔστι</span> 
     </span>
    </p>
   </div>
   <div class='ocr_carea' id='block_1_78' title="bbox 2203 3145 3852 3224">
    <p class='ocr_par' dir='ltr' id='par_1_78' title="bbox 2203 3145 3852 3224">
     <span class='ocr_line' id='line_1_78' title="bbox 2203 3145 3852 3224; baseline -0.001 -22"><span class='ocrx_word' id='word_1_599' title='bbox 2203 3147 2380 3221; x_wconf 79' lang='grc' dir='ltr'>φιλεῖν</span> <span class='ocrx_word' id='word_1_600' title='bbox 2449 3145 2684 3212; x_wconf 81' lang='grc' dir='ltr'>ἐκείνους</span> <span class='ocrx_word' id='word_1_601' title='bbox 2741 3148 2870 3224; x_wconf 78' lang='grc' dir='ltr'>ὑπὲρ</span> <span class='ocrx_word' id='word_1_602' title='bbox 2901 3149 2992 3203; x_wconf 87' lang='grc' dir='ltr'>τὸν</span> <span class='ocrx_word' id='word_1_603' title='bbox 3051 3149 3311 3224; x_wconf 85' lang='grc' dir='ltr'>Χριστὸν,</span> <span class='ocrx_word' id='word_1_604' title='bbox 3369 3151 3508 3204; x_wconf 79' lang='grc' dir='ltr'>ὅπου</span> <span class='ocrx_word' id='word_1_605' title='bbox 3566 3148 3852 3208; x_wconf 71' lang='grc' dir='ltr'>κάκείνους</span> 
     </span>
    </p>
   </div>
   <div class='ocr_carea' id='block_1_79' title="bbox 2207 3233 3856 3315">
    <p class='ocr_par' dir='ltr' id='par_1_79' title="bbox 2207 3233 3856 3315">
     <span class='ocr_line' id='line_1_79' title="bbox 2207 3233 3856 3315; baseline -0.001 -23"><span class='ocrx_word' id='word_1_606' title='bbox 2207 3237 2284 3300; x_wconf 84' lang='grc' dir='ltr'>εἰς</span> <span class='ocrx_word' id='word_1_607' title='bbox 2322 3239 2422 3307; x_wconf 77' lang='grc' dir='ltr'>τήν</span> <span class='ocrx_word' id='word_1_608' title='bbox 2464 3236 2652 3315; x_wconf 80' lang='grc' dir='ltr'>φιλίαν</span> <span class='ocrx_word' id='word_1_609' title='bbox 2710 3238 2799 3293; x_wconf 80' lang='grc' dir='ltr'>καὶ</span> <span class='ocrx_word' id='word_1_610' title='bbox 2859 3237 3100 3308; x_wconf 70' lang='grc' dir='ltr'>ὑπακοὴν</span> <span class='ocrx_word' id='word_1_611' title='bbox 3175 3237 3396 3294; x_wconf 74' lang='grc' dir='ltr'>ἑλκύσαι</span> <span class='ocrx_word' id='word_1_612' title='bbox 3482 3233 3716 3294; x_wconf 80' lang='grc' dir='ltr'>ἔσπευδε</span> <span class='ocrx_word' id='word_1_613' title='bbox 3767 3239 3856 3293; x_wconf 83' lang='grc' dir='ltr'>τοῦ</span> 
     </span>
    </p>
   </div>
   <div class='ocr_carea' id='block_1_80' title="bbox 2210 3322 3847 3404">
    <p class='ocr_par' dir='ltr' id='par_1_80' title="bbox 2210 3322 3847 3404">
     <span class='ocr_line' id='line_1_80' title="bbox 2210 3322 3847 3404; baseline 0 -20"><span class='ocrx_word' id='word_1_614' title='bbox 2210 3328 2444 3402; x_wconf 75' lang='grc' dir='ltr'>Χριστοῦ</span> <span class='ocrx_word' id='word_1_615' title='bbox 2477 3349 2491 3397; x_wconf 77' lang='grc' dir='ltr'>ς</span> <span class='ocrx_word' id='word_1_616' title='bbox 2527 3325 2757 3384; x_wconf 77' lang='grc' dir='ltr'>Μᾶλλον</span> <span class='ocrx_word' id='word_1_617' title='bbox 2817 3328 2919 3403; x_wconf 75' lang='grc' dir='ltr'>γάρ</span> <span class='ocrx_word' id='word_1_618' title='bbox 2977 3326 3368 3389; x_wconf 69' lang='grc' dir='ltr'>ἐπιδεικνύντος</span> <span class='ocrx_word' id='word_1_619' title='bbox 3426 3329 3526 3398; x_wconf 73' lang='grc' dir='ltr'>τήν</span> <span class='ocrx_word' id='word_1_620' title='bbox 3562 3322 3847 3404; x_wconf 77' lang='grc' dir='ltr'>ὑπερϐάλ-</span> 
     </span>
    </p>
   </div>
   <div class='ocr_carea' id='block_1_81' title="bbox 2210 3415 3849 3492">
    <p class='ocr_par' dir='ltr' id='par_1_81' title="bbox 2210 3415 3849 3492">
     <span class='ocr_line' id='line_1_81' title="bbox 2210 3415 3849 3492; baseline 0.002 -20"><span class='ocrx_word' id='word_1_621' title='bbox 2210 3415 2411 3472; x_wconf 88' lang='grc' dir='ltr'>λουσαν</span> <span class='ocrx_word' id='word_1_622' title='bbox 2442 3415 2655 3491; x_wconf 83' lang='grc' dir='ltr'>ἀγάπην</span> <span class='ocrx_word' id='word_1_623' title='bbox 2685 3415 2750 3484; x_wconf 69' lang='grc' dir='ltr'>ἢν</span> <span class='ocrx_word' id='word_1_624' title='bbox 2785 3416 2934 3492; x_wconf 76' lang='grc' dir='ltr'>εἶχεν</span> <span class='ocrx_word' id='word_1_625' title='bbox 2967 3417 3044 3481; x_wconf 81' lang='grc' dir='ltr'>είς</span> <span class='ocrx_word' id='word_1_626' title='bbox 3083 3417 3337 3492; x_wconf 87' lang='grc' dir='ltr'>Χριστὸν,</span> <span class='ocrx_word' id='word_1_627' title='bbox 3372 3417 3455 3472; x_wconf 82' lang='grc' dir='ltr'>δτι</span> <span class='ocrx_word' id='word_1_628' title='bbox 3485 3418 3574 3472; x_wconf 83' lang='grc' dir='ltr'>καὶ</span> <span class='ocrx_word' id='word_1_629' title='bbox 3639 3417 3849 3492; x_wconf 72' lang='grc' dir='ltr'>ἑτέρους</span> 
     </span>
    </p>
   </div>
   <div class='ocr_carea' id='block_1_82' title="bbox 2210 3503 3847 3583">
    <p class='ocr_par' dir='ltr' id='par_1_82' title="bbox 2210 3503 3847 3583">
     <span class='ocr_line' id='line_1_82' title="bbox 2210 3503 3847 3583; baseline -0.002 -23"><span class='ocrx_word' id='word_1_630' title='bbox 2210 3503 2532 3576; x_wconf 72' lang='grc' dir='ltr'>συνήλαυνεν</span> <span class='ocrx_word' id='word_1_631' title='bbox 2561 3505 2636 3568; x_wconf 83' lang='grc' dir='ltr'>είς</span> <span class='ocrx_word' id='word_1_632' title='bbox 2696 3504 2877 3565; x_wconf 66' lang='grc' dir='ltr'>αὐτόν.</span> <span class='ocrx_word' id='word_1_633' title='bbox 2939 3507 3065 3578; x_wconf 78' lang='grc' dir='ltr'>Ναὶ,</span> <span class='ocrx_word' id='word_1_634' title='bbox 3126 3507 3309 3583; x_wconf 76' lang='grc' dir='ltr'>φησὶν,</span> <span class='ocrx_word' id='word_1_635' title='bbox 3366 3505 3412 3561; x_wconf 83' lang='grc' dir='ltr'>εί</span> <span class='ocrx_word' id='word_1_636' title='bbox 3475 3507 3552 3580; x_wconf 81' lang='grc' dir='ltr'>μή</span> <span class='ocrx_word' id='word_1_637' title='bbox 3591 3505 3847 3582; x_wconf 79' lang='grc' dir='ltr'>ἐχώριζεν</span> 
     </span>
    </p>
   </div>
   <div class='ocr_carea' id='block_1_83' title="bbox 2209 3594 3842 3673">
    <p class='ocr_par' dir='ltr' id='par_1_83' title="bbox 2209 3594 3842 3673">
     <span class='ocr_line' id='line_1_83' title="bbox 2209 3594 3842 3673; baseline 0.001 -23"><span class='ocrx_word' id='word_1_638' title='bbox 2209 3595 2397 3651; x_wconf 73' lang='grc' dir='ltr'>ἑαυτὸν</span> <span class='ocrx_word' id='word_1_639' title='bbox 2423 3600 2520 3650; x_wconf 84' lang='grc' dir='ltr'>τοῦ</span> <span class='ocrx_word' id='word_1_640' title='bbox 2554 3599 2815 3672; x_wconf 68' lang='grc' dir='ltr'>Χριστοῦ,</span> <span class='ocrx_word' id='word_1_641' title='bbox 2845 3594 3040 3673; x_wconf 72' lang='grc' dir='ltr'>λέγων’</span> <span class='ocrx_word' id='word_1_642' title='bbox 3077 3621 3104 3648; x_wconf 88' lang='grc'>‹‹</span> <span class='ocrx_word' id='word_1_643' title='bbox 3133 3596 3405 3671; x_wconf 74' lang='grc' dir='ltr'>Ηῦχόμην</span> <span class='ocrx_word' id='word_1_644' title='bbox 3438 3595 3601 3658; x_wconf 80' lang='grc' dir='ltr'>αὐτὸς</span> <span class='ocrx_word' id='word_1_645' title='bbox 3664 3595 3784 3672; x_wconf 87' lang='grc' dir='ltr'>ἐγὼ,</span> <span class='ocrx_word' id='word_1_646' title='bbox 3819 3615 3842 3643; x_wconf 76' lang='grc' dir='ltr'>ιο</span> 
     </span>
    </p>
   </div>
   <div class='ocr_carea' id='block_1_84' title="bbox 2209 3681 3842 3762">
    <p class='ocr_par' dir='ltr' id='par_1_84' title="bbox 2209 3681 3842 3762">
     <span class='ocr_line' id='line_1_84' title="bbox 2209 3681 3842 3762; baseline -0.003 -22"><span class='ocrx_word' id='word_1_647' title='bbox 2209 3686 2296 3740; x_wconf 71' lang='grc' dir='ltr'>καὶ</span> <span class='ocrx_word' id='word_1_648' title='bbox 2340 3683 2480 3755; x_wconf 77' lang='grc' dir='ltr'>ἐξῆς.</span> <span class='ocrx_word' id='word_1_649' title='bbox 2539 3686 2600 3739; x_wconf 87' lang='grc' dir='ltr'>Τί</span> <span class='ocrx_word' id='word_1_650' title='bbox 2658 3686 2750 3741; x_wconf 74' lang='grc' dir='ltr'>οὖν</span> <span class='ocrx_word' id='word_1_651' title='bbox 2793 3706 3009 3759; x_wconf 74' lang='grc' dir='ltr'>σαμενς</span> <span class='ocrx_word' id='word_1_652' title='bbox 3069 3687 3138 3742; x_wconf 73' lang='lat' dir='ltr'>“li</span> <span class='ocrx_word' id='word_1_653' title='bbox 3198 3681 3280 3741; x_wconf 77' lang='grc' dir='ltr'>ὅτι</span> <span class='ocrx_word' id='word_1_654' title='bbox 3332 3687 3407 3760; x_wconf 82' lang='grc' dir='ltr'>μὴ</span> <span class='ocrx_word' id='word_1_655' title='bbox 3465 3685 3697 3762; x_wconf 70' lang='grc' dir='ltr'>γένοιτο,</span> <span class='ocrx_word' id='word_1_656' title='bbox 3752 3681 3842 3738; x_wconf 76' lang='grc' dir='ltr'>οὐκ</span> 
     </span>
    </p>
   </div>
   <div class='ocr_carea' id='block_1_85' title="bbox 2211 3771 3834 3852">
    <p class='ocr_par' dir='ltr' id='par_1_85' title="bbox 2211 3771 3834 3852">
     <span class='ocr_line' id='line_1_85' title="bbox 2211 3771 3834 3852; baseline -0.003 -24"><span class='ocrx_word' id='word_1_657' title='bbox 2211 3773 2490 3849; x_wconf 77' lang='grc' dir='ltr'>ἐχώριζεν·</span> <span class='ocrx_word' id='word_1_658' title='bbox 2554 3775 2617 3830; x_wconf 82' lang='grc' dir='ltr'>οὐ</span> <span class='ocrx_word' id='word_1_659' title='bbox 2679 3775 2780 3852; x_wconf 76' lang='grc' dir='ltr'>γὰρ</span> <span class='ocrx_word' id='word_1_660' title='bbox 2840 3775 3008 3840; x_wconf 79' lang='grc' dir='ltr'>εἶπεν,</span> <span class='ocrx_word' id='word_1_661' title='bbox 3069 3771 3322 3850; x_wconf 75' lang='grc' dir='ltr'>Εῦχομαι</span> <span class='ocrx_word' id='word_1_662' title='bbox 3375 3778 3536 3830; x_wconf 88' lang='grc' dir='ltr'>τοῦτο</span> <span class='ocrx_word' id='word_1_663' title='bbox 3592 3772 3834 3850; x_wconf 74' lang='grc' dir='ltr'>γενέσθαι,</span> 
     </span>
    </p>
   </div>
   <div class='ocr_carea' id='block_1_86' title="bbox 2212 3860 3826 3940">
    <p class='ocr_par' dir='ltr' id='par_1_86' title="bbox 2212 3860 3826 3940">
     <span class='ocr_line' id='line_1_86' title="bbox 2212 3860 3826 3940; baseline -0.005 -21"><span class='ocrx_word' id='word_1_664' title='bbox 2212 3862 2356 3919; x_wconf 75' lang='grc' dir='ltr'>ἀλλὰ</span> <span class='ocrx_word' id='word_1_665' title='bbox 2385 3865 2445 3919; x_wconf 82' lang='grc' dir='ltr'>τὸ</span> <span class='ocrx_word' id='word_1_666' title='bbox 2477 3861 2735 3939; x_wconf 81' lang='grc' dir='ltr'>διάπυρον</span> <span class='ocrx_word' id='word_1_667' title='bbox 2767 3869 2864 3920; x_wconf 87' lang='grc' dir='ltr'>τοῦ</span> <span class='ocrx_word' id='word_1_668' title='bbox 2894 3865 3063 3920; x_wconf 81' lang='grc' dir='ltr'>πόθου</span> <span class='ocrx_word' id='word_1_669' title='bbox 3095 3864 3227 3938; x_wconf 80' lang='grc' dir='ltr'>ὅπερ</span> <span class='ocrx_word' id='word_1_670' title='bbox 3276 3863 3412 3940; x_wconf 90' lang='grc' dir='ltr'>πρὸς</span> <span class='ocrx_word' id='word_1_671' title='bbox 3463 3865 3551 3919; x_wconf 86' lang='grc' dir='ltr'>τὸν</span> <span class='ocrx_word' id='word_1_672' title='bbox 3619 3860 3826 3936; x_wconf 81' lang='grc' dir='ltr'>Χριστὸν</span> 
     </span>
    </p>
   </div>
   <div class='ocr_carea' id='block_1_87' title="bbox 2212 3948 3818 4028">
    <p class='ocr_par' dir='ltr' id='par_1_87' title="bbox 2212 3948 3818 4028">
     <span class='ocr_line' id='line_1_87' title="bbox 2212 3948 3818 4028; baseline -0.006 -20"><span class='ocrx_word' id='word_1_673' title='bbox 2212 3953 2380 4028; x_wconf 74' lang='grc' dir='ltr'>εἶχεν,</span> <span class='ocrx_word' id='word_1_674' title='bbox 2410 3953 2500 4008; x_wconf 82' lang='grc' dir='ltr'>καὶ</span> <span class='ocrx_word' id='word_1_675' title='bbox 2529 3955 2628 4023; x_wconf 75' lang='grc' dir='ltr'>τήν</span> <span class='ocrx_word' id='word_1_676' title='bbox 2661 3951 2900 4023; x_wconf 74' lang='grc' dir='ltr'>σπουδὴν</span> <span class='ocrx_word' id='word_1_677' title='bbox 2955 3954 3019 4023; x_wconf 68' lang='grc' dir='ltr'>ἣν</span> <span class='ocrx_word' id='word_1_678' title='bbox 3051 3948 3424 4010; x_wconf 77' lang='grc' dir='ltr'>κατεϐἀλλετο</span> <span class='ocrx_word' id='word_1_679' title='bbox 3482 3953 3552 4015; x_wconf 72' lang='grc' dir='ltr'>εἷς</span> <span class='ocrx_word' id='word_1_680' title='bbox 3577 3951 3634 4004; x_wconf 83' lang='grc' dir='ltr'>τὸ</span> <span class='ocrx_word' id='word_1_681' title='bbox 3665 3965 3818 4022; x_wconf 82' lang='grc' dir='ltr'>προσ-</span> 
     </span>
    </p>
   </div>
   <div class='ocr_carea' id='block_1_88' title="bbox 2211 4037 3815 4120">
    <p class='ocr_par' dir='ltr' id='par_1_88' title="bbox 2211 4037 3815 4120">
     <span class='ocr_line' id='line_1_88' title="bbox 2211 4037 3815 4120; baseline -0.001 -20"><span class='ocrx_word' id='word_1_682' title='bbox 2211 4051 2425 4120; x_wconf 85' lang='grc' dir='ltr'>αγαγεῖν</span> <span class='ocrx_word' id='word_1_683' title='bbox 2458 4047 2656 4108; x_wconf 86' lang='grc' dir='ltr'>πάντας</span> <span class='ocrx_word' id='word_1_684' title='bbox 2713 4045 2880 4118; x_wconf 82' lang='grc' dir='ltr'>αὐτῷ,</span> <span class='ocrx_word' id='word_1_685' title='bbox 2919 4044 3009 4100; x_wconf 85' lang='grc' dir='ltr'>καὶ</span> <span class='ocrx_word' id='word_1_686' title='bbox 3064 4041 3301 4118; x_wconf 83' lang='grc' dir='ltr'>μάλιστα</span> <span class='ocrx_word' id='word_1_687' title='bbox 3357 4047 3479 4108; x_wconf 84' lang='grc' dir='ltr'>τοὺς</span> <span class='ocrx_word' id='word_1_688' title='bbox 3525 4037 3815 4099; x_wconf 76' lang='grc' dir='ltr'>Ἰουδαίους·</span> 
     </span>
    </p>
   </div>
   <div class='ocr_carea' id='block_1_89' title="bbox 2211 4133 3828 4213">
    <p class='ocr_par' dir='ltr' id='par_1_89' title="bbox 2211 4133 3828 4213">
     <span class='ocr_line' id='line_1_89' title="bbox 2211 4133 3828 4213; baseline -0.005 -22"><span class='ocrx_word' id='word_1_689' title='bbox 2211 4138 2489 4212; x_wconf 76' lang='grc' dir='ltr'>οὗτοιγᾶρ</span> <span class='ocrx_word' id='word_1_690' title='bbox 2519 4139 2608 4193; x_wconf 78' lang='grc' dir='ltr'>καὶ</span> <span class='ocrx_word' id='word_1_691' title='bbox 2665 4142 2958 4213; x_wconf 82' lang='grc' dir='ltr'>συγγενεῖς,</span> <span class='ocrx_word' id='word_1_692' title='bbox 3016 4137 3104 4192; x_wconf 82' lang='grc' dir='ltr'>καὶ</span> <span class='ocrx_word' id='word_1_693' title='bbox 3167 4135 3404 4210; x_wconf 83' lang='grc' dir='ltr'>μάλιστα</span> <span class='ocrx_word' id='word_1_694' title='bbox 3456 4133 3828 4192; x_wconf 78' lang='grc' dir='ltr'>ἀντιπίπτοντες</span> 
     </span>
    </p>
   </div>
   <div class='ocr_carea' id='block_1_90' title="bbox 2210 4225 3832 4302">
    <p class='ocr_par' dir='ltr' id='par_1_90' title="bbox 2210 4225 3832 4302">
     <span class='ocr_line' id='line_1_90' title="bbox 2210 4225 3832 4302; baseline -0.001 -21"><span class='ocrx_word' id='word_1_695' title='bbox 2210 4225 2526 4300; x_wconf 68' lang='grc' dir='ltr'>ἐτύγχανον.</span> <span class='ocrx_word' id='word_1_696' title='bbox 2585 4229 2768 4284; x_wconf 85' lang='grc' dir='ltr'>Ταῦτα</span> <span class='ocrx_word' id='word_1_697' title='bbox 2818 4226 2908 4281; x_wconf 78' lang='grc' dir='ltr'>οὖν</span> <span class='ocrx_word' id='word_1_698' title='bbox 2943 4234 3281 4300; x_wconf 76' lang='grc' dir='ltr'>παραστῆσαι</span> <span class='ocrx_word' id='word_1_699' title='bbox 3341 4225 3703 4302; x_wconf 72' lang='grc' dir='ltr'>βουλόμενος,</span> <span class='ocrx_word' id='word_1_700' title='bbox 3733 4241 3832 4298; x_wconf 69' lang='grc' dir='ltr'>φη·</span> 
     </span>
    </p>
   </div>
   <div class='ocr_carea' id='block_1_91' title="bbox 2211 4310 3835 4390">
    <p class='ocr_par' dir='ltr' id='par_1_91' title="bbox 2211 4310 3835 4390">
     <span class='ocr_line' id='line_1_91' title="bbox 2211 4310 3835 4390; baseline -0.002 -20"><span class='ocrx_word' id='word_1_701' title='bbox 2211 4314 2314 4381; x_wconf 81' lang='grc' dir='ltr'>σῖν,</span> <span class='ocrx_word' id='word_1_702' title='bbox 2343 4315 2424 4370; x_wconf 82' lang='grc' dir='ltr'>δτι</span> <span class='ocrx_word' id='word_1_703' title='bbox 2456 4315 2519 4371; x_wconf 78' lang='lat' dir='ltr'>El</span> <span class='ocrx_word' id='word_1_704' title='bbox 2547 4318 2612 4384; x_wconf 71' lang='grc' dir='ltr'>ἦν</span> <span class='ocrx_word' id='word_1_705' title='bbox 2647 4312 2869 4370; x_wconf 85' lang='grc' dir='ltr'>δυνατὸν</span> <span class='ocrx_word' id='word_1_706' title='bbox 2903 4312 2993 4370; x_wconf 78' lang='grc' dir='ltr'>διὰ</span> <span class='ocrx_word' id='word_1_707' title='bbox 3038 4323 3136 4385; x_wconf 74' lang='grc' dir='ltr'>τῆς</span> <span class='ocrx_word' id='word_1_708' title='bbox 3180 4316 3318 4390; x_wconf 81' lang='grc' dir='ltr'>ἐμῆς</span> <span class='ocrx_word' id='word_1_709' title='bbox 3351 4313 3629 4376; x_wconf 82' lang='grc' dir='ltr'>ἀπωλείας</span> <span class='ocrx_word' id='word_1_710' title='bbox 3687 4310 3835 4381; x_wconf 64' lang='grc' dir='ltr'>δοξα-</span> 
     </span>
    </p>
   </div>
   <div class='ocr_carea' id='block_1_92' title="bbox 2211 4402 3837 4480">
    <p class='ocr_par' dir='ltr' id='par_1_92' title="bbox 2211 4402 3837 4480">
     <span class='ocr_line' id='line_1_92' title="bbox 2211 4402 3837 4480; baseline 0.002 -21"><span class='ocrx_word' id='word_1_711' title='bbox 2211 4408 2399 4473; x_wconf 77' lang='grc' dir='ltr'>σθῆναι</span> <span class='ocrx_word' id='word_1_712' title='bbox 2457 4405 2548 4460; x_wconf 88' lang='grc' dir='ltr'>τὸν</span> <span class='ocrx_word' id='word_1_713' title='bbox 2612 4406 2840 4480; x_wconf 82' lang='grc' dir='ltr'>Χριστὸν</span> <span class='ocrx_word' id='word_1_714' title='bbox 2899 4405 2989 4461; x_wconf 83' lang='grc' dir='ltr'>καὶ</span> <span class='ocrx_word' id='word_1_715' title='bbox 3048 4413 3286 4477; x_wconf 73' lang='grc' dir='ltr'>σωθῆναι</span> <span class='ocrx_word' id='word_1_716' title='bbox 3346 4407 3470 4469; x_wconf 72' lang='grc' dir='ltr'>τοὺς</span> <span class='ocrx_word' id='word_1_717' title='bbox 3525 4402 3837 4469; x_wconf 77' lang='grc' dir='ltr'>Ἰουδαίους,</span> 
     </span>
    </p>
   </div>
   <div class='ocr_carea' id='block_1_93' title="bbox 2210 4489 3838 4571">
    <p class='ocr_par' dir='ltr' id='par_1_93' title="bbox 2210 4489 3838 4571">
     <span class='ocr_line' id='line_1_93' title="bbox 2210 4489 3838 4571; baseline -0.002 -24"><span class='ocrx_word' id='word_1_718' title='bbox 2210 4489 2523 4548; x_wconf 72' lang='grc' dir='ltr'>οὐδὲτοῦτο</span> <span class='ocrx_word' id='word_1_719' title='bbox 2586 4492 2644 4548; x_wconf 73' lang='grc' dir='ltr'>ἂν</span> <span class='ocrx_word' id='word_1_720' title='bbox 2701 4494 3130 4570; x_wconf 72' lang='grc' dir='ltr'>παρῃτησάμην.</span> <span class='ocrx_word' id='word_1_721' title='bbox 3183 4495 3458 4571; x_wconf 81' lang='grc' dir='ltr'>Ηύχόμην</span> <span class='ocrx_word' id='word_1_722' title='bbox 3508 4492 3838 4571; x_wconf 72' lang='grc' dir='ltr'>γάρ,φησῖν,</span> 
     </span>
    </p>
   </div>
   <div class='ocr_carea' id='block_1_94' title="bbox 456 4575 2091 4660">
    <p class='ocr_par' dir='ltr' id='par_1_94' title="bbox 456 4575 2091 4654">
     <span class='ocr_line' id='line_1_94' title="bbox 456 4575 2091 4654; baseline 0.006 -26"><span class='ocrx_word' id='word_1_723' title='bbox 456 4581 632 4644; x_wconf 89' lang='lat' dir='ltr'>esset,</span> <span class='ocrx_word' id='word_1_724' title='bbox 665 4575 713 4631; x_wconf 92' lang='lat' dir='ltr'>si</span> <span class='ocrx_word' id='word_1_725' title='bbox 746 4575 972 4646; x_wconf 88' lang='lat' dir='ltr'>liceret,</span> <span class='ocrx_word' id='word_1_726' title='bbox 997 4579 1208 4635; x_wconf 89' lang='lat' dir='ltr'>simihi</span> <span class='ocrx_word' id='word_1_727' title='bbox 1244 4581 1368 4638; x_wconf 62' lang='lat' dir='ltr'>haec</span> <span class='ocrx_word' id='word_1_728' title='bbox 1401 4583 1560 4654; x_wconf 88' lang='lat' dir='ltr'>optio</span> <span class='ocrx_word' id='word_1_729' title='bbox 1587 4582 1860 4638; x_wconf 84' lang='lat' dir='ltr'>daretur:</span> <span class='ocrx_word' id='word_1_730' title='bbox 1891 4583 2091 4638; x_wconf 89' lang='lat' dir='ltr'>Utrum</span> 
     </span>
    </p>
   </div>
   <div class='ocr_carea' id='block_1_95' title="bbox 2202 4575 3840 4660">
    <p class='ocr_par' dir='ltr' id='par_1_95' title="bbox 2206 4577 3840 4660">
     <span class='ocr_line' id='line_1_95' title="bbox 2235 4577 3821 4616; baseline 0 -14"><span class='ocrx_word' id='word_1_731' title='bbox 2235 4581 2254 4603; x_wconf 75' lang='lat'>’.</span> <span class='ocrx_word' id='word_1_732' title='bbox 2289 4581 2302 4596; x_wconf 65' lang='lat'><em>‘</em></span> <span class='ocrx_word' id='word_1_733' title='bbox 2438 4582 2446 4598; x_wconf 68' lang='grc' dir='ltr'>ν</span> <span class='ocrx_word' id='word_1_734' title='bbox 2629 4581 2642 4602; x_wconf 75' lang='grc'><strong>9</strong></span> <span class='ocrx_word' id='word_1_735' title='bbox 2803 4584 2813 4595; x_wconf 86' lang='grc'><strong>⁹</strong></span> <span class='ocrx_word' id='word_1_736' title='bbox 3037 4583 3062 4606; x_wconf 67' lang='grc' dir='ltr'><strong><em>κ</em></strong></span> <span class='ocrx_word' id='word_1_737' title='bbox 3489 4583 3502 4602; x_wconf 74' lang='grc' dir='ltr'><strong><em>Ι</em></strong></span> <span class='ocrx_word' id='word_1_738' title='bbox 3701 4577 3779 4602; x_wconf 60' lang='grc' dir='ltr'>σορκ</span> <span class='ocrx_word' id='word_1_739' title='bbox 3814 4601 3821 4616; x_wconf 59' lang='grc'><strong>1</strong></span> 
     </span>
     <span class='ocr_line' id='line_1_96' title="bbox 2206 4582 3840 4660; baseline -0.002 -24"><span class='ocrx_word' id='word_1_740' title='bbox 2206 4602 2249 4636; x_wconf 81' lang='grc' dir='ltr'>ει</span> <span class='ocrx_word' id='word_1_741' title='bbox 2286 4601 2566 4656; x_wconf 81' lang='grc' dir='ltr'>ενεχωρει,</span> <span class='ocrx_word' id='word_1_742' title='bbox 2600 4604 2644 4638; x_wconf 84' lang='grc' dir='ltr'>ει</span> <span class='ocrx_word' id='word_1_743' title='bbox 2677 4583 2977 4660; x_wconf 80' lang='grc' dir='ltr'>ἐνεδεχετο,</span> <span class='ocrx_word' id='word_1_744' title='bbox 3010 4605 3053 4639; x_wconf 85' lang='grc' dir='ltr'>ει</span> <span class='ocrx_word' id='word_1_745' title='bbox 3105 4605 3186 4648; x_wconf 86' lang='grc' dir='ltr'>τις</span> <span class='ocrx_word' id='word_1_746' title='bbox 3249 4607 3343 4660; x_wconf 79' lang='grc' dir='ltr'>μοι</span> <span class='ocrx_word' id='word_1_747' title='bbox 3409 4605 3608 4654; x_wconf 85' lang='grc' dir='ltr'>ταυτην</span> <span class='ocrx_word' id='word_1_748' title='bbox 3668 4582 3840 4638; x_wconf 73' lang='grc' dir='ltr'>ἐοιοου</span> 
     </span>
    </p>
   </div>
   <div class='ocr_carea' id='block_1_96' title="bbox 456 4665 2099 4742">
    <p class='ocr_par' dir='ltr' id='par_1_96' title="bbox 456 4665 2099 4742">
     <span class='ocr_line' id='line_1_97' title="bbox 456 4665 2099 4742; baseline 0.008 -25"><span class='ocrx_word' id='word_1_749' title='bbox 456 4665 622 4734; x_wconf 90' lang='lat' dir='ltr'>cupis</span> <span class='ocrx_word' id='word_1_750' title='bbox 653 4666 852 4722; x_wconf 90' lang='lat' dir='ltr'>dirimi</span> <span class='ocrx_word' id='word_1_751' title='bbox 884 4685 917 4724; x_wconf 91' lang='lat' dir='ltr'>a</span> <span class='ocrx_word' id='word_1_752' title='bbox 947 4671 1198 4742; x_wconf 88' lang='lat' dir='ltr'>Christo,</span> <span class='ocrx_word' id='word_1_753' title='bbox 1232 4680 1299 4729; x_wconf 91' lang='lat' dir='ltr'>ut</span> <span class='ocrx_word' id='word_1_754' title='bbox 1330 4673 1525 4729; x_wconf 88' lang='lat' dir='ltr'>omnis</span> <span class='ocrx_word' id='word_1_755' title='bbox 1555 4673 1717 4730; x_wconf 88' lang='lat' dir='ltr'>natio</span> <span class='ocrx_word' id='word_1_756' title='bbox 1759 4673 2099 4730; x_wconf 76' lang='lat' dir='ltr'>Judaeorum</span> 
     </span>
    </p>
   </div>
   <div class='ocr_carea' id='block_1_97' title="bbox 456 4752 2098 4836">
    <p class='ocr_par' dir='ltr' id='par_1_97' title="bbox 456 4752 2098 4836">
     <span class='ocr_line' id='line_1_98' title="bbox 456 4752 2098 4836; baseline 0.009 -33"><span class='ocrx_word' id='word_1_757' title='bbox 456 4752 716 4824; x_wconf 90' lang='lat' dir='ltr'>uniatur,</span> <span class='ocrx_word' id='word_1_758' title='bbox 748 4756 1130 4830; x_wconf 87' lang='lat' dir='ltr'>Christusque</span> <span class='ocrx_word' id='word_1_759' title='bbox 1162 4762 1544 4836; x_wconf 72' lang='lat' dir='ltr'>glorificatur,</span> <span class='ocrx_word' id='word_1_760' title='bbox 1587 4768 1643 4818; x_wconf 90' lang='lat' dir='ltr'>et</span> <span class='ocrx_word' id='word_1_761' title='bbox 1672 4763 2098 4836; x_wconf 90' lang='lat' dir='ltr'>promissiones</span> 
     </span>
    </p>
   </div>
   <div class='ocr_carea' id='block_1_98' title="bbox 456 4842 2098 4924">
    <p class='ocr_par' dir='ltr' id='par_1_98' title="bbox 456 4842 2098 4924">
     <span class='ocr_line' id='line_1_99' title="bbox 456 4842 2098 4924; baseline 0.01 -30"><span class='ocrx_word' id='word_1_762' title='bbox 456 4842 646 4898; x_wconf 89' lang='lat' dir='ltr'>Patris</span> <span class='ocrx_word' id='word_1_763' title='bbox 673 4847 1082 4918; x_wconf 87' lang='lat' dir='ltr'>compleantur</span> <span class='ocrx_word' id='word_1_764' title='bbox 1109 4852 1136 4906; x_wconf 71' lang='lat'>‘2</span> <span class='ocrx_word' id='word_1_765' title='bbox 1167 4869 1240 4908; x_wconf 88' lang='lat' dir='ltr'>an</span> <span class='ocrx_word' id='word_1_766' title='bbox 1273 4854 1334 4908; x_wconf 91' lang='lat' dir='ltr'>in</span> <span class='ocrx_word' id='word_1_767' title='bbox 1366 4853 1478 4909; x_wconf 90' lang='lat' dir='ltr'>hac</span> <span class='ocrx_word' id='word_1_768' title='bbox 1507 4853 1729 4910; x_wconf 90' lang='lat' dir='ltr'>unione</span> <span class='ocrx_word' id='word_1_769' title='bbox 1763 4860 1993 4924; x_wconf 87' lang='lat' dir='ltr'>esse,ut</span> <span class='ocrx_word' id='word_1_770' title='bbox 2013 4853 2098 4910; x_wconf 91' lang='lat' dir='ltr'>sic</span> 
     </span>
    </p>
   </div>
   <div class='ocr_carea' id='block_1_99' title="bbox 453 4935 2098 5016">
    <p class='ocr_par' dir='ltr' id='par_1_99' title="bbox 453 4935 2098 5016">
     <span class='ocr_line' id='line_1_100' title="bbox 453 4935 2098 5016; baseline 0.007 -31"><span class='ocrx_word' id='word_1_771' title='bbox 453 4936 579 4987; x_wconf 84' lang='lat' dir='ltr'>tota</span> <span class='ocrx_word' id='word_1_772' title='bbox 604 4935 764 4989; x_wconf 87' lang='lat' dir='ltr'>natio</span> <span class='ocrx_word' id='word_1_773' title='bbox 794 4936 1132 4995; x_wconf 75' lang='lat' dir='ltr'>Judmorum</span> <span class='ocrx_word' id='word_1_774' title='bbox 1164 4942 1440 4999; x_wconf 88' lang='lat' dir='ltr'>seditiose</span> <span class='ocrx_word' id='word_1_775' title='bbox 1472 4949 1603 5016; x_wconf 88' lang='lat' dir='ltr'>agat</span> <span class='ocrx_word' id='word_1_776' title='bbox 1632 4960 1698 5000; x_wconf 87' lang='lat' dir='ltr'>ac</span> <span class='ocrx_word' id='word_1_777' title='bbox 1734 4948 2044 5015; x_wconf 88' lang='lat' dir='ltr'>separetur</span> <span class='ocrx_word' id='word_1_778' title='bbox 2071 4941 2098 4998; x_wconf 71' lang='lat'>‘2</span> 
     </span>
    </p>
   </div>
   <div class='ocr_carea' id='block_1_100' title="bbox 455 5020 2094 5103">
    <p class='ocr_par' dir='ltr' id='par_1_100' title="bbox 455 5020 2094 5103">
     <span class='ocr_line' id='line_1_101' title="bbox 455 5020 2094 5103; baseline 0.007 -28"><span class='ocrx_word' id='word_1_779' title='bbox 455 5020 505 5076; x_wconf 89' lang='lat' dir='ltr'>si</span> <span class='ocrx_word' id='word_1_780' title='bbox 556 5038 694 5095; x_wconf 82' lang='lat' dir='ltr'>ergo</span> <span class='ocrx_word' id='word_1_781' title='bbox 741 5024 867 5081; x_wconf 67' lang='lat' dir='ltr'>haec</span> <span class='ocrx_word' id='word_1_782' title='bbox 917 5038 1413 5101; x_wconf 90' lang='lat' dir='ltr'>proponerentur,</span> <span class='ocrx_word' id='word_1_783' title='bbox 1466 5034 1829 5103; x_wconf 70' lang='lat' dir='ltr'>praeferrem,</span> <span class='ocrx_word' id='word_1_784' title='bbox 1880 5032 2094 5102; x_wconf 88' lang='lat' dir='ltr'>inquit,</span> 
     </span>
    </p>
   </div>
   <div class='ocr_carea' id='block_1_101' title="bbox 451 5109 2092 5192">
    <p class='ocr_par' dir='ltr' id='par_1_101' title="bbox 451 5109 2092 5192">
     <span class='ocr_line' id='line_1_102' title="bbox 451 5109 2092 5192; baseline 0.008 -29"><span class='ocrx_word' id='word_1_785' title='bbox 451 5109 669 5166; x_wconf 88' lang='lat' dir='ltr'>Christi</span> <span class='ocrx_word' id='word_1_786' title='bbox 698 5113 948 5186; x_wconf 86' lang='lat' dir='ltr'>gloriam</span> <span class='ocrx_word' id='word_1_787' title='bbox 982 5117 1424 5191; x_wconf 89' lang='lat' dir='ltr'>multorumque</span> <span class='ocrx_word' id='word_1_788' title='bbox 1457 5121 1710 5176; x_wconf 86' lang='lat' dir='ltr'>salutem</span> <span class='ocrx_word' id='word_1_789' title='bbox 1747 5137 1924 5192; x_wconf 89' lang='lat' dir='ltr'>quam</span> <span class='ocrx_word' id='word_1_790' title='bbox 1957 5137 2092 5192; x_wconf 88' lang='lat' dir='ltr'>pro-</span> 
     </span>
    </p>
   </div>
   <div class='ocr_carea' id='block_1_102' title="bbox 449 5199 2096 5282">
    <p class='ocr_par' dir='ltr' id='par_1_102' title="bbox 449 5199 2096 5282">
     <span class='ocr_line' id='line_1_103' title="bbox 449 5199 2096 5282; baseline 0.008 -30"><span class='ocrx_word' id='word_1_791' title='bbox 449 5199 662 5270; x_wconf 87' lang='lat' dir='ltr'>priam.</span> <span class='ocrx_word' id='word_1_792' title='bbox 698 5202 873 5260; x_wconf 83' lang='lat' dir='ltr'>Vides</span> <span class='ocrx_word' id='word_1_793' title='bbox 904 5205 1178 5262; x_wconf 86' lang='lat' dir='ltr'>eximium</span> <span class='ocrx_word' id='word_1_794' title='bbox 1206 5209 1419 5265; x_wconf 88' lang='lat' dir='ltr'>Christi</span> <span class='ocrx_word' id='word_1_795' title='bbox 1445 5226 1706 5267; x_wconf 87' lang='lat' dir='ltr'>amorem</span> <span class='ocrx_word' id='word_1_796' title='bbox 1728 5209 1757 5265; x_wconf 73' lang='lat'>‘2</span> <span class='ocrx_word' id='word_1_797' title='bbox 1778 5212 2096 5282; x_wconf 88' lang='lat' dir='ltr'>Postquam</span> 
     </span>
    </p>
   </div>
   <div class='ocr_carea' id='block_1_103' title="bbox 445 5287 2094 5370">
    <p class='ocr_par' dir='ltr' id='par_1_103' title="bbox 445 5287 2094 5370">
     <span class='ocr_line' id='line_1_104' title="bbox 445 5287 2094 5370; baseline 0.007 -28"><span class='ocrx_word' id='word_1_798' title='bbox 445 5287 520 5342; x_wconf 83' lang='lat' dir='ltr'>ab</span> <span class='ocrx_word' id='word_1_799' title='bbox 552 5291 829 5348; x_wconf 89' lang='lat' dir='ltr'>omnibus</span> <span class='ocrx_word' id='word_1_800' title='bbox 861 5311 993 5366; x_wconf 68' lang='lat' dir='ltr'>quas</span> <span class='ocrx_word' id='word_1_801' title='bbox 1028 5303 1186 5366; x_wconf 89' lang='lat' dir='ltr'>sunt,</span> <span class='ocrx_word' id='word_1_802' title='bbox 1229 5298 1446 5354; x_wconf 90' lang='lat' dir='ltr'>Christi</span> <span class='ocrx_word' id='word_1_803' title='bbox 1495 5315 1760 5355; x_wconf 88' lang='lat' dir='ltr'>amorem</span> <span class='ocrx_word' id='word_1_804' title='bbox 1804 5299 2094 5370; x_wconf 86' lang='lat' dir='ltr'>osrendit,</span> 
     </span>
    </p>
   </div>
   <div class='ocr_carea' id='block_1_104' title="bbox 447 5381 2093 5462">
    <p class='ocr_par' dir='ltr' id='par_1_104' title="bbox 447 5381 2093 5462">
     <span class='ocr_line' id='line_1_105' title="bbox 447 5381 2093 5462; baseline 0.007 -31"><span class='ocrx_word' id='word_1_805' title='bbox 447 5381 721 5438; x_wconf 86' lang='lat' dir='ltr'>eumdem</span> <span class='ocrx_word' id='word_1_806' title='bbox 751 5400 908 5440; x_wconf 92' lang='lat' dir='ltr'>nunc</span> <span class='ocrx_word' id='word_1_807' title='bbox 966 5385 1336 5444; x_wconf 87' lang='lat' dir='ltr'>demonstrat</span> <span class='ocrx_word' id='word_1_808' title='bbox 1367 5387 1438 5444; x_wconf 89' lang='lat' dir='ltr'>ab</span> <span class='ocrx_word' id='word_1_809' title='bbox 1471 5389 1564 5446; x_wconf 89' lang='lat' dir='ltr'>his</span> <span class='ocrx_word' id='word_1_810' title='bbox 1595 5405 1726 5462; x_wconf 66' lang='lat' dir='ltr'>quas</span> <span class='ocrx_word' id='word_1_811' title='bbox 1784 5405 1906 5445; x_wconf 91' lang='lat' dir='ltr'>non</span> <span class='ocrx_word' id='word_1_812' title='bbox 1935 5394 2093 5457; x_wconf 90' lang='lat' dir='ltr'>sunt,</span> 
     </span>
    </p>
   </div>
   <div class='ocr_carea' id='block_1_105' title="bbox 449 5470 2090 5553">
    <p class='ocr_par' dir='ltr' id='par_1_105' title="bbox 449 5470 2090 5553">
     <span class='ocr_line' id='line_1_106' title="bbox 449 5470 2090 5553; baseline 0.009 -32"><span class='ocrx_word' id='word_1_813' title='bbox 449 5470 736 5541; x_wconf 79' lang='lat' dir='ltr'>sexjuxta</span> <span class='ocrx_word' id='word_1_814' title='bbox 756 5474 1132 5548; x_wconf 82' lang='lat' dir='ltr'>hypolhesim</span> <span class='ocrx_word' id='word_1_815' title='bbox 1148 5479 1638 5551; x_wconf 90' lang='lat' dir='ltr'>perintellectum</span> <span class='ocrx_word' id='word_1_816' title='bbox 1656 5486 2090 5553; x_wconf 88' lang='lat' dir='ltr'>supponuntur.</span> 
     </span>
    </p>
   </div>
   <div class='ocr_carea' id='block_1_106' title="bbox 2208 4670 3842 4750">
    <p class='ocr_par' dir='ltr' id='par_1_106' title="bbox 2208 4670 3842 4750">
     <span class='ocr_line' id='line_1_107' title="bbox 2208 4670 3842 4750; baseline -0.002 -23"><span class='ocrx_word' id='word_1_817' title='bbox 2208 4671 2555 4747; x_wconf 70' lang='grc' dir='ltr'>τηναῗρεσιν.</span> <span class='ocrx_word' id='word_1_818' title='bbox 2591 4672 2822 4749; x_wconf 78' lang='grc' dir='ltr'>Πότερον</span> <span class='ocrx_word' id='word_1_819' title='bbox 2886 4673 3079 4750; x_wconf 70' lang='grc' dir='ltr'>βούλει</span> <span class='ocrx_word' id='word_1_820' title='bbox 3133 4672 3415 4744; x_wconf 79' lang='grc' dir='ltr'>διαστῆναι</span> <span class='ocrx_word' id='word_1_821' title='bbox 3473 4675 3732 4748; x_wconf 81' lang='grc' dir='ltr'>Χριστοῦ,</span> <span class='ocrx_word' id='word_1_822' title='bbox 3760 4670 3842 4723; x_wconf 85' lang='grc' dir='ltr'>ἳνα</span> 
     </span>
    </p>
   </div>
   <div class='ocr_carea' id='block_1_107' title="bbox 2209 4758 3840 4838">
    <p class='ocr_par' dir='ltr' id='par_1_107' title="bbox 2209 4758 3840 4838">
     <span class='ocr_line' id='line_1_108' title="bbox 2209 4758 3840 4838; baseline 0 -24"><span class='ocrx_word' id='word_1_823' title='bbox 2209 4766 2310 4815; x_wconf 77' lang='grc' dir='ltr'>πᾶν</span> <span class='ocrx_word' id='word_1_824' title='bbox 2355 4761 2418 4815; x_wconf 87' lang='grc' dir='ltr'>τὸ</span> <span class='ocrx_word' id='word_1_825' title='bbox 2451 4758 2722 4820; x_wconf 71' lang='grc' dir='ltr'>Ἰουδαίων</span> <span class='ocrx_word' id='word_1_826' title='bbox 2778 4759 2927 4825; x_wconf 79' lang='grc' dir='ltr'>ἔθνος</span> <span class='ocrx_word' id='word_1_827' title='bbox 2984 4763 3180 4838; x_wconf 80' lang='grc' dir='ltr'>ἐνωθῇ,</span> <span class='ocrx_word' id='word_1_828' title='bbox 3230 4764 3319 4819; x_wconf 79' lang='grc' dir='ltr'>καὶ</span> <span class='ocrx_word' id='word_1_829' title='bbox 3378 4763 3611 4837; x_wconf 76' lang='grc' dir='ltr'>δοξασθῇ</span> <span class='ocrx_word' id='word_1_830' title='bbox 3653 4763 3680 4816; x_wconf 84' lang='grc'>6</span> <span class='ocrx_word' id='word_1_831' title='bbox 3715 4761 3840 4835; x_wconf 85' lang='grc' dir='ltr'>Χρι-</span> 
     </span>
    </p>
   </div>
   <div class='ocr_carea' id='block_1_108' title="bbox 2210 4848 3838 4929">
    <p class='ocr_par' dir='ltr' id='par_1_108' title="bbox 2210 4848 3838 4929">
     <span class='ocr_line' id='line_1_109' title="bbox 2210 4848 3838 4929; baseline 0.002 -24"><span class='ocrx_word' id='word_1_832' title='bbox 2210 4851 2355 4918; x_wconf 84' lang='grc' dir='ltr'>στὸς,</span> <span class='ocrx_word' id='word_1_833' title='bbox 2386 4851 2473 4906; x_wconf 87' lang='grc' dir='ltr'>καὶ</span> <span class='ocrx_word' id='word_1_834' title='bbox 2513 4850 2869 4928; x_wconf 80' lang='grc' dir='ltr'>πληρωθῶσιν</span> <span class='ocrx_word' id='word_1_835' title='bbox 2901 4853 2952 4907; x_wconf 72' lang='grc' dir='ltr'>αἱ</span> <span class='ocrx_word' id='word_1_836' title='bbox 2992 4850 3311 4929; x_wconf 85' lang='grc' dir='ltr'>ἐπαγγελίαι</span> <span class='ocrx_word' id='word_1_837' title='bbox 3367 4855 3465 4909; x_wconf 86' lang='grc' dir='ltr'>τοῦ</span> <span class='ocrx_word' id='word_1_838' title='bbox 3522 4851 3730 4926; x_wconf 77' lang='grc' dir='ltr'>Πατρός</span> <span class='ocrx_word' id='word_1_839' title='bbox 3765 4848 3838 4919; x_wconf 64' lang='lat' dir='ltr'>Hi</span> 
     </span>
    </p>
   </div>
   <div class='ocr_carea' id='block_1_109' title="bbox 2207 4938 3842 5018">
    <p class='ocr_par' dir='ltr' id='par_1_109' title="bbox 2207 4938 3842 5018">
     <span class='ocr_line' id='line_1_110' title="bbox 2207 4938 3842 5018; baseline 0.001 -23"><span class='ocrx_word' id='word_1_840' title='bbox 2207 4939 2261 4996; x_wconf 83' lang='grc' dir='ltr'>ἐν</span> <span class='ocrx_word' id='word_1_841' title='bbox 2286 4942 2454 5018; x_wconf 70' lang='grc' dir='ltr'>ταύτῃ</span> <span class='ocrx_word' id='word_1_842' title='bbox 2486 4946 2554 5018; x_wconf 76' lang='grc' dir='ltr'>τῇ</span> <span class='ocrx_word' id='word_1_843' title='bbox 2587 4943 2772 4999; x_wconf 74' lang='grc' dir='ltr'>ἐνώσει</span> <span class='ocrx_word' id='word_1_844' title='bbox 2804 4943 3107 5018; x_wconf 67' lang='grc' dir='ltr'>[εἷναι],⁹ίνα</span> <span class='ocrx_word' id='word_1_845' title='bbox 3134 4945 3197 5000; x_wconf 87' lang='grc' dir='ltr'>τὸ</span> <span class='ocrx_word' id='word_1_846' title='bbox 3228 4943 3504 5004; x_wconf 85' lang='grc' dir='ltr'>Ἰουδαίων</span> <span class='ocrx_word' id='word_1_847' title='bbox 3532 4938 3686 5006; x_wconf 71' lang='grc' dir='ltr'>ἔθνος</span> <span class='ocrx_word' id='word_1_848' title='bbox 3721 4961 3842 4998; x_wconf 79' lang='grc' dir='ltr'>στα-</span> 
     </span>
    </p>
   </div>
   <div class='ocr_carea' id='block_1_110' title="bbox 2208 5029 3838 5112">
    <p class='ocr_par' dir='ltr' id='par_1_110' title="bbox 2208 5029 3838 5112">
     <span class='ocr_line' id='line_1_111' title="bbox 2208 5029 3838 5112; baseline -0.001 -26"><span class='ocrx_word' id='word_1_849' title='bbox 2208 5031 2364 5105; x_wconf 81' lang='grc' dir='ltr'>σιάζῃ</span> <span class='ocrx_word' id='word_1_850' title='bbox 2395 5031 2487 5086; x_wconf 80' lang='grc' dir='ltr'>καὶ</span> <span class='ocrx_word' id='word_1_851' title='bbox 2555 5029 2843 5101; x_wconf 78' lang='grc' dir='ltr'>διίσταται,</span> <span class='ocrx_word' id='word_1_852' title='bbox 2901 5034 2991 5089; x_wconf 85' lang='grc' dir='ltr'>καὶ</span> <span class='ocrx_word' id='word_1_853' title='bbox 3052 5033 3450 5112; x_wconf 73' lang='grc' dir='ltr'>βλασφημῆται</span> <span class='ocrx_word' id='word_1_854' title='bbox 3505 5035 3532 5090; x_wconf 89' lang='lat'>6</span> <span class='ocrx_word' id='word_1_855' title='bbox 3567 5033 3838 5108; x_wconf 80' lang='grc' dir='ltr'>Χριστός;</span> 
     </span>
    </p>
   </div>
   <div class='ocr_carea' id='block_1_111' title="bbox 2207 5119 3839 5200">
    <p class='ocr_par' dir='ltr' id='par_1_111' title="bbox 2207 5119 3839 5200">
     <span class='ocr_line' id='line_1_112' title="bbox 2207 5119 3839 5200; baseline -0.001 -24"><span class='ocrx_word' id='word_1_856' title='bbox 2207 5120 2271 5176; x_wconf 84' lang='grc' dir='ltr'>Εἰ</span> <span class='ocrx_word' id='word_1_857' title='bbox 2299 5119 2387 5174; x_wconf 75' lang='grc' dir='ltr'>οὗν</span> <span class='ocrx_word' id='word_1_858' title='bbox 2417 5125 2585 5176; x_wconf 81' lang='grc' dir='ltr'>ταῦτα</span> <span class='ocrx_word' id='word_1_859' title='bbox 2633 5125 2929 5197; x_wconf 84' lang='grc' dir='ltr'>προετίθει,</span> <span class='ocrx_word' id='word_1_860' title='bbox 2983 5123 3330 5198; x_wconf 78' lang='grc' dir='ltr'>προετίμησα</span> <span class='ocrx_word' id='word_1_861' title='bbox 3390 5123 3472 5191; x_wconf 80' lang='grc' dir='ltr'>ἃν,</span> <span class='ocrx_word' id='word_1_862' title='bbox 3531 5125 3687 5200; x_wconf 69' lang='grc' dir='ltr'>φησ,</span> <span class='ocrx_word' id='word_1_863' title='bbox 3747 5119 3839 5189; x_wconf 76' lang='grc' dir='ltr'>τήν</span> 
     </span>
    </p>
   </div>
   <div class='ocr_carea' id='block_1_112' title="bbox 2208 5205 3842 5288">
    <p class='ocr_par' dir='ltr' id='par_1_112' title="bbox 2208 5205 3842 5288">
     <span class='ocr_line' id='line_1_113' title="bbox 2208 5205 3842 5288; baseline -0.007 -9"><span class='ocrx_word' id='word_1_864' title='bbox 2208 5205 2360 5278; x_wconf 73' lang='grc' dir='ltr'>δόξαν</span> <span class='ocrx_word' id='word_1_865' title='bbox 2393 5210 2628 5285; x_wconf 82' lang='grc' dir='ltr'>Χριστοῦ</span> <span class='ocrx_word' id='word_1_866' title='bbox 2657 5210 2746 5266; x_wconf 80' lang='grc' dir='ltr'>καὶ</span> <span class='ocrx_word' id='word_1_867' title='bbox 2797 5213 2899 5282; x_wconf 73' lang='grc' dir='ltr'>τήν</span> <span class='ocrx_word' id='word_1_868' title='bbox 2953 5217 3061 5269; x_wconf 89' lang='grc' dir='ltr'>τῶν</span> <span class='ocrx_word' id='word_1_869' title='bbox 3117 5211 3345 5270; x_wconf 81' lang='grc' dir='ltr'>πολλῶν</span> <span class='ocrx_word' id='word_1_870' title='bbox 3397 5212 3692 5288; x_wconf 85' lang='grc' dir='ltr'>σωτηρίαν,</span> <span class='ocrx_word' id='word_1_871' title='bbox 3748 5209 3842 5273; x_wconf 69' lang='grc' dir='ltr'>τῆς</span> 
     </span>
    </p>
   </div>
   <div class='ocr_carea' id='block_1_113' title="bbox 2206 5291 3838 5378">
    <p class='ocr_par' dir='ltr' id='par_1_113' title="bbox 2206 5291 3838 5378">
     <span class='ocr_line' id='line_1_114' title="bbox 2206 5291 3838 5378; baseline 0.002 -28"><span class='ocrx_word' id='word_1_872' title='bbox 2206 5294 2366 5362; x_wconf 78' lang='grc' dir='ltr'>ίδιας.</span> <span class='ocrx_word' id='word_1_873' title='bbox 2399 5296 2555 5361; x_wconf 77' lang='grc' dir='ltr'>Εἶδες</span> <span class='ocrx_word' id='word_1_874' title='bbox 2587 5294 2897 5374; x_wconf 72' lang='grc' dir='ltr'>ὑπερϐολὴν</span> <span class='ocrx_word' id='word_1_875' title='bbox 2928 5303 3248 5378; x_wconf 71' lang='grc' dir='ltr'>ἀγκπήσξως</span> <span class='ocrx_word' id='word_1_876' title='bbox 3284 5303 3519 5378; x_wconf 70' lang='grc' dir='ltr'>Χριστοῦ</span> <span class='ocrx_word' id='word_1_877' title='bbox 3554 5319 3570 5371; x_wconf 87' lang='lat'><strong>;</strong></span> <span class='ocrx_word' id='word_1_878' title='bbox 3626 5291 3838 5364; x_wconf 72' lang='grc' dir='ltr'>Ἐκειδῆ</span> 
     </span>
    </p>
   </div>
   <div class='ocr_carea' id='block_1_114' title="bbox 2205 5384 3834 5467">
    <p class='ocr_par' dir='ltr' id='par_1_114' title="bbox 2205 5384 3834 5467">
     <span class='ocr_line' id='line_1_115' title="bbox 2205 5384 3834 5467; baseline -0.001 -25"><span class='ocrx_word' id='word_1_879' title='bbox 2205 5384 2265 5442; x_wconf 80' lang='grc' dir='ltr'>ἐκ</span> <span class='ocrx_word' id='word_1_880' title='bbox 2312 5391 2422 5442; x_wconf 88' lang='grc' dir='ltr'>τῶν</span> <span class='ocrx_word' id='word_1_881' title='bbox 2482 5384 2645 5445; x_wconf 71' lang='grc' dir='ltr'>ὄντῶν</span> <span class='ocrx_word' id='word_1_882' title='bbox 2702 5389 2916 5446; x_wconf 79' lang='grc' dir='ltr'>πάντων</span> <span class='ocrx_word' id='word_1_883' title='bbox 2967 5393 3064 5462; x_wconf 67' lang='grc' dir='ltr'>τὴν</span> <span class='ocrx_word' id='word_1_884' title='bbox 3120 5391 3334 5467; x_wconf 75' lang='grc' dir='ltr'>ἀγάπην</span> <span class='ocrx_word' id='word_1_885' title='bbox 3411 5388 3688 5461; x_wconf 76' lang='grc' dir='ltr'>ἐπεδίξατο</span> <span class='ocrx_word' id='word_1_886' title='bbox 3742 5386 3834 5441; x_wconf 70' lang='grc' dir='ltr'>τοῦ</span> 
     </span>
    </p>
   </div>
   <div class='ocr_carea' id='block_1_115' title="bbox 2206 5473 3830 5556">
    <p class='ocr_par' dir='ltr' id='par_1_115' title="bbox 2206 5473 3830 5556">
     <span class='ocr_line' id='line_1_116' title="bbox 2206 5473 3830 5556; baseline -0.001 -23"><span class='ocrx_word' id='word_1_887' title='bbox 2206 5475 2464 5552; x_wconf 79' lang='grc' dir='ltr'>Χριστοῦ,</span> <span class='ocrx_word' id='word_1_888' title='bbox 2495 5481 2585 5532; x_wconf 78' lang='grc' dir='ltr'>νῦν</span> <span class='ocrx_word' id='word_1_889' title='bbox 2612 5479 2701 5536; x_wconf 76' lang='grc' dir='ltr'>καί</span> <span class='ocrx_word' id='word_1_890' title='bbox 2734 5475 2794 5534; x_wconf 86' lang='grc' dir='ltr'>ἐκ</span> <span class='ocrx_word' id='word_1_891' title='bbox 2848 5481 2954 5538; x_wconf 81' lang='grc' dir='ltr'>τῶν</span> <span class='ocrx_word' id='word_1_892' title='bbox 3009 5483 3084 5556; x_wconf 77' lang='grc' dir='ltr'>μὴ</span> <span class='ocrx_word' id='word_1_893' title='bbox 3119 5479 3286 5538; x_wconf 80' lang='grc' dir='ltr'>ὄντων</span> <span class='ocrx_word' id='word_1_894' title='bbox 3350 5481 3466 5556; x_wconf 73' lang='grc' dir='ltr'>μὶν,</span> <span class='ocrx_word' id='word_1_895' title='bbox 3525 5479 3643 5536; x_wconf 83' lang='grc' dir='ltr'>καθ’</span> <span class='ocrx_word' id='word_1_896' title='bbox 3703 5473 3830 5532; x_wconf 79' lang='grc' dir='ltr'>ὑπό·</span> 
     </span>
    </p>
   </div>
   <div class='ocr_carea' id='block_1_116' title="bbox 463 5632 2091 5721">
    <p class='ocr_par' dir='ltr' id='par_1_116' title="bbox 463 5635 2091 5718">
     <span class='ocr_line' id='line_1_117' title="bbox 463 5635 2091 5718; baseline 0.008 -23"><span class='ocrx_word' id='word_1_897' title='bbox 463 5635 470 5642; x_wconf 82' lang='grc'><em>’</em></span> <span class='ocrx_word' id='word_1_898' title='bbox 519 5637 564 5675; x_wconf 73' lang='lat'><strong>”</strong></span> <span class='ocrx_word' id='word_1_899' title='bbox 592 5639 755 5698; x_wconf 77' lang='lat' dir='ltr'>Joan.</span> <span class='ocrx_word' id='word_1_900' title='bbox 783 5658 907 5711; x_wconf 83' lang='lat' dir='ltr'>xm,</span> <span class='ocrx_word' id='word_1_901' title='bbox 941 5648 1027 5703; x_wconf 71' lang='grc'>34.</span> <span class='ocrx_word' id='word_1_902' title='bbox 1061 5647 1108 5684; x_wconf 71' lang='grc'>⁸⁸</span> <span class='ocrx_word' id='word_1_903' title='bbox 1138 5650 1303 5709; x_wconf 79' lang='lat' dir='ltr'>Rom.</span> <span class='ocrx_word' id='word_1_904' title='bbox 1337 5665 1460 5718; x_wconf 81' lang='lat' dir='ltr'>xm,</span> <span class='ocrx_word' id='word_1_905' title='bbox 1495 5650 1580 5706; x_wconf 82' lang='grc'>10.</span> <span class='ocrx_word' id='word_1_906' title='bbox 1614 5648 1662 5684; x_wconf 80' lang='grc'>³⁹</span> <span class='ocrx_word' id='word_1_907' title='bbox 1692 5651 1888 5708; x_wconf 82' lang='lat' dir='ltr'>Matth.</span> <span class='ocrx_word' id='word_1_908' title='bbox 1924 5667 2058 5718; x_wconf 77' lang='lat' dir='ltr'>xx&quot;,</span> <span class='ocrx_word' id='word_1_909' title='bbox 2088 5681 2091 5694; x_wconf 74' lang='grc' dir='ltr'>ι</span> 
     </span>
    </p>
   </div>
   <div class='ocr_carea' id='block_1_117' title="bbox 2202 5632 2690 5721">
    <p class='ocr_par' dir='ltr' id='par_1_117' title="bbox 2208 5632 2690 5721">
     <span class='ocr_line' id='line_1_118' title="bbox 2208 5632 2690 5721; baseline 0.004 -13"><span class='ocrx_word' id='word_1_910' title='bbox 2208 5632 2255 5686; x_wconf 53' lang='grc' dir='ltr'>ιο</span> <span class='ocrx_word' id='word_1_911' title='bbox 2283 5649 2484 5711; x_wconf 81' lang='lat' dir='ltr'>Matth.</span> <span class='ocrx_word' id='word_1_912' title='bbox 2512 5668 2569 5721; x_wconf 75' lang='grc' dir='ltr'>ι,</span> <span class='ocrx_word' id='word_1_913' title='bbox 2603 5653 2690 5710; x_wconf 89' lang='lat'>37.</span> 
     </span>
    </p>
   </div>
  </div>
