4126 6256
339 384 467 443 501

1466 382 1886 447 COMMENT.
1933 380 2009 441 ΙΝ
2055 378 2295 439 EPIST.
2344 380 2445 437 AD
2491 380 2687 439 ROM.

3679 378 3795 437 503

362 525 507 580 θεσιν
549 511 611 571 δὶ
665 513 1142 591 λαμϐανομένων,
1200 514 1285 572 διὰ
1342 521 1439 572 105
1495 519 1775 590 νοήματος
1827 512 2009 571 τούτοι

2149 514 2333 567 Meam
2367 513 2547 568 etiam
2580 510 3055 583 salutem,inquit
3082 510 3143 565 in
3174 510 3485 582 hypothesi
3515 511 3588 567 ob
3608 511 3794 584 ipsius

372 606 569 676 ταῦτην
603 606 970 683 παρίστησιν,
1002 608 1087 663 ὅτι
1151 608 1242 664 Καὶ
1296 610 1397 678 τήν
1454 606 1593 679 ἐμὴν
1652 604 1924 680 σωτηρίαν
1981 603 2031 657 ἐν

378 695 650 766 ὑποθέσει,
685 696 825 772 ὑπὲρ
855 703 958 768 τῆς
1015 694 1175 767 δόξης
1230 696 1398 752 αὐτοῦ
1449 696 1538 753 καὶ
1578 702 1679 766 τῆς
1737 695 1814 757 εἰς
1870 693 2031 749 αὐτὸν

373 790 484 841 τῶν
510 782 802 842 Ἰουδαίων
836 784 1193 863 ἐπιστροφῆς,
1232 780 1617 859 κατεϐαλόμην
1673 785 1756 841 ἄν.
1791 782 1888 839 Καὶ
1931 782 2031 859 γάρ

384 870 731 946 διιστάμενος
792 873 1014 938 Παῦλος
1082 874 1215 949 ὑπὲρ
1267 880 1368 944 τῆς
1426 872 1588 945 δόξης
1642 876 1741 929 105
1795 872 2031 947 Χριστοῦ

375 964 472 1018 καὶ
510 970 611 1031 τῆς
640 964 693 1019 ἐν
724 963 875 1035 αὑτῷ
904 969 1012 1019 τῶν
1042 962 1315 1021 Ἰουδαίων
1364 964 1625 1032 ἐνώσεως,
1688 963 1814 1037 ῥᾷον
1863 959 2029 1016 πάλιν

376 1055 583 1121 ⁴ιξνοῦτο
614 1054 703 1108 καὶ
742 1056 1073 1125 adv-1:111:10,
1105 1051 1285 1129 ὥσπερ
1315 1075 1398 1116 τις
1442 1051 1631 1114 πῶλος
1692 1052 1882 1126 μικρὸν
1930 1057 2031 1119 τῆς

372 1143 590 1217 μητρὸς
654 1143 1044 1207 ἀποσπασθείς·
1128 1144 1221 1198 καὶ
1302 1145 1475 1204 οὕτως
1532 1143 1696 1197 πάλιν
1753 1141 1913 1203 αὐτός
1970 1162 2029 1195 τε

362 1230 626 1301 ἐσώζετο,
660 1253 749 1286 και
783 1233 810 1286 ὁ
843 1232 1072 1307 Χριστὸς
1104 1232 1190 1288 ἐπὶ
1235 1232 1400 1288 πλέον
1468 1233 1763 1309 ἐγοξάζετο,
1824 1231 1912 1284 καὶ
1964 1232 2026 1285 τὸ

365 1318 647 1378 Ἰουδαίων
680 1319 833 1386 ἔθνος
875 1320 1126 1394 ἐσώζετο,
1156 1322 1246 1377 καὶ
1303 1324 1357 1377 αἱ
1414 1319 1677 1390 διαθῆκαι
1724 1322 1812 1375 καὶ
1858 1321 2023 1396 ἐπαγ-

372 1411 552 1487 γελίαι
588 1411 656 1473 εἷς
717 1411 884 1487 πέρας
940 1409 1203 1486 ἤρχοντο.
1276 1410 1501 1469 Μᾶλλον
1558 1408 1637 1479 δὲ,
1700 1412 1875 1472 οὕτως
1932 1410 2021 1463 καὶ

370 1500 459 1555 ἐπὶ
510 1501 721 1563 τοότοις
786 1499 1158 1573 διιστάμενος,
1218 1500 1280 1556 οὗ
1339 1499 1601 1569 διίστατο,
1651 1498 1798 1556 ἀλλά
1854 1498 2018 1556 πλέον

358 1592 581 1658 ﬂauo-310.
615 1595 692 1647 Ἤ
744 1589 806 1644 05
864 1588 1019 1645 δοκεῖ
1075 1612 1160 1645 σοι
1217 1591 1306 1647 ὅτε
1362 1592 1627 1664 Τιμόθεον
1687 1590 2022 1664 περιέτεμεν,

352 1678 441 1734 ὅτε
471 1678 641 1739 αὐτὸς
696 1680 987 1755 ἡγνίσατο,
1046 1679 1138 1736 ὅτε
1194 1682 1261 1734 τά
1297 1683 1395 1734 105
1454 1680 1630 1752 νόμου
1693 1677 1865 1734 ἐτέλει
1921 1680 2021 1748 τήν

354 1768 524 1841 χάριν
570 1768 883 1842 κηρύσσων,
946 1768 1028 1823 ὅτι
1083 1770 1288 1844 τρόπον
1348 1769 1465 1823 τινα
1513 1769 1649 1843 πρὸς
1704 1770 1802 1837 την
1860 1767 2020 1841 χάριν

352 1857 535 1914 ἐδόκει
605 1853 927 1928 διίστασθαι,
988 1860 1075 1913 καὶ
1138 1859 1310 1930 ἐαυτῷ
1377 1858 1805 1927 ἐναντιοῦσθαις
1864 1854 2021 1914 Ἀλλ’

346 1944 481 2001 οὔτε
515 1944 791 2017 διίστατο,
825 1945 950 2003 οὔτε
982 1948 1155 2020 ἐαυτῷ
1182 1949 1523 2018 ἠναντιοῦτο.
1565 1948 1722 2021 Ύπέρ
1765 1946 1865 2022 γάρ
1918 1953 2019 2014 τῆς

351 2040 620 2112 χάριτος,
652 2037 743 2091 καὶ
772 2041 870 2092 105
902 2042 1262 2115 προσαγαγεῖν
1295 2040 1496 2099 πάντας
1526 2041 1604 2108 τῷ
1654 2037 1896 2111 Χριστῷ,
1926 2035 2015 2090 καὶ

348 2126 649 2182 ταῦτακαὶ
679 2127 747 2181 τά
802 2124 948 2183 ἄλλα
1007 2128 1289 2200 σύμπαντα
1346 2126 1592 2203 ἔπραττε.
1647 2126 1815 2181 Τοῦτό
1876 2124 2015 2179 ἐστιν

345 2216 572 2289 ἀγάπης
595 2214 745 2285 ἀξίας
772 2216 1030 2290 Χριστοῦ,
1063 2218 1223 2272 τοῦτό
1281 2215 1393 2272 ἐστι
1420 2221 1609 2291 ψυχῆς
1642 2214 1780 2286 ὅλης
1823 2211 2013 2270 διόλου

339 2306 419 2370 εἷς
449 2310 545 2363 τὸν
578 2306 755 2371 πόθον
787 2307 1235 2386 ἀναφλεγομένης
1259 2312 1356 2363 105
1388 2310 1653 2381 Χριστοῦ.

408 2403 651 2467 Ἀλλως
683 2426 743 2460 τε
775 2403 855 2475 δέ,
889 2404 1016 2461 οὐδέ
1048 2406 1197 2482 λέγει
1241 2406 1481 2481 ἀνάθεμα
1535 2403 1801 2481 γενέσθαι,
1850 2425 2012 2458 στουιιτ⁴

280 2482 283 2485 Ι
344 2496 495 2551 ἐστιν
558 2496 670 2550 ἀπὸ
726 2500 824 2550 105
881 2500 973 2550 νῦν
1034 2497 1203 2551 αὐτοῦ
1271 2498 1608 2571 χωρισθῆναι
1670 2498 1851 2569 (τοῦτο
1908 2494 2011 2569 γάρ

342 2585 799 2658 άπευκτότατον),
836 2583 985 2640 ἀλλά
1032 2585 1269 2659 ἀνάθεμα
1319 2586 1478 2651 εἶναι,
1524 2584 1765 2641 τουτέστι
1825 2603 2011 2659 κεχω-

347 2675 605 2751 ρισμένος
661 2668 742 2730 ἔτι
811 2674 970 2746 εἶναι,
1037 2675 1127 2729 καὶ
1188 2678 1358 2747 μήπω
1416 2680 1493 2747 τῷ
1550 2679 1774 2747 Χριστῷ
1842 2694 2009 2747 προσ-

352 2762 551 2819 ἐλθεῖν.
582 2765 796 2830 T0510,
828 2763 1014 2841 φησὶν,
1046 2763 1310 2841 ηὗχόμην
1343 2761 1429 2829 ἄν,
1458 2764 1519 2816 τὸ
1577 2762 1674 2835 ἐμὶ
1725 2761 1885 2817 αὐτὸν
1932 2762 2007 2833 μή

348 2873 440 2906 πω
472 2850 804 2928 προσελθεῖν
856 2856 937 2924 τῷ
994 2857 1235 2928 Χριστῷ,
1288 2852 1413 2907 ἀλλ’
1468 2845 1545 2907 ἔτι
1598 2853 2010 2930 κεχωρισμένον

338 2941 514 2997 αὐτοῦ
545 2943 717 3009 εἶναι,
752 2940 798 2996 εἰ
828 2945 990 2996 τοῦτο
1048 2941 1121 3003 εἰς
1180 2944 1278 3011 τὴν
1338 2940 1593 3016 ὑμετέραν
1654 2938 1861 2996 εἴσοδον
1921 2939 2009 2994 καὶ

328 3033 521 3089 πίστιν
557 3035 663 3099 τὴν
700 3029 774 3093 εἷς
832 3030 994 3087 αὐτὸν
1053 3030 1339 3087 συνετέλει.
1398 3032 1486 3098 Mf;
1540 3030 1644 3105 γάρ
1697 3030 1779 3083 ὅτι
1840 3049 2009 3104 προσ-

330 3128 514 3190 ῆλθον
549 3122 796 3195 Χριστῷ,
831 3117 920 3174 διά
946 3123 1109 3174 τοῦτο
1142 3119 1233 3174 καὶ
1276 3119 1417 3193 ὑμᾶς
1473 3139 1538 3192 με
1585 3115 2009 3193 προσκαλεῖσθαι

340 3213 638 3282 νομίσητε,
712 3209 866 3287 φησὶ,
935 3210 1023 3264 καὶ
1091 3210 1196 3284 πρὸ
1264 3207 1400 3282 ἐμοῦ
1489 3208 1627 3279 ὑμᾶς
1692 3202 2007 3279 ἐϐουλόμην

2148 603 2397 675 gloriam
2427 601 2830 657 etJudaiorum
2848 600 2916 656 ad
2932 602 3124 673 ipsum
3144 600 3589 656 conversionem
3605 602 3793 657 omni-

2146 708 2221 747 no
2252 691 2875 765 negligerem.Etenim
2909 696 3215 762 separatus
3248 689 3464 747 Paulus
3486 706 3591 763 pro
3621 689 3793 748 Chri-

2146 782 2219 837 sti
2252 781 2438 855 gloria
2456 780 2859 837 etJudaeorum
2891 780 3532 851 inipsounione,facile
3557 794 3793 836 rursum

2145 872 2417 927 uniretur
2446 888 2514 927 ac
2547 872 3028 942 conjungeretur,
3084 870 3236 927 σξιο
3287 868 3791 941 quemadmodum

2142 962 2344 1034 pullus
2366 962 2586 1033 aliquis
2616 962 2927 1033 paululum
2959 978 2993 1017 a
3024 969 3213 1017 matre
3244 960 3562 1017 distractus
3590 979 3601 1016 :
3636 969 3693 1017 et
3716 963 3797 1019 ita

2143 1068 2381 1107 rursum
2415 1052 2539 1123 ipse
2563 1054 2756 1107 salvus
2788 1051 2976 1119 ﬁeret,
3011 1068 3077 1107 ac
3108 1051 3374 1107 Christus
3400 1050 3585 1124 magis
3615 1051 3794 1124 glori-

2138 1148 2717 1214 caretur,genusque
2748 1141 3085 1197 Judteorum
3138 1142 3497 1209 salvaretur;
3525 1146 3580 1196 et
3614 1147 3793 1197 testa-

2135 1236 2405 1285 mentum
2443 1248 2509 1285 ac
2542 1231 2969 1302 promissiones
3004 1230 3076 1285 ad
3122 1230 3301 1286 ﬁnem
3337 1229 3790 1285 deducerentur.

2135 1321 2285 1385 Quin
2316 1322 2510 1392 potius
2544 1322 2625 1375 ita
2655 1327 2713 1376 et
2737 1328 2987 1393 pr0pter
3018 1322 3141 1375 hazc
3167 1320 3537 1387 divisus,non
3570 1320 3791 1376 divide-

2134 1416 2315 1470 retur,
2349 1410 2450 1464 sed
2512 1411 2696 1482 magis
2757 1410 3049 1465 uniretur.
3135 1412 3349 1465 Annon
3402 1409 3507 1463 tibi
3562 1409 3793 1464 videtur

2132 1497 2369 1568 quando
2400 1498 2777 1553 Timotheum
2810 1499 3208 1567 circumcidit,
3242 1498 3480 1569 quando
3522 1499 3791 1569 expiatus

2132 1588 2485 1660 est,quando
2532 1606 2599 1645 ea
2630 1606 2760 1660 quae
2794 1590 2938 1662 legis
2971 1596 3109 1645 sunt
3142 1589 3486 1661 perficiebat
3515 1606 3648 1645 cum
3671 1606 3795 1663 gra-

2134 1678 2277 1733 tiam
2310 1679 2689 1749 prasdicaret,
2742 1680 3178 1750 quodammado
3228 1679 3507 1736 adversus
3541 1679 3789 1750 gratiam

2135 1766 2356 1822 divisus
2393 1784 2519 1822 esse
2539 1767 3104 1839 videbatur,sibique
3119 1785 3452 1840 repugnare
3483 1767 3789 1838 lAtneque

2141 1855 2361 1910 divisus
2383 1862 2727 1927 erat,neque
2761 1856 2873 1911 sibi
2906 1857 3017 1927 ipsi
3068 1856 3506 1912 adversabatur.
3540 1855 3622 1912 Ob
3652 1872 3787 1928 gra-

2140 1944 2281 1998 tiam
2305 1943 2486 2008 enim,
2522 1951 2703 2016 utque
2736 1961 2942 2000 omnes
2973 1946 3203 2001 Christo
3235 1945 3709 2012 adduceret,haec
3730 1948 3789 1999 et

2128 2034 2245 2087 alia
2274 2034 2476 2089 omnia
2530 2033 2801 2088 faciebat.
2864 2035 2983 2088 Hoc
3017 2040 3105 2089 est
3163 2034 3501 2089 dilectionis
3551 2034 3783 2088 Christo

2128 2122 2359 2195 dignas;
2394 2123 2506 2178 hoc
2536 2124 2856 2178 estanimaa
2890 2124 3179 2179 universas
3207 2124 3269 2178 in
3301 2122 3517 2178 Christi
3550 2122 3782 2179 deside-

2128 2212 2283 2267 rium
2316 2211 2552 2267 abunde
2583 2212 2989 2269 inflammatas.

2199 2409 2461 2481 Alioqui,
2496 2426 2690 2480 neque
2722 2412 2885 2477 dicit,
2943 2411 3260 2467 anathema
3312 2412 3461 2477 fieri,
3521 2411 3631 2467 hoc
3685 2418 3773 2468 est

2126 2513 2284 2553 nunc
2316 2498 2387 2553 ab
2420 2500 2547 2569 ipso
2563 2498 2913 2570 separari,id
2929 2500 3087 2554 enim
3124 2516 3502 2571 nequaquam
3522 2500 3782 2572 optabile

2125 2587 2392 2642 videtur:
2428 2588 2531 2643 sed
2563 2588 2881 2643 anathema
2923 2605 3072 2655 esse,
3107 2589 3166 2643 id
3198 2594 3307 2656 est,
3333 2595 3639 2660 separatus
3674 2589 3781 2644 ad-

2120 2677 2233 2731 huc
2260 2693 2389 2732 esse
2421 2684 2479 2732 et
2508 2677 2772 2733 nondum
2804 2677 2878 2733 ad
2905 2678 3204 2733 Christum
3236 2678 3482 2734 venisse.
3521 2679 3666 2747 Hoc,
3692 2680 3783 2735 in-

2125 2766 2273 2836 quit,
2308 2767 2583 2838 optarim,
2616 2767 2909 2839 meipsum
2933 2767 3198 2822 nondum
3231 2768 3303 2823 ad
3349 2768 3649 2823 Christum
3678 2785 3773 2824 ve.

2124 2859 2303 2924 nisse,
2336 2858 2439 2914 sed
2470 2859 2666 2915 adhuc
2697 2859 2771 2914 ab
2808 2876 2875 2915 eo
2911 2867 3247 2931 separatum
3299 2878 3447 2929 esse,
3483 2861 3530 2915 si
3560 2861 3669 2917 hoc
3700 2846 3775 2917 ad

2125 2955 2384 3004 vestrum
2418 2949 2750 3021 ingressum
2768 2967 2834 3003 ac
2857 2949 3033 3004 fidem
3054 2950 3114 3004 in
3144 2950 3339 3022 ipsum
3372 2950 3774 3006 conferret.Ne

2126 3055 2241 3103 me,
2276 3038 2491 3109 inquit,
2519 3038 2892 3093 arbitremini
2926 3038 2997 3093 ob
3028 3039 3087 3093 id
3136 3056 3339 3096 vocare
3369 3057 3469 3095 vos
3509 3040 3583 3095 ad
3605 3040 3774 3095 Chri-

2126 3129 2471 3199 stum,quod
2502 3146 2606 3200 ego
2638 3128 2713 3183 ad
2751 3146 2885 3185 eum
2920 3130 3178 3184 venerim
3210 3147 3222 3185 :
3257 3130 3375 3185 imo
3424 3131 3602 3186 etiam
3635 3136 3772 3186 ante

2127 3236 2219 3273 me
2252 3235 2527 3289 cuperem
2559 3236 2659 3273 vos
2682 3218 2756 3273 ad
2788 3219 2980 3290 ipsum
3011 3220 3356 3276 accurrisse.
3382 3220 3605 3275 Deinde
3631 3237 3775 3275 con-

355 3297 728 3373 προσδραμεῖν
759 3299 924 3369 αὐτῷ.
962 3299 1101 3355 Εἶπα
1150 3299 1270 3371 ἑξῆς
1322 3297 1466 3373 λέγει
1526 3298 1611 3351 καὶ
1666 3296 1761 3361 τὰς
1810 3296 2006 3358 αἰτίας.

2574 3270 2655 3273 ν--
2686 3270 2756 3273 π
2788 3270 2980 3290 _r____
3014 3270 3356 3276 “--______-_
3382 3270 3601 3275 _-___-
3637 3270 3742 3275 η--

2126 3314 2446 3378 sequenter
2475 3308 2642 3378 ponit
2674 3313 2732 3363 et
2779 3324 3008 3363 causas.
3034 3330 3062 3359 «
3104 3310 3219 3381 Ego
3252 3309 3435 3381 ipse.»
3468 3311 3594 3365 Non
3624 3309 3773 3367 alios

357 3412 390 3441 ιι
431 3388 614 3448 Αὐτὸς
639 3386 753 3460 ἐγώ.
788 3414 816 3440 υ
840 3388 967 3463 Οὐχ
997 3387 1231 3461 ἐτέρους,
1262 3388 1419 3465 φησὶ,
1463 3390 1820 3462 προτιμῶμαι
1878 3386 2008 3459 ὑπὲρ

360 3476 510 3548 ὑμᾶς
542 3477 616 3541 εἰς
644 3478 703 3534 τὸ
741 3477 1063 3553 προσελθεῖν
1121 3482 1201 3550 τῷ
1260 3480 1500 3552 Χριστῷ,
1553 3474 1679 3531 ἀλλ’
1733 3472 1857 3530 οὐδὲ
1913 3475 2009 3549 ἐμὲ

364 3567 547 3627 αὐτόν,
582 3564 826 3641 Ε’λόμην
860 3569 966 3645 γάρ
1009 3564 1069 3620 ἄν
1134 3569 1302 3640 μήπω
1342 3566 1664 3642 προσελθεῖν
1729 3566 1897 3636 αὐτῷ,
1944 3564 2005 3621 ἄν

360 3651 445 3709 διά
480 3656 675 3711 τούτου
736 3657 893 3730 ὑμεῖς
950 3657 1351 3731 προσήρχεσθε.
1406 3680 1433 3707 ‹‹
1468 3656 1740 3729 Ἀνάϐεμα
1788 3655 1943 3713 εἶναι.
1976 3678 2006 3708 ››

354 3750 507 3800 Δοκεῖ
539 3746 634 3819 μὲν
671 3744 877 3801 ἐθέλειν
912 3743 1045 3817 ὑπὲρ
1092 3748 1199 3799 τῶν
1260 3742 1509 3822 ἀδελφῶν
1566 3744 1655 3798 καὶ
1712 3749 1819 3799 τῶν
1879 3765 2007 3818 συγ·

344 3839 502 3909 γενῶν
564 3834 1020 3908 ἀλλοτριωθῆναι
1083 3837 1349 3908 Χριστοῦ.
1413 3830 1592 3889 Τοῦτο
1652 3833 1757 3908 γὰρ
1822 3835 1856 3902 ἠ
1908 3837 2006 3888 105

340 3923 687 3997 ἀναθεματος
745 3920 994 3997 δύναμις.
1084 3924 1315 3996 Ὀμωςι
1361 3918 1600 3997 ἀκριϐῶς
1693 3926 2004 3996 θεωροῦντι.

335 4017 641 4089 φανήσεται
704 4012 835 4086 ὑπὲρ
892 4019 992 4082 τῆς
1049 4013 1266 4088 ἀγάπης
1348 4016 1447 4067 τοῦ
1526 4016 1757 4087 Χριστοῦ
1839 4015 2007 4067 ταῦτα

334 4105 604 4179 εἴρηκώς.
638 4107 798 4171 Πῶς;
834 4098 1061 4170 Ἐπειδή
1123 4101 1265 4175 ἐώρα
1316 4102 1408 4156 τὸν
1467 4102 1697 4176 Χριστὸν
1760 4098 2008 4179 βλασφη-

339 4197 631 4268 μούμενον
669 4193 773 4247 ὑπὸ
800 4196 905 4248 τῶν
936 4189 1239 4259 Ἰουδαίων,
1303 4192 1408 4260 ὃτι,
1467 4190 1647 4269 φησὶν,
1705 4192 1895 4265 Ἡμεῖς
1953 4192 2003 4246 οἱ

337 4295 431 4348 τὸν
461 4292 643 4366 νόμον
673 4291 763 4345 καὶ
810 4292 908 4353 τὰς
966 4288 1294 4364 ἐπαγγελίας
1356 4287 1656 4361 δεξάμενοι,
1722 4291 1807 4343 καὶ
1867 4309 2005 4365 προ-

342 4384 582 4457 πάτορες
616 4380 909 4436 αὐτοῦτοῦ
939 4380 1198 4453 Χριστου,
1239 4379 1313 4441 εἰς
1371 4378 1462 4441 οὓς
1520 4381 1586 4448 ἦν
1640 4381 1675 4448 ἡ
1736 4378 2000 4450 υἱοθεσία,

340 4466 748 4543 ἐκὸεὸλήμεθα,
826 4467 1180 4538 ἀντεισῆλθον
1236 4465 1292 4523 δέ
1348 4466 1628 4544 ἄνθρωποι
1704 4467 1824 4541 ἄρτι
1881 4472 1989 4522 τῶν

344 4561 554 4636 βωμῶν
588 4559 675 4614 καὶ
706 4562 804 4624 τῆς
836 4558 1059 4627 κνίσσης
1090 4556 1415 4628 ἐξελθόντες.
1470 4559 1615 4613 Ἑπεί
1668 4557 1761 4611 οὖν
1815 4561 1982 4612 ταῦτα

2116 3396 2278 3452 vobis
2315 3403 2612 3470 antepono
2643 3398 2797 3469 quod
2833 3398 2905 3453 ad
2937 3399 3236 3454 Christum
3268 3400 3649 3467 accesserint,
3669 3400 3773 3455 sed

2116 3503 2308 3559 neque
2338 3504 2430 3542 me
2463 3488 2978 3561 ipsum.Eligerem
3031 3489 3192 3545 enim
3235 3490 3498 3546 nondum
3528 3490 3603 3546 ad
3635 3507 3771 3548 eum

2115 3578 2367 3644 venisse,
2403 3578 2450 3631 si
2483 3594 2589 3649 per
2620 3578 2730 3633 hoc
2762 3595 2863 3634 vos
2913 3580 3337 3634 accessissetis.
3372 3602 3400 3630 ‹‹
3440 3580 3771 3636 Anathema

2117 3686 2267 3725 esse.
2306 3693 2333 3720 »
2365 3670 2611 3726 Videtur
2655 3670 2897 3741 quidem
2921 3688 3028 3743 pro
3089 3672 3370 3727 fratribus
3401 3689 3468 3728 ac
3501 3673 3767 3743 cognatis

2114 3760 2441 3817 abalienari
2456 3777 2490 3816 a
2519 3761 2917 3828 Christo,nam
2950 3760 3009 3815 id
3023 3762 3294 3834 designat
3314 3786 3341 3812 ‹‹
3369 3764 3718 3819 Anathema.
3739 3784 3765 3811 ››

2110 3854 2387 3907 Attamen
2420 3858 2621 3907 exacte
2654 3852 2910 3907 intuenti
2951 3852 3260 3923 apparebit
3289 3852 3362 3908 ob
3394 3853 3607 3907 Christi
3626 3853 3768 3908 dile-

2110 3941 2366 3995 ctionem
2381 3942 2506 3995 haec
2528 3940 3044 4005 dixisse.Quonam
3070 3941 3243 3997 modo
3268 3943 3448 3997 ?Cum
3465 3942 3763 3997 Christum

2104 4028 2495 4101 blasphemiis
2527 4030 2724 4100 appeti
2754 4029 2979 4084 videret
3003 4047 3038 4085 a
3066 4030 3303 4098 Iudaeis,
3327 4036 3530 4103 utpote
3555 4031 3761 4088 dicen-

2105 4119 2299 4173 tibus:
2336 4120 2449 4172 Nos
2480 4118 2579 4189 qui
2603 4117 2792 4190 legem
2824 4135 2891 4174 ac
2917 4120 3236 4191 prophetas
3270 4121 3628 4191 accepimus,
3655 4121 3756 4192 qui

2105 4208 2334 4263 Christo
2366 4208 2771 4280 progenitores
2798 4208 3303 4279 fuimus,quorum
3337 4214 3463 4265 erat
3492 4210 3757 4282 adoptio,

2107 4298 2280 4368 ejecti
2310 4313 2537 4364 sumus,
2575 4303 2632 4352 et
2679 4296 2806 4353 loco
2848 4297 3041 4353 nostri
3100 4298 3460 4354 introierunt
3492 4300 3764 4355 homines

2108 4387 2282 4442 modo
2314 4387 2386 4443 ab
2436 4388 2555 4444 aris
2598 4404 2665 4443 ac
2717 4388 2926 4444 nidore
2984 4388 3408 4446 sacriﬁciorum
3462 4389 3759 4446 idolorum

2105 4477 2347 4549 egressi.
2379 4476 2527 4541 Quia
2556 4476 2735 4549 igitur
2766 4479 2889 4533 haec
2920 4478 3186 4534 dicentes
3224 4483 3570 4543 noverat,ne
3599 4485 3760 4535 esset

2107 4566 2231 4621 ulla
2260 4566 2646 4638 blasphemiae
2677 4567 2957 4623 adversus
2989 4568 3288 4623 Christum
3317 4569 3569 4639 occasio,
3602 4569 3757 4625 828

346 4624 605 4727 λέγοντας
632 4644 776 4722 ᾔδει,
808 4648 940 4721 ὑπὲρ
978 4650 1075 4702 105
1109 4648 1185 4719 μὴ
1237 4646 1376 4701 εἶναι
1428 4647 1695 4724 πρόφασιν
1748 4644 1999 4723 βλασφη-

2120 4655 2405 4728 :upiebat,
2438 4663 2497 4712 et
2524 4656 2756 4713 Iudaeos
2786 4673 3100 4712 conversos
3132 4674 3282 4726 esse,
3305 4657 3451 4713 adeo
3483 4664 3548 4714 ut
3578 4658 3757 4715 etiam

347 4739 475 4813 μίας
502 4740 639 4793 κατὰ
664 4741 759 4792 105
804 4741 957 4803 Θεοῦ,
1027 4730 1301 4806 ἠϐούλετο
1356 4734 1671 4810 ἐπιστρέψαι
1726 4735 1814 4792 καῖ
1868 4735 1999 4800 τοὺς

341 4824 665 4895 Ἰουδαίους,
721 4826 797 4889 ὡς
856 4833 947 4879 καὶ
1004 4824 1247 4898 ἀνάθεμα
1304 4825 1435 4901 ὑπὲρ
1517 4825 1712 4880 τούτου
1797 4823 1996 4879 ἐθέλειν

342 4917 767 4993 γενέσθαι,’ὀπερ
802 4909 1067 4971 δεικτικὸν
1100 4914 1211 4970 ἐστι
1271 4922 1371 4985 τῆς
1428 4914 1644 4989 ἀγάπης
1700 4919 1797 4970 105
1859 4920 1992 4989 Χρι-
2048 4986 2051 4991 γ

348 5010 502 5061 στοῦ.
536 5008 629 5065 Ὀν
657 5005 760 5081 γάρ
793 5001 1022 5077 οὐδεμία
1068 5004 1240 5064 κτίσις
1307 5004 1547 5079 χωρίσαι
1603 5001 1819 5083 ἴσχυσε,
1875 5008 1992 5065 πῶς

341 5094 402 5150 ἄν
436 5094 694 5171 ἐχώρισεν
727 5093 908 5167 ἀγάπη
942 5098 1217 5168 συγγενῶν
1276 5093 1367 5147 καὶ
1414 5090 1701 5170 ἀδελφῶνς
1759 5118 1786 5146 ιι
1818 5092 1989 5156 Αὐτὸς

342 5185 467 5260 ἐγώ.
502 5210 534 5239 ››
562 5188 622 5243 Ὀ
652 5181 1007 5253 διδάσκαλος,
1039 5181 1196 5259 φησὶ,
1227 5184 1464 5249 πάντων,
1496 5183 1525 5236 ὁ
1559 5180 1785 5257 μυρίους
1822 5202 1987 5253 προσ·

338 5271 510 5330 δοκῶν
543 5275 862 5355 στεφάνους,
892 5273 921 5327 ὁ
951 5272 1163 5326 πάντων
1216 5271 1390 5326 αὐτοῦ
1444 5268 1545 5339 τήν
1594 5272 1809 5349 ἀγάπην
1852 5290 1989 5346 τρο-

335 5370 526 5438 τιμῶν.
569 5393 592 5419 ο
620 5365 759 5422 Ἀπὸ
787 5368 886 5418 105
940 5364 1197 5436 Χριστοῦ.
1237 5383 1259 5412 ο
1319 5360 1418 5417 Διά
1477 5362 1576 5429 τήν
1633 5362 1844 5436 ἀγάπην
1890 5366 1987 5417 105

334 5457 568 5531 Χριστοῦ
620 5460 789 5514 10510
846 5453 1015 5510 εἶπεν.
1084 5446 1385 5510 Ἠὃοῦλετο
1444 5454 1557 5529 γὰρ
1613 5450 1775 5508 αὐτὸν
1843 5453 1988 5531 παρὰ

334 5553 543 5609 πάντων
573 5547 921 5621 δοξάζεσθαι,
974 5543 1121 5600 ἀλλᾶ
1171 5544 1247 5617 μὴ
1299 5542 1638 5619 βουλόμενος
1689 5540 1987 5619 δημοσιεῦ-

333 5661 413 5699 cat
468 5638 553 5700 10'
602 5639 863 5718 χάρισμα
912 5633 1187 5719 (χάρισμα.
1227 5634 1351 5710 γὰρ,
1408 5632 1471 5689 τὸ
1537 5632 1708 5697 οὕτως
1772 5635 1982 5714 ἀγαπᾷν

286 5714 414 5814 ξτόν
452 5714 752 5813 Χριστδν),
801 5724 931 5788 τοὺς
989 5714 1264 5803 συγγενεῖς
1318 5722 1527 5800 ἀγαπᾷν
1586 5724 1749 5781 αὐτὸν
1810 5722 1979 5781 πλέον

2108 4745 2423 4800 anathema
2453 4746 2525 4800 ob
2552 4746 2659 4801 hoc
2692 4745 3195 4817 ﬁerivellet,quod
3223 4746 3754 4805 demonstrativum

2108 4840 2197 4888 est
2222 4833 2560 4890 dilectionis
2592 4835 2827 4889 Christi.
2854 4836 3038 4899 Quem
3071 4836 3230 4890 enim
3260 4836 3427 4892 nulla
3448 4838 3640 4909 potuit
3669 4854 3754 4894 se-

2106 4939 2315 4994 parare
2347 4931 2638 4990 creatura,
2674 4923 2968 4994 quomodo
3020 4930 3353 4997 separasset
3382 4926 3621 4983 dilectio
3655 4946 3754 4984 co-

2102 5018 2414 5083 gnatorum
2446 5029 2513 5067 ac
2542 5012 2834 5067 fratrum?
2868 5037 2895 5063 ‹‹
2930 5014 3044 5087 Ego
3076 5015 3223 5086 ipse.
3258 5037 3286 5065 ››
3308 5016 3756 5089 Praeceptor,in-

2102 5101 2250 5171 quit,
2305 5101 2596 5168 omnium,
2657 5101 2759 5173 qui
2819 5102 2984 5158 mille
3034 5110 3308 5175 exspecto
3343 5120 3617 5172 coronas,
3649 5106 3751 5175 qui

2101 5190 2264 5245 illius
2324 5190 2705 5247 dilectionem
2764 5194 2992 5249 cunctis
3044 5193 3222 5251 rebus
3279 5201 3597 5267 antepono.
3632 5218 3660 5245 «
3702 5199 3750 5251 Α

2099 5278 2349 5334 Christo.
2385 5302 2413 5329 »
2446 5281 2692 5352 Pr0pter
2722 5282 2938 5338 Christi
2985 5300 3249 5338 amorem
3282 5283 3391 5339 hoc
3434 5284 3619 5351 dixit;
3653 5298 3750 5341 cu-

2096 5368 2297 5439 piebat
2328 5370 2487 5424 enim
2519 5370 2709 5441 ipsum
2744 5370 2816 5427 ab
2849 5372 3126 5427 omnibus
3155 5372 3606 5439 glorificari.sed
3639 5390 3747 5430 no-

2096 5455 2226 5513 lens
2260 5458 2639 5516 manifestum
2655 5460 2783 5515 fieri
2804 5462 2912 5515 hoc
2932 5460 3152 5515 donum
3182 5461 3499 5533 (siquidem
3522 5462 3746 5521 donum

2095 5553 2184 5604 est
2214 5548 2299 5604 ita
2326 5549 2617 5606 Christum
2651 5549 3227 5623 diligere),cognatos
3252 5568 3312 5607 se
3336 5553 3596 5625 amplius
3617 5554 3747 5612 dili-

2044 5689 2047 5692 ο
2094 5651 2231 5710 gere
2244 5636 2537 5694 simulat.«
2554 5640 2664 5694 Pro
2685 5638 2967 5695 fratribus
2981 5639 3513 5699 meis.»Ostendere
3536 5644 3742 5702 volens

2094 5725 2457 5788 immensum
2488 5745 2661 5786 suum
2673 5744 2937 5787 amorem
2962 5745 3030 5787 ac
3047 5730 3311 5788 studium
3328 5749 3466 5808 erga
3480 5733 3739 5803 Iudaeos,
