4126 6256
467 381 585 442 503

1588 374 2003 438 GCUMENII
2052 374 2348 439 TBICCE
2391 377 2734 442 EPISCOPI

3763 380 3876 441 σοι

467 510 630 568 illico
663 509 761 566 ubi
794 507 1079 564 dixisset:
1117 532 1144 560 α
1178 509 1336 565 Nihil
1366 526 1460 566 me
1492 515 1685 582 potest
1715 523 1750 563 a
1779 505 1878 563 Dei
1911 523 2111 565 amore

2252 509 2601 584 mozpivetau.
2658 535 2681 565 α
2746 510 2905 586 Ὑπὲρ
2963 516 3070 567 τῶν
3123 508 3370 591 ἀδελφῶν
3430 530 3554 583 μου.
3618 534 3648 562 n
3707 508 3882 564 Θέλων

471 616 768 673 separare,
808 624 827 647 ι
853 597 1187 671 subjungit:
1251 623 1277 649 ‹‹
1312 603 1386 656 At
1426 617 1529 672 pro
1562 596 1844 654 fratribus
1886 597 2054 665 meis,
2092 620 2120 648 ››

472 693 518 748 si
555 692 673 746 illis
706 691 851 746 utile
883 697 1039 745 esset
1071 690 1142 745 ad
1175 706 1376 746 eorum
1410 691 1718 750 auxilium.
1744 689 1998 761 Optarim
2033 705 2120 745 se-

476 784 705 856 parari:
731 784 842 838 hoc
874 782 1030 838 enim
1064 785 1355 856 Significat
1378 809 1402 833 υ
1421 783 1796 839 anathema.»
1819 813 1882 822 —
1917 804 1944 831 ‹‹
1970 781 2120 846 Quo-

469 891 604 929 rum
628 880 717 929 est
747 873 1006 944 adOptio,
1043 896 1069 921 ››
1099 880 1208 928 etc.
1261 875 1530 928 Ostendit
1583 875 1765 928 Deum
1802 871 1949 926 nihil
1975 887 2128 942 pras—

477 963 805 1018 termisisse
837 961 910 1017 ad
931 962 1265 1018 .ludmorum
1315 963 1771 1018 beneficentiam
1797 977 1814 1014 :
1846 959 1956 1032 ipsi
1988 975 2128 1014 vero

476 1052 718 1125 propria
764 1052 1192 1125 ingratitudine
1241 1070 1307 1108 ac
1339 1053 1716 1124 improbitate
1747 1051 1819 1105 ab
1851 1048 2128 1104 omnibus

471 1141 985 1198 excideruntldeo
1018 1143 1197 1197 etiam
1231 1143 1330 1196 Dei
1349 1142 1504 1198 dona
1517 1159 1631 1197 enu
1643 1138 2128 1210 merat,adoptio-

468 1247 631 1293 nem,
664 1231 936 1303 gloriam,
972 1231 1427 1302 legislationem.
1453 1248 1520 1286 ac
1555 1231 1805 1301 reliqua.
1843 1249 1863 1275 ι
1901 1229 2007 1293 Qui
2042 1231 2133 1282 est

472 1338 652 1393 super
709 1321 910 1376 omnia
966 1321 1200 1376 Deus.»
1262 1323 1365 1377 Hic
1423 1321 1798 1393 apertissime
1860 1317 2130 1373 nominat

471 1413 789 1485 Apostolus
821 1413 1119 1467 Christum
1173 1412 1374 1466 Deum.
1419 1411 1737 1470 Erubesce.
1793 1406 2128 1464 miserrime

467 1504 627 1570 Arie,
662 1504 910 1559 audiens
945 1521 978 1558 a
1012 1503 1192 1558 Paulo
1244 1502 1563 1575 gloriﬁcari
1607 1500 1908 1557 Christum
1949 1499 2130 1552 Deum

469 1609 730 1649 verum.«
769 1595 1122 1650 Benedictus
1151 1594 1212 1648 in
1247 1594 1484 1649 saecula.
1505 1616 1531 1640 ››
1562 1594 1694 1663 Ipse
1725 1607 1830 1663 pro
1853 1587 2132 1644 omnibus

473 1685 796 1759 gratiarum
829 1685 1124 1740 actionem
1161 1684 1386 1739 retulit.
1440 1689 1522 1738 Ac
1557 1683 1603 1736 si
1638 1681 1901 1737 diceret:
1935 1680 2132 1744 Quan-

477 1790 656 1847 quam
687 1774 870 1830 Judaai
904 1791 1042 1846 erga
1085 1775 1275 1845 ipsum
1305 1774 1420 1828 sint
1473 1769 1847 1844 blasphemi:
1903 1774 1963 1824 at
2004 1782 2132 1839 ego,

2233 593 2406 668 δεῖξαι
2435 601 2535 669 τῆν
2563 599 2764 680 ἄφατον
2823 599 2992 655 αὐτοῦ
3050 601 3291 677 στοργήν
3344 599 3434 654 καὶ
3488 594 3750 668 σπουδὴν
3796 598 3888 667 τήν

2237 687 2372 762 ὑπὲρ
2429 694 2539 743 τῶν
2600 686 2899 760 Ἰουδαίων,
2961 688 3149 745 αὐτίκα
3209 689 3344 762 μετὰ
3427 689 3486 745 τὸ
3547 687 3758 756 εἰπεῖν,
3815 687 3890 742 ὅτι

2236 801 2258 831 α
2295 775 2459 833 Οὐδέν
2502 800 2569 852 με
2625 775 2845 835 δῦναται
2902 780 3136 854 χωρίσαι
3197 779 3303 835 ἀπὸ
3358 785 3458 848 τῆς
3517 778 3749 853 ἀγάπης
3802 779 3891 831 τοῦ

2234 867 2389 937 Θεοῦ,
2425 892 2453 920 ››
2485 867 2694 945 ἐπάγει,
2726 894 2754 921 κ
2785 867 2939 927 Ἀλλ’
2971 870 3100 945 ὑπὲρ
3131 875 3238 926 τῶν
3272 867 3521 947 ἀδελφῶν
3551 889 3693 943 μου,
3714 893 3743 919 »ι
3767 867 3816 924 εἲ
3833 869 3891 937 ἦν

2235 961 2398 1012 τοῦτο
2435 957 2725 1013 συντελοῦν
2765 958 2840 1021 εἷς
2880 957 3062 1028 ὄνησιν
3095 959 3295 1026 αὐτῶν,
3351 958 3615 1031 ηὐξάμην
3672 955 3739 1012 ἄν
3787 975 3900 1032 χω-

2241 1050 2512 1122 ρισθῆναι.
2549 1051 2728 1106 Τοῦτο
2763 1050 2867 1124 γὰρ
2898 1050 2960 1104 τὸ
2995 1073 3019 1104 α
3049 1049 3322 1122 Ἀνάθεμα
3358 1073 3378 1099 ι
3414 1049 3702 1122 σημαίνει.
3746 1073 3774 1100 (ι
3811 1049 3893 1103 Ὠν

2235 1139 2270 1206 ἡ
2307 1136 2568 1206 υἱοθεσία,
2599 1160 2626 1193 ι
2661 1137 2750 1193 καὶ
2793 1138 2860 1194 τὲ
2917 1139 3061 1209 ἑξῆς.
3121 1139 3293 1208 Δεῖξαι
3355 1137 3519 1211 θέλει,
3585 1139 3677 1193 ὅτι
3714 1137 3743 1192 6
3775 1135 3897 1200 Θεὸς

2237 1224 2390 1281 οὐδὲν
2448 1234 2690 1302 παρῆκεν
2743 1226 2819 1290 εἷς
2873 1229 2972 1296 τήν
3031 1231 3138 1282 τῶν
3204 1225 3478 1284 Ἰουδαίων
3561 1227 3894 1303 εὐεργεσίαν.

2237 1315 2405 1373 Αὐτοὶ
2438 1313 2514 1386 δὲ,
2551 1315 2722 1387 οἰκείᾳ
2762 1316 3125 1394 ἀγνωμοσύνῃ
3187 1318 3400 1373 πάντων
3459 1315 3748 1390 ἐξέπεσον.
3813 1317 3899 1372 Διὸ

2237 1406 2327 1460 καὶ
2359 1405 2647 1484 καταλέγει
2679 1407 2774 1468 τὰς
2808 1403 3013 1481 δωρεὰς
3039 1411 3137 1462 τοῦ
3169 1413 3324 1475 Θεοῦ,
3358 1407 3667 1477 υἱοθεσίαν,
3726 1403 3898 1477 δέξιν,

2237 1495 2586 1567 νομοθεσίαν,
2617 1495 2705 1549 καὶ
2735 1495 2831 1558 τὰς
2867 1493 3088 1558 λοιπάς.
3121 1517 3143 1546 ι
3165 1497 3226 1554 Ὁ
3257 1493 3330 1550 ὢν
3353 1495 3440 1551 ἐπὶ
3472 1498 3702 1552 πάντων
3720 1496 3899 1558 Θεός.»

2240 1585 2499 1648 Ἐνταῦθα
2531 1581 2895 1659 λαμπρότατα
2946 1586 3075 1640 Θεὸν
3138 1585 3232 1640 τὸν
3286 1587 3516 1662 Χριστὸν
3585 1586 3902 1660 ὀνομάζειὸ

2242 1671 2598 1736 Ἀπόστολος.
2653 1672 3018 1749 Αἷσχόνθητι,
3082 1673 3361 1748 τρισάθλιε
3413 1681 3632 1750 ”Αρειε,
3696 1674 3904 1730 ἀκούων

2242 1763 2387 1837 παρά
2419 1761 2641 1819 Παύλου
2666 1759 3130 1838 δοξολογούμενον
3164 1765 3253 1820 τὸν
3287 1765 3518 1840 Χριστὸν
3577 1765 3720 1820 Θεὸν
3773 1761 3906 1834 ἀληο

479 1864 694 1936 inquit,
720 1865 820 1936 qui
853 1881 1068 1920 arcana
1101 1864 1256 1929 novi,
1291 1864 1540 1934 ejusque
1569 1859 2002 1934 providentiam
2034 1874 2130 1913 co-

2252 1853 2401 1910 )ινὸν.
2437 1876 2467 1907 α
2527 1851 2846 1929 Εὐλογητὸς
2906 1853 2983 1916 εἷς
3037 1854 3164 1917 τοὺς
3213 1853 3435 1918 αἰῶνας.
3472 1881 3492 1906 ι
3555 1855 3762 1916 Αὐτὸς
3818 1855 3908 1922 τὴν

480 1953 860 2026 gnosco,novi
892 1953 1050 2023 quod
1082 1953 1294 2024 dignus
1323 1954 1397 2006 sit
1413 1951 1964 2024 gloriﬁcari,utpote
1981 1948 2134 2002 Deus

489 2042 758 2096 Christus
790 2059 969 2114 super
997 2043 1200 2097 omnia
1229 2043 1289 2096 in
1312 2041 1545 2100 saecula

2246 1942 2378 2016 ὑπὲρ
2408 1945 2625 1997 πάντων
2674 1942 2934 2018 ἀνήγαγεν
2991 1943 3360 2023 εὐχαριστίαν,
3420 1942 3616 2001 εἰπών.
3687 1942 3760 1999 Ei
3813 1942 3906 2017 γάρ

2241 2032 2330 2086 καὶ
2363 2029 2648 2099 Ἰουδαῖοι,
2691 2031 2846 2111 φησὶ,
2912 2030 3336 2108 βλασφημοῦσιν
3393 2033 3469 2097 εἷς
3527 2032 3731 2104 αὐτὸν,
3788 2029 3913 2088 ἀλλ’

489 2127 617 2202 ἐγὼ,
649 2129 834 2206 φησὶν,
869 2130 896 2184 6
934 2129 1000 2184 τὰ
1032 2127 1314 2204 ἀπὸῥρητα
1367 2125 1548 2200 εῗδὼς,
1606 2129 1697 2184 γαὶ
1751 2128 1849 2198 τήν
1901 2125 2158 2199 πρόνοιαν
2219 2121 2383 2177 αὐτοῦ
2431 2119 2806 2195 ἐπιστάμενος,
2867 2119 2988 2178 οῖδα
3043 2123 3130 2180 ὅτι
3187 2121 3605 2202 δοξολογεῖσθαι
3672 2122 3908 2202 ὑπάρχει

486 2215 658 2289 ἄξιος,
691 2221 780 2273 οἷα
809 2219 960 2286 Θεὸς,
990 2219 1017 2273 6
1048 2221 1281 2294 Χριστὸς
1314 2217 1401 2274 ἐπὶ
1429 2218 1639 2274 πάντων
1671 2217 1747 2282 εἰς
1772 2217 1898 2279 τοὺς
1931 2215 2153 2276 αίῶνας.

555 2318 652 2386 IX,
684 2321 802 2374 6-9.
837 2321 956 2374 Non
997 2327 1176 2375 autem
1201 2319 1315 2375 hac
1344 2319 1468 2376 dico
1499 2319 1647 2392 quod
1694 2318 1841 2373 velut
1871 2313 2141 2373 exciderit

485 2423 659 2463 sermo
679 2410 795 2464 Dei.
854 2410 970 2464 Non
1002 2411 1146 2465 enim
1212 2426 1394 2466 omnes
1451 2409 1552 2480 qui
1580 2415 1707 2466 sunt
1739 2425 1808 2464 ea:
1855 2405 2045 2470 Israel,
2080 2403 2141 2459 hi

485 2503 614 2554 sunt
641 2498 832 2566 Israel,
866 2515 1042 2570 neque
1093 2501 1406 2571 quicunque
1447 2507 1575 2556 sunt
1617 2515 1794 2555 semen
1834 2495 2136 2562 Abraham,

488 2602 674 2643 omnes
700 2594 828 2643 sunt
857 2587 967 2658 filii
989 2606 1010 2641 :
1037 2589 1150 2655 sed,
1184 2591 1288 2644 Per
1316 2590 1469 2644 Isaac
1499 2588 1783 2644 vocabitur
1823 2587 2138 2650 tibisemcn,

489 2677 587 2732 hoc
626 2683 725 2747 est,
755 2693 868 2733 non
924 2678 1025 2748 qui
1070 2679 1177 2747 ﬁlii
1233 2681 1435 2746 carnis,
1492 2678 1552 2732 hi
1574 2684 1701 2732 sunt
1756 2677 1862 2746 ﬁlii
1901 2675 2016 2735 Dei,
2047 2670 2141 2727 sed

485 2766 592 2834 ﬁlii
615 2769 999 2836 promissionis
1044 2774 1385 2837 reputantur
1415 2769 1472 2821 in
1531 2781 1725 2822 semen.
1760 2763 2138 2820 Promissionis

485 2857 631 2910 enim
659 2870 831 2911 sermo
858 2855 948 2911 hic
981 2861 1057 2911 est
1091 2871 1105 2909 :
1140 2856 1200 2910 In
1241 2862 1484 2927 tempore
1542 2855 1642 2911 hoc
1671 2855 1908 2920 veniam,
1953 2858 2003 2907 et
2034 2852 2140 2907 erit

484 2944 643 3002 Sarze
671 2945 841 3015 ﬁlius.

557 3133 714 3191 824
744 3135 910 3202 Ecce,
941 3134 1344 3206 inquit,etiam
1372 3133 1694 3190 anathema
1725 3131 1852 3187 fieri
1879 3129 2051 3198 cupio
2074 3133 2140 3184 ut

486 3223 672 3281 Judaei
708 3223 1037 3291 credant,et
1069 3240 1144 3279 ne
1183 3223 1453 3278 videatur
1499 3223 1753 3278 mendax
1774 3221 1959 3277 fuisse
1988 3220 2140 3274 Deus

487 3314 551 3368 in
583 3312 675 3366 his
706 3330 836 3384 qua:
873 3313 1145 3384 promisit
1173 3319 1457 3368 :attamen
1490 3313 1538 3367 si
1565 3318 1766 3368 exacte
1799 3309 2141 3366 considera-

488 3400 976 3472 verimus,neque
1011 3419 1168 3457 nunc
1201 3402 1419 3457 excidit
1446 3418 1673 3458 sermo:
1705 3418 1813 3456 nec
1837 3401 2003 3454 irrita
2031 3399 2144 3453 fuit

488 3489 591 3544 Dci
624 3489 1111 3560 promissio.Nam
1145 3491 1270 3543 hmo
1293 3488 1436 3557 dixi,
1471 3505 1592 3542 non
1625 3487 1957 3558 quodvelut
1987 3485 2144 3540 exci-

489 3576 644 3632 derit
674 3593 870 3632 sermo
894 3576 996 3632 Dei
1025 3593 1038 3631 :
1074 3577 1186 3632 hoc
1217 3583 1326 3647 est,
1361 3593 1480 3632 non
1512 3577 1654 3648 quia
1703 3575 1920 3631 excidit
1949 3590 2143 3629 sermo

491 3666 728 3736 Dei,sed
758 3683 874 3738 quo
924 3665 1310 3722 dilectionem
1359 3683 1498 3739 erga
1523 3666 1658 3721 illos
1707 3664 2038 3721 ostendam.
2064 3667 2144 3720 Ac

500 3758 783 3832 deinceps
815 3757 1075 3815 ostendit
1105 3775 1221 3830 quo
1252 3765 1424 3831 pacto
1439 3759 1540 3814 Dei
1574 3775 1768 3816 sermo
1791 3775 1857 3814 ac
1888 3756 2143 3830 promis-

503 3851 591 3908 sio
623 3850 725 3906 Dei
752 3849 826 3906 ad
849 3847 1145 3905 Abraham
1183 3865 1305 3905 non
1350 3848 1655 3905 exciderit.
1703 3849 1984 3914 Quasnam
2005 3847 2033 3902 ?
2054 3845 2146 3902 vel

502 3938 664 4013 quod
695 3955 899 3996 semen
932 3939 1059 4011 ejus
1079 3940 1251 4012 juxta
1270 3938 1729 4011 promissionem
1766 3937 1982 4009 aequali
2014 3951 2146 3992 cum

501 4031 676 4086 astris
705 4045 956 4086 numero
1010 4029 1278 4084 futurum
1326 4034 1502 4084 esset.
1537 4028 1748 4084 Semen
1789 4033 1986 4084 autem
2019 4026 2147 4098 ejus

467 4181 469 4183 ,
499 4119 827 4176 secundum
860 4118 1320 4191 promissionem
1351 4124 1438 4173 est
1469 4117 1920 4189 ﬁdeliumquia
1946 4115 2148 4170 divina

497 4208 872 4265 Providentia
894 4225 1014 4264 non
1075 4208 1441 4263 exciderunt.
1483 4230 1503 4256 ι
1558 4208 1682 4262 Non
1716 4207 1916 4262 veluti.
1951 4229 1979 4255 ››
2021 4206 2144 4260 Non

500 4298 937 4370 solum,inquit,
971 4314 1090 4352 non
1125 4297 1343 4352 excidit
1391 4313 1586 4351 sermo
1619 4296 1744 4363 Dei,
1801 4295 1902 4350 sed
1952 4309 2146 4366 neque

498 4389 678 4446 veluti
710 4387 994 4445 exciderit
1023 4403 1035 4442 :
1069 4388 1178 4442 hoc
1212 4391 1320 4454 est,
1364 4385 1468 4440 sed
1499 4401 1692 4456 neque
1732 4402 1913 4458 prope
1945 4384 2057 4438 fuit
2083 4387 2151 4439 ut

503 4477 821 4543 excideret,
851 4476 942 4532 vel
973 4482 1038 4531 ut
1079 4475 1365 4531 excidisse
1408 4473 1723 4530 videretur.
1758 4498 1786 4524 «
1828 4475 1954 4529 Non
1987 4472 2146 4528 enim

2321 2308 2445 2388 Οὐχ
2478 2310 2593 2366 οἷον
2636 2306 2694 2366 δὲ
2749 2312 2835 2367 δτι
2889 2309 3230 2368 ἐκπέπτωκεν
3291 2313 3319 2367 6
3379 2311 3542 2388 λόγος
3587 2313 3698 2369 τοῦ
3755 2316 3901 2368 Θεοῦ.

2251 2399 2326 2456 Οὐ
2391 2399 2495 2475 γὰρ
2561 2401 2758 2464 πάντες
2823 2401 2874 2456 οἱ
2941 2399 2991 2472 ἐξ
3062 2399 3308 2474 Ἰσραήλ,
3405 2400 3557 2458 οὗτοι
3661 2401 3903 2477 Ἰσραήλ.

2251 2487 2365 2544 οὐδ’
2431 2491 2550 2545 ’ὀσοι
2618 2491 2720 2546 εἶσὶ
2790 2493 3006 2567 σπέρμα
3072 2487 3350 2567 Ἀϐραὰμ,
3449 2493 3652 2557 πάντες
3724 2493 3905 2548 τέκνα·

2248 2575 2399 2647 ἀλλ’,
2467 2581 2553 2634 Ἐν
2623 2581 2802 2636 Ἰσαάκ
2869 2579 3209 2652 κληθήσεταί
3274 2601 3358 2636 σοι
3437 2582 3679 2656 σπέρμα,
3745 2601 3903 2636 τουτ-

2249 2667 2419 2740 έστιν,
2476 2669 2541 2723 οὐ
2597 2669 2663 2724 τὰ
2720 2670 2878 2724 τέκνα
2933 2672 3030 2739 τῆς
3088 2669 3308 2740 σαρκὸς,
3371 2674 3539 2726 ταῦτα
3588 2671 3757 2726 τέκνα
3813 2671 3907 2725 τοῦ

2250 2761 2404 2813 Θεοῦ·
2475 2756 2624 2814 ἀλλά
2689 2758 2753 2814 τὰ
2817 2758 2973 2815 τέκνα
3029 2767 3133 2830 τῆς
3197 2758 3550 2836 ἐπαγγελίας,
3622 2758 3902 2836 λογίζεται

2249 2846 2326 2908 εἰς
2420 2847 2658 2922 σπέρμα.
2735 2849 3098 2925 Ἐπαγγελίας
3191 2851 3292 2925 γὰρ
3359 2852 3386 2906 ὁ
3454 2847 3627 2929 λόγος
3731 2847 3895 2911 οὗτος.

2248 2936 2399 2994 Κατᾶ
2463 2937 2555 2992 τὸν
2623 2937 2810 3013 καιρὸν
2873 2942 3066 2994 τοῦτον
3155 2937 3470 3014 ἐλεύσομαι,
3564 2939 3664 2995 καὶ
3762 2937 3892 2996 ἔστα·

2247 3030 2316 3101 τῇ
2349 3027 2533 3104 Σάρῥᾳ
2563 3026 2697 3090 υἱός.

2321 3131 2482 3207 Ἰδοὺ,
2517 3136 2672 3209 φησὶ,
2704 3135 2793 3190 καὶ
2825 3135 3064 3211 ἀνάθεμα
3114 3141 3262 3207 ζητῶ
3315 3135 3558 3212 γενέσθαι
3621 3139 3762 3215 ὑπὲρ
3807 3141 3893 3194 τοῦ

2249 3227 2530 3281 πιστεῦσαι
2594 3221 2906 3295 Ἰουδαίους,
2967 3225 3056 3281 καὶ
3134 3227 3220 3282 ἳνα
3306 3227 3384 3300 μή
3444 3223 3573 3302 δόξῃ
3649 3228 3892 3304 ἐψεῦσθαι

2251 3316 2434 3378 ὁΘεὸς
2468 3313 2550 3390 ἐφ’
2607 3315 2690 3375 οἷς
2751 3313 3104 3392 ἐπήγγελται.
3165 3316 3266 3373 Καὶ
3331 3317 3488 3390 ὅμως
3543 3317 3630 3372 ἐὰν
3702 3319 3888 3392 ἴδωμεν

2251 3399 2511 3479 ἀκριϐῶς,
2573 3403 2702 3459 οὔτε
2756 3408 2844 3458 νῦν
2908 3404 3201 3475 ἐξέπεσενὸ
3244 3403 3435 3483 λόγος,
3492 3406 3584 3462 καὶ
3645 3410 3683 3478 ἡ
3743 3407 3891 3482 ἐπαγ·

2249 3490 2408 3568 γελία
2447 3496 2545 3547 τοῦ
2606 3496 2740 3548 Θεοῦ
2797 3493 2898 3548 οὐκ
2959 3492 3242 3568 ἐψεύσατο.
3297 3496 3477 3550 Ταῦτα
3536 3494 3664 3574 γὰρ,
3723 3494 3887 3573 φησῖν,

2252 3581 2425 3652 εἷπον,
2458 3580 2567 3656 οὐχ
2612 3581 2733 3636 οἷον
2798 3582 2880 3637 ὅτι
2941 3581 3282 3638 ἐκπέπτωκεν
3317 3585 3345 3639 6
3377 3581 3540 3657 λόγος
3597 3588 3699 3640 τοῦ
3746 3592 3886 3652 Θεου,

2250 3669 2550 3741 τουτέστιν,
2583 3669 2680 3726 οὐκ
2709 3669 2896 3742 ἐπειδὴ
2943 3670 3280 3728 ἐκπέπτωκεν
3310 3672 3338 3727 6
3369 3669 3539 3750 λόγος
3594 3679 3693 3730 τοῦ
3743 3675 3879 3741 Θεοῦ,

2253 3757 2385 3814 ἀλλ’
2410 3757 2504 3815 ’ίνα
2543 3761 2642 3829 τήν
2674 3763 2810 3837 πρὸς
2862 3760 3056 3824 αὐτοὺς
3113 3761 3331 3840 ἀγάπην
3392 3759 3731 3839 ἐνδείξωμαι.
3782 3760 3873 3820 Καὶ

2254 3849 2450 3906 λοιπὸν
2485 3847 2718 3906 δείκνυσι
2773 3855 2890 3913 πῶς
2923 3851 2951 3906 6
2982 3848 3150 3926 λόγος
3201 3856 3299 3907 τοῦ
3349 3857 3505 3924 Θεοῦ,
3561 3855 3707 3923 καὶὴ
3747 3850 3872 3926 πρὸς

2254 3935 2509 4015 Ἀϐραὰμ
2538 3937 2832 4017 ἐπαγγελία
2869 3944 2966 3994 τοῦ
3025 3944 3158 3996 Θεοῦ
3217 3941 3313 3996 οὐκ
3369 3940 3680 3999 ἐκπέπτωκε.
3737 3940 3862 3995 Ποία

2257 4025 2433 4099 δῆτας
2463 4029 2526 4087 Ἠ
2557 4029 2620 4084 τὸ
2649 4029 2770 4085 κατ’
2797 4027 3123 4105 ἐπαγγελίαν
3163 4028 3330 4086 αὐτοῦ
3388 4029 3587 4106 σπέρμα
3647 4028 3870 4104 λέγουσα

2258 4115 2544 4191 ἰσάριθμον
2605 4113 2811 4180 ἔσεσθαι
2869 4121 2987 4179 τοῖς
3054 4117 3294 4194 ἄστροις.
3383 4119 3508 4175 Κατ’
3567 4115 3872 4196 ἐπαγγελίαν

2257 4203 2314 4260 δὲ
2344 4205 2508 4261 αὐτοῦ
2541 4209 2780 4281 σπέρμα,
2809 4207 2873 4262 τὸ
2901 4211 3010 4262 τῶν
3060 4212 3287 4278 πιστῶν,
3335 4207 3426 4265 καὶ
3476 4208 3574 4264 οὐκ
3622 4206 3885 4265 ἐκπεπτω-

2255 4295 2431 4350 κότων
2463 4301 2563 4365 τῆς
2597 4295 2741 4359 θείκς
2764 4294 3044 4372 προνοίας.
3079 4320 3108 4349 ‹‹
3138 4296 3262 4372 Οὐχ
3310 4299 3447 4354 οἷον.
3492 4322 3522 4350 ››
3579 4331 3644 4341 —
3691 4293 3886 4372 [ΦΩΤ.]

2256 4384 2333 4442 Οὐ
2371 4382 2555 4457 μόνον,
2590 4383 2774 4461 φησὶν,
2808 4383 2906 4439 οὐκ
2952 4382 3294 4442 ἐκπέπτωκεν
3324 4387 3352 4442 6
3383 4384 3554 4463 λόγος
3599 4391 3696 4443 τοῦ
3745 4389 3888 4457 Θεοῦ,

2257 4471 2385 4528 ἀλλ’
2418 4470 2542 4528 οὐδέ
2575 4474 2693 4528 οἷον
2725 4470 3086 4530 ἐκπέπτωκεν·
3121 4478 3256 4547 οἷον,
3288 4474 3414 4532 ἀλλ’
3443 4474 3571 4532 οᾶδὲ
3604 4477 3765 4554 ἐγγὺς
3802 4478 3890 4554 γε·

501 4584 710 4624 omnes
739 4566 840 4638 qui
874 4571 1010 4621 sunt
1043 4563 1370 4628 exlsrael,»
1405 4560 2140 4634 etc.thuomodo,inquit,

2259 4583 2384 4640 γονε
2414 4567 2510 4618 τοῦ
2543 4563 2806 4633 ἐκπεσεῖν,
2840 4563 2874 4634 ἢ
2909 4560 3086 4620 δοκεῖν
3137 4564 3558 4628 ἐκπεπτωκέναι,
3588 4592 3616 4620 ‹‹
3669 4567 3751 4626 Οὐ
3806 4567 3894 4644 γὲρ

497 4673 618 4712 non
649 4656 866 4711 excidit
894 4653 1136 4709 verbum
1170 4653 1321 4709 Dei?
1351 4651 1648 4724 quomodo
1674 4652 1695 4706 ?
1720 4652 1867 4717 Quia
1882 4668 2003 4707 non
2025 4668 2147 4707 om-

496 4761 603 4800 nes
633 4745 734 4815 qui
759 4751 990 4799 suntex
1040 4743 1243 4811 Israel,
1287 4743 1571 4798 Israelitao
1623 4747 1782 4799 sunt.
1819 4763 1846 4792 ››
1894 4740 2005 4797 hoc
2037 4747 2146 4811 est,

500 4849 705 4890 semen
736 4833 1053 4888 Abraham.
1089 4831 1309 4888 Deinde
1343 4834 1453 4888 hoc
1496 4831 1792 4904 explanat.
1827 4833 1953 4888 Non
1988 4832 2148 4888 enim

501 4940 568 4981 eo
582 4921 738 4995 quod
771 4921 888 4977 sint
913 4923 1096 4993 aliqui
1113 4923 1506 4979 ﬁliicarnales
1527 4923 1849 4988 Abraham,
1866 4923 2148 4978 continuo

495 5015 624 5087 jam
655 5012 832 5068 etiam
867 5010 972 5066 filii
1015 5017 1154 5066 sunt
1201 5010 1528 5067 secundum
1579 5011 2062 5084 promissionem,
2094 5017 2153 5066 et

503 5103 722 5176 quibus
751 5100 1067 5174 promissio
1098 5099 1255 5155 facta
1285 5107 1410 5156 est:
1444 5101 1546 5156 sed
1577 5101 1676 5172 qui
1711 5100 2150 5157 sintﬁliiAbra-

506 5196 640 5250 ham
675 5192 835 5259 audi,
867 5189 1081 5262 inquit,
1134 5189 1519 5260 Scripturam.
1581 5189 1722 5244 Vide
1763 5197 1959 5246 autem
1993 5187 2152 5261 quod

499 5301 620 5340 non
652 5283 904 5339 dixerit:
939 5281 1017 5334 Ex
1059 5278 1258 5342 Iacob,
1297 5279 1400 5334 sed
1433 5304 1459 5330 ‹‹
1514 5280 1590 5333 Ex
1627 5280 1828 5348 Israel,
1863 5304 1883 5332 ι
1932 5296 2036 5351 pro
2071 5278 2150 5334 si-

499 5390 614 5447 gno
643 5373 876 5429 virtutis
907 5385 1136 5443 ponens
1171 5369 1494 5424 dictionem
1524 5393 1551 5419 «
1581 5369 1756 5425 Israel
1790 5393 1818 5420 ››
1850 5370 2152 5425 acdonum

501 5459 825 5532 supernum
857 5459 1198 5517 ostendens.
1229 5459 1283 5514 Si
1319 5476 1438 5514 non
1471 5474 1679 5514 omnes
1703 5459 1802 5531 qui
1841 5475 1909 5514 ex
1927 5458 2153 5515 semine

505 5558 646 5609 sunt
676 5551 1056 5620 Abraham,hi
1087 5550 1266 5606 etiam
1300 5550 1406 5606 filii
1437 5558 1576 5605 sunt
1606 5550 1927 5614 Abraham,
1953 5549 2152 5606 mani-

504 5643 724 5700 festum
753 5649 910 5698 certe
932 5655 1022 5698 est
1049 5641 1234 5698 alium
1266 5656 1396 5697 esse
1427 5639 1671 5698 modum
1703 5642 1803 5714 qui
1828 5658 1929 5698 eos
1946 5639 2156 5698 reddat

506 5731 665 5794 filios
697 5731 985 5790 Abraham
1011 5736 1228 5805 printer
1247 5729 1618 5788 nativitatem
1642 5747 1772 5806 qua
1794 5731 1867 5788 ab
1889 5730 2018 5804 ipso
2041 5737 2149 5788 est.

2257 4653 2450 4714 πάντες
2474 4653 2529 4706 οἱ
2561 4652 2612 4724 ἐξ
2643 4651 2889 4728 Ἰσραὴλ,
2916 4679 2943 4706 ››
2967 4655 3054 4709 καὶ
3089 4657 3154 4709 τά
3184 4655 3324 4728 ἑξῆς.
3358 4655 3463 4712 Καὶ
3515 4661 3656 4725 πῶς,
3715 4657 3894 4736 φησῖν,

2259 4741 2357 4798 οὐκ
2388 4739 2624 4812 ἐξέπεσεν
2660 4743 2688 4797 6
2721 4740 2888 4820 λόγος
2912 4745 3009 4798 τοῦ
3040 4747 3208 4816 Θεοῦ;
3240 4748 3362 4806 Πῶς
3395 4766 3409 4816 ;
3469 4746 3590 4803 ⁴¹Οτι
3641 4745 3703 4801 οὗ
3759 4747 3892 4802 πάν·

2259 4853 2344 4895 τες
2377 4831 2427 4887 οἶ
2459 4831 2509 4903 ἐξ
2543 4829 2786 4907 Ἰσραήλ,
2821 4829 3163 4908 Ἰσραηλῖταί
3196 4831 3318 4907 εἶσι,
3365 4837 3635 4899 τουτέστι,
3686 4836 3898 4914 σπέρμα

2259 4915 2531 4996 Ἀϐραάμ.
2565 4922 2701 4979 Εἶτα
2733 4920 3014 4998 σαφηνίζει
3046 4919 3193 4981 αὐτό.
3227 4922 3304 4979 Οὐ
3338 4923 3442 5002 γὰρ
3493 4921 3682 4998 ἐπειδή
3732 4946 3895 4993 τινες,

2260 5011 2414 5090 φησὶ,
2481 5009 2637 5066 τέκνα
2676 5010 2904 5086 σαρκικὰ
2955 5011 3049 5065 τοῦ
3109 5005 3383 5087 Ἀϐραάμ,
3435 5011 3544 5086 ἤδη
3600 5015 3691 5070 καὶ
3748 5015 3900 5072 τέκνα

2261 5100 2361 5156 εἰσὶ
2418 5106 2535 5156 κατ’
2591 5098 2937 5177 ἐπαγγελίαν,
2989 5100 3076 5156 καὶ
3139 5099 3221 5165 οἶς
3280 5104 3315 5172 ἡ
3375 5101 3667 5180 ἐπαγγελία
3719 5102 3898 5176 ἐδόθη.

2260 5187 2436 5248 Ἀλλά
2467 5190 2596 5246 ποῖά
2645 5188 2754 5245 ἐστι
2811 5188 2969 5245 τέκνα
3029 5186 3298 5267 Ἀϐραάμ,
3357 5189 3540 5263 ἄκουε,
3596 5200 3755 5275 φησῖ,
3809 5200 3902 5265 τῆς

2265 5280 2502 5357 Γόαφῆς.
2535 5281 2674 5356 Ὅρα
2707 5275 2781 5334 δέ·
2817 5280 2930 5337 Οὖκ
2955 5276 3101 5335 εἶπεν
3136 5279 3221 5354 Ἐξ
3281 5275 3499 5355 Ἰακὼϐ,
3557 5283 3705 5355 ἀλλ’,
3739 5310 3768 5338 ‹‹
3818 5286 3897 5357 Ἐξ

2264 5368 2508 5443 Ἰσραήλ,
2578 5394 2598 5419 1
2660 5367 2724 5424 τὸ
2768 5375 2865 5438 τῆς
2935 5367 3130 5443 ἀρετῆς
3201 5371 3486 5448 γνώρισμα
3537 5367 3798 5440 τεθεικὼς
3845 5375 3902 5432 τὸ

2265 5481 2294 5510 α
2323 5454 2571 5534 Ἰσραήλ,
2609 5484 2630 5513 ι
2665 5457 2756 5513 καὶ
2798 5452 3004 5522 δεικνὺς
3035 5461 3136 5530 τὴν
3168 5456 3371 5517 ἄνωθεν
3400 5460 3624 5537 δωρεάν.
3667 5461 3730 5522 Εἴ
3765 5463 3898 5541 ὀὐχὶ

2261 5545 2481 5619 πάντες,
2515 5546 2699 5627 φησὶν,
2733 5547 2786 5604 οἱ
2834 5545 2894 5603 ἐκ
2936 5543 3242 5624 σπέρματος
3288 5544 3562 5629 Ἀϐραάμ,
3615 5551 3768 5612 οῦτοι
3817 5551 3900 5612 καὶ

2259 5636 2421 5698 τέκνα
2452 5633 2723 5717 Ἀϐραὰμ,
2757 5634 3015 5711 δηλονότι
3072 5633 3246 5703 ἄλλος
3285 5638 3396 5696 ἐστὶ
3442 5643 3645 5720 τρόπος
3673 5643 3703 5704 ὁ
3732 5648 3896 5703 ποιῶν

2260 5728 2455 5796 αὐτοὺς
2483 5732 2640 5787 τέκνα
2670 5731 2771 5786 τοῦ
2801 5722 3073 5805 Ἀϐραὰμ,
3115 5729 3204 5786 καὶ
3257 5721 3387 5808 οὗχῖ
3416 5731 3451 5804 ἡ
3484 5729 3536 5807 ιε
3580 5727 3747 5792 αὐτοῦ
3796 5731 3902 5814 γέν.
