4126 6256
342 377 474 439 505

1485 382 1889 445 COMMENT.
1939 382 2016 443 IN
2063 380 2300 444 EPIST.
2352 382 2455 443 AD
2502 379 2689 441 110M.

3691 363 3812 424 506

370 530 554 583 νησις.
584 508 691 573 Τίς
727 509 790 567 Si
824 512 1029 585 οῦτοςς
1078 518 1141 572 Ὃ
1194 516 1289 584 τῆς
1346 511 1692 589 ἐπαγγελίας·
1750 514 2048 583 τουτέστιν,

2165 512 2304 579 Quis
2334 517 2533 569 autem
2564 510 2666 567 ille
2698 509 2835 566 est?
2862 503 3282 564 Promissionis
3307 518 3319 556 :
3351 501 3464 589 hoc
3477 503 3567 555 est
3595 495 3683 551 illi
3698 494 3806 551 ﬁlii

380 601 582 657 ἐκεῖνοι
612 598 780 657 τέκνα
814 601 978 674 είσίν,
1013 604 1065 658 οἱ
1124 604 1212 658 καὶ
1268 609 1368 672 τῆς
1426 601 1746 679 ἐπαγγελίας
1802 601 2056 672 ἀξιωθέν-

384 713 500 762 τες,
524 689 620 747 καὶ
649 690 1071 763 πληθυνθέντες
1103 693 1176 756 ὡς
1204 693 1269 749 τὰ
1296 691 1464 769 ἄστρα
1500 696 1601 748 τοῦ
1653 692 1900 769 οὐρανοῦ,
1942 691 2058 746 οἷόν

400 783 537 839 εἶσιν
568 782 616 837 οἳ
652 782 867 850 πιστοὶ,
902 784 1197 850 τουτέστιν,
1256 782 1320 837 οὗ
1371 783 1440 838 τὰ
1490 782 1665 841 τέκνα.
1717 806 1743 833 α
1778 780 2057 835 Τουτέστιν

403 873 473 927 οὗ
506 872 572 927 τὰ
598 870 751 926 τέκνα
780 877 887 941 τῆς
929 874 1146 947 σαρκὸς,
1180 896 1208 925 ››
1238 871 1328 927 καὶ
1385 870 1452 926 τὸ.
1493 871 1639 942 ἑξῆς.
1695 870 1824 927 Εἶτα
1882 870 2058 944 ἑρμη-

399 961 670 1029 νεῦειτήν
727 960 1160 1034 ἀναγνωσθεῖσαν
1210 961 1451 1040 Γραφῆν,
1481 959 1534 1014 τί
1591 958 1702 1014 ἐστι
1758 959 1841 1016 τὸ.
1903 982 1930 1009 ‹‹
1966 961 2052 1014 Ἐν

394 1052 588 1110 Ἰσαὰκ
644 1049 986 1123 κληθήσεταί
1044 1075 1126 1108 σοι
1182 1055 1417 1127 σπέρμα.
1478 1077 1507 1105 ››
1566 1053 1707 1121 Ὀτι,
1758 1049 1942 1130 φησίν,
2003 1051 2054 1105 οἱ

390 1140 454 1197 ἐκ
513 1149 619 1210 τῆς
681 1139 1009 1216 ἐπαγγελίας
1061 1141 1163 1197 εἰσὶ
1218 1142 1394 1197 τέκνα·
1456 1142 1571 1201 Οὐκ
1624 1140 1742 1195 εἶπε
1808 1137 1885 1213 δὲ,
1944 1143 2055 1197 Τοῦ

390 1227 681 1307 Ἀϐρααμ,
740 1229 908 1303 ἀλλὰ,
969 1256 998 1285 ‹‹
1048 1235 1159 1289 Τοῦ
1216 1237 1371 1300 Θεοῦ,
1411 1254 1437 1285 ιι
1502 1229 1712 1293 δεικνὺς
1769 1229 1896 1286 οὐδὲ
1961 1231 2052 1286 τὸν

397 1322 588 1378 ’ὶσαίικ
652 1319 847 1385 ἁπλῶς
903 1322 1039 1376 εἶναι
1092 1325 1187 1377 τοῦ
1255 1317 1524 1396 Ἀϐραὰμ,
1586 1320 1771 1377 ὅτιού
1832 1318 2054 1394 δυνάμει

410 1418 723 1485 σπέρματος
751 1409 1036 1486 ἐγεννήθη,
1086 1409 1231 1465 ἀλλὰ
1288 1408 1510 1485 δυνάμει
1568 1414 1664 1466 τοῦ
1722 1408 2053 1487 ἐπαγγειλα-

405 1500 594 1573 μένου,
620 1498 714 1554 ’ἶνα
753 1497 907 1575 δείξῃ
944 1501 1029 1557 ὅτι
1062 1501 1113 1555 οἱ
1141 1502 1241 1569 τὴν
1294 1500 1558 1556 υἱοθεσίαν
1608 1494 1847 1579 ἔχοντες,
1902 1496 2053 1554 αὐτοί

397 1588 501 1643 εἶσι
534 1589 655 1644 κατ’
697 1587 1027 1664 ἐπαγγελίαν
1059 1588 1217 1645 τέκνα
1245 1594 1342 1645 τοῦ
1376 1586 1647 1663 Ἀϐραάμ.

470 1702 498 1729 α
533 1681 725 1736 Ταῦτα
754 1679 910 1734 τέκνα
938 1682 1033 1734 τοῦ
1093 1682 1244 1735 Θεοῦ.
1282 1704 1309 1731 ››
1362 1680 1512 1734 Ἐπεὶ
1559 1678 1740 1752 τούτῳ
1785 1684 1865 1752 τῷ
1903 1677 2054 1753 λόγῳ

391 1768 480 1822 καὶ
515 1767 570 1822 οἷ
596 1765 904 1841 Ἰδουμαῖοι
926 1766 1112 1835 ἐπειδή
1138 1770 1401 1846 ἀπόγονοι
1422 1770 1555 1839 ἦσαν
1576 1764 1963 1845 Ἀϐραὰμδσον
1991 1776 2053 1829 τὸ

2164 609 2305 660 sunt
2334 603 2435 675 qui
2470 601 2648 658 etiam
2690 598 3086 673 promissione
3135 592 3294 666 digni
3333 588 3518 647 habili
3538 592 3711 643 sunt:
3749 589 3808 640 et

2162 692 2540 765 multiplicati
2570 698 2851 762 tanquam
2873 694 3030 744 astra
3042 685 3196 753 cmli,
3215 680 3394 739 veluti
3417 684 3555 735 sunt
3576 676 3805 765 ﬁdeles,

2164 784 2224 840 id
2264 763 2373 850 est,
2407 801 2527 840 non
2560 783 2667 838 filii
2718 780 3007 837 carnales.
3039 800 3067 830 ‹‹
3099 776 3218 832 Hoc
3276 777 3364 828 est
3411 786 3531 826 non
3563 766 3662 838 qui
3698 763 3808 820 ﬁlii

2166 875 2380 940 carnis,
2420 897 2438 922 ιι
2469 880 2580 929 etc.
2615 871 2836 928 Deinde
2867 869 3175 925 recitatam
3198 864 3625 934 interpretatur
3652 854 3808 910 Scri-

2162 962 2571 1035 pturam.quid
2599 962 2708 1017 sit:
2740 962 2888 1015 uPer
2918 953 3391 1015 Isaacvocabitur
3412 949 3517 1005 tibi
3532 961 3735 1035 semen
3757 960 3807 1035 ,η

2162 1034 2377 1125 nempe
2409 1054 2510 1125 qui
2557 1069 2625 1107 ex
2668 1050 3064 1124 promissione
3119 1050 3258 1101 sunt
3304 1041 3431 1097 ﬁlii.
3488 1039 3615 1094 Non
3659 1034 3809 1125 dixit

2162 1124 2394 1199 autem:
2431 1124 2622 1214 Ipsius
2675 1141 2987 1205 Abraham,
3037 1135 3141 1193 sed
3175 1158 3201 1184 «
3236 1132 3377 1198 Dei;
3413 1151 3436 1181 ι
3480 1124 3802 1182 ostendens

2162 1249 2357 1305 neque
2396 1235 2558 1289 Isaac
2610 1229 2961 1303 simpliciter
3019 1227 3206 1299 ipsius
3261 1221 3555 1279 Abraham
3594 1216 3800 1281 fuisse,

2164 1324 2304 1395 quia
2333 1340 2455 1378 non
2486 1324 2697 1378 virtute
2731 1320 2975 1377 seminis
3005 1323 3179 1374 natus
3195 1312 3413 1381 est,sed
3431 1310 3560 1382 ejus
3590 1309 3802 1363 virtute

2162 1414 2261 1484 qui
2294 1413 2681 1485 promiserat:
2720 1417 2785 1465 ut
2827 1408 3168 1465 ostenderet
3224 1402 3381 1475 quod
3420 1398 3802 1485 adoptionem

2160 1484 2467 1569 habenles,
2505 1502 2565 1557 hi
2626 1504 2765 1556 sunt
2821 1497 3147 1555 secundum
3201 1492 3658 1567 promissionem
3696 1484 3803 1542 filii

2161 1593 2477 1650 Abraham.

2238 1706 2259 1737 ι
2287 1684 2354 1739 Hi
2390 1683 2649 1741 suntfilii
2684 1680 3007 1739 Deia325
3041 1675 3607 1743 Quiahocsermone
3623 1668 3797 1723 etiam

2157 1774 2531 1845 Idummi,qui
2564 1790 2634 1829 ex
2664 1771 2959 1828 Abraham
2984 1756 3794 1836 trahebantoriginem,quod

390 1858 532 1911 κατᾶ
566 1858 763 1932 σάρκα,
806 1855 1043 1935 ὤφειλον
1079 1858 1214 1914 εἶναι
1242 1858 1398 1913 τέκνα
1427 1863 1522 1913 τοῦ
1572 1863 1726 1926 Θεοῦ,
1777 1856 1903 1914 ἀλλ’
1953 1859 2051 1913 οὐκ

2165 1866 2231 1920 ad
2258 1881 2497 1921 carnem
2538 1864 2767 1928 attinet,
2800 1861 3088 1917 deberent
3114 1874 3244 1913 esse
3275 1855 3379 1911 filii
3412 1849 3653 1915 Dei.sed
3674 1865 3795 1904 non

394 1945 520 2000 εἶσί.
549 1946 701 2000 Κατᾶ
728 1946 899 2019 σάρκα
918 1946 1020 2022 γὰρ
1043 1945 1194 2002 αὐτοὶ
1216 1947 1429 2023 σπέρμα
1458 1952 1554 2002 τοῦ
1600 1942 1872 2023 Ἀϐραὰμ,
1925 1946 2052 2003 ἀλλ’

392 2036 560 2106 ἡμεῖς
590 2032 754 2107 ἐσμεν
788 2034 947 2089 τέκνα
975 2039 1072 2090 τοῦ
1106 2030 1379 2111 Ἀϐραὰμ,
1425 2037 1475 2091 οἱ
1522 2043 1621 2106 τῆς
1673 2037 1842 2106 αὐτῆς
1902 2034 2048 2108 αὐτῷ

393 2123 631 2184 πίστεως
660 2127 1070 2192 κοινωνοῦντες,
1098 2124 1187 2178 καὶ
1216 2123 1375 2179 τέκνα
1406 2128 1501 2179 τοῦ
1534 2129 1665 2180 Θεοῦ
1698 2122 1787 2179 διὰ
1823 2131 1921 2194 τῆς
1954 2146 2049 2179 κο-

392 2208 727 2290 λυμεήθρας
755 2216 854 2268 τοῦ
886 2212 1031 2277 θείου
1065 2213 1459 2288 βαπτίσματος.
1495 2240 1520 2267 ‹‹
1555 2214 1734 2272 Ἀλλά
1760 2215 1845 2289 fcit
1892 2215 2051 2270 τέκνα

393 2305 495 2371 τῆς
530 2300 884 2378 ἐπαγγελίας.
932 2327 962 2355 »
992 2304 1177 2373 Ὅσοι,
1208 2304 1362 2383 φησὶ,
1393 2305 1528 2360 κατά
1574 2305 1665 2359 τὸν
1710 2304 1895 2361 Ἰσαὰκ
1937 2325 2049 2378 γεν-

389 2391 814 2463 νηθῶσιν,οῦτοί
855 2390 958 2447 εἶσι
983 2391 1075 2447 καὶ
1107 2395 1324 2467 σπέρμα
1354 2388 1608 2468 Ἀϐραὰμ
1634 2391 1723 2448 καὶ
1754 2393 1863 2447 υἱοὶ
1894 2396 2049 2449 Θεοῦ.

390 2483 451 2539 Ὀ
490 2481 599 2556 γὰρ
626 2480 833 2551 Ἰσαὰκ,
868 2480 932 2535 οὗ
962 2481 1096 2536 κατὰ
1125 2481 1295 2554 νόμον
1328 2481 1583 2558 ἐγεννήθη
1635 2480 1865 2562 φύσεως,
1908 2480 2052 2537 ἀλλὰ

394 2571 531 2625 κατὰ
600 2566 829 2643 δύναμιν
901 2569 1246 2647 ἐπαγγελίας.
1317 2572 1526 2629 Οῦκοῦν
1608 2573 1658 2626 ol
1732 2573 2049 2648 γεννώμενοι

400 2659 593 2727 οὕτως,
627 2659 738 2713 υἱοί
773 2653 1030 2734 Ἀϐραάμ
1061 2659 1215 2717 εἰσιν.
1285 2660 1469 2723 Οὕτως
1528 2659 1587 2716 δὲ
1628 2663 1793 2735 ἡμεῖς
1850 2661 2052 2737 γεννώ-

407 2762 539 2825 μεθα
567 2748 654 2805 διὰ
682 2757 787 2820 τῆς
828 2744 1241 2826 κολυμϐήθρας.
1303 2754 1543 2825 Ῥήμασι
1599 2751 1699 2828 γὰρ
1748 2752 1837 2807 καὶ
1890 2754 2052 2825 ἡμεῖς

397 2839 725 2915 ἐπαγγελίας
793 2840 1121 2914 γεννώμεθα”
1220 2841 1426 2915 ῥήμασι
1498 2842 1614 2915 μὶν,
1701 2838 1790 2896 διὰ
1856 2843 1918 2896 τὸ
1974 2841 2049 2904 εἰς

385 2929 566 3003 ὄνομα
598 2930 814 3003 Πατρὸς
844 2927 937 2983 καὶ
988 2929 1116 2983 Υἱοῦ
1170 2928 1259 2984 καὶ
1318 2928 1472 3004 ἁγίου
1535 2930 1844 3006 Ηνεύματος
1904 2931 2053 3008 γίνε-

385 3033 509 3085 σθαι
545 3020 643 3082 τὰς
698 3019 750 3075 ἐν
808 3022 878 3093 τῇ
929 3013 1297 3095 κολυμϐήθρᾳ
1350 3017 1689 3084 καταδύσεις·
1754 3020 2052 3096 ἐπαγγελίᾳ

389 3108 467 3177 δὲ,
498 3110 638 3174 καθὸ
673 3109 724 3163 οἱ
756 3114 1037 3185 προφῆται
1068 3109 1174 3183 πρὸ
1206 3106 1435 3164 πολλῶν
1470 3111 1684 3190 χρόνων
1747 3112 1810 3165 τὸ
1858 3112 2054 3187 βάπτι-

399 3218 509 3269 σμα
537 3195 983 3274 εὖηγγελίσαντο.
1015 3197 1105 3259 Ὠς
1148 3199 1231 3272 τὸ,
1293 3222 1320 3250 ‹‹
1375 3199 1655 3254 Λούσασθε
1693 3199 1784 3253 καὶ
1826 3198 2051 3273 καθαροὶ

406 3289 639 3363 γένεσθε.
681 3313 706 3340 η

488 3374 567 3431 Οὖ
599 3375 742 3446 μόνον
796 3374 875 3443 ὃὶ,
931 3373 1076 3431 ἀλλὰ
1134 3375 1222 3431 καὶ
1280 3371 1560 3447 Ῥεϐέκκα,
1629 3375 1679 3450 ἐξ
1747 3376 1867 3439 ἑνὸς
1928 3377 2052 3432 κοί-

414 3486 513 3534 την
544 3460 757 3540 ἔχουσα,
806 3466 989 3524 Ἰσαὰκ
1044 3464 1145 3521 τοῦ
1207 3468 1411 3541 πατρὸς
1467 3469 1653 3540 ἡμῶν.
1716 3469 1901 3537 Μήπω
1949 3467 2050 3545 γὰρ

410 3554 782 3628 γεννηθέντων.
856 3551 998 3629 μηδέ
1091 3556 1404 3629 πραξάντων
1468 3577 1520 3611 τι
1586 3556 1780 3632 ἀγαθὸν
1848 3559 1882 3626 ἢ
1949 3578 2047 3613 κα-

407 3645 512 3712 κὸν,
546 3644 633 3700 ἳνα
669 3646 705 3715 ἡ
762 3646 879 3700 κατ’
939 3643 1183 3720 ἐκλογὴν
1235 3650 1332 3701 τοῦ
1389 3651 1522 3702 Θεοῦ
1578 3646 1832 3723 πρόθεσις
1892 3648 2050 3722 μένῃ,

398 3733 490 3789 οὒκ
556 3732 607 3806 ἐξ
678 3728 875 3811 ἔργων,
944 3732 1073 3789 ἀλλ’
1142 3733 1200 3789 ἐκ
1274 3740 1369 3791 τοῦ
1445 3733 1768 3807 καλοῦντος,
1847 3734 2048 3813 ἐρρήθη

390 3822 549 3896 αὐτῇ,
626 3823 714 3879 ὅτι
792 3824 855 3883 Ὁ
948 3823 1147 3897 μείζων
1231 3821 1513 3880 δουλεύσει
1600 3829 1677 3897 τῷ
1780 3824 2051 3882 ἐλάσσονι.

387 3914 586 3975 Καθὼς
658 3911 982 3989 γέγραπται·
1062 3912 1162 3969 Τὸν
1228 3908 1423 3970 Ἰακὼϐ
1489 3914 1775 3992 ἠγάπησα,
1844 3915 1936 3970 τὸν
1997 3913 2054 3970 δὲ

387 4004 564 4058 Ἠσαῦ
596 3999 852 4074 ἐμίσησα.

459 4091 568 4149 Καὶ
598 4091 677 4162 τί,
709 4091 864 4172 φησὶ,
895 4092 1230 4165 θαυμαστὸυ,
1261 4093 1343 4147 δτι
1395 4097 1501 4148 τῶν
1554 4091 1827 4149 Ἰουόαἰων
1871 4096 1921 4150 οἱ
1956 4093 2049 4167 μὶν

391 4180 777 4241 πιστεύσαντες
807 4179 883 4243 εἷς
937 4182 1155 4255 σπέρμα
1181 4176 1435 4256 Ἀϐραὰμ
1493 4181 1828 4256 λογίζονται,
1887 4184 1937 4238 οἱ
1998 4181 2054 4238 δὲ

395 4267 617 4326 ἄπιστοι
649 4268 749 4324 οὐκ
778 4264 897 4338 ἔτι;
946 4272 1119 4327 Τοῦτο
1175 4270 1278 4345 γὰρ
1337 4272 1423 4325 καὶ
1487 4270 1575 4326 ἐπὶ
1630 4277 1739 4327 τῶν
1798 4272 2051 4328 παλαιῶν

396 4358 672 4435 εὑρήσεις.
703 4359 806 4415 Καὶ
838 4358 942 4434 γὰρ
975 4359 1002 4413 ὁ
1035 4358 1217 4417 Ἰσαὰκ
1249 4358 1526 4435 λογίζεται
1562 4362 1728 4435 μόνος
1758 4360 1834 4425 είς
1886 4365 2053 4437 σπέρ-

399 4469 495 4521 μα,
528 4446 712 4503 καίτοι
744 4445 915 4503 ὄντων
945 4448 1036 4503 καὶ
1066 4452 1172 4504 τῶν
1205 4448 1312 4505 ἀπὸ
1368 4450 1692 4527 Χεττούρας.
1757 4450 1833 4513 Οὗ
1890 4452 2054 4525 μόνον

395 4534 452 4593 δὶ
506 4542 702 4608 τοῦτο,
760 4537 942 4618 φησὶν,
1004 4536 1148 4593 ἀλλὰ
1203 4538 1294 4593 καὶ
1351 4533 1602 4594 Ῥεϐέκκα
1675 4538 1725 4611 ἐξ
1782 4540 1901 4603 ἑνὸς
1959 4545 2055 4597 τοῦ

2080 3252 2131 3316 G

2162 1956 2470 2009 sunt.Nam
2495 1953 2556 2007 hi
2597 1967 2801 2007 semen
2832 1948 3130 2005 Abraham
3158 1950 3298 2001 sunt
3325 1940 3653 1999 secundum
3672 1955 3799 1994 car-

2158 2060 2296 2099 nem
2322 2061 2334 2098 :
2366 2060 2569 2099 verum
2602 2059 2709 2097 nos
2733 2057 2938 2096 sumus
2961 2033 3505 2104 ﬁliiAbraham,qui
3533 2030 3802 2101 inipsius

2162 2134 2276 2188 [ide
2308 2132 2819 2189 communicamus
2842 2145 2976 2185 cum
3007 2129 3269 2200 ipso,per
3289 2124 3587 2180 lavacrum
3621 2117 3803 2174 divini

2160 2223 2550 2295 baptismatis.
2569 2223 2717 2279 cSed
2738 2224 2847 2277 filii
2861 2218 3328 2294 promissionis.»
3346 2210 3806 2285 Quicunque,in-

2163 2314 2389 2385 quit,ad
2403 2313 2644 2368 modum
2657 2313 2819 2367 Isaac
2832 2311 2955 2367 nati
2970 2308 3276 2373 fuerint,hi
3292 2322 3495 2363 semen
3509 2301 3805 2361 Abraham

2162 2406 2302 2456 sunt
2331 2406 2388 2456 et
2416 2400 2524 2455 filii
2557 2401 2849 2457 Dei.Isaac
2871 2399 3031 2454 enim
3063 2414 3183 2453 non
3216 2395 3544 2451 secundum
3576 2398 3803 2448 natura,

2162 2491 2352 2563 legem
2382 2493 2556 2545 natus
2572 2487 3136 2557 est,sedsecundum
3150 2487 3425 2541 virtutem
3457 2481 3802 2555 promissio-

2162 2582 2277 2636 nis.
2306 2584 2508 2653 Itaque
2542 2580 2641 2652 qui
2675 2580 2757 2636 ita
2785 2585 3132 2641 nascuntur,
3186 2577 3291 2632 filii
3323 2580 3464 2632 sunt
3489 2574 3801 2629 Abraham.

2162 2672 2365 2742 Itaque
2396 2675 2454 2726 et
2483 2686 2592 2725 nos
2609 2669 3025 2741 perlavacrum
3044 2666 3365 2730 nascimur,
3381 2662 3676 2735 siquidem
3695 2676 3804 2715 nos

2162 2762 2341 2817 etiam
2372 2761 2564 2818 verbis
2611 2760 3021 2832 promissionis
3060 2758 3399 2814 nascimur:
3441 2753 3633 2810 verbis
3664 2752 3803 2825 qui-

2163 2852 2487 2925 dem,quod
2517 2853 2578 2907 in
2601 2852 2844 2908 nomine
2888 2850 3077 2907 Patris
3103 2856 3161 2905 et
3193 2848 3322 2905 Filii
3353 2853 3414 2903 et
3442 2844 3631 2902 sancti
3676 2842 3807 2915 Spi-

2162 2944 2312 2998 ritus
2351 2942 2497 2997 ﬁant
2527 2942 2589 2997 in
2648 2941 2877 2997 lavacro
2922 2938 3364 3005 demersiones;
3396 2934 3805 3009 promissione

2162 3029 2483 3100 vero,quod
2514 3028 2817 3100 prophetae
2848 3026 3051 3083 multis
3074 3033 3210 3081 ante
3229 3022 3597 3095 temporibus
3614 3020 3804 3091 bapti-

2164 3135 2291 3173 sma
2321 3116 3008 3185 annuntiaverint,veluti
3024 3132 3157 3172 cum
3172 3116 3407 3184 dicitur,
3425 3136 3451 3163 ι(
3479 3108 3805 3176 Lavamini,

2167 3206 2370 3262 mundi
2405 3212 2591 3262 estote
2620 3205 2687 3261 ⁴ί.
2721 3227 2751 3257 ››

2228 3380 2325 3447 ῙΧ,
2359 3380 2549 3435 10-13.
2610 3382 2728 3435 Νοη
2770 3377 2944 3434 solum
2974 3384 3156 3433 autem
3204 3377 3324 3441 hoc,
3346 3376 3440 3431 sed
3485 3380 3540 3430 et
3566 3373 3804 3428 Rebecca

2156 3488 2225 3527 ea:
2256 3487 2364 3526 uno
2399 3471 2710 3542 concipiens
2743 3473 2895 3527 Isaac
2910 3477 3073 3541 patro
3103 3475 3310 3525 nostro.
3344 3466 3475 3522 Cum
3491 3464 3635 3521 enim
3655 3479 3803 3518 non-

2156 3562 2284 3616 dum
2312 3564 2433 3617 nati
2464 3568 2655 3629 essent,
2711 3577 2885 3632 neque
2915 3561 3045 3616 boni
3098 3560 3403 3631 quidquam
3440 3559 3675 3627 egissent
3708 3558 3807 3607 aut

2153 3653 2325 3708 mali:
2360 3659 2421 3709 ut
2477 3654 2769 3709 secundum
2828 3652 3141 3708 electionem
3166 3653 3513 3722 prapositum
3554 3647 3647 3701 Dei
3687 3659 3807 3698 ma-

2153 3750 2328 3810 neret,
2352 3760 2463 3798 non
2495 3761 2563 3799 ea:
2590 3744 2957 3815 operibussed
2987 3760 3057 3799 ea:
3090 3749 3318 3799 vocante
3347 3741 3559 3795 dirtum
3580 3740 3657 3792 est
3679 3733 3768 3788 illi
3792 3748 3806 3786 :

2153 3833 2334 3903 Major
2361 3837 2558 3889 serviet
2611 3834 2837 3889 minori.
2892 3833 3358 3898 Quemadmodum
3396 3830 3665 3899 scriptum
3684 3832 3760 3881 est
3796 3826 3820 3868 -'

2152 3922 2320 3977 Jacob
2351 3923 2546 3987 dilexi,
2579 3923 2723 3978 Esau
2746 3938 2873 3978 vero
2905 3922 3030 3977 odio
3053 3922 3241 3977 habui.

2227 4074 2293 4128 Et
2326 4073 2467 4144 quid
2499 4073 2739 4142 mirum,
2797 4075 3013 4146 inquit,
3048 4076 3207 4147 quod
3245 4073 3581 4131 Iudaeorum
3601 4072 3661 4129 hi
3694 4072 3802 4129 soli

2155 4163 2217 4219 in
2249 4180 2455 4220 semen
2484 4162 2779 4220 Abraham
2792 4170 3145 4237 reputentur
3170 4166 3271 4236 qui
3302 4162 3806 4230 crediderunt,iu-

2156 4253 2383 4309 creduli
2412 4271 2546 4311 vero
2577 4272 2697 4311 non
2726 4256 2855 4311 ita?
2883 4257 3027 4312 Nam
3061 4262 3118 4311 et
3156 4257 3266 4311 hoc
3288 4257 3350 4311 in
3381 4255 3676 4311 veteribus
3708 4255 3801 4309 in-

2155 4344 2375 4402 venies.
2410 4345 2714 4417 Siquidem
2740 4346 2901 4403 lsaac
2930 4352 3240 4419 reputatur
3286 4345 3447 4402 solus
3478 4345 3540 4400 in
3572 4360 3799 4411 semen,

2159 4450 2292 4489 cum
2324 4440 2523 4491 tamen
2541 4436 2643 4492 alii
2667 4436 3206 4493 essentaChettura
3236 4434 3559 4491 filii.Necid
3583 4433 3797 4502 solum,

2160 4523 2261 4580 sed
2286 4531 2344 4580 et
2372 4526 2637 4583 Rebecca
2651 4543 2719 4583 ex
2738 4544 2806 4583 ex
2822 4544 2941 4583 uno
2956 4528 3117 4584 Isaac
3134 4530 3374 4598 accepto
3407 4524 3800 4591 semine,cum

394 4626 579 4684 Ἰσαὰκ
608 4626 825 4702 σπέρμα
864 4621 1088 4702 ἔχουσα,
1130 4627 1220 4683 καὶ
1266 4625 1361 4684 δύο
1410 4630 1729 4704 γεννήσασα,
1780 4630 1882 4684 οὐκ
1919 4624 2047 4705 ἔσχε

2165 4612 2313 4671 duos
2342 4615 2688 4688 peperisset,
2712 4634 2832 4673 non
2877 4617 3084 4673 habuit
3139 4616 3287 4673 duos
3319 4616 3420 4688 qui
3464 4615 3581 4672 Deo
3609 4613 3807 4705 place-

388 4718 523 4780 τοὺς
580 4713 680 4771 δύο
737 4714 1031 4791 ἀρέσαντας
1102 4721 1244 4791 Θεῷ,
1303 4715 1433 4773 οὐδὲ
1499 4716 1896 4793 λογιζομένους
1977 4719 2052 4784 εἷς

395 4806 614 4883 σπέρμα
683 4800 956 4881 ’Δϐραάμη
1036 4805 1227 4864 Καίτοι
1299 4810 1468 4880 μήπω
1531 4808 1880 4885 γεννηθέντες
1930 4808 2053 4865 οὕτε

400 4895 567 4951 καλὸν
599 4894 831 4970 ἔπραξαν
877 4892 1001 4951 οὔτε
1058 4897 1248 4953 κακόν.
1309 4898 1491 4966 Οὕτω,
1550 4898 1706 4973 φησὶ,
1766 4900 1856 4954 καὶ
1915 4901 2051 4955 Ἰου-

405 4979 567 5055 δαῖοι,
599 4987 652 5040 οἱ
687 4985 782 5058 μὶν
812 4986 996 5040 πιστοὶ
1050 4985 1140 5040 καὶ
1182 4985 1397 5063 σπέρμα
1453 4980 1712 5063 Ἀϐραὰμ
1768 4988 1894 5060 εἱσι,
1958 4989 2048 5044 καὶ

398 5077 689 5146 σώζονται,
723 5075 775 5131 οἱ
807 5073 865 5131 δὲ
896 5078 1112 5131 ἁπιστοι
1169 5073 1267 5131 οὐκ
1324 5075 1423 5137 ἔτι.
1491 5078 1630 5149 «Ἐξ
1685 5078 1803 5142 ἑνὸς
1857 5066 2046 5151 κοίτην

394 5162 622 5243 ἔχουσα.
661 5164 809 5237 »Ἐξ
866 5165 941 5220 ὧν
1003 5165 1101 5221 οὐκ
1158 5162 1309 5245 ἔσχε,
1366 5167 1526 5243 φησὶ,
1580 5167 1708 5230 τοὺς
1766 5166 1861 5224 δύο
1924 5169 2049 5244 ἀρέ-

389 5276 641 5318 σκοντας.
693 5280 723 5309 α
786 5258 966 5328 Μήπω
1021 5258 1125 5332 γαρ
1174 5258 1567 5331 γεννηθέντων.
1626 5282 1655 5310 ››
1712 5260 1822 5316 Τοῦ
1879 5258 2049 5316 Ἠσαῦ

386 5347 478 5404 καὶ
508 5349 612 5404 τοῦ
642 5341 859 5404 Ἰακώϐ.

462 5464 483 5492 ι
518 5438 636 5497 Ἵνα
664 5438 702 5509 ἡ
732 5441 850 5494 κατ’
882 5435 1123 5514 ἐκλογήν
1175 5437 1433 5514 πρόθεσις
1484 5441 1583 5495 τοῦ
1629 5442 1788 5496 Θεοῦ
1823 5438 1980 5517 μένῃ.
2014 5466 2042 5495 ν)

386 5528 701 5604 Τουτέστιν,
731 5528 769 5600 ἡ
798 5525 938 5585 κατὰ
964 5527 1274 5605 πρόγνωσιν
1307 5526 1537 5609 ἐκλογή.
1578 5527 1787 5605 Είπὼν,
1828 5556 1858 5585 (ς
1890 5530 2043 5609 Πρό-

459 5685 507 5727 ⁴¹
539 5687 651 5747 Isa.
684 5687 729 5755 Ῑ,
754 5685 844 5741 18.

2160 4709 2315 4773 rent,
2350 4711 2453 4762 aut
2476 4706 2538 4763 in
2568 4723 2772 4763 semen
2802 4706 3097 4762 Abraham
3141 4712 3587 4779 reputarentur:
3624 4703 3803 4776 idque

2161 4810 2295 4850 cum
2327 4796 2594 4851 nondum
2625 4800 2825 4852 essent
2866 4797 3008 4863 nati,
3057 4813 3249 4869 neque
3290 4796 3514 4852 bonum
3545 4794 3808 4869 egissent

2159 4889 2260 4939 aut
2292 4884 2634 4941 malum.Sic
2664 4890 2722 4940 et
2745 4884 2961 4941 Iudaeis
2983 4884 3217 4941 :ﬁdeles
3245 4885 3485 4957 quidem
3518 4889 3576 4941 et
3600 4899 3803 4940 semen

2158 4972 2455 5029 Abraham
2487 4979 2627 5029 sunt
2656 4980 2713 5031 et
2743 4974 2885 5031 salvi
2918 4975 3089 5044 ﬁunt,
3121 4974 3393 5032 infideles
3414 4990 3547 5030 vero
3565 4974 3798 5030 nonita.

2163 5086 2183 5111 ι
2220 5063 2302 5117 Ex
2354 5080 2472 5119 uno
2525 5064 2888 5136 concipiens.
2920 5087 2947 5116 »
3007 5065 3125 5122 Nec
3173 5071 3374 5121 tamen
3429 5064 3503 5120 ob
3560 5062 3622 5117 id
3652 5061 3803 5117 duos

2156 5148 2368 5207 habuit
2396 5154 2495 5224 qui
2530 5154 2648 5209 Deo
2680 5153 3001 5226 placerent.
3036 5180 3062 5207 ‹‹
3089 5156 3235 5212 Cum
3266 5153 3533 5211 nondum
3550 5151 3676 5207 nati
3709 5166 3803 5207 es-

2157 5248 2307 5298 sent.
2340 5264 2368 5293 ››
2403 5244 2555 5299 Esau
2577 5243 2850 5302 videlicet
2878 5245 3149 5303 etJacob.

2208 5444 2379 5505 '826
2411 5472 2439 5499 ‹‹
2462 5449 2545 5506 ‘Ut
2575 5448 2901 5507 secundum
2935 5448 3284 5506 electionem
3309 5444 3677 5521 propositum
3695 5416 3799 5503 Dei

2152 5545 2477 5595 maneret.»
2508 5538 2573 5597 Id
2604 5540 2928 5611 est,electio
2958 5555 3089 5613 quas
3115 5537 3443 5595 secundum
3484 5538 3799 5595 scientiam
