4126 6256
422 316 540 375 507

1501 316 1918 378 ΕΕΟΟΜΕΝΙΙ
1965 313 2265 376 ’1⁵3100Λὲ
2309 312 2659 377 EPISCOPI

3749 320 3875 380 508

430 457 538 508 est.
577 448 864 506 Dicendo:
900 473 924 496 ιι
962 447 1335 521 Propositum
1383 448 1503 517 Dei,
1535 471 1563 498 »
1596 449 1910 505 consilium
1943 449 2066 518 ejus

2185 457 2326 509 θεσιν
2357 451 2454 503 τοῦ
2485 452 2644 516 Θεοῦ,
2675 471 2703 498 »
2737 449 2839 519 τὴν
2874 446 3086 522 βουλὴν
3121 445 3284 503 αὐτοῦ
3315 446 3630 520 ἐδήλωσεν.
3650 449 3878 515 Εἰπὼν,

429 538 816 611 significavit;
841 536 1046 593 dicens
1062 553 1216 593 vero:
1231 560 1259 588 ‹‹
1293 537 1629 594 Secundum
1661 537 2074 594 electionem.»

426 627 689 685 ostendit
713 626 869 700 quod
901 643 936 682 a
965 643 1027 682 se
1059 627 1300 683 invicem
1331 626 1659 683 differrent.
1686 627 1890 682 Nullus
1912 627 2074 682 enim

425 716 679 773 alterum
711 733 831 790 prae
864 716 1049 773 altero
1081 715 1385 787 eligit,nisi
1418 716 1529 772 hoc
1560 715 1632 772 ab
1654 715 1769 772 alio
1800 717 1859 771 in
1874 716 2074 787 aliquo

425 804 730 862 dissideat.
783 805 999 862 Dicens
1051 812 1285 862 autem:
1319 828 1347 856 ι‹
1406 807 1530 860 Non
1583 821 1650 861 ex
1710 805 2011 877 operibus,
2046 827 2071 854 ››

425 892 751 948 vocationis
782 908 850 947 ac
879 893 1081 966 gratias
1111 892 1298 964 ipsius
1337 892 1806 965 magnitudinem
1825 893 2072 948 demon-

429 982 667 1049 stravit;
701 998 840 1037 nam
869 981 1046 1038 etiam
1077 999 1212 1037 cum
1244 982 1395 1037 nihil
1422 983 1648 1053 operati
1671 982 1990 1055 sint,eligit
2019 988 2077 1037 et

428 1069 912 1127 asciscit.Verum
945 1072 1158 1138 si,cum
1190 1073 1341 1127 nihil
1363 1073 1590 1144 operati
1621 1072 2074 1144 sint,eligit,quo

424 1167 597 1233 pacto
630 1161 840 1233 eligit?
869 1161 1043 1216 nobis
1074 1162 1295 1217 etenim
1322 1162 1531 1217 electio
1548 1162 1614 1217 fit
1643 1161 1704 1216 in
1736 1161 1828 1216 his
1858 1178 1990 1232 quas
2013 1163 2073 1216 in

427 1250 626 1320 aliquo
657 1250 1064 1322 differunt;qui
1089 1257 1287 1306 autem
1315 1251 1466 1306 nihil
1487 1251 1713 1323 cperati
1735 1251 1942 1306 sintin
1957 1268 2072 1322 quo

426 1338 754 1395 differunt?
783 1340 1048 1396 Maxime.
1084 1341 1366 1396 Humanis
1401 1357 1659 1412 namque
1698 1341 1906 1406 oculis,
1938 1356 2072 1394 cum

424 1428 578 1484 nihil
609 1428 854 1501 egerint,
890 1430 951 1485 in
979 1430 1144 1486 nullo
1177 1431 1497 1486 differunt:
1525 1429 1722 1485 divina
1750 1435 1948 1486 autem
1981 1429 2070 1483 fu-

425 1518 541 1573 turi
574 1519 1051 1592 praerognitione,
1103 1519 1428 1591 plurimum
1460 1519 1761 1575 differunt.
1806 1520 1948 1575 Nam
1973 1517 2073 1573 ille

425 1607 666 1678 quidem
697 1616 898 1681 gratus
949 1609 1063 1664 fuit
1095 1610 1230 1678 Deo,
1291 1609 1386 1664 hic
1441 1615 1639 1664 autem
1683 1624 1821 1663 non.
1852 1607 2072 1662 Electio

423 1697 624 1768 itaque
654 1713 773 1752 non
805 1714 874 1753 ex
907 1697 1185 1770 operibus
1216 1698 1369 1754 facta
1397 1704 1508 1765 est,
1543 1704 1599 1753 et
1623 1697 1984 1753 avocatione
2017 1701 2075 1751 et

421 1787 610 1858 gratia
638 1787 792 1844 facta
823 1788 1007 1843 est.Et
1028 1788 1191 1858 juste
1223 1787 1376 1842 facta
1406 1793 1526 1842 est:
1577 1787 1676 1842 sed
1705 1785 1945 1857 justitia
1965 1785 2069 1839 ho-

423 1876 618 1931 mines
649 1875 1406 1940 latebat.Quemadmodum
1439 1891 1580 1931 sane
1614 1881 1672 1931 et
1701 1891 1859 1930 nunc
1881 1873 2074 1930 adhuc

421 1964 658 2034 justitia
686 1964 833 2020 latet
861 1980 992 2035 quas
1017 1965 1127 2019 fuit
1156 1965 1472 2020 inillorum
1487 1964 1782 2020 occisione
1797 1964 1894 2034 qui
1931 1965 2075 2018 vitu-

426 2051 552 2108 lum
575 2053 841 2109 fecerant
866 2053 932 2110 ‘2.
967 2057 1109 2110 Cum
1160 2054 1319 2110 enim
1351 2070 1560 2110 omnes
1609 2053 1856 2108 vitulum
1887 2052 1943 2107 fe
1960 2052 2072 2106 :is-

427 2147 708 2207 sent,non
733 2158 939 2198 omnes
969 2143 1310 2214 interempti
1329 2144 1710 2198 sunt.Verum
1734 2157 2075 2213 quanquam

427 2230 488 2284 in
521 2231 732 2287 borum
765 2231 1177 2288 interfectione
1196 2232 1908 2305 justitialatuerit,tamen
1939 2229 2072 2285 uni-

424 2337 728 2377 versorum
756 2322 945 2379 Judici
987 2329 1192 2379 exacte
1224 2329 1282 2379 et
1327 2323 1551 2395 absque
1583 2322 1705 2378 ullo
1756 2337 1954 2376 errore
1987 2335 2079 2375 co-

426 2409 592 2482 gnita
621 2417 726 2467 est.
764 2412 856 2466 Sic
886 2418 944 2468 et
971 2413 1032 2467 in
1081 2413 1215 2468 aliis
1243 2413 1577 2468 innumeris
1608 2430 1620 2468 :
1672 2410 1849 2466 veluti
1891 2409 1951 2464 in
1982 2409 2076 2463 his

425 2509 606 2564 etiam
674 2527 805 2582 quas
864 2510 1128 2582 quotidie
1167 2511 1466 2567 aecidunt.
1529 2509 1832 2580 Siquidem
1891 2507 2077 2562 multa

425 2597 654 2670 ignotas
685 2599 859 2654 nobis
885 2599 1165 2656 habentia
1194 2605 1490 2660 causas.et
1510 2595 2076 2670 quasinsipientibus

423 2687 550 2744 sine
583 2690 810 2746 ratione
842 2689 970 2745 fieri
999 2690 1294 2760 videntur,
1321 2690 1614 2761 juxtahoc
1645 2688 1817 2743 oculo
1859 2701 2073 2753 causae,

424 2777 545 2832 imo
568 2779 836 2834 omnium
866 2779 1188 2850 inspectori
1211 2775 1986 2849 omniumquejudici,juste
2018 2779 2077 2828 et

423 2865 579 2922 facta
609 2883 739 2922 esse
783 2874 1105 2923 censentur
1133 2873 1192 2923 et
1233 2883 1438 2924 revera
1470 2871 1851 2940 peraguntur.
1893 2864 2071 2918 Divus

421 2961 619 3012 autem
660 2957 878 3012 Paulus
899 2957 983 3012 ait
1004 2957 1188 3023 :Quod
1220 2957 1268 3012 si
1302 2957 1480 3012 etiam
1509 2955 1685 3028 nulla
1714 2953 1946 3010 occulta
1973 2969 2068 3006 τας

420 3043 502 3100 tio
533 3045 625 3100 bis
657 3063 787 3117 quas
813 3045 964 3102 fiunt
992 3047 1216 3103 inesset
1243 3064 1254 3101 :
1287 3063 1362 3103 ne
1393 3047 1476 3102 ita
1506 3045 1746 3118 quidem
1770 3046 2071 3115 oporteret

419 3137 708 3208 quosdam
739 3139 992 3212 graviter
1021 3140 1174 3195 ferre
1206 3156 1271 3195 ac
1320 3139 1579 3194 divinam
1629 3135 2064 3193 Providentiam

2185 558 2212 585 «
2244 536 2368 591 Κατ’
2399 533 2660 614 ἐκλογήν,
2697 562 2717 588 ι
2748 531 2943 608 ἔδειξεν
2975 537 3060 594 ὅτι
3109 537 3199 593 καὶ
3257 533 3494 617 διέφερον
3549 535 3878 608 ἀλλήλων.

2183 620 2379 686 Οὐδεὶς
2409 626 2512 701 γὰρ
2555 627 2839 704 ἐκλέγεται
2895 623 3076 699 ἕτερον
3132 629 3221 703 ἀφ’
3279 627 3485 702 ἐτέρου,
3547 627 3605 683 εί
3678 630 3766 703 μή
3827 648 3882 682 τι

2183 711 2348 767 αὐτοῦ
2381 711 2734 774 διαλλάσσοι.
2768 714 2960 773 Εἰπὼν
2991 712 3068 784 δὲ,
3103 741 3129 767 ιι
3164 716 3277 771 Οὐκ
3309 715 3359 786 ἐξ
3408 713 3620 791 ἔργων.
3659 740 3691 767 ιι
3732 733 3883 791 παρ-

2183 800 2370 872 έστησε
2403 802 2466 859 τὸ
2498 803 2721 878 μέγεθος
2751 811 2852 876 τῆς
2881 803 3134 876 κλήσεως
3153 804 3244 860 καὶ
3265 811 3365 874 τῆς
3389 808 3639 880 χάριτος
3679 807 3882 872 αὐτοῦ,

2183 891 2267 947 ὅτι
2290 893 2379 947 καὶ
2415 890 2583 963 μηδὲν
2618 893 2933 968 πραξάντων
2989 891 3268 971 ἐκλέγεται
3299 893 3387 949 καὶ
3419 891 3880 969 προσκαλεῖται.

2183 978 2343 1038 Ἀλλ’
2371 980 2418 1036 εἰ
2453 979 2623 1054 μηδὲν
2664 983 2978 1057 πραξάντων
3011 981 3315 1060 ἐκλέγεται,
3357 988 3474 1046 πῶς
3509 983 3834 1060 ἐκΛέγεται
3865 1004 3878 1053 ;

2182 1071 2216 1138 ἡ
2254 1070 2347 1142 μέν
2377 1069 2482 1146 γὰρ
2523 1068 2728 1146 ἐκλογή
2785 1070 2872 1126 ἐπὶ
2925 1077 3032 1126 τῶν
3088 1073 3223 1127 κατὰ
3277 1094 3330 1127 τι
3387 1072 3608 1150 γίνεται
3676 1069 3881 1149 διαφε-

2185 1162 2405 1231 ρὸντων³
2441 1159 2493 1212 οἱ
2524 1155 2581 1213 δέ
2618 1157 2787 1232 μηδὲν
2834 1161 3149 1234 πράξαντες,
3207 1160 3259 1215 τί
3313 1157 3699 1240 διαφέρουσις
3769 1162 3879 1218 Ναὶ

2181 1248 2338 1304 πάνυ.
2373 1248 2767 1322 Ἀνθρωπίνοις
2817 1250 2909 1322 μὲν
2966 1251 3070 1324 γάρ
3129 1247 3442 1328 ὀφθαλμοῖς
3500 1250 3635 1305 ἐπεὶ
3709 1246 3877 1305 οὐδὲν

2182 1332 2434 1410 ἔπραξαν,
2491 1334 2648 1392 οὐδὲν
2701 1334 3041 1416 διαφέρουσι,
3090 1339 3207 1410 Θείᾳ
3263 1335 3320 1392 δὲ
3377 1339 3716 1413 προγνώσει
3777 1343 3879 1394 τοῦ

2184 1422 2513 1498 μέλλοντος,
2544 1424 2732 1482 πολλὰ
2763 1423 3030 1503 διαφέρει.
3086 1426 3188 1484 Καὶ
3249 1427 3353 1502 γὰρ
3411 1428 3440 1482 ὁ
3483 1427 3589 1500 μὶν
3667 1427 3878 1502 εὐηρέ-

2183 1534 2345 1585 στησε
2376 1519 2455 1586 τῷ
2487 1519 2624 1585 Θεῷ,
2658 1517 2685 1570 ὁ
2720 1513 2776 1571 δὲ
2806 1519 2904 1571 οὐκ
2929 1512 3032 1576 ἔτι,
3068 1517 3227 1572 Ὥστε
3253 1519 3286 1587 ἡ
3341 1515 3549 1594 ἐκλογή
3609 1517 3717 1572 καὶ
3775 1517 3878 1573 οὐκ

2182 1602 2232 1674 ἐξ
2288 1601 2461 1681 ἔργων
2521 1603 2725 1682 γέγονε,
2783 1607 2872 1660 καί
2933 1606 3039 1660 ἀπὸ
3094 1613 3196 1676 τῆς
3251 1605 3502 1676 κλήσεως
3585 1607 3695 1662 καὶ
3769 1610 3878 1672 τῆς

2181 1693 2409 1767 χάριτος
2440 1691 2646 1770 γέγονε.
2677 1694 2779 1751 Καὶ
2811 1690 2990 1749 δικαία
3018 1695 3259 1772 γέγονεν,
3320 1693 3464 1750 ἀλλὰ
3513 1696 3584 1751 τὸ
3637 1692 3871 1751 δίκαιον

2180 1781 2306 1842 τοὺς
2370 1782 2684 1856 ἀνθρώπους
2743 1781 3047 1840 ἐλάνθανεν.
3108 1786 3311 1860 Ὠσπερ
3361 1783 3529 1840 πλέον
3613 1785 3721 1842 καὶ
3787 1782 3870 1841 ἔτι

2182 1874 2272 1925 νῦν
2307 1869 2554 1935 λανθάνει
2581 1873 2644 1926 τὸ
2677 1870 2885 1928 δίκαιον
2929 1875 2991 1928 τὸ
3050 1872 3138 1928 ἐπὶ
3185 1880 3285 1944 τῆς
3343 1873 3689 1950 ἀναιρέσεως
3750 1879 3864 1930 τῶν

2188 1961 2741 2040 μοσχοποιησάντων.
2829 1961 3043 2018 Πάντων
3111 1963 3212 2039 γὰρ
3273 1964 3866 2038 μοσχοποιτβάντων,

2185 2049 2247 2106 οὐ
2277 2052 2468 2114 πάντες
2499 2051 2856 2128 ἀνῃρέθησαν.
2891 2051 3049 2109 Ἀλλ’
3098 2054 3142 2109 εἰ
3192 2054 3280 2109 καὶ
3330 2055 3456 2116 τοὺς
3509 2053 3868 2130 ἀνθρώπους

2185 2141 2245 2195 τὸ
2305 2139 2356 2195 ἐν
2416 2145 2484 2216 τῇ
2543 2142 2750 2198 τούτων
2810 2142 3078 2218 ἀναιρέσει
3139 2142 3436 2218 ἐκπέφευγε
3489 2139 3719 2200 δίκαιον
3785 2148 3867 2214 τῷ

2187 2235 2355 2304 Κριτῆ
2383 2235 2490 2285 τῶν
2532 2229 2678 2287 ὂλων
2706 2229 2946 2302 ἀκριϐῶς
2995 2232 3081 2286 καὶ
3143 2229 3503 2295 ἀδιαπτώτως
3548 2226 3864 2309 ἔγνωσται,

2184 2318 2393 2374 κιέ.
2550 2319 2561 2338 ι
2679 2319 2740 2376 ,ιλ
2929 2321 2989 2357 τ’
3094 2321 3107 2339 κ
3221 2321 3348 2352 ._..
3539 2323 3552 2343 ι
3703 2324 3716 2340 ι

2221 2341 2273 2374 αι
2333 2341 2394 2375 πι
2431 2339 2638 2395 μυριων
2671 2343 2703 2375 α
2747 2321 2879 2391 λων,
2913 2343 2988 2383 ω,
3020 2341 3109 2376 και
3150 2319 3238 2376 ἐπι
3294 2345 3391 2376 ιων
3435 2323 3534 2377 καθ
3613 2324 3862 2391 ἑκάστην

2187 2403 2626 2482 συμϐπινόντων.
2661 2405 2862 2467 Πολλὰ
2917 2412 3020 2486 γὰρ
3072 2410 3381 2487 ἀγνώστους
3434 2413 3572 2486 ἡμῖν
3643 2405 3860 2487 ἔχοντα

2183 2498 2310 2559 τοὺς
2343 2496 2561 2572 λόγους,
2596 2499 2684 2554 καῖ
2715 2504 2834 2561 τοῖς
2865 2499 3140 2563 ἀσυνέτοις
3192 2497 3368 2573 ἄλογα
3419 2496 3711 2567 δοκοῦντα,
3763 2496 3856 2553 διά

2180 2591 2344 2644 τοῦτο
2399 2593 2479 2661 τῷ
2530 2587 2877 2663 παντεπόπτῃ
2939 2589 3028 2643 καὶ
3109 2589 3430 2666 παντεφόρῳ
3515 2597 3622 2658 τῆς
3687 2587 3853 2659 δίκης

2184 2677 2476 2754 ὀφθαλμῷ,
2510 2675 2733 2739 δικαίως
2781 2679 2870 2732 καὶ
2919 2678 3156 2752 κρίνεται
3202 2685 3522 2756 γεγενῆσθαι
3573 2681 3671 2734 καὶ
3736 2675 3850 2734 δια⁸

2181 2788 2492 2842 πραττεται.
2539 2767 2600 2825 Ὀ
2661 2765 2718 2822 δὲ
2774 2770 2920 2831 Θεῖος
2977 2765 3190 2829 Ιίαὖλός
3245 2789 3432 2846 φησιν9
3491 2768 3574 2823 ’ὁτι
3642 2768 3692 2824 εἶ
3755 2767 3844 2822 καὶ

2184 2855 2378 2930 μηδεὶς
2439 2857 2600 2931 λόγος
2657 2855 2968 2932 ἀπόρρητος
3027 2856 3142 2924 ἐνῆν
3226 2863 3345 2920 τοῖς
3408 2861 3840 2933 πραττομένοις,

2181 2944 2296 3001 οὐδ’
2335 2944 2506 3007 οὓτως
2565 2944 2735 3021 ἐχρῆν
2790 2967 2939 3008 τινας
2998 2944 3316 3019 ἀδημονεῖν,
3375 2946 3464 3001 καὶ
3524 2945 3837 3017 ἐπικαλεῖν,

2180 3033 2382 3092 διατίὸ
2417 3036 2511 3107 μὲν
2547 3034 2740 3106 οὕτως,
2774 3036 2802 3089 ὁ
2847 3033 2904 3090 δὲ
2965 3035 3136 3096 οὕτως
3183 3035 3275 3090 τὸν
3327 3036 3445 3098 Βίον
3507 3033 3837 3112 διαπορεῦε·

2177 3147 2286 3184 ται.
2320 3122 2595 3196 Ἐξουσίαν
2628 3123 2732 3199 γὰρ
2763 3120 2882 3204 ἔχει
2939 3125 2966 3178 ὃ
3024 3125 3272 3194 πλάστης
3333 3121 3703 3201 δημιουργεῖν
3763 3127 3836 3187 ὡς

416 3241 717 3295 accusare,
748 3210 857 3284 cur
904 3228 1000 3284 hic
1026 3229 1138 3283 isto
1197 3228 1392 3297 modo,
1427 3228 1528 3283 ille
1578 3244 1712 3283 vero
1755 3226 1857 3282 illo
1890 3224 2064 3281 modo

2179 3213 2455 3290 βοῦλεται.
2487 3218 2656 3270 Τοῦτο
2686 3211 2763 3284 δὲ,
2816 3215 2874 3268 ἐκ
2923 3215 3257 3289 περιουσίας,
3319 3215 3506 3292 φησὶν,
3564 3214 3687 3271 ἐπεὶ
3746 3216 3830 3270 καὶ

414 3314 594 3370 vitam
645 3317 946 3388 transigat.
1011 3317 1198 3373 Habet
1229 3317 1386 3373 enim
1451 3321 1803 3388 potestatem
1849 3313 2065 3388 ﬁgulus

413 3410 592 3476 prout
615 3404 866 3460 voluerit
895 3405 1327 3478 efﬂngereﬂoc
1351 3412 1548 3461 tamen
1582 3421 1650 3460 ex
1677 3404 2063 3466 abundantia,

414 3492 631 3564 inquit,
665 3498 780 3548 est:
835 3493 1318 3565 quandoquidem
1378 3494 1659 3566 praedicto
1700 3510 1936 3565 quoque
1980 3509 2063 3548 re-

416 3582 754 3655 sponsionis
783 3582 958 3639 modo
989 3583 1335 3653 utitur,cum
1357 3585 1439 3640 ait
1477 3583 1838 3652 Scripturam
1867 3582 2064 3637 dicere

415 3669 746 3724 Pharaoni:
779 3690 806 3718 ‹‹
839 3670 906 3724 In
932 3669 1042 3725 hoc
1074 3671 1268 3741 ipsum
1297 3671 1542 3726 excitavi
1576 3677 1629 3724 te
1662 3670 1728 3736 ‘3,
1773 3691 1799 3717 υ
1833 3668 2065 3724 eth-lic

417 3757 1114 3829 enim,quemadmodum
1147 3758 1310 3828 dicit,
1335 3757 1742 3814 irrationabile
1774 3756 1976 3812 multis
1990 3756 2064 3809 vi-

416 3864 545 3904 sum
578 3855 668 3904 est
696 3848 1070 3904 Pharaonem
1128 3850 1447 3905 excitatum
1488 3864 1618 3904 esse
1658 3864 1726 3903 ac
1762 3862 2058 3918 regnasse,

418 3954 550 3993 cum
582 3937 728 3994 adeo
762 3938 1336 4004 scelestus,crudelis
1369 3955 1435 3993 ac
1467 3938 1830 3993 inhumanus
1863 3941 2058 3992 esset:

413 4042 617 4082 verum
651 4027 976 4101 Scriptura,
1008 4027 1111 4084 ubi
1141 4045 1382 4084 causam
1409 4026 1795 4099 docuit,quod
1825 4026 2061 4082 irratio-

413 4116 614 4172 nabile
643 4116 952 4173 videbatur
970 4117 1044 4174 ad
1074 4117 1428 4174 rationabile
1460 4117 1781 4173 transtulit.

491 4207 639 4263 827
677 4208 853 4280 Atqui
887 4209 997 4265 hoc
1055 4209 1252 4280 ipsum
1300 4207 1456 4280 quod
1489 4206 1840 4263 rationabile
1883 4211 1973 4262 est
2003 4210 2061 4260 et

417 4294 784 4353 difficultatis
816 4298 1054 4365 solutio,
1080 4315 1316 4354 rursum
1375 4297 1769 4353 haesitantiam
1813 4301 2054 4350 conten-

416 4383 581 4441 tiosis
610 4402 679 4442 ac
709 4386 953 4459 perfidis
1010 4403 1218 4459 parere
1257 4391 1469 4458 potest.
1513 4384 1857 4440 Dicentibus
1898 4385 2054 4438 enim

411 4474 570 4546 quod
600 4482 914 4549 propterea
942 4478 1314 4532 Pharaonem
1345 4476 1408 4530 in
1455 4490 1653 4547 regem
1695 4473 2054 4540 excitaverit,

2178 3305 2267 3362 τὸν
2301 3304 2694 3380 προειρημένον
2721 3307 2924 3380 τρόπον
2952 3312 3051 3376 τῆς
3084 3303 3410 3381 ἀπολογίας,
3440 3305 3492 3361 ἐν
3535 3308 3621 3370 οἷς
3681 3309 3828 3382 λέγει

2177 3395 2262 3451 ὃτι
2293 3397 2326 3465 ἡ
2361 3396 2546 3471 Γραφὴ
2580 3393 2730 3470 λέγει
2758 3399 2838 3468 τῷ
2869 3395 3094 3470 Φαραὼ,
3142 3397 3224 3450 ὅτι
3285 3417 3305 3444 ι
3339 3395 3434 3458 Εἰς
3487 3395 3617 3452 αὐτὸ
3667 3400 3826 3453 τοῦτο

2177 3481 2427 3559 ἐξήγειρά
2456 3505 2533 3554 σε,
2571 3508 2600 3536 ››
2631 3484 2719 3538 καὶ
2748 3485 2893 3557 ἑξῆς.
2929 3486 3187 3541 Ἐνταῦθα
3241 3485 3364 3560 γὰρ,
3424 3484 3586 3540 οἱονεί
3634 3506 3821 3563 φησιν,

2177 3573 2236 3627 δ’
2290 3574 2313 3594 υ
2561 3574 2583 3588 ν
2653 3570 2706 3593 2m
2890 3578 2912 3589 ε-
3181 3579 3202 3590 υ-
3325 3573 3338 3592 ι
3406 3573 3420 3593 τ
3561 3577 3587 3588 ~
3769 3575 3780 3588 ι

2219 3593 2260 3626 ,ι
2314 3572 2524 3650 Αλογον
2555 3594 2614 3628 αν
2652 3575 2799 3644 εοοξε
2825 3594 2944 3637 τοις
2994 3571 3232 3635 πολλοις
3284 3593 3346 3628 το
3401 3577 3682 3648 υψωθηναι
3730 3595 3816 3628 τον

2177 3662 2378 3736 Φαραὼ
2407 3663 2495 3716 καὶ
2531 3660 2872 3738 βασιλεῦσαι,
2905 3664 3100 3738 μιαρὸν
3142 3663 3317 3724 οὕτως
3372 3662 3462 3718 καὶ
3519 3663 3670 3737 ὠμὸν
3727 3661 3809 3718 καί

2173 3750 2535 3826 ἀπάνθρωπον
2571 3748 2713 3824 ὅντα,
2740 3750 2866 3807 ἄλλ’
2896 3755 2929 3822 ἡ
2962 3755 3146 3830 Γραφὴ
3181 3749 3437 3823 διδάξασα
3483 3753 3581 3822 τήν
3611 3751 3800 3818 αἶτίαν,

2173 3840 2248 3905 εἷς
2281 3840 2510 3920 εὔλογον
2545 3844 2871 3918 μετενήνοχε
2898 3845 2960 3898 τὸ
2981 3841 3208 3919 ἄλογον.

2246 4210 2460 4277 Καίτοι,
2507 4209 2662 4286 φησὶ,
2718 4209 2806 4264 καὶ
2865 4209 2995 4265 αὐτὸ
3058 4212 3122 4266 τὸ
3172 4207 3423 4287 εὔλογον,
3474 4213 3628 4282 καὶμὴ
3659 4210 3806 4271 λύσις

2172 4297 2370 4373 ἀπορία
2400 4297 2566 4354 πᾶλιν
2599 4304 2712 4359 τοῖς
2743 4297 3077 4375 φιλονείκοις
3133 4301 3223 4356 καὶ
3262 4300 3549 4377 ἆγνώμοσι
3592 4297 3808 4356 δύναται

2170 4393 2363 4444 τεκεῖν.
2432 4387 2649 4462 Ἐροῦσι
2704 4389 2826 4463 γάρ,
2914 4390 2997 4444 ὃτι
3055 4390 3151 4446 Διὰ
3209 4395 3369 4447 τοῦτο
3426 4389 3666 4466 ἐξήγειρε
3721 4392 3808 4446 τὸν

2173 4475 2374 4550 Φαραὼ
2402 4474 2477 4538 εἷς
2515 4474 2760 4552 βασιλέα,
2794 4473 2884 4532 'iva
2911 4479 2974 4533 τὸ
3001 4474 3175 4552 ὄνομα
3205 4480 3371 4535 αὐτοῦ
3412 4483 3509 4536 τοῦ
3555 4500 3809 4555 τιμωρη-

410 4570 477 4619 ut
502 4581 722 4622 nomen
751 4584 922 4623 suum
961 4566 1414 4642 glorificaretur,
1454 4564 1552 4619 ubi
1586 4564 1757 4619 illum
1788 4563 2054 4618 inaudito

2179 4565 2402 4640 ταμένου
2459 4566 2623 4623 αὐτὸν
2677 4569 2922 4643 τιμωρίᾳ
3003 4567 3290 4644 παραδόξῳ
3344 4571 3436 4624 καὶ
3501 4571 3809 4646 Θαυμαστῇ,

376 4663 379 4666 ‘
413 4655 685 4727 miroque
716 4659 1005 4730 supplicio
1066 4658 1358 4730 punisset,
1417 4656 1578 4712 illico
1613 4655 1875 4711 dicetur:
1909 4654 2060 4720 Quid

416 4757 552 4815 ergo
602 4745 795 4802 adhuc
853 4749 1258 4820 conqueritur,
1319 4747 1438 4802 imo
1497 4744 1692 4818 potius
1735 4762 1842 4800 cur
1880 4744 2059 4801 etiam

411 4829 614 4902 ipsum
671 4833 943 4904 punivit?
995 4837 1139 4890 Nam
1197 4851 1332 4891 cum
1407 4833 1690 4907 peccavit,
1740 4833 1816 4889 ad
1871 4832 2059 4903 ipsius

411 4920 663 4994 gloriam
695 4925 960 4995 peccavit
987 4943 1002 4992 ;
1030 4926 1144 4981 nisi
1177 4926 1338 4982 enim
1351 4931 2058 4997 peccasset,nequaquam

408 5011 656 5083 punitus
713 5012 959 5083 fuisset;
1021 5015 1179 5087 quod
1238 5017 1286 5071 si
1345 5015 1590 5087 punitus
1649 5029 1768 5069 non
1825 5013 2055 5083 fuisset,

410 5116 791 5176 nequaquam
821 5103 1185 5178 gloriﬁcatus
1230 5105 1459 5160 fuisset.
1506 5105 1686 5160 Porro
1718 5102 1829 5160 hoc
1862 5103 2058 5160 inten-

411 5192 589 5251 debat
611 5213 662 5264 ;«
679 5196 751 5254 Ut
775 5196 1394 5269 Ostendam.inquit,in
1425 5203 1481 5252 te
1511 5195 1784 5250 virtutem
1805 5211 2056 5261 meam;»

411 5285 568 5354 quod
609 5285 658 5341 si
715 5287 969 5356 volebat,
1030 5287 1163 5359 quis
1208 5287 1338 5358 ejus
1393 5286 1671 5341 resistere
1720 5291 1914 5357 potest
1959 5301 2053 5340 vo-

403 5370 670 5433 luntati?
704 5377 872 5436 Vides
912 5377 1073 5451 quod
1121 5377 1508 5434 dubitationis
1561 5377 1798 5440 solutio,
1831 5392 2055 5433 causaa-

408 5478 525 5536 que
549 5464 802 5525 redditio
831 5468 925 5525 his
954 5468 1056 5541 qui
1079 5467 1292 5543 perfidi
1319 5474 1458 5525 sunt
1502 5467 1902 5525 haesitantiam
1932 5482 2054 5523 non

475 5640 523 5680 “
546 5642 727 5704 Exod.
760 5657 936 5714 mu,
969 5643 993 5700 1
1029 5657 1195 5716 seqq.
1225 5641 1274 5678 ⁴²
1301 5640 1482 5699 Exod.
1513 5657 1590 5709 ix,
1624 5642 1711 5700 16.

2165 4652 2474 4730 ἐνδοξασθῇ.
2504 4656 2690 4715 ’1“ίοῦν
2723 4653 2804 4711 ἔτι
2861 4659 3128 4736 μέμφεται
3186 4659 3395 4731 αὐτόν;
3460 4659 3674 4733 μᾶλλον
3733 4657 3810 4727 δὲ,

2166 4745 2218 4801 τί
2272 4742 2350 4800 ἔτι
2407 4743 2790 4821 ἐτιμωρήσατο
2851 4747 3061 4816 αὖτόν;
3128 4750 3198 4805 Ἀ
3255 4750 3359 4823 γὰρ
3416 4747 3679 4824 ἥμαρτεν,
3736 4749 3812 4810 εἷς

2167 4828 2327 4906 δόξαν
2366 4834 2537 4890 αὐτοῦ
2567 4834 2828 4908 ἥμαρτεν.
2879 4834 3053 4907 Εἱμὴ
3112 4836 3216 4911 γὰρ
3275 4835 3538 4911 ἥμαρτεν,
3596 4836 3699 4892 οὐκ
3755 4835 3815 4891 ἂν

2167 4921 2568 4996 ἐτιμωρήσατο·
2605 4924 2650 4979 εἰ
2687 4927 2762 4998 μὴ
2798 4924 3204 4998 ἐτιμωρήσατο,
3263 4924 3371 4980 οὔκ
3419 4926 3477 4980 ἂν
3527 4923 3814 4998 ἐδοξάσθη.

2165 5010 2340 5068 Ἀλλᾶ
2367 5016 2529 5069 τοῦτο
2562 5008 2842 5071 ἐϐούλετο.
2878 5037 2902 5067 ι
2934 5016 3122 5076 Ὅπως
3152 5013 3276 5091 γὰρ,
3337 5015 3520 5092 φησὶν,
3565 5011 3816 5088 ἐπιδείξω·

2168 5121 2286 5174 μαι.
2320 5126 2348 5155 »
2381 5105 2471 5158 καὶ
2503 5104 2645 5174 ἑξῆς.
2674 5105 2740 5161 Et
2772 5101 2830 5160 δὲ
2867 5098 3147 5174 ἐϐούλετο,
3206 5103 3291 5167 τίς
3346 5103 3660 5173 ἀντιστῆναι
3722 5101 3818 5160 δύ-

2163 5211 2317 5246 ναται
2351 5192 2517 5247 αὐτοῦ
2547 5197 2627 5266 τῷ
2687 5191 3002 5268 βουλήματι
3031 5209 3047 5263 ;
3093 5193 3256 5269 Ὀρᾷς
3313 5197 3430 5255 πῶς
3458 5196 3493 5263 ἡ
3518 5199 3621 5260 τῆς
3675 5193 3818 5248 ἀπο-

2165 5280 2284 5357 ρίας
2319 5279 2475 5345 λύσις
2513 5287 2602 5338 καὶ
2645 5291 2745 5354 τῆς
2802 5282 2976 5348 αἶ’τίας
3039 5279 3321 5350 ἀπόδοσις,
3387 5283 3489 5340 οὐκ
3542 5282 3701 5340 ἔλυσε
3751 5283 3814 5339 τὸ

2162 5371 2538 5448 ἀπορούμενον
2570 5379 2686 5438 τοῖς
2714 5375 3048 5451 ἀγνώμοσιν,
3096 5372 3245 5430 ἀλλᾶ
3273 5373 3384 5451 οιαὶ
3433 5374 3619 5452 ἐτέρας
3675 5375 3810 5431 ἄπο-

2159 5465 2281 5540 ρίας
2331 5465 2552 5544 ἀφορμὴ
2613 5468 2816 5544 γέγονε.
2880 5468 2974 5523 Διὸ
3028 5463 3246 5543 ἄμεινον
3333 5468 3410 5544 μή
3471 5472 3651 5541 ζητεῖν
3708 5467 3808 5532 τὰς
