4126 6256
310 262 432 327 509

337 405 617 475 tota-31:14:.
694 414 926 489 αἰτίας,
967 419 1003 490 ἢ
1066 425 1382 490 ζητοῦντας,
1473 418 1737 493 μειζόνων
1807 418 2051 486 ἀποριῶν
2089 421 2137 487 Α

367 500 551 565 alia:
582 501 687 567 τὰς
730 501 939 571 λύσεις
984 515 1278 574 ποιεῖσθαι.
1308 511 1487 565 Τοῦτο
1543 509 1644 584 γὰρ
1699 505 2053 582 εὐγνωμόνων

378 595 734 669 πλασμάτων
795 599 893 651 καὶ
951 596 1191 667 δούλων,
1226 600 1301 673 μή
1328 598 1422 660 τὰς
1454 595 1627 659 αἰτίας
1676 596 1921 652 ἀπαιτεῖν
1967 598 2057 651 τὶν

396 686 749 763 Δημιουργὸν
783 687 882 743 καὶ
917 688 1216 759 Δεσπότην,
1275 685 1401 743 ἀλλ’
1461 685 1547 742 ἐπὶ
1578 689 1709 742 πᾶσι
1761 692 1876 747 τοῖς
1908 705 2061 759 γινο-

410 782 598 855 μένοις
650 780 1001 859 εὐχαριστεῖν
1058 781 1230 853 αὐτῷ,
1287 780 1382 835 κᾶν
1443 779 1506 835 06
1584 778 1879 856 κατείληφε
1932 778 2059 841 τοὺς

404 870 609 945 λόγους
638 866 705 925 δι’
736 870 833 932 οῦς
867 873 1103 947 γίνεται,
1172 868 1382 944 μᾶλλον
1448 867 1504 925 δὲ
1561 871 1649 925 καὶ
1711 869 1795 924 ἐπὶ
1853 868 2059 923 τούτων

395 960 573 1016 πλέον
608 960 903 1038 ὀφείλομεν
938 961 1302 1036 εὐχαριστεῖν.
1345 958 1522 1029 Δῆλον
1579 960 1683 1035 γάρ
1740 959 1813 1021 ὡς
1866 958 1937 1011 ὧν
1978 959 2054 1030 μὴ

387 1048 834 1128 κατειλήφαμεν,
869 1048 957 1104 ἐπὶ
989 1048 1194 1103 τούτων
1231 1048 1448 1121 μείζους
1480 1046 1609 1101 εἰσὶν
1647 1047 1702 1100 οἱ
1758 1046 1912 1119 λόγοι
1969 1045 2056 1099 καὶ

388 1140 874 1212 θαυμασιώτεροι,
903 1139 993 1194 καὶ
1019 1146 1118 1207 τῆς
1150 1138 1310 1212 ἡμῶν
1378 1138 1748 1211 ὑπερκείμενοι
1806 1134 2056 1203 καταλή-

390 1233 570 1303 ψεως.
638 1231 801 1284 Ὥστε
855 1228 1073 1301 μείζους
1106 1225 1188 1282 δεῖ
1238 1226 1328 1283 καὶ
1385 1226 1479 1288 τὰς
1540 1223 1841 1301 εὐεργεσίας
1890 1243 2058 1298 προσ-

400 1319 647 1395 άγεσῖμι.
682 1316 861 1379 Αὐτὸς
918 1314 976 1372 δὲ
1026 1317 1256 1393 προϊὼν,
1316 1317 1404 1371 καὶ
1466 1323 1565 1384 τῆς
1628 1311 1876 1388 δευτέρας
1926 1312 2060 1368 ἀπο-

401 1409 531 1485 ρίας
561 1409 737 1478 τίθησι
768 1409 867 1476 τήν
903 1405 1081 1462 λύσιν.
1144 1432 1170 1459 ι(
1232 1407 1335 1464 Τὸν
1390 1400 1587 1463 Ἰακὼϐ
1645 1405 1931 1482 ἠγάπησα,
1971 1404 2062 1458 τὸν

396 1495 655 1553 δὲἩσαῦ
679 1496 940 1570 ἐμίσησα.
1003 1520 1031 1549 ››
1096 1498 1179 1567 ωή
1240 1517 1329 1550 πω
1377 1506 1480 1571 γάρ
1530 1516 1581 1549 τι
1642 1494 1914 1569 πράξαντα
1968 1492 2061 1546 τὸν

383 1582 601 1659 Ῑακὼϐ,
687 1586 939 1643 ἐκάλεσεν
1017 1586 1323 1662 ἀγαπητόν·
1409 1612 1436 1639 ‹‹
1509 1586 1608 1641 Τὸν
1684 1587 1785 1661 γάρ
1844 1578 2061 1654 Ἰακὼϐ,

385 1678 589 1754 φηςι-ἒν,
621 1679 915 1752 ἠγάπησα,
945 1677 1037 1733 τὸν
1100 1674 1157 1732 δὲ
1207 1677 1376 1733 ἰΙσαῦ
1425 1676 1684 1749 ἐμίσησα.
1728 1699 1755 1727 ››
1787 1705 1851 1717 -
1888 1699 1914 1726 ‹‹
1948 1674 2064 1746 Ἐῥ-

383 1768 540 1841 ρήθη
605 1766 770 1841 αὐτῇ,
823 1791 851 1817 ››
904 1764 1082 1843 ἤγουν
1142 1770 1211 1840 τῇ
1253 1760 1529 1837 Ῥεϐέκκα,
1569 1789 1595 1820 ι
1651 1764 1734 1819 ὅτι
1763 1765 1824 1822 Ὀ
1859 1763 2056 1836 μείζων
2093 1808 2143 1871 Β

385 1854 691 1913 δουλεύσει
720 1860 800 1929 τῷ
833 1854 1101 1914 ἐλάσσονι.
1140 1883 1167 1909 ››
1202 1858 1269 1914 υἱ
1304 1858 1398 1931 μὶν
1459 1860 1562 1935 γάρ
1617 1855 1893 1933 ἅνθρωποι
1924 1858 2058 1919 ’ἰσως

390 1946 533 2021 μετὰ
563 1947 630 2001 τὸ
664 1944 927 2021 γενέσθαι,
959 1947 987 2001 6
1020 1943 1077 2001 δὲ
1108 1947 1237 2008 Θεὸς
1268 1948 1365 2020 τρὸ
1397 1946 1653 2022 γενέσεως
1698 1945 1975 2002 ἐπίσταται
1996 1947 2060 2002 τὰ

387 2036 444 2091 ὲν
477 2040 562 2107 τῷ
596 2037 891 2111 ἀνθρώπῳ.

1486 282 1893 346 COMMENT.
1942 281 2019 343 IN
2066 279 2315 342 EPIST.
2362 284 2465 344 AD
2511 285 2692 346 80M.

3695 289 3817 349 510

2168 418 2436 488 absolvit,
2472 422 2616 493 quin
2648 422 2844 494 potius
2883 422 3128 478 alterius
3157 420 3559 495 ambiguitatis
3581 422 3810 478 occasio

2165 508 2321 566 facta
2352 517 2441 566 est
2467 513 2784 583 Propterea
2813 520 3054 584 praestat
3084 512 3424 584 bujusmodi
3457 528 3664 567 causas
3694 528 3815 567 non

2166 600 2471 671 requirere
2505 619 2516 657 :
2547 602 2767 673 alioqui
2818 603 3180 674 inquirentes
3214 602 3475 658 efﬁcient
3526 602 3686 672 ipsas
3717 619 3809 655 so-

2171 689 2427 747 lutiones
2458 708 2666 747 causas
2689 709 2816 748 esse
2867 694 3157 764 majorum
3192 691 3626 747 difﬁcultatum.
3665 692 3809 746 Nam

2171 778 2281 836 hoc
2320 787 2619 854 gratarum
2680 788 3085 838 creaturarum
3143 798 3210 837 ac
3270 796 3570 837 servorum
3625 786 3736 845 est,
3778 796 3813 835 a

2169 870 2443 927 Creatore
2475 889 2542 927 ac
2572 873 2815 927 Domino
2867 888 3075 928 causas
3108 888 3227 926 non
3279 877 3572 943 expetere,
3615 869 3718 925 sed
3750 869 3812 924 in

2173 959 2449 1015 omnibus
2482 979 2611 1032 qum
2664 960 2814 1016 ﬁunt
2843 962 3060 1034 gratias
3096 960 3182 1015 illi
3241 977 3433 1032 agere,
3468 975 3811 1031 quanquam

2175 1050 2437 1106 rationes
2450 1068 2568 1106 non
2583 1051 3344 1123 comprehendantpropter
3356 1067 3502 1122 quas
3523 1051 3813 1105 ﬁantzma-

2175 1141 2263 1212 gis
2294 1146 2491 1195 autem
2524 1140 2700 1196 etiam
2721 1140 3001 1212 superbis
3024 1139 3308 1195 debemus
3322 1138 3576 1211 amplius
3596 1139 3813 1211 gratias

2173 1232 2530 1303 agere.Nam
2571 1230 2951 1286 manifestum
2985 1235 3074 1285 est
3103 1229 3261 1301 quod
3296 1245 3499 1284 eorum
3532 1245 3663 1299 quae
3694 1245 3815 1282 non

2173 1318 2997 1391 deprehendimus,majorum
3033 1326 3170 1373 sunt
3197 1335 3389 1374 causai
3406 1317 3707 1389 magisque
3722 1316 3820 1372 ad-

2174 1409 2480 1477 mirandas,
2500 1416 2947 1481 etquaenostras
2971 1410 3259 1466 excedant
3287 1409 3812 1481 appreliensiones.

2175 1500 2376 1571 Itaque
2409 1500 2665 1571 majores
2699 1500 2875 1555 etiam
2908 1500 3229 1571 gratiarum
3270 1499 3534 1556 actiones
3584 1503 3815 1570 oportet

2174 1590 2407 1645 offerre.
2443 1589 2759 1661 Apostolus
2790 1597 2987 1645 tamen
3011 1590 3071 1645 in
3104 1589 3488 1660 sequentibus
3520 1589 3697 1644 etiam
3731 1603 3815 1643 se-

2175 1678 2383 1734 cundas
2415 1679 2783 1735 difﬁcultatis
2803 1677 3578 1752 ponitsolutionem.«1acob
3612 1677 3816 1741 dilexi,

2173 1769 2325 1824 Esau
2357 1785 2490 1824 vero
2520 1769 2655 1824 odio
2712 1770 2890 1824 habui
2924 1794 2952 1820 ››
3012 1771 3153 1825 Nam
3185 1769 3360 1825 Jacob
3414 1768 3515 1840 qui
3558 1766 3814 1822 nihilum

2174 1864 2392 1930 egerat,
2422 1858 2742 1930 appellavit
2772 1858 3113 1913 dilectun1.«
3139 1858 3339 1923 Jacob,
3365 1857 3580 1928 inquit,
3612 1855 3815 1920 dilexi,

2173 1951 2322 2005 Esau
2343 1966 2477 2005 vero
2502 1950 2636 2005 odio
2668 1949 2903 2006 habui.»
2936 1981 3003 1989 —
3036 1970 3062 1996 α
3097 1949 3328 2004 Dictum
3362 1955 3452 2002 est
3482 1946 3588 2011 illi,
3616 1968 3639 1998 ι
3675 1950 3818 2017 puta

2173 2039 2472 2095 Rebecca}.
2508 2062 2535 2089 ‹‹
2570 2038 2755 2111 Major
2796 2040 3010 2096 serviet
3039 2038 3274 2095 minori.
3314 2060 3341 2087 ››
3371 2035 3673 2109 Siquidem
3706 2035 3817 2090 ho-

387 2128 594 2183 mines
620 2127 895 2182 fortassis
924 2130 1059 2199 post
1087 2127 1475 2195 nativitatem,
1513 2128 1663 2183 Deus
1722 2144 1856 2183 vero
1913 2127 2093 2184 etiam
2143 2135 2279 2183 ante
2340 2130 2706 2185 nativitatem
2765 2130 2927 2185 novit
2975 2146 3105 2200 quas
3158 2128 3357 2184 futura
3404 2131 3542 2183 sunt
3596 2125 3657 2180 in
3716 2126 3817 2179 ho-

389 2233 583 2272 mine.

460 2304 528 2361 Τί
567 2304 661 2359 οῦν
699 2302 928 2379 ἐροῦμεν
964 2323 979 2373 ;
1027 2304 1119 2373 Μὴ
1178 2300 1362 2359 ἀδικία
1420 2304 1565 2379 παρὰ
1627 2308 1709 2376 τῷ
1766 2308 1882 2375 Θεῷ
1916 2323 1930 2371 ;
1964 2306 2057 2373 Μή

386 2394 631 2469 γένοιτο.
697 2398 786 2464 Τῷ
863 2392 966 2468 γάρ
1023 2396 1200 2467 Μωσῇ
1288 2390 1460 2470 λέγει·
1542 2391 1792 2463 Ἐλεήσω
1879 2394 1936 2447 ὅν
1999 2390 2059 2446 ἄν

388 2480 553 2551 ἐλεῶ,
636 2480 729 2537 καὶ
792 2480 1121 2555 οἰκτειρήσω
1190 2482 1247 2535 ὃν
1304 2479 1367 2535 ἄν
1434 2480 1709 2556 οίκτείρω.
1768 2487 1911 2555 "Ap:
1970 2478 2060 2534 οῦν

392 2572 453 2626 οὗ
512 2575 619 2625 τοῦ
681 2568 965 2639 θέλοντος,
1026 2566 1149 2625 οὐδὲ
1204 2574 1305 2623 τοῦ
1384 2571 1700 2645 τρέχοντος,
1758 2569 1903 2625 ἀλλὰ
1960 2574 2058 2623 τοῦ

394 2658 685 2721 ἐλεοῦντος
719 2663 876 2716 Θεοῦ.
908 2658 1065 2733 Λέγει
1092 2660 1193 2735 γάρ
1249 2662 1283 2728 ἡ
1345 2661 1529 2735 Γραφή
1562 2661 1640 2730 τῷ
1709 2660 1934 2733 Φαραώ·
1972 2660 2057 2713 ὃτι

399 2751 497 2813 Εἰς
528 2750 661 2805 αὐτὸ
694 2754 861 2805 τοῦτο
896 2749 1149 2825 ἐξήγειρά
1179 2769 1257 2817 σε,
1317 2749 1469 2810 ὃπως
1528 2746 1851 2822 ἐνδείξωμαι
1885 2748 1939 2803 ἐν
1972 2750 2056 2805 σοὶ

384 2846 486 2915 τὴν
523 2842 757 2918 δύναμίν
797 2864 927 2914 μου,
961 2842 1051 2897 καὶ
1085 2842 1234 2904 ὅπως
1267 2839 1528 2918 διαγγελῇ
1561 2843 1622 2897 τὸ
1661 2838 1837 2916 ὄνομά
1866 2863 1971 2916 μου
2002 2841 2052 2897 ἐν

376 2934 524 3009 πάσῃ
561 2938 632 3008 τῇ
819 2933 962 3006 Ἀρα
1017 2930 1106 2987 οῦν
1150 2933 1207 2987 ὸν
1272 2930 1415 2995 θέλει
1468 2931 1632 3005 ἐλεεῖ,
1692 2932 1749 2987 ’ὸν
1804 2929 1859 2987 δὶ
1911 2931 2055 2988 θέλει

380 3026 719 3102 σκληρύνει.

461 3143 484 3167 ι
518 3118 613 3184 Μή
648 3112 839 3170 ἀδικία
867 3116 1017 3191 παρὰ
1044 3119 1122 3186 τῷ
1179 3119 1296 3188 Θεῷ
1330 3134 1343 3184 ;
1392 3116 1479 3185 Μὴ
1540 3116 1774 3191 γένοιτο,
1810 3138 1836 3165 ››
1865 3115 1921 3167 Ὀ
1956 3114 2051 3187 μὲν

393 3179 807 3282 ἰκαὶ-στεγῶν,
839 3204 915 3269 ὡς
948 3179 1145 3265 ’κακὸς
1203 3179 1479 3277 ἐμισήθη,
1529 3179 1564 3258 ὁ.
1617 3202 1674 3259 δὲ
1733 3198 1926 3258 Ἰακὼϐ
1956 3179 2051 3263 ’ὡς
2094 3179 2134 3243 C

402 3293 582 3353 καλὸς
600 3294 879 3367 ὴγαπήθη.
921 3315 942 3345 ε
976 3290 1045 3349 Τί
1072 3290 1164 3347 οὖν
1201 3311 1214 3362 ;
1252 3318 1279 3344 υ
1339 3291 1487 3349 Ἀντί
1541 3295 1661 3361 τοῦ,
1712 3291 1779 3348 Τί
1825 3289 2053 3363 ἐροῦμεν

408 3382 675 3457 περὶτῶν
704 3380 845 3456 ἑντῇ
904 3379 1099 3456 ἐρήμῳ
1159 3379 1485 3451 Ἰουδαίωνς
1546 3382 1610 3437 οὐ
1669 3382 1863 3443 πάντες
1921 3378 2054 3453 ἐμο-

412 3471 797 3549 σχοποίησαν;
854 3473 976 3531 Πῶς
1036 3469 1126 3523 οὖν
1188 3467 1422 3544 εἶ’ρηται,
1486 3491 1515 3521 «
1574 3466 1821 3539 Ἐλεήσω
1880 3466 1937 3522 ὅν
1992 3466 2055 3521 ἄν

412 3558 584 3629 Elei);
620 3583 642 3611 ι
680 3559 743 3616 Εἰ
776 3559 884 3634 γάρ
914 3554 1099 3613 ἀδικία
1155 3558 1257 3614 οὐκ
1311 3554 1422 3614 ἔστι
1472 3559 1619 3632 παρᾶ
1672 3563 1752 3631 τῷ
1793 3561 1930 3629 Θεῷ,
1963 3555 2054 3611 καὶ

407 3650 554 3721 ὅμως
610 3648 834 3703 πάντων
907 3648 1461 3722 μοσχοποιησάντων,
1501 3673 1519 3698 ιι
1582 3645 1850 3718 Ἐλεήσω,
1883 3646 2052 3715 εἶπεν,

398 3741 452 3795 δν
482 3738 545 3793 ἄν
582 3738 791 3805 alea,»
819 3736 923 3813 ἄρα
953 3736 1201 3815 κρυφίοις
1228 3734 1577 3815 ὀφθαλμοῖςὸ
1608 3738 1736 3799 Θεὸς
1768 3731 2053 3809 ἐμϐατεύει

390 3830 464 3891 εἷς
496 3828 598 3891 τὰς
661 3832 774 3883 τῶν
831 3826 1128 3901 ἀνθρώπων
1187 3825 1434 3903 καρδίας,
1474 3826 1563 3882 καὶ
1622 3826 1731 3903 οὐχ
1787 3827 1969 3902 ὥσπερ
2000 3828 2052 3881 οἱ

386 3918 707 3992 ἅνθρωποι.
740 3916 949 3973 Οὐκοῦν
992 3914 1120 3971 οὐδὲ
1162 3914 1251 3970 ἐπὶ
1306 3921 1415 3971 τῶν
1443 3921 1535 3971 νῦν
1571 3914 1844 3974 Ἰουδαίων
1878 3904 2056 3972 (ἁίδικέί

386 4010 415 4064 6
445 4009 614 4077 Θεὸς,
647 4004 795 4061 ἀλλᾶ
824 4004 914 4059 καὶ
943 4008 1035 4059 νῦν
1074 4004 1192 4060 ὅσοι
1258 4005 1352 4077 μὲν
1417 4008 1579 4076 ἄξιοι,
1641 4008 1925 4076 σώζονται³
1960 4028 2054 4062 πι-

389 4098 649 4153 στεύουσι
680 4094 805 4169 γάρ·
864 4094 981 4149 ὅσοι
1035 4092 1090 4149 δὲ
1139 4094 1369 4167 ἀνάξιοι,
1428 4093 1791 4151 ἀπόλλυνταν
1838 4096 1903 4150 οὗ
1962 4117 2054 4150 πι-

390 4189 646 4243 στεύουσι
678 4186 802 4260 γάρ.
840 4182 1145 4254 εἘλεήσω
1178 4185 1238 4239 δν
1293 4181 1352 4239 ἒὶν
1407 4182 1567 4243 ἐλεω.
1633 4212 1655 4240 ι
1726 4187 1814 4249 Ὠς
1870 4185 1915 4241 εί
1978 4190 2055 4243 εί-

390 4298 513 4333 πεν·
550 4275 700 4349 Ἐγὼ
731 4271 856 4328 οἴδα
891 4274 1029 4335 τίνες
1085 4272 1224 4344 ἄξιοι
1272 4276 1568 4349 σωτηρίας,
1626 4276 1714 4330 καὶ
1772 4276 1891 4330 ’ὀσοι
1951 4278 2054 4333 οὐκ

391 4366 557 4440 ἄξιοι.
594 4364 659 4422 Εἰ
690 4362 781 4418 οὖν
817 4365 1042 4433 Μωσῆς,
1085 4363 1270 4440 φησὶν,
1329 4364 1520 4441 ἠγνόει
1572 4365 1709 4427 τίνες
1767 4363 1929 4435 ἄξιοι,
1961 4368 2051 4422 καὶ

391 4457 531 4519 τίνες
594 4453 695 4510 οὐκ
752 4452 914 4526 ἄξιοι,
973 4448 1157 4526 σχολῇ
1215 4457 1343 4529 γοῦν
1403 4454 1567 4527 ἡμεῖς
1631 4455 1897 4529 γνοίημεν
1954 4456 2051 4519 τὰς

392 4543 576 4606 αῗτίας
631 4547 741 4599 τῶν
791 4562 1116 4619 γινομενων.
1202 4542 1335 4597 Θεοῦ
1392 4544 1495 4618 γάρ
1537 4544 1775 4618 κρίματα
1831 4545 1914 4607 τίς
1964 4545 2043 4615 ἐξο
2082 4535 2123 4597 Ι)

394 4634 638 4711 ιχνιάσει
675 4659 690 4703 ;
721 4631 840 4687 ἀντὶ
867 4634 988 4700 τοῦ,
1024 4626 1238 4693 Οὐδείς.
1276 4657 1301 4682 ι‹
1336 4632 1475 4707 Ἀρα
1517 4632 1607 4687 οὖν
1639 4632 1699 4687 οὐ
1732 4637 1828 4688 τοῦ
1860 4631 2049 4698 θέλον-

392 4745 508 4797 τος,
544 4749 574 4777 υ
604 4723 694 4778 καὶ
723 4722 789 4777 τὰ
821 4721 964 4791 ἑξῆς.
1017 4724 1107 4775 Δεῖ
1165 4720 1260 4792 μὶν
1322 4721 1413 4775 οὖν
1475 4722 1653 4777 θὲλειν
1686 4722 1776 4777 καὶ
1807 4724 2046 4804 τρέχειν,

394 4816 486 4869 καὶ
514 4814 613 4882 τήν
647 4813 839 4868 ἑαυτοῦ
867 4806 1093 4864 ἕκαστον
1154 4804 1382 4881 δύναμιν
1442 4809 1713 4885 πληροῦν.
1773 4809 1928 4882 Πλὴν
1962 4813 2044 4866 ὅτι

404 4900 535 4982 δίχα
577 4899 789 4978 βουλῆς
850 4902 985 4953 Θεοῦ
1071 4894 1194 4953 οὔτε
1251 4898 1279 4951 6
1337 4898 1531 4972 θέλων,
1592 4899 1715 4957 οὕτε
1763 4902 1791 4955 ὁ
1832 4903 2041 4977 τρέχων

400 4990 542 5047 ἀνύει
578 5013 629 5048 τι
661 4988 852 5058 πλέον,
887 4985 1015 5062 ἄτερ
1044 4987 1142 5056 τῆς
1173 4990 1274 5041 τοῦ
1305 4993 1438 5042 Θεοῦ
1499 4990 1779 5063 βοηθείας.
1839 4990 2042 5047 Λοιπὸν

396 5082 487 5139 τὸν
522 5080 865 5159 βουλόμενον
894 5076 1179 5146 σώζεσθαι,
1232 5075 1317 5132 ’ὁτι
1372 5079 1461 5132 καὶ
1522 5078 1665 5134 θέλει
1699 5080 1727 5134 ὁ
1775 5080 1902 5143 Θεὸς
1954 5100 2043 5153 καὶ

370 5173 560 5233 Αέλεεῖ.
620 5173 801 5230 Ταῦτα
860 5163 917 5222 δὶ
972 5165 1141 5221 πάντα
1217 5165 1364 5243 εἶπεν
1412 5168 1439 5221 ὁ
1521 5168 1675 5245 ἃγιος
1729 5170 1865 5244 πρὸς
1917 5170 2043 5231 τοὺς

396 5262 815 5321 ἀντιπίπτοντας
847 5256 937 5311 καὶ
968 5252 1252 5329 λέγοντας,
1282 5256 1340 5329 Τί
1402 5252 1467 5327 δή
1536 5277 1666 5313 ποτε
1713 5253 2041 5330 ἐκϐέϐληται

398 5349 794 5423 ὁΊοοδαϊσμὸς
826 5344 1079 5421 παρὰτῷ
1122 5346 1259 5417 Θεῷ,
1320 5345 1651 5422 ἀντεισήχθη
1710 5344 1766 5403 δὲ
1823 5350 1852 5402 ὁ
1908 5350 2042 5423 Χρε-

394 5443 711 5518 στιανισμὸς
738 5436 831 5495 καὶ
861 5438 897 5507 ὴ
926 5433 1108 5495 πίστις
1142 5453 1156 5505 ;
1190 5432 1371 5490 Θέλων
1430 5435 1517 5491 οὖν
1576 5439 1723 5511 ἡμᾶς
1755 5434 2037 5496 παιδεῦσαι

395 5538 470 5612 μὴ
521 5535 778 5591 ἀπαιτεῖν
836 5523 1055 5591 εὐθύνας
1110 5523 1199 5579 τὸν
1253 5525 1385 5581 Θεὸν
1443 5526 1516 5582 ὧν
1578 5526 1823 5603 πράττει,
1889 5526 2036 5585 ἀλλὰ

384 5611 556 5688 πάντα
584 5620 843 5705 ἡγεῖσθαι
894 5611 1059 5683 καλὰ,
1111 5611 1205 5669 κᾶν
1262 5615 1425 5689 ἡμεῖς
1474 5615 1783 5697 ἀγνοῶμεν,
1816 5696 1819 5701 γ
1850 5616 2035 5689 πολλὰ

2241 2305 2335 2375 ΙΧ,
2370 2309 2449 2360 14η
2470 2308 2555 2361 18.
2591 2308 2735 2372 Quid
2764 2323 2892 2377 ergo
2922 2307 3161 2363 dicemus
3190 2310 3217 2364 ?
3255 2308 3391 2361 Nam
3422 2305 3707 2375 injustitia
3735 2308 3813 2358 est

2170 2394 2322 2465 apud
2352 2397 2520 2449 Deum
2550 2398 2578 2449 ?
2606 2397 2784 2451 Absit.
2818 2398 2958 2452 Mosi
3005 2399 3147 2451 enim
3178 2396 3311 2449 dicit
3344 2413 3362 2449 :
3394 2394 3689 2450 Miserebor
3717 2408 3813 2447 cu-

2160 2486 2474 2555 juscunque
2511 2488 2790 2550 misereor,
2857 2492 2907 2540 et
2964 2484 3384 2541 commiserabor
3439 2498 3813 2554 quemcunque

2170 2576 2719 2645 commiserorJgitur
2748 2592 2858 2630 non
2882 2576 3114 2630 volentis
3144 2582 3240 2639 est,
3271 2591 3367 2629 nec
3397 2573 3686 2636 currentis,
3719 2572 3814 2624 sed

2168 2667 2469 2721 miserentis
2499 2664 2618 2720 Dei.
2652 2665 2799 2720 Dicit
2830 2667 2973 2719 enim
3027 2664 3319 2735 Scriptura
3366 2662 3649 2718 Pharaoni
3698 2678 3716 2713 :
3745 2660 3810 2713 In

2166 2754 2262 2808 hoc
2286 2756 2463 2824 ipsum
2493 2757 2753 2810 suscitavi
2780 2762 2850 2822 te,
2910 2761 2971 2809 ut
3001 2755 3335 2810 ostenderem
3366 2752 3425 2808 in
3457 2759 3506 2807 te
3547 2753 3806 2806 virtutem

2166 2852 2417 2912 meam,et
2447 2852 2506 2899 ut
2530 2846 2892 2900 annuntietur
2918 2861 3113 2900 nomen
3156 2860 3331 2900 meum
3354 2848 3411 2898 in
3439 2844 3589 2897 omni
3634 2848 3803 2896 terra.

2166 2936 2358 3004 Itaque
2387 2935 2544 3004 cujus
2574 2936 2689 2990 vult
2745 2935 3052 3001 miseretur,
3109 2951 3269 3005 quem
3328 2940 3511 2989 autem
3562 2931 3679 2986 vult
3708 2930 3801 2984 ob-

2166 3021 2353 3076 durat.

2237 3111 2389 3167 328
2417 3134 2443 3159 ‹‹
2474 3114 2621 3167 Num
2653 3113 2949 3185 injustitia
3007 3117 3097 3168 est
3150 3112 3306 3184 apud
3337 3109 3739 3167 Deum?Absit.
3778 3130 3804 3157 ››

2166 3203 2315 3256 Esau
2349 3201 2508 3257 enim
2538 3208 2822 3273 tanquam
2854 3202 3045 3257 malus
3086 3202 3220 3257 odio
3250 3201 3487 3257 habitus
3518 3197 3806 3263 est,.lacob

2161 3307 2295 3347 vero
2330 3298 2615 3363 tanquam
2648 3292 2839 3349 bonus
2870 3292 3124 3349 dilectus
3154 3298 3261 3348 est.
3309 3316 3335 3342 «
3371 3290 3521 3357 Quid
3552 3307 3686 3356 ergo
3718 3287 3745 3344 ?
3776 3310 3803 3337 ››

2161 3382 2281 3437 Hoc
2312 3386 2421 3449 est,
2453 3382 2603 3447 Quid
2659 3382 2731 3438 de
2778 3381 2994 3438 Iudaeis
3024 3382 3293 3437 dicemus
3325 3381 3425 3452 qui
3473 3379 3714 3434 fuerunt
3742 3378 3803 3432 in

2160 3470 2631 3527 deserto?Nonne
2665 3488 2874 3528 omnes
2897 3472 3145 3528 vitulum
3166 3472 3435 3527 fecerunt
3459 3469 3485 3524 ?
3507 3466 3801 3539 quomodo

2159 3558 2383 3615 dictum
2416 3566 2561 3616 est:«
2608 3561 2930 3619 Miserebor
2959 3564 3367 3634 cujuscunque
3398 3560 3688 3615 misereor
3716 3556 3744 3612 ‘?
3772 3579 3799 3607 »

2158 3651 2301 3704 Nam
2333 3651 2380 3705 si
2414 3650 2707 3722 injustitia
2736 3669 2854 3707 non
2911 3658 3001 3707 est
3050 3650 3208 3723 apud
3274 3651 3480 3714 Deum,
3515 3655 3573 3704 et
3604 3654 3801 3703 tamen

2156 3755 2289 3793 cum
2322 3756 2528 3795 omnes
2560 3740 2806 3795 vitulum
2862 3741 3161 3806 fecissent,
3194 3762 3221 3788 «
3257 3737 3601 3801 Miserebor,
3633 3736 3801 3803 dixit,

2157 3829 2565 3899 cujuscunque
2600 3829 2925 3884 misereor:
2964 3851 2991 3877 ››
3037 3835 3195 3883 certe
3227 3826 3549 3882 latentibus
3615 3824 3803 3879 oculis

2157 3917 2310 3970 Deus
2342 3916 2403 3970 in
2435 3916 2743 3971 hominum
2779 3918 2957 3972 corda
2988 3916 3337 3989 ingreditur,
3364 3920 3563 3971 etnon
3594 3929 3803 3985 quem-

2156 4004 2478 4060 admodum
2511 4006 2804 4061 homines.
2834 4006 3014 4078 Igitur
3048 4022 3241 4076 neque
3290 4022 3425 4061 cum
3455 4004 3673 4060 Judaeis
3700 4003 3801 4075 qui

2156 4110 2314 4149 nunc
2348 4100 2487 4149 sunt
2518 4096 2737 4166 injuste
2791 4095 2911 4167 agit
2942 4094 3230 4161 Deus;sed
3262 4101 3321 4150 et
3354 4111 3512 4150 nunc
3545 4094 3799 4165 quicun-

2158 4208 2272 4262 que
2306 4190 2465 4263 digni
2489 4198 2631 4248 sunt
2660 4192 3127 4263 salvantur,quia
3147 4192 3415 4260 credunt;
3458 4192 3800 4263 quicunque

2155 4299 2289 4337 vero
2322 4283 2573 4357 indigni,
2608 4290 2878 4356 pereunt,
2912 4285 3052 4356 quia
3081 4301 3201 4340 non
3252 4284 3518 4339 credunt.
3563 4305 3591 4333 «
3628 4282 3801 4336 Mise-

2154 4371 2330 4427 rebor
2358 4374 2768 4445 cujuscunque
2800 4375 3146 4430 misereor.»
3175 4380 3253 4429 Ac
3278 4374 3326 4429 si
3355 4372 3602 4428 dixisset
3634 4387 3646 4426 :
3680 4373 3794 4445 Ego

2156 4464 2288 4517 novi
2320 4464 2419 4533 qui
2452 4465 2572 4519 sint
2600 4462 2761 4537 digni
2794 4464 2981 4520 salute
3040 4469 3100 4519 et
3145 4464 3388 4535 quinam
3440 4460 3689 4534 indigni.
3742 4460 3798 4514 Si

2156 4551 2335 4624 igitur
2363 4554 2551 4608 Moses
2584 4553 2893 4627 ignorabat
2914 4554 3159 4624 quinam
3190 4551 3352 4625 digni
3383 4556 3583 4607 essent
3611 4556 3670 4607 et
3700 4552 3801 4622 qui

2159 4640 2410 4715 indigni,
2445 4643 2629 4697 multo
2664 4644 2862 4698 minus
2895 4660 3001 4697 nos
3035 4658 3239 4697 eorum
3271 4657 3402 4713 qum
3426 4642 3577 4696 ﬁunt
3593 4657 3800 4697 causas

2157 4746 2510 4803 cognoscere
2545 4749 2886 4803 possemus;
2910 4732 3011 4787 Dei
3037 4732 3194 4787 enim
3217 4732 3445 4804 judicia
3474 4731 3608 4803 quis
3637 4747 3799 4787 scru-

2158 4820 2670 4892 tabitur?profecto
2701 4822 2955 4877 nullus:
2990 4822 3174 4895 Igitur
3200 4838 3321 4877 non
3344 4821 3595 4877 volentis
3627 4827 3733 4892 est,
3769 4843 3797 4870 ››

2156 4917 2266 4966 etc.
2296 4912 2538 4983 Oportet
2570 4912 2863 4983 siquidem
2894 4912 3041 4968 velle
3100 4919 3160 4968 et
3189 4929 3449 4981 currere,
3498 4920 3557 4969 et
3584 4928 3795 4968 unum-

2157 5016 2453 5073 quemque
2473 5002 2665 5057 facere
2697 5005 2855 5073 quod
2888 5002 2946 5059 in
2980 5020 3041 5059 se
3071 5010 3449 5060 estzattamen
3480 5002 3619 5073 quia
3648 5001 3790 5057 abs-

2154 5106 2269 5160 que
2327 5091 2428 5145 Dei
2477 5091 2725 5147 consilio
2780 5108 2973 5164 neque
3031 5093 3234 5150 volens
3294 5108 3488 5163 neque
3547 5106 3792 5145 currens

2152 5178 2478 5250 quidquam
2505 5181 2761 5252 amplius
2788 5182 2914 5237 sine
2947 5183 3045 5237 Dei
3102 5182 3322 5239 auxilio
3354 5180 3606 5253 perﬁcit.
3663 5178 3796 5233 reli-

2152 5284 2335 5339 quum
2368 5276 2457 5326 est
2486 5277 2551 5325 ut
2576 5271 2728 5327 Deus
2751 5288 2886 5327 eum
2920 5272 3020 5343 qui
3052 5271 3247 5328 salvus
3271 5270 3396 5327 ﬁeri
3420 5267 3791 5340 cupit,etiam

2150 5358 2373 5425 velit,et
2401 5360 2531 5431 ejus
2559 5359 2928 5417 misereatur.
2990 5361 3122 5416 Haec
3180 5360 3381 5416 omnia
3424 5358 3571 5413 dixit
3622 5356 3789 5414 divus

2147 5446 2363 5504 Paulus
2394 5448 2673 5505 adversus
2728 5450 2862 5505 illos
2907 5450 3007 5520 qui
3066 5449 3369 5515 resistunt,
3430 5462 3499 5504 ac
3556 5446 3782 5505 dicunt'

2145 5537 2334 5604 Quare
2360 5537 2624 5612 abjectus
2656 5544 2745 5595 est
2770 5537 3107 5596 Judaismus
3137 5539 3294 5612 apud
3325 5538 3532 5608 Deum,
3566 5545 3625 5597 et
3653 5538 3782 5597 loco

2142 5625 2331 5701 ipsius
2361 5627 2639 5687 inductus
2669 5633 2759 5687 est
2778 5627 3260 5689 Cbristianismus
3288 5645 3355 5688 ac
3387 5628 3782 5689 ﬁdesWolens
