4126 6256
463 335 578 398 511

1582 340 1999 404 CEOUMENII
2044 341 2093 400 Τ
2103 338 2350 402 ΡιιοοΕ
2392 337 2738 400 EPISCOPI

3755 340 3859 402 51!

461 471 662 543 itaque
675 489 784 528 nos
797 471 1090 531 instruere
1117 490 1194 531 ne
1211 492 1419 532 causas
1452 492 1487 532 a
1514 476 1631 533 Deo
1664 482 2003 550 repetamus
2016 490 2090 532 eo

2227 472 2612 549 θεματοφορεῖ,
2659 471 2958 541 τουτέστιν,
3014 468 3120 526 ἀπὸ
3203 468 3430 526 πολλῶν
3493 466 3864 547 παραδειγμά-

457 577 589 617 rum
625 578 756 633 quae
789 570 1089 636 operatur,
1151 565 1252 622 sed
1287 572 1499 623 cuncta
1538 566 1694 623 bona
1730 566 2112 632 arbitremur,

457 649 566 707 etsi
602 665 810 708 causas
835 652 1203 726 ignoremus,
1240 657 1427 713 multa
1456 656 1682 729 profert
1722 655 1797 712 ad
1841 654 2113 729 proposi-

455 739 722 796 tum:hoc
747 749 857 810 est,
891 759 924 798 a
959 745 1162 801 multis
1195 745 1480 818 exemplis
1542 753 1600 802 et
1639 746 1822 820 signis
1853 744 2108 801 difficul-

453 833 635 884 tatem
654 829 715 885 in
729 828 972 903 divinisj
985 832 1195 890 udiciis
1211 835 1622 907 conjectandis
1647 836 2110 891 demonstrat.—

452 919 589 975 Item
621 926 670 974 et
696 920 811 976 alio
840 921 1024 978 modo.
1058 924 1183 979 Non
1233 925 1486 981 volentis
1517 926 1732 991 solum,
1762 941 1953 996 neque
1982 940 2109 979 cur-

455 1008 642 1064 rentis
673 1009 866 1066 solum
927 1028 940 1066 :
989 1014 1092 1068 sed
1151 1031 1298 1086 opus
1353 1016 1530 1070 etiam
1591 1021 1675 1070 est
1727 1014 2106 1069 miseratione

457 1115 586 1169 quae
618 1097 899 1155 divinitus
925 1102 1217 1172 adveniat,
1254 1104 1596 1176 auxilioque
1643 1102 1801 1174 quod
1832 1103 1970 1158 inde
2000 1102 2102 1157 ad-

453 1187 846 1244 ministretur.
885 1196 998 1246 Aut
1029 1192 1206 1248 etiam
1239 1194 1349 1248 hoc
1402 1193 1578 1249 modo
1629 1192 1880 1265 intelligi
1912 1197 2107 1264 potest

455 1277 615 1349 quod
646 1277 892 1334 dicitur:
927 1303 952 1330 «
991 1280 1174 1353 Igitur
1202 1298 1323 1338 non
1350 1283 1601 1338 volentis
1633 1287 1742 1347 est,
1779 1303 1806 1331 »
1833 1287 1942 1336 etc.
1978 1283 2102 1336 Non

454 1370 521 1420 ut
557 1365 619 1420 in
652 1367 919 1423 confesso
951 1369 1204 1442 sitapud
1239 1371 1512 1441 Paulum,
1545 1371 1647 1427 sed
1679 1371 1864 1444 magis
1922 1369 2101 1425 veluti

2220 582 2328 617 των
2371 563 2463 618 καὶ
2523 561 2792 637 σημείων,
2849 562 2914 616 τὸ
2970 557 3369 636 δυστέκμαρτον
3426 564 3545 615 τῶν
3595 563 3694 614 τοῦ
3747 565 3864 617 Θεοῦ

2220 651 2499 728 χριμάτων
2531 654 2785 727 παριστᾷ.
2823 683 2886 695 -—
2927 651 3030 708 Καὶ
3087 647 3301 713 ἃλλως.
3362 648 3588 724 [ΦΩΤ.]
3639 650 3719 708 Οὐ
3780 655 3864 706 τοῦ

2222 741 2476 806 θέλοντος
2503 745 2687 814 μὸνον.
2722 738 2846 798 οὐδὲ
2875 745 2971 796 τοῦ
3019 743 3310 816 τρέχοντος
3369 740 3568 814 μόνον,
3598 737 3746 796 ἀλλά
3795 737 3868 796 δεῖ

2217 831 2308 886 καὶ
2336 835 2433 886 τοῦ
2464 832 2641 888 θεόθεν
2672 828 2850 899 ἐλέου,
2882 829 2971 886 καὶ
3030 836 3130 900 τῆς
3187 829 3382 886 ἐκεῖθεν
3417 829 3778 905 συμμαχίας.
3803 832 3865 886 Ἦ

2289 921 2304 941 ς
2373 920 2398 940 ro
2548 918 2582 952 ι.
2956 921 2969 938 ε
3097 921 3118 940 ν
3300 917 3329 936 ν
3452 919 3467 940 ν
3549 917 3569 949 ι

2217 941 2306 976 και
2338 942 2510 983 ουτως
2543 917 2885 990 εκπληπτέον
2917 941 2999 989 το,
3038 943 3064 970 ‹‹
3122 928 3238 995 Ap:
3268 941 3360 974 ουν
3407 939 3476 974 ου
3511 917 3793 984 θέλοντος,
3843 943 3866 969 n

2215 1009 2302 1065 καὶ
2407 1010 2549 1080 ἑξῆς·
2608 1009 2718 1064 Οὐκ
2800 1004 2940 1064 ἔστιν
3001 1009 3078 1072 ὡς
3135 1006 3338 1082 Παύλῳ
3395 1007 3866 1085 ὁμολογούμενον,

2214 1097 2359 1171 ἀλλά
2403 1099 2621 1171 μᾶλλον
2679 1101 2752 1161 ὡς
2808 1099 2953 1174 παρά
3009 1103 3116 1154 τῶν
3185 1099 3549 1173 ἀπορούντων
3602 1098 3868 1172 προτεινό-

2216 1210 2394 1262 μενον.
2430 1188 2492 1244 Εἰ
2522 1189 2620 1263 γάρ
2654 1187 2711 1242 ὅν
2742 1186 2909 1258 θέλει,
2966 1187 3128 1260 ἐλεεῖ,
3160 1188 3250 1243 καὶ
3281 1189 3426 1258 ἑξῆς.
3468 1187 3535 1243 Εἰ
3570 1189 3668 1243 οὗν
3701 1192 3868 1260 τοῦτο,

2215 1281 2368 1356 φησὶ,
2433 1279 2606 1350 μάτην
2675 1278 2904 1352 θέλομεν
2960 1282 3053 1335 καὶ
3107 1279 3281 1353 μάτην
3339 1280 3652 1355 τρέχομεν.
3710 1279 3868 1346 Καὶή

2212 1366 2368 1443 ῥῆσις
2409 1364 2465 1422 δὲ
2496 1367 2572 1430 είς
2607 1363 2896 1444 βεϐαίωσιν
2923 1373 3022 1434 τῆς
3053 1367 3304 1443 ἀπορίας,
3337 1367 3466 1424 ἀλλ’
3503 1368 3613 1424 οὐκ
3652 1367 3733 1432 εἵς
3763 1365 3869 1424 ἐπί-

453 1453 526 1511 ab
558 1455 967 1514 haesitantibus
998 1439 1291 1531 prolatum
1324 1468 1431 1516 est.
1493 1439 1636 1517 Nam
1695 1461 1744 1516 si
1776 1439 1947 1533 cujus
1976 1459 2090 1515 vult

2209 1439 2365 1511 λυσιν
2391 1459 2538 1521 τινὸς
2568 1439 2771 1531 ἑτέρας.

449 1544 786 1611 miseretur,
819 1554 955 1615 etc.,
1007 1551 1054 1604 si
1085 1551 1217 1618 hoc,
1277 1551 1493 1622 inquit,
1525 1551 1608 1607 ita
1637 1557 1746 1616 est,
1781 1552 1841 1607 in
1871 1566 2087 1606 vanum
2133 1548 2404 1604 volumus
2457 1553 2515 1604 et
2571 1548 2631 1604 in
2663 1565 2876 1604 vanum
2907 1550 3221 1606 currimus.
3285 1551 3433 1622 Ergo
3469 1548 3710 1606 dictum
3765 1548 3867 1606 hoc

453 1633 524 1690 ad
555 1634 922 1693 difficultatis
943 1639 1057 1695 erit
1085 1640 1620 1709 conﬁrmationem,
1641 1657 1762 1696 non
1789 1653 1986 1696 autem
2011 1639 2083 1695 ad
2117 1637 2375 1711 cujusvis
2405 1639 2649 1694 alterius
2682 1639 3184 1711 explanationem.

525 1725 676 1782 3‘29
719 1726 940 1783 Deinde
972 1746 1204 1785 rursum
1236 1732 1506 1802 sequitur
1535 1730 1903 1786 difficultatis
1928 1745 2093 1801 repev

455 1815 582 1870 titio
611 1832 623 1869 :
657 1838 683 1866 «
717 1817 922 1888 Itaque
948 1821 1119 1891 cujus
1166 1820 1290 1875 vult
1319 1821 1656 1888 miseretur,
1687 1836 1862 1892 quem
1894 1827 2094 1875 autem

453 1905 576 1960 vult
604 1905 876 1962 obdurat.
911 1930 939 1959 »
1000 1909 1382 1966 Postmodum
1430 1912 1600 1982 quasi
1660 1927 1780 1966 non
1839 1909 2098 1966 sufliciat

453 1995 1054 2070 difﬁcultatis.reique
1068 1999 1337 2057 absurdae
1352 2001 1824 2074 magnitudinem
1850 1999 2100 2055 demon-

456 2092 697 2154 strasse,
736 2087 864 2158 ejus
903 2090 1288 2144 commutatio
1339 2091 1582 2162 ponitur
1611 2091 1673 2146 in
1705 2091 1765 2145 id
1795 2089 1954 2161 quod
1999 2089 2103 2144 ab-

459 2173 697 2229 surdius
729 2180 820 2230 est
868 2191 937 2231 ac
995 2178 1286 2249 majorem
1344 2177 1570 2234 habens
1624 2177 2097 2250 perplexitatem.

461 2264 660 2332 Nam,«
686 2264 833 2331 Quid
856 2265 1050 2322 adhuc
1081 2268 1388 2339 queritur?
1419 2291 1446 2318 ι)
1479 2269 1562 2323 ait
1591 2310 1604 2336 ,
1638 2286 1743 2325 cur
1763 2269 1890 2340 jam
1923 2267 2105 2323 sumit

463 2353 819 2424 supplicium
850 2356 877 2412 ?
904 2356 1189 2414 voluntati
1223 2358 1382 2413 enim
1439 2358 1626 2430 ipsius
1658 2358 1791 2430 quis
1823 2357 2101 2414 resistere

448 2443 761 2515 potest?Ita
786 2451 959 2502 aucta
990 2453 1046 2502 et
1077 2453 1421 2520 exasperata
1469 2447 1817 2504 difﬁcultate
1852 2447 2095 2503 solutio-

448 2547 586 2588 nem
619 2551 724 2605 per
754 2533 1221 2607 increpationem
1255 2537 1576 2610 subjungit,
1611 2537 1961 2593 terribiliter
1985 2535 2096 2592 ad-

449 2621 780 2692 modum,et
809 2632 1246 2695 consequenter
1293 2627 1375 2681 ita
1405 2627 1610 2681 dicens
1667 2643 1679 2679 :
1712 2651 1738 2676 ι(
1775 2627 1856 2680 Tu
1905 2626 2004 2696 qui
2037 2640 2100 2679 es

440 2711 540 2782 qui
566 2728 635 2767 ex
657 2712 901 2768 adverso
935 2713 1262 2785 respondes
1287 2715 1434 2770 Deo?
1465 2738 1490 2763 ››
1516 2715 1684 2785 quasi
1718 2715 1906 2770 dicat:
1941 2713 2091 2779 Quid

432 2799 657 2855 facisne
686 2815 757 2856 ex
786 2798 1030 2856 adverso
1065 2801 1433 2873 respondens
1453 2802 1603 2858 Deo?
1628 2802 1874 2859 Resistis
1889 2819 1954 2858 ac
1977 2819 2082 2874 op-

433 2904 662 2962 pugnas
695 2889 1057 2946 voluntatem
1093 2890 1636 2964 factumqueipsius
1660 2909 1735 2948 an
1766 2891 2084 2957 non?Quod

2280 1727 2412 1783 Εἶτα
2442 1724 2607 1782 πάλιν
2669 1725 3010 1802 ἐπανάληψις
3065 1735 3167 1798 τῆς
3218 1728 3471 1804 ἀπορίας·
3513 1753 3547 1782 ι(
3579 1730 3728 1804 Ἀρα
3775 1727 3858 1782 οὗν

2205 1817 2262 1871 δν
2297 1814 2442 1880 θέλει
2474 1814 2636 1884 ἐλεεῖ,
2670 1816 2733 1872 ὅν
2767 1815 2823 1872 δὲ
2856 1817 3000 1881 θέλει
3037 1816 3351 1893 σκληρύνει.
3391 1841 3417 1872 ι
3459 1818 3609 1876 Εἶτα
3666 1819 3740 1880 ὡς
3797 1818 3866 1888 μή

2216 1906 2544 1981 ἐξαρκούσης
2601 1913 2700 1976 τῆς
2755 1905 3007 1980 ἀπορίας,
3065 1911 3164 1963 τοῦ
3233 1909 3436 1963 ἀτόπου
3521 1907 3593 1963 τὸ
3658 1907 3870 1981 μέγεθος

2212 2003 2578 2066 παραστῆσαι,
2659 1998 2966 2072 μετάληψις
3045 1998 3215 2068 αὐτῆς
3272 1997 3359 2054 ἐπὶ
3409 1999 3479 2055 τὸ
3546 1997 3608 2054 ἐκ
3678 1996 3868 2066 ταύτης

2213 2087 2512 2144 ἀνακύπτον
2571 2085 2916 2161 ἀτοπώτερον
2975 2086 3064 2142 καὶ
3118 2087 3499 2163 ἀπορώτερον.
3563 2109 3589 2142 α
3660 2086 3719 2140 Τί
3775 2085 3869 2160 γάρ

2213 2174 2292 2234 ἔτι
2328 2175 2597 2256 μέμφεται
2631 2194 2646 2246 ;
2686 2202 2713 2228 n
2739 2177 2892 2254 φησί·
2924 2176 2976 2233 τί
3032 2174 3229 2234 λοιπὸν
3287 2179 3525 2247 κολάζει
3566 2196 3582 2248 ;
3641 2177 3724 2240 τίς
3773 2178 3866 2254 γὰρ

2211 2266 2527 2336 ἀντιστῆναι
2587 2264 2805 2322 δύναται
2862 2271 2930 2341 τῇ
3012 2265 3192 2343 βουλῆ
3248 2267 3461 2337 αύτοῦς
3542 2268 3732 2328 Οὕτως
3779 2267 3869 2335 τήν

2211 2355 2437 2429 ἀπορίαν
2471 2355 2707 2426 αὐξήσας
2737 2356 2826 2410 καὶ
2864 2355 3156 2432 τραχύνας,
3211 2355 3396 2433 ἐπάγει
3465 2354 3551 2412 δι’
3612 2355 3861 2429 ἐπιτιμή-

2212 2467 2346 2508 σεως
2369 2448 2468 2516 τὴν
2503 2444 2658 2502 λύσιν
2702 2444 2908 2523 σφόδρα
2969 2442 3210 2520 δριμέως
3268 2447 3360 2502 καὶ
3418 2451 3724 2527 προσφυῶς
3777 2444 3864 2499 οὕ-

2208 2555 2285 2588 τω
2309 2533 2503 2609 λέγων·
2541 2557 2568 2586 ‹‹
2605 2534 2678 2588 Σὺ
2699 2533 2785 2596 τίς
2813 2533 2862 2589 εἴ
2890 2535 2919 2590 ὁ
2949 2535 3482 2608 ἀνταποκρινόμενος
3523 2539 3607 2606 τῷ
3660 2537 3797 2603 Θεῷς
3825 2555 3852 2583 »

2211 2625 2344 2679 οἷον·
2377 2630 2453 2680 Συ
2484 2622 2535 2681 τί
2566 2627 2659 2679 νῦν
2686 2624 3500 2699 ποιεῖςάνταποκρινόμενοςτῷ
3530 2619 3858 2698 aequmst-

2211 2734 2400 2768 στασαι
2429 2712 2519 2769 καὶ
2548 2711 2813 2787 πολεμεῖς
2842 2720 2910 2783 τῆ
2939 2711 3116 2788 βουλῆ
3148 2714 3315 2771 αὐτοῦ
3343 2713 3432 2770 καὶ
3459 2721 3539 2784 τῆ
3565 2713 3747 2787 πράξει
3776 2711 3859 2768 αὖ·

2207 2805 2380 2872 τοῢ,ἢ
2423 2799 2484 2856 ού
2516 2802 2607 2869 ςΕἷ
2645 2803 2738 2877 μὲν
2767 2803 2868 2878 γάρ
2893 2801 3099 2870 oblini
3127 2801 3424 2878 ἀντιλέγεις
3452 2799 3860 2875 ςτίάνταποκρίο

2205 2913 2269 2966 νῃ
2296 2895 2375 2964 τῷ
2406 2894 2522 2963 Θεῷ
2557 2911 2571 2961 ;
2606 2891 2654 2946 εἴ
2682 2889 2739 2946 δὲ
2770 2890 3079 2955 ἀνθίστασαι
3109 2892 3200 2948 καὶ
3239 2889 3552 2969 ἀντιλέγεις
3585 2892 3674 2949 καθ
3706 2890 3852 2947 ἀντα-

439 2977 489 3034 si
521 2994 778 3044 non,cur
805 2979 1161 3036 contradicis
1187 2979 1214 3035 ‘2
1245 2997 1350 3036 cur
1390 2997 1458 3037 ex
1491 2981 1734 3038 adverso
1767 2982 2090 3052 respondes

2204 2979 2572 3055 ποκρίνῃ,πῶς
2605 2979 2783 3056 λέγεις
2815 2981 2919 3049 ὅτι,
2943 2983 3075 3053 σΤῷ
3105 2981 3208 3057 γάρ
3245 2967 3577 3056 βουλήματι
3599 2983 3760 3038 αὐτοῦ
3781 2979 3852 3042 τίς

440 3068 647 3124 Ι)οοῖδί
676 3085 812 3125 vero
837 3070 1060 3126 resistis
1085 3075 1142 3125 et
1164 3070 1523 3127 contradicis
1554 3088 1620 3127 ac
1654 3088 1720 3127 ex
1734 3070 1980 3126 adverso
1996 3087 2090 3126 re---

437 3159 1024 3231 spondes,quomodo
1049 3160 1192 3216 ais:«
1220 3160 1525 3216 Voluntati
1561 3161 1688 3233 ejus
1717 3162 1848 3232 quis
1904 3161 2088 3216 resti-

435 3246 567 3303 tit‘h
589 3249 793 3322 Itaque
826 3249 874 3305 si
893 3255 1052 3305 certe
1085 3250 1691 3319 contradicis,frustra
1720 3257 1780 3307 et
1807 3249 2088 3306 adversus

431 3336 690 3407 teipsum
721 3338 924 3399 dicis.«
956 3339 1104 3404 Quid
1137 3339 1330 3395 adhuc
1358 3341 1684 3410 queritur?»
1716 3339 1774 3394 Si
1795 3355 1934 3395 vero
1966 3355 2086 3395 non

431 3425 1219 3498 resistis,amplius.omnino
1253 3445 1371 3483 non
1403 3428 1564 3484 dices
1600 3446 1612 3484 :
1651 3451 1674 3479 ιι
1714 3427 1864 3493 Quid
1893 3427 2086 3483 adhuc

437 3515 754 3587 queritur:
799 3532 992 3587 neque
1047 3516 1243 3573 illud:
1279 3539 1307 3567 «
1357 3519 1534 3589 Cujus
1586 3517 1707 3572 vult
1750 3517 2084 3584 miseretur,

440 3619 618 3676 quem
649 3611 847 3660 autem
884 3605 1009 3661 vult
1038 3604 1291 3661 obdurat
1349 3624 1424 3673 ;ι
1479 3623 1673 3678 neque
1725 3607 1970 3664 omnino
2022 3609 2084 3664 in

436 3691 780 3766 hujusmodi
837 3695 1222 3768 cogitationes
1298 3694 1629 3753 abduceris.
1688 3704 1753 3751 ut
1808 3695 2084 3753 adversus

433 3783 770 3840 Creatorem
803 3784 994 3840 verbis
1026 3784 1359 3841 contendas
1393 3787 1452 3841 in
1486 3786 1578 3840 his
1610 3802 1740 3858 quae
1772 3787 2085 3859 agit,mun-

430 3871 690 3945 dumque
701 3873 1200 3947 gubernat,utque
1218 3874 1591 3931 contradicas
1623 3875 1710 3929 illi
1735 3892 1802 3931 ac
1820 3876 2082 3936 resistas.

431 3963 518 4018 Ita
548 3979 683 4036 ergo
709 3962 808 4018 ubi
840 3963 1052 4020 diffuse
1099 3965 1538 4022 haesitationem
1572 3965 1798 4033 evertit,
1833 3965 2081 4024 alteram

433 4051 660 4107 inducit
692 4052 1050 4108 solutionem
1069 4051 1140 4108 ab
1168 4069 1373 4109 eorum
1390 4060 1602 4110 natura
1623 4071 1690 4110 ac
1721 4057 2081 4128 proprietate

439 4155 569 4212 quae
596 4140 752 4213 apud
782 4158 890 4198 nos
949 4141 1312 4214 effinguntur
1344 4160 1358 4198 :
1418 4143 1634 4216 partim
1677 4143 1915 4216 quidem
1949 4162 2080 4218 qua;

431 4229 890 4287 admonitoriam
925 4232 1231 4288 contineat
1268 4233 1767 4290 consultationem
1823 4235 1942 4291 sive
1973 4235 2077 4292 do-

2205 3070 2526 3139 ἀνθέστηκεν
2548 3071 2779 3142 ςυὭστε
2811 3069 2856 3124 εί
2891 3069 2986 3144 μὲν
3033 3068 3369 3138 ἀνθίστασαι,
3407 3071 3592 3144 μάτην
3611 3073 3700 3127 καὶ
3729 3068 3853 3126 κατὰ

2202 3159 2399 3214 σαυτοῦ
2431 3157 2592 3235 ἐρεῖς,
2626 3183 2654 3212 ι(
2684 3158 2748 3217 Τί
2782 3154 2859 3215 ἔτι
2891 3165 3216 3240 μέμφεται.»
3249 3159 3315 3216 Εἰ
3345 3157 3403 3215 δὲ
3435 3161 3510 3232 μὴ
3556 3161 3848 3226 ἀνθίστασαι

2199 3249 2381 3304 ούκέτι
2415 3247 2556 3324 ἰρεῖς
2587 3246 2789 3315 ὅλως,‹‹
2813 3246 2972 3306 Τίὲτι
3007 3247 3469 3328 μέμφεταιμούδὶ
3487 3248 3835 3324 τὸ,ι’Δρα8ν

2197 3338 2340 3395 θέλει
2373 3336 2536 3408 ἐλεεῖ,
2579 3339 2637 3394 δν
2698 3335 2754 3393 δὲ
2788 3337 2932 3394 θέλει
2988 3337 3302 3414 σκληρύνει,
3336 3362 3367 3391 ››
3399 3337 3514 3396 οὐδ’
3578 3342 3651 3403 εἷς
3703 3339 3839 3412 λογι-

2196 3427 2370 3502 σμοὺς
2401 3426 2502 3503 ἄρα
2543 3427 2691 3490 ὅλως
2751 3427 3028 3503 ἐξαχθῆσῃ
3055 3428 3361 3497 τοιούτους,
3418 3427 3726 3502 λογοθετεῖν
3757 3425 3838 3481 τὸν

2196 3519 2543 3594 Δημιουργὸν
2575 3519 2655 3597 ἐφ’
2686 3521 2772 3580 οἷς
2829 3519 3052 3594 πράττει
3103 3519 3193 3575 καὶ
3251 3520 3550 3594 οἰκονομεῖ
3607 3521 3698 3576 τὸν
3744 3515 3830 3572 κό-

2196 3628 2359 3680 σμον,
2393 3605 2508 3663 οὐδ’
2539 3607 2839 3686 ἀντιλέγειν
2901 3607 3049 3680 αύτῷ
3097 3608 3183 3664 καὶ
3250 3609 3618 3668 ἀνθίστασθαι.
3657 3607 3827 3666 Οὕτως

2194 3698 2288 3754 οὖν
2311 3698 2692 3769 σπερματικῶς
2723 3697 2890 3753 εἰπὼν
2942 3699 3041 3768 τήν
3095 3697 3406 3772 ἀνατροπὴν
3455 3706 3560 3769 τῆς
3592 3696 3820 3773 ἀπορίας,

2193 3788 2281 3842 καὶ
2313 3786 2494 3860 ἑτέραν
2525 3785 2684 3842 λύσιν
2718 3788 2824 3843 ἀπὸ
2871 3795 2973 3857 τῆς
3029 3792 3138 3843 τῶν
3191 3795 3318 3861 παρ’
3373 3791 3510 3864 ἡμῖν
3569 3787 3819 3863 δημιουρ-

2191 3877 2456 3953 γημάτων
2488 3876 2696 3956 φύσεως
2744 3877 2836 3932 καὶ
2893 3874 3169 3948 ἰδιότητος
3236 3877 3450 3954 ἐπάγει,
3504 3881 3656 3934 τοῦτο
3706 3873 3808 3946 μὲν,

2192 3968 2578 4043 παραινετικήν
2637 3967 3002 4042 περιέχουσαν
3062 3961 3388 4041 συμϐουλὴν
3437 3966 3521 4024 καὶ
3577 3963 3800 4021 διδασκα-

2189 4053 2332 4126 λίαν,
2360 4059 2522 4112 τοῦτο
2555 4053 2630 4128 δὲ,
2663 4055 2753 4111 καὶ
2783 4053 3163 4131 ἀντιρὃητικὸν
3198 4053 3458 4133 ἔλεγχον.
3506 4053 3606 4111 Καὶ
3654 4053 3687 4122 ἡ
3718 4047 3800 4122 μὶν

2189 4149 2543 4222 παραινετική
2580 4142 2876 4219 συμϐουλή
2934 4147 3024 4201 καὶ
3087 4143 3417 4204 διδασκαλία
3466 4145 3700 4214 τοιαύτη·
3749 4135 3814 4197 Τί

2188 4235 2483 4313 ἀντιλέγεις
2534 4259 2547 4307 ς
2607 4237 2672 4294 Τί
2733 4235 3101 4312 ἀνταποκρίνῃ
3155 4239 3234 4308 τῷ
3320 4235 3542 4312 Πλάστῃ
3589 4235 3676 4293 καὶ
3724 4240 3821 4298 Δη-

439 4321 711 4386 ctrinam,
745 4321 958 4393 partim
981 4338 1117 4378 vero
1148 4322 1607 4394 increpatoriam
1649 4325 2078 4380 contradictio-

2204 4331 2442 4402 ,ιιουργῷ
2474 4348 2489 4396 ς
2522 4325 2774 4400 Μίμησαι
2831 4325 2896 4380 τὰ
2956 4323 3102 4382 ἄλλα
3157 4324 3480 4401 πλάσματα,
3533 4329 3560 4383 ὁ
3618 4321 3824 4401 λογικὸς

435 4425 593 4467 nem.
628 4412 698 4466 Et
723 4411 1119 4468 admonitoria
1149 4411 1388 4484 quidem
1441 4413 1796 4469 consultatio
1826 4415 1943 4470 sive
1975 4413 2079 4469 do-

433 4500 624 4557 ctrina
653 4501 788 4558 talis
813 4508 900 4557 est
934 4501 1113 4568 :Quid
1143 4501 1502 4558 contradicis
1531 4500 1560 4557 ?
1588 4518 1694 4558 cur
1717 4519 1787 4558 ex
1839 4503 2082 4559 adverso

431 4590 756 4663 respondes
789 4591 1015 4647 Artiﬁci
1030 4608 1096 4646 ac
1110 4590 1647 4647 Creatori?lmitare
1670 4590 1788 4648 alia
1801 4592 2082 4665 figmenta

431 4685 496 4734 tu
526 4679 833 4736 rationalis
864 4680 1254 4748 irrationalia,
1279 4681 1575 4737 animatus
1597 4681 1944 4747 inanimata,
1980 4682 2082 4754 qui

436 4767 693 4838 amplius
723 4768 1008 4825 factorem
1069 4769 1314 4826 laudare
1372 4768 1551 4826 debes
1582 4786 1758 4842 quam
1789 4787 1927 4827 suos
1977 4771 2083 4828 illa

436 4856 666 4930 ﬁgulos.
706 4859 811 4914 Illa
841 4875 961 4916 non
995 4861 1431 4929 contradicunt,
1475 4876 1669 4932 neque
1702 4861 1899 4933 opifici
1930 4863 2082 4919 resi-

436 4947 842 5017 stunt:atqui
892 4954 1106 5004 natura
1159 4965 1326 5006 serva
1382 4955 1539 5017 sunt,
1599 4956 1860 5006 attamen
1909 4951 2082 5024 juxta

432 5036 620 5109 ipsius
661 5036 1024 5092 voluntatem
1083 5045 1583 5108 transmutantur,
1623 5040 1825 5096 omnia
1865 5041 2080 5098 artifici

431 5125 824 5183 credentiazat
853 5132 913 5182 tu
946 5141 1141 5198 neque
1189 5135 1420 5183 naturai
1471 5130 1825 5185 necessitate
1857 5147 2079 5191 servus.

424 5217 528 5274 sed
560 5231 834 5275 sermone
856 5215 1223 5283 honestatus,
1253 5216 1606 5290 arbitriique
1637 5219 1932 5289 libertate,
1956 5237 2078 5278 non

430 5307 591 5365 cedis
649 5305 899 5365 artiﬁcis
947 5306 1262 5375 voluntati,
1325 5322 1520 5380 neque
1583 5309 2076 5381 gubernationem

433 5411 596 5454 amas
638 5415 652 5454 :
685 5395 791 5455 sed
814 5396 1006 5455 verbis
1037 5396 1350 5454 contendis
1375 5414 1444 5454 ac
1499 5400 1747 5466 resistis,
1781 5407 1842 5456 et
1869 5415 2076 5458 eorum

431 5500 563 5561 quae
593 5487 746 5544 ﬁunt
773 5504 841 5544 ac
870 5487 1262 5562 providentur
1289 5502 1498 5545 causas
1529 5490 1778 5562 exPetis.

505 5596 660 5682 880
695 5620 722 5649 ιι
751 5595 903 5655 Num
931 5597 1076 5654 dicit
1110 5588 1460 5673 ﬁgmentum
1483 5599 1540 5656 ei
1580 5598 1683 5672 qui
1739 5585 1802 5656 se
1861 5599 2073 5659 ﬂuxit:

427 5688 546 5749 Cur
563 5681 678 5748 hoc
704 5692 878 5763 pacto
903 5685 1131 5745 tinxisti
1154 5697 1257 5746 me
1287 5689 1316 5746 7
1346 5711 1369 5739 ι

2191 4416 2257 4473 τὰ
2288 4414 2486 4490 ἄλογα,
2510 4417 2538 4471 ὁ
2569 4411 2822 4491 ἔμψυχος
2879 4415 2947 4470 τὰ
3009 4416 3217 4492 ἄψυχα,
3250 4417 3278 4471 ὁ
3335 4416 3504 4474 πλέον
3551 4415 3826 4494 χρεωστῶν

2193 4505 2438 4578 ἐξυμνεῖν
2468 4504 2561 4560 τὸν
2623 4503 2898 4575 Πλάστην,
2953 4502 2989 4575 ἤ
3039 4503 3214 4561 ἐκεῖνα
3255 4506 3380 4569 τοὺς
3437 4500 3829 4579 πλαστουργοῦς

2192 4593 2323 4657 τοὺς
2369 4590 2566 4656 ἰδίους.
2595 4594 2809 4651 Ἐκεῖνα
2867 4591 2966 4649 ούκ
3020 4593 3295 4674 ἀντιλέγει
3353 4593 3482 4652 οὐδὲ
3539 4595 3828 4652 ἀνθίσταται

2190 4688 2270 4756 τῷ
2321 4680 2770 4759 δημιουργοῦντι,
2829 4683 3007 4739 καίτοι
3063 4683 3219 4764 φύσει
3277 4681 3630 4745 δουλεύοντα.
3689 4677 3829 4742 Ἀλλ’

2190 4773 2346 4847 ’ὅμως
2380 4772 2517 4849 πρὸς
2573 4771 2636 4829 τὸ
2695 4771 2899 4828 ἐκείνου
2961 4773 3504 4852 μετασχηματίζεται
3557 4773 3828 4850 βούλημα,

2189 4863 2359 4918 πάντα
2431 4867 2868 4938 παραχωροῦντα
2958 4866 3039 4934 τῷ
3092 4862 3332 4938 τεχνίτῃ.
3419 4864 3519 4919 Καὶ
3578 4863 3644 4918 σὺ
3700 4854 3829 4934 μηδὲ

2190 4952 2400 5032 φύσεως
2431 4951 2640 5029 ἀνάγκῃ
2672 4949 2967 5020 δουλεύων,
3027 4949 3175 5008 ἀλλά
3231 4951 3384 5030 λόγῳ
3441 4955 3697 5026 τιμηθεὶς
3743 4945 3826 5007 καὶ

2189 5040 2653 5112 αύτεξουσιότητι,
2689 5041 2798 5116 ούχ
2833 5040 3072 5104 ύπείκεις
3099 5045 3180 5114 τῷ
3217 5046 3316 5098 τοῦ
3361 5042 3672 5108 πλάσαντος
3703 5042 3826 5118 βου-

2188 5128 2405 5202 λήματι
2435 5131 2526 5186 καὶ
2559 5128 2799 5206 στέργεις
2827 5132 2926 5198 τὴν
2956 5124 3298 5207 κυϐέρνησιν,
3329 5130 3479 5189 ἀλλά
3521 5131 3824 5209 λογοθετιῖς

2187 5221 2277 5277 καὶ
2308 5220 2674 5293 ἀντιπίπτεις,
2699 5220 2791 5277 κατ
2830 5220 3051 5286 εὐθύνας
3077 5214 3323 5286 ἀπαιτεῖς
3349 5227 3458 5281 τῶν
3515 5217 3822 5304 πραττομέο

2186 5319 2295 5367 νων
2326 5311 2418 5367 καὶ
2448 5310 2888 5388 προνοουμένων.

2256 5621 2285 5652 α
2310 5597 2403 5669 Μὴ
2434 5589 2556 5675 les?
2571 5589 2636 5656 τὸ
2666 5588 2896 5673 πλάσμα
2939 5599 3022 5672 τῷ
3069 5596 3363 5674 πλάσαντι,
3421 5596 3488 5658 Τί

3541 5620 3610 5676 με
3639 5593 3816 5668 εποίη-

2182 5705 2327 5761 ue;
2366 5710 2398 5743 ιι
3535 5723 3540 5733 .
