4126 6256
296 284 423 353 M3

1471 304 1877 368 COMMENT.
1925 304 2002 365 ΙΝ
2046 304 2298 367 EPIST.
2352 304 2453 364 AD
2504 305 2692 367 ROM.

3694 312 3812 375 514

387 425 545 490 ’ἱὶόε
574 453 650 508 γε
682 439 827 494 κατ’
866 438 1107 518 ἔλεγχον
1139 438 1478 517 ἀντίρῥησις,
1502 437 1753 510 τοιαύτη.
1779 441 2044 497 Ἀνταπο-

2226 439 2627 498 Contradictio
2652 457 2788 499 vero
2814 457 2921 515 per
2948 442 3445 517 increpationem,
3489 443 3627 502 talis
3671 452 3761 505 est
3791 464 3805 506 :

340 523 507 602 κρίνῃ
574 529 662 600 τῷ
729 533 891 600 Θεῷ,
954 529 1136 607 φησὶν,
1218 529 1291 590 ὠς
1346 526 1486 583 ἄκων
1548 528 1899 603 ἁμαρτάνεις.
1960 527 2052 583 ἅτε

359 622 636 681 νικῶντος
692 615 881 674 αὐτοῦ
938 619 1039 687 τήν
1087 618 1186 687 σὴν
1244 616 1468 696 γνώμην
1526 622 1623 673 τοῦ
1673 616 2049 692 βουλήματος,

378 710 479 767 καὶ
535 710 601 767 1b
656 707 1012 778 αὐτεξούσιον
1068 706 1237 783 ταύτῃ
1295 707 1717 783 περιῃρημένος.
1778 707 1883 764 Καὶ
1942 708 2051 779 μὴν

391 800 512 876 οὔχ
543 801 748 874 ὁρῶμεν
807 795 901 852 ἐπὶ
961 802 1069 853 τῶν
1129 800 1203 869 μή
1262 796 1615 867 αὐτεξουσίων
1649 794 1988 870 πλασμάτων
2021 794 2054 848 ἅ

391 893 464 949 σὺ
498 896 690 952 ποιεῖς.
720 891 937 947 Ἐκεῖνα
977 889 1077 943 οὐκ
1129 886 1403 967 ἀντιλέγει
1461 893 1576 949 τοῖς
1628 887 1953 958 πλάττουσι,
1985 886 2053 944 Τί

386 1003 468 1055 με
521 980 718 1045 οὕτως,
770 976 918 1035 ἀλλά
977 979 1055 1050 μὴ
1114 978 1306 1042 οὕτως,
1358 976 1658 1047 ἐποίησας;
1710 979 1743 1046 ἢ
1795 973 1939 1046 τόδε,
1991 976 2053 1032 Τί

377 1072 592 1139 οὕτως,
623 1068 775 1125 ἀλλὰ
808 1071 885 1144 μή
918 1068 1133 1136 οῧτωςς
1163 1070 1197 1137 ἢ
1249 1068 1416 1131 ὅλως,
1448 1068 1517 1125 Τί
1552 1089 1617 1141 με
1649 1066 1945 1139 ἐποίησαςς
1978 1067 2051 1122 Σὺ

376 1158 444 1217 δὲ
476 1161 570 1215 καί
604 1157 934 1235 ἀντιλέγεις,
994 1157 1085 1211 καὶ
1144 1155 1370 1219 εὐθῦνας
1425 1156 1518 1211 τὸν
1581 1154 1830 1225 υλάστην
1888 1154 2055 1210 ἀπαι-

372 1256 522 1311 τεῖς.
568 1247 685 1308 Οὐκ
738 1245 844 1323 ἄρα
898 1249 997 1302 τοῦ
1054 1245 1404 1318 αὖτεξουσίου
1464 1242 1769 1316 ἐστὲρησαι.
1806 1243 1917 1298 Οὐκ
1948 1242 2052 1319 ἄρα

384 1338 540 1395 ἔχων
598 1337 942 1413 ἁμαρτάνεις.
999 1335 1230 1397 Δικαίως
1286 1334 1386 1411 ἄρα
1434 1335 1524 1389 καὶ
1579 1332 1790 1409 κολάζῃ
1852 1334 1914 1389 σῖ)
1960 1333 2049 1389 καὶ

384 1427 501 1485 ὑπό
534 1427 746 1501 μέμψιν
805 1424 1046 1493 πίπτεις,
1108 1422 1450 1494 αὐτεξούσιος
1506 1420 1579 1477 ὢν
1629 1422 1717 1476 καὶ
1766 1423 1841 1496 μὴ
1875 1420 2049 1496 πράτ-

374 1538 496 1571 των
529 1516 598 1572 τὲ
625 1512 841 1571 δέοντα.
887 1513 995 1571 Καὶ
1051 1516 1217 1568 ταῦτα
1279 1512 1373 1587 μὲν
1428 1512 1551 1587 περὶ
1608 1511 1836 1567 τούτων.
1869 1512 1942 1568 Τὸ
1969 1508 2047 1580 δὲ,

376 1606 514 1661 «Ἦ
576 1604 680 1661 οὐκ
740 1598 857 1683 ἔχει
919 1603 946 1659 6
1001 1602 1267 1677 κεραμεὺς
1328 1600 1606 1672 ἐξουσίανς
1660 1625 1690 1654 »ι
1751 1601 1840 1656 καὶ
1904 1598 2047 1673 ἑξῆς,

374 1693 536 1751 ἄλλο
592 1694 743 1751 ἐστὶν
798 1693 1139 1773 ἐπιχείρημα
1195 1694 1333 1746 κατά
1404 1690 1834 1766 ἀντιπερίστασιν
1910 1710 2051 1764 προ-

377 1783 690 1862 αγόμενον.
728 1779 997 1852 Δεδόσθω,
1040 1780 1196 1861 φησὶ,
1226 1780 1362 1836 κατά
1389 1780 1479 1835 τὸν
1514 1781 1602 1836 σὸν
1640 1778 1830 1856 λόγον,
1861 1778 2044 1835 καίτοι

378 1872 747 1949 ἐλεγχθέντα,
779 1871 862 1927 ὅτι
896 1870 995 1926 οὐκ
1041 1870 1092 1926 εἴ
1140 1868 1503 1942 αὐτεξούσιος,
1536 1870 1622 1927 ὅτι
1653 1871 1680 1925 6
1713 1870 1841 1932 Θεὸς
1872 1864 2044 1929 οὕτως

380 1958 593 2017 ἔπλασὲ
652 1977 734 2015 σε’
794 1955 912 2016 οὐδ’
967 1958 1141 2021 οὓτως
1178 1956 1289 2015 ἐστὶ
1343 1955 1549 2013 δίκαιον
1610 1955 1911 2033 ἀντιλέγειν
1958 1956 2049 2010 καὶ

386 2051 708 2128 μέμφεσθαι
734 2054 816 2121 τῷ
846 2053 981 2121 Θεῷ.
1042 2047 1107 2105 Εἰ
1165 2049 1254 2103 καὶ
1315 2045 1483 2121 μηδὲν
1531 2049 1631 2123 γὰρ
1674 2045 1814 2104 ἄλλο
1846 2047 2049 2120 προνό-

383 2161 515 2214 μιον
579 2138 733 2210 αὖτῷ
786 2135 1086 2194 ἀποδοῦναι
1145 2136 1337 2213 βούλει
1392 2141 1471 2209 τῷ
1532 2136 1664 2212 ὑπὲρ
1720 2137 1892 2191 πάντα
1937 2131 2049 2191 ὄντι

376 2230 474 2285 καὶ
537 2226 712 2307 λόγον
776 2226 867 2283 καὶ
926 2222 1157 2295 ἔννοιαν,
1216 2224 1364 2281 ἀλλᾶ
1416 2227 1552 2288 τὲως
1600 2227 1662 2281 τὸ
1709 2230 1838 2280 πᾶσι
1869 2225 2049 2280 κοινὸν

386 2318 646 2393 ὑπάρχον
702 2322 821 2378 τοῖς
875 2316 1025 2377 ὃπως
1056 2313 1121 2386 δὴ
1177 2335 1310 2371 ποτε
1338 2314 1720 2390 δημιουργοῖς,
1749 2314 1872 2369 λίαν
1904 2313 2046 2370 ἐστὶν

377 2411 589 2477 τοῦτος
624 2403 798 2464 Οὐδὲν
847 2410 956 2461 τῶν
1005 2402 1540 2481 δημιουργημάτων,
1578 2405 1670 2460 τὸν
1703 2402 1903 2459 οἰκεῖον
1950 2400 2047 2473 δη-

383 2498 659 2571 μιουργὸν
724 2493 1090 2575 ἐπιμέμφεται
1175 2494 1266 2549 καὶ
1343 2492 1567 2561 εὐθύνει,
1627 2490 1755 2549 ἀλλ’
1806 2490 2047 2565 ἐξουσίαν

377 2584 765 2667 {xui/.1310:
830 2585 1196 2661 δημιουργὸς,
1257 2582 1617 2662 δημιουργεῖν
1672 2583 1745 2646 ὡς
1791 2581 2047 2658 βούλεται

383 2682 484 2731 καί
512 2676 796 2743 πλάττειν,
832 2676 922 2731 καὶ
986 2674 1269 2739 ἀνεύθυνός
1328 2674 1491 2744 ἐστιν,
1549 2672 1639 2728 καὶ
1674 2671 1913 2747 μάλιστα
1944 2672 2049 2728 ὑπό

383 2772 501 2823 τῶν
532 2764 900 2838 πλασμάτων.
949 2765 1106 2819 Ὠστε
1136 2765 1226 2820 καὶ
1276 2764 1361 2832 σὺ,
1419 2763 1466 2819 εἰ
1521 2764 1610 2818 καὶ
1642 2762 1719 2825 ὡς
1751 2762 1926 2838 λὲγεις
1957 2760 2047 2816 0’3-

371 2878 492 2919 τως
542 2854 857 2925 ἐπλάσθης,
919 2851 1019 2908 οὐκ
1089 2851 1327 2933 ὀφείλεις
1385 2854 1688 2930 μὲμιρεσθαι
1744 2853 1778 2921 ἦ
1835 2850 2049 2907 ἀντιλὲ-

362 2968 510 3024 γειν,
573 2944 726 3000 κατά
778 2944 872 2998 τὸν
930 2941 1113 2997 κοινὸν
1171 2947 1279 2997 τῶν
1335 2940 1674 3015 πλασμάτων
1735 2941 1902 3013 νόμον
1959 2940 2048 2995 καὶ

362 3039 520 3109 ὅρον.
558 3060 588 3085 «
625 3035 795 3111 Λὲγει
850 3032 956 3110 γὰρ
1014 3034 1050 3101 ἡ
1109 3032 1295 3111 Γραερὴ
1350 3035 1429 3101 τῷ
1486 3031 1712 3106 Φαραώ,
1755 3054 1782 3082 ››
1838 3030 1925 3085 καὶ
1983 3030 2049 3084 τὰ

365 3127 523 3194 ὶὶἦς.
579 3156 648 3167 -
703 3121 1255 3196 [ΟΙΚΟΥΜΕΝΙΟΓ.]
1307 3120 1520 3177 Τούτου
1555 3124 1653 3188 τήν
1687 3117 1867 3189 λύσιν,
1898 3120 2048 3176 κάτω

2156 530 2238 586 Ex
2267 530 2511 587 adverso
2543 531 2888 606 respondes,
2923 533 3139 605 inquit,
3186 534 3355 607 quasi
3407 541 3643 592 coactus
3673 553 3811 609 pec-

2156 628 2632 696 cares,tanquam
2667 623 2768 678 ille
2792 624 3057 681 vinceret
3078 630 3191 679 tum
3216 627 3574 682 sententiam
3596 629 3805 685 volun-

2157 713 2315 772 tatis.
2351 718 2407 768 et
2426 712 2536 769 hac
2567 713 2628 769 in
2660 720 2824 785 parte
2875 719 2974 769 tuo
3019 714 3335 789 privareris
3388 716 3653 773 arbitrio.
3705 722 3809 775 At-

2158 801 2259 873 qui
2291 802 2352 857 in
2386 801 2685 874 ﬁgmentis
2720 820 2851 874 quae
2872 803 3060 859 libera
3082 821 3201 860 non
3234 811 3518 867 sunt.non
3540 808 3808 865 videmus

2158 906 2287 961 quas
2322 898 2381 945 tu
2415 892 2693 947 l'acilela
2717 892 2778 947 in
2797 910 2933 948 suos
2959 894 3169 964 ﬁgulos
3187 911 3308 950 non
3330 895 3806 954 obmurmurant:

2158 979 2308 1044 Quid
2344 997 2435 1035 me
2483 981 2594 1037 hoc
2626 980 2716 1038 vel
2748 981 2851 1037 illo
2884 982 3056 1038 modo
3100 983 3289 1040 fecisti
3324 985 3351 1040 ?
3380 993 3482 1041 aut
3505 1004 3611 1042 cur
3641 988 3720 1043 ita
3752 995 3811 1045 et

2155 1086 2276 1124 non
2309 1070 2391 1125 ita
2418 1070 2445 1125 ‘?
2476 1071 2596 1125 sive
2619 1074 3006 1141 omnino,Cur
3028 1089 3119 1128 me
3139 1073 3452 1132 formasti?
3480 1078 3562 1132 Tu
3592 1094 3727 1133 vero
3752 1083 3811 1134 et

2154 1165 2365 1214 contra
2394 1160 2561 1225 dicis,
2596 1167 2655 1216 et
2683 1178 2893 1217 causas
2924 1162 2996 1217 ab
3029 1163 3251 1235 Opifice
3283 1166 3713 1237 expetis.Certe
3744 1168 3811 1224 li-

2155 1248 2297 1304 bero
2333 1250 2578 1306 arbitrio
2610 1269 2731 1309 non
2762 1254 3031 1326 privaris.
3066 1261 3225 1310 certe
3256 1272 3375 1312 non
3407 1262 3646 1314 coactus
3676 1276 3807 1331 pec-

2156 1356 2272 1395 cas.
2305 1342 2468 1396 Juste
2500 1342 2698 1415 itaque
2731 1348 2788 1399 et
2817 1344 3049 1415 puniris
3082 1351 3139 1401 et
3168 1345 3232 1402 in
3274 1348 3806 1419 reprehensionem

2156 1429 2341 1497 cadis,
2378 1447 2513 1487 cum
2545 1430 2698 1487 liber
2726 1433 2806 1488 sis
2865 1449 2975 1489 nec
3006 1434 3190 1490 facias
3244 1453 3374 1507 quae
3428 1443 3682 1510 oportet.
3740 1440 3809 1495 Et

2154 1519 2281 1576 haec
2312 1521 2552 1592 quidem
2585 1521 2656 1577 de
2686 1522 2799 1576 his.
2833 1524 3012 1578 Porro
3046 1524 3206 1596 quod
3235 1524 3455 1583 dicitur
3484 1544 3498 1583 :
3534 1549 3562 1578 ‹‹
3594 1530 3809 1585 Annon

2153 1608 2331 1665 habet
2356 1612 2981 1684 potestatem,ﬁgulus,
3008 1635 3036 1662 ››
3062 1614 3368 1681 etc.,aliud
3391 1621 3479 1672 est
3501 1633 3811 1690 argumen-

2155 1702 2279 1753 tum
2338 1699 2410 1753 ad
2470 1698 2899 1755 cohibitionem
2955 1701 3298 1759 adductum.
3360 1706 3525 1772 Dato,
3586 1706 3804 1778 inquit,

2148 1788 2318 1859 juxta
2350 1794 2515 1844 tuum
2549 1806 2885 1847 sermonem
2917 1789 3056 1847 licet
3078 1793 3207 1865 jam
3235 1794 3801 1869 contutatum,quod

2160 1877 2313 1933 liber
2338 1895 2459 1934 non
2482 1879 2583 1947 sis,
2618 1879 2777 1952 quod
2806 1881 2960 1936 Deus
2991 1882 3074 1936 ita
3107 1887 3160 1937 te
3188 1882 3533 1940 formaverit
3564 1903 3575 1941 :
3604 1902 3801 1959 neque

2158 1968 2240 2023 ita
2280 1968 2514 2040 justum
2537 1973 2626 2024 est
2675 1970 2791 2025 Deo
2826 1971 3255 2040 contradicere,
3306 1973 3597 2046 illumque
3623 1993 3801 2032 accu-

2160 2073 2304 2113 sare.
2362 2059 2508 2114 Nam
2540 2059 2648 2114 etsi
2700 2059 2852 2115 nihil
2882 2059 3044 2116 aliud
3076 2063 3475 2137 praerogativa)
3507 2064 3596 2119 illi
3626 2065 3801 2121 retri-

2158 2148 2339 2204 buere
2370 2148 2534 2217 velis,
2597 2150 2696 2221 qui
2748 2167 2927 2223 supra
2958 2168 3197 2210 omnem
3249 2160 3339 2211 est
3369 2161 3427 2212 et
3455 2162 3715 2213 mentem
3749 2162 3810 2214 et

2159 2255 2498 2294 sermonem
2529 2256 2543 2296 :
2575 2245 2636 2295 at
2665 2241 2874 2296 saltem
2908 2242 3065 2313 quod
3083 2244 3359 2301 omnibus
3380 2263 3696 2304 commune
3719 2254 3812 2304 est

2160 2327 2407 2400 singulis
2428 2330 2967 2403 quomodocunque
2989 2348 3117 2387 rem
3148 2333 3208 2389 ef
3211 2335 3810 2407 ﬁngentibus,admo-

2161 2418 2301 2475 dum
2334 2419 2659 2476 absurdum
2690 2426 2780 2475 est
2801 2425 2857 2475 et
2888 2421 3138 2492 impium
3171 2423 3241 2477 ab
3276 2440 3342 2479 eo
3374 2424 3605 2482 tollere.
3657 2426 3808 2493 Quid

2159 2509 2338 2581 igitur
2366 2509 2517 2564 illud
2547 2508 2694 2564 est?
2743 2509 2908 2575 Quod
2952 2509 3186 2567 nullum
3233 2512 3581 2585 ﬁgmentum
3638 2530 3809 2571 suum

2159 2599 2392 2671 plasten
2424 2600 2659 2656 incusat
2690 2604 2793 2655 aut.
2832 2598 3154 2667 redarguit,
3188 2600 3292 2656 sed
3350 2600 3603 2659 liberam
3634 2602 3814 2659 habet

2159 2688 2521 2743 voluntatem
2552 2689 2804 2760 quisque
2831 2688 3027 2760 opifex
3058 2691 3289 2759 operari
3340 2697 3515 2762 prout
3562 2692 3813 2748 voluerit

2160 2794 2227 2832 ac
2256 2778 2498 2850 ﬁngere,
2534 2783 2592 2833 et
2615 2778 2992 2834 accusatione
3016 2784 3198 2840 vacat,
3209 2779 3587 2851 potissimum
3610 2787 3810 2837 autem

2160 2866 2317 2938 apud
2340 2884 2409 2923 ea
2439 2884 2569 2938 qum
2603 2868 2793 2922 ﬁnxit.
2825 2868 3029 2939 Itaque
3071 2873 3130 2924 et
3177 2874 3239 2924 tu
3273 2869 3451 2924 etiam
3486 2870 3535 2924 si
3568 2875 3633 2925 ut
3663 2870 3813 2927 dicis

2159 2955 2447 3011 formatus
2481 2956 2583 3023 sis,
2614 2973 2734 3011 non
2757 2956 2939 3011 debes
2971 2956 3267 3029 indignari
3287 2964 3388 3013 aut
3406 2959 3813 3015 contradicere

2152 3046 2326 3116 juxta
2354 3062 2733 3101 communem
2766 3046 3181 3118 figmentorum
3216 3046 3405 3119 legem
3438 3063 3506 3103 ac
3544 3048 3811 3105 modum.

2162 3156 2190 3183 α
2220 3134 2370 3189 Dicit
2394 3134 2698 3206 Scriptura
2744 3134 3056 3199 Pharaoni,
3096 3157 3123 3184 »
3156 3140 3269 3191 etc.
3331 3137 3513 3207 Hujus
3571 3137 3815 3192 dilutio-

372 3213 562 3290 λέγει,
594 3213 698 3278 ὅτι,
732 3210 921 3291 φησὶν,
981 3211 1010 3266 6
1070 3210 1293 3286 Φαραὼ,
1356 3205 1447 3264 διὰ
1486 3209 1585 3276 τὴν
1620 3207 1822 3264 οἰκείαν
1854 3208 2042 3263 κακίαν

2160 3239 2296 3280 nem
2328 3205 2577 3279 inferius
2608 3223 2807 3289 habet,
2841 3223 3047 3280 dicens
3077 3223 3237 3297 quod
3262 3225 3334 3280 ob
3368 3205 3671 3300 propriam
3696 3244 3817 3283 ma-

376 3300 590 3365 ἕπαθεν
671 3301 798 3375 ἔπερ
869 3298 1086 3372 ἔπαθεν,
1155 3300 1230 3362 ὡς
1295 3298 1391 3375 ὅγε
1449 3298 1578 3361 Θεὸς
1648 3302 1818 3353 σῶσαι
1884 3298 2044 3353 αὐτὸν

384 3389 590 3460 ἤθελε⁹
618 3395 901 3466 τοιγαροῦν
954 3388 1045 3445 καὶ
1094 3387 1487 3463 ἒμακροθῦμει,
1539 3387 1726 3463 χώραν
1763 3388 1914 3461 αὐτῷ
1949 3409 2047 3462 με·

387 3481 612 3543 τανοίας
641 3477 785 3543 δούς.
825 3505 853 3535 α
887 3481 1003 3550 Τὴν
1047 3475 1275 3553 δύναμίν
1314 3498 1439 3552 μου.
1475 3500 1502 3528 ››
1552 3476 1788 3549 Δύναμις
1824 3479 1979 3546 Θεοῦ,
2012 3478 2045 3545 ἡ

391 3568 766 3645 μακροθυμία,
824 3568 915 3622 καὶ
966 3565 1195 3641 δύναμις
1251 3565 1502 3643 μεγίστη.
1542 3566 1637 3627 Τίς
1694 3566 1795 3641 γὰρ
1854 3565 1957 3621 οὐκ
1987 3563 2043 3619 ἂν

382 3656 714 3735 ἐκπλαγείη,
790 3660 1046 3712 τοσοῦτον
1126 3656 1653 3729 μακροθυμήσαντος
1710 3657 1811 3707 τοῦ
1869 3657 2046 3722 Θεοῦ;

380 3748 557 3818 (μησὶν
595 3744 722 3816 οὖν,
769 3744 857 3801 ὅτι
910 3744 1004 3807 Εἰς
1036 3742 1198 3801 τοῦτό
1252 3763 1309 3799 σε
1362 3746 1758 3819 συγκεχώρηκα
1789 3738 2048 3817 βασιλεῦ-

367 3859 480 3910 σαι,
516 3837 684 3900 ὅπως
714 3839 870 3914 φανῶ
906 3833 1286 3910 μακρόθυμος.

440 4013 471 4041 ‹‹
499 3991 661 4063 νΑρα
705 3987 799 4042 οὖν
831 3985 888 4042 ὅν
918 3984 1067 4051 θελει
1111 3983 1274 4052 ἐλεεῖ,
1311 4007 1339 4035 ››
1368 3983 1459 4039 καὶ
1487 3982 1555 4039 τὰ
1583 3983 1726 4054 ἑξῆς.
1761 3981 1865 4039 Τὸν
1899 3981 2044 4053 ἄξιον

364 4080 680 4146 ἐλεεῖσθαι,
727 4075 891 4145 ἐλεεῖ,
937 4076 1029 4131 τὸν
1079 4073 1136 4131 δὲ
1189 4072 1429 4149 σκληρὸν
1472 4074 1563 4129 καὶ
1611 4073 1829 4143 ἀπειθῆ,
1863 4071 2046 4143 σκλη-

369 4169 467 4243 ρὸν
504 4169 649 4223 εἶναι
683 4170 987 4240 συγχωρεῖ.
1021 4163 1099 4220 Οὐ
1131 4164 1235 4239 γὰρ
1293 4161 1520 4239 κρίσεως
1553 4162 1582 4217 ὁ
1614 4162 1801 4237 παρὼν
1832 4163 2045 4237 καιρὸς,

369 4256 522 4313 ἀλλὰ
554 4254 854 4317 πολιτείας
883 4255 973 4309 καὶ
1005 4252 1509 4326 αὐτεξουσιότητος.
1560 4252 1638 4309 Τὸ
1668 4251 1770 4327 γὰρ
1802 4251 2048 4328 σκληρύ-

373 4367 476 4412 νει,
536 4346 662 4401 ἀντὶ
722 4349 841 4409 τοῦ,
901 4341 963 4414 ἐᾷ
1016 4342 1177 4398 αὐτὸν
1236 4340 1475 4417 σκληρὸν
1537 4340 1697 4409 εἶναι,
1743 4345 2048 4416 συγχωρῶν

378 4435 456 4498 είς
488 4441 553 4493 τὸ
582 4433 956 4504 αὐτεξούσιον.
1021 4455 1047 4485 ιι
1103 4434 1203 4490 ’Όν
1264 4428 1322 4487 δὲ
1375 4429 1522 4486 θέλει
1571 4428 1881 4504 σκληρύνει.
1919 4454 1946 4483 ››
1977 4463 2050 4474 --

384 4526 804 4597 [ΓΡΗΓΟΡΙΟΥ
842 4524 1171 4596 ΝΥΣΣΗΣ’]
1230 4522 1306 4579 Τὸ
1363 4518 1723 4595 ἐπληρῦνθαι
1772 4521 1917 4594 παρὰ
1947 4524 2044 4575 τοῦ

386 4620 521 4670 Θεοῦ
552 4616 648 4667 τὸν
705 4612 1005 4689 Αίγύπτιον
1064 4611 1338 4687 τύραννον,
1381 4610 1490 4689 οὐχ
1547 4610 1623 4671 ὡς
1672 4609 1772 4677 τήν
1830 4609 2041 4665 ἀντιτυ-

382 4704 507 4758 πίαν
542 4702 596 4758 ἐν
620 4705 691 4776 τῇ
743 4706 897 4778 ψοχῇ
956 4700 1122 4757 αὐτοῦ
1176 4707 1275 4770 τῆς
1331 4700 1479 4764 θείας
1544 4696 1865 4774 βουλήσεως
1899 4697 2043 4755 ἐντι-

387 4793 572 4863 θείσης
632 4790 882 4861 νοητέον,
942 4789 1069 4847 ἀλλ’
1126 4790 1201 4852 ὡς
1253 4796 1354 4859 τῆς
1406 4784 1919 4863 προαιρέσεως,διὰ
1943 4795 2043 4859 τῆς

390 4882 529 4955 πρὸς
599 4883 696 4951 τὴν
765 4880 958 4937 κακίαν
1026 4878 1419 4954 προσ-κλίσεως,
1478 4878 1568 4933 τὸν
1633 4875 2046 4949 ἐκμαλάτῖσοντκ

393 4971 495 5039 τήν
521 4969 825 5026 ἀντιτυπίαν
858 4968 1023 5045 λόγον
1057 4969 1118 5025 οὐ
1150 4967 1454 5047 δεχομὲνης
1502 4999 1568 5010 -
1597 4968 2042 5044 [ΒΑΣΙΛΕΙ()Υ.]

391 5056 748 5130 Ἐσιλήευνεν
809 5060 836 5115 6
893 5060 1023 5121 Θεὸς
1102 5059 1192 5114 τὸν
1276 5059 1500 5131 Φαραὼ,
1560 5058 1629 5129 τῇ
1692 5058 2044 5131 μακροθυμίᾳ

384 5150 477 5205 καὶ
531 5146 602 5225 τῇ
658 5158 759 5219 τῆς
807 5148 1080 5222 τιμωρίας
1133 5141 1403 5219 ἀναϐολῇ,
1438 5143 1717 5202 ἐπιτείνων
1746 5146 1913 5201 αὐτοῦ
1942 5150 2041 5217 τὴν

387 5241 601 5310 κακίαν,
647 5240 739 5295 ’ἱνα
796 5238 874 5301 είς
927 5238 1020 5294 τὸν
1074 5234 1307 5317 ἔσχατον
1366 5234 1495 5309 ὅρον
1530 5233 1852 5307 αὐξηθείσης
1882 5235 2044 5292 αὐτοῦ

389 5333 487 5399 τῆς
514 5327 801 5406 πονηρίας,
831 5326 896 5384 τὸ
927 5322 1135 5384 δίκαιον
1178 5323 1278 5382 ἐπ’,
1313 5321 1463 5411 αυτῷ
1507 5325 1607 5398 τῇς
1638 5322 1786 5387 θείας
1816 5323 2045 5414 κρίσεως

391 5414 620 5500 διαφανῇ
631 5465 646 5481 .

448 5573 621 5651 Ἐρεῖς
680 5569 778 5628 οὗν
839 5588 959 5642 μοι.
1020 5564 1086 5623 Τί
1142 5586 1219 5623 ετι
1276 5565 1590 5643 μὲμφεταις
1641 5567 1721 5638 τῷ
1774 5564 1875 5643 γὰρ
1910 5566 2043 5643 βου.

383 5661 587 5742 λήματι
654 5662 827 5720 αὐτοῦ
892 5658 978 5721 τίς
1045 5653 1371 5730 invehunt;
1438 5656 1644 5747 btevo'u'v
1707 5674 1786 5733 γε,
1847 5653 2043 5715 (δᾶν,

2158 3313 2344 3370 litiam
2378 3328 2589 3384 passus
2630 3318 2718 3369 est
2743 3314 2968 3369 Pharao
3002 3331 3133 3386 quas
3161 3331 3371 3386 passus
3403 3322 3813 3388 esttanquam

2158 3404 2313 3459 Deus
2345 3418 2487 3459 sane
2520 3404 2691 3459 illum
2732 3403 2959 3461 salvum
3007 3404 3200 3460 facere
3251 3405 3545 3463 voluerit:
3592 3406 3812 3464 idcirco

2159 3493 2331 3548 etiam
2347 3492 2751 3563 longanimiter
2766 3493 3060 3549 tolerabat
3071 3494 3205 3549 dato
3220 3495 3646 3567 resipiscentiaa
3662 3496 3813 3554 loco.

2160 3604 2187 3631 ‹‹
2224 3582 2511 3638 Virtutem
2554 3598 2768 3651 meam,
2804 3605 2831 3633 »
2866 3583 2969 3638 Dei
3002 3584 3189 3640 virtus
3240 3583 3662 3658 longanimitas
3703 3591 3811 3651 est,

2160 3676 2217 3727 et
2245 3673 2427 3728 virtus
2462 3671 2737 3727 maxima.
2787 3672 2929 3737 Quis
2971 3673 3133 3730 enim
3182 3689 3301 3729 non
3334 3674 3685 3746 obtupescat
3713 3675 3816 3733 ubi

2157 3760 2723 3834 adeolonganimem
2746 3762 2900 3816 Deus
2924 3777 3053 3817 sese
3075 3761 3399 3834 praabuerit
3418 3762 3445 3817 ?
3468 3763 3620 3819 Dicit
3638 3778 3773 3834 ergo
3797 3778 3811 3820 :

2160 3850 2223 3905 in
2254 3851 2414 3905 hunc
2444 3849 2626 3904 ﬁnem
2684 3849 2957 3920 permisit
3009 3855 3066 3905 te
3121 3865 3369 3923 regnare
3402 3856 3467 3907 ut
3494 3866 3814 3924 appaream

2157 3937 2541 4011 longanimis.

2229 4027 2373 4082 88!
2416 4046 2446 4075 «
2480 4030 2682 4096 Itaque
2714 4025 2886 4095 cujus
2916 4026 3043 4083 vult
3072 4026 3411 4085 miseretur.
3451 4050 3479 4079 »
3514 4035 3625 4086 etc.
3647 4029 3816 4089 Illius

2158 4116 2474 4172 miseretur
2506 4116 2607 4188 qui
2641 4116 3024 4173 miseratione
3047 4115 3263 4189 dignus
3295 4123 3384 4174 est
3418 4134 3431 4173 :
3458 4118 3671 4175 durum
3708 4136 3816 4178 au-

2159 4212 2279 4261 tem
2315 4211 2373 4261 et
2401 4212 2836 4268 contumacem.
2871 4206 3087 4263 durum
3119 4222 3249 4263 esse
3279 4208 3592 4280 permittit.
3615 4211 3815 4280 Neque

2159 4297 2319 4353 enim
2335 4296 2548 4367 judicii
2572 4313 2835 4368 prmsens
2864 4302 3096 4369 tempus
3115 4302 3223 4362 est,
3245 4298 3348 4354 sed
3380 4298 3569 4354 civilis
3589 4300 3813 4373 politiae

2157 4402 2226 4442 ac
2249 4386 2541 4442 libertatis
2564 4386 2792 4444 arbitrii
2808 4388 3068 4444 .Obdurat
3088 4393 3312 4453 autem,
3344 4388 3454 4444 hoc
3478 4390 3812 4457 est,durum

2159 4492 2287 4532 esse
2307 4477 2825 4547 sinit.permittens
2848 4477 2921 4533 ad
2945 4477 3173 4533 arbitrii
3193 4476 3549 4534 libertatem.
3577 4502 3598 4526 ι
3625 4480 3811 4546 Quem

2070 4570 2354 4647 Dautem
2398 4566 2522 4621 vult
2578 4566 2908 4622 obdurat.»
2965 4596 3034 4608 -
3088 4568 3426 4639 Tyrannum
3479 4570 3810 4642 [Egyptuum

2155 4655 2302 4711 adeo
2326 4654 2509 4711 fuisse
2527 4655 2905 4721 obduratum,
2930 4672 3051 4712 non
3073 4660 3163 4712 est
3182 4656 3636 4730 intelligendum
3652 4660 3811 4732 quod

2157 4743 2353 4799 divino
2385 4745 2637 4800 consilio
2664 4745 2725 4799 in
2753 4746 2883 4815 ejus
2905 4744 3165 4801 animam
3191 4746 3385 4817 posita
3415 4746 3491 4803 sit
3517 4746 3806 4807 durities:

2157 4835 2260 4892 sed
2293 4835 2451 4907 quod
2494 4834 2765 4891 voluntas
2797 4835 2870 4891 ob
2927 4835 3379 4894 inclinationem
3423 4837 3500 4894 ad
3558 4840 3807 4909 malum,

2156 4940 2278 4980 non
2310 4925 2639 4996 susceperit
2668 4940 3003 4980 sermonem
3035 4926 3135 4997 qui
3168 4926 3448 4983 duritiem
3491 4929 3807 4985 emolliret.

2156 5043 2223 5054 —
2254 5013 2574 5068 Obduravit
2604 5014 2757 5068 Deus
2802 5013 3193 5081 Pharaonem,
3254 5014 3704 5088 longanimitate
3735 5030 3805 5071 ac

2158 5103 2435 5175 supplicii
2494 5103 2836 5161 detentione
2894 5121 3117 5178 augens
3169 5105 3331 5162 illius
3384 5104 3696 5167 malitiam,
3736 5107 3802 5160 ut

2156 5191 2407 5249 adaucta
2430 5192 2492 5248 in
2525 5199 2854 5250 extremum
2870 5210 3057 5267 usque
3076 5194 3399 5253 terminum
3428 5193 3591 5250 illius
3610 5192 3797 5266 pravi-

2155 5287 2296 5351 tate,
2319 5282 2559 5355 justitia
2582 5283 2769 5342 divini
2790 5285 3007 5359 judicii
3038 5286 3102 5345 in
3129 5286 3326 5362 ipsum
3355 5288 3657 5359 appareat.

2225 5575 2322 5645 IX,
2350 5578 2529 5634 19-21.
2557 5599 2585 5628 ‹‹
2609 5578 2776 5635 Dices
2804 5593 2941 5652 ergo
2964 5577 3112 5636 mihi
3138 5594 3151 5633 :
3175 5577 3327 5646 Quid
3356 5578 3551 5639 adhuc
3599 5579 3802 5656 queri-

2155 5670 2250 5724 tur
2263 5666 2291 5723 ?
2306 5666 2593 5726 voluntati
2616 5668 2775 5737 enim
2790 5668 2920 5741 ejus
2934 5668 3067 5744 quis
3084 5669 3325 5729 restitit?
3345 5671 3584 5744 Atqui,o
3599 5671 3775 5731 homo
3783 5709 3807 5753 ,_
