4126 6256
465 377 583 439 515

456 624 485 653 ››
518 601 867 675 ﬁgmentum
886 599 938 654 ei
964 599 1061 670 qui
1084 615 1143 654 se
1173 598 1360 654 ﬁnxit:
1381 597 1532 663 Quid
1555 613 1647 653 me
1671 598 1751 652 ita
1774 595 1963 652 fecisti
1981 595 2104 650 ?An

460 712 489 741 ‹‹
520 687 1630 761 nonhabetpotestatemﬁguluslutiex
1663 685 1871 742 eadem
1910 700 2107 740 massa

458 804 485 832 α
520 783 734 846 facere,
760 780 922 836 aliud
943 779 1182 852 quidem
1212 795 1310 833 vas
1342 779 1402 833 in
1434 779 1743 845 honorem,
1776 775 1939 833 aliud
1967 792 2102 830 vero

471 893 500 922 «
533 871 593 927 in
621 869 1009 941 ignominiam
1047 868 1073 922 ?
1105 890 1132 917 ››

527 963 826 1031 Tanquam
861 975 930 1014 ex
961 958 1351 1030 consequenti
1383 956 1650 1012 fortassis
1684 955 1846 1011 dices
1883 972 1895 1010 :
1951 955 2100 1020 Quid

455 1067 589 1122 ergo
621 1049 919 1120 reliquum
951 1054 1040 1102 est
1061 1047 1217 1118 apud
1242 1064 1348 1101 nos
1379 1045 1406 1100 ?
1435 1047 1508 1102 Ut
1529 1045 1816 1117 quidjam
1845 1061 2099 1115 conque-

451 1141 601 1197 ritur
632 1145 688 1194 et
721 1138 944 1210 punit?
975 1139 1117 1192 Nam
1150 1137 1282 1208 quis
1314 1137 1537 1191 resistit
1570 1137 1698 1205 ejus
1749 1133 1998 1190 consilio
2032 1151 2098 1189 ac

449 1228 788 1287 voluntati?
818 1227 1040 1282 Deinde
1083 1244 1148 1282 os
1180 1227 1301 1280 illis
1334 1226 1570 1280 obturat
1609 1224 1709 1296 qui
1743 1229 1955 1280 cuncta
1999 1223 2094 1278 Dei

448 1337 631 1394 opera
647 1317 1251 1390 voluntinquirere,et
1275 1333 1480 1373 eorum
1507 1321 1665 1371 certe
1689 1315 1950 1370 rationes
1964 1331 2094 1385 qua:

450 1411 578 1483 ipse
609 1409 749 1464 facit
777 1423 1152 1481 cognoscere.
1186 1407 1269 1462 Ob
1313 1421 1400 1474 ea,
1435 1406 1648 1477 inquit,
1705 1422 1836 1476 qum
1891 1404 2091 1470 discis,

450 1501 668 1573 gratias
701 1497 872 1564 habe,
905 1503 1147 1568 propter
1187 1496 1291 1551 illa
1314 1512 1446 1550 vero
1472 1511 1602 1566 quin
1632 1495 1867 1568 ignoras
1899 1510 1972 1548 ne
2005 1493 2096 1549 di-

454 1589 680 1656 scieris,
714 1604 906 1659 neque
937 1587 1211 1658 exquiras
1242 1591 1343 1642 aut
1374 1585 1605 1641 curiose
1639 1583 1940 1649 scruteris,
1964 1598 2092 1638 cer-

454 1679 681 1734 tissime
729 1692 1092 1748 cognoscens
1150 1675 1308 1746 quod
1331 1675 1494 1746 juste
1551 1678 1830 1743 rectaque
1864 1672 2090 1727 ratione

448 1766 750 1840 procedat,
786 1781 1128 1836 quanquam
1161 1770 1224 1818 tu
1256 1779 1495 1819 causam
1527 1761 1859 1834 ignores.Et
1890 1777 2088 1832 quan-

1583 370 1992 433 (ECUMENII
2036 368 2344 431 TBICC/E
2387 371 2740 434 EPISCOPI

466 532 492 564 α
506 515 567 567 tu
582 510 713 582 quis
727 525 788 565 es
804 508 902 580 qui
923 523 990 564 ex
1004 505 1246 564 adverso
1265 503 1627 578 respondeas
1641 503 1790 561 Deo?
1804 503 1934 560 Num
1946 502 2068 560 dice

2182 512 2419 577 θρωπε,
2487 504 2548 558 ab
2615 502 2699 568 τίς
2767 505 2818 560 εἶ
2880 506 2908 560 6
2975 502 3509 581 ἀνταποκρινόμενος

3762 373 3867 435 516

3590 507 3675 576 τῷ
3735 507 3864 577 θεῷ,

2219 593 2310 661 Μὴ
2373 591 2485 668 ἐρεῖ
2539 593 2600 648 τὸ
2663 591 2893 666 πλάσμα
2949 599 3028 666 τῷ
3083 592 3368 650 πλάσαντι·
3397 594 3462 648 Τί
3501 614 3573 666 με
3619 592 3866 664 ἐποίησας

2217 680 2432 745 οὕτως,’
2499 684 2566 740 Ἢ
2646 682 2743 738 οὐκ
2817 678 2936 764 ἔχει
3029 684 3268 756 ἐξουσίαν
3337 685 3363 739 6
3430 683 3715 758 κεραμεὺς
3783 689 3870 739 τοῦ

3071 777 3387 856 φυράματος
3480 781 3746 845 ποιῆσαι,
3813 776 3866 831 τὸ

2791 505 2818 526 ,ν

2213 771 2419 842 πηλοῦ,
2498 773 2557 828 ἐκ
2629 779 2727 830 τοῦ
2804 775 2968 830 αὐτοῦ

2214 861 2308 934 μὲν
2339 863 2416 926 εἷς
2444 865 2612 936 τιμὴν
2642 868 2850 932 σκεῦος,
2884 866 2946 920 τὸ
2975 863 3031 921 δὲ
3064 865 3140 927 είς
3170 865 3389 938 ἀτιμίαν
3419 885 3432 933 ;

2279 950 2370 1012 Ὠς
2403 950 2451 1021 ἐξ
2484 950 2813 1016 ἀκολουθίας
2857 951 2988 1018 ἴσως
3044 952 3211 1027 ἐρεῖς·
3269 954 3334 1009 Τί
3390 952 3488 1008 οὖν
3523 953 3727 1008 λοιπὸν
3756 955 3874 1029 παρ’

2209 1041 2356 1110 ἡμᾶς
2383 1059 2396 1109 ;
2429 1039 2489 1094 Τί
2519 1039 2600 1096 ἓτι
2656 1041 2921 1121 μέμφεται
2979 1043 3072 1097 καὶ
3129 1041 3351 1112 κολάζει
3381 1062 3394 1112 ;
3437 1043 3541 1105 Τίς
3574 1044 3683 1120 γὰρ
3716 1043 3869 1098 αὖτοῦ

2209 1129 2519 1192 ἀνθίσταται
2577 1134 2645 1204 τῇ
2707 1129 2886 1206 βουλῇ
2939 1132 3030 1187 καὶ
3088 1137 3166 1204 τῷ
3225 1132 3548 1206 θελήματις
3587 1132 3728 1188 Εἶτα
3759 1132 3868 1187 ἐπι-

2207 1217 2451 1290 στομίζει
2483 1219 2610 1281 τοὺς
2642 1223 2846 1282 πάντας
2879 1219 3137 1284 θέλοντας
3190 1227 3377 1294 μαθεῖν
3406 1221 3438 1277 ἃ
3470 1226 3634 1277 ποιεῖ
3664 1222 3694 1276 6
3726 1221 3866 1288 Θεὸς,

2204 1307 2291 1360 καὶ
2325 1307 2452 1368 τοὺς
2487 1305 2684 1384 λόγους
2733 1308 2906 1364 αὐτῶν
2968 1311 3131 1383 ἤγουν
3189 1315 3295 1366 τῶν
3357 1313 3710 1387 πραγμάτων
3739 1307 3872 1365 είδέο

2204 1417 2310 1452 ναι.
2365 1397 2523 1472 ἰ’πέρ
2581 1398 2684 1472 γὰρ
2745 1398 2818 1453 ὦν
2881 1402 3187 1473 μαρθάνεις,
3249 1400 3438 1480 φησὶν,
3533 1402 3704 1476 χάριν
3761 1398 3867 1476 ἔχε’

2206 1485 2338 1559 ὑπὲρ
2417 1487 2489 1541 ὧν
2565 1485 2802 1562 ἀγνοεῖς,
2885 1491 2960 1562 μὴ
3040 1487 3381 1565 δυσχέραινε,
3475 1492 3558 1564 μή
3645 1489 3868 1558 ἐξέταζε,

2207 1573 2282 1644 μή
2387 1571 2869 1652 πολυπραγμόνει,
2973 1578 3287 1654 γινώσκων,
3385 1575 3867 1655 πληροφορούμε-

2200 1683 2318 1730 νος,
2361 1662 2447 1718 ὅτι
2487 1661 2712 1726 δικαίως
2771 1664 2861 1720 καὶ
2918 1665 3054 1720 κατά
3112 1665 3271 1740 ὀρθὸν
3329 1665 3500 1743 λόγον
3561 1661 3865 1742 προϐαίνει,

2200 1750 2295 1806 κᾶν
2325 1750 2387 1806 σὺ
2416 1753 2542 1814 τοὺς
2584 1750 2788 1828 λόγους
2817 1754 3035 1830 ἀγνοῆς.
3076 1756 3173 1809 Καὶ
3225 1752 3412 1826 ἐπειδὴ
3449 1755 3639 1816 οὕτως
3671 1749 3777 1811 ἔχει
3809 1755 3867 1811 τὸ

449 1839 768 1927 doquidem
800 1855 1015 1909 veritas
1047 1854 1127 1908 ita
1153 1869 1213 1908 se
1246 1852 1443 1919 habet,
1479 1857 1539 1907 tu
1563 1852 1694 1922 quis
1727 1867 1856 1914 es,o
1889 1850 2064 1905 homo

2199 1839 2422 1910 ἀληθὲς,
2457 1865 2484 1892 υ
2523 1843 2598 1897 Σὺ
2647 1844 2731 1903 τίς
2779 1844 2845 1911 εἶ,
2898 1843 2944 1897 ὦ
2995 1842 3269 1918 ἄνθρωπε,
3304 1844 3866 1920 ἀνταποκρινόμενος,

444 1947 545 2018 qui
577 1963 648 2000 ex
677 1945 920 2001 adverso
957 1944 1073 1998 Deo
1105 1941 1427 2014 respondes
1457 1939 1486 1994 ?
1519 1941 1631 1996 hoc
1661 1945 1766 2007 est,
1793 1957 2086 2012 repugnas

443 2051 511 2090 ac
536 2033 802 2089 discutis.
836 2035 904 2086 Et
934 2031 1085 2086 bene
1141 2031 1224 2086 ait
1255 2048 1267 2084 :
1303 2053 1332 2079 «
1364 2032 1445 2086 Tu
1504 2030 1637 2101 quis
1668 2046 1732 2085 es
1770 2032 1792 2084 ἓ
1824 2053 1851 2079 ››
1884 2036 2082 2084 utrum

438 2123 551 2195 ipsi
567 2122 762 2176 socius
793 2137 855 2176 es
881 2121 942 2174 in
974 2119 1440 2191 principatu?an
1462 2118 1955 2190 judexquispiam
1975 2135 2038 2174 es
2059 2118 2088 2174 7

436 2234 464 2263 «
499 2213 646 2268 Num
679 2209 834 2265 dicet
865 2210 1232 2284 figmentum.
1270 2232 1290 2260 ι
1329 2211 1454 2264 Non
1513 2208 1639 2263 haec
1687 2207 1831 2264 dicit
1862 2207 2078 2264 tollens

439 2301 668 2358 arbitrii
702 2299 1062 2366 libertatem,
1099 2299 1346 2354 minime
1393 2298 1678 2372 gentium,
1726 2298 1828 2354 sed
1880 2303 2078 2354 osten-

436 2392 584 2448 dens
606 2390 763 2464 quod
787 2389 1063 2445 omnibus
1086 2388 1278 2444 modis
1302 2389 1418 2444 Deo
1453 2387 1863 2460 obtemperare
1903 2405 2080 2461 opor-

436 2485 573 2549 teat,
631 2493 971 2552 quanquam
1031 2494 1236 2532 eorum
1267 2495 1398 2550 quas
1430 2477 1582 2533 ﬁunt
1623 2477 1884 2534 rationes
1917 2479 2079 2551 igno-

435 2585 675 2626 remus:
717 2568 872 2641 quod
902 2567 962 2622 in
1004 2566 1275 2639 petendis
1307 2573 1408 2622 aut
1439 2583 1557 2621 non
1589 2567 1862 2638 petendis
1893 2583 1927 2622 a
1958 2567 2074 2622 Deo

433 2659 769 2716 rationibus
795 2672 1122 2727 eorumque
1141 2656 1676 2725 contingunt,832
1697 2655 2073 2711 obedientem

434 2765 563 2804 esse
586 2749 859 2803 convenit
879 2744 1382 2817 quemadmodum
1401 2744 1592 2799 lutum
1615 2750 1704 2799 est
1725 2744 1967 2817 ﬁgulo.«
1986 2748 2074 2801 An

431 2854 554 2893 non
579 2836 757 2892 habet
783 2839 1134 2907 potestatem
1167 2833 1380 2905 ﬁgulus
1413 2833 1542 2890 luti.
1578 2855 1605 2882 »
1627 2833 1832 2894 Habet.
1855 2834 2071 2904 inquit,

433 2931 788 3000 potestatem
823 2925 996 2992 Deus,
1028 2924 1127 2995 qui
1170 2924 1387 2979 excitat
1411 2929 1694 2989 mortuos,
1727 2929 1786 2978 ut
1811 2923 1917 2980 hos
1947 2925 2070 2996 qui-

432 3017 569 3074 dem
598 3016 673 3072 ad
703 3015 952 3089 gloriam
985 3013 1360 3078 excitet,illos
1383 3029 1518 3068 vero
1541 3013 1613 3069 ad
1632 3013 2070 3085 confusionem,

427 3107 600 3180 juxta
625 3104 1072 3178 congruentiam
1097 3120 1302 3160 eorum
1335 3120 1466 3174 quze
1481 3103 1551 3160 ab
1574 3119 1934 3177 unoquoque
1963 3104 2068 3160 ho-

431 3198 590 3254 mine
623 3201 752 3252 acta
782 3200 920 3251 sunt
952 3194 1012 3250 in
1045 3193 1177 3248 vita.
1211 3195 1293 3248 lta
1315 3193 1493 3248 habet
1523 3194 1690 3249 divus
1715 3193 2064 3261 Methodius,

426 3285 582 3341 libro
605 3287 680 3339 De
700 3285 1113 3339 resurrectione.
1143 3305 1171 3332 «
1203 3281 1370 3337 Aliud
1393 3283 1635 3354 quidem
1654 3299 1752 3338 vas
1770 3284 1831 3338 in
1875 3283 2059 3339 hono-

424 3390 574 3440 rem,
606 3372 768 3427 aliud
799 3387 934 3426 vero
958 3373 1020 3426 in
1051 3371 1458 3442 ignominiam.
1517 3393 1544 3420 »
1582 3373 1706 3427 Non
1765 3373 1923 3442 quod
1954 3373 2060 3429 bos

424 3461 669 3536 quidem
700 3459 907 3523 bonos,
941 3459 1089 3514 alios
1120 3476 1255 3514 vero
1289 3458 1478 3514 malos
1522 3460 1699 3515 faciat
1750 3461 1918 3516 Deus.
1946 3464 2055 3518 Ne-

423 3565 745 3624 quaquam.
771 3548 873 3604 sed
905 3553 1118 3604 cuncta
1141 3547 1241 3602 Dei
1273 3563 1455 3618 opera
1485 3547 1642 3603 bona
1667 3553 1890 3611 sunt,et
1907 3552 2064 3622 quod

421 3640 495 3699 ad
528 3656 590 3696 se
625 3638 859 3697 attinet.
907 3637 1019 3692 hoc
1059 3642 1170 3700 est,
1196 3636 1369 3708 juxta
1425 3653 1598 3692 suum
1658 3637 1843 3710 ipsius
1877 3639 2064 3694 consi-

419 3730 570 3788 lium
601 3745 668 3784 ac
694 3728 1077 3793 voluntatem,
1131 3741 1340 3781 omnes
1394 3725 1575 3781 vellet
1632 3726 1848 3798 probos
1908 3745 2057 3798 esse,

417 3819 716 3877 studiosos
747 3834 814 3873 ac
846 3815 1051 3872 fideles
1087 3832 1099 3869 :
1135 3815 1237 3871 sed
1267 3815 1443 3872 veluti
1477 3833 1546 3871 ex
1575 3822 1861 3888 potestate
1880 3835 2057 3891 quam

416 3909 596 3966 habet
653 3908 806 3962 Deus
834 3913 900 3962 ut
951 3905 1129 3961 faciat
1171 3920 1302 3976 qum
1359 3904 1629 3968 voluerit,
1658 3906 1767 3960 hoc
1823 3906 1896 3962 ab
1928 3909 2055 3978 ipso

411 3999 637 4054 dictum
671 4002 777 4051 est.
824 3994 1074 4050 Pulchre
1135 4000 1336 4049 autem
1389 4010 1455 4049 ac
1515 3994 1797 4049 decenter
1853 3997 2056 4053 omnia

407 4087 571 4154 facit,
629 4101 972 4158 quanquam
1031 4101 1140 4139 nos
1184 4099 1393 4140 causas
1433 4083 1793 4156 ignoremus,
1846 4092 1904 4142 et
1931 4088 2046 4144 ait:

407 4175 920 4243 Quemadmodum
973 4173 1188 4244 ﬁgulus
1244 4172 1404 4244 quod
1452 4173 1574 4228 vult
1621 4173 1779 4241 facit,
1823 4175 2046 4233 lutum-

411 4283 524 4339 que
555 4265 708 4322 nihil
739 4262 1091 4321 contradicit
1121 4268 1224 4318 aut
1253 4262 1585 4317 sciscitatur
1613 4279 1627 4317 :
1660 4263 1739 4318 ita
1771 4281 1963 4338 neque
1988 4275 2047 4325 tu

2200 1926 2496 1999 τουτέστιν,
2529 1932 2557 1986 6
2587 1931 3040 2005 ἀντιτασσόμενος
3095 1933 3185 1988 καὶ
3244 1933 3471 2010 ἐρευνῶν
3508 1953 3525 2003 ς
3589 1934 3773 1989 Καλὸν
3818 1930 3869 1988 δέ

2197 2018 2281 2088 τὸ,
2319 2044 2338 2068 ι
2378 2018 2452 2074 Σὺ
2481 2019 2564 2082 τίς
2595 2021 2683 2089 εἶ;
2722 2044 2749 2071 ››
2784 2022 3072 2090 Κοινωνὸς,
3109 2023 3298 2100 φησὶν,
3331 2023 3383 2078 εἷ
3408 2031 3522 2094 τῆς
3556 2022 3746 2102 ἀρχῆς
3772 2021 3866 2076 αύ-

2193 2113 2271 2180 τῷ
2301 2127 2314 2178 ;
2365 2107 2511 2165 άλλά
2554 2113 2750 2185 κριτής
2807 2133 2891 2174 τις
2944 2112 3032 2180 el;
3086 2138 3113 2164 «
3147 2115 3235 2184 Μὴ
3271 2112 3384 2186 ἐρεῖ
3411 2115 3472 2170 τὸ
3526 2112 3805 2186 πλάσμα;
3837 2136 3863 2163 κ

2193 2197 2271 2256 Οὐ
2303 2200 2364 2254 τὸ
2394 2199 2732 2271 αὑτεξουσίον
2761 2200 2994 2276 ἀναιρῶν
3054 2201 3202 2278 λέγει
3233 2207 3422 2271 ταῦτα,
3453 2201 3648 2282 ἔπαγε
3678 2205 3691 2260 ί
3725 2201 3861 2258 ἀλλὰ

2193 2284 2401 2351 δεικνὺς
2459 2291 2532 2352 ὡς
2591 2297 2720 2345 πᾶσι
2780 2291 3006 2366 τρόποις
3066 2294 3177 2368 χρὴ
3239 2292 3523 2357 πείθεσθαι
3583 2297 3670 2366 τῷ
3724 2296 3854 2362 Θεῷ.

2189 2377 2285 2432 κᾶν
2343 2378 2628 2454 ἀγνοῶμεν
2689 2380 2814 2442 τοὺς
2866 2379 3065 2457 λόγους
3116 2386 3225 2438 τῶν
3284 2383 3626 2460 γινομένων,
3683 2383 3758 2440 ὡς
3806 2380 3856 2436 ἐν

2189 2473 2268 2541 τῷ
2298 2490 2358 2545 γε
2410 2469 2652 2526 ἀπαιτεῖν
2711 2475 2821 2526 τῶν
2875 2471 3173 2546 γινομένων
3229 2472 3446 2535 εὐθύνας
3503 2475 3608 2530 τὸν
3665 2466 3849 2540 Θεὸνῆ

2195 2560 2269 2631 μή
2311 2558 2579 2628 ἀπαιτεῖν,
2639 2562 2925 2616 πεπεῖσθαι
2983 2564 3272 2636 προσήκει,
3331 2563 3589 2638 καθάπερ
3618 2564 3644 2620 6
3675 2557 3844 2631 πηλὸς

2187 2653 2267 2719 τῷ
2296 2655 2542 2722 κεραμεῖ.
2577 2673 2605 2699 ‹‹
2638 2650 2709 2706 Ἥ
2741 2649 2841 2704 οὐκ
2894 2647 3034 2730 ἔχει,
3070 2649 3310 2722 ἐξουσίαν
3339 2672 3353 2721 ;
3386 2675 3412 2703 ιι
3449 2653 3644 2728 Ἔχει,
3677 2649 3844 2731 φησὶν,

2187 2735 2429 2806 ἐξουσίαν
2479 2738 2507 2792 6
2561 2738 2690 2800 Θεὸς
2751 2739 2778 2793 6
2837 2737 3064 2814 ἐγείρων
3119 2739 3248 2803 τοὺς
3305 2739 3562 2816 νεκροὺς,
3601 2739 3727 2802 τοὺς
3757 2739 3846 2811 μὲν

2185 2825 2261 2881 εἷς
2314 2823 2488 2896 δόξαν,
2547 2827 2675 2891 τοὺς
2733 2825 2790 2883 δὲ
2845 2828 2922 2890 είς
2980 2828 3246 2906 αἰσχύνην
3305 2828 3538 2906 ἐγεῖραι,
3592 2831 3726 2886 κατά
3755 2829 3844 2896 τήν

2182 2914 2474 2990 ἀναλογίαν
2509 2921 2617 2972 τῶν
2647 2917 2855 2990 ἑκάστῳ
2913 2918 3185 2994 ἀνθρώπῳ
3238 2915 3630 2995 βεϐιωμένων.
3661 2918 3836 2978 Οὕτως

2183 3009 2212 3064 6
2245 3007 2296 3064 ἐν
2328 3009 2506 3084 ἁγίοις
2539 3007 2806 3076 Μεθόδιος
2850 3011 2902 3066 ἐν
2963 3015 3044 3085 τῷ
3097 3013 3225 3087 Περὶ
3285 3011 3641 3075 ἀναστάσεως
3674 3012 3834 3086 λόγῳ.

2183 3119 2209 3146 (ί
2247 3097 2314 3153 Ὀ
2357 3097 2452 3169 μὶν
2500 3096 2576 3160 εἷς
2643 3099 2810 3171 τιμὴν
2881 3103 3098 3168 σκεῦοσ,
3166 3099 3196 3154 6'
3261 3096 3318 3155 δέ
3383 3099 3459 3161 είς
3531 3099 3832 3174 ἀτιμίαν.»

2179 3185 2294 3243 Ούκ
2345 3183 2531 3257 ἐπειδὴ
2587 3187 2716 3249 τοὺς
2772 3187 2865 3261 μὶν
2918 3187 3174 3263 ἀγαθοὺς,
3204 3187 3333 3251 τοὺς
3367 3185 3422 3244 δέ
3454 3189 3518 3245 ού
3558 3188 3832 3249 τοιούτους

2172 3280 2321 3331 ποιεῖ
2350 3276 2378 3331 6
2410 3276 2562 3346 Θεὸς,
2621 3274 2838 3352 ἅπαγεί
2890 3273 3040 3333 ἀλλὰ
3094 3277 3270 3334 πάντά
3333 3279 3426 3352 μέν
3477 3280 3549 3335 τὰ
3583 3283 3678 3335 τοῦ
3707 3280 3828 3335 Θεοῦ

2170 3369 2408 3447 χρηστὰ,
2441 3369 2575 3444 πρὸς
2603 3369 2808 3431 πάντας
2865 3367 3040 3437 κοίνά,
3097 3369 3188 3424 καὶ
3249 3368 3312 3426 τὸ
3361 3390 3424 3447 γε
3459 3371 3604 3440 ἧκον
3637 3369 3711 3431 είς
3737 3367 3825 3423 αὖ-

2168 3458 2282 3527 τὸν,
2313 3456 2558 3513 τουτέστι
2607 3457 2745 3514 γατά
2799 3459 2900 3528 τὴν
2961 3459 3154 3516 ἑαυτοῦ
3217 3459 3424 3536 βουλὴν
3459 3459 3558 3515 καί
3594 3459 3817 3531 θέλησιν,

2172 3542 2435 3602 ἐϐούλετο
2501 3547 2699 3610 πάντας
2786 3545 3119 3622 εὐδοκιμεῖν,
3185 3549 3276 3604 καὶ
3343 3547 3628 3624 ἐναρέτους
3695 3549 3813 3605 εἶναι

2170 3637 2259 3693 καὶ
2314 3638 2558 3700 πιστούς.
2621 3637 2784 3695 Ἀλλ’
2831 3639 2906 3702 ὡς
2955 3640 3089 3715 πρὸς
3132 3639 3231 3708 τὴν
3275 3639 3515 3710 ἐξουσίαν
3548 3642 3620 3712 ἢν
3649 3635 3807 3714 ἔχειὸ

2169 3728 2297 3789 Θεὸς
2330 3733 2503 3783 ποιεῖν
2540 3726 2571 3782 ἃ
2603 3726 2884 3805 βούλεται,
2943 3733 3109 3784 τοῦτο
3143 3729 3292 3802 αὐτῷ
3324 3727 3537 3805 εἴρηται
3601 3730 3804 3791 Ηάντω;

2170 3822 2228 3880 δὲ
2256 3825 2442 3888 καλῶς
2471 3827 2560 3882 καὶ
2593 3827 2912 3902 πρεπόντως
2942 3833 3112 3896 ποιεῖ,
3143 3827 3238 3883 κᾶν
3269 3829 3433 3901 ἡμεῖς
3463 3827 3591 3890 τοὺς
3621 3827 3797 3900 λόγους

2166 3913 2471 3990 ἀγνοῶμεν,
2502 3917 2594 3971 καὶ
2627 3938 2812 3989 φησιν.
2845 3919 3046 3990 ’Ὠσπερ
3075 3917 3103 3973 6
3130 3915 3399 3992 κεραμεὺς
3423 3917 3452 3972 6'
3477 3915 3614 3981 θέλει
3643 3913 3784 3976 ποιεῖ,

2162 4003 2250 4059 καὶ
2285 4006 2313 4060 ὁ
2345 4003 2521 4072 πηλὸς
2574 4003 2724 4062 οὐδὲν
2753 4005 3028 4082 ἀντιλὲγει
3087 4006 3121 4077 ἢ
3182 4006 3594 4083 περιεργάζεται·
3624 4000 3775 4058 οὕτως

2165 4091 2305 4168 μηδὲ
2337 4095 2418 4166 σὺ,
2453 4095 2607 4173 φησὶ,
2640 4098 3021 4172 περιεργάζου,
3157 4096 3362 4172 ἀγνοῶν
3413 4093 3726 4172 δυσχέραινε,
3754 4084 3782 4141 9

2159 4180 2218 4238 ἄν
2249 4185 2276 4239 6
2309 4183 2438 4246 Θεός
2471 4206 2528 4240 σε
2556 4185 2766 4258 ἀγνοεῖν
2828 4183 3124 4258 βούληται.
3178 4185 3283 4243 Καὶ
3337 4185 3528 4261 ἅγνοιά
3563 4205 3647 4240 σοι
3672 4178 3789 4235 πάν·

2155 4293 2262 4335 τως
2295 4272 2574 4351 συμφέρει·
2607 4272 2644 4342 ἤ
2677 4274 2779 4351 γὰρ
2838 4271 2897 4328 ἂν
2954 4271 3248 4350 ἐδιδάχθης
3295 4274 3370 4338 εἰς
3403 4274 3437 4331 ἃ
3467 4273 3566 4330 οὐκ
3596 4271 3798 4347 ἔμαθες.

410 4357 644 4414 curiose
668 4356 950 4411 scrutaris
990 4360 1092 4409 aut
1119 4351 1479 4440 discutieris
1508 4351 1666 4422 quod
1699 4353 1801 4409 illa
1831 4356 2066 4428 ignores
2097 4380 2228 4435 quas
2260 4366 2414 4420 Deus
2448 4371 2500 4420 te
2533 4365 2787 4421 voluerit
2839 4365 3135 4439 ignorare.
3192 4366 3425 4423 Etenim
3482 4359 3804 4440 ignorantia

408 4445 515 4501 tibi
550 4445 793 4502 omnino
824 4444 984 4499 utilis
1016 4447 1106 4497 est
1137 4458 1149 4495 :
1175 4440 1395 4511 alioqui
1419 4439 1664 4495 edoctus
1687 4457 1848 4499 esses
1871 4446 1929 4502 in
1954 4447 2046 4504 his
2079 4469 2212 4524 quas
2243 4469 2357 4508 nor
2393 4453 2780 4526 intelligeres.

476 4534 571 4600 IX,
603 4535 783 4590 22-24.
817 4558 837 4581 σι
857 4531 1023 4600 Quod
1049 4531 1095 4586 si
1121 4531 1273 4586 Deus
1295 4529 1496 4584 volens
1519 4530 1834 4586 ostendere
1865 4534 2034 4605 iram,

2221 4539 2285 4598 Et
2361 4536 2418 4596 δέ
2493 4539 2665 4604 θέλων
2739 4541 2768 4597 6
2843 4541 2973 4605 Θεὸς
3046 4538 3374 4614 ἐνδείξασθαι
3442 4541 3542 4610 τήν
3611 4540 3799 4618 ὀργὴν,

409 4645 429 4672 α
453 4630 510 4679 et
523 4631 723 4679 notam
739 4623 933 4679 facere
949 4621 1267 4694 potentiam
1281 4635 1467 4680 suam,
1493 4618 1828 4676 tulitmulta
1845 4620 2048 4697 longa-

406 4732 436 4764 «
461 4713 731 4767 nimitate
748 4727 883 4767 vasa
905 4711 1006 4766 ira)
1027 4715 1311 4782 apparata
1331 4708 1391 4763 in
1412 4707 1716 4764 interitum
1740 4729 1754 4777 ;
1777 4717 1834 4765 et
1855 4719 1922 4767 ut
1937 4731 2042 4771 no-

407 4822 437 4853 ι(
469 4808 558 4856 tas
577 4801 795 4857 faceret
807 4801 1036 4856 divitias
1049 4800 1248 4874 gloriae
1265 4816 1384 4853 suae
1399 4798 1456 4852 in
1471 4814 1606 4852 vasa
1620 4799 2043 4862 misericordia:

405 4913 433 4943 «
471 4907 601 4965 quae
633 4891 983 4964 praeparavit
1010 4891 1070 4946 in
1099 4889 1345 4963 gloriam
1380 4907 1392 4944 :
1429 4905 1577 4961 quos
1608 4895 1665 4944 et
1695 4894 1938 4959 vocavit,
1959 4895 2046 4951 ni-

406 5004 428 5032 ι
466 4981 682 5038 mirum
709 4996 818 5035 nos
847 4997 860 5035 :
899 4996 1018 5036 non
1050 4978 1243 5034 solum
1276 4995 1344 5034 ex
1373 4977 1609 5048 Iudaeis,
1643 4997 1842 5036 verum
1863 4984 2041 5041 etiam

401 5095 430 5123 ε(
466 5089 535 5129 ex
557 5069 854 5147 gentibus.
889 5090 917 5119 »

470 5160 1003 5238 Longanimitatem
1034 5157 1218 5213 voluit
1247 5155 1582 5227 ostendere,
1619 5160 1720 5215 sed
1755 5162 1894 5234 quia
1939 5165 2038 5221 Dei

394 5251 850 5326 longanimitate
869 5249 943 5306 ad
962 5249 1141 5304 vitam
1159 5246 1512 5317 flagitiosum
1528 5247 1748 5306 abusus
1764 5252 2043 5315 est,dein-

397 5357 536 5416 ceps
566 5342 744 5398 etiam
777 5340 926 5398 iram
960 5335 1240 5394 ostendit.
1267 5360 1285 5384 ι
1313 5335 1690 5408 Videjudicia
1721 5339 1843 5396 Dei.
1865 5362 1894 5392 n
1921 5343 2040 5399 Αιι.

398 5437 501 5488 ter.
535 5431 646 5488 Per
673 5433 784 5488 hoc
814 5428 975 5504 quod
1025 5428 1111 5485 ait
1165 5444 1178 5484 :
1209 5448 1239 5479 cc
1266 5425 1432 5494 Quod
1463 5426 1510 5483 si
1537 5427 1690 5486 Deus
1719 5429 1922 5488 volens
1942 5449 2039 5490 os-

399 5518 666 5582 tendere,
700 5519 1021 5594 »autprius
1036 5521 1453 5590 argumentum
1481 5515 1760 5575 declarat.
1771 5520 2041 5594 pluribus

397 5607 550 5668 illud
605 5608 862 5665 dilatans
919 5625 987 5664 ac
1015 5608 1432 5672 manifestans,
1465 5612 1568 5662 aut
1595 5611 1832 5682 proprie
1866 5612 1939 5668 ad
1971 5631 2042 5672 ea

403 5715 535 5776 qum
565 5697 723 5756 dicta
755 5702 896 5756 sunt
924 5697 1176 5755 alterum
1206 5695 1455 5763 inducit,
1488 5698 1644 5769 quod
1690 5699 1884 5760 eidem
1918 5719 2040 5761 ser-

2157 4629 2246 4683 καὶ
2304 4629 2560 4705 γνωρίσαι
2621 4631 2683 4686 τὸ
2745 4627 2965 4688 δυνατὸν
3027 4632 3214 4702 αὑτοῦ,
3276 4633 3502 4707 ἤνεγκεν
3563 4629 3619 4687 ἐν
3674 4625 3800 4685 πολ·

2159 4715 2231 4792 λῇ
2313 4721 2662 4793 μακροθυμίᾳ
2737 4719 2900 4792 σκεύη
2979 4721 3149 4798 ὀργῆς
3220 4720 3634 4798 κατηρτισμένα
3730 4715 3799 4776 εἷς

2155 4806 2451 4863 ἀπώλειανο
2529 4810 2616 4864 καὶ
2717 4807 2810 4864 ’ίνα
2881 4810 3122 4886 γνωρίσῃ
3197 4809 3289 4866 τὸν
3397 4811 3638 4867 πλοῦτον
3709 4812 3800 4875 τῆς

2156 4893 2317 4968 δόξης
2393 4897 2559 4954 αὐτοῦ
2634 4897 2722 4954 ἐπὶ
2799 4897 2961 4970 σκεύη
3031 4897 3216 4961 ἐλέους
3289 4897 3322 4954 ἃ
3397 4901 3795 4975 προητοίμασεν

2154 4985 2230 5046 εἷς
2307 4984 2485 5057 δόξαν
2562 4988 2656 5050 οὕς
2728 4987 2817 5043 καὶ
2892 4986 3167 5059 ἐκάλεσεν,
3243 4990 3410 5062 ἡμᾶς,
3501 4987 3562 5044 ού
3644 4986 3796 5063 μόνον

2153 5074 2205 5146 ἐξ
2234 5072 2537 5144 Ἰουδαίων,
2568 5075 2713 5133 ἀλλά
2745 5078 2835 5133 καὶ
2865 5076 2914 5148 ἐξ
2948 5077 3130 5141 ἐθνῶν.

2226 5166 2614 5241 Μακροθυμίαν
2672 5165 2940 5238 ἠθέλησεν
3000 5164 3352 5239 ἐνδείξασθαι,
3422 5167 3547 5226 ἀλλ’
3615 5161 3791 5230 ἐπειδῆ

2153 5252 2228 5318 είς
2283 5253 2545 5312 ἀπόνοιαν
2601 5259 2668 5330 τῇ
2729 5256 3077 5332 μακροθυμίᾳ
3134 5261 3231 5314 τοῦ
3305 5257 3439 5314 Θεοῦ
3499 5256 3790 5334 ἐχρήσατο,

2151 5343 2240 5403 καὶ
2297 5342 2492 5402 λοιπὸν
2536 5343 2720 5424 ’ὀργὴν
2792 5342 3104 5419 ἐνεδείξατο.
3163 5371 3192 5400 α
3251 5349 3389 5421 Ὅρα
3445 5347 3511 5403 τὰ
3565 5344 3794 5422 κρίματα

2149 5439 2247 5491 τοῦ
2275 5437 2429 5492 Θεού.
2466 5457 2494 5487 ι)
2541 5467 2607 5480 -
2659 5435 2759 5492 Καὶ
2809 5432 3018 5499 ἄλλως.
3068 5436 3282 5514 [ΦΩΤ.]
3331 5437 3430 5502 Τὸ.
3474 5460 3503 5488 ‹‹
3537 5435 3600 5494 Εἰ
3631 5431 3687 5492 δὲ
3712 5429 3792 5488 θέο

2150 5522 2264 5582 λων
2295 5524 2323 5579 6
2355 5522 2486 5586 Θεὸς
2531 5521 2881 5598 ἐνδείξασθαι,
2915 5548 2945 5577 »ι
2988 5524 3023 5596 ἢ
3073 5529 3174 5583 τοῖ’)
3222 5525 3328 5604 πρὸ
3379 5523 3547 5582 αὐτοῦ
3588 5523 3786 5598 ἐπιχειο

2150 5615 2401 5690 ρήματός
2457 5611 2600 5669 ἐστιν
2657 5613 3055 5692 ἐξαγγελτικὸν,
3115 5610 3206 5670 διὰ
3273 5611 3544 5671 πλειόνων
3621 5612 3785 5668 ἐκεῖνο

2150 5701 2428 5761 πλατύνον
2480 5702 2569 5762 καὶ
2603 5702 3041 5786 ἆπαγγέλλον,,ἣ
3074 5701 3230 5768 ίδίως
3263 5704 3398 5782 πρὸς
3425 5708 3543 5766 τοῖς
3573 5696 3786 5782 εἶρημέσ
