4126 6256
242 326 355 391 θΠ

1370 323 1785 387 COMMENT.
1832 322 1914 386 IN
1955 322 2212 386 EPIST.
2260 325 2361 387 AD
2403 324 2586 388 ROM.

3578 327 3699 391 518

255 482 367 525 νοις
398 457 598 534 ἕτερον
646 462 891 541 εἰσάγει,
945 460 1021 524 εἷς
1076 462 1175 530 τήν
1234 457 1399 528 αὐτὴν
1459 456 1710 514 ὑπόθεσιν
1759 477 1943 513 συντεο

2058 460 2175 516 viat
2204 461 2525 534 proposito.
2560 460 2849 534 Oportuit,
2901 460 3119 534 inquit,
3180 465 3384 518 notam
3437 462 3695 536 ﬁeripu-

263 553 420 611 λοῦν.
482 549 672 621 ἼΕδει,
741 552 900 626 φησὶ,
984 551 1347 627 γνωρισθῆναι
1414 549 1513 617 τήν
1578 548 1943 621 τιμωριτικήν

275 642 505 716 δύναμιν
566 645 673 698 τοῦ
736 645 897 709 Θεοῦ,
953 634 1062 695 ἔδει
1121 640 1220 707 τὴν
1280 632 1817 713 μακρ(›θυμίαν,ἕδει
1855 638 1946 705 τήν

282 731 701 816 φιλανθρωπίαν
766 732 857 786 καὶ
918 731 978 786 τὸ
1017 725 1193 792 ἔλεος,
1252 729 1342 783 καὶ
1401 729 1499 797 τὴν
1540 725 1746 816 ἄφατον
1780 724 1947 816 αὐτοῦ

290 814 452 894 δόξαν
516 823 606 877 καὶ
661 818 909 891 πολλήν.
963 824 1141 877 Ταῦτα
1201 816 1258 873 δὲ
1313 817 1472 873 πόθεν
1534 814 1843 885 δείκνυται;
1889 815 1948 870 ἐκ

290 919 405 969 τῶν
465 909 767 968 δοκούντων
825 914 941 971 τοῖς
997 906 1234 969 πολλοῖς
1292 903 1643 983 παραλόγων.
1705 907 1797 960 ἰικ
1850 909 1946 959 τοῦ

291 1003 521 1079 Φαραὼ,
553 1002 616 1057 ἐκ
643 1005 739 1055 τοῦ
771 999 995 1055 καλέσαι
1024 999 1117 1055 τὸν
1174 998 1236 1053 οὐ
1296 998 1451 1066 Ααὸν,
1484 996 1638 1064 λαὸν,
1670 994 1731 1051 ἐκ
1756 1000 1854 1050 τοῦ
1882 995 1946 1050 τὸ

278 1091 648 1165 κατέλειμμα
709 1096 970 1157 σωθῆναι,
1055 1088 1146 1143 καὶ
1223 1086 1283 1142 ἐκ
1336 1090 1447 1140 τῶν
1522 1083 1941 1159 παραπλησίων.

276 1185 445 1238 Ὥστε
504 1181 554 1251 ἐξ
619 1181 692 1235 ὧν
753 1180 806 1235 οἱ
863 1179 1171 1257 ἀγνώμονες
1227 1174 1439 1232 ἀδικίαν
1480 1175 1947 1252 καταψηφίζονται

282 1276 387 1327 τοῦ
412 1275 571 1337 Θεοῦ,
631 1270 683 1325 οἱ
748 1268 1087 1343 εὐγνώμονες
1144 1264 1359 1342 μεγαλα
1413 1263 1803 1341 κερδαίνουσιν.
1836 1264 1950 1321 Οὐκ

294 1360 404 1435 ἄρα
430 1363 467 1431 ἡ
497 1365 599 1416 τῶν
645 1360 985 1436 πραγμάτων
1040 1357 1196 1435 φύσις
1249 1352 1366 1433 ἕχεί
1395 1355 1457 1410 τὸ
1490 1354 1718 1430 ἄπορον,
1754 1351 1879 1409 ἀλλ’
1910 1358 1945 1424 ἡ

294 1455 409 1506 τῶν
435 1447 897 1525 ἀγνωμονούντων
928 1449 988 1502 τὸ
1023 1446 1376 1525 βλάσφημον.

366 1538 612 1599 Ἄλλως.
645 1538 746 1609 Τὸ,
788 1561 813 1591 ι
838 1536 900 1594 Εἰ
930 1534 987 1591 δὲ
1012 1536 1208 1607 θέλων,
1236 1561 1262 1587 ››
1283 1535 1373 1591 καὶ
1405 1537 1549 1609 ἑξῆς,
1578 1538 1685 1590 τῶν
1716 1534 1820 1609 πρὸ
1852 1535 1948 1589 αὐ-

279 1630 380 1682 τοῦ
409 1625 676 1701 ἤρτηται.
723 1625 786 1683 Εἰ
841 1623 1038 1693 θὲλων,
1089 1625 1272 1703 φησὶν,
1333 1626 1361 1679 6
1419 1626 1547 1687 Θεὸς
1598 1621 1946 1697 ἐνδείξασθαι,

274 1715 375 1771 καὶ
423 1714 516 1770 ’ἱνα
573 1716 842 1791 γνωρίσῃ,
903 1714 995 1769 καὶ
1054 1713 1163 1770 ἐκεῖ
1216 1714 1589 1785 κληθήσονται
1647 1713 1757 1768 υἱοὶ
1815 1716 1950 1768 Θεοῦ

277 1814 484 1880 ζῶτος,
534 1806 627 1861 καὶ
690 1810 748 1862 τὸ
805 1804 1160 1879 κατάλειμμα
1195 1810 1293 1861 τοῦ
1349 1804 1571 1880 Ἰσραὴλ
1622 1806 1947 1874 σωθήσεται,
1978 1829 2024 1893 Β

282 1895 330 1950 εἰ
391 1900 566 1951 ταῦτα
621 1900 789 1960 ποιεῖ,
851 1896 913 1950 σὺ
970 1895 1054 1957 τίς
1113 1896 1164 1950 εἴ
1218 1896 1246 1950 6
1287 1894 1811 1967 ἀνταποκρινόμενος
1868 1896 1946 1962 τῷ

280 1989 444 2055 Osi);
503 2006 528 2037 ι
580 1981 942 2054 Ἐνδείξασθαι
994 1984 1093 2051 τήν
1153 1984 1345 2060 ὀργὴν.
1403 2006 1431 2034 ››
1489 1983 1825 2056 [ΟΙΚΟΥΜ.]
1875 2013 1947 2025 -

277 2076 402 2133 υῦκ
429 2073 535 2149 ἄρα
568 2074 735 2147 ὀργῆς
778 2074 936 2128 πάθει
984 2071 1110 2143 ἥλω
1150 2073 1303 2140 Θεὸς,
1334 2071 1543 2147 ἄπαγεί
1596 2070 1725 2126 ἀλλ’
1754 2068 1942 2140 ἐπειδὴ

276 2168 455 2217 ταῦτα
512 2160 773 2232 ἐποίησεν
806 2161 839 2217 ἃ
867 2164 1031 2235 ἡμεῖς
1063 2161 1410 2237 ὀργιζόμενοι
1461 2165 1747 2235 ποιοῦμεν,
1779 2162 1945 2235 ὀργὴν

272 2254 343 2308 τὸ
374 2256 613 2329 πρᾶγμα
645 2251 705 2306 ἐκ
731 2256 829 2305 τοῦ
886 2253 1021 2322 ἡμῖν
1078 2252 1361 2327 γνωρίμου
1419 2248 1692 2306 ἐκάλεσεν.
1726 2274 1753 2302 ‹‹
1785 2251 1944 2306 ’Ἡνε-

272 2364 410 2410 γκεν
446 2341 498 2397 ἐν
529 2341 720 2415 πολλῇ
756 2340 1107 2415 μακροθυμίᾳ
1155 2341 1317 2412 σκεύη
1370 2342 1562 2418 ὀργῆς.
1599 2366 1623 2394 ι
1660 2338 1941 2408 Τουτέστι,

277 2432 425 2487 πάνυ
481 2431 967 2506 ἐμακροθ·3μησεν,
1025 2431 1102 2493 εἷς
1163 2431 1447 2503 μετάνοιαν
1509 2427 1655 2507 ἄγων
1702 2430 1795 2484 τὸν
1826 2434 1941 2483 Φα-

282 2521 547 2597 ραώ.⁸Ως
579 2517 639 2574 δὲ
688 2518 787 2574 οὐκ
844 2520 980 2588 ἦλθε
1036 2519 1172 2593 πρὸς
1226 2519 1631 2598 σωφρονισμὸν,
1664 2516 1943 2593 ἐτιμωρή-

285 2631 419 2665 σατο
466 2609 653 2664 αὐτόν.
712 2633 739 2663 ιι
771 2610 947 2679 Σκεύη
1004 2608 1195 2683 ὀργῆς.
1229 2632 1258 2660 ››
1315 2610 1376 2667 Ὀ
1411 2610 1504 2681 μὲν
1535 2607 1664 2670 Θεὸς
1705 2606 1945 2681 ἐμακρο-

290 2699 535 2770 θῦμητεν
566 2697 649 2754 ἐπ’
700 2697 885 2767 αὐτὸν,
920 2699 947 2753 6
980 2695 1038 2752 δὲ
1087 2700 1288 2773 Φαραὼ
1317 2697 1499 2772 γέγονε
1529 2701 1713 2758 σκεῦος
1746 2695 1940 2772 ὀργῆς,

290 2786 583 2858 τουτέστιν,
643 2788 927 2861 ἅνθρωπος
978 2788 1078 2855 τήν
1135 2791 1233 2841 τοῦ
1289 2791 1423 2842 Θεοῦ
1474 2786 1719 2842 ἀνάπτων
1753 2787 1940 2861 ὀργὴν,

280 2877 449 2948 ἤτὴν
510 2881 607 2931 τοῦ
668 2880 803 2932 Θεοῦ
861 2875 1027 2951 ὀργὴν
1088 2874 1490 2950 ἐπισπώμενος.
1550 2875 1647 2931 Καὶ
1688 2876 1749 2930 οὐ
1780 2879 1940 2930 τοῦτο

276 2967 468 3043 μόνον,
502 2967 681 3036 ἀλλὰ,
712 2966 805 3020 καὶ
848 2966 923 3027 εἰς
970 2964 1246 3021 ἀπώλειαν
1290 2966 1744 3041 κατηρτισμένος,
1784 2986 1944 3019 τουτ-

273 3058 444 3125 έστιν,
481 3054 901 3129 ἐπηρτισμένος
958 3055 1048 3110 καὶ
1104 3053 1525 3126 τετελειωμένος
1573 3056 1710 3130 πρὸς
1740 3055 1803 3110 τὸ
1835 3051 1943 3108 δεῖν

278 3145 608 3201 ἆπολέαθαιο
675 3141 866 3214 δηλῶν
923 3145 1007 3199 ὅτι
1064 3143 1227 3205 αὐτός
1285 3143 1425 3199 ἐστιν
1482 3143 1655 3207 αἲτιος
1710 3150 1808 3212 τῆς
1848 3146 1944 3197 τοῦ

286 3239 425 3290 Θεοῦ
452 3236 621 3310 ὀργῆς
650 3234 740 3289 καὶ
793 3240 896 3302 τῆς
957 3234 1146 3289 ἑαυτοῦ
1198 3231 1498 3294 ἀπωλείας.
1532 3232 1609 3289 Οὐ
1640 3233 1742 3308 γὰρ
1774 3229 1946 3293 αἴτιος

290 3325 321 3378 6
356 3325 491 3382 Θεὸς
519 3327 622 3376 τῶν
671 3326 877 3391 κακῶν,
937 3319 1062 3378 ἀλλ’
1119 3320 1340 3383 ἕκαστος
1400 3321 1586 3377 ἑαυτὸν
1619 3322 1944 3376 κατασκευά-

294 3418 385 3483 ζει
454 3415 637 3473 σκεῦος
688 3412 879 3489 ὀργῆς,
946 3411 1183 3485 καθάπερ
1248 3412 1338 3467 καὶ
1401 3415 1588 3475 σκεῦος
1633 3409 1949 3488 φιλανθρω-

296 3501 451 3570 πίας,
506 3501 796 3568 τουτέστιν,
858 3500 1065 3563 ἐλέους.
1128 3501 1316 3563 Οὕτως
1371 3499 1460 3556 καί
1521 3502 1548 3555 ὁ
1608 3500 1834 3570 Φαραὼ,
1884 3498 1945 3553 οὐ

298 3592 442 3665 παρὰ
467 3592 560 3646 τὸν
615 3593 770 3661 Θεὸν,
828 3588 978 3646 ἀλλὰ
1033 3591 1179 3663 παρὰ
1242 3591 1342 3659 τὴν
1395 3589 1594 3645 οἰκείαν
1626 3589 1816 3645 κακίαν
1848 3592 1944 3645 πὲ-

294 3682 477 3736 πονθεν
529 3679 565 3735 ἃ
610 3678 897 3738 πέπονθεν.
959 3704 986 3731 ‹‹
1023 3676 1433 3754 Κατηρτισμένα
1475 3677 1551 3742 εἰς
1581 3676 1877 3734 ἀπώλείαν.
1915 3701 1943 3730 ››

285 3771 360 3839 Τί,
416 3770 616 3847 φησὶν,
678 3768 908 3843 ἀλογίαν
964 3770 1382 3845 καταγινώσκεις
1437 3772 1534 3822 τοῦ
1591 3772 1762 3835 Θειοῦς
1811 3767 1946 3822 κατὰ

280 3860 646 3934 ὁποστιγμὴν
705 3856 1095 3933 ἀναγνωστέον.
1154 3856 1258 3916 Καὶ
1330 3854 1520 3925 ἐπειδὴ
1578 3855 1750 3919 οὕτως
1808 3877 1944 3929 συμ-

278 3949 479 4024 βαίνει,
547 3947 628 4017 τί,
687 3948 871 4018 ηησὶν,
932 3945 1157 4023 ἀλογίαν
1212 3945 1674 4019 καταγινώσκεις;
1734 3951 1946 4003 «Ἡνε-

275 4060 402 4115 γκεν
444 4038 527 4100 εἷς
593 4037 892 4092 ἀπώλειαν.
932 4062 953 4091 ι
1014 4035 1319 4093 ’Λπώλειαν
1350 4032 1407 4090 δὲ
1444 4038 1558 4103 νῦν,
1589 4036 1687 4104 τὴν
1718 4032 1947 4106 διαφθο-

278 4130 374 4203 ράν
421 4147 620 4206 φησιν.
673 4127 897 4200 Ἠνεγκε
947 4124 1025 4195 δὲ,
1088 4126 1274 4199 φησὶν,
1309 4127 1336 4180 6
1368 4125 1495 4186 Θεὸς
1542 4124 1616 4186 εἷς
1646 4122 1942 4191 ἀπώλειαν,

277 4216 378 4272 οὐκ
436 4216 516 4278 ὡς
578 4210 791 4291 ἔτυχεν,
870 4212 999 4269 ἀλλ’
1062 4214 1300 4276 ἐκείνους
1370 4212 1787 4288 καταρτίσαντας
1844 4214 1943 4269 a6-

278 4306 406 4369 τοὺς
438 4306 517 4367 εἷς
549 4305 717 4376 σκεύη
780 4304 967 4380 ὀργῆς.
1031 4302 1185 4361 Ἀλλ’
1243 4304 1395 4377 ὅμως
1442 4305 1533 4359 οῦν
1579 4304 1669 4359 καὶ
1701 4303 1943 4359 61:210-5-

276 4417 390 4450 των
468 4397 654 4449 καίτοι
730 4395 994 4448 τοιούτων
1083 4391 1305 4456 ἑαυτοὺς
1403 4392 1941 4466 παρασκευασάντων,

278 4483 476 4540 πολλᾶ
534 4482 802 4558 πρότερον
853 4483 1301 4558 μακροθυμήσας,
1338 4480 1510 4543 οὓτως
1565 4479 1843 4557 ἐχρήσατο
1874 4483 1942 4554 τῇ

1976 3193 2019 3259 C

2055 551 2298 606 nitivam
2331 551 2433 607 Dei
2464 552 2811 624 potentiam,
2847 552 3111 623 oportuit
3158 551 3698 622 longanimitatem,

2057 642 2320 713 oportuit
2350 641 2773 715 benignitatem
2806 647 2864 696 et
2889 642 3358 697 misericordiam
3393 658 3459 697 ac
3486 643 3693 699 ineffa-

2057 730 2239 785 bilem
2286 731 2725 802 maximamque
2772 731 2960 803 ipsius
2991 731 3261 804 gloriam‘.
3298 730 3463 786 Unde
3494 737 3694 789 autem

2057 819 2182 876 hmo
2211 821 2609 877 ostenduntur
2635 821 2662 876 ?
2692 823 2771 876 Ex
2802 822 2895 875 his
2927 838 3057 892 qum
3086 822 3254 894 vulgo
3292 820 3569 876 videntur
3595 823 3695 878 in~

2057 909 2364 966 credibilia
2385 912 2539 966 833
2568 928 2637 966 ex
2669 912 2974 967 Pharaone
2993 953 3005 975 ,
3031 928 3101 967 ex
3125 912 3236 966 hoc
3260 910 3419 982 quod
3439 927 3573 966 eum
3591 912 3694 983 qui

2056 1016 2177 1055 non
2209 1008 2337 1055 erat
2368 1001 2640 1073 papulus,
2673 1002 2964 1057 vocaverit
2992 1000 3276 1074 populum
3307 1017 3415 1065 ;ex
3438 1017 3506 1055 eo
3537 1000 3697 1071 quod

2055 1090 2338 1162 reliquias
2366 1090 2548 1146 Israel
2580 1091 3096 1163 salvaveritatque
3135 1106 3203 1146 ex
3234 1089 3549 1146 similibus.
3583 1092 3691 1147 Ita-

2056 1196 2170 1250 que
2201 1196 2305 1251 per
2335 1180 2392 1235 id
2417 1180 2575 1252 quod
2605 1180 2813 1253 perfidi
2850 1182 3031 1235 Deum
3054 1180 3690 1237 condemnaverintin-

2047 1268 2318 1340 jurtitias,
2352 1270 2412 1324 hi
2444 1271 2545 1341 qui
2593 1270 2747 1341 mqui
2774 1275 2932 1337 sunt,
2980 1270 3305 1341 plurimum
3344 1270 3495 1325 lucri
3538 1270 3694 1326 fece-

2056 1361 2437 1415 runt.Rerum
2458 1360 2637 1433 igitur
2667 1365 2879 1415 natura
2900 1359 3353 1431 perplexitatem
3371 1377 3491 1416 non
3514 1359 3694 1416 habet

2060 1448 2163 1504 sed
2194 1447 2559 1520 perﬁdorum
2592 1448 2986 1521 blasphemia.

2127 1537 2257 1592 Alio
2314 1539 2491 1593 modo.
2553 1538 2614 1593 Id
2669 1537 2828 1610 quod
2884 1539 2969 1593 ait
3045 1556 3058 1593 :
3123 1561 3143 1588 ε
3210 1540 3376 1605 Quod
3435 1540 3482 1595 si
3544 1539 3701 1595 Deus

2057 1627 2281 1696 volens,
2346 1650 2374 1677 ››
2433 1632 2569 1695 etc.,
2640 1628 3114 1698 princedentibus
3180 1629 3573 1684 connectitur.
3642 1628 3700 1683 Si

2056 1717 2503 1788 volens,inquit,
2528 1718 2681 1772 Deus
2701 1717 3036 1783 ostendere,
3060 1724 3243 1790 utque
3266 1724 3474 1774 notum
3500 1718 3697 1783 faciat.

2058 1812 2136 1873 et,
2196 1805 2352 1877 quod
2412 1806 2492 1861 ibi
2551 1806 2923 1862 vocabuntur
2981 1807 3087 1862 lilii
3149 1807 3251 1863 Dei
3313 1807 3580 1873 viventis,
3643 1812 3702 1863 et

2056 1896 2213 1967 quod
2246 1896 2513 1967 reliquias
2542 1896 2725 1951 Israel
2751 1896 2923 1952 salvas
2968 1897 3147 1952 fient:
3185 1897 3234 1952 si
3288 1898 3415 1952 hac
3440 1897 3601 1964 facit,
3635 1903 3698 1954 tu

2054 1987 2185 2058 quis
2215 2003 2278 2041 es
2310 1986 2409 2057 qui
2444 2003 2515 2041 ex
2545 1987 2788 2042 adverso
2820 1986 3150 2057 repondeas
3183 1988 3299 2042 Deo
3321 1986 3349 2041 ?
3392 2008 3420 2035 «
3474 1987 3695 2043 Osten-

2052 2077 2191 2131 dere
2222 2077 2394 2131 iram.
2433 2098 2460 2125 »
2524 2079 2650 2132 Non
2706 2093 2848 2132 sane
2911 2077 3013 2131 iraa
3073 2077 3289 2132 aﬂ‘ectu
3344 2081 3551 2149 captus
3606 2081 3697 2133 est

2051 2166 2227 2233 Deus,
2258 2166 2414 2221 absit
2446 2166 2458 2221 Ξ
2493 2166 2597 2221 sed
2629 2167 2911 2237 quoniam
2944 2167 3069 2221 hmo
3095 2166 3236 2223 fecit
3259 2184 3389 2238 qua)
3421 2183 3529 2223 nos
3563 2168 3700 2223 irati

2051 2254 2323 2317 facimus,
2365 2254 2585 2309 factum
2641 2257 2770 2325 ejus
2818 2256 3040 2311 vocavit
3085 2257 3257 2323 iram,
3290 2256 3364 2311 ab
3422 2273 3490 2313 eo
3540 2257 3698 2329 quod

2052 2343 2222 2398 nobis
2243 2344 2545 2416 cognitum
2578 2350 2685 2398 est.
2719 2366 2746 2392 ‹‹
2780 2344 2936 2399 Tulit
2991 2345 3181 2400 multa
3236 2345 3690 2417 longanimitate

2052 2451 2188 2490 vasa
2235 2435 2353 2489 iraa.
2420 2435 2540 2489 Hoc
2599 2439 2707 2501 est,
2766 2433 2877 2489 fuit
2932 2432 3253 2489 admodum
3308 2434 3688 2507 longanimis,

2052 2524 2422 2579 Pharaonem
2455 2523 2678 2580 ducens
2709 2522 2781 2578 ad
2813 2523 3224 2594 pmnitentiam
3258 2538 3272 2578 :
3321 2539 3523 2578 verum
3553 2540 3690 2579 cum

2052 2630 2171 2669 non
2228 2613 2451 2668 rediret
2506 2612 2580 2667 ad
2657 2611 3036 2669 modestiam.
3093 2611 3387 2669 ultionem
3453 2612 3525 2667 de
3584 2612 3687 2668 illo

2051 2702 2324 2774 sumpsit.
2358 2724 2385 2751 α
2448 2702 2595 2756 Vasa
2642 2701 2764 2755 irae.
2803 2722 2830 2749 »
2879 2699 3033 2755 Deus
3064 2699 3305 2771 quidem
3335 2699 3693 2767 longanimis

2048 2791 2161 2845 fuit
2190 2790 2347 2861 quod
2379 2788 2439 2844 in
2468 2804 2530 2844 se
2563 2789 2896 2844 erat.Porro
2928 2789 3154 2843 Pharao
3178 2803 3276 2842 vas
3302 2787 3413 2843 fuit
3434 2788 3558 2846 irae.
3582 2789 3694 2845 hoc

2053 2883 2161 2941 est,
2196 2879 2373 2933 homo
2406 2893 2765 2949 exasperans
2795 2878 2946 2931 iram
2977 2877 3100 2943 Dei,
3134 2876 3223 2932 vel
3254 2877 3357 2932 Dei
3388 2878 3693 2935 attrahens

2052 2970 2222 3025 iram.
2256 2971 2373 3024 Nec
2403 2968 2463 3023 id
2510 2969 2721 3034 solum,
2771 2983 2974 3022 verum
3034 2968 3212 3024 etiam
3272 2974 3590 3039 apparatus
3620 2968 3694 3024 ad

2052 3058 2383 3123 interitum,
2417 3057 2476 3111 id
2508 3057 2698 3120 est,ad
2729 3058 2840 3111 hoc
2870 3057 3142 3113 addictus
3162 3062 3219 3112 et
3250 3064 3613 3128 praeparatus
3630 3064 3697 3112 ut

2056 3146 2251 3218 perire
2282 3151 2618 3218 oporteret:
2654 3144 3042 3201 manifestans
3087 3146 3245 3216 quod
3301 3145 3429 3217 ipse
3458 3147 3561 3202 iraa
3592 3146 3695 3201 Dei

2057 3251 2237 3291 causa
2259 3240 2417 3289 esset
2437 3251 2676 3305 suaeque
2712 3234 2899 3306 ipsius
2920 3233 3294 3306 perditionis.
3323 3237 3523 3307 Neque
3538 3235 3697 3292 enim

2056 3324 2210 3379 Deus
2242 3339 2421 3380 causa
2441 3329 2532 3380 est
2551 3324 2869 3390 malorum,
2893 3322 2995 3378 sed
3028 3323 3280 3395 quisque
3311 3324 3570 3396 seipsum
3600 3341 3700 3382 vas

2056 3413 2240 3469 efﬁcit
2268 3412 2392 3479 irae,
2426 3411 2929 3483 quemadmodum
2952 3418 3012 3468 et
3040 3429 3138 3468 vas
3167 3412 3552 3488 benignitatis
3582 3415 3700 3471 sive

2058 3502 2505 3558 misericordiae.
2556 3503 2642 3557 Ita
2689 3502 2982 3558 Pharaoni
3014 3519 3135 3558 non
3166 3503 3343 3569 Deus,
3377 3504 3481 3560 sed
3512 3504 3699 3576 ipsius

2055 3591 2285 3647 malitia
2310 3591 2422 3646 fuit
2450 3607 2629 3647 causa
2659 3597 2726 3647 ut
2756 3597 3060 3662 pateretur
3090 3609 3160 3648 ea
3190 3609 3321 3663 quas
3348 3610 3556 3665 passus
3587 3598 3695 3649 est.

2056 3704 2083 3731 «
2118 3684 2415 3752 Apparata
2472 3682 2531 3736 in
2591 3682 2983 3738 interitum.»
3040 3686 3155 3737 Cur
3208 3683 3412 3746 Deum,
3475 3683 3691 3752 inquit,

2055 3770 2594 3826 irrationabilitatis
2606 3770 3004 3825 condemnas?
3015 3787 3121 3842 per
3132 3769 3695 3826 subdistinctionem

2054 3860 2370 3933 legendum
2403 3867 2507 3915 est.
2544 3862 2613 3915 Et
2643 3861 2929 3930 quoniam
2961 3860 3041 3916 ita
3070 3860 3381 3929 contingit,
3414 3877 3520 3916 cur
3549 3861 3696 3916 irra-

2053 3948 2468 4004 tionabilitatis
2523 3948 2887 4004 condemnas
2918 3948 2943 4003 ?
2999 3948 3157 4005 Tulit
3194 3949 3268 4004 ad
3300 3949 3630 4006 interitum.
3669 3970 3692 4000 υ

2057 4039 2367 4095 Interitum
2398 4053 2535 4092 vero
2570 4036 2712 4092 dicit
2742 4037 2852 4092 hoc
2885 4036 3013 4092 loco
3064 4037 3482 4109 perditionem.
3540 4037 3696 4096 Tulit

2054 4132 2253 4183 autem
2311 4128 2464 4181 Deus
2523 4125 2598 4181 ad
2656 4125 3071 4197 perditionem,
3114 4143 3233 4182 non
3284 4144 3696 4199 quoscunque,

2054 4215 2158 4271 sed
2190 4230 2290 4270 eos
2317 4215 2417 4287 qui
2450 4230 2577 4270 sese
2602 4214 2662 4270 in
2693 4231 2829 4270 vasa
2850 4215 2952 4269 ira)
2982 4222 3432 4287 apparaverant.
3454 4218 3694 4273 Verum-

2054 4311 2255 4360 tamen
2314 4305 2489 4361 etiam
2540 4305 2603 4360 in
2664 4304 2778 4373 his,
2814 4321 3156 4376 quanquam
3185 4321 3251 4360 se
3284 4305 3433 4361 tales
3463 4321 3692 4377 compo-

2056 4399 2318 4457 suerant,
2354 4410 2488 4450 cum
2519 4399 2695 4450 antea
2724 4394 3048 4467 plurimum
3077 4395 3433 4467 longanimis
3464 4394 3695 4462 fuisset,

2054 4483 2137 4540 ita
2171 4483 2411 4539 demum
2450 4484 2622 4555 juxta
2677 4484 2737 4539 id
2795 4484 2954 4556 quod
2999 4501 3234 4555 aequum
3288 4490 3413 4540 erat
3469 4484 3697 4540 ultione

280 4574 421 4629 κατα
450 4573 515 4629 τὸ
551 4571 763 4627 δίκαιον
808 4571 1070 4646 τιμωρίᾳ.
1130 4577 1198 4626 Ἥ
1260 4569 1473 4646 μᾶλλον
1508 4570 1680 4632 οὕτως
1710 4572 1943 4640 νοήσεις·

2056 4589 2199 4628 usus
2231 4590 2314 4628 es.
2350 4576 2466 4628 Aut
2503 4573 2587 4627 ita
2614 4574 2813 4644 potius
2842 4573 3183 4646 intelliges:
3221 4595 3249 4623 «
3309 4574 3465 4628 Tulit
3509 4572 3698 4628 multa

283 4688 313 4714 ‹‹
344 4664 597 4738 ἸΙ-ιεγκεν
658 4658 709 4715 ἐν
764 4658 953 4734 πολλῇ
1020 4658 1374 4735 μακροθυμίᾳ
1414 4659 1577 4729 σκεύη
1613 4658 1782 4734 ὀργῆς
1812 4678 1943 4713 κατ-

284 4752 591 4825 ηρτισμένα
650 4750 727 4813 εἰς
783 4747 1080 4807 ἀπώλειαν.
1125 4773 1153 4801 ››
1210 4750 1526 4828 Ὑπήνεγκε,
1591 4747 1778 4827 φησὶν,
1848 4748 1941 4804 ὑπ-

284 4843 492 4912 ὶμεινε,
522 4841 615 4896 καὶ
647 4839 697 4896 ἒν
730 4838 919 4913 πολλῇ
954 4837 1320 4914 μακροθυμίᾳ.

370 4936 491 4991 “fu;
540 4928 596 4985 δὲ
648 4930 701 4986 ἐν
760 4929 948 5003 πολλῇ
1009 4928 1400 5005 μακροθυμίᾳ;
1455 4930 1576 4989 Ὅτι
1626 4924 1823 5005 ἕτοιμα
1852 4929 1941 4986 καὶ

292 5020 670 5093 ἀπηρτισμένα
727 5015 853 5075 ὄντα
907 5018 985 5081 εἰς
1040 5016 1340 5086 ἀπώλειαν,
1399 5018 1489 5073 καὶ
1568 5021 1798 5091 μονονοὺ
1854 5018 1941 5076 διὰ

281 5110 389 5177 τήν
451 5104 765 5184 ὑπερϐολὴν
817 5114 919 5176 τῆς
973 5105 1161 5168 κακίας
1221 5108 1628 5183 πεπληρωμένα
1687 5106 1809 5164 ὅντα
1858 5106 1939 5165 δι-

278 5198 438 5261 καίας
471 5199 499 5255 ὀ
524 5206 665 5277 λγῆς,
700 5196 856 5269 ὅμως
904 5191 984 5252 ἔτι
1033 5196 1284 5277 ἠνείχετο
1326 5198 1413 5252 καὶ
1446 5192 1787 5269 διεϐάσταζεν
1820 5196 1937 5254 ἐπι-

278 5291 521 5370 προᾳὴν
554 5286 941 5364 ἐκδεχόμενος.
974 5287 1100 5342 Ὀτι
1131 5287 1228 5342 οὖν
1284 5286 1384 5343 οὐκ
1435 5286 1745 5343 ἀπόλλυται
1772 5293 1940 5343 ταῦτα

278 5379 466 5451 cier-:51},
522 5377 691 5437 παντί
754 5396 862 5431 που
919 5372 1112 5441 δῆλον·
1170 5378 1465 5451 κατήρτισε
1520 5377 1624 5453 γὰρ
1669 5378 1833 5435 ἑαυτᾶ
1860 5378 1973 5441 ἐς

273 5466 577 5527 ἀπώλειαν.
613 5464 961 5527 Ἀπόλλυται
1020 5461 1078 5521 δὲ
1141 5467 1278 5539 μετᾶ
1324 5467 1387 5522 τὸ
1432 5466 1725 5540 ἀπαρτίσαι
1752 5465 1934 5533 ἑαυτὰ,

274 5560 405 5633 μετὰ
432 5562 495 5618 τὸ
520 5560 602 5624 εἰς
633 5557 799 5619 τέλος
856 5553 1046 5617 κακίας
1087 5553 1446 5631 ἀναδραμεῖν,
1493 5557 1627 5631 μετὰ
1669 5559 1733 5614 τὸ
1768 5555 1937 5631 μηδὶν

272 5649 373 5705 ἀπὸ
417 5658 522 5722 τῆς
582 5643 979 5725 μακροθυμίας
1039 5644 1370 5703 ἆπώνασθαι.
1406 5648 1505 5703 Καὶ
1546 5644 1814 5703 δείκνυται
1846 5645 1933 5704 διὰ

2054 4662 2504 4735 longanimitate
2562 4679 2700 4718 vasa
2747 4663 2848 4717 iraa
2895 4668 3179 4734 apparata
3200 4662 3275 4718 ad
3301 4662 3629 4719 interitum.
3665 4682 3695 4713 η

2053 4753 2583 4826 Toleravit,inquit,
2606 4753 3093 4825 sustinuit,idque
3117 4755 3270 4811 834
3293 4755 3481 4812 multa
3498 4755 3699 4831 longa-

2053 4843 2345 4899 nimitate.

2122 4932 2427 4999 Quomodo
2476 4938 2673 4990 autem
2731 4933 2920 4990 multa
2970 4934 3420 5008 longanimitate
3462 4936 3491 4991 ?
3546 4937 3695 5002 Quia

2052 5039 2187 5079 cum
2211 5026 2338 5093 jam
2370 5030 2507 5094 apta
2526 5028 2925 5094 etprmparata
2943 5031 3145 5080 essent
3171 5025 3246 5081 ad
3277 5024 3697 5097 perditionem,

2050 5130 2118 5170 ac
2150 5119 2391 5185 propter
2429 5112 2677 5168 nimiam
2710 5114 2995 5170 malitiam
3052 5117 3481 5188 propemodum
3530 5115 3695 5184 justa

2050 5202 2139 5257 ira
2169 5200 2414 5271 impleta
2459 5207 2704 5257 essent:
2765 5203 2959 5259 adhuc
3011 5210 3214 5261 tamen
3268 5202 3604 5275 perferebat
3632 5207 3691 5258 et

2050 5288 2344 5346 tolerabat
2371 5288 2446 5344 ad
2479 5292 2929 5349 conversionem
2960 5310 3061 5349 eos
3117 5297 3489 5363 exspectans.
3522 5291 3690 5359 Quod

2049 5395 2186 5453 ergo
2215 5379 2341 5451 ipse
2370 5393 2491 5435 non
2523 5379 2731 5451 perdat
2750 5381 2855 5439 illa
2880 5382 3288 5448 vasa,ornnino
3305 5379 3688 5441 manifestum

2048 5474 2157 5527 est.
2227 5467 2426 5541 seipsa
2480 5468 2643 5526 enim
2721 5469 2799 5528 ad
2839 5471 3147 5529 interitum
3233 5476 3685 5546 apparaverunt.

2045 5558 2249 5618 Perdit
2301 5564 2506 5615 tamen
2556 5559 2662 5617 illa
2716 5566 3033 5636 postquam
3113 5562 3310 5636 seipsa
3386 5580 3683 5637 prmpara-
3726 5592 3727 5595 η

2045 5655 2208 5716 runt,
2265 5654 2583 5721 postquam
2640 5650 2712 5706 ad
2768 5657 3094 5710 extremum
3156 5653 3395 5710 malitiae
3454 5670 3693 5726 procur-
