4126 6256
403 369 523 432 519

401 496 1006 568 rerunt;postquam
1064 481 1136 540 ab
1193 479 1323 551 ejus
1382 464 1833 545 longanimitate
1890 457 2044 518 nihil
2074 465 2128 530 Α

642 553 1038 656 acceperunt.
1109 573 1180 627 Et
1246 562 1580 624 ostenditur
1667 573 1773 630 per
1818 553 2046 626 justam

405 682 510 742 Dei
541 681 603 736 in
634 676 770 732 illos
828 661 1402 726 animadversionem
1451 651 1630 708 etiam
1688 645 1879 720 ipsius
1938 656 2046 713 po-

413 772 617 835 tentia,
649 729 762 824 hoc
819 765 928 826 est,
981 752 1246 829 punitiva
1301 747 1582 818 potestas,
1645 742 1721 800 et,
1784 735 1887 790 iraa
1947 729 2051 786 de-

413 822 787 922 monstratio,
841 822 1043 924 quam,
1103 842 1204 914 qui
1262 837 1410 894 tales
1469 833 1625 893 sunt,
1689 824 1849 899 digni
1915 822 2053 876 sunt

415 961 483 1011 ut
510 912 972 1018 consequantur.
1010 957 1032 980 α
1062 912 1137 991 Et
1161 935 1227 986 ut
1256 933 1426 984 notas
1467 922 1690 978 faceret
1735 912 1990 970 divitias.
2024 928 2052 957 υ

414 1040 655 1102 Duobus
676 997 869 1092 modis
898 1022 1278 1097 componitur
1308 1013 1466 1087 quod
1498 1011 1594 1066 hic
1632 1005 1869 1069 dicitur,
1901 997 1992 1053 vel
2022 1013 2057 1051 a

414 1126 714 1191 communi
741 1135 920 1179 sensu
953 1091 1480 1180 subintelligendo,
1513 1099 1601 1154 vel
1621 1091 2056 1170 perdefectum,

415 1226 464 1282 Α
547 1212 851 1276 communi
938 1204 1182 1278 quidem
1266 1178 1445 1252 sensu
1535 1190 1769 1260 oportet
1849 1178 2058 1236 subin-

415 1272 684 1382 ἱέιιίέὲὲέ
718 1325 741 1355 «
777 1299 928 1358 tulit.
956 1272 999 1347 ἰ
1038 1292 1195 1349 Tulit
1237 1301 1374 1343 vasa
1433 1283 1554 1347 irm,
1622 1281 1682 1332 et
1734 1272 1869 1328 tulit
1926 1282 2063 1322 vasa

426 1357 639 1382 ..ηυοη
661 1357 679 1361 -
786 1357 792 1358 ,

426 1393 872 1461 misericordiae.
907 1391 1018 1444 Per
1049 1381 1343 1438 defectum
1374 1388 1508 1428 vero
1534 1387 1545 1424 :
1598 1366 1738 1439 quia
1767 1377 1887 1418 non
1919 1357 2065 1414 dixit

430 1446 926 1560 ἑῖᾞίζιῖίλώη
980 1489 1121 1530 vasa
1184 1459 1631 1526 misericordiae,
1713 1454 1864 1509 sicut
1919 1446 2071 1503 dixit

427 1542 510 1639 ibi
535 1542 690 1652 quod
723 1587 858 1628 vasa
906 1569 1008 1623 ira)
1057 1561 1196 1619 tulit
1247 1556 1322 1613 ad
1379 1550 1707 1610 interitum.
1769 1542 1874 1598 Hic
1931 1553 2066 1652 ergo

966 1659 1096 1710 est:
1147 1647 1231 1705 Ad
1278 1644 1528 1701 salutem
1565 1655 1578 1704 ;
1613 1633 1714 1690 Dei
1773 1625 2068 1700 siquidem

427 1757 756 1835 potentiam
779 1740 1242 1818 despicientibus
1259 1751 1326 1790 ac
1344 1723 1780 1801 negligentibus
1794 1730 2068 1773 necessa—

1475 1817 1509 1835 “
1538 1816 1672 1835 νε---μ
1708 1810 1925 1835 Faunum}
1954 1803 2068 1835 ἰΙΙὶμ

425 1850 580 1906 rium
609 1842 875 1911 utileque
908 1851 1006 1890 era

423 1944 632 1997 notum
687 1944 866 2004 quam
897 1928 1108 1997 potens
1150 1920 1326 1980 esset,
1387 1905 1544 1980 quod
1601 1895 2069 1960 robustissimus,

425 1984 632 1997 ”ν’““””
694 1984 723 2004 ἰ
743 1984 763 1986 "
898 1984 917 1997 ι

425 2025 749 2093 omniaque
776 2012 1184 2074 considerans.
1219 2027 1246 2054 «
1278 2005 1341 2058 In
1374 2013 1512 2055 vasa
1571 1984 2017 2048 misericordia».
2043 2003 2070 2030 »

428 2072 741 2093 -...---_1__
789 2072 798 2074 ν

428 2106 964 2182 Quemadmodum,
995 2097 1210 2170 inquit.
1246 2093 1307 2148 in
1339 2104 1478 2145 vasa
1527 2085 1650 2151 iraa,
1692 2081 1804 2136 hoc
1849 2080 1958 2139 est,
2010 2072 2070 2127 in

428 2205 798 2262 Pharaonem
829 2194 967 2250 tulit
995 2182 1371 2248 iram.multa
1401 2177 1660 2251 primum
1693 2185 1835 2225 usus
1864 2166 2070 2234 longa-

430 2293 750 2354 nimitate:
794 2287 876 2342 ita
903 2287 980 2349 et,
1042 2279 1104 2334 in
1161 2290 1301 2330 vasa
1358 2259 1806 2325 misericordias,
1858 2267 2072 2324 nempe

434 2386 496 2442 in
527 2399 635 2439 nos
667 2378 767 2453 qui
791 2373 949 2448 digni
982 2384 1188 2428 sumus
1239 2354 1668 2421 misericordia,
1719 2348 1856 2405 tulit
1903 2342 2074 2399 beni-

435 2441 743 2547 gnitatem.
776 2441 918 2523 Nam
951 2463 1064 2518 hoc
1095 2448 1589 2515 subaudiendum.
1624 2465 1651 2492 «
1677 2441 1814 2507 Quae
1845 2448 2076 2547 prmpa—

435 2521 742 2547 ,,.-.-_--___-
777 2521 788 2523 _
834 2521 851 2522 η

435 2563 605 2622 ravit.
663 2580 691 2610 ι)
753 2549 1110 2626 Prazparavit
1183 2548 1382 2600 autem
1455 2534 1596 2607 quia
1662 2521 2075 2587 misericordia

427 2649 699 2727 cognovit
725 2646 934 2719 dignos
970 2655 1076 2713 per
1108 2631 1495 2691 ﬁdem.Porro
1525 2622 1586 2677 id
1616 2620 1677 2675 in
1713 2617 1874 2673 illius
1892 2610 2073 2683 vergit

429 2745 700 2817 gloriam.
719 2763 746 2791 ‹‹
761 2733 1138 2807 Prmparavit,
1164 2750 1192 2778 »
1223 2728 1426 2796 utpote
1445 2714 1814 2790 prmscius,et
1831 2719 2073 2777 cognos-

430 2851 574 2891 cens
605 2829 758 2904 quod
795 2827 1072 2881 virtutem
1103 2821 1303 2874 essent
1359 2800 1774 2881 amplexaturi.
1837 2799 2073 2865 Praepa-

1383 2902 1392 2904 _
1505 2897 1515 2904 _
1648 2891 1683 2904 ,.
1850 2901 1931 2904 __u
2000 2879 2065 2904 Α,

430 2879 573 2891 νη---
607 2879 757 2904 η---
1462 2879 1479 2881 _

428 2922 577 2978 ravit
630 2921 831 2988 itaque
889 2913 1068 2985 digna
1121 2922 1259 2962 vasa
1317 2891 1742 2959 misericordim
1819 2901 1938 2942 sum
1999 2879 2071 2935 ad

426 3011 698 3087 gloriam,
730 2971 842 3062 boc
872 2971 985 3069 est:
1009 3005 1077 3056 ut
1106 2999 1236 3070 ipsa
1273 2987 1770 3068 glorificarentur.
1839 2971 2070 3031 Etenim

972 3064 977 3069 ,
1132 3064 1146 3070 _
1279 3064 1299 3068 ,

427 3103 646 3160 divitias
720 3097 922 3173 gloriae
998 3091 1187 3165 ipsius
1271 3089 1426 3142 nota)
1504 3080 1643 3135 sunt
1724 3073 1786 3128 in
1873 3064 2067 3130 nobis,

430 3193 570 3268 quia
625 3206 762 3247 cum
820 3163 1530 3242 idolisﬁadhmreremus,
1590 3163 1854 3235 fervique

432 3266 567 3339 mus
613 3280 934 3334 affectuum
993 3275 1051 3327 et
1097 3266 1372 3341 peccati:
1433 3275 1554 3316 non

502 3391 529 3419 α
561 3369 685 3422 Non
710 3364 902 3419 solum
934 3377 1002 3416 ex
1051 3355 1236 3414 Judaei

505 3545 602 3607 1X.
632 3545 700 3596 25
731 3541 820 3595 27.
883 3537 1032 3593 885
1059 3514 1524 3600 Quemadmodum
1567 3528 1617 3580 et
1655 3524 1715 3576 in
1737 3519 1863 3576 Osee
1893 3514 2028 3569 dicit
2058 3525 2076 3564 :

441 3633 655 3693 Vocabo
681 3627 950 3701 populum
971 3623 1070 3697 qui
1090 3637 1238 3678 meus
1280 3634 1393 3674 non
1416 3608 1828 3682 erat.populum
1849 3617 2028 3660 meum
2062 3614 2075 3652 :

433 3691 632 3784 etieam
660 3691 784 3792 quae
814 3691 1019 3773 dilectu
1056 3728 1170 3769 non
1226 3715 1367 3772 erat,
1427 3704 1707 3760 dilectam.
1760 3698 1827 3753 Et
1868 3695 1972 3749 erit
2019 3691 2080 3744 in

437 3781 551 3872 loco
570 3781 896 3868 ubidictum
915 3809 1104 3876 fuerat
1143 3803 1238 3865 eis,
1273 3802 1389 3855 Non
1423 3792 1661 3867 populus
1690 3801 1838 3844 meus
1857 3799 1969 3848 vos,
2001 3781 2081 3835 ibi

433 3903 774 3961 vocabuntur
829 3874 936 3968 ﬁlii
973 3895 1070 3950 Dei
1132 3889 1380 3948 viventis.
1443 3885 1618 3941 Isaias
1663 3883 1848 3936 autem
1875 3874 2079 3931 clamat

435 4009 599 4065 super
626 3988 835 4047 Israel:
867 3987 930 4043 Si
957 3984 1130 4055 fuerit
1157 3993 1417 4037 numerus
1443 3973 1607 4032 Israel
1662 3977 1723 4026 ut
1760 3981 1930 4024 arena
1959 3977 2079 4020 ma»

433 4085 536 4153 ris,
561 4081 814 4153 reliquie
840 4077 1010 4134 salvae
1031 4079 1217 4130 erunt.

508 4251 674 4321 Quod
703 4253 903 4307 autem
936 4262 1059 4304 non
1091 4250 1334 4308 temere,
1382 4237 1599 4310 inquit,
1650 4246 1866 4304 neque,
1928 4225 2083 4283 sicut

441 4315 668 4401 diceret
696 4338 1015 4414 quispiam,
1049 4352 1118 4392 ex
1149 4348 1272 4388 una
1302 4334 1530 4386 tantum
1561 4328 1750 4398 parte,
1783 4318 1975 4376 salvos
2005 4315 2083 4372 fe-

439 4435 522 4492 cit
550 4407 808 4488 Deus'ex
835 4407 1112 4502 gentibus
1143 4421 1372 4487 fideles,
1415 4417 1519 4474 sed
1551 4413 1834 4487 quoniam
1891 4407 2082 4464 salute

441 4523 606 4596 digni
637 4500 1110 4592 erant,producit
1136 4518 1194 4570 et
1220 4511 1570 4584 prophetam
1603 4505 1703 4578 qui
1745 4500 1925 4558 tantis
1946 4501 2084 4554 ante

445 4611 816 4685 temporibus
845 4609 958 4664 hoc
984 4610 1109 4662 erat
1137 4601 1508 4660 vaticinatus.
1543 4596 1720 4664 Ecce
1741 4592 1900 4648 enim
1936 4590 2084 4646 Deus

441 4683 730 4774 populum
765 4705 820 4755 et
847 4696 1174 4754 Ecclesiam
1206 4691 1486 4749 dilectam
1510 4702 1578 4744 ac
1611 4683 1767 4742 ﬁlios
1791 4684 1959 4737 vocat
1985 4695 2085 4734 eos

445 4769 548 4862 qui
580 4789 964 4845 crediderunt
993 4801 1063 4843 ex
1091 4774 1787 4858 gentibusQuamobrem
1806 4769 2085 4828 tandem?
2122 4796 2168 4862 Ι)
2194 4777 2364 4828 note;

449 4860 667 4949 Utique
696 4882 938 4948 propter
967 4874 1208 4930 illorum
1257 4865 1762 4935 benevolentiam;
1784 4878 1852 4918 ac
1881 4860 2083 4918 fidem.

454 4988 482 5018 «
515 4968 657 5024 Eam
689 4981 822 5038 quae
854 4963 1072 5021 dilecta
1095 4979 1216 5019 non
1249 4965 1394 5017 erat.
1429 4980 1458 5008 »
1487 4953 1814 5012 Ecclesiam
1856 4967 1989 5024 qua:
2021 4965 2091 5006 ex

451 5057 732 5134 gentibus
763 5057 1116 5128 congregata
1147 5056 1236 5108 est
1267 5066 1436 5121 :quaa
1467 5050 1646 5104 antea
1670 5060 1792 5100 non
1816 5040 2094 5115 diligeba-

452 5131 779 5222 tur.Neque
802 5145 961 5202 enim
981 5145 1166 5200 Deum
1197 5136 1607 5212 cognoscebat.
1639 5156 1667 5185 ‹‹
1699 5135 1824 5190 Non
1839 5131 2094 5205 populus

458 5257 629 5301 meus
660 5255 780 5295 vos.
819 5259 846 5286 »
873 5237 1018 5293 Nam
1049 5237 1254 5306 gentes
1285 5229 1428 5287 olim
1453 5225 1707 5301 negabat
1735 5224 1889 5280 Deus
1926 5237 2097 5294 prop-

457 5326 1085 5404 tersuperstitionem.
1117 5342 1150 5375 α
1199 5319 1378 5379 Isaias
1424 5323 1625 5376 autem
1656 5314 1870 5374 clamat
1922 5327 2104 5385 super,

453 5402 668 5480 Israel;
699 5441 728 5470 η
785 5416 964 5482 Nihil,
1023 5412 1241 5488 inquit.
1295 5413 1554 5470 veretur.
1611 5404 1718 5464 sed
1785 5402 2100 5462 manifeste

460 5507 795 5568 clamat.Ad
814 5508 945 5568 haec
973 5503 1180 5564 omnia
1197 5497 1610 5562 inscrutabilia
1629 5494 1819 5569 ipsius
1832 5491 2100 5565 judicia:

457 5620 487 5652 α
521 5599 606 5658 Tu
634 5598 769 5671 quis
789 5613 853 5655 es
883 5596 986 5669 qui
1017 5611 1090 5653 ex
1115 5592 1360 5652 adverso
1407 5586 1770 5661 respondeas
1817 5585 1958 5640 Deo.
1983 5603 2014 5634 »
2046 5583 2096 5639 Α

463 5686 770 5747 communi
793 5701 971 5744 sensu
987 5684 1102 5742 hoc
1124 5678 1600 5742 subaudiendum
1622 5682 1734 5746 est,
1762 5673 1854 5731 vel
1873 5689 1980 5746 per
2008 5671 2108 5730 de-

1524 328 1945 396 CEOUMENII
1989 320 2297 387 ΤΒΙΟΟᾸΞ
2338 315 2693 381 EPISGOPI

1243 3372 1288 3410 s.
1326 3375 1353 3402 »
1385 3350 1584 3409 Vides.
1643 3340 1801 3415 quod
1836 3342 1986 3391 Deus
2016 3346 2138 3387 non
2169 3345 2241 3385 ex
2271 3343 2390 3384 una
2436 3330 2666 3383 tantum
2689 3327 2876 3396 parte,

432 3455 706 3532 gentibus
739 3451 928 3508 salvos
957 3447 1100 3504 facit
1128 3460 1235 3516 per
1265 3441 1446 3498 ﬁdem
1477 3453 1578 3493 eos
1610 3432 1744 3505 quis
1777 3427 1966 3484 salute
1997 3419 2159 3493 digni
2192 3422 2350 3474 sunt.

3690 303 3822 366 520

2154 459 2255 524 τῆς
2284 451 2359 514 εἷς
2389 449 2584 513 αὖτοὺς
2625 444 2837 511 δικαίας
2890 441 3164 521 τιμωρίας
3195 443 3293 497 :05
3326 442 3480 508 Θεοῦ,
3511 435 3602 492 καὶ
3627 434 3690 490 τὸ
3723 432 3829 490 δυ-

2154 544 2311 600 νατὸν
2345 542 2533 609 αὐτοῦ,
2591 537 2886 605 τουτέστιν,
2943 538 2978 606 ὴ
3036 530 3391 607 τιμωρητική
3433 526 3688 602 δύναμις,
3720 524 3825 580 καὶ

2158 637 2194 705 ἡ
2254 629 2475 703 ἔνδειξις
2529 636 2628 699 τῆς
2686 630 2878 702 ὀργῆς,
2938 625 3005 696 ἦς
3063 623 3195 678 εἰσιν
3255 619 3398 691 ἄξιοι
3440 618 3732 695 τυγχάνειν
3764 615 3828 669 (ἐ.

2157 727 2422 782 τοιοῦτοι.
2477 745 2505 774 ‹‹
2541 719 2638 776 Καὶ
2693 719 2779 774 ἳνα
2829 714 3096 793 γνωρίσῃ.
3135 737 3161 765 ››
3222 711 3346 766 Δυσὶ
3408 710 3634 782 τρόποις
3667 726 3824 781 σχη-

2166 814 2442 888 ματίζεται
2489 808 2614 866 τόδε
2655 810 2718 864 τὸ
2768 808 2955 884 ῥητὸν,
2991 804 3095 861 ἀπὸ
3143 805 3350 867 κοινοῦ,
3405 799 3495 854 καὶ
3534 796 3830 854 ὲλλειπτι-

2162 911 2295 968 κίὺς.
2355 904 2490 961 Ἀπὸ
2542 904 2729 958 κοινοῦ
2787 899 2880 974 μὶν
2936 897 3038 972 γὰρ
3099 893 3180 949 δεῖ
3236 887 3425 950 λαϐεῖν
3473 891 3561 952 τὸ,
3595 913 3623 940 ι(
3657 888 3835 943 Ἠνεο

2166 1017 2310 1071 γκεν,
2366 1017 2394 1045 ››
2481 994 2708 1070 Ἤνεγκε
2763 987 2925 1058 σκεύη
2987 985 3182 1061 ὀργῆς,
3240 983 3326 1036 καὶ
3385 979 3574 1054 ⁸ἢνεγκε
3623 976 3838 1046 σκεύηο

2167 1083 2376 1144 ἐλέους.
2409 1079 2803 1140 Ἐλλειπτικῶς
2855 1075 2932 1147 ὸὶ,
2986 1073 3072 1131 δτι
3122 1073 3227 1128 οὐκ
3255 1071 3403 1126 εἶπεν
3435 1069 3510 1132 εἰς
3542 1067 3591 1124 τί
3625 1067 3839 1140 ἣνεγκε

2169 1176 2234 1230 τὰ
2288 1173 2449 1243 σκεύη
2507 1174 2605 1226 :05
2653 1169 2859 1237 ἐλέους,
2918 1163 3100 1236 ὥσπερ
3133 1162 3241 1218 ἐκεῖ
3274 1161 3392 1217 εἶπε
3421 1162 3487 1215 τὰ
3517 1158 3680 1224 σκεύη
3719 1162 3840 1224 τῆς

2171 1263 2366 1338 ὸργῆς,
2417 1260 2500 1315 ὅτι
2548 1258 2623 1320 εἷς
2675 1257 2973 1312 ἀπώλειαν.
3026 1250 3408 1323 Ἑξακουστέον
3453 1248 3542 1305 οὖν
3577 1245 3845 1312 ἐνταῦθα,

2172 1355 2256 1422 τὸ,
2334 1350 2426 1412 Εἷς
2502 1347 2792 1424 σωτηρίαν.
2870 1346 3000 1406 Τοῖς
3081 1344 3183 1419 γὰρ
3257 1341 3660 1416 καταφρονοῦσι
3739 1333 3852 1390 καὶ

2177 1444 2479 1518 ὑπερορῶσι
2535 1446 2637 1510 τῆς
2697 1435 2979 1509 δυνάμεως
3029 1437 3126 1489 τοῦ
3181 1435 3340 1498 Θεοῦ,
3395 1430 3692 1502 ἀναγκαῖον
3742 1424 3851 1478 καὶ

2178 1515 2450 1610 συμφέρον
2480 1529 2546 1599 ἦν
2595 1525 2857 1603 γνωρίσαι
2916 1525 3108 1584 αὐτοῖς
3142 1519 3231 1577 διὰ
3260 1519 3529 1595 τιμωρίας
3561 1519 3625 1573 τὸ
3668 1515 3847 1573 δυνα-

2179 1623 2268 1678 τὸν
2321 1619 2410 1676 καὶ
2469 1617 2755 1680 πανσθενὶς
2808 1616 2898 1669 καὶ
2955 1611 3359 1668 πανεπίσκοπον
3411 1608 3597 1666 αὐτοῦ.
3641 1631 3670 1658 ‹‹
3705 1605 3852 1664 Ἐπὶ

2180 1711 2340 1782 σκεύη
2388 1707 2596 1770 ἐλέους.
2630 1730 2658 1758 ››
2718 1707 2945 1780 Ὠσπερ,
3005 1701 3192 1779 φησὶν,
3252 1699 3329 1761 εἷς
3385 1699 3449 1754 τὰ
3511 1696 3677 1768 σκεύη
3736 1703 3851 1767 τῆς

1014 1787 1058 1898 t,
1087 1835 1152 1886 ut
1183 1787 1678 1899 per’supplicium
1708 1810 1930 1864 faceret
1954 1803 2072 1858 illis

2185 1802 2375 1877 ὀργῆς,
2406 1797 2672 1868 τουτέστι,
2727 1797 2817 1852 τὸν
2879 1795 3082 1870 Φαραὼ
3139 1793 3364 1868 ἤνεγκεν
3422 1791 3614 1867 ὀργὴν,
3647 1787 3859 1844 πολλὰ

2274 1891 2284 1899 .
2655 1889 2676 1899 Α
2787 1888 2797 1899 ι
3009 1883 3034 1899 Η
3270 1881 3283 1898 \
3349 1879 3362 1899 9
3533 1877 3547 1898 Ι
3628 1877 3708 1899 ’Ἅι

2182 1891 2444 1966 πρότερον
2474 1888 2924 1962 μακροθυμήσας,
2975 1883 3148 1942 οὕτως
3197 1881 3287 1936 καὶ
3321 1879 3397 1943 εἷς
3427 1877 3590 1951 σκεύη
3624 1877 3860 1946 ἐλέους,

2181 1980 2478 2049 τουτέστιν,
2509 1976 2586 2038 εἷς
2618 1973 2795 2047 ἀξίους
2849 1978 2945 2029 :05
2977 1971 3245 2035 ἐλεεῖσθαι
3275 1971 3446 2042 ἡμᾶς,
3478 1968 3675 2042 ἤνεγκε
3704 1965 3860 2047 φιλ-

2180 2066 2508 2143 ανϐρωπίαν.
2567 2070 2737 2120 Τοῦτο
2796 2063 2899 2140 γὰρ
2959 2058 3445 2117 συνυπακουστέον.
3505 2083 3532 2110 ι(
3577 2059 3651 2114 Ἀ
3708 2077 3862 2131 προ-

2182 2161 2496 2232 ητοίμασεν.
2523 2182 2551 2210 ››
2583 2154 2970 2232 Προητοίμασε
3012 2150 3091 2221 δὲ,
3141 2150 3257 2206 ἐπεὶ
3291 2148 3429 2226 ἔγνω
3459 2149 3643 2220 ἀξίους
3677 2145 3860 2203 ἐλέου

2183 2248 2272 2306 διὰ
2298 2251 2396 2318 τὴν
2429 2246 2630 2303 πίστιν.
2663 2244 2838 2304 Τοῦτο
2900 2240 2979 2307 δὲ,
3039 2241 3114 2304 εἰς
3175 2237 3330 2312 δόξαν
3364 2238 3527 2295 αὖ)τοῦ
3559 2236 3856 2293 συντείνει.

2183 2366 2212 2395 (ι
2244 2339 2680 2417 Προητοίμασεν.
2716 2359 2743 2386 ››
2786 2367 2851 2376 -
2883 2334 3091 2408 [ΦΩΤ.]
3148 2332 3236 2394 Ὠς
3283 2329 3634 2404 προγνώστης
3667 2327 3767 2380 καὶ
3807 2326 3864 2382 εἰ

2184 2430 2291 2492 δὼς
2323 2431 2406 2486 ὃτι
2438 2424 2726 2484 σπουδαῖοι
2786 2423 3018 2480 ἔσονται.
3086 2419 3496 2495 ΙΙροητοίμασεν
3539 2416 3628 2472 οὖν
3670 2415 3858 2471 αὐτοῦ

2181 2521 2247 2576 τὰ
2301 2519 2422 2593 ἄξια
2473 2516 2657 2578 ἐλέους
2694 2514 2883 2584 σκεύη,
2938 2511 3016 2574 εἷς
3075 2508 3252 2581 δόξαν,
3311 2505 3602 2572 τουτέστιν,
3653 2503 3733 2568 εἰς
3781 2505 3854 2567 τὸ

2184 2609 2507 2681 δοξασθῆναι
2538 2605 2691 2662 αὗταί.
2752 2603 2858 2660 Καὶ
2916 2603 3017 2679 γὰρ
3073 2603 3100 2656 6
3153 2597 3394 2661 πλοῦτος
3423 2603 3521 2666 τῆς
3551 2592 3706 2665 δόξης
3736 2592 3851 2648 αὖ-

2179 2705 2278 2756 :05
2309 2697 2608 2776 ἐγνωρίσθη
2644 2693 2695 2750 ἐν
2745 2696 2905 2767 ἡμῖν,
2966 2691 3048 2747 ὅτι
3103 2693 3219 2751 τοῖς
3279 2685 3533 2748 εἰδώλοις
3564 2703 3855 2760 προσανα-

2179 2789 2485 2862 κειμένους,
2525 2786 2612 2841 καὶ
2648 2782 2882 2844 δούλους
2941 2781 3288 2855 ὑπάρχοντας
3321 2777 3507 2832 παθῶν
3533 2775 3620 2830 καὶ
3660 2774 3854 2846 ἁμαρ.

2180 2880 2320 2946 τίας,
2381 2877 2444 2932 ού
2506 2873 2669 2948 μόνον
2726 2872 2933 2927 τούτων
2988 2868 3384 2942 ἠλευθέρωσεν,
3433 2863 3581 2921 ἀλλᾶ
3626 2862 3721 2917 καὶ
3752 2859 3854 2918 διὰ

2181 2965 2452 3032 υἱοθεσίας
2486 2961 2756 3036 ἐδόξασεν,
2782 2985 2809 3013 ‹‹
2835 2960 2908 3016 Οὐ
2935 2957 3098 3033 μόνον
3125 2955 3178 3028 ἐξ
3199 2953 3498 3013 Ἰουδαίων.
3519 2977 3548 3006 »
3572 2954 3738 3026 Ὁρᾷς
3757 2951 3852 3006 δτι

2186 3058 2250 3113 οὐ
2287 3058 2609 3132 μονομερῶς
2650 3053 2678 3108 ὁ
2727 3051 2881 3118 Θεὸς,
2923 3047 3070 3106 ἀλλὰ
3115 3047 3206 3101 καὶ
3259 3045 3311 3116 ἐξ
3359 3040 3640 3102 Ἰουδαίων
3670 3039 3761 3096 καὶ
3796 3038 3852 3112 ἐξ

1914 3170 2066 3212 esse-
2106 3136 2148 3201 C
2178 3147 2344 3203 ἐθνῶν
2380 3145 2543 3214 σώζει
2600 3139 2689 3197 διὰ
2744 3147 2843 3210 τῆς
2893 3138 3126 3198 πίστεως
3163 3134 3292 3196 τοὺς
3327 3133 3506 3207 ἀξίους
3538 3129 3844 3203 σωτηρίας.

1605 3254 1799 3312 solum
1855 3247 1947 3302 bis
2005 3238 2296 3306 liberavit,
2350 3252 2558 3292 verum
2617 3232 2794 3288 etiam
2847 3245 2956 3303 per
3013 3225 3395 3299 adoptionem
3487 3221 3854 3296 gloriﬁcavit

2911 3318 3016 3376 sed
3049 3323 3167 3374 tam
3194 3333 3264 3374 ex
3283 3313 3501 3372 Iudaeis
3534 3327 3718 3386 quam
3747 3327 3845 3368 ex.

2252 3510 2338 3566 Ὠς
2381 3501 2472 3558 καὶ
2548 3500 2598 3556 ἐν
2673 3504 2754 3572 τῷ
2826 3498 2991 3568 Ὠσηε
3065 3493 3234 3570 λέγει·
3311 3488 3538 3548 Καλέσω
3612 3490 3707 3544 τὸν
3783 3486 3848 3544 οὔ

2185 3592 2314 3650 λαόν
2386 3611 2513 3664 μου,
2581 3586 2714 3644 λαόν
2787 3607 2916 3661 μου,
2983 3583 3074 3640 καὶ
3136 3583 3236 3651 τὴν
3304 3580 3403 3636 οὐκ
3439 3579 3838 3656 ἠγαπημένην,

2183 3682 2574 3757 ἠγαπημένην.
2645 3677 2750 3737 Καὶ
2807 3669 2956 3732 ἔσται
3017 3672 3068 3728 ἐν
3139 3675 3217 3744 τῷ
3269 3669 3426 3742 τόπῳ
3493 3668 3556 3723 οὗ
3625 3665 3832 3742 ἐρῥήθη

2184 3774 2390 3834 αὐτοῖς·
2468 3770 2546 3827 Οὑ
2612 3766 2749 3828 λαός
2818 3785 2922 3839 μου
3002 3763 3179 3838 ὑμεῖς,
3254 3758 3365 3816 ἐκεῖ
3459 3755 3842 3828 κληθήσονται

2186 3863 2295 3919 υἱοὶ
2360 3864 2495 3918 Θεοῦ
2561 3861 2784 3929 ζῶντος.
2847 3854 3075 3915 Ἦσαῗας
3167 3848 3226 3907 δὲ
3290 3849 3479 3926 κράζει
3546 3846 3673 3920 ὑπὲρ
3741 3846 3838 3898 τοῦ

2186 3951 2429 4029 Ἰσραήλ·
2509 3948 2631 4006 Ἐάν
2695 3945 2732 4022 ᾖ
2800 3945 2829 4000 6
2897 3941 3130 4019 ἀριθμὸς
3205 3943 3314 3995 τῶν
3391 3936 3521 3994 υῗῶν
3586 3929 3823 4006 Ἰσραὴλ·

2185 4042 2260 4104 ὡς
2325 4043 2361 4110 ἡ
2427 4037 2612 4112 ἄμμος
2680 4041 2780 4104 τῆς
2839 4029 3143 4100 θαλάσσης,
3189 4028 3253 4084 τὸ
3317 4024 3644 4094 γατάλειμμα
3710 4038 3822 4072 σω-

2184 4134 2428 4204 θήσεται.

2254 4223 2376 4279 Ὅτι
2423 4215 2502 4285 δὲ,
2552 4213 2739 4295 φησὶν,
2792 4213 2901 4288 οὐχ
2951 4208 3165 4278 ἁπλῶς,
3197 4203 3334 4273 οὐδ’,
3367 4207 3442 4268 ὡς
3474 4202 3530 4260 ἃν
3559 4197 3702 4258 εἴποι
3729 4218 3840 4268 τις,

2190 4312 2513 4385 μονομερῶς
2566 4303 2760 4361 ἔσωσεν
2819 4302 2847 4357 6
2904 4299 3034 4362 Θεὸς
3088 4295 3220 4360 τοὺς
3277 4294 3328 4369 ἐξ
3386 4295 3550 4351 ἐθνῶν
3595 4286 3847 4357 πιστοὺς,

2189 4382 2314 4456 ἄλλ’
2371 4382 2561 4463 ἐπειδὴ
2613 4390 2754 4463 ἄξιοι
2810 4390 2948 4459 ἦσαν
3000 4387 3296 4462 σωτηρίας,
3329 4385 3563 4461 παράγει
3591 4382 3685 4438 τὸν
3709 4399 3854 4456 προσ

2190 4491 2366 4569 φητην
2399 4485 2507 4561 πρὸ
2537 4482 2810 4541 τοσούτων
2855 4480 3072 4555 χρόνων
3131 4482 3296 4537 τοῦτο
3341 4469 3852 4552 προαναφωνοῦντα.

2191 4579 2329 4639 Ἰδοὺ
2358 4579 2464 4658 γὰρ
2522 4577 2550 4631 6
2609 4573 2762 4643 Θεὸς,
2818 4572 2910 4628 καὶ
2969 4569 3126 4639 λαὸν,
3185 4567 3277 4624 καὶ
3329 4563 3696 4642 ἠγαπημένην
3728 4563 3858 4619 Ἐκ-

2187 4646 2445 4742 κλησίαν,
2519 4663 2609 4722 καὶ
2679 4660 2834 4725 υἱοὺς
2901 4657 3064 4716 καλεῖ
3103 4659 3232 4721 τοὺς
3295 4656 3348 4728 ἐξ
3407 4653 3598 4720 ἐθνῶν.
3639 4650 3706 4709 Τί
3783 4646 3852 4716 δὴ

2432 4757 2648 4818 πάντως
2713 4750 2805 4809 διὰ
2870 4753 2970 4821 τήν
3040 4749 3220 4805 αὐτῶν
3291 4740 3722 4821 εὐγνωμοσύνην
3760 4736 3856 4794 καὶ

2195 4850 2399 4906 πίστιν.
2473 4870 2493 4897 ι
2535 4845 2649 4913 Τὴν
2720 4841 2821 4903 οὐκ
2883 4835 3270 4914 ἠγαπημένην.
3315 4859 3344 4886 ››
3384 4835 3498 4903 Τὴν
3566 4831 3618 4900 ἐξ
3684 4828 3854 4885 ἰθνῶν

2199 4937 2551 5008 Ἐκκλησίαν,
2619 4935 2736 5002 ἣτις
2804 4929 2904 4986 οὐκ
2968 4927 3221 5003 ἠγάπητο
3287 4923 3570 4999 πρότερον.
3624 4917 3701 4978 Οὐ
3751 4917 3858 4995 γὰρ

2200 5038 2462 5114 ἐγίνωσκε
2512 5030 2663 5100 Θεόν,
2722 5053 2750 5081 ι(
2800 5027 2876 5086 Οὐ
2933 5024 3066 5088 λαός
3129 5045 3233 5098 μου
3296 5023 3471 5096 ὑμεῖς.
3531 5043 3559 5073 »
3617 5017 3701 5075 Τὰ
3757 5016 3863 5092 γὰρ

2202 5123 2327 5197 ἔθνη
2388 5124 2684 5197 ἀπηρνεῖτο
2741 5119 2770 5173 6
2843 5118 2976 5177 Θεὸς
3033 5111 3230 5183 πάλαι,
3291 5108 3381 5167 διὰ
3433 5110 3532 5178 την
3593 5102 3859 5162 δεισιδαιο

2209 5195 2416 5292 μονίαν.
2477 5195 2517 5264 «⁷
2563 5205 2787 5270 Ἦσαΐας
2957 5203 3148 5280 κράζει
3201 5201 3336 5292 ὸπὲρ
3391 5204 3488 5257 :05
3545 5195 3796 5271 Ἰσραήλ.
3832 5215 3858 5246 ι

2206 5283 2400 5365 ossa».
2433 5299 2618 5382 φησιν,
2651 5291 3150 5382 ὑποστελλόμενος,
3202 5288 3351 5348 ἀλλά
3399 5283 3702 5364 διαρῥήδην
3737 5285 3867 5360 βοᾷ.

2207 5394 2351 5470 Πρὸς
2408 5393 2578 5448 ταῦτα
2629 5386 2802 5443 πάντα
2848 5384 2918 5440 τὰ
2965 5380 3344 5462 ἀνεξιχνίαστοι
3396 5377 3638 5454 κρίματα
3674 5373 3868 5438 αὐτοῦ,

2208 5461 2350 5543 «ι’Σὶ)
2407 5481 2492 5543 τίς
2549 5478 2602 5537 εἴ
2650 5477 2680 5534 6
2735 5461 3280 5549 ἀνταποκρινόμενος.
3316 5469 3602 5542 τῷ-Θεῷ;
3632 5487 3657 5518 ι
3715 5461 3871 5526 Κατὰ
3909 5503 3912 5505 μ

2209 5570 2397 5634 κοινοῦ
2423 5574 2585 5628 τοῦτο
2637 5562 2953 5634 ἀκουστέον,
2988 5548 3045 5632 ²ἤ
3091 5559 3231 5624 γατᾶ
3263 5554 3510 5632 ἔλλειψιν
3539 5548 3872 5626 ἐχληπτὲον.

2215 5669 2370 5738 Οἷον,
2433 5687 2463 5717 (ι
2497 5659 2562 5720 El
2623 5656 2796 5724 θέλων
2857 5655 2886 5712 6
2944 5652 3076 5714 Θεὸς
3135 5646 3483 5724 ίνδείεασϐαι.
3518 5671 3550 5700 ιο
3579 5644 3715 5705 Εἶτα
3741 5639 3876 5700 τάδε
