4126 6256
384 357 501 423 543

1506 357 1918 424 ωῦυΜΕΝΙΙ
1964 359 2267 426 ΤΒΙΟΟᾸΣ
2320 362 2669 433 EPISCOPI

3690 366 3811 430 3M

382 498 532 572 ipsis
562 495 1036 555 consolationem
1068 494 1356 554 invenire.
1391 496 1622 555 Etenim
1654 503 1914 570 peccata,
1935 499 2038 570 ait,

2154 502 2499 577 παραμυθίαν
2532 504 2718 570 αὐτοῖς
2773 506 2966 580 εὖρεῖν.
3026 507 3105 566 Τά
3158 504 3255 581 μὶν
3313 507 3420 583 γὰρ
3470 504 3828 582 ἁμαρτήμα-

384 589 646 645 maxima
667 593 843 653 sunt;
877 584 1021 642 num
1047 602 1183 660 ergo
1203 586 1403 643 taliter
1424 587 1891 662 impegerunt,ut
1910 605 2046 646 cum

388 677 737 743 ceciderint,
769 676 1029 747 amplius
1060 692 1180 732 non
1211 683 1525 742 resurgant
1552 678 1730 734 etiam
1765 678 1813 734 si
1836 679 2049 737 velint?

390 764 581 834 Absit,
645 764 843 836 inquit
886 780 1265 836 ;quanquam
1317 766 1478 822 enim
1537 767 1932 840 impegerunt,
1965 785 2053 824 re-

391 857 506 929 cipi
567 864 820 929 possunt
849 873 884 911 a
944 857 1084 924 Deo,
1115 857 1160 911 si
1219 858 1396 913 modo
1446 858 1648 915 velint.
1682 859 1821 914 Vide
1846 866 2048 916 tamen

389 944 551 1020 quod
582 948 642 1004 in
677 947 807 1018 ipsa
837 963 1078 1019 quoque
1128 947 1537 1005 consolatione
1590 948 1878 1005 obnoxios
1909 951 2052 1007 facit

387 1051 489 1094 eos
518 1037 913 1094 maximorum
961 1043 1361 1107 peccatorum.
1396 1066 1460 1078 —
1496 1037 1630 1094 Alio
1664 1039 1852 1093 modo.
1893 1039 2048 1104 Quo—

380 1128 544 1184 niam
578 1128 734 1182 inter
762 1143 863 1182 eos
892 1126 992 1196 qui
1026 1125 1397 1199 impingunt,
1431 1126 1673 1197 quidam
1703 1143 1874 1183 crure
1913 1133 2043 1184 tan-

379 1223 506 1273 tum
537 1215 868 1279 offendunt,
904 1215 1005 1271 alii
1038 1231 1176 1272 vero
1207 1215 1386 1271 etiam
1413 1215 1714 1279 decidunt.
1743 1216 1949 1274 volens
1972 1218 2045 1273 si-

382 1305 750 1365 mulJudmos
771 1304 844 1362 ad
875 1320 1093 1379 magna
1113 1322 1167 1359 m
1187 1305 1372 1362 animi
1390 1321 1701 1363 mmrorem
1725 1305 2041 1375 deducere,

384 1402 451 1453 ut
476 1395 577 1467 qui
610 1394 774 1467 prius
804 1394 1214 1451 csntumeliosi
1251 1395 1523 1458 fuissent.
1553 1395 1734 1452 simul
1755 1396 1933 1453 etiam
1966 1396 2040 1454 ad

376 1487 559 1544 ﬂuem
587 1485 887 1542 adhortari
917 1502 930 1540 :
964 1484 1108 1542 dicit
1137 1484 1292 1558 quod
1324 1485 1613 1559 impactio
1645 1503 1852 1543 eorum
1878 1486 2035 1544 facta

375 1582 484 1643 est,
515 1591 638 1632 non
660 1580 727 1632 ut
768 1575 1015 1632 omnina
1061 1574 1426 1644 deciderent,
1461 1575 1566 1631 sed
1612 1580 1680 1632 ut
1709 1592 1882 1633 crure
1907 1582 2038 1633 tan-

373 1678 501 1730 turn
535 1671 907 1730 offenderent
941 1689 955 1727 :
989 1688 1183 1744 neque
1215 1672 1329 1729 hoc
1361 1679 1605 1741 temere,
1642 1673 1747 1729 sed
1789 1672 2038 1745 dispen-

377 1763 609 1820 satione
642 1762 898 1835 quadam
960 1762 1072 1818 hoc
1130 1762 1357 1819 factum
1388 1769 1498 1821 est.
1538 1768 1605 1817 ut
1633 1779 1741 1835 per
1798 1762 2039 1819 illorum

2153 610 2241 660 τα,
2275 594 2427 670 φησῗ,
2465 596 2714 670 μεγιστω
2749 594 2853 672 ἆρα
2884 594 2943 652 at
2993 598 3069 668 μή
3129 599 3356 651 τοιαῦτα
3411 594 3709 666 ἔπταισαν,
3738 591 3768 652 ’ί
3797 617 3830 652 α

2154 681 2407 745 πεσόντες
2467 686 2543 756 μή
2604 685 2908 741 ἀναστῶσιν
2965 683 3046 742 ἔτι
3129 683 3227 739 κᾶν
3288 682 3677 760 βουληθῶσις
3737 686 3827 756 Mi;

2154 768 2393 843 γένοιτο,
2433 771 2618 851 φησίν.
2679 774 2782 831 Οἷα
2839 772 2945 848 γὰρ
2999 769 3060 827 ἃν
3129 771 3402 840 ἔπταισαν,
3466 770 3664 827 δεκτοί
3728 773 3833 829 εἶσι

2153 865 2288 931 Θεῷ.
2324 862 2682 936 βουληθέντες
2713 864 2901 936 μόνον
2941 860 3092 933 ΙΙλὴν
3124 863 3226 937 δρα
3254 861 3338 917 ὅτι
3367 863 3455 917 καὶ
3484 862 3534 916 ἔν
3570 861 3727 936 αὐτῇ
3759 866 3830 937 τῇ

2150 950 2473 1024 παραμυθίά
2503 951 2828 1015 ὑπευθύνους
2866 952 3061 1013 αὐτοὺς
3120 956 3271 1007 ποιεῖ
3329 950 3613 1026 μεγίστων
3646 953 3833 1027 ἁμαρ-

2149 1041 2435 1110 τημάτων.
2497 1073 2567 1084 -
2624 1043 2828 1115 [φοι]
2887 1039 3131 1104 Ἀλλως.
3190 1038 3415 1110 Ἐπειδὴ
3474 1044 3591 1094 τῶν
3655 1060 3835 1113 προσ·

2151 1129 2482 1197 πταιόντων,
2526 1129 2578 1184 οἱ
2634 1132 2728 1201 μὶν
2784 1128 3063 1193 πταίοντες
3122 1127 3584 1199 ὑποσκελίζονται
3629 1130 3834 1202 μόνον,

2152 1216 2203 1272 οἱ
2236 1214 2294 1273 δὲ
2339 1218 2430 1274 καὶ
2472 1220 2893 1289 καταπίπτουσι,
2929 1215 3103 1274 θέλων
3165 1219 3296 1280 τοὺς
3349 1215 3677 1281 Ἰουδαίους
3723 1221 3841 1291 ἅμα

2151 1306 2246 1380 μὲν
2276 1312 2376 1375 τῆς
2409 1307 2629 1377 πολλῆς
2662 1308 2896 1380 ἀθυμίας
2947 1307 3024 1365 ὠς
3084 1302 3557 1382 προυϐρισμὲνους
3606 1307 3840 1383 ἀπαγα-

2145 1401 2287 1471 γεῖν,
2319 1397 2433 1469 ἅμα
2464 1394 2522 1452 δὲ
2546 1396 2635 1453 καὶ
2664 1397 2752 1453 ἰπὶ
2782 1399 2881 1465 τὴν
2917 1397 3099 1453 πίστιν
3153 1397 3589 1472 προτρέψασθαι,
3627 1400 3834 1478 φησν,

2146 1484 2232 1540 δτι
2259 1485 2321 1540 τὸ
2351 1491 2599 1556 πταῖσμα
2629 1486 2826 1552 αὐτῶν,
2863 1485 2992 1566 elixi
3047 1486 3126 1547 ιίς
3183 1488 3533 1543 καταπτωσιν
3603 1485 3836 1543 τελείαν

2145 1574 2379 1649 γέγονεν,
2413 1574 2560 1633 ἀλλά
2593 1577 2757 1648 μὸνον
2792 1577 2908 1633 οἶον
2962 1574 3447 1647 ὑπεσκελίσθησαν.
3504 1577 3623 1635 Καὶ
3658 1582 3834 1634 τοῦτο

2145 1665 2253 1741 οὐχ
2284 1665 2495 1733 ἁπλῶς,
2529 1664 2676 1723 ἀλλά
2706 1664 2925 1722 διατινα
2949 1666 3267 1740 οῒκονομίαν
3297 1670 3705 1743 συνεχωρήθη,
3740 1665 3836 1724 ’ίνα

2144 1761 2195 1818 ia
2228 1768 2308 1833 τῷ
2338 1763 2555 1820 ἐκείνων
2590 1765 3019 1840 παραπτώματι,
3078 1765 3299 1842 γένηται
3361 1764 3457 1839 μὶν
3491 1767 3525 1834 ἡ
3555 1765 3843 1837 σωτηρία

377 1853 771 1909 offensionem
804 1852 966 1908 salus
999 1851 1100 1908 fiat
1120 1852 1426 1921 gentibus:
1452 1853 1554 1907 flat
1577 1860 1775 1908 autem
1800 1859 1858 1907 et
1878 1852 2039 1926 ipso-

2152 1857 2261 1917 τοῖς
2288 1850 2514 1919 ἔθνεσιν,
2558 1851 2776 1928 γένηται
2838 1851 2894 1909 δὲ
2949 1855 3036 1909 καὶ
3094 1851 3273 1911 αὐτῶν
3333 1853 3553 1911 ἐκείνων
3583 1857 3630 1926 ἡ
3670 1855 3845 1930 ἀνόρ-

380 1959 517 2002 rum
549 1943 789 2012 erectio,
822 1942 956 2000 illos
995 1944 1094 2014 qui
1126 1948 1267 1999 sunt
1297 1959 1367 1998 ex
1397 1942 1675 2017 gentibus
1699 1943 2041 2001 tumulando

381 2032 782 2090 acimitando.
820 2032 985 2104 Ipsos
1021 2032 1222 2104 itaque
1261 2031 1606 2101 offendisse,
1644 2033 1878 2091 confert
1905 2049 2046 2106 quo-

382 2120 706 2179 dammodo
730 2122 803 2178 ad
826 2120 1095 2193 ipsorum
1121 2121 1562 2191 erectionem,si
1585 2123 1847 2195 ipsorum
1873 2123 2044 2196 lapsu

383 2210 547 2269 salus
582 2218 668 2267 est
699 2210 977 2285 gentibus
1010 2226 1024 2267 :
1057 2212 1119 2268 in
1152 2211 1342 2267 salute
1374 2217 1571 2268 autem
1604 2211 1946 2280 mmulatio;
1980 2213 2042 2270 in

381 2300 766 2361 aemulatione
798 2316 959 2371 vero,
1011 2316 1215 2358 eorum
1268 2302 1369 2374 qui
1420 2300 1759 2358 ceciderant
1798 2303 2041 2361 erectio.

383 2391 542 2450 Talis
572 2404 829 2464 namque
856 2397 948 2446 est
978 2391 1077 2447 Dei
1109 2390 1433 2447 inetl'abilis
1457 2398 1515 2446 et
1536 2390 2044 2463 incomprehensi-

384 2481 525 2538 bllis
558 2480 931 2553 providentia
958 2497 1025 2537 ac
1055 2480 1446 2552 dispensatio,
1485 2480 1645 2553 quod
1677 2497 1744 2538 ex
1776 2481 1869 2537 liis
1909 2499 2040 2553 qum

385 2570 645 2630 maxime
674 2570 945 2627 videntur
968 2571 1272 2643 implicata
1302 2571 1576 2642 explicet,
1601 2577 1746 2627 etex
1779 2570 2041 2628 adversis

382 2687 452 2728 ea
482 2676 722 2743 prmstet
751 2686 882 2742 qum
918 2670 1163 2726 utiliora
1195 2676 1352 2726 sunt.
1388 2669 1694 2741 Siquidem
1736 2669 1919 2725 Judaei
1954 2669 2035 2726 ita

389 2763 780 2833 impegerant,
812 2765 878 2815 ut
906 2764 965 2813 et
984 2758 1266 2814 caderent
1293 2765 1353 2815 et
1374 2759 1668 2829 jacerent,
1703 2765 1761 2813 et
1791 2773 1901 2814 nec
1923 2758 2040 2814 sibi

385 2864 497 2904 nec
545 2849 679 2904 aliis
727 2847 983 2915 alicujus
1032 2844 1328 2902 commodi
1368 2862 1547 2901 causa
1581 2846 1836 2901 flerent:
1884 2852 2038 2902 Deus

383 2943 580 2993 autem
615 2935 787 3008 lapsu
817 2935 1078 3003 illorum,
1112 2941 1166 2990 et
1197 2934 1271 2990 ad
1302 2935 1568 3008 gentium
1599 2936 1852 2990 salutem
1887 2951 2030 2992 usus

386 3025 492 3092 esi,
524 3029 583 3080 et
611 3022 685 3080 ad
717 3039 923 3079 eorum
958 3024 1220 3094 ipsorum
1253 3023 1615 3079 erectionem
1647 3039 1679 3079 a
1712 3023 2031 3096 lapsu.Ita-

385 3129 501 3187 que
534 3129 654 3169 non
685 3113 771 3168 sic
800 3112 1196 3187 impegerunt,
1235 3114 1350 3169 Deo
1381 3112 1507 3169 haec
1557 3111 1935 3184 disponente,
1969 3117 2036 3168 ut

384 3201 669 3258 caderent
700 3217 713 3269 ;
748 3200 850 3257 sed
883 3200 1255 3273 impegerunt
1280 3207 1350 3257 ut
1385 3200 1840 3274 corrigerentur.
1876 3201 2034 3258 852

383 3290 565 3362 Magis
586 3291 969 3354 autem,sicut
990 3291 1133 3345 dicit
1150 3290 1558 3362 Apostolus,ut
1582 3290 1800 3346 divitias
1828 3288 2034 3347 mundi

385 3378 606 3436 flerent
659 3394 728 3433 ac
780 3377 1000 3434 divitia:
1060 3380 1347 3452 gentium,
1379 3387 1439 3434 et
1493 3378 1631 3434 inde
1675 3387 1915 3451 peracta
1943 3385 2036 3435 est

387 3466 597 3524 mundi
631 3467 1056 3533 reconciliatio,
1079 3469 1467 3540 omniumque
1495 3470 1756 3540 perfecta
1785 3469 2038 3524 resusci-

387 3566 560 3633 tatio,
592 3580 712 3621 non
745 3579 949 3621 eorum
982 3571 1210 3620 tantum
1243 3566 1343 3639 qui
1402 3565 1796 3638 impegerant,
1835 3582 2040 3623 verum

394 3656 572 3713 etiam
601 3669 806 3710 eorum
840 3653 941 3726 qui
974 3670 1162 3726 usque
1195 3655 1269 3710 ad
1328 3660 1582 3711 mortem
1614 3670 1683 3711 ac
1714 3654 2037 3711 mortifica-

387 3745 616 3801 tionem
647 3742 1012 3800 deciderant.
1050 3743 1115 3798 Et
1145 3742 1292 3799 vide.
1319 3743 1494 3799 Initio
1517 3742 1781 3815 quidem.
1812 3742 2041 3800 Judaao-

390 3851 525 3891 rum
557 3832 1037 3891 incredulitatem
1071 3834 1293 3889 vocavit
1348 3833 1794 3904 impactionem,
1827 3833 2043 3890 deinde

389 3924 975 3996 lapsum.Postquam
1000 3929 1197 3978 autem
1221 3920 1485 3978 ostendit
1507 3922 1591 3977 eis
1607 3922 1901 3980 bonorum
1921 3939 2045 3981 ma-

397 4012 794 4088 gnitudinem,
828 4012 877 4068 si
930 4012 1105 4067 modo
1166 4010 1578 4083 obtemperare
1629 4011 1832 4082 velint,
1882 4012 2046 4085 ipsos

399 4103 578 4158 etiam
605 4101 809 4157 erexit.
844 4100 1075 4156 divitias
1105 4100 1369 4173 gentium
1398 4101 1711 4172 appellanc
1740 4108 1799 4159 et
1836 4103 2043 4159 mundi

389 4191 964 4252 reconciliationem.
1025 4205 1311 4262 suamque
1354 4205 1623 4245 carnem.
1664 4192 1826 4247 Tunc
1865 4194 2046 4249 etiam

394 4286 618 4354 quanta
649 4280 698 4335 si
730 4278 1169 4335 incredulitatis
1207 4278 1545 4334 absurditas
1577 4280 1856 4349 ostendit,
1889 4281 2049 4338 indi-

393 4386 537 4427 cans
566 4370 727 4439 ipsos
758 4384 865 4441 per
893 4369 1046 4424 hanc
1093 4367 1279 4424 factos
1331 4384 1462 4423 esse
1512 4374 1794 4425 mortuos.
1833 4370 2046 4428 Verum

393 4469 505 4525 hoc
533 4482 771 4541 quoque
796 4466 948 4525 miro
980 4465 1157 4521 modo
1187 4464 1421 4533 facit,ad
1434 4466 1793 4537 modumque
1815 4468 2048 4540 sapien-

390 4564 499 4616 ter.
534 4558 767 4616 Etenim
802 4557 944 4631 quia
964 4556 1317 4630 simpliciter
1349 4563 1612 4613 mortuos
1644 4558 1805 4630 ipsos
1837 4558 2044 4631 appel-

2153 1943 2341 2007 θωσες,
2377 1941 2844 2015 παραζηλοόντων
2876 1942 2968 1999 καὶ
3004 1942 3346 2017 μιμουμένον
3377 1943 3507 2007 τοὺς
3537 1944 3595 2018 ἑξ
3634 1943 3834 2003 ἐθνῶν.

2147 2031 2308 2088 Ὠσκε
2334 2032 2395 2086 τὸ
2421 2035 2752 2104 προπταῖσαι
2803 2030 3021 2100 αὖτοὺς,
3079 2030 3281 2108 τρόπον
3337 2032 3458 2089 τινὰ
3514 2032 3595 2095 είς
3657 2032 3836 2109 ἀνόρσο

2148 2121 2313 2175 θωσιν
2369 2119 2547 2175 αὖτῶν
2622 2123 2912 2188 civ-tusi,
2967 2118 3119 2196 εἶ’περ
3170 2118 3223 2175 ἰν
3271 2124 3353 2192 τῷ
3399 2124 3829 2195 παραπτώματι

2150 2208 2324 2263 αὐτῶν
2357 2210 2391 2278 ἡ
2426 2208 2671 2284 σωτηρία
2700 2214 2818 2271 τοῖς
2860 2205 3083 2277 ἔθνεσιν,
3140 2207 3192 2265 ἰν
3252 2205 3311 2265 δὲ
3363 2211 3434 2283 τῇ
3493 2210 3762 2288 σωτηρίᾳ
3792 2211 3826 2280 ἠ

2150 2300 2545 2375 παραζτςΛωσις
2579 2342 2593 2367 ,
2643 2295 2733 2354 διίι
2790 2306 2892 2367 τῆς
2948 2298 3421 2369 παδεαζηλώσεως,
3467 2302 3501 2369 ἧ
3556 2304 3697 2370 τῶν,
3739 2319 3834 2358 πε-

2149 2389 2446 2446 πτωκότων
2481 2386 2802 2463 ἁνόρθωσις.
2862 2387 3105 2458 Τοιαύτη
3165 2387 3272 2466 γὰρ
3306 2391 3468 2458 τοῦ
3523 2393 3672 2445 Θεοῦ
3726 2386 3825 2466 ἆῤ-

2151 2478 2320 2556 ργ,τος
2352 2479 2441 2554 καὶ
2496 2476 2887 2548 ἀκατάληπτος
2943 2479 3172 2553 πρόνοια
3229 2478 3321 2534 καὶ
3382 2477 3700 2551 οῗκονομιά,

2150 2567 2369 2636 ἀπόρων
2427 2565 2631 2641 πόρους
2687 2565 2958 2642 παρέχει,
3006 2568 3095 2622 καὶ
3151 2564 3212 2622 ἐκ
3267 2572 3375 2622 τῶν
3436 2567 3688 2622 ἐναντίων
3742 2568 3813 2624 τὰ

2152 2655 2515 2731 χρηστότερα.
2548 2656 2617 2712 Οἱ
2652 2657 2745 2728 μὲν
2776 2655 2877 2731 γὰρ
2920 2652 3177 2713 Ἰουδαῖοι
3206 2650 3485 2721 ἔπταισαν,
3519 2656 3660 2712 ὥστε
3719 2656 3816 2713 καὶ

2150 2748 2329 2800 πεσεῖν
2357 2745 2446 2799 καὶ
2496 2744 2728 2813 κεῖσθαι,
2774 2743 2864 2799 καὶ
2918 2745 3058 2816 μήτε
3113 2743 3349 2812 ἑαυτοῖς,
3412 2745 3554 2816 μήτε
3601 2744 3824 2822 ἑτέροις

2148 2835 2396 2909 χρηστοῦ
2452 2853 2602 2897 τινος
2683 2834 2999 2908 γενήσεσθαι
3068 2831 3257 2891 αἴτιοι.
3318 2834 3375 2887 '0
3425 2831 3485 2889 δὲ
3540 2834 3686 2897 Θεὸς
3743 2839 3820 2907 τῷ

2149 2921 2367 2978 ἐκεῖνων
2400 2921 2831 2997 παραπτώματι,
2861 2920 2953 2977 καὶ
2982 2922 3120 2998 πρὸς
3176 2923 3277 2989 τήν
3332 2926 3438 2977 τῶν
3495 2921 3671 2985 ἐθνῶν
3706 2944 3818 2979 σω-

2148 3011 2338 3087 τηρίαν
2380 3010 2759 3087 ἀπεχρήσατο,
2807 3010 2900 3066 καὶ
2950 3009 3028 3073 εἷς
3055 3011 3157 3081 τήν
3188 3009 3362 3066 αὐτῶν
3420 3008 3645 3066 ἐκείνων
3708 3011 3814 3070 ἀπὸ

2146 3113 2244 3167 του
2291 3112 2738 3185 παραπτώματος
2796 3108 3182 3185 ἐπανόρθωσιν.
3241 3112 3405 3167 Ὥστε
3459 3109 3561 3166 οὐκ
3614 3109 3813 3169 ’ἐπται-

2151 3220 2247 3256 σαν
2309 3203 2501 3262 (ταῦτα
2555 3203 2651 3255 τοῦ
2709 3202 2842 3255 Θεοῦ
2902 3199 3350 3272 οἷκονομοῦντοςὶ
3400 3196 3492 3255 ’ίνα
3542 3201 3813 3272 πέσωσιν,

2149 3287 2277 3346 ἀλλ’
2302 3283 2578 3358 ἔπταισαν,
2605 3286 2700 3344 ἵνα
2733 3285 3162 3359 διορθώσωνται·
3212 3287 3425 3362 μᾶλλον
3488 3286 3568 3361 δὲ,
3602 3290 3682 3354 ὡς
3715 3292 3814 3349 αὖ.

2146 3379 2238 3442 τός
2280 3400 2464 3455 φησιν,
2495 3377 2582 3433 ἵνα
2615 3376 2856 3440 πλοῦτος
2894 3379 3106 3450 κόσμου
3164 3378 3406 3452 γένηται,
3437 3379 3527 3435 καὶ
3562 3377 3813 3445 πλοῦτος

2149 3466 2338 3532 ἐθνῶν.
2370 3465 2474 3526 Καὶ
2516 3464 2573 3521 ἐκ
2626 3467 2828 3522 τοῦτου
2885 3467 3049 3524 πάλιν
3108 3464 3293 3524 τελεία
3342 3465 3672 3543 καταλλαγὴ
3708 3468 3808 3527 κά·

2151 3577 2313 3631 σμου,
2345 3557 2435 3612 καὶ
2474 3555 2658 3613 τελεία
2714 3577 2929 3613 παντων
2976 3552 3290 3621 ἀναϐίωσις.
3345 3557 3408 3614 οὗ
3469 3558 3637 3633 μόνον
3694 3566 3803 3618 τῶν

2150 3645 2659 3719 προσπταισάντων,
2682 3643 2832 3702 ἀλλά
2877 3646 2969 3702 καὶ
3023 3651 3132 3702 τῶν
3194 3649 3365 3724 μέχρι
3422 3649 3653 3713 θανάτου
3711 3650 3797 3706 καί

2148 3743 2459 3817 νεκρώσεως
2507 3743 2939 3799 καταπεσόντων.
2976 3744 3077 3802 Καὶ
3105 3743 3225 3820 ὅρα·
3275 3744 3617 3820 Ἀρχόμενος
3679 3748 3794 3819 μὲν,

2151 3836 2397 3905 πταῖσμα
2440 3832 2540 3902 τήν
2569 3832 2841 3896 ἀπείθειαν
2901 3831 3084 3888 iud/tet
3133 3837 3242 3889 τῶν
3292 3831 3594 3900 Ἰουδαίων,
3652 3834 3787 3906 εἶτα,

2151 3922 2518 3999 παράπτωμα.
2553 3918 2776 3990 Ἐπειδή
2808 3918 2867 3977 δὲ
2894 3916 3087 3995 ἔδειξεν
3134 3921 3319 3984 αὐτοῖς
3370 3921 3483 3995 (ἰάν
3543 3922 3777 3997 βούλων-

2150 4032 2238 4067 ται
2293 4010 2457 4085 μόνον
2518 4014 2829 4082 πεισθῆναι)
2883 4010 2945 4065 τὸ
2996 4012 3223 4086 μέγεθος
3281 4015 3391 4067 τῶν
3445 4011 3644 4085 ἀγαθῶν
3687 4007 3774 4064 καὶ

2154 4100 2351 4174 ἐπῆρεν
2391 4100 2588 4162 αὐτοὺς
2629 4099 2867 4156 πλοῦτον
2923 4098 3090 4164 ἐθνῶν
3144 4098 3332 4157 καλῶν
3385 4101 3474 4157 καὶ
3518 4097 3784 4156 καταλλα-

2154 4192 2258 4267 γὴν
2285 4187 2516 4264 κόσμον,
2547 4190 2636 4246 καὶ
2667 4190 2838 4264 σὶρκα
2867 4189 3087 4247 οἰκείανο
3131 4184 3256 4246 τὸτε
3310 4211 3372 4250 τε
3400 4193 3487 4248 καῖ
3516 4198 3613 4260 τῆς
3644 4191 3795 4246 ἀπει-

2156 4280 2299 4344 θείας
2332 4280 2395 4336 τὸ
2418 4280 2608 4356 ατορον
2640 4276 2840 4349 ἡλίκον
2870 4276 2983 4335 ἐστὶ
3029 4276 3282 4350 δεικνύει,
3329 4281 3554 4356 νεκροὺς
3606 4279 3800 4342 αὐτοὺς

2157 4367 2248 4424 διὰ
2274 4368 2478 4440 ταύτης
2507 4368 2950 4447 ἀπσυαινόμενος
2980 4370 3252 4447 γενέσθαι.
3289 4367 3469 4426 Ἀλλά
3503 4369 3594 4426 καὶ
3644 4375 3804 4427 τοῦτο

2157 4457 2282 4515 λίαν
2330 4458 2649 4529 θαυμασίως
2698 4462 2847 4513 ποιεῖ
2894 4457 2987 4512 καὶ
3035 4462 3239 4536 σοφῶς.
3299 4457 3524 4528 Ἐπειδή
3581 4463 3687 4537 γαρ
3744 4461 3805 4517 τὸ

2154 4544 2375 4616 νεκροὺς
2402 4545 2601 4607 αὐτοὺς
2629 4542 2824 4610 ἀπλῶς
2851 4545 3246 4619 ἀνομασθῆναι,
3301 4544 3423 4604 λίαν
3480 4548 3547 4616 ἦν
3610 4550 3809 4625 πικρὸν

393 4648 519 4705 lare
554 4647 719 4704 valde
749 4662 1019 4703 amarum
1052 4650 1178 4702 erat
1207 4662 1277 4702 ac
1308 4645 1456 4717 pede
1490 4645 1887 4713 intolerabile,
1920 4663 2043 4704 ma-

2153 4637 2241 4692 καῖ
2272 4635 2655 4713 καταθορικὸν,
2695 4636 2782 4691 καὶ
2832 4634 2910 4700 ι’ς
2955 4630 3110 4707 ὕϐριν
3173 4634 3387 4711 μᾶλλον
3421 4636 3457 4707 ἢ
3488 4638 3804 4709 παραίνεσιν

397 4737 606 4808 gisque
626 4736 700 4792 ad
720 4735 1002 4807 injuriam
1024 4734 1368 4793 conferebat
1388 4751 1561 4807 quam
1589 4734 1663 4791 ad
1682 4736 2044 4793 exhortatio-

390 4842 531 4885 nem
567 4843 579 4879 :
614 4825 674 4881 id
705 4842 825 4884 non
879 4826 961 4883 ita
1004 4825 1168 4881 aride
1199 4824 1391 4899 ponit,
1417 4823 1520 4880 sed
1552 4824 1765 4881 miscet
1796 4825 1945 4881 illud
1977 4842 2067 4884 ac.

390 4914 589 4974 laudis
620 4913 828 4971 ordine
858 4914 1149 4987 producit.
1185 4914 1414 4971 dicens.
1447 4933 1472 4957 α
1504 4914 1644 4980 Quae
1676 4914 1791 4970 erit
1814 4931 2046 4971 assum-

393 5007 516 5080 ptio
562 5006 828 5077 ipsorum
875 5003 992 5059 nisi
1025 5004 1143 5059 vita
1193 5020 1262 5058 ex
1314 5003 1567 5059 mortuis
1597 5003 1626 5060 ?
1659 5026 1684 5052 ι)
1716 5020 1823 5076 per
1869 5005 2047 5061 vitam

395 5095 636 5169 quidem
670 5109 897 5166 ponens
923 5092 1081 5164 quod
1113 5092 1401 5148 delectet:
1425 5092 1654 5148 addens
1676 5100 1897 5150 autem.
1928 5114 1947 5138 ι
1967 5095 2049 5150 Ex

395 5186 670 5252 mortuis,
702 5205 730 5234 ››
766 5182 1104 5240 subindicat
1145 5180 1305 5253 quod
1363 5180 1605 5238 illorum
1661 5178 2050 5239 incredulitas

399 5274 778 5332 mortificatio
808 5272 1006 5328 fuerit.
1037 5270 1259 5328 Deinde
1280 5270 1379 5326 ubi
1408 5270 1651 5327 dixisset
1674 5270 2050 5344 quodlapsus

396 5366 634 5422 illorum
668 5365 822 5422 facta
852 5363 932 5420 sit
952 5362 1115 5419 salus
1145 5362 1509 5434 gentium,ex
1540 5362 1652 5418 hoc
1676 5377 2047 5435 consequen-

397 5461 489 5511 ter
516 5456 704 5528 magis
733 5454 947 5510 astruit
977 5452 1137 5524 quod
1164 5452 1428 5524 ipsorum
1475 5467 1712 5524 quoque
1741 5450 1943 5507 futura
1972 5451 2050 5506 sit

405 5542 586 5599 salus.
622 5542 976 5598 Deducendo
1008 5547 1209 5596 autem
1264 5547 1705 5613 argumentum,
1747 5539 1846 5597 ubi
1887 5556 2053 5597 more

406 5646 511 5689 suo
530 5637 665 5687 ante
678 5630 906 5701 periodi
929 5629 1692 5701 expletionemcircuitibus
1713 5644 1856 5685 usus
1873 5634 2050 5698 esset,

404 5722 612 5780 dicens
648 5737 658 5774 :
698 5740 728 5769 κο
760 5718 937 5775 Vobis
969 5717 1209 5791 quidem
1240 5718 1372 5776 dico
1430 5717 1724 5791 gentibus.
1762 5741 1789 5769 ››
1828 5719 2053 5779 Rursus

2154 4736 2489 4803 συντελοῦντ,
2523 4733 2634 4814 οὐχ
2662 4734 2837 4796 οὕτως
2868 4733 3000 4790 αὐτὸ
3053 4735 3236 4805 τίθησι
3274 4735 3479 4809 ξηρῶς,
3510 4735 3660 4793 ἀλλά
3709 4736 3810 4810 μζ.

2152 4846 2328 4901 γνυςιν
2356 4824 2507 4893 αὐτὸ,
2556 4824 2647 4878 καὶ
2706 4822 2758 4878 ἰν
2807 4822 2950 4896 τάξει
3006 4821 3225 4879 ἰπαίνου
3282 4824 3537 4900 προάγει,
3594 4822 3803 4904 λέγων’

2159 4938 2186 4967 (ι
2216 4917 2306 4975 Τίς
2338 4916 2373 4983 ἠ
2421 4911 2734 4986 πρόσληψις
2786 4910 2986 4980 αὐτῶν,
3019 4913 3068 4966 εἳ
3099 4912 3176 4983 μὴ
3209 4913 3324 4983 ζωὴ
3383 4912 3445 4971 in
3489 4919 3691 4991 νεκρῶν
3723 4933 3740 4984 ;
3775 4938 3806 4969 ιδ

2160 5002 2258 5059 Διά
2292 5002 2386 5075 μὶν
2408 5005 2527 5068 τοῦ,
2559 5024 2589 5054 (ι
2611 5001 2747 5070 ζωή,
2774 5011 2810 5053 ’››
2839 5001 2901 5055 τὸ
2930 4999 3216 5076 εὐφραῖνον
3244 5002 3439 5071 τιθεὶς,
3472 4999 3561 5059 διά
3593 5000 3652 5059 6‘s
3680 5009 3806 5078 τοῦ,

2160 5114 2189 5143 ι(
2224 5093 2321 5148 Ἐκ
2352 5094 2580 5161 νεκρῶν,
2611 5113 2638 5140 n
2701 5086 3065 5159 ὑποσημαίνει
3122 5088 3205 5144 ὅτι
3243 5091 3278 5161 ἡ
3304 5088 3550 5147 ἀπειθεια
3600 5091 3807 5165 αὐτῶν,

2156 5180 2417 5254 νὲκρωσις
2448 5179 2540 5248 ἦν.
2594 5179 2729 5236 Εἶτα
2777 5176 2943 5234 εἰπὼν
2971 5176 3148 5234 ὅτιτὸ
3193 5179 3543 5256 παράπτωμα
3600 5183 3781 5240 αὐτῶν

2160 5268 2403 5343 σωτηρία
2441 5267 2631 5342 γέγονε
2679 5269 2788 5321 τῶν
2815 5264 3001 5335 ἐθνῶν,
3060 5264 3252 5345 ἐφεξῆς
3310 5267 3371 5324 ἐκ
3423 5275 3522 5326 τοῦ
3586 5271 3802 5344 μᾶλλον

2160 5357 2478 5437 ἐπιχειρεῖ,
2537 5357 2624 5412 ὅτι
2678 5354 2894 5416 πάντως
2952 5355 3045 5410 καὶ
3093 5355 3269 5412 αὐτῶν
3328 5356 3478 5415 ἔσται
3535 5362 3803 5438 σωτηρία.

2162 5448 2498 5523 Προαγαγὼν
2528 5444 2585 5501 δε
2611 5444 2675 5501 τὰ
2706 5444 3050 5522 ἐπιχείρημα
3099 5444 3311 5519 (ἐπειδη
3343 5449 3419 5511 ὡς
3477 5448 3596 5515 ἔθος
3656 5451 3808 5525 αὐτῷ

2161 5537 2267 5612 πρὸ
2297 5540 2394 5594 τοῦ
2423 5535 2709 5607 ἀπαρτίσαι
2738 5535 2839 5603 τήν
2866 5531 3121 5609 περίοδον
3152 5531 3476 5610 περιϐολαῖς
3529 5536 3811 5619 ἐχρήσατο

2164 5626 2253 5683 διὰ
2278 5631 2398 5683 τοῦ.
2434 5650 2463 5681 ιι
2493 5627 2647 5700 Ὑμῖν
2694 5625 2799 5701 γὰρ
2855 5623 3020 5700 λέγω,
3054 5649 3077 5680 ι
3134 5625 3225 5681 καὶ
3278 5627 3448 5701 ἑξῆς),
3507 5627 3674 5687 παλιν
3718 5626 3813 5687 ὄπ·

2166 5710 2535 5790 αναλαμὸάνει
2593 5715 2654 5772 τὸ
2699 5711 3062 5791 ἔπιχιίρημα,
3094 5715 3185 5770 καὶ
3238 5736 3422 5797 φησιν’
3458 5742 3488 5773 ‹‹
3519 5718 3583 5780 Εί
3641 5718 3744 5797 γὰρ
3771 5720 3806 5789 ἠ
