4106 6252
227 320 352 384 585
1379 343 1773 408 COMMENT.
1821 353 1909 411 ΙΝ
1957 355 2207 417 EPIST.
2253 361 2357 421 AD
2406 365 2588 427 BOM.

243 460 499 529 ·ιης,καῖ
533 467 760 530 παντὸς
794 471 1086 543 προσώπου
1142 475 1621 548 περιαιρουμένου,
1687 482 1775 535 καὶ
1833 490 1919 553 τῆς

2051 495 2264 560 stersa;
2284 501 2339 549 et
2371 499 2480 552 cali

267 546 729 625 ἐπιπροσθούσης
761 555 971 630 ἀχλύος
1026 564 1140 622 τοῖς
1197 546 1488 638 λογισμοῖς
1547 565 1936 644 ἐκκαθαιρομέ-

278 663 394 712 νης.
429 645 764 715 Συνετμήθη
803 647 912 713 οὗν,
946 649 1129 724 φησὶν,
1162 651 1197 718 ἡ
1257 650 1370 722 νὺξ,
1427 656 1724 720 τουτέστιν.
1754 660 1782 712 ὁ
1820 660 1938 735 βίος

273 733 459 802 ἡμῶν,
516 731 606 785 καὶ
661 731 873 807 ἐγγίζει
929 738 990 790 τὸ
1056 736 1238 808 τέλος,
1311 741 1434 811 ἤτοι
1495 746 1529 813 ἡ
1589 747 1770 823 ἡμέρα
1820 731 1934 820 413.,

277 818 576 890 πλησιάζει
605 827 706 890 τῆς
733 821 994 894 τελευτῆς
1027 828 1118 881 καὶ
1170 835 1270 898 τῆς
1324 829 1758 898 ἀνταποδόσεως.
1819 839 1933 913 Χρὴ

275 909 371 962 οὗν
401 910 490 962 καί
524 905 609 962 διὰ
667 914 841 965 ταῦτα
896 916 1068 966 πᾶσαν
1125 914 1349 986 ἐντολὴν
1408 920 1708 994 προθύμως
1756 923 1938 981 ἐπιτε-

273 994 416 1067 λεῖν,
452 996 663 1071 ἀγαπᾷν
700 997 1008 1071 ἀλλήλους,
1040 1001 1359 1060 ἀποδιδόναι
1389 1012 1519 1062 πᾶσι
1550 1011 1645 1073 τὰς
1688 1011 1933 1090 ὀφειλάς,

270 1086 673 1141 ὑποτάσσεσθαι
730 1093 849 1150 ταῖς
905 1089 1128 1165 ἀρχαῖς.
1183 1094 1285 1150 Καὶ
1345 1097 1448 1171 γὰρ
1507 1099 1596 1152 καὶ
1656 1098 1845 1176 ὀλίγος
1907 1105 1934 1157 ὁ

272 1173 446 1237 πόνος
479 1173 614 1246 ἤδη,
649 1177 749 1231 ούκ
776 1176 852 1238 εἷς
888 1182 1062 1251 μῆκος
1098 1183 1149 1236 οἱ
1203 1183 1436 1260 ἀγῶνες,
1487 1185 1540 1241 εἷ’
1584 1209 1636 1242 τι
1691 1190 1780 1244 καὶ
1822 1189 1932 1246 δέοι

277 1263 668 1340 ἀγωνίσασθαι,
731 1263 1084 1326 ἐκτείνονται.
1146 1273 1332 1345 Βραχὺ
1392 1275 1495 1351 γὰρ
1551 1275 1672 1331 λίαν
1748 1281 1934 1357 γέγονε

276 1357 344 1410 τὸ
379 1355 589 1412 στάδιον
620 1365 719 1428 τῆς
756 1364 901 1430 ζωῆς
929 1364 1112 1435 ἡμῶν.
1165 1363 1373 1436 Μηδεὶς
1432 1369 1676 1440 ὀκνείτω,
1734 1375 1932 1437 πάντες

274 1445 689 1522 σπουδάσωμεν.
729 1475 748 1500 ι
787 1453 924 1526 ⁹Ὡρα
954 1455 1101 1526 ἡμᾶς
1132 1453 1264 1526 ⁹ἤδη.
1321 1481 1348 1508 ››
1384 1459 1596 1534 Ἐγγὺς,
1659 1462 1814 1540 φησὶ,
1868 1475 1930 1528 τὸ

269 1535 457 1602 τέλος,
490 1538 580 1591 καὶ
618 1535 701 1592 δεῖ
728 1541 878 1612 ἡμᾶς
909 1541 1212 1617 ἐπείγεσθαι
1262 1547 1336 1608 εἷς
1395 1549 1493 1617 τήν
1552 1554 1656 1604 τῶν
1715 1553 1929 1627 ἀγαθῶν

3570 392 3693 453 586

2487 501 2621 572 gine
2647 521 2776 574 quae
2791 510 3246 579 cogitationibus
3265 519 3700 583 obtendebatur

2051 589 2387 654 expurgatu.
2423 589 2626 660 Itaque
2657 593 3014 664 abbreviata,
3049 601 3264 673 inquit,
3298 613 3387 662 est
3443 627 3581 678 nox,
3637 617 3696 671 id

2050 674 2158 735 est,
2193 671 2307 726 vita
2346 683 2547 733 nostra
2578 697 2644 734 ac
2681 682 2819 738 ﬁnis
2850 703 3032 759 prope
3064 671 3153 745 est
3185 710 3197 746 :
3235 695 3343 750 hoc
3401 704 3507 766 est,
3569 671 3696 759 dies

2040 755 2166 825 jam
2199 766 2636 836 appropinquat
2666 773 2865 829 mortis
2896 755 2977 830 ειε-
2995 781 3420 840 retributionis.
3456 755 3697 860 Oportet

2047 846 2226 917 igitur
2255 850 2406 907 hanc
2438 855 2614 911 etiam
2646 860 2719 914 ob
2751 878 2988 920 causam
3021 877 3293 942 prompto
3325 877 3526 931 animo
3549 897 3696 950 prae-

2046 941 2282 1006 ceptum
2315 957 2489 998 omne
2528 949 2836 1016 perficere,
2871 951 3114 1023 diligere
3146 958 3417 1027 invicem,
3443 968 3694 1026 reddere

2044 1027 2320 1084 omnibus
2347 1030 2566 1099 debita,
2603 1037 2772 1092 subdi
2804 1046 3521 1122 potestatibus.Siquidem
3553 1076 3692 1129 par-

2043 1129 2146 1168 vus
2177 1133 2413 1188 quoque
2446 1137 2606 1177 nunc
2636 1124 2803 1181 labor
2833 1136 2921 1184 est
2955 1149 2967 1185 :
2999 1149 3117 1188 non
3173 1136 3232 1191 in
3286 1139 3528 1214 longum
3559 1165 3692 1217 pro-

2042 1203 2368 1260 tenduntur
2399 1214 2744 1281 certamina,
2773 1215 2912 1272 licet
2940 1223 3247 1291 paululum
3281 1203 3507 1287 certare
3525 1203 3692 1305 opor-

2041 1295 2330 1348 teat.Nam
2363 1297 2682 1357 admodum
2712 1303 2886 1362 breve
2918 1308 3139 1367 factum
3159 1321 3248 1370 est
3277 1320 3532 1376 stadium
3558 1295 3688 1380 ritate

2040 1387 2287 1436 nostra-3:
2321 1402 2496 1441 nemo
2529 1398 2857 1460 cunctetur,
2893 1414 3099 1455 omnes
3123 1405 3381 1462 studium
3405 1411 3687 1470 adhibea-

2038 1486 2189 1524 mus.
2227 1495 2254 1520 ‹‹
2287 1475 2449 1538 Quod
2481 1478 2626 1535 hora
2656 1483 2732 1536 sit
2781 1501 2889 1541 nos
2911 1488 3061 1559 jam.
3101 1513 3121 1543 ι
3159 1496 3224 1548 In
3271 1500 3559 1569 proximo,
3593 1505 3687 1560 in-

2038 1559 2188 1628 quit,
2219 1569 2309 1616 est
2341 1565 2563 1633 ﬁnis,et
2592 1571 2674 1626 ita
2705 1589 2813 1628 nos
2840 1593 3160 1649 properare
3190 1559 3421 1656 oportet
3449 1589 3524 1645 ad
3543 1559 3683 1665 ope-

262 1620 445 1700 ἕργων
477 1625 757 1704 ἐργασίαν,
791 1654 818 1680 ‹‹
877 1631 966 1701 Ἐξ
1023 1633 1194 1688 ’ὑπνου
1251 1633 1549 1712 ἐγερθῆναι.
1611 1665 1638 1691 ››
1690 1643 1801 1710 Τῆς
1832 1644 1924 1716 ῥᾳ-

266 1714 469 1787 θυμίας
534 1715 845 1782 ἀναστῆναι.
913 1744 932 1770 ι
995 1723 1100 1779 Νῦν
1154 1725 1254 1798 γὰρ
1308 1723 1589 1799 ἐγγύτερον
1649 1731 1810 1801 ἡμῶν
1888 1735 1921 1801 ἡ

265 1803 537 1876 σωτηρία.
595 1829 623 1856 η
683 1810 792 1862 Τοῦ
852 1809 954 1883 γὰρ
1016 1807 1283 1884 παρόντος
1337 1815 1460 1888 βίου
1514 1818 1921 1893 ὑποσυρομένου

259 1892 400 1946 κατά
453 1895 672 1968 μικρὸν,
738 1895 1022 1970 ἐγγύεερος
1057 1901 1085 1954 ὁ
1123 1905 1222 1966 τῆς
1281 1903 1620 1970 ἀναστάσεως
1683 1910 1772 1962 καὶ
1820 1916 1919 1978 τῆς

254 1983 546 2055 σωτηρίας
581 1986 744 2056 ἡμῶν
777 1985 981 2059 γίνεται
1011 1991 1221 2064 καιρὸς⁹
1284 1994 1426 2066 παρὸ
1483 1992 1573 2048 ὅτε
1613 1996 1712 2064 τήν
1743 1997 1921 2072 ἀρχὴν

252 2070 510 2144 ἤλθομεν
547 2073 624 2135 εἰς
653 2075 752 2142 τήν
785 2075 986 2135 πίστιν.
1017 2103 1044 2130 ‹‹
1100 2080 1161 2136 Ἡ
1198 2083 1459 2157 σωτηρία.
1514 2109 1542 2136 ››
1589 2086 1716 2144 Ἐὰν
1774 2089 1920 2161 ὧμεν

255 2159 330 2221 ὡς
372 2157 459 2214 δεῖ
488 2165 1010 2236 παρεσκευασμένοι,
1054 2170 1326 2243 σωτήριος
1372 2174 1508 2244 ἡμῖν
1566 2171 1710 2229 ἔσται
1757 2178 1792 2246 ἡ
1819 2184 1918 2248 τῆς

261 2248 497 2322 κρίσεως
527 2251 730 2325 ἠμέρα-
776 2251 886 2308 εἷδὲ
939 2256 1037 2327 μή,
1105 2255 1371 2332 ὀλέθριος.
1436 2261 1588 2332 Πλήν
1648 2263 1806 2328 αὐτὸς
1861 2266 1919 2321 ἐκ

263 2343 371 2392 τῶν
425 2339 820 2414 χρηστοτέρων
874 2341 1042 2412 δηλοῖ
1117 2348 1216 2415 τήν
1266 2349 1476 2424 ἡμέραν
1532 2351 1752 2422 ἐκείνην.
1792 2359 1916 2411 «"H

261 2426 350 2480 ὅτε
382 2425 798 2501 ἐπιστεύσαμεν.
861 2455 890 2482 ››
942 2431 1104 2495 Εῗκὸς
1158 2435 1224 2503 ἧν
1255 2437 1480 2502 τούτους
1538 2437 1590 2493 έν
1617 2440 1762 2515 ἀρχῆ
1823 2443 1916 2516 μὶν

261 2516 335 2577 ὡς
368 2517 601 2588 νεαροὺς
633 2518 792 2588 ξέειν,
828 2523 918 2574 νῦν
962 2519 1020 2576 δὲ
1078 2523 1554 2598 ἀπομεμαράνθαι.
1593 2534 1766 2585 Teii-ro
1825 2531 1917 2586 οὖν

255 2603 570 2674 αἰνίττεται,
608 2607 691 2661 ὅτι
725 2611 913 2680 ’Όσον,
948 2612 1105 2686 φησὶ,
1139 2613 1426 2689 ἐγγύτερον
1459 2619 1618 2690 ἡμῶν
1665 2622 1699 2688 ἡ
1734 2641 1915 2692 σωτη-

261 2691 377 2764 ρία,
406 2695 699 2766 τουτέστιν,
735 2696 762 2750 ὁ
795 2703 895 2766 τῆς
944 2699 1173 2771 κρίσεως
1229 2705 1416 2778 καιρὸς
1473 2705 1562 2760 καὶ
1618 2711 1912 2783 σωτήριος,

260 2777 584 2851 σπουδάζειν
614 2782 832 2855 μᾶλλον
861 2790 1125 2862 προσήκει
1157 2787 1194 2858 ἤ
1227 2789 1516 2867 ῥᾳθυμεῖν.

316 3035 380 3084 ἹΙ
415 3029 507 3100 νὺξ
546 3032 872 3108 προέκοψεν,
904 3037 938 3105 ἡ
973 3034 1029 3091 δὲ
1060 3037 1239 3114 ἡμέρα
1290 3062 1530 3116 ηγγικεν.
1558 3046 1913 3119 Ἀποθώμεθα

258 3119 350 3172 οὖν
383 3120 453 3173 τὰ
483 3116 614 3195 ἔργα
647 3125 743 3175 τοῦ
775 3124 1017 3195 σκότους,
1052 3128 1142 3181 καὶ
1174 3126 1520 3203 ἐνδυσώμεθα
1547 3133 1614 3188 τὰ
1643 3134 1788 3190 ὅπλα
1815 3141 1912 3191 τοῦ

262 3209 472 3283 Ῡωτὸς,
503 3209 576 3270 ὡς
605 3209 656 3264 έν
687 3210 870 3285 ἡμέρᾳ
902 3213 1258 3289 εὐσχημόνως
1301 3224 1780 3296 περιπατήσωμεν,
1813 3227 1908 3295 Μὴ
1940 3221 1983 3288 C

266 3295 491 3365 κώμοις
521 3298 604 3350 καὶ
649 3298 859 3370 μέθαις,
923 3304 997 3375 μή
1047 3304 1256 3368 κοίταις
1313 3308 1401 3362 καὶ
1449 3308 1774 3384 ἀσελγείαις,
1831 3315 1907 3387 μὴ

266 3379 532 3452 ἕριδικαὶ
564 3386 724 3459 ζήλῳ.
761 3388 912 3446 Ἀλλ’
966 3389 1256 3449 ἐνδύσασθε
1310 3396 1401 3450 τὸν
1460 3379 1658 3473 Κύριον
1697 3379 1908 3471 Ἰησοῦν

273 3471 527 3543 Χριστόν.
561 3475 650 3528 Καὶ
677 3483 778 3546 τῆς
835 3480 1030 3552 σαρκὸς
1084 3483 1346 3556 πρόνοιαν
1408 3488 1483 3558 μή
1541 3490 1782 3543 ποιεῖσθε
1833 3489 1909 3552 εἷς

269 3557 576 3632 ἐπιθυμίας.

334 3672 364 3698 ιι
411 3649 473 3704 Ἦ
503 3649 588 3720 νὺξ
623 3651 945 3728 προέκοψεν.
980 3680 1009 3708 ››
1070 3657 1254 3713 Νύκτα
1318 3661 1408 3715 τὸν
1459 3663 1701 3738 παρόντα
1755 3664 1915 3721 καλεῖ

248 3737 397 3811 βίον.
463 3736 635 3796 Οὐδὲν
693 3743 797 3818 γὰρ
857 3743 1149 3819 ὀνειράτων
1203 3745 1442 3826 διαφέρει
1523 3755 1590 3806 τὰ
1640 3753 1691 3808 ἐν
1739 3756 1910 3827 αὐτῷ.

241 3827 492 3901 Ἠμέραν
528 3826 587 3882 δὲ
618 3829 710 3884 τὸν
749 3829 1026 3904 μέλλοντα
1078 3835 1303 3910 χρόνον,
1340 3837 1428 3893 διά
1473 3841 1537 3894 τὸ
1590 3842 1657 3896 τὰ
1704 3845 1914 3917 κρυπτά

247 3912 301 3968 έν
361 3915 518 3988 αὗτῷ
568 3924 952 3994 φανεροῦσθαι.
1011 3947 1032 3974 ι
1094 3925 1456 3999 Ἀποθώμεθα
1513 3929 1604 3982 οὖν
1657 3933 1725 3986 τὰ
1781 3931 1914 4008 ἔργα

247 4007 348 4057 τοῦ
401 4004 658 4068 σκότους.
721 4031 750 4058 ››
805 4009 980 4084 Ἔργα
1038 4011 1262 4075 σκότους
1312 4014 1465 4092 φησὶ,
1521 4017 1617 4078 τὰς
1675 4023 1914 4094 πονηρὰς

250 4093 501 4166 πράξεις,
551 4093 698 4149 ’ὀπλα
763 4093 820 4150 δὲ
851 4099 1031 4173 φωτὸς
1087 4103 1188 4170 τὴν
1243 4102 1460 4173 ἀρετήν.
1520 4106 1606 4168 Ὠς
1665 4109 1760 4180 μὶν
1819 4111 1911 4163 οὖν

256 4179 430 4248 ὅπλα,
460 4181 840 4260 ἀσφαλίζεται·
899 4187 974 4250 ὡς
1021 4185 1079 4241 δὲ
1127 4191 1325 4264 φωτὸς,
1382 4190 1706 4266 λαμπρύνει.
1767 4221 1795 4249 ‹‹
1829 4198 1915 4260 Ὡς

258 4268 310 4324 ἰν
339 4269 529 4346 ἡμέρᾳ
555 4273 941 4347 εὐσχημόνως.
980 4301 1008 4327 ››
1060 4311 1131 4320 -—
1184 4282 1422 4355 [ΦΩΤ.]
1477 4288 1563 4347 Ὡς
1617 4282 1725 4357 ἤδη
1777 4307 1914 4361 παρ-

258 4359 455 4430 ούσης,
490 4361 568 4423 ὡς
621 4360 964 4434 ἐνεστηκυίας
1020 4373 1120 4435 τῆς
1178 4369 1300 4423 ὅσον
1358 4369 1508 4426 οὕπω
1539 4377 1918 4448 παρεσομένης

259 4448 497 4522 ἡμέρας,
561 4448 706 4504 οὕτω
766 4451 1219 4528 πολιτευσώμεθα
1294 4457 1678 4533 εὐσχημόνως.
1732 4464 1798 4520 Τί
1860 4462 1916 4518 δέ

261 4533 372 4590 ἔστι
405 4536 492 4605 τὸ,
526 4560 555 4587 ι(
616 4537 808 4614 Εὐσχη
822 4541 1026 4613 μόνως,
1062 4567 1090 4593 ››
1123 4544 1408 4618 ἓρμηνεύει
1465 4548 1624 4612 αὐτὸς
1675 4551 1776 4606 Emi

262 4649 289 4674 ‹‹
313 4628 402 4694 Μὴ
430 4626 670 4698 κώμοις,
700 4652 728 4678 )›
757 4629 847 4683 καὶ
879 4631 1019 4703 ἑξῆς,
1057 4656 1085 4684 κ
1146 4633 1528 4713 Εύσχημόνως
1581 4661 1608 4692 ιο
1672 4638 1729 4696 δέ
1758 4663 1912 4715 φησι,

260 4710 383 4768 λίαν
415 4714 708 4789 ἐντρέπων,
769 4719 855 4773 ὅτι
915 4721 960 4774 εἰ
999 4723 1086 4776 καὶ
1154 4725 1228 4795 μὴ
1289 4723 1514 4788 κόλασις
1567 4729 1632 4797 ἦν
1691 4729 1912 4787 ἀποκει-

264 4801 400 4874 μένη
433 4809 552 4866 τοῖς
589 4806 978 4880 ἁμαρτάνουσι,
1022 4811 1110 4864 καὶ
1169 4810 1475 4877 ἀπόλαυσις
1533 4821 1648 4880 τοῖς
1709 4839 1914 4895 κατορ-

269 4893 478 4962 θοῦσιν,
512 4890 619 4948 ἔδει
676 4896 738 4948 τὸ
797 4895 1024 4970 αἴσχρὸν
1075 4900 1164 4953 καὶ
1221 4901 1454 4976 ἀπρεπὲς
1510 4906 1599 4959 καὶ
1659 4907 1913 4983 ἀσχημο-

274 4983 403 5033 νοῦν
459 4980 772 5058 φεύγοντας,
832 4980 1051 5064 ἔχεσθαι
1105 4991 1206 5054 τῆς
1260 4991 1474 5066 ἀρετῆς.
1529 4995 1656 5050 “Οτε
1714 4994 1771 5051 δὲ
1825 5000 1915 5054 καὶ

267 5069 339 5123 τά
367 5067 589 5146 ῥηθέντα
618 5071 856 5148 ἑκατέρῳ
882 5075 988 5149 βίῳ
1047 5075 1360 5149 ἀκολουθεῖ,
1418 5081 1469 5134 τί
1517 5083 1627 5156 χρὴ
1690 5094 1863 5142 ποιεῖν
1901 5109 1914 5159 ;

265 5182 295 5211 ‹‹
331 5161 820 5234 ῐΙεριπατήσωμεν.
859 5187 886 5213 ››
919 5167 1064 5219 ’Ἃνω
1122 5165 1357 5240 εἰρηκὼς
1413 5167 1636 5243 μέλλειν
1690 5177 1788 5245 τήν
1816 5185 1915 5248 τῆς

259 5247 497 5308 κοίσεως
552 5250 785 5324 ἡμέραν,
845 5255 934 5304 νῦν
1018 5254 1188 5324 αὐτὴν
1251 5255 1495 5334 ἐφίστησι
1553 5266 1734 5316 πτοῶν
1825 5269 1914 5322 τὸν

263 5337 566 5413 ἀκροατήν.
624 5339 699 5395 Τὸ
758 5337 838 5407 δὲ,
881 5364 910 5390 ‹‹
971 5343 1462 5416 Περιπατήσωμεν,
1524 5371 1552 5399 ››
1638 5350 1920 5435 ἀνεπαχθῆ

260 5434 410 5483 ποιεῖ
438 5439 535 5483 τον
566 5427 750 5502 Λόγον.
787 5431 889 5485 Καὶ
921 5431 1025 5507 γὰρ
1084 5433 1272 5487 ἑαυτὸν
1332 5430 1531 5508 ἔμιξεν,
1593 5464 1620 5490 α
1674 5444 1763 5512 Μὴ
1818 5449 1920 5501 κώ,

263 5540 389 5590 μοις
419 5519 511 5573 καὶ
579 5517 783 5590 μέθαις.
821 5544 848 5570 ››
897 5520 972 5576 Οὐ
1034 5524 1094 5576 τὸ
1142 5523 1334 5594 πίνειν,
1394 5524 1540 5581 ἀλλὰ
1586 5529 1648 5583 τὸ
1709 5535 1923 5604 μεθύειν

257 5607 493 5663 κωλύει.
530 5609 732 5679 Κῶμος
765 5604 823 5662 δέ
853 5607 1082 5675 ἐστι,τά
1138 5612 1272 5684 μετά
1331 5614 1501 5685 μέθης
1568 5617 1657 5672 καὶ
1716 5619 1923 5700 ὕϐρεως

259 5695 516 5770 ᾄσματα,
539 5695 568 5748 ’ὀ
636 5695 724 5750 καὶ
753 5696 1009 5772 παροινία
1041 5696 1277 5774 λέγεται.
1314 5724 1344 5753 ‹‹
1398 5704 1499 5759 Καὶ
1542 5705 1862 5782 ἀσελγείαις,
1898 5745 1920 5772 ι

516 5815 780 5877 Paeon.
827 5816 939 5878 Gn.
984 5816 1255 5880 CXVIII.

2036 1647 2326 1706 rationem
2357 1652 2650 1713 bonorum
2673 1677 2939 1732 operum.
2960 1689 2986 1716 ‹‹
3003 1669 3050 1722 Α
3067 1687 3276 1727 somno
3301 1680 3682 1751 expergisci.»

2033 1736 2360 1809 Asegnitie
2422 1758 2821 1818 exsurgere.»
2859 1754 3022 1809 Nunc
3082 1759 3241 1814 enim
3295 1767 3538 1836 propior
3595 1777 3684 1824 est

1952 1857 2000 1922 B
2033 1831 2237 1881 nostra
2268 1828 2448 1885 salus.
2515 1856 2541 1881 »
2604 1837 2940 1896 Praesertim
3000 1847 3157 1915 quod
3211 1828 3325 1906 vita
3379 1828 3683 1924 paululum

2028 1919 2304 1984 retracta,
2336 1922 2583 1991 propius
2625 1925 2884 1983 efﬁcitur
2939 1937 3172 2006 tempus
3226 1947 3682 2003 resurrectionis

2026 2019 2093 2058 ac
2126 2005 2334 2061 salutis
2365 2017 2606 2079 nostra,
2641 2033 2819 2087 quam
2855 2025 2978 2078 tum
3011 2041 3146 2080 cum
3207 2028 3378 2087 initio
3409 2036 3680 2092 venimus

2025 2091 2098 2146 ad
2133 2093 2367 2151 ﬁdem.»
2393 2119 2418 2146 ‹‹
2446 2098 2672 2156 Salus.»
2704 2105 2756 2158 Si
2790 2106 3172 2181 fuerimus,ut
3195 2125 3678 2196 oportet,przepa-

2023 2181 2156 2252 rati,
2191 2183 2468 2240 salutaris
2501 2189 2677 2245 nobis
2711 2194 2823 2248 erit
2854 2196 3068 2266 judicii
3109 2202 3236 2259 dies
3264 2224 3278 2261 :
3329 2210 3421 2264 sin
3453 2219 3673 2283 autem,

2023 2270 2466 2339 perniciosus.A
2481 2292 2610 2332 com
2621 2281 2986 2342 modioribus
3002 2294 3199 2346 tamen
3214 2294 3368 2350 diem
3389 2298 3560 2355 illum
3579 2302 3674 2358 de-

2023 2362 2309 2416 nominat.
2341 2388 2367 2414 ‹‹
2405 2368 2590 2430 Quam
2626 2376 2749 2425 tum
2785 2391 2916 2430 cum
2959 2382 3362 2444 credebamus.
3399 2410 3424 2441 ι
3460 2393 3675 2449 Verisi-

2021 2449 2162 2503 mile
2186 2457 2292 2519 est,
2318 2454 2473 2522 quod
2507 2456 2565 2509 hi
2597 2458 2766 2514 initio
2800 2464 3039 2532 quidem
3073 2474 3366 2543 tamquam
3397 2487 3667 2537 recentes

2022 2538 2082 2593 in
2129 2539 2239 2594 fide
2269 2541 2581 2614 ferverent,
2617 2551 2994 2618 postmodum
3025 2575 3158 2615 vero
3191 2561 3664 2637 languescerent,

2023 2627 2134 2682 hoc
2165 2645 2300 2700 ergo
2324 2647 2482 2687 nunc
2507 2634 2760 2692 latenter
2781 2639 2998 2712 innuit,
3031 2663 3099 2701 ac
3131 2649 3179 2702 si
3201 2649 3358 2706 dicat
3391 2671 3402 2707 :
3437 2656 3665 2720 Quanto

2021 2717 2412 2789 propinquior
2453 2729 2540 2776 est
2569 2741 2729 2780 nunc
2762 2735 2968 2786 nostra
3014 2735 3192 2803 salus,
3228 2739 3385 2796 380
3414 2742 3525 2799 hoc
3557 2752 3666 2815 est,

2012 2805 2222 2876 judicii
2246 2807 2372 2862 dies
2405 2811 2702 2881 salutaris,
2734 2819 2921 2889 magis
2939 2820 3255 2896 diligentes
3277 2845 3405 2885 esse
3437 2805 3672 2904 oportet

2021 2899 2079 2949 et
2108 2911 2226 2950 non
2261 2913 2469 2968 segnes
2502 2901 2678 2956 effici.
3388 2917 3399 2927 '

2089 2983 2230 3051 XIII,
2276 2989 2464 3041 12-14.
2499 3012 2526 3038 ‹‹
2563 2993 2682 3045 Nox
2713 3000 3037 3067 praecessit,
3073 3002 3199 3058 dies
3230 3013 3428 3063 autem
3455 3027 3673 3083 appro-

2021 3093 2046 3120 ι(
2069 3072 2392 3142 pinquavit.
2419 3076 2782 3148 Abjiciamus
2805 3085 2984 3155 igitur
2998 3106 3175 3159 opera
3189 3072 3589 3170 tenebrarum,
3615 3109 3672 3156 et

2022 3181 2048 3208 ‹‹
2083 3160 2403 3217 induamur
2433 3182 2598 3222 arma
2649 3169 2798 3224 lucis
2832 3190 2844 3226 :
2881 3180 3163 3247 tanquam
3195 3181 3256 3236 in
3288 3183 3382 3239 die
3420 3188 3669 3244 honeste

2024 3272 2041 3296 ι
2078 3250 2454 3307 ambulemus
2482 3257 2601 3310 Non
2623 3263 3154 3323 comessationibus
3179 3276 3235 3325 et
3261 3272 3670 3348 ebrietatibus,

2025 3358 2045 3386 ε
2081 3355 2199 3392 non
2234 3340 2527 3397 cubilibus
2559 3350 2617 3398 et
2646 3346 3015 3420 libidinibus,
3051 3372 3170 3412 non
3199 3365 3574 3421 contentione
3609 3340 3669 3423 et

2021 3449 2046 3475 ‹‹
2063 3429 2443 3485 (emulatione
2461 3449 2473 3496 ;
2491 3433 2591 3487 sed
2608 3435 2924 3494 induimini
2943 3443 3255 3503 Dominum
3267 3451 3464 3509 Iesum
3479 3456 3674 3512 Chris-

2025 3538 2046 3563 ι
2069 3521 2224 3583 tum;
2249 3523 2306 3570 et
2325 3521 2521 3575 carnis
2544 3539 2745 3578 curam
2771 3543 2844 3581 ne
2865 3528 3124 3590 feceritis
3146 3537 3219 3592 ad
3242 3544 3670 3614 concupiscen-

2028 3623 2049 3651 ι
2085 3605 2217 3660 tias.
2254 3629 2282 3655 »

2096 3715 2123 3744 ‹‹
2154 3696 2274 3750 Nox
2305 3701 2628 3767 praecessit.
2665 3725 2691 3751 ››
2725 3706 2965 3764 Noctem
3008 3720 3172 3768 vocat
3201 3725 3556 3786 praesentem
3588 3723 3672 3775 vi-

2029 3785 2170 3850 tam,
2193 3784 2352 3854 quod
2372 3787 2524 3841 nihil
2548 3805 2580 3842 a
2603 3793 2851 3848 somniis
2874 3797 3154 3854 differant
3170 3820 3301 3872 qua;
3326 3807 3384 3860 in
3409 3824 3478 3862 ea
3500 3813 3671 3876 sunt;

2022 3870 2177 3925 diem
2229 3889 2359 3927 vero
2409 3880 2643 3946 tempus
2677 3879 2961 3954 futurum,
3009 3890 3166 3957 quod
3213 3892 3275 3946 in
3315 3910 3383 3948 eo
3423 3896 3672 3951 manife-

2024 3959 2235 4014 standa
2257 3960 2377 4014 sint
2405 3965 2656 4019 occulta.
2688 3991 2708 4015 ι
2737 3969 3104 4040 Abjiciamus
3122 3977 3300 4049 igitur
3316 3999 3494 4053 opera
3517 3991 3678 4041 tene-

2024 4046 2286 4102 brarum.
2315 4070 2337 4098 ιι
2369 4051 2558 4121 Opera
2578 4056 2953 4115 tenebrarum
2982 4063 3128 4118 dicit
3156 4073 3671 4142 pravasactiones;

2025 4151 2189 4190 arma
2221 4152 2353 4191 vero
2398 4138 2568 4208 lucis,
2611 4143 2906 4202 virtutem.
2940 4151 3172 4208 Etenim
3217 4156 3277 4212 in
3309 4161 3553 4217 modum
3577 4179 3674 4218 ar-

2024 4240 2278 4295 morum,
2300 4229 2552 4300 protegit
2573 4231 2874 4290 hominem
2895 4253 2909 4292 :
2929 4239 3004 4294 ad
3023 4242 3264 4299 modum
3285 4254 3482 4304 autem
3502 4250 3673 4320 lucis,

2024 4311 2278 4369 illustra.
2330 4337 2356 4366 «
2393 4317 2714 4389 Tamquam
2746 4323 2807 4378 in
2859 4325 2954 4382 die
2990 4329 3256 4388 honeste.
3294 4359 3314 4384 ι
3360 4338 3534 4402 Quasi
3559 4311 3676 4410 jam

2025 4408 2341 4472 praasente,
2396 4409 2682 4477 tanquam
2723 4411 3000 4483 instante,
3048 4426 3336 4488 quantum
3386 4408 3675 4484 hactenus

2028 4506 2356 4562 nunquam,
2408 4493 2606 4552 futuro
2641 4499 2754 4567 die,
2808 4502 2890 4558 ita
2936 4505 3184 4562 honeste
3236 4527 3676 4572 conversemur.

1779 4573 1914 4628 γων»
1946 4586 1993 4651 D
2026 4579 2176 4643 Quid
2195 4581 2268 4634 sit
2299 4587 2498 4638 autem
2517 4607 2545 4635 ι(
2571 4587 2846 4658 Honeste,
2886 4612 2908 4643 υ
2949 4594 3377 4668 interpretatur
3399 4603 3524 4674 ipse
3549 4607 3682 4661 sub-

2027 4669 2222 4725 dendo
2255 4688 2267 4724 :
2305 4674 2430 4728 Non
2472 4681 3023 4751 comessationibus,
3059 4709 3088 4736 »
3134 4694 3192 4742 et
3221 4697 3452 4748 catera.
3503 4697 3678 4752 Porro

2026 4763 2185 4812 recte
2217 4759 2538 4818 admodum
2557 4765 2723 4832 dicit,
2754 4791 2781 4816 «
2819 4771 3095 4828 Honeste.
3132 4798 3160 4826 »
3186 4780 3335 4835 Nam
3369 4781 3511 4839 licet
3541 4802 3684 4858 sup-

2027 4847 2273 4918 plicium
2311 4867 2430 4905 non
2463 4861 2618 4909 esset
2668 4859 2995 4928 repositum
3029 4863 3543 4941 delinquentibus,
3570 4891 3682 4931 nec

2027 4935 2228 4990 fruitio
2288 4946 2446 4994 recte
2507 4944 2834 5013 operibus:
2899 4935 3683 5032 oporteret-turpitudinem

2029 5028 2088 5076 et
2115 5023 2549 5094 impudicitiam
2578 5047 2646 5085 ac
2688 5033 3172 5097 inverecundiam
3221 5044 3450 5119 fugere,
3481 5053 3538 5102 et
3567 5049 3682 5102 vir-

2028 5102 2137 5166 tuti
2169 5111 2491 5170 adhaerere.
2517 5119 2659 5174 Cum
2679 5129 2874 5179 autem
2897 5143 2965 5183 ea
2981 5147 3111 5200 qua;
3129 5102 3450 5191 dictaéunt
3467 5142 3686 5192 utram-

2029 5216 2144 5269 que
2196 5210 2524 5271 sequantur
2566 5209 2764 5277 vitam,
2817 5216 3103 5284 quidnam
3154 5220 3346 5278 facere
3396 5225 3686 5294 Oportet?

2031 5309 2058 5337 «
2096 5289 2503 5348 Ambulemus.
2541 5319 2561 5345 ι
2601 5299 2706 5353 Ubi
2731 5305 3006 5372 superius
3037 5307 3286 5364 dixisset
3313 5289 3689 5384 futurumju-

2031 5377 2168 5432 dicii
2201 5379 2380 5450 diem,
2409 5384 2603 5454 ipsum
2634 5405 2792 5445 nunc
2812 5395 2978 5461 ponit
3009 5396 3081 5450 ob
3106 5397 3329 5465 oculos,
3356 5401 3688 5459 auditorem

2033 5468 2332 5524 territans.
2386 5473 2594 5530 Dicens
2625 5483 2844 5541 autem,
2881 5504 2908 5530 «
2945 5484 3356 5557 Ambulemus,
3392 5513 3419 5540 »
3464 5485 3702 5549 sermo--

2035 5571 2170 5609 nem
2194 5557 2415 5614 invidia
2435 5578 2636 5618 carere
2655 5566 2813 5635 facit,
2839 5570 3100 5641 seipsum
3122 5575 3298 5631 etiam
3324 5579 3694 5640 immiscens.

2035 5663 2066 5696 (ι
2097 5645 2224 5700 Non
2247 5653 2782 5711 comessationibus
2816 5663 2874 5712 et
2904 5658 3310 5722 ebrietatibus.
3344 5691 3371 5718 ››
3402 5670 3528 5725 Non
3561 5687 3694 5742 pro-

2037 5731 2200 5790 hibet
2219 5734 2445 5806 bibere,
2470 5741 2573 5797 sed
2603 5742 2886 5802 inebriari
2912 5766 2925 5815 ;
2956 5747 3134 5824 χῶρος
3157 5759 3356 5812 autem
3380 5758 3696 5813 cantilena

3331 5877 3405 5935 19
