4106 6252
418 356 530 415 587

417 578 710 633 teruntur.
747 573 810 630 ld
832 578 1032 631 autem
1064 573 1244 630 etiam
1278 572 1535 646 παροινία
1558 573 1913 645 appellatur.
1946 593 1973 620 «
2005 572 2071 624 Et

416 663 790 721 libidinibus.
827 684 856 713 »
897 664 1024 718 Non
1068 676 1307 719 omnem
1339 661 1496 718 tollit
1524 662 1929 725 concubitum,
1966 659 2069 715 sed

415 760 706 826 stuprum.
731 774 754 805 σ
778 754 907 808 Non
925 752 1310 808 contentione
1341 759 1401 807 et
1429 750 1830 807 aemulatione.
1868 772 1895 799 »
1916 749 2068 803 Con-

415 844 680 899 tentione
694 840 921 897 dicitde
936 841 1041 905 ira,
1061 841 1440 897 aemulatione
1464 839 1683 896 verodc
1700 839 1936 894 invidia.
1961 836 2072 893 Sed

411 930 731 989 induimini
758 929 1075 984 Dominum
1099 930 1298 985 Jesum
1322 928 1641 983 Christum.
1678 949 1705 977 ››
1719 928 1866 982 Nam
1889 924 1991 995 qui
2008 923 2073 978 il-

414 1023 539 1078 lum
554 1020 768 1090 induit,
782 1019 1049 1090 undique
1068 1020 1342 1075 virtutem
1358 1019 1553 1074 habet.
1569 1017 1872 1083 Quomodo
1888 1021 2072 1071 autem

414 1112 541 1185 ipse
572 1109 913 1167 induendus
935 1113 1024 1164 est
1042 1108 1070 1164 ‘1’
1089 1108 1146 1162 Si
1171 1108 1344 1163 nobis
1374 1108 1577 1163 omnia
1608 1108 1706 1176 sit,
1738 1105 1988 1162 interius
2011 1111 2070 1161 et

415 1200 674 1258 exterius
699 1213 992 1271 apparens
1024 1198 1087 1252 in
1108 1198 1300 1254 nobis.
1326 1199 1502 1253 Vocat
1531 1202 1729 1252 autem
1761 1196 2072 1251 indumen-

416 1296 565 1358 tum,
597 1304 900 1359 nunquam
919 1287 991 1343 ab
1013 1300 1081 1342 eo
1116 1287 1389 1342 deiicere.
1418 1307 1444 1335 «
1469 1290 1537 1341 Et
1565 1285 1763 1341 carnis
1793 1301 2017 1340 curam.
2040 1307 2061 1337 ι

414 1380 561 1437 881
618 1378 830 1433 Dicens
880 1392 1001 1432 non
1044 1381 1318 1448 oportere
1363 1391 1605 1431 carnem
1638 1390 1846 1430 curare
1894 1374 1986 1429 vel
2016 1375 2070 1429 ei

414 1467 745 1542 providere,
760 1466 1058 1538 adjunxit:
1085 1487 1114 1517 ι(
1142 1465 1228 1520 Ad
1261 1464 1773 1537 concupiscentiae
1799 1481 1812 1531 ;
1835 1485 1863 1512 »
1885 1479 1962 1518 ne
1983 1479 2073 1518 ar-

415 1556 653 1613 bitreris
684 1556 843 1627 quod
863 1570 974 1613 nec
997 1555 1058 1610 in
1080 1555 1436 1612 necessariis
1466 1559 1737 1626 oporteat
1764 1569 1875 1608 nos
1905 1554 2070 1608 carni

1537 349 1917 414 CECUMBNI
1959 345 2269 408 TRlCC/E
2315 349 2685 412 EPISCOPI.

423 489 702 544 dicuntur
733 500 864 555 qua
895 485 1052 540 inter
1072 482 1458 541 vinolentiam
1489 489 1549 540 et
1563 483 1951 556 petulantiam
1981 497 2066 535 re-

2189 478 2266 537 Οὐ
2323 488 2422 550 τήν
2487 484 2630 556 μῖξιν
2679 483 2904 556 ἀναιρεῖ,
2962 480 3107 538 ἀλλὰ
3157 482 3253 552 τὴν
3313 481 3589 557 πορνείαν.
3637 505 3667 531 (ι

3702 354 3823 413 388

3731 485 3825 553 ur.

2179 564 2339 644 ἔριδι.
2374 594 2399 619 ιι
2430 604 2499 613 -
2533 592 2562 623 (ι
2591 569 2768 644 Ἐριδι
2802 593 2823 623 ι
2857 571 2979 644 περὶ
3006 573 3178 642 θυμοῦ
3220 569 3387 643 λέγει’
3423 595 3448 621 ‹‹
3483 568 3650 643 ζήλῳ
3686 593 3714 621 ιι
3746 568 3821 636 δὶ,

2177 659 2302 733 περί
2337 659 2650 734 βασκανίας.
2685 685 2713 712 ‹‹
2747 658 2906 715 Ἀλλ’
2954 656 3237 723 ἐνδύσασθε
3263 660 3352 713 τὸν
3386 658 3584 732 Κύριον
3618 660 3831 730 Ἰησοῦν

2179 748 2441 821 Χριστόν.
2495 773 2522 801 υ
2589 750 2650 805 Ὀ
2701 749 2805 825 γὰρ
2873 747 3030 803 αὐτὸν
3085 744 3457 820 ἐνδεδυμένος,
3489 747 3615 803 ἅει
3702 750 3829 801 καθ-

2181 835 2315 892 όλου
2345 839 2443 907 τὴν
2476 837 2693 912 ἀρετήν.
2753 842 2874 899 Πῶς
2914 835 2972 891 δὲ
3026 836 3184 892 αὐτὸν
3234 834 3514 906 ἑνδυτέον;
3555 835 3627 893 Εἰ
3659 836 3834 892 πάντα

2180 928 2315 999 ἡμῖν
2344 926 2508 990 αὐτὸς
2539 924 2647 996 εἴη,
2680 920 2876 981 ἔσωθεν
2926 927 3015 980 καὶ
3070 923 3261 998 ’ἔξωθεν
3329 924 3382 979 ἐν
3445 928 3589 999 ἡμῖν
3660 926 3836 1004 φαινόο

2183 1034 2364 1087 μενος.
2397 1016 2476 1072 Τὸ
2508 1013 2565 1071 δὶ
2598 1012 2738 1088 μηδέ
2792 1036 2923 1070 ποτε
2961 1013 3125 1069 αὐτοῦ
3182 1012 3597 1084 ἀπολείπεσθαι,
3635 1011 3839 1087 ἔνδυμα

2177 1104 2355 1163 καλεῖ.
2393 1128 2419 1156 ι(
2457 1104 2552 1159 Καὶ
2582 1111 2683 1173 τῆς
2715 1102 2912 1179 σαρκὸς
2948 1102 3227 1178 πρόνοιαν.
3263 1126 3291 1154 ››
3333 1102 3515 1159 Εἰπὼν
3582 1103 3665 1177 μὴ
3730 1101 3838 1158 δεῖν

2178 1198 2430 1266 προνοεῖν
2485 1199 2583 1262 τῆς
2641 1193 2860 1270 σαρκὸς,
2929 1192 3140 1269 ἐπάγει,
3199 1216 3228 1245 u
3285 1192 3380 1254 Εἰς
3438 1192 3767 1265 ἐπιθυμίας,
3814 1216 3839 1243 ››

2174 1280 2265 1336 ’ἱνα
2298 1282 2376 1355 μὴ
2405 1280 2642 1355 νομίσῃς
2673 1282 2757 1337 ’ὁτι
2789 1279 2918 1337 οὐδὲ
2972 1280 3024 1336 ἐν
3057 1285 3172 1342 τοῖς
3218 1280 3531 1357 ἀναγκαίοις
3575 1277 3669 1336 δεῖ
3698 1285 3845 1353 ἡμᾶς

2179 1372 2523 1446 προνοεῖσθαι
2554 1377 2653 1440 τῆς
2706 1370 2928 1445 σαρκὸς,
2961 1373 3077 1424 οἷον
3118 1370 3173 1425 ἰν
3209 1370 3407 1445 βρώσει
3459 1368 3498 1439 ἤ
3550 1367 3842 1446 ἐνδύματι.

2179 1459 2515 1534 Προνοητὶον
2554 1463 2849 1536 τοιγαροῦν
2889 1458 3057 1528 αὐτῆς
3087 1460 3224 1535 πρὸς
3257 1456 3553 1533 διαμονήν,
3603 1459 3671 1515 οὗ
3716 1462 3847 1535 πρὸς

2182 1547 2490 1624 ἀσελγείας.

418 1648 901 1720 providere,puta
929 1646 990 1700 in
1039 1644 1171 1701 cibo
1200 1661 1267 1700 ac
1308 1645 1666 1701 indumento
1703 1642 2156 1698 .Providendum
2191 1647 2280 1698 est
2307 1642 2486 1714 igitur
2514 1641 2603 1696 illi
2627 1641 2704 1697 ad
2742 1642 3238 1713 permanentiam,
3270 1659 3391 1698 non
3422 1641 3495 1698 ad
3525 1641 3849 1700 libidines.

492 1738 642 1798 XIV.
681 1738 809 1793 1-4.
844 1757 872 1785 ‹‹
901 1735 1045 1791 Eum
1079 1739 1277 1790 autem
1302 1734 1403 1805 qui
1436 1733 1707 1788 inﬁmus
1738 1737 1827 1787 est
1849 1730 1963 1786 fide
1985 1748 2081 1787 as-

421 1846 446 1878 a
482 1825 722 1890 sumite,
755 1839 875 1879 non
923 1824 997 1880 ad
1058 1822 1519 1896 dijudicationes
1558 1820 2075 1893 disceptationum.
2109 1824 2152 1893 Β
2188 1822 2301 1886 etis,

418 1934 447 1964 ιι
482 1912 649 1968 Alius
680 1911 925 1982 quidem
956 1911 1144 1967 credit
1166 1909 1387 1982 quasvis
1410 1907 1837 1963 edenda:alius
1851 1913 2073 1975 autem,

419 2024 447 2054 ιι
484 2000 585 2073 qui
611 2000 888 2056 inﬁrmus
913 1999 1195 2065 est,olera
1222 1997 1766 2065 edit.Quiedit,non
1799 1995 2077 2051 edentem

431 2114 451 2139 ι
493 2106 568 2147 ne
598 2088 887 2162 despiciat
916 2107 930 2156 ;
965 2093 1023 2143 et
1052 2088 1153 2159 qui
1184 2103 1304 2143 non
1354 2087 1496 2154 edit,
1530 2085 1803 2141 edentem
1835 2101 1955 2140 non
1977 2085 2080 2157 ju-

428 2201 455 2231 ι(
483 2178 674 2244 dicet;
709 2179 861 2234 Deus
892 2176 1052 2233 enim
1079 2176 1247 2232 illum
1275 2176 1705 2247 assumpsit.Tu
1738 2175 1870 2246 quis
1892 2189 1954 2230 es
1977 2174 2077 2245 qui

430 2290 458 2317 «
481 2268 718 2340 judicas
749 2267 1012 2323 alienum
1044 2264 1335 2321 famulum
1355 2265 1383 2321 ?
1411 2264 1658 2337 Proprio
1690 2265 1940 2320 Domino
1962 2266 2081 2319 stat

430 2381 451 2405 ο
482 2363 584 2413 aut
605 2357 781 2412 cadit.
805 2357 1107 2411 Statuetur
1133 2359 1332 2410 autem
1358 2372 1372 2423 ς
1398 2368 1538 2409 nam
1569 2358 1780 2426 potens
1811 2357 1901 2409 est
1922 2354 2077 2409 Deus

424 2468 452 2496 α
487 2450 747 2502 statuere
775 2445 967 2503 illum.
996 2464 1024 2494 »ι

494 2526 776 2591 Nonnulli
809 2534 909 2605 qui
942 2549 1012 2590 ex
1041 2532 1258 2589 Iudaeis
1288 2531 1682 2600 crediderant,
1740 2532 1855 2605 legi
1884 2531 2077 2591 adhuc

426 2622 1044 2692 adbmrentes,multas
1055 2639 1222 2679 escas
1243 2620 1943 2691 ebominabantur,veluti
1957 2638 2079 2677 cara

424 2730 530 2770 nes
554 2715 830 2786 porcinas
857 2729 870 2768 :
897 2719 1058 2777 et,ne
1080 2711 1378 2767 manifesti
1402 2711 1636 2780 tierent,
1670 2711 1797 2766 sola
1821 2710 2079 2766 edebant

420 2801 607 2866 olera,
630 2808 697 2856 ut
725 2801 1140 2872 temperantiae
1168 2800 1470 2856 videretur
1496 2816 1626 2855 esse
1658 2799 1985 2855 observatio
2018 2803 2078 2854 et

421 2906 543 2945 non
575 2889 734 2960 quod
764 2888 1463 2947 abominareutur.Erant
1493 2894 1692 2944 autem
1725 2894 1784 2944 et
1810 2888 1912 2942 alii
1937 2887 2074 2943 ﬁde-

418 2977 506 3033 les
537 2995 607 3035 ex
634 2976 873 3044 Judmis,
908 2975 1010 3048 qui
1056 2990 1191 3034 cum
1232 2977 1484 3033 ﬁrmiter
1540 2975 1958 3042 credidissent,
1990 2977 2072 3031 ci-

417 3066 526 3124 bos
556 3083 677 3123 non
707 3066 1119 3123 observabant.
1155 3067 1243 3121 Ad
1281 3068 1389 3122 hos
1419 3066 1600 3140 igitur
1630 3067 1895 3122 sinceros
1926 3066 2072 3121 iide-

2263 1730 2370 1786 Τὸν
2441 1723 2497 1783 δὲ
2596 1727 2922 1784 ἀσθενοῦντα
3020 1733 3089 1804 τῇ
3164 1730 3343 1786 πίστει
3416 1726 3850 1804 προσλαμϐάνε-

2379 1819 2456 1891 μή
2534 1818 2610 1880 εἰς
2686 1817 2981 1894 διακρίσεις
3057 1817 3367 1893 λογισμῶν.
3420 1822 3515 1882 Ὂς
3589 1821 3695 1894 μὶν
3769 1843 3853 1876 πι-

2188 1907 2361 1962 στεύει
2438 1911 2622 1984 φαγεῖν
2697 1909 2893 1977 πάντα,
2996 1909 3024 1963 ὁ
3128 1908 3185 1963 δὶ
3280 1910 3508 1963 ἀσθενῶν
3643 1909 3854 1988 λάχανα

2187 1997 2371 2054 ἐσθίει.
2440 1997 2502 2053 Ὁ
2575 1997 2767 2053 ἐσθίων
2853 1999 2947 2053 τὸν
3038 2000 3113 2071 μὴ
3175 1998 3419 2054 ἐσθίοντα
3477 2002 3552 2072 μή
3651 1999 3853 2074 ἐξουθε-

2186 2086 2369 2155 νείτω,
2445 2087 2532 2140 καὶ
2603 2088 2631 2141 ὁ
2700 2088 2777 2159 μὴ
2836 2085 3051 2157 ἐσθίων,
3110 2088 3203 2142 τὸν
3266 2088 3511 2152 ἐσθίοντα
3568 2091 3665 2161 μὴ
3730 2111 3851 2165 κρι-

2184 2175 2339 2231 νέτω.
2372 2175 2435 2231 Ὁ
2474 2175 2604 2238 Θεὸς
2635 2175 2743 2251 γὰρ
2771 2176 2933 2232 αὐτὸν
2992 2172 3382 2252 προσελάϐετο.
3425 2178 3501 2233 Σὺ
3553 2179 3658 2242 τίς
3728 2181 3779 2234 εἴ
3824 2179 3849 2234 ὁ

2186 2266 2384 2342 κρίνων
2426 2263 2719 2340 ἀλλότριον
2755 2265 2969 2337 οἰκέτην
3006 2270 3130 2338 ;τῷ
3163 2264 3284 2339 ἰδίῳ
3340 2266 3526 2341 Κυρίῳ
3566 2270 3772 2340 στήκει
3814 2267 3847 2337 ἢ

2186 2355 2393 2417 πίπτει.
2448 2355 2778 2425 Σταθήσεται
2836 2351 2911 2412 δέ.
2974 2355 3205 2417 Δυνατὸς
3259 2356 3363 2431 γάρ
3418 2354 3573 2419 ἔστιν¹
3636 2359 3666 2413 ὁ
3723 2360 3844 2423 Θεὸς

2188 2450 2285 2515 στῆ
2294 2467 2380 2501 σαι
2410 2444 2588 2501 αὐτόν.

2257 2535 2428 2591 Ἦσαν
2462 2531 2518 2588 δέ
2545 2553 2686 2595 τινες
2735 2531 2785 2602 ἐξ
2848 2528 3124 2588 Ἰουδαίων
3180 2532 3583 2603 πιστεύσαντες,
3658 2536 3843 2600 οἳτινες

2186 2617 2264 2677 ἔτι
2297 2627 2393 2676 τοῦ
2422 2622 2597 2691 νόμου
2635 2619 2919 2695 ἐχόμενοι,
2951 2619 3139 2676 πολλὰ
3194 2626 3303 2677 τῶν
3340 2624 3665 2697 βρωμάτων
3703 2622 3844 2681 ἐϐδε-

2189 2708 2473 2779 λύσσοντο,
2514 2711 2633 2765 οῖον
2669 2709 2858 2784 χοίρια
2885 2709 3036 2784 κρέα.
3082 2711 3185 2767 Καὶ
3227 2708 3315 2766 διὰ
3353 2711 3415 2767 τὸ
3462 2714 3538 2785 μή
3598 2715 3841 2790 γίνεσθαι

2188 2795 2375 2868 δῆλοι,
2435 2796 2652 2873 λάχανα
2706 2798 2894 2866 ἤσθιον
2949 2798 3104 2871 μόνα,
3167 2797 3257 2854 ’ίνα
3316 2797 3445 2876 δόξῃ
3501 2801 3833 2879 ἐγκρατείας,

2187 2887 2333 2943 ἀλλὰ
2370 2889 2444 2959 μὴ
2482 2885 2797 2962 βδελυγμοῦ
2830 2888 2967 2942 εἶναι
3028 2890 3063 2957 ἡ
3109 2892 3511 2965 παρατήρησις.
3548 2894 3712 2948 Ἦσαν
3771 2892 3826 2947 δὲ

2186 2977 2275 3033 καὶ
2304 2973 2469 3031 ἃλλοι
2510 2975 2614 3031 ἀπὸ
2675 2973 2951 3032 Ἰουδαίων
3015 2978 3221 3047 πιστοὶ,
3282 2976 3334 3033 οἳ
3389 2977 3603 3054 ἑδραίως
3663 3000 3816 3036 πεπι-

2189 3065 2491 3136 στευκότες,
2524 3063 2585 3119 οὐ
2616 3067 3019 3140 παρετηροῦντο
3049 3066 3116 3118 τὰ
3149 3067 3436 3142 βρώματα.
3498 3067 3631 3142 Ego;
3698 3070 3820 3124 τοὺα

417 3156 505 3213 les
530 3170 867 3214 sermonem
900 3156 1184 3229 dirigens,
1216 3156 1565 3229 perstringit
1620 3172 1721 3211 eos
1773 3155 1875 3227 qui
1906 3155 2066 3211 cibos

2186 3174 2313 3217 τους
2365 3157 2650 3230 τοιγαροῦν
2706 3151 3024 3229 εἰλικρινεῖς
3073 3155 3298 3218 πιστοὺς
3358 3156 3662 3213 ἀποτείνων
3744 3160 3831 3213 τὸν

419 3247 936 3316 abominabantur,
967 3247 1238 3303 infirmos
1270 3248 1383 3303 fide
1413 3246 1742 3320 appellans.
1776 3246 1920 3301 Vide
1966 3262 2072 3301 au-

421 3341 540 3390 tem
571 3336 719 3391 mihi
740 3336 1118 3407 prudentiam
1132 3342 1191 3391 et
1212 3337 1537 3392 efﬁcaciam
1557 3351 1623 3392 ac
1642 3335 2070 3408 providentiam

418 3424 608 3490 Pauli,
641 3424 898 3497 benigne
929 3426 1176 3496 corripit
1204 3441 1340 3480 eum
1374 3426 1473 3496 qui
1508 3425 1886 3480 discernebat
1914 3426 2072 3479 inter

418 3512 620 3569 cibos:
657 3513 797 3568 hinc
826 3512 1090 3585 quidem,
1143 3529 1216 3568 ne
1249 3514 1297 3569 si
1356 3514 1544 3568 solam
1577 3513 1850 3568 intendat
1873 3513 2070 3584 objur-

417 3604 738 3677 gationem,
770 3603 1208 3659 resiliat:illinc
1238 3620 1375 3659 vero
1394 3620 1468 3659 ne
1508 3603 1657 3659 bene
1678 3620 1851 3677 agere
1869 3602 2068 3658 videa-

421 3698 538 3763 tur,
569 3693 617 3748 si
652 3697 890 3749 maneat
918 3708 1042 3747 non
1072 3698 1402 3765 correptus.
1437 3692 1571 3748 [deo
1620 3693 1703 3748 ait
1735 3692 2066 3747 :Assumite

380 3820 389 3827 .
419 3798 580 3850 eum,
606 3783 746 3855 quia
767 3783 1041 3839 inﬁrmus
1072 3787 1181 3838 est.
1232 3783 1314 3837 Ne
1349 3781 1590 3854 judices
1622 3797 1757 3837 eum
1783 3798 1796 3836 :
1827 3796 2010 3853 quare
2042 3778 2070 3836 τ

415 3873 544 3928 Non
575 3871 735 3944 quod
760 3871 916 3928 male
945 3886 1066 3927 non
1097 3877 1265 3944 agat:
1301 3870 1404 3926 sed
1434 3869 1592 3943 quod
1640 3870 1824 3927 alium
1851 3867 2067 3926 habeat

421 3961 737 4017 Dominum
793 3960 896 4031 qui
954 3960 1150 4031 ipsum
1226 3958 1474 4032 judicet.
1521 3961 1634 4015 Per
1689 3961 1800 4015 hoc
1884 3960 2063 4015 etiam

418 4064 556 4106 eum
586 4049 970 4119 consolando,
1020 4054 1088 4106 ut
1145 4048 1423 4116 diximus,
1474 4048 1548 4103 de
1597 4065 1719 4105 non
1776 4048 2061 4106 condem-

415 4138 615 4194 nando
635 4140 944 4210 proximo:
972 4152 1330 4210 rursumque
1361 4138 1508 4194 dans
1540 4138 1871 4212 intelligere
1902 4138 2061 4211 quod

413 4226 523 4282 etsi
555 4226 652 4282 hic
676 4226 848 4281 illum
877 4241 997 4281 non
1021 4226 1269 4299 judicet,
1297 4224 1524 4298 judicio
1546 4230 1747 4281 tamen
1770 4226 2059 4282 obnoxius

410 4316 578 4372 estis
609 4315 710 4387 qui
741 4315 907 4371 cibos
973 4315 1262 4371 observat.
1325 4313 1761 4385 Propemodum
1802 4315 2006 4371 dicens
2044 4331 2059 4371 :

406 4406 755 4476 Quanquam
774 4404 954 4461 etiam
984 4403 1082 4459 hic
1111 4408 1168 4458 te
1198 4418 1318 4458 non
1343 4402 1593 4475 judicet,
1627 4404 1944 4459 Dominum
1977 4411 2063 4460 ta-

408 4494 754 4595 men-habes
785 4493 887 4565 qui
913 4498 973 4548 te
995 4493 1228 4595 judicet
1262 4508 1276 4547 :
1308 4492 1440 4547 ideo
1463 4498 1531 4595 te
1562 4490 1659 4594 .ab
1713 4492 2057 4595 tutiusmodi
2096 4531 2139 4595 Β

402 4583 773 4653 parcimonia
823 4597 892 4638 ac
918 4581 1090 4638 sorde
1141 4585 1375 4653 oportet
1425 4568 1743 4637 abstinere.
1780 4582 2062 4637 Prohibet

401 4675 602 4726 autem
632 4688 707 4726 ne
733 4669 807 4725 de
835 4668 985 4725 cibis
1016 4669 1170 4725 alius
1200 4669 1382 4725 alium
1405 4667 1639 4744 judicet
1671 4685 1684 4723 :
1715 4685 1790 4724 ne
1821 4669 2056 4725 circafi-

399 4756 498 4815 dei
530 4757 701 4814 initia
729 4758 802 4814 de
828 4757 925 4827 bis
954 4758 1386 4814 contendentes
1412 4773 1479 4813 ac
1510 4757 1861 4827 rixantes,in
1893 4758 2055 4830 peri-

398 4843 601 4903 culum
628 4862 700 4902 ex
722 4846 834 4902 hoc
849 4846 1219 4913 venirent,ne
1233 4847 1413 4904 etiam
1428 4846 1863 4903 circalzetitiam
1876 4846 2055 4902 dissi-

397 4934 647 4993 derent:
679 4935 833 4992 88!
866 4941 924 4991 et
964 4937 1027 4992 in
1056 4952 1126 4992 eo
1156 4936 1317 5008 quod
1374 4952 1609 4992 summa
1639 4940 1784 5004 erat,
1836 4952 2053 5008 nempe

399 5024 519 5083 fide
547 5023 612 5080 in
632 5024 955 5094 Christum,
978 5025 1265 5082 damnum
1277 5030 1643 5098 paterentur.
1667 5024 2012 5098 Quidigitur
2027 5026 2055 5081 ‘2

395 5117 455 5173 Si
476 5132 638 5172 nunc
666 5116 971 5173 videamus
1000 5115 1158 5174 circa
1187 5117 1350 5173 cibos
1378 5116 1653 5173 Judaicas
1684 5116 2047 5173 observatio-

395 5223 503 5265 nes
531 5210 886 5274 scrvantem,
932 5222 1135 5263 annon
1173 5207 1703 5263 condemnabimus
1723 5205 1751 5261 ?
1780 5206 2046 5262 Maxime.

395 5296 700 5361 Quomodo
729 5311 868 5369 ergo
888 5293 973 5350 ait
1003 5311 1016 5350 :
1052 5321 1071 5347 ι
1114 5295 1196 5350 Ne
1238 5294 1517 5367 judicetis
1559 5300 1625 5349 ut
1669 5310 1791 5349 non
1814 5294 2047 5365 judice-

392 5385 542 5439 mini
567 5384 637 5442 Μ.
658 5384 687 5440 7
708 5406 737 5435 ››
753 5385 882 5441 Non
894 5382 968 5440 de
982 5382 1096 5440 ﬁde
1118 5387 1224 5439 aut
1249 5382 1323 5438 de
1344 5382 1436 5438 bis
1458 5399 1590 5453 qum
1621 5381 1696 5437 ad
1715 5381 1893 5437 ﬁdem
1908 5398 2045 5437 con-

393 5471 599 5529 ferunt
645 5480 877 5545 oportet
902 5474 1016 5530 hoc
1045 5474 1334 5546 accipere.
1386 5471 1586 5528 Absit!
1619 5473 1819 5542 Neque
1849 5470 1923 5527 de
1953 5471 2046 5526 bis

470 5642 543 5682 W
576 5644 777 5699 Matth.
811 5661 909 5713 vn,
935 5649 986 5702 1.

2185 3239 2371 3318 λόγον,
2403 3245 2509 3297 τῶν
2548 3242 2616 3296 τὰ
2674 3242 2940 3318 βρώματα
3002 3239 3447 3319 βδελυττομένων
3477 3248 3835 3317 καθάπτεται,

2180 3329 2533 3394 ἀσθενοῦντας
2586 3328 2770 3385 καλῶν
2828 3333 2896 3405 τῇ
2963 3330 3163 3388 πίστει.
3219 3366 3285 3375 --
3327 3334 3531 3407 [ΦΩΤ.]
3584 3337 3733 3411 εὈρσι
3785 3334 3837 3391 δέ

2184 3441 2278 3497 μοι
2309 3420 2370 3475 τὸ
2397 3418 2613 3474 συνετὸν
2645 3418 2735 3473 καὶ
2768 3416 3121 3496 δραστήριον,
3177 3420 3267 3475 καὶ
3305 3425 3685 3497 προνοητικὸν
3743 3430 3835 3481 τοῦ

2180 3508 2420 3564 Παύλου.
2478 3508 2857 3581 Δεξιούμενος,
2887 3506 3213 3579 ἐπιπλήττει
3270 3510 3361 3566 τὸν
3426 3517 3544 3574 τοῖς
3578 3513 3837 3590 βρώμασι

2180 3595 2615 3673 διακρινόμενον,
2653 3598 2715 3652 τὸ
2776 3598 2892 3671 μὲν,
2945 3595 3039 3653 ’ίνα
3097 3601 3170 3672 μή
3234 3600 3615 3677 ἀποσκιρτήσῃ
3669 3605 3834 3680 ἀκρά-

2174 3706 2272 3741 του
2294 3689 2390 3739 τοῦ
2448 3683 2688 3761 ἐλέγχου
2743 3686 3198 3762 προτεινομένου,
3227 3688 3289 3742 τὸ
3346 3685 3541 3758 δὶ,⁹ίνα
3579 3692 3664 3767 μὴ
3708 3691 3834 3767 δόξῃ

2175 3773 2342 3831 καλὸν
2374 3779 2549 3831 ποιεῖν
2617 3774 3017 3849 ἀνεπιτίμητος
3054 3777 3251 3849 μένων.
3295 3779 3411 3849 Διὸ,
3465 3778 3839 3857 Προσλαμϐά-

2174 3865 2323 3920 νεσθε
2347 3864 2524 3933 αὐτὸν,
2586 3864 2772 3942 φησὶν,
2835 3866 2918 3922 ὅτι
2975 3865 3201 3937 ἀσθενής
3267 3865 3427 3926 ἐστιν.
3472 3871 3566 3939 Μὴ
3637 3872 3831 3945 κρίνῃς

2174 3954 2357 4022 αὐτὸν,
2390 3953 2545 4033 φησί.
2579 3954 2727 4009 Διατί
2762 3972 2776 4025 ;
2809 3953 2932 4031 Οὐχ
2963 3953 3047 4010 ὅτι
3075 3954 3136 4010 οὗ
3180 3963 3330 4011 ποιεῖ’
3359 3958 3548 4029 κακὸν,
3579 3958 3707 4015 ἀλλ’
3736 3961 3815 4014 ὅτι

2174 4044 2372 4122 Κύριον
2402 4037 2522 4119 ἔχει
2551 4040 2747 4114 ἄλλον,
2799 4042 2894 4097 τὸν
2954 4042 3204 4119 κρίνοντα
3260 4045 3442 4118 αὐτὸν,
3498 4046 3670 4121 τούτῳ
3728 4050 3823 4106 καὶ

2172 4134 2370 4191 ἐκεῖνον
2404 4133 2914 4209 παραμυθούμενος,
2948 4134 3024 4197 ὡς
3061 4131 3285 4213 ἔφημεν,
3325 4135 3411 4193 ἐπὶ
3470 4142 3549 4211 τῷ
3610 4139 3689 4212 μὴ
3741 4160 3831 4195 xu»

2171 4220 2511 4298 τακρίνεσθαι
2547 4220 2649 4275 ὑπὸ
2679 4223 2775 4275 τοῦ
2833 4218 3092 4291 πλησίον,
3134 4223 3223 4277 καὶ
3278 4220 3461 4288 διδοὺς
3519 4223 3685 4281 πᾶλιν
3752 4227 3829 4283 ἐν·

2171 4315 2338 4378 νοεῖν,
2369 4308 2450 4362 δτι
2482 4308 2577 4362 κᾶν
2607 4308 2768 4369 οὗτος
2798 4306 2958 4363 αὐτὸν
3019 4311 3082 4365 οὐ
3133 4310 3315 4387 κρίνῃ,
3373 4310 3502 4370 ἀλλ’
3562 4314 3657 4370 οὗν
3730 4315 3834 4373 ὑπὸ

2170 4399 2346 4473 κρῖμά
2394 4396 2526 4466 ἐστι,
2587 4395 3066 4473 παρατηρούμενος
3123 4398 3191 4454 τὰ
3248 4400 3537 4476 βρώματα.
3598 4404 3665 4461 Εἰ
3734 4408 3837 4483 γὰρ

2170 4488 2259 4541 καὶ
2292 4485 2447 4547 οὗτος
2481 4484 2542 4541 οὐ
2582 4485 2755 4562 κρίνει
2799 4507 2878 4551 σε,
2937 4489 3240 4569 μονονουχὶ
3282 4490 3479 4569 λέγων,
3511 4492 3643 4549 ἀλλ’
3681 4492 3841 4573 ἔχεις

2174 4575 2372 4651 Κύριον
2418 4575 2511 4630 τὸν
2565 4576 2813 4651 κρίνοντά
2872 4597 2948 4637 σε.
3010 4578 3104 4633 Διὸ
3162 4575 3246 4634 δεῖ
3303 4600 3359 4635 σε
3413 4589 3514 4653 τῆς
3567 4585 3839 4657 τοιαύτης

2168 4662 2500 4741 ἀποσχέσθαι
2562 4663 2984 4743 σμικρολογίας.
3045 4664 3257 4723 Κωλύει
3302 4666 3358 4724 δὲ
3396 4671 3522 4746 περὶ
3594 4674 3839 4750 βρωμά-

2166 4775 2273 4809 των
2313 4753 2513 4829 κρίνειν
2552 4751 2859 4824 ἀλλήλους,
2916 4752 3007 4811 ’ίνα
3066 4756 3143 4829 μὴ
3208 4759 3328 4814 κατ’
3359 4758 3534 4836 ἀρχὰς
3560 4768 3670 4832 τῆς
3730 4766 3831 4822 πί-

2166 4863 2331 4905 στεως
2363 4840 2487 4916 περὶ
2531 4844 2698 4895 ταῦτα
2755 4839 3021 4918 ἐρίζοντες
3083 4844 3174 4900 καί
3234 4843 3694 4924 φιλονεικοῦντες,
3770 4853 3837 4911 ἐκ

2164 4931 2366 4988 τοῦτου
2422 4932 2512 4986 καὶ
2582 4931 2658 4995 εἷς
2724 4931 2860 4988 αὐτὰ
2931 4933 2999 4987 τὰ
3052 4932 3238 5008 καίρια
3291 4934 3572 5010 διαστῆναι
3632 4940 3835 5001 κινδυ-

2162 5020 2414 5091 νεύσωσι,
2457 5021 2545 5077 καὶ
2609 5020 2667 5078 τὸ
2720 5019 3041 5095 κεφάλαιον,
3097 5025 3266 5097 αὐτὴν
3303 5027 3401 5096 τήν
3454 5028 3530 5093 εἰς
3589 5031 3829 5106 Χριστὸν

2162 5110 2341 5165 πίστιν
2376 5109 2721 5183 ζημιωθῶσι.
2764 5110 2830 5168 Τί
2862 5110 2954 5166 οὖν
2990 5133 3003 5181 ;
3037 5110 3096 5168 ἄν
3159 5111 3365 5190 ἴδωμεν
3420 5122 3512 5172 νῦν
3574 5120 3698 5199 περί
3758 5122 3831 5177 τὰ

2167 5201 2430 5276 βρώματα
2478 5197 2790 5263 Ἰουδαϊκῶς
2849 5204 3358 5279 παρατηρούμενον,
3389 5206 3451 5265 οὐ
3513 5209 3593 5285 μή
3652 5197 3829 5268 κατα-

2160 5288 2434 5366 κρίνωμεν
2464 5307 2477 5357 ;
2509 5288 2615 5344 Καὶ
2650 5287 2886 5365 μάλιστά
2911 5311 2991 5367 γε.
3035 5296 3159 5356 Πῶς
3202 5293 3295 5349 οῦν
3327 5318 3483 5373 φησι,
3518 5322 3547 5350 ί(
3579 5301 3668 5370 Μὴ
3698 5300 3827 5372 κρί-

2157 5398 2295 5446 νετε,
2321 5377 2410 5434 καὶ
2444 5378 2507 5433 οὐ
2535 5378 2610 5452 μή
2641 5385 2867 5454 κριθῆτε
2901 5398 2914 5449 ;
2949 5404 2978 5433 ››
3010 5380 3087 5439 Οὐ
3118 5383 3242 5459 περῖ
3273 5391 3375 5454 τῆς
3400 5385 3685 5459 πίστεωςῆ
3707 5393 3820 5446 τῶν

2160 5467 2234 5530 εἰς
2293 5466 2475 5523 πίστιν
2531 5465 2951 5542 συντελούντων,
3021 5474 3185 5529 τοῦτο
3272 5469 3354 5531 δεῖ
3429 5471 3822 5552 ἐκλαμϐάνειν,
