  <div class='ocr_page' id='page_1' title='image "/cluster/home/n/w/nwhite01/storage/ocr_20150623/118/mdp.39015078384297/302.png"; bbox 0 0 4106 6252; ppageno 0'>
   <div class='ocr_carea' id='block_1_1' title="bbox 324 386 457 451">
    <p class='ocr_par' dir='ltr' id='par_1_1' title="bbox 324 386 457 451">
     <span class='ocr_line' id='line_1_1' title="bbox 324 386 457 451; baseline 0.038 -5"><span class='ocrx_word' id='word_1_1' title='bbox 324 386 457 451; x_wconf 66' lang='grc'>580</span> 
     </span>
    </p>
   </div>
   <div class='ocr_carea' id='block_1_2' title="bbox 363 613 2021 700">
    <p class='ocr_par' dir='ltr' id='par_1_2' title="bbox 363 613 2021 700">
     <span class='ocr_line' id='line_1_2' title="bbox 363 613 2021 700; baseline 0.005 -30"><span class='ocrx_word' id='word_1_2' title='bbox 363 613 606 682; x_wconf 68' lang='grc' dir='ltr'>ἃτὸπων,</span> <span class='ocrx_word' id='word_1_3' title='bbox 637 616 795 674; x_wconf 72' lang='grc' dir='ltr'>ἀλλὰ</span> <span class='ocrx_word' id='word_1_4' title='bbox 826 623 952 696; x_wconf 84' lang='grc' dir='ltr'>περὶ</span> <span class='ocrx_word' id='word_1_5' title='bbox 980 627 1086 677; x_wconf 80' lang='grc' dir='ltr'>τῶν</span> <span class='ocrx_word' id='word_1_6' title='bbox 1125 625 1260 679; x_wconf 79' lang='grc' dir='ltr'>κατὰ</span> <span class='ocrx_word' id='word_1_7' title='bbox 1312 625 1405 680; x_wconf 75' lang='grc' dir='ltr'>τὸν</span> <span class='ocrx_word' id='word_1_8' title='bbox 1462 625 1579 700; x_wconf 86' lang='grc' dir='ltr'>βίον</span> <span class='ocrx_word' id='word_1_9' title='bbox 1649 619 1840 698; x_wconf 65' lang='grc' dir='ltr'>ἔργων,</span> <span class='ocrx_word' id='word_1_10' title='bbox 1901 622 2021 696; x_wconf 77' lang='grc' dir='ltr'>περὶ</span> 
     </span>
    </p>
   </div>
   <div class='ocr_carea' id='block_1_3' title="bbox 365 705 2026 784">
    <p class='ocr_par' dir='ltr' id='par_1_3' title="bbox 365 705 2026 784">
     <span class='ocr_line' id='line_1_3' title="bbox 365 705 2026 784; baseline 0.002 -22"><span class='ocrx_word' id='word_1_11' title='bbox 365 709 476 762; x_wconf 81' lang='grc' dir='ltr'>τῶν</span> <span class='ocrx_word' id='word_1_12' title='bbox 506 705 959 781; x_wconf 76' lang='grc' dir='ltr'>ὑπονοουμένων,</span> <span class='ocrx_word' id='word_1_13' title='bbox 997 711 1121 784; x_wconf 84' lang='grc' dir='ltr'>περὶ</span> <span class='ocrx_word' id='word_1_14' title='bbox 1171 717 1302 783; x_wconf 82' lang='grc' dir='ltr'>τῶν,</span> <span class='ocrx_word' id='word_1_15' title='bbox 1349 714 1423 776; x_wconf 84' lang='grc' dir='ltr'>ὡς</span> <span class='ocrx_word' id='word_1_16' title='bbox 1469 713 1630 774; x_wconf 84' lang='grc' dir='ltr'>αὐτὸς</span> <span class='ocrx_word' id='word_1_17' title='bbox 1680 713 1708 766; x_wconf 87' lang='grc' dir='ltr'><strong>ὁ</strong></span> <span class='ocrx_word' id='word_1_18' title='bbox 1753 711 2026 780; x_wconf 75' lang='grc' dir='ltr'>Δεσπότης</span> 
     </span>
    </p>
   </div>
   <div class='ocr_carea' id='block_1_4' title="bbox 365 790 2021 879">
    <p class='ocr_par' dir='ltr' id='par_1_4' title="bbox 365 790 2021 879">
     <span class='ocr_line' id='line_1_4' title="bbox 365 790 2021 879; baseline -0.005 -18"><span class='ocrx_word' id='word_1_19' title='bbox 365 790 504 867; x_wconf 63' lang='grc' dir='ltr'>ἶφτη</span> <span class='ocrx_word' id='word_1_20' title='bbox 540 797 780 875; x_wconf 65' lang='grc' dir='ltr'>κάρφους</span> <span class='ocrx_word' id='word_1_21' title='bbox 826 797 992 874; x_wconf 85' lang='grc' dir='ltr'>λόγον</span> <span class='ocrx_word' id='word_1_22' title='bbox 1022 798 1284 879; x_wconf 79' lang='grc' dir='ltr'>ἐχόντων.</span> <span class='ocrx_word' id='word_1_23' title='bbox 1341 801 1468 874; x_wconf 75' lang='grc' dir='ltr'>Περὶ</span> <span class='ocrx_word' id='word_1_24' title='bbox 1519 801 1726 858; x_wconf 86' lang='grc' dir='ltr'>τούτων</span> <span class='ocrx_word' id='word_1_25' title='bbox 1777 800 1878 875; x_wconf 70' lang='grc' dir='ltr'>γὰρ</span> <span class='ocrx_word' id='word_1_26' title='bbox 1931 799 2021 854; x_wconf 78' lang='grc' dir='ltr'>καὶ</span> 
     </span>
    </p>
   </div>
   <div class='ocr_carea' id='block_1_5' title="bbox 368 885 2022 965">
    <p class='ocr_par' dir='ltr' id='par_1_5' title="bbox 368 885 2022 965">
     <span class='ocr_line' id='line_1_5' title="bbox 368 885 2022 965; baseline 0.002 -27"><span class='ocrx_word' id='word_1_27' title='bbox 368 890 483 939; x_wconf 80' lang='grc' dir='ltr'>τῶν</span> <span class='ocrx_word' id='word_1_28' title='bbox 510 885 960 956; x_wconf 77' lang='grc' dir='ltr'>τοιούτων,οὐὸὶ</span> <span class='ocrx_word' id='word_1_29' title='bbox 999 890 1175 962; x_wconf 80' lang='grc' dir='ltr'>στόμα</span> <span class='ocrx_word' id='word_1_30' title='bbox 1236 888 1418 965; x_wconf 78' lang='grc' dir='ltr'>διᾶραι</span> <span class='ocrx_word' id='word_1_31' title='bbox 1476 889 1576 960; x_wconf 81' lang='grc' dir='ltr'>δεῖ,</span> <span class='ocrx_word' id='word_1_32' title='bbox 1635 889 1725 945; x_wconf 85' lang='grc' dir='ltr'>καὶ</span> <span class='ocrx_word' id='word_1_33' title='bbox 1789 888 2022 962; x_wconf 71' lang='grc' dir='ltr'>μάλιστα</span> 
     </span>
    </p>
   </div>
   <div class='ocr_carea' id='block_1_6' title="bbox 365 974 2016 1057">
    <p class='ocr_par' dir='ltr' id='par_1_6' title="bbox 365 974 2016 1057">
     <span class='ocr_line' id='line_1_6' title="bbox 365 974 2016 1057; baseline 0.004 -29"><span class='ocrx_word' id='word_1_34' title='bbox 365 975 458 1035; x_wconf 74' lang='grc' dir='ltr'>οἷς</span> <span class='ocrx_word' id='word_1_35' title='bbox 519 974 966 1051; x_wconf 80' lang='grc' dir='ltr'>συμπαρατίθησι</span> <span class='ocrx_word' id='word_1_36' title='bbox 1024 983 1102 1051; x_wconf 82' lang='grc' dir='ltr'>τῷ</span> <span class='ocrx_word' id='word_1_37' title='bbox 1153 982 1536 1056; x_wconf 75' lang='grc' dir='ltr'>προειρημένῳ</span> <span class='ocrx_word' id='word_1_38' title='bbox 1593 977 1875 1057; x_wconf 67' lang='grc' dir='ltr'>κεφαλαίῳ</span> <span class='ocrx_word' id='word_1_39' title='bbox 1929 979 2016 1034; x_wconf 85' lang='grc' dir='ltr'>καὶ</span> 
     </span>
    </p>
   </div>
   <div class='ocr_carea' id='block_1_7' title="bbox 357 1062 2017 1145">
    <p class='ocr_par' dir='ltr' id='par_1_7' title="bbox 357 1062 2017 1145">
     <span class='ocr_line' id='line_1_7' title="bbox 357 1062 2017 1145; baseline 0.002 -27"><span class='ocrx_word' id='word_1_40' title='bbox 357 1062 572 1138; x_wconf 67' lang='grc' dir='ltr'>ἕτερον.</span> <span class='ocrx_word' id='word_1_41' title='bbox 609 1065 706 1120; x_wconf 84' lang='grc' dir='ltr'>Καί</span> <span class='ocrx_word' id='word_1_42' title='bbox 739 1087 927 1145; x_wconf 72' lang='grc' dir='ltr'>φησιν,</span> <span class='ocrx_word' id='word_1_43' title='bbox 969 1066 1052 1122; x_wconf 79' lang='grc' dir='ltr'>ὅτι</span> <span class='ocrx_word' id='word_1_44' title='bbox 1110 1067 1170 1122; x_wconf 79' lang='grc' dir='ltr'>οὐ</span> <span class='ocrx_word' id='word_1_45' title='bbox 1233 1069 1394 1141; x_wconf 86' lang='grc' dir='ltr'>μόνον</span> <span class='ocrx_word' id='word_1_46' title='bbox 1459 1069 1547 1125; x_wconf 76' lang='grc' dir='ltr'>ἐπὶ</span> <span class='ocrx_word' id='word_1_47' title='bbox 1602 1073 1699 1123; x_wconf 78' lang='grc' dir='ltr'>τοῦ</span> <span class='ocrx_word' id='word_1_48' title='bbox 1753 1089 2017 1142; x_wconf 81' lang='grc' dir='ltr'>προειρη-</span> 
     </span>
    </p>
   </div>
   <div class='ocr_carea' id='block_1_8' title="bbox 362 1151 2018 1231">
    <p class='ocr_par' dir='ltr' id='par_1_8' title="bbox 362 1151 2018 1231">
     <span class='ocr_line' id='line_1_8' title="bbox 362 1151 2018 1231; baseline 0.001 -23"><span class='ocrx_word' id='word_1_49' title='bbox 362 1153 532 1226; x_wconf 78' lang='grc' dir='ltr'>μένου</span> <span class='ocrx_word' id='word_1_50' title='bbox 575 1153 638 1208; x_wconf 78' lang='grc' dir='ltr'>οὐ</span> <span class='ocrx_word' id='word_1_51' title='bbox 699 1151 780 1209; x_wconf 75' lang='grc' dir='ltr'>δεῖ</span> <span class='ocrx_word' id='word_1_52' title='bbox 836 1157 1166 1230; x_wconf 74' lang='grc' dir='ltr'>κατακρίνειν</span> <span class='ocrx_word' id='word_1_53' title='bbox 1225 1158 1315 1212; x_wconf 83' lang='grc' dir='ltr'>καὶ</span> <span class='ocrx_word' id='word_1_54' title='bbox 1372 1158 1662 1231; x_wconf 76' lang='grc' dir='ltr'>ἐξουθενεῖν</span> <span class='ocrx_word' id='word_1_55' title='bbox 1717 1157 1808 1214; x_wconf 84' lang='grc' dir='ltr'>τὸν</span> <span class='ocrx_word' id='word_1_56' title='bbox 1867 1154 2018 1226; x_wconf 79' lang='grc' dir='ltr'>πλη-</span> 
     </span>
    </p>
   </div>
   <div class='ocr_carea' id='block_1_9' title="bbox 364 1242 2018 1323">
    <p class='ocr_par' dir='ltr' id='par_1_9' title="bbox 364 1242 2018 1323">
     <span class='ocr_line' id='line_1_9' title="bbox 364 1242 2018 1323; baseline 0.002 -25"><span class='ocrx_word' id='word_1_57' title='bbox 364 1244 506 1313; x_wconf 75' lang='grc' dir='ltr'>σίον,</span> <span class='ocrx_word' id='word_1_58' title='bbox 538 1242 671 1301; x_wconf 77' lang='grc' dir='ltr'>ἀλλ’</span> <span class='ocrx_word' id='word_1_59' title='bbox 702 1243 829 1302; x_wconf 72' lang='grc' dir='ltr'>οὐδὲ</span> <span class='ocrx_word' id='word_1_60' title='bbox 859 1247 946 1302; x_wconf 72' lang='grc' dir='ltr'>ἐπὶ</span> <span class='ocrx_word' id='word_1_61' title='bbox 973 1253 1069 1302; x_wconf 76' lang='grc' dir='ltr'>τοῦ</span> <span class='ocrx_word' id='word_1_62' title='bbox 1101 1250 1336 1323; x_wconf 81' lang='grc' dir='ltr'>ῥηθῆναι</span> <span class='ocrx_word' id='word_1_63' title='bbox 1370 1248 1695 1323; x_wconf 78' lang='grc' dir='ltr'>μέλλοντος.</span> <span class='ocrx_word' id='word_1_64' title='bbox 1757 1251 1912 1305; x_wconf 79' lang='grc' dir='ltr'>Ἔστι</span> <span class='ocrx_word' id='word_1_65' title='bbox 1961 1245 2018 1306; x_wconf 70' lang='grc' dir='ltr'>δὲ</span> 
     </span>
    </p>
   </div>
   <div class='ocr_carea' id='block_1_10' title="bbox 363 1336 2014 1414">
    <p class='ocr_par' dir='ltr' id='par_1_10' title="bbox 363 1336 2014 1414">
     <span class='ocr_line' id='line_1_10' title="bbox 363 1336 2014 1414; baseline 0.001 -26"><span class='ocrx_word' id='word_1_66' title='bbox 363 1338 531 1388; x_wconf 73' lang='grc' dir='ltr'>τοῦτο</span> <span class='ocrx_word' id='word_1_67' title='bbox 561 1339 832 1390; x_wconf 77' lang='grc' dir='ltr'>τοιοῦτον·</span> <span class='ocrx_word' id='word_1_68' title='bbox 863 1337 932 1394; x_wconf 68' lang='grc' dir='ltr'>Οἱ</span> <span class='ocrx_word' id='word_1_69' title='bbox 965 1337 1059 1410; x_wconf 76' lang='grc' dir='ltr'>μὲν</span> <span class='ocrx_word' id='word_1_70' title='bbox 1098 1336 1306 1413; x_wconf 77' lang='grc' dir='ltr'>ἡμέραν</span> <span class='ocrx_word' id='word_1_71' title='bbox 1365 1339 1492 1413; x_wconf 84' lang='grc' dir='ltr'>παρ’</span> <span class='ocrx_word' id='word_1_72' title='bbox 1554 1337 1754 1414; x_wconf 62' lang='grc' dir='ltr'>ἡμέραν</span> <span class='ocrx_word' id='word_1_73' title='bbox 1804 1338 2014 1407; x_wconf 71' lang='grc' dir='ltr'>ἢσθιον,</span> 
     </span>
    </p>
   </div>
   <div class='ocr_carea' id='block_1_11' title="bbox 368 1421 2015 1501">
    <p class='ocr_par' dir='ltr' id='par_1_11' title="bbox 368 1421 2015 1501">
     <span class='ocr_line' id='line_1_11' title="bbox 368 1421 2015 1501; baseline 0.002 -24"><span class='ocrx_word' id='word_1_74' title='bbox 368 1423 424 1477; x_wconf 73' lang='grc' dir='ltr'>οἱ</span> <span class='ocrx_word' id='word_1_75' title='bbox 457 1421 516 1478; x_wconf 71' lang='grc' dir='ltr'>δὲ</span> <span class='ocrx_word' id='word_1_76' title='bbox 544 1426 658 1479; x_wconf 81' lang='grc' dir='ltr'>καθ’</span> <span class='ocrx_word' id='word_1_77' title='bbox 690 1427 920 1501; x_wconf 79' lang='grc' dir='ltr'>ἡμέραν.</span> <span class='ocrx_word' id='word_1_78' title='bbox 983 1429 1158 1498; x_wconf 79' lang='grc' dir='ltr'>Φησίν</span> <span class='ocrx_word' id='word_1_79' title='bbox 1197 1429 1306 1497; x_wconf 84' lang='grc' dir='ltr'>οὗν,</span> <span class='ocrx_word' id='word_1_80' title='bbox 1355 1430 1437 1484; x_wconf 86' lang='grc' dir='ltr'>’ὁτι</span> <span class='ocrx_word' id='word_1_81' title='bbox 1493 1427 1554 1483; x_wconf 78' lang='grc' dir='ltr'>οὐ</span> <span class='ocrx_word' id='word_1_82' title='bbox 1611 1426 1693 1484; x_wconf 82' lang='grc' dir='ltr'>δεῖ</span> <span class='ocrx_word' id='word_1_83' title='bbox 1748 1425 1873 1484; x_wconf 76' lang='grc' dir='ltr'>οὐδὲ</span> <span class='ocrx_word' id='word_1_84' title='bbox 1924 1426 2015 1482; x_wconf 79' lang='grc' dir='ltr'>ἐπὶ</span> 
     </span>
    </p>
   </div>
   <div class='ocr_carea' id='block_1_12' title="bbox 363 1513 2010 1590">
    <p class='ocr_par' dir='ltr' id='par_1_12' title="bbox 363 1513 2010 1590">
     <span class='ocr_line' id='line_1_12' title="bbox 363 1513 2010 1590; baseline 0.002 -23"><span class='ocrx_word' id='word_1_85' title='bbox 363 1513 575 1567; x_wconf 84' lang='grc' dir='ltr'>τούτων</span> <span class='ocrx_word' id='word_1_86' title='bbox 612 1513 813 1588; x_wconf 87' lang='grc' dir='ltr'>κρίνειν</span> <span class='ocrx_word' id='word_1_87' title='bbox 869 1514 958 1572; x_wconf 75' lang='grc' dir='ltr'>καὶ</span> <span class='ocrx_word' id='word_1_88' title='bbox 1005 1516 1345 1590; x_wconf 75' lang='grc' dir='ltr'>κατακρίνειν</span> <span class='ocrx_word' id='word_1_89' title='bbox 1395 1515 1701 1587; x_wconf 69' lang='grc' dir='ltr'>ἀλλήλους*</span> <span class='ocrx_word' id='word_1_90' title='bbox 1752 1514 1876 1572; x_wconf 73' lang='grc' dir='ltr'>οὕτε</span> <span class='ocrx_word' id='word_1_91' title='bbox 1920 1517 2010 1570; x_wconf 76' lang='grc' dir='ltr'>τὸν</span> 
     </span>
    </p>
   </div>
   <div class='ocr_carea' id='block_1_13' title="bbox 357 1603 2011 1687">
    <p class='ocr_par' dir='ltr' id='par_1_13' title="bbox 357 1603 2011 1687">
     <span class='ocr_line' id='line_1_13' title="bbox 357 1603 2011 1687; baseline 0.003 -28"><span class='ocrx_word' id='word_1_92' title='bbox 357 1603 630 1661; x_wconf 76' lang='grc' dir='ltr'>ἐσθίοντα·</span> <span class='ocrx_word' id='word_1_93' title='bbox 679 1611 926 1678; x_wconf 74' lang='grc' dir='ltr'>νηστεύει</span> <span class='ocrx_word' id='word_1_94' title='bbox 983 1611 1088 1686; x_wconf 68' lang='grc' dir='ltr'>γὰρ</span> <span class='ocrx_word' id='word_1_95' title='bbox 1143 1611 1172 1665; x_wconf 79' lang='grc' dir='ltr'><strong>ὁ</strong></span> <span class='ocrx_word' id='word_1_96' title='bbox 1230 1608 1466 1682; x_wconf 79' lang='grc' dir='ltr'>πλησίον</span> <span class='ocrx_word' id='word_1_97' title='bbox 1521 1611 1610 1666; x_wconf 85' lang='grc' dir='ltr'>καὶ</span> <span class='ocrx_word' id='word_1_98' title='bbox 1669 1610 2011 1687; x_wconf 84' lang='grc' dir='ltr'>ἆγαθοποιεῖ,</span> 
     </span>
    </p>
   </div>
   <div class='ocr_carea' id='block_1_14' title="bbox 352 1695 2011 1771">
    <p class='ocr_par' dir='ltr' id='par_1_14' title="bbox 352 1695 2011 1771">
     <span class='ocr_line' id='line_1_14' title="bbox 352 1695 2011 1771; baseline 0.005 -22"><span class='ocrx_word' id='word_1_99' title='bbox 352 1700 534 1750; x_wconf 83' lang='grc' dir='ltr'>ποιῶν</span> <span class='ocrx_word' id='word_1_100' title='bbox 562 1697 696 1752; x_wconf 74' lang='grc' dir='ltr'>αὐτὸ</span> <span class='ocrx_word' id='word_1_101' title='bbox 729 1695 818 1753; x_wconf 77' lang='grc' dir='ltr'>διὰ</span> <span class='ocrx_word' id='word_1_102' title='bbox 843 1699 939 1754; x_wconf 82' lang='grc' dir='ltr'>τὸν</span> <span class='ocrx_word' id='word_1_103' title='bbox 970 1701 1119 1756; x_wconf 74' lang='grc' dir='ltr'>Θιόψ</span> <span class='ocrx_word' id='word_1_104' title='bbox 1153 1698 1276 1756; x_wconf 66' lang='grc' dir='ltr'>οὔτε</span> <span class='ocrx_word' id='word_1_105' title='bbox 1313 1699 1480 1756; x_wconf 77' lang='grc' dir='ltr'>πάλιν</span> <span class='ocrx_word' id='word_1_106' title='bbox 1536 1703 1628 1757; x_wconf 84' lang='grc' dir='ltr'>τὸν</span> <span class='ocrx_word' id='word_1_107' title='bbox 1684 1700 2011 1771; x_wconf 81' lang='grc' dir='ltr'>νηστεύοντα</span> 
     </span>
    </p>
   </div>
   <div class='ocr_carea' id='block_1_15' title="bbox 352 1783 2008 1865">
    <p class='ocr_par' dir='ltr' id='par_1_15' title="bbox 352 1783 2008 1865">
     <span class='ocr_line' id='line_1_15' title="bbox 352 1783 2008 1865; baseline 0.012 -25"><span class='ocrx_word' id='word_1_108' title='bbox 352 1783 440 1840; x_wconf 79' lang='grc' dir='ltr'>δεῖ</span> <span class='ocrx_word' id='word_1_109' title='bbox 469 1785 814 1862; x_wconf 70' lang='grc' dir='ltr'>κατακρίνειν</span> <span class='ocrx_word' id='word_1_110' title='bbox 839 1788 933 1844; x_wconf 87' lang='grc' dir='ltr'>τὸν</span> <span class='ocrx_word' id='word_1_111' title='bbox 966 1791 1041 1862; x_wconf 75' lang='grc' dir='ltr'>μὴ</span> <span class='ocrx_word' id='word_1_112' title='bbox 1098 1789 1422 1859; x_wconf 84' lang='grc' dir='ltr'>νηστεύοντα</span> <span class='ocrx_word' id='word_1_113' title='bbox 1486 1791 1611 1865; x_wconf 84' lang='grc' dir='ltr'>παρ’</span> <span class='ocrx_word' id='word_1_114' title='bbox 1661 1791 1892 1863; x_wconf 69' lang='grc' dir='ltr'>ἡμέραν·</span> <span class='ocrx_word' id='word_1_115' title='bbox 1945 1789 2008 1843; x_wconf 66' lang='grc' dir='ltr'>οὗ</span> 
     </span>
    </p>
   </div>
   <div class='ocr_carea' id='block_1_16' title="bbox 352 1875 2085 1971">
    <p class='ocr_par' dir='ltr' id='par_1_16' title="bbox 352 1875 2085 1971">
     <span class='ocr_line' id='line_1_16' title="bbox 352 1875 2085 1971; baseline 0.004 -44"><span class='ocrx_word' id='word_1_116' title='bbox 352 1875 462 1951; x_wconf 76' lang='grc' dir='ltr'>γὰρ</span> <span class='ocrx_word' id='word_1_117' title='bbox 519 1877 852 1948; x_wconf 70' lang='grc' dir='ltr'>νομοθεσίας</span> <span class='ocrx_word' id='word_1_118' title='bbox 909 1877 1073 1951; x_wconf 78' lang='grc' dir='ltr'>ἐστὶν,</span> <span class='ocrx_word' id='word_1_119' title='bbox 1125 1876 1222 1971; x_wconf 70' lang='grc' dir='ltr'>’ίνα</span> <span class='ocrx_word' id='word_1_120' title='bbox 1277 1881 1312 1948; x_wconf 76' lang='grc' dir='ltr'><strong>ἡ</strong></span> <span class='ocrx_word' id='word_1_121' title='bbox 1388 1875 1703 1971; x_wconf 34' lang='grc' dir='ltr'>παράϐασις-</span> <span class='ocrx_word' id='word_1_122' title='bbox 1775 1879 2007 1971; x_wconf 50' lang='grc' dir='ltr'>προξενᾼῇ</span> <span class='ocrx_word' id='word_1_123' title='bbox 2040 1904 2085 1971; x_wconf 75' lang='grc' dir='ltr'><strong>Β</strong></span> 
     </span>
    </p>
   </div>
   <div class='ocr_carea' id='block_1_17' title="bbox 348 1962 2009 2043">
    <p class='ocr_par' dir='ltr' id='par_1_17' title="bbox 348 1962 2009 2043">
     <span class='ocr_line' id='line_1_17' title="bbox 348 1962 2009 2043; baseline 0.004 -27"><span class='ocrx_word' id='word_1_124' title='bbox 348 1969 556 2038; x_wconf 78' lang='grc' dir='ltr'>κρῖμα,</span> <span class='ocrx_word' id='word_1_125' title='bbox 587 1962 737 2019; x_wconf 79' lang='grc' dir='ltr'>ἀλλά</span> <span class='ocrx_word' id='word_1_126' title='bbox 773 1967 944 2038; x_wconf 82' lang='grc' dir='ltr'>μόνης</span> <span class='ocrx_word' id='word_1_127' title='bbox 999 1966 1386 2043; x_wconf 77' lang='grc' dir='ltr'>προαιρέσεως.</span> <span class='ocrx_word' id='word_1_128' title='bbox 1451 1992 1478 2020; x_wconf 82' lang='grc' dir='ltr'>ιι</span> <span class='ocrx_word' id='word_1_129' title='bbox 1511 1969 1604 2037; x_wconf 56' lang='lat' dir='ltr'>Mi)</span> <span class='ocrx_word' id='word_1_130' title='bbox 1663 1968 1738 2030; x_wconf 74' lang='grc' dir='ltr'>εἰς</span> <span class='ocrx_word' id='word_1_131' title='bbox 1797 1965 2009 2040; x_wconf 84' lang='grc' dir='ltr'>διακρί-</span> 
     </span>
    </p>
   </div>
   <div class='ocr_carea' id='block_1_18' title="bbox 352 2051 2006 2134">
    <p class='ocr_par' dir='ltr' id='par_1_18' title="bbox 352 2051 2006 2134">
     <span class='ocr_line' id='line_1_18' title="bbox 352 2051 2006 2134; baseline 0.004 -27"><span class='ocrx_word' id='word_1_132' title='bbox 352 2074 465 2116; x_wconf 88' lang='grc' dir='ltr'>σεις</span> <span class='ocrx_word' id='word_1_133' title='bbox 499 2051 906 2130; x_wconf 77' lang='grc' dir='ltr'>διαλογισμῶν.</span> <span class='ocrx_word' id='word_1_134' title='bbox 943 2081 970 2108; x_wconf 85' lang='lat'><strong>»</strong></span> <span class='ocrx_word' id='word_1_135' title='bbox 1004 2059 1122 2114; x_wconf 86' lang='grc' dir='ltr'>Μία</span> <span class='ocrx_word' id='word_1_136' title='bbox 1153 2061 1249 2132; x_wconf 79' lang='grc' dir='ltr'>μὲν</span> <span class='ocrx_word' id='word_1_137' title='bbox 1290 2059 1407 2114; x_wconf 83' lang='grc' dir='ltr'>κατ’</span> <span class='ocrx_word' id='word_1_138' title='bbox 1459 2058 1634 2114; x_wconf 79' lang='grc' dir='ltr'>αὐτῶν</span> <span class='ocrx_word' id='word_1_139' title='bbox 1680 2057 1897 2134; x_wconf 80' lang='grc' dir='ltr'>πληγὴ,</span> <span class='ocrx_word' id='word_1_140' title='bbox 1943 2059 2006 2114; x_wconf 86' lang='grc' dir='ltr'>τὸ</span> 
     </span>
    </p>
   </div>
   <div class='ocr_carea' id='block_1_19' title="bbox 347 2142 2004 2224">
    <p class='ocr_par' dir='ltr' id='par_1_19' title="bbox 347 2142 2004 2224">
     <span class='ocr_line' id='line_1_19' title="bbox 347 2142 2004 2224; baseline 0.004 -28"><span class='ocrx_word' id='word_1_141' title='bbox 347 2142 547 2212; x_wconf 71' lang='grc' dir='ltr'>εἰπεῖν,</span> <span class='ocrx_word' id='word_1_142' title='bbox 627 2143 979 2208; x_wconf 76' lang='grc' dir='ltr'>ἀσθενοῦντας</span> <span class='ocrx_word' id='word_1_143' title='bbox 1035 2150 1104 2221; x_wconf 80' lang='grc' dir='ltr'>τῇ</span> <span class='ocrx_word' id='word_1_144' title='bbox 1170 2146 1370 2206; x_wconf 87' lang='grc' dir='ltr'>πίστει.</span> <span class='ocrx_word' id='word_1_145' title='bbox 1457 2147 1681 2224; x_wconf 79' lang='grc' dir='ltr'>Δευτέρα</span> <span class='ocrx_word' id='word_1_146' title='bbox 1759 2144 1837 2218; x_wconf 78' lang='grc' dir='ltr'>δὲ,</span> <span class='ocrx_word' id='word_1_147' title='bbox 1921 2148 2004 2224; x_wconf 81' lang='grc' dir='ltr'>τὸ,</span> 
     </span>
    </p>
   </div>
   <div class='ocr_carea' id='block_1_20' title="bbox 351 2229 2004 2310">
    <p class='ocr_par' dir='ltr' id='par_1_20' title="bbox 351 2229 2004 2310">
     <span class='ocr_line' id='line_1_20' title="bbox 351 2229 2004 2310; baseline 0.004 -26"><span class='ocrx_word' id='word_1_148' title='bbox 351 2256 379 2284; x_wconf 80' lang='grc' dir='ltr'>ιι</span> <span class='ocrx_word' id='word_1_149' title='bbox 413 2229 932 2307; x_wconf 70' lang='grc' dir='ltr'>[Ιροσλαμόἀνεσθε.</span> <span class='ocrx_word' id='word_1_150' title='bbox 990 2260 1010 2284; x_wconf 76' lang='grc' dir='ltr'>ι</span> <span class='ocrx_word' id='word_1_151' title='bbox 1076 2237 1317 2291; x_wconf 86' lang='grc' dir='ltr'>Δείκνυσι</span> <span class='ocrx_word' id='word_1_152' title='bbox 1375 2237 1476 2310; x_wconf 81' lang='grc' dir='ltr'>γὰρ</span> <span class='ocrx_word' id='word_1_153' title='bbox 1534 2236 1729 2298; x_wconf 78' lang='grc' dir='ltr'>αὐτοὺς</span> <span class='ocrx_word' id='word_1_154' title='bbox 1785 2236 2004 2307; x_wconf 76' lang='grc' dir='ltr'>πολλῆς</span> 
     </span>
    </p>
   </div>
   <div class='ocr_carea' id='block_1_21' title="bbox 344 2319 2006 2400">
    <p class='ocr_par' dir='ltr' id='par_1_21' title="bbox 344 2319 2006 2400">
     <span class='ocr_line' id='line_1_21' title="bbox 344 2319 2006 2400; baseline 0.004 -25"><span class='ocrx_word' id='word_1_155' title='bbox 344 2319 643 2394; x_wconf 71' lang='grc' dir='ltr'>δεομένους</span> <span class='ocrx_word' id='word_1_156' title='bbox 699 2321 1012 2396; x_wconf 76' lang='grc' dir='ltr'>ἔπιμελίας.</span> <span class='ocrx_word' id='word_1_157' title='bbox 1071 2327 1267 2400; x_wconf 82' lang='grc' dir='ltr'>Τρίτη,</span> <span class='ocrx_word' id='word_1_158' title='bbox 1323 2346 1411 2394; x_wconf 86' lang='grc' dir='ltr'>το,</span> <span class='ocrx_word' id='word_1_159' title='bbox 1469 2351 1495 2378; x_wconf 84' lang='grc' dir='ltr'>ιι</span> <span class='ocrx_word' id='word_1_160' title='bbox 1531 2327 1623 2395; x_wconf 82' lang='grc' dir='ltr'>Μή</span> <span class='ocrx_word' id='word_1_161' title='bbox 1678 2325 1753 2387; x_wconf 78' lang='grc' dir='ltr'>εἷς</span> <span class='ocrx_word' id='word_1_162' title='bbox 1806 2323 2006 2400; x_wconf 80' lang='grc' dir='ltr'>διακρί-</span> 
     </span>
    </p>
   </div>
   <div class='ocr_carea' id='block_1_22' title="bbox 344 2408 2002 2489">
    <p class='ocr_par' dir='ltr' id='par_1_22' title="bbox 344 2408 2002 2489">
     <span class='ocr_line' id='line_1_22' title="bbox 344 2408 2002 2489; baseline 0.002 -23"><span class='ocrx_word' id='word_1_163' title='bbox 344 2431 453 2472; x_wconf 86' lang='grc' dir='ltr'>σεις</span> <span class='ocrx_word' id='word_1_164' title='bbox 509 2408 917 2488; x_wconf 78' lang='grc' dir='ltr'>διαλογισμῶν.</span> <span class='ocrx_word' id='word_1_165' title='bbox 973 2438 1001 2466; x_wconf 90' lang='grc'>››</span> <span class='ocrx_word' id='word_1_166' title='bbox 1069 2413 1245 2483; x_wconf 80' lang='grc' dir='ltr'>Δηλοῖ</span> <span class='ocrx_word' id='word_1_167' title='bbox 1327 2415 1433 2489; x_wconf 81' lang='grc' dir='ltr'>γὰρ</span> <span class='ocrx_word' id='word_1_168' title='bbox 1489 2418 1752 2470; x_wconf 75' lang='grc' dir='ltr'>τοσοῦτον</span> <span class='ocrx_word' id='word_1_169' title='bbox 1808 2414 2002 2478; x_wconf 76' lang='grc' dir='ltr'>αὐτοὺς</span> 
     </span>
    </p>
   </div>
   <div class='ocr_carea' id='block_1_23' title="bbox 345 2502 2002 2575">
    <p class='ocr_par' dir='ltr' id='par_1_23' title="bbox 345 2502 2002 2575">
     <span class='ocr_line' id='line_1_23' title="bbox 345 2502 2002 2575; baseline 0.003 -20"><span class='ocrx_word' id='word_1_170' title='bbox 345 2502 664 2571; x_wconf 78' lang='grc' dir='ltr'>πταίοντας,</span> <span class='ocrx_word' id='word_1_171' title='bbox 725 2503 798 2564; x_wconf 85' lang='grc' dir='ltr'>ὡς</span> <span class='ocrx_word' id='word_1_172' title='bbox 853 2503 945 2557; x_wconf 83' lang='grc' dir='ltr'>καὶ</span> <span class='ocrx_word' id='word_1_173' title='bbox 1011 2503 1138 2566; x_wconf 86' lang='grc' dir='ltr'>τούς</span> <span class='ocrx_word' id='word_1_174' title='bbox 1195 2508 1584 2566; x_wconf 79' lang='grc' dir='ltr'>κοινωνοῦντας</span> <span class='ocrx_word' id='word_1_175' title='bbox 1659 2505 1847 2566; x_wconf 78' lang='grc' dir='ltr'>αὐτοῖς</span> <span class='ocrx_word' id='word_1_176' title='bbox 1902 2512 2002 2575; x_wconf 75' lang='grc' dir='ltr'>τῆς</span> 
     </span>
    </p>
   </div>
   <div class='ocr_carea' id='block_1_24' title="bbox 343 2591 2004 2671">
    <p class='ocr_par' dir='ltr' id='par_1_24' title="bbox 343 2591 2004 2671">
     <span class='ocr_line' id='line_1_24' title="bbox 343 2591 2004 2671; baseline 0.004 -25"><span class='ocrx_word' id='word_1_177' title='bbox 343 2591 536 2671; x_wconf 70' lang='grc' dir='ltr'>φιλίας</span> <span class='ocrx_word' id='word_1_178' title='bbox 571 2591 962 2669; x_wconf 79' lang='grc' dir='ltr'>διακρίνεσθαι,</span> <span class='ocrx_word' id='word_1_179' title='bbox 1001 2595 1090 2650; x_wconf 73' lang='grc' dir='ltr'>καὶ</span> <span class='ocrx_word' id='word_1_180' title='bbox 1152 2597 1507 2671; x_wconf 82' lang='grc' dir='ltr'>χωρίζεσθαι.</span> <span class='ocrx_word' id='word_1_181' title='bbox 1559 2620 1586 2648; x_wconf 86' lang='grc' dir='ltr'>ι(</span> <span class='ocrx_word' id='word_1_182' title='bbox 1618 2597 1718 2660; x_wconf 86' lang='grc' dir='ltr'>’ος</span> <span class='ocrx_word' id='word_1_183' title='bbox 1768 2597 1860 2669; x_wconf 70' lang='grc' dir='ltr'>μὲν</span> <span class='ocrx_word' id='word_1_184' title='bbox 1911 2618 2004 2652; x_wconf 81' lang='grc' dir='ltr'>πι-</span> 
     </span>
    </p>
   </div>
   <div class='ocr_carea' id='block_1_25' title="bbox 345 2683 2001 2762">
    <p class='ocr_par' dir='ltr' id='par_1_25' title="bbox 345 2683 2001 2762">
     <span class='ocr_line' id='line_1_25' title="bbox 345 2683 2001 2762; baseline 0.003 -25"><span class='ocrx_word' id='word_1_185' title='bbox 345 2683 525 2737; x_wconf 79' lang='grc' dir='ltr'>στεύει</span> <span class='ocrx_word' id='word_1_186' title='bbox 550 2688 734 2760; x_wconf 59' lang='grc' dir='ltr'>φαγεῖν</span> <span class='ocrx_word' id='word_1_187' title='bbox 770 2685 1028 2740; x_wconf 74' lang='grc' dir='ltr'>πάντα.»</span> <span class='ocrx_word' id='word_1_188' title='bbox 1061 2685 1122 2742; x_wconf 89' lang='grc' dir='ltr'>Ὁ</span> <span class='ocrx_word' id='word_1_189' title='bbox 1181 2685 1276 2758; x_wconf 70' lang='grc' dir='ltr'>μὲν</span> <span class='ocrx_word' id='word_1_190' title='bbox 1316 2683 1648 2760; x_wconf 62' lang='grc' dir='ltr'>εἰλικρινῶς,</span> <span class='ocrx_word' id='word_1_191' title='bbox 1701 2687 1856 2762; x_wconf 76' lang='grc' dir='ltr'>φησί,</span> <span class='ocrx_word' id='word_1_192' title='bbox 1906 2708 2001 2742; x_wconf 82' lang='grc' dir='ltr'>πι-</span> 
     </span>
    </p>
   </div>
   <div class='ocr_carea' id='block_1_26' title="bbox 347 2767 2002 2851">
    <p class='ocr_par' dir='ltr' id='par_1_26' title="bbox 347 2767 2002 2851">
     <span class='ocr_line' id='line_1_26' title="bbox 347 2767 2002 2851; baseline 0.003 -27"><span class='ocrx_word' id='word_1_193' title='bbox 347 2771 555 2826; x_wconf 87' lang='grc' dir='ltr'>στεύων</span> <span class='ocrx_word' id='word_1_194' title='bbox 612 2773 700 2825; x_wconf 80' lang='grc' dir='ltr'>καὶ</span> <span class='ocrx_word' id='word_1_195' title='bbox 765 2771 1038 2848; x_wconf 83' lang='grc' dir='ltr'>μηδεμίαν</span> <span class='ocrx_word' id='word_1_196' title='bbox 1099 2767 1246 2849; x_wconf 76' lang='grc' dir='ltr'>ἔχων</span> <span class='ocrx_word' id='word_1_197' title='bbox 1303 2773 1607 2844; x_wconf 77' lang='grc' dir='ltr'>Ἰουδαϊκὴν</span> <span class='ocrx_word' id='word_1_198' title='bbox 1677 2777 2002 2851; x_wconf 72' lang='grc' dir='ltr'>παρατήρη-</span> 
     </span>
    </p>
   </div>
   <div class='ocr_carea' id='block_1_27' title="bbox 344 2857 2000 2938">
    <p class='ocr_par' dir='ltr' id='par_1_27' title="bbox 344 2857 2000 2938">
     <span class='ocr_line' id='line_1_27' title="bbox 344 2857 2000 2938; baseline 0.004 -24"><span class='ocrx_word' id='word_1_199' title='bbox 344 2881 450 2931; x_wconf 86' lang='grc' dir='ltr'>σιν,</span> <span class='ocrx_word' id='word_1_200' title='bbox 510 2861 682 2916; x_wconf 75' lang='grc' dir='ltr'>πάντα</span> <span class='ocrx_word' id='word_1_201' title='bbox 771 2857 1122 2926; x_wconf 78' lang='grc' dir='ltr'>ἆϐδελύκτως</span> <span class='ocrx_word' id='word_1_202' title='bbox 1212 2861 1394 2919; x_wconf 80' lang='grc' dir='ltr'>ἐσθίει.</span> <span class='ocrx_word' id='word_1_203' title='bbox 1476 2863 1858 2938; x_wconf 83' lang='grc' dir='ltr'>’Δνακηρύττει</span> <span class='ocrx_word' id='word_1_204' title='bbox 1942 2862 2000 2920; x_wconf 61' lang='grc' dir='ltr'>δὲ</span> 
     </span>
    </p>
   </div>
   <div class='ocr_carea' id='block_1_28' title="bbox 334 2947 1997 3030">
    <p class='ocr_par' dir='ltr' id='par_1_28' title="bbox 334 2947 1997 3030">
     <span class='ocr_line' id='line_1_28' title="bbox 334 2947 1997 3030; baseline 0.003 -26"><span class='ocrx_word' id='word_1_205' title='bbox 334 2950 505 3004; x_wconf 78' lang='grc' dir='ltr'>αὐτὸν</span> <span class='ocrx_word' id='word_1_206' title='bbox 535 2950 647 3005; x_wconf 80' lang='grc' dir='ltr'>ἀπὸ</span> <span class='ocrx_word' id='word_1_207' title='bbox 677 2952 775 3019; x_wconf 71' lang='grc' dir='ltr'>τῆς</span> <span class='ocrx_word' id='word_1_208' title='bbox 806 2952 1063 3012; x_wconf 86' lang='grc' dir='ltr'>πίστεως.</span> <span class='ocrx_word' id='word_1_209' title='bbox 1102 2975 1129 3003; x_wconf 83' lang='grc' dir='ltr'>ι(</span> <span class='ocrx_word' id='word_1_210' title='bbox 1159 2953 1222 3009; x_wconf 91' lang='grc' dir='ltr'>Ὁ</span> <span class='ocrx_word' id='word_1_211' title='bbox 1254 2947 1310 3006; x_wconf 71' lang='grc' dir='ltr'>δέ</span> <span class='ocrx_word' id='word_1_212' title='bbox 1343 2980 1366 3005; x_wconf 69' lang='grc' dir='ltr'><strong>υ</strong></span> <span class='ocrx_word' id='word_1_213' title='bbox 1398 2973 1481 3028; x_wconf 86' lang='grc' dir='ltr'>γε,</span> <span class='ocrx_word' id='word_1_214' title='bbox 1515 2953 1669 3030; x_wconf 75' lang='grc' dir='ltr'>φησὶ,</span> <span class='ocrx_word' id='word_1_215' title='bbox 1724 2953 1846 3028; x_wconf 71' lang='grc' dir='ltr'>περὶ</span> <span class='ocrx_word' id='word_1_216' title='bbox 1894 2955 1997 3023; x_wconf 78' lang='grc' dir='ltr'>τήν</span> 
     </span>
    </p>
   </div>
   <div class='ocr_carea' id='block_1_29' title="bbox 332 3039 1996 3118">
    <p class='ocr_par' dir='ltr' id='par_1_29' title="bbox 332 3039 1996 3118">
     <span class='ocr_line' id='line_1_29' title="bbox 332 3039 1996 3118; baseline 0.004 -24"><span class='ocrx_word' id='word_1_217' title='bbox 332 3039 520 3094; x_wconf 79' lang='grc' dir='ltr'>πίστιν</span> <span class='ocrx_word' id='word_1_218' title='bbox 551 3065 581 3090; x_wconf 83' lang='grc' dir='ltr'>ιι</span> <span class='ocrx_word' id='word_1_219' title='bbox 617 3039 879 3111; x_wconf 77' lang='grc' dir='ltr'>ἀσθενῶν,</span> <span class='ocrx_word' id='word_1_220' title='bbox 939 3042 1152 3118; x_wconf 80' lang='grc' dir='ltr'>λάχανα</span> <span class='ocrx_word' id='word_1_221' title='bbox 1204 3039 1389 3105; x_wconf 77' lang='grc' dir='ltr'>ἐσθίει.</span> <span class='ocrx_word' id='word_1_222' title='bbox 1434 3065 1462 3092; x_wconf 81' lang='grc'>››</span> <span class='ocrx_word' id='word_1_223' title='bbox 1528 3042 1619 3098; x_wconf 85' lang='grc' dir='ltr'>Ἐν</span> <span class='ocrx_word' id='word_1_224' title='bbox 1675 3047 1856 3115; x_wconf 84' lang='grc' dir='ltr'>ταυτῷ</span> <span class='ocrx_word' id='word_1_225' title='bbox 1907 3043 1996 3101; x_wconf 79' lang='grc' dir='ltr'>καὶ</span> 
     </span>
    </p>
   </div>
   <div class='ocr_carea' id='block_1_30' title="bbox 334 3125 1995 3204">
    <p class='ocr_par' dir='ltr' id='par_1_30' title="bbox 334 3125 1995 3204">
     <span class='ocr_line' id='line_1_30' title="bbox 334 3125 1995 3204; baseline 0.003 -25"><span class='ocrx_word' id='word_1_226' title='bbox 334 3125 623 3202; x_wconf 72' lang='grc' dir='ltr'>διελὲγγει</span> <span class='ocrx_word' id='word_1_227' title='bbox 683 3125 868 3199; x_wconf 76' lang='grc' dir='ltr'>αὐτὸν,</span> <span class='ocrx_word' id='word_1_228' title='bbox 914 3128 1001 3182; x_wconf 81' lang='grc' dir='ltr'>ὃτι</span> <span class='ocrx_word' id='word_1_229' title='bbox 1071 3125 1140 3182; x_wconf 78' lang='grc' dir='ltr'>δι’</span> <span class='ocrx_word' id='word_1_230' title='bbox 1197 3127 1295 3182; x_wconf 75' lang='grc' dir='ltr'>οὐκ</span> <span class='ocrx_word' id='word_1_231' title='bbox 1351 3125 1744 3200; x_wconf 77' lang='grc' dir='ltr'>ἐπαινουμένην</span> <span class='ocrx_word' id='word_1_232' title='bbox 1805 3127 1995 3204; x_wconf 75' lang='grc' dir='ltr'>ἐγκράο</span> 
     </span>
    </p>
   </div>
   <div class='ocr_carea' id='block_1_31' title="bbox 335 3215 1995 3294">
    <p class='ocr_par' dir='ltr' id='par_1_31' title="bbox 335 3215 1995 3294">
     <span class='ocr_line' id='line_1_31' title="bbox 335 3215 1995 3294; baseline 0.002 -24"><span class='ocrx_word' id='word_1_233' title='bbox 335 3237 489 3270; x_wconf 79' lang='grc' dir='ltr'>τειαν</span> <span class='ocrx_word' id='word_1_234' title='bbox 545 3216 713 3271; x_wconf 73' lang='grc' dir='ltr'>ἐσθίει</span> <span class='ocrx_word' id='word_1_235' title='bbox 767 3215 834 3270; x_wconf 79' lang='grc' dir='ltr'>τὰ</span> <span class='ocrx_word' id='word_1_236' title='bbox 894 3215 1128 3291; x_wconf 74' lang='grc' dir='ltr'>λάχανα,</span> <span class='ocrx_word' id='word_1_237' title='bbox 1182 3215 1280 3271; x_wconf 75' lang='grc' dir='ltr'>κᾶν</span> <span class='ocrx_word' id='word_1_238' title='bbox 1362 3221 1524 3271; x_wconf 78' lang='grc' dir='ltr'>τοῦτο</span> <span class='ocrx_word' id='word_1_239' title='bbox 1608 3217 1995 3294; x_wconf 55' lang='grc' dir='ltr'>ὑποκρίνηταις</span> 
     </span>
    </p>
   </div>
   <div class='ocr_carea' id='block_1_32' title="bbox 344 3303 1988 3382">
    <p class='ocr_par' dir='ltr' id='par_1_32' title="bbox 344 3303 1988 3382">
     <span class='ocr_line' id='line_1_32' title="bbox 344 3303 1988 3382; baseline 0.002 -24"><span class='ocrx_word' id='word_1_240' title='bbox 344 3303 502 3358; x_wconf 66' lang='grc' dir='ltr'>ἀλλὰ</span> <span class='ocrx_word' id='word_1_241' title='bbox 528 3306 663 3360; x_wconf 78' lang='grc' dir='ltr'>κατᾶ</span> <span class='ocrx_word' id='word_1_242' title='bbox 692 3306 957 3361; x_wconf 78' lang='grc' dir='ltr'>ἀσθένειαν</span> <span class='ocrx_word' id='word_1_243' title='bbox 1005 3307 1257 3369; x_wconf 82' lang='grc' dir='ltr'>πίστεως.</span> <span class='ocrx_word' id='word_1_244' title='bbox 1302 3331 1321 3357; x_wconf 78' lang='grc' dir='ltr'>ι</span> <span class='ocrx_word' id='word_1_245' title='bbox 1377 3308 1439 3364; x_wconf 77' lang='grc' dir='ltr'><strong>Ὀ</strong></span> <span class='ocrx_word' id='word_1_246' title='bbox 1493 3305 1704 3378; x_wconf 79' lang='grc' dir='ltr'>ἐσθίων,</span> <span class='ocrx_word' id='word_1_247' title='bbox 1760 3309 1849 3361; x_wconf 83' lang='grc' dir='ltr'>τὸν</span> <span class='ocrx_word' id='word_1_248' title='bbox 1915 3312 1988 3382; x_wconf 74' lang='grc' dir='ltr'>μή</span> 
     </span>
    </p>
   </div>
   <div class='ocr_carea' id='block_1_33' title="bbox 346 3391 1993 3473">
    <p class='ocr_par' dir='ltr' id='par_1_33' title="bbox 346 3391 1993 3473">
     <span class='ocr_line' id='line_1_33' title="bbox 346 3391 1993 3473; baseline 0.018 -27"><span class='ocrx_word' id='word_1_249' title='bbox 346 3391 606 3457; x_wconf 74' lang='grc' dir='ltr'>ἐσθίοντα</span> <span class='ocrx_word' id='word_1_250' title='bbox 662 3396 731 3467; x_wconf 73' lang='grc' dir='ltr'>μὴ</span> <span class='ocrx_word' id='word_1_251' title='bbox 783 3394 1142 3470; x_wconf 76' lang='grc' dir='ltr'>ἐξουθενείτω</span> <span class='ocrx_word' id='word_1_252' title='bbox 1204 3420 1231 3448; x_wconf 73' lang='grc' dir='ltr'><strong>η</strong></span> <span class='ocrx_word' id='word_1_253' title='bbox 1317 3395 1426 3450; x_wconf 71' lang='grc' dir='ltr'>οὐκ</span> <span class='ocrx_word' id='word_1_254' title='bbox 1507 3396 1645 3467; x_wconf 60' lang='grc' dir='ltr'>εἶπεν</span> <span class='ocrx_word' id='word_1_255' title='bbox 1734 3396 1993 3473; x_wconf 63' lang='grc' dir='ltr'>Διορθοΰ-</span> 
     </span>
    </p>
   </div>
   <div class='ocr_carea' id='block_1_34' title="bbox 350 3480 1992 3561">
    <p class='ocr_par' dir='ltr' id='par_1_34' title="bbox 350 3480 1992 3561">
     <span class='ocr_line' id='line_1_34' title="bbox 350 3480 1992 3561; baseline 0.004 -25"><span class='ocrx_word' id='word_1_256' title='bbox 350 3484 489 3550; x_wconf 82' lang='grc' dir='ltr'>σθω,</span> <span class='ocrx_word' id='word_1_257' title='bbox 523 3480 680 3552; x_wconf 72' lang='grc' dir='ltr'>ἀλλὰ,</span> <span class='ocrx_word' id='word_1_258' title='bbox 717 3509 737 3534; x_wconf 79' lang='grc' dir='ltr'>ι</span> <span class='ocrx_word' id='word_1_259' title='bbox 770 3487 861 3555; x_wconf 74' lang='grc' dir='ltr'><strong>Μὴ</strong></span> <span class='ocrx_word' id='word_1_260' title='bbox 896 3483 1252 3556; x_wconf 81' lang='grc' dir='ltr'>ἐξουθενείτω,</span> <span class='ocrx_word' id='word_1_261' title='bbox 1289 3510 1316 3539; x_wconf 81' lang='grc'><strong>››</strong></span> <span class='ocrx_word' id='word_1_262' title='bbox 1378 3483 1582 3546; x_wconf 78' lang='grc' dir='ltr'>δεικνὺς</span> <span class='ocrx_word' id='word_1_263' title='bbox 1634 3486 1716 3540; x_wconf 80' lang='grc' dir='ltr'>ὅτι</span> <span class='ocrx_word' id='word_1_264' title='bbox 1765 3488 1992 3561; x_wconf 79' lang='grc' dir='ltr'>καταγέ-</span> 
     </span>
    </p>
   </div>
   <div class='ocr_carea' id='block_1_35' title="bbox 348 3570 1990 3651">
    <p class='ocr_par' dir='ltr' id='par_1_35' title="bbox 348 3570 1990 3651">
     <span class='ocr_line' id='line_1_35' title="bbox 348 3570 1990 3651; baseline 0.003 -25"><span class='ocrx_word' id='word_1_265' title='bbox 348 3570 521 3626; x_wconf 78' lang='grc' dir='ltr'>λαστα</span> <span class='ocrx_word' id='word_1_266' title='bbox 577 3574 821 3647; x_wconf 76' lang='grc' dir='ltr'>πράττει.</span> <span class='ocrx_word' id='word_1_267' title='bbox 879 3597 907 3627; x_wconf 79' lang='grc' dir='ltr'>ιι</span> <span class='ocrx_word' id='word_1_268' title='bbox 949 3580 1038 3629; x_wconf 85' lang='grc' dir='ltr'>Δεῖ</span> <span class='ocrx_word' id='word_1_269' title='bbox 1090 3575 1192 3651; x_wconf 83' lang='grc' dir='ltr'>γὰρ</span> <span class='ocrx_word' id='word_1_270' title='bbox 1252 3575 1412 3631; x_wconf 81' lang='grc' dir='ltr'>αὑτὸν</span> <span class='ocrx_word' id='word_1_271' title='bbox 1473 3572 1781 3651; x_wconf 69' lang='grc' dir='ltr'>ἀδελφικῶς</span> <span class='ocrx_word' id='word_1_272' title='bbox 1839 3573 1990 3651; x_wconf 80' lang='grc' dir='ltr'>διορ-</span> 
     </span>
    </p>
   </div>
   <div class='ocr_carea' id='block_1_36' title="bbox 336 3661 1984 3741">
    <p class='ocr_par' dir='ltr' id='par_1_36' title="bbox 336 3661 1984 3741">
     <span class='ocr_line' id='line_1_36' title="bbox 336 3661 1984 3741; baseline 0.004 -25"><span class='ocrx_word' id='word_1_273' title='bbox 336 3666 581 3730; x_wconf 76' lang='grc' dir='ltr'>θοῦσθαι,</span> <span class='ocrx_word' id='word_1_274' title='bbox 640 3664 728 3717; x_wconf 74' lang='grc' dir='ltr'>καὶ</span> <span class='ocrx_word' id='word_1_275' title='bbox 787 3661 895 3741; x_wconf 76' lang='grc' dir='ltr'>οὐχ</span> <span class='ocrx_word' id='word_1_276' title='bbox 952 3663 1026 3728; x_wconf 84' lang='grc' dir='ltr'>ὠς</span> <span class='ocrx_word' id='word_1_277' title='bbox 1087 3661 1382 3738; x_wconf 84' lang='grc' dir='ltr'>βδελυκτὸν</span> <span class='ocrx_word' id='word_1_278' title='bbox 1438 3663 1744 3737; x_wconf 80' lang='grc' dir='ltr'>έξουθενεῖν.</span> <span class='ocrx_word' id='word_1_279' title='bbox 1805 3688 1832 3717; x_wconf 82' lang='grc' dir='ltr'>ιι</span> <span class='ocrx_word' id='word_1_280' title='bbox 1896 3668 1984 3735; x_wconf 72' lang='grc' dir='ltr'>Μή</span> 
     </span>
    </p>
   </div>
   <div class='ocr_carea' id='block_1_37' title="bbox 324 3750 1985 3830">
    <p class='ocr_par' dir='ltr' id='par_1_37' title="bbox 324 3750 1985 3830">
     <span class='ocr_line' id='line_1_37' title="bbox 324 3750 1985 3830; baseline 0.002 -23"><span class='ocrx_word' id='word_1_281' title='bbox 324 3751 698 3822; x_wconf 73' lang='grc' dir='ltr'>ἐξουθενείτω.</span> <span class='ocrx_word' id='word_1_282' title='bbox 737 3776 764 3803; x_wconf 85' lang='lat'><strong>»</strong></span> <span class='ocrx_word' id='word_1_283' title='bbox 796 3754 996 3828; x_wconf 75' lang='grc' dir='ltr'>1Ὠσπερ</span> <span class='ocrx_word' id='word_1_284' title='bbox 1029 3754 1132 3829; x_wconf 85' lang='grc' dir='ltr'>γὰρ</span> <span class='ocrx_word' id='word_1_285' title='bbox 1177 3753 1228 3808; x_wconf 72' lang='grc' dir='ltr'>οἱ</span> <span class='ocrx_word' id='word_1_286' title='bbox 1286 3750 1374 3809; x_wconf 76' lang='grc' dir='ltr'>διὰ</span> <span class='ocrx_word' id='word_1_287' title='bbox 1432 3753 1609 3808; x_wconf 85' lang='grc' dir='ltr'>πίστιν</span> <span class='ocrx_word' id='word_1_288' title='bbox 1660 3751 1985 3830; x_wconf 80' lang='grc' dir='ltr'>ἀδιακρίτως</span> 
     </span>
    </p>
   </div>
   <div class='ocr_carea' id='block_1_38' title="bbox 324 3840 1982 3919">
    <p class='ocr_par' dir='ltr' id='par_1_38' title="bbox 324 3840 1982 3919">
     <span class='ocr_line' id='line_1_38' title="bbox 324 3840 1982 3919; baseline 0.003 -25"><span class='ocrx_word' id='word_1_289' title='bbox 324 3841 505 3896; x_wconf 69' lang='grc' dir='ltr'>πάντα</span> <span class='ocrx_word' id='word_1_290' title='bbox 541 3840 839 3913; x_wconf 77' lang='grc' dir='ltr'>ἐσθίοντες,</span> <span class='ocrx_word' id='word_1_291' title='bbox 896 3840 1206 3912; x_wconf 80' lang='grc' dir='ltr'>ἐξουθὲνουν</span> <span class='ocrx_word' id='word_1_292' title='bbox 1259 3841 1385 3905; x_wconf 80' lang='grc' dir='ltr'>τοὺς</span> <span class='ocrx_word' id='word_1_293' title='bbox 1443 3845 1982 3919; x_wconf 70' lang='grc' dir='ltr'>παρατηρούμενους,</span> 
     </span>
    </p>
   </div>
   <div class='ocr_carea' id='block_1_39' title="bbox 325 3929 1978 4008">
    <p class='ocr_par' dir='ltr' id='par_1_39' title="bbox 325 3929 1978 4008">
     <span class='ocr_line' id='line_1_39' title="bbox 325 3929 1978 4008; baseline 0.004 -25"><span class='ocrx_word' id='word_1_294' title='bbox 325 3929 503 3995; x_wconf 65' lang='grc' dir='ltr'>οὕτως</span> <span class='ocrx_word' id='word_1_295' title='bbox 561 3929 760 3985; x_wconf 78' lang='grc' dir='ltr'>ἐκεῖνοι</span> <span class='ocrx_word' id='word_1_296' title='bbox 819 3930 1045 3995; x_wconf 88' lang='grc' dir='ltr'>τούτους</span> <span class='ocrx_word' id='word_1_297' title='bbox 1101 3931 1175 3994; x_wconf 83' lang='grc' dir='ltr'>ὡς</span> <span class='ocrx_word' id='word_1_298' title='bbox 1234 3933 1679 4008; x_wconf 79' lang='grc' dir='ltr'>γαστριμάργους</span> <span class='ocrx_word' id='word_1_299' title='bbox 1749 3930 1978 4007; x_wconf 66' lang='grc' dir='ltr'>ἔκρινον,</span> 
     </span>
    </p>
   </div>
   <div class='ocr_carea' id='block_1_40' title="bbox 387 4090 1980 4173">
    <p class='ocr_par' dir='ltr' id='par_1_40' title="bbox 387 4090 1980 4173">
     <span class='ocr_line' id='line_1_40' title="bbox 387 4090 1980 4173; baseline 0.004 -28"><span class='ocrx_word' id='word_1_300' title='bbox 387 4095 536 4168; x_wconf 75' lang='grc' dir='ltr'>Ὅρα</span> <span class='ocrx_word' id='word_1_301' title='bbox 569 4090 649 4147; x_wconf 70' lang='grc' dir='ltr'>δὲ·</span> <span class='ocrx_word' id='word_1_302' title='bbox 683 4092 807 4148; x_wconf 68' lang='grc' dir='ltr'>Ἐπὶ</span> <span class='ocrx_word' id='word_1_303' title='bbox 835 4098 945 4148; x_wconf 81' lang='grc' dir='ltr'>τῶν</span> <span class='ocrx_word' id='word_1_304' title='bbox 977 4093 1265 4149; x_wconf 66' lang='grc' dir='ltr'>ἐσθιόντων</span> <span class='ocrx_word' id='word_1_305' title='bbox 1296 4093 1483 4166; x_wconf 82' lang='grc' dir='ltr'>εἰπὼν,</span> <span class='ocrx_word' id='word_1_306' title='bbox 1514 4118 1543 4146; x_wconf 83' lang='grc' dir='ltr'>ιι</span> <span class='ocrx_word' id='word_1_307' title='bbox 1573 4095 1634 4151; x_wconf 83' lang='grc' dir='ltr'><strong>Ὀ</strong></span> <span class='ocrx_word' id='word_1_308' title='bbox 1693 4097 1826 4158; x_wconf 87' lang='grc' dir='ltr'>Οεὸς</span> <span class='ocrx_word' id='word_1_309' title='bbox 1876 4097 1980 4173; x_wconf 73' lang='grc' dir='ltr'>γὰρ</span> 
     </span>
    </p>
   </div>
   <div class='ocr_carea' id='block_1_41' title="bbox 319 4180 1982 4260">
    <p class='ocr_par' dir='ltr' id='par_1_41' title="bbox 319 4180 1982 4260">
     <span class='ocr_line' id='line_1_41' title="bbox 319 4180 1982 4260; baseline 0.002 -21"><span class='ocrx_word' id='word_1_310' title='bbox 319 4185 479 4240; x_wconf 73' lang='grc' dir='ltr'>αὐτὸν</span> <span class='ocrx_word' id='word_1_311' title='bbox 514 4180 915 4260; x_wconf 73' lang='grc' dir='ltr'>προσελάϐετο,</span> <span class='ocrx_word' id='word_1_312' title='bbox 949 4209 977 4237; x_wconf 74' lang='lat' dir='ltr'>n</span> <span class='ocrx_word' id='word_1_313' title='bbox 1035 4185 1122 4241; x_wconf 76' lang='grc' dir='ltr'>ἐπὶ</span> <span class='ocrx_word' id='word_1_314' title='bbox 1180 4190 1288 4239; x_wconf 81' lang='grc' dir='ltr'>τῶν</span> <span class='ocrx_word' id='word_1_315' title='bbox 1331 4185 1832 4260; x_wconf 72' lang='grc' dir='ltr'>παρατηρουμένων</span> <span class='ocrx_word' id='word_1_316' title='bbox 1888 4189 1982 4243; x_wconf 79' lang='grc' dir='ltr'>ού-</span> 
     </span>
    </p>
   </div>
   <div class='ocr_carea' id='block_1_42' title="bbox 322 4271 1978 4350">
    <p class='ocr_par' dir='ltr' id='par_1_42' title="bbox 322 4271 1978 4350">
     <span class='ocr_line' id='line_1_42' title="bbox 322 4271 1978 4350; baseline 0.002 -22"><span class='ocrx_word' id='word_1_317' title='bbox 322 4271 406 4329; x_wconf 60' lang='lat' dir='ltr'>es»</span> <span class='ocrx_word' id='word_1_318' title='bbox 438 4278 698 4330; x_wconf 70' lang='grc' dir='ltr'>τοιοῦτον</span> <span class='ocrx_word' id='word_1_319' title='bbox 732 4275 895 4333; x_wconf 76' lang='grc' dir='ltr'>εἶπεν,</span> <span class='ocrx_word' id='word_1_320' title='bbox 961 4299 988 4328; x_wconf 87' lang='grc' dir='ltr'>ιι</span> <span class='ocrx_word' id='word_1_321' title='bbox 1019 4275 1080 4331; x_wconf 83' lang='grc' dir='ltr'><strong>Ὀ</strong></span> <span class='ocrx_word' id='word_1_322' title='bbox 1139 4275 1268 4334; x_wconf 84' lang='grc' dir='ltr'>Θεὸς</span> <span class='ocrx_word' id='word_1_323' title='bbox 1323 4275 1425 4350; x_wconf 80' lang='grc' dir='ltr'>γὰρ</span> <span class='ocrx_word' id='word_1_324' title='bbox 1483 4273 1643 4329; x_wconf 76' lang='grc' dir='ltr'>αὐτὸν</span> <span class='ocrx_word' id='word_1_325' title='bbox 1705 4277 1978 4350; x_wconf 80' lang='grc' dir='ltr'>προσελά-</span> 
     </span>
    </p>
   </div>
   <div class='ocr_carea' id='block_1_43' title="bbox 323 4357 1977 4445">
    <p class='ocr_par' dir='ltr' id='par_1_43' title="bbox 323 4357 1977 4445">
     <span class='ocr_line' id='line_1_43' title="bbox 323 4357 1977 4445; baseline 0.002 -29"><span class='ocrx_word' id='word_1_326' title='bbox 323 4357 471 4421; x_wconf 80' lang='grc' dir='ltr'>6ετο.</span> <span class='ocrx_word' id='word_1_327' title='bbox 511 4389 540 4415; x_wconf 73' lang='grc' dir='ltr'>η</span> <span class='ocrx_word' id='word_1_328' title='bbox 569 4363 634 4420; x_wconf 91' lang='grc' dir='ltr'>Ὁ</span> <span class='ocrx_word' id='word_1_329' title='bbox 664 4365 797 4426; x_wconf 83' lang='grc' dir='ltr'>Θεὸς</span> <span class='ocrx_word' id='word_1_330' title='bbox 820 4363 922 4438; x_wconf 75' lang='grc' dir='ltr'>γὰρ</span> <span class='ocrx_word' id='word_1_331' title='bbox 955 4361 1136 4433; x_wconf 77' lang='grc' dir='ltr'>αὐτὸν,</span> <span class='ocrx_word' id='word_1_332' title='bbox 1167 4361 1325 4440; x_wconf 74' lang='grc' dir='ltr'>φησὶ,</span> <span class='ocrx_word' id='word_1_333' title='bbox 1376 4362 1514 4436; x_wconf 81' lang='grc' dir='ltr'>πρὸς</span> <span class='ocrx_word' id='word_1_334' title='bbox 1564 4363 1750 4418; x_wconf 74' lang='grc' dir='ltr'>ἑαυτὸν</span> <span class='ocrx_word' id='word_1_335' title='bbox 1797 4364 1977 4445; x_wconf 74' lang='grc' dir='ltr'>ἐφειλ-</span> 
     </span>
    </p>
   </div>
   <div class='ocr_carea' id='block_1_44' title="bbox 319 4448 1978 4529">
    <p class='ocr_par' dir='ltr' id='par_1_44' title="bbox 319 4448 1978 4529">
     <span class='ocr_line' id='line_1_44' title="bbox 319 4448 1978 4529; baseline 0.002 -23"><span class='ocrx_word' id='word_1_336' title='bbox 319 4451 552 4522; x_wconf 79' lang='grc' dir='ltr'>κύσατο,</span> <span class='ocrx_word' id='word_1_337' title='bbox 608 4452 702 4506; x_wconf 71' lang='grc' dir='ltr'>καὶ</span> <span class='ocrx_word' id='word_1_338' title='bbox 757 4450 1042 4523; x_wconf 76' lang='grc' dir='ltr'>ἀπήλλαξε</span> <span class='ocrx_word' id='word_1_339' title='bbox 1096 4450 1272 4520; x_wconf 75' lang='grc' dir='ltr'>πάσης</span> <span class='ocrx_word' id='word_1_340' title='bbox 1359 4448 1664 4520; x_wconf 81' lang='grc' dir='ltr'>Ἰουδαϊκῆς</span> <span class='ocrx_word' id='word_1_341' title='bbox 1731 4475 1978 4529; x_wconf 73' lang='grc' dir='ltr'>παρατη-</span> 
     </span>
    </p>
   </div>
   <div class='ocr_carea' id='block_1_45' title="bbox 321 4536 1972 4616">
    <p class='ocr_par' dir='ltr' id='par_1_45' title="bbox 321 4536 1972 4616">
     <span class='ocr_line' id='line_1_45' title="bbox 321 4536 1972 4616; baseline 0.002 -20"><span class='ocrx_word' id='word_1_342' title='bbox 321 4542 562 4615; x_wconf 66' lang='grc' dir='ltr'>ρήσεως.</span> <span class='ocrx_word' id='word_1_343' title='bbox 609 4573 681 4584; x_wconf 83' lang='lat'>—-</span> <span class='ocrx_word' id='word_1_344' title='bbox 735 4541 1032 4613; x_wconf 69' lang='lat' dir='ltr'>[ZETHR]</span> <span class='ocrx_word' id='word_1_345' title='bbox 1094 4541 1156 4593; x_wconf 77' lang='lat'>&#39;0</span> <span class='ocrx_word' id='word_1_346' title='bbox 1215 4536 1272 4593; x_wconf 73' lang='grc' dir='ltr'>δὲ</span> <span class='ocrx_word' id='word_1_347' title='bbox 1328 4539 1544 4610; x_wconf 76' lang='grc' dir='ltr'>οἰκέτης</span> <span class='ocrx_word' id='word_1_348' title='bbox 1601 4547 1858 4616; x_wconf 73' lang='grc' dir='ltr'>Χριστοῦ,</span> <span class='ocrx_word' id='word_1_349' title='bbox 1916 4544 1972 4599; x_wconf 80' lang='grc' dir='ltr'>ὅν</span> 
     </span>
    </p>
   </div>
   <div class='ocr_carea' id='block_1_46' title="bbox 1447 401 2665 480">
    <p class='ocr_par' dir='ltr' id='par_1_46' title="bbox 1447 401 2665 480">
     <span class='ocr_line' id='line_1_46' title="bbox 1447 401 2665 480; baseline 0.01 -14"><span class='ocrx_word' id='word_1_350' title='bbox 1447 403 1860 466; x_wconf 79' lang='lat' dir='ltr'>COMMENT.</span> <span class='ocrx_word' id='word_1_351' title='bbox 1909 401 1985 462; x_wconf 83' lang='lat' dir='ltr'>IN</span> <span class='ocrx_word' id='word_1_352' title='bbox 2033 402 2276 465; x_wconf 82' lang='lat' dir='ltr'><strong>EPIST.</strong></span> <span class='ocrx_word' id='word_1_353' title='bbox 2327 411 2428 469; x_wconf 82' lang='lat' dir='ltr'>AD</span> <span class='ocrx_word' id='word_1_354' title='bbox 2479 414 2665 480; x_wconf 77' lang='lat' dir='ltr'>ROM.</span> 
     </span>
    </p>
   </div>
   <div class='ocr_carea' id='block_1_47' title="bbox 345 523 1994 628">
    <p class='ocr_par' dir='ltr' id='par_1_47' title="bbox 345 523 1994 628">
     <span class='ocr_line' id='line_1_47' title="bbox 345 523 1994 628; baseline -0.007 -30"><span class='ocrx_word' id='word_1_355' title='bbox 345 524 454 599; x_wconf 56' lang='grc' dir='ltr'>(μὴ</span> <span class='ocrx_word' id='word_1_356' title='bbox 486 523 715 601; x_wconf 58' lang='grc' dir='ltr'>γίνοιτο</span> <span class='ocrx_word' id='word_1_357' title='bbox 746 533 814 606; x_wconf 77' lang='grc' dir='ltr'>ί),</span> <span class='ocrx_word' id='word_1_358' title='bbox 855 531 979 589; x_wconf 70' lang='grc' dir='ltr'>οὐδὲ</span> <span class='ocrx_word' id='word_1_359' title='bbox 1007 536 1128 610; x_wconf 83' lang='grc' dir='ltr'>περὶ</span> <span class='ocrx_word' id='word_1_360' title='bbox 1184 542 1291 595; x_wconf 82' lang='grc' dir='ltr'>τῶν</span> <span class='ocrx_word' id='word_1_361' title='bbox 1349 535 1570 628; x_wconf 60' lang='grc' dir='ltr'>ἀναίδην</span> <span class='ocrx_word' id='word_1_362' title='bbox 1629 533 1994 628; x_wconf 40' lang='grc' dir='ltr'>πιραττομένωι</span> 
     </span>
    </p>
   </div>
   <div class='ocr_carea' id='block_1_48' title="bbox 2106 523 3242 628">
    <p class='ocr_par' dir='ltr' id='par_1_48' title="bbox 2134 539 3242 628">
     <span class='ocr_line' id='line_1_48' title="bbox 2134 539 3242 628; baseline 0.022 -37"><span class='ocrx_word' id='word_1_363' title='bbox 2134 539 2234 628; x_wconf 88' lang='lat' dir='ltr'>qni</span> <span class='ocrx_word' id='word_1_364' title='bbox 2294 544 2460 600; x_wconf 91' lang='lat' dir='ltr'>nullo</span> <span class='ocrx_word' id='word_1_365' title='bbox 2522 548 2778 608; x_wconf 86' lang='lat' dir='ltr'>absurda</span> <span class='ocrx_word' id='word_1_366' title='bbox 2862 563 3242 628; x_wconf 82' lang='lat' dir='ltr'>perpetrant;</span> 
     </span>
    </p>
   </div>
   <div class='ocr_carea' id='block_1_49' title="bbox 3665 439 3786 502">
    <p class='ocr_par' dir='ltr' id='par_1_49' title="bbox 3665 439 3786 502">
     <span class='ocr_line' id='line_1_49' title="bbox 3665 439 3786 502; baseline 0.05 -7"><span class='ocrx_word' id='word_1_367' title='bbox 3665 439 3786 502; x_wconf 78' lang='lat'>590</span> 
     </span>
    </p>
   </div>
   <div class='ocr_carea' id='block_1_50' title="bbox 3303 565 3781 629">
    <p class='ocr_par' dir='ltr' id='par_1_50' title="bbox 3303 565 3781 629">
     <span class='ocr_line' id='line_1_50' title="bbox 3303 565 3781 629; baseline 0.029 -12"><span class='ocrx_word' id='word_1_368' title='bbox 3303 565 3409 619; x_wconf 84' lang='lat' dir='ltr'>sed</span> <span class='ocrx_word' id='word_1_369' title='bbox 3476 567 3550 623; x_wconf 86' lang='lat' dir='ltr'>de</span> <span class='ocrx_word' id='word_1_370' title='bbox 3632 589 3781 629; x_wconf 82' lang='lat' dir='ltr'>one-</span> 
     </span>
    </p>
   </div>
   <div class='ocr_carea' id='block_1_51' title="bbox 2134 589 3785 722">
    <p class='ocr_par' dir='ltr' id='par_1_51' title="bbox 2134 589 3785 722">
     <span class='ocr_line' id='line_1_51' title="bbox 2142 589 3781 643; baseline 0.024 -53"><span class='ocrx_word' id='word_1_371' title='bbox 2142 589 2234 608; x_wconf 49' lang='lat'>1“-</span> <span class='ocrx_word' id='word_1_372' title='bbox 2294 589 2458 600; x_wconf 73' lang='lat'>_-......,</span> <span class='ocrx_word' id='word_1_373' title='bbox 2522 589 2778 608; x_wconf 68' lang='grc' dir='ltr'>μυυυιυα</span> <span class='ocrx_word' id='word_1_374' title='bbox 2862 589 3242 628; x_wconf 61' lang='grc' dir='ltr'>νυιγσιιηιιιί</span> <span class='ocrx_word' id='word_1_375' title='bbox 3303 589 3409 619; x_wconf 75' lang='lat' dir='ltr'>seu</span> <span class='ocrx_word' id='word_1_376' title='bbox 3476 589 3550 623; x_wconf 82' lang='lat' dir='ltr'>ue</span> <span class='ocrx_word' id='word_1_377' title='bbox 3632 589 3781 643; x_wconf 89' lang='lat' dir='ltr'>ope-</span> 
     </span>
     <span class='ocr_line' id='line_1_52' title="bbox 2134 627 3785 722; baseline 0.024 -43"><span class='ocrx_word' id='word_1_378' title='bbox 2134 627 2296 685; x_wconf 88' lang='lat' dir='ltr'>ribus</span> <span class='ocrx_word' id='word_1_379' title='bbox 2330 632 2488 692; x_wconf 87' lang='lat' dir='ltr'>circa</span> <span class='ocrx_word' id='word_1_380' title='bbox 2519 637 2717 706; x_wconf 85' lang='lat' dir='ltr'>vitam,</span> <span class='ocrx_word' id='word_1_381' title='bbox 2749 641 2820 696; x_wconf 92' lang='lat' dir='ltr'>de</span> <span class='ocrx_word' id='word_1_382' title='bbox 2854 644 2945 698; x_wconf 87' lang='lat' dir='ltr'>his</span> <span class='ocrx_word' id='word_1_383' title='bbox 2969 663 3100 716; x_wconf 67' lang='lat' dir='ltr'>quas</span> <span class='ocrx_word' id='word_1_384' title='bbox 3123 648 3183 702; x_wconf 88' lang='lat' dir='ltr'>in</span> <span class='ocrx_word' id='word_1_385' title='bbox 3206 653 3542 722; x_wconf 84' lang='lat' dir='ltr'>suspicione</span> <span class='ocrx_word' id='word_1_386' title='bbox 3566 658 3785 718; x_wconf 90' lang='lat' dir='ltr'>haben-</span> 
     </span>
    </p>
   </div>
   <div class='ocr_carea' id='block_1_52' title="bbox 2131 720 3786 820">
    <p class='ocr_par' dir='ltr' id='par_1_52' title="bbox 2131 720 3786 820">
     <span class='ocr_line' id='line_1_53' title="bbox 2131 720 3786 820; baseline 0.022 -50"><span class='ocrx_word' id='word_1_387' title='bbox 2131 722 2264 772; x_wconf 97' lang='lat' dir='ltr'>tur:</span> <span class='ocrx_word' id='word_1_388' title='bbox 2301 720 2497 778; x_wconf 84' lang='lat' dir='ltr'>dehis</span> <span class='ocrx_word' id='word_1_389' title='bbox 2529 743 2658 796; x_wconf 74' lang='lat' dir='ltr'>qum</span> <span class='ocrx_word' id='word_1_390' title='bbox 2711 730 2770 784; x_wconf 91' lang='lat' dir='ltr'>in</span> <span class='ocrx_word' id='word_1_391' title='bbox 2820 734 3062 790; x_wconf 86' lang='lat' dir='ltr'>modum</span> <span class='ocrx_word' id='word_1_392' title='bbox 3111 720 3351 795; x_wconf 67' lang='lat' dir='ltr'>festucae</span> <span class='ocrx_word' id='word_1_393' title='bbox 3400 751 3558 813; x_wconf 88' lang='lat' dir='ltr'>sunt,</span> <span class='ocrx_word' id='word_1_394' title='bbox 3609 759 3786 820; x_wconf 80' lang='lat' dir='ltr'>prout</span> 
     </span>
    </p>
   </div>
   <div class='ocr_carea' id='block_1_53' title="bbox 2131 806 3780 896">
    <p class='ocr_par' dir='ltr' id='par_1_53' title="bbox 2131 806 3780 896">
     <span class='ocr_line' id='line_1_54' title="bbox 2131 806 3780 896; baseline 0.022 -37"><span class='ocrx_word' id='word_1_395' title='bbox 2131 806 2257 877; x_wconf 86' lang='lat' dir='ltr'>ipse</span> <span class='ocrx_word' id='word_1_396' title='bbox 2284 810 2568 870; x_wconf 88' lang='lat' dir='ltr'>Dominus</span> <span class='ocrx_word' id='word_1_397' title='bbox 2587 815 2921 887; x_wconf 86' lang='lat' dir='ltr'>dicebat,de</span> <span class='ocrx_word' id='word_1_398' title='bbox 2948 823 3040 878; x_wconf 85' lang='lat' dir='ltr'>his</span> <span class='ocrx_word' id='word_1_399' title='bbox 3065 827 3225 882; x_wconf 90' lang='lat' dir='ltr'>enim</span> <span class='ocrx_word' id='word_1_400' title='bbox 3256 845 3323 884; x_wconf 90' lang='lat' dir='ltr'>ac</span> <span class='ocrx_word' id='word_1_401' title='bbox 3347 806 3639 893; x_wconf 65' lang='lat' dir='ltr'>similibus</span> <span class='ocrx_word' id='word_1_402' title='bbox 3671 856 3780 896; x_wconf 84' lang='lat' dir='ltr'>ne-</span> 
     </span>
    </p>
   </div>
   <div class='ocr_carea' id='block_1_54' title="bbox 2131 904 3777 996">
    <p class='ocr_par' dir='ltr' id='par_1_54' title="bbox 2131 904 3777 996">
     <span class='ocr_line' id='line_1_55' title="bbox 2131 904 3777 996; baseline 0.022 -47"><span class='ocrx_word' id='word_1_403' title='bbox 2131 913 2247 966; x_wconf 91' lang='lat' dir='ltr'>que</span> <span class='ocrx_word' id='word_1_404' title='bbox 2278 916 2344 953; x_wconf 87' lang='lat' dir='ltr'>os</span> <span class='ocrx_word' id='word_1_405' title='bbox 2375 904 2604 972; x_wconf 87' lang='lat' dir='ltr'>aperire</span> <span class='ocrx_word' id='word_1_406' title='bbox 2637 915 2901 978; x_wconf 90' lang='lat' dir='ltr'>oportet:</span> <span class='ocrx_word' id='word_1_407' title='bbox 2941 919 2999 966; x_wconf 90' lang='lat' dir='ltr'>et</span> <span class='ocrx_word' id='word_1_408' title='bbox 3028 917 3284 973; x_wconf 82' lang='lat' dir='ltr'>maxime</span> <span class='ocrx_word' id='word_1_409' title='bbox 3307 923 3464 990; x_wconf 90' lang='lat' dir='ltr'>quod</span> <span class='ocrx_word' id='word_1_410' title='bbox 3496 927 3777 996; x_wconf 71' lang='lat' dir='ltr'>praedicto</span> 
     </span>
    </p>
   </div>
   <div class='ocr_carea' id='block_1_55' title="bbox 2129 987 3778 1076">
    <p class='ocr_par' dir='ltr' id='par_1_55' title="bbox 2129 987 3778 1076">
     <span class='ocr_line' id='line_1_56' title="bbox 2129 987 3778 1076; baseline 0.022 -38"><span class='ocrx_word' id='word_1_411' title='bbox 2129 987 2306 1056; x_wconf 89' lang='lat' dir='ltr'>capiti</span> <span class='ocrx_word' id='word_1_412' title='bbox 2328 990 2579 1048; x_wconf 89' lang='lat' dir='ltr'>alterum</span> <span class='ocrx_word' id='word_1_413' title='bbox 2605 1013 2840 1068; x_wconf 88' lang='lat' dir='ltr'>quoque</span> <span class='ocrx_word' id='word_1_414' title='bbox 2871 1002 3035 1056; x_wconf 88' lang='lat' dir='ltr'>addit</span> <span class='ocrx_word' id='word_1_415' title='bbox 3055 1005 3280 1076; x_wconf 89' lang='lat' dir='ltr'>dicens,</span> <span class='ocrx_word' id='word_1_416' title='bbox 3309 987 3429 1066; x_wconf 81' lang='lat' dir='ltr'>non</span> <span class='ocrx_word' id='word_1_417' title='bbox 3452 987 3513 1067; x_wconf 73' lang='lat' dir='ltr'>in</span> <span class='ocrx_word' id='word_1_418' title='bbox 3545 1033 3614 1070; x_wconf 92' lang='lat' dir='ltr'>eo</span> <span class='ocrx_word' id='word_1_419' title='bbox 3647 1022 3778 1073; x_wconf 87' lang='lat' dir='ltr'>tan-</span> 
     </span>
    </p>
   </div>
   <div class='ocr_carea' id='block_1_56' title="bbox 2128 1080 3776 1172">
    <p class='ocr_par' dir='ltr' id='par_1_56' title="bbox 2128 1080 3776 1172">
     <span class='ocr_line' id='line_1_57' title="bbox 2128 1080 3776 1172; baseline 0.021 -44"><span class='ocrx_word' id='word_1_420' title='bbox 2128 1080 2252 1130; x_wconf 88' lang='lat' dir='ltr'>tum</span> <span class='ocrx_word' id='word_1_421' title='bbox 2287 1080 2443 1150; x_wconf 91' lang='lat' dir='ltr'>quod</span> <span class='ocrx_word' id='word_1_422' title='bbox 2476 1085 2790 1153; x_wconf 66' lang='lat' dir='ltr'>praeditum</span> <span class='ocrx_word' id='word_1_423' title='bbox 2825 1097 2910 1145; x_wconf 88' lang='lat' dir='ltr'>est</span> <span class='ocrx_word' id='word_1_424' title='bbox 2944 1109 3063 1147; x_wconf 89' lang='lat' dir='ltr'>non</span> <span class='ocrx_word' id='word_1_425' title='bbox 3124 1103 3396 1166; x_wconf 77' lang='lat' dir='ltr'>oportere</span> <span class='ocrx_word' id='word_1_426' title='bbox 3441 1105 3776 1172; x_wconf 85' lang='lat' dir='ltr'>proximum</span> 
     </span>
    </p>
   </div>
   <div class='ocr_carea' id='block_1_57' title="bbox 2127 1172 3774 1265">
    <p class='ocr_par' dir='ltr' id='par_1_57' title="bbox 2127 1172 3774 1265">
     <span class='ocr_line' id='line_1_58' title="bbox 2127 1172 3774 1265; baseline 0.02 -46"><span class='ocrx_word' id='word_1_427' title='bbox 2127 1172 2508 1227; x_wconf 90' lang='lat' dir='ltr'>contemnere</span> <span class='ocrx_word' id='word_1_428' title='bbox 2537 1179 3075 1238; x_wconf 87' lang='lat' dir='ltr'>autcondemnare:</span> <span class='ocrx_word' id='word_1_429' title='bbox 3098 1185 3200 1240; x_wconf 90' lang='lat' dir='ltr'>sed</span> <span class='ocrx_word' id='word_1_430' title='bbox 3215 1203 3408 1257; x_wconf 89' lang='lat' dir='ltr'>neque</span> <span class='ocrx_word' id='word_1_431' title='bbox 3434 1190 3495 1245; x_wconf 89' lang='lat' dir='ltr'>in</span> <span class='ocrx_word' id='word_1_432' title='bbox 3523 1209 3590 1248; x_wconf 91' lang='lat' dir='ltr'>eo</span> <span class='ocrx_word' id='word_1_433' title='bbox 3619 1197 3774 1265; x_wconf 90' lang='lat' dir='ltr'>quod</span> 
     </span>
    </p>
   </div>
   <div class='ocr_carea' id='block_1_58' title="bbox 2126 1257 3774 1347">
    <p class='ocr_par' dir='ltr' id='par_1_58' title="bbox 2126 1257 3774 1347">
     <span class='ocr_line' id='line_1_59' title="bbox 2126 1257 3774 1347; baseline 0.02 -39"><span class='ocrx_word' id='word_1_434' title='bbox 2126 1257 2415 1326; x_wconf 83' lang='lat' dir='ltr'>sequitur.</span> <span class='ocrx_word' id='word_1_435' title='bbox 2447 1265 2550 1316; x_wconf 82' lang='lat' dir='ltr'>Est</span> <span class='ocrx_word' id='word_1_436' title='bbox 2579 1271 2776 1322; x_wconf 87' lang='lat' dir='ltr'>autem</span> <span class='ocrx_word' id='word_1_437' title='bbox 2809 1268 2958 1323; x_wconf 89' lang='lat' dir='ltr'>illud</span> <span class='ocrx_word' id='word_1_438' title='bbox 2992 1272 3126 1328; x_wconf 94' lang='lat' dir='ltr'>tale.</span> <span class='ocrx_word' id='word_1_439' title='bbox 3155 1274 3265 1329; x_wconf 80' lang='lat' dir='ltr'>Alii</span> <span class='ocrx_word' id='word_1_440' title='bbox 3291 1277 3533 1347; x_wconf 88' lang='lat' dir='ltr'>quidem</span> <span class='ocrx_word' id='word_1_441' title='bbox 3560 1257 3774 1341; x_wconf 73' lang='lat' dir='ltr'>distin-</span> 
     </span>
    </p>
   </div>
   <div class='ocr_carea' id='block_1_59' title="bbox 2125 1344 3774 1432">
    <p class='ocr_par' dir='ltr' id='par_1_59' title="bbox 2125 1344 3774 1432">
     <span class='ocr_line' id='line_1_60' title="bbox 2125 1344 3774 1432; baseline 0.02 -35"><span class='ocrx_word' id='word_1_442' title='bbox 2125 1344 2233 1400; x_wconf 90' lang='lat' dir='ltr'>ctis</span> <span class='ocrx_word' id='word_1_443' title='bbox 2259 1363 2361 1401; x_wconf 89' lang='lat' dir='ltr'>seu</span> <span class='ocrx_word' id='word_1_444' title='bbox 2377 1348 2799 1410; x_wconf 81' lang='lat' dir='ltr'>discriminatis</span> <span class='ocrx_word' id='word_1_445' title='bbox 2832 1358 3040 1415; x_wconf 88' lang='lat' dir='ltr'>diebus</span> <span class='ocrx_word' id='word_1_446' title='bbox 3064 1362 3338 1432; x_wconf 79' lang='lat' dir='ltr'>edebant,</span> <span class='ocrx_word' id='word_1_447' title='bbox 3359 1368 3460 1422; x_wconf 84' lang='lat' dir='ltr'>alii</span> <span class='ocrx_word' id='word_1_448' title='bbox 3484 1388 3617 1429; x_wconf 87' lang='lat' dir='ltr'>vero</span> <span class='ocrx_word' id='word_1_449' title='bbox 3651 1375 3774 1430; x_wconf 87' lang='lat' dir='ltr'>sin-</span> 
     </span>
    </p>
   </div>
   <div class='ocr_carea' id='block_1_60' title="bbox 2121 1433 3778 1532">
    <p class='ocr_par' dir='ltr' id='par_1_60' title="bbox 2121 1433 3778 1532">
     <span class='ocr_line' id='line_1_61' title="bbox 2121 1433 3778 1532; baseline 0.021 -47"><span class='ocrx_word' id='word_1_450' title='bbox 2121 1433 2296 1504; x_wconf 83' lang='lat' dir='ltr'>gulis.</span> <span class='ocrx_word' id='word_1_451' title='bbox 2330 1437 2482 1492; x_wconf 88' lang='lat' dir='ltr'>Dicit</span> <span class='ocrx_word' id='word_1_452' title='bbox 2513 1458 2648 1514; x_wconf 82' lang='lat' dir='ltr'>ergo</span> <span class='ocrx_word' id='word_1_453' title='bbox 2682 1446 2840 1514; x_wconf 89' lang='lat' dir='ltr'>quod</span> <span class='ocrx_word' id='word_1_454' title='bbox 2871 1465 2944 1503; x_wconf 91' lang='lat' dir='ltr'>ne</span> <span class='ocrx_word' id='word_1_455' title='bbox 2997 1449 3058 1504; x_wconf 91' lang='lat' dir='ltr'>in</span> <span class='ocrx_word' id='word_1_456' title='bbox 3111 1451 3204 1508; x_wconf 88' lang='lat' dir='ltr'>bis</span> <span class='ocrx_word' id='word_1_457' title='bbox 3256 1457 3494 1525; x_wconf 86' lang='lat' dir='ltr'>quidem</span> <span class='ocrx_word' id='word_1_458' title='bbox 3545 1469 3778 1532; x_wconf 87' lang='lat' dir='ltr'>oportet</span> 
     </span>
    </p>
   </div>
   <div class='ocr_carea' id='block_1_61' title="bbox 2122 1527 3771 1621">
    <p class='ocr_par' dir='ltr' id='par_1_61' title="bbox 2122 1527 3771 1621">
     <span class='ocr_line' id='line_1_62' title="bbox 2122 1527 3771 1621; baseline 0.02 -46"><span class='ocrx_word' id='word_1_459' title='bbox 2122 1527 2614 1595; x_wconf 77' lang='lat' dir='ltr'>mutuojudicare</span> <span class='ocrx_word' id='word_1_460' title='bbox 2632 1539 2735 1587; x_wconf 88' lang='lat' dir='ltr'>aut</span> <span class='ocrx_word' id='word_1_461' title='bbox 2755 1537 3157 1595; x_wconf 85' lang='lat' dir='ltr'>condemnare</span> <span class='ocrx_word' id='word_1_462' title='bbox 3186 1542 3459 1614; x_wconf 86' lang='lat' dir='ltr'>invicem,</span> <span class='ocrx_word' id='word_1_463' title='bbox 3495 1565 3689 1621; x_wconf 86' lang='lat' dir='ltr'>neque</span> <span class='ocrx_word' id='word_1_464' title='bbox 3721 1553 3771 1608; x_wconf 92' lang='lat' dir='ltr'>is</span> 
     </span>
    </p>
   </div>
   <div class='ocr_carea' id='block_1_62' title="bbox 2120 1613 3772 1710">
    <p class='ocr_par' dir='ltr' id='par_1_62' title="bbox 2120 1613 3772 1710">
     <span class='ocr_line' id='line_1_63' title="bbox 2120 1613 3772 1710; baseline 0.02 -46"><span class='ocrx_word' id='word_1_465' title='bbox 2120 1613 2219 1681; x_wconf 88' lang='lat' dir='ltr'>qui</span> <span class='ocrx_word' id='word_1_466' title='bbox 2251 1613 2391 1681; x_wconf 86' lang='lat' dir='ltr'>edit,</span> <span class='ocrx_word' id='word_1_467' title='bbox 2425 1617 2676 1675; x_wconf 88' lang='lat' dir='ltr'>alterum</span> <span class='ocrx_word' id='word_1_468' title='bbox 2706 1625 3080 1683; x_wconf 86' lang='lat' dir='ltr'>condemnet.</span> <span class='ocrx_word' id='word_1_469' title='bbox 3109 1631 3342 1702; x_wconf 86' lang='lat' dir='ltr'>Jejunat</span> <span class='ocrx_word' id='word_1_470' title='bbox 3392 1613 3553 1692; x_wconf 88' lang='lat' dir='ltr'>enim</span> <span class='ocrx_word' id='word_1_471' title='bbox 3573 1613 3772 1710; x_wconf 74' lang='lat' dir='ltr'>proxi-</span> 
     </span>
    </p>
   </div>
   <div class='ocr_carea' id='block_1_63' title="bbox 2118 1706 3766 1796">
    <p class='ocr_par' dir='ltr' id='par_1_63' title="bbox 2118 1706 3766 1796">
     <span class='ocr_line' id='line_1_64' title="bbox 2118 1706 3766 1796; baseline 0.019 -42"><span class='ocrx_word' id='word_1_472' title='bbox 2118 1717 2252 1758; x_wconf 84' lang='lat' dir='ltr'>mus</span> <span class='ocrx_word' id='word_1_473' title='bbox 2283 1709 2341 1759; x_wconf 89' lang='lat' dir='ltr'>et</span> <span class='ocrx_word' id='word_1_474' title='bbox 2371 1706 2689 1778; x_wconf 86' lang='lat' dir='ltr'>benefacit,</span> <span class='ocrx_word' id='word_1_475' title='bbox 2738 1730 2870 1769; x_wconf 88' lang='lat' dir='ltr'>cum</span> <span class='ocrx_word' id='word_1_476' title='bbox 2926 1717 3037 1774; x_wconf 86' lang='lat' dir='ltr'>hoc</span> <span class='ocrx_word' id='word_1_477' title='bbox 3095 1721 3215 1790; x_wconf 79' lang='lat' dir='ltr'>agit</span> <span class='ocrx_word' id='word_1_478' title='bbox 3261 1730 3502 1796; x_wconf 87' lang='lat' dir='ltr'>propter</span> <span class='ocrx_word' id='word_1_479' title='bbox 3561 1706 3766 1786; x_wconf 88' lang='lat' dir='ltr'>Deum.</span> 
     </span>
    </p>
   </div>
   <div class='ocr_carea' id='block_1_64' title="bbox 2118 1792 3771 1877">
    <p class='ocr_par' dir='ltr' id='par_1_64' title="bbox 2118 1792 3771 1877">
     <span class='ocr_line' id='line_1_65' title="bbox 2118 1792 3771 1877; baseline 0.019 -33"><span class='ocrx_word' id='word_1_480' title='bbox 2118 1792 2317 1862; x_wconf 89' lang='lat' dir='ltr'>Neque</span> <span class='ocrx_word' id='word_1_481' title='bbox 2349 1811 2585 1853; x_wconf 88' lang='lat' dir='ltr'>rursum</span> <span class='ocrx_word' id='word_1_482' title='bbox 2613 1799 2663 1854; x_wconf 90' lang='lat' dir='ltr'>is</span> <span class='ocrx_word' id='word_1_483' title='bbox 2712 1803 2813 1872; x_wconf 90' lang='lat' dir='ltr'>qui</span> <span class='ocrx_word' id='word_1_484' title='bbox 2860 1804 3098 1875; x_wconf 78' lang='lat' dir='ltr'>jejunat</span> <span class='ocrx_word' id='word_1_485' title='bbox 3146 1792 3544 1871; x_wconf 80' lang='lat' dir='ltr'>condemnare</span> <span class='ocrx_word' id='word_1_486' title='bbox 3594 1817 3771 1877; x_wconf 86' lang='lat' dir='ltr'>debet</span> 
     </span>
    </p>
   </div>
   <div class='ocr_carea' id='block_1_65' title="bbox 2116 1879 3764 1976">
    <p class='ocr_par' dir='ltr' id='par_1_65' title="bbox 2116 1879 3764 1976">
     <span class='ocr_line' id='line_1_66' title="bbox 2116 1879 3764 1976; baseline 0.019 -43"><span class='ocrx_word' id='word_1_487' title='bbox 2116 1879 2285 1936; x_wconf 90' lang='lat' dir='ltr'>illum</span> <span class='ocrx_word' id='word_1_488' title='bbox 2301 1885 2401 1954; x_wconf 87' lang='lat' dir='ltr'>qui</span> <span class='ocrx_word' id='word_1_489' title='bbox 2429 1904 2543 1942; x_wconf 90' lang='lat' dir='ltr'>non</span> <span class='ocrx_word' id='word_1_490' title='bbox 2564 1888 2804 1960; x_wconf 85' lang='lat' dir='ltr'>jejunat</span> <span class='ocrx_word' id='word_1_491' title='bbox 2825 1893 3253 1955; x_wconf 82' lang='lat' dir='ltr'>discriminatis</span> <span class='ocrx_word' id='word_1_492' title='bbox 3275 1901 3484 1960; x_wconf 90' lang='lat' dir='ltr'>diebus</span> <span class='ocrx_word' id='word_1_493' title='bbox 3505 1906 3764 1976; x_wconf 86' lang='lat' dir='ltr'>(hocest,</span> 
     </span>
    </p>
   </div>
   <div class='ocr_carea' id='block_1_66' title="bbox 2121 1970 3767 2070">
    <p class='ocr_par' dir='ltr' id='par_1_66' title="bbox 2121 1970 3767 2070">
     <span class='ocr_line' id='line_1_67' title="bbox 2121 1970 3767 2070; baseline 0.019 -48"><span class='ocrx_word' id='word_1_494' title='bbox 2121 1970 2221 2040; x_wconf 89' lang='lat' dir='ltr'>qui</span> <span class='ocrx_word' id='word_1_495' title='bbox 2253 1971 2501 2046; x_wconf 81' lang='lat' dir='ltr'>singulis</span> <span class='ocrx_word' id='word_1_496' title='bbox 2532 1976 2743 2034; x_wconf 85' lang='lat' dir='ltr'>diebus</span> <span class='ocrx_word' id='word_1_497' title='bbox 2774 1981 2916 2054; x_wconf 89' lang='lat' dir='ltr'>edit)</span> <span class='ocrx_word' id='word_1_498' title='bbox 2944 2001 2957 2050; x_wconf 90' lang='lat'><strong>;</strong></span> <span class='ocrx_word' id='word_1_499' title='bbox 2986 2002 3107 2041; x_wconf 90' lang='lat' dir='ltr'>non</span> <span class='ocrx_word' id='word_1_500' title='bbox 3133 1989 3290 2043; x_wconf 89' lang='lat' dir='ltr'>enim</span> <span class='ocrx_word' id='word_1_501' title='bbox 3319 1970 3595 2065; x_wconf 69' lang='lat' dir='ltr'>praecepti</span> <span class='ocrx_word' id='word_1_502' title='bbox 3620 1970 3767 2070; x_wconf 71' lang='lat' dir='ltr'>legis</span> 
     </span>
    </p>
   </div>
   <div class='ocr_carea' id='block_1_67' title="bbox 2118 2064 3766 2148">
    <p class='ocr_par' dir='ltr' id='par_1_67' title="bbox 2118 2064 3766 2148">
     <span class='ocr_line' id='line_1_68' title="bbox 2118 2064 3766 2148; baseline 0.018 -37"><span class='ocrx_word' id='word_1_503' title='bbox 2118 2064 2228 2123; x_wconf 86' lang='lat' dir='ltr'>est,</span> <span class='ocrx_word' id='word_1_504' title='bbox 2261 2066 2325 2114; x_wconf 92' lang='lat' dir='ltr'>ut</span> <span class='ocrx_word' id='word_1_505' title='bbox 2355 2067 2742 2138; x_wconf 79' lang='lat' dir='ltr'>transgressio</span> <span class='ocrx_word' id='word_1_506' title='bbox 2789 2071 3083 2140; x_wconf 86' lang='lat' dir='ltr'>judicium</span> <span class='ocrx_word' id='word_1_507' title='bbox 3133 2079 3358 2148; x_wconf 84' lang='lat' dir='ltr'>afferat,</span> <span class='ocrx_word' id='word_1_508' title='bbox 3417 2064 3529 2137; x_wconf 16' lang='lat' dir='ltr'>sed,</span> <span class='ocrx_word' id='word_1_509' title='bbox 3579 2064 3766 2142; x_wconf 69' lang='lat' dir='ltr'>solius</span> 
     </span>
    </p>
   </div>
   <div class='ocr_carea' id='block_1_68' title="bbox 2115 2145 3764 2242">
    <p class='ocr_par' dir='ltr' id='par_1_68' title="bbox 2115 2145 3764 2242">
     <span class='ocr_line' id='line_1_69' title="bbox 2115 2145 3764 2242; baseline 0.018 -45"><span class='ocrx_word' id='word_1_510' title='bbox 2115 2145 2457 2206; x_wconf 83' lang='lat' dir='ltr'>voluntatis.</span> <span class='ocrx_word' id='word_1_511' title='bbox 2500 2174 2528 2202; x_wconf 82' lang='grc' dir='ltr'>ιι</span> <span class='ocrx_word' id='word_1_512' title='bbox 2562 2155 2684 2208; x_wconf 84' lang='lat' dir='ltr'>Non</span> <span class='ocrx_word' id='word_1_513' title='bbox 2744 2156 2818 2211; x_wconf 92' lang='lat' dir='ltr'>ad</span> <span class='ocrx_word' id='word_1_514' title='bbox 2876 2145 3350 2230; x_wconf 18' lang='lat' dir='ltr'>dijudicationesv</span> <span class='ocrx_word' id='word_1_515' title='bbox 3383 2167 3764 2242; x_wconf 86' lang='lat' dir='ltr'>disceptatio-</span> 
     </span>
    </p>
   </div>
   <div class='ocr_carea' id='block_1_69' title="bbox 2114 2239 3766 2329">
    <p class='ocr_par' dir='ltr' id='par_1_69' title="bbox 2114 2239 3766 2329">
     <span class='ocr_line' id='line_1_70' title="bbox 2114 2239 3766 2329; baseline 0.019 -43"><span class='ocrx_word' id='word_1_516' title='bbox 2114 2249 2280 2289; x_wconf 91' lang='lat' dir='ltr'>num.</span> <span class='ocrx_word' id='word_1_517' title='bbox 2305 2260 2331 2287; x_wconf 85' lang='grc'>››</span> <span class='ocrx_word' id='word_1_518' title='bbox 2358 2239 2552 2297; x_wconf 89' lang='lat' dir='ltr'>Semel</span> <span class='ocrx_word' id='word_1_519' title='bbox 2581 2243 2821 2312; x_wconf 90' lang='lat' dir='ltr'>quidem</span> <span class='ocrx_word' id='word_1_520' title='bbox 2841 2247 2982 2302; x_wconf 86' lang='lat' dir='ltr'>ferit</span> <span class='ocrx_word' id='word_1_521' title='bbox 3006 2250 3142 2306; x_wconf 85' lang='lat' dir='ltr'>illos</span> <span class='ocrx_word' id='word_1_522' title='bbox 3173 2271 3308 2310; x_wconf 91' lang='lat' dir='ltr'>cum</span> <span class='ocrx_word' id='word_1_523' title='bbox 3325 2239 3570 2329; x_wconf 65' lang='lat' dir='ltr'>diceret,</span> <span class='ocrx_word' id='word_1_524' title='bbox 3605 2284 3634 2312; x_wconf 78' lang='grc' dir='ltr'>ι(</span> <span class='ocrx_word' id='word_1_525' title='bbox 3669 2263 3766 2316; x_wconf 86' lang='lat' dir='ltr'>ln-</span> 
     </span>
    </p>
   </div>
   <div class='ocr_carea' id='block_1_70' title="bbox 2116 2322 3762 2409">
    <p class='ocr_par' dir='ltr' id='par_1_70' title="bbox 2116 2322 3762 2409">
     <span class='ocr_line' id='line_1_71' title="bbox 2116 2322 3762 2409; baseline 0.018 -34"><span class='ocrx_word' id='word_1_526' title='bbox 2116 2322 2320 2379; x_wconf 78' lang='lat' dir='ltr'>ﬁrmos</span> <span class='ocrx_word' id='word_1_527' title='bbox 2337 2326 2506 2393; x_wconf 77' lang='lat' dir='ltr'>ﬁde;»</span> <span class='ocrx_word' id='word_1_528' title='bbox 2527 2332 2786 2387; x_wconf 89' lang='lat' dir='ltr'>secundo</span> <span class='ocrx_word' id='word_1_529' title='bbox 2805 2338 3230 2409; x_wconf 83' lang='lat' dir='ltr'>vero,dicens,«</span> <span class='ocrx_word' id='word_1_530' title='bbox 3247 2347 3563 2402; x_wconf 80' lang='lat' dir='ltr'>Assumite.</span> <span class='ocrx_word' id='word_1_531' title='bbox 3577 2371 3603 2396; x_wconf 87' lang='grc'><strong>››</strong></span> <span class='ocrx_word' id='word_1_532' title='bbox 3620 2351 3762 2404; x_wconf 85' lang='lat' dir='ltr'>Nam</span> 
     </span>
    </p>
   </div>
   <div class='ocr_carea' id='block_1_71' title="bbox 2113 2413 3760 2494">
    <p class='ocr_par' dir='ltr' id='par_1_71' title="bbox 2113 2413 3760 2494">
     <span class='ocr_line' id='line_1_72' title="bbox 2113 2413 3760 2494; baseline 0.018 -30"><span class='ocrx_word' id='word_1_533' title='bbox 2113 2413 2378 2468; x_wconf 88' lang='lat' dir='ltr'>ostendit</span> <span class='ocrx_word' id='word_1_534' title='bbox 2407 2432 2508 2471; x_wconf 89' lang='lat' dir='ltr'>eos</span> <span class='ocrx_word' id='word_1_535' title='bbox 2538 2419 2726 2474; x_wconf 90' lang='lat' dir='ltr'>multa</span> <span class='ocrx_word' id='word_1_536' title='bbox 2773 2439 2916 2478; x_wconf 89' lang='lat' dir='ltr'>cura</span> <span class='ocrx_word' id='word_1_537' title='bbox 2963 2443 3154 2494; x_wconf 74' lang='lat' dir='ltr'>egere.</span> <span class='ocrx_word' id='word_1_538' title='bbox 3205 2433 3398 2487; x_wconf 88' lang='lat' dir='ltr'>Tertio</span> <span class='ocrx_word' id='word_1_539' title='bbox 3450 2453 3582 2490; x_wconf 91' lang='lat' dir='ltr'>cum</span> <span class='ocrx_word' id='word_1_540' title='bbox 3641 2439 3760 2492; x_wconf 88' lang='lat' dir='ltr'>ait:</span> 
     </span>
    </p>
   </div>
   <div class='ocr_carea' id='block_1_72' title="bbox 2113 2502 3764 2596">
    <p class='ocr_par' dir='ltr' id='par_1_72' title="bbox 2113 2502 3764 2596">
     <span class='ocr_line' id='line_1_73' title="bbox 2113 2502 3764 2596; baseline 0.018 -44"><span class='ocrx_word' id='word_1_541' title='bbox 2113 2521 2142 2550; x_wconf 88' lang='grc' dir='ltr'>ιι</span> <span class='ocrx_word' id='word_1_542' title='bbox 2179 2502 2302 2555; x_wconf 75' lang='lat' dir='ltr'>Non</span> <span class='ocrx_word' id='word_1_543' title='bbox 2336 2503 2408 2558; x_wconf 90' lang='lat' dir='ltr'>ad</span> <span class='ocrx_word' id='word_1_544' title='bbox 2441 2504 2900 2577; x_wconf 87' lang='lat' dir='ltr'>dijudicationes</span> <span class='ocrx_word' id='word_1_545' title='bbox 2939 2514 3457 2587; x_wconf 88' lang='lat' dir='ltr'>disceptationum.</span> <span class='ocrx_word' id='word_1_546' title='bbox 3515 2547 3541 2573; x_wconf 82' lang='lat'><strong>«</strong></span> <span class='ocrx_word' id='word_1_547' title='bbox 3576 2526 3764 2596; x_wconf 83' lang='lat' dir='ltr'>Siqui-</span> 
     </span>
    </p>
   </div>
   <div class='ocr_carea' id='block_1_73' title="bbox 2113 2589 3756 2693">
    <p class='ocr_par' dir='ltr' id='par_1_73' title="bbox 2113 2589 3756 2693">
     <span class='ocr_line' id='line_1_74' title="bbox 2113 2589 3756 2693; baseline 0.015 -49"><span class='ocrx_word' id='word_1_548' title='bbox 2113 2589 2248 2645; x_wconf 90' lang='lat' dir='ltr'>dem</span> <span class='ocrx_word' id='word_1_549' title='bbox 2271 2591 2331 2646; x_wconf 90' lang='lat' dir='ltr'>in</span> <span class='ocrx_word' id='word_1_550' title='bbox 2359 2598 2586 2650; x_wconf 86' lang='lat' dir='ltr'>tantum</span> <span class='ocrx_word' id='word_1_551' title='bbox 2620 2614 2718 2653; x_wconf 90' lang='lat' dir='ltr'>eos</span> <span class='ocrx_word' id='word_1_552' title='bbox 2751 2599 2867 2654; x_wconf 87' lang='lat' dir='ltr'>labi</span> <span class='ocrx_word' id='word_1_553' title='bbox 2899 2602 3214 2673; x_wconf 82' lang='lat' dir='ltr'>signiﬁcat,</span> <span class='ocrx_word' id='word_1_554' title='bbox 3249 2615 3314 2662; x_wconf 91' lang='lat' dir='ltr'>ut</span> <span class='ocrx_word' id='word_1_555' title='bbox 3334 2610 3422 2663; x_wconf 90' lang='lat' dir='ltr'>illi</span> <span class='ocrx_word' id='word_1_556' title='bbox 3447 2612 3625 2666; x_wconf 89' lang='lat' dir='ltr'>etiam</span> <span class='ocrx_word' id='word_1_557' title='bbox 3657 2589 3756 2693; x_wconf 61' lang='lat' dir='ltr'>qui</span> 
     </span>
    </p>
   </div>
   <div class='ocr_carea' id='block_1_74' title="bbox 2112 2681 3758 2771">
    <p class='ocr_par' dir='ltr' id='par_1_74' title="bbox 2112 2681 3758 2771">
     <span class='ocr_line' id='line_1_75' title="bbox 2112 2681 3758 2771; baseline 0.016 -38"><span class='ocrx_word' id='word_1_558' title='bbox 2112 2696 2245 2734; x_wconf 89' lang='lat' dir='ltr'>cum</span> <span class='ocrx_word' id='word_1_559' title='bbox 2279 2681 2362 2736; x_wconf 90' lang='lat' dir='ltr'>eis</span> <span class='ocrx_word' id='word_1_560' title='bbox 2395 2683 2455 2738; x_wconf 90' lang='lat' dir='ltr'>in</span> <span class='ocrx_word' id='word_1_561' title='bbox 2487 2685 2748 2742; x_wconf 86' lang='lat' dir='ltr'>amicitia</span> <span class='ocrx_word' id='word_1_562' title='bbox 2798 2693 3322 2751; x_wconf 87' lang='lat' dir='ltr'>communicabant</span> <span class='ocrx_word' id='word_1_563' title='bbox 3360 2699 3758 2771; x_wconf 68' lang='lat' dir='ltr'>diiudicarent</span> 
     </span>
    </p>
   </div>
   <div class='ocr_carea' id='block_1_75' title="bbox 2110 2777 3808 2859">
    <p class='ocr_par' dir='ltr' id='par_1_75' title="bbox 2110 2777 3808 2859">
     <span class='ocr_line' id='line_1_76' title="bbox 2110 2777 3808 2859; baseline 0.015 -36"><span class='ocrx_word' id='word_1_564' title='bbox 2110 2785 2177 2824; x_wconf 89' lang='lat' dir='ltr'>ac</span> <span class='ocrx_word' id='word_1_565' title='bbox 2191 2779 2626 2842; x_wconf 84' lang='lat' dir='ltr'>separarentur.</span> <span class='ocrx_word' id='word_1_566' title='bbox 2650 2799 2676 2826; x_wconf 82' lang='grc' dir='ltr'>α</span> <span class='ocrx_word' id='word_1_567' title='bbox 2699 2777 2864 2834; x_wconf 85' lang='lat' dir='ltr'>Alius</span> <span class='ocrx_word' id='word_1_568' title='bbox 2887 2781 3126 2850; x_wconf 87' lang='lat' dir='ltr'>quidem</span> <span class='ocrx_word' id='word_1_569' title='bbox 3142 2786 3724 2859; x_wconf 85' lang='lat' dir='ltr'>creditquaeviseden</span> <span class='ocrx_word' id='word_1_570' title='bbox 3742 2824 3755 2834; x_wconf 86' lang='lat'><strong>-</strong></span> <span class='ocrx_word' id='word_1_571' title='bbox 3803 2820 3808 2824; x_wconf 60' lang='grc' dir='ltr'>ν</span> 
     </span>
    </p>
   </div>
   <div class='ocr_carea' id='block_1_76' title="bbox 2110 2858 3762 2950">
    <p class='ocr_par' dir='ltr' id='par_1_76' title="bbox 2110 2858 3762 2950">
     <span class='ocr_line' id='line_1_77' title="bbox 2110 2858 3762 2950; baseline 0.017 -38"><span class='ocrx_word' id='word_1_572' title='bbox 2110 2858 2202 2914; x_wconf 88' lang='lat' dir='ltr'>da.</span> <span class='ocrx_word' id='word_1_573' title='bbox 2237 2883 2266 2910; x_wconf 84' lang='lat'><strong><em>»</em></strong></span> <span class='ocrx_word' id='word_1_574' title='bbox 2297 2862 2404 2926; x_wconf 87' lang='lat' dir='ltr'>Qui</span> <span class='ocrx_word' id='word_1_575' title='bbox 2437 2863 2685 2934; x_wconf 79' lang='lat' dir='ltr'>sincere,</span> <span class='ocrx_word' id='word_1_576' title='bbox 2718 2868 2934 2940; x_wconf 90' lang='lat' dir='ltr'>inquit,</span> <span class='ocrx_word' id='word_1_577' title='bbox 2971 2873 3178 2942; x_wconf 88' lang='lat' dir='ltr'>credit,</span> <span class='ocrx_word' id='word_1_578' title='bbox 3212 2858 3558 2950; x_wconf 88' lang='lat' dir='ltr'>nullamque</span> <span class='ocrx_word' id='word_1_579' title='bbox 3582 2881 3762 2940; x_wconf 85' lang='lat' dir='ltr'>habet</span> 
     </span>
    </p>
   </div>
   <div class='ocr_carea' id='block_1_77' title="bbox 2106 2948 3757 3029">
    <p class='ocr_par' dir='ltr' id='par_1_77' title="bbox 2106 2948 3757 3029">
     <span class='ocr_line' id='line_1_78' title="bbox 2106 2948 3757 3029; baseline 0.017 -27"><span class='ocrx_word' id='word_1_580' title='bbox 2106 2948 2408 3006; x_wconf 73' lang='lat' dir='ltr'>Iudaicam</span> <span class='ocrx_word' id='word_1_581' title='bbox 2435 2953 3140 3027; x_wconf 87' lang='lat' dir='ltr'>observationem,omnia</span> <span class='ocrx_word' id='word_1_582' title='bbox 3157 2965 3284 3021; x_wconf 86' lang='lat' dir='ltr'>sine</span> <span class='ocrx_word' id='word_1_583' title='bbox 3315 2969 3757 3029; x_wconf 86' lang='lat' dir='ltr'>abominatione</span> 
     </span>
    </p>
   </div>
   <div class='ocr_carea' id='block_1_78' title="bbox 2109 3037 3758 3120">
    <p class='ocr_par' dir='ltr' id='par_1_78' title="bbox 2109 3037 3758 3120">
     <span class='ocr_line' id='line_1_79' title="bbox 2109 3037 3758 3120; baseline 0.018 -30"><span class='ocrx_word' id='word_1_584' title='bbox 2109 3037 2248 3093; x_wconf 90' lang='lat' dir='ltr'>edit.</span> <span class='ocrx_word' id='word_1_585' title='bbox 2277 3040 2662 3099; x_wconf 89' lang='lat' dir='ltr'>Commendat</span> <span class='ocrx_word' id='word_1_586' title='bbox 2692 3052 2888 3103; x_wconf 88' lang='lat' dir='ltr'>autem</span> <span class='ocrx_word' id='word_1_587' title='bbox 2922 3050 3116 3120; x_wconf 90' lang='lat' dir='ltr'>ipsum</span> <span class='ocrx_word' id='word_1_588' title='bbox 3147 3070 3181 3108; x_wconf 90' lang='lat' dir='ltr'>a</span> <span class='ocrx_word' id='word_1_589' title='bbox 3211 3055 3344 3112; x_wconf 83' lang='lat' dir='ltr'>fide.</span> <span class='ocrx_word' id='word_1_590' title='bbox 3400 3079 3427 3108; x_wconf 88' lang='grc' dir='ltr'>ι‹</span> <span class='ocrx_word' id='word_1_591' title='bbox 3457 3061 3620 3116; x_wconf 87' lang='lat' dir='ltr'>Alius</span> <span class='ocrx_word' id='word_1_592' title='bbox 3649 3080 3758 3118; x_wconf 90' lang='lat' dir='ltr'>au-</span> 
     </span>
    </p>
   </div>
   <div class='ocr_carea' id='block_1_79' title="bbox 2108 3129 3754 3211">
    <p class='ocr_par' dir='ltr' id='par_1_79' title="bbox 2108 3129 3754 3211">
     <span class='ocr_line' id='line_1_80' title="bbox 2108 3129 3754 3211; baseline 0.016 -32"><span class='ocrx_word' id='word_1_593' title='bbox 2108 3131 2225 3180; x_wconf 90' lang='lat' dir='ltr'>tem</span> <span class='ocrx_word' id='word_1_594' title='bbox 2253 3129 2350 3199; x_wconf 89' lang='lat' dir='ltr'>qui</span> <span class='ocrx_word' id='word_1_595' title='bbox 2373 3130 2646 3188; x_wconf 78' lang='lat' dir='ltr'>inﬁrmus</span> <span class='ocrx_word' id='word_1_596' title='bbox 2671 3136 2954 3205; x_wconf 84' lang='lat' dir='ltr'>est(circa</span> <span class='ocrx_word' id='word_1_597' title='bbox 2983 3140 3201 3211; x_wconf 85' lang='lat' dir='ltr'>fidem),</span> <span class='ocrx_word' id='word_1_598' title='bbox 3236 3144 3398 3200; x_wconf 90' lang='lat' dir='ltr'>olera</span> <span class='ocrx_word' id='word_1_599' title='bbox 3450 3148 3589 3202; x_wconf 88' lang='lat' dir='ltr'>edit.</span> <span class='ocrx_word' id='word_1_600' title='bbox 3624 3172 3652 3201; x_wconf 80' lang='lat'><strong>»</strong></span> <span class='ocrx_word' id='word_1_601' title='bbox 3689 3152 3754 3206; x_wconf 89' lang='lat' dir='ltr'>In</span> 
     </span>
    </p>
   </div>
   <div class='ocr_carea' id='block_1_80' title="bbox 2107 3217 3754 3300">
    <p class='ocr_par' dir='ltr' id='par_1_80' title="bbox 2107 3217 3754 3300">
     <span class='ocr_line' id='line_1_81' title="bbox 2107 3217 3754 3300; baseline 0.016 -30"><span class='ocrx_word' id='word_1_602' title='bbox 2107 3217 2216 3272; x_wconf 87' lang='lat' dir='ltr'>hoc</span> <span class='ocrx_word' id='word_1_603' title='bbox 2245 3219 2420 3274; x_wconf 89' lang='lat' dir='ltr'>etiam</span> <span class='ocrx_word' id='word_1_604' title='bbox 2447 3223 2832 3293; x_wconf 88' lang='lat' dir='ltr'>reprehendit</span> <span class='ocrx_word' id='word_1_605' title='bbox 2849 3243 3004 3292; x_wconf 89' lang='lat' dir='ltr'>eum,</span> <span class='ocrx_word' id='word_1_606' title='bbox 3040 3231 3198 3300; x_wconf 91' lang='lat' dir='ltr'>quod</span> <span class='ocrx_word' id='word_1_607' title='bbox 3219 3250 3339 3288; x_wconf 92' lang='lat' dir='ltr'>non</span> <span class='ocrx_word' id='word_1_608' title='bbox 3363 3235 3602 3294; x_wconf 88' lang='lat' dir='ltr'>laudata</span> <span class='ocrx_word' id='word_1_609' title='bbox 3623 3240 3754 3295; x_wconf 87' lang='lat' dir='ltr'>abs-</span> 
     </span>
    </p>
   </div>
   <div class='ocr_carea' id='block_1_81' title="bbox 2107 3305 3757 3397">
    <p class='ocr_par' dir='ltr' id='par_1_81' title="bbox 2107 3305 3757 3397">
     <span class='ocr_line' id='line_1_82' title="bbox 2107 3305 3757 3397; baseline 0.016 -39"><span class='ocrx_word' id='word_1_610' title='bbox 2107 3305 2359 3362; x_wconf 88' lang='lat' dir='ltr'>tinentia</span> <span class='ocrx_word' id='word_1_611' title='bbox 2389 3309 2551 3364; x_wconf 90' lang='lat' dir='ltr'>olera</span> <span class='ocrx_word' id='word_1_612' title='bbox 2592 3312 2811 3382; x_wconf 87' lang='lat' dir='ltr'>ederet,</span> <span class='ocrx_word' id='word_1_613' title='bbox 2846 3333 3187 3388; x_wconf 89' lang='lat' dir='ltr'>quanquam</span> <span class='ocrx_word' id='word_1_614' title='bbox 3219 3322 3329 3377; x_wconf 85' lang='lat' dir='ltr'>hoc</span> <span class='ocrx_word' id='word_1_615' title='bbox 3349 3324 3618 3397; x_wconf 84' lang='lat' dir='ltr'>ﬁngeret,</span> <span class='ocrx_word' id='word_1_616' title='bbox 3653 3329 3757 3384; x_wconf 88' lang='lat' dir='ltr'>sed</span> 
     </span>
    </p>
   </div>
   <div class='ocr_carea' id='block_1_82' title="bbox 2106 3393 3758 3475">
    <p class='ocr_par' dir='ltr' id='par_1_82' title="bbox 2106 3393 3758 3475">
     <span class='ocr_line' id='line_1_83' title="bbox 2106 3393 3758 3475; baseline 0.018 -29"><span class='ocrx_word' id='word_1_617' title='bbox 2106 3393 2240 3448; x_wconf 84' lang='lat' dir='ltr'>lldei</span> <span class='ocrx_word' id='word_1_618' title='bbox 2273 3396 2639 3455; x_wconf 84' lang='lat' dir='ltr'>infirmitate.</span> <span class='ocrx_word' id='word_1_619' title='bbox 2683 3424 2710 3450; x_wconf 81' lang='grc' dir='ltr'>(ι</span> <span class='ocrx_word' id='word_1_620' title='bbox 2745 3403 2853 3468; x_wconf 87' lang='lat' dir='ltr'>Qui</span> <span class='ocrx_word' id='word_1_621' title='bbox 2888 3405 3028 3474; x_wconf 89' lang='lat' dir='ltr'>edit,</span> <span class='ocrx_word' id='word_1_622' title='bbox 3062 3425 3183 3464; x_wconf 89' lang='lat' dir='ltr'>non</span> <span class='ocrx_word' id='word_1_623' title='bbox 3217 3393 3492 3470; x_wconf 76' lang='lat' dir='ltr'>edentem</span> <span class='ocrx_word' id='word_1_624' title='bbox 3517 3393 3637 3473; x_wconf 85' lang='lat' dir='ltr'>non</span> <span class='ocrx_word' id='word_1_625' title='bbox 3661 3419 3758 3475; x_wconf 91' lang='lat' dir='ltr'>de-</span> 
     </span>
    </p>
   </div>
   <div class='ocr_carea' id='block_1_83' title="bbox 2102 3482 3752 3577">
    <p class='ocr_par' dir='ltr' id='par_1_83' title="bbox 2102 3482 3752 3577">
     <span class='ocr_line' id='line_1_84' title="bbox 2102 3482 3752 3577; baseline 0.013 -40"><span class='ocrx_word' id='word_1_626' title='bbox 2102 3482 2331 3554; x_wconf 89' lang='lat' dir='ltr'>spiciat.</span> <span class='ocrx_word' id='word_1_627' title='bbox 2358 3508 2385 3535; x_wconf 83' lang='lat'>»</span> <span class='ocrx_word' id='word_1_628' title='bbox 2413 3489 2540 3542; x_wconf 89' lang='lat' dir='ltr'>Non</span> <span class='ocrx_word' id='word_1_629' title='bbox 2563 3489 2736 3544; x_wconf 85' lang='lat' dir='ltr'>dixit:</span> <span class='ocrx_word' id='word_1_630' title='bbox 2762 3493 3045 3561; x_wconf 73' lang='lat' dir='ltr'>Corrigat.</span> <span class='ocrx_word' id='word_1_631' title='bbox 3081 3498 3184 3552; x_wconf 89' lang='lat' dir='ltr'>sed</span> <span class='ocrx_word' id='word_1_632' title='bbox 3213 3522 3241 3548; x_wconf 87' lang='lat'><strong><em>«</em></strong></span> <span class='ocrx_word' id='word_1_633' title='bbox 3267 3503 3345 3555; x_wconf 80' lang='lat' dir='ltr'>Ne</span> <span class='ocrx_word' id='word_1_634' title='bbox 3378 3503 3688 3577; x_wconf 84' lang='lat' dir='ltr'>despiciat,</span> <span class='ocrx_word' id='word_1_635' title='bbox 3725 3531 3752 3559; x_wconf 87' lang='lat'>»</span> 
     </span>
    </p>
   </div>
   <div class='ocr_carea' id='block_1_84' title="bbox 2101 3573 3750 3660">
    <p class='ocr_par' dir='ltr' id='par_1_84' title="bbox 2101 3573 3750 3660">
     <span class='ocr_line' id='line_1_85' title="bbox 2101 3573 3750 3660; baseline 0.016 -35"><span class='ocrx_word' id='word_1_636' title='bbox 2101 3573 2421 3629; x_wconf 88' lang='lat' dir='ltr'>ostendens</span> <span class='ocrx_word' id='word_1_637' title='bbox 2453 3577 2610 3646; x_wconf 88' lang='lat' dir='ltr'>quod</span> <span class='ocrx_word' id='word_1_638' title='bbox 2642 3579 2892 3637; x_wconf 88' lang='lat' dir='ltr'>ridicule</span> <span class='ocrx_word' id='word_1_639' title='bbox 2925 3583 3117 3640; x_wconf 83' lang='lat' dir='ltr'>faciat.</span> <span class='ocrx_word' id='word_1_640' title='bbox 3153 3589 3399 3660; x_wconf 85' lang='lat' dir='ltr'>Oportet</span> <span class='ocrx_word' id='word_1_641' title='bbox 3429 3573 3590 3650; x_wconf 76' lang='lat' dir='ltr'>enim</span> <span class='ocrx_word' id='word_1_642' title='bbox 3631 3573 3750 3652; x_wconf 81' lang='lat' dir='ltr'>fra-</span> 
     </span>
    </p>
   </div>
   <div class='ocr_carea' id='block_1_85' title="bbox 2099 3666 3744 3746">
    <p class='ocr_par' dir='ltr' id='par_1_85' title="bbox 2099 3666 3744 3746">
     <span class='ocr_line' id='line_1_86' title="bbox 2099 3666 3744 3746; baseline 0.015 -30"><span class='ocrx_word' id='word_1_643' title='bbox 2099 3667 2264 3718; x_wconf 90' lang='lat' dir='ltr'>terne</span> <span class='ocrx_word' id='word_1_644' title='bbox 2297 3666 2635 3734; x_wconf 89' lang='lat' dir='ltr'>emendare,</span> <span class='ocrx_word' id='word_1_645' title='bbox 2687 3676 2743 3724; x_wconf 91' lang='lat' dir='ltr'>et</span> <span class='ocrx_word' id='word_1_646' title='bbox 2774 3689 2894 3727; x_wconf 91' lang='lat' dir='ltr'>non</span> <span class='ocrx_word' id='word_1_647' title='bbox 2944 3680 3226 3746; x_wconf 86' lang='lat' dir='ltr'>tanquam</span> <span class='ocrx_word' id='word_1_648' title='bbox 3278 3680 3744 3741; x_wconf 88' lang='lat' dir='ltr'>abominandum</span> 
     </span>
    </p>
   </div>
   <div class='ocr_carea' id='block_1_86' title="bbox 2096 3750 3741 3843">
    <p class='ocr_par' dir='ltr' id='par_1_86' title="bbox 2096 3750 3741 3843">
     <span class='ocr_line' id='line_1_87' title="bbox 2096 3750 3741 3843; baseline 0.015 -39"><span class='ocrx_word' id='word_1_649' title='bbox 2096 3750 2424 3824; x_wconf 87' lang='lat' dir='ltr'>despicere.</span> <span class='ocrx_word' id='word_1_650' title='bbox 2467 3777 2492 3803; x_wconf 89' lang='grc'>‹‹</span> <span class='ocrx_word' id='word_1_651' title='bbox 2529 3759 2607 3810; x_wconf 81' lang='lat' dir='ltr'>Ne</span> <span class='ocrx_word' id='word_1_652' title='bbox 2638 3757 2941 3829; x_wconf 86' lang='lat' dir='ltr'>despiciat.</span> <span class='ocrx_word' id='word_1_653' title='bbox 2980 3785 3006 3811; x_wconf 87' lang='grc'>››</span> <span class='ocrx_word' id='word_1_654' title='bbox 3040 3765 3339 3835; x_wconf 83' lang='lat' dir='ltr'>Siquidem</span> <span class='ocrx_word' id='word_1_655' title='bbox 3371 3771 3529 3825; x_wconf 83' lang='lat' dir='ltr'>velut</span> <span class='ocrx_word' id='word_1_656' title='bbox 3557 3773 3616 3826; x_wconf 90' lang='lat' dir='ltr'>hi</span> <span class='ocrx_word' id='word_1_657' title='bbox 3641 3775 3741 3843; x_wconf 89' lang='lat' dir='ltr'>qui</span> 
     </span>
    </p>
   </div>
   <div class='ocr_carea' id='block_1_87' title="bbox 2094 3843 3742 3928">
    <p class='ocr_par' dir='ltr' id='par_1_87' title="bbox 2094 3843 3742 3928">
     <span class='ocr_line' id='line_1_88' title="bbox 2094 3843 3742 3928; baseline 0.014 -35"><span class='ocrx_word' id='word_1_658' title='bbox 2094 3857 2200 3911; x_wconf 85' lang='lat' dir='ltr'>per</span> <span class='ocrx_word' id='word_1_659' title='bbox 2222 3843 2401 3897; x_wconf 83' lang='lat' dir='ltr'>ﬁdem</span> <span class='ocrx_word' id='word_1_660' title='bbox 2425 3843 2682 3898; x_wconf 86' lang='lat' dir='ltr'>edebant</span> <span class='ocrx_word' id='word_1_661' title='bbox 2712 3849 2912 3903; x_wconf 89' lang='lat' dir='ltr'>omnia</span> <span class='ocrx_word' id='word_1_662' title='bbox 2933 3851 3742 3928; x_wconf 85' lang='lat' dir='ltr'>sinejudicio,despiciebant</span> 
     </span>
    </p>
   </div>
   <div class='ocr_carea' id='block_1_88' title="bbox 2094 3928 3738 4012">
    <p class='ocr_par' dir='ltr' id='par_1_88' title="bbox 2094 3928 3738 4012">
     <span class='ocr_line' id='line_1_89' title="bbox 2094 3928 3738 4012; baseline 0.013 -29"><span class='ocrx_word' id='word_1_663' title='bbox 2094 3928 2474 3986; x_wconf 87' lang='lat' dir='ltr'>observantes</span> <span class='ocrx_word' id='word_1_664' title='bbox 2505 3933 2687 3998; x_wconf 85' lang='lat' dir='ltr'>cibos,</span> <span class='ocrx_word' id='word_1_665' title='bbox 2715 3936 2796 3989; x_wconf 87' lang='lat' dir='ltr'>ita</span> <span class='ocrx_word' id='word_1_666' title='bbox 2816 3936 2900 3990; x_wconf 89' lang='lat' dir='ltr'>illi</span> <span class='ocrx_word' id='word_1_667' title='bbox 2925 3938 3032 3993; x_wconf 89' lang='lat' dir='ltr'>hos</span> <span class='ocrx_word' id='word_1_668' title='bbox 3057 3947 3340 4012; x_wconf 85' lang='lat' dir='ltr'>tanquam</span> <span class='ocrx_word' id='word_1_669' title='bbox 3373 3946 3582 4002; x_wconf 85' lang='lat' dir='ltr'>edaces</span> <span class='ocrx_word' id='word_1_670' title='bbox 3606 3965 3738 4005; x_wconf 89' lang='lat' dir='ltr'>ven-</span> 
     </span>
    </p>
   </div>
   <div class='ocr_carea' id='block_1_89' title="bbox 2092 4018 2937 4092">
    <p class='ocr_par' dir='ltr' id='par_1_89' title="bbox 2092 4018 2937 4092">
     <span class='ocr_line' id='line_1_90' title="bbox 2092 4018 2937 4092; baseline 0.007 -20"><span class='ocrx_word' id='word_1_671' title='bbox 2092 4018 2285 4088; x_wconf 88' lang='lat' dir='ltr'>trique</span> <span class='ocrx_word' id='word_1_672' title='bbox 2317 4019 2543 4074; x_wconf 88' lang='lat' dir='ltr'>deditos</span> <span class='ocrx_word' id='word_1_673' title='bbox 2567 4021 2937 4092; x_wconf 88' lang='lat' dir='ltr'>judicabant.</span> 
     </span>
    </p>
   </div>
   <div class='ocr_carea' id='block_1_90' title="bbox 2162 4115 3734 4192">
    <p class='ocr_par' dir='ltr' id='par_1_90' title="bbox 2162 4115 3734 4192">
     <span class='ocr_line' id='line_1_91' title="bbox 2162 4115 3734 4192; baseline 0.014 -22"><span class='ocrx_word' id='word_1_674' title='bbox 2162 4115 2314 4170; x_wconf 75' lang='lat'>888</span> <span class='ocrx_word' id='word_1_675' title='bbox 2367 4117 2506 4171; x_wconf 83' lang='lat' dir='ltr'>Vide</span> <span class='ocrx_word' id='word_1_676' title='bbox 2564 4125 2758 4173; x_wconf 89' lang='lat' dir='ltr'>autem</span> <span class='ocrx_word' id='word_1_677' title='bbox 2821 4123 2977 4192; x_wconf 90' lang='lat' dir='ltr'>quod</span> <span class='ocrx_word' id='word_1_678' title='bbox 3032 4126 3104 4181; x_wconf 91' lang='lat' dir='ltr'>de</span> <span class='ocrx_word' id='word_1_679' title='bbox 3155 4128 3465 4186; x_wconf 85' lang='lat' dir='ltr'>edentibus</span> <span class='ocrx_word' id='word_1_680' title='bbox 3539 4134 3734 4192; x_wconf 81' lang='lat' dir='ltr'>dixit:</span> 
     </span>
    </p>
   </div>
   <div class='ocr_carea' id='block_1_91' title="bbox 2094 4206 3736 4284">
    <p class='ocr_par' dir='ltr' id='par_1_91' title="bbox 2094 4206 3736 4284">
     <span class='ocr_line' id='line_1_92' title="bbox 2094 4206 3736 4284; baseline 0.016 -29"><span class='ocrx_word' id='word_1_681' title='bbox 2094 4225 2121 4255; x_wconf 75' lang='grc' dir='ltr'>ιι</span> <span class='ocrx_word' id='word_1_682' title='bbox 2152 4206 2304 4261; x_wconf 89' lang='lat' dir='ltr'>Deus</span> <span class='ocrx_word' id='word_1_683' title='bbox 2337 4207 2496 4261; x_wconf 90' lang='lat' dir='ltr'>enim</span> <span class='ocrx_word' id='word_1_684' title='bbox 2530 4208 2697 4263; x_wconf 91' lang='lat' dir='ltr'>illum</span> <span class='ocrx_word' id='word_1_685' title='bbox 2726 4215 3083 4284; x_wconf 88' lang='lat' dir='ltr'>assumpsit:</span> <span class='ocrx_word' id='word_1_686' title='bbox 3120 4240 3147 4266; x_wconf 86' lang='grc'>››</span> <span class='ocrx_word' id='word_1_687' title='bbox 3180 4219 3251 4273; x_wconf 88' lang='lat' dir='ltr'>de</span> <span class='ocrx_word' id='word_1_688' title='bbox 3290 4219 3736 4280; x_wconf 87' lang='lat' dir='ltr'>observantibus</span> 
     </span>
    </p>
   </div>
   <div class='ocr_carea' id='block_1_92' title="bbox 2090 4295 3732 4369">
    <p class='ocr_par' dir='ltr' id='par_1_92' title="bbox 2090 4295 3732 4369">
     <span class='ocr_line' id='line_1_93' title="bbox 2090 4295 3732 4369; baseline 0.013 -22"><span class='ocrx_word' id='word_1_689' title='bbox 2090 4299 2285 4348; x_wconf 88' lang='lat' dir='ltr'>autem</span> <span class='ocrx_word' id='word_1_690' title='bbox 2319 4295 2480 4349; x_wconf 87' lang='lat' dir='ltr'>cibos</span> <span class='ocrx_word' id='word_1_691' title='bbox 2512 4297 2661 4352; x_wconf 87' lang='lat' dir='ltr'>nihil</span> <span class='ocrx_word' id='word_1_692' title='bbox 2694 4299 2808 4354; x_wconf 89' lang='lat' dir='ltr'>tale</span> <span class='ocrx_word' id='word_1_693' title='bbox 2840 4301 3004 4359; x_wconf 86' lang='lat' dir='ltr'>dixit.</span> <span class='ocrx_word' id='word_1_694' title='bbox 3028 4327 3052 4354; x_wconf 85' lang='lat'><strong>«</strong></span> <span class='ocrx_word' id='word_1_695' title='bbox 3081 4307 3232 4362; x_wconf 86' lang='lat' dir='ltr'>Deus</span> <span class='ocrx_word' id='word_1_696' title='bbox 3263 4310 3419 4364; x_wconf 91' lang='lat' dir='ltr'>enim</span> <span class='ocrx_word' id='word_1_697' title='bbox 3447 4311 3616 4367; x_wconf 89' lang='lat' dir='ltr'>illum</span> <span class='ocrx_word' id='word_1_698' title='bbox 3640 4331 3732 4369; x_wconf 90' lang='lat' dir='ltr'>as-</span> 
     </span>
    </p>
   </div>
   <div class='ocr_carea' id='block_1_93' title="bbox 2090 4385 3735 4469">
    <p class='ocr_par' dir='ltr' id='par_1_93' title="bbox 2090 4385 3735 4469">
     <span class='ocr_line' id='line_1_94' title="bbox 2090 4385 3735 4469; baseline 0.012 -32"><span class='ocrx_word' id='word_1_699' title='bbox 2090 4385 2360 4454; x_wconf 89' lang='lat' dir='ltr'>sumpsit.</span> <span class='ocrx_word' id='word_1_700' title='bbox 2384 4406 2411 4434; x_wconf 87' lang='lat'>»</span> <span class='ocrx_word' id='word_1_701' title='bbox 2431 4386 2569 4439; x_wconf 65' lang='lat' dir='ltr'>Nam</span> <span class='ocrx_word' id='word_1_702' title='bbox 2587 4386 2757 4455; x_wconf 78' lang='lat' dir='ltr'>Deus=</span> <span class='ocrx_word' id='word_1_703' title='bbox 2781 4389 2994 4460; x_wconf 88' lang='lat' dir='ltr'>inquit,</span> <span class='ocrx_word' id='word_1_704' title='bbox 3009 4392 3179 4449; x_wconf 88' lang='lat' dir='ltr'>illum</span> <span class='ocrx_word' id='word_1_705' title='bbox 3204 4397 3276 4451; x_wconf 89' lang='lat' dir='ltr'>ad</span> <span class='ocrx_word' id='word_1_706' title='bbox 3299 4414 3360 4452; x_wconf 90' lang='lat' dir='ltr'>se</span> <span class='ocrx_word' id='word_1_707' title='bbox 3383 4402 3642 4469; x_wconf 84' lang='lat' dir='ltr'>attraxit,</span> <span class='ocrx_word' id='word_1_708' title='bbox 3677 4409 3735 4457; x_wconf 92' lang='lat' dir='ltr'>et</span> 
     </span>
    </p>
   </div>
   <div class='ocr_carea' id='block_1_94' title="bbox 2088 4474 3731 4547">
    <p class='ocr_par' dir='ltr' id='par_1_94' title="bbox 2088 4474 3731 4547">
     <span class='ocr_line' id='line_1_95' title="bbox 2088 4474 3731 4547; baseline 0.012 -20"><span class='ocrx_word' id='word_1_709' title='bbox 2088 4474 2249 4527; x_wconf 90' lang='lat' dir='ltr'>omni</span> <span class='ocrx_word' id='word_1_710' title='bbox 2305 4474 2546 4529; x_wconf 83' lang='lat' dir='ltr'>Judaica</span> <span class='ocrx_word' id='word_1_711' title='bbox 2606 4477 3013 4537; x_wconf 87' lang='lat' dir='ltr'>observatione</span> <span class='ocrx_word' id='word_1_712' title='bbox 3084 4484 3374 4541; x_wconf 89' lang='lat' dir='ltr'>liberavit.</span> <span class='ocrx_word' id='word_1_713' title='bbox 3455 4491 3731 4547; x_wconf 87' lang='lat' dir='ltr'>Famulus</span> 
     </span>
    </p>
   </div>
   <div class='ocr_carea' id='block_1_95' title="bbox 2086 4559 3728 4650">
    <p class='ocr_par' dir='ltr' id='par_1_95' title="bbox 2086 4559 3728 4650">
     <span class='ocr_line' id='line_1_96' title="bbox 2086 4559 3728 4650; baseline 0.013 -38"><span class='ocrx_word' id='word_1_714' title='bbox 2086 4559 2506 4631; x_wconf 86' lang='lat' dir='ltr'>Christi,quem</span> <span class='ocrx_word' id='word_1_715' title='bbox 2519 4562 2787 4619; x_wconf 87' lang='lat' dir='ltr'>Christus</span> <span class='ocrx_word' id='word_1_716' title='bbox 2801 4571 3143 4640; x_wconf 88' lang='lat' dir='ltr'>assumpsit,</span> <span class='ocrx_word' id='word_1_717' title='bbox 3163 4572 3392 4628; x_wconf 89' lang='lat' dir='ltr'>alienus</span> <span class='ocrx_word' id='word_1_718' title='bbox 3415 4582 3504 4631; x_wconf 89' lang='lat' dir='ltr'>est</span> <span class='ocrx_word' id='word_1_719' title='bbox 3525 4595 3554 4633; x_wconf 89' lang='lat' dir='ltr'>a</span> <span class='ocrx_word' id='word_1_720' title='bbox 3579 4578 3728 4650; x_wconf 82' lang='lat' dir='ltr'>lege.</span> 
     </span>
    </p>
   </div>
   <div class='ocr_carea' id='block_1_96' title="bbox 320 4624 1994 4742">
    <p class='ocr_par' dir='ltr' id='par_1_96' title="bbox 320 4624 1974 4742">
     <span class='ocr_line' id='line_1_97' title="bbox 320 4624 1974 4706; baseline 0.001 -22"><span class='ocrx_word' id='word_1_721' title='bbox 320 4624 758 4706; x_wconf 72' lang='grc' dir='ltr'>προσελάϐετοὸ</span> <span class='ocrx_word' id='word_1_722' title='bbox 791 4630 1050 4703; x_wconf 79' lang='grc' dir='ltr'>Χριστὸς,</span> <span class='ocrx_word' id='word_1_723' title='bbox 1109 4626 1405 4704; x_wconf 77' lang='grc' dir='ltr'>ἁλλότριός</span> <span class='ocrx_word' id='word_1_724' title='bbox 1461 4628 1570 4684; x_wconf 83' lang='grc' dir='ltr'>ἐστι</span> <span class='ocrx_word' id='word_1_725' title='bbox 1627 4635 1722 4685; x_wconf 78' lang='grc' dir='ltr'>τοῦ</span> <span class='ocrx_word' id='word_1_726' title='bbox 1779 4634 1974 4704; x_wconf 78' lang='grc' dir='ltr'>νόμου,</span> 
     </span>
     <span class='ocr_line' id='line_1_98' title="bbox 320 4718 1861 4742; baseline 0 0"><span class='ocrx_word' id='word_1_727' title='bbox 320 4719 420 4742; x_wconf 58' lang='lat' dir='ltr'><strong>IIII,</strong></span> <span class='ocrx_word' id='word_1_728' title='bbox 462 4721 550 4742; x_wconf 44' lang='grc' dir='ltr'>,νη</span> <span class='ocrx_word' id='word_1_729' title='bbox 591 4719 641 4742; x_wconf 75' lang='grc' dir='ltr'>,τ</span> <span class='ocrx_word' id='word_1_730' title='bbox 673 4719 688 4742; x_wconf 64' lang='grc' dir='ltr'>ί</span> <span class='ocrx_word' id='word_1_731' title='bbox 728 4719 815 4742; x_wconf 42' lang='lat' dir='ltr'>“-l</span> <span class='ocrx_word' id='word_1_732' title='bbox 853 4741 859 4742; x_wconf 35' lang='grc' dir='ltr'>ι</span> <span class='ocrx_word' id='word_1_733' title='bbox 895 4740 919 4742; x_wconf 35' lang='grc' dir='ltr'>ι.</span> <span class='ocrx_word' id='word_1_734' title='bbox 981 4718 1071 4742; x_wconf 62' lang='grc' dir='ltr'><em>3.,.Ξ</em></span> <span class='ocrx_word' id='word_1_735' title='bbox 1127 4721 1219 4742; x_wconf 67' lang='grc' dir='ltr'>--ῗέ</span> <span class='ocrx_word' id='word_1_736' title='bbox 1281 4741 1288 4742; x_wconf 36' lang='grc' dir='ltr'>ι</span> <span class='ocrx_word' id='word_1_737' title='bbox 1320 4718 1448 4742; x_wconf 46' lang='grc' dir='ltr'>Ι---η</span> <span class='ocrx_word' id='word_1_738' title='bbox 1514 4719 1604 4742; x_wconf 48' lang='grc' dir='ltr'>..ὶη</span> <span class='ocrx_word' id='word_1_739' title='bbox 1657 4725 1745 4742; x_wconf 32' lang='grc' dir='ltr'>,κη’</span> <span class='ocrx_word' id='word_1_740' title='bbox 1849 4721 1861 4740; x_wconf 84' lang='grc' dir='ltr'><strong><em>Ι</em></strong></span> 
     </span>
    </p>
   </div>
   <div class='ocr_carea' id='block_1_97' title="bbox 2106 4624 3729 4742">
    <p class='ocr_par' dir='ltr' id='par_1_97' title="bbox 2106 4624 3729 4742">
     <span class='ocr_line' id='line_1_99' title="bbox 2349 4624 3728 4650; baseline 0.001 -18"><span class='ocrx_word' id='word_1_741' title='bbox 2349 4624 2365 4631; x_wconf 91' lang='grc'>-</span> <span class='ocrx_word' id='word_1_742' title='bbox 3006 4624 3024 4640; x_wconf 75' lang='lat'>,</span> <span class='ocrx_word' id='word_1_743' title='bbox 3130 4624 3142 4638; x_wconf 92' lang='lat'>,</span> <span class='ocrx_word' id='word_1_744' title='bbox 3169 4624 3387 4628; x_wconf 36' lang='lat' dir='ltr'>mm“-</span> <span class='ocrx_word' id='word_1_745' title='bbox 3420 4624 3554 4633; x_wconf 57' lang='grc' dir='ltr'>---μ</span> <span class='ocrx_word' id='word_1_746' title='bbox 3581 4624 3728 4650; x_wconf 56' lang='grc' dir='ltr'>που.</span> 
     </span>
     <span class='ocr_line' id='line_1_100' title="bbox 2106 4648 3729 4742; baseline 0.014 -41"><span class='ocrx_word' id='word_1_747' title='bbox 2106 4648 2226 4712; x_wconf 74' lang='lat' dir='ltr'>)uis</span> <span class='ocrx_word' id='word_1_748' title='bbox 2255 4665 2389 4722; x_wconf 83' lang='lat' dir='ltr'>ergo</span> <span class='ocrx_word' id='word_1_749' title='bbox 2422 4667 2484 4705; x_wconf 88' lang='lat' dir='ltr'>es</span> <span class='ocrx_word' id='word_1_750' title='bbox 2517 4658 2578 4705; x_wconf 93' lang='lat' dir='ltr'>tu</span> <span class='ocrx_word' id='word_1_751' title='bbox 2611 4654 2708 4723; x_wconf 89' lang='lat' dir='ltr'>qui</span> <span class='ocrx_word' id='word_1_752' title='bbox 2735 4672 2804 4709; x_wconf 81' lang='lat' dir='ltr'>ex</span> <span class='ocrx_word' id='word_1_753' title='bbox 2835 4656 3216 4729; x_wconf 81' lang='lat' dir='ltr'>legejudicas</span> <span class='ocrx_word' id='word_1_754' title='bbox 3248 4679 3382 4718; x_wconf 82' lang='lat' dir='ltr'>eum</span> <span class='ocrx_word' id='word_1_755' title='bbox 3412 4667 3510 4736; x_wconf 91' lang='lat' dir='ltr'>qui</span> <span class='ocrx_word' id='word_1_756' title='bbox 3543 4684 3577 4722; x_wconf 89' lang='lat' dir='ltr'>a</span> <span class='ocrx_word' id='word_1_757' title='bbox 3601 4668 3729 4742; x_wconf 88' lang='lat' dir='ltr'>lege</span> 
     </span>
    </p>
   </div>
   <div class='ocr_carea' id='block_1_98' title="bbox 320 4718 1975 4795">
    <p class='ocr_par' dir='ltr' id='par_1_98' title="bbox 320 4718 1975 4795">
     <span class='ocr_line' id='line_1_101' title="bbox 320 4718 1975 4795; baseline 0 -19"><span class='ocrx_word' id='word_1_758' title='bbox 320 4719 422 4782; x_wconf 83' lang='grc' dir='ltr'>Τίς</span> <span class='ocrx_word' id='word_1_759' title='bbox 455 4721 552 4774; x_wconf 75' lang='grc' dir='ltr'>οὖν</span> <span class='ocrx_word' id='word_1_760' title='bbox 587 4719 695 4773; x_wconf 77' lang='grc' dir='ltr'>εἶὸ</span> <span class='ocrx_word' id='word_1_761' title='bbox 725 4719 920 4794; x_wconf 85' lang='grc' dir='ltr'>κρίνων</span> <span class='ocrx_word' id='word_1_762' title='bbox 975 4718 1078 4773; x_wconf 84' lang='grc' dir='ltr'>ἀπὸ</span> <span class='ocrx_word' id='word_1_763' title='bbox 1126 4721 1223 4772; x_wconf 70' lang='grc' dir='ltr'>τοῦ</span> <span class='ocrx_word' id='word_1_764' title='bbox 1280 4718 1455 4791; x_wconf 88' lang='grc' dir='ltr'>νόμου</span> <span class='ocrx_word' id='word_1_765' title='bbox 1512 4719 1605 4773; x_wconf 84' lang='grc' dir='ltr'>τὸν</span> <span class='ocrx_word' id='word_1_766' title='bbox 1651 4725 1748 4774; x_wconf 77' lang='grc' dir='ltr'>τοῦ</span> <span class='ocrx_word' id='word_1_767' title='bbox 1802 4721 1975 4795; x_wconf 78' lang='grc' dir='ltr'>νόμου</span> 
     </span>
    </p>
   </div>
   <div class='ocr_carea' id='block_1_99' title="bbox 319 4806 1977 4884">
    <p class='ocr_par' dir='ltr' id='par_1_99' title="bbox 319 4806 1977 4884">
     <span class='ocr_line' id='line_1_102' title="bbox 319 4806 1977 4884; baseline 0.001 -22"><span class='ocrx_word' id='word_1_768' title='bbox 319 4807 667 4884; x_wconf 73' lang='grc' dir='ltr'>ἀλλότριονς</span> <span class='ocrx_word' id='word_1_769' title='bbox 703 4833 732 4859; x_wconf 88' lang='grc' dir='ltr'>ιι</span> <span class='ocrx_word' id='word_1_770' title='bbox 768 4810 842 4862; x_wconf 73' lang='grc' dir='ltr'>Σῦ</span> <span class='ocrx_word' id='word_1_771' title='bbox 870 4808 954 4868; x_wconf 80' lang='grc' dir='ltr'>τίς</span> <span class='ocrx_word' id='word_1_772' title='bbox 987 4808 1037 4862; x_wconf 76' lang='grc' dir='ltr'>εἶ</span> <span class='ocrx_word' id='word_1_773' title='bbox 1065 4809 1093 4862; x_wconf 79' lang='grc' dir='ltr'>ὁ</span> <span class='ocrx_word' id='word_1_774' title='bbox 1144 4806 1382 4882; x_wconf 77' lang='grc' dir='ltr'>κρίνων;</span> <span class='ocrx_word' id='word_1_775' title='bbox 1418 4831 1444 4857; x_wconf 72' lang='grc' dir='ltr'>ιι</span> <span class='ocrx_word' id='word_1_776' title='bbox 1504 4809 1646 4882; x_wconf 84' lang='grc' dir='ltr'>Ηρὸς</span> <span class='ocrx_word' id='word_1_777' title='bbox 1695 4809 1784 4864; x_wconf 82' lang='grc' dir='ltr'>τὸν</span> <span class='ocrx_word' id='word_1_778' title='bbox 1837 4809 1977 4866; x_wconf 72' lang='grc' dir='ltr'>εἱλι-</span> 
     </span>
    </p>
   </div>
   <div class='ocr_carea' id='block_1_100' title="bbox 321 4893 1974 4974">
    <p class='ocr_par' dir='ltr' id='par_1_100' title="bbox 321 4893 1974 4974">
     <span class='ocr_line' id='line_1_103' title="bbox 321 4893 1974 4974; baseline 0.003 -24"><span class='ocrx_word' id='word_1_779' title='bbox 321 4905 487 4971; x_wconf 80' lang='grc' dir='ltr'>κρινῆ</span> <span class='ocrx_word' id='word_1_780' title='bbox 542 4897 790 4952; x_wconf 83' lang='grc' dir='ltr'>πιστὸνὸ</span> <span class='ocrx_word' id='word_1_781' title='bbox 821 4897 985 4974; x_wconf 85' lang='grc' dir='ltr'>λόγος</span> <span class='ocrx_word' id='word_1_782' title='bbox 1037 4896 1204 4967; x_wconf 76' lang='grc' dir='ltr'>αὐτῷ.</span> <span class='ocrx_word' id='word_1_783' title='bbox 1264 4901 1362 4953; x_wconf 84' lang='grc' dir='ltr'>Ἐκ</span> <span class='ocrx_word' id='word_1_784' title='bbox 1417 4893 1475 4950; x_wconf 71' lang='grc' dir='ltr'>δὲ</span> <span class='ocrx_word' id='word_1_785' title='bbox 1531 4897 1726 4952; x_wconf 87' lang='grc' dir='ltr'>τούτου</span> <span class='ocrx_word' id='word_1_786' title='bbox 1780 4897 1974 4970; x_wconf 78' lang='grc' dir='ltr'>δῆλον,</span> 
     </span>
    </p>
   </div>
   <div class='ocr_carea' id='block_1_101' title="bbox 322 4982 1975 5060">
    <p class='ocr_par' dir='ltr' id='par_1_101' title="bbox 322 4982 1975 5060">
     <span class='ocr_line' id='line_1_104' title="bbox 322 4982 1975 5060; baseline 0.004 -22"><span class='ocrx_word' id='word_1_787' title='bbox 322 4985 411 5038; x_wconf 80' lang='grc' dir='ltr'>ὅτι</span> <span class='ocrx_word' id='word_1_788' title='bbox 445 4985 510 5038; x_wconf 75' lang='grc' dir='ltr'>οὗ</span> <span class='ocrx_word' id='word_1_789' title='bbox 544 4985 709 5058; x_wconf 71' lang='grc' dir='ltr'>μόνον</span> <span class='ocrx_word' id='word_1_790' title='bbox 744 4984 1072 5056; x_wconf 77' lang='grc' dir='ltr'>ἐξουθένουν,</span> <span class='ocrx_word' id='word_1_791' title='bbox 1133 4982 1280 5040; x_wconf 79' lang='grc' dir='ltr'>ἀλλὰ</span> <span class='ocrx_word' id='word_1_792' title='bbox 1335 4986 1426 5039; x_wconf 83' lang='grc' dir='ltr'>καὶ</span> <span class='ocrx_word' id='word_1_793' title='bbox 1481 4982 1688 5060; x_wconf 63' lang='grc' dir='ltr'>ἔκρινον</span> <span class='ocrx_word' id='word_1_794' title='bbox 1740 4988 1865 5052; x_wconf 75' lang='grc' dir='ltr'>τοὺς</span> <span class='ocrx_word' id='word_1_795' title='bbox 1909 4995 1975 5047; x_wconf 71' lang='grc' dir='ltr'>τὰ</span> 
     </span>
    </p>
   </div>
   <div class='ocr_carea' id='block_1_102' title="bbox 320 5072 1972 5155">
    <p class='ocr_par' dir='ltr' id='par_1_102' title="bbox 320 5072 1972 5155">
     <span class='ocr_line' id='line_1_105' title="bbox 320 5072 1972 5155; baseline 0.004 -27"><span class='ocrx_word' id='word_1_796' title='bbox 320 5072 548 5153; x_wconf 75' lang='grc' dir='ltr'>λάχανα</span> <span class='ocrx_word' id='word_1_797' title='bbox 576 5073 876 5138; x_wconf 73' lang='grc' dir='ltr'>ἐσθίοντας.</span> <span class='ocrx_word' id='word_1_798' title='bbox 911 5099 938 5125; x_wconf 82' lang='grc' dir='ltr'>ιι</span> <span class='ocrx_word' id='word_1_799' title='bbox 974 5072 1302 5148; x_wconf 76' lang='grc' dir='ltr'>’Δλλότριον</span> <span class='ocrx_word' id='word_1_800' title='bbox 1332 5072 1565 5145; x_wconf 81' lang='grc' dir='ltr'>οἶκέτην.</span> <span class='ocrx_word' id='word_1_801' title='bbox 1602 5100 1631 5127; x_wconf 73' lang='grc' dir='ltr'>κ</span> <span class='ocrx_word' id='word_1_802' title='bbox 1663 5078 1774 5132; x_wconf 74' lang='grc' dir='ltr'>Τοὖ</span> <span class='ocrx_word' id='word_1_803' title='bbox 1814 5085 1972 5155; x_wconf 74' lang='grc' dir='ltr'>Θεοῦ,</span> 
     </span>
    </p>
   </div>
   <div class='ocr_carea' id='block_1_103' title="bbox 318 5139 1972 5241">
    <p class='ocr_par' dir='ltr' id='par_1_103' title="bbox 318 5139 1972 5241">
     <span class='ocr_line' id='line_1_106' title="bbox 318 5139 1972 5241; baseline 0.004 -23"><span class='ocrx_word' id='word_1_804' title='bbox 318 5139 512 5241; x_wconf 52' lang='grc' dir='ltr'>φησὶν,</span> <span class='ocrx_word' id='word_1_805' title='bbox 573 5159 712 5232; x_wconf 82' lang='grc' dir='ltr'>ἔστι,</span> <span class='ocrx_word' id='word_1_806' title='bbox 766 5164 857 5217; x_wconf 79' lang='grc' dir='ltr'>καὶ</span> <span class='ocrx_word' id='word_1_807' title='bbox 910 5167 988 5234; x_wconf 79' lang='grc' dir='ltr'>τῷ</span> <span class='ocrx_word' id='word_1_808' title='bbox 1045 5167 1162 5233; x_wconf 84' lang='grc' dir='ltr'>Θεῷ</span> <span class='ocrx_word' id='word_1_809' title='bbox 1217 5159 1456 5239; x_wconf 74' lang='grc' dir='ltr'>διαφέρει</span> <span class='ocrx_word' id='word_1_810' title='bbox 1526 5164 1617 5218; x_wconf 80' lang='grc' dir='ltr'>καὶ</span> <span class='ocrx_word' id='word_1_811' title='bbox 1674 5167 1708 5234; x_wconf 76' lang='grc' dir='ltr'>ἡ</span> <span class='ocrx_word' id='word_1_812' title='bbox 1765 5173 1972 5234; x_wconf 81' lang='grc' dir='ltr'>πτῶσις</span> 
     </span>
    </p>
   </div>
   <div class='ocr_carea' id='block_1_104' title="bbox 316 5248 1974 5326">
    <p class='ocr_par' dir='ltr' id='par_1_104' title="bbox 316 5248 1974 5326">
     <span class='ocr_line' id='line_1_107' title="bbox 316 5248 1974 5326; baseline 0.005 -20"><span class='ocrx_word' id='word_1_813' title='bbox 316 5255 489 5308; x_wconf 74' lang='grc' dir='ltr'>αὑτοῦ</span> <span class='ocrx_word' id='word_1_814' title='bbox 517 5252 614 5308; x_wconf 82' lang='grc' dir='ltr'>καὶ</span> <span class='ocrx_word' id='word_1_815' title='bbox 645 5255 682 5321; x_wconf 83' lang='grc' dir='ltr'><strong>ἡ</strong></span> <span class='ocrx_word' id='word_1_816' title='bbox 712 5248 948 5326; x_wconf 68' lang='grc' dir='ltr'>ἓγερσις.</span> <span class='ocrx_word' id='word_1_817' title='bbox 979 5252 1098 5309; x_wconf 81' lang='grc' dir='ltr'>Οὑκ</span> <span class='ocrx_word' id='word_1_818' title='bbox 1125 5248 1314 5320; x_wconf 76' lang='grc' dir='ltr'>ἒπειδὴ</span> <span class='ocrx_word' id='word_1_819' title='bbox 1347 5253 1440 5306; x_wconf 82' lang='grc' dir='ltr'>οὖν</span> <span class='ocrx_word' id='word_1_820' title='bbox 1497 5253 1596 5307; x_wconf 83' lang='grc' dir='ltr'>οὑκ</span> <span class='ocrx_word' id='word_1_821' title='bbox 1651 5253 1769 5325; x_wconf 78' lang='grc' dir='ltr'>ἄξια</span> <span class='ocrx_word' id='word_1_822' title='bbox 1825 5264 1974 5314; x_wconf 86' lang='grc' dir='ltr'>ποιεῖ</span> 
     </span>
    </p>
   </div>
   <div class='ocr_carea' id='block_1_105' title="bbox 311 5339 1970 5418">
    <p class='ocr_par' dir='ltr' id='par_1_105' title="bbox 311 5339 1970 5418">
     <span class='ocr_line' id='line_1_108' title="bbox 311 5339 1970 5418; baseline 0.008 -28"><span class='ocrx_word' id='word_1_823' title='bbox 311 5342 711 5416; x_wconf 63' lang='grc' dir='ltr'>κατακρίσεως,</span> <span class='ocrx_word' id='word_1_824' title='bbox 749 5343 824 5413; x_wconf 77' lang='grc' dir='ltr'>μή</span> <span class='ocrx_word' id='word_1_825' title='bbox 853 5345 1000 5414; x_wconf 89' lang='grc' dir='ltr'>κρῖνε</span> <span class='ocrx_word' id='word_1_826' title='bbox 1031 5339 1212 5410; x_wconf 80' lang='grc' dir='ltr'>αύτὸν,</span> <span class='ocrx_word' id='word_1_827' title='bbox 1261 5340 1448 5418; x_wconf 75' lang='grc' dir='ltr'>φησὶν,</span> <span class='ocrx_word' id='word_1_828' title='bbox 1503 5339 1632 5398; x_wconf 81' lang='grc' dir='ltr'>ἀλλ’</span> <span class='ocrx_word' id='word_1_829' title='bbox 1675 5343 1758 5398; x_wconf 74' lang='grc' dir='ltr'>ὃτι</span> <span class='ocrx_word' id='word_1_830' title='bbox 1803 5345 1970 5402; x_wconf 70' lang='grc' dir='ltr'>αλλό-</span> 
     </span>
    </p>
   </div>
   <div class='ocr_carea' id='block_1_106' title="bbox 303 5426 1969 5507">
    <p class='ocr_par' dir='ltr' id='par_1_106' title="bbox 303 5426 1969 5507">
     <span class='ocr_line' id='line_1_109' title="bbox 303 5426 1969 5507; baseline -0.002 -21"><span class='ocrx_word' id='word_1_831' title='bbox 303 5433 457 5507; x_wconf 81' lang='grc' dir='ltr'>τριός</span> <span class='ocrx_word' id='word_1_832' title='bbox 491 5432 640 5488; x_wconf 74' lang='grc' dir='ltr'>ἐστιν</span> <span class='ocrx_word' id='word_1_833' title='bbox 670 5429 913 5501; x_wconf 71' lang='grc' dir='ltr'>οἰκέτης.</span> <span class='ocrx_word' id='word_1_834' title='bbox 949 5452 977 5480; x_wconf 90' lang='grc'><strong>‹‹</strong></span> <span class='ocrx_word' id='word_1_835' title='bbox 1012 5430 1345 5499; x_wconf 69' lang='grc' dir='ltr'>Σταθῆσεται</span> <span class='ocrx_word' id='word_1_836' title='bbox 1379 5426 1454 5485; x_wconf 84' lang='grc' dir='ltr'>δέ.</span> <span class='ocrx_word' id='word_1_837' title='bbox 1490 5458 1514 5482; x_wconf 77' lang='grc' dir='ltr'>η</span> <span class='ocrx_word' id='word_1_838' title='bbox 1578 5429 1746 5486; x_wconf 71' lang='grc' dir='ltr'>Πάλιν</span> <span class='ocrx_word' id='word_1_839' title='bbox 1785 5449 1852 5489; x_wconf 71' lang='grc' dir='ltr'>π]</span> <span class='ocrx_word' id='word_1_840' title='bbox 1870 5439 1969 5506; x_wconf 72' lang='grc' dir='ltr'>ητ-</span> 
     </span>
    </p>
   </div>
   <div class='ocr_carea' id='block_1_107' title="bbox 299 5517 1964 5600">
    <p class='ocr_par' dir='ltr' id='par_1_107' title="bbox 299 5517 1964 5600">
     <span class='ocr_line' id='line_1_110' title="bbox 299 5517 1964 5600; baseline 0.009 -34"><span class='ocrx_word' id='word_1_841' title='bbox 299 5542 383 5578; x_wconf 67' lang='grc' dir='ltr'>ται</span> <span class='ocrx_word' id='word_1_842' title='bbox 442 5521 579 5584; x_wconf 70' lang='grc' dir='ltr'>τοὺς</span> <span class='ocrx_word' id='word_1_843' title='bbox 636 5519 882 5584; x_wconf 80' lang='grc' dir='ltr'>ἀσθενεῖς</span> <span class='ocrx_word' id='word_1_844' title='bbox 937 5517 1027 5572; x_wconf 83' lang='grc' dir='ltr'>καὶ</span> <span class='ocrx_word' id='word_1_845' title='bbox 1110 5517 1630 5593; x_wconf 79' lang='grc' dir='ltr'>παρατηρουμὲνους</span> <span class='ocrx_word' id='word_1_846' title='bbox 1696 5522 1762 5577; x_wconf 72' lang='grc' dir='ltr'>τὰ</span> <span class='ocrx_word' id='word_1_847' title='bbox 1821 5525 1964 5600; x_wconf 88' lang='grc' dir='ltr'>βρώ-</span> 
     </span>
    </p>
   </div>
   <div class='ocr_carea' id='block_1_108' title="bbox 302 5605 1965 5684">
    <p class='ocr_par' dir='ltr' id='par_1_108' title="bbox 302 5605 1965 5684">
     <span class='ocr_line' id='line_1_111' title="bbox 302 5605 1965 5684; baseline 0.005 -22"><span class='ocrx_word' id='word_1_848' title='bbox 302 5633 468 5684; x_wconf 79' lang='grc' dir='ltr'>ματα.</span> <span class='ocrx_word' id='word_1_849' title='bbox 535 5608 728 5667; x_wconf 73' lang='grc' dir='ltr'>Εἰπὼν</span> <span class='ocrx_word' id='word_1_850' title='bbox 819 5605 948 5682; x_wconf 80' lang='grc' dir='ltr'>γὰρ,</span> <span class='ocrx_word' id='word_1_851' title='bbox 1019 5630 1047 5657; x_wconf 88' lang='grc'><strong>‹‹</strong></span> <span class='ocrx_word' id='word_1_852' title='bbox 1105 5607 1458 5677; x_wconf 73' lang='grc' dir='ltr'>Σταθήσεται,</span> <span class='ocrx_word' id='word_1_853' title='bbox 1517 5629 1544 5660; x_wconf 69' lang='grc' dir='ltr'>υ</span> <span class='ocrx_word' id='word_1_854' title='bbox 1633 5605 1800 5681; x_wconf 87' lang='grc' dir='ltr'>δηλοῖ</span> <span class='ocrx_word' id='word_1_855' title='bbox 1881 5616 1965 5673; x_wconf 76' lang='grc' dir='ltr'>ὅτι</span> 
     </span>
    </p>
   </div>
   <div class='ocr_carea' id='block_1_109' title="bbox 2088 4736 3729 4818">
    <p class='ocr_par' dir='ltr' id='par_1_109' title="bbox 2088 4736 3729 4818">
     <span class='ocr_line' id='line_1_112' title="bbox 2088 4736 3729 4818; baseline 0.015 -28"><span class='ocrx_word' id='word_1_856' title='bbox 2088 4736 2320 4792; x_wconf 90' lang='lat' dir='ltr'>alienus</span> <span class='ocrx_word' id='word_1_857' title='bbox 2347 4739 2478 4793; x_wconf 70' lang='lat' dir='ltr'>est“?</span> <span class='ocrx_word' id='word_1_858' title='bbox 2511 4763 2536 4790; x_wconf 74' lang='grc' dir='ltr'>(ι</span> <span class='ocrx_word' id='word_1_859' title='bbox 2569 4743 2650 4794; x_wconf 88' lang='lat' dir='ltr'>Tu</span> <span class='ocrx_word' id='word_1_860' title='bbox 2683 4743 2814 4812; x_wconf 89' lang='lat' dir='ltr'>quis</span> <span class='ocrx_word' id='word_1_861' title='bbox 2841 4760 2902 4798; x_wconf 89' lang='lat' dir='ltr'>es</span> <span class='ocrx_word' id='word_1_862' title='bbox 2935 4747 3033 4816; x_wconf 91' lang='lat' dir='ltr'>qui</span> <span class='ocrx_word' id='word_1_863' title='bbox 3062 4749 3297 4818; x_wconf 86' lang='lat' dir='ltr'>judicas</span> <span class='ocrx_word' id='word_1_864' title='bbox 3319 4752 3346 4806; x_wconf 69' lang='lat' dir='ltr'>‘P</span> <span class='ocrx_word' id='word_1_865' title='bbox 3377 4778 3398 4806; x_wconf 73' lang='grc' dir='ltr'>ι</span> <span class='ocrx_word' id='word_1_866' title='bbox 3455 4755 3542 4810; x_wconf 83' lang='lat' dir='ltr'>Ad</span> <span class='ocrx_word' id='word_1_867' title='bbox 3592 4773 3729 4814; x_wconf 88' lang='lat' dir='ltr'>eum</span> 
     </span>
    </p>
   </div>
   <div class='ocr_carea' id='block_1_110' title="bbox 2089 4827 3732 4903">
    <p class='ocr_par' dir='ltr' id='par_1_110' title="bbox 2089 4827 3732 4903">
     <span class='ocr_line' id='line_1_113' title="bbox 2089 4827 3732 4903; baseline 0.016 -25"><span class='ocrx_word' id='word_1_868' title='bbox 2089 4827 2187 4896; x_wconf 90' lang='lat' dir='ltr'>qui</span> <span class='ocrx_word' id='word_1_869' title='bbox 2222 4827 2450 4883; x_wconf 88' lang='lat' dir='ltr'>sincere</span> <span class='ocrx_word' id='word_1_870' title='bbox 2484 4829 2672 4884; x_wconf 88' lang='lat' dir='ltr'>credit</span> <span class='ocrx_word' id='word_1_871' title='bbox 2703 4832 2813 4902; x_wconf 90' lang='lat' dir='ltr'>ipsi</span> <span class='ocrx_word' id='word_1_872' title='bbox 2847 4850 3040 4890; x_wconf 88' lang='lat' dir='ltr'>sermo</span> <span class='ocrx_word' id='word_1_873' title='bbox 3102 4844 3208 4894; x_wconf 89' lang='lat' dir='ltr'>est.</span> <span class='ocrx_word' id='word_1_874' title='bbox 3259 4842 3439 4897; x_wconf 87' lang='lat' dir='ltr'>Porro</span> <span class='ocrx_word' id='word_1_875' title='bbox 3491 4863 3560 4900; x_wconf 86' lang='lat' dir='ltr'>ex</span> <span class='ocrx_word' id='word_1_876' title='bbox 3619 4848 3732 4903; x_wconf 88' lang='lat' dir='ltr'>hoc</span> 
     </span>
    </p>
   </div>
   <div class='ocr_carea' id='block_1_111' title="bbox 2086 4914 3730 5000">
    <p class='ocr_par' dir='ltr' id='par_1_111' title="bbox 2086 4914 3730 5000">
     <span class='ocr_line' id='line_1_114' title="bbox 2086 4914 3730 5000; baseline 0.014 -32"><span class='ocrx_word' id='word_1_877' title='bbox 2086 4914 2467 4970; x_wconf 83' lang='lat' dir='ltr'>manifestum</span> <span class='ocrx_word' id='word_1_878' title='bbox 2502 4921 2592 4970; x_wconf 86' lang='lat' dir='ltr'>est</span> <span class='ocrx_word' id='word_1_879' title='bbox 2622 4919 2776 4989; x_wconf 90' lang='lat' dir='ltr'>quod</span> <span class='ocrx_word' id='word_1_880' title='bbox 2811 4937 2930 4976; x_wconf 91' lang='lat' dir='ltr'>non</span> <span class='ocrx_word' id='word_1_881' title='bbox 2963 4923 3159 4980; x_wconf 91' lang='lat' dir='ltr'>solum</span> <span class='ocrx_word' id='word_1_882' title='bbox 3183 4927 3608 5000; x_wconf 85' lang='lat' dir='ltr'>despiciebant,</span> <span class='ocrx_word' id='word_1_883' title='bbox 3635 4952 3730 4990; x_wconf 87' lang='lat' dir='ltr'>ve-</span> 
     </span>
    </p>
   </div>
   <div class='ocr_carea' id='block_1_112' title="bbox 2085 5003 3732 5082">
    <p class='ocr_par' dir='ltr' id='par_1_112' title="bbox 2085 5003 3732 5082">
     <span class='ocr_line' id='line_1_115' title="bbox 2085 5003 3732 5082; baseline 0.013 -26"><span class='ocrx_word' id='word_1_884' title='bbox 2085 5019 2217 5057; x_wconf 87' lang='lat' dir='ltr'>rum</span> <span class='ocrx_word' id='word_1_885' title='bbox 2239 5003 2776 5075; x_wconf 88' lang='lat' dir='ltr'>etiamjudicabant</span> <span class='ocrx_word' id='word_1_886' title='bbox 2793 5025 2892 5063; x_wconf 88' lang='lat' dir='ltr'>eos</span> <span class='ocrx_word' id='word_1_887' title='bbox 2916 5012 3016 5082; x_wconf 93' lang='lat' dir='ltr'>qui</span> <span class='ocrx_word' id='word_1_888' title='bbox 3041 5013 3202 5069; x_wconf 91' lang='lat' dir='ltr'>olera</span> <span class='ocrx_word' id='word_1_889' title='bbox 3225 5017 3498 5074; x_wconf 88' lang='lat' dir='ltr'>edebant.</span> <span class='ocrx_word' id='word_1_890' title='bbox 3525 5044 3552 5070; x_wconf 85' lang='lat'><strong>«</strong></span> <span class='ocrx_word' id='word_1_891' title='bbox 3572 5023 3732 5076; x_wconf 85' lang='lat' dir='ltr'>Alie-</span> 
     </span>
    </p>
   </div>
   <div class='ocr_carea' id='block_1_113' title="bbox 2084 5093 3730 5180">
    <p class='ocr_par' dir='ltr' id='par_1_113' title="bbox 2084 5093 3730 5180">
     <span class='ocr_line' id='line_1_116' title="bbox 2084 5093 3730 5180; baseline 0.011 -35"><span class='ocrx_word' id='word_1_892' title='bbox 2084 5109 2226 5146; x_wconf 92' lang='lat' dir='ltr'>num</span> <span class='ocrx_word' id='word_1_893' title='bbox 2257 5093 2567 5149; x_wconf 87' lang='lat' dir='ltr'>famulum.</span> <span class='ocrx_word' id='word_1_894' title='bbox 2604 5117 2630 5143; x_wconf 75' lang='grc'>››</span> <span class='ocrx_word' id='word_1_895' title='bbox 2666 5097 2786 5163; x_wconf 90' lang='lat' dir='ltr'>Dei,</span> <span class='ocrx_word' id='word_1_896' title='bbox 2820 5097 3035 5169; x_wconf 89' lang='lat' dir='ltr'>inquit,</span> <span class='ocrx_word' id='word_1_897' title='bbox 3064 5109 3169 5172; x_wconf 89' lang='lat' dir='ltr'>est,</span> <span class='ocrx_word' id='word_1_898' title='bbox 3200 5111 3258 5159; x_wconf 92' lang='lat' dir='ltr'>et</span> <span class='ocrx_word' id='word_1_899' title='bbox 3288 5107 3358 5162; x_wconf 91' lang='lat' dir='ltr'>ad</span> <span class='ocrx_word' id='word_1_900' title='bbox 3389 5111 3566 5163; x_wconf 90' lang='lat' dir='ltr'>Deum</span> <span class='ocrx_word' id='word_1_901' title='bbox 3601 5127 3730 5180; x_wconf 83' lang='lat' dir='ltr'>per-</span> 
     </span>
    </p>
   </div>
   <div class='ocr_carea' id='block_1_114' title="bbox 2083 5180 3729 5268">
    <p class='ocr_par' dir='ltr' id='par_1_114' title="bbox 2083 5180 3729 5268">
     <span class='ocr_line' id='line_1_117' title="bbox 2083 5180 3729 5268; baseline 0.012 -36"><span class='ocrx_word' id='word_1_902' title='bbox 2083 5180 2232 5234; x_wconf 89' lang='lat' dir='ltr'>tinet</span> <span class='ocrx_word' id='word_1_903' title='bbox 2267 5198 2437 5235; x_wconf 89' lang='lat' dir='ltr'>casus</span> <span class='ocrx_word' id='word_1_904' title='bbox 2468 5182 2655 5252; x_wconf 89' lang='lat' dir='ltr'>ipsius</span> <span class='ocrx_word' id='word_1_905' title='bbox 2704 5191 2804 5239; x_wconf 90' lang='lat' dir='ltr'>aut</span> <span class='ocrx_word' id='word_1_906' title='bbox 2856 5190 3151 5248; x_wconf 86' lang='lat' dir='ltr'>excitatio.</span> <span class='ocrx_word' id='word_1_907' title='bbox 3213 5195 3338 5249; x_wconf 87' lang='lat' dir='ltr'>Non</span> <span class='ocrx_word' id='word_1_908' title='bbox 3393 5213 3525 5268; x_wconf 87' lang='lat' dir='ltr'>ergo</span> <span class='ocrx_word' id='word_1_909' title='bbox 3573 5199 3729 5267; x_wconf 90' lang='lat' dir='ltr'>quod</span> 
     </span>
    </p>
   </div>
   <div class='ocr_carea' id='block_1_115' title="bbox 2081 5268 3724 5356">
    <p class='ocr_par' dir='ltr' id='par_1_115' title="bbox 2081 5268 3724 5356">
     <span class='ocr_line' id='line_1_118' title="bbox 2081 5268 3724 5356; baseline 0.011 -33"><span class='ocrx_word' id='word_1_910' title='bbox 2081 5268 2573 5325; x_wconf 86' lang='lat' dir='ltr'>condemnatione</span> <span class='ocrx_word' id='word_1_911' title='bbox 2605 5272 2781 5342; x_wconf 76' lang='lat' dir='ltr'>digna</span> <span class='ocrx_word' id='word_1_912' title='bbox 2807 5293 2926 5331; x_wconf 92' lang='lat' dir='ltr'>non</span> <span class='ocrx_word' id='word_1_913' title='bbox 2958 5285 3110 5352; x_wconf 87' lang='lat' dir='ltr'>agat,</span> <span class='ocrx_word' id='word_1_914' title='bbox 3143 5298 3217 5336; x_wconf 89' lang='lat' dir='ltr'>ne</span> <span class='ocrx_word' id='word_1_915' title='bbox 3249 5283 3444 5353; x_wconf 91' lang='lat' dir='ltr'>ipsum</span> <span class='ocrx_word' id='word_1_916' title='bbox 3469 5285 3724 5356; x_wconf 89' lang='lat' dir='ltr'>judices,</span> 
     </span>
    </p>
   </div>
   <div class='ocr_carea' id='block_1_116' title="bbox 2081 5357 3725 5429">
    <p class='ocr_par' dir='ltr' id='par_1_116' title="bbox 2081 5357 3725 5429">
     <span class='ocr_line' id='line_1_119' title="bbox 2081 5357 3725 5429; baseline 0.007 -17"><span class='ocrx_word' id='word_1_917' title='bbox 2081 5358 2183 5412; x_wconf 91' lang='lat' dir='ltr'>sed</span> <span class='ocrx_word' id='word_1_918' title='bbox 2213 5357 2370 5428; x_wconf 91' lang='lat' dir='ltr'>quod</span> <span class='ocrx_word' id='word_1_919' title='bbox 2399 5358 2629 5414; x_wconf 90' lang='lat' dir='ltr'>alienus</span> <span class='ocrx_word' id='word_1_920' title='bbox 2661 5362 2737 5415; x_wconf 89' lang='lat' dir='ltr'>sit</span> <span class='ocrx_word' id='word_1_921' title='bbox 2762 5363 3039 5421; x_wconf 88' lang='lat' dir='ltr'>famulus.</span> <span class='ocrx_word' id='word_1_922' title='bbox 3069 5391 3096 5418; x_wconf 86' lang='grc'>‹‹</span> <span class='ocrx_word' id='word_1_923' title='bbox 3131 5370 3432 5426; x_wconf 88' lang='lat' dir='ltr'>Statuetur</span> <span class='ocrx_word' id='word_1_924' title='bbox 3452 5379 3669 5429; x_wconf 85' lang='lat' dir='ltr'>autem.</span> <span class='ocrx_word' id='word_1_925' title='bbox 3698 5399 3725 5424; x_wconf 87' lang='grc'><strong>››</strong></span> 
     </span>
    </p>
   </div>
   <div class='ocr_carea' id='block_1_117' title="bbox 2078 5446 3726 5526">
    <p class='ocr_par' dir='ltr' id='par_1_117' title="bbox 2078 5446 3726 5526">
     <span class='ocr_line' id='line_1_120' title="bbox 2078 5446 3726 5526; baseline 0.012 -25"><span class='ocrx_word' id='word_1_926' title='bbox 2078 5448 2300 5501; x_wconf 82' lang='lat' dir='ltr'>Rursus</span> <span class='ocrx_word' id='word_1_927' title='bbox 2333 5446 2602 5503; x_wconf 83' lang='lat' dir='ltr'>inﬁrmos</span> <span class='ocrx_word' id='word_1_928' title='bbox 2633 5449 2790 5521; x_wconf 85' lang='lat' dir='ltr'>ferit,</span> <span class='ocrx_word' id='word_1_929' title='bbox 2824 5470 3038 5525; x_wconf 85' lang='lat' dir='ltr'>nempe</span> <span class='ocrx_word' id='word_1_930' title='bbox 3080 5457 3180 5526; x_wconf 88' lang='lat' dir='ltr'>qui</span> <span class='ocrx_word' id='word_1_931' title='bbox 3208 5459 3370 5514; x_wconf 91' lang='lat' dir='ltr'>cibos</span> <span class='ocrx_word' id='word_1_932' title='bbox 3394 5461 3726 5522; x_wconf 86' lang='lat' dir='ltr'>observant.</span> 
     </span>
    </p>
   </div>
   <div class='ocr_carea' id='block_1_118' title="bbox 2078 5535 3727 5625">
    <p class='ocr_par' dir='ltr' id='par_1_118' title="bbox 2078 5535 3727 5625">
     <span class='ocr_line' id='line_1_121' title="bbox 2078 5535 3727 5625; baseline 0.013 -37"><span class='ocrx_word' id='word_1_933' title='bbox 2078 5535 2286 5589; x_wconf 89' lang='lat' dir='ltr'>Dicens</span> <span class='ocrx_word' id='word_1_934' title='bbox 2319 5536 2503 5605; x_wconf 88' lang='lat' dir='ltr'>enim,</span> <span class='ocrx_word' id='word_1_935' title='bbox 2532 5559 2559 5588; x_wconf 88' lang='lat'><strong><em>«</em></strong></span> <span class='ocrx_word' id='word_1_936' title='bbox 2591 5539 2909 5604; x_wconf 82' lang='lat' dir='ltr'>Statuetur,</span> <span class='ocrx_word' id='word_1_937' title='bbox 2941 5566 2968 5592; x_wconf 91' lang='grc'>››</span> <span class='ocrx_word' id='word_1_938' title='bbox 2989 5545 3250 5601; x_wconf 88' lang='lat' dir='ltr'>ostendit</span> <span class='ocrx_word' id='word_1_939' title='bbox 3273 5548 3407 5604; x_wconf 90' lang='lat' dir='ltr'>illos</span> <span class='ocrx_word' id='word_1_940' title='bbox 3430 5553 3727 5625; x_wconf 80' lang='lat' dir='ltr'>vacillare,</span> 
     </span>
    </p>
   </div>
   <div class='ocr_carea' id='block_1_119' title="bbox 2075 5622 3725 5706">
    <p class='ocr_par' dir='ltr' id='par_1_119' title="bbox 2075 5622 3725 5706">
     <span class='ocr_line' id='line_1_122' title="bbox 2075 5622 3725 5706; baseline 0.012 -28"><span class='ocrx_word' id='word_1_941' title='bbox 2075 5622 2251 5696; x_wconf 91' lang='lat' dir='ltr'>idque</span> <span class='ocrx_word' id='word_1_942' title='bbox 2284 5624 2429 5680; x_wconf 90' lang='lat' dir='ltr'>adeo</span> <span class='ocrx_word' id='word_1_943' title='bbox 2463 5631 2527 5680; x_wconf 89' lang='lat' dir='ltr'>ut</span> <span class='ocrx_word' id='word_1_944' title='bbox 2557 5628 2673 5682; x_wconf 85' lang='lat' dir='ltr'>Deo</span> <span class='ocrx_word' id='word_1_945' title='bbox 2709 5630 2783 5683; x_wconf 88' lang='lat' dir='ltr'>sit</span> <span class='ocrx_word' id='word_1_946' title='bbox 2806 5629 2950 5701; x_wconf 89' lang='lat' dir='ltr'>ipsis</span> <span class='ocrx_word' id='word_1_947' title='bbox 2969 5648 3116 5703; x_wconf 93' lang='lat' dir='ltr'>opus</span> <span class='ocrx_word' id='word_1_948' title='bbox 3140 5636 3240 5706; x_wconf 90' lang='lat' dir='ltr'>qui</span> <span class='ocrx_word' id='word_1_949' title='bbox 3269 5653 3371 5694; x_wconf 93' lang='lat' dir='ltr'>eos</span> <span class='ocrx_word' id='word_1_950' title='bbox 3393 5622 3725 5703; x_wconf 71' lang='lat' dir='ltr'>confirmet.</span> 
     </span>
    </p>
   </div>
   <div class='ocr_carea' id='block_1_120' title="bbox 294 5691 2154 5778">
    <p class='ocr_par' dir='ltr' id='par_1_120' title="bbox 294 5691 2154 5778">
     <span class='ocr_line' id='line_1_123' title="bbox 294 5691 2154 5778; baseline 0.006 -21"><span class='ocrx_word' id='word_1_951' title='bbox 294 5699 650 5768; x_wconf 82' lang='grc' dir='ltr'>σαλεύονται,</span> <span class='ocrx_word' id='word_1_952' title='bbox 681 5695 781 5752; x_wconf 77' lang='grc' dir='ltr'>καὶ</span> <span class='ocrx_word' id='word_1_953' title='bbox 811 5697 1100 5753; x_wconf 73' lang='grc' dir='ltr'>τοσοῦτον.</span> <span class='ocrx_word' id='word_1_954' title='bbox 1136 5695 1210 5757; x_wconf 74' lang='grc' dir='ltr'>ὥς</span> <span class='ocrx_word' id='word_1_955' title='bbox 1239 5698 1376 5752; x_wconf 80' lang='grc' dir='ltr'>Θεοῦ</span> <span class='ocrx_word' id='word_1_956' title='bbox 1405 5691 1610 5751; x_wconf 81' lang='grc' dir='ltr'>δεῖσθαι</span> <span class='ocrx_word' id='word_1_957' title='bbox 1642 5702 2154 5778; x_wconf 75' lang='grc' dir='ltr'>περῥοποιοῢντος.</span> 
     </span>
    </p>
   </div>
  </div>
