4106 6252
468 364 580 424 591

467 586 609 641 alius
638 598 763 638 vero
786 579 1010 651 judicat
1040 595 1253 634 omnem
1284 578 1448 632 diem.
1481 576 1860 645 Unusquisque
1869 572 2121 643 propriae

467 676 636 730 menti
661 672 986 739 satisfaciat.
1025 670 1129 733 Qui
1162 674 1321 723 curat
1350 667 1517 735 diem,
1561 667 1792 721 Domino
1841 668 2040 717 curat:
2069 666 2123 715 et

471 767 568 836 qui
596 779 708 818 non
738 766 896 817 curat
923 760 1087 823 diem,
1119 759 1347 813 Domino
1373 773 1483 811 non
1511 761 1690 811 curat.
1712 754 1817 819 Qui
1836 753 1969 818 edit,
2002 753 2120 806 Do-

472 855 623 909 mino
656 850 792 917 edit,
830 851 1042 919 gratias
1077 848 1224 902 enim
1258 847 1376 915 agit
1403 847 1510 901 Deo
1541 860 1554 898 :
1586 850 1638 898 et
1684 841 1785 912 qui
1825 857 1936 895 non
1984 838 2120 909 edit,

472 943 705 998 Domino
732 955 845 995 non
876 939 1008 1007 edit,
1030 944 1082 992 et
1108 938 1321 1006 gratias
1351 934 1472 1004 agit
1500 936 1633 989 Deo.

545 1115 882 1174 Verisimile
911 1119 1002 1170 est
1029 1113 1189 1185 quod
1221 1110 1496 1167 nonnulli
1528 1108 1630 1181 qui
1659 1108 1722 1163 in
1751 1106 1879 1162 dies
1893 1105 2127 1177 jejuna-

474 1208 618 1263 bant
649 1224 755 1262 seu
787 1204 1186 1270 abstinebant,
1221 1219 1289 1258 eo
1330 1207 1594 1272 tempore
1647 1194 2128 1253 condemnabant

478 1314 580 1352 eos
611 1296 710 1367 qui
745 1311 865 1349 non
899 1294 1179 1349 continue
1212 1288 1627 1347 abstinebant:
1688 1286 1906 1358 quibus
1938 1285 2127 1338 inter-

476 1386 623 1441 dicit
650 1400 724 1440 ne
767 1382 1171 1440 condemnent
1227 1386 1330 1437 aut
1391 1379 1776 1435 vehementer
1822 1377 2122 1431 accusent.

477 1477 674 1549 Nuper
703 1474 862 1529 enim
894 1472 969 1528 ad
1001 1470 1179 1527 ﬁdem
1235 1473 1541 1537 venerant,
1591 1472 1651 1522 et
1695 1464 2006 1521 verebatur
2048 1478 2125 1517 ne

477 1564 665 1620 multa
680 1562 976 1619 accusatio
1003 1576 1104 1615 eos
1127 1559 1373 1615 omnino
1397 1574 1431 1614 a
1447 1557 1562 1612 ﬁde
1595 1558 1917 1627 separaret,
1948 1567 2125 1607 accu-

475 1653 808 1710 sationibus
864 1650 939 1706 ad
998 1649 1147 1705 iram
1205 1652 1571 1719 provocatos.
1635 1667 1661 1695 ‹‹
1708 1641 2124 1712 Unusquisque

472 1743 724 1816 proprias
752 1740 959 1796 menti.
984 1762 1005 1790 ι
1031 1740 1160 1794 Non
1178 1737 1250 1792 de
1273 1735 1552 1792 omnibus
1574 1733 1851 1804 accipias,
1876 1752 1905 1780 «
1935 1731 2123 1785 Unus-

475 1832 730 1902 quisque
759 1828 1016 1901 propriaa
1049 1825 1235 1881 menti
1287 1823 1630 1889 s-.tisfaciat,
1666 1843 1694 1870 »
1723 1820 1828 1876 sed
1877 1818 1949 1873 de
1998 1818 2124 1874 solo

470 1920 728 1991 jejunio,
760 1918 939 1986 idque
971 1911 1505 1970 condescendendo
1536 1911 1639 1979 ait,
1688 1909 1829 1981 quia
1876 1908 2124 1963 Romani

477 2024 670 2078 nuper
700 2005 838 2061 ﬁdei
869 2003 1262 2059 adhaeserant.
1322 2000 1487 2066 Quod
1540 2000 1589 2055 si
1646 1998 1823 2055 etiam
1879 1996 1953 2051 de
2010 1996 2126 2051 ﬁde

477 2095 829 2168 praedictum
860 2091 1102 2147 verbum
1135 2089 1457 2162 acceperis,
1491 2092 1613 2143 toto
1667 2086 1812 2142 caelo
1862 2084 2122 2141 aberras.

479 2187 653 2242 Juxta
680 2182 981 2255 prepriam
1013 2185 1211 2236 autem
1242 2184 1503 2234 mentem
1535 2177 1786 2249 quisque
1809 2175 1920 2231 sibi
1953 2175 2125 2230 satis-

476 2272 696 2327 faciat:
730 2269 822 2325 vel
878 2266 1036 2339 quod
1091 2265 1425 2321 benefaciat
1482 2264 1531 2319 si
1582 2280 1817 2335 semper
1864 2261 2121 2334 jejunet,

468 2362 587 2416 sive
618 2358 946 2414 abstineat:
981 2355 1071 2410 vel
1128 2354 1288 2426 quod
1337 2369 1459 2409 non
1518 2351 1854 2409 benefaciat
1891 2352 1941 2406 si
1998 2366 2119 2406 non

468 2466 705 2521 semper
726 2448 978 2521 jejunet.
1011 2469 1039 2497 (ι
1064 2445 1171 2510 Qui
1202 2449 1373 2500 curat
1392 2443 1573 2514 diem,
1598 2442 1846 2498 Domino
1869 2445 2056 2497 curat.
2088 2459 2114 2492 ι

466 2542 594 2595 Non
626 2544 717 2594 est
745 2538 857 2593 hoc
886 2535 1131 2590 verbum
1181 2533 1253 2589 de
1309 2532 1448 2588 ﬁdei
1495 2532 1768 2605 dogmate
1816 2530 2117 2602 accipien-

466 2630 605 2686 dum
637 2646 650 2684 :
683 2628 743 2683 id
772 2627 931 2700 quod
962 2631 1021 2680 et
1051 2626 1177 2697 ipse
1209 2622 1502 2695 praedixit.
1545 2622 1852 2691 Siquidem
1900 2626 1961 2676 et
2018 2620 2114 2674 hic

462 2726 520 2774 et
546 2720 647 2774 ille
677 2718 785 2773 uni
816 2715 1160 2770 innituntur
1189 2729 1389 2784 scopo,
1409 2726 1624 2782 nempe
1647 2710 1844 2765 divino
1876 2707 2110 2764 honori.

465 2813 613 2863 Nam
647 2806 748 2878 qui
781 2805 939 2860 diem
972 2806 1141 2858 curat
1168 2800 1492 2856 arbitratur
1522 2815 1583 2853 se
1618 2798 1719 2853 Dei
1768 2798 1959 2870 legem
2004 2796 2111 2851 ob-

464 2912 736 2962 servare;
770 2893 924 2949 384
955 2892 1056 2964 qui
1087 2906 1223 2945 vero
1269 2888 1397 2944 dies
1446 2887 1613 2943 nullo
1666 2888 1729 2942 in
1777 2887 1889 2941 hoc
1936 2885 2114 2941 habet

459 2984 822 3047 discrimine.
856 2997 1093 3038 omnem
1126 2980 1284 3035 diem
1310 2988 1592 3049 tanquam
1610 2994 1645 3033 a
1668 2978 1785 3032 Deo
1806 2975 2111 3031 conditum

460 3075 643 3134 simili
676 3073 857 3129 habet
884 3073 945 3126 in
976 3071 1221 3125 honore.
1256 3100 1327 3108 —
1355 3068 1571 3122 Aliud:
1605 3066 1770 3133 Quod
1796 3066 1917 3121 ait:
1945 3088 1972 3115 «
2000 3065 2109 3131 Qui

460 3170 628 3221 curat
658 3163 838 3227 diem,
871 3160 1120 3217 Domino
1152 3163 1337 3223 curat,
1374 3162 1432 3210 et
1461 3155 1562 3227 qui
1586 3173 1704 3210 non
1730 3160 1897 3210 curat
1926 3154 2107 3222 diem,

1588 349 2012 419 (ECUMENII
2056 348 2363 409 ramea;
2412 350 2783 413 EPISGOPI.
2876 431 2878 434 ν

540 494 686 561 XIV,
726 497 780 560 ὕ,
820 494 872 546 6.
934 489 1092 546 Alius
1149 489 1371 559 quidem
1414 486 1645 558 judicat
1697 485 1844 540 diem
1899 500 1935 538 a
1988 482 2112 539 die:

2301 481 2395 541 ’ος
2460 480 2558 554 μὶν
2618 483 2788 559 κρίνει
2856 484 3064 561 ἡμέραν
3125 486 3255 560 παρ’
3338 485 3561 562 ἡμέραν,

3719 361 3811 421 592

3646 491 3698 552 ὅς
3773 491 3819 547 ὂὶ

2227 568 2395 643 κρίνει
2453 576 2625 625 πᾶσαν
2695 573 2921 647 ἡμέραν.
2989 576 3257 636 Ἕκαστος
3323 572 3376 629 ἐν
3446 579 3524 647 τῷ
3587 574 3699 649 ίδίῳ
3753 586 3822 635 νοῖ

2227 657 2706 737 πληροιρορείσθω.
2795 662 2856 720 Ὀ
2940 667 3143 742 φρονῶν
3209 664 3311 733 τὴν
3393 664 3617 739 ἡμέραν,
3669 669 3820 741 Κυρίῳ

2229 754 2432 825 φρονεῖ,
2479 750 2569 804 καὶ
2626 752 2653 806 ὁ
2716 752 2794 824 μή
2852 756 3064 829 φρονῶν
3115 755 3217 823 τὴν
3276 752 3510 826 ἡμέραν,
3567 755 3726 829 Κυρίῳ
3773 757 3820 812 οὗ

2229 843 2436 914 φρονεῖ.
2508 838 2603 893 Καὶ
2671 841 2699 894 6
2764 838 2976 912 ἐσθίων,
3047 841 3228 914 Κυρίῳ
3290 840 3474 897 ἐσθίει*
3556 842 3825 918 εὐχαριστεῖ

2227 925 2331 1001 γὰρ
2360 931 2439 1000 τῷ
2470 931 2604 999 Θεῷ·
2637 927 2725 983 καὶ
2786 929 2814 983 6
2871 931 2947 1002 μή
3006 930 3218 999 ἐσθίων,
3282 930 3471 1003 Κυρίῳ
3525 930 3624 986 οὐκ
3672 929 3823 1004 ἐσθίει,

2227 1015 2317 1069 καὶ
2343 1015 2657 1091 εὐχαριστεῖ
2683 1021 2763 1089 τῷ
2792 1022 2929 1090 Θεῷ.

2300 1104 2460 1166 Εἰκὸς
2488 1106 2579 1175 ἦν,
2613 1105 2763 1171 τινας
2790 1112 2897 1161 τῶν
2956 1111 3199 1185 συνεχῶς
3259 1108 3647 1178 νηστευόντων,
3694 1127 3826 1161 καταο

2228 1193 2429 1267 κρίνειν
2456 1194 2584 1256 τοὺς
2620 1197 2695 1268 μή
2726 1201 2971 1271 συνεχῶς
3025 1196 3406 1267 νηστεύοντας,
3464 1196 3543 1258 οἷς
3598 1196 3655 1251 τὸ
3696 1217 3826 1251 κατα-

2227 1285 2426 1359 κρίνειν
2476 1286 2565 1341 καὶ
2647 1284 2853 1364 σφόδρα
2928 1287 3177 1364 ἐγκαλεῖν
3268 1287 3612 1364 ἀπαγορεύει.
3689 1290 3826 1345 Ἦσαν

2231 1375 2336 1451 γὰρ
2390 1372 2650 1446 νεηλυδες
2700 1377 2752 1433 ἐν
2817 1382 2886 1452 τῇ
2942 1380 3144 1447 πίστει,
3210 1379 3303 1434 καὶ
3388 1376 3637 1435 ἐδεδοίκει
3688 1380 3752 1451 μή
3799 1382 3825 1447 ἡ

2228 1461 2415 1534 πολλή
2445 1460 2725 1540 ἕγκλησις,
2756 1465 2939 1525 τέλεον
2966 1468 3160 1531 αὐτοὺς
3190 1469 3470 1543 ἆποσχίσῃ
3499 1475 3596 1538 τῆς
3616 1467 3827 1533 πίστεως,

2232 1552 2573 1628 ὀργισθέντας
2636 1561 2755 1618 ταῖς
2827 1556 3167 1631 ἐγκλήσεσιν.
3238 1582 3267 1610 ‹‹
3326 1561 3584 1619 Ἐκαστος
3655 1554 3700 1610 iv
3768 1560 3829 1627 τῷ

2231 1639 2356 1709 ἰδίῳ
2384 1641 2488 1698 νοΐ.
2522 1667 2545 1696 δ
2585 1645 2677 1714 Μή
2713 1645 2837 1721 περὶ
2867 1647 3085 1702 πάντων
3144 1644 3270 1721 δέξῃ
3320 1648 3405 1717 τὸ,
3452 1671 3480 1700 ‹‹
3509 1648 3748 1703 Ἕκαστος
3787 1642 3827 1698 ἐν

2228 1735 2309 1803 τῷ
2366 1728 2488 1805 ἰδίῳ
2542 1731 2625 1786 νοΐ
2683 1730 3149 1813 πληροφορείσθω
3208 1758 3238 1788 ››
3300 1734 3428 1790 ἀλλ⁴
3489 1733 3573 1788 ἐπὶ
3625 1731 3828 1804 νηστείας

2235 1818 2419 1891 μόνον,
2452 1826 2541 1876 καί
2588 1826 2750 1877 τοῦτο
2810 1819 3280 1897 συγκαταϐαίνων,
3333 1821 3522 1892 ἐπειδὴ
3565 1823 3827 1897 ἆρτιπαγεῖς

2235 1909 2370 1978 ἦσαν
2405 1909 2454 1965 ἐν
2484 1915 2553 1985 τῇ
2598 1912 2776 1967 πίστει
2837 1913 2887 1967 οἱ
2944 1914 3238 1986 Ῥωμαῖοι.
3293 1914 3383 1975 Ὧς
3442 1910 3555 1987 εἴγε
3605 1910 3685 1966 καὶ
3732 1908 3828 1984 περὶ

2235 1999 2467 2061 πίστεως
2522 1997 2649 2075 δέκῃ
2709 2001 2772 2055 τὸ
2832 2001 3146 2075 εἰρημένον,
3205 2006 3307 2058 τοῦ
3365 2002 3560 2064 παντὸς
3609 1999 3828 2069 ἐζέπεσες.

2233 2087 2379 2142 Κατᾶ
2431 2085 2489 2143 δὲ
2545 2089 2638 2144 τὸν
2698 2086 2834 2144 ἴδιον
2892 2095 3016 2145 νοῦν
3084 2087 3312 2152 ἕκαστος
3395 2086 3826 2165 πληροφορείσθω,

2230 2173 2383 2245 ἤὸτι
2436 2176 2620 2239 καλῶς
2677 2181 2821 2233 ποιεῖ
2876 2200 3113 2249 νηστεων
3176 2180 3285 2252 ἀεὶ,
3341 2177 3378 2251 ἤ
3432 2179 3516 2234 ὅτι
3569 2178 3626 2232 οὐ
3679 2173 3825 2235 καλῶς

2230 2272 2398 2336 ποιεῖ,
2432 2268 2494 2322 οὐ
2524 2269 2800 2339 νηστεύων
2852 2267 2952 2325 ἀεί.
3019 2293 3039 2319 ι
3094 2272 3156 2326 Ὀ
3212 2288 3431 2345 φρονων
3486 2268 3581 2334 τήν
3635 2262 3821 2337 ἡμέραν,

2229 2355 2413 2431 Κυρίῳ
2444 2361 2652 2434 φρονεῖ.
2686 2381 2714 2408 ››
2747 2356 2825 2413 Οὐ
2857 2354 3068 2413 δεκτέον
3126 2359 3187 2413 τὸ
3254 2358 3415 2435 ῥητὸν
3463 2355 3548 2412 ἐπὶ
3602 2352 3824 2429 δόγματος

2227 2445 2484 2508 πίστεως.
2540 2449 2731 2519 Ὅμως
2787 2445 2877 2500 καὶ
2959 2445 3119 2508 αὐτὸς
3204 2451 3462 2522 προεῖπε.
3547 2442 3824 2520 Ἀμιρότεροι

2227 2533 2351 2610 γὰρ,
2381 2533 2540 2595 οὗτός
2573 2555 2631 2590 τε
2661 2535 2931 2606 κάκεῖνος,
2964 2535 3042 2590 ἐνὶ
3075 2540 3333 2611 χρῶνται
3366 2538 3566 2606 σκοπῷ,
3610 2533 3724 2604 τιμῇ
3768 2530 3821 2599 τῇ

2224 2623 2347 2696 περί
2388 2622 2481 2677 τὸν
2535 2623 2687 2682 Θεόν.
2746 2626 2815 2681 "0
2882 2644 2941 2679 τε
2995 2623 3102 2699 γάρ
3156 2623 3700 2698 παραφυλαττόμενος
3742 2618 3818 2684 τήν

2222 2706 2451 2785 ἡμέραν,
2489 2710 2660 2767 οἴεται
2692 2717 2826 2768 Θεοῦ
2854 2713 3023 2786 νόμον
3073 2712 3359 2788 πληροῦν·
3395 2712 3424 2769 ὅ
3464 2734 3519 2768 τε
3567 2709 3814 2782 ἀδιασορῶν

2222 2800 2345 2875 περὶ
2377 2804 2561 2869 τοῦτο,
2593 2807 2765 2856 πᾶσαν
2799 2801 2875 2863 ὡς
2927 2802 3031 2857 ὑπὸ
3090 2807 3234 2858 Θεοῦ
3297 2803 3589 2880 γενομένην
3632 2796 3810 2868 ἡμέραν,

2223 2885 2292 2944 δι’
2324 2890 2521 2963 ὁμοίας
2553 2888 2670 2965 ἔχει
2698 2898 2888 2964 τιμῆς.
2937 2924 3005 2935 —
3044 2890 3308 2957 ”ᾼλλως,
3370 2893 3567 2967 ]ΦΘΤ,]
3607 2887 3680 2954 Τὸ,
3708 2906 3731 2933 «
3757 2881 3801 2937 '0

2221 2982 2433 3056 φρονῶν
2460 2981 2560 3049 τήν
2582 2978 2809 3055 ἡμέραν,
2844 2981 3023 3056 Κυρίῳ
3071 2988 3290 3059 φρονεῖ,
3349 2981 3440 3037 καὶ
3474 2981 3500 3036 6
3531 2979 3593 3054 μὴ
3632 2973 3793 3049 φρονῶν

2218 3069 2316 3137 τήν
2376 3069 2605 3142 ἡμέραν.
2666 3071 2855 3145 Κυρίῳ
2915 3069 2977 3124 οὗ
3036 3075 3252 3144 φρονεῖ,
3301 3095 3329 3123 ››
3383 3069 3598 3146 φανερὸν
3641 3063 3687 3118 ἐκ
3724 3059 3798 3112 τοῖν

2219 3156 2622 3232 προειρημένου
2653 3160 2788 3230 ἡμῖν
2822 3157 2905 3212 ὅτι
2961 3157 3123 3215 τοῦτο
3181 3160 3369 3236 λέγει,
3421 3158 3502 3215 ὅτι
3554 3157 3609 3214 Ὀ
3653 3148 3804 3225 κρίνων

460 3253 709 3309 Domino
741 3268 859 3306 non
890 3253 1078 3315 curat,
1115 3272 1137 3300 ι
1202 3245 1582 3302 manifestum
1638 3250 1728 3300 est
1781 3243 1940 3315 quod
1998 3243 2108 3298 hoc

2266 3214 2275 3232 .
2383 3214 2392 3231 .
2439 3214 2471 3230 ..
2677 3214 2707 3230 ..
3273 3214 3318 3236 ,κ
3356 3214 3368 3228 ι
3432 3214 3441 3215 κ
3685 3214 3694 3225 .

2220 3246 2310 3300 καὶ
2371 3245 2728 3320 λογιζόμενος
2785 3247 2953 3302 καλὸν
3015 3248 3151 3302 εἶναι
3209 3250 3340 3305 καθ’
3394 3248 3591 3323 ἡμέραν
3641 3254 3810 3321 φαγεινν

459 3341 632 3395 nobis
663 3338 974 3409 signiﬁcet.
1007 3335 1117 3400 Qui
1144 3334 1377 3405 judicat
1428 3338 1486 3387 et
1541 3333 1833 3388 existimat
1884 3332 2105 3386 bonum

460 3444 590 3483 esse
622 3426 781 3481 omni
814 3425 909 3479 die
941 3424 1137 3477 edere.
1171 3423 1420 3476 Domino
1470 3425 1675 3476 curat:
1724 3422 1834 3475 hoc
1885 3426 1993 3487 est,
2046 3421 2105 3474 in

458 3514 710 3573 Domino
770 3513 880 3567 hoc
941 3511 1264 3576 existimat,
1326 3516 1384 3563 et
1465 3515 1708 3579 pr0pter
1791 3508 2105 3563 Dominum

456 3607 570 3661 hoc
598 3603 759 3659 facit.
792 3603 862 3655 Et
886 3600 986 3671 qui
1017 3617 1136 3654 non
1168 3598 1409 3671 judicat
1449 3598 1584 3663 hoc,
1643 3614 1836 3669 neque
1884 3597 2105 3651 bonum

455 3694 778 3751 arbitratur
833 3689 994 3745 omni
1051 3688 1148 3743 die
1233 3688 1431 3755 edere,
1492 3692 1735 3759 propter
1792 3687 2106 3741 Dominum

451 3785 535 3839 ita
581 3780 815 3854 judicat
863 3784 923 3833 et
979 3777 1318 3833 arbitratur.
1382 3777 1514 3831 Haec
1591 3775 1750 3831 enim
1823 3776 2106 3847 praedicta

455 3876 593 3929 sunt
621 3870 732 3942 ipsi
763 3883 942 3924 causa
990 3871 1055 3921 ut
1112 3865 1224 3921 hoc
1270 3866 1546 3938 judicet:
1609 3870 1751 3936 puta
1809 3871 1873 3919 ut
1926 3882 2107 3919 unus-

458 3962 710 4033 quisque
767 3957 1023 4031 propriaa
1103 3955 1286 4011 menti
1371 3953 1712 4010 satisfaciat.
1801 3954 2106 4020 Quomodo

457 4052 571 4105 hoc
601 4048 770 4103 dicis.
804 4044 1036 4102 Paule?
1094 4045 1270 4112 Bene,
1332 4043 1546 4114 inquit,
1603 4043 1770 4098 dixi:
1824 4044 2106 4115 quoniam

461 4144 519 4194 et
570 4138 669 4210 qui
730 4152 909 4208 super
967 4134 1125 4190 diem
1183 4133 1421 4205 jejunat
1505 4132 1625 4187 sive
1685 4132 1964 4199 abstinet,
2050 4137 2109 4188 et

459 4226 561 4298 qui
608 4226 729 4282 edit
786 4222 947 4279 omni
1006 4222 1122 4288 die,
1181 4219 1355 4276 ambo
1411 4220 1470 4273 in
1529 4220 1763 4275 Domini
1820 4220 2107 4292 placitum

456 4316 568 4371 hoc
597 4315 823 4370 faciunt
857 4329 870 4367 :
904 4328 1013 4367 nec
1041 4315 1274 4383 oportet
1301 4313 1368 4363 ut
1413 4307 1486 4362 ob
1543 4308 1656 4363 hoc
1712 4308 1866 4363 alius
1923 4309 2108 4364 alium

455 4404 578 4459 ullo
636 4403 812 4458 modo
866 4401 1115 4472 judicet.
1175 4396 1400 4452 Deinde
1461 4397 1638 4451 etiam
1702 4413 1942 4452 causam
1999 4399 2099 4454 ad-

455 4493 545 4549 dit
574 4491 816 4547 dicens:
848 4489 1078 4544 Etenim
1113 4487 1162 4541 is
1213 4486 1314 4557 qui
1365 4485 1506 4550 edit,
1556 4485 1775 4554 gratias
1820 4486 1939 4556 agit
1986 4488 2104 4542 Deo

2213 3340 2291 3406 τῷ
2322 3336 2506 3410 Κυρίῳ
2537 3341 2743 3412 φρονεῖ,
2786 3336 3079 3405 τουτέστιν,
3141 3337 3191 3393 ἐν
3262 3322 3448 3411 Κυρίῳ
3496 3322 3640 3391 τοῦτο
3688 3322 3813 3412 101’:-

2219 3428 2381 3493 ζεται,
2436 3424 2708 3478 τουτέστιν
2770 3422 2858 3479 διὰ
2897 3425 2988 3479 τὸν
3042 3426 3237 3501 Κύριον
3302 3427 3433 3483 αὐτὸ
3482 3426 3634 3479 ποιεῖ.
3687 3410 3811 3474 Xa”

2219 3513 2296 3584 μή
2329 3514 2525 3587 κρίνων
2552 3518 2733 3582 τοῦτο,
2771 3511 2913 3587 μηδὲ
2972 3513 3339 3591 λογιζόμενος
3397 3514 3478 3570 ὅτι
3530 3508 3680 3567 καλόν
3727 3502 3812 3557 ἐστι

2213 3601 2336 3662 καθ’
2391 3599 2597 3674 ἡμέραν
2668 3607 2877 3676 φαγεῖν,
2932 3598 3020 3655 διὰ
3079 3601 3170 3656 τὸν
3230 3604 3439 3680 Κύριον
3489 3602 3641 3655 τοῦτο
3683 3586 3812 3664 κρίνει

2214 3686 2383 3741 καλὸν
2424 3690 2565 3743 εἴητί
2622 3688 2711 3744 καί
2771 3688 3070 3767 λογίζεται.
3130 3676 3466 3767 Αἴτιανγάρ
3521 3687 3647 3742 ἐστιν
3696 3676 3811 3744 αὐτῷ

2172 3788 2174 3790 ⁷
2211 3780 2380 3830 ταῦτα
2410 3775 2671 3850 ε”ρημένα
2699 3781 2816 3847 τοῦ,
2856 3799 2877 3828 ι
2908 3780 3171 3839 Ἕκαστος
3200 3778 3255 3832 ἐν
3295 3785 3374 3853 τῷ
3417 3776 3532 3851 ἰδίῳ
3574 3769 3649 3828 νοί
3692 3774 3808 3830 πλη·

2218 3864 2569 3942 ροιρορείσοω.
2630 3893 2656 3919 ››
2716 3873 2839 3931 Πῶς
2895 3865 3076 3945 λέγεις
3132 3871 3329 3941 τοῦτο,
3383 3865 3559 3925 Παῦλε
3595 3884 3609 3933 ;
3652 3852 3806 3916 Καλῶς

2216 3955 2389 4024 εἷπον,
2442 3957 2622 4033 φησὶν,
2681 3953 2870 4025 ἐπειδὴ
2928 3954 3387 4027 καίὁνῃστεύων
3441 3958 3568 4031 ὑπὲρ
3616 3946 3793 4020 ἡμέρανν

2214 4044 2304 4099 καὶ
2364 4045 2392 4099 ὁ
2444 4030 2631 4100 ἐσθίων
2689 4046 2807 4100 κτθ⁹
2864 4045 3098 4120 ἡμέραν,
3167 4047 3242 4107 εἷς
3308 4030 3578 4125 ἀρέσκειάν
3643 4030 3795 4125 κυρίου

2212 4137 2373 4188 τοῦτο
2414 4136 2651 4204 ποιοῦσι,
2710 4133 2802 4188 καὶ
2861 4134 2922 4188 οὐ
2981 4132 3065 4189 δεῖ
3113 4121 3525 4210 κρίνειν-ὅλως
3574 4121 3805 4193 ἀλλτῖλθυξ

2214 4219 2303 4276 ἐπὶ
2332 4220 2530 4293 τούτῳ.
2565 4223 2700 4278 Εἶτα
2728 4222 2818 4276 καὶ
2857 4220 3103 4278 ἐπιτείνει
3160 4224 3259 4293 τήν
3320 4224 3516 4292 αἰτίαν,
3562 4217 3641 4275 καί
3683 4220 3806 4285 φησυ

2218 4309 2318 4365 Καὶ
2350 4310 2449 4382 γὰρ
2482 4309 2510 4363 6
2540 4307 2754 4378 ἐσθίων,
2784 4310 3100 4388 εὐχαριστεῖ
3128 4315 3206 4384 τῷ
3235 4319 3359 4388 Θεῷ
3420 4315 3472 4370 ἐν
3524 4312 3598 4381 τῷ
3636 4296 3810 4363 iaciam

2215 4394 2527 4452 ’ὸτιέδωκεν
2576 4397 2883 4473 ἀνθρώποις
2943 4402 3136 4476 πόρον,
3193 4403 3289 4457 καὶ
3351 4398 3620 4477 συνέχειαν
3675 4393 3813 4460 ζωῆςο

2219 4486 2315 4541 Καὶ
2348 4488 2376 4541 ὁ
2432 4486 2703 4557 νηστεύων
2762 4489 3098 4565 εὐχαριστεῖ,
3158 4489 3242 4546 ὅτι
3303 4490 3498 4548 ἔδωκεν
3552 4480 3813 4557 ἀνθρώποις

454 4581 517 4636 in
544 4598 612 4637 eo
644 4579 806 4651 quod
838 4578 985 4641 edis,
1015 4575 1174 4648 quod
1205 4574 1547 4630 hominibus
1606 4574 1879 4630 tribuerit
1927 4576 2106 4630 {acul-

2220 4577 2497 4650 καρτερίαν
2528 4576 2618 4631 καὶ
2671 4578 2976 4653 ὑπομονὴν,
3029 4577 3119 4633 καὶ
3179 4579 3467 4653 μεθόδους,
3522 4574 3588 4631 δι’
3638 4572 3702 4625 ὧν
3746 4579 3813 4620 τις

454 4675 627 4734 tates,
661 4668 877 4739 quibus
904 4667 1085 4722 vitam
1115 4665 1536 4721 continuarent
1566 4678 1579 4717 :
1616 4668 1675 4717 et
1723 4663 1822 4734 qui
1866 4663 2107 4736 jejunat

457 4762 560 4812 aut
588 4756 869 4821 abstinet,
901 4755 1118 4827 gratias
1150 4754 1288 4826 agit,
1322 4751 1481 4824 quod
1528 4750 1872 4807 hominibus
1921 4753 2106 4809 absti-

457 4844 724 4901 nentiam
753 4843 985 4898 dederit
1012 4859 1078 4897 ac
1110 4840 1507 4909 tolerantiam,
1550 4840 1644 4895 his
1692 4840 1936 4912 insuper
1987 4847 2103 4900 tra-

457 4934 598 4992 ditis
620 4932 836 5006 quibus
864 4936 1060 5003 potest
1080 4930 1375 5003 quispiam
1397 4928 1592 4985 carnis
1624 4929 1931 4986 devincere
1962 4932 2104 4988 alre-

459 5034 609 5085 ctus.
642 5025 751 5092 Qui
783 5040 918 5080 vero
950 5023 1064 5078 alio
1098 5022 1302 5094 quovis
1332 5019 1508 5076 modo
1540 5021 1665 5076 edit
1693 5026 1794 5077 aut
1825 5021 2101 5094 abstinet,

447 5116 677 5190 judicio
709 5112 1000 5169 obnoxius
1030 5116 1122 5165 est
1152 5127 1166 5164 :
1200 5109 1495 5182 quomodo
1543 5109 1785 5165 fuerunt
1830 5112 2102 5182 quaedam

454 5206 731 5261 haereses.
767 5204 901 5259 Haac
935 5216 1070 5274 ergo
1105 5199 1177 5254 de
1228 5197 1538 5253 edentibus
1589 5204 1648 5252 et
1688 5198 2103 5270 jejunanlibus

451 5296 570 5350 sive
602 5289 1038 5350 abstinentibus
1091 5287 1328 5360 proprie
1380 5285 1765 5358 intelligenda
1813 5294 1992 5343 sunt:
2043 5295 2105 5345 at

448 5400 567 5437 non
599 5384 671 5438 de
701 5379 1006 5454 quibusvis
1039 5377 1194 5434 aliis.
1228 5377 1355 5431 Non
1388 5374 1547 5428 enim
1579 5376 1653 5430 ad
1684 5377 1884 5433 omnia
1914 5395 2101 5435 canon

444 5469 543 5523 hic
566 5470 1056 5539 pertinet,sed,ut
1077 5463 1642 5534 diximus,specialis
1675 5470 1783 5533 est,
1819 5470 1878 5520 et
1908 5467 2101 5523 solum

449 5557 564 5611 hoc
602 5557 837 5627 aliaque
894 5554 1239 5628 hujusmodi
1299 5551 1732 5623 complectitur.
1797 5555 2100 5626 Siquidem

452 5659 647 5714 neque
677 5645 736 5698 in
758 5649 1103 5716 argumento
1132 5641 1306 5715 paulo
1330 5646 1466 5695 ante
1489 5640 1646 5696 dicto
1670 5643 1939 5714 quadrat,
1960 5651 2103 5717 puta

2214 4661 2431 4719 δύναται
2490 4666 2861 4742 περιγενέσθαι
2916 4671 3024 4723 τῶν
3076 4647 3191 4738 τῆς.
3237 4671 3437 4747 σαρκὸς
3472 4656 3743 4723 ualidi)va
3769 4647 3815 4704 δὲ

2214 4752 2401 4816 ἄλλως
2428 4776 2545 4817 πως
2578 4753 2768 4810 ἐσθίων
2827 4755 2865 4826 ἤ
2920 4756 3215 4829 νηστεύων,
3266 4744 3608 4833 κατάκριτος,
3664 4744 3812 4811 ὥσπερ

2210 4849 2318 4898 τῶν
2345 4845 2600 4917 αἱρέσεων
2631 4865 2789 4907 τινες.
2835 4847 3022 4903 Ταῦτα
3076 4843 3167 4901 οὖν
3227 4847 3353 4922 περὶ
3410 4849 3515 4901 τῶν
3565 4828 3815 4921 νηστευάνῖ

2214 4954 2343 5001 των,
2372 4943 2461 4988 καί
2494 4934 2775 4998 ἐσθιόντων
2820 4933 3013 4998 ἴδικῶς
3062 4917 3388 5006 ἐκληπτέῄον,
3443 4932 3583 4990 ἀλλὰ
3630 4924 3701 5000 μὴ
3742 4917 3816 4972 ἐπὶ

2213 5021 2400 5078 ἄλλων
2453 5026 2637 5080 τινῶν.
2699 5025 2778 5081 Οὑ
2836 5024 2942 5099 γὰρ
2999 5022 3089 5080 ἐπὶ
3146 5026 3318 5082 πάντα
3374 5026 3402 5080 6
3457 5019 3625 5078 κανὼν
3678 5007 3812 5067 οὗτος

2213 5109 2593 5184 διήκει,ἆλλ’,
2647 5114 2722 5175 ὡς
2776 5107 3004 5191 ἔφημεν,
3062 5111 3238 5179 ἰδικός
3290 5113 3453 5182 ἐστιν,
3510 5105 3594 5164 ἐπὶ
3643 5096 3814 5191 τούτου

2218 5203 2382 5273 μόνον
2414 5200 2505 5255 καὶ
2559 5205 2666 5255 τῶν
2728 5200 2937 5274 ὁμοίιον
2986 5198 3551 5277 περιλαμϐανόμενος.
3593 5190 3676 5248 Διὸ
3716 5176 3813 5238 οὐδ’

2211 5289 2298 5345 ἐπὶ
2331 5294 2427 5345 τοῦ
2482 5290 2586 5361 πρὸ
2650 5293 2847 5365 μικροῦ
2904 5273 3205 5364 είρημένου
3252 5273 3561 5370 κεφαλαίου,
3594 5273 3814 5370 ἀρμδῖἷξιτ

2213 5380 2330 5432 οἷον
2387 5378 2474 5432 ἐπὶ
2524 5382 2622 5432 τοῦ
2672 5377 2723 5432 ἐν
2772 5383 2891 5440 τοῖς
2946 5380 3203 5453 βρώμασι
3256 5363 3673 5451 διάκρινομένσΨ
3730 5363 3812 5453 ΚΫΞ

2211 5468 2313 5542 γὰρ
2343 5466 2544 5528 ἐκεῖνος
2605 5469 2680 5539 μή
2740 5442 3148 5539 ἐσθίωνϊοίίΧῖ
3206 5468 3283 5531 εἰς
3332 5442 3621 5535 δοξαν-οὑκ
3670 5442 3812 5542 ide“:

2208 5561 2307 5610 τοῦ
2338 5559 2594 5631 Χριστοῦ,
2628 5551 2756 5610 ἀλλ’
2787 5556 2861 5616 ὡς
2892 5529 3121 5626 ἀσθενὴς
3175 5529 3279 5613 καζ-
3312 5529 3624 5626 ἀστίρςρικτος
3666 5537 3712 5593 ἐν

2209 5644 2405 5701 πίστει.
2440 5643 2596 5700 ’Λλλ’
2625 5642 2825 5700 ἐκεῖνον
2861 5645 2957 5717 μὲν
2990 5646 3053 5701 οὑ
3097 5643 3181 5702 δεῖ
3236 5641 3562 5715 κατακρίνειν
3611 5627 3691 5685 διὰ
3732 5618 3808 5675 τὸν
