4106 6252
363 406 485 465 593

1470 413 1864 474 COMMENT.
1916 416 1994 474 IN
2042 415 2291 477 EPIS'I‘.
2339 422 2441 479 AD
2490 424 2678 483 RUM.

3659 428 3775 488 594

360 542 573 617 καιρὸν,
607 543 693 596 ὅτι
726 545 874 621 ἀρχὴ
907 549 1009 600 τοῦ
1038 546 1395 621 κηρύγματος
1426 549 1516 617 ἦν.
1546 548 1649 602 Τὸν
1682 545 1738 603 δὲ
1766 549 1987 604 ἒσθίονττ

2128 552 2198 607 de
2232 571 2300 609 eo
2334 556 2432 625 qui
2476 558 2630 612 inter
2682 560 2843 615 cibos
2902 562 3221 617 discernit:
3284 563 3385 618 ille
3444 564 3602 617 enim
3657 581 3775 620 non

362 634 481 687 καθ’
519 631 732 708 ἡμέραν
795 634 885 688 καὶ
943 637 1267 701 νηστεύοντα
1326 637 1456 711 ὑπὲρ
1517 639 1750 713 ἡμέραν,
1811 638 1872 693 οὐ
1933 637 2015 694 δεῖ

365 722 513 784 ὅλως
547 719 661 777 οὐδ’
718 720 904 796 ἕτερον
966 722 1080 779 οὐδ’
1148 725 1314 800 ἐτέρῳ
1368 728 1576 800 μέμψιν
1632 727 1868 803 ἐπάγειν,
1930 728 2011 783 ὅτι

368 810 535 887 ἅμφῳ
568 810 640 875 είς
663 809 823 881 δόξαν
857 813 1053 887 Κυρίου
1106 820 1355 869 ποιοῦσιν
1413 815 1443 870 δ
1499 821 1739 872 ποιοῦσι.
1789 818 1893 873 Καὶ
1949 818 2016 872 τὰ

364 899 556 976 ἐφεξῆς
613 900 709 954 ὅσα
767 901 890 974 περί
939 903 1039 969 τήν
1097 902 1265 972 αὐτὴν
1324 902 1531 958 ἔννοιαν
1593 907 1893 981 στρέφεται,
1928 904 2014 960 ἐπὶ

354 994 468 1043 τῶν
495 990 875 1059 νηστευόντων
937 991 1064 1065 ὑπὲρ
1123 992 1356 1066 ἡμέραν,
1414 994 1503 1048 καὶ
1560 994 1847 1049 ἐσθιόντων
1899 997 2015 1049 καθ’

353 1079 594 1153 ἡμέραν,
623 1077 929 1150 ἐκληπτὲον
973 1081 1161 1152 μόνον’
1196 1084 1335 1149 οἷον,
1369 1106 1396 1133 ‹‹
1459 1082 1534 1136 Σὺ
1592 1080 1649 1138 δὲ
1702 1082 1757 1138 τί
1813 1085 2015 1159 κρίνεις

350 1170 442 1223 τὸν
474 1164 717 1247 ἀδελφόν
748 1190 845 1222 σου
879 1187 892 1236 ;
926 1192 955 1220 ››
986 1171 1099 1239 καί,
1136 1194 1160 1223 α
1208 1173 1351 1244 ’Ἄρα
1406 1170 1500 1226 οὖν
1577 1168 1797 1234 ἕκαστος
1854 1175 2015 1245 ἡμῶν

354 1258 479 1332 περὶ
510 1260 703 1314 ἑαυτοῦ
734 1257 905 1335 λόγον
939 1255 1098 1313 δώσει
1131 1265 1212 1332 τῷ
1241 1265 1378 1333 Θεῷ,
1416 1286 1442 1311 ››

2124 645 2324 715 edens,
2358 664 2734 721 nequaquam
2766 654 2839 708 ad
2897 654 3111 709 Christi
3164 656 3413 727 gloriam
3467 672 3584 711 non
3634 658 3774 724 edit,

2124 734 2227 789 sed
2254 740 2537 807 tanquam
2573 740 2890 796 imbecillis
2925 749 2983 796 et
3015 744 3287 799 inﬁrmus
3320 746 3379 799 in
3412 745 3547 799 fide.
3575 747 3685 802 Sed
3714 747 3779 801 il-

2124 823 2247 878 lum
2271 826 2511 895 quidem
2534 846 2652 883 non
2680 837 2913 902 oportet
2933 833 3330 889 condemnare
3357 840 3599 905 propter
3628 841 3775 889 tem-

2125 913 2285 982 poris
2315 918 2707 983 occasionem,
2734 921 2871 990 quia
2890 922 3330 991 prmdicationis
3354 923 3588 978 initium
3611 931 3771 979 erat:

2124 1000 2295 1056 illum
2326 1020 2462 1059 vero
2488 1007 2587 1076 qui
2622 1010 2885 1077 quotidie
2918 1010 3057 1079 edit,
3117 1016 3219 1065 aut
3263 1028 3398 1065 eum
3453 1014 3552 1083 qui
3599 1030 3776 1085 super

2126 1090 2281 1145 diem
2306 1094 2561 1165 jejunat,
2594 1114 2788 1169 neque
2819 1100 2975 1154 hunc
3002 1118 3194 1171 neque
3243 1102 3496 1156 alterum
3545 1110 3776 1173 oportet

2127 1181 2369 1237 omnino
2401 1188 2778 1242 accusatione
2810 1191 3086 1259 persequi
3120 1207 3132 1243 :
3167 1191 3340 1245 ambo
3369 1192 3525 1245 enim
3548 1192 3620 1247 ad
3652 1193 3773 1264 glo-

2126 1268 2276 1323 riam
2311 1272 2409 1325 Dei
2442 1274 2664 1330 faciunt
2695 1279 2853 1347 quod
2881 1279 3127 1333 faciunt.
3153 1281 3221 1333 Et
3242 1281 3553 1350 sequentia
3576 1282 3774 1335 omnia

358 1368 725 1423 quaecunque
759 1352 831 1407 ad
865 1351 1026 1406 illam
1060 1356 1414 1422 torquentur
1445 1352 1921 1426 intelligentiam,
1955 1352 2026 1408 de
2051 1354 2465 1426 jejunantibus
2492 1364 2578 1418 vel
2599 1365 3037 1423 abstinentibus
3060 1385 3240 1439 super
3296 1368 3452 1423 diem
3504 1375 3561 1423 et
3591 1370 3771 1423 eden-

357 1442 514 1497 tibus
544 1441 827 1512 quotidie,
863 1441 1209 1513 accipienda
1238 1446 1470 1496 tantum
1502 1448 1661 1509 sunt,
1696 1441 1871 1513 quale
1902 1446 1992 1496 est
2020 1442 2203 1498 illud:
2244 1469 2263 1494 ι
2292 1450 2372 1504 Τιι
2404 1457 2600 1507 autem
2648 1455 2790 1524 quid
2832 1456 3069 1527 judicas
3120 1458 3362 1511 fratrem
3417 1463 3578 1512 tuum
3601 1458 3627 1511 ἱ)
3653 1474 3680 1504 ››
3716 1464 3772 1511 et

351 1531 542 1586 illud:
583 1552 606 1576 κ
639 1531 822 1601 Igitur
850 1530 1261 1601 unusquisque
1288 1536 1559 1586 nostrum
1592 1532 1663 1586 de
1696 1531 1889 1602 seipso
1920 1531 2214 1589 rationem
2246 1536 2411 1592 dabit
2442 1541 2578 1598 Deo.
2614 1563 2641 1591 »ι

422 1620 565 1675 Εἶτα
622 1613 808 1673 λαϐὼν
870 1616 1111 1673 ἐντεῦθεν
1180 1618 1437 1695 ἀφορμήν
1470 1664 1483 1687 ,
1539 1619 1628 1674 καὶ
1699 1619 2013 1692 ἀναμνήσας

344 1710 431 1763 ’ὁτι
468 1707 667 1781 Κύριον
696 1704 902 1781 ἔχομεν
934 1707 1023 1760 καὶ
1056 1708 1249 1778 κριτὴν
1302 1705 1390 1761 ἐπὶ
1446 1711 1546 1761 τοῦ
1602 1709 1874 1781 βήματος,
1933 1707 2009 1767 είς

340 1797 668 1872 παραίνεσιν
700 1795 881 1871 ἀνάγει
939 1796 1029 1850 τὸν
1088 1795 1253 1869 λύγον
1312 1794 1632 1867 καθολικήν.
1693 1798 1784 1865 Τί,
1845 1797 2001 1874 φησὶ,

338 1890 508 1941 τοῦτο
540 1883 580 1954 ἢ
613 1884 783 1939 ἐκεῖνο
825 1884 973 1960 λέγω
1008 1904 1021 1954 ;
1054 1883 1209 1939 Οὕτω
1264 1881 1346 1938 δεῖ
1374 1884 1510 1959 πρὸς
1543 1883 1829 1954 ἀλλήλους
1888 1882 2004 1940 διο.-

339 1976 585 2043 κεῖσθαι,
617 1971 756 2028 ὥστε
795 1972 851 2028 ἐν
894 1970 1110 2046 μηδενὶ,
1156 1973 1219 2027 τὸ
1271 1972 1397 2027 ὅσον
1456 1972 1537 2052 ἐφ’
1588 1976 1746 2046 ἡμῖν,
1781 1971 2000 2049 ἐπάγειν

346 2063 637 2133 ἀλλήλοις
666 2063 999 2137 πρόσκομμα
1043 2060 1079 2131 ἤ
1124 2060 1447 2119 σκάνδαλον.
1510 2088 1536 2113 ‹‹
1572 2064 1667 2133 Τῷ
1720 2059 1940 2136 ἀδελφῷ
1972 2086 2000 2114 ››

348 2150 405 2207 δὲ
429 2151 670 2227 εἴρηκεν,
699 2152 787 2205 καὶ
828 2149 889 2206 ἐκ
942 2154 1039 2205 τοῦ
1100 2150 1369 2223 ὀνόματος
1426 2148 1743 2220 δυσωπῆσαι
1801 2149 1997 2214 θὲλων·

346 2267 375 2295 ε(
423 2243 517 2310 Τί,
578 2240 733 2319 φησὶ,
794 2237 1216 2309 σκανδαλίζεις;
1274 2263 1301 2291 ››
1352 2237 1617 2318 Ἀδελφός
1678 2240 1772 2294 σού
1832 2239 1997 2312 ἐστιν,

350 2331 521 2405 μέλος
554 2330 653 2384 σού
684 2329 845 2398 ἐστιν,
872 2325 961 2383 ἕνα
992 2331 1203 2403 Πατέρα
1251 2324 1425 2403 ἔχετε,
1482 2326 1571 2384 ἕνα
1628 2329 1995 2405 Δημιουργόν.

344 2425 444 2480 ‘Av
512 2422 606 2476 οὖν
660 2421 916 2496 ἀναιρεθῇ
975 2419 1064 2498 ἀφ’
1121 2420 1271 2491 ὑμῶν
1328 2420 1393 2474 τὰ
1463 2417 1735 2475 σκάνδαλα
1785 2421 1875 2473 καὶ
1932 2420 1999 2474 τὰ

340 2513 775 2587 προσκόμματα,
805 2508 1008 2581 πολλῷ
1053 2507 1267 2581 μᾶλλον
1299 2509 1703 2584 ἂναιρεθήσεται
1758 2509 1823 2565 τὸ
1874 2507 1996 2582 κρί-

334 2624 443 2658 νειν
502 2601 593 2656 καὶ
648 2598 1013 2674 κατακρίνειν.
1091 2597 1237 2673 Οὐχὶ
1298 2599 1461 2672 μόνον
1523 2600 1586 2654 τὸ
1644 2597 1731 2653 ἐπὶ
1813 2598 1993 2671 τούτῳ

336 2692 539 2767 κρίνειν
569 2691 654 2745 καὶ
697 2688 1058 2764 κατακρίνειν,
1120 2687 1157 2757 ἢ
1212 2688 1303 2742 ἐπὶ
1361 2689 1560 2760 τούτῳ,
1618 2686 1747 2742 ἄλλ’
1804 2687 1993 2750 ἁπλῶς

334 2782 425 2837 καὶ
462 2778 697 2835 καθόλου
726 2778 1136 2851 ἀναιρεθήσεται
1169 2778 1231 2831 τὸ
1252 2777 1453 2852 κρίνειν
1496 2776 1643 2839 ὅλως
1703 2774 1989 2847 ἀλλήλους

327 2870 420 2925 καί
456 2868 815 2943 κατακρίνειν.
846 2870 950 2923 Καὶ
979 2866 1103 2921 τότε
1128 2860 1274 2920 ἔσται
1307 2867 1382 2930 ὡς
1439 2864 1663 2936 ἀ)ηοῶς
1722 2868 1751 2921 ὅ
1790 2888 1847 2921 τε
1911 2868 1988 2939 μή

324 2960 661 3036 κρινόμενος
691 2959 1179 3034 τρισμακάριστος,
1207 2958 1295 3011 καὶ
1330 2958 1357 3011 ὁ
1422 2959 1496 3029 μὴ
1553 2957 1753 3033 κρίνων
1813 2976 1987 3031 παρα-

324 3050 595 3120 πλήσιος,
637 3047 691 3103 ἐν
726 3050 891 3122 ἀρετῇ
930 3047 1020 3102 καὶ
1078 3045 1325 3122 ἁγιότητι
1359 3047 1574 3115 ζώντων
1634 3048 1816 3117 ἡμῶν,
1897 3044 1986 3099 καὶ

2194 1625 2342 1683 885
2381 1629 2602 1686 Deinde
2648 1639 2885 1698 summa
2940 1634 3076 1689 hinc
3126 1635 3435 1689 occasione
3480 1652 3546 1690 ac
3598 1652 3769 1690 men-

2121 1713 2279 1770 tione
2308 1716 2463 1773 facta
2495 1720 2653 1789 quod
2682 1723 2998 1777 Dominum
3029 1724 3317 1779 habemus
3336 1724 3674 1795 etjudicem
3705 1726 3766 1779 in

2122 1803 2396 1859 tribunali
2433 1806 2760 1875 sedentem,
2795 1811 2866 1864 ad
2900 1811 3237 1882 generalem
3292 1812 3764 1866 admonitionem

2111 1893 2397 1947 convertit
2431 1910 2792 1951 sermonem.
2834 1899 2982 1962 Quid
3014 1899 3126 1953 hoc
3157 1905 3258 1953 aut
3288 1899 3438 1953 illud
3471 1899 3601 1955 dico
3625 1900 3652 1954 ?
3681 1901 3763 1954 in-

2110 1981 2258 2050 quit.
2292 1983 2378 2038 Ita
2407 1991 2640 2055 oportet
2667 1987 2739 2041 ad
2791 2004 2890 2041 eos
2947 1988 3198 2043 invicem
3256 1994 3460 2043 mutuo
3520 1990 3761 2044 affectos

2110 2086 2239 2123 esse
2270 2076 2336 2124 ut
2366 2073 2422 2125 in
2456 2074 2620 2129 nullo
2654 2082 2941 2145 quantum
2974 2076 3033 2131 in
3065 2077 3234 2131 nobis
3268 2083 3357 2131 est
3409 2078 3757 2133 inducamus

2108 2158 2260 2213 alius
2273 2160 2373 2215 alii
2396 2163 2785 2219 offensionem
2811 2172 2912 2220 aut
2933 2166 3542 2221 offendiculum.Dixit
3557 2172 3755 2222 autem

2108 2269 2135 2296 ‹‹
2168 2248 2377 2314 Fratri,
2412 2272 2439 2298 ››
2470 2251 2673 2306 volens
2705 2260 2763 2307 et
2792 2254 3033 2309 nomine
3064 2256 3323 2310 ﬂectere.
3363 2280 3383 2304 ιι
3419 2256 3631 2323 Quare,
3664 2258 3755 2310 in-

2107 2336 2255 2406 quit,
2290 2338 2588 2393 oﬂ‘endis?
2620 2361 2643 2389 ιι
2680 2342 2883 2395 Frater
2914 2348 3048 2397 tuus
3078 2350 3186 2410 est,
3216 2344 3549 2399 membrum
3586 2352 3751 2400 tuum

2106 2429 2215 2491 est,
2246 2440 2428 2479 unum
2458 2426 2691 2482 habetis
2739 2431 2994 2497 Patrem,
3051 2447 3235 2485 unum
3294 2433 3651 2489 Creatorem.
3696 2435 3749 2487 Si

2105 2528 2240 2585 ergo
2275 2514 2520 2569 sublata)
2551 2516 2774 2571 fuerint
2802 2535 2836 2573 a
2865 2519 3027 2573 vobis
3059 2520 3416 2575 offensiones
3473 2526 3532 2574 et
3579 2538 3747 2575 scan-

2104 2603 2258 2668 dala,
2291 2605 2477 2661 multo
2508 2609 2694 2679 magis
2725 2608 3026 2663 auferetur
3046 2609 3340 2680 judicium
3371 2614 3431 2663 et
3467 2609 3747 2664 condem-

2102 2693 2262 2747 natio
2289 2710 2301 2747 :
2334 2710 2453 2749 non
2486 2697 2677 2751 solum
2708 2714 2782 2752 ne
2811 2698 2884 2752 ob
2917 2698 3028 2753 hoc
3058 2704 3160 2753 aut
3188 2698 3336 2753 illud
3375 2698 3657 2769 judicetis
3687 2704 3747 2754 et

2100 2785 2506 2841 condemnetis
2529 2804 2540 2840 :
2561 2788 2663 2841 sed
2686 2788 3038 2859 simpliciter
3063 2790 3195 2844 etin
3220 2794 3407 2844 totum
3422 2788 3742 2853 auferetur,

2099 2888 2175 2927 ne
2207 2875 2448 2929 omnino
2481 2875 2633 2930 alius
2663 2876 2848 2931 alium
2871 2878 3154 2948 judicetis
3205 2882 3263 2932 et
3310 2877 3740 2934 condemnetis.

2097 2964 2167 3016 Et
2199 2967 2335 3017 tunc
2366 2980 2497 3019 vere
2530 2966 2643 3018 erit
2691 2970 2750 3019 et
2806 2967 2907 3036 qui
2967 2984 3084 3020 non
3125 2966 3431 3037 judicatur
3486 2968 3742 3022 maxime

2096 3050 2324 3117 beatus,
2359 3058 2417 3106 et
2445 3054 2748 3122 proximus
2780 3054 2942 3107 illius
3001 3054 3100 3123 qui
3152 3071 3269 3107 non
3316 3054 3566 3123 judicat,
3607 3071 3741 3107 cum

327 3140 662 3212 τοῦ,κρίνειν
714 3138 806 3191 καὶ
860 3134 1150 3211 κρίνεσθαι,
1213 3139 1385 3189 πᾶσαν
1444 3133 1503 3188 ἐκ
1559 3132 1786 3188 πολλῶν
1829 3153 1987 3203 ποιη-

2101 3156 2206 3195 nos
2240 3141 2298 3193 in
2325 3140 2537 3195 virtute
2566 3147 2623 3196 et
2654 3142 2963 3196 sanctitate
2994 3143 3335 3209 vixerimus,
3396 3146 3455 3196 et
3505 3158 3741 3196 omnem

338 3228 589 3297 σαμένων
619 3226 908 3306 πρόφασιν.
943 3231 1011 3279 ’Ὠ
1065 3222 1285 3279 Παύλου
1345 3229 1530 3298 φωνῆς
1566 3225 1577 3279 ί
1611 3219 1655 3275 ὥ
1687 3218 1985 3295 οἰκοδόμου

346 3314 607 3387 Θεμέλιος
637 3319 650 3371 l
679 3319 855 3373 Τοῦτο
885 3315 1120 3389 κρίνατε,
1153 3315 1309 3390 φησὶ,
1368 3314 1428 3367 τὸ
1459 3312 1534 3385 μή
1592 3312 1794 3365 τιθέναι
1814 3310 1982 3385 πρόσ-

347 3425 547 3477 κομμα
594 3409 665 3476 τῲ
713 3403 935 3483 ἀδελφῷ
990 3406 1024 3473 ἢ
1104 3400 1424 3457 σκάνδαλον·
1482 3400 1683 3470 ταύτην
1739 3398 1983 3471 κρηπῖδα

348 3494 571 3568 πρώτην
594 3490 978 3557 καταϐἀλεσθε.
1033 3494 1125 3549 Ἂν
1186 3491 1320 3562 αὕτη
1380 3489 1613 3565 ὲδρασθῇ
1673 3490 1725 3544 ἐν
1762 3491 1890 3562 ὑμῖν
1944 3492 1977 3558 ἡ

339 3585 558 3655 κρηπὶς,
590 3585 717 3657 ῥᾷον
757 3583 825 3638 τὰ
882 3580 1027 3638 ἄλλα
1084 3579 1469 3655 ἐποικοδομεῖν
1514 3580 1676 3635 ἐστιν.
1712 3604 1739 3631 ‹‹
1800 3580 1899 3634 Καὶ
1950 3580 1977 3635 ὸ

329 3671 407 3742 μὴ
443 3675 657 3745 φρονῶν
692 3673 791 3739 τὴν
825 3669 1057 3745 ἡμέραν.
1094 3690 1119 3722 ι
1181 3672 1241 3725 Ὀ
1300 3667 1499 3737 οὕτως,
1560 3668 1714 3745 φησὶ,
1760 3672 1973 3746 φρονῶν

324 3759 468 3815 ὥστε
509 3762 629 3824 καθ’
688 3759 896 3834 ἡμέραν
956 3757 1250 3829 νηστεύειν,
1302 3755 1391 3812 διὰ
1442 3759 1533 3813 τὸν
1587 3758 1779 3829 Κύριον
1832 3756 1975 3814 οὕτω

324 3853 537 3924 φρονεῖ,
601 3848 700 3903 Καὶ
751 3851 780 3904 ὁ
840 3851 1050 3926 φρονῶν
1106 3845 1243 3901 ὥστε
1294 3848 1412 3902 καθ’
1468 3848 1676 3920 ἡμέραν
1740 3849 1816 3921 μή
1876 3870 1973 3915 νη-

324 3941 557 4007 στεύειν,
593 3936 682 3992 δια
710 3938 801 3992 τὸν
834 3936 1028 4012 Κύριον
1061 3935 1233 3997 οὕτως
1276 3942 1483 4011 φρονεῖ.
1518 3940 1625 3991 Πᾶν
1680 3934 1737 3991 δὲ
1792 3937 1820 3991 ὃ
1889 3934 1977 3991 διὰ

321 4030 417 4083 τὸν
453 4030 656 4101 Κύριον
689 4027 915 4101 γίνεται,
954 4023 1124 4081 καλόν
1161 4023 1294 4093 ἐστι,
1355 4025 1533 4102 φησίν.
1569 4050 1595 4076 ‹‹
1650 4024 1978 4101 Εὐχαριστεῖ

319 4118 425 4193 γάρ
485 4138 568 4189 τῳ
624 4124 763 4189 Θεῳ,
799 4141 826 4166 »ι
867 4114 930 4170 Et
989 4115 1104 4183 οὖν,
1159 4114 1313 4187 φησὶ,
1371 4114 1433 4169 τὸ
1488 4114 1698 4189 γαίριον
1748 4115 1974 4190 γίνεται,

320 4210 387 4263 τὸ
438 4205 533 4263 διὰ
589 4207 802 4262 πάντων
862 4204 1263 4280 εὖχαριστεῖθαι
1330 4206 1422 4258 τὸν
1471 4205 1622 4271 Θεὸν,
1678 4207 1732 4260 τί
1789 4202 1977 4279 διαφέ-

322 4298 485 4371 ρεσθε
539 4296 663 4370 περὶ
718 4300 821 4363 τῆς
876 4292 1125 4363 νηστείας
1183 4291 1324 4347 οὕτω
1374 4290 1621 4367 σωοδρως
1688 4312 1701 4362 ;
1758 4294 1975 4371 Ὀλίγον

321 4388 431 4463 γάρ
499 4386 563 4440 τὸ
627 4384 809 4457 μέσον.
872 4376 1356 4458 Συγκαταϐατικῶς
1414 4383 1511 4454 μὲν
1569 4383 1741 4445 οὕτως
1802 4381 1973 4459 λέγεξ.

2083 3227 2391 3299 judicandi
2423 3233 2525 3282 aut
2555 3229 2989 3283 condemnandi
3022 3229 3393 3283 occasionem
3437 3246 3506 3283 ex
3536 3229 3740 3283 multis

2089 3315 2528 3372 abstulerimus.
2566 3319 2608 3372 Ο
2640 3317 2805 3371 Pauli
2856 3334 3079 3383 vocem,
3116 3335 3148 3371 ο
3184 3318 3489 3372 architecti
3537 3317 3741 3372 funda-

2088 3412 2351 3462 mentum
2382 3406 2393 3459 !
2430 3408 2546 3461 Hoc
2578 3407 2681 3473 ait,
2708 3407 2974 3478 judicate
3007 3424 3080 3461 ne
3108 3412 3363 3479 ponatur
3413 3407 3738 3462 offendicu-

2087 3498 2209 3552 lum
2234 3498 2401 3552 fratri
2425 3502 2525 3552 aut
2548 3498 2826 3553 offensio:
2852 3499 3003 3554 hanc
3026 3499 3279 3569 primam
3310 3497 3695 3571 basimjacite
3721 3514 3733 3552 :

2085 3589 2132 3641 si
2152 3589 2263 3643 hoc
2288 3588 2644 3658 principium
2670 3588 2727 3641 in
2752 3588 2912 3642 vobis
2936 3589 3115 3643 fuerit
3139 3589 3491 3659 perfectum,
3523 3593 3737 3643 czetera

2080 3677 2255 3732 facile
2285 3676 2463 3731 fuerit
2510 3677 3004 3747 superaedificare.
3060 3699 3087 3726 ε.
3122 3678 3190 3729 Et
3240 3677 3337 3747 qui
3389 3694 3507 3731 non
3556 3681 3723 3732 curat

2082 3767 2259 3821 diem.
2296 3788 2324 3815 »
2356 3766 2458 3819 Vel
2490 3767 2571 3819 ita
2601 3766 2745 3820 dicit
2772 3782 2784 3819 :
2816 3767 2918 3819 Cui
2951 3783 3107 3820 curas
3139 3772 3228 3819 est
3252 3771 3319 3819 ut
3348 3766 3611 3836 quotidie
3635 3766 3723 3835 je-

2075 3856 2251 3928 junet
2279 3859 2381 3908 aut
2409 3854 2723 3919 abstineat,
2757 3858 2999 3925 propter
3029 3854 3342 3907 Dominum
3375 3854 3457 3908 ita
3478 3854 3723 3907 affectus

2082 3950 2189 4011 est;
2210 3944 2328 3998 imo
2344 3942 2437 3996 cui
2461 3959 2616 3996 cura}
2644 3947 2733 3996 est
2753 3948 2818 3995 ut
2849 3942 3112 4011 quotidie
3137 3958 3255 3995 non
3273 3941 3529 4012 jejunet,
3555 3942 3727 4012 juxta

2083 4032 2397 4088 Dominum
2416 4030 2589 4101 sapit.
2614 4029 2909 4099 Quidquid
2925 4036 3123 4084 autem
3146 4036 3386 4101 propter
3415 4031 3728 4085 Dominum

2082 4123 2176 4187 sit,
2211 4120 2432 4174 bonum
2464 4123 2569 4172 est.
2609 4140 2635 4168 ι(
2669 4117 2898 4172 Gratias
2929 4118 3086 4171 enim
3118 4119 3237 4190 agit
3271 4120 3410 4173 Deo.
3442 4140 3470 4167 »
3508 4119 3563 4171 Si
3624 4119 3729 4191 igi-

2080 4214 2175 4266 tur
2206 4212 2607 4281 Opportunum
2635 4206 2893 4262 efﬂcitur
2921 4222 3087 4276 opus.
3138 4212 3201 4260 ut
3249 4208 3366 4261 Deo
3398 4224 3502 4277 per
3532 4207 3734 4261 omnia

2082 4299 2283 4371 gratiae
2302 4302 2566 4369 agantur,
2605 4312 2786 4367 quare
2813 4295 3279 4367 circajejunium
3306 4296 3453 4351 adeo
3477 4295 3729 4349 disside-

2086 4388 2202 4443 tis?
2242 4390 2490 4443 Parvum
2548 4386 2706 4440 enim
2764 4390 2853 4440 est
2909 4385 3248 4441 discrimen.
3308 4385 3726 4439 Condescendo

323 4474 481 4544 Πλὴν
508 4478 627 4535 πῶς
656 4471 872 4528 δύναται
898 4473 1117 4545 Χριστῷ
1146 4470 1485 4546 εὐχαριστεῖν
1517 4472 1545 4526 ὁ
1600 4473 1675 4545 μή
1738 4471 1927 4527 ἐσθίων
1957 4495 1972 4544 ;

2101 4478 2325 4550 Iuidem
2360 4477 2441 4530 ita
2470 4475 2613 4529 dicit
2641 4493 2654 4530 :
2686 4478 2959 4529 Attamen
2980 4474 3272 4543 quomodo
3294 4474 3725 4544 potestChristo

317 4565 409 4626 Ὦς
440 4567 544 4639 γάρ
570 4566 668 4618 τοῦ
698 4561 870 4635 νόμου
902 4560 1197 4634 ἐχόμενος,
1230 4561 1332 4614 οὐκ
1379 4559 1562 4615 ἐσθίει.
1619 4560 1714 4615 Καὶ
1775 4559 1971 4617 λοιπὸν

322 4652 644 4727 εὐχαριστεῖ
668 4672 749 4723 τῳ
781 4656 918 4723 Θεῳ,
951 4650 978 4703 ὁ
1011 4648 1223 4712 ἐσθίων.

397 4828 590 4891 Οὐδεὶς
642 4828 745 4903 γὰρ
803 4830 964 4899 ἡμῶν
1025 4826 1198 4880 ἑαυτῶ
1249 4828 1337 4897 ζῇ,
1400 4825 1489 4879 καὶ
1566 4824 1742 4887 οὐδεὶς
1802 4827 1974 4900 ἓαυτῳ

329 4921 675 4989 ἀποθνήσκει.
712 4918 833 4974 Ἐὰν
874 4936 932 4970 τε
968 4915 1071 4989 γὰρ
1141 4915 1336 4985 ζῶμεν,
1392 4920 1471 4969 τῶ
1530 4919 1715 4990 Κυρίῳ
1773 4921 1972 4989 ζῶμενο

329 5008 426 5062 ἐάν
457 5028 513 5062 τε
541 5009 986 5078 ἀποθνήσκωμεν,
1024 5024 1105 5076 τῳ
1136 5002 1319 5077 Κυρίῳ
1372 5002 1801 5078 ἀποθνήσκομεν.
1853 5008 1973 5063 Ἐάν

319 5118 385 5152 τε
445 5098 535 5151 οὖν
586 5101 789 5170 ζῶμεν,
848 5092 933 5148 ἐάν
1000 5113 1060 5148 τε
1113 5091 1564 5164 ἀποθνήσκωμεν,
1621 5092 1718 5147 τοῦ
1778 5095 1973 5167 Κυρίου

321 5186 504 5259 ἐσμέν.
578 5184 668 5246 Εἰς
722 5187 883 5239 τοῦτο
950 5182 1054 5256 γὰρ
1112 5181 1354 5255 Χριστὸς
1410 5180 1499 5234 καὶ
1576 5181 1824 5251 ἀπέθανε,
1882 5185 1971 5239 καὶ

320 5276 545 5346 ἀνέστη,
606 5274 695 5329 καὶ
777 5267 988 5342 ἔζησεν,
1045 5269 1133 5324 ἳνα
1190 5268 1278 5323 καὶ
1343 5273 1546 5342 νεκρῶν
1604 5270 1692 5324 καὶ
1752 5272 1969 5340 ζώντων

317 5366 604 5441 κυριεύσῃ.

389 5457 668 5527 Ἐχομεν,
702 5454 858 5531 φησὶν
915 5451 1115 5525 Κύριον
1148 5450 1193 5521 ᾦ
1247 5449 1337 5504 καὶ
1399 5453 1573 5521 ζῶμεν
1628 5450 1716 5505 ἐὰν
1774 5456 1969 5525 ζῶμενν

316 5549 364 5619 ᾦ
393 5546 488 5603 καὶ
542 5544 963 5614 ἀποθνήσκομεν
1030 5540 1118 5594 ἐὰν
1179 5538 1631 5610 ἀποθνήσκωμεν.
1675 5539 1734 5595 Εἰ
1768 5540 1859 5594 οὗν
1892 5563 1970 5613 τῳ

318 5636 508 5710 Κυρίῳ
542 5631 973 5710 διαφέρειὴμῶν
1023 5632 1057 5699 ἡ
1121 5630 1231 5697 ζωὴ
1266 5628 1353 5681 καὶ
1420 5628 1447 5681 ὁ
1507 5627 1751 5696 θάνατος,
1812 5629 1971 5692 αὐτὸς

320 5725 684 5796 οἰκονομήσει
714 5722 780 5776 τὰ
807 5722 925 5785 καθ’
954 5722 1126 5793 ἡμᾶς,
1158 5717 1247 5771 καὶ
1306 5714 1367 5771 οὒ
1424 5718 1586 5790 χρεία
1643 5718 1845 5790 κρίνειν
1875 5720 1968 5773 τὸν

2083 4568 2299 4640 gratias
2332 4582 2502 4637 agere
2536 4565 2585 4619 is
2640 4565 2737 4634 qui
2785 4580 2905 4618 non
2949 4562 3124 4617 edit?
3181 4564 3323 4617 Nam
3385 4563 3554 4633 quasi
3612 4563 3724 4635 legi

2086 4658 2397 4712 adhaerens
2427 4671 2543 4709 non
2575 4654 2711 4710 edit.
2747 4656 3032 4707 Caeterum
3066 4652 3114 4705 is
3164 4653 3263 4722 qui
3314 4653 3455 4719 edit,
3506 4654 3724 4725 gratias

2083 4748 2205 4819 agit
2234 4747 2371 4801 Deo.

2154 4834 2269 4903 XV,
2302 4837 2418 4888 7-9.
2457 4856 2482 4882 α
2516 4832 2721 4887 Nullus
2755 4831 2909 4884 enim
2942 4836 3208 4885 nostrum
3241 4830 3350 4887 sibi
3410 4832 3521 4903 ipsi
3566 4832 3722 4898 vivit,

2084 4945 2115 4972 ‹‹
2148 4928 2205 4976 et
2232 4921 2434 4976 nullus
2460 4926 2730 4974 nostrum
2779 4917 2891 4971 sibi
2943 4918 3054 4988 ipsi
3109 4918 3377 4975 moritur.
3429 4921 3572 4974 Nam
3604 4921 3721 4974 sive

2084 5034 2113 5062 «
2145 5014 2426 5077 vivamus,
2459 5009 2704 5063 Domino
2735 5008 2980 5061 vivimus
3021 5026 3035 5074 ;
3072 5009 3189 5062 sive
3222 5010 3564 5079 moriamur,
3619 5011 3725 5063 Do-

2086 5121 2113 5149 ‹‹
2145 5100 2304 5153 mino
2336 5098 2645 5152 morimur.
2681 5097 2805 5152 Sive
2837 5113 2971 5168 ergo
3028 5096 3287 5152 vivamus
3315 5098 3460 5167 Qsive
3509 5098 3726 5151 moria~

2083 5211 2109 5237 ‹‹
2145 5205 2297 5252 mur,
2331 5186 2563 5241 Domini
2597 5202 2819 5241 sumus.
2856 5188 2921 5239 In
2980 5186 3091 5239 hoc
3142 5186 3298 5240 enim
3356 5186 3621 5239 Christus
3671 5192 3727 5239 et

2082 5300 2108 5326 (ι
2144 5281 2411 5331 mortuus
2444 5280 2533 5329 est
2564 5280 2620 5328 et
2647 5274 2970 5329 resurrexit
2998 5290 3065 5328 ac
3098 5274 3325 5338 revixit,
3362 5279 3426 5327 ut
3463 5278 3520 5327 et
3567 5290 3728 5328 mor-

2083 5384 2107 5415 ι
2144 5363 2262 5418 tuis
2293 5370 2351 5417 et
2380 5364 2521 5417 vivis
2552 5363 2911 5417 dominetur.
2948 5386 2969 5412 ι

2153 5452 2468 5515 Habemus,
2504 5452 2716 5522 inquit,
2749 5450 3064 5505 Dominum
3116 5449 3208 5502 cui
3270 5454 3329 5502 et
3378 5450 3621 5507 vivimus
3674 5456 3721 5509 si

2081 5542 2348 5608 vivimus,
2382 5542 2473 5597 cui
2501 5543 2678 5596 etiam
2710 5540 2999 5595 morimur
3031 5538 3079 5591 si
3111 5539 3418 5594 morimur.
3451 5542 3606 5598 886
3664 5544 3720 5599 Si

2081 5650 2215 5704 ergo
2246 5632 2317 5686 ad
2347 5634 2659 5687 Dominum
2693 5633 2808 5685 vita
2842 5646 3117 5699 morsque
3147 5631 3422 5700 pertinet,
3452 5632 3578 5705 ipse
3601 5638 3720 5692 dis-

2079 5726 2262 5794 ponet
2290 5739 2419 5792 qutn
2451 5739 2557 5777 nos
2584 5722 2953 5792 contingunt,
2982 5734 3173 5789 neque
3204 5723 3718 5793 oportetjudicare
