4106 6252
342 372 459 432 695

1462 368 1886 430 (ECUMENII
1933 369 2237 431 TtthCIE
2281 369 2656 434 EPISCOPI.

3636 373 3778 434 596

341 502 678 576 proximum
710 504 812 557 aut
842 499 1164 572 despicere.
1219 522 1247 550 «
1281 502 1426 557 Nam
1477 501 1595 557 sive
1645 500 1928 558 vivamus.
1967 522 1994 550 »

2114 497 2347 569 πλησίον
2380 504 2416 575 ἢ
2447 502 2761 575 ἐξουθενεῖν.
2797 529 2824 557 ιι
2857 505 2981 563 Ἐάν
3036 525 3093 561 τε
3152 504 3258 580 γὰρ
3293 508 3493 577 ζῶμεν.
3529 529 3556 557 ››
3597 505 3781 568 Ζωῆς

340 595 470 665 Ipse
503 590 798 662 siquidem
827 589 988 646 solus
1021 591 1150 645 vita:
1182 606 1247 644 ac
1280 591 1488 646 mortis
1523 589 1697 645 habet
1729 596 1985 666 potesta-

341 687 482 736 tem.
517 703 544 729 ‹‹
580 680 643 734 In
680 679 790 733 hoc
835 679 993 734 enim
1051 678 1316 734 Christus
1377 685 1432 733 et
1489 685 1758 735 mortuus
1817 684 1924 734 est.
1962 701 1988 728 »

344 770 654 825 Rationem
689 767 995 839 subjunxit
1023 785 1129 822 cur
1160 785 1268 822 nos
1301 773 1358 822 et
1388 769 1646 824 viventes
1678 772 1735 823 et
1772 769 1991 824 mortui

345 859 561 914 Christi
585 857 790 913 simus.
825 856 912 912 Ad
945 857 1069 912 haec
1101 862 1293 912 autem
1330 858 1507 913 etiam
1540 857 1689 912 illud
1712 856 1993 924 ostendit,

349 947 508 1019 quod
549 947 596 1002 si
627 951 787 1001 tanta
813 945 968 1000 circa
1001 963 1108 1001 nos
1163 963 1307 1002 usus
1359 952 1447 1001 est
1500 946 1881 1017 providentia,
1933 952 1996 1000 ut

350 1038 528 1094 etiam
588 1037 1052 1108 cruciﬁgeretur,
1103 1053 1481 1108 nequaquam
1532 1054 1639 1092 nos
1687 1037 1992 1106 despiciet.

351 1128 496 1182 Nam
529 1125 576 1181 si
605 1125 791 1180 nostri
843 1125 1021 1179 etiam
1068 1124 1210 1180 dum
1271 1125 1487 1180 mortui
1539 1141 1743 1180 sumus
1792 1141 1996 1181 curam

353 1214 550 1277 habet,
585 1214 769 1270 multo
803 1213 989 1286 magis
1021 1213 1159 1270 dum
1192 1213 1458 1269 vivimus.
1494 1214 1612 1268 Hoc
1644 1214 1824 1270 etiam
1855 1213 1995 1268 dicit

353 1305 635 1361 adversus
664 1321 761 1360 eos
795 1304 893 1375 qui
927 1303 1326 1360 condemnant
1355 1304 1513 1378 quod
1537 1305 1913 1362 infirmorum
1935 1304 1997 1359 in

354 1393 470 1449 ﬁde
505 1409 704 1448 curam
737 1391 955 1448 habeat
985 1393 1156 1458 Deus,
1191 1392 1264 1448 ob
1297 1392 1650 1450 immensam
1701 1393 1859 1450 circa
1889 1409 1998 1448 nos

353 1482 809 1555 providentiam,
836 1487 1044 1536 etcum
1068 1482 1167 1552 qui
1192 1482 1307 1536 ﬁde
1326 1482 1579 1553 pusillus
1606 1486 1695 1539 est
1719 1482 2000 1538 adhorta-

354 1578 470 1637 tur,
499 1571 652 1628 facta
667 1571 1097 1627 beneﬁciorum
1112 1572 1215 1627 Dei
1240 1572 1565 1629 mentione.
1596 1592 1622 1624 ιι
1643 1573 1709 1627 Et
1729 1577 1999 1628 mortuus

356 1667 446 1719 est
476 1667 534 1719 et
558 1662 902 1718 resurrexit.
941 1684 966 1710 ιι
998 1661 1164 1728 Quod
1193 1661 1386 1731 nobis,
1421 1663 1634 1735 inquit,
1668 1661 2002 1718 dominare-

360 1758 474 1820 tur,
500 1751 663 1822 prius
685 1751 1018 1823 ipsejustas
1049 1767 1256 1807 causas
1284 1751 1576 1824 deposuit.
1616 1771 1641 1804 ε
1671 1751 1743 1807 Ut
1774 1756 1831 1806 et
1860 1749 2001 1804 vivis

2096 589 2200 662 γὰρ
2259 590 2420 654 αὐτὸς
2475 591 2564 647 καὶ
2625 593 2857 656 θανάτου
2918 593 3084 666 μόνος
3145 588 3265 668 ἔχει
3329 595 3428 662 τήν
3487 591 3777 666 ἐξουσίαν.

2101 699 2128 728 ιι
2165 676 2255 739 Εἷς
2286 683 2446 735 τοῦτο
2477 680 2580 755 γὰρ
2613 681 2840 756 Χριστὸς
2897 682 2984 737 καὶ
3041 681 3295 745 ἆπὲθανε.
3357 705 3387 734 ι)
3437 683 3535 736 Τὸν
3592 682 3785 756 λογι-

2101 766 2237 838 σμὸν
2294 766 2551 844 ἐπήγαγε,
2606 775 2704 825 τοῦ
2759 772 2849 828 καὶ
2910 775 3120 841 ζῶντας
3172 773 3324 843 ἡμᾶς
3384 770 3474 826 καὶ
3541 773 3787 826 ἀποθα-

2101 855 2288 918 νόντας
2320 859 2448 913 εἶναι
2479 862 2574 912 τοῦ
2631 864 2888 933 Χριστοῦ.
2945 861 3089 934 Πρὸς
3149 857 3206 916 δὲ
3261 859 3479 924 τούτοις
3531 859 3786 916 κάκεῖνο

2103 943 2392 1020 δείκνυσιν,
2427 946 2531 1017 ὅτι,
2567 947 2753 1024 φησὶν,
2788 949 2848 1006 Εἴ
2895 949 3132 1024 τοσαύτῃ
3195 949 3320 1025 περὶ
3377 952 3522 1023 ἡμᾶς
3580 947 3766 1025 ἐχρή-

2103 1057 2237 1092 σατο
2295 1037 2525 1107 προνοίᾳ
2583 1038 2656 1099 ὡς
2709 1038 2798 1093 καὶ
2858 1041 3261 1114 σταυρωθῆναι,
3319 1038 3418 1093 οὐκ
3473 1037 3532 1093 ἄν
3592 1042 3748 1111 ἡμῶν

2102 1129 2520 1204 καταφρονήσει.
2580 1127 2647 1183 Εἴ
2698 1128 2798 1202 γὰρ
2851 1124 2942 1182 καὶ
3001 1127 3383 1190 ἀποθανόντων
3428 1131 3586 1202 ἡμῶν
3616 1149 3750 1204 προ-

2100 1220 2232 1282 νοεῖ,
2275 1213 2472 1286 πολλῷ
2527 1213 2739 1287 μᾶλλον
2797 1217 3040 1286 ζώντων.
3101 1219 3276 1275 Τοῦτο
3333 1213 3388 1272 δὲ
3439 1217 3570 1290 πρὸς
3629 1218 3755 1279 τοῦς

2099 1302 2519 1378 κατακρίνοντας
2551 1302 2722 1382 λέγει,
2765 1305 2849 1362 ὅτι
2909 1310 3279 1384 φροντισθῶσι
3335 1306 3479 1384 παρᾶ
3531 1311 3650 1379 Θεῷ
3707 1310 3756 1362 οἱ

2104 1393 2336 1458 ἀσθενεῖς
2391 1397 2458 1468 τῇ
2514 1392 2714 1465 πίστει,
2776 1392 2864 1451 διὰ
2919 1396 3020 1464 τὴν
3080 1395 3348 1465 τοσαύτην
3424 1395 3584 1451 αὐτοῦ
3634 1413 3758 1474 περὶ

2103 1482 2307 1545 πάντας
2332 1483 2613 1557 πρόνοιαν’
2671 1485 2761 1539 καὶ
2816 1485 2910 1541 τὸν
2971 1481 3330 1561 ὀλιγόπιστον
3387 1481 3445 1540 δὲ
3493 1483 3770 1560 ἐντρέπει,

2104 1575 2210 1627 τῶν
2245 1571 2563 1647 εὐεργεσιῶν
2593 1571 3026 1646 ὑπομιμνήσκων
3052 1577 3150 1628 τοῦ
3204 1577 3364 1631 Θεοῦ.
3401 1598 3422 1627 ε
3487 1575 3587 1630 Καὶ
3652 1575 3787 1629 ἀπ-

2106 1659 2259 1715 ἐθανε
2287 1660 2376 1716 καὶ
2423 1658 2642 1731 ἀνέστη.
2678 1685 2706 1711 ››
2770 1662 3146 1735 Δικαιώματα,
3205 1661 3361 1736 φησὶ,
3422 1663 3785 1739 προαπέθετο

2103 1753 2205 1817 τῆς
2262 1743 2529 1822 ἡμετέρας
2577 1744 2913 1812 δεσποτείας,
2972 1770 3003 1805 ι(
3059 1751 3175 1806 Ἵνα
3229 1749 3318 1804 καὶ
3393 1754 3598 1827 νεκρῶν
3667 1753 3777 1807 καὶ

359 1846 417 1896 et
432 1841 681 1896 mortuis
703 1840 1060 1895 dominetur.
1089 1864 1108 1890 ι
1161 1839 1280 1894 Hoc
1311 1845 1418 1894 est.
1455 1840 1671 1896 animis
1703 1844 1761 1894 et
1788 1856 2000 1914 corpo-

2114 1837 2327 1908 ζώντων
2356 1835 2637 1913 κυριεύσῃ.
2673 1862 2701 1889 ››
2733 1839 3016 1909 Τουτέστι,
3065 1842 3258 1916 ψυχῶν
3316 1838 3406 1895 καὶ
3465 1841 3775 1912 σωμάτων.

357 1933 555 1990 ribus:
577 1933 665 1988 illi
689 1933 847 1988 enim
881 1939 1020 1988 sunt
1050 1930 1437 1997 immortales,
1473 1931 1586 1985 ista
1615 1946 1748 1984 vero
1779 1933 1998 1985 morta-

352 2023 454 2079 lia.
490 2025 575 2079 lta
602 2021 779 2080 habet
835 2022 1002 2080 divus
1055 2020 1387 2076 Methodius
1435 2019 1586 2075 libro
1636 2019 1708 2075 De
1755 2034 1999 2075 resurre-

355 2117 553 2169 ctione.
1395 2124 1400 2128 ‘

422 2221 575 2287 XIV,
609 2219 807 2277 40-13.
841 2240 868 2269 ιι
889 2219 971 2272 Tu
993 2234 1126 2272 vero
1149 2233 1256 2272 cur
1263 2215 1500 2288 judicas
1521 2215 1766 2272 fratrem
1789 2214 2002 2271 tuum?

352 2328 382 2358 ιι
415 2311 531 2362 Aut
561 2308 740 2364 etiam
769 2312 833 2362 tu
863 2323 968 2362 cur
998 2304 1254 2376 despicis
1276 2304 1520 2360 fratrem
1543 2304 1752 2362 tuum?
1781 2308 2002 2360 Omnes

359 2420 381 2447 ι
418 2399 577 2452 enim
605 2403 935 2452 statuemur
960 2400 1096 2452 ante
1130 2395 1387 2450 tribunal
1417 2395 1654 2450 Christi.
1707 2394 2002 2464 Scriptum

355 2508 383 2537 ιι
420 2491 506 2541 est
539 2487 698 2542 enim
729 2503 742 2540 :
776 2488 912 2540 Vivo
972 2501 1094 2557 ego,
1142 2484 1289 2538 dicit
1327 2484 1636 2540 Dominus.
1691 2483 1825 2537 Mihi
1872 2497 2000 2537 sese

357 2596 386 2626 «
419 2576 619 2631 ﬂectet
644 2592 820 2631 omne
846 2591 1021 2647 genu,
1056 2579 1112 2630 et
1143 2573 1338 2628 omnis
1369 2574 1569 2645 lingua
1600 2570 1999 2627 conﬁtebitur.

359 2687 388 2716 ιι
421 2667 556 2723 Deo.
590 2665 1010 2735 Unusquisque
1045 2663 1222 2735 igitur
1253 2667 1521 2717 nostrum
1565 2661 1635 2714 de
1670 2661 1864 2730 seipso
1909 2676 2000 2716 ra~

363 2775 383 2804 ε
419 2756 644 2809 tionem
676 2753 842 2808 dabit
872 2755 1010 2809 Deo.
1044 2755 1124 2807 Ne
1155 2753 1399 2823 posthac
1430 2751 1608 2822 igitur
1637 2750 1790 2806 alius
1820 2749 2002 2806 alium

362 2863 384 2891 ε
413 2841 774 2912 judicemus,
806 2857 1008 2896 verum
1041 2839 1190 2896 illud
1210 2840 1478 2910 judicate
1508 2839 1696 2911 magis
1720 2853 1795 2894 ne
1825 2854 2006 2908 pona-

358 2953 386 2980 ιι
422 2935 516 2986 tur
546 2931 794 2986 oﬂ‘ensio
826 2929 992 2986 fratri
1024 2935 1126 2986 aut
1154 2929 1604 2986 oﬂendiculum.
1638 2947 1662 2972 ἰ

425 3130 684 3196 Rursum
715 3143 909 3182 sermo
942 3125 1029 3181 illi
1061 3130 1151 3182 est
1175 3125 1249 3181 ad
1280 3142 1415 3180 eum
1449 3125 1549 3196 qui
1583 3125 1699 3180 fide
1746 3125 2002 3197 pusillus

2112 1927 2180 1982 Αἱ
2215 1927 2309 1998 μὲν
2340 1928 2444 2002 γάρ
2476 1927 2611 1983 εἷ’σιν
2642 1926 2916 1994 ἀθάνατοι,
2946 1927 3013 1983 τᾶ
3043 1925 3100 1984 δὶ
3157 1930 3343 2000 θνητά.
3393 1929 3578 1994 Οὕτως
3605 1931 3698 1986 καὶ
3735 1932 3771 1986 ὁ

2107 2016 2263 2090 ἅγιος
2292 2013 2558 2080 Μεθόδιος
2580 2015 2630 2071 ἐν
2662 2020 2742 2089 τῷ
2775 2016 2904 2091 Περὶ
2938 2016 3272 2080 ἀναστάσεως
3305 2015 3477 2094 λόγῳ.

2180 2211 2255 2266 Συ
2331 2209 2390 2266 δὶ
2443 2210 2496 2266 τί
2546 2212 2749 2284 κρίνεις
2806 2213 2898 2268 τὸν
2953 2210 3185 2292 ἀδελφόν
3251 2232 3394 2283 σου;
3453 2212 3488 2282 ἤ
3549 2213 3637 2268 καὶ
3702 2215 3768 2269 σὺ

2103 2299 2156 2355 τί
2237 2297 2530 2372 ἐξουθενεῖς
2618 2299 2710 2357 τὸν
2792 2299 3026 2380 ἀδελφόν
3101 2321 3196 2358 σου
3257 2322 3271 2370 ;
3369 2303 3576 2365 Πάντες
3662 2304 3768 2380 γάρ

2106 2389 2567 2463 παραστησόμεθα
2646 2394 2725 2462 τῷ
2835 2391 3044 2464 βήματι
3153 2393 3249 2445 τοῦ
3328 2391 3588 2464 Χριστοῦ.
3673 2393 3770 2448 Γὲ-

2107 2497 2343 2553 γραπται
2402 2479 2528 2553 γὰρ,
2583 2482 2667 2534 Ζῶ
2729 2476 2863 2552 ἐγὼ,
2951 2479 3095 2554 λέγει
3174 2479 3401 2552 Κύριος,
3481 2479 3564 2534 ὅτι
3641 2480 3771 2554 ἐμοὶ

2104 2565 2308 2640 κάμψει
2366 2571 2470 2622 πᾶν
2526 2565 2680 2641 γόνυ,
2738 2567 2828 2622 καὶ
2899 2573 3041 2621 πᾶσα
3101 2565 3326 2644 γλῶσσα
3410 2567 3769 2644 ἐξομολογή-

2108 2676 2255 2710 σεται
2343 2659 2423 2726 τῷ
2503 2660 2637 2728 Θεῷ.
2703 2660 2839 2731 Ἀρα
2923 2653 3012 2711 οὖν
3091 2654 3318 2720 ἕκαστος
3402 2660 3564 2730 ἡμῶν
3640 2653 3768 2736 περῖ

2107 2745 2299 2800 ἑαυτοῦ
2359 2742 2526 2820 λόγον
2589 2742 2748 2800 δώσει
2805 2750 2886 2817 τῷ
2952 2751 3090 2818 Θεῷ.
3143 2747 3356 2816 Μηκέτι
3424 2747 3519 2802 οὗν
3577 2747 3768 2820 ἀλλή-

2111 2830 2240 2892 λους
2307 2834 2614 2908 κρίνωμεν,
2677 2832 2821 2890 ἀλλὰ
2879 2838 3040 2892 τοῦτο
3100 2836 3321 2910 κρίνατε
3390 2835 3625 2908 μᾶλλον,
3693 2837 3756 2891 τὸ

2112 2926 2189 2995 μὴ
2247 2924 2448 2979 τιθέναι
2511 2924 2848 3000 πρόσκομμα
2919 2931 3000 2998 τῷ
3073 2924 3298 3002 ἀδελφῷ
3408 2925 3442 2998 ἤ
3510 2924 3745 2982 σκάνδα-

2108 3010 2224 3067 λον.

2181 3119 2323 3193 Ηρὸς
2353 3119 2444 3175 τὸν
2477 3119 2835 3198 ὀλιγόπιστον
2866 3120 3034 3177 πάλιν
3089 3121 3235 3195 αὐτῷ
3284 3124 3313 3178 ὁ
3364 3121 3556 3198 λόγος.
3589 3146 3619 3175 οι
3653 3123 3767 3181 Καὶ

355 3223 464 3274 est.
506 3238 527 3266 ι
560 3217 750 3272 Etiam
783 3222 844 3270 tu
875 3233 982 3272 cur
1010 3215 1265 3287 despicis
1298 3215 1542 3270 fratrem
1577 3221 1743 3270 tuum
1764 3215 1792 3270 ?
1826 3238 1852 3264 ››
1900 3216 2000 3271 llic

2114 3208 2171 3264 σὺ
2201 3208 2254 3264 τί
2284 3208 2576 3282 ἐξουθενεῖς
2598 3211 2692 3265 τὸν
2722 3209 2959 3288 ἀδελφόν
2999 3233 3095 3267 σου
3121 3233 3135 3280 ;
3172 3236 3200 3264 »
3233 3212 3375 3286 Πρὸς
3419 3214 3515 3268 τὸν
3547 3211 3770 3288 ἑδραῖον

355 3323 548 3363 sermo
581 3305 654 3361 ad
687 3322 822 3360 eum
855 3305 954 3375 qui
981 3305 1095 3359 ﬁde
1119 3305 1326 3359 firmus
1348 3309 1438 3358 est
1470 3303 1758 3374 dirigitur.
1782 3304 2000 3358 Fratris

354 3401 552 3451 autem
584 3395 825 3448 nomine
858 3393 1028 3447 solvit
1059 3393 1178 3447 illis
1211 3393 1673 3448 contentionem.
1709 3393 2001 3464 Scriptum

356 3489 446 3540 est
472 3483 668 3538 enim:
710 3505 729 3531 ι
764 3481 901 3535 Vivo
933 3497 1058 3552 ego,
1096 3503 1122 3530 ››
1157 3487 1266 3536 etc.
1313 3480 1556 3535 Videtur
1608 3481 1846 3550 quidem
1897 3498 2004 3552 per

354 3571 681 3646 prophetiae
727 3568 1145 3624 deductionem
1206 3568 1278 3623 ad
1330 3569 1681 3624 modestiam
1730 3585 2002 3624 revocare

358 3661 618 3726 fidelem,
654 3676 726 3714 ne
752 3659 1154 3731 judaizantem
1189 3658 1521 3729 despiceret
1549 3674 1561 3713 :
1597 3663 1779 3713 totam
1804 3663 2002 3713 tamen

357 3750 711 3825 particulam
735 3749 1036 3820 dixit,ejus
1061 3749 1162 3819 qui
1181 3748 1716 3819 adhucjudaizaret
1736 3749 2004 3804 animum

358 3838 706 3895 concutiens
736 3852 748 3892 :
783 3837 878 3891 hic
911 3835 1150 3906 quidem
1178 3835 1390 3908 judicii
1415 3836 1737 3905 mentione,
1764 3835 1843 3890 ibi
1868 3851 2003 3893 vero

356 3927 572 3984 Christi
612 3925 917 3981 beneﬁciis
976 3926 1314 3981 exhortans.
1375 3926 1605 3980 Etenim
1665 3925 1712 3980 si
1773 3941 2002 3994 omnes,

355 4018 572 4089 inquit,
601 4022 736 4071 ante
767 4016 1066 4072 Christum
1091 4020 1460 4070 statuemnr:
1489 4021 1548 4070 et
1573 4016 1719 4088 ipse,
1744 4033 1863 4072 non
1887 4017 2003 4084 lex,

357 4108 648 4162 rationem
681 4123 713 4161 a
743 4105 916 4160 nobis
947 4107 1140 4177 exiget
1168 4121 1180 4160 :
1215 4123 1321 4159 cur
1353 4111 1415 4159 tu
1445 4105 1557 4177 legi
1590 4105 1925 4174 adhaarens,
1949 4111 2006 4160 et

357 4213 477 4251 non
526 4197 823 4251 Christum
874 4195 1061 4250 semel
1125 4195 1573 4266 apprehendis?
1605 4219 1625 4242 ι
1679 4196 1814 4251 Mihi
1871 4209 2002 4250 sese

357 4285 555 4341 ﬂectet
594 4302 769 4340 omne
826 4301 999 4358 genu.
1040 4308 1065 4333 ››
1125 4284 1270 4339 387
1337 4285 1613 4338 Omnium
1671 4283 2002 4340 dominium

356 4375 495 4430 huic
528 4375 770 4430 subesse
794 4380 1126 4429 attestatur.
1154 4396 1179 4422 «
1209 4377 1273 4426 Et
1296 4373 1491 4427 omnis
1523 4372 1727 4444 lingua
1758 4373 2001 4428 confite-

357 4465 536 4521 bitur.
569 4481 594 4510 ν
627 4464 873 4535 Propria
924 4463 1198 4517 videlicet
1246 4468 1508 4532 peccata,
1559 4477 1628 4514 ex
1677 4462 1805 4532 ipsa
1861 4478 2000 4518 con-

361 4555 630 4621 scientia,
658 4560 937 4624 tanquam
973 4553 1208 4624 prOprio
1233 4551 1446 4622 judici.
1475 4579 1538 4590 —-
1559 4549 1743 4606 Aliud.
1773 4551 2002 4606 Dictum

363 4648 453 4696 est
483 4641 554 4696 de
586 4645 701 4697 Deo
733 4643 904 4696 Patre
937 4640 1092 4712 quod
1124 4641 1218 4695 hic
1249 4639 1483 4694 nullum
1514 4639 1765 4710 judicat,
1791 4639 2003 4711 sedju-

364 4731 584 4785 dicium
618 4730 781 4784 dedit
810 4731 956 4784 Filio
987 4731 1051 4783 ⁵⁵.
1115 4729 1488 4802 Manifestum
1539 4746 1674 4799 ergo
1729 4728 1887 4799 quod
1931 4727 2003 4783 de

353 4819 558 4891 judice
591 4817 1004 4872 dictumfuerit
1032 4834 1065 4872 a
1094 4819 1297 4885 Paulo,
1331 4838 1359 4868 «
1392 4817 1781 4872 Confitebitur
1815 4819 1949 4885 Deo,
1977 4839 2005 4866 »

363 4913 420 4963 et
453 4929 478 4956 «
513 4906 825 4962 Rationem
859 4906 1020 4961 dabit
1054 4908 1189 4960 Deo.
1225 4929 1247 4952 τι
1279 4907 1484 4977 Itaque
1542 4906 1809 4960 Christus
1853 4907 2006 4960 Deus

361 5003 468 5064 est,
504 4997 683 5052 etiam
712 4995 759 5050 si
792 4995 985 5050 nolint
1007 4996 1192 5066 impii.
1224 5019 1250 5044 «
1284 4997 1362 5050 Ne
1394 4996 1639 5067 posthac
1660 4995 1840 5068 igitur
1855 4995 2006 5050 altus

359 5087 543 5142 alium
568 5085 929 5158 judicemus.
965 5108 986 5130 ι)
1020 5085 1274 5138 Rursum
1305 5085 1495 5155 primo
1517 5086 1703 5140 haeret
1723 5085 2006 5154 sermoni,

358 5193 432 5232 ne
467 5177 680 5230 timore
714 5173 982 5228 videatur
1013 5171 1220 5227 fecisse
1246 5172 1457 5244 judicii
1491 5175 1876 5242 mentionem,
1902 5173 2006 5229 sed

359 5265 615 5336 quadam
649 5263 944 5320 sermonis
977 5262 1428 5332 consequentia.
1463 5285 1490 5312 «
1525 5265 1604 5317 Ne
1636 5269 1891 5335 ponatur
1918 5263 2004 5318 of-

358 5355 569 5409 fensio.
607 5381 627 5407 ι
666 5356 781 5409 Hoc
815 5359 872 5406 et
901 5351 972 5407 ad
1007 5367 1141 5406 eum
1177 5351 1275 5422 qui
1311 5351 1541 5406 sincere
1600 5352 1792 5406 ﬁdelis
1831 5356 1922 5406 est
1952 5357 2011 5405 et

361 5442 435 5495 ad
466 5444 637 5497 illum
671 5444 771 5513 qui
795 5443 986 5496 adhuc
1005 5440 1268 5512 judaizat
1298 5445 1553 5511 aptatur.
1583 5443 1725 5495 Nam
1749 5446 1806 5494 et
1827 5441 1878 5494 is
1909 5442 2008 5510 qui

361 5531 659 5599 perfectus
692 5536 837 5598 erat,
871 5529 1282 5585 oti‘endebatur
1312 5529 1720 5584 observatione
1742 5529 2010 5584 ciborum

433 5655 482 5690 ⁸⁵
508 5656 674 5712 Joan.
707 5669 759 5722 ν,
797 5655 885 5708 22.

2111 3303 2178 3374 τῇ
2209 3299 2385 3356 πίστει
2418 3300 2446 3355 ὁ
2478 3299 2648 3376 λόγος
2681 3301 2863 3363 οὗτος.
2896 3300 2994 3375 Τῷ
3024 3300 3081 3358 δι
3111 3301 3340 3376 ὀνόματι
3367 3300 3464 3358 τοῦ
3497 3300 3776 3382 ἀδελφοῦ,

2113 3387 2230 3444 λύει
2265 3389 2450 3452 αὐτοῖς
2481 3390 2582 3458 τήν
2615 3387 2745 3465 ἔριν.
2789 3415 2817 3443 ιι
2860 3395 2946 3445 Ζῶ
2975 3390 3102 3465 ἐγὼ,
3146 3415 3174 3443 ››
3203 3391 3292 3446 καὶ
3321 3391 3388 3446 τὰ
3432 3391 3577 3462 δξῆς.
3614 3400 3780 3449 Δοκεῖ

2119 3479 2213 3551 μὲν
2245 3475 2333 3532 διὰ
2362 3485 2464 3547 τῆς
2507 3486 2841 3555 παραγωγῆς
2878 3487 2981 3549 τῆς
3037 3478 3392 3558 προφητείας,
3452 3482 3546 3535 καὶ
3605 3501 3777 3537 κατα-

2115 3563 2362 3621 στέλλειν
2392 3568 2482 3622 τὸν
2510 3567 2726 3638 πιστὸν,
2759 3568 2833 3631 είς
2887 3568 2951 3623 τὸ
3010 3569 3087 3641 μὴ
3146 3566 3436 3639 ἐξουθενεῖν
3489 3570 3588 3625 τὸν
3643 3572 3780 3628 Ἰου-

2115 3648 2390 3722 δαῒζοντα,
2421 3653 2571 3724 πλὴν
2605 3653 2738 3710 ὃλον
2767 3655 2829 3709 τὸ
2859 3655 3069 3733 χωρίον
3127 3653 3267 3727 ε’ίπε,
3305 3656 3609 3711 κατασείων
3669 3661 3772 3726 τὴν

2114 3742 2299 3816 ψυχήν
2357 3744 2454 3797 τοῦ
2507 3741 2898 3814 Ἰουδαῒζοντος
2955 3740 3052 3814 ἔτι,
3110 3742 3218 3799 ὧδε
3279 3745 3373 3818 μὲν
3429 3748 3498 3819 τῇ
3571 3748 3767 3820 μνήμῃ

2113 3837 2213 3899 τῆς
2269 3831 2516 3905 κρίσεως,
2575 3829 2685 3888 ἄνω
2746 3831 2803 3887 δὲ
2858 3839 2977 3895 ταῖς
3035 3832 3367 3909 εὐεργεσίαις
3439 3835 3606 3889 αὐτοῦ
3665 3840 3764 3888 τοῦ

2115 3921 2354 3996 Χριστοῦ
2384 3919 2672 3997 ἐντρέπων.
2705 3923 2772 3980 El
2821 3924 2925 3997 γάρ
2979 3927 3062 3995 τῷ
3106 3923 3346 3997 Χριστῷ,
3378 3923 3528 4001 φησὶ,
3557 3923 3751 3982 πάντες

2115 4012 2595 4084 παραστησόμεθα,
2629 4013 2718 4066 καί
2755 4011 2916 4073 αὐτὸς
2949 4015 3117 4085 ἡμᾶς,
3177 4013 3268 4067 καὶ
3317 4011 3426 4088 οὐχ
3482 4013 3508 4066 ὁ
3561 4009 3755 4084 νόμος,

2115 4099 2339 4161 εὐθύνας
2397 4100 2706 4170 ἀπαιτήσει·
2759 4101 2811 4156 τί
2871 4100 2933 4154 σὺ
2988 4099 3092 4176 ἔχῃ
3153 4105 3250 4156 τοῦ
3301 4102 3498 4175 νόμου,
3552 4101 3642 4156 καὶ
3703 4100 3768 4155 οὐ

2114 4188 2353 4257 καθάπαξ
2409 4183 2757 4261 ἐπιλαμϐάνῃ
2809 4193 2906 4242 τοῦ
2985 4194 3218 4265 Χριστοῦ
3281 4216 3295 4259 ;
3355 4214 3384 4242 ς(
3439 4192 3564 4247 Ὀτι
3640 4188 3772 4262 ἐμοὶ

2114 4275 2318 4348 κάμψει
2349 4281 2454 4330 πᾶν
2486 4275 2639 4350 γόνυ.
2674 4295 2703 4326 ››
2759 4277 2868 4345 Την
2931 4276 3181 4332 ἁπάντων
3241 4278 3391 4333 αύτῶ
3450 4275 3772 4333 δεσποτείαν

2120 4369 2401 4436 μαρτυρεῖ.
2435 4389 2462 4415 ιι
2497 4364 2599 4420 Καὶ
2630 4369 2772 4419 πᾶσα
2801 4363 3028 4440 γλῶσσα
3083 4365 3565 4443 ἐξομολογήσεται.
3601 4390 3631 4418 ››
3663 4369 3772 4429 Τὰς

2115 4451 2310 4514 είκείας
2380 4454 2647 4528 ἁμαρτίας
2729 4453 2780 4524 ἐξ
2859 4455 3028 4511 αὐτοῦ
3111 4459 3209 4511 τοῦ
3288 4453 3612 4526 συνειδότος,
3674 4457 3771 4512 ἅτε

2113 4545 2298 4617 κριτῇ.
2354 4572 2424 4586 --
2480 4539 2726 4606 Ἄλλως.
2788 4545 3132 4618 [ΟΙΚΟΥΜ.]
3207 4546 3435 4621 Εἴρηται
3487 4546 3613 4620 περὶ
3670 4549 3772 4602 τοῦ

2115 4635 2248 4685 Θεοῦ
2279 4631 2368 4685 καὶ
2401 4631 2633 4705 Ματρὸς,
2692 4631 2776 4686 ὅτι
2828 4631 2992 4694 αὐτὸς
3047 4633 3220 4708 κρίνει
3278 4632 3491 4703 ούδὲνα,
3545 4635 3648 4703 τήν
3706 4631 3768 4689 δὲ

2116 4721 2290 4794 κρίσιν
2347 4717 2545 4774 δέδωκε
2599 4724 2677 4792 τῷ
2737 4722 2866 4793 Υἱῷ.
2927 4719 3107 4790 Δῆλον
3167 4722 3260 4776 οὗν
3334 4724 3408 4785 ὡς
3481 4725 3605 4798 περῖ
3664 4728 3765 4779 τοῦ

2116 4812 2304 4882 κριτοῦ
2361 4806 2575 4883 εἷ’ρηται
2631 4813 2710 4880 τῷ
2764 4807 2967 4881 Παύλῳ
3023 4810 3106 4879 τὸ,
3167 4833 3196 4864 α
3264 4811 3768 4889 Ἐξομολογήσεται

2117 4903 2196 4970 τῷ
2224 4902 2355 4970 Θεῷ.
2389 4920 2418 4951 ››
2479 4898 2576 4952 Καὶ
2628 4897 2711 4966 τὸ,
2775 4919 2796 4948 ι
2858 4897 3035 4973 Λόγον
3098 4897 3260 4955 δώσει
3286 4905 3368 4973 τῷ
3396 4905 3530 4974 Θεῷ.
3564 4925 3594 4954 ii
3627 4903 3773 4978 ’Δρα

2122 4989 2251 5050 Θεὸς
2305 4990 2334 5042 ὁ
2392 4986 2646 5060 Χριστὸς,
2705 4985 2802 5042 κᾶξν
2865 4989 2915 5043 οἱ
2974 4985 3184 5052 ἀσεϐεῖς
3259 4992 3338 5066 μὴ
3434 4990 3770 5068 βούλωνται.

2126 5102 2153 5131 ιι
2183 5075 2393 5148 Μηκέτι
2421 5076 2510 5132 οὖν
2543 5076 2834 5149 ἀλλήλους
2863 5075 3156 5152 κρίνωμεν.
3192 5102 3221 5132 »
3276 5080 3447 5137 Πάλιν
3493 5087 3590 5138 τοῦ
3618 5082 3778 5159 πρώ-

2122 5189 2218 5223 του
2252 5164 2439 5247 ἕχεται
2472 5165 2784 5242 λόγου,⁹ίνα
2811 5170 2887 5242 μή
2949 5166 3077 5244 δόξῃ
3130 5167 3216 5225 διὰ
3272 5167 3444 5246 φόϐον
3500 5181 3598 5243 τῆς
3653 5175 3778 5250 κρί-

2127 5277 2262 5320 σεως
2299 5264 2632 5329 μνησθῆναι,
2675 5255 2824 5312 ἀλλὰ
2877 5255 2966 5312 διά
3019 5278 3140 5314 τινα
3193 5259 3363 5334 λόγου
3422 5262 3774 5327 ἀκολουθίαν.

2132 5373 2158 5400 ιι
2190 5348 2267 5404 Τὸ
2303 5348 2380 5420 μὴ
2413 5347 2612 5402 τιθέναι
2645 5347 2998 5421 πρόσκομμα.
3035 5371 3062 5400 ››
3110 5351 3292 5404 Τοῦτο
3351 5351 3441 5406 καὶ
3499 5354 3634 5428 πρὸς
3681 5356 3775 5408 τὸν

2129 5436 2401 5512 εἷλικρινῆ
2432 5436 2644 5507 πιστὸν,
2685 5437 2775 5491 καὶ
2824 5437 2919 5492 τὸν
2973 5431 3052 5492 ἔτι
3111 5435 3474 5509 Ἰουδαῒζοντα
3519 5444 3770 5517 ἁρμόζει.

2127 5527 2229 5586 Καὶ
2260 5527 2360 5602 γὰρ
2393 5527 2420 5580 ὁ
2451 5524 2661 5587 τέλειος
2720 5523 3130 5595 ἐσκανδαλίζετο
3184 5531 3252 5603 τῇ
3289 5534 3400 5584 τῶν
3460 5532 3772 5605 βρωμάτων
