4106 6252
280 431 397 490 591

1384 425 1807 491 COMMENT.
1857 424 1934 485 IN
1986 421 2233 486 EPIST.
2276 423 2383 484 AD
2431 423 2618 486 ROM.

3595 430 3712 492 598

282 560 675 635 παρατηρήσει
708 559 808 614 τοῦ
840 558 1099 631 πλησίον,
1140 561 1226 615 καὶ
1288 559 1315 613 ὁ
1373 558 1440 615 τὰ
1500 556 1768 633 βρώματα
1814 573 1944 628 παρ-

2067 556 2340 627 proximi,
2376 562 2433 610 et
2462 557 2510 611 is
2540 557 2643 628 qui
2672 556 2835 613 cibos
2862 556 3230 625 observabat,
3262 560 3594 617 vehementi
3625 562 3711 618 in-

285 649 647 721 αιτούμενος,
706 652 777 721 τῇ
866 647 1074 723 σιροδρᾷ
1131 647 1418 721 ἐπιπλήξει
1481 651 1582 701 τοῦ
1641 643 1949 718 εἰλικρινῶς

290 744 514 799 πιστοῦ.
570 746 735 794 Ὥστε
800 745 896 813 μιᾷ
952 735 1246 812 συμϐουλῇ
1301 739 1424 801 τοὺς
1485 735 1579 792 δύο
1639 732 1951 809 διορθοῦται

292 830 594 903 ἀπέχεσθαι
625 828 862 901 τούτων,
901 827 933 885 ἃ
965 829 1234 887 σκανάλου
1283 829 1550 905 πρόφασις
1607 830 1686 898 τῷ
1716 822 1951 894 πλησίον

288 925 527 995 γίνεται.

364 1007 502 1067 Οἶδα
604 1009 694 1064 καὶ
770 1006 1053 1080 πέτεισμαι
1146 1008 1197 1062 ἐν
1277 1006 1456 1081 Κυρίῳ
1556 1007 1789 1075 Ἰησοῦ,
1866 1000 1950 1057 ὅτι

283 1096 449 1155 οὐδὲν
524 1099 709 1152 κοινὸν
786 1094 858 1151 δι’
930 1098 1119 1165 αὐτοῦ,
1162 1097 1211 1151 ετξ
1287 1098 1362 1170 μὴ
1439 1100 1518 1167 τῷ
1596 1091 1951 1169 λογιζομένῳ

282 1210 341 1244 τι
400 1187 587 1242 κοινὸν
646 1186 809 1254 εἶναι,
872 1184 1059 1258 ἐκείνῳ
1115 1187 1300 1240 κοινόν
1334 1229 1349 1243 .
1406 1183 1470 1241 Ei
1539 1182 1596 1237 δὶ
1655 1179 1743 1237 διὰ
1802 1182 1951 1254 βρῶ-

294 1298 377 1351 μα
429 1278 457 1331 ὁ
512 1273 750 1352 ἀδελφός
831 1294 928 1329 σου
1003 1273 1301 1343 λυπεῖται,
1361 1272 1460 1327 οὐκ
1515 1267 1591 1327 ἔτι
1644 1270 1779 1325 κατὰ
1826 1266 1953 1341 ἀγά-

291 1388 412 1435 πην
495 1368 827 1439 περιπατεῖς.
908 1363 1000 1431 Μὴ
1084 1367 1163 1435 τῷ
1253 1360 1502 1437 βρώματί
1588 1380 1684 1414 σου
1746 1357 1948 1413 ἐκεῖνον

296 1452 593 1523 ἀπόλλυε,
683 1453 814 1526 ὑπὲρ
876 1453 937 1506 οὗ
996 1450 1225 1526 Χριστός
1284 1451 1555 1514 ἀπέθανε.
1620 1449 1712 1517 Μὴ
1778 1444 1953 1521 βλασ-

291 1542 587 1622 φημείσθω
648 1542 742 1597 οῦν
785 1544 937 1615 ὑμῶν
1008 1542 1071 1596 τὸ
1148 1540 1366 1613 ἀγαθόν.
1469 1540 1546 1597 Οὐ
1648 1539 1750 1612 γὰρ
1811 1535 1952 1590 ἐστιν

282 1637 320 1703 ἡ
387 1631 649 1708 βασιλεία
706 1636 804 1687 τοῦ
890 1634 1023 1687 Θεοῦ
1110 1632 1317 1705 βρὼσις
1390 1629 1479 1684 καὶ
1551 1628 1730 1692 πόσις,
1804 1622 1949 1680 ἀλλὰ

282 1720 616 1792 δικαιοσύνη
674 1722 765 1776 καὶ
864 1720 1055 1795 εἰρήνη
1160 1720 1250 1774 καὶ
1354 1719 1521 1793 χαρὰ,
1626 1716 1678 1770 ὲν
1782 1713 1949 1771 Πνεῦ-

289 1832 423 1883 ματι
460 1806 621 1885 ἃγίῳ.
692 1811 753 1865 Ὁ
809 1810 911 1884 γὰρ
972 1808 1022 1864 ἐν
1081 1808 1296 1869 τούτοις
1356 1805 1623 1863 δουαεῦων
1686 1808 1764 1876 τῷ
1819 1808 1949 1875 Χρι-

2058 649 2397 718 crepatione
2430 648 2591 703 illius
2626 649 2727 719 qui
2760 649 2989 705 sincere
3021 649 3319 707 credebat.
3354 651 3477 707 Uno
3509 652 3710 722 itaque

2057 734 2305 790 consilio
2328 736 2477 791 duos
2531 738 2789 809 corrigit,
2842 742 2905 792 ut
2936 737 3008 793 ab
3062 738 3155 793 his
3208 738 3548 796 abstineant
3572 757 3704 811 quin

2056 826 2325 894 proximo
2360 826 2509 881 fiunt
2537 828 2766 882 occasio
2795 826 3077 883 scandali.

2126 1006 2267 1073 XIV,
2304 1008 2490 1064 1418.
2525 1030 2552 1057 ιι
2588 1008 2716 1062 Scio
2750 1007 2988 1078 quidem
3020 1013 3077 1064 et
3105 1025 3455 1079 persuasum
3508 1011 3698 1068 habeo

2062 1118 2083 1145 ι
2118 1111 2225 1167 per
2255 1097 2569 1152 Dominum
2600 1098 2819 1161 Jesum,
2847 1097 2998 1152 nihil
3050 1114 3179 1154 esse
3228 1114 3544 1156 commune
3596 1118 3702 1171 per

2058 1206 2085 1234 ‹‹
2118 1185 2353 1256 ipsum:
2388 1186 2500 1241 nisi
2535 1184 2695 1256 quod
2727 1186 2778 1241 ei
2812 1187 2911 1257 qui
2954 1188 3254 1243 existimat
3305 1188 3532 1260 aliquid
3573 1207 3703 1245 esse

2058 1296 2086 1324 «
2119 1291 2458 1343 commune,
2494 1276 2578 1333 illi
2626 1293 2941 1332 commune
2989 1282 3095 1331 est.
3136 1279 3348 1334 Verum
3380 1279 3429 1335 si
3463 1284 3707 1350 prepter

2058 1386 2086 1413 «
2120 1364 2314 1419 cibum
2348 1364 2532 1420 frater
2563 1370 2697 1420 tuus
2751 1366 3155 1433 contristatur,
3178 1366 3307 1437 jam
3347 1383 3469 1423 non
3501 1384 3712 1423 secun-

2056 1476 2085 1504 α
2121 1454 2261 1509 dum
2294 1455 2643 1510 cbaritatem
2675 1454 2967 1511 ambulas.
2993 1458 3070 1511 Ne
3100 1456 3229 1511 cibo
3260 1462 3356 1512 tuo
3380 1456 3551 1513 illum
3578 1474 3686 1529 per

2060 1564 2085 1595 ι
2114 1543 2218 1598 das
2242 1561 2347 1615 pro
2372 1560 2487 1615 quo
2510 1545 2777 1599 Christus
2801 1551 3073 1601 mortuus
3104 1552 3212 1600 est.
3246 1548 3326 1601 Ne
3354 1547 3533 1619 igitur
3562 1564 3703 1603 con-

2059 1655 2085 1683 ‹‹
2121 1633 2286 1687 viciis
2316 1633 2612 1690 afficiatur
2659 1633 2881 1691 bonum
2914 1639 3192 1691 vestrum.
3228 1638 3353 1691 Non
3406 1642 3494 1691 est
3551 1639 3709 1693 enim

2058 1746 2085 1773 (ι
2122 1740 2368 1795 regnum
2396 1723 2499 1778 Dei
2530 1724 2697 1779 cibus
2748 1730 2805 1779 et
2847 1730 3021 1795 potus
3049 1742 3061 1779 :
3096 1726 3200 1781 sed
3248 1727 3484 1798 justitia
3513 1734 3572 1783 et
3595 1744 3707 1799 pax

2058 1837 2083 1864 ι(
2120 1819 2177 1869 et
2208 1813 2486 1886 gaudium
2518 1814 2579 1869 in
2610 1814 2830 1885 Spiritu
2872 1820 3097 1871 sancto.
3161 1818 3303 1870 Nam
3363 1818 3464 1887 qui
3522 1818 3582 1872 in
3612 1818 3703 1872 his

290 1904 402 1970 στῷ
439 1942 453 1966 ,
516 1898 803 1973 εὐάρεστος
860 1902 940 1970 τῷ
991 1902 1106 1969 Θεῷ
1140 1941 1153 1966 ,
1230 1897 1318 1952 καὶ
1405 1893 1634 1968 δόκιμος
1690 1897 1807 1956 τοῖς
1862 1890 1944 1946 ἀν-

2060 1926 2086 1954 ιι
2122 1904 2300 1959 servit
2326 1904 2574 1971 Christo,
2606 1908 2881 1974 acceptus
2914 1909 3003 1958 est
3033 1905 3150 1959 Deo
3178 1911 3236 1961 et
3290 1906 3570 1977 probatus
3600 1908 3702 1962 ho-

289 1990 563 2064 θρώποις.

366 2082 487 2133 Ἐτι
547 2077 673 2150 περὶ
724 2084 824 2146 τῆς
880 2082 989 2132 τῶν
1055 2074 1362 2151 βρωμάτων
1430 2075 1858 2149 παρατηρήσεως
1918 2074 1947 2129 ὁ

295 2172 469 2249 λόγος
523 2173 697 2243 αὐτῷ.
733 2172 881 2228 Ἐπεὶ
918 2169 1012 2225 οῦν
1065 2171 1226 2240 εἶπεν,
1287 2194 1313 2221 (ι
1348 2166 1485 2225 Οἶδα
1530 2167 1619 2222 καὶ
1651 2167 1946 2239 πέπεισμαι

293 2264 380 2317 δτι
441 2259 601 2316 οὐδὲν
639 2261 822 2315 κοινὸν
860 2284 911 2329 ››,
960 2257 1049 2313 ’ἱνα
1111 2260 1185 2331 μή
1243 2256 1368 2332 εἴπῃ
1421 2254 1559 2312 ὁὲτι
1616 2255 1943 2325 Ἰουδαίζωνο

290 2352 391 2405 Καὶ
421 2350 495 2419 τί,
530 2349 575 2404 εἰ
608 2349 671 2403 σὸ
707 2348 1067 2421 πεπεισμένος
1118 2351 1187 2415 εἴ,
1220 2351 1316 2402 τοῦ
1356 2348 1528 2418 νόμου
1586 2344 1647 2401 τὸ
1703 2343 1943 2399 ἐναντίον

284 2438 685 2512 εἰσηγουμένου
721 2457 734 2505 ;
766 2437 1089 2511 προστίθησι
1134 2437 1217 2504 τὸ,
1280 2460 1307 2486 ‹‹
1342 2436 1432 2491 Ἑν
1466 2434 1647 2507 Κυρίῳ
1678 2434 1880 2503 Ἰησοῦ,
1917 2456 1940 2486 ι

287 2526 498 2588 δεικνὺς
530 2526 615 2582 ὅτι
649 2527 775 2600 παρ’
806 2527 970 2581 αὐτοῦ
1013 2529 1182 2580 ταῦτα
1233 2524 1517 2597 μεμάθηκε
1575 2523 1663 2578 καὶ
1725 2520 1941 2591 πεπλη-

289 2618 613 2695 ροφόρηται,
648 2616 738 2671 καὶ
781 2615 881 2669 οὐκ
936 2601 1026 2693 ἀφ’
1080 2615 1270 2668 ἑαυτοῦ
1324 2611 1490 2687 λέγει.
1554 2613 1729 2669 ι”Οτι
1788 2608 1940 2667 οὐδὲν

286 2706 494 2761 κοινόν.
529 2730 557 2756 ››
606 2738 675 2748 -
754 2705 966 2778 [ΦΩἸἏ]
1017 2704 1281 2760 Ἐντεῦθεν
1340 2701 1504 2757 πάλιν
1566 2700 1641 2763 εἷς
1698 2700 1764 2754 τὰ
1818 2700 1939 2774 περὶ

292 2794 603 2870 βρωμάτων
659 2795 950 2859 ἐπάνεισι,
996 2793 1085 2847 καὶ
1182 2796 1432 2866 παραινεῖ
1499 2792 1624 2852 τοὺς
1683 2786 1941 2851 δυνατοὺς

285 2884 424 2939 κατὰ
481 2885 581 2953 τήν
634 2884 815 2938 πίστιν
849 2927 863 2952 ,
926 2876 1425 2954 ἀντιλαμϐάνεσθαι
1509 2886 1615 2935 τῶν
1682 2879 1937 2947 ἀσθενῶν,

357 2975 369 2993 ς
412 2970 435 2989 λ
478 2972 489 2989 ρ
714 2970 727 2991 1
832 2971 858 2991 γ
1245 2969 1258 2984 ‘
1380 2970 1416 3005 κ,
1496 2990 1507 3001 .
1570 2968 1584 2987 ‘
1763 2989 1772 2999 ς
1799 2973 1858 3007 ..τι

282 2995 373 3030 και
406 2988 677 3027 οεικνυσιν
712 2975 762 3044 εξ
820 2994 894 3025 ων
929 2970 1099 3045 λέγει,
1131 2968 1306 3044 καλογ
1338 2991 1432 3042 με)
1497 2990 1585 3023 οιαι
1641 2968 1702 3023 τὸ
1736 2966 1938 3023 suum;

285 3063 336 3120 ἐν
399 3064 658 3138 βρώμασι
768 3058 1226 3134 διακρινόμενον,
1302 3064 1584 3132 πειρᾶσθαι
1670 3054 1941 3129 διορθοῦν,

292 3150 517 3223 ἄμεινον
552 3148 608 3205 δὲ
666 3150 729 3204 τὸ
760 3147 1122 3204 ἀδυνατοῦντα
1178 3147 1229 3202 ἐν
1286 3147 1487 3218 τούτῳ,
1558 3144 1939 3220 ὑπερορᾷν,τὸ

299 3238 591 3312 ὶλάττωμα
630 3283 645 3308 ,
703 3240 792 3293 καὶ
853 3241 1213 3313 χειραγωγεῖν
1264 3235 1423 3291 παντὶ
1481 3234 1667 3310 τρόπῳ
1751 3232 1837 3287 ἐπὶ
1876 3234 1938 3288 τὸ
1979 3271 2023 3339 C

409 3324 471 3339 κ..
650 3329 661 3339 ι
728 3332 752 3339 υ
929 3326 941 3339 ι
993 3327 1005 3339 ι
1110 3324 1123 3339 9
1182 3325 1193 3339 Ι
1368 3326 1696 3339 ΓΑΗΛ.Ι““Ἰ
1782 3318 1901 3339 Λῖδὶ

300 3324 565 3401 κερδῆσαι
586 3329 666 3381 καὶ
690 3332 860 3381 σῶσαι
884 3326 1047 3382 αὐτὸν
1069 3324 1247 3383 αὐτόν.
1272 3357 1340 3367 --
1368 3326 1698 3396 [ΘΕΟΔΩΡ.]
1726 3347 1751 3373 (ι
1779 3318 1939 3376 Οὐδὲν

306 3416 467 3490 φησὶ,
503 3415 667 3469 κοινὸν
696 3414 761 3471 δι’
791 3416 978 3473 αὐτοῦ.
1010 3438 1037 3467 η
1073 3418 1185 3473 Ἵνα
1225 3415 1331 3491 γὰρ
1382 3414 1457 3486 μή
1491 3411 1717 3488 λέγωσι,
1753 3412 1826 3465 Συ
1857 3409 1938 3472 τίς

307 3502 383 3557 ὢν
442 3503 859 3575 ἀντινομαιθετεῖς
916 3506 1140 3577 Mincii;
1208 3504 1297 3561 τὸν
1359 3501 1598 3563 Μωσὲως
1666 3500 1939 3569 Δεσπότην

300 3594 376 3655 εἷς
404 3592 565 3667 μέσον
596 3595 853 3669 παράγει,
886 3590 1151 3648 διδάσκων
1211 3593 1285 3655 ὡς
1341 3589 1501 3653 αὐτὸς
1558 3591 1654 3651 τὰς
1711 3589 1937 3661 νομικὰς

292 3704 697 3758 παρατηρήσεις
765 3678 960 3739 ἔπαυσε
996 3727 1009 3752 ,
1084 3682 1173 3737 καὶ
1241 3678 1393 3737 οὐδὲν
1477 3678 1621 3735 εἴασε
1702 3678 1941 3751 νομίζειν

287 3775 591 3847 ἀκάθαρτον
654 3771 874 3846 ἔδεσμα.
920 3804 985 3814 ·-
1019 3774 1307 3843 [ΣΕΥΗΡ’]
1363 3773 1440 3828 Τὸ
1497 3771 1620 3846 γὰρ,
1678 3795 1703 3821 ιι
1738 3770 1814 3824 Δι’
1846 3768 1941 3822 αὖ·

287 3867 403 3933 τοῦ,
438 3888 467 3914 η
492 3864 763 3934 τουτέστι,
795 3861 883 3918 διὰ
920 3863 1019 3929 τήν
1081 3860 1440 3937 εὐαγγελικὴν
1496 3860 1662 3915 αὐτοῦ
1713 3862 1940 3931 νομοθε-

288 3954 429 4009 σίαν.
466 3976 493 4003 ιι
527 3949 703 4008 Οὐδὲν
734 3950 916 4005 κοινὸν
960 3947 1031 4004 δι’
1060 3948 1245 4015 αὐτοῦ,
1281 3973 1308 4000 ››
1340 3948 1612 4004 τουτέστιν
1644 3946 1942 4020 ἀκάθαρτον

286 4044 355 4114 τῇ
389 4041 572 4115 φύσει.
608 4062 636 4091 ‹‹
673 4041 748 4094 Δι’
806 4039 993 4106 αὐτοῦ,
1023 4036 1291 4104 τουτέσοι,
1345 4041 1442 4092 τοῦ
1500 4040 1653 4093 Θεοῦ.
1715 4036 1810 4090 Διά
1838 4036 1941 4103 τήν

285 4133 397 4197 νῦν,
451 4129 613 4202 φησὶ,
657 4125 898 4192 δοθεῖσαν
955 4128 1116 4202 χάριν
1174 4127 1302 4200 παρ’
1359 4125 1541 4194 αὐτοῦ,
1601 4123 1754 4180 οὐδὶν
1788 4123 1941 4197 φύσει

285 4218 471 4272 κοινὸν
508 4259 522 4286 ,
586 4215 715 4271 ἀλλ’
773 4217 877 4271 ἀπὸ
952 4223 1053 4281 τῆς
1108 4214 1441 4290 πραιρὲσεως
1506 4217 1601 4268 τοῦ
1662 4213 1942 4286 μετιόντος

290 4305 501 4382 γίνεται
557 4302 737 4361 κοινόν
777 4348 788 4362 .
846 4308 1005 4369 ’Ὁθεν
1068 4306 1156 4359 καὶ
1250 4302 1439 4375 ἐκείνῳ
1526 4301 1679 4377 μόνῳ
1738 4300 1942 4376 γίνεται

285 4396 495 4463 κοινὸν,
530 4395 661 4473 οὐχὶ
694 4392 751 4449 δὲ
780 4394 869 4450 καὶ
910 4400 1088 4450 πᾶσιν.
1130 4417 1150 4444 ι
1201 4392 1421 4464 Ἐκείνῳ
1450 4393 1602 4468 ῖγᾶρ,
1637 4390 1791 4467 φησὶ,
1824 4410 1943 4445 κοι-

287 4485 403 4541 νόν.
433 4510 460 4535 ι)
500 4518 556 4527 -
592 4508 620 4536 κ
656 4484 714 4541 Εἰ
748 4482 803 4539 δὲ
835 4482 923 4539 διὰ
947 4485 1145 4559 βρῶμα
1176 4484 1204 4539 ὁ
1228 4480 1464 4559 ἀδελφός
1497 4502 1592 4536 σου
1611 4480 1886 4536 λυπεῖται.
1918 4503 1939 4530 ι

290 4572 589 4642 Ὠνείὃιζον
646 4574 748 4647 γὰρ
799 4571 992 4635 αὐτοὺς
1061 4573 1112 4627 οἱ
1177 4571 1362 4628 πιστοὶ
1422 4571 1495 4633 ὡς
1545 4567 1942 4637 Ὶουδαῖζοντας

2057 2016 2087 2045 (ι
2119 1993 2398 2049 minibus.
2434 2016 2460 2043 n

2131 2157 2339 2212 Adhuc
2372 2156 2485 2229 ipsi
2519 2156 2590 2211 de
2623 2155 2889 2212 ciborum
2922 2156 3329 2213 observatione
3366 2175 3560 2214 sermo
3592 2164 3700 2215 est.

2058 2246 2203 2310 Quia
2236 2262 2369 2317 ergo
2403 2245 2589 2299 dixit:
2628 2268 2654 2293 «
2692 2245 2821 2299 Scio
2850 2250 2908 2299 et
2935 2262 3286 2315 persuasum
3318 2246 3504 2302 habeo
3555 2249 3706 2303 nihil

2058 2351 2187 2390 esse
2218 2350 2534 2388 commune
2567 2350 2580 2399 ;
2614 2349 2687 2387 ne
2729 2332 2886 2387 dicat
2940 2334 2990 2387 is
3022 2334 3122 2404 qui
3145 2334 3342 2389 adhuc
3401 2336 3585 2391 haaret
3646 2338 3705 2391 in

2055 2422 2395 2481 Judaismo:
2430 2423 2500 2477 Et
2547 2420 2688 2494 quid
2733 2421 2780 2475 si
2816 2427 2877 2476 tu
2932 2438 3252 2492 persuasus
3306 2424 3387 2478 sis
3446 2441 3580 2480 cum
3611 2426 3705 2481 lex

2056 2512 2423 2568 contrarium
2446 2509 2675 2576 doceat,
2690 2508 2854 2565 addit
2879 2527 2891 2564 :
2912 2532 2939 2561 «
2956 2511 3068 2563 Per
3080 2511 3396 2566 Dominum
3416 2514 3614 2569 Jesum
3636 2532 3648 2579 ;
3675 2536 3701 2563 ››

2054 2599 2375 2657 ostendens
2408 2599 2565 2671 quod
2600 2598 2671 2654 ab
2711 2599 2839 2670 ipso
2892 2598 3018 2653 haec
3047 2599 3323 2655 didicerit
3376 2606 3433 2656 et
3488 2602 3705 2656 certior

2052 2692 2241 2746 factus
2273 2690 2369 2754 sit,
2398 2694 2456 2743 et
2486 2706 2607 2743 non
2637 2704 2672 2743 a
2701 2688 2895 2760 seipso
2928 2688 3104 2744 dicat.
3139 2714 3157 2736 -
3196 2689 3350 2744 Nihil
3382 2706 3697 2745 commune

2055 2796 2202 2835 esse.
2242 2803 2268 2828 ››
2308 2779 2454 2833 Hinc
2483 2794 2687 2834 rursus
2714 2775 2786 2832 ad
2810 2794 2878 2833 ea
2908 2778 3061 2832 redit
3090 2795 3220 2849 quas
3252 2778 3322 2833 de
3354 2779 3502 2835 cibis
3541 2779 3697 2835 dicta

2054 2874 2226 2924 sunt:
2253 2874 2310 2923 et
2340 2872 2610 2940 potentes
2642 2868 2703 2922 in
2737 2867 2855 2923 ﬁde
2884 2868 3167 2924 admonet
3194 2874 3260 2923 ut
3286 2869 3540 2925 infirmis
3572 2887 3699 2926 suc-

2053 2964 2312 3013 currant.
2344 2959 2423 3012 Ex
2451 2957 2542 3012 his
2575 2956 2751 3011 etiam
2784 2974 2914 3026 quae
2958 2956 3122 3019 dicit,
3183 2958 3443 3013 ostendit
3471 2959 3695 3014 bonum

2054 3046 2295 3119 quidem
2326 3062 2454 3102 esse
2489 3045 2595 3099 niti
2644 3044 2815 3099 illum
2849 3044 3138 3116 corrigere
3190 3046 3291 3116 qui
3345 3047 3499 3101 inter
3529 3046 3694 3102 cibos

2053 3133 2370 3206 dijudicat:
2403 3132 2559 3203 quod
2591 3133 2639 3187 si
2670 3132 2764 3187 bic
2807 3132 3020 3203 corrigi
3054 3137 3332 3203 nequeat,
3366 3120 3517 3189 388
3572 3151 3698 3189 me-

2053 3224 2169 3277 lius
2188 3229 2329 3277 tunc
2343 3238 2469 3277 esse
2494 3221 2787 3277 defectum
2812 3222 2968 3275 hunc
2990 3226 3394 3291 contemnere,
3418 3224 3699 3294 omnique

2053 3312 2228 3367 modo
2257 3311 2423 3366 illum
2457 3310 2860 3366 manuducere
2892 3328 3007 3381 quo
3040 3311 3265 3366 lucriﬁt
3294 3327 3363 3366 ac
3421 3312 3696 3370 salvetur.

2052 3424 2079 3451 «
2114 3402 2291 3466 Nihil,
2322 3401 2535 3471 inquit,
2569 3416 2698 3455 esse
2750 3416 3066 3455 commune
3126 3418 3232 3471 per
3288 3401 3507 3472 ipsum.
3542 3424 3569 3451 »
3616 3404 3696 3458 Ne

2051 3491 2211 3545 enim
2243 3489 2479 3543 dicant:
2530 3489 2611 3543 Tu
2643 3488 2775 3558 quis
2833 3505 2896 3543 es
2958 3488 3056 3559 qui
3111 3488 3304 3561 legem
3372 3489 3525 3545 feras
3558 3490 3698 3545 Mosi

2051 3577 2458 3646 contrariam?
2478 3578 2651 3632 Mosis
2683 3577 2999 3633 Dominum
3034 3578 3093 3632 in
3127 3578 3389 3634 medium
3405 3578 3698 3653 producit,

2051 3668 2268 3724 docens
2292 3666 2450 3737 quod
2480 3667 2606 3739 ipse
2640 3666 2858 3739 legales
2889 3667 3329 3725 observationes
3351 3685 3582 3724 cessare
3612 3668 3698 3723 fe-

2049 3755 2571 3827 cerit,nullumque
2589 3754 2853 3810 edulium
2876 3755 3005 3809 duci
3028 3756 3325 3827 impurum
3340 3756 3696 3829 permiserit.

2050 3847 2192 3900 Nam
2226 3845 2337 3899 hoc
2394 3844 2692 3911 significat
2724 3865 2750 3893 ι(
2785 3845 2896 3898 Per
2929 3844 3144 3915 ipsum,
3179 3866 3206 3893 ››
3268 3843 3324 3897 id
3365 3849 3473 3910 est,
3528 3845 3699 3915 juxta

2050 3934 2239 4006 legem
2273 3931 2690 4002 evangelicam.
2722 3935 2855 3998 Aut,
2882 3930 3037 3986 Nihil
3060 3949 3375 3988 commune
3407 3927 3480 3985 δι’
3508 3930 3697 3999 αὐτοῦ,

2051 4024 2161 4078 hoc
2192 4027 2300 4087 est,
2337 4037 2443 4091 per
2475 4036 2560 4087 se,
2583 4036 2652 4074 ex
2682 4026 2913 4075 natura.
2970 4021 3098 4075 Sive
3147 4016 3215 4073 δι’
3273 4019 3439 4076 αὐτοῦ
3472 4038 3577 4093 per
3606 4022 3699 4093 ip.

2052 4129 2205 4181 sum,
2230 4126 2443 4180 nempe
2490 4110 2695 4166 Deum.
2755 4111 2866 4163 Per
2895 4109 3113 4179 datam,
3167 4110 3383 4181 inquit,
3436 4127 3595 4168 nunc
3625 4111 3697 4167 ab

2053 4201 2179 4271 ipso
2211 4198 2457 4272 gratiam
2492 4197 2641 4253 nihil
2682 4204 2896 4253 natura
2952 4215 3267 4253 commune
3299 4203 3407 4262 est,
3470 4199 3572 4255 sed
3625 4200 3698 4255 ab

2053 4289 2391 4346 accedentis
2424 4287 2726 4343 voluntate
2748 4288 2813 4342 iit
2833 4304 3171 4343 commune.
3201 4288 3364 4343 Unde
3387 4288 3565 4343 etiam
3588 4288 3696 4343 soli

2052 4380 2138 4434 illi
2161 4380 2574 4446 ﬁtcommune,
2592 4382 2922 4433 nonautem
2945 4376 3243 4433 omnibus.
3269 4379 3413 4432 Nam
3426 4376 3535 4432 ait:
3560 4399 3585 4425 «
3604 4376 3695 4433 illi

2053 4484 2367 4525 commune
2386 4472 2495 4525 est.
2514 4490 2662 4517 n—u
2699 4469 2909 4522 Verum
2936 4468 3240 4538 sipropter
3280 4465 3478 4521 cibum
3513 4466 3697 4522 frater

2051 4563 2188 4613 tuus
2220 4557 2621 4613 contristatur.
2655 4578 2681 4606 ››
2714 4556 3013 4627 Siquidem
3048 4555 3253 4611 ﬁdeles
3286 4556 3514 4610 sincere
3566 4571 3693 4611 cre-

292 4658 395 4727 ἔτι,
454 4662 545 4717 καὶ
599 4658 688 4715 διὰ⁴
742 4659 906 4716 τοῦτδ
959 4659 1473 4735 παρατηρουμὲνους
1530 4659 1597 4715 τὰ
1654 4659 1939 4734 βρώματα.

2058 4647 2258 4703 dentes
2290 4645 2725 4719 exprobrabant
2777 4644 2896 4698 illis
2945 4644 3044 4714 qui
3076 4643 3447 4699 Judaismum
3500 4645 3694 4700 adhuc

295 4750 374 4807 Οὐ
407 4751 665 4825 βούλεται
699 4751 790 4805 οὗν
852 4749 1071 4821 αὐτοὺς,
1106 4748 1155 4803 ἐν
1192 4754 1307 4811 τοῖς
1342 4749 1417 4821 μή
1476 4746 1613 4804 πάνυ
1678 4746 1943 4823 μεγάλοις

296 4838 637 4907 πλήττεσθαι
689 4836 961 4917 σφοδρῶς,
1022 4832 1362 4916 φοϐούμενος
1426 4840 1500 4906 μή
1542 4840 1659 4898 πῶς
1694 4836 1945 4910 ὀλιγοθυ-

306 4930 574 5001 μήσαντες
611 4976 624 4995 ,
690 4926 874 4982 τέλεον
942 4929 1218 4983 ἀποστωσι
1267 4929 1364 4993 τῆς
1421 4925 1674 4987 πίστεως.
1731 4924 1791 4980 Εἰ
1851 4930 1943 4980 οὖν

301 5016 396 5072 καὶ
433 5013 596 5087 μηδὲν
650 5017 701 5071 ἐν
747 5017 1002 5090 βρώμασι
1055 5016 1257 5082 κοινὸν,
1293 5015 1447 5093 φησὶ,
1514 5013 1661 5082 πλὴν
1694 5013 1943 5087 ἀπόσχου

293 5113 401 5175 τῆς
436 5103 670 5184 σφοδρᾶς
705 5103 1021 5181 ἐγκλήσεως
1052 5108 1149 5158 τοῦ
1202 5100 1439 5179 ἀδελφου
1494 5100 1608 5155 σοῦ·
1658 5101 1944 5174 οἰκονομι-

293 5201 405 5257 κῶς
442 5196 753 5266 οἰκονομῶν
817 5191 905 5248 διὰ
961 5195 1059 5262 τὴν
1116 5190 1410 5266 εἰρημένην
1465 5189 1661 5246 αἰτίαν.
1720 5193 1860 5264 "Opi
1891 5188 1947 5246 δὶ

294 5288 411 5359 τὴμ
442 5290 541 5340 τοῦ
576 5284 731 5358 ἁγίου
792 5283 1002 5361 σοφίαν·
1064 5282 1162 5337 Τὸν
1215 5280 1398 5335 τέλεον
1460 5278 1829 5358 πληροφορῶν
1864 5280 1945 5336 ὅτι

296 5376 397 5431 οὐκ
426 5371 544 5430 ἔστι
594 5376 800 5443 κοινὸν,
854 5374 940 5428 καὶ
997 5372 1086 5427 τὸν
1142 5370 1494 5449 ὀλιγόπιστον
1557 5371 1813 5433 ὡσαύτως
1846 5368 1944 5425 δει⁶

293 5466 471 5520 κνῦων
525 5465 851 5527 ἀσθενοῦντα
912 5461 967 5515 ἐκ
1019 5466 1119 5529 τῆς
1206 5460 1668 5531 παρατηρήσεως,
1750 5487 1776 5511 ιι
1837 5460 1951 5517 Οὐκ

300 5554 401 5627 ἔτι,
435 5556 769 5638 φησὶ,κατᾶι
824 5555 1039 5630 ἀγάπην
1091 5558 1403 5627 περιπατεῖς
1456 5577 1483 5604 ››
1549 5552 1815 5609 Βούλεται
1846 5554 1948 5628 γὰρ

302 5646 723 5722 εἶναιάγάπην,
767 5642 945 5709 εἰδὼς,
1002 5642 1177 5698 πάντα
1231 5638 1298 5696 δι’
1355 5641 1525 5711 αὐτῆς
1579 5642 1717 5698 κατὰ
1774 5644 1951 5717 μήρος

300 5738 728 5813 κατορθοῦσθαι.
796 5757 815 5784 ι
853 5734 942 5802 Μὴ
999 5736 1078 5804 τῷ
1132 5729 1379 5805 βρώματί
1412 5737 1507 5787 σου
1544 5730 1744 5787 ἆκεῖνον
1776 5730 1951 5787 ἀπόλ-

2054 4736 2476 4806 sequebantur,
2509 4738 2567 4789 et
2596 4734 2676 4788 ita
2707 4733 2871 4789 cibos
2923 4733 3330 4789 observabant.
3388 4734 3515 4788 Non
3571 4735 3694 4790 vult

2052 4842 2188 4898 ergo
2222 4825 2357 4879 illos
2388 4825 2448 4879 in
2480 4825 2572 4878 his
2599 4841 2729 4893 qua;
2757 4839 2873 4877 non
2897 4822 3042 4877 adeo
3074 4840 3289 4895 magna
3318 4828 3474 4891 sunt,
3507 4827 3691 4897 gravi-

2056 4920 2143 4969 ter
2174 4914 2413 4985 corripi,
2447 4914 2663 4967 veritus
2690 4929 2763 4967 ne
2794 4912 2943 4967 forte
3003 4914 3219 4984 pusillo
3278 4913 3415 4969 facti
3472 4917 3692 4982 animo,

2055 5003 2294 5058 tandem
2324 5018 2358 5056 a
2390 5001 2503 5059 [ide
2535 5001 2882 5057 desciscant.
2910 5002 3280 5073 Quanquam,
3306 5004 3519 5074 inquit,
3544 5002 3696 5057 nihil

2056 5094 2116 5147 in
2151 5091 2297 5145 cibis
2327 5106 2641 5145 commune
2675 5090 2770 5155 sit,
2803 5089 3033 5145 abstine
3066 5097 3260 5147 tamen
3301 5108 3335 5146 a
3364 5090 3697 5147 vehementi

2055 5180 2522 5253 reprehensione
2545 5179 2743 5234 fratris
2768 5180 2871 5247 tui,
2895 5180 3326 5251 dispensatorio
3344 5179 3518 5235 modo
3542 5179 3697 5234 ordi-

2057 5287 2207 5324 nans
2253 5274 2492 5340 propter
2536 5268 2754 5323 dictam
2812 5286 3071 5324 causam.
3111 5270 3247 5323 Vide
3308 5273 3504 5323 autem
3535 5268 3700 5323 Pauli

2061 5359 2434 5429 sapientiam.
2456 5359 2707 5413 Omnino
2740 5358 2957 5413 certior
2987 5358 3173 5413 factus
3192 5357 3349 5427 quod
3371 5356 3518 5411 nihil
3541 5373 3702 5412 com-

2060 5466 2239 5504 mune
2273 5449 2369 5514 sit,
2399 5454 2456 5502 et
2489 5449 2569 5503 ita
2602 5448 2713 5503 ﬁde
2743 5448 3026 5520 pusillum
3054 5465 3183 5503 esse
3214 5446 3535 5503 ostendens
3568 5464 3703 5504 eum

2062 5539 2163 5610 qui
2197 5555 2265 5593 ex
2298 5538 2565 5593 ciborum
2597 5538 3005 5592 observatione
3037 5537 3457 5592 inﬁrmaretur.
3491 5559 3511 5588 ι
3553 5539 3701 5604 iam,

2062 5645 2277 5716 inquit,
2309 5662 2429 5700 non
2454 5645 2781 5701 secundum
2812 5644 3161 5699 charitatem
3185 5645 3475 5700 ambulas.
3504 5666 3530 5694 ››
3564 5646 3701 5699 Vult

2064 5736 2222 5791 enim
2254 5735 2601 5791 charitatem
2622 5751 2772 5800 esse,
2796 5734 2989 5789 sciens
3020 5734 3221 5789 omnia
3251 5751 3356 5805 per
3374 5734 3539 5789 illam
3564 5750 3703 5803 pauo
