4106 6252
361 428 480 493 591

1484 424 1915 490 (ECUMENII
1954 419 2262 484 TRICCE
2304 421 2688 487 EPISCOPI.

3639 420 3744 481 600

359 564 530 621 latim
561 562 795 635 corrigi.
835 581 857 611 ι
892 564 971 617 Ne
1002 563 1133 618 cibo
1164 567 1263 618 tuo
1294 563 1467 619 illum
1506 561 1741 635 perdas.
1770 578 1798 611 η
1854 558 2014 612 Licet

2142 556 2242 612 tua.
2313 576 2340 605 »
2414 556 2507 625 Μὴ
2565 553 2753 625 ἐπειδὴ
2824 556 2885 610 σὺ
2942 553 3113 611 πάντα
3168 552 3361 613 ἐσθίεις
3413 553 3601 614 πιστὸς
3662 551 3743 619 ὢν,

357 660 444 722 tu,
478 668 613 707 cum
647 652 729 706 sis
761 651 977 717 fidelis,
1002 652 1204 707 omnia
1236 652 1376 707 edas
1402 668 1477 706 ne
1499 651 1671 706 illum
1695 649 2012 703 vehemen-

359 749 452 798 ter
479 741 872 813 increpando,
933 742 1170 812 penitus
1202 757 1236 796 a
1265 742 1381 797 fide
1413 741 1638 813 ejicias.
1697 738 1929 793 Etenim
1953 752 2010 789 e-

362 832 507 886 tiam
538 846 643 901 pro
677 828 783 884 illo
811 829 1082 885 Christus
1108 835 1376 884 mortuus
1408 835 1516 884 est.
1543 830 1864 899 Propterea
1892 824 2016 878 dis-

362 918 706 991 pensatorio
739 917 915 973 modo
946 917 1127 972 debes
1158 918 1245 972 illi
1288 915 1786 973 condescendere.
1816 947 1887 954 —
1912 911 2015 967 Hic

369 1007 579 1064 suadet
621 1006 828 1063 ﬁdeles
860 1023 1096 1078 quoque
1125 1023 1160 1062 a
1188 1007 1335 1063 cibis
1364 1007 1664 1062 abstinere
1692 1011 1759 1060 ut
1788 1003 2013 1060 conde—

369 1096 689 1153 scendatur
717 1096 833 1151 ﬂde
865 1095 1121 1167 pusillis,
1145 1096 1303 1166 quod
1333 1096 1509 1151 etiam
1530 1096 1590 1150 in
1619 1109 1903 1167 processu
1924 1092 2015 1147 di~

372 1186 472 1241 cit.
528 1208 557 1236 ‹‹
619 1187 697 1240 Ne
755 1185 934 1257 igitur
986 1184 1266 1239 conviciis
1323 1184 1619 1241 afficiatur
1669 1183 1891 1238 bonum
1923 1197 2020 1235 ve-

371 1281 582 1332 strum.
618 1295 644 1326 ν
678 1275 1026 1331 Accusando
1061 1275 1218 1329 enim
1252 1279 1312 1329 et
1339 1290 1575 1346 semper
1605 1270 2016 1328 contendendo

369 1362 443 1416 ob
476 1362 746 1417 ciborum
804 1362 1278 1418 observationem
1337 1362 1619 1418 adversus
1668 1360 1863 1427 illum,
1894 1375 2017 1414 non

370 1451 567 1507 solum
598 1451 799 1507 reddis
830 1467 966 1506 eum
996 1452 1362 1522 pervicacem
1396 1468 1408 1505 :
1445 1449 1549 1506 sed
1597 1452 1776 1506 etiam
1806 1448 2020 1505 alienis

371 1556 407 1595 a
438 1540 553 1595 ﬂde
586 1540 798 1595 tribuis
827 1540 1223 1605 occasionem,
1244 1546 1311 1595 ut
1340 1541 1519 1595 ﬁdem
1540 1545 1806 1595 nostram
1832 1538 2024 1593 convi-

376 1632 485 1687 ciis
507 1631 770 1687 afﬁciant
788 1637 1031 1702 propter
1050 1631 1395 1703 hujusmodi
1447 1647 1694 1703 pugnas.
1725 1629 1871 1685 Nam
1915 1628 2022 1683 bo-

376 1737 522 1776 num
552 1727 721 1776 vocat
750 1720 949 1775 ﬁdem.
987 1721 1139 1774 Bene
1163 1720 1403 1791 quidem
1427 1719 1623 1781 doces,
1656 1718 1757 1774 sed
1777 1722 2022 1773 conten-

376 1810 459 1865 tio
496 1810 891 1866 conviciorem
920 1825 1098 1863 causa
1144 1808 1420 1864 efficitur.
1447 1810 1527 1863 Ne
1584 1807 1864 1863 conviciis
1893 1805 2023 1862 afﬂ-

2121 638 2372 716 ἐγκαλῶν
2425 641 2679 719 σφοδρως
2733 643 2944 716 ἐκείνῳ,
2997 638 3236 717 ἐκϐάλῃς
3267 641 3429 696 αὐτὸν
3460 640 3637 696 τέλεον
3657 650 3742 712 τῆς

2119 729 2368 792 πίστεως.
2429 734 2524 788 Καὶ
2587 734 2690 810 γὰρ
2748 734 2840 788 καὶ
2901 732 3030 806 ὑπὲρ
3087 731 3252 787 αὐτοῦ
3292 732 3321 786 ὁ
3378 731 3610 804 Χριστὸς
3659 732 3744 787 ἀπ-

2117 820 2320 884 έθανεν.
2384 823 2542 886 ’Ὸθεν
2604 822 2841 903 ὀφείλεις
2899 822 3270 895 οἰκονομικῶς
3328 817 3743 897 συγκαταϐαίνειν

2119 907 2286 979 αὐτῷ.
2316 944 2384 953 -
2409 912 2620 984 [ΦΩΤ.]
2651 910 2781 966 Ὧδε
2802 909 2859 967 δὲ
2880 906 3244 983 συμϐουλεύει
3265 910 3359 965 καὶ
3389 908 3518 970 τοὺς
3544 911 3746 975 πιστοὺς

2121 997 2417 1073 ἀπὲχεσθαι
2477 1001 2787 1075 βρωμάτων
2812 1046 2827 1071 ,
2914 997 3002 1054 διὰ
3079 1000 3178 1067 τήν
3237 1003 3347 1053 τῶν
3408 998 3743 1073 ὀλιγοπίστιυν

2121 1083 2535 1163 συγκατάθασιν,
2577 1088 2712 1165 ὅπερ
2769 1090 2855 1145 καὶ
2916 1088 3122 1164 προϊὼν
3181 1086 3351 1162 λέγει*
3420 1114 3441 1138 ι
3473 1090 3564 1158 Mi,
3597 1090 3747 1163 βλασ·

2120 1177 2411 1254 φημείσθω
2460 1179 2555 1234 οῦν
2613 1179 2766 1252 ὑμῶν
2833 1178 2926 1234 τὸν
2987 1177 3205 1253 ἀγαθόν.
3242 1202 3269 1228 ››
3330 1176 3614 1251 Ἐγκαλῶν
3664 1179 3749 1253 γὰρ

2121 1266 2210 1319 καὶ
2270 1266 2346 1320 ἀεὶ
2430 1267 2755 1342 φιλονεικῶν
2831 1268 2967 1342 πρὸς
3024 1265 3182 1321 αὐτὸν
3244 1264 3333 1321 διᾶ
3387 1268 3488 1335 τήν
3544 1269 3754 1342 τήρησιν

2118 1357 2228 1407 τῶν
2285 1355 2618 1429 βρωμάτων,
2697 1355 2759 1411 οὐ
2850 1356 3015 1428 μόνον
3100 1353 3260 1409 αὐτὸν
3323 1352 3753 1432 φιλονεικότερον

2121 1447 2318 1511 ποιεῖς,
2350 1441 2495 1498 ἀλλὰ
2524 1444 2613 1499 καὶ
2643 1445 2914 1520 πρόφασιν
2949 1440 3113 1504 δίδως
3173 1448 3291 1507 τοῖς
3348 1441 3544 1513 ἔξωθεν
3608 1443 3762 1519 βλασ-

2124 1536 2325 1609 φημεῖν
2354 1535 2515 1605 ἡμῶν
2571 1534 2672 1603 τήν
2724 1533 2901 1588 πίστιν
2964 1529 3054 1587 διὰ
3107 1533 3202 1594 τὰς
3254 1532 3511 1593 τοιαύτας
3572 1532 3761 1610 μάχας.

2122 1620 2199 1677 Τὸ
2248 1620 2445 1694 ἀγαθὸν
2512 1621 2637 1697 γὰρ,
2699 1624 2813 1676 οἷον
2875 1619 3144 1690 ἡπίστις,
3204 1620 3359 1698 φησί.
3420 1619 3619 1685 Καλῶς
3679 1623 3765 1695 μὶν

2124 1707 2418 1782 διδάσκεις,
2458 1709 2584 1766 ἀλλ’
2631 1714 2667 1781 ἠ
2703 1711 2857 1791 μάχη
2915 1710 3064 1767 αἰτία
3131 1709 3486 1788 βλασφημίας
3548 1712 3773 1789 γίνεται.

2127 1831 2191 1839 -
2224 1822 2251 1849 ‹‹
2290 1800 2377 1867 Μή
2416 1797 2851 1878 βλασφημείσθω
2882 1800 2974 1854 οὗν
3010 1800 3162 1872 ὑμῶν
3195 1799 3258 1854 τὸ
3288 1800 3509 1876 ἀγαθόν.
3549 1824 3576 1851 ››
3610 1802 3778 1875 Ἀγα-

377 1900 568 1956 ciatur
596 1900 818 1955 bonum
859 1905 1202 1953 vestrum.»
1259 1900 1486 1954 Bonum
1546 1898 1808 1969 quidem,
1866 1897 2019 1953 389

2142 1885 2219 1941 δὸν
2253 1886 2349 1960 μὶν
2381 1888 2507 1962 γὰρ,
2536 1888 2599 1942 τὸ
2647 1884 2738 1942 διὰ
2791 1888 2854 1942 τὸ
2910 1884 3302 1962 ἐστηριγμένον
3337 1890 3469 1943 εἴναι
3494 1891 3567 1962 τῇ
3603 1891 3782 1944 πίστει

376 2005 516 2045 nam
548 1987 664 2043 fide
695 1988 1112 2042 conﬁrmatum
1154 1992 1244 2041 est
1269 2002 1390 2041 non
1447 1985 1863 2058 dijudicandos
1895 2000 2023 2039 esse

378 2076 579 2132 cibos:
641 2076 745 2131 sed
775 2075 1202 2131 contendentes
1234 2080 1293 2129 et
1321 2076 1703 2131 vehementer
1761 2075 2023 2129 rixantes

378 2164 658 2220 adversus
690 2180 790 2219 eos
848 2164 948 2235 qui
1008 2163 1361 2236 dijudicant,
1421 2164 1615 2220 facitis
1671 2163 1895 2219 bonum
1924 2180 2026 2219 ve-

382 2259 570 2309 strum
602 2253 759 2309 affici
792 2252 1095 2309 conviciis.

454 2342 546 2397 llli
579 2358 839 2414 namque
869 2342 1169 2415 redarguti
1223 2342 1668 2415 compelluntur
1713 2342 2028 2398 adversum

383 2449 484 2487 vos
515 2432 710 2488 dicere
761 2432 919 2503 quod
949 2432 1060 2487 hoc
1081 2449 1202 2487 non
1234 2449 1305 2487 ex
1344 2432 1460 2487 ﬁde
1481 2432 1733 2503 faciatis,
1756 2432 1860 2488 sed
1890 2448 2031 2488 ven-

384 2522 493 2576 tris
524 2522 771 2577 curandi
820 2522 1025 2595 gratia.
1070 2523 1272 2592 Itaque
1306 2523 1484 2577 etiam
1513 2522 1560 2576 si
1592 2521 1755 2577 aliud
1784 2521 1939 2576 nihil
1969 2521 2032 2575 in

385 2628 563 2667 causa
592 2616 771 2679 esset,
817 2612 1078 2683 oportuit
1134 2610 1205 2666 ab
1252 2610 1595 2682 hujusmodi
1654 2610 2034 2665 contentione

383 2702 680 2756 abstinere
708 2701 886 2771 :quin
918 2700 1113 2771 potius
1142 2699 1255 2753 hoc
1284 2699 1481 2770 ipsum
1504 2715 1578 2753 ne
1602 2699 1881 2753 conviciis
1903 2698 2036 2752 afﬂ—

391 2790 581 2844 ciatur
609 2789 834 2843 bonum
863 2793 1143 2853 vestrum,
1179 2787 1323 2842 satis
1383 2803 1511 2841 esse
1535 2786 1738 2841 debuit
1788 2791 1857 2841 ut
1902 2803 2033 2858 per-

390 2876 667 2932 suaderet
693 2875 857 2930 vobis
878 2875 1325 2930 contentionem
1355 2874 1676 2930 dissolvere
1709 2875 1769 2929 in
1800 2891 2039 2929 concor-

391 2965 553 3021 diam
581 2971 640 3020 et
668 2981 954 3021 amorem.
980 2969 1183 3036 Neque
1202 2965 1364 3019 enim
1395 2963 1504 3020 hoc
1535 2969 1625 3019 est
1653 2969 2037 3020 contemnere

392 3076 524 3130 quaa
550 3059 691 3120 ﬁdei
720 3063 879 3125 sunt,
906 3057 1009 3113 sed
1037 3057 1353 3125 honorare,
1378 3056 1751 3128 prohibendo
1776 3056 2040 3112 convicia

392 3148 607 3218 quibus
650 3147 1006 3204 afﬁceretur.
1064 3146 1406 3202 Veresimile
1440 3162 1678 3217 quoque
1736 3153 1826 3201 est
1881 3144 2039 3216 quod

390 3238 667 3293 nonnulli
688 3255 723 3292 a
740 3237 857 3292 ﬁde
878 3238 1059 3293 alieni
1082 3237 1393 3292 audientes
1421 3237 1855 3302 contentiones,
1874 3236 2040 3291 Chri-

393 3327 725 3382 stianorum
756 3325 1029 3397 dogmata
1047 3326 1296 3380 irrident
1329 3341 1396 3379 ac
1419 3325 1809 3391 subsannant,
1844 3326 2040 3380 convi-

399 3414 628 3482 ciisque
658 3412 943 3468 afficiunt.
976 3413 1060 3467 Ob
1093 3429 1223 3482 quaa
1258 3414 1460 3467 omnia
1488 3413 1704 3467 melius
1733 3418 1890 3467 esset
1917 3414 2046 3468 loco

401 3501 831 3572 intempestiva:
861 3502 1258 3556 contentionis
1290 3503 1614 3557 concordes
1646 3503 1804 3558 circa
1833 3520 2046 3575 oppor-

402 3596 549 3645 tuna
578 3594 638 3645 et
666 3589 993 3645 conformia
1022 3589 1314 3657 charitati,
1350 3606 1588 3644 omnem
1636 3590 1949 3645 calumniae
1980 3608 2048 3646 ac

395 3679 783 3751 blasphemiae
805 3684 1153 3750 praetextum
1180 3684 1507 3749 amputare.
1541 3681 1673 3734 Haec
1706 3681 1858 3734 enim
1909 3687 2049 3736 sunt

398 3785 530 3839 qua)
562 3768 635 3823 ad
667 3765 915 3839 regnum
948 3768 1229 3823 ccelorum
1254 3767 1662 3836 introducunt,
1697 3785 1911 3840 nempe
1933 3786 2045 3839 pax

394 3857 456 3911 in
481 3857 617 3926 fide,
640 3854 920 3930 gaudium
944 3857 1004 3912 in
1028 3857 1249 3929 Spiritu
1272 3862 1572 3926 sancto,et
1584 3857 1841 3929 justitia.
1868 3881 1893 3909 ‹‹
1920 3860 2043 3914 Non

393 3951 485 4001 est
514 3947 674 4001 enim
718 3963 969 4019 regnum
1000 3946 1102 4002 Dei
1126 3946 1293 4001 cibus
1336 3951 1395 4001 et
1440 3952 1633 4017 potus.
1676 3970 1702 3997 ››
1760 3947 2044 4003 Cohibere

394 4033 520 4088 vult
546 4034 683 4089 illos
716 4034 789 4090 ab
820 4034 1322 4090 accusationibus.
1377 4034 1678 4105 Siquidem
1708 4053 1815 4108 per
1844 4036 2044 4092 cibum

397 4128 457 4177 et
484 4129 708 4194 potum,
741 4124 958 4195 inquit,
1011 4140 1259 4196 regnum
1292 4125 1392 4179 Dei
1442 4141 1562 4179 non
1594 4141 1912 4195 possumus
1959 4126 2046 4181 in-

396 4210 583 4283 gredi.
614 4244 686 4252 —
714 4212 833 4267 Alio
885 4212 1065 4268 modo.
1119 4213 1331 4268 Dicens
1357 4230 1370 4266 :
1399 4236 1427 4262 «
1462 4215 1586 4267 Non
1614 4219 1704 4270 est
1731 4215 1893 4269 enim
1939 4231 2043 4270 re-

396 4318 579 4375 gnum
608 4303 705 4358 Dei
736 4302 905 4358 cibus
935 4309 995 4358 et
1021 4308 1217 4374 potus,
1251 4323 1280 4353 »
1313 4304 1575 4359 ostendit
1596 4305 2043 4360 contentionem

397 4391 639 4446 illorum
670 4392 830 4447 circa
857 4391 1019 4446 cibos
1041 4391 1623 4446 vehementissimam
1657 4408 1785 4448 esse
1803 4409 1870 4448 ac
1887 4394 2045 4450 ultra

398 4480 641 4549 limites,
670 4485 729 4535 et
757 4480 873 4535 tale
907 4480 1211 4551 quidpiam
1245 4480 1511 4535 insinuat
1535 4498 1546 4535 :
1574 4479 1630 4533 Si
1662 4497 1908 4553 regnum
1945 4483 2039 4537 Dei

398 4569 565 4623 cibus
596 4584 663 4623 ac
689 4574 862 4640 potus
900 4574 1077 4636 esset,
1124 4585 1245 4623 non
1285 4568 1668 4625 decertaretis
1724 4572 2043 4627 vehemen-

398 4744 666 4810 tenditis,
689 4746 832 4815 quid
852 4746 1045 4801 facere
1068 4751 1301 4817 oportet
1320 4763 1426 4817 pro
1470 4746 1703 4819 justitia
1729 4752 1786 4802 et
1813 4764 1956 4819 pace
1985 4756 2044 4805 et

399 4832 611 4905 gaudio
634 4832 695 4886 in
718 4833 938 4904 Spiritu
958 4844 1162 4890 sancto
1187 4835 1214 4889 ?
1240 4856 1264 4886 ι
1287 4834 1397 4890 Sed
1407 4834 1659 4906 justitia.
1695 4857 1723 4885 »
1745 4837 1882 4901 Quae
1906 4845 2045 4894 sunt

402 4936 538 4994 ergo
559 4936 690 4990 qua)
712 4920 773 4975 in
796 4937 1043 4993 regnum
1076 4922 1178 4977 Dei
1209 4923 1903 4995 introducunt?justitia,
1932 4928 2044 4983 hoc

404 5016 512 5078 est,
546 5010 663 5065 vita
693 5010 993 5065 studiosa:
1027 5026 1140 5080 pax
1190 5028 1325 5084 erga
1379 5012 1643 5079 fratrem,
1677 5018 1736 5069 et
1764 5015 2043 5087 gaudium

400 5116 471 5155 ex
503 5099 840 5155 concordia.
875 5099 1168 5164 Quoniam
1200 5106 1399 5156 autem
1430 5103 1720 5175 contingit
1750 5120 1954 5175 pacem
1987 5109 2046 5159 et

397 5190 679 5263 gaudium
703 5205 832 5246 esse
863 5189 1042 5243 etiam
1067 5188 1128 5243 in
1147 5190 1439 5261 turpibus,
1474 5191 1656 5255 addit,
1681 5193 1795 5248 «In
1826 5192 2045 5264 Spiritu

399 5287 588 5347 sanct,
616 5303 642 5329 ι)
662 5285 943 5351 tanquam
975 5277 1201 5333 diceret
1229 5295 1240 5332 :
1277 5280 1437 5334 Hanc
1467 5278 1597 5335 dico
1629 5297 1835 5351 pacem
1856 5288 1915 5336 et
1935 5283 2046 5337 hoc

399 5369 677 5441 gaudium
702 5386 835 5440 qua)
860 5368 923 5423 in
946 5367 1165 5439 Spiritu
1186 5373 1389 5423 sancto
1418 5368 1777 5439 efficiuntur,
1800 5370 1912 5425 hoc
1935 5377 2044 5439 est,

398 5475 506 5529 per
534 5460 817 5529 Spiritum
849 5465 1120 5514 sanctum
1163 5459 1660 5515 introducuntur:
1712 5484 1740 5511 ‹‹
1770 5463 1912 5517 Nam
1945 5463 2045 5533 qui

404 5548 465 5600 in
494 5546 595 5600 his
627 5550 805 5602 servit
833 5549 1084 5603 Christo.
1123 5571 1150 5596 ››
1191 5550 1324 5603 Haec
1380 5549 1463 5603 ita
1509 5549 1733 5605 faciens
1763 5557 2047 5623 tanquam

402 5635 635 5690 debitor
663 5644 721 5690 et
750 5639 852 5707 qui
882 5639 954 5691 ad
986 5640 1046 5691 id
1081 5639 1392 5709 obligatur,
1427 5655 1560 5692 cum
1590 5640 1801 5695 timore
1831 5657 1899 5696 ac
1928 5648 2048 5696 tre-

403 5740 593 5794 more,
626 5725 778 5780 sicut
806 5725 999 5780 ﬁdelis
1030 5726 1133 5781 Dei
1166 5743 1385 5781 servus.
1420 5727 1527 5792 Qui
1559 5728 1718 5783 enim
1750 5728 1812 5783 in
1842 5730 1935 5784 his
1966 5736 2052 5784 tu-

2080 3281 2125 3349 Β

2136 1977 2212 2048 μὴ
2275 1974 2635 2052 διακρίνεσθαι
2694 1977 2746 2032 ἐν
2800 1983 2917 2039 τοῖς
2994 1978 3297 2052 βρώμασιν.
3365 1980 3674 2051 Ἐριζοντες
3732 1977 3789 2035 δὶ

2131 2063 2221 2118 καὶ
2254 2061 2779 2142 διαφιλονεικοῦντες
2820 2063 3028 2144 σφόδρα
3083 2065 3220 2139 πρὸς
3273 2065 3400 2129 τοὺς
3434 2063 3794 2143 διακρινομέ-

2132 2171 2279 2221 νους,
2311 2157 2522 2208 ποιεῖτε
2550 2154 2612 2208 τὸ
2642 2152 2839 2228 ἀγαθὸν
2875 2153 3027 2227 ὑμῶν
3065 2150 3535 2232 βλασφημεῖσθαι.

2211 2338 2608 2414 Ἐλεγχόμενοι
2665 2342 2769 2417 γὰρ
2827 2340 3022 2396 ἐκεῖνοῖ
3051 2386 3068 2411 ,
3140 2340 3553 2398 συνελαύνονται
3615 2342 3800 2421 λέγειν

2140 2427 2278 2503 πρὸς
2306 2428 2467 2501 ὑμᾶς,
2500 2428 2575 2491 ὼς
2617 2429 2680 2484 οὖ
2742 2426 2829 2484 διὰ
2885 2431 3067 2485 πίστιν
3130 2434 3291 2485 τοῦτο
3354 2436 3592 2497 ποιεῖτε,
3655 2432 3805 2489 ἄλλᾶ

2139 2518 2239 2585 τὴν
2263 2514 2495 2593 γαστέρα
2540 2518 2945 2593 θεραπεύοντες.
2997 2518 3063 2576 Εἰ
3119 2520 3213 2574 οὗν
3263 2519 3356 2574 καὶ
3406 2521 3484 2593 μή
3534 2518 3609 2575 δι’
3657 2520 3799 2576 ἄλλο

2141 2627 2195 2661 τι
2228 2604 2400 2680 ἐχρῆν
2460 2612 2561 2676 τῆς
2618 2607 2742 2682 περὶ
2806 2610 2968 2663 τοῦτο
3026 2603 3205 2683 ἔριδος
3255 2608 3617 2682 ἀποσχέσθαι,
3672 2609 3801 2666 ἀλλ’

2148 2694 2240 2748 οὗν
2272 2694 2362 2747 καὶ
2395 2694 2525 2750 αύτὸ
2554 2701 2717 2750 τοῦτο
2746 2697 2808 2752 τὸ
2842 2698 2917 2769 μὴ
2977 2696 3192 2774 βλασφη
3205 2698 3418 2771 μεῖσθαι
3475 2700 3538 2753 τὸ
3598 2699 3799 2774 ἀγαθὸν

2148 2783 2319 2854 ὑμῶν,
2353 2783 2531 2838 ἰκανόν
2563 2783 2705 2839 ἐστιν
2752 2785 2827 2847 εἷς
2864 2787 2927 2841 τὸ
2971 2791 3153 2842 πεῖσαι
3197 2787 3359 2860 ὑμᾶς,
3417 2788 3517 2856 τήν
3570 2784 3685 2862 ἔριν
3717 2789 3792 2850 είς

2146 2870 2404 2945 ὁμόνοιαν
2432 2874 2523 2928 καὶ
2572 2872 2787 2951 ἀγάπην
2849 2872 3128 2934 διαλῦσαι.
3195 2878 3271 2932 Οὐ
3311 2877 3415 2953 γάρ
3461 2876 3562 2932 ἐστι
3622 2881 3780 2932 τοῦτο

2148 2960 2414 3036 ὑπερορᾷν
2442 2961 2511 3016 τὰ
2556 2968 2658 3031 τῆς
2716 2964 2970 3033 πίστεως,
3028 2962 3174 3019 ἀλλὰ
3231 2970 3415 3038 τιμᾷν,
3460 2964 3509 3019 ἐν
3558 2969 3637 3036 τῷ
3678 2965 3774 3026 τὰς

2145 3049 2264 3105 κατ’
2295 3050 2462 3119 αὐτῆς
2490 3047 2725 3106 κωλύειν
2788 3052 3160 3132 βλασφημίας.
3213 3054 3378 3117 Εἰκὸς
3434 3051 3487 3108 δὲ
3529 3055 3617 3109 καὶ
3673 3057 3777 3110 τῶν

2148 3136 2250 3210 ἔξω
2279 3139 2451 3208 τινὰς,
2491 3139 2589 3202 τὰς
2645 3136 2828 3214 ἔριδας
2888 3139 3263 3210 διακούοντας,
3322 3141 3577 3218 ἐπιγελᾷν
3609 3143 3700 3197 καὶ
3725 3143 3787 3198 τὰ

2147 3231 2256 3282 τῶν
2314 3233 2650 3302 Χριστιανῶν
2708 3229 2996 3305 χλευάζειν
3052 3232 3142 3286 καὶ
3206 3230 3579 3310 βλασφημεῖν*
3643 3231 3712 3287 δι’
3764 3232 3792 3287 ἃ

2151 3316 2323 3371 πάντα
2352 3318 2572 3389 ἄμεινον
2612 3317 2702 3391 ἦν,
2737 3317 2854 3373 ἀντὶ
2884 3324 2983 3374 τοῦ
3041 3319 3233 3394 ἐρίζειν
3260 3320 3385 3395 περὶ
3439 3321 3509 3375 τὰ
3570 3322 3651 3394 μή
3683 3320 3791 3376 καί-

2153 3424 2263 3479 ρια,
2318 3405 2683 3478 ὁμονοοῦντας
2734 3406 2857 3480 περὶ
2923 3407 2990 3462 τὰ
3040 3410 3228 3482 καίρια
3280 3408 3371 3463 καὶ
3424 3410 3796 3484 συνερμοσμὲ-

2140 3513 2271 3555 ννους
2326 3497 2394 3568 τῇ
2451 3494 2656 3570 ἀγάπῃ,
2707 3499 2879 3549 πᾶσαν
2968 3492 3236 3562 διαϐολῆς
3290 3498 3380 3552 καὶ
3437 3497 3795 3577 βλασφημίας

2149 3583 2416 3659 πρόφασιν
2467 3581 2781 3643 ἐκκόπτειν.
2838 3587 3021 3642 Ταῦτα
3071 3586 3171 3663 γὰρ
3231 3585 3346 3641 ἐστι
3397 3587 3466 3642 τὰ
3519 3588 3797 3665 εἰσάγοντα

2149 3669 2228 3733 είς
2256 3672 2356 3740 τήν
2389 3671 2667 3748 βασιλείαν
2696 3678 2802 3728 τῶν
2835 3675 3100 3750 οὐρανῶν·
3135 3677 3199 3745 ἡ.
3228 3674 3281 3730 ἐν
3339 3677 3520 3732 πίστει
3582 3677 3790 3753 εἰρήνη,

2150 3761 2184 3828 ἡ
2218 3759 2268 3813 ἐν
2301 3760 2445 3836 ἁγίῳ
2475 3762 2747 3835 Ηνεύματι
2806 3768 2972 3838 χαρά,
3031 3765 3122 3819 καὶ
3153 3767 3188 3834 ἡ
3222 3762 3595 3837 δικαίοσύνην.
3666 3791 3697 3819 α
3729 3767 3795 3825 Οὐ

2146 3848 2250 3925 γὰρ
2284 3847 2427 3905 ἐστίν
2460 3853 2494 3919 ἡ
2527 3850 2773 3927 βασίλεία
2798 3857 2895 3908 τοῦ
2954 3856 3088 3908 Θεοῦ
3148 3854 3351 3930 βρῶσις
3409 3856 3500 3910 καὶ
3556 3856 3733 3917 πόσις.
3768 3880 3796 3907 »

2149 3942 2355 3993 Παῦσαι
2400 3938 2657 4016 βούλεται
2691 3940 2920 4004 ἐκείνους
2976 3946 3085 3997 τῶν
3141 3941 3529 4019 ἐγκλημάτων.
3558 3943 3632 4001 Οὐ
3686 3946 3789 4020 γὰρ

2149 4022 2238 4080 διὰ
2265 4028 2521 4103 βρώσεως
2543 4028 2576 4098 ἢ
2602 4030 2835 4099 πόσεως,
2859 4031 3044 4107 φησίν,
3078 4027 3281 4106 ἔχομεν
3304 4030 3565 4088 εἰσελθεῖν
3594 4032 3669 4095 είς
3693 4033 3791 4101 τὴν

2153 4115 2429 4189 βασιλείαν
2483 4120 2581 4171 τοῦ
2636 4121 2771 4172 Θεοῦ
2803 4158 2816 4172 .
2875 4151 2947 4162 -—-
3002 4118 3262 4182 Ἀλλως.
3324 4124 3536 4195 [ΦΩΤ.]
3594 4122 3799 4189 Εἶπὼν,

2150 4227 2177 4255 ‹‹
2211 4204 2288 4260 Οὐ
2343 4202 2445 4280 γάρ
2505 4204 2646 4259 ἔστιν
2702 4207 2737 4274 ἡ
2800 4206 3049 4280 βασιλεία
3101 4212 3201 4263 τοῦ
3257 4213 3391 4264 Θεοῦ
3447 4212 3657 4284 βρῶσις
3712 4211 3805 4266 καὶ

2146 4291 2327 4361 πόσις,
2361 4316 2389 4344 ››
2423 4290 2659 4348 δείκνυσι
2707 4296 2805 4362 τὴν
2862 4295 2987 4370 περὶ
3034 4298 3099 4352 τὰ
3163 4298 3427 4373 βρώματα
3484 4299 3636 4355 αὐτῶ
3693 4296 3804 4377 ἔριν

2146 4378 2520 4456 σφοδροτάτην
2561 4380 2722 4438 οὖσαν
2754 4385 2845 4438 καὶ
2892 4383 3031 4461 πέρα
3084 4390 3181 4441 τοῦ
3215 4387 3437 4462 μέτρου.
3500 4390 3602 4443 Καὶ
3634 4389 3807 4446 αἰνίτ-

2143 4491 2315 4541 τεται,
2349 4467 2424 4534 ὥς
2460 4471 2518 4528 Εἰ
2547 4472 2615 4542 ἦν
2652 4471 2909 4548 βασιλεία
2936 4480 3036 4530 τοῦ
3068 4480 3202 4531 Θεοῦ
3236 4477 3438 4552 βρῶσις
3490 4478 3583 4533 καὶ
3643 4480 3808 4539 πόσις

2149 4559 2249 4614 οὐκ
2278 4559 2336 4615 ίὶν
2365 4559 2535 4616 πλέον
2567 4558 2979 4638 διηγωνίσασθε·
3014 4562 3126 4638 ἅμα
3157 4562 3217 4620 δὲ
3267 4567 3358 4622 καὶ
3418 4565 3810 4642 ἐντρεπτικῶς,

399 4658 538 4712 tius.
569 4656 757 4711 Simul
789 4657 964 4712 etiam
1021 4656 1413 4712 adhortando.
1449 4658 1503 4713 Si
1535 4674 1640 4728 pro
1672 4658 1764 4714 his
1792 4660 1875 4714 ita
1903 4677 2034 4717 con-

2153 4649 2235 4704 ὅτι
2278 4648 2342 4707 Εἰ
2374 4651 2506 4727 ὑπὲρ
2535 4650 2743 4707 τούτων
2779 4653 2954 4716 οὕτως
2987 4660 3213 4724 ποιεῖτε,
3266 4655 3319 4711 τί
3375 4657 3486 4730 χρὴ
3546 4656 3810 4734 πράττειν

2153 4738 2283 4813 ὑπὲρ
2317 4736 2687 4810 δίκαιοσύνης,
2714 4741 2801 4796 καὶ
2832 4742 3076 4816 εἰρήνης,
3133 4744 3225 4798 καὶ
3274 4750 3373 4813 τῆς
3428 4753 3811 4819 πνευματικῆς

2151 4831 2329 4902 χαρᾶς
2363 4846 2376 4897 ;
2411 4854 2437 4879 ι(
2472 4826 2647 4884 Ἀλλὰ
2678 4826 3016 4900 δικαιοσύνη,
3054 4853 3081 4881 ››
3112 4832 3248 4886 Ποία
3279 4832 3369 4887 οὗν
3424 4831 3537 4888 ἐστι
3597 4836 3666 4889 τὰ
3696 4834 3814 4889 εἶσ-

2151 4915 2358 4991 ἀγοντα
2388 4916 2463 4978 εἰς
2510 4919 2608 4985 τήν
2642 4916 2922 4992 βασιλείαν
2958 4938 2971 4989 ;
3033 4920 3380 4991 Δικαιοσύνη,
3437 4922 3748 4991 τουτέστιν,
3784 4926 3813 4979 ὁ

2153 5005 2398 5079 ἑνάρετος
2454 5006 2595 5081 βίος,
2651 5008 2685 5074 ἡ
2732 5008 2868 5078 πρὸς
2895 5008 2987 5062 τὸν
3015 5007 3251 5086 ἀδελφὸν
3284 5009 3498 5083 εἰρήνη,
3549 5014 3640 5065 καί
3682 5016 3720 5083 ἡ
3754 5012 3816 5068 ἐκ

2151 5102 2251 5165 τῆς
2285 5094 2541 5167 ὁμονοίας
2583 5095 2748 5169 χαρά.
2783 5094 3004 5165 Ἐπειδὴ
3048 5095 3105 5152 δὲ
3156 5095 3232 5153 ἔνι
3286 5098 3477 5173 εἰρήνη
3535 5102 3627 5155 καὶ
3661 5103 3816 5177 χαρὰ

2154 5184 2242 5241 ἐπὶ
2273 5184 2550 5259 αἶσχροῖς,
2583 5186 2903 5259 προστίθησι
2921 5188 3003 5255 τὸ,
3025 5211 3053 5238 ‹‹
3079 5188 3169 5245 ’Ev
3194 5188 3466 5262 Ηνεύματι
3489 5190 3645 5265 ἁγίῳ,
3681 5214 3709 5244 ο
3737 5194 3816 5255 ὡς

2157 5278 2202 5333 εἰ
2234 5279 2371 5336 εἷπε.
2430 5278 2643 5348 Ταύτην
2704 5275 2850 5354 λέγω
2898 5279 2999 5347 τήν
3059 5278 3249 5353 εῗρήνη
3303 5280 3394 5336 καὶ
3447 5282 3645 5358 χαρὰν,
3707 5285 3816 5352 τήν

2155 5367 2207 5422 ἐν
2234 5367 2507 5440 Ηνεύματι
2540 5367 2676 5440 ἁγίῳ
2713 5366 3028 5440 γινομένην,
3076 5372 3343 5438 τουτέστι,
3379 5368 3465 5425 δια
3496 5375 3594 5426 τοῦ
3648 5372 3815 5446 ἁγίου

2157 5456 2466 5529 Πνεύματος
2524 5455 2944 5530 είσηγουμένην.
2998 5480 3025 5509 κ
3059 5458 3119 5513 Ὁ
3150 5458 3253 5535 γὰρ
3313 5458 3365 5514 ἐν
3428 5462 3647 5525 τούτοις
3679 5460 3812 5516 δου-

2158 5546 2331 5602 λεύων
2363 5550 2441 5618 τῷ
2470 5547 2710 5619 Χριστῷ.
2741 5568 2771 5598 ››
2803 5546 2991 5609 Οὕτως
3053 5549 3296 5623 βράττων
3351 5552 3488 5606 αὐτὰ
3517 5552 3594 5615 ὡς
3625 5571 3811 5628 χρεω-

2158 5640 2317 5703 στῶν,
2353 5635 2426 5694 ὡς
2457 5633 2766 5712 ὀφειλέτης,
2805 5635 2943 5707 μετᾶ
2971 5631 3144 5714 φόϐου
3201 5640 3290 5692 καὶ
3351 5640 3484 5711 μετὰ
3539 5661 3810 5716 συντριμ-

2161 5729 2289 5801 μοῦ,
2322 5725 2395 5785 ὡς
2426 5723 2617 5784 πιστὸς
2662 5720 2861 5784 δοῦλος
2900 5728 3056 5784 Θεοῦ.
3116 5728 3224 5783 ((⁸0
3281 5726 3387 5803 γὰρ
3441 5730 3808 5806 φυσιούμενος
