4106 6252
445 353 555 415 601

1555 357 1953 417 COMMENT.
1998 355 2085 415 IN
2131 352 2378 413 EPIS’I‘.
2425 353 2529 411 AD
2573 353 2770 411 ROM.

3747 351 3867 410 602

448 486 540 539 καὶ
572 484 1042 560 ἀλαζονευόμενος
1097 487 1148 542 ἐν
1205 486 1441 555 τούτοις,
1505 486 1629 542 οὕτε
1687 485 1932 543 δουλεύει
1993 489 2099 556 Θεᾷ

2224 484 2416 540 midus
2449 488 2539 538 est
2567 490 2625 538 et
2652 499 2954 554 arrogans,
2988 499 3108 537 non
3154 481 3307 536 890
3339 482 3518 535 servit
3565 483 3702 549 Deo,
3756 498 3864 537 ne-

456 572 579 630 οὗτε
609 575 902 650 εὐάρεστος
932 579 1096 631 αὐτοῦ
1128 576 1290 633 ἐστιν.
1324 578 1443 633 ’Ἐνι
1502 576 1558 632 δὲ
1609 577 1700 631 καὶ
1751 577 1857 631 ἀπὸ
1886 574 2108 631 κενοδο-

457 665 568 735 ξίας
600 664 873 741 ἐγκαλεῖν,
907 669 995 720 καὶ
1028 666 1089 721 οὐ
1147 665 1234 721 διὰ
1291 662 1456 744 φόϐον
1490 668 1524 738 ἢ
1557 668 1773 738 ἀγάπην
1834 672 1987 722 Θεοῦ.
2018 667 2110 720 Διὸ

461 753 669 830 ἐπάγει·
705 780 730 804 ‹‹
757 756 815 807 Ὀ
845 756 950 830 γάρ
980 754 1033 810 ἐν
1064 756 1276 817 τούτοις
1309 754 1583 811 δουλεύων
1615 762 1695 829 τῷ
1753 755 1989 831 Χριστῷ,
2024 780 2051 807 ››
2083 755 2113 809 6'

459 843 628 910 ἐστιν,
659 842 712 898 ἐν
749 842 1065 919 δικαιοσύνῃ
1097 845 1185 899 καὶ
1219 850 1363 920 χαρᾷ
1392 846 1480 899 καὶ
1516 846 1707 920 εἰρήνῃ
1739 849 2102 918 πνευματικῇ.

544 941 551 947 .
603 934 616 951 \
666 932 689 949 Ν
710 934 739 964 1.
987 938 1009 949 υ
1076 935 1088 948 Ὦ
1220 934 1231 953 1
1565 935 1577 952 ‘
1700 935 1710 953 f
1861 931 1909 965 Αὶ
1979 934 1991 951 9
2089 933 2102 951 ‘

456 957 485 984 κ
520 940 617 986 In:
662 952 897 1005 οοκιμος
920 954 1035 994 τοις
1065 936 1391 1007 ανθρωποις.
1428 958 1456 984 ››
1499 938 1586 1004 Mr,
1644 955 1805 1006 μονον
1857 952 1932 1001 ος,
1966 934 2112 989 αλλα

450 1020 546 1074 καὶ
606 1021 658 1074 οἱ
717 1019 997 1095 ἄνθρωποί
1064 1041 1120 1074 σε
1175 1020 1538 1092 θαυμάσουσιν
1599 1022 1831 1097 ὁρῶντες
1890 1021 2108 1093 εἰρήνην

450 1106 657 1184 ἔχοντα
715 1108 803 1163 καὶ
869 1110 1041 1184 χαράν
1101 1110 1191 1163 καὶ
1251 1109 1599 1180 δικαιοσύνην
1634 1154 1647 1179 ,
1700 1111 1841 1185 παρὸ
1901 1107 1991 1164 διὰ
2044 1110 2112 1163 τὰ

451 1197 620 1273 χοίρα
652 1197 849 1252 ἐσθίειν
882 1195 1217 1276 ἀδιαφόρως.

535 1289 671 1361 Ἆρα
702 1288 795 1341 οὖν
838 1287 903 1341 τὰ
956 1294 1057 1356 τῆς
1114 1288 1334 1361 εἰρήνης
1388 1285 1684 1361 διώκομεν,
1738 1287 1827 1341 καὶ
1885 1289 1952 1342 τά
2008 1294 2108 1357 τῆς

462 1375 763 1450 οἷκοδομῆς
818 1384 919 1447 τῆς
1001 1378 1076 1439 εἷς
1161 1376 1469 1448 ἀλλήλους.
1557 1380 1647 1447 Μὴ
1732 1374 1904 1432 ἕνεκεν
1964 1376 2113 1453 βρώ-

460 1488 630 1539 ματος
686 1465 925 1521 κατάλυε
1008 1469 1070 1521 τὸ
1149 1461 1301 1543 ἔργον
1388 1472 1484 1522 τοῦ
1556 1471 1706 1524 Θεοῦ.
1770 1467 1952 1523 Πάντα
2013 1466 2107 1537 μὲν

447 1558 660 1631 καθαρά
693 1601 707 1625 ,
764 1554 911 1611 ἀλλᾶ
968 1558 1131 1611 κακὸν
1194 1561 1274 1628 τῷ
1330 1557 1603 1630 ἀνθρώπῳ
1658 1562 1738 1629 τῷ
1796 1554 1884 1610 διὰ
1939 1575 2110 1630 προσ-

447 1646 742 1716 κόμματος
797 1644 1026 1700 ἐσθίοντι
1063 1691 1075 1703 .
1147 1644 1330 1701 Καλὸν
1408 1646 1472 1700 τὸ
1558 1648 1632 1718 μή
1713 1651 1900 1723 φαγεῖν
1956 1643 2109 1717 κρέαν

453 1731 600 1806 μηδὲ
631 1740 774 1789 πιεῖν
806 1735 972 1805 οἶνον,
1011 1732 1150 1807 μηδέ
1182 1734 1232 1789 ἐν
1267 1736 1313 1807 ᾦ
1371 1736 1399 1789 6
1434 1732 1670 1811 ἀδελφός
1702 1755 1797 1788 σου
1828 1734 2108 1808 προσκόπ-

448 1844 554 1886 τει,
588 1825 623 1892 ἢ
651 1820 1083 1892 σκανδαλίζεται,
1116 1824 1149 1892 ἢ
1184 1824 1407 1887 ἀσθενεῖ.

524 1914 676 1969 Ἐπεὶ
712 1911 800 1967 οὖν
849 1917 1016 1968 ταῦτα
1071 1912 1525 1987 ἀνωμολόγηται,
1580 1915 1731 1987 φησί,
1787 1913 1876 1968 καὶ
1936 1911 2104 1968 δέδει-

457 2020 581 2054 κται
624 2003 707 2055 δτι
763 2000 931 2056 καλὸν
987 2005 1021 2071 ἡ
1082 2000 1299 2076 εῗρήνη,
1346 2002 1566 2072 ταύτην,
1632 2003 1785 2080 φησί,
1823 2002 2109 2076 μετεχρώ-

460 2101 620 2161 μεθα,
656 2086 731 2143 δι’
757 2090 825 2158 ἧς
876 2084 1024 2145 ἔσται
1078 2091 1167 2145 καὶ
1197 2092 1230 2161 ἡ
1266 2090 1477 2145 πάντων
1535 2088 1900 2163 οἷκοδοδομή.
1966 2113 1989 2143 α
2019 2092 2105 2160 Μὴ

451 2176 630 2233 ἕνεκεν
664 2180 976 2254 βρώματος.
1015 2202 1038 2232 ι
1074 2179 1150 2237 O6
1187 2179 1370 2252 μόνον,
1404 2179 1591 2259 φησὶν,
1649 2180 1749 2235 οὐκ
1795 2178 2108 2252 οῗκοδομεῖς

451 2267 703 2343 ἐγκαλῶν
750 2268 831 2323 ἀεὶ
893 2266 982 2323 διὰ
1033 2270 1101 2324 τά
1170 2270 1462 2344 βρώματα,
1520 2267 1667 2324 ἀλλὰ
1722 2269 1815 2323 καὶ
1868 2269 1933 2337 ἢν
1992 2267 2107 2343 ἔχει

446 2358 628 2412 πίστιν
661 2357 974 2426 καταλύεις,
1023 2355 1496 2435 φιλονεικοτέρους
1554 2356 1753 2419 αὐτοὺς
1786 2362 1977 2425 ποιῶν,
2018 2357 2107 2411 καὶ

448 2447 758 2515 ἀποστῆναι
792 2445 979 2502 τέλεον
1010 2454 1111 2516 τῆς
1140 2448 1375 2508 πίστεως
1408 2447 1745 2521 παροξύνων,
1800 2468 1821 2496 ι
1855 2446 1924 2499 Τὸ
1956 2443 2109 2521 ἔργον

446 2541 545 2592 τοῖ
567 2542 725 2593 Θεοῦ,
765 2561 791 2587 ››
825 2536 1156 2609 [ΟΙΚΟΥΜ.]
1190 2537 1251 2593 Ὁ
1287 2536 1437 2604 Θεὸς,
1485 2538 1639 2614 φησὶ,
1675 2533 1763 2590 διὰ
1819 2540 1916 2590 τοῦ
1948 2556 2106 2589 σταυ-

454 2630 551 2698 ροῦ
583 2623 930 2697 ᾠκοδόμησε,
966 2623 1028 2679 σὺ
1063 2622 1120 2679 δὲ
1148 2625 1247 2692 τήν
1290 2622 1591 2697 οἰκοδομὴν
1622 2625 1788 2678 αὐτοῦ
1819 2622 2106 2693 καταλύεις

458 2712 548 2769 διὰ
582 2716 797 2788 βρῶμα.
833 2715 1035 2787 Ἔργον
1069 2711 1125 2768 δὲ
1155 2717 1252 2769 τοῦ
1281 2718 1417 2769 Θεοῦ
1476 2712 1646 2789 λέγει,
1706 2714 1803 2781 τήν
1837 2713 2106 2781 σωτηρίαν

449 2808 560 2858 τῶν
613 2804 935 2877 ἀνθρὼπων.
988 2828 1015 2855 cc
1052 2804 1231 2857 Πάντα
1284 2804 1378 2875 μὲν
1433 2802 1661 2877 καθαρά.
1699 2827 1727 2853 ››
1782 2809 1895 2857 Ἵνα
1929 2804 2003 2874 μὴ
2035 2806 2104 2876 τῇ

441 2892 638 2965 πολλῇ
669 2897 780 2947 τῶν
812 2892 1159 2969 ὑγιαινόντων
1191 2892 1481 2962 ἐπιπλήξει
1517 2887 1795 2967 βεϐαιώσῃ
1846 2896 1926 2964 τῷ
1956 2891 2108 2956 ἀσθε-

440 2989 527 3036 νεῖ
555 2984 622 3037 τὸ
654 2984 1089 3057 παρατηρεῖσθαι
1120 2983 1189 3037 τὰ
1218 2981 1505 3056 βρώματα,
1527 2983 1614 3036 καὶ
1645 2982 1721 3045 εἷς
1748 2982 1911 3036 αὐτὸν
1934 2987 2107 3055 χωρεῖ

442 3071 663 3127 λοιπόν.
698 3073 875 3126 Πάντα
913 3072 1006 3144 μὲν
1041 3071 1269 3145 καθαρὰ,
1304 3072 1466 3143 φησὶν
1500 3070 1646 3125 ἀλλὰ
1665 3070 1826 3124 κακὸν
1858 3075 1936 3141 τῷ
1974 3072 2106 3143 μετά

452 3159 755 3224 συνειδότος
779 3165 1026 3233 πονηροῦ
1061 3158 1316 3215 ἐσθίοντι.
1350 3184 1377 3210 ‹‹
1411 3161 1504 3230 Τῷ
1536 3155 1624 3213 διὰ
1672 3157 2101 3233 προσκόμματος

458 3246 765 3310 ἐσθίοντι.»
828 3249 933 3304 Καὶ
1005 3248 1105 3323 γὰρ
1160 3248 1205 3302 εἰ
1264 3247 1616 3323 ἀναγκασθεὶς
1666 3246 1860 3323 φάγῃς·
1916 3246 2099 3325 φησὶν,

464 3338 617 3391 οὖεὶν
670 3339 953 3418 ὠφέλησας
987 3357 999 3370 ⁶
1068 3340 1202 3411 μετὰ
1257 3340 1361 3415 γὰρ
1416 3336 1739 3412 διακρίσεως
1800 3333 2102 3412 βέϐρωκπς·

460 3425 535 3481 Οὔ
565 3427 659 3500 γάρ
686 3429 744 3481 τὸ
788 3433 977 3505 φαγεῖν
1028 3432 1177 3482 ποιεῖ
1231 3448 1287 3481 σε
1352 3427 1609 3501 καθαρὸν,
1668 3424 1795 3480 ἀλλ’
1826 3429 1860 3495 ἡ
1891 3427 2101 3502 καθαρὰ

451 3515 639 3590 γνώμη
666 3519 782 3589 μεθ’
814 3517 884 3586 ἧς
918 3515 1133 3578 ἐσθίεις.
1167 3540 1195 3567 ‹‹
1233 3514 1411 3572 Καλὸν
1445 3516 1505 3570 τὸ
1543 3516 1617 3589 μὴ
1651 3520 1834 3593 φαγεῖν
1880 3516 2030 3590 κρέα.
2067 3541 2095 3568 ››

442 3609 703 3668 Ἐνταῦθα
755 3607 821 3660 οὔ
858 3606 1023 3678 μόνον
1079 3609 1159 3676 τῷ
1215 3606 1390 3677 πιστῷ
1445 3610 1699 3679 παραινεῖ
1756 3606 1833 3677 μὴ
1891 3603 2097 3683 σφόδρα

437 3694 803 3755 καθάπτεσθαι
886 3698 984 3748 τοῦ
1041 3694 1411 3757 ἀσθενοῦντος,
1471 3691 1619 3748 ἀλλὰ
1677 3692 1768 3747 καί
1826 3714 2095 3768 συγκατα-

443 3775 601 3849 ϐῆναι
635 3781 809 3854 αὐτῷ,
834 3780 925 3836 καὶ
963 3784 1034 3854 μὴ
1086 3787 1269 3859 φαγεῖν
1314 3782 1464 3855 κρέα,
1529 3778 1668 3854 μηδὲ
1723 3787 1891 3835 πιεῖεν
1922 3784 2090 3836 οἶνον·

440 3868 551 3926 Κᾶν
586 3870 731 3925 ἄλλο
760 3892 811 3925 τι
846 3868 978 3938 δέοι,
1031 3871 1363 3943 παραίτησαι
1401 3868 1488 3924 διὰ
1517 3871 1616 3938 τὴν
1676 3871 1947 3944 σωτηρίαν
1995 3878 2093 3926 τοῦ

438 3956 681 4037 ἀδελφοῦ
740 3980 836 4013 σου
864 4003 878 4016 .
969 3960 1236 4033 Μεγίστην
1313 3959 1414 4033 γὰρ
1476 3953 1591 4033 ἔχει
1651 3954 2094 4035 συγκαταϐάσεως

439 4048 695 4124 ἀφορμὴν
732 4047 1054 4117 ἡάσθὲνεια.
1121 4070 1147 4101 ι
1182 4046 1346 4117 Μηδὲ
1403 4047 1455 4101 ἐν
1513 4049 1558 4119 ᾦ
1624 4049 1652 4102 6
1710 4045 1943 4125 ἀδελφός
1996 4069 2092 4103 σου

436 4136 794 4211 προσκόπτει.
831 4160 857 4187 ››
889 4141 1022 4209 *Ορα
1053 4141 1169 4196 πῶς
1202 4134 1253 4189 ἐν
1287 4140 1365 4206 τῷ
1394 4135 1531 4210 πρὸς
1557 4136 1650 4190 τὸν
1692 4137 1880 4190 πιστὸν
1918 4134 2089 4212 λόγῳ,

436 4230 544 4279 τῶν
604 4225 978 4302 όλιγοπίστων
1038 4224 1414 4294 καθάπτεται,
1497 4223 1548 4278 ἐν
1603 4226 1755 4297 ᾧτινι
1814 4225 2091 4301 πράγματι

435 4315 790 4388 προσκόπτει,
824 4314 956 4389 ὅπερ
988 4318 1095 4368 τῶν
1156 4312 1555 4393 τυφλουμένων
1617 4311 1779 4371 ἴδιον.
1843 4311 2088 4368 Σκανδα-

435 4404 635 4472 Αίξεται
695 4401 750 4458 δὲ
786 4448 799 4471 ,
863 4402 995 4479 ὅπερ
1057 4399 1521 4458 εὐσκανδαλίστων
1555 4446 1568 4458 .
1626 4404 1896 4468 Ἀσθενεῖ,
1956 4404 2087 4478 ’ὅπερ

438 4490 506 4546 ἀλ
518 4491 669 4569 ιγοπί
678 4513 840 4549 στων.

510 4767 583 4820 Σὺ
639 4765 821 4819 πίστιν
889 4761 1035 4840 ἔχεις
1070 4807 1084 4831 ,
1140 4765 1275 4819 κατὰ
1359 4763 1580 4818 σεαυτὸν
1633 4759 1749 4837 ἔχε.
1808 4761 2089 4837 Μακάριος

443 4857 469 4908 6
516 4856 589 4926 μὴ
642 4855 841 4926 κρίνων
904 4854 1088 4908 ἑαυτὸν
1146 4855 1195 4908 ἐν
1256 4852 1301 4925 ᾧ
1355 4850 1682 4925 δοκιμάζει.
1739 4853 1801 4909 Ὀ
1860 4850 1916 4906 δὲ
1973 4850 2087 4908 δια·

442 4944 751 5017 κρινόμενος
786 4988 800 5010 ,
857 4942 944 4996 ἐὰν
1004 4943 1149 5022 φάγῃ
1184 4988 1196 5009 ,
1260 4940 1690 5017 κατακέκριται,
1741 4940 1826 4997 ὅτι
1874 4940 1973 4996 οὐκ
2030 4942 2088 4997 ἐκ

435 5032 685 5095 πίστεως.
720 5037 834 5088 Πᾶν
877 5028 934 5085 δὲ
990 5032 1018 5085 ’ὁ
1077 5031 1175 5086 οὐκ
1236 5031 1294 5086 ἐκ
1342 5032 1600 5101 πίστεως,
1661 5030 1899 5106 ἁμαρτία
1950 5029 2081 5087 έστί.

501 5214 691 5268 Πίστιν
721 5209 967 5277 ἐνταῦθα,
1019 5210 1118 5277 τὴν
1180 5210 1442 5284 περὶτῶν
1496 5206 1867 5283 προκειμένων
1912 5207 2079 5285 λέγει,

428 5304 544 5357 οἷον
583 5299 917 5375 βρωμάτων
953 5298 1025 5359 ὡς
1055 5300 1156 5372 ἥγε
1213 5297 1335 5371 περί
1387 5295 1697 5373 δογμάτων,
1758 5296 1811 5352 ἐν
1867 5302 1945 5370 τῷ
1976 5319 2081 5376 φα-

423 5394 566 5464 νερῷ
598 5388 989 5461 ὁμολογεῖσθαι
1048 5384 1208 5440 πᾶσιν
1268 5384 1498 5461 ὁφέίλει.
1564 5410 1589 5437 ‹‹
1626 5391 1736 5447 Πᾶς
1798 5386 1889 5458 μὲν
1951 5385 2077 5460 γὰρ,

424 5478 611 5558 φησὶν,
675 5476 824 5536 ὅστις
879 5473 1201 5549 ὁμολογήσῃ
1262 5473 1312 5528 ἐν
1347 5474 1470 5547 ἐμοὶ
1529 5469 1802 5550 ἔμπροσθε
1857 5478 1964 5528 τῶν
1996 5473 2080 5528 ἀν-

426 5565 688 5639 θρώπων,
727 5586 748 5611 ι
812 5562 901 5615 καὶ
954 5562 1095 5633 ἑξῆς.
1158 5563 1419 5618 Ἐνταῦθα
1468 5561 1526 5618 δὲ
1557 5606 1572 5634 ,
1630 5562 1719 5618 καὶ
1774 5562 2073 5636 κενοδοξεῖν

499 5672 548 5707 ⁵⁸
578 5669 786 5726 Matth.
821 5686 878 5736 x,
910 5670 996 5726 31.

2221 591 2334 645 que
2368 574 2457 628 illi
2488 578 2763 644 acceptus
2796 578 2900 627 est.
2939 573 3235 644 Contingit
3265 576 3322 626 et
3351 588 3422 627 ex
3451 570 3619 624 inani
3675 570 3863 641 gloria

2220 665 2537 736 corripere,
2566 670 2625 718 et
2671 680 2791 717 non
2824 680 2893 717 ex
2920 664 3130 717 timore
3187 667 3290 716 aut
3340 661 3656 715 dilectione
3714 660 3817 713 Dei
3850 675 3863 715 :

2220 754 2350 809 ideo
2384 753 2600 808 subdit.
2637 755 2779 808 Nam
2812 753 2913 823 qui
2944 753 3003 806 in
3040 753 3131 806 his
3163 752 3340 805 servit
3365 749 3617 815 Christo,
3648 766 3865 820 nempe

2220 844 2282 897 in
2307 843 2541 914 justitia
2573 848 2630 896 et
2659 843 2870 914 gaudio
2902 858 3163 913 paceque
3227 839 3541 913 spirituali.
3577 861 3604 888 ‹‹
3640 841 3707 892 Ει
3735 856 3864 910 pro-

2220 932 2394 987 batus
2425 932 2788 986 hominibus.
2824 952 2850 979 ››
2884 934 3009 985 Non
3043 930 3236 985 solum
3270 933 3469 984 autem
3501 929 3635 994 hoc,
3663 944 3863 983 verum

2220 1022 2667 1077 admirabantur
2698 1028 2752 1075 te
2792 1022 3101 1076 homines:
3148 1021 3414 1074 videntes
3470 1018 3627 1088 quod
3659 1034 3864 1089 pacem

2219 1112 2438 1167 habeas
2478 1118 2536 1166 et
2558 1111 2836 1183 gaudium
2868 1127 2935 1165 ac
2959 1111 3294 1181 justitiam:
3327 1112 3613 1179 prmterea
3642 1113 3699 1162 et
3729 1125 3863 1178 por-

2220 1202 2383 1256 cinas
2414 1216 2620 1254 carnes
2651 1200 2816 1254 nullo
2849 1199 3192 1253 discrimine
3234 1198 3393 1253 edas.

2290 1290 2429 1358 XIV,
2458 1291 2634 1346 19-21.
2660 1292 2910 1359 «Itaque
2934 1306 3063 1359 quae
3085 1289 3246 1359 pacis
3274 1294 3413 1343 sunt
3443 1294 3773 1344 sectemur:
3808 1293 3867 1343 et

2220 1402 2248 1429 ‹‹
2274 1396 2404 1449 quae
2427 1383 2647 1432 mutum
2673 1379 2830 1432 inter
2859 1394 2968 1431 nos
2990 1377 3421 1432 aediﬁcationis.
3450 1380 3527 1431 Ne
3549 1377 3665 1432 cibi
3688 1392 3866 1432 causa

2219 1488 2247 1517 ‹‹
2280 1467 2551 1521 destruas
2583 1484 2730 1538 opus
2749 1467 2872 1521 Dei.
2908 1467 3119 1522 Omnia
3139 1465 3379 1536 quidem
3407 1482 3574 1537 pura,
3602 1465 3705 1521 sed
3735 1480 3862 1520 ma-

2222 1578 2249 1607 ‹‹
2280 1557 2404 1611 lum
2438 1562 2527 1611 est
2570 1556 2791 1611 homini
2826 1556 2925 1627 qui
2948 1572 3054 1627 per
3108 1555 3532 1610 oil‘endiculum
3584 1556 3861 1610 vescitur.

2218 1669 2244 1695 «
2275 1648 2499 1701 Bonum
2536 1651 2625 1700 est
2655 1662 2774 1700 non
2802 1645 2975 1699 edere
3026 1661 3255 1712 carnes,
3314 1660 3509 1715 neque
3540 1643 3740 1698 bibere
3772 1644 3863 1697 vi-

2217 1758 2243 1785 ‹‹
2280 1753 2444 1804 num,
2477 1752 2670 1806 neque
2703 1735 3007 1805 quidpiam
3047 1734 3239 1788 facere
3270 1733 3332 1788 in
3364 1750 3480 1804 quo
3512 1734 3694 1788 frater
3723 1736 3857 1787 tuus

2134 1852 2182 1913 B
2225 1850 2249 1880 ιι
2271 1826 2546 1899 impingit
2566 1832 2666 1881 aut
2685 1825 3006 1880 offenditur
3026 1830 3127 1880 aut
3156 1826 3510 1878 infirmatur.
3547 1850 3569 1876 ι

2289 1918 2433 1971 Cum
2462 1933 2597 1988 ergo
2630 1916 2755 1969 haec
2804 1915 2865 1968 in
2919 1914 3188 1969 confesso
3224 1915 3360 1979 sint,
3394 1912 3607 1983 inquit,
3668 1912 3861 1982 sitque

2218 2011 2521 2060 ostensum
2553 2006 2770 2060 bonam
2802 2022 2932 2059 esse
2964 2020 3191 2075 pacem,
3224 2004 3283 2057 in
3316 2003 3425 2058 hac
3456 2020 3565 2057 nos
3597 2018 3864 2056 exercea-

2215 2112 2368 2163 mus,
2385 2112 2490 2166 per
2509 2111 2685 2165 quam
2709 2095 3013 2166 continget
3032 2095 3211 2149 etiam
3233 2093 3503 2147 omnium
3524 2092 3859 2146 aadiﬁcatio.

2217 2205 2243 2232 α
2270 2185 2348 2237 Ne
2380 2183 2496 2236 cibi
2522 2200 2716 2238 causa.
2746 2205 2771 2232 ››
2805 2185 2927 2237 Non
2960 2184 3175 2248 solum,
3210 2182 3425 2253 inquit,
3450 2198 3570 2236 non
3602 2180 3860 2236 aadiﬁcas

2217 2270 2356 2324 dum
2388 2277 2629 2342 propter
2654 2271 2815 2326 cibos
2839 2288 3073 2342 semper
3107 2287 3349 2326 accusas
3384 2288 3397 2324 :
3433 2271 3535 2325 sed
3592 2276 3651 2325 et
3682 2270 3861 2325 ﬁdem

2217 2374 2395 2427 quam
2429 2358 2608 2412 habet
2627 2358 2921 2425 dissolvis,
2950 2358 3377 2429 pervicaciores
3405 2360 3564 2430 ipsos
3591 2358 3860 2414 efﬁciens

2216 2463 2283 2500 ac
2316 2446 2578 2513 irritans,
2603 2446 2789 2501 donec
2811 2447 3049 2518 penitus
3079 2463 3113 2501 a
3135 2446 3250 2501 ﬁde
3277 2446 3629 2501 desciscant.
3654 2470 3680 2497 «
3703 2449 3860 2517 Opus

2216 2532 2339 2589 Dei.
2381 2560 2400 2583 ι
2438 2540 2612 2601 Deus,
2645 2536 2859 2606 inquit,
2893 2552 2999 2607 per
3030 2536 3369 2607 passionem
3400 2536 3745 2602 mdiﬁcavit;
3796 2542 3861 2592 tu

2214 2640 2349 2677 vero
2366 2624 2550 2695 ipsius
2574 2624 2891 2679 aediﬁcium
2920 2630 3158 2696 propter
3179 2625 3378 2679 cibum
3402 2624 3858 2696 dissolvis.0pus

2214 2720 2410 2769 autem
2446 2715 2544 2767 Dei
2577 2720 2737 2770 vocat
2771 2714 3078 2769 hominum
3118 2714 3392 2769 salutem.
3424 2736 3453 2765 ‹‹
3485 2715 3699 2769 Omnia
3729 2714 3863 2784 qui-

2214 2802 2348 2858 dem
2380 2821 2544 2875 pura.
2577 2826 2603 2852 »
2638 2805 2717 2858 Ne
2748 2804 2935 2859 multa
2974 2804 3345 2875 correptione
3395 2804 3550 2858 facta
3579 2803 3861 2858 adversus

2217 2909 2316 2948 eos
2350 2894 2451 2963 qui
2484 2910 2698 2948 sanum
2757 2893 3393 2963 habebantjudicium,
3426 2894 3739 2948 conﬁrmet
3767 2894 3861 2947 in-

2215 2982 2451 3036 ﬁrmum
2471 2984 2544 3037 ad
2557 2984 2827 3038 ciborum
2859 2984 3352 3049 observationem,
3373 2983 3654 3053 deinceps
3679 2984 3856 3038 etiam

2212 3070 2283 3124 ad
2316 3071 2486 3125 illum
2518 3072 2690 3125 vertit
2721 3088 3077 3127 sermonem.
3126 3072 3335 3126 Omnia
3394 3071 3633 3141 quidem
3687 3088 3856 3141 pura,

2214 3160 2427 3230 inquit,
2463 3161 2565 3216 sed
2590 3162 2812 3216 malum
2837 3168 2926 3215 est
2946 3161 3172 3215 homini
3205 3162 3302 3232 qui
3325 3177 3457 3216 cum
3490 3161 3859 3217 conscientia

2213 3250 2354 3304 mali
2387 3251 2659 3305 vescitur.
2696 3272 2719 3302 (ι
2754 3252 2859 3315 Qui
2893 3268 2998 3322 per
3037 3250 3463 3306 oiTendiculum
3519 3252 3793 3306 vescitur.
3825 3272 3853 3301 »

2212 3340 2443 3393 Etenim
2475 3341 2522 3395 si
2555 3346 2790 3395 coactus
2821 3341 2981 3404 edas,
3023 3340 3174 3394 nihil
3232 3341 3343 3394 hoc
3388 3339 3494 3393 tibi
3526 3340 3856 3411 profuerit:

2212 3429 2351 3499 quia
2384 3447 2518 3484 cum
2550 3429 2978 3501 dijudicatione
3010 3430 3204 3486 edisti.
3240 3432 3439 3501 Neque
3467 3429 3625 3484 enim
3658 3430 3854 3501 ipsum

2210 3518 2383 3573 edere
2416 3519 2598 3573 efﬁcit
2628 3524 2682 3573 te
2714 3536 2949 3590 purum,
2985 3519 3088 3574 sed
3121 3536 3269 3591 pura
3327 3536 3495 3574 mens
3529 3536 3646 3590 qua
3701 3518 3851 3575 edis.

2207 3630 2234 3657 «
2271 3608 2494 3663 Bonum
2526 3615 2616 3663 est
2644 3625 2763 3663 non
2795 3608 2970 3664 edere
3019 3625 3247 3664 carnes.
3276 3630 3295 3658 ι
3358 3610 3459 3664 llic
3488 3625 3609 3662 non
3658 3608 3850 3663 solum

2204 3696 2486 3753 admonet
2531 3698 2768 3753 ﬁdelem
2800 3716 2873 3753 ne
2905 3699 3157 3769 graviter
3210 3698 3462 3753 lacessat
3519 3697 3845 3765 infirmum,

2207 3803 2406 3841 verum
2438 3787 2615 3841 etiam
2641 3792 2706 3841 ut
2728 3787 2801 3842 ad
2835 3789 3025 3857 ipsum
3061 3803 3188 3842 sese
3219 3787 3526 3841 demittat:
3562 3792 3619 3839 et
3639 3804 3847 3842 carnes

2203 3892 2323 3928 non
2358 3875 2512 3941 edat,
2544 3892 2651 3929 nec
2690 3876 2890 3929 vinum
2950 3875 3131 3943 bibat,
3191 3881 3247 3928 et
3279 3876 3326 3929 si
3379 3874 3519 3944 quid
3552 3874 3713 3929 aliud
3743 3874 3845 3930 ob-

2203 3979 2434 4019 servare
2464 3969 2732 4033 oporteat
2753 3964 2826 4017 ob
2846 3964 3045 4017 fratris
3073 3963 3343 4017 salutem.
3362 3965 3503 4017 Nam
3526 3963 3847 4019 maximam

2204 4051 2382 4107 habet
2444 4051 2969 4106 condescensionis
3060 4051 3435 4105 occasionem
3507 4052 3843 4108 inﬁrmitas.

2203 4163 2231 4191 «
2268 4142 2466 4211 Neque
2492 4140 2797 4212 quippiam
2846 4139 3039 4194 facere
3071 4140 3132 4194 in
3166 4156 3280 4210 quo
3310 4140 3493 4194 frater
3543 4146 3677 4195 tuus
3732 4142 3845 4195 im-

2202 4231 2406 4303 pingit.
2438 4254 2463 4279 »
2496 4230 2637 4284 Vide
2668 4230 2965 4301 quomodo
3001 4232 3058 4283 in
3091 4246 3364 4284 sermone
3398 4229 3533 4284 ﬁdei
3567 4247 3666 4285 eos
3691 4247 3848 4285 mor-

2203 4321 2339 4375 deat
2360 4321 2460 4391 qui
2484 4320 2597 4375 ﬁde
2620 4320 2820 4392 pusilli
2837 4325 2991 4374 sunt.
3022 4324 3081 4374 In
3105 4320 3306 4390 quavis
3329 4335 3390 4373 re
3417 4319 3549 4373 talis
3573 4320 3847 4392 impingit

2201 4408 2359 4480 quod
2391 4427 2680 4465 caecorum
2712 4410 3015 4482 proprium
3049 4414 3139 4463 est
3169 4426 3185 4477 ;
3219 4409 3363 4463 391
3395 4408 3716 4463 offenditur
3740 4426 3845 4463 au—

2200 4506 2320 4554 tem
2353 4499 2509 4570 quod
2541 4516 2743 4555 eorum
2774 4499 3081 4571 proprium
3114 4503 3202 4552 est
3231 4499 3330 4568 qui
3362 4499 3534 4553 facile
3561 4498 3845 4553 oll‘ensio-

2119 4571 2165 4635 Ῑ)
2197 4606 2337 4644 nem
2368 4590 2693 4660 patiuntur.
2728 4590 3095 4653 inﬁrmatur
3125 4604 3258 4641 vero
3294 4605 3306 4641 :
3369 4588 3526 4658 quod
3574 4587 3844 4643 imbecil-

2198 4677 2346 4732 lium
2379 4682 2469 4732 est
2499 4684 2556 4732 et
2582 4677 2696 4731 ﬁde
2729 4677 3101 4748 pusillorum.

2270 4768 2418 4835 XIV,
2452 4770 2520 4820 22
2556 4769 2643 4820 23.
2668 4786 2698 4819 ιι
2720 4768 2799 4821 Tu
2834 4766 3007 4820 ﬁdem
3031 4765 3213 4820 habes
3239 4782 3251 4819 :
3276 4765 3433 4836 apud
3460 4767 3841 4838 temetipsum

2201 4879 2228 4907 α
2262 4857 2411 4912 habe
2439 4874 2637 4913 coram
2670 4859 2806 4913 Deo.
2842 4858 3053 4911 Beatus
3080 4857 3179 4926 qui
3212 4873 3331 4911 non
3379 4856 3610 4928 judicat
3657 4873 3841 4913 seme-

2200 4968 2225 4993 ‹‹
2265 4947 2482 5017 tipsum
2516 4947 2575 5000 in
2609 4963 2675 5001 eo
2710 4945 2867 5016 quod
2899 4945 3127 5016 probat.
3161 4946 3266 5011 Qui
3298 4963 3433 5000 vero
3462 4946 3769 5017 dijudicat,
3791 4945 3840 4999 si

2198 5058 2224 5083 ‹‹
2260 5035 2469 5102 ederit,
2502 5034 2930 5090 condemnatus
2963 5040 3071 5099 est,
3107 5035 3245 5105 quia
3273 5052 3394 5090 non
3440 5050 3509 5089 ex
3549 5034 3662 5087 ﬁde
3696 5032 3834 5086 edit.

2198 5125 2428 5177 «Porro
2463 5123 2752 5194 quidquid
2802 5140 2921 5178 non
2945 5142 3014 5179 ex
3047 5125 3162 5178 ﬁde
3185 5129 3293 5190 est,
3326 5127 3633 5194 peccatum
3662 5126 3769 5175 est.
3805 5144 3833 5170 »

2267 5216 2467 5270 Fidem
2490 5217 2585 5271 hic
2618 5217 2845 5272 dicitde
2862 5218 2952 5271 his
2966 5235 3094 5287 qua:
3112 5217 3418 5287 prmmissa
3439 5220 3594 5281 sunt,
3620 5229 3833 5284 nempe

2194 5304 2265 5359 de
2297 5305 2476 5359 cibis:
2505 5306 2984 5376 quandoquidem
3017 5322 3146 5360 eam
3161 5322 3292 5375 quae
3316 5304 3387 5357 de
3418 5302 3832 5374 dogmatisest,

2191 5395 2368 5451 debet
2387 5397 2637 5467 quisque
2659 5413 2857 5452 coram
2874 5395 3150 5450 omnibus
3173 5394 3455 5464 proﬁteri.
3481 5395 3621 5448 Nam
3647 5416 3673 5443 ‹‹
3703 5394 3835 5450 Om-

2191 5486 2305 5555 nis,
2348 5486 2559 5556 inquit,
2596 5486 2695 5556 qui
2727 5485 3032 5540 confessus
3060 5482 3239 5537 fuerit
3267 5483 3327 5537 in
3358 5498 3451 5536 me
3484 5499 3682 5537 coram
3721 5484 3831 5539 ho-

2189 5574 2450 5630 minibus
2470 5574 2537 5630 5°.
2574 5598 2600 5625 »
2634 5581 2693 5629 et
2721 5581 2951 5630 cmtera.
2988 5573 3093 5628 Hic
3148 5578 3345 5627 autem
3399 5572 3665 5628 insinuat
3694 5588 3831 5628 eum
