4106 6252
257 350 374 411 603

1375 348 1781 410 (ECUMENII
1831 349 2136 414 TRICOzE
2185 353 2530 417 EPISCOPI

3543 351 3680 416 604

261 499 494 555 quoque
527 482 787 538 inaniter
816 481 1058 552 gloriari
1089 482 1189 552 qui
1243 481 1539 553 perfectus
1571 488 1716 538 erat.
1771 483 1905 539 Per-

2022 485 2301 541 αἰνίττεται
2327 486 2419 543 τόν
2445 487 2676 546 τέλειον.
2710 486 2952 546 Τέλειοκι.
3013 492 3082 558 εἴ,
3141 490 3273 568 φησὶ
3329 489 3416 544 καὶ
3475 489 3683 563 ἀπηρ-

255 575 464 640 fectus,
499 571 712 642 inquit,
749 586 810 625 es
841 576 898 625 et
930 573 1192 626 numeris
1251 571 1527 627 omnibus
1583 572 1850 643 expletus
1881 572 1905 626 ?

261 662 400 736 quid
425 663 700 717 virtutem
733 666 996 716 ostentas
1017 660 1044 714 ‘I
1071 661 1300 716 noverit
1339 662 1492 716 Deus
1515 679 1660 719 rem.
1697 684 1724 712 η
1760 663 1903 718 Bea-

257 762 354 810 tus
385 757 475 808 est
503 751 603 822 qui
636 766 758 805 non
778 749 1009 821 judicat
1056 751 1317 822 seipsum
1351 751 1412 806 in
1461 767 1527 805 eo
1561 751 1720 821 quod
1769 769 1903 822 pro-

261 844 380 900 bat.
418 862 445 891 »
474 842 592 896 Hoc
622 844 730 905 est,
762 839 824 894 in
860 855 928 894 eo
987 840 1146 910 quod
1176 839 1511 911 probaverit
1564 845 1762 896 utrum
1795 841 1904 896 hoc

257 931 435 988 modo
467 947 542 986 an
573 929 678 984 illo
708 928 786 983 sit
814 928 1148 1000 agendum:
1209 934 1347 998 puta
1405 934 1600 983 utrum
1659 929 1770 984 hoc
1829 929 1906 983 sit

261 1019 556 1076 edendum
580 1034 780 1074 annon
803 1018 877 1072 sit
899 1017 1216 1073 edendum.
1245 1017 1549 1082 Quomodo
1572 1024 1768 1074 autem
1792 1017 1903 1074 hoc

259 1110 418 1165 erit?
448 1110 527 1162 Ex
577 1107 944 1163 conscientia
989 1122 1156 1176 pura.
1225 1106 1327 1161 Ubi
1387 1106 1546 1161 enim
1604 1106 1900 1161 dixisset:

265 1221 291 1252 ιι
317 1199 487 1271 Apud
517 1198 900 1270 temetipsum
948 1197 1097 1252 habe
1157 1196 1355 1265 ﬁdem,
1391 1219 1418 1245 »
1485 1199 1566 1251 ait
1599 1213 1611 1250 :
1671 1196 1902 1253 etiamsi

260 1306 468 1346 omnes
493 1297 550 1345 te
581 1294 865 1346 accusent
890 1287 1324 1358 dispensatoris
1365 1286 1672 1358 quidpiam
1723 1301 1900 1358 agen-

258 1387 400 1446 tem,
438 1385 540 1434 aut
585 1382 828 1451 propter
879 1377 1130 1433 salutem
1190 1376 1390 1432 fratris
1431 1378 1536 1442 tui,
1570 1375 1744 1432 modo
1801 1382 1905 1431 tua

260 1469 626 1525 conscientia
655 1484 775 1524 non
803 1471 1042 1522 accuset
1072 1471 1149 1534 te,
1173 1465 1380 1521 beatus
1411 1482 1494 1522 es.
1527 1467 1605 1521 Ex
1635 1465 1728 1520 his
1761 1481 1903 1520 sane

257 1558 563 1615 inﬁrmum
595 1558 744 1614 clam
774 1557 1048 1628 percutit.
1073 1557 1217 1611 Nam
1250 1555 1296 1610 si
1332 1572 1403 1610 ex
1433 1554 1796 1610 conscientia
1817 1559 1907 1608 est

257 1649 526 1704 ﬁdelium
558 1661 776 1703 corona
806 1651 864 1701 et
892 1645 1164 1712 felicitas,
1198 1645 1402 1714 utique
1443 1649 1503 1698 et
1538 1643 1903 1699 condemna-

254 1738 358 1792 tio.
385 1740 464 1792 Ne
487 1753 622 1809 ergo
653 1752 726 1792 ex
772 1734 1198 1807 dijudicatione
1247 1733 1320 1787 ob
1360 1733 1778 1788 necessitatem
1811 1748 1904 1785 ve-

257 1827 474 1889 stiaris,
509 1825 722 1896 inquit.
755 1843 783 1874 «
815 1823 923 1888 Qui
955 1839 1074 1877 non
1105 1821 1335 1894 judicat
1367 1821 1649 1892 seipsum.
1696 1849 1762 1862 -—
1789 1820 1905 1876 Ob—

252 1915 575 1986 jectionem
601 1912 791 1969 solvit.
816 1912 965 1976 Quid
982 1927 1117 1982 ergo
1140 1909 1543 1978 dicetaliquis,
1567 1926 1640 1965 an
1663 1915 1906 1980 propter

259 2003 568 2058 inﬁrmum
599 2017 794 2070 neque
819 2016 921 2071 ego
956 1999 1126 2054 edam
1149 1999 1176 2053 ?
1212 2015 1355 2054 num
1386 1999 1460 2054 ad
1509 1999 1706 2069 ipsum
1736 2014 1904 2054 acce-

261 2091 396 2146 dam
417 2091 444 2146 τ
474 2091 623 2144 Num
654 2089 769 2161 ipsi
800 2089 1012 2144 similis
1045 2087 1315 2144 efﬁciar?
1347 2087 1433 2143 Ad
1458 2087 1569 2143 hoc
1601 2104 1735 2160 ergo
1767 2104 1908 2158 pro-

256 2179 577 2252 pemodum
607 2177 771 2245 dicit,
805 2177 990 2233 Absit.
1025 2179 1170 2233 Nam
1203 2176 1351 2233 ﬁdes
1399 2182 1500 2234 tua
1555 2193 1755 2234 coram
1787 2178 1903 2232 Deo

255 2284 405 2341 pura
435 2275 524 2323 est
553 2273 612 2323 et
658 2268 1003 2339 incorrupta
1035 2272 1256 2323 manet.
1297 2267 1540 2334 Deinde,
1577 2267 1720 2338 quid
1749 2267 1904 2334 dico,

259 2359 473 2430 inquit,
509 2357 668 2430 quod
699 2356 848 2413 nihil
880 2374 950 2413 ex
999 2357 1113 2412 hoc
1144 2356 1488 2412 nocumenti
1547 2357 1821 2428 recipias,
1849 2361 1908 2413 et

260 2448 420 2520 quod
451 2447 598 2503 ﬁdes
628 2453 730 2503 tua
759 2451 1000 2502 maneat
1028 2462 1226 2502 coram
1257 2447 1373 2502 Deo
1399 2445 1426 2502 ?
1465 2447 1646 2502 etiam
1677 2447 1906 2518 purita-

259 2543 379 2594 tem
408 2538 514 2592 tibi
548 2537 661 2608 ipsi
692 2537 997 2603 concilias,
1027 2535 1074 2590 si
1093 2541 1334 2607 propter
1362 2534 1559 2591 fratris
1589 2535 1906 2591 utilitatem

256 2642 323 2683 ac
363 2627 616 2683 salutem
650 2642 772 2681 non
820 2625 1098 2680 vescaris.
1135 2625 1366 2691 Beatus,
1403 2623 1618 2693 inquit,
1655 2624 1754 2693 qui
1786 2640 1908 2678 non

259 2718 617 2773 condemnat
669 2716 931 2786 seipsum
965 2715 1026 2768 in
1075 2730 1143 2768 eo
1178 2712 1335 2783 quod
1367 2713 1595 2782 probat,
1629 2713 1740 2767 hoc
1798 2718 1906 2778 est,

260 2807 361 2877 qui
393 2804 821 2860 conscientiam
855 2819 1022 2858 suam
1071 2801 1248 2856 habet
1306 2801 1417 2856 sibi
1479 2806 1857 2856 attestantem
1893 2818 1906 2854 :

261 2917 381 2957 non
404 2903 464 2956 in
489 2903 599 2956 hoc
623 2900 817 2956 solum
841 2899 998 2971 quod
1019 2902 1261 2972 propter
1276 2900 1474 2954 fratris
1497 2899 1748 2954 salutem
1764 2916 1798 2954 a
1826 2899 1910 2954 ci-

262 2992 354 3046 bis
372 2989 1075 3046 abstinet:verumetiam
1130 2989 1190 3043 in
1232 2989 1392 3044 omni
1443 2989 1794 3060 simpliciter
1821 3003 1909 3056 re,

266 3097 682 3155 quamcunque
716 3087 919 3138 exacta
985 3069 1334 3153 probatione
1393 3081 1774 3154 perpenderit
1803 3079 1911 3135 bo-

263 3189 403 3228 nam
418 3188 545 3228 esse
569 3172 811 3229 :deinde
827 3172 991 3227 illam
1013 3171 1221 3226 fecerit
1238 3171 1662 3226 conscientiam
1683 3170 1911 3226 habens

264 3266 642 3318 attestantem
662 3278 674 3315 :
692 3262 824 3318 talis
847 3261 1055 3316 beatus
1085 3267 1174 3316 est
1201 3261 1375 3328 ;892
1407 3267 1632 3316 tantum
1657 3261 1824 3315 abest
1849 3264 1914 3314 ut

263 3356 691 3406 nocumentum
724 3349 967 3419 aliquod
999 3348 1178 3421 hujus
1209 3350 1398 3421 gratia
1443 3350 1711 3420 recipiat.
1758 3372 1783 3398 «
1809 3350 1916 3414 Qui

264 3454 402 3493 vero
433 3437 740 3506 dijudicat.
798 3437 916 3491 Hoc
974 3450 1211 3492 rursum
1270 3438 1343 3492 ad
1400 3452 1609 3492 sanum
1660 3439 1722 3492 in
1780 3437 1916 3494 ﬁde.

266 3529 383 3583 Cur
406 3527 566 3580 enim
598 3525 768 3580 illum
799 3526 957 3597 cogis
990 3524 1163 3580 edere
1222 3527 1323 3596 qui
1384 3525 1649 3581 nondum
1690 3525 1916 3580 conﬁr-

269 3622 463 3672 matus
487 3619 578 3668 est
601 3614 627 3670 ?
647 3630 722 3669 an
742 3615 938 3669 nescis
963 3614 1120 3685 quod
1143 3615 1192 3668 is
1211 3615 1312 3686 qui
1336 3613 1641 3685 dijudicat,
1679 3615 1728 3669 si
1777 3614 1916 3669 ede-

267 3705 347 3760 rit
377 3703 808 3759 condemnatus
841 3708 930 3758 est
953 3719 964 3770 ;
1001 3704 1140 3774 quia
1162 3719 1282 3760 non
1326 3719 1395 3758 ex
1417 3702 1532 3758 ﬁde
1556 3703 1694 3770 edit,
1720 3703 1822 3758 sed
1849 3718 1919 3758 ex

268 3794 622 3850 necessitate
655 3799 758 3848 aut
786 3793 1010 3865 pudore
1032 3793 1059 3848 ?
1090 3808 1284 3865 neque
1308 3793 1467 3848 enim
1490 3792 1742 3848 credidit
1769 3792 1918 3848 illud

267 3900 482 3956 purum
515 3899 665 3949 esse,
693 3883 851 3939 etita
871 3883 1014 3940 edit.
1039 3884 1278 3955 Curipsi
1302 3898 1438 3956 ergo
1471 3883 1917 3938 condemnatio-

271 3975 365 4029 nis
396 3990 574 4029 causa
589 3973 863 4036 efﬁceris,
886 3987 1104 4045 cogens
1126 3974 1321 4045 ipsum
1343 3974 1415 4029 ad
1439 3973 1756 4040 edendum,
1781 3988 1916 4028 cum

271 4063 531 4136 patiatur
561 4061 1006 4117 oﬁendiculum.
1064 4063 1287 4118 Deinde
1346 4061 1726 4135 postmodum
1757 4060 1918 4117 afﬁr-

271 4152 490 4208 mando
515 4152 658 4207 dicit
689 4151 844 4222 quod
888 4148 1176 4224 quidquid
1205 4152 1412 4208 fecerit
1442 4153 1737 4224 quispiam
1797 4167 1917 4207 non

272 4257 342 4297 ex
374 4241 510 4310 ﬁde,
544 4243 604 4296 in
637 4257 705 4296 eo
737 4246 961 4313 peccat.

341 4339 482 4407 XVI,
516 4341 708 4394 25-27.
737 4361 759 4391 ιι
786 4340 848 4393 Ei
877 4343 1074 4394 autem
1097 4339 1195 4410 qui
1219 4341 1429 4408 potens
1462 4342 1550 4395 est
1574 4355 1674 4393 vos
1697 4341 1914 4394 conﬁr-

272 4450 299 4480 ‹‹
332 4444 494 4484 mare
518 4429 690 4500 juxta
719 4427 1104 4500 Evangelium
1135 4443 1335 4484 meum
1355 4432 1411 4481 et
1431 4426 1915 4497 praedicationem

272 4541 299 4569 «
332 4519 469 4574 Jesu
493 4518 707 4575 Christi
735 4536 746 4572 :
780 4517 1108 4573 secundum
1147 4516 1572 4571 revelationem
1625 4518 1915 4588 mysterii,

2008 575 2262 645 τισμὲνος
2297 594 2311 644 ;
2340 575 2392 630 τί
2420 578 2720 649 πομπεύεις
2749 579 2847 646 τήν
2880 577 3074 649 ἀρετήν
3111 595 3126 647 ;
3186 580 3346 634 Ἴστω
3377 579 3404 632 ὁ
3435 579 3573 641 Θεὸς
3601 576 3688 630 τὸ

2009 669 2257 740 πρῖέγμα.
2294 666 2628 740 «Μακάριός
2686 665 2819 733 ἐστι,
2878 667 3033 744 φησί,
3095 667 3123 721 ὁ
3184 669 3258 738 μὴ
3318 668 3684 742 κατακρίνων

2011 751 2196 809 ἑαυτὸν
2229 751 2279 807 ἐν
2311 752 2356 825 ᾦ
2389 751 2692 825 δοκιμάζει.
2724 778 2752 806 ››
2785 756 3095 824 Τουτὲστιν,
3125 754 3176 810 ἐν
3208 755 3255 826 ᾧ
3285 755 3343 809 ἂν
3377 752 3658 828 δοκιμάσῃ

2008 841 2294 916 πράγματι
2322 840 2552 898 τοιῶσδε
2576 844 2609 912 ἢ
2642 840 2890 912 τοιῶσδε,
2937 843 3052 898 οἶον
3113 849 3296 919 φαγεῖν
3349 841 3472 898 τόδε
3503 842 3541 912 ἢ
3578 847 3656 915 μή

2009 936 2221 1009 φαγεῖν.
2259 934 2379 993 ΙΙῶς
2411 929 2466 986 δὶ
2496 928 2641 988 ἔσται
2662 936 2862 1000 τοῦτο;
2899 932 3034 989 Ἀπὸ
3057 933 3293 1005 καθαροῦ
3326 929 3653 995 συνειδότος.

2011 1017 2232 1089 Ἐπειδή
2295 1022 2398 1096 γὰρ
2456 1021 2591 1090 εἶπε,
2653 1047 2680 1074 ‹‹
2744 1021 2892 1078 Κατὰ
2952 1023 3169 1076 σεαυτὸν
3229 1021 3323 1097 ἔχε
3381 1023 3590 1092 πίστιν,
3625 1046 3653 1075 ιι

2009 1111 2196 1185 φησὶν,
2237 1109 2320 1164 ὅτι
2353 1111 2459 1167 Κᾶν
2501 1112 2696 1172 πάντες
2736 1132 2792 1165 σε
2827 1110 3148 1187 μὲμφωνται
3207 1112 3580 1184 οἰκονομικῶς
3610 1134 3662 1166 τι

2010 1203 2290 1267 ποιοῦντα,
2349 1200 2383 1269 ἢ
2441 1197 2528 1255 διὰ
2568 1202 2841 1273 σωτηρίαν
2896 1204 2992 1255 τοῦ
3031 1199 3269 1277 ἀδελφοῦ
3328 1221 3445 1270 σου,
3499 1203 3567 1255 τὸ
3604 1199 3660 1256 δὲ

2011 1288 2104 1342 σὸν
2137 1287 2379 1353 συνειδὸς
2409 1291 2473 1344 οὐ
2513 1291 2806 1364 κατακρίνῃ
2869 1309 2946 1360 σε,
3009 1291 3272 1365 μακάριος
3328 1291 3395 1345 εἴ.
3453 1292 3551 1346 Ἐκ
3591 1287 3657 1360 δὴ

2011 1375 2214 1432 τούτων
2249 1378 2340 1432 τὸν
2381 1378 2571 1447 ἀσθενῆ
2632 1377 2887 1448 πλήττει.
2923 1377 2982 1434 Εἰ
3012 1379 3114 1454 γάρ
3153 1377 3213 1434 ἐκ
3264 1383 3363 1434 τοῦ
3415 1377 3666 1433 συνειδό-

2009 1485 2100 1527 τος
2139 1467 2166 1520 ὁ
2225 1467 2483 1544 στέφανος
2540 1467 2632 1521 καὶ
2665 1467 2692 1521 ὁ
2728 1469 3071 1539 μακαρισμὸς
3117 1471 3222 1522 τῶν
3278 1472 3505 1534 πιστῶν,
3572 1465 3668 1537 δη-

2011 1551 2196 1608 λονότι
2252 1555 2342 1609 καὶ
2399 1558 2433 1624 ἡ
2490 1555 2827 1630 κατάκρισις.
2889 1557 2983 1622 Μὴ
3044 1557 3136 1613 οὖν
3193 1556 3332 1612 κατὰ
3387 1553 3660 1630 διάκρισιν

2011 1638 2153 1698 ἔσθιε
2187 1685 2204 1716 ,
2259 1641 2348 1699 διὰ
2404 1645 2504 1712 τήν
2561 1645 2823 1719 ἀνάγκην,
2877 1644 3059 1722 φησίν.
3121 1668 3151 1696 α
3208 1649 3266 1698 ’0
3327 1645 3402 1718 μή
3460 1665 3664 1718 κρινων

2011 1733 2217 1789 ἔαυτόν.
2255 1757 2276 1784 ι
2314 1763 2380 1777 --
2419 1734 2628 1806 [ΦΩΤ.]
2661 1734 3012 1790 Ἀντιπίπτον
3048 1731 3186 1789 λύει.
3221 1733 3284 1790 Τί
3329 1733 3442 1801 οὗν,
3469 1735 3665 1808 φησὶν,

2012 1819 2070 1874 ἂν
2105 1819 2192 1875 διὰ
2221 1822 2310 1875 τὸν
2344 1822 2534 1891 ἀσθενῆ
2574 1821 2712 1895 μηδέ
2765 1822 2870 1896 ἑγὼ
2928 1824 3086 1898 φάγω
3119 1840 3132 1891 ;
3191 1821 3267 1880 Οὐ
3298 1818 3668 1898 παραϐάλλο-

2023 1931 2119 1983 μαι
2151 1910 2296 1978 αὐτῷ
2332 1931 2346 1978 ς
2379 1911 2442 1967 οὐ
2471 1912 2692 1987 γίνομαι
2738 1912 2888 1984 αὐτῷ
2914 1911 3106 1985 ὅμοιος
3139 1931 3152 1979 ;
3187 1913 3326 1986 Πρὸς
3359 1910 3452 1966 οῦν
3499 1916 3665 1967 τοῦτο

2023 2000 2318 2078 μονονουχὶ
2351 1999 2522 2074 λέγει,
2556 1999 2637 2055 δτι
2687 2002 2774 2068 Μὴ
2807 2001 3024 2075 γίνοιτο
3059 2003 3069 2056 !
3103 2001 3164 2057 Ἦ
3195 2001 3296 2075 γὰρ
3355 2002 3538 2062 πίστις
3569 2021 3670 2057 σου

2018 2087 2248 2144 ἐνώπιον
2333 2094 2430 2144 τοῦ
2513 2093 2647 2146 Θεοῦ
2707 2091 2916 2165 καθαρά
2969 2090 3056 2144 καὶ
3117 2085 3422 2160 ἆκίϐδηλος
3495 2093 3669 2164 μένει.

2019 2177 2178 2242 Εἶτα,
2212 2177 2277 2233 Τί
2309 2173 2366 2230 δὲ
2397 2173 2539 2252 λέγω
2568 2175 2649 2232 ὅτι
2684 2175 2836 2232 οὐδὲν
2896 2172 3263 2252 παραϐλάπτῃ
3325 2176 3385 2234 ἐκ
3438 2179 3669 2248 τούτου,

2018 2268 2109 2323 καὶ
2137 2269 2218 2323 ὅτι
2251 2270 2284 2338 ἡ
2319 2270 2500 2330 πίστις
2551 2289 2646 2323 σου
2683 2267 2828 2342 μὲνει
2881 2266 3110 2323 ἐνώπιον
3167 2273 3263 2323 τοῦ
3311 2273 3448 2326 Θεοῦ
3483 2289 3498 2336 ς
3559 2272 3670 2326 Καὶ

2023 2359 2365 2432 μακαρισμὸν
2394 2358 2669 2433 πρὸξενεῖς
2717 2362 2944 2430 σεαυτῷ,
2978 2356 3064 2413 ἐὰν
3095 2355 3183 2414 διὰ
3237 2359 3338 2427 τήν
3396 2358 3670 2435 ὠφέλειαν

2019 2448 2112 2502 καί
2161 2447 2429 2521 σωτηρίαν
2484 2450 2580 2502 τοῦ
2635 2442 2874 2525 ἀδελφοῦ
2939 2446 3001 2500 οὐ
3058 2448 3300 2524 τρώγῃς.
3356 2449 3670 2522 Μακάριος,

2020 2536 2182 2615 φησὶν
2216 2579 2230 2605 ,
2289 2538 2316 2591 ὁ
2373 2538 2449 2607 μὴ
2510 2533 2844 2612 κατακρίνων
2903 2537 3087 2592 ἑαυτὸν
3144 2536 3194 2594 ἦν
3257 2541 3302 2609 ᾧ
3355 2533 3672 2610 δοκιμάζει,

2018 2626 2291 2680 τουτέστιν
2327 2669 2342 2694 ,
2398 2627 2427 2681 ὸ
2483 2620 2626 2700 ἔχων
2699 2626 2761 2680 τὸ
2831 2623 3071 2688 συνειδὸς
3123 2627 3292 2682 αὐτοῦ
3354 2631 3671 2702 μαρτυροῦν

2019 2713 2187 2786 αὐτῷ.
2247 2715 2362 2770 Οὐκ
2413 2713 2464 2768 ἐν
2495 2715 2674 2786 τούτῳ
2737 2714 2921 2788 μόνον,
2952 2713 3004 2770 ἐν
3109 2712 3200 2770 διὰ
3259 2717 3358 2785 τὴν
3393 2717 3669 2791 σωτηρίαν

2017 2807 2113 2858 τοῦ
2157 2800 2396 2881 ἀδελφοῦ
2445 2804 2705 2879 ἀπέχεται
2759 2804 3092 2878 βρωμάτων,
3151 2802 3299 2860 ἀλλὰ
3355 2805 3443 2859 καὶ
3475 2803 3670 2868 ἁπλῶς

2019 2890 2071 2948 ἐν
2101 2892 2259 2947 παντὶ
2309 2891 2592 2969 πράγματι
2623 2892 2650 2946 '6
2683 2891 2743 2946 ἂν
2779 2890 2868 2946 διὰ
2899 2889 3125 2962 δοκικῆς
3180 2888 3451 2969 ἀκριϐοῦς,
3489 2913 3662 2947 κατα-

2018 2983 2189 3056 νοήσῃ
2243 2978 2326 3035 ὅτι
2378 2981 2578 3056 ἀγαθόν
2639 2981 2802 3054 ἐστιν,
2854 2981 3057 3039 ἔπειτα·
3118 2985 3330 3058 πράττῃ
3383 2983 3522 3053 αὐτὸ,
3552 2985 3656 3052 τήν

2021 3068 2324 3141 συνείδησιν
2403 3067 2548 3151 ἔχων
2608 3077 2986 3148 μαρτυροῦσαν
3021 3117 3035 3130 .
3103 3072 3384 3149 Μακάριός
3441 3074 3578 3128 ἔστιν
3635 3074 3663 3127 ὸ

2023 3165 2291 3229 τοιοῦτος,
2350 3165 2608 3216 τοσοῦτον
2663 3163 2854 3236 ἁπὲχει
2912 3167 3008 3218 τοῦ
3044 3158 3258 3238 βλάϐην
3315 3162 3438 3218 τινὰ
3497 3159 3676 3218 ’ἕνεκεν

2020 3251 2218 3305 τούτου
2250 3247 2514 3321 δέξασθαι.
2561 3274 2590 3304 ι(
2620 3253 2686 3308 Ὁ
2717 3248 2774 3306 δὶ
2811 3250 3237 3324 διακρινόμενος.
3274 3277 3302 3304 ››
3356 3256 3538 3310 Τοῦτο
3573 3254 3682 3307 πά-

2025 3337 2111 3393 λιν
2135 3338 2272 3414 πρὸς
2308 3340 2399 3395 τὸν
2460 3339 2787 3415 ὑγιαίνοντα.
2820 3343 2885 3398 Τί
2944 3341 3044 3416 γὰρ
3105 3342 3268 3397 αὐτὸν
3324 3337 3551 3416 ἰκὸιάζῃ
3589 3362 3688 3420 φα-

2023 3433 2162 3500 γεῖν,
2194 3424 2347 3482 οὔπω
2405 3428 2794 3506 ἱστηριγμίνον
2831 3449 2843 3498 ;
2909 3430 3019 3485 Οὐκ
3070 3427 3220 3492 οἶδας
3281 3432 3364 3485 δτι
3397 3432 3424 3486 ὁ
3459 3428 3683 3506 διακρι-

2021 3515 2244 3587 νόμενος
2287 3515 2374 3571 ἰὰν
2435 3519 2577 3592 φάγῃ
2631 3520 3061 3594 κατακέκριται;
3109 3519 3191 3574 ὅτι
3255 3520 3330 3592 μή
3391 3518 3558 3575 ὶσθίεε
3622 3520 3685 3576 ix

2022 3604 2515 3676 πιστεως,άΑλ’ἰξ
2572 3606 2808 3683 ἀνάγκης
2863 3608 2897 3675 ἢ
2963 3605 3165 3669 αἰδοῦς·
3227 3605 3349 3662 οὐδὲ
3407 3607 3515 3683 γὰρ
3557 3608 3687 3664 ἐπί-

2025 3713 2236 3748 στευσεν
2283 3693 2412 3749 αὐτὸ
2469 3695 2700 3769 καθαρὸν
2757 3697 2910 3764 εἶναι,
2966 3696 3056 3753 καὶ
3115 3696 3288 3760 οὕτως
3343 3692 3558 3776 ἔφαγεν.
3617 3701 3687 3756 Τί

2024 3782 2116 3838 οὖν
2173 3783 2319 3855 αὐτῷ
2374 3784 2642 3862 πρόφασις
2699 3788 2824 3863 γίνῃ
2886 3786 3253 3860 κατακρίσεως
3285 3831 3300 3855 ,
3360 3787 3686 3864 ἀναγκάζων

2022 3872 2184 3927 αὐτὸν
2239 3871 2430 3928 ἐσθίειν
2485 3871 3032 3947 σκανδαλιζόμενον;
3093 3875 3230 3931 Εἶτα
3290 3873 3485 3931 λοιπὸν
3536 3874 3674 3929 κατά

2023 3958 2320 4036 ἀπόφανσιν
2349 3959 2518 4036 λέγει,
2552 3962 2635 4016 δτι
2676 3965 2777 4016 π’άν
2832 3963 2860 4015 ’ὀ
2894 3962 2953 4015 ἂν
3014 3981 3096 4023 τις
3153 3965 3287 4033 ποιῇ
3340 3961 3442 4018 οὐκ
3493 3960 3550 4016 ἑκ
3575 3963 3673 4014 πί-

2029 4067 2216 4119 στεως,
2251 4052 2567 4123 ἁμαρτάνει.

2094 4337 2183 4405 Τῷ
2239 4329 2293 4388 δὲ
2352 4332 2626 4406 δυναμένῳ
2682 4334 2823 4408 ὑμᾶς
2885 4335 3127 4413 στηρίξαι
3186 4336 3323 4392 κατὰ
3378 4337 3441 4391 τὸ
3501 4335 3686 4414 Εὔαγ-

2021 4421 2204 4498 γὲλιόν
2268 4443 2406 4496 μου,
2453 4423 2541 4476 καὶ
2591 4422 2656 4478 τὸ
2713 4425 2972 4499 κήρυγμα
3026 4429 3208 4495 Ἰησοῦ
3264 4426 3499 4498 Χριστοῦ
3544 4426 3689 4481 κατὰ

2026 4510 2370 4586 ἀποκάλυψιν
2461 4512 2810 4588 μυστηρίου,
2888 4515 3113 4588 χρόνοις
3208 4513 3452 4575 αἰωνίοις
3538 4533 3690 4568 σεσι-

277 4631 304 4657 ‹‹
330 4607 696 4680 temporibus
718 4607 956 4662 aeternis
980 4607 1162 4674 taciti,
1186 4621 1344 4661 nunc
1366 4621 1500 4660 vero
1526 4606 1911 4661 manifestati:

2025 4601 2298 4674 γημένου,
2354 4602 2749 4680 φανερωθέντος
2831 4599 2887 4656 δὲ
2960 4607 3064 4656 νῦν·
3155 4600 3244 4657 διὰ
3325 4624 3382 4658 τε
3452 4608 3682 4681 Γραφῶν

279 4719 300 4748 ε
338 4702 396 4749 et
424 4714 530 4767 per
559 4698 890 4768 Scripturas
921 4696 1296 4768 propheticas
1327 4695 1654 4750 secundum
1691 4709 1914 4766 preace~

273 4807 302 4837 α
330 4789 494 4856 ptum
532 4786 736 4840 (sterni
770 4786 894 4854 Dei,
923 4783 996 4840 ad
1028 4784 1427 4840 obedientiam
1459 4783 1620 4852 ﬁdei,
1652 4801 1758 4855 per
1785 4799 1913 4839 om-

276 4899 297 4926 ι
339 4887 445 4929 nes
475 4878 681 4947 gentes
712 4875 916 4946 agniti,
951 4875 1062 4930 soli
1095 4875 1346 4946 sapienti
1396 4874 1512 4928 Deo
1561 4887 1666 4945 per
1715 4874 1913 4928 Jesum

273 4987 299 5015 ‹‹
335 4963 658 5029 Christum,
691 4963 785 5019 cui
812 4963 998 5035 gloria
1021 4964 1081 5018 in
1111 4964 1345 5018 saecula.
1381 4966 1587 5018 Amen.
1618 4981 1644 5012 ι

345 5054 721 5128 Hyperbaton
755 5058 879 5108 est:
934 5074 960 5103 «
1004 5052 1067 5106 Ei
1101 5058 1296 5108 autem
1329 5054 1428 5123 qui
1462 5057 1673 5123 potens
1703 5055 1791 5106 est
1819 5066 1919 5105 vos

273 5145 632 5202 conﬁrmare
663 5143 724 5196 in
777 5140 1012 5196 smcula.
1048 5141 1253 5195 Amen.
1292 5160 1313 5189 ιι
1349 5169 1417 5180 --
1472 5163 1499 5189 ‹‹
1535 5141 1645 5194 Vos
1704 5137 1921 5194 conﬁr-

275 5250 458 5291 mare.
496 5257 524 5284 »
555 5235 838 5288 Precatur
867 5229 1150 5300 deinceps
1181 5243 1285 5300 pro
1316 5227 1736 5284 imbecillibus.
1776 5228 1918 5282 Nam

274 5325 619 5396 precatione
650 5321 771 5377 illis
804 5335 950 5392 opus
981 5324 1108 5374 erat
1136 5317 1226 5372 vel
1269 5317 1540 5372 consilio.
1578 5317 1787 5372 Dicens
1819 5331 1920 5371 au-

274 5419 393 5469 tem
421 5437 445 5463 κ
486 5413 862 5479 conﬁrmare,
897 5405 1193 5481 signiﬁcat
1240 5421 1339 5462 eos
1368 5406 1664 5462 vacillare.
1699 5405 1922 5462 Deinde

274 5502 518 5558 modum
534 5502 713 5556 etiam
736 5498 1208 5556 conﬁrmationis
1235 5495 1482 5552 inducit.
1508 5497 1725 5550 «Juxta
1742 5495 1925 5550 Evan-

277 5590 498 5665 gelium
525 5603 744 5644 meum.
782 5609 808 5637 »ι
843 5589 915 5642 Ut
944 5588 1044 5651 ita,
1085 5585 1301 5655 inquit,
1333 5584 1528 5638 vivant
1581 5583 1734 5639 sicut
1754 5583 1930 5655 jubet

277 5677 681 5749 Evangelium.
710 5678 942 5730 «Item
993 5674 1106 5728 alio
1154 5673 1330 5727 modo.
1384 5675 1524 5726 Post
1569 5672 1924 5728 admonitio-

2025 4695 2403 4766 προφητικῶν,
2459 4692 2575 4745 κατ’
2637 4689 2900 4768 ἐπιταγὴν
2956 4696 3052 4746 τοῦ
3110 4691 3329 4746 αἰωνίου
3388 4697 3544 4761 Θεοῦ,
3601 4693 3684 4756 εἷς

2030 4781 2274 4850 ὑπακοὴν
2325 4780 2584 4847 πίστεως,
2645 4780 2722 4841 είς
2772 4780 2947 4834 πάντα
3021 4779 3087 4835 τὰ
3170 4775 3292 4850 ἔθνη
3349 4783 3676 4855 γνωρισθέν-

2024 4886 2117 4932 τος
2152 4911 2165 4937 ,
2230 4868 2382 4940 μόνῳ
2436 4871 2587 4947 σοφῷ
2667 4873 2784 4940 Θεῷ
2845 4867 2932 4923 διὰ
2990 4871 3172 4940 Ἰησοῦ
3233 4871 3485 4944 Χριστοῦ,
3537 4871 3584 4942 ᾧ
3645 4872 3684 4940 ἡ

2028 4955 2155 5028 δόξα
2195 4956 2268 5018 είς
2298 4956 2424 5019 τους
2457 4956 2675 5018 αἰῶνας.
2709 4958 2908 5030 Ἀμήν.

2100 5048 2178 5104 Τὸ
2212 5040 2529 5122 ὑπερϐατόν.
2564 5071 2590 5098 «
2625 5052 2710 5119 Τῷ
2761 5044 2818 5101 δὲ
2881 5044 3156 5120 δυναμένῳ
3218 5049 3358 5120 ὑμᾶς
3413 5049 3686 5124 στηρίξαι,

2032 5134 2157 5206 δόξα
2189 5135 2264 5196 είς
2295 5134 2420 5190 τοὺς
2454 5134 2670 5195 αἰῶνας.
2706 5137 2908 5208 Ἀμήν.
2942 5160 2967 5186 ››
2992 5169 3058 5178 -
3094 5161 3118 5187 α
3150 5138 3316 5209 Ὑμᾶς
3351 5138 3617 5210 στηρίξαι,
3655 5164 3684 5190 ››

2032 5223 2239 5280 Λοιπὸν
2288 5223 2577 5298 ἐπεύχεται
2625 5224 2741 5284 τοῖς
2799 5217 3088 5280 ἀσθενέσιν.
3150 5222 3336 5300 Εὐχῆς
3390 5224 3490 5300 ’δὰρ
3523 5227 3681 5302 εἶχον

2030 5313 2223 5388 χρείαν
2256 5313 2492 5386 μᾶλλον,
2519 5311 2555 5381 ἣ
2590 5306 2931 5392 συμϐουλῆς.
2964 5311 3149 5370 Εἰπὼν
3182 5311 3240 5368 δὲ
3289 5337 3317 5364 ‹‹
3352 5313 3620 5390 στηρίξαι⁷
3656 5340 3686 5367 η

2034 5399 2202 5472 δηλοῖ
2241 5400 2324 5457 ὅτι
2385 5398 2726 5460 σαλεύονται,
2783 5401 2916 5458 Εἶτα
2969 5401 3155 5478 ἐπάγει
3184 5401 3273 5456 καὶ
3331 5404 3420 5458 τὸν
3477 5405 3684 5479 τρόπον

2033 5495 2132 5547 τοῦ
2164 5495 2496 5566 στηριγμοῦ.
2531 5515 2558 5543 «ι
2614 5490 2759 5545 Κατά
2810 5492 2872 5545 τὸ
2932 5489 3270 5565 Εὖαγγὲλιον
3327 5510 3452 5564 μου.
3491 5517 3519 5545 ››
3577 5498 3694 5552 Ἰνα

2039 5580 2216 5643 οὕτως
2251 5586 2407 5650 ζωσι,
2438 5580 2593 5657 φησί,
2627 5580 2700 5640 ὡς
2755 5580 2819 5634 τὸ
2875 5576 3212 5656 Εὖαγγὲλιον
3254 5577 3581 5656 διαγορεύει.
3619 5613 3692 5628 ι·-

2037 5670 2138 5728 Καῖ
2171 5667 2377 5732 ἄλλως.
2405 5671 2422 5742 [
2451 5670 2770 5740 ΟΙΚΟΥΜ.]
2802 5668 2949 5725 Μετὰ
3000 5670 3100 5738 τήν
3156 5667 3471 5744 παραίνεσιν
3503 5670 3694 5727 εἴωθεν
