4106 6252
340 367 471 431 605

1439 368 1849 431 COMMENT.
1900 371 1976 433 IN
2023 367 2276 432 EPIST.
2321 369 2426 430 AD
2471 370 2653 430 ΗΘΜ.

3656 362 3775 425 606

338 501 630 578 εὔχεσθαι,
682 502 711 556 6'
763 502 854 560 καὶ
910 502 1138 566 ἐνταῦθα
1191 507 1360 573 ποιεῖ,
1420 501 1552 577 ύπὶρ
1580 506 1689 558 τῶν
1723 500 2002 559 ἁτελεστί-

2129 518 2268 559 nem
2299 518 2534 575 semper
2562 502 2789 577 precari
2826 501 2998 569 solet,
3056 500 3215 570 quod
3272 499 3450 555 etiam
3507 498 3566 554 id
3611 490 3775 555 facit’

347 614 467 669 ρων
501 593 835 667 εὐχόμενος,
888 591 980 649 καὶ
1037 592 1100 646 οὐ
1156 591 1317 665 μόνον
1363 590 1516 667 λόγῳ
1549 589 1847 660 παιδεύων,
1878 591 2022 649 ἀλλὰ

345 684 445 738 καὶ
479 684 582 751 τὴν
614 681 763 757 παρὰ
822 685 956 737 Θεοῦ
1015 682 1334 757 συμμαχίαν
1394 681 1642 757 εἰσάγων.
1676 683 1738 739 Ἦ
1790 679 1847 736 δὲ
1888 682 2020 738 ἀκο-

351 771 557 827 λουθία
586 778 684 839 τῆς
717 770 1014 839 συντάξεως
1043 768 1251 825 τοιάδε⁶
1289 795 1315 822 ‹‹
1348 770 1441 843 Τῷ
1473 768 1529 826 δὲ
1571 768 1845 843 δυναμένῳ
1880 772 2020 843 ὑμᾶς

355 861 611 935 στηρίξαι
645 856 736 914 διὰ
767 860 949 929 Ἰησοῦ
978 860 1235 931 Χριστοῦ,
1285 862 1319 929 ἡ
1373 856 1501 930 δόξα
1532 859 1609 921 εἷς
1638 858 1766 920 τοὺς
1796 859 2017 930 αἰῶνας,

347 952 567 1021 Ἀμήν,
599 972 628 1001 n
659 949 737 1005 T6
767 948 891 1023 γὰρ,
926 948 993 1019 ᾧ,
1028 945 1242 1022 ἄρθρον,
1301 946 1361 1003 ἐκ
1414 952 1673 1022 περισσοῦ
1703 954 1894 1015 κεῖται,
1931 946 2019 1005 διὰ

340 1037 412 1092 τὸ
448 1034 662 1099 δεῖσθαι
694 1036 785 1091 τὸν
845 1035 1011 1111 λόγον
1074 1034 1489 1110 ἐπαναλήψεως,
1522 1035 1897 1111 παραληφθὲν.
1928 1040 2015 1107 Τῷ

341 1123 639 1197 δυναμένῳ
674 1126 815 1197 ὑμᾶς
847 1123 975 1186 τοὺς
1029 1124 1264 1194 ἀτελεῖς,
1294 1126 1421 1187 τοὺς
1454 1124 1850 1198 σαλευομένους
1884 1146 2015 1195 στη-

344 1214 518 1289 ρίξαι.
556 1219 719 1281 "die;
758 1238 775 1262 ι
813 1214 961 1270 Κατὰ
983 1213 1067 1278 τὸ,
1097 1212 1441 1289 Εὐαγγὲλιόν
1479 1233 1620 1287 μους
1658 1237 1685 1266 ››
1714 1213 2011 1274 τουτέστιν,

348 1306 470 1361 Ἵνα
497 1302 769 1377 κατὲχητε
796 1302 828 1356 ἃ
858 1300 1115 1358 διδάσκω.
1152 1303 1230 1359 Τὸ
1279 1301 1357 1371 δὲ,
1392 1329 1417 1353 ‹‹
1452 1302 1788 1378 Εὐαγγὲλιόν
1822 1325 1948 1376 μου,
1984 1328 2012 1356 ››

351 1391 473 1462 καὶ,
497 1416 525 1443 ι(
548 1395 641 1447 τοῦ
672 1392 909 1465 Χριστοῦ
937 1392 998 1447 τὸ
1024 1393 1305 1467 κήρυγμα,
1331 1415 1358 1443 »ι
1391 1388 1606 1449 ἓνείσιν.
1634 1392 1753 1466 Οὐχ
1773 1394 2014 1467 ἡμέτερα

356 1481 463 1556 γὰρ
502 1481 571 1536 τὰ
598 1478 871 1555 δόγματα,
904 1478 1029 1536 ἀλλ’
1081 1480 1285 1535 ἐκείνου
1318 1482 1368 1538 οἱ
1409 1482 1593 1554 νόμοι.
1629 1505 1658 1533 ιι
1692 1481 1843 1537 Κατὰ
1873 1480 2012 1539 ἀπο·

350 1568 591 1643 κάλυψιν
656 1570 965 1643 μυστηρίου
1022 1594 1050 1620 ››
1109 1568 1383 1643 Μεγίστης
1436 1577 1606 1642 τιμῆς
1667 1570 2011 1642 σημεῖον,τὸ

352 1658 677 1732 μυστηρίων
737 1660 885 1730 ἡμᾶς
972 1659 1218 1731 γενέσθαι
1300 1659 1621 1727 κοινωνοὺς,
1689 1658 2012 1734 πράγματος

347 1748 527 1805 πάλαι
566 1748 660 1821 μὶν
692 1746 1135 1822 προωρισμὲνου,
1165 1749 1423 1825 φανέντος
1458 1746 1513 1804 δὲ
1540 1753 1630 1804 νῦν
1663 1747 1751 1806 διὰ
1782 1750 2008 1823 Ιλραφῶν

351 1840 717 1915 προφητικῶν
728 1880 741 1895 .

422 1927 589 1979 "Dote
648 1926 700 1980 τί
755 1920 899 2003 φοϐῇ
961 1923 1023 1979 σὺ
1078 1926 1105 1980 6
1168 1926 1416 1995 ἀσθενὴς,
1478 1927 1555 1999 μὴ
1613 1926 1857 1999 ἀποστῇς
1915 1929 2012 1981 τοῦ

349 2014 550 2087 νόμου,
586 2012 778 2078 ἐσθίων
810 2014 877 2069 τὰ
925 2014 1156 2092 χοίρια,
1192 2011 1331 2070 Ἰδοὺ
1382 2015 1485 2091 γὰρ
1530 2016 1584 2069 αἱ
1616 2015 1821 2092 Γραιφαῖ
1850 2021 2015 2071 πᾶσαι

347 2107 515 2160 τοῦτο
560 2103 624 2158 τὸ
677 2104 975 2177 μυστήριον
1007 2102 1361 2179 κηρύττουσι,
1419 2104 1481 2158 τὸ
1531 2106 1632 2173 τὴν
1694 2102 2012 2182 ἀδιαφορίαν

348 2198 467 2250 τῶκ
501 2192 814 2268 βρωμάτων
847 2190 1082 2269 εἰσάγον.
1117 2191 1291 2249 Ἀλλὰ
1343 2194 1434 2248 καὶ
1484 2195 1598 2247 κατ’
1632 2192 1890 2267 ἐπιταγήν
1921 2196 2016 2248 τοῦ

352 2281 581 2339 αἰωνίου
614 2285 750 2337 Θεοῦ
781 2280 945 2337 ἐστιν.
1006 2279 1242 2350 Οὐκοῦν,
1300 2280 1360 2335 οὐ
1423 2278 1503 2336 δεῖ
1564 2286 1678 2353 Θεῷ
1708 2281 2015 2336 ἀντιτάττε-

355 2382 499 2440 σθαι,
562 2368 712 2425 ἀλλὰ
770 2368 1036 2426 πιστεύειν
1097 2368 1185 2424 καὶ
1248 2369 1559 2425 ὑπακούειν.
1612 2371 1884 2438 “Ι“πακοῆς
1913 2369 2015 2443 γὰρ

361 2464 395 2530 ἡ
456 2461 640 2521 πίστις
700 2455 894 2525 δεῖται,
958 2459 1020 2514 οὐ
1084 2456 1632 2535 φιλοπραγμοσύνης.
1694 2457 1872 2515 Ἀλλᾶ
1927 2457 2016 2513 καὶ

368 2547 629 2605 πάντατὰ
659 2544 787 2617 ἔθνη
839 2547 982 2603 οὕτω
1040 2548 1298 2603 πιστεύει.
1361 2553 1497 2603 Ηᾶσι
1554 2548 1657 2623 γὰρ
1690 2547 2014 2623 ἐγνωρίσθη.

364 2642 492 2699 BG);
518 2638 608 2692 οῦν
634 2637 800 2699 αὐτὸς
824 2633 999 2708 ἔτιτῷ
1021 2638 1175 2710 νόμῳ
1199 2634 1513 2707 δουλεύεις;
1539 2662 1566 2689 ‹‹
1594 2637 1760 2710 Μόνῳ
1787 2636 1844 2692 δὲ
1867 2643 2017 2717 σοφῷ

367 2731 508 2797 Θεῷ,
542 2749 569 2777 »ι
602 2726 731 2794 εἶπε,
782 2727 921 2799 πρὸς
952 2722 1372 2794 ἀντιδιαστολὴν
1430 2723 1674 2801 ἀγγέλων
1708 2726 1797 2781 καὶ
1829 2729 2014 2800 ἡμῶν,

362 2814 401 2887 ἦ
430 2822 538 2871 τῶν
598 2813 965 2889 ψευδωνύμων
1001 2821 1158 2883 θεῶν,
1220 2815 1281 2869 ού
1339 2819 1434 2870 τοῦ
1495 2817 1622 2871 Υἱοῦ
1653 2815 1687 2885 ἢ
1716 2816 1813 2872 105
1848 2820 2013 2874 [Ινεύ-

357 2926 551 2980 ματος.
585 2905 835 2981 Ἀπαγεί
896 2905 957 2961 Ὁ
1014 2905 1140 2965 Υἱὸς
1182 2904 1283 2979 γάρ
1330 2902 1471 2960 ἐστιν
1521 2907 1556 2974 ἡ
1589 2905 1747 2983 σοφία
1776 2910 1871 2961 τοῦ
1904 2913 2015 2963 Πα-

350 2996 503 3071 τρός.
543 2994 712 3065 Αὐτῷ
753 2994 842 3048 οῦν
904 2995 939 3062 ἡ
1001 2990 1127 3062 δόξα
1178 2997 1257 3066 τῷ
1314 2993 1678 3071 φανερώσαντι
1709 2996 1770 3049 τὸ
1805 2998 2012 3069 μυστή-

355 3106 495 3159 ριον,
531 3082 595 3139 οὐ
651 3086 733 3155 τῷ
787 3082 942 3155 νόμῳ
1001 3083 1046 3154 ᾦ
1103 3078 1482 3157 προσεδρεύεις
1528 3080 1606 3138 ἔτι
1654 3082 1737 3153 σὺ,
1768 3104 2015 3158 παρατη-

359 3174 630 3248 ρούμενος
659 3172 726 3227 τὰ
763 3172 1045 3247 βρώματα.
1082 3172 1158 3227 Τὸ
1193 3168 1268 3241 δὲ,
1303 3194 1329 3223 κ
1369 3171 1467 3227 Δ.ιᾶ
1498 3173 1677 3241 Ἰησοῦ
1708 3177 2007 3247 Χριστοῦ,››

367 3260 582 3317 δύναται
638 3262 751 3335 μὲν,
829 3262 904 3323 ὡς
993 3260 1245 3337 ἀνωτέρω
1329 3259 1563 3333 εἷ’ρηται,
1650 3266 2009 3337 συνταχθῆναι

370 3355 477 3423 τῷ,
510 3375 537 3403 ιι
571 3348 847 3424 Δυναμένῳ
881 3351 1018 3423 ὑμᾶς
1065 3351 1310 3425 στηρίξαι
1360 3347 1449 3405 διὰ
1478 3352 1659 3421 Ἰησοῦ
1691 3357 1957 3428 Χριστοῦ.
1992 3377 2012 3404 υ

372 3439 543 3502 Αὐτὸς
585 3439 674 3514 γὰρ
725 3438 988 3513 ἐγνώρισε
1047 3440 1110 3494 τὸ
1174 3440 1477 3513 μυστήριον
1536 3445 1652 3502 τοῖς
1708 3438 1929 3510 ἔθνεσιν,
1991 3441 2018 3495 6

368 3549 494 3590 τους
525 3530 766 3600 μαθητὰς
831 3526 1160 3588 ἀποστείλας
1221 3527 1295 3589 εἴς
1357 3529 1420 3584 τὸ
1480 3533 1813 3600 μαθητεῦσαι
1847 3530 2020 3586 πάντα

366 3617 430 3672 τὰ
485 3613 633 3686 ἔθνη.
694 3617 769 3671 Τὸ
831 3613 908 3687 δὲ,
969 3616 1035 3688 ᾧ,
1096 3618 1373 3690 περισσόν.
1428 3616 1595 3672 «Καὶ
1652 3616 1714 3673 τὸ
1764 3620 2020 3695 κηρυγμα

356 3706 541 3778 Ἰησοῦ
574 3706 835 3782 Χριστοῦ.
870 3729 897 3756 ιι
964 3739 1030 3747 -——
1090 3708 1295 3780 [ΦΩΤ.]
1350 3705 1410 3760 Τί
1441 3703 1497 3761 δὲ
1528 3704 1639 3761 ἐστι
1670 3709 1731 3764 τὸ
1760 3710 2021 3784 κηρυγμα

356 3798 455 3849 τοῦ
486 3796 707 3865 Ἰησοῦ;
776 3817 797 3846 ι
834 3795 943 3849 Ἵνα
998 3794 1307 3869 γινώσκωσί
1366 3815 1443 3863 σε,
1503 3795 1659 3873 φησὶ,
1709 3795 1797 3851 καὶ
1830 3796 1885 3851 ὅν
1916 3797 2023 3852 ἀπ-

360 3880 608 3943 ἐστειλας
651 3883 884 3950 Ἰησοῦν.
920 3904 946 3931 ιι
976 3913 1043 3923 -
1077 3905 1104 3933 ‹‹
1135 3882 1196 3939 Ὁ
1251 3881 1509 3954 ἑωρακὼς
1542 3880 1661 3955 ἐμὲ,
1694 3883 1901 3958 ἑώρακε
1928 3886 2018 3941 τὸν

362 3972 582 4045 Πατέρα
638 3994 665 4021 ››
694 4001 761 4011 —
792 3994 819 4020 «
858 3969 999 4045 Ἐγὼ
1031 3970 1118 4024 καὶ
1162 3969 1189 4022 ὁ
1241 3971 1426 4043 Ηατήρ
1456 3968 1510 4023 ἓν
1539 3970 1718 4043 ἐσμεν.
1756 3996 1782 4023 ››
1819 3973 1913 4026 Καὶ
1947 3973 2023 4035 ὡς

359 4061 388 4114 ὀ
454 4062 657 4134 Πέτρος
717 4059 900 4135 φησὶν,
960 4058 1042 4112 ὃτι
1104 4056 1261 4119 αὐτός
1313 4056 1459 4113 ἐστιν
1494 4059 1521 4112 6
1557 4060 1677 4121 Υἱὸς
1734 4064 1830 4115 τοῦ
1890 4062 2022 4117 Θεοῦ

362 4151 467 4202 τοῦ
522 4151 741 4217 ζῶντος.
804 4146 908 4202 Καὶ
963 4146 1046 4201 ὅτι
1101 4147 1199 4214 τήν
1248 4145 1421 4220 κρίσιν
1470 4150 1641 4201 πᾶσαν
1672 4147 1698 4202 ὁ
1729 4150 1851 4213 Υἱὸς
1881 4145 2021 4228 ἔχει,

365 4236 498 4304 Καὶ,
534 4259 562 4286 (ι
598 4234 948 4309 Πορευθέντες
1015 4233 1385 4309 μαθητεύσατε
1441 4238 1615 4291 πάντα
1644 4237 1710 4291 τὰ
1740 4230 1888 4308 ἔθνη,
1925 4241 2027 4313 βα-

366 4328 654 4396 πτίζοντες
684 4326 877 4388 αὐτοὺς
936 4327 1013 4390 εἰς
1064 4328 1125 4380 τὸ
1183 4322 1359 4398 ὄνομα
1412 4330 1510 4382 105
1552 4328 1778 4401 Πατρὸς,
1810 4330 1900 4384 καὶ
1931 4332 2026 4384 τοῦ

366 4417 521 4485 Υἱοῦ,
578 4414 668 4470 καὶ
725 4419 823 4469 τοῦ
885 4416 1042 4491 ἁγίου
1104 4414 1440 4486 Ηνεύματος,
1480 4440 1499 4465 ι
1564 4415 1652 4470 καὶ
1709 4418 1775 4472 τὰ
1833 4418 2024 4490 ὃμοια.

367 4529 397 4559 σι
433 4504 535 4560 Καὶ
588 4504 650 4559 τὸ
706 4505 963 4579 κήρυγμα
1018 4504 1200 4575 Ἰησοῦ
1261 4506 1520 4578 Χριστοῦ,
1558 4504 1719 4567 »Τίς
1780 4503 1837 4561 δέ
1889 4505 2027 4561 ἐστιν

368 4596 532 4655 οὗτος
563 4594 591 4647 6
622 4594 830 4663 Ἰησοῦς
863 4593 1095 4667 Χριστός
1131 4613 1146 4664 ;
1177 4594 1236 4649 Ὁ
1266 4591 1314 4662 ἐξ
1374 4593 1555 4669 ἀρχῆς
1609 4595 1702 4667 μὲν
1756 4594 1923 4650 συνὼν
1949 4602 2026 4669 τῷ

372 4682 568 4757 amt,
602 4682 927 4761 φανερωθεὶς
959 4679 1061 4756 [δὲ]
1102 4685 1211 4738 νῦν.
1275 4684 1396 4742 Πῶς
1428 4680 1485 4736 δὲ
1514 4683 1879 4761 φανερωθεῖςῖ
1914 4688 2024 4743 Τοῦ

373 4770 705 4846 μυστηρίου,
737 4771 921 4850 φησὶν,
971 4768 1468 4848 ἀποκαλυφθὲντος.
1529 4774 1617 4828 Ἐν
1672 4774 1896 4848 χρόνοις
1922 4775 2023 4848 γὰρ

370 4858 617 4922 αἰωνίοις
647 4863 808 4916 τοῦτο
840 4860 1200 4935 σεσιγημένου
1260 4861 1498 4933 ὑπῆρχε,
1564 4861 1714 4934 μόνῳ
1743 4866 1822 4934 τῷ
1856 4862 2024 4938 Πατρὶ

372 4948 465 5002 καὶ
492 4952 567 5020 τῷ
596 4949 705 5020 Υἱῷ
742 4949 831 5003 καὶ
889 4952 967 5020 τῷ
1020 4950 1295 5019 Πνεύματι
1350 4948 1768 5023 γινωσκόμενον·
1826 4955 1914 5005 νῦν
1947 4949 2023 5022 δὲ,

370 5039 469 5091 τοῦ
501 5036 806 5112 μυστηρίου
865 5029 1369 5115 ἀποκαλυφθέντος,
1432 5036 1507 5099 εἰς
1568 5039 1739 5092 πάντα
1791 5039 1857 5093 τὰ
1900 5035 2023 5111 ἔθνη

366 5124 685 5202 ἐφανερώθη
741 5126 768 5178 6
800 5126 1063 5199 Χριστὸς,
1123 5126 1246 5186 Υἱὸς
1304 5121 1376 5177 ὥν
1409 5126 1505 5179 τοῦ
1560 5130 1693 5181 Θεοῦ
1748 5126 1837 5183 καὶ
1897 5130 2024 5184 Θεὸς

377 5215 698 5286 ὀμοούσιος.
751 5211 927 5271 Ἀλλὰ
984 5218 1101 5275 πῶς
1155 5210 1506 5292 ἐφανερώθη;
1550 5215 1646 5269 Διὰ
1672 5221 1780 5273 τῶν
1810 5238 2025 5295 προτρη.

374 5308 507 5371 τῶν,
570 5301 660 5356 διὰ
719 5307 825 5356 τῶν
886 5306 1109 5376 Γραφῶν
1170 5301 1370 5356 αὐτῶν.
1406 5302 1503 5357 Καὶ
1533 5302 1693 5368 πόθεν
1723 5306 1873 5360 οὗτοι
1906 5306 2029 5362 ἐλά-

370 5392 545 5463 λησαν
606 5390 699 5445 καὶ
758 5386 1030 5465 ἔγραψαν;
1089 5392 1505 5454 Ἐπιτάττοντος
1559 5392 1648 5447 καὶ
1701 5391 2026 5468 ἐμπνέοντος

367 5480 560 5544 αὐτοῖς
591 5484 694 5536 τοῦ
752 5483 1020 5556 παναγίου
1085 5480 1421 5554 ΙΙνεύματος·
1482 5484 1643 5540 τοῦτο
1676 5483 1777 5560 γὰρ
1809 5482 2028 5539 αἰώνιον

438 5610 481 5649 ⁸⁷
511 5608 685 5663 Joan.
720 5622 857 5676 xvii,
892 5609 945 5661 3.
1068 5604 1113 5641 ⁸⁸
1144 5608 1306 5662 Joan.
1340 5622 1449 5672 xxv,
1483 5609 1535 5662 9.

367 5712 571 5765 nvm,
606 5698 698 5763 19,
731 5696 819 5748 20.

1666 5607 1717 5643 5°
1747 5610 1913 5665 Joan.
1945 5627 2005 5678 ι,
2038 5613 2127 5667 30.

2133 607 2309 646 orans
2341 609 2445 663 pro
2476 591 3051 664 imperfectioribus:
3088 606 3207 645 non
3240 588 3432 645 solum
3476 588 3651 643 verbo
3682 588 3777 644 in-

2133 686 2388 747 struens,
2424 681 2526 736 sed
2557 681 2735 736 etiam
2766 679 3051 735 auxilium
3079 695 3113 733 a
3142 679 3259 733 Deo
3293 678 3568 733 alferens.
3619 678 3774 733 Con-

2131 770 2443 840 sequentia
2463 776 2661 826 autem
2679 768 3148 825 coordinationis
3162 767 3295 822 talis
3313 772 3404 821 est
3441 790 3465 817 ι‹
3486 767 3549 820 Ei
3577 771 3776 822 autem

2130 859 2230 928 qui
2263 863 2472 929 potens
2496 864 2586 914 est
2613 876 2713 914 vos
2743 860 3096 914 confirmare
3119 873 3224 927 per
3250 858 3448 911 Jesum
3479 855 3776 912 Christum

2127 946 2318 1018 gloria
2348 947 2407 1003 in
2440 964 2676 1013 saecu,a.
2712 952 2918 1003 Amen.
2957 968 2983 996 υ
3012 946 3308 1000 Articulus
3327 961 3460 999 vero
3480 944 3546 1015 ᾧ,
3571 945 3631 1000 id
3662 950 3773 1011 est,

2126 1036 2244 1105 cui,
2279 1036 2577 1107 superﬂue
2608 1038 2792 1108 ponit,
2826 1036 2957 1090 ideo
3008 1040 3369 1106 assumptus,
3419 1034 3578 1104 quod
3624 1051 3771 1105 opus

2127 1131 2283 1179 esset
2307 1126 2784 1196 repetitiones.Ei
2806 1126 2906 1196 qui
2932 1130 3140 1196 potens
3167 1128 3367 1179 estvos
3390 1123 3769 1195 imperfectos

2124 1218 2183 1268 et
2205 1214 2549 1270 vacillantes
2571 1215 2939 1271 confirmare.
2970 1212 3313 1279 Quomodo?
3337 1236 3361 1262 ιι
3384 1214 3556 1267 Juxta
3581 1212 3772 1268 Evan-

2123 1302 2340 1374 gelium
2358 1305 2736 1359 meum.nHoc
2751 1309 2931 1371 est,ut
2943 1303 3035 1358 his
3049 1319 3180 1373 qua:
3196 1302 3376 1357 doceo
3391 1301 3768 1357 adhaereatis.

2121 1390 2325 1444 Porro.
2363 1411 2385 1441 α
2423 1392 2611 1446 Meum
2643 1391 3041 1463 Evangelium,
3075 1413 3103 1441 .›
3136 1397 3213 1454 et,
3255 1413 3274 1439 ι
3312 1389 3525 1444 Christi
3553 1388 3775 1460 praedi-

2122 1477 2295 1542 catio,
2324 1498 2350 1526 »
2380 1495 2563 1534 unum
2583 1485 2741 1535 sunt.
2766 1481 2890 1534 Non
2914 1480 3074 1534 enim
3098 1483 3300 1534 nostra
3318 1483 3456 1533 sunt
3476 1477 3770 1548 dogmata,

2124 1567 2228 1622 sed
2260 1567 2446 1638 ipsius
2476 1568 2657 1639 leges.
2721 1592 2749 1620 κ
2782 1567 3120 1624 Secundum
3177 1567 3602 1622 revelationem
3651 1581 3775 1637 my-

2123 1655 2306 1710 sterii.
2336 1677 2362 1705 »
2389 1656 2577 1728 Magni
2601 1656 2838 1728 signum
2871 1655 3113 1712 honoris
3146 1655 3303 1725 quod
3338 1654 3607 1727 mysterii
3640 1654 3740 1710 siti

2120 1740 2259 1798 facti
2283 1743 2633 1814 participes:
2660 1744 2743 1797 rei
2763 1744 2905 1801 olim
2933 1744 3173 1815 quidem
3192 1743 3771 1814 prazdefinitte,nunc

2051 1874 2097 1938 Β
2126 1847 2261 1886 vero
2295 1848 2399 1903 per
2428 1832 2759 1904 Scripturas
2791 1834 3170 1905 propheticas
3198 1832 3557 1904 apparentis.

2199 1921 2352 1976 393
2384 1920 2534 1987 Quid
2564 1922 2763 1993 itaque
2797 1922 2971 1978 times
2995 1927 3077 1989 tu,
3106 1921 3443 1989 imbecillis,
3493 1937 3589 1989 ne,
3648 1937 3782 1995 por-

2120 2009 2285 2065 cinas
2316 2026 2525 2067 carnes
2557 2009 2759 2079 edens,
2794 2027 2829 2067 a
2860 2010 2986 2084 lege
3035 2009 3305 2066 discedas
3336 2010 3363 2065 ‘I
3419 2010 3562 2066 Ecce
3613 2010 3777 2065 enim

2121 2097 2436 2170 Scriptura:
2469 2115 2676 2156 omnes
2707 2100 3036 2173 praedicant
3084 2099 3195 2155 hoc
3237 2100 3588 2173 mysterium
3621 2099 3779 2172 quod

2123 2189 2391 2245 ciborum
2414 2190 2879 2247 indiﬁerentiam
2902 2191 3151 2260 inducit,
3177 2196 3234 2245 et
3266 2190 3592 2247 secundum
3626 2208 3780 2263 pras-

2124 2283 2363 2348 ceptum
2393 2279 2601 2334 aeterni
2624 2279 2747 2334 Dei.
2774 2281 2902 2335 Non
2925 2296 3060 2352 ergo
3093 2280 3211 2336 Deo
3235 2296 3564 2352 repugnare
3597 2296 3776 2353 opor-

2124 2370 2225 2431 tet,
2264 2366 2368 2421 sed
2400 2364 2641 2421 credere
2675 2382 2741 2420 ac
2774 2366 3049 2422 obedire:
3085 2384 3224 2423 nam
3258 2367 3407 2422 ﬁdes
3424 2385 3545 2423 non
3578 2368 3776 2423 curio-

2128 2455 2324 2523 sitate,
2355 2453 2458 2509 sed
2490 2454 2830 2510 obedientia
2861 2455 3103 2527 indiget.
3142 2456 3292 2521 Quin
3326 2461 3382 2509 et
3410 2462 3615 2528 gentes
3653 2472 3782 2510 om-

2129 2560 2236 2598 nes
2260 2543 2341 2599 ita
2360 2542 2639 2599 credunt:
2665 2542 2942 2599 omnibus
2965 2543 3123 2598 enim
3150 2543 3411 2598 innotuit
3436 2560 3448 2597 :
3480 2544 3775 2613 quomodo

2124 2648 2258 2704 ergo
2275 2636 2337 2688 tu
2351 2632 2476 2703 ipse
2493 2631 2686 2687 adhuc
2706 2631 2818 2704 legi
2847 2632 3068 2687 servis?
3088 2634 3291 2699 Porro,
3315 2655 3341 2682 «
3368 2631 3485 2687 Soli
3522 2631 3775 2702 sapienti

2120 2722 2261 2789 Deo,
2299 2743 2319 2768 υ
2348 2720 2513 2788 dixit,
2550 2719 2622 2775 ad
2644 2720 3088 2777 distinctionem
3111 2720 3458 2793 angelorum
3485 2726 3540 2774 et
3562 2720 3770 2789 nostri,

2119 2816 2222 2866 aut
2249 2809 2399 2865 falso
2433 2809 2876 2866 nominatorum
2908 2810 3177 2879 deorum,
3210 2827 3330 2865 non
3362 2810 3492 2865 Filii
3515 2813 3616 2863 aut
3646 2808 3769 2881 Spi-

2119 2901 2269 2956 ritus
2302 2901 2511 2956 sancti.
2531 2901 2699 2956 Absit
2723 2900 2735 2955 l
2763 2902 2907 2957 Nam
2930 2901 3111 2957 Filius
3130 2901 3424 2974 sapientia
3444 2900 3633 2955 Patris
3656 2905 3765 2958 est.

2118 2990 2236 3061 Ipsi
2269 3007 2405 3062 ergo
2436 2990 2625 3062 gloria
2655 2990 2754 3062 qui
2788 2992 3136 3061 mysterium
3192 2992 3613 3057 manifestavit,
3647 3008 3767 3045 non

2120 3081 2233 3153 legi
2264 3081 2358 3136 cui
2390 3081 2582 3138 adhuc
2613 3080 2902 3150 adhwres,
2936 3082 3098 3138 cibos
3123 3083 3460 3139 observans.
3488 3082 3652 3147 Quod
3672 3099 3771 3136 au-

2122 3178 2241 3227 tem
2277 3172 2475 3228 addit:
2508 3200 2532 3225 α
2565 3174 2675 3228 Per
2699 3174 2899 3228 Jesum
2930 3172 3228 3229 Christum
3264 3196 3314 3240 ››,
3347 3178 3560 3246 potest,
3612 3172 3772 3228 velut

2126 3266 2301 3316 antea
2330 3261 2555 3317 dictum
2587 3266 2694 3332 est,
2728 3262 3007 3335 conjungi
3066 3264 3443 3335 prazcedenti.
3497 3285 3524 3315 ι(
3556 3264 3619 3318 Ei
3669 3263 3769 3333 qui

2125 3356 2336 3421 potens
2368 3355 2459 3405 est
2486 3366 2589 3406 vos
2622 3351 2976 3407 conﬁrmare
3008 3369 3113 3423 per
3140 3354 3338 3408 Jesum
3388 3354 3706 3410 Christum.
3742 3377 3768 3404 ››

2124 3439 2254 3510 Ipse
2278 3439 2438 3495 enim
2470 3440 2821 3513 mysterium
2862 3440 3138 3513 gentibus
3197 3443 3615 3510 manifestavit,
3670 3444 3768 3515 qui

2126 3527 2450 3600 discipulos
2481 3530 2679 3584 emisit
2710 3530 2783 3584 ad
2815 3530 3147 3587 docendum
3180 3549 3386 3588 omnes
3417 3536 3773 3606 gentes.'Ar-

2127 3617 2342 3672 ticulus
2375 3634 2509 3674 vero
2541 3617 2607 3688 ᾦ,
2634 3618 2693 3673 id
2724 3624 2833 3689 est,
2889 3642 2911 3665 «ι
2947 3622 3062 3689 cui,
3097 3642 3119 3667 »
3155 3623 3490 3695 superﬂuus
3536 3629 3644 3679 est.
3705 3653 3774 3663 —-

2128 3728 2153 3756 ‹‹
2191 3708 2261 3760 Et
2292 3707 2575 3779 κηρυγμα,
2605 3707 2664 3763 id
2696 3713 2787 3763 est
2816 3711 3177 3780 prmconium
3247 3729 3352 3767 seu
3400 3712 3773 3783 prtedicatio-

2130 3810 2291 3860 nem,
2319 3796 2453 3850 Jesu
2484 3796 2721 3851 Christi.
2756 3820 2778 3849 ι
2817 3799 2966 3861 Quid
3021 3806 3110 3854 est
3156 3804 3353 3855 autem
3410 3801 3773 3872 praeconium

2128 3885 2266 3939 Jesu
2300 3884 2328 3938 ‘I
2363 3905 2385 3934 ι
2423 3885 2495 3938 Ut
2522 3891 2897 3956 cognoscant,
2930 3888 3145 3957 inquit,
3180 3893 3233 3943 te
3266 3895 3324 3943 et
3352 3905 3529 3959 quem
3560 3888 3774 3943 misisti

2128 3974 2327 4027 Jesum
2358 3972 2657 4027 Christum
2684 3972 2751 4038 ⁵⁷,
2781 3996 2807 4023 ››
2845 4005 2908 4015 —-
2935 3997 2962 4024 ‹‹
2998 3977 3104 4040 Qui
3129 3976 3408 4042 viditme,
3442 3977 3586 4031 vidit
3607 3979 3779 4033 etPa—

2131 4066 2282 4116 trem
2319 4057 2385 4115 ⁵⁸.
2417 4080 2445 4109 ››
2479 4090 2547 4101 -
2597 4081 2625 4110 ‹‹
2658 4063 2773 4133 Ego
2828 4068 2885 4116 et
2941 4064 3113 4117 Pater
3168 4081 3353 4120 unum
3413 4082 3618 4120 sumus
3648 4066 3710 4120 ⁵⁸.
3746 4089 3769 4119 ι

2130 4151 2199 4205 Ει
2226 4150 2378 4204 sicut
2406 4149 2489 4204 ait
2516 4152 2748 4217 Petrus,
2798 4152 2954 4222 quod
3010 4152 3134 4224 ipse
3176 4155 3253 4208 sit
3297 4154 3478 4209 Filius
3526 4155 3627 4210 ille
3675 4155 3779 4210 Dei

2132 4238 2378 4293 viventis
2400 4238 2466 4292 ⁸ο.
2489 4241 2559 4293 Ει
2578 4239 3043 4311 quodjudicium
3065 4258 3238 4298 omne
3257 4243 3437 4297 Filius
3467 4242 3681 4298 habeat
3707 4241 3776 4299 θί.

2133 4330 2255 4395 Et,«
2278 4328 2498 4383 Euntes
2520 4328 2724 4383 docete
2739 4345 2946 4386 omnes
2962 4335 3186 4401 gentes,
3202 4330 3564 4402 baptizantes
3586 4348 3686 4386 eos
3716 4333 3777 4388 in

2134 4417 2377 4472 nomine
2401 4418 2615 4483 Patris,
2645 4418 2872 4487 etFilii,
2897 4424 2953 4472 et
2985 4419 3233 4490 Spiritus
3266 4420 3454 4475 sancti
3477 4418 3541 4488 θ’,
3572 4441 3600 4469 ››
3634 4427 3684 4474 et
3711 4423 3780 4475 si-

2135 4508 2314 4564 milia.
2344 4531 2371 4559 ιι
2396 4510 2464 4564 Et
2479 4510 2961 4581 praidicationem
2983 4512 3120 4567 Jesu
3138 4512 3407 4567 Christi.»
3425 4513 3564 4578 Quis
3578 4518 3777 4567 autem

2138 4604 2228 4653 est
2252 4598 2347 4652 hic
2368 4599 2534 4654 Jesus
2561 4599 2824 4654 Christus
2842 4599 2869 4654 ‘I
2892 4601 2946 4655 Is
2968 4601 3068 4671 qui
3092 4600 3164 4655 ab
3188 4601 3357 4655 initio
3380 4607 3507 4657 erat
3537 4601 3779 4673 quidem

2137 4704 2271 4743 cum
2305 4690 2498 4751 Patre,
2534 4705 2693 4742 nunc
2724 4695 2920 4744 autem
2951 4690 3364 4745 manifestatus
3396 4697 3500 4746 est.
3536 4693 3607 4746 Et
3662 4708 3778 4763 quo

2140 4776 2313 4831 modo
2338 4776 2751 4832 manifestatus
2774 4778 2908 4833 est?
2938 4779 3233 4850 Mysterio,
3258 4780 3776 4852 inquit,revelato;

2136 4880 2275 4920 nam
2306 4866 2544 4919 aeternis
2583 4864 2944 4938 temporibus
2978 4868 3219 4922 tacitum
3252 4876 3413 4925 erat:
3465 4871 3576 4926 soli
3621 4872 3778 4926 Patri

2136 4958 2196 5008 et
2226 4954 2369 5009 Filio
2402 4960 2459 5008 et
2480 4954 2722 5025 Spiritui
2756 4962 2959 5010 sancto
2991 4958 3289 5029 cognitum
3324 4966 3661 5017 eratznunc
3682 4977 3781 5016 au-

2138 5048 2254 5098 tem
2287 5043 2541 5098 revelato
2572 5044 2880 5114 mysterio,
2901 5046 2961 5099 in
2985 5064 3192 5102 omnes
3219 5055 3424 5121 gentes
3445 5050 3783 5105 manifesta-

2140 5137 2232 5186 tus
2263 5138 2355 5187 est
2382 5132 2666 5200 Christus,
2698 5133 2856 5205 quod
2884 5134 3066 5190 Filius
3098 5136 3197 5191 Dei
3232 5139 3307 5192 sit
3334 5155 3401 5193 ac
3440 5140 3591 5193 Deus
3622 5138 3781 5209 ejus-

2138 5220 2274 5275 dem
2305 5221 2671 5277 substantiaa.
2706 5222 2819 5277 Sed
2850 5226 3146 5294 quomodo
3179 5225 3588 5281 manifestatus
3646 5233 3782 5285 est?

2140 5312 2251 5365 Per
2280 5310 2622 5381 prOpbetas,
2649 5328 2754 5382 per
2779 5312 3111 5384 Scripturas
3142 5313 3398 5369 illorum.
3435 5318 3504 5369 Et
3532 5317 3687 5372 unde
3719 5319 3780 5373 hi

2137 5397 2318 5454 locuti
2352 5404 2490 5454 sunt
2518 5416 2586 5455 ac
2617 5401 3020 5472 scripserunt?
3055 5401 3305 5457 lubente
3331 5420 3399 5458 ac
3449 5405 3781 5477 inspirante

2139 5488 2515 5543 sanctissimo
2548 5488 2771 5558 Spiritu
2799 5506 2810 5542 :
2843 5489 3002 5543 hunc
3035 5486 3194 5544 enim
3253 5496 3539 5549 aeternum
3593 5496 3779 5552 Deum

2258 5613 2304 5648 ⁸ο
2333 5612 2535 5668 Matth.
2568 5626 2683 5679 xw,
2720 5615 2806 5670 16.
2946 5612 2987 5648 ⁶¹
3021 5615 3185 5670 Joan.
3220 5630 3272 5685 ν,
3304 5618 3393 5674 22.
3496 5619 3545 5655 σε
3574 5622 3773 5678 Matth.
