4106 6252
410 377 529 438 607

1526 379 1933 443 (ECUMENH
1978 375 2285 437 TRICCE
2328 377 2679 439 EPISCOPI

3691 382 3803 440 608

409 515 596 578 vocat,
631 510 743 566 hoc
771 516 879 578 est,
908 528 1025 567 non
1084 513 1496 585 temporalem.
1554 513 1721 579 Quod
1769 528 1904 585 ergo
1963 515 2045 564 est

2163 508 2292 563 Θεὸν
2323 506 2503 578 καλεῖ,
2532 508 2828 577 τουτέστιν,
2861 506 3119 588 ἄχρονον.
3169 510 3232 566 Τί
3288 510 3378 563 οῦν
3414 509 3479 564 τὸ
3507 503 3671 587 ἔργον
3700 516 3804 567 τῶν

409 615 558 670 opus
588 599 1068 670 propheticarum
1102 600 1560 672 Scripturarum.
1590 619 1737 672 quas
1768 618 1874 673 per
1924 600 2049 673 Spi-

412 688 594 743 ritum
619 687 799 743 locuti
831 687 1010 744 sunt?
1056 694 1120 744 ut
1146 690 1628 746 manifestaretur
1647 691 1916 746 Christus
1936 707 2058 745 om-

412 775 590 831 nibus
610 776 1216 848 gentibus.Quomodo
1232 778 1419 833 ?Dum
1440 779 1528 834 illi
1550 779 1859 835 obedirent
1891 780 2052 847 fidei,

411 867 568 922 894
588 883 695 938 per
716 883 817 921 eos
838 867 939 938 qui
962 868 1152 939 ipsam
1175 868 1295 923 illis
1326 870 1829 925 annuntiaverunt
1861 886 1873 923 :
1907 887 2053 941 quo-

412 972 544 1010 rum
575 955 892 1027 plurimam
924 961 1153 1028 partem
1183 958 1348 1013 Pauli
1373 975 1584 1014 cursus
1606 959 2053 1027 etEvanqelium

412 1046 677 1118 perfecit.
711 1046 903 1103 Habes
933 1048 1112 1120 igitur
1142 1054 1200 1103 et
1236 1050 1331 1105 hic
1374 1050 1752 1123 conjunctam
1801 1050 2056 1106 Trinita-

409 1141 558 1195 tom.
583 1138 647 1193 In
668 1153 737 1192 eo
760 1137 1000 1209 quidem
1031 1137 1188 1208 quod
1212 1138 1462 1194 dicitur:
1498 1162 1525 1189 ‹‹
1555 1140 1814 1212 Sapienti
1847 1140 1988 1209 Deo,
2023 1163 2051 1190 ››

410 1228 645 1282 Patrem
670 1246 685 1295 ;
718 1245 825 1299 per
854 1227 1002 1283 illud
1033 1233 1230 1284 autem
1253 1229 1411 1299 quod
1437 1230 1518 1284 ait
1544 1246 1556 1283 :
1590 1252 1618 1280 «
1648 1231 1846 1285 Jesum
1877 1231 2052 1287 Chri-

406 1320 585 1381 stum,
624 1337 652 1365 ι>
683 1316 928 1387 planum
962 1323 1052 1372 est
1080 1318 1238 1388 quod
1270 1318 1481 1373 Filium
1509 1336 1522 1385 ;
1570 1326 1850 1375 caeterum
1884 1337 1955 1376 ex
1983 1338 2053 1377 eo

405 1403 564 1474 quod
597 1404 924 1460 secundum
959 1410 1319 1477 praeceptum
1352 1407 1558 1461 aeterni
1593 1408 1693 1462 Dei
1735 1410 2056 1480 prophetas

405 1493 488 1547 ait
516 1492 865 1549 vaticinatos
894 1494 1099 1563 fuisse,
1132 1495 1415 1566 Spiritum
1463 1502 1752 1552 sanctum.
1813 1499 1883 1552 Et
1927 1498 2057 1553 vide

406 1587 639 1637 acutam
674 1584 863 1638 aciem
895 1583 1173 1639 eublimis
1204 1601 1271 1640 ac
1302 1601 1434 1640 vere
1464 1585 1721 1641 scelestis
1752 1585 2056 1642 discursus

406 1671 627 1726 mentis
653 1672 842 1727 Pauli.
873 1671 1177 1743 Siquidem
1210 1674 1494 1744 quoniam
1552 1674 1882 1745 sapientem
1932 1692 2055 1731 om-

404 1760 546 1817 nino
586 1761 869 1833 Spiritum
918 1777 1068 1832 esse,
1124 1762 1426 1818 nullorum
1473 1769 1635 1835 patet
1689 1763 2047 1820 calumnim:

2161 602 2518 675 προφητικῶν
2548 603 2789 676 Γραφῶν,
2851 597 2912 659 ἃς
2968 595 3057 652 διὰ
3112 602 3207 652 τοῦ
3256 597 3563 670 Πνεύματος
3597 597 3799 671 ἐλάλη-

2162 706 2299 755 σαν;
2335 692 2704 762 Γνωρισθῆναι
2761 688 2853 742 τὸν
2915 688 3143 763 Χριστὸν
3201 693 3361 742 πᾶσιν
3416 681 3611 751 ἔθνεσι.
3649 694 3807 760 Πῶς;

2160 776 2603 831 Ὑπακουσάντων
2660 777 2839 832 αὐτῶν
2896 780 2965 850 τῇ
3022 776 3222 841 πίστει,
3283 773 3372 830 διὰ
3429 782 3537 831 τῶν
3583 777 3809 853 εὐαγγε-

2161 861 2470 937 λισαμένων
2502 866 2699 928 αὐτοῖς
2728 867 2947 937 ταύτην.
3007 868 3099 920 Ὧν
3155 865 3218 921 τὸ
3274 872 3535 921 πλεῖστον
3587 870 3808 942 μεροςό

2157 959 2255 1009 τοῦ
2286 953 2504 1010 Παύλου
2537 952 2743 1029 δρόμος
2770 955 2861 1010 καὶ
2892 956 2955 1010 τὸ
2988 952 3318 1030 Εῦαηὲλιον
3356 955 3571 1025 ἤνυσεν.

2227 1045 2422 1120 Ἔχεις
2474 1045 2566 1100 οὗν
2624 1046 2893 1100 κάνταῦθα
2950 1047 3049 1113 τήν
3102 1042 3314 1120 Τριάδα
3372 1045 3806 1119 συναπτομένην,

2158 1131 2254 1186 Διὰ
2314 1133 2408 1204 μὲν
2457 1137 2574 1203 τοῦ,
2620 1158 2647 1185 ‹‹
2682 1138 2848 1207 Σοφῶ
2898 1137 3036 1204 Θεῷ,
3072 1156 3100 1183 ››
3157 1133 3250 1187 τὸν
3313 1134 3542 1205 Πατέρα*
3608 1132 3702 1189 διὰ
3758 1132 3809 1189 δί

2155 1223 2273 1289 τοῦ,
2307 1244 2335 1271 ‹‹
2369 1222 2551 1278 Ἰεισοῦ
2581 1225 2837 1297 Χριστοῦ,
2873 1245 2900 1273 ››
2959 1219 3220 1292 δηλονότι
3275 1223 3364 1276 τὸν
3426 1222 3575 1277 Υἱόν⁸
3640 1220 3731 1277 διὰ
3758 1220 3816 1279 ὂὶ

2157 1312 2274 1379 τοῦ,
2305 1311 2423 1364 κατ’
2454 1310 2711 1385 ἐπιταγὴν
2764 1314 2863 1365 τοῦ
2922 1309 3143 1365 αἶ’ωνίου
3176 1314 3335 1378 Θεοῦ,
3365 1311 3495 1373 τοὺς
3526 1314 3816 1389 προφήτας

2157 1403 2551 1475 προφητεῦσαι,
2580 1399 2645 1454 τὸ
2674 1394 2829 1476 ἅγιον
2866 1403 3105 1473 Πνεῦμα.
3167 1399 3272 1455 Καὶ
3327 1399 3429 1474 ὅρα
3455 1407 3562 1469 τῆς
3598 1401 3817 1474 ὑψηλῆς

2157 1487 2249 1542 καὶ
2309 1486 2382 1549 ὠς
2434 1486 2658 1558 ἀληθῶς
2717 1485 3131 1564 οὐρανοδρόμου
3189 1485 3433 1551 διανοίας
3487 1488 3724 1545 Παύλου
3760 1491 3819 1545 τὸ

2161 1576 2416 1646 ὁξυωπὲς.
2479 1578 2626 1634 Ἑπεὶ
2681 1578 2788 1652 γὰρ
2844 1577 2917 1640 ὠς
2977 1577 3171 1633 ἐπίπαν
3219 1578 3281 1633 τὸ
3334 1580 3431 1652 μὲν
3463 1580 3641 1653 σοφὸν
3680 1581 3814 1635 εἶναι

2162 1673 2401 1744 Πνεῦμα,
2435 1669 2497 1724 ού
2550 1667 2906 1743 προσίσταταί
2961 1689 3092 1737 τισι,
3144 1669 3205 1723 τὸ
3265 1666 3322 1723 δὲ
3380 1669 3633 1747 ἄχρονον
3664 1670 3820 1738 εἶναι,

2159 1759 2511 1836 προσίσταται
2545 1762 2664 1819 τοῖς
2695 1755 2958 1824 πολλοῖς,
3008 1754 3214 1830 ἤμειψε
3259 1762 3448 1812 ταῦτα’
3481 1758 3578 1813 καὶ
3610 1759 3678 1812 τὸ
3711 1759 3821 1831 μὲν,

401 1848 584 1907 fuisse
610 1869 745 1907 vero
768 1852 840 1907 ab
864 1857 1109 1920 esterno,
1142 1852 1465 1907 multorum
1514 1854 1739 1925 patitur
1767 1854 2045 1926 objectio<

2161 1849 2191 1904 ὅ
2220 1849 2464 1924 προῦστη
2499 1845 2558 1901 ἂν
2595 1867 2759 1914 τισιν,
2812 1845 2858 1900 εἰ
2915 1846 2991 1918 μή
3054 1844 3268 1907 Παῦλος
3298 1842 3450 1914 ἐϐόα,
3481 1847 3709 1918 τίθησιν
3742 1848 3824 1903 ἰπὶ

399 1955 527 2011 nes,
552 1942 678 1996 haec
698 1941 1086 2012 permutavit:
1111 1945 1169 1994 et
1186 1940 1296 1995 hoc
1326 1940 1567 2010 quidem
1594 1942 1751 2013 quod
1782 1944 2043 1999 nonnul-

399 2031 489 2085 los
518 2031 775 2086 habebat
804 2031 1271 2087 contradictores
1301 2033 1416 2086 nisi
1448 2032 1669 2090 Paulus
1703 2033 2040 2103 clamasset,

399 2119 568 2188 ponit
584 2118 655 2174 de
680 2119 922 2191 Spirilu,
947 2124 1236 2174 aeternum
1258 2121 1443 2177 Deum
1468 2137 1682 2177 vocans
1708 2139 1722 2177 :
1754 2123 1904 2179 illud
1935 2141 2042 2180 au-

403 2214 523 2264 tem
563 2207 723 2279 quod
751 2207 923 2263 facile
955 2213 1129 2280 captu
1152 2214 1296 2279 erat,
1319 2214 1385 2265 ut
1406 2209 1638 2266 etiamsi
1670 2211 1741 2267 de
1766 2213 1892 2284 ipso
1921 2231 2043 2269 non

399 2298 773 2366 testiﬁcetur,
795 2303 995 2353 tamen
1010 2296 1081 2353 de
1104 2298 1323 2370 Spiritu
1354 2300 1757 2372 conciperent,
1791 2301 1941 2356 nihil
1973 2320 2043 2358 ex

399 2390 511 2445 hoc
533 2388 771 2457 timens,
794 2386 1051 2459 ponitde
1076 2392 1261 2454 Patre,
1286 2405 1501 2444 vocans
1525 2405 1660 2445 eum
1683 2390 2038 2463 sapientem.

398 2482 599 2551 Neque
631 2477 792 2533 enim
821 2476 1134 2533 verebatur
1155 2494 1229 2534 ne
1261 2479 1394 2549 quis
1425 2495 1459 2535 a
1488 2479 1813 2536 multorum
1844 2484 2043 2538 cordi-

396 2567 508 2624 bus
539 2567 800 2623 auferret
826 2566 917 2623 vel
947 2567 1304 2639 sapientiam
1336 2584 1372 2622 a
1419 2568 1660 2640 Spiritu,
1692 2571 1783 2626 vel
1814 2573 2045 2627 aeterni-

394 2662 577 2713 tatem
608 2674 643 2713 a
681 2659 873 2713 Patre.
906 2656 1169 2727 ldipsum
1200 2661 1398 2712 autem
1432 2663 1491 2712 et
1513 2658 1585 2713 de
1615 2659 1782 2714 Filio.
1811 2662 1954 2715 Nam
1987 2667 2046 2717 et

397 2747 557 2818 quod
587 2747 690 2813 ait,
751 2768 771 2793 σ
806 2745 1192 2816 Temporibus
1240 2745 1501 2813 aaternis,
1536 2768 1563 2794 »ι
1614 2753 1690 2815 et,
1744 2772 1764 2797 α
1801 2749 2043 2805 Manife.

398 2839 560 2900 stati,
589 2861 609 2888 ι
649 2834 1040 2890 aeternitatem
1071 2833 1355 2905 praedicat
1385 2834 1554 2889 Filii:
1589 2836 1649 2890 id
1697 2853 1912 2893 curans
1970 2839 2042 2895 ad

400 2926 560 2998 quod
588 2926 853 2980 futurum
872 2928 997 2979 erat
1017 2930 1082 2978 ut
1102 2923 1375 2980 nonnulli
1400 2924 1812 2997 impingerent.
1830 2929 2042 2994 Quem-

401 3016 723 3074 admodum
754 3030 890 3087 ergo
921 3013 1062 3069 dum
1092 3012 1273 3069 Filius
1302 3030 1371 3070 ac
1415 3014 1665 3086 Spiritus
1713 3017 1855 3073 dicti
1906 3025 2044 3075 sunt

400 3109 628 3175 aeterni,
661 3106 838 3162 etiam
870 3106 1043 3160 Pater
1073 3119 1141 3159 ex
1171 3105 1558 3175 consequenti
1591 3106 1765 3162 datur
1791 3108 2043 3183 intelligi

2148 1943 2245 1995 τοῦ
2277 1937 2613 2008 Πνεύματος,
2644 1934 2868 1990 αἰώνιον
2917 1935 3046 1989 Θεὸν
3081 1933 3290 1992 καλῶν.
3321 1936 3395 1990 Τὸ
3427 1933 3510 2006 δὶ,
3550 1935 3587 1991 ὅ
3620 1937 3716 1992 καὶ
3752 1938 3823 2011 μὴ

2154 2031 2554 2101 μαρτυροῦντος
2586 2022 2860 2096 εὔληπτον
2911 2025 3152 2097 νομίζειν
3207 2024 3295 2080 ἐπὶ
3334 2030 3434 2080 τοῦ
3467 2025 3818 2100 Πνεύματος,

2149 2119 2310 2171 τοῦτο
2350 2114 2533 2185 τίθησι
2596 2109 2763 2186 μηδεν
2824 2110 3016 2175 δεδιὼς
3076 2112 3164 2168 ἐπὶ
3219 2117 3318 2168 τοῦ
3369 2113 3608 2188 Πατρός,
3648 2116 3812 2192 σοφὸν

2150 2203 2469 2263 ἀποκαλῶν.
2528 2202 2607 2260 Ού
2664 2202 2771 2277 γὰρ
2827 2200 3017 2257 ἐδεδίει
3071 2204 3147 2276 μή
3215 2222 3297 2264 τις
3356 2203 3647 2280 ἀφαιρήσῃ
3710 2208 3813 2259 τῶν

2150 2293 2401 2363 πολλῶν,
2460 2293 2495 2362 ἢ
2555 2291 2617 2347 τὸ
2676 2293 2839 2371 σοφὸν
2914 2295 3011 2346 τοῦ
3073 2292 3401 2364 Πνεύματος,
3454 2289 3492 2360 ἤ
3550 2293 3624 2346 τὸ
3681 2292 3811 2347 αἰώ-

2148 2403 2263 2439 νιον
2291 2382 2398 2436 ἀπὸ
2426 2383 2522 2435 τοῦ
2581 2380 2813 2451 Πατρὸς,
2871 2381 2933 2434 τὸ
2997 2378 3129 2434 αὐτὸ
3185 2375 3243 2433 δὶ
3286 2380 3379 2433 καὶ
3405 2377 3493 2434 ὲπῖ
3523 2383 3631 2434 τοῦ
3664 2382 3809 2435 Ποῦ.

2150 2473 2245 2540 Τὸ,
2278 2495 2307 2522 ‹‹
2339 2470 2566 2544 Χρόνοις
2593 2467 2858 2534 αίωνίοις,
2892 2492 2921 2519 ››
2965 2469 3057 2523 καὶ
3092 2470 3176 2539 τὸ,
3232 2492 3259 2519 (ι
3295 2469 3746 2543 Φανερωθὲντος,
3782 2492 3807 2519 »ι

2149 2563 2213 2617 τὸ
2245 2561 2483 2636 ἃχρονον
2511 2559 2769 2635 κηρύσσει
2827 2563 2925 2614 τοῦ
2981 2560 3132 2627 Υίοῦ,
3186 2559 3313 2633 περὶ
3361 2557 3392 2613 δ
3438 2561 3810 2631 προσκόπτειν

2151 2657 2387 2733 ἔμελλόν
2443 2680 2605 2729 τινες,
2690 2661 2851 2713 τοῦτο
2934 2657 3378 2732 προθεραπεύων.
3447 2658 3661 2733 Ὠσπερ
3724 2660 3808 2713 οὗν

2152 2750 2410 2823 ῥηθέντος
2441 2752 2538 2804 τοῦ
2587 2747 2716 2802 Υἱοῦ
2772 2746 2861 2801 καὶ
2912 2744 3010 2800 τοῦ
3066 2747 3399 2820 ΙΙνεώματος
3430 2745 3688 2815 αἰωνίου,
3718 2748 3808 2803 καὶ

2152 2839 2242 2893 τὸν
2301 2836 2508 2911 Πατέρα
2564 2836 2789 2890 αἰώνιον
2847 2838 2881 2904 ἡ
2945 2833 3245 2891 ἀκολουθία
3302 2832 3520 2890 δίδωσιν
3577 2836 3803 2905 ἐννοεῖν,

2152 2925 2296 2981 οὕτω
2327 2929 2495 3003 σοφοῦ
2553 2924 2814 2998 ῥηθέντος
2868 2928 2967 2978 τοῦ
3030 2924 3259 2997 Πατρὸς,
3287 2924 3380 2978 καὶ
3412 2926 3441 2978 ὁ
3470 2924 3587 2984 Υἱὸς
3612 2925 3704 2977 καί
3736 2925 3799 2979 τὸ

2152 3019 2365 3089 Πνεῦμα
2422 3013 2647 3076 εἰκότως
2705 3012 2757 3068 ἐν
2830 3012 3053 3089 ἆῤῥῆτῳ
3137 3013 3229 3067 καὶ
3289 3018 3570 3089 θεοπρεπεῖ
3622 3013 3790 3090 σοφίᾳ

2150 3105 2392 3176 νοηθεῖεν
2425 3101 2509 3175 ἂν,
2540 3104 2632 3159 καὶ
2691 3101 2814 3157 οὔτε
2870 3101 2934 3157 τὸ
2991 3101 3213 3157 αἰώνιον
3267 3106 3366 3157 τοῦ
3399 3101 3604 3178 Πατρὸς
3634 3103 3791 3179 ἀφαι-

397 3204 656 3254 aeternus
692 3213 704 3251 :
738 3196 821 3251 ita
848 3193 990 3249 dum
1022 3195 1195 3249 Pater
1222 3193 1415 3249 dictus
1447 3201 1537 3250 est
1568 3196 1826 3268 sapiens,
1860 3199 2037 3255 etiam

2154 3193 2355 3269 ρεθείη,
2414 3192 2538 3248 οὔτε
2591 3192 2655 3246 τὸ
2713 3191 2877 3266 σοφὸν
2933 3195 3031 3246 τοῦ
3090 3190 3401 3264 Πνεύματος
3455 3189 3492 3259 ἥ
3541 3194 3645 3245 τοῦ
3672 3192 3800 3246 “ob

395 3288 582 3343 F.1ius
613 3302 680 3341 ac
712 3284 962 3355 Spiritus
992 3283 1205 3337 merito
1254 3283 1544 3339 ineffabili
1593 3300 1661 3340 ac
1709 3286 1906 3343 divina
1948 3304 2041 3343 sa-

394 3375 621 3447 pientia
649 3373 874 3444 pollere
905 3370 1154 3442 intelligi
1188 3377 1474 3441 possunt:
1508 3379 1567 3427 et
1590 3389 1785 3444 neque
1807 3377 2045 3431 aeterni-

394 3473 485 3521 tas
507 3480 542 3519 a
570 3463 740 3517 Patre
765 3465 958 3531 potest
981 3459 1232 3514 auferri:
1258 3477 1450 3531 neque
1473 3462 1657 3517 Filius
1677 3464 2043 3535 autSpiritus

400 3557 628 3626 queunt
650 3550 943 3623 sapientia
964 3549 1200 3620 privari.
1226 3549 1296 3603 Et
1316 3549 1475 3619 quod
1497 3550 1568 3604 de
1591 3552 1762 3606 Patre
1786 3553 1930 3608 dicit
1947 3554 2044 3609 hic

400 3641 571 3696 divus
591 3635 1085 3706 Paulus,dictioni
1100 3658 1128 3686 «
1147 3636 1405 3709 Sapienti
1426 3658 1453 3686 ››
1467 3638 1849 3711 οοιιιίηεεηεα
1863 3640 2043 3708 Soli,»

400 3746 532 3785 vere
564 3732 691 3785 erat
719 3726 1023 3798 sapientiai
1050 3725 1323 3797 Spiritus,
1356 3732 1415 3781 et
1451 3728 1669 3783 mentis
1698 3745 1830 3800 quas
1861 3730 2043 3786 Paulo

397 3834 678 3876 concessa
707 3822 835 3872 erat
862 3833 897 3871 a
926 3815 1165 3886 Spiritu.
1195 3814 1341 3870 Nam
1363 3816 1425 3870 in
1446 3816 1560 3871 hoc
1576 3818 1773 3889 posuit
1792 3840 1820 3868 ‹‹
1846 3818 1965 3873 Soli
1991 3842 2042 3887 υ,

394 3911 455 3964 in
500 3924 615 3980 quo
664 3905 942 3961 omnibus
992 3908 1082 3959 est
1137 3903 1556 3969 indubitatum,
1606 3905 1786 3962 etiam
1816 3907 1910 3963 his
1941 3908 2041 3979 qui

392 4003 531 4054 sunt
560 3996 817 4052 maxime
844 3995 1198 4066 pervicaces,
1234 3993 1392 4065 quod
1434 3993 1619 4050 Filius
1669 4011 1737 4051 ac
1786 3996 2041 4068 Spiritus

389 4087 502 4141 hoc
527 4084 738 4157 privati
768 4099 887 4138 non
920 4083 1058 4138 sint.
1095 4085 1210 4137 Cur
1239 4083 1349 4137 hoc
1407 4082 1596 4138 fecit?
1644 4085 1716 4139 Ut
1758 4086 1931 4141 etiam
1980 4087 2042 4141 in

394 4174 848 4246 quibuscunque
879 4171 1013 4227 aliis
1043 4171 1258 4227 divinis
1288 4172 1562 4227 sensibus
1589 4189 1656 4228 ac
1696 4176 2043 4232 nominibus

395 4263 713 4319 dictienem
748 4282 776 4312 ‹‹
807 4261 1011 4317 Solum
1039 4282 1067 4308 ››
1096 4261 1436 4332 adjunctam
1467 4260 1749 4328 audieris,
1799 4281 1921 4319 non
1969 4265 2043 4320 ad

395 4352 839 4407 distinctionem
873 4349 1002 4404 Filii
1063 4364 1130 4404 ac
1179 4349 1431 4420 Spiritus
1477 4366 1679 4404 vocem
1722 4352 2040 4425 intelligas,

396 4442 499 4497 sed
524 4441 597 4497 ad
642 4440 911 4496 omnium
969 4438 1208 4510 quidem
1266 4439 1520 4494 aliorum
1572 4439 2038 4509 distinctionem,

2147 3281 2568 3357 ἀποστερηθείη.
2603 3279 2703 3337 Καὶ
2730 3280 2794 3335 τὸ
2826 3278 2995 3335 εἰπεῖν
3053 3276 3110 3335 δὶ
3165 3280 3255 3335 τὸν
3289 3284 3429 3344 θεῖον
3464 3278 3690 3335 Παῦλον
3721 3280 3803 3335 ἐπὶ

2146 3376 2244 3427 τοῦ
2275 3372 2482 3446 Πατρὸς
2520 3369 2762 3439 ἐνθαῦθα,
2785 3372 2889 3441 τῷ,
2941 3373 3124 3448 Σοφῷ,
3170 3370 3472 3443 συνάψαντα
3499 3370 3588 3439 τὸ,
3621 3371 3806 3443 Μόνῳ,

2144 3466 2265 3529 τῆς,
2299 3460 2375 3523 ὡς
2402 3457 2626 3527 ἀληθῶς
2677 3459 2769 3528 ἦν,
2827 3461 2926 3512 τοῦ
2984 3457 3299 3530 Πνεύματος
3329 3457 3546 3535 σοφίας,
3581 3458 3678 3513 καὶ
3712 3461 3807 3527 τῆς

2145 3546 2345 3612 ἐκεῖθεν
2403 3548 2825 3623 χορθγουμὲνης
2882 3544 3085 3619 Παύλῳ
3156 3544 3417 3610 διανοίας.
3479 3549 3570 3603 Ἐν
3629 3549 3807 3621 τούτῳ

2144 3638 2245 3714 γὰρ
2276 3638 2481 3700 τέθεικε
2533 3636 2617 3703 τὸ,
2681 3659 2709 3688 ιι
2739 3635 2922 3709 Μόνῳ,
2955 3656 2982 3686 ››
3042 3634 3094 3689 ἐν
3154 3636 3201 3708 ᾧ
3259 3636 3419 3691 πᾶσίν
3453 3635 3602 3692 ἐστιν
3633 3637 3800 3711 ἀναμ-

2146 3730 2398 3813 φίόολον,
2430 3735 2518 3789 καὶ
2551 3739 2666 3796 τοῖς
2694 3731 2815 3789 λίαν
2870 3732 3229 3804 οιλονείκοις,
3261 3732 3343 3788 ὅτι
3374 3734 3462 3788 καὶ
3496 3735 3526 3789 ὁ
3557 3735 3693 3799 Υἱὸς
3722 3734 3802 3791 καὶ

2144 3823 2207 3879 τὸ
2232 3828 2447 3896 Πνεῦμα
2504 3821 2605 3877 οὐκ
2665 3823 3023 3896 ἀπεστέρηται
3082 3822 3300 3879 τούτου.
3335 3822 3403 3880 Τί
3439 3821 3604 3878 τοῦτο
3636 3827 3807 3895 ποιή-

2145 3932 2277 3981 σας;
2313 3914 2429 3969 Ἵνα
2457 3912 2549 3967 καὶ
2607 3909 2659 3966 ἐν
2719 3914 2801 3974 οἷς
2860 3909 2919 3966 ἂν
2976 3910 3177 3984 ἑτέροις
3208 3914 3529 3987 ϐεοπρεπέσι
3557 3915 3795 3983 νοήμασι

2143 4004 2234 4059 καὶ
2296 4003 2527 4077 ὀνόμασι
2576 4003 2659 4071 τὸ,
2719 4026 2747 4053 ‹‹
2782 4002 2980 4069 Μόνον,
3016 4025 3043 4053 ››
3104 3999 3599 4073 ἐπισυναπτὸμενον
3630 3998 3793 4057 ἀκού-

2147 4114 2263 4165 σῃς,
2296 4092 2370 4165 μὴ
2401 4092 2539 4167 πρὸς
2594 4087 3009 4158 ἀντιδιαστολήν
3068 4094 3166 4144 τοῦ
3226 4090 3354 4145 Υἱοῦ
3383 4090 3473 4144 καὶ
3502 4094 3600 4144 τοῦ
3630 4089 3799 4146 Ηνεύ-

2148 4201 2315 4253 ματος
2345 4182 2445 4249 τήν
2474 4180 2661 4259 φωνὴν
2695 4171 2975 4246 ἐκλάϐοις,
3018 4175 3163 4233 ἀλλᾶ
3216 4177 3353 4252 πρὸς
3384 4174 3803 4247 ἆντιδιαστολὴν

2149 4271 2246 4342 μὶν
2292 4274 2400 4323 τῶν
2457 4265 2643 4321 ἄλλων
2702 4266 2974 4334 ἁπάντων,
3032 4262 3223 4321 ἕνωσιν
3286 4263 3343 4321 δε
3387 4265 3477 4321 καὶ
3515 4266 3808 4341 συνάφειαν

2144 4361 2243 4423 τῆς
2279 4360 2623 4433 μοναρχικῆς
2666 4351 2915 4428 Τριάδος,
2964 4356 3025 4412 Ὀ
3073 4354 3173 4430 γὰρ
3219 4353 3442 4419 ἐνταῦθα
3468 4358 3637 4410 τοῦτο
3666 4361 3811 4411 νοεῖν

2147 4450 2389 4524 σανερῶς
2442 4443 2736 4509 ὑποτιθεῖς,
2798 4442 2885 4497 καὶ
2953 4442 3037 4497 ἐπὶ
3100 4447 3208 4499 τῶν
3265 4441 3670 4518 παραπλησίων
3705 4446 3809 4515 τὴν

388 4532 751 4588 monarchim
774 4546 909 4585 vero
931 4529 1235 4585 Trinitatis
1256 4529 1542 4584 unionem
1568 4545 1637 4584 ac
1666 4531 2036 4602 conjunctio-

2153 4533 2316 4602 αὐτὴν
2358 4530 2637 4605 ὑπόληψιν
2671 4528 2817 4606 ἔχειν
2883 4527 3272 4586 διακελεύεται.
3330 4532 3607 4593 ’Ἤκουσας
3641 4533 3814 4611 σοφὸν

388 4639 546 4678 nem.
572 4620 718 4677 Nam
742 4621 838 4675 hic
860 4620 1199 4692 exprimens
1220 4618 1320 4673 ubi
1337 4618 1511 4674 facile
1533 4620 1871 4675 intellectus
1902 4637 2040 4676 con-

387 4710 625 4781 cipitur,
651 4709 827 4779 jubet
856 4708 1035 4763 etiam
1067 4708 1129 4762 in
1164 4706 1459 4763 similibus
1492 4708 1762 4763 eamdem
1821 4708 2041 4764 habere

392 4798 758 4871 opinionem.
792 4797 1024 4853 Audisti
1058 4798 1389 4869 sapientem
1420 4799 1652 4853 Patrem
1672 4798 1699 4854 ?
1730 4804 1789 4855 et
1826 4798 2041 4855 Filium

395 4906 461 4946 ac
493 4889 779 4961 Spiritum
810 4904 930 4943 una
978 4888 1224 4960 concipe
1257 4888 1605 4961 sapientem.
1653 4889 1803 4946 895
1856 4890 2041 4944 Eter—

393 4997 538 5038 num
571 4978 694 5034 dixi
726 4978 939 5034 Filium
969 4993 1037 5033 ac
1064 4978 1344 5049 Spiritum
1365 4978 1393 5034 ?
1423 4979 1627 5034 eodem
1665 4979 1843 5034 etiam
1867 4978 2040 5034 modo

390 5073 629 5127 Patrem
660 5067 807 5123 mihi
832 5065 1118 5139 intellige.
1157 5069 1367 5139 Regem
1392 5067 1512 5122 dixi
1545 5069 1801 5136 Patrem,
1833 5072 2040 5139 poten—

390 5169 532 5230 tem,
566 5172 918 5232 magnasque
948 5155 1316 5211 auctoritatis
1340 5155 1368 5210 Ἰ
1393 5157 1475 5211 ita
1499 5172 1734 5227 quoque
1754 5162 1812 5213 et
1831 5157 2044 5212 Filium

387 5267 455 5307 ac
477 5250 765 5322 Spiritum
790 5244 1125 5320 glorificaro
1147 5245 1560 5315 oportet.Bene
1583 5245 1702 5300 dixi
1728 5267 1752 5296 ι
1774 5246 1998 5314 Solum,
2017 5269 2044 5297 ι»

386 5346 456 5395 ιιι
478 5339 867 5411 singulariter
889 5333 1160 5390 Trinitati
1194 5334 1253 5389 id
1285 5334 1443 5404 quod
1474 5334 1771 5389 excellens
1797 5340 1924 5390 erat
1951 5350 2043 5389 re-

395 5445 714 5496 servarem,
747 5444 867 5484 non
898 5432 964 5481 ut
993 5425 1184 5498 ipsam
1245 5424 1590 5496 dignitatem
1642 5424 2047 5480 discendendo

394 5519 712 5575 auferrem.
745 5522 891 5575 Cum
919 5542 945 5569 «
980 5517 1179 5574 Solum
1205 5540 1230 5566 ι)
1260 5516 1655 5583 addo,omnia
1676 5516 1791 5571 alia
1818 5532 2047 5587 separo,

390 5611 583 5681 ipsam
596 5624 733 5662 vero
758 5624 865 5679 per
878 5608 1200 5662 dictionem
1224 5606 1473 5661 «Solum
1500 5628 1528 5655 ››
1543 5606 1728 5677 magis
1741 5606 2047 5681 unio:non

402 5680 533 5756 eam
556 5697 614 5752 in
636 5701 835 5768 partes
867 5696 1134 5751 dividens
1164 5711 1294 5766 quas
1327 5694 1588 5751 naturali
1617 5694 1809 5750 forma
1834 5680 2050 5750 indivi-

2148 4622 2244 4678 τὸν
2305 4621 2548 4695 Πατέρας
2605 4620 2697 4675 καὶ
2755 4620 2847 4675 τὸν
2907 4619 3030 4673 Υἱὸν
3087 4619 3177 4674 καὶ
3233 4620 3296 4675 τὸ
3356 4624 3573 4693 Πνεῦμα
3624 4623 3814 4692 συνεξ-

2150 4718 2379 4772 άκουσον
2413 4714 2598 4793 σοφόν.
2635 4713 2868 4770 Αίώνιον
2902 4713 3053 4768 εἶπον
3100 4715 3194 4767 τὸν
3226 4713 3351 4768 Υἱὸν
3381 4714 3418 4784 ἢ
3448 4713 3511 4770 τὸ
3543 4719 3772 4789 Ηνεῦμα
3798 4732 3810 4782 ;

2148 4806 2239 4861 καὶ
2267 4806 2361 4861 τὸν
2393 4803 2605 4878 Πατέρα
2661 4802 2803 4858 οὕτω
2865 4822 2961 4873 μοι
3019 4801 3233 4871 νόησον.
3268 4800 3502 4858 Βασιλέα
3532 4803 3687 4859 εἶπον
3714 4805 3811 4859 τὸν

2153 4895 2383 4969 Πατέρα,
2443 4890 2689 4958 δυνατὸν,
2747 4890 3138 4960 ἐξουσιαστήν;
3196 4891 3283 4945 καὶ
3342 4891 3433 4946 τὸν
3469 4891 3593 4946 Υἷὸν
3619 4894 3712 4947 καὶ
3746 4894 3812 4949 τὸ

2152 4988 2374 5057 Πνεῦμα
2404 4982 2547 5036 οὕτω
2580 4976 2820 5050 δοξάζειν
2880 4981 3015 5057 χρή.
3052 5004 3078 5031 ι(
3114 4980 3315 5049 Μόνον,
3351 5004 3378 5032 ››
3411 4981 3565 5037 εἶπον
3595 4982 3809 5051 καλῶς,

2147 5070 2242 5127 *ίνα
2288 5073 2356 5144 τῇ
2417 5066 2681 5143 μοναδικῇ
2763 5066 2958 5142 Τριαδι
3015 5070 3341 5143 συν-τηρήσω
3396 5071 3458 5125 τὸ
3510 5068 3808 5145 ἐξαίρετον,

2152 5161 2264 5235 οὐχ
2289 5160 2377 5214 ’ἰνα
2427 5157 2621 5234 σχίσας
2679 5156 2869 5225 αὐτὴν,
2929 5156 3219 5236 ἀφαιρήσω
3247 5158 3309 5213 τὸ
3343 5158 3578 5233 ἀξίωμα.
3612 5185 3641 5212 ‹‹
3676 5161 3806 5218 Μό-

2151 5271 2265 5316 νον,
2300 5272 2324 5303 »
2360 5251 2487 5304 ὅταν
2520 5249 2761 5320 συνάψω,
2810 5247 2858 5301 τ’
2910 5244 3057 5302 ἄλλα
3084 5248 3257 5302 πάντα
3303 5245 3634 5322 διαστέλλω,
3668 5248 3810 5305 ἐκεί-

2153 5359 2252 5409 νην
2282 5334 2338 5392 δὲ
2371 5335 2585 5409 μᾶλλον
2639 5332 2729 5390 διὰ
2756 5337 2874 5402 τοῦ,
2928 5358 2955 5384 ‹‹
2989 5333 3190 5402 Μόνον,
3224 5357 3249 5386 ι
3287 5336 3545 5407 ἑνοποιῶ,
3574 5340 3675 5407 τῆς
3709 5360 3812 5415 φυ-

2154 5429 2311 5491 σικῆς
2345 5423 2586 5500 σχέσεως
2634 5424 2699 5479 οῦ
2752 5423 2988 5497 μερίζων
3042 5423 3104 5477 τὸ
3154 5420 3493 5493 ἀδιάστατον,
3528 5425 3674 5482 ἀλλὰ
3718 5449 3812 5481 συ-

2159 5515 2403 5590 σφίγγων
2447 5517 2567 5575 ταῖς
2626 5516 2733 5567 τῶν
2787 5509 3069 5586 ἀκροατῶν
3126 5507 3388 5575 διανοίαις
3432 5516 3533 5583 τήν
3566 5515 3810 5587 ἑνότητα.

2164 5629 2185 5655 α
2241 5604 2349 5660 Καὶ
2386 5602 2451 5658 τὸ
2509 5603 2766 5675 κήρυγμα
2822 5600 3009 5669 Ἰησοῦ
3062 5603 3326 5674 Χριστοῦ.
3377 5627 3404 5654 ››
3465 5603 3525 5660 Ὀ
3582 5605 3813 5680 Χριστὸς

2160 5692 2295 5749 αὐτὰ
2324 5690 2571 5766 ἐκήρυξε,
2620 5690 2803 5769 φησίψ
2869 5689 3066 5744 οὐκοῦν
3109 5688 3207 5744 ούκ
3233 5688 3530 5764 ἀνθρώπων
3563 5693 3617 5747 οἱ
3647 5694 3810 5767 νόμοι
