4106 6252
334 399 452 462 609

1431 390 1848 454 COMMENT.
1895 390 1973 450 IN
2019 389 2272 449 EPIST.
2320 389 2422 447 AD
2466 387 2647 447 ROM.

3639 393 3761 453 610

345 536 444 588 τοῦ
475 526 856 604 Εὖαγγελίου,
891 527 1015 583 ἀλλ’
1049 526 1213 582 αὐτοῦ
1258 530 1356 581 τοῦ
1411 526 1668 599 Χριστοῦ.
1701 526 1778 582 Τὸ
1847 524 2001 595 ἀξιό-

2134 523 2309 578 ιίὺὶιὶε
2341 528 2449 590 est,
2483 524 2584 579 sed
2615 525 2906 579 unitatem
2956 525 3015 580 in
3073 526 3408 582 auditorum
3461 529 3759 585 mentibus

353 645 540 678 πιστον
571 621 629 676 δὲ
688 620 867 675 αὐτῶν
931 617 1212 688 δείκνυσιν,
1272 617 1375 674 ἀπό
1415 638 1472 672 τε
1500 621 1596 672 τοῦ
1653 616 2008 693 κηρύγματος

351 714 445 768 καὶ
473 716 570 767 τοῦ
610 710 906 783 ὀνόματος.
974 707 1304 781 Εὐαγγέλιον
1360 708 1462 783 γὰρ
1523 705 1754 780 λέγεται.
1841 710 2004 760 Ποῖον

358 804 419 860 δὲ
482 803 545 857 τὸ
597 803 862 874 κήρυγμα
918 805 1014 855 τοῦ
1073 801 1310 872 Χριστοῦ
1370 817 1384 866 ς
1443 795 1606 858 Αὐτὸς
1655 798 1681 850 6
1751 795 2004 872 Χριστός.

358 918 386 944 (ι
423 891 571 950 Κατά
603 888 950 962 ἀποκάλυψιν
984 887 1300 961 μυστηρίου,
1339 912 1366 938 ››
1397 889 1507 943 Τοῦ
1547 883 1819 953 δοθέντος,
1851 885 2006 964 φησὶ,

352 981 492 1036 κατά
526 976 872 1051 ἀποκαλυψιν
906 975 1232 1050 μυστηρίου.
1268 974 1433 1030 11οίου
1470 1001 1485 1042 ;
1516 980 1612 1030 τοῦ
1650 974 2008 1048 σεσιγημένου

356 1071 452 1142 μὶν
522 1067 578 1123 ἐν
633 1072 751 1128 τοῖς
808 1061 1181 1140 προλαϐοῦσιν
1237 1064 1482 1125 αἰωνίοις
1539 1063 1778 1138 χρόνοις,
1811 1065 1839 1117 6'
1897 1063 2007 1118 ἐστι

347 1157 622 1218 πολλοῖς,
653 1155 1053 1229 φανερωθέντος
1087 1151 1144 1208 δὲ
1174 1158 1288 1207 νῦν.
1327 1152 1643 1226 Σημείωσαι
1676 1149 1732 1205 δὲ
1761 1152 1823 1206 τὸ
1875 1151 2008 1205 εἶναι

667 1219 676 1235 δ
789 1219 796 1229 ¹
1395 1219 1426 1226 -ι

347 1245 485 1300 αὐτὸ
515 1242 740 1308 πολλῆς
769 1250 938 1316 τιμῆς
976 1240 1176 1317 δῶρον,
1244 1241 1305 1295 οὐ
1367 1241 1533 1313 μόνον
1583 1239 1640 1294 ἐκ
1703 1243 1803 1293 τοῦ
1835 1237 2010 1314 κηρό-

351 1335 544 1404 ξαντος
597 1336 864 1408 Χριστοῦ,
912 1331 1002 1386 καὶ
1057 1330 1117 1384 ἐκ
1174 1334 1270 1384 τοῦ
1345 1328 1597 1403 λέγεσθαι
1649 1326 2005 1404 Εὐαγγέλιον,

354 1424 508 1480 ἀλλά
536 1423 619 1477 καὶ
663 1421 724 1476 ἐκ
749 1425 848 1476 τοῦ
877 1421 968 1474 νῦν
1026 1423 1160 1493 ἡμῖν
1193 1419 1327 1474 κατά
1379 1416 1582 1494 δωρεάν
1615 1419 2008 1497 φανερωθῆναι,

355 1513 401 1568 εί
435 1511 525 1566 καί
557 1512 620 1579 ἧν
653 1511 1009 1582 προαιὼνιον.
1046 1509 1128 1577 Ἐξ
1164 1507 1346 1586 ἀρχῆς
1377 1507 1477 1582 γὰρ
1528 1507 1594 1576 ἦν
1629 1508 1656 1561 6
1689 1507 1830 1573 Υἱὸς,
1864 1504 2012 1560 ἀλλά

341 1606 440 1654 νῦν
473 1599 749 1676 ἐγνώσθη,
793 1597 1154 1673 ἀγνοούμενος
1213 1597 1274 1651 τὸ
1330 1595 1475 1672 πρίν.
1540 1620 1568 1646 (‹
1635 1595 1731 1650 Δια
1786 1617 1843 1650 τε
1874 1601 2010 1669 Γρα-

341 1694 466 1768 φῶν
504 1691 884 1765 προφητικῶν.
923 1711 950 1737 ››
986 1690 1107 1748 Hii):
1140 1683 1218 1752 δὲ,
1253 1685 1442 1759 φησὶν,
1475 1684 1784 1762 ἐφανερώθη
1809 1706 1821 1752 ;
1851 1711 1870 1735 ι
1918 1683 2012 1738 Διά

349 1781 594 1854 Γραφῶν
651 1779 1026 1848 προφητικῶν,
1090 1798 1117 1825 ››
1177 1774 1352 1836 οὕτως
1408 1773 1504 1828 τοῦ
1563 1773 1772 1848 Πατρὸς
1827 1772 2013 1826 ἐπιτα-

344 1869 548 1936 ξαντος
575 1866 839 1940 γενέσθαι.
897 1862 1082 1937 Ταύτῃ
1145 1859 1202 1916 δὲ
1261 1863 1352 1917 τὸν
1413 1861 1638 1917 ἄπιστον
1699 1862 1772 1924 εἰς
1831 1860 2010 1916 πίστιν

344 1955 746 2029 προτρέπεται.
815 1952 878 2010 Τί
941 1953 1045 2027 γὰρ
1105 1947 1251 2027 φοϐῇ
1329 1948 1642 2026 εἰλικρινῶς
1716 1951 1861 2022 αὐτῷ
1920 1971 2010 2004 πι-

345 2048 580 2100 στεῦσαι
619 2062 640 2104 ;
707 2043 774 2100 Οἱ
830 2048 1109 2118 προφῆται
1168 2041 1344 2109 εἶπον,
1402 2041 1430 2094 6
1499 2041 1626 2102 Θεὸς
1684 2039 2007 2095 ἐνετείλατο.

340 2159 370 2186 ιι
411 2133 515 2194 Εἰς
579 2133 823 2200 ὑπακοήν
881 2131 1134 2192 πίστεως.
1216 2153 1246 2183 ››
1306 2131 1576 2199 Ὑπακοῆς
1638 2131 1738 2205 γὰρ
1824 2130 2014 2207 χρείαν

330 2245 433 2302 γει
480 2225 517 2293 ἠ
560 2222 775 2290 πίστις,
811 2219 907 2276 ’ίνα
945 2222 1021 2293 μή
1081 2241 1166 2282 τις
1229 2222 1674 2295 περιεργαζηται,
1737 2217 1878 2274 διατί
1923 2223 2010 2272 νῦν

344 2293 706 2389 ἐφανερώθη,
763 2309 853 2365 καὶ
913 2307 1054 2364 διατί
1119 2308 1291 2364 πάλαι
1349 2307 1590 2382 ἐσιγᾶτο.
1623 2332 1650 2359 ιι
1702 2308 1792 2370 Εἰς
1847 2309 2016 2362 πάντα

343 2403 418 2457 τά
448 2399 603 2470 ἔθνη.
641 2423 668 2448 ι)
698 2401 789 2468 Μή
830 2393 1026 2477 φοϐοῦ,
1059 2397 1244 2476 φησὶν,
1277 2398 1340 2451 οὐ
1377 2395 1438 2450 σὺ
1502 2397 1662 2469 μόνος
1721 2395 2015 2465 πιστεΰεις,

341 2488 504 2545 ἀλλὰ
533 2488 626 2542 καὶ
657 2494 802 2542 πᾶσα
833 2488 869 2555 ἡ
919 2486 1240 2558 οἰκουμένη.
1301 2509 1329 2538 ιι
1384 2485 1552 2557 Μόνῳ
1608 2489 1759 2561 σοφῷ
1817 2489 1952 2556 Θεῷ.
1988 2508 2016 2535 ››

345 2579 502 2654 Πρὸς
537 2572 956 2644 ἀντιδιαστολήν
1005 2579 1110 2629 τῶν
1179 2571 1546 2648 ψευδωνύμων
1589 2575 1747 2640 θεῶν,
1805 2573 1865 2628 οὐ
1923 2577 2018 2628 τοῦ

346 2671 632 2742 Χριστοῦ,
659 2666 694 2734 ἢ
720 2669 816 2719 τοῦ
859 2665 1194 2735 Πνεόματος,
1241 2665 1314 2734 μὴ
1349 2663 1566 2737 γένοιτο
1601 2665 1612 2720 !
1645 2686 1673 2715 «
1707 2663 1804 2717 Διά
1834 2665 2018 2734 Ἰησοῦ

353 2760 624 2830 Χριστοῦ,
665 2778 694 2805 ››
742 2754 1141 2827 Γνωρισθέντος
1203 2753 1254 2807 ἐν
1312 2758 1429 2814 τοῖς
1491 2751 1658 2807 ἔθνεσι
1721 2749 1809 2806 διὰ
1835 2754 2018 2823 Ἰησοῦ

354 2849 618 2921 Χριστοῦ,
655 2844 730 2905 ὡς
761 2842 1238 2917 καὶκηρ-Ξξαντος.
1298 2843 1502 2898 Λοιπὸν
1560 2839 1648 2895 διὰ
1712 2841 1877 2913 μέσου
1933 2843 2018 2911 τὸ,

345 2964 375 2991 ιι
412 2937 595 3008 Μόνῳ
617 2937 772 3010 σοφῷ
803 2937 920 3004 Θεῷ
949 2935 984 3002 ἡ
1009 2929 1156 3000 δόξα.
1199 2954 1227 2982 η
1269 2932 1418 2986 -ι‹“Ἠ
1453 2927 1644 2994 οὕτως.
1681 2931 2020 3005 [ΟῙΚΟΥΜ.]

339 3053 367 3080 ιι
397 3025 501 3098 Τῷ
533 3024 597 3080 δὲ
636 3021 921 3096 δυναμένῳ
954 3021 1094 3094 ὑμᾶς
1127 3019 1374 3094 στηρίξαι
1423 3019 1573 3093 μόνῳ
1605 3018 1758 3097 σοφῷ
1809 3023 1944 3090 Θεῷ.
1990 3043 2019 3070 ››

349 3116 617 3187 Στηρίξαι
651 3110 708 3167 δὲ
733 3115 902 3179 πῶς;
967 3135 994 3162 ιι
1057 3109 1154 3164 Διά
1206 3110 1387 3176 Ἰησοῦ
1445 3111 1704 3184 Χριστοῦ,
1765 3109 1809 3179 ᾧ
1870 3105 2018 3178 δόξα,

357 3204 538 3281 φησὶν,
561 3203 642 3264 εἰς
677 3203 807 3262 τοὺς
840 3200 1061 3260 αἰῶνας,
1106 3200 1306 3270 ’Δια-ἀν.
1337 3221 1363 3249 ››
1397 3230 1464 3240 -
1494 3222 1520 3248 ιι
1553 3200 1618 3274 ᾯ
1649 3199 1684 3266 ἡ
1719 3194 2018 3266 δόξα,››Τὸ,

2114 615 2301 685 magis
2360 614 2794 686 constringens.
2855 637 2881 664 «
2948 617 3018 670 Et
3099 617 3565 686 prmlicationem
3623 621 3759 675 Jesu

2113 703 2350 758 Christi.
2381 725 2408 752 »
2439 704 2726 770 Christus,
2756 704 2970 775 inquit,
3005 706 3129 760 haec
3177 707 3510 777 praedicavit
3552 724 3565 762 :
3600 709 3760 780 leges

2115 793 2314 863 itaque
2345 792 2642 864 Evangelii
2703 810 2821 847 non
2870 794 3182 849 hominum
3226 802 3384 859 sunt,
3439 797 3542 852 sed
3575 797 3761 868 ipsius

2113 881 2351 934 Christi.
2388 881 2553 945 Quod
2587 887 2785 936 autem
2819 881 2934 937 fide
2967 883 3158 955 dignm
3191 885 3327 951 sint,
3351 887 3615 941 ostendit
3643 893 3701 942 et
3731 904 3764 943 a

2113 970 2533 1042 praedicatione
2568 976 2625 1024 et
2653 988 2686 1026 a
2716 972 2996 1026 nomine:
3031 991 3170 1027 nam
3203 975 3580 1046 Evangelium
3613 976 3762 1032 dici-

2115 1065 2229 1114 tur.
2263 1063 2400 1126 Qum
2433 1067 2523 1115 est
2554 1066 2750 1116 autem
2773 1061 2987 1117 Christi
3020 1063 3408 1133 praedicatio?
3442 1066 3574 1136 Ipse
3604 1068 3766 1122 Chri-

2116 1155 2262 1205 stus.
2302 1171 2329 1199 ιι
2363 1151 2698 1206 Secundum
2732 1151 3150 1207 revelationem
3211 1156 3500 1226 mysterii.
3536 1178 3564 1206 »
3597 1157 3760 1221 Quod

2115 1241 2521 1312 Evangelium,
2556 1241 2778 1311 inquit.
2813 1241 3013 1296 datum
3048 1249 3137 1297 est
3172 1245 3498 1300 secundum
3538 1247 3766 1302 revela-

2117 1329 2338 1384 tionem
2372 1330 2658 1400 mysterii.
2692 1331 2892 1394 Qualis
2919 1332 2945 1386 ?
2974 1331 3151 1386 Taciti
3195 1333 3436 1404 quidem
3469 1336 3764 1405 prioribus

2117 1417 2356 1472 aeternis
2398 1418 2785 1488 temporibus,
2851 1420 2959 1474 hoc
3016 1426 3105 1474 est
3159 1421 3383 1486 multis,
3441 1439 3598 1478 nunc
3631 1441 3764 1479 vero

2117 1506 2498 1561 manifestati.
2534 1506 2876 1578 Significare
2932 1509 3054 1563 vult
3110 1511 3309 1581 magni
3342 1511 3586 1568 honoris
3637 1531 3764 1569 esse

2120 1594 2497 1662 donum,non
2531 1612 2599 1649 ex
2631 1597 2741 1650 hoc
2768 1597 2963 1652 solum
2991 1599 3148 1668 quod
3178 1599 3327 1654 illud
3359 1601 3768 1671 praedicaverit

2118 1684 2411 1751 Christus,
2475 1690 2532 1738 et
2590 1684 2747 1754 quod
2805 1686 3185 1758 Evangelium
3243 1687 3502 1757 dicatur,
3560 1708 3765 1748 verum

2120 1773 2297 1828 etiam
2327 1789 2394 1826 ex
2426 1789 2494 1826 eo
2529 1773 2687 1843 quod
2726 1791 2884 1830 nunc
2932 1777 3112 1847 gratis
3163 1778 3607 1835 manifestatum
3666 1783 3764 1850 sit,

2122 1878 2463 1932 quanquam
2502 1869 2638 1917 ante
2672 1864 2889 1918 saecula
2917 1865 3114 1919 fuerit.
3148 1868 3291 1922 Nam
3336 1867 3408 1922 ab
3440 1869 3610 1924 initio
3643 1876 3771 1926 erat

2124 1950 2330 2017 Filius,
2359 1951 2462 2005 sed
2500 1968 2656 2006 nunc
2689 1953 2958 2023 cognitus
2989 1960 3077 2008 est
3109 1972 3242 2010 cum
3274 1957 3437 2026 prius
3469 1958 3769 2030 ignorare-

2125 2046 2237 2095 tur.
2279 2060 2299 2086 α
2335 2041 2404 2093 Ει
2432 2056 2538 2110 per
2588 2041 2920 2112 Scripturas
2978 2045 3374 2115 propheticas.
3404 2065 3428 2096 ι
3467 2048 3771 2112 Quomodo

2124 2134 2322 2184 autem
2345 2131 2790 2185 manifestatum
2819 2137 2906 2185 est
2937 2131 2962 2184 ‘2
2996 2132 3207 2204 inquit.
3238 2157 3265 2184 ‹‹
3301 2136 3412 2189 Per
3441 2136 3771 2208 Scripturas

2123 2219 2521 2289 propheticas,
2566 2241 2592 2268 »
2625 2237 2759 2274 cum
2794 2225 2964 2275 Pater
3007 2222 3089 2277 ita
3141 2223 3269 2278 ﬁeri
3315 2224 3618 2295 jussisset.
3669 2231 3774 2282 Per

2125 2307 2236 2362 hoc
2268 2313 2466 2361 autem
2497 2307 2869 2363 incredulum
2893 2309 2966 2364 ad
3001 2311 3177 2365 fidem
3203 2313 3562 2371 exhortatur.
3625 2317 3770 2370 Nam

2127 2395 2268 2466 quid
2303 2395 2562 2467 trepidas
2594 2396 2681 2449 illi
2715 2396 2944 2452 sincere
2968 2399 3208 2455 credere
3230 2401 3257 2455 ‘I
3287 2401 3771 2473 Prophetaadixe-

2127 2489 2284 2554 runt,
2314 2485 2470 2539 Deus
2511 2486 2811 2555 praecepit.
2865 2509 2891 2535 ιι
2951 2487 3036 2541 Ad
3094 2487 3494 2545 obedientiam
3548 2494 3772 2548 fidei.»

2127 2577 2271 2630 Nam
2302 2573 2452 2629 fides
2483 2573 2822 2630 obedientia
2851 2593 2998 2646 opus
3029 2576 3226 2643 habet,
3262 2595 3336 2633 ne
3368 2580 3501 2650 quis
3541 2582 3772 2638 curiose

2129 2667 2426 2718 scrutetur
2455 2663 2720 2733 quamob
2752 2680 2992 2720 causam
3025 2683 3184 2722 nunc
3216 2667 3659 2725 manifestatum
3675 2671 3772 2742 sit,

2130 2757 2188 2805 et
2217 2767 2398 2822 quare
2425 2751 2568 2806 olim
2600 2753 2927 2808 tacebatur.
2965 2775 2992 2804 «
3017 2756 3130 2808 Per
3159 2771 3366 2810 omnes
3395 2763 3660 2829 gentes.»
3693 2761 3772 2814 Ne

2129 2842 2358 2910 timeas,
2384 2842 2596 2913 inquit,
2623 2860 2742 2898 non
2777 2849 2840 2898 tu
2872 2845 3033 2900 solus
3061 2845 3275 2915 credis,
3309 2848 3413 2903 sed
3448 2853 3506 2902 et
3533 2849 3774 2905 univer-

2128 2949 2228 2987 sus
2259 2931 2440 2987 orbis.
2476 2954 2505 2982 ι‹
2539 2933 2652 2988 Soli
2686 2935 2940 3004 sapienti
2974 2937 3111 2990 Deo.
3149 2958 3176 2986 ››
3209 2937 3296 2991 Ad
3326 2937 3772 2995 distinctionem

2130 3039 2199 3075 ex
2221 3021 2464 3076 adverso
2495 3021 2646 3076 falso
2672 3022 2966 3078 dictorum
2988 3023 3258 3090 deorum,
3283 3043 3404 3082 non
3435 3028 3650 3083 Christi
3684 3029 3774 3083 vel

2129 3110 2417 3181 Spiritus:
2451 3111 2654 3165 Absit!
2689 3135 2714 3160 ‹‹
2753 3115 2862 3166 Per
2888 3115 3086 3168 Jesum
3145 3114 3466 3173 Christum.
3502 3138 3530 3166 »
3580 3118 3777 3190 Agniti

2132 3199 2288 3253 inter
2317 3216 2524 3254 omnes
2554 3207 2758 3272 gentes
2790 3218 2896 3272 per
2923 3203 3120 3257 Iesum
3174 3205 3496 3273 Christum,
3555 3211 3622 3260 ut
3677 3207 3782 3276 qui

365 3275 414 3366 ᾧ
443 3294 782 3365 παρέλκεται.
821 3324 886 3334 —
913 3291 1130 3363 [<b‘JT.]
1164 3293 1257 3356 T6,
1333 3314 1353 3338 ι
1416 3293 1480 3366 ’ῼ
1520 3290 1552 3356 ἡ
1590 3285 1736 3356 δόξα,
1793 3287 1820 3337 ἱ)
1880 3286 2015 3360 πρὸς

2134 3288 2310 3342 etiam
2341 3287 2700 3358 praedicavit.
2753 3291 3040 3345 Caeterum
3102 3309 3208 3363 per
3264 3293 3782 3365 interpositionem

361 3384 436 3438 ti
460 3382 590 3450 τρία
618 3380 919 3448 ἀκουστέον,
953 3379 1131 3447 ὡςτὸ,
1185 3400 1205 3428 ι
1265 3381 1355 3450 Τῷ
1415 3375 1474 3431 δὲ
1532 3373 1814 3449 δυναμένῳ
1884 3375 2021 3448 ὑμᾶς

367 3469 612 3544 στηρίξαι
642 3469 787 3543 μόνῳ
819 3472 958 3538 Θεῷ,
1001 3491 1027 3519 η
1061 3467 1150 3521 καὶ
1183 3466 1258 3527 ὠς
1286 3465 1373 3534 τὸ,
1407 3489 1435 3516 ‹‹
1481 3465 1611 3520 Κατ’
1639 3463 1898 3538 ἐπιταγὴν
1921 3466 2019 3516 τοῦ

359 3560 586 3614 αἰωνίου
615 3564 814 3627 Θεοῦ,η
849 3558 941 3611 καὶ
973 3557 1048 3620 ὡς
1071 3557 1156 3622 τὸ,
1215 3578 1244 3605 »
1303 3553 1402 3608 Διά
1457 3555 1637 3624 Ἰησοῦ
1689 3555 1954 3627 Χριστοῦ.
1988 3572 2020 3603 ιο

359 3652 468 3719 Τῆς
502 3646 740 3725 Τριαδος
799 3648 902 3721 γὰρ
962 3642 1052 3700 διὰ
1105 3643 1310 3700 τούτων
1371 3641 1743 3716 δηλουμένης,
1802 3643 1891 3696 καὶ
1949 3643 2019 3714 τῇ

354 3737 559 3814 Τριάδι
591 3740 696 3808 τήν
730 3736 889 3807 δόξαν
918 3737 1216 3809 ἀνήνεγκεν.

2132 3375 2278 3429 dicit
2311 3392 2322 3430 :
2359 3397 2387 3424 ιι
2422 3375 2539 3429 Soli
2573 3377 2825 3448 sapienti
2851 3379 2966 3432 Deo
3001 3379 3208 3451 gloria.
3247 3404 3274 3430 »
3313 3381 3400 3437 Vel
3447 3383 3544 3437 hoc
3573 3383 3731 3438 modo
3765 3398 3782 3439 :

2135 3485 2162 3515 ιι
2196 3465 2254 3518 Ei
2287 3469 2486 3520 autem
2519 3467 2619 3536 qui
2652 3471 2863 3538 potens
2886 3473 2976 3523 est
3009 3487 3108 3524 vos
3140 3473 3496 3528 confirmare
3537 3473 3648 3528 soli
3699 3490 3786 3530 sa-

2132 3554 2316 3625 pienti
2341 3554 2480 3610 Deo.
2508 3576 2535 3604 »
2568 3557 2691 3620 Quo
2723 3562 2921 3612 autem
2955 3559 3130 3614 modo
3189 3562 3543 3618 conﬁrmare
3565 3564 3594 3618 ‘2
3623 3585 3649 3612 «
3678 3565 3788 3618 Per

2131 3645 2330 3699 Jesum
2363 3644 2661 3699 Christum
2689 3662 2702 3698 :
2727 3646 2820 3700 cui
2852 3647 3040 3718 gloria
3062 3649 3121 3702 in
3157 3650 3394 3706 saecula.
3430 3655 3681 3707 Amen.»
3720 3681 3789 3694 —-

2135 3755 2161 3782 ιι
2196 3734 2298 3788 Cui
2332 3733 2538 3805 gloria.
2576 3756 2602 3783 »
2636 3735 2789 3789 896
2815 3736 2920 3791 Cui
2951 3737 3228 3807 parelcon
3255 3744 3363 3806 est,
3397 3740 3508 3794 hoc
3541 3746 3650 3805 est,
3684 3757 3791 3810 per

362 3829 894 3902 interpositionem
927 3826 1214 3882 additum.
1263 3857 1315 3865 —
1353 3824 1518 3889 Quod
1558 3823 1775 3879 dicitur
1807 3839 1820 3879 :
1855 3846 1882 3872 ιι
1915 3821 2016 3877 Cui
2066 3822 2276 3894 gloria,
2312 3844 2332 3872 ι
2371 3823 2444 3876 ad
2505 3823 2614 3875 tria
2658 3821 3100 3895 adiungendum
3161 3832 3271 3892 est,
3307 3833 3468 3897 puta,
3507 3851 3526 3876 ιι
3565 3828 3626 3882 Ei
3687 3829 3788 3898 qui

369 3928 589 3993 potens
620 3925 715 3973 est
744 3935 843 3972 vos
877 3917 1230 3971 confirmare
1263 3913 1372 3969 soli
1407 3913 1656 3984 sapienti
1691 3914 1847 3981 Deo;
1883 3935 1902 3959 ι
1947 3915 2004 3965 et
2055 3932 2083 3959 ιι
2122 3909 2456 3964 Secundum
2514 3915 2876 3980 praeceptum
2934 3914 3138 3966 aiterni
3181 3914 3280 3968 Dei
3313 3933 3327 3979 ;
3383 3938 3404 3964 ι
3469 3933 3536 3970 ac
3595 3915 3791 3987 tertio,

366 4031 387 4058 ι
425 4010 539 4064 Per
569 4009 774 4063 Jesum
801 4005 1122 4060 Christum.
1156 4025 1184 4053 »
1220 4004 1334 4058 Per
1365 4003 1491 4056 hanc
1547 4003 1712 4057 enim
1777 4000 2156 4057 manifestata
2215 3997 2497 4053 Trinitate
2557 3998 2803 4068 gloriam
2860 4017 3096 4070 quoque
3151 4002 3355 4056 retulit
3410 4002 3484 4058 ad
3540 4004 3792 4059 Trinita-

367 4104 508 4154 tem.

1018 4181 1268 4236 ΚΕΦΑΛ.
1304 4179 1403 4234 ῙΘ“.

556 4270 691 4344 Περὶ
727 4269 1017 4341 μιμήσεως
1060 4275 1162 4336 τῆς
1219 4269 1458 4341 Χριστοῦ
1501 4265 1853 4336 ἀνεξικακίας.

445 4373 780 4454 Ὀφείλομεν
840 4371 899 4428 δὲ
957 4376 1120 4446 ἡμεῖς
1173 4373 1224 4427 οἱ
1281 4369 1506 4427 δυνατοὶ
1563 4371 1628 4426 τὰ
1684 4371 2035 4444 ἀσθενήματα

379 4473 486 4522 τῶν
568 4463 843 4522 ἀδυνάτων
932 4464 1246 4538 βαστάζειν,
1333 4459 1423 4514 καὶ
1485 4462 1562 4534 μὴ
1645 4461 1856 4525 ἑαυτοῖς
1921 4461 2038 4534 ἀρέ-

381 4579 547 4613 σκειν.
612 4559 879 4615 ’Ἕκαστος
956 4556 1114 4625 ἡμῶν
1195 4556 1275 4623 τῷ
1339 4549 1577 4620 πλησίον
1637 4550 1906 4624 ἀρεσκέτω
1960 4552 2036 4612 εἰς

377 4647 440 4701 τὸ
524 4645 730 4720 ἀγαθὸν
781 4643 915 4717 πρὸς
989 4637 1310 4713 οἰκοδομήν.
1385 4639 1483 4694 Καὶ
1539 4640 1639 4714 γὰρ
1718 4640 1746 4693 ὁ
1805 4640 2038 4716 Χριστὸς

385 4736 496 4810 οὐχ
525 4735 703 4805 ἑαυτῷ
760 4733 972 4806 ἤρεσεν,
1031 4727 1196 4801 ἀλλὰ,
1255 4729 1434 4793 καθὼς
1494 4727 1818 4804 γέγραπται,
1885 4749 1905 4777 ⁴¹
1969 4731 2037 4785 Οἱ

387 4821 696 4894 ὀνειδισμοὶ
809 4824 918 4874 τῶν
997 4816 1368 4887 ὀνειδιζόντων
1472 4837 1529 4870 σε
1611 4815 1868 4872 ἐπέπεσον
1954 4816 2037 4872 ἐπ’

393 4911 511 4984 ὶμέ.
545 4936 574 4963 ››
606 4913 745 4968 ’Ὁσα
783 4910 888 4985 γάρ
947 4909 1329 4996 προεγράφηη
1353 4906 1426 4967 εἰς
1479 4905 1578 4974 τήν
1623 4906 1900 4996 ,ἡμετέραν
1962 4905 2046 4964 δι..
2074 4933 2112 4996 D

395 4997 687 5054 δασκαλίαν
739 4999 1094 5076 προεγράφη,
1155 4995 1242 5049 ’ἶνα
1309 4991 1398 5049 διὰ
1449 4996 1548 5056 τῆς
1612 4995 1896 5067 ὑπομονῆς
1951 5001 2041 5056 καὶ

390 5096 490 5159 τῆς
547 5087 944 5162 παρακλήσεως
997 5091 1106 5141 τῶν
1167 5087 1418 5160 Γραφῶν,
1475 5085 1574 5152 τὴν
1651 5081 1846 5140 ἐλπίδα
1899 5082 2040 5163 ἔχω-

394 5199 488 5251 μεν
499 5224 511 5235 .

460 5269 606 5343 Πρὸς
652 5266 778 5329 τοὺς
843 5266 1178 5341 ὑγιαίνοντας
1236 5262 1419 5338 τρέπει
1482 5262 1574 5315 τὸν
1644 5261 1832 5336 λόγον,
1893 5262 2042 5321 διδα-

389 5377 529 5413 σκων
578 5353 691 5410 δεῖν
748 5348 1189 5429 συγκαταϐαίνειν
1248 5357 1364 5414 τοῖς
1413 5349 1674 5404 ἀσθενέσι.
1733 5352 2046 5424 Χρεωστοῦ-

393 5466 487 5517 μεν
527 5445 633 5520 γαρ
671 5447 852 5512 τοῦτο,
895 5441 1079 5520 φησίν.
1136 5446 1268 5512 Ὅρα
1317 5436 1372 5493 δὲ
1425 5443 1541 5500 πῶς
1597 5437 1856 5509 εὖτελίζει
1913 5442 2041 5506 τοὺς

389 5533 651 5598 ἀσθενεῖς.
689 5531 820 5604 Περῖ
849 5532 944 5603 μὲν
976 5531 1078 5606 γὰρ
1125 5534 1229 5582 τῶν
1293 5526 1478 5581 ἄλλων
1536 5527 1720 5602 φησὶν,
1757 5549 1779 5577 ι
1811 5530 1877 5585 Οἳ
1947 5528 2042 5586 δυ-

383 5622 558 5678 νατοί·
625 5645 654 5672 ιι
742 5619 865 5693 περῖ
941 5620 1147 5674 τούτων
1202 5614 1279 5686 δὶ,
1342 5640 1370 5667 ιι
1449 5616 1530 5672 Τὰ
1603 5613 1973 5690 ἀσθενήματα.
2010 5644 2040 5673 ii

388 5713 556 5783 xui,“
586 5715 712 5770 Τῶν
771 5707 1062 5764 ἀδυνάτωεν
1102 5735 1122 5763 ι
1178 5707 1268 5760 καὶ
1322 5708 1404 5774 τὸ,
1465 5730 1491 5756 ιι
1557 5706 1872 5780 Βαστάζειν,
1947 5710 2039 5765 καὶ

2776 4178 3006 4234 CAPUT
3044 4180 3184 4233 XIX.

2456 4279 2531 4330 De
2561 4276 2879 4332 imitatione
2917 4278 3216 4334 clementia:
3249 4279 3474 4336 Christi.

2217 4381 2329 4446 XV,
2364 4383 2476 4437 1-4.
2513 4405 2539 4430 «
2566 4381 2862 4438 Debemus
2892 4388 3090 4439 autem
3123 4385 3371 4455 nos,qui
3405 4390 3678 4456 potentes
3701 4403 3792 4441 su-

2147 4491 2174 4519 ‹‹
2191 4486 2340 4532 mus,
2353 4469 2729 4526 inﬁrmitates
2751 4472 3164 4544 impotentium
3179 4473 3534 4546 bajulare,et
3554 4492 3675 4529 non
3689 4492 3794 4530 no-

2147 4580 2174 4608 ιι
2207 4558 2299 4612 bis
2325 4558 2470 4629 ipsis
2492 4559 2744 4631 placere.
2782 4561 3198 4632 Unusquisque
3230 4569 3498 4617 nostrum
3522 4564 3791 4635 proximo

2149 4669 2176 4696 «
2207 4646 2436 4718 placeat
2467 4649 2527 4702 in
2558 4648 2776 4703 bonum
2806 4655 2864 4704 et
2889 4649 3601 4708 aadiflcationemEtenim
3625 4653 3794 4708 Chri-

2150 4740 2328 4790 «stus
2359 4752 2477 4790 non
2512 4736 2620 4790 sibi
2673 4737 2783 4808 ipsi
2832 4737 3073 4808 placuit,
3111 4739 3234 4806 sed,
3291 4741 3795 4811 quemadmodum

2148 4846 2178 4874 «
2213 4824 2498 4894 scriptum
2532 4831 2649 4880 est:
2686 4848 2714 4874 «
2767 4826 3097 4896 Opprobria
3153 4829 3644 4900 opprobrantium
3689 4831 3796 4886 tibi

2149 4935 2175 4961 «
2210 4913 2554 4968 ceciderunt
2584 4931 2763 4984 super
2791 4931 2906 4968 me.
2940 4937 2968 4964 «
2992 4917 3368 4989 Quaecunque
3401 4919 3799 4990 enimscripta

2158 5022 2184 5050 «
2218 5000 2460 5067 sunt,ad
2489 5007 2752 5055 nostram
2777 5001 3108 5058 doctrinam
3135 5005 3275 5060 olim
3300 5006 3520 5077 scripta
3542 5012 3700 5072 sunt,
3733 5012 3800 5060 ut

2161 5109 2182 5138 ε
2225 5105 2329 5159 per
2359 5089 2704 5159 patientiam
2746 5097 2803 5144 et
2847 5091 3318 5148 exhortationem
3360 5094 3796 5163 Scripturarum

2155 5199 2183 5226 ιι
2215 5194 2378 5248 spem
2413 5177 2753 5233 habeamus.
2793 5203 2813 5228 ι

2222 5265 2307 5320 Ad
2336 5283 2436 5320 eos
2469 5268 2568 5336 qui
2604 5269 2732 5322 sani
2785 5274 2954 5324 erant
2986 5271 3045 5324 in
3080 5270 3193 5324 fide
3250 5270 3540 5324 convertit
3571 5287 3796 5324 sermo-

2151 5372 2310 5423 nem,
2337 5355 2554 5411 docens
2575 5364 2846 5428 oportere
2878 5359 3013 5414 illos
3036 5359 3515 5415 condescendere
3539 5359 3804 5415 imbecil-

2150 5443 2638 5500 libus.Debitores
2655 5447 2811 5500 enim
2831 5446 3004 5517 hujus
3019 5447 3394 5502 sumus.Vide
3408 5453 3606 5503 autem
3621 5466 3800 5519 quam

2149 5539 2415 5589 attenuet
2435 5552 2503 5589 ac
2526 5535 2767 5607 dejiciat
2789 5535 3286 5592 imbecilles.Nam
3308 5537 3378 5592 de
3399 5537 3532 5593 aliis
3557 5539 3798 5609 quidem

2148 5623 2258 5678 ait:
2283 5646 2308 5671 ‹‹
2329 5622 2623 5692 Potentes,
2641 5643 2666 5674 ιο
2694 5625 2765 5680 de
2789 5625 2880 5680 his
2903 5641 3094 5694 vero,«
3113 5624 3532 5682 lnﬁrmitates»
3554 5632 3613 5682 et
3634 5647 3661 5678 ‹‹
3682 5632 3799 5683 Im-

2148 5712 2479 5784 potentium
2506 5737 2532 5763 ››
2555 5731 2621 5770 ac
2645 5736 2672 5764 «
2700 5714 2990 5786 Bajulare.
3009 5736 3037 5762 ι»
3070 5744 3138 5755 —-
3165 5734 3186 5762 ι
3213 5717 3283 5771 Et
3311 5733 3432 5772 non
3463 5715 3634 5772 nobis
3653 5716 3799 5788 ipsis
