4106 6252
265 366 387 426 613

1364 361 1783 427 COMMENT.
1951 361 2193 426 EPIST.
2241 365 2342 423 AD
2390 366 2583 429 80M.

3575 371 3699 433 6H.

273 507 477 568 νῆσθαι
543 500 914 573 πρεριτομῆς,
971 499 1058 555 ἳνα
1110 498 1202 553 καὶ
1256 499 1424 572 ταύτῃ
1509 492 1787 571 βεϐαιώσῃ
1844 493 1933 550 καὶ

2062 501 2236 553 strum
2268 499 2487 555 factum
2517 499 2700 556 fuisse
2727 503 3196 560 circumcisionis
3219 503 3436 562 :uthac
3450 522 3688 576 quoque

277 588 562 662 πληρώσῃ
591 588 688 642 τὸν
721 587 910 660 νόμον.
951 611 972 640 ι
1008 586 1165 664 Λέγω
1215 587 1318 662 γὰρ
1374 587 1606 661 Χριστὸν
1637 587 1874 655 Ἰησοῦν,
1910 607 1938 637 υ

281 681 374 733 καὶ
408 679 556 750 ἑξῆς.
590 710 660 720 —
686 679 896 751 [ΦΩΤ.]
949 679 1096 735 Οἷον·
1151 682 1275 740 HG):
1334 671 1706 754 προσελαϐετο
1739 675 1879 746 ὑμᾶς
1913 674 1940 728 6

287 768 528 842 Χριστός
566 785 580 833 ;
613 768 781 823 Οὕτω
812 767 983 840 λέγω,
1015 767 1166 845 φησί·
1208 791 1229 821 ι
1264 767 1405 829 Τοὺς
1468 766 1562 838 μὶν
1620 763 1940 831 Ἰουδαίους,

288 856 652 931 περιτμηθεὶς
682 855 774 909 καὶ
804 855 1151 934 χρηματίσας
1180 856 1315 911 κατᾶ
1347 856 1516 928 σάρκα
1548 854 1606 909 ἐκ
1651 858 1749 909 τοῦ
1780 851 1944 927 σπερ-

288 967 468 1018 ματος
501 946 706 1012 αὐτῶν,
740 943 788 1017 ἐξ
823 944 884 998 οὗ
917 943 1212 1015 ἀληθεῦσαί
1243 966 1301 1000 τε
1333 946 1642 1020 συνήργησε
1688 943 1778 997 τὸν
1841 943 1944 998 Ila-

279 1034 438 1108 τερα,
475 1033 565 1087 καὶ
595 1034 690 1092 τὰς
725 1031 1057 1108 ἐπαγγελίας
1099 1033 1479 1110 ἐκπληρῶσαι.

358 1217 479 1270 Ἵνα
508 1213 613 1289 γὰρ
636 1215 808 1286 μήτις
843 1211 1189 1286 εέπῃ,Καῖτίς
1216 1212 1376 1288 χρεία
1407 1218 1503 1268 τοῦ
1522 1209 1946 1290 προσληφηῆναι

283 1301 418 1365 τοὺς
451 1299 774 1371 Ἰουδαίους,
835 1298 1004 1356 πάλαι
1059 1306 1138 1373 τῷ
1196 1303 1365 1378 Πατρὶ
1424 1299 1948 1376 προσῳκειωμένους

294 1389 479 1456 ὄντας,
508 1391 599 1445 καὶ
632 1389 960 1466 ἐπαγγελίας
995 1387 1415 1466 ἐκδεχομένους,
1448 1389 1508 1453 ἃς
1568 1389 1676 1466 οὐχ
1716 1390 1834 1444 οἷόν
1888 1408 1948 1444 τε

297 1482 366 1550 ἦν
429 1481 502 1553 μή
561 1475 815 1550 ἐκϐῆναι,
872 1479 986 1534 ἐπεὶ
1046 1479 1370 1550 παναληθὴς
1431 1481 1458 1534 6
1517 1479 1946 1553 ὑποσχόμενοςς

296 1573 467 1629 ταῦτά
522 1592 708 1645 φησιν,
767 1571 852 1626 ὅτι
915 1570 1017 1625 Κᾶν
1070 1572 1495 1648 προελήφθησαν
1561 1571 1612 1624 οἱ
1669 1565 1950 1637 Ἰουδαῖοι,

290 1661 391 1718 κᾶν
425 1659 747 1737 ἐπαγγελίας
777 1655 1044 1730 ἐδὲξαντο,
1097 1659 1141 1714 εἰ
1204 1661 1279 1732 μὴ
1339 1654 1708 1734 προσελάϐετο
1753 1657 1948 1721 αὐτοὺς

293 1755 478 1816 ὁΥἱὸς
512 1751 809 1823 σαρκωϐεὶς
869 1751 958 1806 καὶ
1015 1751 1392 1828 περιτμηθεῖς,
1453 1749 1576 1806 οὔτε
1630 1755 1739 1805 τῶν
1785 1747 1946 1824 ἐπαγ-

293 1842 502 1919 γελιῶν
535 1841 845 1910 ἠξιώθησαν
901 1837 986 1909 ἄν,
1046 1839 1266 1903 ἑαυτοὺς
1314 1844 1423 1894 τῶν
1481 1835 1716 1893 ἐντολῶν
1776 1857 1952 1909 παρα-

293 1927 463 1993 ϐάτας
499 1930 954 2004 ἀπεργασάμενοι,
990 1929 1102 1984 οὔτ’
1163 1928 1220 1983 ἂν
1252 1930 1314 1984 τὸ
1371 1927 1494 2004 περῖ
1552 1929 1650 1998 τήν
1685 1925 1945 1999 ἀλήθειαν

294 2019 564 2096 ἃτρεπτον
599 2019 685 2073 καὶ
721 2017 1137 2091 αμεταμέλητον
1193 2022 1290 2073 τοῦ
1353 2019 1557 2091 "me;
1612 2018 1688 2080 εἰς
1742 2017 1948 2094 συμφὲ-

294 2131 392 2185 ρον
416 2109 606 2171 αὐτοῖς
638 2104 999 2185 ἐχρημάτιζε,
1033 2103 1123 2163 διὰ
1179 2113 1277 2176 τῆς
1331 2101 1688 2182 παραϐάσεως
1737 2126 1948 2180 παρεμ-

293 2197 814 2269 ποδῖζουσιταύτην
846 2192 1139 2266 αποϐῆναι.
1200 2197 1292 2250 Διό
1343 2191 1795 2269 προσλαϐόμενος
1850 2193 1950 2249 αὖ·

294 2291 426 2350 τοὺς
458 2286 961 2361 καέπεριτμηοεὶς,
1020 2287 1110 2340 καὶ
1169 2290 1236 2361 τῇ
1291 2291 1386 2341 τοῦ
1449 2287 1655 2361 Πατρὸς
1719 2283 1949 2355 ἀληθείᾳ

297 2374 618 2454 συνέπραξε,
662 2375 752 2430 καὶ
811 2375 907 2438 τὰς
962 2374 1291 2452 ἐπαγγελίας
1351 2372 1665 2443 τελεσθῆναι
1723 2375 1812 2428 καὶ
1869 2375 1953 2449 βε-

295 2463 609 2536 ϐαιωθῆναι
650 2467 1009 2542 συνήργησεν.
1073 2462 1248 2520 Ἀλλὰ
1296 2464 1423 2527 τοὺς
1481 2463 1576 2536 μὲν
1633 2460 1949 2534 Ἰουδαίους,

297 2558 446 2613 οὓτω
475 2577 535 2611 τε
562 2554 653 2608 καὶ
676 2551 766 2608 διὰ
796 2557 980 2608 ταῦτα·
1008 2554 1073 2608 τὲ
1106 2550 1162 2606 δὲ
1192 2546 1342 2622 ἔθνη,
1373 2551 1528 2630 φησὶ,
1564 2549 1652 2606 διὰ
1679 2552 1731 2605 τί
1780 2570 1952 2624 προσ-

297 2643 530 2701 ελάϐετο
565 2662 578 2711 ;
613 2643 694 2698 Δι’
724 2639 925 2720 ἄφατον
959 2635 1134 2709 ἔλεος,
1166 2640 1254 2696 καὶ
1297 2645 1394 2695 τοῦ
1452 2637 1772 2712 δοξασθῆναι
1809 2638 1950 2712 μᾶλ-

301 2737 403 2791 λον
432 2737 520 2789 τὸν
554 2733 790 2806 Πατέρα.
824 2731 888 2788 Εἰ
945 2731 1045 2805 γὰρ
1103 2731 1166 2786 τὸ
1224 2730 1318 2792 τὰς
1374 2729 1702 2805 ἐπαγγελίας
1741 2728 1948 2800 ἐκπλη-

305 2831 495 2900 ρῶσαι,
527 2823 618 2877 καὶ
655 2822 733 2893 μὴ
763 2817 910 2889 δόξαι
943 2821 1052 2875 τισὶ
1094 2820 1385 2892 ψευσασθαι
1441 2819 1531 2874 τὸν
1601 2817 1833 2894 Ηατὲρα,
1875 2819 1950 2881 εἰς

295 2913 459 2984 δόξαν
493 2915 662 2967 αὐτοῦ
696 2908 956 2964 συντελεῖ·
989 2909 1050 2963 τὸ
1081 2905 1209 2980 μηδ’
1235 2906 1589 2983 ὑποσχέσθαιν
1633 2906 1764 2981 μηδ’
1785 2907 1952 2984 ἐπαγ·

288 3005 606 3083 γείλασθαι,
641 2999 769 3057 ἀλλ’
802 2997 975 3055 οὕτως
1009 2998 1205 3072 ἀθρόον
1236 2998 1564 3073 χαρίσασθαι
1592 2999 1660 3054 τὰ
1704 2999 1951 3073 ὑπερφυῆ

291 3095 380 3150 καὶ
414 3093 747 3160 ἀνελπιστα,
778 3093 900 3151 πῶς
932 3087 1064 3161 οὐχὶ
1096 3086 1172 3148 είς
1204 3083 1404 3165 ἄφατον
1433 3084 1587 3158 δόξαν
1613 3093 1714 3142 τοῦ
1744 3090 1950 3164 Πατρὸς

301 3180 604 3238 συντελέσει
639 3197 654 3248 ;
690 3209 759 3222 -—-
804 3175 1025 3238 ·’Λλλως
1087 3176 1242 3250 [ΤΟΥ
1287 3178 1554 3247 ΑΥΤοΥ.]
1609 3177 1671 3233 Ὀ
1729 3178 1950 3251 Χριστὸς

315 3275 480 3345 μόνος
511 3270 801 3345 ἐπλήρωσε
828 3269 919 3324 τὸν
949 3268 1141 3340 νόμον,
1172 3269 1348 3328 πάσας
1402 3268 1498 3331 τὰς
1553 3267 1776 3330 ἐντολὰς
1829 3287 1953 3323 κατ-

317 3362 577 3436 ορῦώσας.
605 3359 784 3416 Ἀλλὰ
808 3359 898 3414 καὶ
929 3355 1196 3419 Ἰουδαῖος
1223 3357 1292 3426 ἦν
1350 3358 1483 3412 κατὰ
1542 3358 1733 3432 σάρκα.
1783 3363 1952 3414 Τοῦτο

319 3452 425 3525 γὰρ
446 3449 532 3504 καὶ
562 3447 640 3504 διὰ
667 3456 770 3519 τῆς
820 3454 1125 3522 περιτομῆς
1183 3445 1470 3518 δηλοῦται.
1532 3446 1708 3504 Ἀλλὰ
1761 3449 1852 3502 καὶ
1901 3449 1952 3502 οἱ

317 3543 462 3613 αὖτῷ
493 3539 909 3610 υἱοθετηθὲντες,
941 3538 1015 3599 ὡς
1046 3539 1113 3593 τὰ
1142 3536 1309 3612 ἄστρα
1339 3541 1439 3591 τοῦ
1498 3536 1728 3611 οὐρανοῦ
1776 3535 1953 3608 ἐπλη-

306 3633 595 3700 θύνθησαν,
629 3630 720 3684 καὶ
755 3628 830 3690 ὼς
866 3629 902 3697 ἡ
933 3626 1121 3700 ἅμμος
1149 3628 1184 3695 ἡ
1244 3627 1392 3700 παρᾶ
1419 3625 1480 3681 τὸ
1514 3625 1704 3701 χεῖλος
1730 3631 1831 3693 τῆς
1859 3638 1951 3690 θα-

301 3720 534 3790 λάσσης.
563 3721 730 3772 ’Ὡστε
760 3716 923 3779 αὐτὸς
949 3715 1038 3770 καὶ
1071 3720 1151 3787 τῷ
1199 3715 1363 3788 Πατρὶ
1407 3718 1739 3791 συνήργησεν
1786 3715 1860 3780 εἷς
1891 3715 1953 3770 τὸ

299 3807 742 3878 ἀληθεῦσαι,καὶ
801 3805 878 3866 εἷς
937 3805 999 3859 τὸ
1053 3804 1148 3864 τὰς
1179 3802 1314 3879 πρὸς
1342 3805 1436 3858 τὸν
1476 3799 1729 3878 Ἀϐραὰμ
1787 3804 1952 3880 ἐπαγ-

297 3897 481 3973 γελίας
516 3894 1017 3965 ἀποπληρωθῆναι,
1075 3893 1425 3966 κατορθώσας
1486 3893 1579 3966 μὶν
1639 3897 1807 3948 πᾶσαν
1867 3892 1951 3948 ἐν·

295 3984 500 4055 τολήν,
538 3984 614 4044 sic
654 3977 905 4056 Ἀϐραάμ
935 3978 992 4035 δὲ
1049 3980 1266 4055 σπέρμα
1322 3981 1613 4055 λογισθεὶς,
1668 3987 1834 4036 πᾶσαν
1895 3979 1954 4035 δὲ

295 4079 396 4146 τὴν
428 4071 761 4145 οἰκουμένην
795 4068 1094 4145 πληρώσας
1129 4067 1216 4124 διὰ
1266 4074 1373 4124 τῶν
1425 4075 1648 4127 πιστῶν.
1686 4096 1712 4122 ‹‹
1768 4071 1954 4126 Διάκο-

297 4186 389 4218 νον
412 4163 733 4240 γεγενῆσθαι
765 4165 1092 4235 περιτομῆς,
1135 4185 1154 4208 ι»
1191 4159 1308 4214 Ἑνι
1361 4159 1449 4214 καὶ
1507 4160 1680 4220 οὓτως
1734 4166 1950 4228 νοῆσαι⁶

304 4255 562 4315 Διάκονος
593 4251 812 4327 γέγονεν
841 4250 869 4303 6
900 4248 1131 4321 Χριστὸς
1159 4252 1267 4303 τῶν
1322 4245 1621 4315 Ἰουδαίων,
1653 4247 1951 4319 τουτέστιν,

305 4344 437 4416 ὑπὲρ
470 4345 571 4397 τοῦ
597 4339 728 4400 τοὺς
759 4337 1064 4398 Ἰουδαίους
1123 4336 1269 4398 ἐντὸς
1324 4335 1564 4410 γενέσθαι
1620 4341 1728 4392 τῶν
1788 4337 1952 4411 ἐπαγ-

302 4431 530 4507 γελιῶν,
585 4429 674 4482 ἳνα
730 4426 818 4482 καὶ
878 4427 904 4481 6
961 4425 1159 4487 ταύτας
1243 4425 1698 4501 ἐπαγγειλάμενος
1766 4429 1950 4500 Πατὴρ

304 4519 611 4592 ἀληθεύει-ῃ.
646 4542 672 4569 ‹‹
709 4517 800 4579 Εἰς
827 4516 890 4570 τὸ
951 4510 1248 4590 βεϐαιῶσαι
1310 4514 1405 4576 τᾶς
1463 4512 1785 4591 ἐπαγγελίας
1841 4521 1950 4571 τῶν

2047 588 2524 657 confirmaret,ac
2545 591 2735 662 legem
2766 592 2942 648 etiam
2975 593 3351 665 complerem
3372 595 3515 651 Dico
3532 597 3694 653 enim

2049 677 2342 733 Christum
2373 680 2631 735 Iesum.»
2663 711 2729 723 --
2760 684 3059 752 Tanquam
3096 682 3353 740 diceret:
3388 686 3690 749 Quomodo

2048 780 2148 818 vos
2179 766 2501 837 assumpsit
2529 768 2794 824 Christus
2833 769 2859 823 ‘I
2887 771 2975 826 lta
3012 770 3166 837 dico,
3201 772 3428 842 inquit:
3462 772 3694 830 Judaeos

2050 851 2314 920 quidem,
2349 855 2754 925 circumcisus,
2789 857 3032 927 etjuxta
3055 859 3294 916 oracula
3323 860 3694 917 descendens

2051 942 2376 996 secundum
2410 961 2650 1000 carnem
2695 964 2763 1000 ex
2823 947 3048 1002 semine
3107 947 3391 1020 ipsorum,
3455 967 3524 1005 ex
3578 967 3694 1022 quo

2052 1030 2229 1085 etiam
2261 1033 2417 1086 Patri
2446 1041 2795 1106 cooperatus
2836 1041 2924 1093 est
2955 1041 3018 1090 ut
3071 1055 3234 1093 veras
3267 1039 3608 1094 ostenderet
3640 1045 3700 1095 et

2052 1119 2378 1191 compleret
2408 1123 2852 1193 promissiones.

2132 1208 2432 1280 Siquidem
2465 1230 2540 1268 ne
2571 1214 2704 1284 quis
2727 1214 2951 1270 diceret
2972 1217 3067 1272 :Et
3089 1233 3219 1287 qua:
3234 1224 3359 1273 erat
3377 1219 3699 1275 necessitas

2055 1303 2118 1351 ut
2148 1307 2594 1356 assumercntur
2623 1303 2828 1372 Judaei,
2863 1305 2962 1376 qui
2989 1305 3114 1377 jam
3147 1307 3288 1361 olim
3312 1307 3384 1361 ad
3409 1309 3597 1363 Patris
3614 1309 3698 1364 fa-

2055 1387 2457 1445 miliaritatem
2505 1393 2791 1465 assumpti
2861 1401 3048 1465 erant,
3135 1413 3202 1451 ac
3275 1397 3702 1468 promissiones

2057 1485 2461 1551 susceperant,
2496 1498 2642 1552 quas
2692 1482 3059 1555 impossibile
3118 1491 3242 1540 erat
3284 1503 3404 1541 non
3446 1489 3702 1557 evenire,

2057 1582 2192 1623 cum
2219 1566 2423 1623 fallere
2456 1586 2574 1624 non
2627 1578 2828 1642 posset
2884 1573 2932 1629 is
2989 1573 3090 1644 qui
3124 1574 3528 1646 promiserat?
3560 1577 3700 1644 Hoc,

2057 1655 2272 1726 inquit,
2305 1656 2437 1715 ideo
2485 1657 2596 1714 fuit
2627 1677 2889 1729 necesse,
2937 1663 3096 1735 quia,
3131 1664 3241 1718 etsi
3273 1665 3440 1736 prius
3470 1683 3702 1721 assum-

2058 1744 2142 1816 pti
2175 1750 2345 1801 erant
2399 1745 2606 1816 Judazi,
2647 1765 2987 1822 quanquam
3043 1752 3471 1825 promissiones
3504 1771 3702 1809 susce-

1979 1871 2027 1935 Β
2059 1841 2288 1907 perant,
2320 1837 2881 1912 nisiassumpsisset
2936 1859 3036 1899 eos
3092 1841 3298 1909 Filius,
3359 1844 3700 1900 incarnatus

2057 1943 2124 1983 ac
2157 1928 2560 1994 circumcisus,
2589 1947 2964 2004 nequaquam
2986 1932 3481 2004 promissionibus
3539 1934 3700 2007 digni

2057 2013 2241 2072 habiti
2273 2016 2544 2084 fuissent,
2578 2035 2710 2075 cum
2745 2020 2970 2092 seipsos
3035 2027 3466 2094 praaceptorum
3508 2029 3703 2080 trans-

2058 2119 2360 2176 gressores
2385 2106 2684 2175 fecissent,
2721 2126 2917 2181 neque
2951 2110 3142 2165 Patris
3209 2111 3516 2168 oraculum
3548 2113 3707 2170 circa

2058 2194 2772 2259 veritatem,immutabile
2804 2216 2871 2256 ac
2896 2200 3185 2273 poenitere
3216 2202 3510 2268 nescium,
3543 2201 3706 2256 utili-

2061 2282 2163 2338 tati
2195 2283 2280 2338 eis
2309 2284 2536 2352 fuisset,
2572 2287 2788 2359 quippe
2820 2289 2920 2358 qui
2965 2305 3070 2344 sua
3102 2292 3568 2362 transgressione
3593 2292 3708 2346 im-

2059 2371 2467 2442 pedimentum
2489 2375 2924 2444 prmstitisseut,
2958 2394 3032 2432 ne
3065 2395 3133 2434 ea
3164 2381 3376 2436 veritas
3409 2381 3708 2454 continge-

2059 2465 2168 2515 ret.
2212 2462 2530 2533 Propterea
2559 2480 2694 2518 cum
2726 2463 2884 2535 ipsos
2909 2467 3331 2538 assumpsisset
3354 2486 3421 2524 ac
3443 2470 3706 2526 circum-

2061 2558 2219 2614 cisus
2250 2565 2447 2614 esset:
2480 2565 2537 2615 et
2572 2561 2763 2617 Patris
2802 2562 3031 2618 veritati
3080 2571 3428 2636 cooperatus
3485 2572 3594 2636 est,
3651 2572 3711 2623 et

2061 2651 2127 2700 ut
2144 2646 2575 2718 promissiones
2623 2650 3052 2721 perficerentur
3110 2668 3177 2708 ac
3209 2652 3710 2709 confirmarentur

2063 2733 2240 2788 simul
2268 2735 2480 2790 effecit.
2509 2737 2618 2791 Sed
2646 2738 2805 2809 ipsos
2830 2738 3070 2809 quidem
3102 2740 3339 2795 Iudaeos
3369 2741 3481 2796 hoc
3533 2741 3709 2798 modo

2063 2828 2121 2876 et
2149 2828 2389 2894 propter
2419 2825 2530 2879 ista
2559 2827 2914 2898 assumpsit:
2950 2845 3153 2883 verum
3183 2845 3364 2900 quare
3390 2836 3595 2902 gentes
3618 2847 3712 2885 as-

2063 2911 2354 2983 sumpsit?
2369 2914 2614 2984 Propter
2627 2914 2989 2972 ineffabilem
3005 2919 3500 2990 misericordiam,
3526 2925 3711 2992 utque

2061 3002 2250 3071 magis
2279 3001 2714 3071 glorificaretur
2753 3007 2944 3060 Pater.
2979 3007 3121 3062 Nam
3185 3008 3232 3063 si
3282 3009 3713 3079 promissiones

2061 3089 2371 3160 compleri,
2397 3096 2455 3144 et
2485 3107 2604 3147 non
2630 3093 2812 3147 videri
2860 3094 3220 3164 quibusdam
3251 3099 3485 3152 Patrem
3529 3098 3712 3155 fuisse

2061 3177 2434 3244 mendacem,
2467 3180 2693 3235 confert
2742 3182 2816 3236 ad
2847 3181 3035 3252 ipsius
3078 3183 3328 3255 gloriam
3367 3202 3380 3251 ;
3414 3186 3713 3256 quomodo

2063 3267 2136 3322 ad
2166 3267 2523 3322 immensam
2554 3269 2744 3324 Patris
2775 3269 3023 3341 gloriam
3055 3287 3175 3327 non
3244 3271 3494 3341 confert,
3545 3273 3711 3345 prius

2061 3373 2179 3412 non
2211 3357 2601 3428 spopondisse
2631 3375 2739 3414 nec
2771 3362 3137 3431 promisisse,
3172 3367 3230 3419 et
3261 3367 3459 3418 tamen
3490 3363 3572 3418 ita
3615 3379 3708 3418 re-

2060 3453 2234 3518 pente
2268 3447 2516 3502 donatos
2547 3448 2730 3504 fuisse
2770 3450 3223 3506 incredibilibus
3254 3467 3321 3507 ac
3388 3453 3709 3524 insperatis

2062 3535 2232 3590 bonis
2258 3536 2285 3590 ?
2317 3567 2381 3577 —
2415 3536 2546 3592 Alio
2574 3539 2752 3595 modo.
2796 3540 3065 3595 Christus
3098 3539 3262 3596 solus
3312 3541 3502 3613 legem
3553 3559 3709 3598 com-

2058 3624 2258 3696 plevit,
2292 3626 2492 3681 omnia
2522 3644 2853 3699 exsequens
2895 3637 3208 3700 praecepta.
3244 3631 3356 3685 Sed
3388 3636 3446 3685 et
3472 3632 3708 3687 Judaaus

2062 3715 2389 3770 secundum
2421 3733 2661 3771 carnem
2693 3724 2851 3785 erat;
2885 3736 3023 3773 nam
3047 3726 3105 3774 et
3127 3721 3240 3774 hoc
3266 3736 3374 3790 per
3397 3720 3709 3774 circumci-

2061 3803 2288 3858 sionem
2319 3804 2724 3876 significatur:
2761 3810 2819 3859 et
2849 3807 2950 3876 qui
3015 3807 3086 3860 ab
3133 3823 3200 3862 eo
3242 3807 3503 3877 adoptati
3547 3811 3704 3877 sunt,

2061 3892 2214 3946 sicut
2246 3898 2404 3947 astra
2433 3893 2563 3948 caali
2595 3893 2975 3964 multiplicati
3014 3900 3176 3961 sunt,
3238 3901 3298 3950 et
3345 3895 3499 3950 sicut
3526 3911 3710 3952 arena

2061 3995 2192 4050 qua:
2220 3986 2308 4035 est
2335 3980 2409 4036 ad
2438 3981 2604 4036 littus
2637 3983 2839 4037 maris.
2873 3985 3004 4053 Ipse
3039 3984 3238 4054 itaque
3286 3990 3345 4038 et
3401 3985 3559 4040 Patri
3611 4001 3712 4041 co-

2060 4075 2338 4141 operatns
2369 4075 2459 4124 est
2488 4076 2549 4124 ut
2581 4087 2755 4126 verax
2787 4078 3134 4142 appareret:
3182 4077 3242 4127 et
3270 4079 3335 4127 ut
3363 4074 3711 4144 promissio-

2061 4177 2166 4215 nes
2191 4160 2266 4214 ad
2296 4160 2590 4215 Abraham
2623 4161 2791 4215 facta;
2808 4159 3452 4233 complerentur,omne
3468 4165 3711 4234 quidem

2063 4267 2392 4321 exsequens
2423 4256 2804 4321 praeceptum,
2827 4251 2930 4306 sed
2960 4252 3021 4305 in
3054 4267 3258 4306 semen
3290 4251 3586 4307 Abraham
3617 4269 3710 4308 re-

2061 4340 2669 4411 putatns,universum
2702 4339 2903 4396 orbem
2938 4340 3215 4395 fidelibus
3239 4341 3522 4410 implevit.
3558 4342 3710 4397 σου

2065 4451 2093 4480 ‹‹
2124 4429 2454 4484 Ministrum
2486 4429 2704 4484 factum
2735 4429 2918 4484 fuisse
2959 4430 3450 4486 circumcisionis.
3484 4452 3513 4480 π
3539 4432 3713 4487 Potes

2061 4519 2174 4574 hoc
2206 4520 2378 4574 etiam
2425 4518 2601 4574 modo
2661 4519 3012 4592 intelligere.
3073 4519 3339 4575 Minister
3376 4519 3568 4574 factus
3627 4532 3719 4581 est

302 4607 578 4683 Πατέρων.
612 4629 640 4655 ι)
681 4606 833 4678 Ὑπὲρ
892 4607 988 4658 τοῦ
1045 4602 1364 4672 ἀληθεῦσαι,
1420 4603 1573 4680 φησὶ,
1630 4603 1721 4658 τὸν
1781 4603 1949 4678 ἐπαγ-

2062 4607 2325 4662 Christus
2355 4607 2692 4663 Judaeorum
2728 4625 2740 4662 :
2774 4609 2833 4663 in
2862 4587 2976 4664 hoc
3007 4608 3282 4663 videlicet
3310 4613 3377 4663 ut
3403 4607 3589 4662 Judaei
3623 4608 3721 4664 in-

302 4701 630 4776 γειλάμενον
659 4697 886 4772 Πατέρα.
918 4698 975 4749 '0
1016 4693 1072 4751 δὲ
1114 4715 1174 4768 γε
1228 4696 1401 4769 νόμος
1453 4695 1552 4750 οὐκ
1602 4693 1828 4772 ἴσχυσεν
1861 4697 1955 4751 αὖ·

300 4793 397 4853 τὰς
452 4785 773 4865 βεϐαιῶσαι.
835 4791 957 4848 Πῶς
1012 4785 1130 4854 οὖν,
1189 4785 1378 4863 φησὶν,
1437 4785 1536 4840 οὐκ
1590 4784 1809 4856 ἃτοπον,
1863 4787 1954 4841 τὸν

308 4875 685 4954 βεϐαιώσαντα
717 4879 875 4950 ἡμῶν
906 4875 1003 4936 τὰς
1033 4871 1361 4949 ἐπαγγελίας
1392 4874 1455 4937 ἃς
1483 4869 1683 4929 ἔλαϐον
1713 4875 1765 4929 οἱ
1797 4873 1959 4931 πατί.

312 4988 424 5041 ρες,
456 4968 685 5040 Χριστὸν
720 4970 988 5040 παρορᾷν,
1018 4964 1109 5018 καὶ
1139 4965 1235 5018 τοῦ
1266 4964 1436 5035 νόμου
1468 4957 1688 5035 ἔχεσθαι
1747 4969 1844 5020 τοῦ
1879 4965 1954 5037 μὴ

309 5056 634 5133 ἰσχύσαντης
662 5057 760 5119 τὰς
789 5050 1119 5130 ἐπαγγελίας
1146 5055 1284 5125 ἡμῖν
1315 5050 1548 5130 φυλάξαι
1584 5072 1599 5122 ς

2066 4701 2158 4752 tra
2185 4697 2611 4769 promissiones
2643 4698 3110 4763 continerentur,
3137 4703 3202 4753 ut
3243 4698 3369 4769 ipse
3400 4698 3578 4752 etiam
3613 4696 3714 4767 qui

2072 4803 2171 4842 eas
2197 4790 2554 4860 promiserat
2583 4791 2772 4858 Pater,
2807 4807 2979 4845 verax
3036 4794 3367 4862 appareret.
3405 4809 3432 4838 ‹‹
3466 4789 3553 4844 Ad
3583 4805 3719 4845 con-

2069 4878 2389 4934 firmandus
2447 4880 2874 4949 promissiones
2935 4880 3201 4951 patribus
3250 4880 3491 4935 factas.»
3527 4881 3714 4934 Utve—

2064 4983 2288 5040 racem,
2317 4968 2531 5039 inquit,
2565 4968 2904 5022 ostenderet
2943 4971 3199 5038 Patrem,
3231 4970 3328 5040 qui
3363 4985 3462 5024 eas
3495 4968 3716 5039 promi-

2069 5036 2387 5112 serat:'lex
2443 5061 2639 5112 autem
2693 5074 2812 5112 non
2870 5059 3062 5129 potuit
3123 5060 3280 5131 ipsas
3336 5057 3714 5112 confirmare.

301 5151 489 5215 Quam
516 5149 696 5222 igitur
715 5145 1039 5202 absurdum
1070 5148 1245 5212 esset,
1279 5158 1390 5198 nos
1447 5143 1643 5214 ipsum
1675 5143 1775 5216 qui
1808 5150 2037 5202 nostras
2069 5145 2442 5200 confirmavit
2472 5146 2899 5218 promissiones
2933 5164 3078 5216 quas
3101 5152 3298 5218 patres
3329 5147 3710 5214 acceperant,

297 5240 608 5294 Christum
632 5242 1035 5301 contemnere,
1070 5232 1305 5305 legique
1325 5232 1551 5287 haerere
1582 5247 1714 5303 quas
1735 5233 2162 5305 promissiones
2193 5234 2362 5288 nobis
2395 5251 2624 5289 servare
2658 5235 2924 5306 nequivit
2952 5236 2964 5289 !

370 5409 453 5466 Τὰ
560 5403 618 5459 δὲ
719 5397 844 5474 ἔθνη
948 5401 1080 5475 ὑπὲρ
1139 5397 1326 5459 ἰλέους
1375 5395 1592 5467 δοξάσαι
1645 5399 1736 5454 τὸν
1798 5401 1950 5468 Θεὸν,

299 5496 477 5558 καθὼς
502 5493 825 5570 γέγραπται·
876 5514 905 5543 ιι
965 5489 1063 5544 Διά
1110 5491 1273 5543 τοῦτο
1327 5485 1808 5562 ἰξομολογήσομαί
1868 5509 1954 5544 σοι

299 5587 348 5642 ἐν
373 5585 570 5657 ἔθνεσι,
601 5584 692 5638 καὶ
726 5603 806 5653 τῳ
865 5577 1090 5652 ὀνόματί
1149 5598 1244 5632 σου
1297 5575 1479 5650 ψαλῶ.
1536 5599 1563 5630 ιι
1625 5577 1730 5632 Καὶ
1788 5578 1954 5633 πάλιν

299 5677 469 5758 λέγει,
524 5701 552 5728 ι(
617 5672 1070 5750 Εὖφρανθήσεσθε
1122 5663 1250 5736 ἓθνη
1315 5667 1450 5739 μετὰ
1508 5670 1604 5721 τοῦ
1661 5665 1798 5722 λαοῦ
1855 5667 1954 5722 αὐ-

2134 5403 2256 5467 Χν,
2288 5403 2442 5457 9-12.
2459 5425 2486 5453 ‹‹
2521 5405 2904 5472 Cmterummt
2931 5409 3137 5475 gentes
3162 5420 3267 5474 pro
3301 5401 3711 5460 misericordia

2068 5513 2097 5542 ιι
2117 5492 2453 5563 glorificent
2483 5493 2690 5556 Deum,
2721 5492 3224 5563 quemadmodum
3256 5492 3545 5563 scriptum
3575 5497 3666 5548 est
3699 5507 3713 5547 :

2066 5602 2094 5632 «
2119 5582 2488 5653 Propterhoc
2511 5581 2840 5638 conﬁtebor
2871 5581 2975 5636 tibi
3010 5581 3070 5636 in
3099 5582 3461 5655 gentibus,et
3481 5582 3713 5638 nomini

2067 5692 2093 5720 «
2130 5675 2228 5726 tuo
2259 5672 2569 5744 psallam.»
2601 5673 2670 5726 Et
2700 5688 2936 5727 rursum
2964 5670 3140 5727 dicit:
3175 5671 3456 5740 Gaudete,
3487 5676 3714 5743 gentes,
