4106 6252
409 353 529 412 615

1530 340 1879 402 (ECUMEN
1894 339 1944 397 ΙΙ
1989 340 2297 400 TRICCAi
2342 341 2612 404 EPlSCU
2626 345 2692 405 PI

3715 347 3824 404 616

419 508 447 537 ‹‹
476 499 611 541 cum
645 478 861 552 populo
890 478 1038 548 ejus.
1069 499 1094 522 υ
1118 477 1182 530 Et
1215 491 1450 529 rursum
1476 491 1488 527 :
1517 496 1542 524 ‹‹
1575 472 1827 528 Laudate
1853 473 2057 539 Deum,

2171 475 2286 529 τοῦ.
2325 498 2351 524 »
2389 474 2489 530 Καὶ
2533 474 2717 546 πάλιν,
2753 501 2779 526 ‹‹
2843 477 3056 533 Αἰνεῖτε
3098 477 3189 531 τὸν
3251 475 3470 550 Κύριον,
3531 478 3717 530 πάντα
3769 478 3833 530 τὰ

410 598 438 625 ‹‹
475 589 682 630 omnes
712 573 937 641 gentes,
959 570 1018 621 et
1047 565 1379 620 collaudate
1396 579 1768 628 eum,omnes
1800 561 2055 632 populi.»

411 686 439 713 ‹‹
470 665 848 728 Rursumque
880 655 1024 710 dicit
1055 655 1272 709 Isaias:
1306 675 1326 702 ι
1380 653 1503 706 Erit
1553 652 1720 706 radix
1745 652 1923 705 Jessae
1951 666 1962 704 :
2007 656 2066 704 et

415 777 443 805 ‹‹
477 751 579 824 qui
611 752 886 819 exsurget
943 745 1016 801 ad
1077 742 1493 816 imperandum
1549 741 1846 813 gentibus,
1901 741 1959 794 in
1995 756 2062 795 eo

413 866 441 894 ‹‹
485 848 690 914 gentes
730 835 1072 910 sperabunt.
1107 856 1134 884 »

482 966 665 1023 Judaei
699 963 940 1035 quidem
974 959 1402 1032 promissiones
1445 956 1648 1011 saltem
1691 957 2061 1024 acceperant,

415 1072 743 1130 quanquam
767 1051 917 1107 nihil
968 1049 1105 1104 inde
1163 1048 1437 1103 utilitatis
1496 1045 1885 1117 accepissent,
1947 1043 2061 1098 nisi

410 1147 679 1202 Christus
707 1159 804 1197 eas
836 1140 1270 1195 confirmasset.
1305 1137 1417 1190 Vos
1447 1141 1668 1198 autem,
1709 1137 1935 1203 gentes,
1970 1131 2059 1184 in-

410 1235 559 1306 quit,
593 1233 663 1286 de
695 1230 820 1286 sola
839 1227 1203 1299 benignitate
1235 1242 1301 1280 ac
1334 1223 1704 1278 humanitate
1731 1222 1912 1274 Deum
1933 1218 2057 1272 lau-

410 1325 550 1378 dare
585 1320 849 1376 debetis:
884 1313 1369 1389 quandoquidem
1395 1329 1590 1384 neque
1633 1309 2058 1382 promissiones

409 1409 848 1476 habebatis,sed
867 1404 1335 1461 misericordiam
1363 1401 1664 1457 consecuti
1694 1399 1855 1465 estis,
1875 1403 2056 1452 totam

409 1519 536 1557 rem
591 1502 950 1570 exsequente
1004 1495 1227 1567 gratia:
1280 1497 1500 1562 quanto
1550 1490 1736 1559 magis
1791 1504 1927 1558 ergo
1990 1503 2058 1540 ex

409 1590 623 1648 Christi
656 1588 842 1661 gratia
875 1583 1344 1640 misericordiam
1386 1579 1687 1636 consecuti
1722 1577 2056 1642 estis,tanto

409 1679 595 1752 magis
636 1678 736 1732 Dei
769 1674 1068 1730 debitores
1107 1672 1271 1738 estis,
1303 1675 1369 1724 ut
1415 1667 1661 1740 portetis
1706 1683 1806 1720 eos
1855 1665 1955 1735 qui
1987 1681 2057 1718 ex

404 1765 623 1821 Judazis
655 1762 874 1836 pusilla
905 1762 1018 1816 fide
1052 1765 1211 1814 sunt.
1268 1761 1347 1813 Ea
1405 1757 1564 1812 enim
1612 1755 1712 1809 Dei
1743 1753 1932 1826 gloria
1969 1758 2057 1806 est

2173 557 2320 632 ἔθνη,
2351 564 2439 616 καὶ
2469 562 2782 620 ἐπαινέσατι
2841 565 3017 635 αὐτὸν,
3071 566 3260 626 πάντες
3320 567 3370 619 οἱ
3431 564 3588 622 λαοί,
3648 588 3675 615 ι
3746 566 3836 629 Καὶ

2171 651 2336 705 πάλιν
2361 653 2582 714 ἸΙσαὶας
2638 653 2875 718 λέγει’‹‹
2937 657 3126 711 Ἔσται
3187 657 3220 723 ἡ
3282 653 3403 729 ῥίζα
3456 659 3560 708 τοῦ
3624 654 3838 716 Ἰεσσαὶ,

2171 741 2259 792 καὶ
2306 741 2334 794 6
2393 741 2742 814 ἀνιστάμενος
2790 741 2978 818 ἄρχειν
3052 742 3241 815 ἐθνῶν,
3316 741 3398 797 ἐπ’

2171 826 2468 884 ἐλπιοῦσιν.
2510 857 2529 880 ο

3478 743 3638 797 αὐτῶ
3719 739 3840 807 ἔθνη

2242 972 2310 1028 Οἱ
2345 972 2439 1044 μὲν
2474 969 2728 1027 Ἰουδαῖοι
2778 971 2873 1026 κᾶν
2935 972 3262 1047 ἐπαγγελίας
3319 973 3454 1041 ἦσαν
3515 971 3840 1046 δεξάμενοι,

2171 1060 2336 1115 εἶκαὶ
2371 1059 2539 1132 μηδὲν
2587 1060 2637 1132 ἐξ
2671 1063 2845 1116 αὐτῶν
2901 1061 3289 1137 ὠφελήθησαν,
3347 1061 3390 1116 εἰ
3455 1063 3532 1134 μὴ
3603 1061 3837 1135 Χριστὸς

2169 1154 2330 1213 αὐτας
2363 1149 2706 1210 ἐϐεϐαίωσεν.
2753 1155 2936 1226 Ὑμεῖς
2992 1151 3071 1220 δὲ,
3133 1156 3288 1230 φησὶ,
3345 1156 3412 1209 τὰ
3470 1149 3638 1224 ἔθνη,
3707 1155 3836 1228 ὑπὲρ

2173 1247 2341 1316 μόνης
2421 1246 2829 1322 φιλανθρωπίας
2885 1245 3128 1322 ὀφείλετε
3186 1245 3424 1319 δοξάζειν
3486 1248 3588 1301 τὸν
3687 1249 3841 1315 Θεὸν,

2168 1331 2354 1402 ἐπειδὴ
2392 1336 2530 1408 μήτε
2561 1333 2887 1410 ἐπαγγελίας
2918 1333 3118 1410 εἶ’χετε,
3177 1333 3305 1389 ἀλλ’
3360 1333 3682 1404 ἠλεήθητε,
3744 1341 3843 1404 τῆς

2169 1425 2396 1498 χάριτος
2425 1424 2486 1478 τὸ
2519 1429 2620 1478 πᾶν
2651 1425 2982 1493 ποιησάσης.
3017 1425 3180 1481 Ὅσον
3242 1425 3358 1491 οὗν,
3414 1425 3617 1497 φησὶν,
3662 1423 3842 1494 ἠλεή-

2169 1524 2297 1582 θητε
2332 1513 2519 1591 χάριτι
2579 1517 2846 1586 Χριστοῦ,
2900 1517 3160 1567 τοσοῦτον
3217 1511 3492 1591 ὀφειλέται
3561 1513 3692 1566 ἐστὶ
3752 1517 3846 1566 τοῦ

2166 1607 2323 1672 Θεοῦ,
2386 1602 2460 1665 εἰς
2513 1603 2575 1656 τὸ
2637 1602 2918 1675 βαστάζειν
2977 1601 3102 1663 τοὺς
3156 1601 3543 1676 ὀλιγοπίστους
3593 1603 3648 1672 ἐξ
3707 1603 3844 1657 Ἰου-

2167 1691 2355 1747 δαίων.
2385 1695 2561 1747 Τοῦτο
2590 1691 2690 1766 γὰρ
2733 1688 2860 1760 δόξα
2882 1695 3040 1756 Θεοῦ,
3071 1694 3106 1760 ἠ
3159 1691 3388 1762 ὁμόνοια
3449 1692 3620 1763 ὑμῶν
3656 1692 3754 1746 καὶ
3809 1693 3842 1759 ἡ

2167 1782 2381 1855 εἰρήνη.
2419 1779 2736 1854 Διαλέγεται
2765 1779 2866 1856 γὰρ
2891 1785 3009 1841 τοῖς
3043 1777 3091 1848 ἐξ
3127 1780 3292 1844 ἐθνῶν
3326 1785 3568 1849 πιστοῖς,
3618 1777 3676 1834 οἵ
3742 1780 3844 1852 μά-

409 1853 727 1911 concordia
748 1858 804 1907 et
833 1869 943 1924 pax
977 1856 1204 1905 vestra:
1235 1865 1371 1903 cum
1404 1848 1499 1901 his
1529 1860 1786 1915 namque
1819 1843 2057 1897 disserit

2169 1870 2328 1926 λιστα
2352 1869 2647 1940 ἐπέκειντο,
2679 1875 2799 1932 τοῖς
2846 1869 3348 1943 παρατηρουμένοις
3403 1872 3468 1923 τα
3527 1871 3839 1944 βρώματα.

410 1945 512 2015 qui
544 1961 611 1998 ex
645 1941 920 2014 gentibus
949 1939 1154 1994 ﬁdeles
1187 1936 1483 2007 erant,qui
1503 1935 1756 1989 maxime
1771 1931 2063 2001 urgebant

411 2033 792 2087 observantes
819 2029 1002 2083 cibos.
1035 2059 1105 2068 —
1136 2029 1412 2098 lJomms,
1437 2027 1494 2078 in
1519 2030 1694 2077 totum
1733 2038 1853 2075 eum
1886 2022 2062 2074 locum

411 2123 480 2176 ab
511 2138 574 2177 ea
593 2125 758 2191 parte
775 2136 793 2172 :
825 2117 959 2173 Dico
990 2124 1172 2172 autem
1230 2114 1506 2172 Christum
1559 2114 1759 2167 Iesum.
1807 2132 1834 2159 ›»
1863 2111 1879 2181 ]
1917 2112 2058 2163 Pro-

411 2210 616 2267 missio
649 2208 804 2263 facta
835 2213 962 2262 erat
985 2206 1058 2262 ad
1087 2205 1381 2260 Abraham
1415 2219 1544 2274 qum
1577 2201 1841 2255 diceret:
1872 2221 1901 2248 «
1934 2197 2058 2252 Tibi

411 2300 561 2355 dabo
595 2305 815 2354 terram
836 2295 904 2364 ⁸³,
936 2318 962 2345 ››
987 2301 1098 2350 etc.
1135 2317 1162 2346 (ι
1224 2295 1334 2348 Per
1391 2308 1594 2347 semen
1628 2295 1793 2344 tuum
1824 2287 2062 2342 benedi-

413 2395 622 2445 centur
651 2404 859 2443 omnes
890 2386 1198 2458 gentes“;
1235 2405 1262 2431 ι)
1321 2381 1424 2436 sed
1474 2385 1607 2452 post
1662 2381 1808 2445 haec,
1851 2393 2060 2432 omnes

413 2479 514 2550 qui
545 2478 616 2534 de
649 2476 876 2532 semine
927 2474 1222 2529 Abraham
1257 2477 1444 2536 erant,
1478 2469 1718 2524 obnoxii
1752 2468 1889 2522 facti
1922 2471 2062 2521 sunt

413 2565 704 2638 supplicio
731 2581 743 2618 ε
777 2563 872 2619 lex
905 2563 1062 2618 enim
1089 2579 1208 2617 non
1237 2565 1464 2615 servata
1493 2559 1640 2612 iram
1675 2557 1758 2610 eis
1774 2554 2060 2626 operaba-

413 2661 529 2726 tur,
563 2662 620 2710 et
648 2656 894 2727 insuper
924 2653 1318 2725 promissione
1376 2649 1482 2703 illa
1529 2647 1602 2702 ad
1655 2652 1852 2717 patres
1906 2644 2060 2698 facta

411 2745 695 2817 privabat.

483 2887 638 2942 400
667 2883 973 2939 Accedens
1004 2881 1182 2954 igitur
1224 2879 1406 2934 Filius
1451 2880 1799 2947 cooperatur
1830 2878 1919 2928 est
1948 2875 2058 2927 Pa-

411 2977 581 3043 tri,ut
610 2973 1037 3047 promissiones
1067 2971 1200 3025 illas
1225 2985 1386 3025 veras
1416 2965 1710 3021 redderet.
1744 2962 2058 3034 Complens

408 3067 571 3121 enim
598 3070 780 3120 totam
812 3064 1004 3136 legem
1037 3061 1096 3116 in
1129 3077 1246 3132 qua
1278 3059 1454 3114 etiam
1487 3059 1612 3111 erat
1659 3051 2055 3118 circumcisio,

407 3161 465 3210 et
495 3157 604 3211 hac
633 3155 725 3210 via
747 3160 805 3209 et
833 3171 941 3225 per
963 3167 1199 3207 crucem
1232 3147 1522 3203 libertatis
1555 3145 1644 3198 his
1661 3145 1760 3214 qui
1782 3144 1841 3196 in
1864 3149 2057 3196 trans-

2167 1992 2235 2002 _
2318 1962 2642 2031 [ΙΩΔΝΝΟΥ
2678 2000 2692 2023 ,
2743 1957 2818 2018 εἰς
2878 1958 2939 2011 τὸ
3017 1956 3148 2012 ὅλον
3205 1959 3453 2031 χωρίον,
3509 1959 3632 2013 ἄττὸ

2168 2073 2196 2101 ‹‹
2260 2052 2409 2122 Λέγω
2459 2045 2517 2102 δὲ
2568 2048 2801 2120 Χριστὸν
2863 2049 3097 2116 Ἰησοῦν.

3721 1962 3836 2025 τοῦ,

3187 2073 3211 2096 ››
3287 2047 3562 2124 Ἑπαγγελ
3578 2049 3639 2102 ία
3701 2050 3840 2124 πρὸς

2163 2138 2256 2192 τὸν
2317 2132 2570 2210 Ἀϐρααμ
2627 2137 2696 2204 ἦν
2753 2134 3082 2212 γεγενημένη
3145 2136 3394 2212 λέγουσαι
3433 2161 3459 2189 ιι
3495 2138 3600 2192 Σοὶ
3674 2135 3837 2192 δώσω

2165 2229 2264 2296 τὴν
2298 2233 2422 2300 γῆν·
2461 2250 2486 2274 η
2517 2225 2628 2294 καὶ,
2663 2248 2690 2275 ‹‹
2726 2225 2811 2279 Ἐν
2844 2224 2923 2296 τῷ
2974 2224 3243 2297 σπέρματί
3299 2247 3394 2280 σου
3452 2225 3839 2301 εὐλογηθησε-

2165 2335 2250 2370 ται
2284 2315 2457 2370 πάντα
2484 2315 2552 2368 τὰ
2579 2308 2727 2382 ἔθνη·
2771 2337 2794 2366 υ
2844 2313 2972 2368 ἀλλ’
3025 2313 3266 2390 ἐγένοντο
3323 2314 3612 2375 κολάσεως
3680 2314 3837 2371 ὑπεύ-ο

2168 2416 2318 2468 θυνοι
2353 2405 2487 2478 μετὰ
2516 2407 2682 2458 ταῦτα
2713 2405 2764 2456 οἱ
2794 2407 2891 2456 τοῦ
2923 2403 3231 2476 σπέρματος
3279 2400 3537 2478 Ἀϐρααμ
3569 2406 3830 2466 ἅπαντες.

2166 2494 2228 2550 Ὀ
2256 2493 2356 2569 γὰρ
2389 2491 2558 2564 νόμος
2617 2491 2787 2566 ὀργὴν
2841 2489 3023 2554 αὐτοῖς
3079 2492 3357 2567 εἰργάζετο
3407 2487 3830 2567 παραϐαινὸμε-

2163 2603 2276 2651 νος,
2325 2584 2411 2635 καὶ
2470 2587 2568 2649 τῆς
2625 2579 2954 2655 ἐπαγγελίας
3007 2581 3282 2656 ἀπεστέρει
3349 2579 3548 2636 λοιπὸν
3614 2580 3825 2651 ἐκείνης

2163 2676 2264 2738 τῆς
2295 2672 2401 2723 τῶν
2427 2668 2702 2742 Πατέρων.

2237 2880 2674 2958 Παραγενόμενος
2725 2879 2906 2935 τοίνυν
2957 2882 2984 2936 ὁ
3031 2883 3174 2948 Υἱὸς,
3234 2883 3524 2958 συνέπραξε
3578 2886 3655 2954 τῷ
3705 2889 3804 2937 Πα-

2163 2973 2274 3045 τρὶ,
2306 2970 2382 3033 εἷς
2413 2971 2474 3024 τὸ
2503 2969 2599 3031 τὰς
2651 2967 2971 3044 ἐπαγγελίας
3003 2969 3299 3040 ἀληθεῦσαι
3349 2971 3565 3032 ἐκείνας.
3622 2970 3794 3026 Πάντα

2166 3059 2268 3134 γαρ
2299 3058 2390 3110 τὸν
2419 3057 2589 3129 νόμον
2638 3054 2942 3131 πληρώσας
2974 3055 3026 3110 ἐν
3059 3058 3105 3128 ᾧ
3158 3056 3247 3110 καὶ
3279 3059 3543 3132 περιτομή
3590 3057 3679 3124 ἦν,
3707 3055 3796 3109 καὶ

2163 3147 2330 3220 ταύτης⁸
2366 3146 2456 3200 καὶ
2489 3141 2578 3198 δια
2606 3147 2704 3198 τοῦ
2763 3142 2994 3220 σταυροῦ
3054 3145 3369 3219 ἀπαλλάξας
3427 3149 3551 3208 τοὺς
3600 3145 3690 3200 ἐπὶ
3738 3148 3807 3218 τῇ

407 3245 711 3318 gressione
745 3247 933 3308 erant,
960 3257 1080 3295 non
1104 3238 1373 3310 permisit
1405 3235 1673 3290 excidere
1700 3231 2045 3304 promissio-

2169 3232 2485 3310 παραϐάσει,
2543 3236 2641 3288 οὐκ
2695 3232 2871 3310 ἀφῆκε
2938 3231 3207 3290 διαπεσεῖν
3283 3237 3380 3303 τήν
3460 3235 3815 3310 ἐπαγγελίαν.

407 3331 820 3396 nem.Quando
855 3346 988 3399 ergo
1020 3327 1163 3382 dicit
1181 3326 1521 3380 ministrum
1556 3319 2051 3386 circumcisionis,

407 3421 519 3476 hoc
549 3421 712 3485 dicit,
747 3417 905 3487 quod
935 3433 1070 3470 cum
1096 3414 1354 3469 venisset
1384 3418 1684 3480 totamque
1725 3409 1915 3479 legem
1940 3407 2048 3461 im-

407 3508 650 3580 plesset,
683 3507 860 3560 etiam
889 3501 1273 3558 circumcisus
1306 3506 1363 3554 et
1408 3515 1610 3553 semen
1644 3497 1939 3550 Abraham
1973 3495 2053 3549 fa-

407 3601 559 3666 ctus,
583 3592 1029 3665 solvitlegalem
1062 3589 1565 3652 maledictionem,
1602 3587 1747 3640 iram
1770 3585 1869 3638 Dei
1890 3583 2053 3638 seda-

404 3687 506 3756 vit,
541 3691 708 3757 aptos
739 3683 996 3753 denique
1028 3680 1169 3735 fecit
1198 3685 1262 3733 ut
1293 3678 1350 3732 in
1384 3681 1685 3748 posterum
1708 3673 2053 3745 promissio-

405 3794 546 3834 nem
579 3772 1058 3845 susciperent.Ne
1089 3785 1221 3841 ergo
1244 3764 2050 3834 dicanthiquiaccusantur:

405 3864 712 3934 Quomodo
737 3878 871 3934 ergo
893 3860 1159 3915 Christus
1190 3855 1575 3913 circumcisus
1609 3860 1714 3917 est,
1750 3858 2051 3922 totamque

403 3959 596 4030 legem
628 3951 951 4020 servavit,si
986 3967 1016 4004 e
1047 3949 1277 4004 diverso
1310 3947 1496 4017 ipsam
1531 3943 1781 3999 evortit?
1801 3942 1915 3997 ait:
1938 3943 2054 3996 Ne-

406 4064 520 4119 que
553 4045 713 4100 enim
779 4047 845 4096 ut
898 4040 992 4095 lex
1056 4042 1326 4093 maneret
1384 4035 1493 4089 hoc
1550 4034 1791 4099 fecerat,
1856 4032 1958 4087 sed
1990 4036 2055 4085 ut

405 4138 596 4208 ipsam
629 4133 979 4190 solveret.et
1007 4129 1078 4185 ab
1112 4128 1275 4182 illius
1307 4125 1725 4182 maledictione
1753 4124 2050 4178 liberaret.

406 4224 631 4280 Deinde
658 4239 732 4278 ne
785 4221 843 4276 id
864 4223 1118 4275 verteret
1139 4217 1200 4270 in
1225 4223 1517 4270 tumorem
1560 4231 1658 4268 eos
1691 4213 1788 4283 qui
1824 4229 1890 4267 ex
1910 4229 2054 4283 gen-

405 4313 566 4368 tibus
597 4314 786 4377 erant,
819 4308 960 4363 dicit
994 4323 1006 4359 :
1047 4325 1068 4352 ι
1106 4306 1177 4360 Ut
1232 4307 1435 4376 gentes
1493 4319 1598 4372 pro
1649 4299 2057 4354 misericordia

407 4401 743 4470 glorificent
775 4399 1028 4452 Deum.»
1062 4395 1180 4448 Hoc
1212 4397 1301 4446 est
1329 4395 1526 4446 autem
1551 4389 1708 4458 quod
1741 4388 1884 4442 dicit
1916 4405 1928 4442 :
1961 4387 2052 4441 Ju-

408 4489 520 4544 daei
561 4487 802 4558 quidem
829 4481 1258 4555 ptomissiones
1318 4479 1528 4534 saltem
1575 4479 1958 4547 acceperant;
1995 4479 2056 4528 tu

2159 3333 2319 3383 Ὅταν
2379 3325 2472 3378 οῦν
2523 3322 2666 3398 λέγει
2721 3320 2974 3378 διάκονον
3037 3333 3365 3400 περιτομῆς,
3420 3331 3592 3380 τοῦτο
3653 3325 3822 3402 λέγει,

2162 3416 2245 3471 ὅτι
2279 3414 2449 3470 ἐλθὼν
2484 3414 2572 3469 καὶ
2605 3413 2775 3468 πάντα
2803 3415 2893 3468 τὸν
2927 3415 3097 3487 νόμον
3139 3418 3458 3492 πληρώσας,
3518 3417 3611 3470 καὶ
3675 3437 3824 3491 περι-

2160 3503 2415 3574 τμηθεῖς,
2445 3503 2537 3556 καὶ
2569 3501 2861 3576 γενόμενος
2911 3504 3125 3578 σπέρμα
3180 3509 3277 3558 τοῦ
3327 3498 3608 3578 Ἀϐραὰμ,
3672 3503 3826 3560 ἔλυσε

2162 3595 2262 3661 τὴν
2309 3592 2544 3665 κατάραν
2601 3592 2700 3660 την
2768 3593 3025 3663 νομικὴν,
3084 3591 3278 3648 ἔπαυσε
3327 3594 3426 3660 τὴν
3489 3593 3671 3666 ὀργὴν
3735 3597 3824 3648 τοῦ

2162 3683 2319 3748 Θεοῦ,
2345 3675 2689 3747 ἐπιτηδείους
2719 3679 2912 3733 λοιπὸν
2946 3679 3171 3750 ἐποίησε
3211 3682 3342 3741 τοὺς
3397 3678 3715 3753 μέλλοντας
3750 3679 3823 3735 δέ-

2163 3770 2353 3842 χεσθαι
2385 3768 2484 3835 τήν
2517 3766 2871 3842 ἐπαγγελίαν.
2905 3773 3021 3827 ’Ίνα
3054 3770 3145 3824 οὗν
3178 3771 3254 3844 μὴ
3306 3769 3532 3846 λέγωσιν
3568 3771 3729 3825 οὗτοι
3769 3771 3818 3824 οἱ

2166 3856 2594 3933 ἐγκαλούι.ι.ενοι⁹
2626 3858 2747 3918 Ilii);
2775 3858 2864 3911 οῦν
2917 3859 2945 3912 6
3003 3861 3231 3933 Χριστὸς
3286 3858 3690 3934 περιετέμνετο,
3725 3858 3812 3912 καί

2163 3948 2337 4003 πάντα
2365 3948 2457 4003 τὸν
2489 3949 2658 4020 νόμον
2692 3945 2971 4026 ἐφύλαξεν,
3004 3949 3047 4003 εἰ
3106 3949 3440 4018 τούναντίον,
3503 3949 3658 4003 αὐτὸν
3718 3967 3810 4001 πε-

2165 4038 2404 4114 ριτρέπει
2440 4057 2453 4106 ;
2487 4037 2775 4115 φησίν·οὐ
2834 4039 2938 4114 γὰρ
2988 4037 3080 4093 ἵνα
3141 4040 3294 4113 μείνῃ
3353 4041 3380 4092 6
3437 4039 3604 4112 νόμος
3643 4040 3802 4090 τοῦτο

2164 4127 2442 4197 ἐποίησεν,
2484 4125 2613 4181 ἀλλ’
2651 4127 2742 4180 ἳνα
2789 4126 2948 4180 αὐτὸν
3017 4125 3175 4202 λύσῃ,
3241 4129 3331 4182 καὶ
3393 4126 3679 4201 ἀπαλλάξῃ
3711 4131 3807 4192 τῆς

2163 4215 2368 4270 ἐκείνου
2399 4213 2655 4288 κατάρας.
2688 4219 2821 4268 Εἶτα
2857 4215 2948 4268 ἳνα
2982 4217 3056 4288 μή
3107 4221 3271 4271 τοῦτο
3330 4219 3544 4296 φυσήσῃ
3605 4214 3734 4276 τοὺς
3768 4213 3814 4281 ἐξ

2163 4304 2356 4374 ἐθνῶν,
2394 4302 2543 4381 φησί.
2577 4326 2603 4353 ‹‹
2638 4302 2711 4356 Τό.
2742 4299 2797 4356 δὲ
2829 4300 2953 4373 ἔθνη
3025 4305 3156 4380 ὑπὲρ
3215 4304 3401 4368 ἐλέους
3459 4302 3680 4374 δοξάσαι
3731 4304 3818 4357 τὸν

2163 4393 2315 4449 Θεὸν.
2353 4417 2380 4443 ››
2412 4393 2480 4447 "0
2512 4387 2567 4445 δὲ
2600 4391 2766 4466 λέγει,
2797 4394 3046 4448 τοιοῦτόν
3079 4392 3243 4448 ἐστιν·
3278 4395 3345 4452 Οἱ
3407 4394 3502 4467 μὶν
3564 4393 3618 4464 ἐξ
3679 4397 3818 4449 Ἰου-

2165 4481 2355 4551 δαίων,
2387 4479 2484 4536 κᾶίν
2518 4480 2840 4556 ἐπαγγελίας
2873 4485 3051 4562 εἶχον·
3089 4485 3151 4538 σὺ
3206 4485 3263 4540 δὲ
3319 4483 3444 4540 οῦδὶ
3471 4491 3657 4557 τοῦτο,
3695 4485 3820 4540 ἀλλ’

407 4594 540 4632 vero
563 4591 636 4630 ne
672 4575 729 4629 id
791 4573 1056 4644 quidem,
1116 4567 1221 4624 sed
1279 4567 1406 4622 sola
1456 4565 1818 4636 benignitate
1857 4564 2051 4618 salvus

2169 4571 2264 4627 Ξιπὸ
2297 4568 2704 4648 φιλανθρωπίας
2736 4569 2944 4642 ἐσώθης
2978 4573 3174 4645 μόνης,
3207 4573 3255 4629 εἷ
3302 4574 3391 4628 καὶ
3448 4573 3515 4628 τὰ
3577 4573 3820 4647 μάλιστα

406 4666 597 4720 factus
628 4670 717 4718 est
743 4679 753 4717 :
785 4676 1129 4732 quanquam
1159 4673 1269 4712 nec
1301 4656 1387 4710 illi
1413 4672 1446 4710 a
1468 4653 1860 4726 promissione
1879 4651 2052 4722 quid-

410 4769 590 4824 quam
622 4751 983 4807 eminentius
1001 4748 1372 4814 habuissent,
1399 4744 1514 4799 nisi
1546 4741 2056 4798 advenissetChri-

411 4848 558 4899 stus.
585 4840 988 4894 Gloriaautem
1004 4837 1106 4892 Dei
1132 4841 1220 4892 est
1241 4835 1399 4906 quod
1431 4831 1731 4904 conjuncti
1751 4830 2054 4901 sint,quod

413 4932 609 5004 ipsum
630 4927 995 4984 unanimiter
1017 4925 1391 4991 benedicant,
1421 4921 1578 4993 quod
1606 4920 2057 4976 imbecilliorem

409 5021 625 5076 ferant.
664 5038 690 5067 «
723 5019 970 5088 Propter
994 5016 1103 5070 hoc
1133 5013 1460 5068 confitebor
1479 5012 1580 5066 tibi
1618 5012 1676 5065 in
1709 5010 2002 5082 gentibus.
2035 5032 2054 5057 ι

410 5105 843 5164 Testimonium
867 5102 1108 5174 profert,
1137 5101 1458 5156 ostendens
1499 5099 1657 5169 quod
1709 5100 2059 5169 conjunctos

413 5203 684 5272 oporteat
714 5213 841 5252 esse
865 5194 1099 5250 Judmos
1119 5191 1415 5266 gentibus.
1444 5224 1504 5230 —-
1540 5190 1668 5245 Alio
1701 5191 1879 5245 modo.
1915 5190 2062 5245 Illud

413 5297 611 5346 autem
644 5310 672 5338 ‹‹
707 5284 1050 5342 Conﬁtebor
1080 5282 1184 5337 tibi
1216 5283 1275 5336 in
1308 5281 1602 5353 gentibus,
1639 5281 1956 5345 Domine,»
1994 5297 2066 5334 ex

414 5395 670 5448 persona
697 5376 913 5432 Christi
953 5373 1174 5429 dictum
1207 5377 1334 5427 est:
1369 5372 1479 5426 hoc
1505 5370 1954 5440 est,prmdicabo
1987 5376 2062 5440 te,

416 5469 731 5533 Pateremi,
764 5469 918 5522 inter
947 5470 1170 5537 gentes.
1206 5486 1233 5514 «
1272 5465 1341 5517 Et
1371 5463 1469 5532 qui
1504 5467 1778 5532 exsurget
1825 5463 1897 5517 ad
1953 5463 2064 5517 im-

487 5620 531 5654 ⁸⁸
557 5621 697 5675 Gen.
731 5627 851 5690 xm,
889 5621 972 5672 15.
1005 5617 1049 5652 ⁶⁸
1075 5619 1217 5671 Gen.
1252 5631 1349 5682 xu,
1381 5616 1432 5668 3.

2165 4659 2278 4717 οὐδ’
2309 4659 2532 4722 ἐκείνοις
2561 4683 2613 4716 τι
2656 4659 2827 4716 πλέον
2881 4661 3091 4737 ἐγένετο
3121 4663 3228 4717 ἀπὸ
3254 4666 3352 4732 τῆς
3382 4661 3739 4737 ἐπαγγελίας,
3773 4663 3816 4717 εί

2169 4753 2244 4826 μή
2278 4750 2597 4826 παρεγένετο
2625 4752 2652 4806 ὁ
2679 4753 2928 4827 Χριστός.
2968 4752 3103 4826 Δόξα
3134 4750 3190 4808 δὲ
3222 4757 3378 4822 Θεοῦ,
3408 4753 3470 4807 τὸ
3525 4757 3818 4830 συνῆφθαι,

2164 4843 2226 4896 τὸ
2287 4837 2642 4914 ὁμοθυμαδὸν
2703 4841 2986 4918 εὐφημεῖν,
3040 4843 3102 4896 τὸ
3163 4843 3446 4916 βαστάζειν
3505 4843 3599 4896 τὸν
3658 4843 3820 4896 ἀσθε-

2167 4929 2431 5004 νέστερον,
2471 4952 2498 4984 α
2530 4930 2628 4984 Διὰ
2656 4933 2816 4984 τοῦτο
2848 4929 3332 5006 ἐξομολογησομαί
3362 4953 3446 4985 σοι
3479 4929 3531 4985 ἐν
3564 4928 3759 4986 ἔθνεσι.
3795 4956 3822 4982 υ

2169 5020 2282 5088 Τὴν
2321 5020 2617 5094 μαρτυρίαν
2650 5020 2820 5094 φέρει,
2849 5016 3059 5081 δεικνὺς
3101 5019 3184 5074 ὅτι
3247 5027 3512 5094 συνῆφθαι
3572 5017 3656 5074 δεῖ
3695 5021 3822 5081 τοὺς

2171 5108 2220 5180 ἐξ
2253 5104 2532 5165 Ἰουδαίων
2565 5113 2682 5168 τοῖς
2711 5102 2930 5171 ἔθνεσιν.
2963 5141 3034 5150 —-
3056 5107 3304 5170 “’ᾼλλως.
3363 5108 3441 5165 Τὸ
3500 5104 3580 5177 δὲ,
3616 5133 3643 5158 ‹‹
3708 5110 3824 5178 Ἐξ·-

2173 5192 2608 5270 ομολογήσομαί
2638 5215 2721 5249 σοι
2782 5195 2834 5249 ἐν
2895 5190 3084 5264 ἔθνεσι,
3147 5195 3335 5271 Κύριε,
3373 5220 3398 5246 ››
3429 5194 3488 5249 ἐκ
3519 5196 3824 5268 προσώπου

2173 5288 2270 5338 τοῦ
2301 5284 2532 5357 Χριστοῦ
2559 5282 2793 5360 εἴρηται,
2824 5283 2939 5338 ἀντὶ
2971 5288 3088 5350 τοῦ,
3122 5285 3355 5358 Κηρύξω
3405 5303 3482 5350 σε,
3545 5284 3590 5337 ὦ
3623 5283 3821 5358 Πάτερ,

2175 5372 2227 5427 ἐν
2258 5378 2374 5432 τοῖς
2407 5369 2594 5428 ἔθνεσι.
2627 5399 2654 5426 ‹‹
2689 5372 2792 5428 Καὶ
2825 5375 2852 5427 6
2910 5373 3262 5445 ἀνιστάμενος
3319 5372 3508 5448 ἃρχειν
3569 5372 3757 5434 ἐθνῶν.
3794 5397 3820 5423 ››

2175 5461 2274 5528 Τὸ,
2306 5463 2418 5530 καὶ,
2451 5459 2798 5536 παρέλκεται,
2827 5461 2922 5516 ’ἕνα
2950 5465 3018 5534 ᾖα
3052 5465 3240 5518 Ἔσται
3293 5465 3351 5531 ἡ,
3394 5463 3515 5537 ῥίζα
3546 5465 3643 5516 τοῦ
3691 5463 3822 5516 Ἰεσ-
