4106 6252
257 353 370 411 61Ἷ

1346 352 1757 413 GOMMENT.
1810 351 1884 409 ΙΝ
1931 352 2181 413 EPIST.
2228 356 2333 414 AD
2381 355 2568 416 ltOM.

3550 364 3670 426 618

263 507 370 551 σαι,
406 510 434 537 ››
472 484 619 541 Ποία
651 486 787 556 αὕτη
820 504 833 555 ;
865 485 919 541 Ὀ
971 483 1346 560 ἀνιστάμενος,
1404 484 1586 564 φησὶν,
1620 483 1811 562 ἄρχειν
1838 484 1922 550 ἐθ-

2051 490 2372 560 perandum
2429 494 2724 564 gentibus.
2760 516 2788 546 »
2821 496 3172 566 Conjunctio
3211 497 3323 565 καὶ,
3383 498 3444 555 id
3475 506 3586 565 est,
3614 509 3690 571 et,

266 579 401 645 νῶν,
432 575 722 630 τουτέστιν
758 576 786 629 ὁ
817 575 1069 649 Χριστός.

349 860 395 910 Ο
458 851 513 908 Si
567 854 698 914 Θεὸς
751 860 851 922 τῆς
916 852 1141 916 ἐλπίδος
1197 853 1493 929 πληρώσαι
1563 854 1703 924 ὑμᾶς
1758 852 1936 922 πάσης

272 946 457 1017 χαρᾶς
512 940 599 995 καὶ
659 942 909 1017 εἰρήνης,
967 942 1021 997 ἐν
1079 948 1158 1014 τῷ
1207 942 1476 998 πιστεύειν
1511 941 1589 1003 εἷς
1635 940 1696 996 τὸ
1747 961 1933 1017 περισ-

266 1032 447 1084 σεύειν
511 1032 653 1101 ὑμᾶς
711 1035 765 1085 ἐν
821 1034 891 1104 τῇ
977 1029 1183 1100 ἐλπίδι,
1234 1032 1286 1087 έν
1345 1028 1567 1105 δυνάμει
1625 1030 1937 1103 υνεύματος

265 1119 455 1195 ἁγίου.
495 1123 795 1193 Πέπεισμαι
859 1118 935 1187 δὲ,
994 1119 1225 1200 ἀδελφοὶ
1290 1142 1419 1193 μου,
1474 1120 1566 1174 καὶ
1623 1120 1787 1182 αὐτὸς
1826 1119 1936 1195 ἐγὼ

264 1210 393 1285 περί
468 1208 646 1281 ὑμῶν,
716 1208 799 1264 δτι
851 1209 941 1264 καὶ
1001 1209 1153 1265 αὐτοὶ
1227 1210 1416 1282 μεστοὶ
1469 1208 1587 1264 ἐστε
1650 1207 1934 1284 ἀγαθωσύ-

262 1300 851 1372 νης,πεπληρωμένοι
909 1300 1084 1371 πάσης
1144 1301 1422 1377 γνώσεως,
1498 1299 1786 1375 δυνάμενοι
1846 1298 1936 1354 καὶ

277 1386 485 1450 ἄλλους
515 1394 805 1453 νουθετεῖν.

356 1478 523 1535 Πάλιν
585 1478 661 1542 εἷς
719 1479 895 1554 εὐχὴν
947 1478 1104 1551 ἦλθε,
1165 1477 1333 1555 λέγει’
1412 1482 1472 1537 Ὁ
1531 1481 1681 1547 Θεὸς,
1749 1490 1934 1555 φησιν,

276 1567 582 1637 ἀπαλλάξει
617 1567 755 1641 ὑμᾶς
804 1574 905 1636 τῆς
959 1570 1096 1641 πρὸς
1156 1566 1444 1639 ἀλλήλους
1476 1569 1685 1643 μάχης,
1717 1566 1805 1622 καὶ
1837 1566 1937 1634 τῆς

268 1654 416 1721 ἔνθεν
475 1657 731 1729 ἀθυμίας.
795 1680 821 1709 (ι
856 1658 917 1714 '0
976 1658 1109 1720 Θεὸς
1168 1665 1268 1729 τῆς
1327 1656 1575 1720 ἐλπίδος.
1610 1653 1935 1719 »Ἐλπίδος

266 1746 411 1813 ἐστὶ,
445 1746 605 1825 φησὶ,
634 1746 789 1817 Θεὸς,
819 1748 846 1800 ὁ
879 1746 1008 1809 Θεὸς
1040 1750 1223 1820 ἡμῶν.

342 1838 512 1893 ’Ὥστε
541 1834 728 1899 καλῶς
792 1837 1101 1913 ἐπεύχομαι
1163 1840 1312 1912 ὑμῖν.
1370 1836 1613 1929 Ἐλπίζω
1653 1838 1756 1914 γὰρ
1789 1836 1938 1929 ὲνερ-
1969 1865 2013 1929 Β

267 1936 442 2004 γῆσαι
474 1936 577 1998 τῆν
634 1929 832 2008 εὐχὴν,
881 1927 943 1983 ἂν
1001 1929 1154 1985 αὐτοὶ
1213 1931 1377 2003 μόνον
1412 1928 1722 2005 βυῦλοισθε.
1758 1933 1845 1986 Ἐν
1880 1926 1937 1984 δὲ

268 2026 351 2092 τῷ
383 2020 681 2090 πιστεύειν,
713 2026 890 2100 χαρᾶς
917 2022 1004 2076 καὶ
1053 2021 1277 2094 εἰρήνης
1324 2028 1427 2091 τῆς
1457 2022 1596 2077 κατᾶ
1618 2022 1744 2083 τοὺς
1776 2020 1938 2096 λογι-

273 2111 451 2184 σμους
484 2108 889 2183 πληρούμενοι,
915 2112 1047 2186 ὅπερ
1081 2111 1234 2185 ὑμῶν
1273 2112 1678 2191 ὑπερεόχομαι,
1702 2112 1819 2168 ἐστὶ
1847 2110 1936 2167 καὶ

275 2202 329 2254 ἐν
390 2204 458 2273 τῇ
516 2200 701 2256 ἐλπίδι
760 2202 1190 2277 περισσεύοντες,
1248 2204 1363 2257 οἷον
1422 2200 1815 2271 πλουτοῦντες,
1846 2200 1936 2255 καὶ

275 2287 533 2365 δαψιλῶς
565 2287 918 2363 διακείμενοι.
978 2294 1159 2348 Ταῦτα
1216 2288 1273 2345 δὲ
1322 2288 1411 2346 διὰ
1457 2300 1557 2361 τῆς
1589 2291 1814 2366 χάριτος
1845 2290 1934 2346 καὶ

275 2377 563 2454 δυνάμεως
632 2385 728 2435 τοῦ
794 2382 1060 2456 παναγίου
1138 2381 1492 2456 παραγίνεται
1598 2381 1932 2453 ΙΙνε-Βματος.

277 2501 343 2512 -
376 2468 626 2531 Ἀλλως·
690 2467 927 2543 Εὔχεται
982 2469 1165 2531 αὐτοῖς
1219 2470 1305 2525 ἳνα
1361 2468 1700 2544 πληρωθῶσι
1758 2470 1935 2540 πάσης

270 2562 449 2633 χαρᾶς
484 2560 537 2612 οἱ
570 2559 619 2631 ἐξ
653 2557 931 2615 Ἰουδαίων
988 2559 1163 2631 (οὗτοι
1233 2560 1336 2637 γὰρ
1392 2558 1639 2631 ἠθῦμουν
1685 2557 1935 2628 ἐκπλητ-

270 2648 546 2720 τόμενοι),
577 2647 669 2702 καὶ
700 2648 949 2721 εἰρήνης,
984 2648 1040 2701 οἱ
1073 2647 1122 2717 ἐξ
1151 2648 1341 2711 ἐθνῶν.
1376 2649 1541 2706 Οὗτοι
1583 2652 1684 2723 γὰρ
1718 2644 1937 2703 ἐδόκουν

281 2733 544 2807 ἆπεχϐὦν
572 2729 711 2809 ἔχειν
744 2734 879 2808 πρὸς
936 2734 1061 2796 τοὺς
1123 2733 1200 2789 ἔτι
1254 2740 1332 2808 τῷ
1363 2735 1520 2809 νόμῳ
1553 2733 1936 2814 ἐξεχομένους,

283 2824 506 2894 μᾶλλον
537 2820 591 2878 δὲ
622 2825 923 2900 ἀμφότέροι
957 2824 1301 2901 ἀμφοτέρων.
1338 2852 1357 2874 ιι
1387 2827 1474 2882 Ἐν
1494 2829 1574 2897 τῷ
1605 2823 1934 2880 πιστεύειν.»

280 2914 459 2968 Τοῦτο
484 2912 581 2985 γὰρ
616 2918 740 2987 παρ’
781 2915 942 2984 ἡμῶν
1000 2912 1345 2981 εἷ’σενεκτέον,
1379 2915 1475 2982 τὴν
1508 2934 1711 2969 πιστιν.
1743 2917 1836 2968 Ἐκ
1866 2910 1932 2983 δὴ

267 3000 473 3057 τούτου
506 3000 654 3056 ἔσται
683 3004 821 3073 ἡμῖν
879 3002 941 3056 τὸ
997 3003 1213 3057 πάντων
1272 3002 1446 3057 αῗ¹τιον
1475 3008 1583 3057 τῶν
1609 3002 1844 3076 ἀγαθῶν.
1871 3003 1933 3057 Ἥ

272 3090 347 3151 εἰς
379 3093 517 3146 Θεὸν
547 3089 729 3152 ἐλπίς.
761 3098 860 3146 ’Ήν
895 3094 1010 3163 μεθ’
1042 3086 1361 3165 ὑπερϐολῆς
1406 3092 1718 3167 ἐπεύχεται,
1751 3091 1847 3154 Εἰς
1871 3091 1935 3145 τὸ

277 3181 617 3253 περισσεύειν
646 3182 751 3257 γὰρ
782 3202 971 3257 φησιν,
993 3178 1124 3254 ὅπερ
1152 3180 1251 3234 οὐκ
1282 3177 1470 3241 ἄλλως
1502 3179 1671 3247 ἔσται,
1695 3180 1740 3233 εί
1766 3181 1842 3251 μή
1866 3182 1935 3251 τῇ

290 3266 518 3341 δινσμει
550 3275 646 3324 τοῦ
706 3270 1022 3331 Ιινεύνατος.
1078 3270 1139 3327 Ὁ
1190 3271 1371 3324 τοίνυν
1402 3270 1463 3323 τὸ
1521 3273 1736 3341 Πνεῦμα
1766 3265 1932 3343 ἔχων,

292 3361 364 3411 τί
393 3359 561 3413 πάντα
586 3353 719 3435 ἔχει.
775 3384 801 3411 ‹‹
835 3361 1133 3430 Πέπεισμαι
1168 3356 1242 3414 δέ.
1283 3382 1309 3411 ››
1372 3358 1443 3411 Οὐ
1503 3356 1718 3431 δέομαι,
1780 3356 1934 3432 φησὶ,

302 3452 485 3519 μαθεῖν
526 3451 640 3522 παρ’
698 3448 920 3522 ἑτέρων,
985 3447 1130 3503 ἀλλὰ
1187 3447 1715 3524 πεπληροφόρημαι,
1767 3472 1793 3499 ‹‹
1830 3453 1935 3502 Με-

295 3535 411 3591 ato;
461 3535 575 3592 ἐστε
632 3537 1005 3611 ἀγαθωσύνης.
1057 3562 1083 3593 ι)
1143 3536 1527 3613 Ἀγαθωσόνην
1598 3535 1778 3606 καλεῖ,
1836 3538 1934 3606 τὴν

282 3626 696 3702 ἀπηρτισμένην
727 3626 943 3701 ἀρετήν.
975 3628 1047 3683 Τὸ
1103 3624 1179 3697 δὲ,
1250 3648 1270 3677 ι
1310 3626 1519 3700 μεστοὶ,
1556 3659 1578 3682 ν
1639 3626 1935 3687 έπιτάσεώς

275 3717 388 3773 ἐστι
452 3718 630 3793 ῥῆμα.
697 3718 1186 3791 «Πεπληρωμένοι
1244 3718 1420 3787 πάσης
1480 3718 1750 3792 γνώσεως.
1788 3741 1816 3768 ››
1874 3716 1935 3774 Τί

275 3808 380 3880 γὲ)
414 3810 500 3862 ὅτι
552 3805 892 3883 φιλάδελφός
954 3807 1063 3862 ἐστί
1119 3828 1225 3871 τις,
1288 3805 1348 3861 οὗ
1407 3805 1704 3881 δυνάμενος
1749 3804 1807 3861 δὲ
1862 3805 1938 3867 είς

283 3894 400 3951 δέον
431 3901 501 3970 τῇ
536 3897 716 3971 ἀγάπῃ
750 3898 1099 3972 χρήσασθαι;
1133 3896 1233 3951 Διά
1283 3897 1448 3952 τοῦτό
1499 3916 1655 3971 φησι·
1689 3921 1717 3948 (‹
1755 3898 1937 3965 Πάσης

279 3987 561 4062 γνώσεως.
597 4010 623 4038 ι)
687 3986 983 4059 Δυνάμενοι
1037 3986 1126 4041 καὶ
1185 3982 1391 4048 ἄλλους
1438 3988 1723 4042 νουθετεῖν.
1768 4019 1833 4030 -
1865 3984 1938 4041 Οὐ

282 4080 451 4153 μόνον
485 4077 551 4133 οὐ
579 4075 775 4146 δεῖσθε,
810 4076 965 4154 φησὶ,
1008 4078 1400 4152 παραινέσεως,
1434 4076 1581 4133 ἀλλὰ
1608 4077 1700 4133 καὶ
1732 4076 1938 4141 ἄλλους

280 4163 586 4223 διδάσκετε.

931 4316 1198 4370 ΚΕΦΑΛ.
1240 4314 1301 4370 Κ.

351 4423 484 4500 Περί
516 4421 861 4500 λειτουργίας
892 4421 1081 4492 αὐτοῦ,
1114 4428 1215 4491 τῆς
1265 4420 1315 4478 έν
1350 4420 1617 4496 Ἀνατολῇ
1648 4422 1737 4479 καὶ
1771 4421 1869 4477 Δό-

1068 4514 1166 4551 σει.

2042 581 2337 650 superﬂue
2370 582 2771 653 interponitur
2799 591 2865 639 ut
2895 586 2972 640 sit
3002 586 3096 641 hic
3119 603 3329 643 sensus
3356 604 3369 642 :
3394 611 3421 638 ‹‹
3448 590 3571 644 Erit
3599 607 3690 646 ra-

2041 666 2139 722 dix
2170 670 2369 724 Jessw.
2411 694 2429 717 ι
2462 672 2743 736 Quaenam
2771 674 2875 729 illa
2897 674 2923 727 '2
2953 698 2979 725 «ι
3014 675 3122 739 Qui
3155 684 3448 749 exsurget.
3471 679 3687 752 inquit,

2041 757 2114 811 ad
2147 759 2561 829 imperandum
2592 763 2888 834 gentibus,
2925 764 2982 817 id
3015 772 3122 831 est,
3153 767 3438 822 Christus.

2110 846 2222 911 XV,
2260 851 2341 912 l3,
2379 851 2461 903 14.
2498 874 2521 897 ‹‹
2560 852 2713 906 Deus
2736 858 2931 907 autem
2967 854 3091 924 spei
3126 854 3372 926 impleat
3398 872 3495 911 vos
3528 858 3696 912 omni

2042 955 2069 983 ‹‹
2093 936 2306 1005 gaudio
2330 944 2387 990 et
2406 954 2549 1009 pace
2573 940 2632 993 in
2652 941 3036 1009 credendo,in
3058 943 3261 1009 hoc,ut
3279 944 3614 999 exuberetis
3636 946 3701 1000 in

2048 1045 2072 1075 ιι
2096 1040 2197 1095 spe
2224 1042 2327 1095 per
2346 1028 2673 1098 potentiam
2698 1030 2949 1101 Spiritus
2978 1032 3183 1087 sancti.
3208 1034 3536 1089 Persuasus
3571 1049 3706 1091 sum

2042 1135 2067 1162 α
2093 1120 2313 1181 autem,
2346 1118 2558 1172 fratres
2591 1117 2729 1185 mei,
2755 1127 2811 1172 et
2840 1136 2944 1192 ego
2977 1120 3102 1191 ipse
3134 1120 3207 1175 de
3239 1122 3426 1190 vobis,
3463 1124 3626 1193 quod
3648 1129 3707 1179 et

2043 1225 2071 1251 ‹‹
2094 1201 2207 1273 ipsi
2230 1204 2390 1275 pleni
2425 1207 2566 1260 estis
2584 1206 3105 1279 bonitate,impleti
3124 1210 3289 1264 omni
3315 1211 3665 1284 scientia,po
3679 1243 3700 1256 -

2043 1315 2068 1342 ‹‹
2099 1297 2290 1348 tentes
2317 1295 2495 1349 etiam
2527 1297 2778 1352 invicem
2811 1297 2964 1354 alius
2995 1299 3181 1354 alium
3212 1300 3554 1359 admonere.
3592 1326 3615 1353 ι

2115 1384 2369 1438 Rursum
2401 1385 2474 1440 ad
2500 1386 2829 1442 orationem
2860 1388 3040 1456 venit,
3092 1394 3151 1443 et
3200 1390 3321 1443 ait:
3356 1390 3511 1446 Deus
3544 1391 3698 1447 libe-

2042 1472 2196 1527 rabit
2217 1490 2316 1528 vos
2347 1490 2381 1528 a
2406 1482 2612 1531 mutua
2633 1477 2789 1531 inter
2808 1494 2909 1532 vos
2930 1495 3146 1550 pugna,
3174 1480 3322 1535 401
3354 1486 3412 1535 et
3443 1481 3514 1537 ab
3538 1482 3699 1537 omni

2042 1564 2315 1634 angustia
2336 1581 2466 1631 quas
2517 1565 2655 1620 inde
2712 1568 3000 1638 provenit.
3036 1590 3065 1617 «
3096 1570 3251 1625 Deus
3283 1569 3433 1641 spei.
3462 1590 3489 1622 η
3540 1571 3698 1645 Spei,

2043 1653 2258 1724 inquit,
2293 1655 2447 1711 Deus
2474 1662 2563 1711 est
2592 1658 2744 1713 Deus
2775 1664 2997 1715 noster.

2112 1839 2314 1911 Itaque
2345 1842 2495 1897 bene
2526 1859 2736 1915 precor
2764 1843 2946 1900 vobis.
2984 1845 3162 1916 Spero
3196 1845 3357 1901 enim
3390 1845 3693 1903 efﬁcacem

2041 1928 2165 1984 fore
2198 1932 2549 1999 orationem,
2594 1934 2642 1987 si
2672 1933 2848 1988 modo
2880 1934 2991 2006 ipsi
3030 1935 3245 1990 velitis.
3301 1937 3368 1990 In
3396 1936 3694 1991 credendo

2042 2024 2239 2073 autem
2271 2020 2497 2092 impleti
2531 2022 2659 2077 sitis
2680 2022 2891 2095 gaudio
2925 2030 2981 2079 et
3014 2041 3176 2096 pace,
3202 2041 3332 2096 qua:
3365 2025 3695 2082 secundum

2041 2109 2428 2180 cogitationes
2446 2117 2535 2166 est
2552 2112 2729 2182 (quod
2756 2129 2860 2183 pro
2887 2113 3049 2168 vobis
3072 2118 3337 2185 excepto)
3365 2114 3493 2169 sitis
3515 2116 3699 2170 etiam

2042 2196 2104 2250 in
2139 2214 2240 2268 spe
2274 2199 2667 2255 exuberantes
2702 2201 2820 2257 sive
2871 2202 3040 2257 ditati
3096 2209 3155 2257 et
3210 2203 3444 2260 abunde
3476 2205 3701 2260 ali'ecti.

2042 2287 2174 2339 Haec
2205 2292 2402 2341 autem
2435 2304 2540 2357 per
2569 2290 2820 2361 gratiam
2852 2306 2920 2345 ac
2964 2292 3293 2362 potentiam
3338 2292 3699 2348 sanctissimi

2043 2373 2294 2444 Spiritus
2319 2377 2692 2449 contingunt.
2716 2409 2785 2419 —-
2806 2380 2933 2435 Alio
2957 2382 3132 2435 modo.
3160 2382 3299 2437 Orat
3318 2389 3384 2437 ut
3413 2384 3704 2454 implean-

2041 2468 2140 2519 tur
2168 2465 2330 2519 omni
2359 2467 2571 2538 gaudio
2607 2467 2811 2522 fideles
2842 2469 2943 2539 qui
2994 2485 3063 2523 ex
3092 2470 3309 2525 Judazis
3341 2478 3511 2527 erant
3540 2476 3700 2542 (nam

2042 2551 2102 2607 hi
2136 2555 2334 2609 animo
2365 2556 2734 2627 angebantur
2787 2557 2859 2612 ab
2918 2557 3054 2612 aliis
3102 2558 3459 2632 objurgati):
3493 2566 3552 2614 et
3580 2562 3695 2616 im-

2043 2640 2320 2712 pleantur
2349 2659 2493 2715 pace
2526 2645 2628 2714 qui
2660 2652 2831 2700 erant
2860 2662 2929 2701 ex
2972 2646 3269 2716 gentibus,
3304 2648 3363 2702 bi
3397 2649 3695 2719 siquidem

2042 2730 2285 2787 inimico
2318 2735 2517 2789 animo
2555 2733 2906 2791 videbantur
2935 2752 2996 2791 se
3028 2735 3244 2791 habere
3296 2753 3434 2810 erga
3463 2754 3564 2793 eos
3594 2737 3697 2809 qui

2043 2819 2157 2892 legi
2181 2821 2374 2877 adhuc
2396 2823 2818 2879 adhaerebant:
2848 2824 3031 2896 magis
3054 2832 3252 2879 autem
3275 2827 3516 2897 utrique
3544 2834 3702 2882 utro-

2044 2924 2157 2978 que
2180 2911 2545 2980 repleantur.
2575 2935 2598 2963 ιι
2624 2914 2690 2967 In
2717 2912 3080 2968 credendo.»
3111 2913 3229 2969 Hoc
3270 2915 3431 2971 enim
3463 2931 3498 2970 a
3528 2915 3699 2971 nobis

2044 2996 2421 3055 inferendum
2453 3006 2559 3066 est,
2595 3018 2811 3072 nempe
2846 3002 3011 3056 ﬁdes.
3049 3003 3128 3057 Ex
3162 3002 3272 3057 hoc
3300 3021 3443 3059 sane
3471 3021 3607 3075 spes
3639 3006 3703 3059 in

2043 3089 2226 3139 Deum
2258 3088 2428 3142 nobis
2488 3089 2747 3155 accedet,
2809 3090 3079 3145 omnium
3140 3107 3318 3146 causa
3360 3093 3697 3148 bonorum:

2044 3190 2221 3242 quam
2246 3176 2646 3248 maximopere
2674 3186 2966 3249 precatur.
2998 3179 3069 3233 Ut
3091 3178 3450 3244 exuberetis,
3483 3181 3702 3251 inquit,

2045 3260 2202 3332 quod
2234 3280 2353 3318 non
2384 3265 2500 3320 alio
2532 3266 2699 3321 modo
2729 3267 3052 3339 continget,
3086 3268 3202 3321 nisi
3237 3285 3344 3339 per
3374 3271 3705 3339 potentiam

2044 3349 2314 3420 Spiritus.
2348 3354 2457 3419 Qui
2489 3372 2625 3427 ergo
2667 3355 2949 3427 Spiritum
3009 3356 3214 3421 habet,
3272 3359 3480 3414 omnia
3510 3360 3707 3416 habet.

2046 3466 2073 3492 ‹‹
2107 3446 2431 3503 Persuasus
2462 3465 2594 3503 sum
2625 3456 2844 3504 autem.
2880 3472 2909 3499 »
2941 3452 3066 3505 Non
3100 3467 3251 3522 opus
3295 3457 3385 3507 est
3415 3452 3583 3522 mihi,
3613 3455 3708 3509 in-

2046 3534 2192 3603 quit,
2228 3540 2291 3589 ut
2316 3536 2386 3590 ab
2418 3537 2549 3592 aliis
2583 3538 2830 3603 discam,
2888 3539 2991 3593 sed
3053 3541 3274 3595 certior
3325 3542 3519 3598 factus
3553 3560 3704 3600 sum.

2046 3643 2073 3671 ί(
2106 3623 2272 3678 Pleni
2298 3626 2441 3681 estis
2465 3626 2748 3683 bonitate.
2780 3651 2807 3679 ››
2838 3629 3166 3684 Bonitatem
3190 3638 3358 3685 vocat
3376 3633 3706 3703 perfectam

2044 3714 2540 3786 virtutem.Pleni,
2573 3735 2708 3773 vero
2741 3718 2920 3774 dictio
2953 3721 3247 3776 intensiva
3278 3728 3385 3776 est.
3413 3746 3440 3772 «
3470 3723 3707 3794 Impleti

2046 3803 2208 3856 omni
2242 3805 2510 3861 scientia.
2548 3828 2577 3855 ››
2618 3807 2767 3871 Quid
2799 3813 2997 3861 autem
3030 3809 3294 3878 proderit
3324 3810 3372 3863 si
3404 3810 3704 3881 quispiam

2044 3890 2256 3946 fratres
2288 3892 2515 3965 diligat,
2546 3895 2661 3948 nisi
2693 3895 2767 3949 ad
2799 3895 2859 3949 id
2910 3896 3067 3965 quod
3096 3913 3244 3966 opus
3276 3904 3365 3952 est
3392 3899 3582 3969 possit
3610 3899 3697 3956 uti

2047 3977 2361 4035 dilectione
2384 3982 2411 4036 ?
2436 3984 2683 4052 PrOpter
2712 3982 2823 4037 hoc
2845 3983 3007 4050 dicit,
3031 4006 3058 4033 «
3084 3985 3255 4040 Omni
3279 3986 3546 4041 scientia.
3577 4009 3606 4039 ››
3629 4017 3698 4030 ~—

2050 4090 2076 4117 α
2109 4070 2388 4124 Potentes
2419 4070 2595 4125 etiam
2620 4072 2870 4126 invicem
2901 4072 3055 4127 alius
3086 4072 3271 4129 alium
3300 4075 3643 4133 admonere.
3671 4100 3693 4127 ιι

2049 4160 2174 4213 Non
2206 4158 2399 4215 solum
2427 4175 2549 4216 non
2604 4161 2787 4233 egetis
2845 4160 3276 4234 admonitione,
3327 4164 3432 4221 sed
3461 4171 3521 4221 et
3547 4166 3700 4223 alios

2050 4246 2291 4303 docetis.

2674 4340 2905 4396 CAPUT
2952 4340 3073 4399 XX.

2052 4427 2123 4483 De
2180 4430 2489 4486 ministerio
2540 4432 2712 4501 ipsius
2768 4429 2935 4486 Pauli
2989 4431 3049 4485 in
3098 4429 3355 4501 partibus
3387 4431 3623 4491 Orientis
3649 4450 3702 4507 ιι

2719 4516 3041 4575 Occidentis.

351 4605 778 4682 Τολμηρότερον
866 4603 925 4662 δὲ
997 4600 1203 4682 ἔγραψα
1280 4605 1430 4681 ὑμῖν,
1506 4602 1756 4681 ἀδελφοὶ,
1833 4605 1938 4659 ἀπὸ

2119 4608 2430 4676 XV,l5,16.
2454 4608 2796 4665 «Audacius
2813 4616 3013 4665 autem
3037 4608 3247 4681 scripsi
3269 4609 3677 4687 vobis,fratres

286 4699 509 4773 μέρους,
574 4696 648 4758 ὡς
738 4695 1237 4769 ἐπαναμιμνήσκων
1335 4694 1472 4765 ὑμᾶς
1536 4691 1625 4750 διὰ
1661 4695 1758 4762 τὴν
1829 4692 1929 4767 χά-

286 4808 370 4862 ριν
428 4787 529 4855 την
592 4783 838 4849 δοθεῖσάν
903 4805 997 4857 μοι
1060 4784 1162 4839 ὑπὸ
1212 4786 1307 4838 τοῦ
1365 4788 1519 4854 Θεοῦ,
1581 4782 1659 4845 εἷς
1704 4784 1767 4839 τὸ
1800 4782 1932 4838 εἶναί

292 4898 360 4944 με
439 4872 758 4951 λειτουργὸν
837 4875 1016 4945 Ἰησοῦ
1094 4873 1327 4943 Χριστοῦ
1395 4872 1472 4937 εἰς
1551 4872 1618 4927 τὰ
1676 4870 1797 4941 ἔθνη
1852 4872 1936 4925 ἰε-

296 4970 625 5039 ρουργοῦντα
682 4967 745 5020 τὸ
800 4961 1123 5039 Εὖαγγέλιον
1177 4966 1275 5018 τοῦ
1356 4967 1509 5033 Θεοῦ,
1567 4962 1657 5017 ἳνα
1714 4965 1937 5038 γένηται

291 5058 327 5125 ἡ
380 5056 663 5133 προσφορὰ
718 5058 825 5111 τῶν
882 5054 1043 5109 ἐθνῶν
1098 5049 1511 5128 εὐπρόσδεκτος,
1544 5055 1851 5129 ἡγιασμένη
1885 5052 1937 5108 ἐν

289 5147 566 5219 Πνεῦματι
591 5146 749 5220 ἁγίῳ.

357 5266 383 5290 ‹‹
420 5237 848 5310 Τολμηρότερον
900 5235 1008 5289 ἀπὸ
1070 5232 1293 5306 μέρους.
1332 5256 1352 5283 ι
1418 5231 1562 5289 Ἀντὶ
1592 5237 1710 5301 τοῦ,
1744 5234 1942 5308 τρόπον

281 5330 420 5395 τινὰ,
455 5326 550 5383 καί
581 5324 632 5382 εἲ
683 5347 766 5387 τις
827 5326 901 5397 μὴ
960 5325 1059 5392 τὴν
1122 5318 1364 5377 διάνοιαν
1401 5320 1540 5391 ὅλην
1574 5321 1787 5397 βλέπει,
1818 5324 1941 5379 ἀλλ’

282 5417 445 5482 αὐτὰς
476 5417 579 5477 τὰς
634 5411 804 5485 λέξεις
849 5412 907 5468 ἐκ
958 5414 1157 5486 μέρους
1202 5409 1674 5485 πολυπραγμονεῖ,
1721 5414 1947 5487 γυμνώ-

280 5531 374 5571 σας
404 5516 511 5579 τῆς
548 5504 809 5565 διανοίας.
843 5501 909 5561 Εἲ
952 5523 1034 5564 τις
1085 5500 1179 5555 οὗν
1223 5499 1283 5556 ἐκ
1341 5499 1537 5575 μέρους
1567 5508 1777 5573 σκοπεῖ,
1805 5501 1946 5577 δόξει

278 5601 336 5656 ἂν
368 5599 527 5671 αὖτῷ
562 5592 938 5669 σκληρότερὸν
989 5612 1055 5664 με
1111 5591 1197 5645 καὶ
1252 5590 1586 5669 τραχύτερον
1618 5592 1743 5666 ὑμῖν
1775 5614 1947 5670 προσ-

276 5695 580 5767 ενεχθῆνοιι
632 5682 722 5740 διὰ
767 5686 874 5740 τῶν
942 5685 1308 5760 γραμμάτων,
1358 5677 1491 5736 ἀλλ’
1536 5680 1667 5757 ἐγὼ,
1724 5684 1800 5747 ὡς
1854 5684 1949 5743 έπ-

618 5808 856 5866 ΡΑΤιιυι
876 5849 888 5864 .
936 5803 1046 5864 GR.
1096 5801 1353 5865 CXVI“.

2043 4721 2069 4747 ‹‹
2100 4712 2171 4753 ex
2191 4704 2389 4769 parte:
2422 4704 2706 4770 tanquam
2738 4698 3277 4755 commonefaciens
3306 4717 3406 4757 vos
3450 4708 3660 4775 propte

2048 4809 2072 4839 α
2099 4787 2382 4859 gratiam:
2407 4803 2537 4857 quas
2560 4787 2697 4842 data
2718 4792 2808 4842 est
2826 4787 2971 4841 mihi
2996 4803 3030 4841 a
3047 4787 3267 4855 Deo,ut
3288 4790 3401 4844 sim
3423 4792 3703 4848 minister

2050 4899 2076 4925 «
2099 4877 2234 4932 Jesu
2260 4876 2475 4932 Christi
2507 4877 2569 4931 in
2600 4882 2803 4949 gentes
2826 4883 3027 4931 sancte
3058 4877 3485 4935 administrans
3514 4882 3703 4938 Evan-

2049 4990 2077 5018 ‹‹
2100 4966 2321 5039 gelium
2360 4965 2487 5031 Dei,
2536 4966 2685 5021 402
2716 4971 2783 5020 ut
2812 4965 2917 5020 fiat
2945 4966 3165 5022 oblatio
3197 4970 3463 5041 gentium
3495 4986 3703 5042 accep-

2052 5077 2076 5109 α
2105 5056 2325 5122 tabilis,
2358 5055 2726 5110 sanctiﬁcata
2756 5071 2862 5127 per
2888 5055 3173 5127 Spiritum
3203 5066 3497 5115 sanctum.
3530 5079 3560 5107 »

2124 5258 2151 5285 ‹‹
2184 5234 2477 5290 Audacius
2509 5251 2576 5288 ex
2608 5240 2792 5305 parte.
2825 5257 2852 5284 »
2888 5235 3005 5291 Hoc
3038 5241 3146 5299 est,
3181 5234 3706 5313 quodammodo,et

2054 5326 2101 5381 si
2135 5325 2268 5395 quis
2307 5340 2428 5379 non
2486 5322 2683 5378 videat
2741 5329 2924 5378 totam
2981 5326 3363 5387 sententiam,
3395 5323 3498 5377 sed
3529 5323 3708 5381 verba

2054 5416 2183 5487 ipsa
2211 5431 2283 5469 ex
2312 5418 2476 5485 parte
2497 5413 2790 5469 curiosius
2812 5418 3110 5468 scrutetur
3131 5413 3259 5467 sine
3292 5412 3624 5469 intellectu.
3647 5413 3707 5469 Si

2057 5522 2193 5578 ergo
2223 5522 2294 5561 ex
2322 5511 2487 5577 parte
2519 5505 2871 5573 consideret,
2906 5504 3214 5577 apparebit
3244 5521 3384 5561 sane
3418 5505 3527 5574 illi,
3548 5506 3709 5579 quod

2057 5596 2357 5652 duriorem
2388 5612 2454 5651 ac
2485 5595 2848 5668 asperiorem
2881 5611 2975 5651 me
3008 5594 3170 5650 vobis
3201 5595 3575 5653 exhibuerim
3601 5613 3710 5669 per

2060 5689 2307 5759 litteras,
2341 5686 2443 5743 sed
2466 5701 2569 5761 ego
2592 5691 2875 5758 tanquam
2898 5685 3441 5743 commonefaciam
3472 5686 3705 5758 scripsi.

3385 5805 3466 5866 20
