4106 6252
401 337 518 397 619

1522 331 1944 393 (ΕΟΗΜΕΝΠ
1991 327 2292 391 TRICC/E
2334 327 2686 391 EPISCOPI

3695 328 3799 389 620

405 474 476 529 Et
506 487 744 527 rursum
779 485 1024 526 necesse
1055 469 1166 524 fuit
1195 470 1342 525 mihi
1375 468 1655 533 scribere,
1690 467 1848 540 quod
1869 467 2041 539 gratia

2166 461 2602 539 ἀναμιμνήσκων
2633 463 2863 543 ἔγραψα.
2898 463 3001 521 Καὶ
3047 462 3208 519 πάλιν
3262 459 3500 537 ἀνάγκην
3533 461 3691 540 εἶχον
3721 466 3809 517 τοῦ

403 562 549 620 mihi
583 579 617 616 a
650 563 766 618 Deo
795 561 931 616 data
961 560 1038 614 sit
1069 560 1126 614 in
1151 561 1260 615 hoc
1285 565 1351 616 ut
1371 558 1754 631 praedicarem
1786 574 1854 611 ac
1885 556 2051 611 doce-

404 668 526 707 rem
556 657 800 724 gentes:
840 649 1106 704 Minister
1137 650 1294 704 enim
1335 665 1465 706 sum
1497 647 1733 706 Christi.
1768 655 2052 716 tanquam

400 741 662 796 famulus
694 746 753 794 et
781 739 1195 794 obsecundans
1254 739 1440 810 ipsius
1473 737 1778 792 voluntati.
1814 737 1884 789 Et
1912 733 2050 806 quid

403 830 668 902 operaris
689 828 716 884 ?
746 828 956 883 Sancte
985 827 1358 895 administro,
1387 827 1600 898 inquit,
1635 826 1752 880 sive
1786 825 2051 880 sacrifico

403 919 787 992 Evangelium
819 919 947 990 ejus
975 936 988 972 :
1044 919 1156 973 hoc
1206 925 1313 981 est,
1361 917 1614 971 hostiam
1649 917 1823 970 istam
1854 914 1906 970 ei
1940 913 2056 966 im-

403 1009 584 1072 molo,
617 1025 832 1080 nempe
868 1008 1242 1080 Evangelium
1279 1006 1488 1078 ipsius.
1511 1007 1576 1060 Et
1599 1003 1894 1076 quomodo
1919 1017 2056 1057 con-

404 1097 577 1170 tingit
608 1096 918 1152 immolare
961 1112 1026 1152 ac
1075 1096 1408 1152 sacriﬁcare
1443 1093 1820 1166 Evangelium
1841 1091 1869 1147 ‘I
1897 1091 2051 1146 Oti‘e-

402 1187 608 1255 rendo,
644 1187 859 1258 inquit,
891 1185 980 1240 illi
1011 1191 1216 1257 gentes
1244 1201 1373 1256 quae
1407 1201 1512 1256 per
1543 1183 1690 1238 illud
1719 1181 2057 1247 credunt,et

403 1281 468 1332 ut
498 1275 641 1346 ipsaa
668 1275 816 1331 ﬂant
836 1275 1230 1346 acceptabiles
1253 1282 1311 1330 et
1336 1273 1718 1330 sanctiﬁcata
1746 1288 1851 1344 per
1871 1269 2056 1342 Spiri-

401 1371 530 1420 tum
563 1372 849 1421 sanctum.
873 1364 1234 1421 Adducendo
1265 1365 1463 1436 itaque
1494 1364 1568 1419 ad
1597 1363 2057 1434 fidem,Evange.

404 1455 555 1510 lium
589 1455 690 1511 Dei
724 1456 1037 1512 sacrificat.
1098 1455 1205 1510 Vel
1266 1455 1445 1511 dictio
1477 1455 1886 1529 Ἰερουργοῦντα
1915 1453 2054 1507 sim-

402 1543 618 1616 plicius
647 1544 1037 1617 intelligenda
1069 1549 1176 1604 est,
1202 1548 1268 1598 ut
1291 1543 1581 1614 signiﬁcet
1612 1547 1814 1596 sancte
1840 1556 1906 1596 ac
1928 1538 2057 1594 dili-

403 1640 610 1706 genter
642 1640 1011 1704 operantem,
1035 1649 1156 1687 non
1187 1639 1409 1686 temere
1432 1647 1499 1686 ac
1531 1631 1930 1703 negligenter;
1959 1633 2061 1682 aut

405 1727 514 1782 lioc
544 1743 679 1798 ergo
712 1725 908 1792 modo,
942 1733 1045 1782 aut.
1100 1726 1298 1796 potius
1333 1725 1444 1780 isto
1485 1721 1894 1793 accipiendum
1929 1725 2056 1775 est:

2162 555 2406 632 γράφειν,
2460 554 2544 610 ’ὁτι
2605 553 2854 628 χάρισμά
2915 574 3009 627 μοι
3068 552 3175 608 ἀπὸ
3234 556 3366 608 Θεοῦ
3419 548 3616 622 ἐδόθη.
3651 550 3725 612 εἷς
3757 550 3812 606 τὸ

2158 648 2448 718 κηρύσσειν
2501 645 2590 702 καὶ
2659 643 2929 702 διδέσκειν
2995 648 3062 701 τὰ
3121 644 3272 717 ἔθνη.
3333 644 3674 722 Λειτουργὸς
3723 645 3815 717 γάρ

2165 733 2277 807 εἰμι
2311 737 2573 810 Χριστοῦ,
2634 736 2752 791 οἷον
2813 735 3086 810 ὑπουργὸς
3137 735 3228 790 καὶ
3289 734 3592 808 ὑπηρέτης.
3639 731 3744 788 Καὶ
3771 732 3818 786 τί

2159 823 2362 901 ἐργάζῃ
2391 841 2406 893 ;
2440 826 2754 902 Ἱερουργῶ,
2787 824 2944 899 φησὶ,
2973 826 3036 880 τὸ
3075 821 3401 901 [εὐαγγέλιον
3443 822 3642 889 αὐτοῦ,
3674 841 3820 876 τουτ-

2160 911 2271 967 έστι
2327 915 2514 968 θυσίαν
2572 912 2720 986 αὑτῷ
2776 911 2975 984 ταύτην
3040 913 3174 982 θύω,
3228 914 3288 968 τὸ
3347 908 3695 989 Εὑαγγέλιον
3727 910 3818 964 αύ-

2160 1004 2276 1056 τοῧ·
2313 1001 2412 1058 Καὶ
2457 1007 2574 1065 πῶς
2631 998 2746 1058 ἔστι
2802 1003 2948 1066 θύειν
3004 1001 3094 1058 καὶ
3150 1002 3442 1077 ἱερουργεῖν
3473 1001 3542 1056 τὸ
3580 999 3817 1074 Εὐαγγέο

2161 1086 2319 1160 λιον;
2375 1092 2470 1146 Ἐκ
2523 1095 2622 1146 τοῦ
2680 1089 3002 1172 προσφέρειν
3061 1092 3229 1162 αὐτῷ,
3263 1090 3417 1168 φησέ,
3450 1092 3518 1143 τὰ
3554 1088 3632 1144 δι’
3663 1089 3818 1143 αὑτοῦ

2161 1178 2480 1235 πιστεύοντα
2511 1177 2660 1251 ἔθνη,
2719 1182 2810 1236 καὶ
2861 1179 3096 1254 γίνεσθαι
3153 1180 3287 1235 αὐτὰ
3326 1176 3706 1254 εὐπρόσδεκτα
3736 1178 3818 1233 καὶ

2160 1269 2468 1345 ἡγιασμένοι
2523 1269 2574 1324 ἐν
2635 1270 2906 1343 Πνεύματι
2993 1271 3150 1346 ἁγίῳ.
3209 1272 3368 1325 Ὥστε
3433 1271 3460 1324 ὁ
3521 1269 3819 1345 προσάγων

2159 1360 2229 1431 τῇ
2311 1358 2512 1430 πίστει,
2593 1361 2656 1415 τὸ
2743 1359 3070 1436 [εὐαγγέλιον
3153 1364 3249 1416 τοῦ
3329 1363 3461 1416 Θεοῦ
3519 1361 3819 1434 ἱερουργεῖ.

2161 1447 2230 1504 Ἥ
2320 1448 2701 1525 ἱερουργοῦντα
2809 1449 3105 1504 ἀκουστέον
3194 1449 3596 1523 ἁπλούστερον,

2165 1535 2324 1610 ἱερῶς
2383 1536 2750 1614 ἐργαζόμενον
2828 1539 2919 1593 καὶ
3002 1534 3332 1607 σπουδαὲως,
3390 1537 3543 1593 ἀλλὰ
3613 1538 3693 1610 μή
3753 1535 3823 1596 ὡς

2163 1623 2326 1704 ἔτυχε
2377 1629 2466 1681 καὶ
2523 1624 2915 1701 ἠμελημένως.
2975 1629 3044 1685 Ἦ
3103 1630 3194 1683 οῦν
3254 1629 3448 1697 οὓτως,
3506 1629 3544 1697 ἢ
3607 1623 3818 1700 μᾶλλον

2163 1714 2339 1777 οὕτως
2424 1714 2744 1787 ἐκληπτέον·
2831 1715 3256 1794 Τολμηρότερον
3329 1715 3544 1792 ἔγριψα
3605 1713 3670 1770 ἐκ
3731 1719 3820 1788 μέ-

3688 1447 3821 1514 οἷον,

404 1815 700 1872 Audacius
732 1816 940 1887 scripsi
1000 1832 1070 1869 ex
1129 1820 1295 1886 parte
1326 1813 1510 1878 vobis,
1545 1812 1724 1868 etiam
1767 1815 2041 1881 tanquam

2164 1824 2291 1877 ρους
2351 1805 2503 1878 ὑμῖν,
2562 1804 2654 1861 καὶ
2711 1806 2786 1867 ὡς
2870 1803 3367 1881 ἐπαναμιμνήσκων
3425 1807 3672 1884 γράψας.
3759 1807 3818 1862 Ἡ

404 1904 987 1962 commonefaciendo
1036 1903 1320 1958 scribens.
1354 1901 1658 1972 Siquidem
1703 1899 2054 1955 incumbens

404 1996 546 2050 mihi
583 1995 906 2050 necessitas
935 2000 993 2049 et
1013 1993 1422 2048 vehementius
1446 1998 1504 2046 et
1533 1990 1876 2062 diligentius
1910 1988 2051 2044 scri-

403 2083 542 2137 bere
573 2083 854 2153 postulat.
880 2083 994 2154 Ego
1022 2099 1156 2137 vero
1178 2097 1359 2138 ausus
1381 2097 1510 2136 sum
1543 2087 1600 2136 et
1631 2085 1894 2136 exactam
1917 2078 2055 2133 dili-

404 2173 663 2244 gentiam
695 2172 989 2241 omittere,
1014 2179 1072 2228 et
1097 2189 1214 2227 non
1243 2179 1525 2242 tanquam
1557 2177 1887 2244 praeceptor
1909 2169 2053 2224 scri-

405 2265 542 2318 bere
565 2281 576 2318 :
602 2263 706 2319 sed
731 2263 982 2319 multum
1009 2264 1304 2336 parcendo
1329 2270 1387 2318 et
1408 2269 1689 2334 tanquam
1718 2277 2055 2317 commone-

405 2353 648 2422 faciens,
709 2352 826 2408 sive
894 2355 1090 2426 potius
1175 2353 1248 2408 ad
1305 2353 1656 2408 memoriam
1711 2351 2050 2406 reducens:

406 2460 747 2516 quanquam
771 2443 1047 2500 deberem
1069 2450 1127 2500 et
1148 2445 1409 2500 exactius
1433 2449 1490 2498 et
1509 2441 1916 2498 vehementius
1939 2439 2052 2494 hoc

405 2533 598 2590 facere
621 2550 633 2588 :
659 2533 732 2589 ad
758 2533 869 2588 hoc
891 2535 1051 2590 enim
1085 2534 1341 2606 primum
1362 2550 1394 2588 a
1415 2533 1602 2606 gratia
1624 2532 1874 2587 traditus
1897 2545 2050 2596 sum,

406 2623 552 2678 etin
595 2624 706 2679 hoc
764 2629 829 2679 ut
881 2624 1256 2678 manifestem
1317 2640 1384 2679 ac
1441 2623 1691 2677 serviam
1745 2619 2051 2675 ordinatus

410 2729 560 2768 sum.
596 2713 799 2782 Itaque
832 2712 877 2766 si
905 2713 1037 2782 quis
1061 2712 1219 2766 dicat
1242 2711 1509 2766 fortassis
1528 2709 1686 2781 quod
1712 2709 1772 2763 in
1804 2709 1897 2763 his
1921 2724 2050 2778 quae

407 2801 614 2871 scripsi
647 2801 946 2872 objurgavi
977 2817 1095 2861 vos,
1127 2807 1186 2855 et
1215 2799 1574 2871 quibusdam
1605 2804 1864 2854 vestrum
1893 2797 2052 2851 visus

404 2905 534 2944 sum
564 2888 911 2960 praestitisse
940 2905 1034 2943 me
1066 2888 1230 2943 vobis
1257 2889 1558 2943 duriorem
1586 2904 1598 2941 :
1625 2893 1854 2942 tantum
1885 2885 2054 2941 abest

401 2985 464 3033 ut
494 2995 598 3046 ego
630 2978 741 3032 hoc
771 2977 1035 3045 fecerim,
1069 2983 1132 3032 ut
1189 2979 1366 3033 etiam
1415 2994 1619 3033 verear
1646 2993 1722 3032 ne
1753 2975 2049 3046 quomodo

397 3082 601 3136 pmnas
633 3066 790 3122 luam
825 3067 981 3138 quod
1005 3067 1151 3122 adeo
1181 3083 1431 3139 parcens
1461 3084 1529 3122 ac
1559 3066 1764 3121 timide
1798 3066 2047 3135 scripse-

396 3156 529 3222 rim,
559 3162 840 3228 tanquam
871 3173 1053 3212 ausus
1086 3157 1197 3212 sim
1229 3157 1427 3212 minus
1459 3157 1651 3212 facere
1684 3171 1861 3227 quam
1893 3171 2042 3226 opus

2161 1894 2266 1968 γὰρ
2324 1893 2638 1967 ἐπικειμένη
2702 1916 2796 1968 μοι
2857 1895 3084 1972 ἀνάγκη,
3143 1895 3232 1950 καὶ
3293 1893 3672 1972 σφοδρότερον
3733 1893 3820 1948 καὶ

2158 1975 2538 2058 ἀκριϐέστερον
2577 1986 2797 2064 γράφειν
2850 1985 3086 2043 ἀπαιτεῖ.
3148 1984 3288 2059 Ἐγὼ
3320 1982 3376 2039 δὲ
3405 1981 3707 2055 ἐτόλμησα
3735 1982 3820 2037 καὶ

2157 2084 2258 2148 τῆς
2310 2074 2586 2152 ἀκριϐείας
2642 2083 2975 2159 καθυφεῖναι,
3035 2082 3124 2136 καὶ
3183 2083 3294 2157 οὐχ
3345 2082 3421 2143 ὡς
3479 2078 3821 2140 διδάσκαλος

2156 2167 2397 2242 γράφειν,
2429 2165 2576 2222 ἀλλὰ
2638 2169 2771 2240 μετά
2828 2167 3048 2239 πολλῆς
3109 2166 3348 2248 φειδοῦς,
3379 2167 3470 2223 καὶ
3504 2168 3587 2229 ὡς
3627 2168 3820 2223 ἐπανα-

2161 2258 2502 2330 μιμνήσκων,
2542 2257 2719 2313 καίτοι
2774 2264 3069 2338 χρεωστῶν
3127 2259 3217 2314 καὶ
3275 2253 3666 2334 ἀκριϐέστερον
3728 2259 3815 2313 καὶ

2158 2343 2537 2422 σφοδρότερον.
2571 2346 2667 2409 Ei:
2696 2353 2858 2403 τοῦτο
2911 2348 3013 2423 γὰρ
3071 2347 3174 2404 ὑπὸ
3204 2353 3304 2418 τῆς
3338 2348 3579 2422 χάριτος
3614 2368 3810 2422 προκεο

2157 2434 2464 2511 γείρισμαι,
2495 2435 2586 2491 καὶ
2617 2435 2667 2491 ἐν
2718 2436 2896 2510 τούτῳ
2955 2438 3244 2512 ὑπουργεῖν
3281 2437 3372 2492 καὶ
3407 2435 3696 2493 δουλεύειν
3728 2435 3812 2491 τέ-

2157 2543 2384 2598 ταγμαι·
2446 2526 2519 2587 ὡς
2575 2523 2635 2580 ἂν
2697 2524 2748 2580 εἳ
2801 2546 2884 2588 τις
2944 2521 3149 2601 ἔλεγεν·
3184 2527 3341 2588 Ἴσως
3387 2525 3437 2580 ἐν
3488 2525 3581 2590 οἷς
3613 2521 3812 2600 ἔγραψα

2157 2612 2489 2686 καθηψάμην
2525 2615 2699 2686 ὑμῶν,
2730 2614 2820 2669 καὶ
2871 2612 3027 2685 ἔδοξα
3081 2635 3219 2671 τισιν
3252 2615 3405 2688 ὑμῶν
3437 2614 3806 2690 σκληρότερον

2160 2699 2286 2773 ὑμῖν
2341 2709 2793 2778 προσενεχθῆναι.
2855 2704 2995 2780 Ἐγὼ
3063 2701 3118 2759 δὲ
3180 2702 3428 2775 τοσούτῳ
3487 2701 3598 2759 δέω
3652 2709 3808 2760 τοῦτο

2155 2797 2405 2859 ποιῆσαι,
2439 2790 2522 2846 ὅτι
2577 2793 2667 2847 καὶ
2717 2788 2995 2868 φοϐοῦμαι
3051 2795 3125 2867 μή
3175 2815 3292 2855 πως
3322 2794 3468 2848 οὕτω
3503 2793 3642 2866 μετά
3671 2791 3808 2848 πυλ-

2158 2877 2261 2949 λῆς
2319 2876 2539 2959 φειδοῦς
2594 2881 2684 2938 καὶ
2745 2881 3056 2951 ὑποστολῆς
3133 2883 3370 2959 γράψας,
3437 2883 3524 2937 καί
3584 2881 3798 2945 εὐθύνας

2159 2971 2356 3047 ὑφέξω,
2387 2971 2463 3034 ὡς
2495 2969 2780 3044 τολμήσας
2811 2967 3039 3028 ἔλαττον
3088 2967 3246 3049 ἔργον
3280 2969 3599 3027 διδασκάλου
3629 2976 3789 3038 ποιῇ-

2154 3067 2261 3116 σαιζ
2296 3059 2399 3116 Καὶ
2423 3060 2524 3134 γὰρ
2589 3061 2810 3133 μείζονα
2867 3063 3091 3141 γράφειν
3143 3062 3235 3117 καὶ
3292 3060 3488 3129 πλείω,
3517 3059 3590 3120 ῶς
3617 3059 3678 3114 τὸ
3708 3055 3785 3112 διο

2153 3145 2365 3205 δάσκειν
2421 3148 2919 3222 ἐμπεπιστευμένος
2979 3156 3265 3226 χρεωστῶ,
3318 3155 3410 3204 νῦν
3469 3146 3524 3204 δὲ
3582 3149 3657 3210 ὡς
3687 3168 3792 3226 qm-

394 3245 584 3317 exigat
616 3247 1018 3317 praeceptoris.
1059 3246 1290 3301 Etenim
1341 3247 1569 3317 majora
1598 3262 1666 3300 ac
1694 3245 1867 3316 plura
1897 3245 2040 3299 scri-

2154 3237 2403 3313 δόμενος,
2446 3239 2536 3294 καὶ
2593 3240 2668 3304 ὡς
2725 3238 3009 3315 τολμηρόν
3067 3262 3120 3295 τι
3172 3241 3444 3316 πράττων,
3478 3239 3654 3301 οὓτως
3689 3243 3800 3310 ὺφει

393 3335 533 3388 bere
563 3334 861 3400 deberem,
884 3343 949 3392 ut
979 3337 1076 3407 qui
1102 3336 1175 3391 ad
1205 3336 1538 3392 docendum
1571 3335 1871 3392 adhibitus
1894 3336 2039 3389 sim:

398 3437 558 3477 nunc
588 3439 726 3477 vero
754 3425 922 3494 quasi
957 3424 1240 3480 audacius
1299 3425 1602 3496 quidpiam
1633 3425 1876 3482 faciens.
1911 3430 2043 3478 tan-

398 3517 520 3565 tum
545 3511 841 3582 parcendo
859 3529 926 3567 ac
942 3513 1089 3568 adeo
1111 3513 1222 3567 mei
1232 3530 1400 3583 psum
1421 3513 1786 3568 demittendo
1808 3513 2039 3584 scripsi.

395 3629 463 3638 -——
490 3600 616 3654 Alio
647 3600 828 3654 modo.
859 3602 1013 3656 408
1046 3602 1295 3656 Romani
1327 3602 1388 3656 in
1421 3601 1705 3674 dignitate
1736 3601 2039 3657 constituti

397 3695 588 3754 erant,
623 3705 689 3745 ac
721 3689 936 3745 mirum
970 3691 1030 3745 in
1062 3691 1304 3746 modum
1337 3691 1544 3746 cristas
1575 3689 2038 3762 erigebant,ideo

396 3780 675 3836 conciliat
729 3797 852 3844 eos,
913 3781 1118 3837 dicens
1174 3799 1236 3837 se
1283 3798 1492 3837 ausum
1537 3781 1752 3836 fuisse:
1784 3781 2037 3837 multum

394 3870 553 3926 enim
584 3870 746 3941 ipsos
777 3870 886 3927 hoc
918 3871 1092 3926 verbo
1117 3872 1351 3944 frangit.
1384 3873 1498 3926 Nec
1530 3871 1591 3925 id
1618 3871 1761 3926 satis
1792 3877 1901 3936 est,
1935 3871 2037 3928 sed

391 3959 656 4014 addidit:
697 3984 721 4012 α
753 3961 832 4016 Ex
886 3967 1073 4032 parte,
1106 3983 1132 4010 ››
1167 3962 1278 4016 hoc
1331 3967 1438 4028 est,
1474 3962 1688 4017 leniter
1717 3969 1775 4017 et
1802 3961 2036 4018 brevius

389 4054 446 4103 et
472 4064 590 4102 non
625 4051 792 4121 quasi
824 4049 1065 4112 docens,
1100 4049 1200 4106 sed
1233 4051 1307 4106 ad
1338 4052 1689 4106 memoriam
1720 4051 2031 4108 reducens.

387 4158 412 4184 υ
447 4135 697 4194 Fratres.
733 4160 759 4187 ››
794 4140 1065 4211 Oportuit
1117 4141 1277 4195 enim
1327 4156 1426 4195 eos
1458 4141 1558 4212 qui
1606 4142 1801 4197 acrius
1832 4141 2031 4214 objur-

381 4225 497 4294 gati
531 4233 730 4282 essent
759 4229 982 4284 affatim
1014 4227 1222 4284 lenire.
1245 4249 1270 4274 α
1297 4230 1598 4300 Tanquam
1629 4231 2029 4286 commonefa-

383 4315 565 4370 ciens.
601 4338 628 4365 ››
663 4317 914 4387 Leniter,
947 4317 1160 4388 inquit,
1194 4319 1492 4388 quomodo
1514 4319 1542 4373 ‘I
1595 4319 1773 4376 veluti
1806 4320 1879 4375 ad
1903 4336 2026 4376 me-

381 4404 631 4461 moriam
664 4406 992 4463 revocando
1047 4407 1398 4474 admonens,
1432 4407 1544 4464 hoc
1575 4415 1682 4475 est,
1717 4409 2026 4480 paululum

381 4496 944 4552 commonefaciens.
982 4496 1331 4568 Hujusmodi
1389 4503 1587 4552 autem
1629 4498 2027 4569 signiﬁcantia

2157 3328 2333 3402 μένως
2366 3325 2594 3404 ἔγραψα.
2629 3362 2694 3371 -
2726 3327 2970 3392 Ἄλλως.
3002 3330 3093 3386 Ἐν
3123 3328 3391 3402 ἀξιώματι
3419 3328 3557 3397 ἦσαν
3590 3329 3644 3382 οἱ
3683 3332 3802 3385 Ρω-

2159 3424 2332 3491 μαῖοι,
2363 3420 2452 3475 καὶ
2510 3418 2728 3488 πολλήν
2787 3419 2940 3499 εἶχον
2997 3418 3334 3496 φλεγμονῆν.
3393 3419 3485 3474 Διὸ
3519 3417 3803 3495 θεραπεύει

2151 3517 2346 3580 αὐτοὺς
2379 3517 2438 3572 ἐκ
2465 3522 2560 3573 τοῦ
2591 3517 2759 3593 λόγου
2814 3523 2934 3586 τοῦ,
2993 3516 3335 3592 Ἐτόλμησα.
3392 3519 3534 3572 Πάνυ
3565 3517 3680 3592 γὰρ
3709 3539 3804 3573 κα-

2149 3605 2323 3677 τακλᾷ
2377 3605 2604 3669 τούτους
2658 3604 2747 3662 διὰ
2803 3606 2997 3663 τούτου
3053 3611 3151 3662 τοῦ
3205 3607 3473 3682 ῥήματος.
3535 3606 3644 3664 Καὶ
3685 3603 3804 3662 οὐδὲ

2146 3696 2326 3767 τούτῳ
2357 3694 2622 3769 ἀρκεῖται,
2682 3693 2828 3752 ἀλλά
2883 3695 3236 3768 προσέθηκεν·
3287 3718 3308 3745 ι
3341 3695 3477 3752 Ἀπὸ
3514 3697 3742 3770 μέρους.
3775 3718 3800 3748 ι)

2146 3782 2454 3844 Τουτέστιν.
2487 3782 2693 3859 Ἠρέμα
2723 3784 2812 3840 καὶ
2845 3783 2935 3840 διὰ
2970 3783 3239 3860 βραχέων,
3271 3784 3359 3839 καὶ
3401 3784 3511 3863 οὐχ
3540 3785 3615 3848 ὡς
3645 3782 3796 3839 διδέο

2148 3891 2312 3937 σκων,
2371 3869 2498 3927 ἀλλ’
2555 3871 3002 3946 ἀναμιμνήσκων.
3069 3900 3089 3923 ι
3136 3871 3420 3950 Ἀδελφοί.
3457 3897 3484 3925 ››
3517 3871 3661 3928 Ἔδει
3692 3871 3789 3944 γὰρ

2144 3959 2338 4024 αὐτοὺς
2394 3968 2897 4044 κατασκωφθέντας,
2956 3965 3156 4027 ἱκανῶς
3213 3964 3302 4018 καὶ
3362 3962 3559 4020 λεᾶναι.
3615 3983 3642 4012 ‹‹
3695 3961 3780 4022 Ὠς

2145 4049 2664 4124 ἐπαναμιμνήσκων.
2725 4077 2754 4104 ››
2841 4053 3068 4128 ’Πρέμα,
3144 4051 3298 4133 φησί.
3363 4058 3526 4120 Πῶς;
3577 4047 3784 4104 Ὧσανεὶ

2141 4138 2476 4211 ἀναμνήσας,
2555 4140 2823 4211 τουτέστι,
2911 4141 3102 4216 μικρὸν
3185 4143 3522 4213 ἂναμνὴσας.
3587 4141 3650 4197 Ἢ
3738 4135 3792 4192 δὶ

2137 4229 2364 4299 τοιαύτη
2425 4230 2671 4302 σημασία
2725 4234 2832 4285 τῶν
2893 4227 3112 4301 λέξεων,
3171 4229 3395 4301 κολάζει
3425 4232 3486 4286 τὸ
3522 4231 3597 4303 μή
3659 4240 3790 4293 καθ·

2139 4317 2274 4374 όλου
2304 4318 2498 4382 αὐτοὺς
2530 4320 2965 4391 ἀναμεμνῆσθαι.
3017 4323 3172 4385 Ὅθεν
3207 4319 3268 4376 οὗ
3300 4343 3457 4402 φησι,
3489 4317 3794 4407 Δι’δσὶσκωνν

2137 4405 2287 4475 ἀλλ’,
2325 4434 2345 4458 ι
2384 4408 2868 4482 Ἀναμιμνήσκων.
2902 4434 2929 4462 ››
2963 4444 3030 4454 --
3063 4436 3088 4463 ι‹
3123 4411 3222 4466 Διά
3249 4412 3347 4480 τὴν
3382 4410 3545 4485 χάριν
3574 4411 3674 4479 τήν
3710 4405 3799 4468 δοέ

2135 4496 2311 4552 θεῖσάν
2341 4517 2456 4570 μοι.
2483 4520 2508 4549 ››
2535 4497 2651 4554 Οὐκ
2673 4497 2804 4572 ἐμὸς
2838 4500 2866 4555 ὁ
2887 4500 3074 4569 πόνος,
3106 4500 3295 4578 φησὶν,
3321 4497 3467 4556 ἀλλᾶ
3489 4499 3654 4574 χάρις
3681 4498 3796 4556 ἐστί

383 4582 706 4642 dictionum
741 4585 1015 4657 prohibet
1052 4601 1127 4640 ne
1159 4587 1220 4640 in
1252 4591 1437 4641 totum
1471 4586 1758 4642 admoniti
1789 4603 1917 4644 esse
1944 4589 2029 4644 vi-

2149 4591 2326 4641 Βεοῦ.»
2356 4585 2598 4642 Δείκνυσι
2628 4583 2685 4643 δε
2706 4587 2788 4643 ὃτι
2826 4586 2951 4644 οὐδὲ
2976 4589 3278 4661 ἀναμνῆσαι
3303 4588 3361 4643 ἂν
3388 4586 3717 4662 ἐτὸλμησεν,
3753 4589 3796 4644 εἰ

385 4672 658 4732 deantur.
680 4676 846 4732 Unde
869 4689 990 4733 non
1011 4676 1157 4732 dicit
1179 4677 1425 4744 Docens,
1449 4677 1553 4734 sed
1575 4701 1600 4728 ‹‹
1627 4679 2030 4737 Commonefa-

381 4761 566 4828 ciens,
601 4786 628 4811 ››
689 4781 794 4821 seu
852 4765 926 4822 ad
984 4767 1335 4823 memoriam
1385 4783 1686 4824 revocans.
1724 4791 1751 4819 «
1784 4770 2031 4842 Propter

380 4852 628 4923 gratiam
651 4869 782 4925 quae
804 4855 941 4912 data
962 4862 1051 4911 est
1070 4856 1216 4913 mihi
1237 4873 1271 4914 a
1292 4857 1428 4914 Deo.
1466 4879 1490 4909 ι
1516 4859 1642 4914 Non
1673 4875 1840 4916 meus
1861 4860 2030 4916 labor

380 4947 488 5007 est,
523 4941 736 5014 inquit,
761 4941 864 4999 sed
893 4946 1081 5017 gratia
1106 4948 1221 5002 Dei.
1249 4946 1515 5003 Ostendit
1545 4953 1743 5004 autem
1775 4949 1934 5020 quod
1953 4965 2027 5005 ne

377 5030 700 5087 admonere
732 5030 974 5102 quidem
1021 5034 1230 5090 fuisset
1281 5051 1483 5102 ausus,
1534 5037 1649 5092 nisi
1680 5044 1884 5109 gentes
1911 5038 2021 5110 ipsi

368 5122 624 5178 fuissent
655 5123 1030 5190 concreditae,
1057 5125 1242 5180 multa
1264 5133 1461 5181 autem
1492 5128 1679 5182 utitur
1709 5129 2020 5185 modestia.

370 5235 395 5260 ‹‹
429 5214 495 5267 In
525 5219 728 5284 gentes
757 5213 1200 5269 administrans.
1227 5236 1254 5264 ››
1291 5217 1491 5286 Itaque
1525 5233 1558 5272 a
1587 5217 1754 5272 vobis
1787 5235 2022 5289 quoque

360 5300 590 5370 justum
621 5304 731 5360 fuit
759 5311 826 5358 ut
845 5302 1102 5359 audirer.
1129 5326 1156 5352 ‹‹
1186 5305 1600 5375 Acceptabilis.
1628 5329 1656 5355 »
1680 5307 1819 5362 Cum
1846 5309 2021 5379 igitur

366 5391 770 5449 concreditum
803 5393 946 5449 mihi
1007 5393 1082 5448 sit
1140 5392 1251 5448 hoc
1303 5395 1654 5466 obsequium
1693 5402 1752 5451 et
1781 5413 2017 5452 sacrum

367 5479 786 5548 ministerium,
820 5483 966 5539 mihi
995 5482 1190 5539 studio
1225 5489 1334 5551 est,
1365 5490 1432 5539 ut
1462 5485 1522 5540 in
1551 5501 1700 5558 opus
1726 5485 2013 5542 deducam

367 5565 470 5622 Dei
501 5568 815 5633 consilium
842 5587 856 5637 ;
890 5571 949 5626 id
975 5578 1174 5630 autem
1209 5578 1318 5639 est,
1350 5579 1416 5630 ut
1447 5574 1666 5631 oblatio
1699 5581 1890 5632 vestra
1919 5590 2014 5632 ac-

366 5654 676 5727 ceptabilis
709 5657 829 5714 ﬂat.
861 5689 930 5701 —
959 5661 1098 5716 Item
1129 5662 1240 5717 alio
1263 5663 1574 5720 modo.Non
1603 5669 1668 5721 ut
1697 5679 1803 5736 ego
1833 5665 2015 5738 glori-

2144 4675 2218 4748 μή
2251 4676 2318 4732 τὰ
2345 4669 2466 4746 ἔθνη
2492 4675 2866 4734 ἐπεπίστευτο.
2902 4675 3096 4734 Ηολλὰ
3129 4675 3185 4733 δὲ
3218 4679 3513 4753 μετριάζει.
3549 4703 3577 4729 ‹‹
3602 4679 3699 4741 Εἷς
3729 4680 3795 4733 τὰ

2137 4757 2260 4834 ἔθνη
2293 4765 2698 4840 ἱερουργοῦντα.
2735 4789 2763 4817 ››
2819 4765 3031 4824 Οὐκοῦν
3088 4767 3178 4822 καὶ
3220 4769 3348 4840 παρ’
3382 4765 3536 4840 ὑμῶν
3567 4765 3797 4830 δικαίως

2139 4850 2197 4906 ἂν
2259 4853 2596 4923 ἀκουσθείην.
2647 4852 3136 4930 «Εὑπρόσδεκτος.
3172 4879 3200 4906 »
3259 4857 3566 4934 Τοιγαροῦν
3621 4854 3797 4930 ἐμπι-

2137 4950 2371 5012 στευθεὶς
2428 4951 2630 5022 ταύτην
2705 4953 2802 5021 τὴν
2883 4951 3226 5029 λειτουργίαν
3306 4954 3397 5009 καὶ
3458 4952 3792 5030 ἱερουργίαν,

2136 5038 2376 5109 σπουδὴν
2408 5034 2525 5119 ἔχω
2557 5039 2634 5102 εἰς
2666 5040 2827 5116 ἔργον
2858 5042 3079 5119 ἀγαγεῖν
3127 5045 3225 5111 τήν
3261 5044 3470 5118 βουλήν
3497 5049 3598 5099 τοῦ
3629 5047 3790 5100 Θεοῦ.

2133 5130 2195 5185 ἸΙ
2226 5128 2282 5184 δὲ
2311 5127 2476 5196 ἐστιν,
2536 5128 2930 5205 εὖπρὸσδεκτον
2991 5133 3145 5204 ὑμῶν
3205 5133 3450 5208 γενέσθαι
3481 5135 3580 5203 τὴν
3612 5153 3790 5209 προσ-

2131 5219 2318 5298 φοράν.
2368 5251 2439 5261 -
2488 5218 2582 5273 Καὶ
2635 5217 2841 5284 ἄλλως.
2904 5220 3028 5300 Ούχ
3075 5220 3169 5276 ἵνα
3216 5221 3326 5297 ἐγὼ
3379 5222 3644 5291 δοξασθῶ,
3697 5220 3789 5277 διὰ

2127 5312 2289 5362 τοῦτο
2318 5307 2409 5362 καὶ
2442 5307 2571 5380 ὑμῖν
2603 5304 2828 5383 ἔγραψα,
2859 5308 2988 5365 ἀλλ’
3041 5311 3136 5364 ἳνα
3194 5311 3282 5365 καὶ
3319 5311 3474 5383 ὑμεῖς
3509 5311 3640 5386 μετὰ
3672 5315 3786 5368 τῶν

2128 5393 2316 5451 ἄλλων
2350 5395 2515 5450 ἐθνῶν
2550 5398 2782 5467 σωθῆτε,
2814 5398 2906 5452 καὶ
2957 5398 3132 5461 οῦτῶς
3177 5400 3394 5474 γένηται
3427 5401 3462 5470 ἠ
3496 5401 3786 5475 προσφορά

2123 5489 2230 5540 τῶν
2263 5484 2451 5554 ἐθνῶν,
2484 5483 2815 5558 ὁλοκλήρῶς
2877 5485 3292 5563 εὐπρόσδεκτος.
3325 5515 3352 5540 ι(
3385 5489 3470 5544 Ἐν
3507 5489 3781 5560 Πνεύματι

2127 5572 2345 5652 ἁγίῳ.»
2403 5578 2526 5636 Πῶς
2584 5570 2631 5630 δ’
2691 5574 2750 5628 ἂν
2811 5572 2989 5632 ἔσεσθε
3045 5573 3433 5652 εὑπρόσδεγτοι
3491 5578 3579 5635 καὶ
3620 5580 3782 5655 ἡγια·

2125 5661 2444 5737 eriti/bum
2502 5657 2680 5739 ἔχετε,
2729 5665 2886 5744 φησὶ,
2944 5665 3006 5720 τὸ
3058 5669 3297 5743 Πνεῦμα.
3354 5671 3476 5732 Πῶς
3507 5665 3564 5724 δὶ
3615 5671 3777 5725 τοῦτο
