4106 6252
209 378 329 440 621

1336 386 1744 448 COMMENT.
1793 385 1871 444 IN
1917 382 2162 444 EPIST.
2211 383 2312 443 AD
2360 381 2546 442 ROM.

3541 385 3659 444 622

226 518 639 593 παραγίνεταις
677 519 784 573 Διὰ
841 517 963 593 βίου
1018 519 1285 589 ἀλήπτου.
1346 521 1431 581 Ὧς
1474 518 1585 593 οἵγε
1619 520 1695 591 μή
1728 518 1904 593 ὀρθῶς

2031 517 2178 583 icer,
2213 524 2525 589 propterea
2553 516 2716 573 vobis
2774 532 3007 587 quoque
3067 516 3298 589 scripsi,
3332 518 3437 575 sed
3464 524 3530 575 ut
3558 533 3660 576 vos

240 609 509 685 βιοίιντες,
546 605 816 663 διώκουσι
850 611 912 665 τὸ
943 612 1091 685 ἅγιον
1125 616 1341 685 Πνεῦμα
1372 610 1462 667 ἀφ’
1493 610 1718 665 ἑαυτῶν.

2010 609 2188 663 etiam
2220 624 2354 663 cum
2386 609 2616 663 caeteris
2645 608 2918 679 gentibus
2971 607 3143 662 salvae
3189 608 3337 673 sitis,
3370 616 3546 680 atque
3578 610 3661 666 ita

240 702 508 774 gentium
573 699 803 756 oblatio
864 702 966 756 ﬁat
1021 704 1277 773 perfecte
1308 702 1711 774 acceptabilis.
1772 721 1801 749 ‹‹
1852 700 1965 754 Per
2019 697 2302 768 Spiritum
2335 703 2624 752 sanctum.
2656 719 2680 746 ι
2721 695 3024 760 Quomodo
3081 712 3217 752 vero
3263 698 3659 769 acceptabiles

243 797 308 846 et
335 790 690 846 sanctificati
725 790 891 845 eritis
913 791 940 844 ‘I
970 790 1025 845 Si
1051 790 1399 858 habueritis,
1429 792 1645 863 inquit,
1681 790 1985 861 Spiritum.
2018 788 2200 842 Porro
2251 786 2351 841 ille
2400 784 2697 857 quomodo
2729 784 3017 841 accedet?
3048 788 3153 842 Per
3181 787 3360 843 vitam
3389 787 3660 859 inculpa-

242 887 399 938 tam.
434 879 538 945 Qui
569 895 712 952 ergo
742 895 864 934 non
892 887 1051 936 recte
1086 881 1301 947 vivunt,
1335 882 1619 953 Spiritum
1650 885 1922 936 sanctum
1953 892 1988 933 a
2022 892 2083 932 se
2114 876 2432 947 repellunt.

316 970 477 1041 ’Έχω
538 965 630 1021 οὖν
691 966 963 1041 καύχησιν
1024 968 1074 1022 ἐν
1134 973 1360 1043 Χριστῷ
1414 972 1599 1039 ἰησοῦ
1654 968 1721 1023 τὰ
1762 966 1898 1043 πρὸς

233 1057 335 1113 τὸν
367 1056 522 1112 Θεόν.
587 1055 665 1111 Οὐ
724 1057 832 1131 γὰρ
882 1054 1152 1129 τολμήσω
1205 1055 1395 1113 λαλεῖν
1453 1080 1505 1113 τι
1565 1059 1637 1112 ὦν
1691 1057 1755 1111 οὐ
1782 1076 1903 1110 κατ-

237 1146 539 1223 ειργάσατο
624 1145 855 1219 Χριστὸς
913 1142 982 1199 δι’
1041 1145 1198 1219 ἐμοῦ,
1278 1147 1355 1211 εἷς
1411 1149 1654 1215 ὑπακοήν
1713 1141 1899 1216 ἔθνων,

238 1234 407 1309 λόγῳ
464 1236 554 1290 καὶ
617 1229 780 1310 ἔργῳ,
836 1233 888 1289 ἐν
946 1232 1167 1308 δυνάμει
1229 1237 1473 1310 σημείων
1518 1237 1901 1311 καὶτιράτων,

250 1326 307 1380 ἒν
354 1322 572 1396 δυνάμει
632 1325 948 1396 Ηνεύματος
1007 1329 1161 1394 Θεοῦ,
1224 1326 1360 1381 ὥστε
1422 1347 1488 1399 με
1545 1327 1651 1381 ἀπὸ
1707 1328 1902 1401 Ἰερου-

253 1414 455 1486 σαλὴμ
509 1413 590 1467 καὶ
648 1411 837 1485 κύκλῳ
898 1413 1059 1489 μέχρι
1133 1418 1229 1470 τοῦ
1286 1415 1618 1490 Ἰλλυρικοῦ,
1686 1414 1902 1485 πεπλη-

250 1503 491 1578 ρωκέναι
523 1505 581 1556 τὸ
615 1501 953 1575 Εὖαγγὲλιον
982 1507 1082 1557 τοῦ
1116 1507 1377 1579 Χριστοῦ.

322 1596 639 1667 Καυχῶμαι
668 1596 955 1667 τοιγαροῦν
1003 1592 1099 1648 οὐκ
1131 1592 1182 1648 ἐν
1231 1595 1471 1667 ἐμαυτῷ,
1506 1593 1629 1650 οὐδὲ
1661 1594 1711 1649 ἐν
1746 1616 1907 1649 σπου-

244 1680 314 1756 δῇ
349 1681 488 1754 ἐμῇ,
537 1680 663 1736 ἀλλ’
695 1681 747 1736 ὲν
774 1684 1012 1756 Χριστῷ,
1071 1683 1125 1737 ἐν
1174 1690 1291 1746 τοῖς
1350 1686 1633 1759 πράγμασι
1662 1691 1778 1747 τοῖς
1810 1686 1909 1739 ἀν-

243 1778 451 1843 ήκουσι
486 1772 578 1825 καὶ
612 1769 928 1850 διαφέρουσι
977 1778 1055 1843 τῷ
1106 1776 1296 1847 Πατρί.
1339 1777 1480 1850 ’Ἄρα
1510 1778 1544 1844 ἡ
1578 1774 1653 1838 εἷς
1684 1777 1911 1849 Χριστὸν

248 1861 463 1929 πίστις,
495 1864 578 1931 τῷ
609 1860 777 1933 Πατρὶ
836 1859 1097 1937 διαφέρει·
1166 1868 1360 1937 Πρῶτοι
1420 1864 1513 1935 μὲν
1561 1864 1663 1938 γὰρ
1700 1864 1913 1941 μετριά-

246 1971 343 2011 σας
378 1949 458 2011 εἷς
490 1950 555 2003 τὸ
587 1948 789 2024 λέγειν,
850 1973 877 2001 ‹‹
909 1948 1334 2026 Τολμηρότερον
1394 1950 1451 2008 δὲ
1482 1948 1709 2028 ἔγραψα,
1746 1978 1771 2003 ››
1820 1958 1911 2007 νῦν

1041 1145 1198 1219 ἐμοῦ,

252 2039 464 2111 ἐπαίρει
500 2040 713 2101 ἑαυτὸν,
769 2037 915 2106 πλὴν
972 2038 1023 2093 ἐν
1088 2041 1301 2115 Χριστῷ
1334 2044 1529 2112 Ἰησοῦ.
1566 2076 1633 2085 -—
1664 2040 1909 2107 Ἀλλως.
1945 2038 1989 2102 Β

252 2128 461 2202 [ΦΩΤ.]
529 2126 597 2183 Τί
654 2125 789 2195 οὖν;
862 2127 923 2181 σὺ
983 2128 1359 2200 ἐνεπιστεῦθης
1417 2132 1517 2200 τήν
1573 2136 1682 2187 τῶν
1741 2132 1904 2187 ἐθνῶν

250 2215 615 2295 προσφοράν;
676 2217 801 2286 Ναὶ,
863 2216 1016 2292 φησί.
1075 2219 1171 2272 Καὶ
1230 2223 1609 2294 καυχήσασθαι
1651 2218 1904 2296 δύναμαι,

255 2308 305 2362 ἐν
337 2308 426 2368 οἷς
459 2307 805 2383 εἶργασάμην
836 2306 889 2361 ἐν
924 2307 1122 2370 αὐτοῖς.
1154 2315 1215 2366 Ἡ
1248 2307 1304 2364 δὲ
1348 2311 1617 2385 ωτόχησίς
1649 2333 1773 2383 μου,
1806 2314 1908 2367 οὐκ

254 2396 305 2450 ἐν
334 2393 485 2467 ἐμοὶ,
518 2394 816 2463 τουτὲστιν,
870 2395 969 2450 οὐκ
1020 2396 1069 2450 ἐν
1127 2401 1195 2470 τῇ
1238 2396 1457 2470 δυνάμει
1556 2403 1622 2471 τῇ
1657 2399 1811 2474 ἷσχύϊ
1837 2404 1905 2473 τῇ

255 2483 384 2556 ἐμῇ,
419 2480 550 2537 ἀλλ’
580 2483 634 2537 ἐν
666 2485 888 2558 Χριστῷ
917 2486 1123 2555 Ἰησοῦ.
1156 2486 1256 2542 Καὶ
1291 2488 1392 2559 γὰρ
1426 2487 1524 2541 εἷ’τι
1558 2487 1619 2541 ἂν
1650 2486 1787 2542 εἶ’πω
1817 2488 1905 2542 καὶ

259 2576 661 2649 κασχήσωμαι,
694 2571 848 2628 οὐδὲν
882 2572 1023 2629 ἄλλο
1044 2572 1315 2648 τολμήσω
1338 2574 1536 2654 λέγειν,
1564 2576 1693 2633 ἀλλ’
1715 2577 1749 2646 ἢ
1775 2578 1907 2653 ἅπερ

260 2666 288 2719 ὁ
347 2664 573 2736 Χριστος
629 2660 680 2717 ἐν
724 2661 848 2734 ἐμοὶ
908 2664 1297 2740 κατειργάσατο
1355 2667 1430 2727 εἰς
1486 2668 1548 2721 τὸ
1610 2668 1908 2722 ὑπακοῦσαι

267 2755 361 2807 καὶ
392 2758 663 2807 πιστεῦσαι
691 2754 757 2808 τὰ
801 2752 951 2824 ἔθνη.
1001 2754 1070 2811 Τί
1131 2754 1221 2809 οὖν
1271 2758 1700 2832 κατειργάσατο;
1737 2758 1908 2833 Λόγον

266 2843 343 2905 εἷς
402 2843 464 2897 τὸ
520 2842 800 2917 κηρῦττειν
886 2837 1076 2914 ἔδωκε,
1164 2851 1368 2916 σημεῖα
1431 2846 1521 2901 καὶ
1579 2847 1774 2919 τέρατα
1831 2846 1909 2908 εἷς

256 2936 317 2989 τὸ
350 2933 650 3008 εὐεργετεῖν
705 2934 795 2987 καὶ
855 2931 1055 2987 πείθειν
1113 2932 1447 3009 ἐχορήγησε.
1508 2936 1695 3001 Τέλος,
1739 2936 1911 2998 οὕτως

254 3020 460 3092 ηὔξησε
492 3022 585 3075 καὶ
648 3018 915 3076 ἒπλάτυνε
970 3021 1059 3075 καὶ
1116 3021 1358 3096 ἐστήριξε
1410 3024 1509 3093 τήν
1544 3022 1613 3078 δι’
1645 3024 1778 3095 ἐμοῦ
1809 3045 1909 3093 κη-

260 3108 592 3186 ρυττομένην
638 3112 844 3177 πίστιν,
910 3107 1049 3165 ὥστε
1079 3111 1207 3167 λάπὸ
1238 3111 1603 3187 Ἰερουσαλὴμ
1636 3112 1685 3184 ἐξ
1717 3114 1784 3182 ἧς
1813 3115 1912 3182 τὴν

264 3202 485 3275 πρώτην
513 3199 709 3273 ἤνεγκε
745 3199 985 3273 βλάστην
1044 3200 1133 3254 καὶ
1184 3200 1358 3275 πέρις,
1406 3201 1570 3275 μέχοι
1601 3206 1697 3256 τοῦ
1728 3200 1909 3256 Ἰλλυ-

278 3294 429 3364 ρικοῦ
475 3288 864 3363 ’ὃιαριζωθῆναι
915 3288 1003 3342 καὶ
1053 3286 1342 3366 διαφυῆναι
1393 3290 1481 3343 καὶ
1525 3288 1819 3364 πληρῶσαι
1850 3292 1911 3345 τὸ

2085 966 2273 1031 XV,17
2302 969 2388 1020 t9.
2427 988 2452 1016 «
2481 964 2676 1021 Habeo
2699 967 2877 1039 igitur
2905 965 3321 1038 gloriationem
3344 966 3406 1022 in
3426 964 3659 1022 Christo

2013 1077 2040 1105 ‹‹
2066 1055 2201 1109 Jesu
2216 1056 2274 1109 in
2290 1056 2380 1110 his
2399 1072 2524 1126 qua:
2540 1054 3106 1111 suntadDeum.Non
3122 1056 3280 1110 enim
3295 1054 3486 1111 ausim
3501 1055 3665 1125 loqui

2020 1167 2044 1197 ι
2058 1144 2384 1215 quidquam
2398 1160 2599 1199 eorum
2616 1162 2745 1217 quae
2760 1162 2877 1200 non
2893 1144 3355 1199 efl‘ecitChristus
3370 1160 3473 1216 per
3488 1160 3575 1198 me
3588 1142 3664 1198 ad

2015 1254 2043 1283 ‹‹
2062 1233 2461 1288 obedientiam
2479 1235 2743 1304 gentium
2757 1234 2931 1289 verbo
2946 1240 3003 1288 et
3015 1250 3325 1305 opere,per
3340 1233 3664 1305 potentiam

2016 1344 2043 1372 «
2070 1323 2371 1394 signorum
2389 1339 2456 1379 ac
2475 1324 2963 1395 prodigiorumﬁn
2984 1324 3248 1394 potentia
3260 1323 3511 1394 Spiritus
3530 1323 3661 1378 Dei:

2024 1432 2048 1463 α
2068 1417 2133 1465 ut
2162 1411 2234 1465 ab
2265 1413 2591 1467 Jerusalem
2619 1418 2676 1467 et
2706 1413 3265 1484 circumjacentibus
3298 1411 3444 1467 locis
3472 1426 3662 1481 usque

2017 1523 2043 1550 ‹‹
2065 1501 2139 1557 ad
2170 1502 2471 1572 Illyricum
2530 1502 2901 1573 impleverim
2955 1502 3334 1573 Evangelium
3365 1500 3599 1555 Christi.
3634 1521 3660 1549 »ι

2092 1612 2321 1667 Glorior
2351 1612 2529 1682 igitur
2584 1627 2702 1665 non
2756 1611 2816 1664 in
2873 1611 3121 1680 meipso,
3156 1626 3348 1680 neque
3381 1610 3439 1663 in
3472 1608 3665 1664 studio

2019 1702 2285 1768 meo,sed
2317 1702 2375 1754 in
2408 1701 2724 1765 (.hristo,in
2752 1700 2927 1755 rebus
2951 1716 3080 1769 quae
3113 1700 3410 1771 pertinent
3440 1715 3508 1754 ac
3538 1696 3667 1753 red-

2023 1798 2165 1848 eunt
2196 1791 2268 1846 ad
2302 1790 2735 1844 Patrem.Fides
2767 1790 2965 1859 itaque
3023 1790 3081 1842 in
3113 1789 3409 1843 Christum
3441 1787 3516 1842 ad
3550 1790 3665 1841 Pa-

2020 1888 2172 1937 trem
2196 1880 2741 1952 pertinet.Primum
2764 1879 3056 1949 siquidem
3080 1878 3371 1933 modestia
3390 1895 3534 1932 usus
3558 1882 3666 1943 est,

2022 1971 2261 2026 dicens:
2297 1972 2449 2025 404
2482 1969 2781 2024 Audacius
2830 1975 3028 2024 autem
3062 1968 3292 2039 scripsi,
3326 1983 3481 2022 nunc
3513 1967 3668 2037 seip-

2022 2077 2151 2115 sum
2175 2059 2683 2123 attollit,attamen
2707 2059 2767 2112 in
2791 2058 3020 2111 Christo
3051 2058 3207 2113 Jesu.
3241 2088 3309 2097 —-
3339 2056 3466 2111 Alio
3486 2055 3663 2110 modo.

2020 2149 2169 2214 Quid
2194 2165 2329 2221 ergo
2346 2148 2374 2202 ‘l
2401 2148 2601 2203 Tibine
2634 2147 2972 2203 concredita
3004 2153 3091 2201 est
3120 2146 3381 2219 gentium
3406 2145 3625 2201 oblatio
3643 2142 3670 2198 ?

2020 2239 2253 2308 Utique,
2289 2238 2501 2307 inquit,
2561 2243 2618 2291 et
2674 2236 2913 2308 gloriari
2946 2252 3187 2307 possum
3220 2236 3291 2290 de
3324 2235 3416 2289 his
3447 2250 3577 2304 quae
3611 2234 3671 2288 in

2018 2327 2139 2381 illis
2166 2332 2443 2397 operatus
2477 2342 2626 2380 sum.
2662 2326 2943 2380 Gloriatio
3000 2342 3134 2380 vero
3177 2341 3307 2379 mea
3335 2340 3453 2379 non
3485 2329 3573 2379 est
3605 2324 3665 2378 in

2020 2433 2136 2481 me,
2170 2416 2281 2469 hoc
2312 2420 2419 2480 est,
2476 2415 2536 2468 in
2594 2414 2813 2469 viribus
2870 2420 2927 2469 et
2985 2416 3248 2485 potentia
3281 2430 3434 2477 mea,
3469 2413 3572 2469 sed
3603 2414 3665 2468 in

2019 2505 2249 2560 Christo
2279 2506 2434 2558 Jesu.
2472 2504 2699 2558 Etenim
2746 2504 2791 2557 si
2843 2504 2985 2574 quid
3017 2504 3221 2558 dixero
3252 2508 3353 2558 aut
3381 2504 3667 2575 gloriatus

2017 2596 2205 2663 fuero,
2234 2594 2382 2648 nihil
2414 2592 2576 2648 aliud
2606 2593 2834 2648 audebo
2866 2593 3060 2647 dicere
3092 2608 3268 2663 quam
3302 2608 3372 2648 ea
3401 2608 3531 2663 quae
3566 2606 3671 2663 per

2020 2700 2115 2740 me
2144 2684 2409 2738 Christus
2440 2684 2634 2739 effecit
2681 2684 2742 2738 in
2794 2684 2904 2738 hoc
2934 2690 3000 2739 ut
3028 2691 3230 2753 gentes
3264 2684 3573 2739 obedirent
3601 2699 3670 2739 ac

2022 2773 2352 2829 crederent.
2378 2773 2527 2839 Quid
2549 2773 2727 2845 igitur
2758 2774 2997 2829 effecit?
3027 2774 3369 2829 Sermonem
3403 2773 3567 2829 dedit
3595 2772 3671 2829 ad

2020 2864 2463 2934 praedicandum
2487 2881 2498 2917 :
2526 2865 2691 2937 signa
2712 2870 2770 2920 et
2792 2864 3059 2937 prodigia
3084 2864 3157 2920 ad
3182 2863 3671 2920 benefaciendum

2021 2974 2088 3013 ac
2120 2958 2598 3029 persuadendum
2656 2958 2880 3013 tribuit.
2941 2958 3200 3015 Tandem
3242 2959 3389 3014 adeo
3423 2958 3588 3015 auxit
3612 2960 3673 3013 et

2023 3046 2287 3102 dilatavit
2321 3063 2387 3101 ac
2420 3048 2789 3102 conﬁrmavit
2819 3046 2997 3103 ﬁdem
3030 3064 3134 3118 per
3163 3065 3257 3102 me
3290 3048 3672 3118 praedicatam

2022 3143 2086 3191 ut
2116 3154 2149 3191 a
2177 3138 2526 3203 Jerusalem,
2583 3154 2655 3191 ex
2710 3154 2825 3208 qua
2856 3140 3113 3209 primum
3152 3155 3395 3210 germen
3426 3140 3582 3204 tulit,
3616 3145 3675 3194 et

2023 3226 2587 3297 circumjacentibus
2634 3228 2975 3300 regionibus
3019 3244 3207 3299 usque
3240 3229 3314 3284 ad
3347 3228 3669 3300 Illyricum,

2021 3316 2253 3371 radices
2279 3316 2473 3371 fixerit
2494 3333 2561 3371 ac
2585 3316 2889 3373 inhmserit
2911 3324 2968 3373 et
2986 3317 3314 3389 impleverit
3331 3317 3672 3389 praedicatio

278 3383 528 3454 κήρυγμα
578 3382 671 3448 τὴν
731 3378 996 3448 τοσαύτην
1054 3379 1405 3451 οἰκουμένην.
1465 3380 1671 3435 Οὐκοῦν
1727 3379 1912 3442 καλῶς

2031 3414 2219 3463 tantas
2249 3407 2557 3463 hominum
2618 3414 2827 3463 terras.
2862 3378 3089 3480 Itaque.
3124 3410 3271 3465 bene
3304 3378 3482 3465 etiam
3513 3408 3676 3465 vobis

282 3471 367 3525 καὶ
426 3469 545 3542 ὑμῖν
598 3466 811 3547 ἔγραψα
891 3468 979 3523 καὶ
1069 3468 1355 3540 ὑπέμνησα
1410 3472 1514 3521 τῶν
1574 3468 1625 3521 ἐν
1689 3468 1912 3531 ἐιείνοις

276 3559 738 3635 κατορθωθέντων,
800 3556 1014 3633 θαῤῥεῖν
1072 3558 1160 3611 καὶ
1219 3558 1340 3633 περὶ
1395 3558 1534 3629 ὑμᾶς
1588 3557 1914 3630 ὑποτιθεμὲ·

265 3673 386 3717 νων,
418 3649 511 3704 καὶ
540 3652 642 3717 τήν
677 3646 915 3720 ἐξουσίαν
973 3647 1062 3700 καὶ
1122 3643 1301 3701 ἄδειαν
1355 3650 1451 3701 τοῦ
1483 3651 1747 3702 νουθετεῖν
1781 3648 1914 3717 μετὰ

259 3747 354 3799 τοῦ
382 3742 701 3812 ιΙνεῦματος
732 3735 1105 3811 ἐγγυωμένων.
1169 3761 1197 3788 ‹‹
1230 3736 1309 3794 Οὐ
1365 3738 1465 3811 γὰρ
1518 3737 1787 3809 τολμήσω
1819 3736 1914 3792 λα-

262 3840 381 3898 λεῖν
411 3860 486 3894 τι.
517 3861 545 3887 n
580 3830 803 3899 Ἐπειδὴ
830 3831 994 3898 εἶπεν,
1020 3854 1047 3881 ‹‹
1072 3830 1232 3903 Ἒχω
1260 3827 1549 3903 καῦχημα,
1576 3854 1602 3879 ›;
1628 3830 1919 3903 προστίθη-

270 3952 370 3989 σιν,
405 3930 489 3983 δτι
552 3926 631 3984 0'5
688 3924 926 3995 κόμπος,
988 3920 1147 3995 φησὶ,
1202 3917 1461 3992 ῥημάτων
1514 3919 1578 3972 τὰ
1635 3916 1914 3993 εἰρημένα.

263 4019 404 4080 Οὖδὶ
435 4022 544 4097 γᾶρ
577 4016 749 4072 είπεῖν
803 4013 1000 4085 τολμῶ
1055 4015 1164 4065 τῶν
1227 4009 1303 4082 μὴ
1363 4011 1505 4083 παρὰ
1554 4009 1789 4082 Χριστοῦ
1827 4030 1919 4081 μοι

264 4109 731 4185 τξαρασχεοέντων
790 4104 867 4165 εἰς
922 4104 1021 4169 τὴν
1078 4104 1185 4154 τῶν
1246 4097 1409 4160 ἐθνῶν
1467 4099 1790 4173 ἱερουργίαν,
1832 4098 1921 4152 καὶ

264 4201 353 4257 ἴνα
390 4224 499 4274 μου
554 4199 621 4254 τὰ
680 4194 802 4267 ἔθνη
866 4191 1163 4265 ὑπακούσῃ,
1194 4187 1340 4246 ἀλλᾶ
1369 4188 1458 4244 καὶ
1492 4189 1731 4260 σημείων
1766 4193 1925 4260 ποιή-

274 4312 413 4355 σεις,
444 4290 533 4345 καὶ
563 4287 801 4361 τεράτων
832 4280 1115 4355 ἐπιδείξεις
1168 4299 1259 4351 μοι
1314 4278 1744 4352 παρεσχέθησαν.
1778 4278 1926 4334 Ἀνά.

268 4403 360 4457 γει
393 4383 499 4460 γὰρ
529 4378 727 4436 λοιπὸν
782 4374 989 4440 ἑαυτὸν,
1050 4369 1237 4435 ἐπειδὴ
1297 4365 1505 4444 σφόδρα
1560 4366 1611 4422 ἐν
1669 4373 1786 4432 τοῖς
1815 4367 1926 4424 ἃνω

266 4455 625 4527 ἒταπείνιυσεν
684 4465 893 4527 ἑαυτὸν,
957 4460 1143 4527 εἰπὼν,
1205 4455 1683 4531 «Τθλμηρότερον
1724 4456 1929 4535 ἔγραψα

273 4564 432 4636 ὑμῖν,
473 4586 491 4609 ι
519 4556 613 4613 *ἶνα
648 4558 721 4629 μή
756 4555 830 4616 ὡς
862 4548 1135 4617 εὐτελοῦς,
1170 4542 1488 4636 ἀπόϐλητος
1522 4548 1549 4601 ὁ
1573 4544 1751 4636 ,λόγος
1780 4548 1931 4623 γένη,

274 4634 390 4707 ται.
428 4674 455 4701 ιι
481 4650 582 4705 Ὠν
615 4646 678 4703 οὗ
732 4643 1120 4719 κατειργάσατο
1177 4638 1405 4715 Χριστὸς
1464 4634 1535 4691 δι’
1564 4635 1720 4708 ἐμοῦ,
1755 4661 1782 4689 ››
1818 4638 1930 4693 Δεί-

272 4762 468 4798 κνυσιν
514 4737 597 4795 ὅτι
635 4733 788 4793 οὐδὲν
846 4734 911 4803 ἧν
970 4730 1158 4799 αὐτοῦ,
1216 4726 1365 4784 ἀλλὰ
1418 4728 1479 4783 τὸ
1538 4731 1637 4781 πᾶν
1671 4729 1929 4803 Χριστοῦ.

273 4857 304 4885 ι(
345 4832 439 4888 Ἐν
498 4826 732 4899 δυνάμει
794 4822 1111 4896 Πνεΰματος
1169 4821 1323 4876 Θεοῦ.
1360 4842 1387 4868 »
1419 4817 1492 4873 Τὸ
1524 4816 1741 4890 ἀξίωμα
1796 4816 1941 4894 λέγει

275 4924 383 4976 τοῦ
442 4917 591 4991 ἁγίου
652 4914 987 4986 Πνεύματος,
1041 4909 1123 4964 δτι
1182 4911 1365 4966 Ταῦτα
1414 4906 1711 4976 πεποίηκα,
1746 4908 1932 4983 φησῖν,

279 5010 468 5083 ἤγουν
499 5006 689 5081 τέρατα
717 5004 809 5061 καὶ
843 5006 1065 5076 σημεῖα,
1119 5001 1187 5071 τῇ
1244 4996 1465 5071 δυνάμει
1498 4997 1681 5053 αὐτοῦ.
1722 5020 1746 5051 ι
1780 4999 1939 5055 Ὥστε

283 5119 357 5173 με
391 5097 502 5153 ἀπὸ
530 5092 893 5171 Ἰερουσαλὴμ
942 5091 1031 5147 καὶ
1088 5089 1297 5162 κύκλῳ.
1336 5113 1362 5140 ››
1422 5089 1625 5144 Λοιπὸν
1656 5090 1691 5157 ἡ
1724 5086 1940 5143 ἀπόδει-

281 5189 364 5259 ξις
395 5192 504 5244 τῶν
568 5183 893 5260 ε’ρημένων,
948 5186 1053 5237 τῶν
1117 5184 1372 5255 μαθητῶν
1428 5180 1491 5233 τὸ
1548 5176 1787 5249 πλῆθος.
1840 5180 1939 5237 Διὰ

270 5283 437 5333 τοῦτο
490 5274 549 5331 δὲ
605 5276 745 5340 εἶπε,
804 5301 831 5327 ‹ι
865 5271 1085 5346 Κῦιιλῳ,
1126 5297 1152 5323 ››
1206 5273 1297 5326 ἳνα
1340 5272 1415 5345 μή
1448 5271 1548 5336 τήν
1580 5273 1698 5327 κατ’
1730 5271 1935 5327 εὐθεῖαν

278 5365 408 5423 ὁδὸν
440 5365 779 5435 ἐνθυμηθίς.
830 5362 973 5420 ἀλλὰ
1028 5365 1202 5419 πάντα
1261 5364 1327 5417 τὰ
1388 5363 1537 5437 πέριξ
1596 5362 1766 5419 »Οὔκ
1795 5365 1936 5432 εἶπε,

276 5457 613 5531 Κεκηρύξαι,
648 5452 776 5510 ἀλλ’
804 5452 835 5508 8
863 5459 1046 5527 μεῖζον
1075 5455 1165 5523 ἦν,
1222 5480 1247 5507 ι(
1279 5452 1727 5530 Πεπληρωκὲναι.
1769 5479 1794 5507 1
1831 5455 1938 5513 Ἰλ-

276 5546 503 5625 λυρικδν
570 5542 629 5600 δὲ
685 5542 817 5617 ἐστι,
875 5543 942 5600 τὰ
997 5539 1200 5621 ἔσχατα
1256 5552 1354 5615 τῆς
1410 5549 1498 5601 νῦν
1528 5546 1938 5620 ὀνομαζομένης

270 5633 619 5714 Βολγαρίας.

2027 3497 2235 3567 scripsi
2268 3512 2335 3552 ac
2367 3498 2626 3569 suggessi
2653 3498 2723 3553 de
2746 3498 2838 3553 his
2866 3515 2995 3569 quae:
3022 3499 3177 3571 apud
3205 3499 3339 3555 illos
3366 3506 3497 3555 acta
3518 3504 3675 3568 sunt,

2027 3588 2252 3643 audens
2282 3588 2461 3643 etiam
2505 3605 2607 3643 vos
2656 3588 2975 3645 admonere
3025 3606 3143 3645 una
3174 3606 3307 3645 cum
3340 3591 3573 3662 spiritu,
3605 3598 3677 3646 de

2027 3678 2121 3732 his
2152 3694 2281 3748 quae
2314 3678 2473 3734 vobis
2517 3680 2819 3750 proposita
2874 3686 3010 3735 sunt
3069 3697 3137 3735 ac
3196 3681 3681 3752 promissajuxta

2028 3769 2356 3839 potentiam
2389 3785 2457 3823 ac
2487 3768 2847 3824 libertatem.
2884 3793 2911 3818 ‹‹
2947 3771 3071 3823 Non
3105 3770 3262 3823 enim
3291 3770 3484 3824 ausim
3516 3768 3679 3838 loqui

2032 3860 2380 3928 quidquam.
2418 3878 2442 3908 ιο
2482 3860 2805 3928 Postquam
2862 3857 3051 3912 dixit:
3089 3880 3116 3906 ‹‹
3153 3859 3349 3913 Habeo
3376 3860 3684 3931 gloriatio-

2031 3962 2167 4001 nem
2181 3946 2398 4007 ,»addit
2418 3964 2535 4001 non
2556 3948 2868 4002 verborum
2884 3950 3233 4017 arrogantiae
3248 3967 3377 4004 esse
3400 3948 3683 4020 prwdicta

2033 4053 2225 4106 neque
2257 4036 2864 4105 enim,inquit,audeo
2896 4037 3219 4108 quidquam
3254 4040 3451 4094 dicere
3474 4055 3681 4096 eorum

2036 4145 2165 4198 quae
2197 4144 2315 4182 non
2347 4134 2483 4183 sunt
2540 4127 2686 4181 mihi
2742 4134 2801 4183 a’
2836 4128 3068 4183 Christo
3100 4128 3316 4184 tradita
3346 4129 3421 4184 ad
3438 4132 3683 4187 sacram

2036 4219 2297 4290 gentium
2328 4217 2926 4283 administrationem,
2944 4224 3126 4289 utque
3150 4226 3353 4285 gentes
3375 4220 3520 4275 mihi
3552 4221 3687 4276 obe-

2038 4308 2202 4364 diant
2248 4310 2371 4363 Imo
2393 4313 2450 4363 et
2472 4308 2773 4375 signorum
2798 4310 3173 4381 operationes
3191 4327 3258 4366 ac
3280 4310 3686 4383 prodigiorum

2041 4398 2577 4455 demonstrationes
2602 4400 2746 4455 mihi
2771 4399 2920 4456 datas
2941 4401 3225 4456 suntJam
3246 4402 3403 4456 enim
3424 4402 3688 4473 seipsum

2042 4491 2279 4555 attollit,
2313 4492 2451 4563 quia
2482 4493 2541 4547 in
2573 4492 3043 4562 praecedentibus
3082 4493 3462 4550 vehementer
3493 4510 3555 4551 se
3586 4493 3690 4551 de-

2042 4580 2598 4653 presserat,'dicens
2627 4598 2639 4636 :
2673 4581 2994 4638 Audiacius
3015 4583 3219 4655 scripsi
3245 4582 3428 4648 vobis,
3460 4599 3535 4640 ne
3564 4589 3692 4642 tan-

2044 4688 2222 4745 quam
2254 4671 2385 4726 vilis
2416 4671 2673 4727 hominis
2697 4688 2891 4728 sermo
2922 4671 3090 4729 fleret
3119 4673 3406 4746 abjectus.
3429 4675 3693 4733 «Eorum

1972 4783 2019 4848 D
2047 4760 2330 4832 quaefnon
2363 4762 2559 4818 effecit
2584 4761 2988 4833 Christus'per
3020 4780 3133 4820 me.
3175 4786 3202 4812 »
3235 4762 3503 4822 Ostendit
3533 4766 3694 4838 quod

2046 4851 2193 4907 nihil
2227 4858 2353 4908 erat
2378 4852 2585 4923 ipsius,
2620 4851 2747 4922 sed;
2772 4858 2961 4909 totum
3001 4852 3236 4911 Christi.
3270 4878 3300 4906 «
3332 4856 3695 4929 In'potentia

2048 4940 2299 5013 Spiritus
2330 4940 2453 4996 Dei.
2478 4939 3065 5012 )fDignitatem'dicit
3095 4943 3348 5015 Spiritus
3380 4946 3500 5003 Dei.
3537 4948 3692 5016 Haec,

2046 5030 2259 5100 inquit,
2322 5028 2456 5093 feci,
2516 5029 2632 5085 sive
2690 5030 2959 5099 prodigia
3016 5033 3134 5089 sive
3196 5035 3362 5107 signa
3402 5042 3693 5106 potestate

2048 5117 2251 5189 ipsius.
2289 5139 2317 5167 ‹‹
2351 5117 2421 5171 Ut
2452 5117 2524 5171 ab
2556 5117 2976 5175 Jerusalem'et
3014 5122 3575 5195 circumjacentibus
3607 5124 3693 5181 lo-

2050 5207 2151 5261 cis.
2191 5207 2429 5272 -‘_Porro
2461 5208 2832 5278 eorum’quzn
2893 5208 3050 5265 dicta
3082 5217 3217 5266 sunt
3248 5212 3696 5279 demonstratio,

2049 5294 2478 5365 discipulorum
2508 5301 2597 5351 est
2625 5296 3461 5371 multitudo.Propterea'dixit
3484 5318 3498 5355 :
3519 5324 3546 5349 «
3571 5302 3697 5358 Cir-

2048 5384 2711 5455 cumjacentibusflocis,
2763 5389 3118 5445 ne"rectam
3150 5390 3303 5445 viam
3334 5390 3696 5461 consideres,

2051 5477 2153 5533 sed
2177 5493 2381 5532 omnes
2403 5478 2625 5547 positas
2656 5478 2716 5532 in
2747 5479 2997 5534 circuitu
3017 5480 3310 5553 regiones.
3338 5503 3361 5533 ν
3383 5483 3509 5538 Non
3531 5483 3699 5550 dixit,

2051 5565 2517 5631 Praedicaverim,
2539 5565 2641 5622 sed
2666 5566 2825 5638 quod
2848 5568 3042 5642 majus
3067 5574 3193 5626 erat
3211 5571 3650 5645 «glmpleverim.
3676 5597 3697 5625 ι

2051 5654 2353 5728 Illyricum
2411 5661 2609 5713 autem
2668 5656 2989 5714 novissima
3043 5674 3182 5731 pars
3242 5665 3330 5717 est
3388 5664 3517 5736 ejus
3571 5679 3702 5736 qua

2051 5743 2327 5822 Bulgaria
2353 5743 2587 5804 dicitur.
