4106 6252
421 341 540 403 623

1541 334 1958 398 GCUMENII
2004 332 2308 396 TRICCE
2357 333 2709 396 EPISCOPI

3710 328 3826 388 624

494 476 645 533 405
680 474 802 539 XV,
833 473 1014 530 20-24.
1050 499 1076 524 u
1111 476 1195 530 Ita
1225 491 1361 530 vero
1393 474 1664 530 adnitens
1695 472 2053 545 Evangeliun

2260 466 2448 528 Οὕτως
2533 465 2590 523 δὲ
2670 464 3134 546 φιλοτιμούμενον
3211 462 3672 542 εὐαγγελίζεσθαι,
3731 463 3838 542 οὐχ

425 590 451 617 ‹‹
476 567 851 630 annuntiare,
883 581 1002 621 non
1032 565 1131 619 ubi
1164 565 1505 620 nominatus
1533 570 1658 619 erat
1687 564 1973 624 Christus.
1998 577 2072 616 ne

421 681 444 711 α
469 658 919 730 superalienum
938 657 1385 712 fundamentum
1401 657 1756 712 aedificarem
1775 671 1787 710 :
1805 655 1907 710 sed
1921 655 2074 710 sicut

421 771 448 800 α
472 749 756 820 scriptum
776 746 1116 811 estzQuibus
1134 753 1355 802 nonest
1367 746 1784 802 annuntiatum
1805 743 1876 799 de
1897 743 2071 808 eo,vi-

418 859 445 888 ‹‹
468 837 886 907 debunt,etqui
902 853 1020 890 non
1033 836 1369 900 audierunt,
1391 835 1738 907 intelligent.
1760 837 2068 904 Quaprop-

423 948 443 976 ι
457 933 552 983 ter
564 929 826 983 etiamim
837 925 1114 997 pediebar
1128 927 1466 996 frequenter
1477 926 1794 996 quominus
1807 925 2066 979 venirem

422 1038 446 1069 α
467 1017 542 1073 ad
562 1031 851 1080 vos,nunc
873 1032 1006 1070 vero
1031 1031 1164 1072 cum
1182 1031 1301 1070 non
1323 1015 1580 1087 amplius
1604 1015 1850 1069 habeam
1872 1014 2068 1069 locum

421 1106 532 1162 «in
554 1105 647 1161 his
670 1105 1033 1178 regionibus,
1068 1103 1433 1160 desiderium
1459 1109 1658 1160 autem
1687 1102 1938 1158 habeam
1969 1119 2069 1158 ve-

422 1217 442 1244 ι
469 1193 670 1252 niendi
703 1194 778 1251 ad
793 1211 894 1251 vos
921 1194 1263 1266 multisjam
1286 1194 1550 1258 annis,ut
1568 1193 1615 1248 si
1635 1191 1977 1265 proﬁciscar
2005 1194 2065 1248 in

415 1306 443 1336 «
476 1283 1172 1355 Hispaniam,;veniamad
1212 1300 1330 1340 vos.
1368 1283 1548 1355 Spero
1588 1283 1748 1338 enim
1779 1298 1874 1336 me
1905 1288 2066 1337 tran-

416 1398 443 1424 ‹‹
479 1375 705 1431 seundo
745 1377 1004 1432 visurum
1027 1380 1214 1441 vos,et
1231 1391 1264 1431 a
1287 1374 1451 1431 vobis
1468 1373 1878 1430 deducendum
1902 1374 2062 1439 illuc,

415 1487 443 1514 ‹‹
477 1465 524 1519 si
566 1469 768 1521 tamen
783 1472 978 1522 vestra
993 1465 1428 1522 consuetudine
1443 1465 1608 1535 prius
1622 1480 1691 1519 ex
1705 1471 1871 1535 parte
1887 1463 2052 1520 fuero

412 1576 438 1604 «
473 1555 764 1626 expletus.
804 1579 824 1604 ι

480 1648 757 1712 Conatus,
792 1645 1006 1717 inquit,
1042 1650 1097 1699 et
1128 1645 1316 1716 gloria
1351 1643 1496 1698 mihi
1533 1648 1658 1699 erat
1691 1643 1770 1696 ibi
1802 1644 2062 1713 Evange-

410 1735 557 1792 lium
618 1737 970 1793 annuntiare
1027 1737 1129 1792 ubi
1190 1735 1453 1791 nondum
1498 1735 1839 1790 nominatus
1869 1734 2061 1788 fuerat

2179 556 2317 610 ὅπου
2376 557 2670 629 ὡνεμασθη
2757 557 3008 629 Χριστὸς,
3063 553 3156 610 ’ἱνα
3216 556 3290 628 μὴ
3380 553 3465 610 ἐπ’
3530 551 3829 615 ἀλλότριον

2178 643 2432 717 θεμέλιον
2534 642 2837 717 οἰκοδομῶ,
2967 643 3116 701 ἀλλὰ
3223 643 3402 707 καθὼς
3507 643 3828 719 γὲγραπται.

2176 735 2275 796 Οἷς
2324 735 2423 789 οὐκ
2497 732 2777 812 ἀνηγγέλη
2857 733 2980 805 περὶ
3055 735 3244 803 αὐτοῦ,
3318 730 3564 806 ὄψονται·
3650 733 3744 785 καὶ
3781 731 3831 785 οἳ

2176 822 2279 876 οὐκ
2351 824 2638 893 ἀκηκόασι,
2717 829 3030 892 συνήσουσι.
3107 822 3200 877 Διὸ
3273 821 3363 876 καὶ
3449 821 3832 892 ἐνεκοπτόμην

2172 915 2239 966 τα
2287 911 2472 970 πολλὰ
2527 918 2623 968 τοῦ
2683 913 2856 968 ἐλθεῖν
2915 913 3051 987 πρὸς
3111 913 3274 985 ὑμᾶς,
3335 911 3467 968 Νυνὶ
3519 909 3581 965 ὁὶ
3643 913 3832 983 μηκὲτι

2172 1000 2336 1058 τόπον
2394 996 2540 1078 ἔχων
2623 1003 2674 1057 ἐν
2760 1008 2874 1065 τοῖς
2960 999 3192 1074 κλίμασι
3243 1001 3484 1070 τούτοις,
3546 999 3837 1064 ἐπιποθίαν

2173 1086 2229 1144 δὲ
2285 1090 2428 1166 ἔχων
2487 1096 2583 1147 τοῦ
2639 1092 2817 1148 ἐλθεῖν
2876 1093 3013 1168 πρὸς
3074 1092 3214 1164 ὑμᾶς
3271 1091 3376 1146 ἀπὸ
3406 1086 3648 1146 πολλῶν
3683 1090 3834 1144 ἑτῶν

2171 1179 2246 1242 ὡς
2329 1179 2420 1236 δαν
2503 1181 2825 1256 πορεύωμαι
2885 1179 2964 1245 sic
3043 1182 3144 1248 τὴν
3211 1180 3474 1249 Σπανίαν,
3531 1178 3837 1253 ἐλεύσομαι

2169 1268 2304 1342 πρὸς
2365 1269 2524 1342 ὑμᾶς.
2609 1269 2853 1340 Ἐλπίζω
2941 1270 3045 1345 γὰρ
3126 1266 3557 1344 διαπορεύμενος
3656 1270 3838 1332 θεάσα-

2170 1359 2289 1412 σθαι
2350 1358 2511 1432 ὓμᾶς,
2564 1361 2652 1415 καὶ
2717 1361 2800 1438 ὑφ’
2863 1360 3013 1433 ὑμῶν
3065 1360 3487 1437 προπεμφθῆναι
3555 1357 3703 1426 ἐκεῖ,
3754 1356 3837 1411 ὲαν

2173 1447 2324 1518 ὑμῶν
2356 1452 2573 1521 πρῶτον
2609 1448 2714 1504 ἀπὸ
2751 1449 2948 1524 μέρους
2982 1445 3311 1521 ἐμπλησθῶ.

2239 1627 2546 1701 Φιλοτιμία
2573 1624 2630 1682 δέ
2665 1649 2759 1702 μοι
2792 1627 2960 1704 ἤγουν
2997 1624 3124 1700 δόξα
3173 1628 3263 1696 ἦν,
3295 1625 3480 1703 φησὶν,
3515 1626 3642 1682 ἱκεῖ
3675 1627 3836 1700 εύαγ-

2163 1719 2496 1798 γελίζεσθαι,
2529 1715 2652 1772 ἔνθα
2701 1716 2854 1773 οῧπω
2908 1717 2976 1786 ἦν
3036 1717 3359 1788 ὀνομασθεές
3391 1716 3418 1771 ὁ
3453 1715 3735 1790 Χριστός.
3767 1712 3832 1772 Τί

409 1824 695 1882 Christus.
729 1827 917 1891 Quare
938 1825 965 1879 ?
996 1827 1074 1880 Ne
1107 1842 1286 1897 super
1315 1825 1574 1880 alienum
1606 1823 2053 1880 fundamentum

2169 1816 2235 1889 δή
2269 1837 2438 1886 ποτε;
2501 1817 2612 1873 Ἰνα
2673 1818 2773 1890 μή,
2834 1817 3021 1892 φησὶν,
3079 1813 3166 1870 ἐπ’
3221 1813 3514 1888 ἀΛλότριον
3572 1813 3838 1886 θεμέλιον

410 1914 767 1971 mdiﬁcarem
797 1931 810 1967 τ
850 1937 875 1966 ι.
907 1916 1029 1971 Non
1061 1914 1159 1970 ubi
1194 1913 1531 1969 nominatus
1561 1921 1688 1969 erat
1709 1914 1998 1969 Christus.
2029 1934 2052 1963 υ

411 2002 536 2055 Non
567 2001 726 2073 quod
756 2007 1106 2056 caeterorum
1124 2000 1529 2072 apostolorum
1552 2001 1895 2056 societatem
1930 1999 2058 2054 des-

408 2087 666 2158 picerem
695 2105 706 2141 :
741 2087 844 2142 sed
874 2089 1030 2158 quod
1075 2088 1511 2144 contentiosum
1546 2105 1612 2143 ac
1644 2089 1930 2155 iniustum
1956 2088 2054 2159 ju-

407 2175 690 2243 dicarem,
723 2177 970 2250 gloriam
1003 2179 1212 2233 alienis
1261 2177 1519 2232 debitam
1551 2176 1829 2248 operibus
1859 2176 2053 2232 subri-

404 2291 566 2346 pere.
601 2298 630 2325 «
663 2277 743 2331 Ne
777 2292 955 2347 super
986 2277 1251 2332 alienum
1312 2276 1764 2332 fundamentum
1797 2276 2055 2332 mdifica-

403 2381 550 2420 rem.
587 2387 613 2413 ››
647 2367 918 2422 Alienum
948 2367 1396 2423 fundamentum
1427 2367 1569 2422 dicit
1598 2367 2054 2438 praedicatorum

403 2453 754 2510 doctrinam.
789 2456 1064 2512 Alienum
1096 2473 1144 2511 Vt
1169 2474 1231 2512 ro
1254 2473 1372 2512 non
1405 2456 1741 2511 diversitate
1768 2457 2052 2528 prmdica-

403 2544 712 2610 tionis,sed
743 2546 968 2601 ratione
1003 2547 1292 2601 mercedis
1323 2563 1390 2602 ac
1423 2546 1661 2602 laboris.
1701 2568 1723 2597 ιι
1760 2545 1872 2602 Sed
1902 2547 2052 2600 sicut

405 2635 688 2704 soi-iptum
722 2641 830 2689 est.
866 2658 891 2684 ›ι
926 2635 1194 2691 Ostendit
1227 2635 1385 2706 quod
1442 2635 1553 2690 hoc
1598 2651 1775 2707 agens
1805 2632 2054 2705 prophe-

404 2723 548 2778 tiam
584 2723 845 2795 impleat.
879 2743 910 2776 (ι
943 2725 1311 2795 QuaprOpter
1331 2725 1508 2779 etiam
1544 2723 1909 2795 impediebar
1937 2723 2051 2776 fre-

407 2818 675 2882 quenter.
712 2837 730 2860 ι
767 2815 908 2883 Ejus
961 2813 1118 2884 quod
1150 2815 1210 2869 in
1267 2815 1435 2869 initio
1468 2815 1731 2869 dixerat:
1766 2838 1791 2863 α
1829 2813 2052 2883 Saepius

404 2903 684 2973 proposui
718 2905 914 2958 venire
947 2903 1021 2959 ad
1080 2922 1199 2970 vos,
1234 2929 1252 2953 ι
1318 2905 1608 2959 rationem
1651 2919 1807 2960 nunc
1837 2903 2047 2958 reddit.

401 2991 546 3046 Nam
580 2991 867 3057 doctrina,
903 2993 1116 3064 inquit,
1169 2995 1324 3049 circa
1366 3001 1570 3066 gentes
1602 3010 1694 3048 me
1728 2993 2048 3064 prohibuit.

400 3077 595 3134 Πολλά
629 3082 903 3149 multum,
936 3083 1047 3139 hoc
1078 3090 1187 3148 est,
1222 3101 1394 3156 saepe.
1425 3105 1444 3132 ι
1472 3086 1614 3140 Cum
1647 3101 1764 3140 non
1794 3083 2051 3154 amplius

397 3170 592 3226 locum
626 3172 901 3228 habeam.
940 3197 960 3222 ι
1001 3174 1196 3240 Vides,
1231 3175 1442 3246 inquit,
1475 3174 1632 3246 quod
1672 3191 1790 3229 non
1821 3172 2050 3244 cupidi-

397 3267 515 3316 tate
550 3277 668 3315 sua}
699 3261 899 3332 gloriae
932 3264 1237 3334 scripserit
1294 3264 1422 3318 eis?
1478 3281 1671 3334 neque
1728 3269 1793 3318 ut
1832 3264 2050 3319 dicitur

397 3351 737 3405 assentandi
772 3352 1010 3407 illorum
1037 3355 1244 3425 gratia,
1268 3361 1334 3410 ut
1355 3356 1453 3425 qui
1489 3357 1771 3426 primates
1804 3355 2049 3410 essent?

398 3439 450 3493 ei
476 3439 717 3508 quidem
749 3442 1176 3511 propemodum
1210 3444 1321 3498 hoc
1352 3445 1868 3510 scribit.Quoniam
1901 3461 2049 3516 opus

399 3528 686 3599 complevi
719 3535 776 3582 et
807 3530 957 3584 nihil
1004 3539 1092 3586 est
1146 3533 1302 3602 quod
1356 3549 1547 3606 agam,
1581 3534 1712 3590 volo
1743 3534 1939 3589 venire
1973 3533 2048 3588 ad

400 3633 522 3672 vos.
559 3637 589 3670 «
622 3617 991 3673 Desiderium
1026 3627 1220 3677 autem
1254 3621 1526 3678 habeam.
1565 3647 1584 3671 -
1622 3625 1701 3678 Ne
1732 3623 1867 3677 illos
1899 3622 2047 3692 deji-

402 3722 534 3763 cere
566 3706 855 3772 videatur,
899 3709 1167 3766 scribens
1204 3729 1216 3767 :
1277 3711 1424 3778 Quia
1479 3713 1526 3767 si
1585 3713 1735 3768 nihil
1769 3718 1859 3767 est
1891 3711 2049 3783 quod

403 3811 592 3868 agam,
625 3796 854 3852 veniam
877 3798 950 3852 ad
977 3815 1095 3864 vos,
1121 3800 1248 3872 subj
1261 3800 1426 3873 ungit
1449 3817 1461 3855 :
1487 3823 1514 3849 ‹‹
1544 3801 1912 3858 Desiderium
1941 3803 2047 3856 ha-

401 3883 573 3941 beam
608 3887 952 3958 multisjam
979 3891 1172 3954 annis,
1198 3913 1222 3936 η
1249 3890 1356 3946 hoc
1375 3898 1463 3946 est
1493 3890 1855 3948 desiderium
1887 3907 2046 3947 com-

399 3975 564 4046 plere
596 3975 772 4032 nitor.
814 4002 833 4025 α
874 3977 943 4032 Ut
1001 3979 1049 4033 si
1106 3978 1448 4050 proficiscar
1505 3981 1566 4037 in
1625 3982 2044 4053 Hispaniam.»

397 4064 478 4117 Ne
510 4079 745 4120 rursum
790 4064 1150 4124 adulationis
1180 4084 1315 4142 ergo
1373 4070 1594 4126 dixisse
1653 4072 2046 4136 existimetur,

404 4173 430 4200 ‹‹
467 4151 836 4209 Desiderium
878 4155 1130 4211 habeam
1185 4159 1392 4214 multis
1440 4162 1567 4228 jam
1600 4161 1794 4224 annis,
1831 4183 1857 4210 »
1890 4159 2049 4232 quod

392 4238 616 4296 dictum
649 4248 739 4297 est
779 4244 1040 4318 corrigit,
1083 4245 1324 4302 dicens:
1361 4248 1513 4302 406
1547 4247 1628 4304 0b
1665 4249 1776 4304 hoc
1807 4248 2048 4321 potissi-

394 4346 558 4385 mum
591 4332 790 4388 venire
822 4333 1018 4405 cupio,
1070 4341 1134 4390 ut
1192 4337 1253 4391 in
1312 4337 1653 4408 Hispaniam
1687 4337 2047 4409 proﬁciscar.

397 4440 424 4468 «
459 4420 641 4490 Spero
673 4422 834 4477 enim
896 4439 987 4480 me
1046 4422 1410 4481 transeundo
1468 4426 1730 4483 visurum
1776 4443 1898 4492 vos,
1932 4431 1989 4481 et
2018 4441 2054 4481 a

390 4508 553 4564 vobis
612 4509 1048 4569 deducendum.
1085 4536 1112 4562 ››
1172 4515 1253 4570 Ne
1313 4513 1532 4581 dicant,
1593 4516 1758 4570 Facis
1802 4531 1910 4571 nos
1945 4515 2052 4570 viae

2169 1905 2473 1979 οῗκοδομῶ.
2513 1932 2532 1956 ι
2569 1906 2695 1980 Οὐχ
2723 1905 2861 1960 ὅπου
2892 1903 3188 1977 ὠνομάσθη
3222 1904 3468 1978 Χριστός.
3507 1928 3535 1954 ››
3599 1905 3735 1979 Οὐχ
3765 1904 3836 1965 ὡς

2159 1995 2545 2072 ἆπευχόμενος
2595 1999 2700 2050 τῶν
2755 1991 2967 2049 λοιπῶν
3029 1990 3350 2048 ἀποστόλων
3379 1994 3480 2058 τὴν
3512 1992 3842 2061 κοινωνίαν,

2159 2085 2288 2142 ἀλλ’
2345 2085 2420 2146 ὼς
2480 2084 2863 2140 πλεονεκτικὸν
2922 2083 3010 2137 καὶ
3071 2080 3254 2136 ἀδικον
3312 2081 3524 2157 κρίνων,
3585 2084 3699 2150 τὴν
3732 2087 3837 2137 τῶν

2161 2172 2470 2246 ἀλλοτρίων
2532 2166 2704 2247 ἔργων
2763 2167 2919 2240 δόξαν
2981 2170 3332 2247 ὑφαρπάζειν.
3393 2170 3564 2225 «Ἵνα
3638 2171 3720 2241 μή
3754 2167 3836 2223 ἐπ’

2159 2259 2456 2336 ἀλλότριον
2492 2259 2746 2332 θεμέλιον
2806 2255 3107 2331 οἰκοδομῶ.
3144 2284 3166 2313 ι
3201 2257 3529 2330 Ἀλλότριον
3567 2256 3837 2330 θεμέλιον

2160 2350 2292 2430 φησὶ
2323 2352 2421 2418 τὴν
2455 2353 2561 2404 τῶν
2621 2347 2807 2403 ἄλλων
2862 2347 3117 2422 κηρύκων
3178 2344 3431 2421 διδαχτςν.
3484 2345 3827 2421 Ἀλλὸτριον

2161 2440 2236 2504 δὲ,
2271 2439 2335 2494 οὐ
2369 2436 2457 2493 διὰ
2511 2438 2574 2492 τὸ
2631 2434 2862 2492 ἀλλοῖον
2917 2442 3012 2491 τοῦ
3068 2435 3445 2511 κηρύγματος,
3507 2433 3666 2491 ἀλλὰ
3697 2437 3830 2490 κατὰ

2158 2529 2247 2582 τὸν
2275 2532 2371 2583 τού
2405 2529 2600 2601 μισθοῦ
2658 2524 2827 2600 λόγον
2879 2524 2970 2579 καὶ
3022 2529 3119 2579 τοῦ
3149 2524 3422 2598 καμάτου.
3464 2547 3484 2574 ι
3517 2523 3710 2580 Ἀλλὰ
3739 2545 3828 2579 κα-

2159 2619 2267 2682 θὼς
2329 2619 2708 2695 γὲγραπται..
2775 2615 3053 2670 Δείκνυσιν
3109 2614 3193 2670 ὅτι
3253 2618 3412 2669 τοῦτο
3473 2618 3680 2684 ποιῶν,
3729 2614 3816 2668 καὶ

2157 2708 2492 2786 προφητείαν
2528 2705 2797 2780 ἐπλήρου,
2833 2729 2861 2758 ‹‹
2897 2708 2989 2761 Διὸ
3038 2705 3126 2760 καὶ
3176 2703 3549 2777 ἐνεκοπτόμην
3580 2708 3650 2761 τὰ
3681 2702 3819 2760 πολ-

2159 2796 2249 2854 λα.
2287 2824 2306 2847 η
2341 2799 2445 2851 Τοῦ
2475 2793 2527 2850 ἐν
2571 2797 2717 2870 ἀρχῇ
2777 2794 2927 2866 αύτῷ
2988 2794 3298 2869 εἰρημένου,
3354 2793 3437 2850 δτι
3469 2819 3495 2845 ‹‹
3535 2793 3815 2856 Πολλάκις

2156 2888 2467 2962 προεθέμην
2501 2883 2676 2948 ἐλθεῖν
2711 2886 2846 2958 πρὸς
2879 2881 3042 2956 ῧμᾶς,
3078 2907 3105 2937 ››
3159 2888 3247 2938 νῦν
3291 2885 3394 2949 την
3426 2884 3590 2938 αἰτίαν
3622 2879 3810 2943 ἀποδί,

2159 2973 2341 3030 δωσινο
2377 2975 2524 3040 Ὀτι,
2557 2974 2713 3050 φησὶ,
2772 2976 2806 3043 ἡ
2866 2974 3000 3047 πρὸς
3054 2974 3120 3028 τὰ
3173 2970 3293 3044 ἔθνη
3331 2969 3637 3027 διδασκαλία
3673 2970 3803 3025 ἑκώ-

2158 3062 2288 3120 λυσὲ
2314 3083 2398 3136 με.
2428 3086 2454 3114 ‹‹
2477 3062 2553 3118 Τὰ
2578 3059 2783 3117 πολλά.
2810 3086 2836 3113 ››
2862 3063 2991 3119 Οἱον
3026 3061 3320 3123 πολλάκις.
3349 3087 3376 3113 υ
3402 3060 3601 3133 Μηκὲτι.
3625 3059 3801 3114 τύπον

2157 3149 2320 3227 ἔχων.
2358 3177 2382 3202 ›>
2411 3152 2568 3225 Ὁρᾷς
2599 3149 2682 3205 δτι
2714 3148 2776 3203 Οὐ
2805 3156 2906 3220 τῆς
2939 3151 3108 3218 αὐτῆς
3357 3151 3631 3224 ἐφιέμενος
3661 3147 3812 3223 ἔγρῃ..

2081 3229 2122 3295 C
2152 3245 2282 3316 ψεν;
2314 3242 2377 3296 ού
2410 3239 2490 3308 δὲ,
2520 3240 2596 3303 ὡς
2622 3237 2680 3294 ἃν
2708 3238 2850 3295 εἴποι
2875 3261 2981 3308 τις,
3005 3239 3320 3296 κολακεύων
3350 3239 3545 3302 αὐτοὺς
3571 3239 3647 3300 ὡς
3672 3235 3823 3293 δυνα-

2157 3353 2307 3394 στας.
2343 3331 2446 3387 Καὶ
2473 3330 2576 3404 γὰρ
2613 3329 2913 3402 μονονουχὶ
2942 3333 3104 3383 τοῦτο
3135 3333 3348 3406 γραφεισ
3383 3326 3615 3398 Ἐπειδὴ
3646 3330 3713 3382 τὸ
3743 3323 3823 3403 ἔρα

2154 3442 2252 3496 γον
2286 3419 2652 3494 πεπλήρωκα,
2687 3417 2844 3474 οὐδὲν
2873 3416 2989 3493 ἔχω
3020 3425 3269 3488 ποιῆσαι,
3295 3419 3440 3481 θέλω
3471 3416 3655 3474 ἐλθεῖν
3690 3420 3822 3489 πρὸς

2157 3511 2314 3582 ὑμᾶς.
2341 3531 2372 3564 ι(
2399 3508 2718 3566 Ἐπιποθίαν
2747 3505 2805 3562 δὲ
2827 3504 2992 3582 ἔχων.
3025 3532 3053 3559 ››
3078 3509 3189 3564 Ἰνα
3213 3509 3288 3581 μή
3315 3505 3442 3581 δόξῃ
3467 3507 3823 3579 ἑξευτελίζειν

2157 3599 2356 3660 αὐτοὺς
2387 3599 2635 3674 γράᾳων,
2695 3598 2804 3668 ὅτι,
2865 3595 3048 3667 Μηδὲν
3105 3594 3250 3672 ἔχων
3297 3605 3550 3666 ποιῆσαι⁹
3583 3596 3822 3674 ἔρχομαι

2153 3689 2288 3763 πρὸς
2325 3689 2484 3761 ὑμᾶς,
2545 3686 2754 3760 ἐπαγει,
2815 3711 2840 3739 ιι
2876 3685 3195 3751 Ἐπιποθίαν
3252 3681 3397 3763 ἔχων
3449 3689 3558 3756 πρὸ
3594 3689 3818 3746 πολλῶν

2159 3778 2316 3846 ἑτῶν,
2353 3801 2380 3830 ››
2434 3779 2531 3846 τήν
2595 3775 2887 3849 ὶπιθύμίαν
2957 3777 3160 3847 ταύτην
3219 3775 3434 3832 σπεύδω
3501 3776 3824 3851 πληρῶσαι.

2156 3891 2182 3918 (‹
2216 3867 2308 3928 Ὠς
2371 3865 2458 3921 Ei»
2515 3865 2838 3937 πορεύωμαι
2901 3863 2975 3927 εἷς
3030 3865 3130 3933 τήν
3180 3868 3439 3922 Σπανίαν.
3491 3892 3511 3919 ι
3569 3870 3678 3923 Ἵνα
3741 3867 3818 3938 μή

2153 3953 2318 4012 πάλιν
2352 3958 2589 4028 νομισθῇ
2647 3953 2784 4009 κατὰ
2839 3951 3129 4008 κολακείαν
3187 3951 3458 4028 είρηκὲναι
3487 3955 3566 4021 τὸ,
3603 3978 3628 4004 α
3661 3953 3813 4009 Ἐπι·

2153 4045 2347 4100 ποθίαν
2407 4038 2552 4118 ἔχων
2609 4041 2715 4097 ἀπὸ
2772 4039 3000 4098 πολλῶν
3036 4043 3193 4112 ἑτῶν,
3232 4068 3252 4093 ι
3320 4041 3543 4112 λολὰζει
3571 4043 3635 4098 τὸ
3665 4041 3822 4114 εὶρη..

2161 4131 2337 4206 μένον,
2371 4132 2567 4209 λέγων,
2631 4130 2713 4185 ὅτι
2774 4131 2873 4185 Διὰ
2927 4135 3089 4186 τοῦτο
3145 4130 3385 4204 μάλιστα
3436 4131 3612 4197 ἒλθεῖν
3645 4131 3816 4204 θέλω,

2153 4221 2248 4277 ’ίνα
2280 4222 2356 4284 εἷς
2387 4223 2485 4290 τὴν
2548 4218 2784 4274 Σπανίαν
2840 4216 3083 4279 ἀπέλθω.
3149 4245 3192 4273 «ν
3221 4220 3467 4292 Ἐλπίζω
3497 4223 3598 4298 γὰρ
3631 4220 3822 4278 διαπο·

2157 4310 2444 4385 ρεοόμενος
2503 4308 2785 4372 θεάσασθαι
2849 4308 3016 4381 ὑμᾶς,
3068 4309 3158 4364 καὶ
3217 4308 3309 4384 ἀφ’
3369 4312 3520 4383 ὑμῶν
3570 4332 3826 4387 προπεμ-

2158 4402 2376 4474 φθῆναι.
2409 4423 2436 4450 ››
2472 4398 2609 4455 Εἶτα
2635 4395 2724 4451 ἳνα
2758 4399 2833 4469 μὴ
2870 4397 3133 4472 λεγωσιν,
3164 4399 3327 4455 Ὁδού
3360 4399 3633 4478 πάρεργον
3667 4403 3823 4473 ἡμᾶς

2158 4492 2313 4562 ποιῇ.
2348 4487 2532 4562 ἐπάγει
2588 4487 2651 4541 τὸ
2711 4511 2737 4538 ‹‹
2771 4487 2893 4564 Ἀφ’
2951 4488 3108 4560 ὑμῶν
3163 4497 3615 4562 προπεμφθῆναι,
3653 4513 3680 4542 ››
3732 4490 3828 4547 ’ἱνα

383 4600 790 4656 accessionam
825 4609 1042 4673 praeter
1071 4605 1466 4676 propositum,
1493 4605 1834 4678 subjungit:
1865 4629 1890 4655 ‹‹
1918 4607 1983 4659 Et
2017 4621 2052 4660 a

2163 4577 2323 4634 πάλιν
2383 4579 2484 4645 τήν
2543 4577 2756 4651 ἀγάπην
2815 4573 3136 4649 ἐνδείξηται.
3194 4577 3573 4648 Ἀλλ’ἑπειδή
3611 4578 3715 4636 οὐκ
3747 4583 3813 4651 ἦν

386 4687 551 4739 vobis
585 4687 1017 4748 deducendum.
1059 4716 1083 4740 ››
1115 4699 1181 4749 ut
1203 4709 1407 4751 rursus
1431 4693 1812 4750 dilectionem
1845 4701 2052 4751 Osten-

409 4769 528 4825 dat.
561 4772 671 4827 Sed
693 4791 972 4844 quoniaiu
998 4778 1056 4834 .d
1078 4795 1196 4835 non
1225 4782 1367 4836 satis
1397 4788 1544 4846 erat,
1578 4781 1763 4848 addit,
1790 4808 1814 4830 «
1840 4784 2048 4854 Exple-

442 4873 514 4915 US
542 4861 746 4929 fuero,
782 4890 808 4913 ››
843 4869 997 4936 quod
1051 4871 1235 4940 patris
1295 4873 1488 4943 potius
1544 4879 1668 4928 erat
1699 4887 1876 4944 quam
1912 4891 2048 4944 prae-

376 4955 653 5020 ceptoris.
697 4978 722 5001 ‹‹
761 4955 842 5010 Ex
876 4964 1038 5026 parte
1071 4961 1343 5029 expletus
1392 4961 1580 5018 fuero.
1621 4987 1644 5009 η
1682 4964 1798 5018 Hoc
1832 4967 1942 5029 est,
1980 4963 2042 5017 in

377 5048 565 5111 parte.
603 5043 777 5098 Nullu
805 5061 839 5097 n
874 5046 1035 5101 enim
1068 5055 1302 5120 tempus
1355 5052 1612 5121 perfecte
1667 5053 1908 5123 explere
1948 5068 2039 5106 me

383 5137 591 5214 poscet
627 5138 820 5188 vestra
843 5134 1182 5203 dilectione,
1207 5154 1315 5194 nec
1342 5143 1806 5197 conversationis
1844 5151 2046 5198 vestras

387 5223 724 5278 satietatem
778 5224 1106 5293 inducere;
1169 5228 1272 5283 sed
1329 5237 1563 5302 gratum
1624 5238 1713 5287 est
1782 5233 1927 5289 mihi
1985 5239 2055 5290 ut

391 5311 602 5367 saltem
639 5329 706 5368 ex
739 5322 903 5386 paite
939 5317 1208 5388 implear.

451 5399 782 5460 XV.25-29.«
813 5407 976 5462 Nunc
998 5413 1195 5464 autem
1227 5407 1571 5478 proﬁciscor
1598 5410 1922 5467 Jerusalem
1948 5411 2052 5467 mi-

387 5508 413 5535 ‹‹
439 5487 700 5544 nistrans
715 5497 933 5550 sanctis
947 5544 949 5546 .
967 5496 1191 5552 Placuit
1206 5497 1364 5552 enim
1386 5498 1737 5554 Macedoniae
1752 5505 1808 5555 et
1818 5501 2049 5558 Achaia)

398 5596 426 5624 ι(
445 5581 928 5662 communionem
944 5586 1204 5658 aliquam
1219 5587 1411 5644 facere
1431 5589 1490 5644 in
1509 5603 1798 5662 pauperes
1814 5598 2047 5648 sanctos

384 5661 529 5736 «qui
547 5671 680 5720 sunt
695 5661 1644 5749 Hierosolymis.Placuitnamque
1659 5678 1803 5750 ipsis
1822 5685 1879 5734 et
1892 5680 2051 5736 debi-

382 5774 410 5802 ι(
428 5757 585 5809 toros
600 5762 737 5813 sunt
749 5757 1164 5817 illorum.;\'am
1181 5763 1230 5818 si
1245 5763 1656 5835 spiritualibus
1671 5781 1876 5823 eorum
1892 5783 2043 5824 com-

2161 4668 2460 4741 ἀξιόχρεων
2489 4671 2672 4732 τοῦτο,
2707 4663 3030 4739 προστίθησι
3053 4665 3137 4734 τὸ,
3171 4689 3190 4716 ι
3222 4667 3587 4739 Ἐμπλησθῶ,
3619 4694 3648 4720 ››
3683 4670 3819 4744 ὅπερ

2159 4759 2363 4829 πατρὸς
2421 4757 2481 4824 ἦν
2547 4752 2789 4828 μᾶλλον,
2848 4752 2884 4823 ἤ
2937 4752 3290 4812 διδασκάλου.
3346 4781 3374 4808 ‹‹
3439 4758 3574 4814 Ἀπὸ
3613 4761 3821 4835 μέρους

2159 4843 2487 4919 ἐμπλησθῶ.
2530 4869 2556 4895 θ’
2612 4843 2745 4900 Οἷον
2802 4842 2853 4897 ἒν
2918 4845 3089 4917 μέρει.
3147 4841 3339 4907 Οόδεῖς
3369 4845 3470 4920 γὰρ
3502 4847 3708 4921 χρόνος
3740 4870 3825 4904 τε.

2159 4934 2348 4999 λείως,
2380 4933 2566 5010 φησὶν,
2599 4931 2881 5004 ἒμπλῆσαι
2945 4953 3010 5006 με
3067 4931 3287 4988 δύναται
3346 4942 3445 5002 τῆν
3509 4937 3661 5008 ὑμῶν
3693 4938 3827 5013 ἀγα-

2159 5046 2290 5094 πης,
2324 5021 2452 5077 οὐδὲ
2510 5021 2810 5092 ἐμποιῆσαί
2869 5043 2962 5093 μοι
3020 5023 3180 5098 κόρον
3238 5030 3338 5093 τῆς
3375 5025 3530 5096 ὑμῶν
3561 5026 3820 5100 ὁμιλίας,

2157 5112 2285 5169 ἀλλ²
2316 5109 2589 5186 ἀγαπητόν
2645 5109 2753 5165 ἔστί
2817 5131 2934 5184 μοι,
2990 5111 3079 5166 ἳνα
3136 5110 3232 5167 κᾶν
3295 5119 3533 5189 μερικῶς
3584 5115 3819 5189 ἐμπλη-

2161 5205 2294 5261 σθῶ.

2228 5399 2364 5458 Νυνὶ
2422 5395 2479 5454 δὲ
2552 5395 2857 5472 πορεύομαι
2940 5398 3016 5459 εἷς
3099 5400 3480 5475 Ἰερουσαλὴμ,
3543 5399 3814 5460 διακονων

2155 5496 2277 5553 τοῖς
2331 5488 2526 5564 ὁγὲοις.
2588 5483 2898 5557 Εύδόκησαν
2953 5488 3052 5562 γὰρ
3105 5485 3410 5545 Μακεδονία
3464 5496 3554 5546 καὶ
3608 5493 3817 5567 Ἀχαῗα

2155 5579 2441 5639 κοινωνίαν
2521 5579 2645 5632 τινὰ
2731 5579 3056 5648 ποιήσασθαι
3140 5577 3216 5640 εἷς
3301 5581 3429 5643 τοὺς
3543 5582 3817 5661 πτωχοὺς

2155 5677 2260 5728 τῶν
2348 5666 2543 5743 ἁγίων,
2624 5668 2732 5721 τῶν
2843 5663 2895 5719 ἦν
3009 5666 3396 5744 Ἰερουσαλήμ.
3487 5669 3809 5743 Εύδόκησαν

2159 5763 2287 5842 γὰρ,
2341 5757 2434 5814 καὶ
2494 5752 2767 5835 ὀφειλέται
2825 5754 3000 5812 αὐτῶν
3061 5754 3216 5814 εἰσιν.
3269 5757 3335 5816 Εἰ
3378 5755 3476 5835 γὰρ
3506 5765 3624 5824 τοῖς
3650 5782 3808 5817 πνευ-
