4106 6252
354 361 477 424 035

1464 355 1876 421 OOMMENT.
1923 353 2003 413 ΙΝ
2049 347 2297 410 EPIST.
2345 351 2446 410 AD
2495 349 2680 411 RUM.

3661 351 3782 412 626

365 500 620 574 ματικοῖς
687 495 867 553 αὐτῶν
934 491 1294 565 ικοινώνησαν
1353 492 1419 548 τὰ
1510 489 1661 559 ἔθνη,
1730 485 2013 569 ὀφείλουσι

2132 508 2162 537 ι(
2185 484 2640 542 municaverunt
2658 488 2885 559 gentes,
2910 484 3131 543 debent
3156 484 3415 551 etiamin
3439 484 3778 542 carnalibus

358 588 453 645 sui
500 585 552 642 ἐν
607 589 725 646 τοῖς
781 589 1065 660 σαρκικοῖς
1124 581 1515 660 λειτουργῆσαι
1570 578 1776 640 αὐτοῖς.
1838 579 2021 635 Τοῦτα

1142 670 1572 749 σφραγισάμενος
1638 669 1824 729 αὐτοῖς
1926 665 2017 721 τὸν

1540 761 1693 833 ὑμῶν
1762 758 1837 819 εἷς
1918 757 2017 822 τῆν

364 676 460 733 οὖν
543 674 607 732 ἐπ
618 673 883 747 ιτελέσας,
946 673 1037 727 καὶ

369 768 580 841 καρπὸν
650 770 871 832 τοῦτον,
942 760 1312 834 ἀπελεύσομαι
1380 759 1451 815 δι’

370 856 632 914 Σπανίαν.
691 850 833 911 Οἶδα
887 850 945 907 δὲ
1010 852 1094 908 ὅτι
1160 850 1461 929 ἐρχόμενος
1528 850 1665 922 πρὸς
1734 848 1897 921 ὑμᾶς,
1964 843 2016 907 ἐν

358 946 707 1021 πληρώματι
757 944 1015 1022 εὐλογίας
1065 947 1163 998 τοῦ
1220 940 1562 1020 Εὐαγγελίου
1616 944 1714 996 τοῦ
1781 940 2018 1014 Χριστοῦ

357 1035 690 1108 δλεύσομαι,

428 1126 661 1193 Ἐπειδὴ
696 1124 835 1195 εἶπε,
875 1122 1081 1195 Μηκέτι
1112 1122 1279 1179 τόπον
1318 1116 1464 1196 ἔχων
1515 1121 1569 1177 δν
1619 1124 1738 1181 τοῖς
1782 1116 2017 1194 κλίμασι

357 1216 602 1283 τούτοις,
636 1211 877 1289 ἔρχομαι
906 1212 1046 1287 πρὸς
1077 1211 1239 1284 ὑμᾶς,
1273 1207 1475 1284 ἔμελλε
1502 1206 1559 1265 δὶ
1587 1204 1667 1265 ἔτι
1709 1204 2015 1282 βραδύνειν,

358 1309 460 1363 ’ἱνα
492 1304 905 1379 μῆγλευᾶσθαι
958 1298 1249 1373 νομίσωσι,
1307 1298 1457 1376 λέγει
1515 1299 1614 1367 τὴν
1680 1295 1858 1351 αἰτίαν
1914 1301 2014 1365 τῆς

362 1392 448 1453 ἷτι
486 1392 825 1469 μελλήσεως.
859 1416 887 1441 ‹‹
922 1393 1189 1447 Διακονῶν
1245 1393 1361 1448 τοῖς
1394 1386 1593 1459 ἁγίοις.
1630 1406 1657 1435 η
1691 1384 1757 1442 Εἰ
1804 1381 2018 1448 ΙΙαῦλος

366 1483 637 1553 διάκονος,
664 1480 915 1549 ἐννόησον
947 1480 1010 1532 τὸ
1046 1478 1303 1555 μέγιστον
1334 1480 1432 1532 τοῦ
1462 1475 1799 1552 πράγματος.
1829 1497 1855 1526 n
1908 1472 2017 1529 Εύ-

367 1573 606 1644 δόκησαν
640 1572 744 1649 γὰρ
776 1566 1081 1627 Μακεδονία
1109 1566 1201 1621 καὶ
1255 1564 1481 1641 Ἀχαΐα.
1514 1589 1541 1617 »
1596 1564 1673 1621 Ού
1725 1563 1886 1636 μόνον
1916 1563 2016 1631 τήν

362 1664 541 1719 αἰτίαν
562 1662 708 1718 θὲλει
731 1661 901 1716 είπεῖν
920 1666 1022 1728 τῆς
1051 1651 1130 1714 ίίτι
1161 1654 1501 1731 μελλήσιως,
1530 1653 1678 1714 ἀλλᾶ
1706 1650 2013 1729 προτρέψα-

363 1766 489 1818 σθαι
523 1752 723 1813 αὖτοὺς
754 1748 962 1821 ὁμοίως
990 1752 1105 1809 τοῖς
1138 1745 1332 1807 ἄλλοις
1388 1748 1602 1819 πέμψαι
1658 1747 1773 1804 τοῖς
1815 1742 1866 1797 ἐν
1916 1743 2017 1798 Ἱε-

2133 601 2163 632 α
2194 579 2536 635 ministrare
2568 579 2732 651 ipsis.
2769 580 2885 634 Hoc
2916 578 3095 647 igitur
3123 578 3223 634 ubi
3256 576 3557 651 perfecere
3588 582 3648 635 et
3675 577 3777 634 ob-

2136 691 2157 718 ι
2194 670 2494 741 signavero
2526 670 2671 740 ipsis
2701 669 2957 724 fructum
2997 669 3175 733 hunc,
3210 674 3476 724 revertur
3520 686 3628 742 per
3672 686 3774 724 vos

2132 778 2160 807 ιι
2187 757 2247 812 in
2284 758 2647 829 Hispaniam.
2682 758 2810 812 Scio
2840 764 3039 813 autem
3082 758 3239 828 quod
3294 758 3394 813 ubi
3440 775 3653 813 venere
3698 758 3772 813 ad

2134 867 2157 898 ι
2191 864 2312 912 vos,
2395 848 2457 901 in
2541 846 2913 917 plenitudine
2982 847 3415 904 benedictionis
3473 848 3770 921 Evangelii

2129 958 2158 986 α
2190 936 2405 993 Christi
2435 937 2687 992 veniam.
2722 957 2749 985 υ

2198 1130 2345 1197 Quia
2370 1130 2637 1187 dixerat:
2669 1130 2811 1187 Cum
2845 1147 2965 1188 non
2994 1131 3253 1203 amplius
3296 1130 3493 1188 locum
3516 1131 3773 1191 habeam

2126 1220 2189 1277 in
2210 1220 2304 1275 his
2327 1220 2685 1294 regionibus.
2711 1221 2941 1277 veniam
2965 1220 3038 1275 ad
3064 1237 3181 1275 vos.
3211 1220 3405 1276 adhuc
3428 1226 3627 1276 autem
3655 1237 3775 1276 mo-

2126 1298 2251 1365 ram
2283 1309 2547 1365 facturus
2579 1316 2725 1372 erat,
2759 1326 2834 1365 ne
2869 1327 2931 1365 se
2963 1310 3171 1365 illusos
3202 1325 3331 1365 esse
3386 1309 3770 1376 arbitrentur,

2125 1414 2365 1454 causam
2397 1399 2543 1453 dicit
2571 1400 2980 1455 cunctationes
3012 1399 3206 1454 adhuc
3236 1399 3578 1454 detinentis.
3615 1423 3641 1451 α
3667 1400 3773 1455 Mi-

2126 1488 2389 1544 nistrans
2420 1488 2662 1542 sanctis.
2696 1512 2714 1535 ιι
2749 1488 2804 1543 Si
2830 1489 3048 1544 Paulus
3067 1488 3342 1543 minister
3364 1490 3772 1563 erat,concipe

2126 1578 2213 1634 rei
2244 1576 2736 1647 magnitudinem.
2800 1599 2826 1627 «
2855 1578 3085 1633 Placuit
3114 1578 3271 1633 enim
3304 1578 3658 1634 Macedoniae
3714 1584 3773 1634 et

2126 1666 2384 1722 Achaiae.
2406 1688 2434 1715 »
2457 1668 2581 1722 Non
2606 1667 2798 1721 solum
2819 1682 3060 1722 causam
3082 1666 3302 1722 referre
3316 1666 3772 1725 vultdetinentis

2127 1755 2319 1810 adhuc
2349 1756 2744 1812 cunctationis
2768 1771 2781 1810 :
2818 1755 2920 1810 sed
2952 1756 3174 1813 hortari
3202 1772 3438 1827 quoque
3465 1772 3566 1812 eos
3594 1761 3661 1811 ut
3690 1756 3771 1812 si-

362 1841 683 1916 ρουσαλήμ.
717 1843 890 1896 Τοῦτο
917 1839 1019 1913 γὰρ
1060 1835 1320 1912 βούλεται
1376 1832 1521 1906 αὐτῷ
1577 1834 1638 1888 τὸ
1698 1831 1864 1919 είπεῖν
1923 1831 2015 1887 καὶ

2130 1844 2349 1900 militer
2378 1844 2511 1899 aliis
2551 1845 2790 1900 mittant
2844 1845 2944 1919 qui
2978 1851 3119 1901 sunt
3142 1846 3204 1901 in
3231 1847 3578 1902 Jerusalem.
3625 1848 3769 1904 Nam

356 1915 493 1991 τοὺς
538 1930 881 1999 πέμποντας.
942 1921 1281 1993 Εὐδόκησαν,
1341 1922 1455 1977 ἀντὶ
1506 1926 1626 1990 τοῦ,
1686 1915 2016 1988 ἐϐουλεύθη-

362 2042 482 2076 σαν.
518 2019 583 2073 Οἱ
615 2016 668 2072 ἐν
699 2011 1013 2085 Μακεδονίᾳ
1049 2012 1261 2086 ὁμοίως
1301 2013 1390 2067 καὶ
1449 2011 1507 2065 οἱ
1548 2010 1597 2065 ἰν
1652 2007 1853 2089 Ἀχαίᾳ
1889 2007 2018 2078 ἠθέ-

359 2106 541 2179 λησαν
600 2112 831 2173 ποιῆσαι
896 2100 1295 2177 ἐλεημοσύνην·
1350 2126 1378 2153 α
1437 2097 1735 2158 Κοινωνίαν
1785 2097 1927 2154 τινάο
1989 2120 2016 2147 ››

363 2196 674 2258 Κοινωνίαν
732 2190 789 2249 δὶ
846 2190 1004 2247 καλεῖ
1060 2192 1159 2260 τήν
1218 2187 1620 2263 ἐλεημοσύνην,
1672 2186 1806 2263 paea
1862 2184 2016 2242 αὐτοὶ

364 2287 461 2362 μὲν
495 2286 768 2365 χρήματα
794 2282 1124 2355 πέμπουσιν,
1158 2279 1211 2335 οἱ
1243 2276 1301 2333 δὶ
1352 2278 1503 2354 ἆγιοι
1548 2277 1646 2344 την
1698 2276 1834 2365 πρὸς
1891 2275 2017 2330 Θεὸν

356 2363 672 2451 παῤῥησίαν
702 2369 1153 2450 συνεισφέρουσιν.
1214 2391 1242 2421 ι(
1283 2367 1376 2428 Εἷς
1421 2368 1549 2428 τοὺς
1599 2363 1862 2440 πτωχοὺς
1909 2368 2017 2419 τῶν

359 2450 553 2541 ἁγίων.
590 2486 619 2513 ››
654 2460 831 2529 Διπλῆ
865 2463 900 2530 ἡ
931 2466 1032 2528 τῆς
1062 2455 1355 2519 ἐπιδόσεως
1399 2456 1629 2533 ἀνάγκη,
1670 2450 1758 2509 διά
1810 2473 1866 2508 τε
1914 2454 2012 2521 τήν

358 2558 573 2623 πενίαν,
604 2554 692 2608 καὶ
724 2549 813 2607 διὰ
854 2552 953 2617 τὴν
1010 2550 1227 2624 ἀρετήν.
1288 2572 1315 2599 ‹‹
1350 2548 1446 2603 Καὶ
1509 2543 1783 2622 ὀφειλέται
1840 2543 2016 2599 αὐτῶν

357 2647 519 2702 εἰσιν,
559 2667 584 2692 »ι
627 2643 720 2698 Διᾶ
746 2640 796 2694 τί
829 2637 888 2694 δὲ
919 2642 1080 2693 τούτο
1114 2642 1288 2692 ποιεῖν
1352 2631 1743 2693 ἐϐουλεύσαντο
1771 2653 1785 2703 ;
1842 2635 2013 2698 Ισασι,

370 2735 533 2813 φησὶ,
566 2733 962 2807 χρεωστοῦντες
990 2732 1174 2785 τοῦτο.

424 3029 544 3088 Οὐκ
613 3027 717 3099 ἄρα
742 3022 882 3078 κατᾶ
946 3018 1350 3092 ἐλεημοσύνην,
1408 3017 1555 3075 ἀλλὰ
1639 3020 1775 3074 κατὰ
1845 3017 2013 3092 Χρὲος

351 3118 688 3189 πίμπουσιν.
729 3139 755 3165 u
793 3111 855 3169 Ei
881 3111 986 3188 γὰρ
1018 3114 1136 3174 τοῖς
1187 3114 1576 3181 πνευματικοῖς
1630 3109 1806 3163 αὐτῶν
1864 3107 2014 3163 ἐκοι-

2124 1934 2237 1989 hoc
2266 1933 2389 1989 vult
2425 1950 2560 1989 cum
2592 1935 2770 1990 etiam
2802 1935 2938 1991 illos
2991 1936 3261 1991 nominat
3301 1936 3401 2006 qui
3456 1936 3769 1991 miserunt.

2124 2018 2467 2091 Εὑδόκησαν,
2500 2023 2560 2079 id
2592 2028 2700 2090 est,
2735 2024 2959 2096 placuit
3013 2025 3121 2091 eis,
3172 2024 3291 2080 sive
3334 2025 3771 2081 consultatione

2123 2111 2279 2167 facta
2309 2118 2667 2181 statuerunt,
2701 2114 2761 2169 id
2793 2120 2900 2182 est,
2935 2114 3035 2186 qui
3068 2114 3129 2170 in
3159 2114 3502 2171 Macedonia
3531 2119 3672 2170 sunt
3715 2119 3773 2170 et

2124 2200 2345 2257 Achaia
2373 2201 2685 2258 voluerunt
2715 2202 3157 2276 eleemosynam
3187 2202 3403 2260 facere.
3435 2226 3462 2253 ››
3494 2203 3771 2260 Commu-

2124 2290 2366 2345 nionem
2425 2290 2772 2362 aliquam.»
2838 2294 3015 2348 Vocat
3072 2300 3270 2350 autem
3330 2294 3769 2366 eleemosynam

2126 2380 2611 2437 communionem
2649 2398 2662 2434 :
2698 2388 2983 2453 tanquam
3030 2384 3140 2455 ipsi
3192 2385 3431 2456 quidem
3484 2385 3771 2456 pecunias

2124 2470 2386 2531 mittant,
2411 2471 2600 2525 sancti
2618 2488 2752 2527 vero
2777 2471 3112 2527 libertatem
3137 2490 3274 2545 erga
3300 2476 3557 2530 Deumin
3583 2491 3769 2529 unum

2122 2559 2449 2615 conferant.
2484 2582 2512 2609 «
2545 2562 2609 2615 In
2669 2577 2959 2632 pauperes
3009 2568 3262 2618 sanctos.
3302 2586 3327 2610 η
3379 2564 3605 2636 Duplex
3645 2568 3772 2618 erat

2122 2650 2683 2706 communicationis
2697 2651 3363 2722 necessitas,etpropter
3376 2658 3776 2724 paupertatem

2123 2745 2183 2795 et
2211 2745 2455 2810 propter
2483 2740 2778 2795 virtutem.
2815 2764 2841 2788 «
2878 2742 2947 2795 Et
2968 2740 3268 2796 debitores
3295 2748 3434 2797 sunt
3458 2742 3717 2797 illorum.
3741 2764 3769 2791 »

2122 2830 2313 2895 Quare
2372 2834 2570 2884 autem
2630 2830 2741 2885 hoc
2795 2834 3132 2885 statuerunt
3186 2830 3427 2887 facere?
3481 2832 3771 2897 Quoniam

2121 2918 2303 2987 hujus
2336 2934 2395 2973 se
2428 2925 2797 2991 cognoscunt
2828 2936 2957 2974 esse
2989 2920 3307 2975 debitores.

2192 3006 2341 3061 407
2397 3008 2521 3061 Non
2554 3006 2752 3078 itaque
2786 3024 2853 3061 ex
2888 3007 3284 3079 eleemosyna,
3320 3007 3424 3063 sed
3456 3025 3526 3065 ex
3573 3008 3771 3063 debito

2120 3095 2385 3151 mittunt.
2428 3116 2454 3147 ιι
2485 3097 2627 3150 Nam
2660 3095 2709 3149 si
2742 3096 3151 3167 spiritualibus
3182 3113 3387 3151 eorum
3437 3098 3768 3152 communi-

353 3210 624 3277 νώνησαν,
664 3227 692 3253 υ
736 3201 943 3257 Λοιπὸν
973 3197 1127 3273 λέγει
1157 3202 1276 3259 πῶς
1308 3197 1439 3252 εἰσιν
1472 3197 1650 3253 αὐτῶν
1712 3195 2007 3273 ὀφειλέται.

2130 3190 2468 3241 caverunt.»
2482 3185 2929 3255 Consequenter
2944 3186 3088 3240 dicit
3108 3186 3404 3257 quomodo
3425 3188 3544 3241 sint
3560 3203 3766 3243 eorum

366 3301 443 3353 Δι’
470 3295 681 3362 αὖτοῦς,
715 3293 875 3370 φησὶ,
908 3288 1144 3364 μαλιστα
1173 3286 1340 3357 ἦλθεν
1371 3289 1398 3342 ὁ
1429 3288 1680 3362 Χριστός.
1743 3286 1871 3360 Περὶ
1904 3287 2007 3361 γὰρ

368 3391 479 3444 τῶν
504 3384 565 3438 ὲκ
608 3387 909 3458 περιτομῆς
966 3379 1173 3434 πιστῶν
1206 3378 1235 3433 ὁ
1274 3374 1441 3451 λόγος
1488 3375 1658 3446 αύτῷ,
1690 3377 1779 3430 καὶ
1832 3374 2007 3431 αὐτῶν

371 3476 441 3544 ἧν
472 3474 535 3530 τὰ
566 3472 725 3547 ἆγαθα
782 3470 875 3523 καὶ
945 3468 997 3522 αἱ
1065 3464 1400 3540 ἐπαγγελίαι.
1470 3465 1672 3539 Ὠσπερ
1739 3464 1831 3519 οὗν
1894 3470 2010 3526 τοῖς

365 3565 754 3633 πνευματικαῖς
785 3556 965 3614 ούτῶν
997 3556 1323 3623 ἰκοινώνησε
1349 3554 1416 3609 τὰ
1472 3549 1624 3623 ἔθνη,
1670 3551 1844 3608 οὕτως
1899 3554 2011 3627 γρή

353 3651 554 3711 αὐτοὺς
586 3650 682 3704 καὶ
743 3647 797 3702 ἐν
856 3650 977 3706 τοῖς
1047 3648 1328 3716 σαρκικοῖς
1385 3640 1773 3715 λειτουργῆσαι
1803 3640 2009 3703 αὐτοῖς.

348 3741 464 3798 Οὗκ
490 3737 575 3795 ἔτι
609 3734 671 3791 δὶ
701 3733 851 3811 λέγει
883 3737 1235 3802 κοινωνῆσαι,
1294 3729 1441 3784 ἀλλὰ
1502 3728 1914 3805 λειτουργῆσαι,
1964 3726 2015 3782 ἐν

347 3830 496 3899 τάξει
561 3824 833 3881 διακόνων
896 3819 1090 3877 αὐτοὺς
1151 3819 1337 3881 τιθεὶς,
1394 3823 1510 3878 τοῖς
1580 3817 1761 3890 ἁγίοις
1811 3815 2016 3895 φόρους

355 3917 681 3974 τελούντων
714 3913 789 3973 ὡς
835 3907 1169 3985 βασιλεῦσιν.
1208 3931 1233 3958 ι(
1268 3907 1371 3965 Καὶ
1425 3906 1867 3980 σφραγισάμενος
1918 3904 2015 3959 αό-

351 4012 497 4066 τοῖς.
537 4028 568 4057 ››
599 4004 691 4062 Ὠς
722 3999 772 4055 ἐν
805 3997 993 4071 ασύλῳ
1021 3998 1176 4069 τόπῳ
1204 3996 1295 4050 καὶ
1331 3994 1565 4074 ἀσφαλεῖ
1624 3992 1844 4066 μέλλων
1888 3994 2017 4048 ἀπο-

344 4096 621 4159 τίθεσθαι,
649 4090 762 4163 (καὶ
802 4089 907 4163 γὰρ
938 4084 990 4143 ἐν
1030 4086 1275 4161 οὐρανοῖς
1352 4080 1588 4154 ἵμελλεν
1647 4082 2017 4149 ἀποτίθεσθαι,

354 4185 541 4259 φησὶ),
584 4178 677 4235 καὶ
728 4176 1181 4257 σφραγισάμενος.
1244 4195 1271 4223 α
1315 4172 1423 4228 Τὸν
1472 4170 1675 4242 καρπὸν
1729 4174 1946 4227 τοῦτον.
1987 4193 2014 4221 ››

355 4255 583 4345 Καρικὸν
620 4255 781 4323 καλεῖ
808 4266 908 4331 τήν
946 4260 1345 4334 ἐλεημοσύνην,
1405 4256 1616 4321 δεικνὺς
1672 4255 2016 4333 κερδαίνοντα

358 4361 582 4436 μᾶλλον
614 4359 707 4413 τὸν
740 4356 1071 4430 παρεχοντα.
1106 4376 1135 4403 ‹‹
1169 4350 1261 4412 Εἲς
1294 4352 1393 4423 τήν
1425 4349 1683 4407 Σπανίαν.
1718 4348 1892 4405 Πέλιν
1913 4357 2015 4420 τῆς

358 4451 604 4511 Σπανίας
643 4448 937 4522 μέμνηται,
997 4440 1207 4503 δεικνὺς
1262 4442 1324 4498 τὸ
1380 4441 1515 4515 πρὸς
1561 4441 1688 4503 τοὺς
1744 4440 2017 4503 Σπανίους

361 4541 601 4616 φίλτρον
648 4563 676 4587 ι(
710 4539 799 4593 Ἐν
825 4532 1185 4605 πληρώματι,
1216 4553 1241 4584 ι
1278 4530 1368 4585 καὶ
1396 4530 1463 4585 τὰ
1492 4530 1637 4600 ἑξῆς.
1706 4531 2017 4597 Τουτὲστιν,

362 4610 624 4689 ὸῖδαὸτι
654 4625 954 4700 ἐρχόμενος
987 4622 1123 4697 πρὸς
1182 4620 1321 4685 ὑμᾶς
1376 4623 1665 4690 κομῶντας
1721 4616 1854 4680 ὒλᾶς
1904 4624 2020 4680 τοῖς

358 4721 593 4798 ἀγαθοῖς
622 4715 862 4790 εὑρήσω·
883 4712 957 4769 Τὸ
977 4712 1101 4787 γὰρ,
1125 4735 1157 4798 γ‹‹
1182 4710 1270 4767 Ἑν
1287 4708 1626 4798 πληρώματι
1647 4708 1903 4798 εὐλογίας
1924 4712 2020 4798 τοῦ

356 4796 729 4883 Εύαγγελίου,
748 4829 767 4857 ι
798 4802 859 4857 τὸ
882 4802 1095 4855 πάντων
1117 4797 1261 4859 ἐντὸς
1284 4796 1554 4853 εἶναι’τῶν
1588 4798 1803 4868 ἀγαθῶν
1826 4796 2018 4859 αὐτοὺς

359 4882 641 4968 σημαίνει.
677 4894 833 4947 -ἽΙ
888 4886 1083 4951 οὕτως.
1147 4887 1693 4961 [ΟΙΚΟΥΜΕΝΙΟΙᾋ
1747 4882 1886 4943 Οἶδα
1936 4886 2016 4941 ὅτι

365 4985 667 5065 ὶρχόμενος
700 4981 839 5055 πρὸς
866 4980 927 5034 τὸ
958 4977 1254 5052 πληρῶσαι
1289 4975 1431 5065 ὑμᾶς
1460 4982 1569 5065 τῆς
1590 4974 1651 5030 ἐκ
1685 4979 1792 5065 ,τοῦ
1847 4973 2017 5065 Εὐαγέ

370 5063 567 5153 γελίου
632 5071 883 5144 εὐλογίας
944 5065 1259 5138 ἐλεύσομαι,
1318 5064 1400 5119 ὅτι
1480 5064 1617 5138 πρὸς
1672 5063 1865 5138 ἀρετήν
1928 5064 2018 5118 καὶ

361 5165 545 5221 πίστιν
584 5160 820 5233 ἀλείψω.

439 5249 756 5327 Παρακαλῶ
820 5244 876 5302 δὲ
941 5246 1105 5319 ὑμᾶς,
1182 5240 1434 5309 ἀδελφοὶ,
1503 5240 1591 5296 διὰ
1654 5246 1749 5297 τού
1821 5243 2017 5317 Κυρίου

362 5347 525 5417 ἡμῶν
582 5342 763 5408 Ἰησοῦ
833 5338 1093 5411 Χριστοῦ,
1161 5332 1250 5387 καὶ
1322 5328 1412 5387 διὰ
1474 5338 1573 5401 τῆς
1639 5330 1853 5407 ἀγάπης
1920 5335 2017 5388 τοῦ

353 5434 702 5505 Πνεύματος,
774 5421 1251 5499 συναγωνίσασθαί
1319 5441 1411 5493 μοι
1500 5420 1549 5474 ἐν
1646 5425 1762 5482 ταῖς
1848 5440 2015 5493 προσ-

363 5528 555 5597 ευγαῖς
593 5520 727 5592 ὑπὲρ
776 5515 913 5587 Epic-3
966 5512 1103 5587 πρὸς
1164 5510 1257 5565 τὸν
1321 5510 1469 5577 Θεὸν,
1529 5510 1617 5564 ’ἰνα
1678 5508 1857 5582 ῥυσθῶ
1910 5509 2015 5563 ἀπὸ

500 5607 874 5670 ἀπειθούντων
930 5602 981 5656 ἐν
1036 5605 1104 5672 τῇ
1176 5596 1432 5669 Ἰουδαίᾳ,
1500 5600 1591 5653 καὶ
1649 5599 1735 5652 ’ἱνα
1792 5602 1826 5667 ἡ
1898 5596 2017 5652 δια-

356 5700 516 5757 κονία
586 5717 720 5775 μου,
788 5696 824 5764 ἠ
894 5691 969 5756 εἰς
1031 5684 1413 5766 Ἰερουσαλὴμ,
1482 5684 1868 5767 εὐπρόσδεκτος
1925 5686 2016 5765 γὲ.

2053 4583 2097 4648 D

2124 3273 2459 3329 debitores:
2505 3281 2746 3347 propter
2803 3276 2981 3346 ipsos,
3043 3276 3257 3346 inquit.
3320 3277 3574 3331 maxime
3611 3276 3774 3333 venit

2119 3361 2388 3418 Christus
2415 3379 2428 3420 :
2464 3362 2534 3418 de
2567 3361 2843 3419 fidelibus
2875 3364 3034 3419 enim
3068 3365 3392 3436 sermoipsi
3418 3372 3545 3421 erat
3573 3366 3673 3437 qui
3698 3382 3768 3423 ex

2121 3449 2573 3507 circumcisione
2603 3456 2887 3508 venerant
2920 3467 2932 3505 :
2967 3456 3025 3506 et
3064 3452 3111 3505 si
3146 3451 3384 3508 illorum
3411 3461 3581 3508 erant
3611 3453 3767 3509 bona

2123 3558 2189 3597 ac
2213 3541 3173 3612 promissiones.Quemadmodum
3198 3559 3333 3615 ergo
3356 3544 3764 3616 spiritualibus

2123 3630 2348 3686 illorum
2363 3632 3272 3704 communicaveruntgentes.ita
3289 3640 3771 3706 oportetquoque

2123 3722 2284 3794 ipsas
2316 3723 2377 3776 in
2408 3722 2747 3777 carnalibus
2770 3723 3264 3778 ministrareillis.
3288 3724 3413 3778 Jam
3431 3731 3629 3780 autem
3650 3740 3769 3780 non

2127 3811 2289 3875 dicit,
2332 3810 2805 3877 Communicare,
2837 3812 2939 3866 sed
2973 3835 2999 3859 «
3035 3813 3384 3876 Ministrare,
3417 3834 3443 3859 ››
3476 3814 3537 3866 in
3564 3812 3774 3868 ordine

2124 3900 2535 3955 ministrorum
2563 3916 2662 3954 eos
2687 3901 3040 3970 ponens,qui
3069 3902 3289 3956 sanctis
3308 3900 3528 3957 tributa
3547 3900 3775 3972 pende-

2124 3995 2260 4043 rent
2293 3994 2575 4058 tanquam
2609 3988 2865 4060 regibus.
2905 4009 2931 4039 ιι
2966 3989 3030 4042 Et
3058 3989 3442 4061 obsignavero
3467 3992 3570 4045 eis.
3608 4012 3634 4039 »
3667 3992 3775 4048 Ve-

2127 4079 2236 4135 luti
2267 4078 2327 4132 in
2362 4078 2525 4149 asylo
2558 4084 2801 4149 tutoque
2833 4080 2961 4133 loco
2994 4082 3289 4151 repositus
3341 4081 3416 4136 sit
3459 4082 3775 4153 (siquidem

2127 4169 2190 4224 in
2222 4166 2368 4223 cmlo
2403 4168 2773 4238 repositurus
2826 4169 2972 4237 erat)
3021 4168 3211 4224 dicit:
3270 4172 3339 4226 Et
3392 4170 3775 4243 obsignavero

2129 4258 2214 4312 eis
2274 4255 2392 4311 sive
2446 4256 2639 4325 sigillo
2701 4256 3031 4311 munivero.
3088 4280 3115 4306 «
3175 4259 3449 4313 Fructum
3511 4260 3691 4315 hunc.
3746 4282 3774 4310 ››

2128 4347 2405 4402 Fructum
2440 4350 2607 4400 vocat
2638 4345 3099 4419 eleemosynam,
3142 4347 3462 4403 ostendens
3493 4347 3647 4419 quod
3681 4347 3773 4403 lu-

2129 4454 2295 4494 crum
2320 4438 2507 4510 magis
2539 4437 2713 4494 faciat
2745 4438 2793 4492 is
2818 4439 2917 4509 qui
2950 4438 3176 4493 tribuit.
3213 4462 3237 4488 υ
3270 4440 3335 4493 In
3359 4440 3720 4512 Hispaniam.
3747 4463 3774 4491 »

2131 4529 2385 4583 Rursum
2409 4527 2704 4598 Hispaniae
2721 4527 3429 4590 meminit,vehementem
3453 4529 3777 4585 ostendens

2130 4633 2396 4672 amorem
2429 4634 2606 4687 quem
2637 4617 2854 4673 habeat
2876 4633 3013 4689 erga
3042 4618 3354 4689 Hispanos.
3383 4619 3497 4674 «In
3524 4619 3780 4691 plenitu-

2132 4704 2291 4771 dine,
2326 4727 2354 4755 »
2389 4710 2499 4759 etc.
2536 4707 2654 4761 Hoc
2685 4711 2797 4769 est,
2829 4706 2949 4760 scio
2982 4705 3140 4775 quod
3170 4706 3271 4763 ubi
3303 4706 3377 4761 ad
3408 4723 3507 4762 vos
3536 4724 3775 4775 venero,

2129 4795 2427 4850 inveniam
2456 4812 2553 4851 vos
2582 4795 2752 4850 bonis
2799 4795 2948 4849 fetos
2992 4812 3060 4851 ac
3105 4803 3365 4853 ornatos.
3412 4798 3576 4862 Quod
3617 4800 3776 4855 enim

2129 4884 2212 4939 ait
2245 4901 2258 4938 ε
2294 4907 2320 4932 ‹‹
2364 4887 2429 4939 In
2485 4885 2856 4956 plenitudine
2909 4884 3345 4942 benedictionis
3397 4888 3711 4962 Evangelii.
3748 4910 3776 4937 η

2131 4973 2427 5045 signiﬁcat
2456 4974 2617 5044 ipsos
2649 4974 2850 5029 omnia
2878 4974 2939 5029 in
2983 4991 3044 5029 se
3101 4975 3318 5032 habere
3366 4975 3541 5034 bona.
3575 5009 3640 5018 —
3679 4978 3779 5033 Vel

2130 5062 2229 5118 hoc
2270 5063 2445 5116 modo.
2484 5062 2612 5117 Scio
2644 5062 2799 5133 quod
2832 5062 2933 5118 ubi
2984 5080 3218 5130 venero,
3270 5065 3345 5121 ad
3400 5066 3770 5137 implendum

2130 5168 2231 5205 vos
2264 5149 2681 5205 benedictione
2714 5152 3015 5223 Evangelii
3048 5154 3304 5209 veniam.

2200 5241 2314 5305 XV,
2354 5240 2539 5294 30-33.
2585 5262 2611 5289 ‹‹
2646 5241 2758 5295 Oro
2790 5247 2987 5296 autem
3019 5259 3139 5305 vos,
3172 5242 3405 5303 fratres,
3439 5259 3545 5313 per
3575 5243 3775 5298 Domi-

2130 5350 2158 5379 «
2188 5345 2329 5385 num
2372 5335 2641 5384 nostrum
2672 5331 2871 5385 Jesum
2905 5332 3223 5398 Christum,
3258 5337 3315 5385 et
3344 5342 3451 5403 per
3507 5332 3772 5388 dilectio-

2128 5440 2155 5465 «
2196 5434 2332 5472 nem
2366 5418 2654 5489 Spiritus:
2688 5425 2755 5475 ut
2785 5420 2963 5474 simul
2994 5436 3224 5475 mecum
3261 5421 3497 5476 certetis
3546 5422 3605 5477 in
3636 5439 3772 5494 pre-

2129 5528 2157 5555 «
2190 5507 2524 5562 cationibus
2556 5525 2660 5578 pro
2695 5525 2789 5563 me
2821 5508 2893 5562 ad
2925 5508 3109 5562 Deum
3142 5507 3327 5562 fusis:
3361 5514 3426 5563 ut
3451 5509 3669 5566 liberer
3697 5512 3769 5567 ab

2133 5616 2153 5641 ε
2188 5596 2513 5651 incredulis
2546 5597 2603 5651 in
2634 5595 2833 5651 Judzea
2859 5613 2871 5649 :
2902 5603 2969 5651 ut
2999 5596 3399 5652 ministerium
3430 5599 3541 5655 hoc
3568 5618 3767 5658 meum

2131 5708 2150 5733 ι
2187 5700 2388 5741 versus
2417 5686 2765 5758 Jerusalem,
2796 5691 3104 5759 acceptum
3134 5686 3239 5747 ﬁat
3276 5690 3538 5754 sanctis:
3588 5696 3654 5749 ut
3700 5692 3762 5750 in
