  <div class='ocr_page' id='page_1' title='image "/cluster/home/n/w/nwhite01/storage/ocr_20150623/118/mdp.39015078384297/321.png"; bbox 0 0 4106 6252; ppageno 0'>
   <div class='ocr_carea' id='block_1_1' title="bbox 433 323 555 386">
    <p class='ocr_par' dir='ltr' id='par_1_1' title="bbox 433 323 555 386">
     <span class='ocr_line' id='line_1_1' title="bbox 433 323 555 386; baseline 0.008 -2"><span class='ocrx_word' id='word_1_1' title='bbox 433 323 555 386; x_wconf 75' lang='grc'><strong>627</strong></span> 
     </span>
    </p>
   </div>
   <div class='ocr_carea' id='block_1_2' title="bbox 1562 325 2728 394">
    <p class='ocr_par' dir='ltr' id='par_1_2' title="bbox 1562 325 2728 394">
     <span class='ocr_line' id='line_1_2' title="bbox 1562 325 2728 394; baseline -0.002 -1"><span class='ocrx_word' id='word_1_2' title='bbox 1562 330 1976 394; x_wconf 77' lang='grc' dir='ltr'><strong>(ΕΟΠΜΕΝΙΙ</strong></span> <span class='ocrx_word' id='word_1_3' title='bbox 2020 325 2336 392; x_wconf 66' lang='grc' dir='ltr'><strong>ΤΒῙΟΟΕ</strong></span> <span class='ocrx_word' id='word_1_4' title='bbox 2378 329 2728 392; x_wconf 82' lang='lat' dir='ltr'><strong>EPISCOPI</strong></span> 
     </span>
    </p>
   </div>
   <div class='ocr_carea' id='block_1_3' title="bbox 3739 335 3859 399">
    <p class='ocr_par' dir='ltr' id='par_1_3' title="bbox 3739 335 3859 399">
     <span class='ocr_line' id='line_1_3' title="bbox 3739 335 3859 399; baseline 0.017 -2"><span class='ocrx_word' id='word_1_5' title='bbox 3739 335 3859 399; x_wconf 68' lang='lat'><strong>628</strong></span> 
     </span>
    </p>
   </div>
   <div class='ocr_carea' id='block_1_4' title="bbox 438 459 2082 545">
    <p class='ocr_par' dir='ltr' id='par_1_4' title="bbox 438 459 2082 536">
     <span class='ocr_line' id='line_1_4' title="bbox 438 459 2082 536; baseline 0.001 -19"><span class='ocrx_word' id='word_1_6' title='bbox 438 471 468 500; x_wconf 77' lang='grc' dir='ltr'><strong><em>κ</em></strong></span> <span class='ocrx_word' id='word_1_7' title='bbox 500 459 717 534; x_wconf 83' lang='lat' dir='ltr'><strong>gaudio</strong></span> <span class='ocrx_word' id='word_1_8' title='bbox 747 460 976 516; x_wconf 78' lang='lat' dir='ltr'><strong>veniam</strong></span> <span class='ocrx_word' id='word_1_9' title='bbox 1010 461 1085 516; x_wconf 85' lang='lat' dir='ltr'><strong>ad</strong></span> <span class='ocrx_word' id='word_1_10' title='bbox 1116 477 1216 517; x_wconf 87' lang='lat' dir='ltr'><strong>vos</strong></span> <span class='ocrx_word' id='word_1_11' title='bbox 1242 479 1349 536; x_wconf 86' lang='lat' dir='ltr'><strong>per</strong></span> <span class='ocrx_word' id='word_1_12' title='bbox 1377 464 1741 520; x_wconf 77' lang='lat' dir='ltr'><strong>voluntatem</strong></span> <span class='ocrx_word' id='word_1_13' title='bbox 1778 464 1896 530; x_wconf 81' lang='lat' dir='ltr'><strong>Dei,</strong></span> <span class='ocrx_word' id='word_1_14' title='bbox 1937 478 2082 519; x_wconf 44' lang='lat' dir='ltr'><strong>una.</strong></span> 
     </span>
    </p>
   </div>
   <div class='ocr_carea' id='block_1_5' title="bbox 2195 459 3856 545">
    <p class='ocr_par' dir='ltr' id='par_1_5' title="bbox 2209 459 3856 545">
     <span class='ocr_line' id='line_1_5' title="bbox 2209 459 3856 545; baseline 0.005 -30"><span class='ocrx_word' id='word_1_15' title='bbox 2209 481 2369 530; x_wconf 89' lang='grc' dir='ltr'>νηται</span> <span class='ocrx_word' id='word_1_16' title='bbox 2411 467 2528 524; x_wconf 87' lang='grc' dir='ltr'>τοῖς</span> <span class='ocrx_word' id='word_1_17' title='bbox 2586 462 2787 541; x_wconf 80' lang='grc' dir='ltr'>ἁγίοις,</span> <span class='ocrx_word' id='word_1_18' title='bbox 2848 461 2934 519; x_wconf 69' lang='grc' dir='ltr'><strong>ἵνα</strong></span> <span class='ocrx_word' id='word_1_19' title='bbox 2987 462 3048 520; x_wconf 71' lang='grc' dir='ltr'>ἐκ</span> <span class='ocrx_word' id='word_1_20' title='bbox 3108 468 3254 545; x_wconf 81' lang='grc' dir='ltr'>χαρᾷ</span> <span class='ocrx_word' id='word_1_21' title='bbox 3307 459 3456 530; x_wconf 73' lang='grc' dir='ltr'>ἔλθω</span> <span class='ocrx_word' id='word_1_22' title='bbox 3511 465 3656 542; x_wconf 78' lang='grc' dir='ltr'>πρὸς</span> <span class='ocrx_word' id='word_1_23' title='bbox 3720 473 3856 540; x_wconf 68' lang='grc' dir='ltr'>υμᾶς</span> 
     </span>
    </p>
   </div>
   <div class='ocr_carea' id='block_1_6' title="bbox 443 552 2096 626">
    <p class='ocr_par' dir='ltr' id='par_1_6' title="bbox 443 552 2096 626">
     <span class='ocr_line' id='line_1_6' title="bbox 443 552 2096 626; baseline 0.003 -23"><span class='ocrx_word' id='word_1_24' title='bbox 443 575 475 603; x_wconf 81' lang='grc'><em>‹‹</em></span> <span class='ocrx_word' id='word_1_25' title='bbox 506 568 621 625; x_wconf 87' lang='lat' dir='ltr'><strong>que</strong></span> <span class='ocrx_word' id='word_1_26' title='bbox 651 552 953 608; x_wconf 84' lang='lat' dir='ltr'><strong>vobiscum</strong></span> <span class='ocrx_word' id='word_1_27' title='bbox 981 552 1298 610; x_wconf 87' lang='lat' dir='ltr'><strong>refociller.</strong></span> <span class='ocrx_word' id='word_1_28' title='bbox 1360 553 1516 610; x_wconf 90' lang='lat' dir='ltr'><strong>Deus</strong></span> <span class='ocrx_word' id='word_1_29' title='bbox 1563 559 1764 611; x_wconf 84' lang='lat' dir='ltr'><strong>autem</strong></span> <span class='ocrx_word' id='word_1_30' title='bbox 1809 553 1971 626; x_wconf 82' lang='lat' dir='ltr'><strong>pacis</strong></span> <span class='ocrx_word' id='word_1_31' title='bbox 2021 553 2096 608; x_wconf 94' lang='lat' dir='ltr'><strong>sit</strong></span> 
     </span>
    </p>
   </div>
   <div class='ocr_carea' id='block_1_7' title="bbox 452 642 1491 700">
    <p class='ocr_par' dir='ltr' id='par_1_7' title="bbox 452 642 1491 700">
     <span class='ocr_line' id='line_1_7' title="bbox 452 642 1491 700; baseline 0 -1"><span class='ocrx_word' id='word_1_32' title='bbox 452 660 476 689; x_wconf 71' lang='grc' dir='ltr'><strong>ε</strong></span> <span class='ocrx_word' id='word_1_33' title='bbox 509 658 643 700; x_wconf 89' lang='lat' dir='ltr'><strong>cum</strong></span> <span class='ocrx_word' id='word_1_34' title='bbox 675 642 955 698; x_wconf 89' lang='lat' dir='ltr'><strong>omnibus</strong></span> <span class='ocrx_word' id='word_1_35' title='bbox 989 642 1172 698; x_wconf 90' lang='lat' dir='ltr'><strong>vobis.</strong></span> <span class='ocrx_word' id='word_1_36' title='bbox 1215 646 1425 699; x_wconf 84' lang='lat' dir='ltr'><strong>Amen.</strong></span> <span class='ocrx_word' id='word_1_37' title='bbox 1462 665 1491 692; x_wconf 81' lang='lat'><strong>»</strong></span> 
     </span>
    </p>
   </div>
   <div class='ocr_carea' id='block_1_8' title="bbox 515 821 2093 895">
    <p class='ocr_par' dir='ltr' id='par_1_8' title="bbox 515 821 2093 895">
     <span class='ocr_line' id='line_1_8' title="bbox 515 821 2093 895; baseline 0.001 -18"><span class='ocrx_word' id='word_1_38' title='bbox 515 822 692 888; x_wconf 81' lang='lat' dir='ltr'><strong>Quasi</strong></span> <span class='ocrx_word' id='word_1_39' title='bbox 726 821 853 893; x_wconf 90' lang='lat' dir='ltr'><strong>ipse</strong></span> <span class='ocrx_word' id='word_1_40' title='bbox 883 821 1137 878; x_wconf 90' lang='lat' dir='ltr'><strong>idoneus</strong></span> <span class='ocrx_word' id='word_1_41' title='bbox 1165 839 1288 878; x_wconf 93' lang='lat' dir='ltr'><strong>non</strong></span> <span class='ocrx_word' id='word_1_42' title='bbox 1338 823 1416 878; x_wconf 91' lang='lat' dir='ltr'><strong>sit</strong></span> <span class='ocrx_word' id='word_1_43' title='bbox 1462 823 1534 879; x_wconf 90' lang='lat' dir='ltr'><strong>ad</strong></span> <span class='ocrx_word' id='word_1_44' title='bbox 1585 823 2093 895; x_wconf 81' lang='lat' dir='ltr'><strong>persuadendum,</strong></span> 
     </span>
    </p>
   </div>
   <div class='ocr_carea' id='block_1_9' title="bbox 444 910 2094 984">
    <p class='ocr_par' dir='ltr' id='par_1_9' title="bbox 444 910 2094 984">
     <span class='ocr_line' id='line_1_9' title="bbox 444 910 2094 984; baseline 0 -16"><span class='ocrx_word' id='word_1_45' title='bbox 444 913 558 968; x_wconf 91' lang='lat' dir='ltr'><strong>Per</strong></span> <span class='ocrx_word' id='word_1_46' title='bbox 572 912 894 978; x_wconf 80' lang='lat' dir='ltr'><strong>Christum,</strong></span> <span class='ocrx_word' id='word_1_47' title='bbox 918 910 1128 982; x_wconf 86' lang='lat' dir='ltr'><strong>inquit,</strong></span> <span class='ocrx_word' id='word_1_48' title='bbox 1166 919 1225 967; x_wconf 92' lang='lat' dir='ltr'><strong>et</strong></span> <span class='ocrx_word' id='word_1_49' title='bbox 1255 929 1362 983; x_wconf 87' lang='lat' dir='ltr'><strong>per</strong></span> <span class='ocrx_word' id='word_1_50' title='bbox 1383 913 1668 984; x_wconf 86' lang='lat' dir='ltr'><strong>Spiritum</strong></span> <span class='ocrx_word' id='word_1_51' title='bbox 1693 918 1964 968; x_wconf 90' lang='lat' dir='ltr'><strong>sanctum</strong></span> <span class='ocrx_word' id='word_1_52' title='bbox 1992 929 2094 969; x_wconf 81' lang='lat' dir='ltr'><strong>vos</strong></span> 
     </span>
    </p>
   </div>
   <div class='ocr_carea' id='block_1_10' title="bbox 446 1001 2094 1074">
    <p class='ocr_par' dir='ltr' id='par_1_10' title="bbox 446 1001 2094 1074">
     <span class='ocr_line' id='line_1_10' title="bbox 446 1001 2094 1074; baseline -0.001 -17"><span class='ocrx_word' id='word_1_53' title='bbox 446 1015 571 1057; x_wconf 90' lang='lat' dir='ltr'><strong>oro.</strong></span> <span class='ocrx_word' id='word_1_54' title='bbox 605 1001 747 1056; x_wconf 86' lang='lat' dir='ltr'><strong>Vide</strong></span> <span class='ocrx_word' id='word_1_55' title='bbox 780 1007 978 1056; x_wconf 90' lang='lat' dir='ltr'><strong>autem</strong></span> <span class='ocrx_word' id='word_1_56' title='bbox 1011 1001 1168 1071; x_wconf 92' lang='lat' dir='ltr'><strong>quod</strong></span> <span class='ocrx_word' id='word_1_57' title='bbox 1199 1003 1330 1058; x_wconf 89' lang='lat' dir='ltr'><strong>Filii</strong></span> <span class='ocrx_word' id='word_1_58' title='bbox 1368 1008 1426 1056; x_wconf 91' lang='lat' dir='ltr'><strong>et</strong></span> <span class='ocrx_word' id='word_1_59' title='bbox 1457 1002 1709 1074; x_wconf 84' lang='lat' dir='ltr'><strong>Spiritus</strong></span> <span class='ocrx_word' id='word_1_60' title='bbox 1731 1003 2094 1069; x_wconf 88' lang='lat' dir='ltr'><strong>meminerit,</strong></span> 
     </span>
    </p>
   </div>
   <div class='ocr_carea' id='block_1_11' title="bbox 431 1089 2093 1161">
    <p class='ocr_par' dir='ltr' id='par_1_11' title="bbox 431 1089 2093 1161">
     <span class='ocr_line' id='line_1_11' title="bbox 431 1089 2093 1161; baseline -0.001 -15"><span class='ocrx_word' id='word_1_61' title='bbox 431 1089 562 1161; x_wconf 84' lang='lat' dir='ltr'><strong>jam</strong></span> <span class='ocrx_word' id='word_1_62' title='bbox 589 1105 724 1145; x_wconf 85' lang='lat' dir='ltr'><strong>vero</strong></span> <span class='ocrx_word' id='word_1_63' title='bbox 756 1105 874 1145; x_wconf 88' lang='lat' dir='ltr'><strong>non</strong></span> <span class='ocrx_word' id='word_1_64' title='bbox 906 1091 1182 1146; x_wconf 85' lang='lat' dir='ltr'><strong>meminit</strong></span> <span class='ocrx_word' id='word_1_65' title='bbox 1234 1090 1445 1147; x_wconf 83' lang='lat' dir='ltr'><strong>Patris.</strong></span> <span class='ocrx_word' id='word_1_66' title='bbox 1499 1089 1664 1156; x_wconf 91' lang='lat' dir='ltr'><strong>Quod</strong></span> <span class='ocrx_word' id='word_1_67' title='bbox 1715 1090 1948 1146; x_wconf 87' lang='lat' dir='ltr'><strong>dictum</strong></span> <span class='ocrx_word' id='word_1_68' title='bbox 1983 1095 2093 1161; x_wconf 87' lang='lat' dir='ltr'><strong>est,</strong></span> 
     </span>
    </p>
   </div>
   <div class='ocr_carea' id='block_1_12' title="bbox 443 1177 2094 1247">
    <p class='ocr_par' dir='ltr' id='par_1_12' title="bbox 443 1177 2094 1247">
     <span class='ocr_line' id='line_1_12' title="bbox 443 1177 2094 1247; baseline 0.001 -13"><span class='ocrx_word' id='word_1_69' title='bbox 443 1184 528 1244; x_wconf 87' lang='lat' dir='ltr'><strong>ut,</strong></span> <span class='ocrx_word' id='word_1_70' title='bbox 579 1177 682 1235; x_wconf 89' lang='lat' dir='ltr'><strong>ubi</strong></span> <span class='ocrx_word' id='word_1_71' title='bbox 739 1179 928 1234; x_wconf 84' lang='lat' dir='ltr'><strong>Patris</strong></span> <span class='ocrx_word' id='word_1_72' title='bbox 986 1195 1056 1234; x_wconf 88' lang='lat' dir='ltr'><strong>ac</strong></span> <span class='ocrx_word' id='word_1_73' title='bbox 1114 1179 1244 1236; x_wconf 88' lang='lat' dir='ltr'><strong>Filii</strong></span> <span class='ocrx_word' id='word_1_74' title='bbox 1301 1185 1534 1238; x_wconf 87' lang='lat' dir='ltr'><strong>tantum</strong></span> <span class='ocrx_word' id='word_1_75' title='bbox 1591 1180 1961 1247; x_wconf 88' lang='lat' dir='ltr'><strong>meminerit,</strong></span> <span class='ocrx_word' id='word_1_76' title='bbox 2020 1196 2094 1237; x_wconf 90' lang='lat' dir='ltr'><strong>ne</strong></span> 
     </span>
    </p>
   </div>
   <div class='ocr_carea' id='block_1_13' title="bbox 444 1269 2093 1344">
    <p class='ocr_par' dir='ltr' id='par_1_13' title="bbox 444 1269 2093 1344">
     <span class='ocr_line' id='line_1_13' title="bbox 444 1269 2093 1344; baseline 0 -18"><span class='ocrx_word' id='word_1_77' title='bbox 444 1269 700 1326; x_wconf 89' lang='lat' dir='ltr'><strong>turberis</strong></span> <span class='ocrx_word' id='word_1_78' title='bbox 759 1269 918 1341; x_wconf 90' lang='lat' dir='ltr'><strong>quod</strong></span> <span class='ocrx_word' id='word_1_79' title='bbox 969 1285 1090 1326; x_wconf 92' lang='lat' dir='ltr'><strong>non</strong></span> <span class='ocrx_word' id='word_1_80' title='bbox 1149 1270 1328 1327; x_wconf 88' lang='lat' dir='ltr'><strong>etiam</strong></span> <span class='ocrx_word' id='word_1_81' title='bbox 1415 1271 1669 1344; x_wconf 83' lang='lat' dir='ltr'><strong>Spiritus</strong></span> <span class='ocrx_word' id='word_1_82' title='bbox 1731 1272 2093 1328; x_wconf 88' lang='lat' dir='ltr'><strong>meminerit.</strong></span> 
     </span>
    </p>
   </div>
   <div class='ocr_carea' id='block_1_14' title="bbox 444 1357 2091 1433">
    <p class='ocr_par' dir='ltr' id='par_1_14' title="bbox 444 1357 2091 1433">
     <span class='ocr_line' id='line_1_14' title="bbox 444 1357 2091 1433; baseline 0.001 -20"><span class='ocrx_word' id='word_1_83' title='bbox 444 1357 824 1419; x_wconf 78' lang='lat' dir='ltr'><strong>Multifariam</strong></span> <span class='ocrx_word' id='word_1_84' title='bbox 862 1359 1022 1415; x_wconf 90' lang='lat' dir='ltr'><strong>enim</strong></span> <span class='ocrx_word' id='word_1_85' title='bbox 1079 1358 1152 1414; x_wconf 91' lang='lat' dir='ltr'><strong>de</strong></span> <span class='ocrx_word' id='word_1_86' title='bbox 1208 1365 1414 1416; x_wconf 88' lang='lat' dir='ltr'><strong>sancta</strong></span> <span class='ocrx_word' id='word_1_87' title='bbox 1463 1360 1732 1433; x_wconf 84' lang='lat' dir='ltr'><strong>loquitur</strong></span> <span class='ocrx_word' id='word_1_88' title='bbox 1787 1361 2091 1418; x_wconf 88' lang='lat' dir='ltr'><strong>Trinitate.</strong></span> 
     </span>
    </p>
   </div>
   <div class='ocr_carea' id='block_1_15' title="bbox 450 1447 2098 1509">
    <p class='ocr_par' dir='ltr' id='par_1_15' title="bbox 450 1447 2098 1509">
     <span class='ocr_line' id='line_1_15' title="bbox 450 1447 2098 1509; baseline 0.001 -4"><span class='ocrx_word' id='word_1_89' title='bbox 450 1469 472 1497; x_wconf 76' lang='grc' dir='ltr'><strong>ι</strong></span> <span class='ocrx_word' id='word_1_90' title='bbox 535 1447 610 1505; x_wconf 88' lang='lat' dir='ltr'><strong>Ut</strong></span> <span class='ocrx_word' id='word_1_91' title='bbox 662 1447 842 1504; x_wconf 86' lang='lat' dir='ltr'><strong>simul</strong></span> <span class='ocrx_word' id='word_1_92' title='bbox 901 1465 1139 1506; x_wconf 87' lang='lat' dir='ltr'><strong>mecum</strong></span> <span class='ocrx_word' id='word_1_93' title='bbox 1197 1449 1460 1507; x_wconf 83' lang='lat' dir='ltr'><strong>certetis.</strong></span> <span class='ocrx_word' id='word_1_94' title='bbox 1511 1471 1541 1500; x_wconf 71' lang='grc' dir='ltr'><strong>γ»</strong></span> <span class='ocrx_word' id='word_1_95' title='bbox 1602 1451 1853 1507; x_wconf 81' lang='lat' dir='ltr'><strong>Maxima</strong></span> <span class='ocrx_word' id='word_1_96' title='bbox 1909 1451 2098 1509; x_wconf 88' lang='lat' dir='ltr'><strong>utitur</strong></span> 
     </span>
    </p>
   </div>
   <div class='ocr_carea' id='block_1_16' title="bbox 446 1536 2095 1612">
    <p class='ocr_par' dir='ltr' id='par_1_16' title="bbox 446 1536 2095 1612">
     <span class='ocr_line' id='line_1_16' title="bbox 446 1536 2095 1612; baseline 0.002 -19"><span class='ocrx_word' id='word_1_97' title='bbox 446 1537 632 1594; x_wconf 91' lang='lat' dir='ltr'><strong>animi</strong></span> <span class='ocrx_word' id='word_1_98' title='bbox 661 1536 978 1605; x_wconf 87' lang='lat' dir='ltr'><strong>modestia,</strong></span> <span class='ocrx_word' id='word_1_99' title='bbox 1001 1537 1161 1611; x_wconf 93' lang='lat' dir='ltr'><strong>quod</strong></span> <span class='ocrx_word' id='word_1_100' title='bbox 1193 1538 1355 1596; x_wconf 87' lang='lat' dir='ltr'><strong>dicat</strong></span> <span class='ocrx_word' id='word_1_101' title='bbox 1378 1539 1489 1596; x_wconf 89' lang='lat' dir='ltr'><strong>sibi</strong></span> <span class='ocrx_word' id='word_1_102' title='bbox 1512 1556 1661 1612; x_wconf 90' lang='lat' dir='ltr'><strong>opus</strong></span> <span class='ocrx_word' id='word_1_103' title='bbox 1693 1556 1822 1597; x_wconf 89' lang='lat' dir='ltr'><strong>esse</strong></span> <span class='ocrx_word' id='word_1_104' title='bbox 1852 1540 2095 1597; x_wconf 90' lang='lat' dir='ltr'><strong>illorum</strong></span> 
     </span>
    </p>
   </div>
   <div class='ocr_carea' id='block_1_17' title="bbox 411 1625 2094 1698">
    <p class='ocr_par' dir='ltr' id='par_1_17' title="bbox 411 1625 2094 1698">
     <span class='ocr_line' id='line_1_17' title="bbox 411 1625 2094 1698; baseline 0.002 -16"><span class='ocrx_word' id='word_1_105' title='bbox 411 1666 413 1668; x_wconf 86' lang='grc'><strong>-</strong></span> <span class='ocrx_word' id='word_1_106' title='bbox 445 1625 732 1684; x_wconf 86' lang='lat' dir='ltr'><strong>oratione.</strong></span> <span class='ocrx_word' id='word_1_107' title='bbox 765 1626 919 1683; x_wconf 69' lang='lat'><strong>408</strong></span> <span class='ocrx_word' id='word_1_108' title='bbox 953 1647 983 1678; x_wconf 84' lang='lat'><strong><em>«</em></strong></span> <span class='ocrx_word' id='word_1_109' title='bbox 1014 1628 1088 1684; x_wconf 91' lang='lat' dir='ltr'><strong>Ut</strong></span> <span class='ocrx_word' id='word_1_110' title='bbox 1115 1627 1354 1684; x_wconf 85' lang='lat' dir='ltr'><strong>liberer.</strong></span> <span class='ocrx_word' id='word_1_111' title='bbox 1386 1649 1417 1679; x_wconf 80' lang='grc'><strong>››</strong></span> <span class='ocrx_word' id='word_1_112' title='bbox 1449 1629 1576 1685; x_wconf 85' lang='lat' dir='ltr'><strong>Non</strong></span> <span class='ocrx_word' id='word_1_113' title='bbox 1606 1628 1772 1698; x_wconf 82' lang='lat' dir='ltr'><strong>dixit,</strong></span> <span class='ocrx_word' id='word_1_114' title='bbox 1794 1627 2094 1686; x_wconf 83' lang='lat' dir='ltr'><strong>Utconﬂi-</strong></span> 
     </span>
    </p>
   </div>
   <div class='ocr_carea' id='block_1_18' title="bbox 447 1715 2095 1790">
    <p class='ocr_par' dir='ltr' id='par_1_18' title="bbox 447 1715 2095 1790">
     <span class='ocr_line' id='line_1_18' title="bbox 447 1715 2095 1790; baseline 0.001 -18"><span class='ocrx_word' id='word_1_115' title='bbox 447 1730 582 1790; x_wconf 73' lang='lat' dir='ltr'><strong>3am</strong></span> <span class='ocrx_word' id='word_1_116' title='bbox 613 1720 672 1774; x_wconf 90' lang='lat' dir='ltr'><strong>et</strong></span> <span class='ocrx_word' id='word_1_117' title='bbox 716 1715 947 1772; x_wconf 88' lang='lat' dir='ltr'><strong>vincam</strong></span> <span class='ocrx_word' id='word_1_118' title='bbox 998 1715 1154 1784; x_wconf 89' lang='lat' dir='ltr'><strong>illos,</strong></span> <span class='ocrx_word' id='word_1_119' title='bbox 1217 1716 1320 1772; x_wconf 92' lang='lat' dir='ltr'><strong>sed</strong></span> <span class='ocrx_word' id='word_1_120' title='bbox 1377 1739 1406 1768; x_wconf 89' lang='lat'>«</span> <span class='ocrx_word' id='word_1_121' title='bbox 1456 1716 1717 1782; x_wconf 74' lang='lat' dir='ltr'><strong>Liberet,</strong></span> <span class='ocrx_word' id='word_1_122' title='bbox 1753 1740 1780 1766; x_wconf 82' lang='grc'><strong>››</strong></span> <span class='ocrx_word' id='word_1_123' title='bbox 1836 1717 2095 1774; x_wconf 87' lang='lat' dir='ltr'><strong>divinam</strong></span> 
     </span>
    </p>
   </div>
   <div class='ocr_carea' id='block_1_19' title="bbox 2203 549 3856 628">
    <p class='ocr_par' dir='ltr' id='par_1_19' title="bbox 2203 549 3856 628">
     <span class='ocr_line' id='line_1_19' title="bbox 2203 549 3856 628; baseline 0.006 -22"><span class='ocrx_word' id='word_1_124' title='bbox 2203 549 2293 606; x_wconf 74' lang='grc' dir='ltr'><strong>διὰ</strong></span> <span class='ocrx_word' id='word_1_125' title='bbox 2359 550 2673 626; x_wconf 73' lang='grc' dir='ltr'><strong>θελήματος</strong></span> <span class='ocrx_word' id='word_1_126' title='bbox 2735 557 2894 623; x_wconf 78' lang='grc' dir='ltr'>Θεοῦ,</span> <span class='ocrx_word' id='word_1_127' title='bbox 2961 553 3054 607; x_wconf 80' lang='grc' dir='ltr'><strong>καὶ</strong></span> <span class='ocrx_word' id='word_1_128' title='bbox 3138 556 3637 628; x_wconf 68' lang='grc' dir='ltr'>συναναπαύσωμαι</span> <span class='ocrx_word' id='word_1_129' title='bbox 3712 559 3856 628; x_wconf 83' lang='grc' dir='ltr'>ὑμῖν.</span> 
     </span>
    </p>
   </div>
   <div class='ocr_carea' id='block_1_20' title="bbox 2201 641 3593 718">
    <p class='ocr_par' dir='ltr' id='par_1_20' title="bbox 2201 641 3593 718">
     <span class='ocr_line' id='line_1_20' title="bbox 2201 641 3593 718; baseline 0.001 -18"><span class='ocrx_word' id='word_1_130' title='bbox 2201 643 2263 700; x_wconf 90' lang='grc' dir='ltr'>Ὁ</span> <span class='ocrx_word' id='word_1_131' title='bbox 2331 641 2389 698; x_wconf 79' lang='grc' dir='ltr'>δὶ</span> <span class='ocrx_word' id='word_1_132' title='bbox 2453 645 2581 706; x_wconf 84' lang='grc' dir='ltr'>Θεὸς</span> <span class='ocrx_word' id='word_1_133' title='bbox 2651 650 2751 713; x_wconf 73' lang='grc' dir='ltr'>τῆς</span> <span class='ocrx_word' id='word_1_134' title='bbox 2822 644 3050 718; x_wconf 88' lang='grc' dir='ltr'>εἰρήνης</span> <span class='ocrx_word' id='word_1_135' title='bbox 3138 645 3275 717; x_wconf 86' lang='grc' dir='ltr'>μετὰ</span> <span class='ocrx_word' id='word_1_136' title='bbox 3366 647 3593 701; x_wconf 82' lang='grc' dir='ltr'>πάντων</span> 
     </span>
    </p>
   </div>
   <div class='ocr_carea' id='block_1_21' title="bbox 2204 732 2404 805">
    <p class='ocr_par' dir='ltr' id='par_1_21' title="bbox 2204 732 2404 805">
     <span class='ocr_line' id='line_1_21' title="bbox 2204 732 2404 805; baseline -0.01 -17"><span class='ocrx_word' id='word_1_137' title='bbox 2204 732 2264 788; x_wconf 81' lang='grc' dir='ltr'><strong>’Δ</strong></span> <span class='ocrx_word' id='word_1_138' title='bbox 2279 735 2404 805; x_wconf 88' lang='grc' dir='ltr'>μήν.</span> 
     </span>
    </p>
   </div>
   <div class='ocr_carea' id='block_1_22' title="bbox 2272 820 3868 899">
    <p class='ocr_par' dir='ltr' id='par_1_22' title="bbox 2272 820 3868 899">
     <span class='ocr_line' id='line_1_22' title="bbox 2272 820 3868 899; baseline 0.002 -22"><span class='ocrx_word' id='word_1_139' title='bbox 2272 821 2363 882; x_wconf 72' lang='lat' dir='ltr'><strong>&#39;u:</strong></span> <span class='ocrx_word' id='word_1_140' title='bbox 2395 823 2469 895; x_wconf 78' lang='grc' dir='ltr'>μὴ</span> <span class='ocrx_word' id='word_1_141' title='bbox 2503 820 2664 884; x_wconf 78' lang='grc' dir='ltr'>αὐτὸς</span> <span class='ocrx_word' id='word_1_142' title='bbox 2695 821 2768 877; x_wconf 86' lang='grc' dir='ltr'>ὢν</span> <span class='ocrx_word' id='word_1_143' title='bbox 2821 822 3125 898; x_wconf 74' lang='grc' dir='ltr'>ἀξιόχρεως</span> <span class='ocrx_word' id='word_1_144' title='bbox 3182 826 3322 899; x_wconf 83' lang='grc' dir='ltr'>πρὸς</span> <span class='ocrx_word' id='word_1_145' title='bbox 3383 826 3446 880; x_wconf 78' lang='grc' dir='ltr'>τὸ</span> <span class='ocrx_word' id='word_1_146' title='bbox 3503 831 3723 893; x_wconf 81' lang='grc' dir='ltr'>πεῖσαι,</span> <span class='ocrx_word' id='word_1_147' title='bbox 3783 829 3868 887; x_wconf 79' lang='grc' dir='ltr'><strong>Διᾶ</strong></span> 
     </span>
    </p>
   </div>
   <div class='ocr_carea' id='block_1_23' title="bbox 2203 911 3869 991">
    <p class='ocr_par' dir='ltr' id='par_1_23' title="bbox 2203 911 3869 991">
     <span class='ocr_line' id='line_1_23' title="bbox 2203 911 3869 991; baseline 0.003 -26"><span class='ocrx_word' id='word_1_148' title='bbox 2203 914 2299 965; x_wconf 85' lang='lat'><strong>106</strong></span> <span class='ocrx_word' id='word_1_149' title='bbox 2330 913 2588 984; x_wconf 77' lang='grc' dir='ltr'>Χριστοῦ,</span> <span class='ocrx_word' id='word_1_150' title='bbox 2622 911 2806 991; x_wconf 73' lang='grc' dir='ltr'>φησὶν,</span> <span class='ocrx_word' id='word_1_151' title='bbox 2843 914 2984 985; x_wconf 75' lang='grc' dir='ltr'>ὑμᾶς</span> <span class='ocrx_word' id='word_1_152' title='bbox 3025 913 3116 966; x_wconf 85' lang='grc' dir='ltr'><strong>καὶ</strong></span> <span class='ocrx_word' id='word_1_153' title='bbox 3173 916 3273 968; x_wconf 87' lang='lat'><strong>106</strong></span> <span class='ocrx_word' id='word_1_154' title='bbox 3335 914 3493 988; x_wconf 86' lang='grc' dir='ltr'>ἁγίου</span> <span class='ocrx_word' id='word_1_155' title='bbox 3559 916 3869 990; x_wconf 80' lang='grc' dir='ltr'>[Ινεύματος</span> 
     </span>
    </p>
   </div>
   <div class='ocr_carea' id='block_1_24' title="bbox 2201 999 3870 1076">
    <p class='ocr_par' dir='ltr' id='par_1_24' title="bbox 2201 999 3870 1076">
     <span class='ocr_line' id='line_1_24' title="bbox 2201 999 3870 1076; baseline 0.003 -22"><span class='ocrx_word' id='word_1_156' title='bbox 2201 1000 2527 1072; x_wconf 81' lang='grc' dir='ltr'>παρακαλῶ.</span> <span class='ocrx_word' id='word_1_157' title='bbox 2560 1007 2695 1070; x_wconf 81' lang='grc' dir='ltr'><strong>Ὀρα</strong></span> <span class='ocrx_word' id='word_1_158' title='bbox 2727 999 2783 1058; x_wconf 73' lang='grc' dir='ltr'>δὶ</span> <span class='ocrx_word' id='word_1_159' title='bbox 2842 1002 2929 1058; x_wconf 76' lang='grc' dir='ltr'>ὅτι</span> <span class='ocrx_word' id='word_1_160' title='bbox 2987 1003 3114 1056; x_wconf 80' lang='grc' dir='ltr'>Υἱοῦ</span> <span class='ocrx_word' id='word_1_161' title='bbox 3173 1003 3265 1058; x_wconf 81' lang='grc' dir='ltr'><strong>καὶ</strong></span> <span class='ocrx_word' id='word_1_162' title='bbox 3327 1005 3649 1076; x_wconf 84' lang='grc' dir='ltr'>Πνεύματος</span> <span class='ocrx_word' id='word_1_163' title='bbox 3707 1004 3870 1076; x_wconf 79' lang='grc' dir='ltr'>ἐμνή-</span> 
     </span>
    </p>
   </div>
   <div class='ocr_carea' id='block_1_25' title="bbox 2204 1086 3867 1168">
    <p class='ocr_par' dir='ltr' id='par_1_25' title="bbox 2204 1086 3867 1168">
     <span class='ocr_line' id='line_1_25' title="bbox 2204 1086 3867 1168; baseline 0.004 -23"><span class='ocrx_word' id='word_1_164' title='bbox 2204 1100 2330 1158; x_wconf 83' lang='grc' dir='ltr'>σθη,</span> <span class='ocrx_word' id='word_1_165' title='bbox 2364 1089 2464 1145; x_wconf 78' lang='grc' dir='ltr'><strong>οὐκ</strong></span> <span class='ocrx_word' id='word_1_166' title='bbox 2489 1088 2566 1145; x_wconf 79' lang='grc' dir='ltr'>ἔτι</span> <span class='ocrx_word' id='word_1_167' title='bbox 2599 1086 2656 1146; x_wconf 67' lang='grc' dir='ltr'>δὲ</span> <span class='ocrx_word' id='word_1_168' title='bbox 2684 1090 2774 1145; x_wconf 87' lang='grc' dir='ltr'><strong>καὶ</strong></span> <span class='ocrx_word' id='word_1_169' title='bbox 2829 1095 2926 1146; x_wconf 97' lang='lat'><strong>106</strong></span> <span class='ocrx_word' id='word_1_170' title='bbox 2985 1091 3216 1166; x_wconf 72' lang='grc' dir='ltr'>Πατρόςο</span> <span class='ocrx_word' id='word_1_171' title='bbox 3269 1096 3440 1149; x_wconf 77' lang='grc' dir='ltr'>Τοῦτο</span> <span class='ocrx_word' id='word_1_172' title='bbox 3507 1090 3572 1149; x_wconf 67' lang='grc' dir='ltr'>δὲ</span> <span class='ocrx_word' id='word_1_173' title='bbox 3635 1092 3867 1168; x_wconf 74' lang='grc' dir='ltr'>εἶ’ρηται,</span> 
     </span>
    </p>
   </div>
   <div class='ocr_carea' id='block_1_26' title="bbox 2197 1176 3868 1259">
    <p class='ocr_par' dir='ltr' id='par_1_26' title="bbox 2197 1176 3868 1259">
     <span class='ocr_line' id='line_1_26' title="bbox 2197 1176 3868 1259; baseline 0.004 -27"><span class='ocrx_word' id='word_1_174' title='bbox 2197 1176 2314 1246; x_wconf 66' lang='grc' dir='ltr'>ἵνα,</span> <span class='ocrx_word' id='word_1_175' title='bbox 2344 1178 2434 1233; x_wconf 79' lang='grc' dir='ltr'><strong>ὅτε</strong></span> <span class='ocrx_word' id='word_1_176' title='bbox 2463 1179 2676 1253; x_wconf 73' lang='grc' dir='ltr'>[ἰατρὸς</span> <span class='ocrx_word' id='word_1_177' title='bbox 2705 1180 2796 1234; x_wconf 85' lang='grc' dir='ltr'><strong>καὶ</strong></span> <span class='ocrx_word' id='word_1_178' title='bbox 2825 1181 2957 1236; x_wconf 73' lang='grc' dir='ltr'>Υἱοῦ</span> <span class='ocrx_word' id='word_1_179' title='bbox 2999 1181 3165 1252; x_wconf 82' lang='grc' dir='ltr'>μόνου</span> <span class='ocrx_word' id='word_1_180' title='bbox 3222 1181 3522 1256; x_wconf 66' lang='grc' dir='ltr'>μέμνηται,</span> <span class='ocrx_word' id='word_1_181' title='bbox 3574 1185 3658 1256; x_wconf 79' lang='grc' dir='ltr'>μὴ</span> <span class='ocrx_word' id='word_1_182' title='bbox 3712 1184 3868 1259; x_wconf 80' lang='grc' dir='ltr'>θορυο</span> 
     </span>
    </p>
   </div>
   <div class='ocr_carea' id='block_1_27' title="bbox 2201 1262 3869 1344">
    <p class='ocr_par' dir='ltr' id='par_1_27' title="bbox 2201 1262 3869 1344">
     <span class='ocr_line' id='line_1_27' title="bbox 2201 1262 3869 1344; baseline 0.004 -22"><span class='ocrx_word' id='word_1_183' title='bbox 2201 1262 2377 1341; x_wconf 76' lang='grc' dir='ltr'>ϐηθῇς</span> <span class='ocrx_word' id='word_1_184' title='bbox 2407 1264 2498 1323; x_wconf 79' lang='grc' dir='ltr'><strong>διὰ</strong></span> <span class='ocrx_word' id='word_1_185' title='bbox 2527 1267 2580 1324; x_wconf 86' lang='grc' dir='ltr'><strong>τί</strong></span> <span class='ocrx_word' id='word_1_186' title='bbox 2614 1271 2690 1340; x_wconf 81' lang='grc' dir='ltr'><strong>μή</strong></span> <span class='ocrx_word' id='word_1_187' title='bbox 2753 1268 2844 1324; x_wconf 76' lang='grc' dir='ltr'><strong>καὶ</strong></span> <span class='ocrx_word' id='word_1_188' title='bbox 2891 1272 2989 1324; x_wconf 81' lang='grc' dir='ltr'><strong>τοῦ</strong></span> <span class='ocrx_word' id='word_1_189' title='bbox 3047 1269 3354 1343; x_wconf 84' lang='grc' dir='ltr'>Ηνεύματος</span> <span class='ocrx_word' id='word_1_190' title='bbox 3407 1270 3700 1344; x_wconf 68' lang='grc' dir='ltr'>ἐμνήσθη.</span> <span class='ocrx_word' id='word_1_191' title='bbox 3754 1281 3869 1328; x_wconf 72' lang='grc' dir='ltr'>Δια-</span> 
     </span>
    </p>
   </div>
   <div class='ocr_carea' id='block_1_28' title="bbox 2201 1349 3872 1438">
    <p class='ocr_par' dir='ltr' id='par_1_28' title="bbox 2201 1349 3872 1438">
     <span class='ocr_line' id='line_1_28' title="bbox 2201 1349 3872 1438; baseline 0.002 -27"><span class='ocrx_word' id='word_1_192' title='bbox 2201 1357 2388 1436; x_wconf 73' lang='grc' dir='ltr'>φόρως</span> <span class='ocrx_word' id='word_1_193' title='bbox 2434 1357 2539 1433; x_wconf 82' lang='grc' dir='ltr'><strong>γὰρ</strong></span> <span class='ocrx_word' id='word_1_194' title='bbox 2594 1360 2695 1428; x_wconf 81' lang='grc' dir='ltr'><strong>τήν</strong></span> <span class='ocrx_word' id='word_1_195' title='bbox 2753 1355 2910 1431; x_wconf 81' lang='grc' dir='ltr'>ἁγίαν</span> <span class='ocrx_word' id='word_1_196' title='bbox 2973 1357 3152 1428; x_wconf 88' lang='grc' dir='ltr'>τίθησι</span> <span class='ocrx_word' id='word_1_197' title='bbox 3205 1349 3434 1434; x_wconf 67' lang='grc' dir='ltr'>Τριᾶδα.</span> <span class='ocrx_word' id='word_1_198' title='bbox 3477 1385 3506 1412; x_wconf 88' lang='grc'><strong>‹‹</strong></span> <span class='ocrx_word' id='word_1_199' title='bbox 3541 1362 3872 1438; x_wconf 85' lang='grc' dir='ltr'>Συναγωνί-</span> 
     </span>
    </p>
   </div>
   <div class='ocr_carea' id='block_1_29' title="bbox 2200 1446 3870 1527">
    <p class='ocr_par' dir='ltr' id='par_1_29' title="bbox 2200 1446 3870 1527">
     <span class='ocr_line' id='line_1_29' title="bbox 2200 1446 3870 1527; baseline 0.002 -25"><span class='ocrx_word' id='word_1_200' title='bbox 2200 1446 2393 1502; x_wconf 87' lang='grc' dir='ltr'>σασθαί</span> <span class='ocrx_word' id='word_1_201' title='bbox 2453 1467 2568 1518; x_wconf 89' lang='grc' dir='ltr'>μοι.</span> <span class='ocrx_word' id='word_1_202' title='bbox 2624 1470 2653 1498; x_wconf 86' lang='lat'><strong>»</strong></span> <span class='ocrx_word' id='word_1_203' title='bbox 2710 1446 2954 1522; x_wconf 82' lang='grc' dir='ltr'>Μεγίστη</span> <span class='ocrx_word' id='word_1_204' title='bbox 3013 1448 3508 1527; x_wconf 73' lang='grc' dir='ltr'>ταπεινοφροσύνη,</span> <span class='ocrx_word' id='word_1_205' title='bbox 3571 1449 3665 1506; x_wconf 76' lang='grc' dir='ltr'>δτι</span> <span class='ocrx_word' id='word_1_206' title='bbox 3730 1449 3870 1526; x_wconf 75' lang='grc' dir='ltr'>λέγει</span> 
     </span>
    </p>
   </div>
   <div class='ocr_carea' id='block_1_30' title="bbox 2199 1533 3868 1617">
    <p class='ocr_par' dir='ltr' id='par_1_30' title="bbox 2199 1533 3868 1617">
     <span class='ocr_line' id='line_1_30' title="bbox 2199 1533 3868 1617; baseline 0.004 -27"><span class='ocrx_word' id='word_1_207' title='bbox 2199 1537 2297 1608; x_wconf 81' lang='grc' dir='ltr'><strong>τῆς</strong></span> <span class='ocrx_word' id='word_1_208' title='bbox 2329 1535 2534 1592; x_wconf 84' lang='grc' dir='ltr'>τούτων</span> <span class='ocrx_word' id='word_1_209' title='bbox 2568 1533 2776 1600; x_wconf 82' lang='grc' dir='ltr'>δεῖσθαι</span> <span class='ocrx_word' id='word_1_210' title='bbox 2805 1536 3000 1617; x_wconf 80' lang='grc' dir='ltr'><strong>εὐχῆς.</strong></span> <span class='ocrx_word' id='word_1_211' title='bbox 3068 1559 3091 1587; x_wconf 77' lang='grc' dir='ltr'>ι</span> <span class='ocrx_word' id='word_1_212' title='bbox 3122 1539 3239 1597; x_wconf 84' lang='grc' dir='ltr'>Ἵνα</span> <span class='ocrx_word' id='word_1_213' title='bbox 3289 1539 3491 1614; x_wconf 81' lang='grc' dir='ltr'>ῥυσθῶ.</span> <span class='ocrx_word' id='word_1_214' title='bbox 3524 1563 3556 1591; x_wconf 64' lang='grc' dir='ltr'><strong>δ)</strong></span> <span class='ocrx_word' id='word_1_215' title='bbox 3620 1539 3743 1599; x_wconf 73' lang='grc' dir='ltr'>Οὐκ</span> <span class='ocrx_word' id='word_1_216' title='bbox 3794 1539 3868 1598; x_wconf 77' lang='grc' dir='ltr'><strong>εἴ·</strong></span> 
     </span>
    </p>
   </div>
   <div class='ocr_carea' id='block_1_31' title="bbox 2201 1625 3865 1700">
    <p class='ocr_par' dir='ltr' id='par_1_31' title="bbox 2201 1625 3865 1700">
     <span class='ocr_line' id='line_1_31' title="bbox 2201 1625 3865 1700; baseline 0.003 -19"><span class='ocrx_word' id='word_1_217' title='bbox 2201 1645 2320 1696; x_wconf 89' lang='grc' dir='ltr'>πεν,</span> <span class='ocrx_word' id='word_1_218' title='bbox 2388 1627 2504 1684; x_wconf 88' lang='grc' dir='ltr'>Ἵνα</span> <span class='ocrx_word' id='word_1_219' title='bbox 2557 1625 2868 1698; x_wconf 85' lang='grc' dir='ltr'>συμπλακῶ</span> <span class='ocrx_word' id='word_1_220' title='bbox 2922 1627 3010 1683; x_wconf 86' lang='grc' dir='ltr'><strong>καὶ</strong></span> <span class='ocrx_word' id='word_1_221' title='bbox 3096 1629 3305 1698; x_wconf 86' lang='grc' dir='ltr'>νικήσω</span> <span class='ocrx_word' id='word_1_222' title='bbox 3382 1628 3613 1697; x_wconf 77' lang='grc' dir='ltr'>αὐτούς,</span> <span class='ocrx_word' id='word_1_223' title='bbox 3701 1626 3865 1700; x_wconf 69' lang='grc' dir='ltr'>ἀλλὰ,</span> 
     </span>
    </p>
   </div>
   <div class='ocr_carea' id='block_1_32' title="bbox 2207 1714 3870 1798">
    <p class='ocr_par' dir='ltr' id='par_1_32' title="bbox 2207 1714 3870 1798">
     <span class='ocr_line' id='line_1_32' title="bbox 2207 1714 3870 1798; baseline 0.007 -33"><span class='ocrx_word' id='word_1_224' title='bbox 2207 1740 2228 1765; x_wconf 74' lang='grc' dir='ltr'><strong>ε</strong></span> <span class='ocrx_word' id='word_1_225' title='bbox 2263 1716 2494 1785; x_wconf 79' lang='grc' dir='ltr'>Ῥυσθῶ,</span> <span class='ocrx_word' id='word_1_226' title='bbox 2530 1739 2558 1766; x_wconf 82' lang='grc'><strong>››</strong></span> <span class='ocrx_word' id='word_1_227' title='bbox 2597 1716 2740 1770; x_wconf 85' lang='grc' dir='ltr'>θεῖον</span> <span class='ocrx_word' id='word_1_228' title='bbox 2804 1714 2974 1791; x_wconf 90' lang='grc' dir='ltr'>νόμον</span> <span class='ocrx_word' id='word_1_229' title='bbox 3024 1720 3277 1792; x_wconf 78' lang='grc' dir='ltr'>πληρῶν,</span> <span class='ocrx_word' id='word_1_230' title='bbox 3333 1716 3392 1782; x_wconf 74' lang='grc' dir='ltr'><strong>ὅς</strong></span> <span class='ocrx_word' id='word_1_231' title='bbox 3436 1738 3641 1798; x_wconf 74' lang='grc' dir='ltr'>φησιν·</span> <span class='ocrx_word' id='word_1_232' title='bbox 3707 1743 3735 1772; x_wconf 77' lang='grc' dir='ltr'><strong>ιι</strong></span> <span class='ocrx_word' id='word_1_233' title='bbox 3766 1714 3870 1776; x_wconf 72' lang='lat' dir='ltr'><strong>E6-</strong></span> 
     </span>
    </p>
   </div>
   <div class='ocr_carea' id='block_1_33' title="bbox 3695 648 3863 722">
    <p class='ocr_par' dir='ltr' id='par_1_33' title="bbox 3695 648 3863 722">
     <span class='ocr_line' id='line_1_33' title="bbox 3695 648 3863 722; baseline 0 -19"><span class='ocrx_word' id='word_1_234' title='bbox 3695 648 3863 722; x_wconf 77' lang='grc' dir='ltr'>ὑμῶν.</span> 
     </span>
    </p>
   </div>
   <div class='ocr_carea' id='block_1_34' title="bbox 447 1803 2082 1906">
    <p class='ocr_par' dir='ltr' id='par_1_34' title="bbox 447 1804 2082 1880">
     <span class='ocr_line' id='line_1_34' title="bbox 447 1804 2082 1880; baseline -0.001 -16"><span class='ocrx_word' id='word_1_235' title='bbox 447 1805 754 1879; x_wconf 87' lang='lat' dir='ltr'><strong>complens</strong></span> <span class='ocrx_word' id='word_1_236' title='bbox 774 1805 965 1880; x_wconf 81' lang='lat' dir='ltr'><strong>legem</strong></span> <span class='ocrx_word' id='word_1_237' title='bbox 988 1821 1120 1878; x_wconf 66' lang='lat' dir='ltr'><strong>qua</strong></span> <span class='ocrx_word' id='word_1_238' title='bbox 1147 1804 1318 1863; x_wconf 90' lang='lat' dir='ltr'><strong>dicit:</strong></span> <span class='ocrx_word' id='word_1_239' title='bbox 1343 1828 1373 1856; x_wconf 88' lang='grc'><strong>‹‹</strong></span> <span class='ocrx_word' id='word_1_240' title='bbox 1397 1805 1644 1879; x_wconf 82' lang='lat' dir='ltr'><strong>Vigilate</strong></span> <span class='ocrx_word' id='word_1_241' title='bbox 1665 1811 1731 1862; x_wconf 90' lang='lat' dir='ltr'><strong>ut</strong></span> <span class='ocrx_word' id='word_1_242' title='bbox 1750 1823 1872 1863; x_wconf 90' lang='lat' dir='ltr'><strong>non</strong></span> <span class='ocrx_word' id='word_1_243' title='bbox 1903 1807 2082 1864; x_wconf 88' lang='lat' dir='ltr'><strong>intre-</strong></span> 
     </span>
    </p>
   </div>
   <div class='ocr_carea' id='block_1_35' title="bbox 2195 1803 3864 1906">
    <p class='ocr_par' dir='ltr' id='par_1_35' title="bbox 2202 1803 3864 1884">
     <span class='ocr_line' id='line_1_35' title="bbox 2202 1803 3864 1884; baseline 0.001 -24"><span class='ocrx_word' id='word_1_244' title='bbox 2202 1815 2365 1884; x_wconf 84' lang='grc' dir='ltr'>χεσθε</span> <span class='ocrx_word' id='word_1_245' title='bbox 2399 1806 2475 1880; x_wconf 82' lang='grc' dir='ltr'>μή</span> <span class='ocrx_word' id='word_1_246' title='bbox 2527 1803 2781 1878; x_wconf 68' lang='grc' dir='ltr'>ἐμπεσεῖν</span> <span class='ocrx_word' id='word_1_247' title='bbox 2840 1804 2915 1868; x_wconf 85' lang='grc' dir='ltr'><strong>εἰς</strong></span> <span class='ocrx_word' id='word_1_248' title='bbox 2970 1805 3289 1882; x_wconf 77' lang='grc' dir='ltr'>πειρασμόν.</span> <span class='ocrx_word' id='word_1_249' title='bbox 3327 1831 3356 1858; x_wconf 84' lang='grc'>››</span> <span class='ocrx_word' id='word_1_250' title='bbox 3388 1839 3454 1850; x_wconf 92' lang='lat'>—</span> <span class='ocrx_word' id='word_1_251' title='bbox 3487 1832 3515 1860; x_wconf 70' lang='grc' dir='ltr'><strong>υ</strong></span> <span class='ocrx_word' id='word_1_252' title='bbox 3557 1808 3716 1864; x_wconf 80' lang='grc' dir='ltr'><strong>Ἀπὸ</strong></span> <span class='ocrx_word' id='word_1_253' title='bbox 3762 1811 3864 1864; x_wconf 79' lang='grc' dir='ltr'><strong>τῶν</strong></span> 
     </span>
    </p>
   </div>
   <div class='ocr_carea' id='block_1_36' title="bbox 445 1894 2096 1969">
    <p class='ocr_par' dir='ltr' id='par_1_36' title="bbox 445 1894 2096 1969">
     <span class='ocr_line' id='line_1_36' title="bbox 445 1894 2096 1969; baseline 0.001 -18"><span class='ocrx_word' id='word_1_254' title='bbox 445 1895 521 1952; x_wconf 90' lang='lat' dir='ltr'><strong>tis</strong></span> <span class='ocrx_word' id='word_1_255' title='bbox 539 1896 1005 1953; x_wconf 88' lang='lat' dir='ltr'><strong>intentationem</strong></span> <span class='ocrx_word' id='word_1_256' title='bbox 1018 1895 1084 1950; x_wconf 78' lang='grc'><strong>⁸⁵.</strong></span> <span class='ocrx_word' id='word_1_257' title='bbox 1104 1917 1132 1944; x_wconf 88' lang='grc'><strong>››</strong></span> <span class='ocrx_word' id='word_1_258' title='bbox 1154 1925 1222 1937; x_wconf 91' lang='lat'><strong>-</strong></span> <span class='ocrx_word' id='word_1_259' title='bbox 1237 1917 1264 1944; x_wconf 78' lang='grc' dir='ltr'><strong>α</strong></span> <span class='ocrx_word' id='word_1_260' title='bbox 1281 1895 1367 1951; x_wconf 84' lang='lat' dir='ltr'><strong>Ab</strong></span> <span class='ocrx_word' id='word_1_261' title='bbox 1386 1894 1774 1951; x_wconf 85' lang='lat' dir='ltr'><strong>incredulis.»</strong></span> <span class='ocrx_word' id='word_1_262' title='bbox 1794 1895 2096 1969; x_wconf 79' lang='lat' dir='ltr'><strong>Signiﬁcat</strong></span> 
     </span>
    </p>
   </div>
   <div class='ocr_carea' id='block_1_37' title="bbox 444 1983 2093 2059">
    <p class='ocr_par' dir='ltr' id='par_1_37' title="bbox 444 1983 2093 2059">
     <span class='ocr_line' id='line_1_37' title="bbox 444 1983 2093 2059; baseline -0.001 -15"><span class='ocrx_word' id='word_1_263' title='bbox 444 1986 635 2044; x_wconf 87' lang='lat' dir='ltr'><strong>malos</strong></span> <span class='ocrx_word' id='word_1_264' title='bbox 663 1985 975 2056; x_wconf 88' lang='lat' dir='ltr'><strong>quosdam,</strong></span> <span class='ocrx_word' id='word_1_265' title='bbox 1005 1991 1063 2040; x_wconf 88' lang='lat' dir='ltr'><strong>et</strong></span> <span class='ocrx_word' id='word_1_266' title='bbox 1091 1983 1263 2056; x_wconf 89' lang='lat' dir='ltr'><strong>lupos</strong></span> <span class='ocrx_word' id='word_1_267' title='bbox 1289 1986 1476 2056; x_wconf 83' lang='lat' dir='ltr'><strong>magis</strong></span> <span class='ocrx_word' id='word_1_268' title='bbox 1498 2001 1674 2056; x_wconf 88' lang='lat' dir='ltr'><strong>quam</strong></span> <span class='ocrx_word' id='word_1_269' title='bbox 1698 1987 1974 2042; x_wconf 84' lang='lat' dir='ltr'><strong>homines</strong></span> <span class='ocrx_word' id='word_1_270' title='bbox 1992 1988 2093 2059; x_wconf 89' lang='lat' dir='ltr'><strong>qui</strong></span> 
     </span>
    </p>
   </div>
   <div class='ocr_carea' id='block_1_38' title="bbox 444 2073 2097 2148">
    <p class='ocr_par' dir='ltr' id='par_1_38' title="bbox 444 2073 2097 2148">
     <span class='ocr_line' id='line_1_38' title="bbox 444 2073 2097 2148; baseline 0 -16"><span class='ocrx_word' id='word_1_271' title='bbox 444 2075 558 2146; x_wconf 90' lang='lat' dir='ltr'><strong>ipsi</strong></span> <span class='ocrx_word' id='word_1_272' title='bbox 590 2074 853 2148; x_wconf 88' lang='lat' dir='ltr'><strong>paraturi</strong></span> <span class='ocrx_word' id='word_1_273' title='bbox 887 2081 1058 2129; x_wconf 89' lang='lat' dir='ltr'><strong>erant</strong></span> <span class='ocrx_word' id='word_1_274' title='bbox 1086 2073 1356 2131; x_wconf 90' lang='lat' dir='ltr'><strong>insidias.</strong></span> <span class='ocrx_word' id='word_1_275' title='bbox 1389 2096 1417 2123; x_wconf 72' lang='grc' dir='ltr'>«ι</span> <span class='ocrx_word' id='word_1_276' title='bbox 1451 2077 1772 2147; x_wconf 84' lang='lat' dir='ltr'><strong>Acceptum</strong></span> <span class='ocrx_word' id='word_1_277' title='bbox 1803 2077 1924 2132; x_wconf 82' lang='lat' dir='ltr'><strong>flat.</strong></span> <span class='ocrx_word' id='word_1_278' title='bbox 1963 2098 1989 2125; x_wconf 83' lang='lat'><strong>»</strong></span> <span class='ocrx_word' id='word_1_279' title='bbox 2024 2078 2097 2134; x_wconf 92' lang='lat' dir='ltr'><strong>Ut</strong></span> 
     </span>
    </p>
   </div>
   <div class='ocr_carea' id='block_1_39' title="bbox 446 2162 2096 2235">
    <p class='ocr_par' dir='ltr' id='par_1_39' title="bbox 446 2162 2096 2235">
     <span class='ocr_line' id='line_1_39' title="bbox 446 2162 2096 2235; baseline 0.002 -17"><span class='ocrx_word' id='word_1_280' title='bbox 446 2169 505 2219; x_wconf 87' lang='lat' dir='ltr'><strong>et</strong></span> <span class='ocrx_word' id='word_1_281' title='bbox 531 2162 725 2218; x_wconf 89' lang='lat' dir='ltr'><strong>hostia</strong></span> <span class='ocrx_word' id='word_1_282' title='bbox 754 2179 904 2228; x_wconf 88' lang='lat' dir='ltr'><strong>mea,</strong></span> <span class='ocrx_word' id='word_1_283' title='bbox 939 2163 1156 2234; x_wconf 88' lang='lat' dir='ltr'><strong>inquit,</strong></span> <span class='ocrx_word' id='word_1_284' title='bbox 1190 2167 1432 2235; x_wconf 86' lang='lat' dir='ltr'><strong>accepta</strong></span> <span class='ocrx_word' id='word_1_285' title='bbox 1463 2163 1539 2218; x_wconf 87' lang='lat' dir='ltr'><strong>sit</strong></span> <span class='ocrx_word' id='word_1_286' title='bbox 1567 2163 1726 2234; x_wconf 89' lang='lat' dir='ltr'><strong>apud</strong></span> <span class='ocrx_word' id='word_1_287' title='bbox 1783 2165 1989 2232; x_wconf 87' lang='lat' dir='ltr'><strong>Deum,</strong></span> <span class='ocrx_word' id='word_1_288' title='bbox 2035 2172 2096 2222; x_wconf 88' lang='lat' dir='ltr'><strong>et</strong></span> 
     </span>
    </p>
   </div>
   <div class='ocr_carea' id='block_1_40' title="bbox 445 2252 2093 2326">
    <p class='ocr_par' dir='ltr' id='par_1_40' title="bbox 445 2252 2093 2326">
     <span class='ocr_line' id='line_1_40' title="bbox 445 2252 2093 2326; baseline 0.002 -18"><span class='ocrx_word' id='word_1_289' title='bbox 445 2259 512 2308; x_wconf 94' lang='lat' dir='ltr'><strong>ut</strong></span> <span class='ocrx_word' id='word_1_290' title='bbox 540 2253 650 2324; x_wconf 88' lang='lat' dir='ltr'><strong>ipsi</strong></span> <span class='ocrx_word' id='word_1_291' title='bbox 685 2269 818 2308; x_wconf 89' lang='lat' dir='ltr'><strong>cum</strong></span> <span class='ocrx_word' id='word_1_292' title='bbox 849 2260 1122 2324; x_wconf 89' lang='lat' dir='ltr'><strong>prompto</strong></span> <span class='ocrx_word' id='word_1_293' title='bbox 1152 2252 1353 2308; x_wconf 89' lang='lat' dir='ltr'><strong>animo</strong></span> <span class='ocrx_word' id='word_1_294' title='bbox 1384 2257 1444 2307; x_wconf 90' lang='lat' dir='ltr'><strong>et</strong></span> <span class='ocrx_word' id='word_1_295' title='bbox 1489 2253 1814 2326; x_wconf 81' lang='lat' dir='ltr'><strong>gratiarum</strong></span> <span class='ocrx_word' id='word_1_296' title='bbox 1861 2255 2093 2311; x_wconf 82' lang='lat' dir='ltr'><strong>actione</strong></span> 
     </span>
    </p>
   </div>
   <div class='ocr_carea' id='block_1_41' title="bbox 446 2340 2090 2416">
    <p class='ocr_par' dir='ltr' id='par_1_41' title="bbox 446 2340 2090 2416">
     <span class='ocr_line' id='line_1_41' title="bbox 446 2340 2090 2416; baseline 0.001 -18"><span class='ocrx_word' id='word_1_297' title='bbox 446 2357 516 2398; x_wconf 86' lang='lat' dir='ltr'><strong>ea</strong></span> <span class='ocrx_word' id='word_1_298' title='bbox 533 2343 861 2414; x_wconf 89' lang='lat' dir='ltr'><strong>suscipiant</strong></span> <span class='ocrx_word' id='word_1_299' title='bbox 882 2359 1006 2413; x_wconf 57' lang='lat' dir='ltr'><strong>quae</strong></span> <span class='ocrx_word' id='word_1_300' title='bbox 1031 2358 1138 2416; x_wconf 90' lang='lat' dir='ltr'><strong>per</strong></span> <span class='ocrx_word' id='word_1_301' title='bbox 1163 2357 1256 2396; x_wconf 90' lang='lat' dir='ltr'><strong>me</strong></span> <span class='ocrx_word' id='word_1_302' title='bbox 1280 2340 1607 2397; x_wconf 85' lang='lat' dir='ltr'><strong>tradentur.</strong></span> <span class='ocrx_word' id='word_1_303' title='bbox 1635 2361 1656 2388; x_wconf 74' lang='grc' dir='ltr'><strong>ι</strong></span> <span class='ocrx_word' id='word_1_304' title='bbox 1685 2343 1757 2399; x_wconf 91' lang='lat' dir='ltr'><strong>Ut</strong></span> <span class='ocrx_word' id='word_1_305' title='bbox 1785 2343 1845 2398; x_wconf 91' lang='lat' dir='ltr'><strong>in</strong></span> <span class='ocrx_word' id='word_1_306' title='bbox 1877 2343 2090 2415; x_wconf 85' lang='lat' dir='ltr'><strong>gaudio</strong></span> 
     </span>
    </p>
   </div>
   <div class='ocr_carea' id='block_1_42' title="bbox 444 2430 2092 2502">
    <p class='ocr_par' dir='ltr' id='par_1_42' title="bbox 444 2430 2092 2502">
     <span class='ocr_line' id='line_1_42' title="bbox 444 2430 2092 2502; baseline 0.002 -16"><span class='ocrx_word' id='word_1_307' title='bbox 444 2431 697 2487; x_wconf 88' lang='lat' dir='ltr'><strong>veniam.</strong></span> <span class='ocrx_word' id='word_1_308' title='bbox 731 2454 759 2482; x_wconf 82' lang='lat'><strong>»</strong></span> <span class='ocrx_word' id='word_1_309' title='bbox 795 2433 937 2487; x_wconf 85' lang='lat' dir='ltr'><strong>Nam</strong></span> <span class='ocrx_word' id='word_1_310' title='bbox 971 2432 1019 2486; x_wconf 90' lang='lat' dir='ltr'><strong>si</strong></span> <span class='ocrx_word' id='word_1_311' title='bbox 1060 2431 1132 2486; x_wconf 88' lang='lat' dir='ltr'><strong>ab</strong></span> <span class='ocrx_word' id='word_1_312' title='bbox 1164 2430 1513 2496; x_wconf 87' lang='lat' dir='ltr'><strong>incredulis,</strong></span> <span class='ocrx_word' id='word_1_313' title='bbox 1548 2431 1764 2502; x_wconf 86' lang='lat' dir='ltr'><strong>inquit.</strong></span> <span class='ocrx_word' id='word_1_314' title='bbox 1807 2431 2092 2490; x_wconf 86' lang='lat' dir='ltr'><strong>liberatus</strong></span> 
     </span>
    </p>
   </div>
   <div class='ocr_carea' id='block_1_43' title="bbox 441 2520 2092 2595">
    <p class='ocr_par' dir='ltr' id='par_1_43' title="bbox 441 2520 2092 2595">
     <span class='ocr_line' id='line_1_43' title="bbox 441 2520 2092 2595; baseline 0.001 -19"><span class='ocrx_word' id='word_1_315' title='bbox 441 2520 632 2588; x_wconf 86' lang='lat' dir='ltr'><strong>fuero,</strong></span> <span class='ocrx_word' id='word_1_316' title='bbox 657 2520 1128 2576; x_wconf 87' lang='lat' dir='ltr'><strong>etministerium</strong></span> <span class='ocrx_word' id='word_1_317' title='bbox 1146 2536 1345 2578; x_wconf 89' lang='lat' dir='ltr'><strong>meum</strong></span> <span class='ocrx_word' id='word_1_318' title='bbox 1377 2529 1685 2591; x_wconf 88' lang='lat' dir='ltr'><strong>acceptum</strong></span> <span class='ocrx_word' id='word_1_319' title='bbox 1712 2520 1833 2586; x_wconf 82' lang='lat' dir='ltr'><strong>fiat,</strong></span> <span class='ocrx_word' id='word_1_320' title='bbox 1867 2523 1924 2576; x_wconf 89' lang='lat' dir='ltr'><strong>in</strong></span> <span class='ocrx_word' id='word_1_321' title='bbox 1949 2539 2092 2595; x_wconf 87' lang='lat' dir='ltr'><strong>gau-</strong></span> 
     </span>
    </p>
   </div>
   <div class='ocr_carea' id='block_1_44' title="bbox 443 2609 2089 2666">
    <p class='ocr_par' dir='ltr' id='par_1_44' title="bbox 443 2609 2089 2666">
     <span class='ocr_line' id='line_1_44' title="bbox 443 2609 2089 2666; baseline 0 -1"><span class='ocrx_word' id='word_1_322' title='bbox 443 2609 541 2666; x_wconf 90' lang='lat' dir='ltr'><strong>dio</strong></span> <span class='ocrx_word' id='word_1_323' title='bbox 573 2617 632 2666; x_wconf 90' lang='lat' dir='ltr'><strong>et</strong></span> <span class='ocrx_word' id='word_1_324' title='bbox 655 2627 775 2666; x_wconf 87' lang='lat' dir='ltr'><strong>non</strong></span> <span class='ocrx_word' id='word_1_325' title='bbox 807 2611 868 2664; x_wconf 91' lang='lat' dir='ltr'><strong>in</strong></span> <span class='ocrx_word' id='word_1_326' title='bbox 904 2611 1143 2665; x_wconf 85' lang='lat' dir='ltr'><strong>tristitia</strong></span> <span class='ocrx_word' id='word_1_327' title='bbox 1197 2609 1450 2664; x_wconf 86' lang='lat' dir='ltr'><strong>veniam.</strong></span> <span class='ocrx_word' id='word_1_328' title='bbox 1504 2631 1531 2659; x_wconf 91' lang='grc'><strong>‹‹</strong></span> <span class='ocrx_word' id='word_1_329' title='bbox 1565 2611 1674 2663; x_wconf 86' lang='lat' dir='ltr'><strong>Per</strong></span> <span class='ocrx_word' id='word_1_330' title='bbox 1726 2610 2089 2666; x_wconf 71' lang='lat' dir='ltr'><strong>voluntatem</strong></span> 
     </span>
    </p>
   </div>
   <div class='ocr_carea' id='block_1_45' title="bbox 440 2698 2088 2764">
    <p class='ocr_par' dir='ltr' id='par_1_45' title="bbox 440 2698 2088 2764">
     <span class='ocr_line' id='line_1_45' title="bbox 440 2698 2088 2764; baseline 0.001 -9"><span class='ocrx_word' id='word_1_331' title='bbox 440 2700 564 2755; x_wconf 88' lang='lat' dir='ltr'><strong>Dei.</strong></span> <span class='ocrx_word' id='word_1_332' title='bbox 597 2721 625 2750; x_wconf 84' lang='grc'><strong>››</strong></span> <span class='ocrx_word' id='word_1_333' title='bbox 659 2698 822 2764; x_wconf 89' lang='lat' dir='ltr'><strong>Quod</strong></span> <span class='ocrx_word' id='word_1_334' title='bbox 854 2699 926 2754; x_wconf 89' lang='lat' dir='ltr'><strong>ab</strong></span> <span class='ocrx_word' id='word_1_335' title='bbox 959 2699 1129 2753; x_wconf 86' lang='lat' dir='ltr'><strong>initio</strong></span> <span class='ocrx_word' id='word_1_336' title='bbox 1160 2698 1327 2760; x_wconf 87' lang='lat' dir='ltr'><strong>dixit,</strong></span> <span class='ocrx_word' id='word_1_337' title='bbox 1379 2698 1558 2752; x_wconf 88' lang='lat' dir='ltr'><strong>etiam</strong></span> <span class='ocrx_word' id='word_1_338' title='bbox 1608 2713 1781 2752; x_wconf 84' lang='lat' dir='ltr'><strong>nunc</strong></span> <span class='ocrx_word' id='word_1_339' title='bbox 1818 2699 1998 2754; x_wconf 87' lang='lat' dir='ltr'><strong>dicit:</strong></span> <span class='ocrx_word' id='word_1_340' title='bbox 2033 2701 2088 2756; x_wconf 91' lang='lat' dir='ltr'><strong>Si</strong></span> 
     </span>
    </p>
   </div>
   <div class='ocr_carea' id='block_1_46' title="bbox 440 2788 2091 2861">
    <p class='ocr_par' dir='ltr' id='par_1_46' title="bbox 440 2788 2091 2861">
     <span class='ocr_line' id='line_1_46' title="bbox 440 2788 2091 2861; baseline -0.001 -17"><span class='ocrx_word' id='word_1_341' title='bbox 440 2789 738 2861; x_wconf 89' lang='lat' dir='ltr'><strong>quomodo</strong></span> <span class='ocrx_word' id='word_1_342' title='bbox 761 2789 887 2858; x_wconf 86' lang='lat' dir='ltr'><strong>jam</strong></span> <span class='ocrx_word' id='word_1_343' title='bbox 923 2788 1162 2843; x_wconf 89' lang='lat' dir='ltr'><strong>tandem</strong></span> <span class='ocrx_word' id='word_1_344' title='bbox 1193 2804 1545 2859; x_wconf 90' lang='lat' dir='ltr'><strong>prosperum</strong></span> <span class='ocrx_word' id='word_1_345' title='bbox 1604 2788 1751 2842; x_wconf 77' lang='lat' dir='ltr'><strong>mihi</strong></span> <span class='ocrx_word' id='word_1_346' title='bbox 1802 2789 2091 2861; x_wconf 84' lang='lat' dir='ltr'><strong>conlingit</strong></span> 
     </span>
    </p>
   </div>
   <div class='ocr_carea' id='block_1_47' title="bbox 436 2874 2086 2949">
    <p class='ocr_par' dir='ltr' id='par_1_47' title="bbox 436 2874 2086 2949">
     <span class='ocr_line' id='line_1_47' title="bbox 436 2874 2086 2949; baseline 0.001 -18"><span class='ocrx_word' id='word_1_347' title='bbox 436 2878 551 2932; x_wconf 89' lang='lat' dir='ltr'><strong>iter</strong></span> <span class='ocrx_word' id='word_1_348' title='bbox 578 2894 686 2948; x_wconf 89' lang='lat' dir='ltr'><strong>per</strong></span> <span class='ocrx_word' id='word_1_349' title='bbox 713 2876 1074 2932; x_wconf 86' lang='lat' dir='ltr'><strong>voluntatem</strong></span> <span class='ocrx_word' id='word_1_350' title='bbox 1107 2877 1208 2930; x_wconf 91' lang='lat' dir='ltr'><strong>Dei</strong></span> <span class='ocrx_word' id='word_1_351' title='bbox 1240 2874 1514 2930; x_wconf 90' lang='lat' dir='ltr'><strong>veniendi</strong></span> <span class='ocrx_word' id='word_1_352' title='bbox 1543 2876 1618 2931; x_wconf 90' lang='lat' dir='ltr'><strong>ad</strong></span> <span class='ocrx_word' id='word_1_353' title='bbox 1648 2893 1767 2932; x_wconf 90' lang='lat' dir='ltr'><strong>vos.</strong></span> <span class='ocrx_word' id='word_1_354' title='bbox 1790 2898 1818 2927; x_wconf 85' lang='lat'><strong>«</strong></span> <span class='ocrx_word' id='word_1_355' title='bbox 1845 2878 2086 2949; x_wconf 88' lang='lat' dir='ltr'><strong>Unaque</strong></span> 
     </span>
    </p>
   </div>
   <div class='ocr_carea' id='block_1_48' title="bbox 440 2963 2087 3036">
    <p class='ocr_par' dir='ltr' id='par_1_48' title="bbox 440 2963 2087 3036">
     <span class='ocr_line' id='line_1_48' title="bbox 440 2963 2087 3036; baseline 0.002 -18"><span class='ocrx_word' id='word_1_356' title='bbox 440 2965 743 3020; x_wconf 86' lang='lat' dir='ltr'><strong>vobiscum</strong></span> <span class='ocrx_word' id='word_1_357' title='bbox 775 2964 1094 3020; x_wconf 83' lang='lat' dir='ltr'><strong>refociller.</strong></span> <span class='ocrx_word' id='word_1_358' title='bbox 1125 2986 1154 3015; x_wconf 84' lang='lat'><strong>»</strong></span> <span class='ocrx_word' id='word_1_359' title='bbox 1193 2963 1366 3020; x_wconf 87' lang='lat' dir='ltr'><strong>Vides</strong></span> <span class='ocrx_word' id='word_1_360' title='bbox 1398 2981 1575 3036; x_wconf 89' lang='lat' dir='ltr'><strong>quam</strong></span> <span class='ocrx_word' id='word_1_361' title='bbox 1608 2982 1641 3020; x_wconf 89' lang='lat' dir='ltr'><strong>a</strong></span> <span class='ocrx_word' id='word_1_362' title='bbox 1670 2965 1824 3021; x_wconf 86' lang='lat' dir='ltr'><strong>fastu</strong></span> <span class='ocrx_word' id='word_1_363' title='bbox 1855 2966 2087 3022; x_wconf 90' lang='lat' dir='ltr'><strong>alienus</strong></span> 
     </span>
    </p>
   </div>
   <div class='ocr_carea' id='block_1_49' title="bbox 435 3053 2082 3122">
    <p class='ocr_par' dir='ltr' id='par_1_49' title="bbox 435 3053 2082 3122">
     <span class='ocr_line' id='line_1_49' title="bbox 435 3053 2082 3122; baseline 0.001 -12"><span class='ocrx_word' id='word_1_364' title='bbox 435 3053 558 3110; x_wconf 82' lang='lat' dir='ltr'><strong>sit?</strong></span> <span class='ocrx_word' id='word_1_365' title='bbox 583 3056 709 3111; x_wconf 86' lang='lat' dir='ltr'><strong>Non</strong></span> <span class='ocrx_word' id='word_1_366' title='bbox 741 3055 900 3109; x_wconf 90' lang='lat' dir='ltr'><strong>enim</strong></span> <span class='ocrx_word' id='word_1_367' title='bbox 933 3053 1099 3120; x_wconf 83' lang='lat' dir='ltr'><strong>dixit,</strong></span> <span class='ocrx_word' id='word_1_368' title='bbox 1148 3053 1400 3110; x_wconf 90' lang='lat' dir='ltr'><strong>Doceam</strong></span> <span class='ocrx_word' id='word_1_369' title='bbox 1429 3071 1554 3121; x_wconf 89' lang='lat' dir='ltr'><strong>vos,</strong></span> <span class='ocrx_word' id='word_1_370' title='bbox 1589 3061 1710 3122; x_wconf 90' lang='lat' dir='ltr'><strong>aut,</strong></span> <span class='ocrx_word' id='word_1_371' title='bbox 1766 3055 2082 3122; x_wconf 88' lang='lat' dir='ltr'><strong>Instruam,</strong></span> 
     </span>
    </p>
   </div>
   <div class='ocr_carea' id='block_1_50' title="bbox 433 3143 2081 3216">
    <p class='ocr_par' dir='ltr' id='par_1_50' title="bbox 433 3143 2081 3216">
     <span class='ocr_line' id='line_1_50' title="bbox 433 3143 2081 3216; baseline -0.001 -14"><span class='ocrx_word' id='word_1_372' title='bbox 433 3144 537 3202; x_wconf 81' lang='lat' dir='ltr'><strong>sed</strong></span> <span class='ocrx_word' id='word_1_373' title='bbox 569 3165 599 3194; x_wconf 85' lang='grc'><strong>‹‹</strong></span> <span class='ocrx_word' id='word_1_374' title='bbox 630 3143 965 3210; x_wconf 81' lang='lat' dir='ltr'><strong>Refociller,</strong></span> <span class='ocrx_word' id='word_1_375' title='bbox 997 3166 1026 3192; x_wconf 83' lang='lat'><strong>»</strong></span> <span class='ocrx_word' id='word_1_376' title='bbox 1057 3144 1170 3199; x_wconf 86' lang='lat' dir='ltr'><strong>hoc</strong></span> <span class='ocrx_word' id='word_1_377' title='bbox 1199 3150 1308 3212; x_wconf 87' lang='lat' dir='ltr'><strong>est,</strong></span> <span class='ocrx_word' id='word_1_378' title='bbox 1343 3160 1443 3198; x_wconf 89' lang='lat' dir='ltr'><strong>vos</strong></span> <span class='ocrx_word' id='word_1_379' title='bbox 1474 3146 1536 3199; x_wconf 92' lang='lat' dir='ltr'><strong>in</strong></span> <span class='ocrx_word' id='word_1_380' title='bbox 1569 3161 1662 3200; x_wconf 91' lang='lat' dir='ltr'><strong>me</strong></span> <span class='ocrx_word' id='word_1_381' title='bbox 1714 3161 1820 3216; x_wconf 90' lang='lat' dir='ltr'><strong>per</strong></span> <span class='ocrx_word' id='word_1_382' title='bbox 1866 3145 2081 3202; x_wconf 84' lang='lat' dir='ltr'><strong>doctri-</strong></span> 
     </span>
    </p>
   </div>
   <div class='ocr_carea' id='block_1_51' title="bbox 432 3235 2078 3309">
    <p class='ocr_par' dir='ltr' id='par_1_51' title="bbox 432 3235 2078 3309">
     <span class='ocr_line' id='line_1_51' title="bbox 432 3235 2078 3309; baseline 0.001 -18"><span class='ocrx_word' id='word_1_383' title='bbox 432 3251 592 3300; x_wconf 88' lang='lat' dir='ltr'><strong>nam,</strong></span> <span class='ocrx_word' id='word_1_384' title='bbox 630 3243 686 3291; x_wconf 88' lang='lat' dir='ltr'><strong>et</strong></span> <span class='ocrx_word' id='word_1_385' title='bbox 717 3252 821 3309; x_wconf 86' lang='lat' dir='ltr'><strong>ego</strong></span> <span class='ocrx_word' id='word_1_386' title='bbox 852 3236 915 3291; x_wconf 89' lang='lat' dir='ltr'><strong>in</strong></span> <span class='ocrx_word' id='word_1_387' title='bbox 949 3235 1111 3291; x_wconf 90' lang='lat' dir='ltr'><strong>vobis</strong></span> <span class='ocrx_word' id='word_1_388' title='bbox 1142 3251 1248 3307; x_wconf 90' lang='lat' dir='ltr'><strong>per</strong></span> <span class='ocrx_word' id='word_1_389' title='bbox 1277 3235 1415 3291; x_wconf 82' lang='lat' dir='ltr'><strong>ﬁdei</strong></span> <span class='ocrx_word' id='word_1_390' title='bbox 1449 3236 1826 3292; x_wconf 81' lang='lat' dir='ltr'><strong>traditionem</strong></span> <span class='ocrx_word' id='word_1_391' title='bbox 1853 3254 1867 3292; x_wconf 88' lang='lat'><strong>:</strong></span> <span class='ocrx_word' id='word_1_392' title='bbox 1918 3237 2078 3309; x_wconf 90' lang='lat' dir='ltr'><strong>quod</strong></span> 
     </span>
    </p>
   </div>
   <div class='ocr_carea' id='block_1_52' title="bbox 434 3324 2077 3390">
    <p class='ocr_par' dir='ltr' id='par_1_52' title="bbox 434 3324 2077 3390">
     <span class='ocr_line' id='line_1_52' title="bbox 434 3324 2077 3390; baseline 0 -10"><span class='ocrx_word' id='word_1_393' title='bbox 434 3325 609 3382; x_wconf 88' lang='lat' dir='ltr'><strong>etiam</strong></span> <span class='ocrx_word' id='word_1_394' title='bbox 644 3325 802 3380; x_wconf 89' lang='lat' dir='ltr'><strong>circa</strong></span> <span class='ocrx_word' id='word_1_395' title='bbox 832 3324 1003 3380; x_wconf 91' lang='lat' dir='ltr'><strong>initia</strong></span> <span class='ocrx_word' id='word_1_396' title='bbox 1060 3324 1308 3390; x_wconf 82' lang='lat' dir='ltr'><strong>dixerat,</strong></span> <span class='ocrx_word' id='word_1_397' title='bbox 1354 3325 1467 3379; x_wconf 92' lang='lat' dir='ltr'><strong>hoc</strong></span> <span class='ocrx_word' id='word_1_398' title='bbox 1513 3331 1711 3382; x_wconf 85' lang='lat' dir='ltr'><strong>autem</strong></span> <span class='ocrx_word' id='word_1_399' title='bbox 1761 3331 1851 3381; x_wconf 90' lang='lat' dir='ltr'><strong>est</strong></span> <span class='ocrx_word' id='word_1_400' title='bbox 1898 3326 2077 3382; x_wconf 90' lang='lat' dir='ltr'><strong>simul</strong></span> 
     </span>
    </p>
   </div>
   <div class='ocr_carea' id='block_1_53' title="bbox 435 3413 2078 3484">
    <p class='ocr_par' dir='ltr' id='par_1_53' title="bbox 435 3413 2078 3484">
     <span class='ocr_line' id='line_1_53' title="bbox 435 3413 2078 3484; baseline 0.002 -16"><span class='ocrx_word' id='word_1_401' title='bbox 435 3413 904 3469; x_wconf 86' lang='lat' dir='ltr'><strong>consolationem</strong></span> <span class='ocrx_word' id='word_1_402' title='bbox 936 3413 1202 3484; x_wconf 89' lang='lat' dir='ltr'><strong>accipere</strong></span> <span class='ocrx_word' id='word_1_403' title='bbox 1232 3429 1338 3484; x_wconf 89' lang='lat' dir='ltr'><strong>per</strong></span> <span class='ocrx_word' id='word_1_404' title='bbox 1358 3420 1625 3469; x_wconf 89' lang='lat' dir='ltr'><strong>mutuam</strong></span> <span class='ocrx_word' id='word_1_405' title='bbox 1654 3414 1853 3470; x_wconf 77' lang='lat' dir='ltr'><strong>ﬁdem.</strong></span> <span class='ocrx_word' id='word_1_406' title='bbox 1875 3437 1904 3464; x_wconf 84' lang='lat'><strong><em>«</em></strong></span> <span class='ocrx_word' id='word_1_407' title='bbox 1926 3416 2078 3472; x_wconf 89' lang='lat' dir='ltr'><strong>Deus</strong></span> 
     </span>
    </p>
   </div>
   <div class='ocr_carea' id='block_1_54' title="bbox 436 3501 2079 3574">
    <p class='ocr_par' dir='ltr' id='par_1_54' title="bbox 436 3501 2079 3574">
     <span class='ocr_line' id='line_1_54' title="bbox 436 3501 2079 3574; baseline 0.001 -16"><span class='ocrx_word' id='word_1_408' title='bbox 436 3508 634 3558; x_wconf 90' lang='lat' dir='ltr'><strong>autem</strong></span> <span class='ocrx_word' id='word_1_409' title='bbox 665 3501 829 3574; x_wconf 86' lang='lat' dir='ltr'><strong>pacis</strong></span> <span class='ocrx_word' id='word_1_410' title='bbox 855 3503 933 3557; x_wconf 89' lang='lat' dir='ltr'><strong>sit</strong></span> <span class='ocrx_word' id='word_1_411' title='bbox 961 3518 1094 3558; x_wconf 87' lang='lat' dir='ltr'><strong>cum</strong></span> <span class='ocrx_word' id='word_1_412' title='bbox 1125 3501 1402 3557; x_wconf 91' lang='lat' dir='ltr'><strong>omnibus</strong></span> <span class='ocrx_word' id='word_1_413' title='bbox 1431 3501 1613 3557; x_wconf 90' lang='lat' dir='ltr'><strong>vobis.</strong></span> <span class='ocrx_word' id='word_1_414' title='bbox 1649 3523 1678 3551; x_wconf 87' lang='grc'><strong>››</strong></span> <span class='ocrx_word' id='word_1_415' title='bbox 1711 3505 1828 3557; x_wconf 83' lang='grc' dir='ltr'>Ηοο</span> <span class='ocrx_word' id='word_1_416' title='bbox 1855 3502 2079 3574; x_wconf 86' lang='lat' dir='ltr'><strong>ubique</strong></span> 
     </span>
    </p>
   </div>
   <div class='ocr_carea' id='block_1_55' title="bbox 439 3589 2077 3663">
    <p class='ocr_par' dir='ltr' id='par_1_55' title="bbox 439 3589 2077 3663">
     <span class='ocr_line' id='line_1_55' title="bbox 439 3589 2077 3663; baseline -0.001 -14"><span class='ocrx_word' id='word_1_417' title='bbox 439 3591 623 3650; x_wconf 90' lang='lat' dir='ltr'><strong>Paulo</strong></span> <span class='ocrx_word' id='word_1_418' title='bbox 654 3591 836 3648; x_wconf 90' lang='lat' dir='ltr'><strong>moris</strong></span> <span class='ocrx_word' id='word_1_419' title='bbox 865 3596 956 3647; x_wconf 91' lang='lat' dir='ltr'><strong>est</strong></span> <span class='ocrx_word' id='word_1_420' title='bbox 1006 3591 1411 3662; x_wconf 85' lang='lat' dir='ltr'><strong>precationem</strong></span> <span class='ocrx_word' id='word_1_421' title='bbox 1454 3589 1845 3647; x_wconf 86' lang='lat' dir='ltr'><strong>admonitioni</strong></span> <span class='ocrx_word' id='word_1_422' title='bbox 1893 3591 2077 3663; x_wconf 83' lang='lat' dir='ltr'><strong>subji-</strong></span> 
     </span>
    </p>
   </div>
   <div class='ocr_carea' id='block_1_56' title="bbox 436 3697 592 3741">
    <p class='ocr_par' dir='ltr' id='par_1_56' title="bbox 436 3697 592 3741">
     <span class='ocr_line' id='line_1_56' title="bbox 436 3697 592 3741; baseline -0.019 0"><span class='ocrx_word' id='word_1_423' title='bbox 436 3697 592 3741; x_wconf 82' lang='lat' dir='ltr'><strong>cere.</strong></span> 
     </span>
    </p>
   </div>
   <div class='ocr_carea' id='block_1_57' title="bbox 506 3769 2075 3840">
    <p class='ocr_par' dir='ltr' id='par_1_57' title="bbox 506 3769 2075 3840">
     <span class='ocr_line' id='line_1_57' title="bbox 506 3769 2075 3840; baseline -0.002 -11"><span class='ocrx_word' id='word_1_424' title='bbox 506 3772 656 3840; x_wconf 81' lang='lat' dir='ltr'><strong>XVI,</strong></span> <span class='ocrx_word' id='word_1_425' title='bbox 685 3774 799 3828; x_wconf 84' lang='grc'><strong>1-5.</strong></span> <span class='ocrx_word' id='word_1_426' title='bbox 835 3794 860 3823; x_wconf 78' lang='grc' dir='ltr'><strong>ιι</strong></span> <span class='ocrx_word' id='word_1_427' title='bbox 900 3769 1260 3827; x_wconf 89' lang='lat' dir='ltr'><strong>Commendo</strong></span> <span class='ocrx_word' id='word_1_428' title='bbox 1289 3774 1488 3826; x_wconf 88' lang='lat' dir='ltr'><strong>autem</strong></span> <span class='ocrx_word' id='word_1_429' title='bbox 1516 3769 1682 3826; x_wconf 86' lang='lat' dir='ltr'><strong>vobis</strong></span> <span class='ocrx_word' id='word_1_430' title='bbox 1707 3770 1964 3827; x_wconf 73' lang='lat' dir='ltr'><strong>Phceben</strong></span> <span class='ocrx_word' id='word_1_431' title='bbox 1986 3787 2075 3826; x_wconf 87' lang='lat' dir='ltr'><strong>so-</strong></span> 
     </span>
    </p>
   </div>
   <div class='ocr_carea' id='block_1_58' title="bbox 432 3860 2073 3934">
    <p class='ocr_par' dir='ltr' id='par_1_58' title="bbox 432 3860 2073 3934">
     <span class='ocr_line' id='line_1_58' title="bbox 432 3860 2073 3934; baseline 0.001 -18"><span class='ocrx_word' id='word_1_432' title='bbox 432 3886 461 3916; x_wconf 77' lang='grc' dir='ltr'><strong>α</strong></span> <span class='ocrx_word' id='word_1_433' title='bbox 491 3878 688 3918; x_wconf 89' lang='lat' dir='ltr'><strong>rorem</strong></span> <span class='ocrx_word' id='word_1_434' title='bbox 723 3869 1008 3924; x_wconf 88' lang='lat' dir='ltr'><strong>nostram,</strong></span> <span class='ocrx_word' id='word_1_435' title='bbox 1043 3877 1174 3934; x_wconf 72' lang='lat' dir='ltr'><strong>quas</strong></span> <span class='ocrx_word' id='word_1_436' title='bbox 1207 3867 1296 3916; x_wconf 90' lang='lat' dir='ltr'><strong>est</strong></span> <span class='ocrx_word' id='word_1_437' title='bbox 1318 3861 1594 3917; x_wconf 85' lang='lat' dir='ltr'><strong>ministra</strong></span> <span class='ocrx_word' id='word_1_438' title='bbox 1626 3860 1896 3916; x_wconf 71' lang='lat' dir='ltr'><strong>Ecclesiae</strong></span> <span class='ocrx_word' id='word_1_439' title='bbox 1927 3861 2073 3918; x_wconf 89' lang='lat' dir='ltr'><strong>Cen-</strong></span> 
     </span>
    </p>
   </div>
   <div class='ocr_carea' id='block_1_59' title="bbox 429 3951 2075 4022">
    <p class='ocr_par' dir='ltr' id='par_1_59' title="bbox 429 3951 2075 4022">
     <span class='ocr_line' id='line_1_59' title="bbox 429 3951 2075 4022; baseline 0.001 -17"><span class='ocrx_word' id='word_1_440' title='bbox 429 3975 459 4005; x_wconf 84' lang='lat'><strong><em>«</em></strong></span> <span class='ocrx_word' id='word_1_441' title='bbox 490 3952 831 4009; x_wconf 84' lang='lat' dir='ltr'><strong>chreensis:</strong></span> <span class='ocrx_word' id='word_1_442' title='bbox 864 3957 928 4006; x_wconf 89' lang='lat' dir='ltr'><strong>ut</strong></span> <span class='ocrx_word' id='word_1_443' title='bbox 957 3951 1122 4006; x_wconf 90' lang='lat' dir='ltr'><strong>illam</strong></span> <span class='ocrx_word' id='word_1_444' title='bbox 1157 3951 1495 4022; x_wconf 86' lang='lat' dir='ltr'><strong>suscipiatis</strong></span> <span class='ocrx_word' id='word_1_445' title='bbox 1525 3951 1586 4005; x_wconf 91' lang='lat' dir='ltr'><strong>in</strong></span> <span class='ocrx_word' id='word_1_446' title='bbox 1617 3951 1880 4014; x_wconf 86' lang='lat' dir='ltr'><strong>Domino,</strong></span> <span class='ocrx_word' id='word_1_447' title='bbox 1913 3951 2075 4006; x_wconf 89' lang='lat' dir='ltr'><strong>itaut</strong></span> 
     </span>
    </p>
   </div>
   <div class='ocr_carea' id='block_1_60' title="bbox 425 4041 2074 4115">
    <p class='ocr_par' dir='ltr' id='par_1_60' title="bbox 425 4041 2074 4115">
     <span class='ocr_line' id='line_1_60' title="bbox 425 4041 2074 4115; baseline 0.002 -21"><span class='ocrx_word' id='word_1_448' title='bbox 425 4065 456 4094; x_wconf 74' lang='grc' dir='ltr'>(ι</span> <span class='ocrx_word' id='word_1_449' title='bbox 489 4042 659 4099; x_wconf 87' lang='lat' dir='ltr'><strong>decet</strong></span> <span class='ocrx_word' id='word_1_450' title='bbox 688 4047 946 4105; x_wconf 87' lang='lat' dir='ltr'><strong>sanctos,</strong></span> <span class='ocrx_word' id='word_1_451' title='bbox 980 4047 1040 4098; x_wconf 90' lang='lat' dir='ltr'><strong>et</strong></span> <span class='ocrx_word' id='word_1_452' title='bbox 1069 4041 1277 4097; x_wconf 89' lang='lat' dir='ltr'><strong>adsitis</strong></span> <span class='ocrx_word' id='word_1_453' title='bbox 1309 4041 1360 4096; x_wconf 93' lang='lat' dir='ltr'><strong>ei</strong></span> <span class='ocrx_word' id='word_1_454' title='bbox 1393 4041 1454 4096; x_wconf 90' lang='lat' dir='ltr'><strong>in</strong></span> <span class='ocrx_word' id='word_1_455' title='bbox 1495 4057 1854 4112; x_wconf 89' lang='lat' dir='ltr'><strong>quocunque</strong></span> <span class='ocrx_word' id='word_1_456' title='bbox 1893 4058 2074 4115; x_wconf 86' lang='lat' dir='ltr'><strong>nego-</strong></span> 
     </span>
    </p>
   </div>
   <div class='ocr_carea' id='block_1_61' title="bbox 424 4131 2072 4204">
    <p class='ocr_par' dir='ltr' id='par_1_61' title="bbox 424 4131 2072 4204">
     <span class='ocr_line' id='line_1_61' title="bbox 424 4131 2072 4204; baseline 0.001 -20"><span class='ocrx_word' id='word_1_457' title='bbox 424 4155 452 4184; x_wconf 74' lang='grc' dir='ltr'><strong>α</strong></span> <span class='ocrx_word' id='word_1_458' title='bbox 487 4132 567 4188; x_wconf 88' lang='lat' dir='ltr'><strong>tio</strong></span> <span class='ocrx_word' id='word_1_459' title='bbox 598 4132 764 4189; x_wconf 91' lang='lat' dir='ltr'><strong>vobis</strong></span> <span class='ocrx_word' id='word_1_460' title='bbox 795 4131 1039 4204; x_wconf 83' lang='lat' dir='ltr'><strong>eguerit.</strong></span> <span class='ocrx_word' id='word_1_461' title='bbox 1077 4132 1210 4186; x_wconf 58' lang='lat' dir='ltr'><strong>Hinc</strong></span> <span class='ocrx_word' id='word_1_462' title='bbox 1243 4131 1400 4185; x_wconf 90' lang='lat' dir='ltr'><strong>enim</strong></span> <span class='ocrx_word' id='word_1_463' title='bbox 1434 4137 1493 4186; x_wconf 92' lang='lat' dir='ltr'><strong>et</strong></span> <span class='ocrx_word' id='word_1_464' title='bbox 1533 4131 1740 4188; x_wconf 89' lang='lat' dir='ltr'><strong>multis</strong></span> <span class='ocrx_word' id='word_1_465' title='bbox 1779 4132 1968 4186; x_wconf 86' lang='lat' dir='ltr'><strong>astitit</strong></span> <span class='ocrx_word' id='word_1_466' title='bbox 2017 4136 2072 4188; x_wconf 88' lang='lat' dir='ltr'><strong>et</strong></span> 
     </span>
    </p>
   </div>
   <div class='ocr_carea' id='block_1_62' title="bbox 428 4219 2069 4294">
    <p class='ocr_par' dir='ltr' id='par_1_62' title="bbox 428 4219 2069 4294">
     <span class='ocr_line' id='line_1_62' title="bbox 428 4219 2069 4294; baseline 0.002 -20"><span class='ocrx_word' id='word_1_467' title='bbox 428 4242 450 4274; x_wconf 76' lang='grc' dir='ltr'><strong>α</strong></span> <span class='ocrx_word' id='word_1_468' title='bbox 481 4221 630 4279; x_wconf 86' lang='lat' dir='ltr'><strong>mihi</strong></span> <span class='ocrx_word' id='word_1_469' title='bbox 661 4221 809 4294; x_wconf 88' lang='lat' dir='ltr'><strong>ipsi:</strong></span> <span class='ocrx_word' id='word_1_470' title='bbox 846 4221 1106 4277; x_wconf 87' lang='lat' dir='ltr'><strong>Salutate</strong></span> <span class='ocrx_word' id='word_1_471' title='bbox 1138 4221 1468 4276; x_wconf 87' lang='lat' dir='ltr'><strong>Priscillam</strong></span> <span class='ocrx_word' id='word_1_472' title='bbox 1502 4226 1560 4274; x_wconf 88' lang='lat' dir='ltr'><strong>et</strong></span> <span class='ocrx_word' id='word_1_473' title='bbox 1590 4220 1866 4293; x_wconf 82' lang='lat' dir='ltr'><strong>Aquilam</strong></span> <span class='ocrx_word' id='word_1_474' title='bbox 1898 4219 2069 4290; x_wconf 85' lang='lat' dir='ltr'><strong>adju-</strong></span> 
     </span>
    </p>
   </div>
   <div class='ocr_carea' id='block_1_63' title="bbox 422 4308 2069 4380">
    <p class='ocr_par' dir='ltr' id='par_1_63' title="bbox 422 4308 2069 4380">
     <span class='ocr_line' id='line_1_63' title="bbox 422 4308 2069 4380; baseline 0.002 -19"><span class='ocrx_word' id='word_1_475' title='bbox 422 4333 450 4361; x_wconf 77' lang='grc' dir='ltr'><strong>α</strong></span> <span class='ocrx_word' id='word_1_476' title='bbox 483 4317 643 4368; x_wconf 88' lang='lat' dir='ltr'><strong>tores</strong></span> <span class='ocrx_word' id='word_1_477' title='bbox 676 4326 839 4366; x_wconf 88' lang='lat' dir='ltr'><strong>meos</strong></span> <span class='ocrx_word' id='word_1_478' title='bbox 869 4311 933 4366; x_wconf 91' lang='lat' dir='ltr'><strong>in</strong></span> <span class='ocrx_word' id='word_1_479' title='bbox 965 4309 1216 4373; x_wconf 87' lang='lat' dir='ltr'><strong>Christo,</strong></span> <span class='ocrx_word' id='word_1_480' title='bbox 1252 4309 1352 4380; x_wconf 92' lang='lat' dir='ltr'><strong>qui</strong></span> <span class='ocrx_word' id='word_1_481' title='bbox 1380 4325 1485 4380; x_wconf 88' lang='lat' dir='ltr'><strong>pro</strong></span> <span class='ocrx_word' id='word_1_482' title='bbox 1509 4308 1710 4363; x_wconf 89' lang='lat' dir='ltr'><strong>anima</strong></span> <span class='ocrx_word' id='word_1_483' title='bbox 1740 4325 1873 4364; x_wconf 89' lang='lat' dir='ltr'><strong>mea</strong></span> <span class='ocrx_word' id='word_1_484' title='bbox 1902 4325 2069 4364; x_wconf 89' lang='lat' dir='ltr'><strong>suam</strong></span> 
     </span>
    </p>
   </div>
   <div class='ocr_carea' id='block_1_64' title="bbox 425 4397 2070 4472">
    <p class='ocr_par' dir='ltr' id='par_1_64' title="bbox 425 4397 2070 4472">
     <span class='ocr_line' id='line_1_64' title="bbox 425 4397 2070 4472; baseline 0.002 -20"><span class='ocrx_word' id='word_1_485' title='bbox 425 4400 744 4472; x_wconf 78' lang='lat' dir='ltr'><strong>«ipsorum</strong></span> <span class='ocrx_word' id='word_1_486' title='bbox 795 4400 1082 4456; x_wconf 90' lang='lat' dir='ltr'><strong>cervicem</strong></span> <span class='ocrx_word' id='word_1_487' title='bbox 1149 4403 1633 4468; x_wconf 89' lang='lat' dir='ltr'><strong>supposuerunt:</strong></span> <span class='ocrx_word' id='word_1_488' title='bbox 1688 4397 1902 4469; x_wconf 91' lang='lat' dir='ltr'><strong>quibus</strong></span> <span class='ocrx_word' id='word_1_489' title='bbox 1950 4415 2070 4455; x_wconf 86' lang='lat' dir='ltr'><strong>non</strong></span> 
     </span>
    </p>
   </div>
   <div class='ocr_carea' id='block_1_65' title="bbox 432 4486 2068 4564">
    <p class='ocr_par' dir='ltr' id='par_1_65' title="bbox 432 4486 2068 4564">
     <span class='ocr_line' id='line_1_65' title="bbox 432 4486 2068 4564; baseline -0.003 -17"><span class='ocrx_word' id='word_1_490' title='bbox 432 4508 455 4538; x_wconf 73' lang='grc' dir='ltr'><strong>α</strong></span> <span class='ocrx_word' id='word_1_491' title='bbox 489 4491 653 4547; x_wconf 91' lang='lat' dir='ltr'><strong>solus</strong></span> <span class='ocrx_word' id='word_1_492' title='bbox 683 4507 787 4564; x_wconf 82' lang='lat' dir='ltr'><strong>ego</strong></span> <span class='ocrx_word' id='word_1_493' title='bbox 817 4489 1036 4562; x_wconf 80' lang='lat' dir='ltr'><strong>gratias</strong></span> <span class='ocrx_word' id='word_1_494' title='bbox 1087 4503 1217 4560; x_wconf 89' lang='lat' dir='ltr'><strong>ago,</strong></span> <span class='ocrx_word' id='word_1_495' title='bbox 1269 4486 1371 4542; x_wconf 89' lang='lat' dir='ltr'><strong>sed</strong></span> <span class='ocrx_word' id='word_1_496' title='bbox 1422 4492 1481 4541; x_wconf 92' lang='lat' dir='ltr'><strong>et</strong></span> <span class='ocrx_word' id='word_1_497' title='bbox 1536 4502 1743 4542; x_wconf 90' lang='lat' dir='ltr'><strong>omnes</strong></span> <span class='ocrx_word' id='word_1_498' title='bbox 1791 4486 2068 4543; x_wconf 63' lang='lat' dir='ltr'><strong>Ecclesiae</strong></span> 
     </span>
    </p>
   </div>
   <div class='ocr_carea' id='block_1_66' title="bbox 2199 1895 3868 1974">
    <p class='ocr_par' dir='ltr' id='par_1_66' title="bbox 2199 1895 3868 1974">
     <span class='ocr_line' id='line_1_66' title="bbox 2199 1895 3868 1974; baseline 0.003 -22"><span class='ocrx_word' id='word_1_499' title='bbox 2199 1895 2586 1955; x_wconf 82' lang='grc' dir='ltr'>ἀπειθούντων.</span> <span class='ocrx_word' id='word_1_500' title='bbox 2627 1923 2648 1949; x_wconf 79' lang='grc' dir='ltr'><strong>ι</strong></span> <span class='ocrx_word' id='word_1_501' title='bbox 2684 1896 2948 1971; x_wconf 84' lang='grc' dir='ltr'>Σημαίνει</span> <span class='ocrx_word' id='word_1_502' title='bbox 2979 1898 3253 1974; x_wconf 89' lang='grc' dir='ltr'>πονηρούς</span> <span class='ocrx_word' id='word_1_503' title='bbox 3284 1921 3454 1966; x_wconf 83' lang='grc' dir='ltr'>τινας,</span> <span class='ocrx_word' id='word_1_504' title='bbox 3503 1900 3606 1957; x_wconf 81' lang='grc' dir='ltr'><strong>καὶ</strong></span> <span class='ocrx_word' id='word_1_505' title='bbox 3668 1900 3868 1966; x_wconf 82' lang='grc' dir='ltr'>λύκους</span> 
     </span>
    </p>
   </div>
   <div class='ocr_carea' id='block_1_67' title="bbox 2201 1984 3864 2060">
    <p class='ocr_par' dir='ltr' id='par_1_67' title="bbox 2201 1984 3864 2060">
     <span class='ocr_line' id='line_1_67' title="bbox 2201 1984 3864 2060; baseline 0.004 -22"><span class='ocrx_word' id='word_1_506' title='bbox 2201 1984 2476 2056; x_wconf 78' lang='grc' dir='ltr'>μᾶλλονῆ</span> <span class='ocrx_word' id='word_1_507' title='bbox 2538 1985 2885 2060; x_wconf 83' lang='grc' dir='ltr'>ἀνθρώπους,</span> <span class='ocrx_word' id='word_1_508' title='bbox 2943 1985 3377 2060; x_wconf 73' lang='grc' dir='ltr'>ἐπιϐησομένους</span> <span class='ocrx_word' id='word_1_509' title='bbox 3435 1986 3620 2060; x_wconf 79' lang='grc' dir='ltr'>αὐτῷ.</span> <span class='ocrx_word' id='word_1_510' title='bbox 3686 2014 3716 2041; x_wconf 76' lang='grc' dir='ltr'>(ι</span> <span class='ocrx_word' id='word_1_511' title='bbox 3753 1988 3864 2046; x_wconf 80' lang='grc' dir='ltr'><strong>Εὐ-</strong></span> 
     </span>
    </p>
   </div>
   <div class='ocr_carea' id='block_1_68' title="bbox 2196 2070 3854 2153">
    <p class='ocr_par' dir='ltr' id='par_1_68' title="bbox 2196 2070 3854 2153">
     <span class='ocr_line' id='line_1_68' title="bbox 2196 2070 3854 2153; baseline 0.002 -23"><span class='ocrx_word' id='word_1_512' title='bbox 2196 2070 2530 2148; x_wconf 84' lang='grc' dir='ltr'>πρόσδεκτος</span> <span class='ocrx_word' id='word_1_513' title='bbox 2571 2075 2817 2152; x_wconf 69' lang='grc' dir='ltr'>γένηται.</span> <span class='ocrx_word' id='word_1_514' title='bbox 2853 2098 2880 2128; x_wconf 82' lang='lat'><strong>»</strong></span> <span class='ocrx_word' id='word_1_515' title='bbox 2911 2077 3010 2130; x_wconf 83' lang='grc' dir='ltr'>Καὶ</span> <span class='ocrx_word' id='word_1_516' title='bbox 3067 2073 3175 2143; x_wconf 79' lang='grc' dir='ltr'>ἶνα,</span> <span class='ocrx_word' id='word_1_517' title='bbox 3235 2076 3420 2150; x_wconf 75' lang='grc' dir='ltr'>φησὶν,</span> <span class='ocrx_word' id='word_1_518' title='bbox 3451 2078 3486 2146; x_wconf 83' lang='grc' dir='ltr'><strong>ἡ</strong></span> <span class='ocrx_word' id='word_1_519' title='bbox 3523 2077 3698 2140; x_wconf 84' lang='grc' dir='ltr'>θυσία</span> <span class='ocrx_word' id='word_1_520' title='bbox 3753 2099 3854 2153; x_wconf 87' lang='grc' dir='ltr'><strong>μου</strong></span> 
     </span>
    </p>
   </div>
   <div class='ocr_carea' id='block_1_69' title="bbox 2197 2162 3849 2239">
    <p class='ocr_par' dir='ltr' id='par_1_69' title="bbox 2197 2162 3849 2239">
     <span class='ocr_line' id='line_1_69' title="bbox 2197 2162 3849 2239; baseline 0.001 -21"><span class='ocrx_word' id='word_1_521' title='bbox 2197 2162 2588 2238; x_wconf 66' lang='grc' dir='ltr'><strong>εὐπρόσδεκτος</strong></span> <span class='ocrx_word' id='word_1_522' title='bbox 2619 2167 2844 2239; x_wconf 73' lang='grc' dir='ltr'>γένηται</span> <span class='ocrx_word' id='word_1_523' title='bbox 2873 2165 3018 2238; x_wconf 80' lang='grc' dir='ltr'>παρᾶ</span> <span class='ocrx_word' id='word_1_524' title='bbox 3065 2169 3201 2236; x_wconf 80' lang='grc' dir='ltr'>Θεῷ,</span> <span class='ocrx_word' id='word_1_525' title='bbox 3250 2167 3339 2220; x_wconf 85' lang='grc' dir='ltr'>καὶ</span> <span class='ocrx_word' id='word_1_526' title='bbox 3386 2163 3478 2220; x_wconf 74' lang='grc' dir='ltr'>’ἵνα</span> <span class='ocrx_word' id='word_1_527' title='bbox 3533 2167 3636 2222; x_wconf 72' lang='grc' dir='ltr'>καί</span> <span class='ocrx_word' id='word_1_528' title='bbox 3697 2166 3849 2225; x_wconf 83' lang='grc' dir='ltr'>αὑτοὶ</span> 
     </span>
    </p>
   </div>
   <div class='ocr_carea' id='block_1_70' title="bbox 2199 2255 3865 2335">
    <p class='ocr_par' dir='ltr' id='par_1_70' title="bbox 2199 2255 3865 2335">
     <span class='ocr_line' id='line_1_70' title="bbox 2199 2255 3865 2335; baseline 0.003 -26"><span class='ocrx_word' id='word_1_529' title='bbox 2199 2257 2333 2328; x_wconf 82' lang='grc' dir='ltr'>μετὰ</span> <span class='ocrx_word' id='word_1_530' title='bbox 2390 2255 2700 2331; x_wconf 82' lang='grc' dir='ltr'>προθυμίας</span> <span class='ocrx_word' id='word_1_531' title='bbox 2750 2257 2841 2311; x_wconf 87' lang='grc' dir='ltr'><strong>καὶ</strong></span> <span class='ocrx_word' id='word_1_532' title='bbox 2899 2255 3250 2335; x_wconf 77' lang='grc' dir='ltr'>εὐχαριστίας</span> <span class='ocrx_word' id='word_1_533' title='bbox 3310 2255 3567 2328; x_wconf 77' lang='grc' dir='ltr'>δέξωνται</span> <span class='ocrx_word' id='word_1_534' title='bbox 3634 2259 3709 2314; x_wconf 75' lang='grc' dir='ltr'><strong>τὰ</strong></span> <span class='ocrx_word' id='word_1_535' title='bbox 3774 2258 3865 2314; x_wconf 76' lang='grc' dir='ltr'>ἀπ’</span> 
     </span>
    </p>
   </div>
   <div class='ocr_carea' id='block_1_71' title="bbox 2195 2338 3854 2428">
    <p class='ocr_par' dir='ltr' id='par_1_71' title="bbox 2195 2338 3854 2428">
     <span class='ocr_line' id='line_1_71' title="bbox 2195 2338 3854 2428; baseline 0.002 -29"><span class='ocrx_word' id='word_1_536' title='bbox 2195 2344 2350 2418; x_wconf 73' lang='grc' dir='ltr'>ἐμοῦ.</span> <span class='ocrx_word' id='word_1_537' title='bbox 2396 2369 2424 2397; x_wconf 92' lang='grc'><strong>‹‹</strong></span> <span class='ocrx_word' id='word_1_538' title='bbox 2454 2347 2571 2401; x_wconf 84' lang='grc' dir='ltr'>Ἵνα</span> <span class='ocrx_word' id='word_1_539' title='bbox 2603 2345 2654 2399; x_wconf 82' lang='grc' dir='ltr'>ἐν</span> <span class='ocrx_word' id='word_1_540' title='bbox 2687 2350 2833 2420; x_wconf 86' lang='grc' dir='ltr'>χαρᾷ</span> <span class='ocrx_word' id='word_1_541' title='bbox 2861 2338 3026 2411; x_wconf 76' lang='grc' dir='ltr'>ἔλθω.</span> <span class='ocrx_word' id='word_1_542' title='bbox 3064 2369 3092 2396; x_wconf 83' lang='grc'>››</span> <span class='ocrx_word' id='word_1_543' title='bbox 3122 2345 3187 2403; x_wconf 78' lang='grc' dir='ltr'>Εἰ</span> <span class='ocrx_word' id='word_1_544' title='bbox 3246 2345 3350 2422; x_wconf 80' lang='grc' dir='ltr'>γὰρ</span> <span class='ocrx_word' id='word_1_545' title='bbox 3409 2346 3616 2420; x_wconf 81' lang='grc' dir='ltr'><strong>ῥυσθῶ,</strong></span> <span class='ocrx_word' id='word_1_546' title='bbox 3675 2348 3854 2428; x_wconf 69' lang='grc' dir='ltr'>φησὶν,</span> 
     </span>
    </p>
   </div>
   <div class='ocr_carea' id='block_1_72' title="bbox 2193 2432 3854 2510">
    <p class='ocr_par' dir='ltr' id='par_1_72' title="bbox 2193 2432 3854 2510">
     <span class='ocr_line' id='line_1_72' title="bbox 2193 2432 3854 2510; baseline 0.001 -19"><span class='ocrx_word' id='word_1_547' title='bbox 2193 2435 2255 2491; x_wconf 81' lang='grc' dir='ltr'>ὲκ</span> <span class='ocrx_word' id='word_1_548' title='bbox 2307 2439 2413 2490; x_wconf 81' lang='grc' dir='ltr'><strong>τῶν</strong></span> <span class='ocrx_word' id='word_1_549' title='bbox 2464 2436 2857 2501; x_wconf 76' lang='grc' dir='ltr'>ἀπειθούντων,</span> <span class='ocrx_word' id='word_1_550' title='bbox 2913 2435 3002 2491; x_wconf 83' lang='grc' dir='ltr'>καὶ</span> <span class='ocrx_word' id='word_1_551' title='bbox 3059 2437 3093 2504; x_wconf 79' lang='grc' dir='ltr'>ἡ</span> <span class='ocrx_word' id='word_1_552' title='bbox 3153 2432 3398 2491; x_wconf 80' lang='grc' dir='ltr'>διακονία</span> <span class='ocrx_word' id='word_1_553' title='bbox 3455 2457 3559 2507; x_wconf 81' lang='grc' dir='ltr'><strong>μου</strong></span> <span class='ocrx_word' id='word_1_554' title='bbox 3620 2437 3854 2510; x_wconf 70' lang='grc' dir='ltr'>εὐπρόσ-</span> 
     </span>
    </p>
   </div>
   <div class='ocr_carea' id='block_1_73' title="bbox 2194 2524 3853 2601">
    <p class='ocr_par' dir='ltr' id='par_1_73' title="bbox 2194 2524 3853 2601">
     <span class='ocr_line' id='line_1_73' title="bbox 2194 2524 3853 2601; baseline 0 -19"><span class='ocrx_word' id='word_1_555' title='bbox 2194 2524 2378 2589; x_wconf 81' lang='grc' dir='ltr'>δεκτος</span> <span class='ocrx_word' id='word_1_556' title='bbox 2415 2527 2661 2601; x_wconf 79' lang='grc' dir='ltr'>μὲνηται,</span> <span class='ocrx_word' id='word_1_557' title='bbox 2694 2525 2748 2582; x_wconf 79' lang='grc' dir='ltr'>ἐν</span> <span class='ocrx_word' id='word_1_558' title='bbox 2781 2532 2926 2601; x_wconf 74' lang='grc' dir='ltr'>χαρᾷ</span> <span class='ocrx_word' id='word_1_559' title='bbox 2960 2525 3050 2580; x_wconf 84' lang='grc' dir='ltr'><strong>καὶ</strong></span> <span class='ocrx_word' id='word_1_560' title='bbox 3110 2525 3209 2582; x_wconf 77' lang='grc' dir='ltr'><strong>οὐκ</strong></span> <span class='ocrx_word' id='word_1_561' title='bbox 3259 2525 3313 2581; x_wconf 82' lang='grc' dir='ltr'>ἐν</span> <span class='ocrx_word' id='word_1_562' title='bbox 3363 2527 3567 2599; x_wconf 80' lang='grc' dir='ltr'>ἀθυμίᾳ</span> <span class='ocrx_word' id='word_1_563' title='bbox 3628 2526 3853 2584; x_wconf 53' lang='lat'><strong>5155:0-</strong></span> 
     </span>
    </p>
   </div>
   <div class='ocr_carea' id='block_1_74' title="bbox 2197 2614 3834 2696">
    <p class='ocr_par' dir='ltr' id='par_1_74' title="bbox 2197 2614 3834 2696">
     <span class='ocr_line' id='line_1_74' title="bbox 2197 2614 3834 2696; baseline 0 -26"><span class='ocrx_word' id='word_1_564' title='bbox 2197 2637 2314 2688; x_wconf 86' lang='grc' dir='ltr'>μαι.</span> <span class='ocrx_word' id='word_1_565' title='bbox 2358 2643 2384 2667; x_wconf 83' lang='grc' dir='ltr'><strong>α</strong></span> <span class='ocrx_word' id='word_1_566' title='bbox 2421 2619 2517 2671; x_wconf 75' lang='grc' dir='ltr'><strong>Δια</strong></span> <span class='ocrx_word' id='word_1_567' title='bbox 2549 2615 2861 2689; x_wconf 73' lang='grc' dir='ltr'>θελήματος</span> <span class='ocrx_word' id='word_1_568' title='bbox 2895 2621 3050 2673; x_wconf 73' lang='grc' dir='ltr'>Θεοῦ.</span> <span class='ocrx_word' id='word_1_569' title='bbox 3088 2641 3115 2668; x_wconf 83' lang='grc'><strong>››</strong></span> <span class='ocrx_word' id='word_1_570' title='bbox 3146 2619 3214 2673; x_wconf 86' lang='lat'><strong>&quot;0</strong></span> <span class='ocrx_word' id='word_1_571' title='bbox 3244 2614 3292 2685; x_wconf 78' lang='grc' dir='ltr'><strong>ἐξ</strong></span> <span class='ocrx_word' id='word_1_572' title='bbox 3324 2615 3508 2696; x_wconf 70' lang='grc' dir='ltr'>ἀρχῆς</span> <span class='ocrx_word' id='word_1_573' title='bbox 3568 2618 3706 2687; x_wconf 79' lang='grc' dir='ltr'>εἶπε,</span> <span class='ocrx_word' id='word_1_574' title='bbox 3746 2617 3834 2672; x_wconf 83' lang='grc' dir='ltr'><strong>καὶ</strong></span> 
     </span>
    </p>
   </div>
   <div class='ocr_carea' id='block_1_75' title="bbox 2188 2702 3832 2780">
    <p class='ocr_par' dir='ltr' id='par_1_75' title="bbox 2188 2702 3832 2780">
     <span class='ocr_line' id='line_1_75' title="bbox 2188 2702 3832 2780; baseline 0.001 -22"><span class='ocrx_word' id='word_1_575' title='bbox 2188 2710 2279 2758; x_wconf 80' lang='grc' dir='ltr'>νῦν</span> <span class='ocrx_word' id='word_1_576' title='bbox 2306 2703 2474 2780; x_wconf 65' lang='grc' dir='ltr'>λέγει·</span> <span class='ocrx_word' id='word_1_577' title='bbox 2524 2703 2590 2760; x_wconf 61' lang='lat' dir='ltr'><strong>EZ&#39;</strong></span> <span class='ocrx_word' id='word_1_578' title='bbox 2641 2726 2756 2766; x_wconf 82' lang='grc' dir='ltr'><strong>πως</strong></span> <span class='ocrx_word' id='word_1_579' title='bbox 2809 2702 2919 2774; x_wconf 74' lang='grc' dir='ltr'>ἤδη</span> <span class='ocrx_word' id='word_1_580' title='bbox 2975 2707 3106 2761; x_wconf 77' lang='grc' dir='ltr'>-τοτὶ</span> <span class='ocrx_word' id='word_1_581' title='bbox 3165 2702 3583 2779; x_wconf 70' lang='grc' dir='ltr'>εὐοδωθήσομαι</span> <span class='ocrx_word' id='word_1_582' title='bbox 3645 2706 3696 2760; x_wconf 85' lang='grc' dir='ltr'>ἐν</span> <span class='ocrx_word' id='word_1_583' title='bbox 3755 2710 3832 2778; x_wconf 82' lang='grc' dir='ltr'><strong>τῷ</strong></span> 
     </span>
    </p>
   </div>
   <div class='ocr_carea' id='block_1_76' title="bbox 2193 2791 3832 2869">
    <p class='ocr_par' dir='ltr' id='par_1_76' title="bbox 2193 2791 3832 2869">
     <span class='ocr_line' id='line_1_76' title="bbox 2193 2791 3832 2869; baseline -0.001 -21"><span class='ocrx_word' id='word_1_584' title='bbox 2193 2791 2462 2864; x_wconf 74' lang='grc' dir='ltr'>θελήματι</span> <span class='ocrx_word' id='word_1_585' title='bbox 2521 2797 2617 2848; x_wconf 85' lang='lat'><strong>106</strong></span> <span class='ocrx_word' id='word_1_586' title='bbox 2675 2799 2808 2850; x_wconf 74' lang='grc' dir='ltr'>Θεοῦ</span> <span class='ocrx_word' id='word_1_587' title='bbox 2868 2792 3044 2850; x_wconf 79' lang='grc' dir='ltr'>ἐλθεῖν</span> <span class='ocrx_word' id='word_1_588' title='bbox 3100 2795 3235 2869; x_wconf 84' lang='grc' dir='ltr'>πρὸς</span> <span class='ocrx_word' id='word_1_589' title='bbox 3295 2794 3457 2867; x_wconf 76' lang='grc' dir='ltr'>ὑμᾶς.</span> <span class='ocrx_word' id='word_1_590' title='bbox 3495 2796 3651 2850; x_wconf 76' lang='grc' dir='ltr'><strong>«Καὶ</strong></span> <span class='ocrx_word' id='word_1_591' title='bbox 3711 2814 3832 2848; x_wconf 84' lang='grc' dir='ltr'>συν-</span> 
     </span>
    </p>
   </div>
   <div class='ocr_carea' id='block_1_77' title="bbox 2191 2881 3829 2962">
    <p class='ocr_par' dir='ltr' id='par_1_77' title="bbox 2191 2881 3829 2962">
     <span class='ocr_line' id='line_1_77' title="bbox 2191 2881 3829 2962; baseline -0.001 -25"><span class='ocrx_word' id='word_1_592' title='bbox 2191 2881 2582 2955; x_wconf 67' lang='grc' dir='ltr'>αναπαύσωμαι</span> <span class='ocrx_word' id='word_1_593' title='bbox 2617 2883 2763 2954; x_wconf 83' lang='grc' dir='ltr'>ὑμῖν.</span> <span class='ocrx_word' id='word_1_594' title='bbox 2828 2906 2854 2934; x_wconf 86' lang='grc'><strong>››</strong></span> <span class='ocrx_word' id='word_1_595' title='bbox 2913 2884 3073 2958; x_wconf 73' lang='grc' dir='ltr'>Ὁρᾷς</span> <span class='ocrx_word' id='word_1_596' title='bbox 3130 2883 3298 2938; x_wconf 74' lang='grc' dir='ltr'>αὐτοῦ</span> <span class='ocrx_word' id='word_1_597' title='bbox 3357 2884 3418 2939; x_wconf 85' lang='grc' dir='ltr'>τὸ</span> <span class='ocrx_word' id='word_1_598' title='bbox 3475 2882 3709 2962; x_wconf 72' lang='grc' dir='ltr'>ἅτυιρονς</span> <span class='ocrx_word' id='word_1_599' title='bbox 3749 2881 3829 2936; x_wconf 82' lang='grc' dir='ltr'><strong>Οὖ</strong></span> 
     </span>
    </p>
   </div>
   <div class='ocr_carea' id='block_1_78' title="bbox 2190 2969 3814 3048">
    <p class='ocr_par' dir='ltr' id='par_1_78' title="bbox 2190 2969 3814 3048">
     <span class='ocr_line' id='line_1_78' title="bbox 2190 2969 3814 3048; baseline -0.003 -21"><span class='ocrx_word' id='word_1_600' title='bbox 2190 2973 2293 3048; x_wconf 77' lang='grc' dir='ltr'>γὰρ</span> <span class='ocrx_word' id='word_1_601' title='bbox 2327 2972 2462 3041; x_wconf 77' lang='grc' dir='ltr'>εἶπε,</span> <span class='ocrx_word' id='word_1_602' title='bbox 2497 2969 2702 3043; x_wconf 73' lang='grc' dir='ltr'>Διδάξω</span> <span class='ocrx_word' id='word_1_603' title='bbox 2735 2973 2896 3046; x_wconf 67' lang='grc' dir='ltr'>ὑμᾶς,</span> <span class='ocrx_word' id='word_1_604' title='bbox 2930 2969 2990 3041; x_wconf 71' lang='grc' dir='ltr'>ἤ,</span> <span class='ocrx_word' id='word_1_605' title='bbox 3027 2974 3364 3048; x_wconf 76' lang='grc' dir='ltr'>Κατηχήσω,</span> <span class='ocrx_word' id='word_1_606' title='bbox 3407 2971 3559 3040; x_wconf 67' lang='grc' dir='ltr'>ἀλλὰ,</span> <span class='ocrx_word' id='word_1_607' title='bbox 3611 2995 3638 3022; x_wconf 77' lang='grc' dir='ltr'><strong>(ί</strong></span> <span class='ocrx_word' id='word_1_608' title='bbox 3673 2977 3814 3027; x_wconf 82' lang='grc' dir='ltr'>Κυν-</span> 
     </span>
    </p>
   </div>
   <div class='ocr_carea' id='block_1_79' title="bbox 2189 3057 3828 3134">
    <p class='ocr_par' dir='ltr' id='par_1_79' title="bbox 2189 3057 3828 3134">
     <span class='ocr_line' id='line_1_79' title="bbox 2189 3057 3828 3134; baseline -0.002 -18"><span class='ocrx_word' id='word_1_609' title='bbox 2189 3061 2606 3134; x_wconf 82' lang='grc' dir='ltr'>αναπαύσιυμαι,</span> <span class='ocrx_word' id='word_1_610' title='bbox 2643 3085 2670 3112; x_wconf 74' lang='grc' dir='ltr'>ι)</span> <span class='ocrx_word' id='word_1_611' title='bbox 2702 3060 3005 3128; x_wconf 69' lang='grc' dir='ltr'>τουτέστιν,</span> <span class='ocrx_word' id='word_1_612' title='bbox 3056 3062 3236 3134; x_wconf 82' lang='grc' dir='ltr'>Ὑμεῖς</span> <span class='ocrx_word' id='word_1_613' title='bbox 3279 3061 3403 3134; x_wconf 80' lang='grc' dir='ltr'>ἐμοὶ</span> <span class='ocrx_word' id='word_1_614' title='bbox 3458 3057 3538 3115; x_wconf 69' lang='grc' dir='ltr'><strong>διὰ</strong></span> <span class='ocrx_word' id='word_1_615' title='bbox 3591 3063 3686 3129; x_wconf 65' lang='grc' dir='ltr'><strong>τὴν</strong></span> <span class='ocrx_word' id='word_1_616' title='bbox 3743 3057 3828 3114; x_wconf 84' lang='grc' dir='ltr'>δι-</span> 
     </span>
    </p>
   </div>
   <div class='ocr_carea' id='block_1_80' title="bbox 2193 3145 3836 3228">
    <p class='ocr_par' dir='ltr' id='par_1_80' title="bbox 2193 3145 3836 3228">
     <span class='ocr_line' id='line_1_80' title="bbox 2193 3145 3836 3228; baseline -0.004 -22"><span class='ocrx_word' id='word_1_617' title='bbox 2193 3148 2506 3214; x_wconf 86' lang='grc' dir='ltr'>δασκαλίαν,</span> <span class='ocrx_word' id='word_1_618' title='bbox 2537 3151 2692 3228; x_wconf 73' lang='grc' dir='ltr'>κάγὼ</span> <span class='ocrx_word' id='word_1_619' title='bbox 2726 3151 2851 3222; x_wconf 81' lang='grc' dir='ltr'>ὑμῖν</span> <span class='ocrx_word' id='word_1_620' title='bbox 2886 3148 2976 3206; x_wconf 73' lang='grc' dir='ltr'><strong>διὰ</strong></span> <span class='ocrx_word' id='word_1_621' title='bbox 2998 3151 3097 3220; x_wconf 77' lang='grc' dir='ltr'><strong>τήν</strong></span> <span class='ocrx_word' id='word_1_622' title='bbox 3132 3153 3231 3220; x_wconf 85' lang='grc' dir='ltr'>ἁῆς</span> <span class='ocrx_word' id='word_1_623' title='bbox 3289 3152 3524 3214; x_wconf 84' lang='grc' dir='ltr'>πίστεως</span> <span class='ocrx_word' id='word_1_624' title='bbox 3579 3145 3836 3217; x_wconf 67' lang='grc' dir='ltr'>ἐπίδοσιν,</span> 
     </span>
    </p>
   </div>
   <div class='ocr_carea' id='block_1_81' title="bbox 2191 3237 3844 3320">
    <p class='ocr_par' dir='ltr' id='par_1_81' title="bbox 2191 3237 3844 3320">
     <span class='ocr_line' id='line_1_81' title="bbox 2191 3237 3844 3320; baseline 0 -24"><span class='ocrx_word' id='word_1_625' title='bbox 2191 3241 2323 3313; x_wconf 80' lang='grc' dir='ltr'>’ὅπερ</span> <span class='ocrx_word' id='word_1_626' title='bbox 2355 3240 2446 3297; x_wconf 87' lang='grc' dir='ltr'><strong>καὶ</strong></span> <span class='ocrx_word' id='word_1_627' title='bbox 2477 3243 2594 3295; x_wconf 80' lang='grc' dir='ltr'>κατ’</span> <span class='ocrx_word' id='word_1_628' title='bbox 2618 3240 2795 3320; x_wconf 72' lang='grc' dir='ltr'>ἀρχὰς</span> <span class='ocrx_word' id='word_1_629' title='bbox 2827 3238 3001 3314; x_wconf 70' lang='grc' dir='ltr'>ἔλεγε,</span> <span class='ocrx_word' id='word_1_630' title='bbox 3033 3245 3196 3298; x_wconf 78' lang='grc' dir='ltr'>τοῦτο</span> <span class='ocrx_word' id='word_1_631' title='bbox 3266 3237 3324 3295; x_wconf 81' lang='grc' dir='ltr'>δέ</span> <span class='ocrx_word' id='word_1_632' title='bbox 3381 3240 3494 3296; x_wconf 81' lang='grc' dir='ltr'>ἐστι</span> <span class='ocrx_word' id='word_1_633' title='bbox 3555 3262 3618 3296; x_wconf 81' lang='grc' dir='ltr'><strong>συ</strong></span> <span class='ocrx_word' id='word_1_634' title='bbox 3632 3259 3844 3312; x_wconf 78' lang='grc' dir='ltr'>μπαρα-</span> 
     </span>
    </p>
   </div>
   <div class='ocr_carea' id='block_1_82' title="bbox 2189 3326 3844 3401">
    <p class='ocr_par' dir='ltr' id='par_1_82' title="bbox 2189 3326 3844 3401">
     <span class='ocr_line' id='line_1_82' title="bbox 2189 3326 3844 3401; baseline 0.001 -17"><span class='ocrx_word' id='word_1_635' title='bbox 2189 3330 2463 3401; x_wconf 79' lang='grc' dir='ltr'>κληθῆναι</span> <span class='ocrx_word' id='word_1_636' title='bbox 2499 3327 2587 3384; x_wconf 79' lang='grc' dir='ltr'><strong>διὰ</strong></span> <span class='ocrx_word' id='word_1_637' title='bbox 2617 3336 2715 3400; x_wconf 79' lang='grc' dir='ltr'><strong>τῆς</strong></span> <span class='ocrx_word' id='word_1_638' title='bbox 2747 3328 2797 3384; x_wconf 82' lang='grc' dir='ltr'>ἐν</span> <span class='ocrx_word' id='word_1_639' title='bbox 2826 3326 3104 3400; x_wconf 84' lang='grc' dir='ltr'>ἀλλήλοις</span> <span class='ocrx_word' id='word_1_640' title='bbox 3135 3331 3391 3391; x_wconf 83' lang='grc' dir='ltr'>πιστεως.</span> <span class='ocrx_word' id='word_1_641' title='bbox 3455 3353 3484 3380; x_wconf 75' lang='grc' dir='ltr'><strong>α</strong></span> <span class='ocrx_word' id='word_1_642' title='bbox 3513 3331 3577 3388; x_wconf 90' lang='grc' dir='ltr'>Ὁ</span> <span class='ocrx_word' id='word_1_643' title='bbox 3617 3327 3676 3384; x_wconf 74' lang='grc' dir='ltr'>δὲ</span> <span class='ocrx_word' id='word_1_644' title='bbox 3719 3328 3844 3392; x_wconf 77' lang='grc' dir='ltr'>Θεὸς</span> 
     </span>
    </p>
   </div>
   <div class='ocr_carea' id='block_1_83' title="bbox 2186 3418 3845 3494">
    <p class='ocr_par' dir='ltr' id='par_1_83' title="bbox 2186 3418 3845 3494">
     <span class='ocr_line' id='line_1_83' title="bbox 2186 3418 3845 3494; baseline -0.001 -21"><span class='ocrx_word' id='word_1_645' title='bbox 2186 3426 2288 3488; x_wconf 86' lang='grc' dir='ltr'><strong>τῆς</strong></span> <span class='ocrx_word' id='word_1_646' title='bbox 2320 3418 2541 3494; x_wconf 80' lang='grc' dir='ltr'>εἰρήνης</span> <span class='ocrx_word' id='word_1_647' title='bbox 2577 3419 2711 3492; x_wconf 78' lang='grc' dir='ltr'>μετὰ</span> <span class='ocrx_word' id='word_1_648' title='bbox 2762 3421 2977 3474; x_wconf 80' lang='grc' dir='ltr'>πάντων</span> <span class='ocrx_word' id='word_1_649' title='bbox 3039 3419 3216 3492; x_wconf 81' lang='grc' dir='ltr'>ὑμῶν.</span> <span class='ocrx_word' id='word_1_650' title='bbox 3250 3443 3277 3470; x_wconf 87' lang='grc'>››</span> <span class='ocrx_word' id='word_1_651' title='bbox 3329 3423 3500 3474; x_wconf 86' lang='lat' dir='ltr'><strong>T0610</strong></span> <span class='ocrx_word' id='word_1_652' title='bbox 3557 3421 3845 3494; x_wconf 76' lang='grc' dir='ltr'>πανταχοῦ</span> 
     </span>
    </p>
   </div>
   <div class='ocr_carea' id='block_1_84' title="bbox 2189 3505 3610 3584">
    <p class='ocr_par' dir='ltr' id='par_1_84' title="bbox 2189 3505 3610 3584">
     <span class='ocr_line' id='line_1_84' title="bbox 2189 3505 3610 3584; baseline 0.002 -21"><span class='ocrx_word' id='word_1_653' title='bbox 2189 3505 2309 3572; x_wconf 77' lang='grc' dir='ltr'>ἔθος</span> <span class='ocrx_word' id='word_1_654' title='bbox 2341 3507 2509 3580; x_wconf 82' lang='grc' dir='ltr'>αύτῷ,</span> <span class='ocrx_word' id='word_1_655' title='bbox 2538 3507 2710 3584; x_wconf 77' lang='grc' dir='ltr'>εὐχὴν</span> <span class='ocrx_word' id='word_1_656' title='bbox 2738 3507 2942 3564; x_wconf 67' lang='grc' dir='ltr'>τιθέναι</span> <span class='ocrx_word' id='word_1_657' title='bbox 2975 3509 3110 3580; x_wconf 83' lang='grc' dir='ltr'>μετὰ</span> <span class='ocrx_word' id='word_1_658' title='bbox 3137 3509 3237 3577; x_wconf 81' lang='grc' dir='ltr'><strong>τήν</strong></span> <span class='ocrx_word' id='word_1_659' title='bbox 3269 3506 3610 3582; x_wconf 86' lang='grc' dir='ltr'>παραίνεσιν.</span> 
     </span>
    </p>
   </div>
   <div class='ocr_carea' id='block_1_85' title="bbox 2259 3772 3842 3856">
    <p class='ocr_par' dir='ltr' id='par_1_85' title="bbox 2259 3772 3842 3856">
     <span class='ocr_line' id='line_1_85' title="bbox 2259 3772 3842 3856; baseline -0.002 -21"><span class='ocrx_word' id='word_1_660' title='bbox 2259 3779 2567 3849; x_wconf 82' lang='grc' dir='ltr'>Συνίστημι</span> <span class='ocrx_word' id='word_1_661' title='bbox 2635 3775 2692 3832; x_wconf 71' lang='grc' dir='ltr'>δὲ</span> <span class='ocrx_word' id='word_1_662' title='bbox 2735 3778 2862 3851; x_wconf 77' lang='grc' dir='ltr'>ὑμῖν</span> <span class='ocrx_word' id='word_1_663' title='bbox 2925 3772 3134 3848; x_wconf 75' lang='grc' dir='ltr'>Φοίϐην</span> <span class='ocrx_word' id='word_1_664' title='bbox 3194 3778 3294 3846; x_wconf 75' lang='grc' dir='ltr'>τὴν</span> <span class='ocrx_word' id='word_1_665' title='bbox 3352 3775 3594 3856; x_wconf 75' lang='grc' dir='ltr'>ἀδελφὴν</span> <span class='ocrx_word' id='word_1_666' title='bbox 3650 3780 3842 3852; x_wconf 78' lang='grc' dir='ltr'>ἡμῶν,</span> 
     </span>
    </p>
   </div>
   <div class='ocr_carea' id='block_1_86' title="bbox 2185 3862 3839 3942">
    <p class='ocr_par' dir='ltr' id='par_1_86' title="bbox 2185 3862 3839 3942">
     <span class='ocr_line' id='line_1_86' title="bbox 2185 3862 3839 3942; baseline 0.001 -20"><span class='ocrx_word' id='word_1_667' title='bbox 2185 3865 2349 3922; x_wconf 74' lang='grc' dir='ltr'>οὖσαν</span> <span class='ocrx_word' id='word_1_668' title='bbox 2413 3862 2658 3921; x_wconf 82' lang='grc' dir='ltr'>διάκονον</span> <span class='ocrx_word' id='word_1_669' title='bbox 2750 3873 2849 3936; x_wconf 78' lang='grc' dir='ltr'><strong>τῆς</strong></span> <span class='ocrx_word' id='word_1_670' title='bbox 2941 3865 3271 3936; x_wconf 86' lang='grc' dir='ltr'>Ἐκκλησίας</span> <span class='ocrx_word' id='word_1_671' title='bbox 3363 3873 3461 3936; x_wconf 76' lang='grc' dir='ltr'><strong>τῆς</strong></span> <span class='ocrx_word' id='word_1_672' title='bbox 3557 3865 3609 3922; x_wconf 78' lang='grc' dir='ltr'>ἐν</span> <span class='ocrx_word' id='word_1_673' title='bbox 3702 3871 3839 3942; x_wconf 86' lang='grc' dir='ltr'>Κεγ-</span> 
     </span>
    </p>
   </div>
   <div class='ocr_carea' id='block_1_87' title="bbox 2183 3952 3833 4033">
    <p class='ocr_par' dir='ltr' id='par_1_87' title="bbox 2183 3952 3833 4033">
     <span class='ocr_line' id='line_1_87' title="bbox 2183 3952 3833 4033; baseline -0.003 -20"><span class='ocrx_word' id='word_1_674' title='bbox 2183 3962 2396 4033; x_wconf 83' lang='grc' dir='ltr'>χρεαῖς,</span> <span class='ocrx_word' id='word_1_675' title='bbox 2458 3952 2550 4010; x_wconf 70' lang='grc' dir='ltr'>’ίνα</span> <span class='ocrx_word' id='word_1_676' title='bbox 2617 3954 2786 4027; x_wconf 75' lang='grc' dir='ltr'>αὐτὴν</span> <span class='ocrx_word' id='word_1_677' title='bbox 2847 3954 3210 4026; x_wconf 74' lang='grc' dir='ltr'>προσδέξησθε</span> <span class='ocrx_word' id='word_1_678' title='bbox 3276 3955 3326 4011; x_wconf 79' lang='grc' dir='ltr'>ἐν</span> <span class='ocrx_word' id='word_1_679' title='bbox 3393 3956 3592 4030; x_wconf 84' lang='grc' dir='ltr'>Κυρίῳ,</span> <span class='ocrx_word' id='word_1_680' title='bbox 3659 3956 3833 4026; x_wconf 68' lang='grc' dir='ltr'>ἀξίως</span> 
     </span>
    </p>
   </div>
   <div class='ocr_carea' id='block_1_88' title="bbox 2181 4044 3827 4123">
    <p class='ocr_par' dir='ltr' id='par_1_88' title="bbox 2181 4044 3827 4123">
     <span class='ocr_line' id='line_1_88' title="bbox 2181 4044 3827 4123; baseline 0 -23"><span class='ocrx_word' id='word_1_681' title='bbox 2181 4050 2288 4101; x_wconf 82' lang='grc' dir='ltr'><strong>τῶν</strong></span> <span class='ocrx_word' id='word_1_682' title='bbox 2349 4044 2544 4123; x_wconf 81' lang='grc' dir='ltr'>ἁγίων,</span> <span class='ocrx_word' id='word_1_683' title='bbox 2604 4045 2692 4100; x_wconf 84' lang='grc' dir='ltr'>καὶ</span> <span class='ocrx_word' id='word_1_684' title='bbox 2753 4051 3064 4116; x_wconf 74' lang='grc' dir='ltr'>παραστῆτε</span> <span class='ocrx_word' id='word_1_685' title='bbox 3119 4045 3257 4119; x_wconf 79' lang='grc' dir='ltr'>αὐτῇ</span> <span class='ocrx_word' id='word_1_686' title='bbox 3329 4045 3381 4100; x_wconf 82' lang='grc' dir='ltr'>ἐν</span> <span class='ocrx_word' id='word_1_687' title='bbox 3437 4047 3482 4117; x_wconf 82' lang='grc' dir='ltr'>ᾧ</span> <span class='ocrx_word' id='word_1_688' title='bbox 3545 4044 3600 4100; x_wconf 73' lang='grc' dir='ltr'><strong>ἂν</strong></span> <span class='ocrx_word' id='word_1_689' title='bbox 3670 4044 3827 4117; x_wconf 77' lang='grc' dir='ltr'>ὑμῶν</span> 
     </span>
    </p>
   </div>
   <div class='ocr_carea' id='block_1_89' title="bbox 2181 4134 3831 4211">
    <p class='ocr_par' dir='ltr' id='par_1_89' title="bbox 2181 4134 3831 4211">
     <span class='ocr_line' id='line_1_89' title="bbox 2181 4134 3831 4211; baseline -0.013 -3"><span class='ocrx_word' id='word_1_690' title='bbox 2181 4140 2366 4211; x_wconf 70' lang='grc' dir='ltr'><strong>’ΧΡὩξὮ</strong></span> <span class='ocrx_word' id='word_1_691' title='bbox 2425 4136 2726 4208; x_wconf 66' lang='grc' dir='ltr'>πράγματι.</span> <span class='ocrx_word' id='word_1_692' title='bbox 2789 4134 2888 4191; x_wconf 52' lang='grc' dir='ltr'><strong>Καὶ</strong></span> <span class='ocrx_word' id='word_1_693' title='bbox 2959 4135 3058 4210; x_wconf 70' lang='grc' dir='ltr'><strong>γὰρ</strong></span> <span class='ocrx_word' id='word_1_694' title='bbox 3121 4134 3260 4211; x_wconf 73' lang='grc' dir='ltr'>αῧτῃ</span> <span class='ocrx_word' id='word_1_695' title='bbox 3330 4135 3619 4210; x_wconf 79' lang='grc' dir='ltr'>προστάτις</span> <span class='ocrx_word' id='word_1_696' title='bbox 3686 4135 3831 4190; x_wconf 64' lang='grc' dir='ltr'>πολ.</span> 
     </span>
    </p>
   </div>
   <div class='ocr_carea' id='block_1_90' title="bbox 2181 4221 3834 4300">
    <p class='ocr_par' dir='ltr' id='par_1_90' title="bbox 2181 4221 3834 4300">
     <span class='ocr_line' id='line_1_90' title="bbox 2181 4221 3834 4300; baseline 0.001 -22"><span class='ocrx_word' id='word_1_697' title='bbox 2181 4221 2292 4278; x_wconf 84' lang='grc' dir='ltr'><strong>λῶν</strong></span> <span class='ocrx_word' id='word_1_698' title='bbox 2359 4223 2612 4297; x_wconf 74' lang='grc' dir='ltr'>ἑγενήθη,</span> <span class='ocrx_word' id='word_1_699' title='bbox 2669 4223 2762 4276; x_wconf 82' lang='grc' dir='ltr'><strong>καὶ</strong></span> <span class='ocrx_word' id='word_1_700' title='bbox 2820 4221 2986 4278; x_wconf 77' lang='grc' dir='ltr'>αὐτοῦ</span> <span class='ocrx_word' id='word_1_701' title='bbox 3069 4221 3221 4298; x_wconf 75' lang='grc' dir='ltr'>ἐμοῦ.</span> <span class='ocrx_word' id='word_1_702' title='bbox 3298 4223 3631 4280; x_wconf 79' lang='grc' dir='ltr'>Ἀσπάσασθε</span> <span class='ocrx_word' id='word_1_703' title='bbox 3697 4223 3834 4300; x_wconf 82' lang='grc' dir='ltr'>Πρί-</span> 
     </span>
    </p>
   </div>
   <div class='ocr_carea' id='block_1_91' title="bbox 2182 4308 3833 4388">
    <p class='ocr_par' dir='ltr' id='par_1_91' title="bbox 2182 4308 3833 4388">
     <span class='ocr_line' id='line_1_91' title="bbox 2182 4308 3833 4388; baseline 0.002 -22"><span class='ocrx_word' id='word_1_704' title='bbox 2182 4310 2411 4368; x_wconf 75' lang='grc' dir='ltr'>σκιλλαν</span> <span class='ocrx_word' id='word_1_705' title='bbox 2515 4311 2604 4366; x_wconf 83' lang='grc' dir='ltr'><strong>καὶ</strong></span> <span class='ocrx_word' id='word_1_706' title='bbox 2711 4308 2946 4369; x_wconf 85' lang='grc' dir='ltr'>Ἀκύλαν</span> <span class='ocrx_word' id='word_1_707' title='bbox 3023 4312 3150 4374; x_wconf 87' lang='grc' dir='ltr'>τούς</span> <span class='ocrx_word' id='word_1_708' title='bbox 3227 4312 3514 4388; x_wconf 80' lang='grc' dir='ltr'>συνεργούς</span> <span class='ocrx_word' id='word_1_709' title='bbox 3595 4334 3702 4385; x_wconf 92' lang='grc' dir='ltr'><strong>μου</strong></span> <span class='ocrx_word' id='word_1_710' title='bbox 3783 4312 3833 4369; x_wconf 74' lang='grc' dir='ltr'>ἐν</span> 
     </span>
    </p>
   </div>
   <div class='ocr_carea' id='block_1_92' title="bbox 2180 4397 3834 4477">
    <p class='ocr_par' dir='ltr' id='par_1_92' title="bbox 2180 4397 3834 4477">
     <span class='ocr_line' id='line_1_92' title="bbox 2180 4397 3834 4477; baseline 0.002 -22"><span class='ocrx_word' id='word_1_711' title='bbox 2180 4404 2422 4476; x_wconf 75' lang='grc' dir='ltr'>Χριστῷ,</span> <span class='ocrx_word' id='word_1_712' title='bbox 2481 4397 2674 4462; x_wconf 60' lang='grc' dir='ltr'>οἵτινες</span> <span class='ocrx_word' id='word_1_713' title='bbox 2738 4400 2868 4476; x_wconf 76' lang='grc' dir='ltr'>ὑπὶρ</span> <span class='ocrx_word' id='word_1_714' title='bbox 2926 4408 3026 4470; x_wconf 81' lang='grc' dir='ltr'><strong>τῆς</strong></span> <span class='ocrx_word' id='word_1_715' title='bbox 3082 4405 3269 4477; x_wconf 75' lang='grc' dir='ltr'>ψυχῆς</span> <span class='ocrx_word' id='word_1_716' title='bbox 3355 4423 3480 4474; x_wconf 88' lang='grc' dir='ltr'>μου,</span> <span class='ocrx_word' id='word_1_717' title='bbox 3541 4402 3632 4458; x_wconf 79' lang='grc' dir='ltr'><strong>τὸν</strong></span> <span class='ocrx_word' id='word_1_718' title='bbox 3705 4404 3834 4460; x_wconf 69' lang='grc' dir='ltr'>ἑαυ-</span> 
     </span>
    </p>
   </div>
   <div class='ocr_carea' id='block_1_93' title="bbox 2180 4489 3832 4569">
    <p class='ocr_par' dir='ltr' id='par_1_93' title="bbox 2180 4489 3832 4569">
     <span class='ocr_line' id='line_1_93' title="bbox 2180 4489 3832 4569; baseline 0.001 -22"><span class='ocrx_word' id='word_1_719' title='bbox 2180 4495 2286 4547; x_wconf 84' lang='grc' dir='ltr'><strong>τῶν</strong></span> <span class='ocrx_word' id='word_1_720' title='bbox 2339 4489 2623 4566; x_wconf 73' lang='grc' dir='ltr'>τράχηλον</span> <span class='ocrx_word' id='word_1_721' title='bbox 2687 4489 2979 4560; x_wconf 71' lang='grc' dir='ltr'>ὑπέθηκαν,</span> <span class='ocrx_word' id='word_1_722' title='bbox 3049 4492 3131 4554; x_wconf 79' lang='grc' dir='ltr'>οἷς</span> <span class='ocrx_word' id='word_1_723' title='bbox 3187 4491 3282 4547; x_wconf 74' lang='grc' dir='ltr'>οὖν</span> <span class='ocrx_word' id='word_1_724' title='bbox 3343 4489 3453 4569; x_wconf 74' lang='grc' dir='ltr'><strong>ἐγὼ</strong></span> <span class='ocrx_word' id='word_1_725' title='bbox 3514 4493 3679 4565; x_wconf 85' lang='grc' dir='ltr'>μόνος</span> <span class='ocrx_word' id='word_1_726' title='bbox 3742 4495 3832 4549; x_wconf 73' lang='grc' dir='ltr'>εὑ-</span> 
     </span>
    </p>
   </div>
   <div class='ocr_carea' id='block_1_94' title="bbox 429 4566 2082 4656">
    <p class='ocr_par' dir='ltr' id='par_1_94' title="bbox 429 4575 2033 4655">
     <span class='ocr_line' id='line_1_94' title="bbox 429 4575 2033 4655; baseline -0.007 -18"><span class='ocrx_word' id='word_1_727' title='bbox 429 4601 457 4629; x_wconf 77' lang='grc' dir='ltr'><strong>α</strong></span> <span class='ocrx_word' id='word_1_728' title='bbox 487 4581 752 4655; x_wconf 87' lang='lat' dir='ltr'><strong>gentium</strong></span> <span class='ocrx_word' id='word_1_729' title='bbox 778 4596 792 4635; x_wconf 89' lang='lat'><strong>:</strong></span> <span class='ocrx_word' id='word_1_730' title='bbox 825 4595 893 4635; x_wconf 85' lang='lat' dir='ltr'><strong>ac</strong></span> <span class='ocrx_word' id='word_1_731' title='bbox 922 4577 1311 4634; x_wconf 87' lang='lat' dir='ltr'><strong>domesticam</strong></span> <span class='ocrx_word' id='word_1_732' title='bbox 1341 4575 1582 4632; x_wconf 89' lang='lat' dir='ltr'><strong>illorum</strong></span> <span class='ocrx_word' id='word_1_733' title='bbox 1624 4575 1968 4632; x_wconf 89' lang='lat' dir='ltr'><strong>Ecclesiam.</strong></span> <span class='ocrx_word' id='word_1_734' title='bbox 2005 4597 2033 4627; x_wconf 86' lang='lat'><strong>»</strong></span> 
     </span>
    </p>
   </div>
   <div class='ocr_carea' id='block_1_95' title="bbox 2195 4566 3832 4656">
    <p class='ocr_par' dir='ltr' id='par_1_95' title="bbox 2195 4577 3832 4656">
     <span class='ocr_line' id='line_1_95' title="bbox 2195 4577 3832 4656; baseline 0.001 -21"><span class='ocrx_word' id='word_1_735' title='bbox 2195 4584 2450 4656; x_wconf 65' lang='grc' dir='ltr'>(αριστῶ,</span> <span class='ocrx_word' id='word_1_736' title='bbox 2485 4577 2631 4634; x_wconf 76' lang='grc' dir='ltr'>ἀλλὰ</span> <span class='ocrx_word' id='word_1_737' title='bbox 2657 4580 2748 4634; x_wconf 85' lang='grc' dir='ltr'><strong>καὶ</strong></span> <span class='ocrx_word' id='word_1_738' title='bbox 2795 4585 2961 4634; x_wconf 77' lang='grc' dir='ltr'>πᾶσαι</span> <span class='ocrx_word' id='word_1_739' title='bbox 3011 4581 3065 4635; x_wconf 75' lang='grc' dir='ltr'>αἱ</span> <span class='ocrx_word' id='word_1_740' title='bbox 3117 4579 3440 4650; x_wconf 67' lang='grc' dir='ltr'>Ἐκκλησίαν.</span> <span class='ocrx_word' id='word_1_741' title='bbox 3487 4586 3593 4636; x_wconf 83' lang='grc' dir='ltr'>τῶν</span> <span class='ocrx_word' id='word_1_742' title='bbox 3635 4581 3832 4654; x_wconf 79' lang='grc' dir='ltr'>ἐᾶνῶν,</span> 
     </span>
    </p>
   </div>
   <div class='ocr_carea' id='block_1_96' title="bbox 499 4754 2071 4830">
    <p class='ocr_par' dir='ltr' id='par_1_96' title="bbox 499 4754 2071 4830">
     <span class='ocr_line' id='line_1_96' title="bbox 499 4754 2071 4830; baseline 0.001 -20"><span class='ocrx_word' id='word_1_743' title='bbox 499 4759 641 4814; x_wconf 90' lang='lat' dir='ltr'><strong>Vide</strong></span> <span class='ocrx_word' id='word_1_744' title='bbox 671 4758 828 4830; x_wconf 88' lang='lat' dir='ltr'><strong>quod</strong></span> <span class='ocrx_word' id='word_1_745' title='bbox 857 4757 1048 4814; x_wconf 91' lang='lat' dir='ltr'><strong>titulis</strong></span> <span class='ocrx_word' id='word_1_746' title='bbox 1077 4755 1335 4812; x_wconf 72' lang='lat' dir='ltr'><strong>Phoeben</strong></span> <span class='ocrx_word' id='word_1_747' title='bbox 1367 4760 1557 4810; x_wconf 88' lang='lat' dir='ltr'><strong>ornet.</strong></span> <span class='ocrx_word' id='word_1_748' title='bbox 1597 4754 1896 4826; x_wconf 90' lang='lat' dir='ltr'><strong>Siquidem</strong></span> <span class='ocrx_word' id='word_1_749' title='bbox 1930 4756 2071 4827; x_wconf 86' lang='lat' dir='ltr'><strong>quia</strong></span> 
     </span>
    </p>
   </div>
   <div class='ocr_carea' id='block_1_97' title="bbox 425 4843 2071 4918">
    <p class='ocr_par' dir='ltr' id='par_1_97' title="bbox 425 4843 2071 4918">
     <span class='ocr_line' id='line_1_97' title="bbox 425 4843 2071 4918; baseline -0.002 -14"><span class='ocrx_word' id='word_1_750' title='bbox 425 4847 553 4904; x_wconf 74' lang='lat' dir='ltr'><strong>hmo</strong></span> <span class='ocrx_word' id='word_1_751' title='bbox 586 4853 713 4902; x_wconf 88' lang='lat' dir='ltr'><strong>erat</strong></span> <span class='ocrx_word' id='word_1_752' title='bbox 745 4863 877 4918; x_wconf 65' lang='lat' dir='ltr'><strong>quas</strong></span> <span class='ocrx_word' id='word_1_753' title='bbox 909 4845 1220 4917; x_wconf 89' lang='lat' dir='ltr'><strong>epistolam</strong></span> <span class='ocrx_word' id='word_1_754' title='bbox 1244 4843 1564 4901; x_wconf 82' lang='lat' dir='ltr'><strong>deferebat.</strong></span> <span class='ocrx_word' id='word_1_755' title='bbox 1589 4844 1734 4914; x_wconf 84' lang='lat' dir='ltr'><strong>ipsis</strong></span> <span class='ocrx_word' id='word_1_756' title='bbox 1757 4860 1884 4900; x_wconf 90' lang='lat' dir='ltr'><strong>eam</strong></span> <span class='ocrx_word' id='word_1_757' title='bbox 1909 4861 2071 4900; x_wconf 90' lang='lat' dir='ltr'><strong>com-</strong></span> 
     </span>
    </p>
   </div>
   <div class='ocr_carea' id='block_1_98' title="bbox 421 4933 2068 5005">
    <p class='ocr_par' dir='ltr' id='par_1_98' title="bbox 421 4933 2068 5005">
     <span class='ocr_line' id='line_1_98' title="bbox 421 4933 2068 5005; baseline -0.003 -11"><span class='ocrx_word' id='word_1_758' title='bbox 421 4934 682 4994; x_wconf 86' lang='lat' dir='ltr'><strong>mendat.</strong></span> <span class='ocrx_word' id='word_1_759' title='bbox 713 4935 997 4992; x_wconf 84' lang='lat' dir='ltr'><strong>Honestat</strong></span> <span class='ocrx_word' id='word_1_760' title='bbox 1017 4940 1213 4991; x_wconf 88' lang='lat' dir='ltr'><strong>autem</strong></span> <span class='ocrx_word' id='word_1_761' title='bbox 1247 4940 1369 4990; x_wconf 91' lang='lat' dir='ltr'><strong>tum</strong></span> <span class='ocrx_word' id='word_1_762' title='bbox 1408 4933 1565 5004; x_wconf 89' lang='lat' dir='ltr'><strong>quod</strong></span> <span class='ocrx_word' id='word_1_763' title='bbox 1626 4934 1754 5002; x_wconf 70' lang='lat' dir='ltr'><strong>ejus</strong></span> <span class='ocrx_word' id='word_1_764' title='bbox 1809 4934 2068 5005; x_wconf 89' lang='lat' dir='ltr'><strong>primum</strong></span> 
     </span>
    </p>
   </div>
   <div class='ocr_carea' id='block_1_99' title="bbox 416 5021 2067 5094">
    <p class='ocr_par' dir='ltr' id='par_1_99' title="bbox 416 5021 2067 5094">
     <span class='ocr_line' id='line_1_99' title="bbox 416 5021 2067 5094; baseline -0.005 -8"><span class='ocrx_word' id='word_1_765' title='bbox 416 5025 779 5087; x_wconf 87' lang='lat' dir='ltr'><strong>meminerit,</strong></span> <span class='ocrx_word' id='word_1_766' title='bbox 814 5029 937 5078; x_wconf 85' lang='lat' dir='ltr'><strong>tum</strong></span> <span class='ocrx_word' id='word_1_767' title='bbox 966 5021 1125 5094; x_wconf 90' lang='lat' dir='ltr'><strong>quod</strong></span> <span class='ocrx_word' id='word_1_768' title='bbox 1159 5039 1422 5078; x_wconf 87' lang='lat' dir='ltr'><strong>sororem</strong></span> <span class='ocrx_word' id='word_1_769' title='bbox 1451 5027 1617 5078; x_wconf 86' lang='lat' dir='ltr'><strong>vocet</strong></span> <span class='ocrx_word' id='word_1_770' title='bbox 1645 5038 1656 5076; x_wconf 90' lang='lat'><strong>:</strong></span> <span class='ocrx_word' id='word_1_771' title='bbox 1693 5021 1835 5092; x_wconf 89' lang='lat' dir='ltr'><strong>quid</strong></span> <span class='ocrx_word' id='word_1_772' title='bbox 1868 5029 2067 5079; x_wconf 86' lang='lat' dir='ltr'><strong>autem</strong></span> 
     </span>
    </p>
   </div>
   <div class='ocr_carea' id='block_1_100' title="bbox 416 5113 2067 5184">
    <p class='ocr_par' dir='ltr' id='par_1_100' title="bbox 416 5113 2067 5184">
     <span class='ocr_line' id='line_1_100' title="bbox 416 5113 2067 5184; baseline -0.005 -7"><span class='ocrx_word' id='word_1_773' title='bbox 416 5121 465 5177; x_wconf 92' lang='lat' dir='ltr'><strong>si</strong></span> <span class='ocrx_word' id='word_1_774' title='bbox 501 5118 665 5175; x_wconf 88' lang='lat' dir='ltr'><strong>Pauli</strong></span> <span class='ocrx_word' id='word_1_775' title='bbox 698 5114 966 5172; x_wconf 83' lang='lat' dir='ltr'><strong>fortassis</strong></span> <span class='ocrx_word' id='word_1_776' title='bbox 995 5130 1164 5170; x_wconf 88' lang='lat' dir='ltr'><strong>soror</strong></span> <span class='ocrx_word' id='word_1_777' title='bbox 1190 5117 1363 5170; x_wconf 84' lang='lat' dir='ltr'><strong>erat?</strong></span> <span class='ocrx_word' id='word_1_778' title='bbox 1392 5136 1417 5164; x_wconf 75' lang='grc' dir='ltr'><strong>α</strong></span> <span class='ocrx_word' id='word_1_779' title='bbox 1449 5113 1795 5184; x_wconf 86' lang='lat' dir='ltr'><strong>Suscipiatis</strong></span> <span class='ocrx_word' id='word_1_780' title='bbox 1847 5115 1909 5169; x_wconf 91' lang='lat' dir='ltr'><strong>in</strong></span> <span class='ocrx_word' id='word_1_781' title='bbox 1951 5114 2067 5169; x_wconf 89' lang='lat' dir='ltr'><strong>Do-</strong></span> 
     </span>
    </p>
   </div>
   <div class='ocr_carea' id='block_1_101' title="bbox 412 5200 2068 5274">
    <p class='ocr_par' dir='ltr' id='par_1_101' title="bbox 412 5200 2068 5274">
     <span class='ocr_line' id='line_1_101' title="bbox 412 5200 2068 5274; baseline -0.006 -9"><span class='ocrx_word' id='word_1_782' title='bbox 412 5208 658 5266; x_wconf 80' lang='lat' dir='ltr'><strong>mino.»</strong></span> <span class='ocrx_word' id='word_1_783' title='bbox 722 5202 824 5260; x_wconf 88' lang='lat' dir='ltr'><strong>Vel</strong></span> <span class='ocrx_word' id='word_1_784' title='bbox 883 5207 1127 5274; x_wconf 88' lang='lat' dir='ltr'><strong>propter</strong></span> <span class='ocrx_word' id='word_1_785' title='bbox 1184 5201 1524 5268; x_wconf 88' lang='lat' dir='ltr'><strong>Dominum,</strong></span> <span class='ocrx_word' id='word_1_786' title='bbox 1588 5201 1680 5256; x_wconf 87' lang='lat' dir='ltr'><strong>vel</strong></span> <span class='ocrx_word' id='word_1_787' title='bbox 1737 5200 2068 5259; x_wconf 90' lang='lat' dir='ltr'><strong>secundum</strong></span> 
     </span>
    </p>
   </div>
   <div class='ocr_carea' id='block_1_102' title="bbox 413 5288 2069 5359">
    <p class='ocr_par' dir='ltr' id='par_1_102' title="bbox 413 5288 2069 5359">
     <span class='ocr_line' id='line_1_102' title="bbox 413 5288 2069 5359; baseline -0.005 -6"><span class='ocrx_word' id='word_1_788' title='bbox 413 5295 734 5353; x_wconf 89' lang='lat' dir='ltr'><strong>Dominum</strong></span> <span class='ocrx_word' id='word_1_789' title='bbox 785 5312 815 5343; x_wconf 79' lang='lat'>»</span> <span class='ocrx_word' id='word_1_790' title='bbox 837 5293 924 5346; x_wconf 89' lang='lat' dir='ltr'><strong>Ita</strong></span> <span class='ocrx_word' id='word_1_791' title='bbox 940 5296 1010 5348; x_wconf 87' lang='lat' dir='ltr'><strong>ut</strong></span> <span class='ocrx_word' id='word_1_792' title='bbox 1029 5288 1200 5346; x_wconf 90' lang='lat' dir='ltr'><strong>decet</strong></span> <span class='ocrx_word' id='word_1_793' title='bbox 1222 5295 1478 5344; x_wconf 89' lang='lat' dir='ltr'><strong>sanctos.</strong></span> <span class='ocrx_word' id='word_1_794' title='bbox 1505 5311 1531 5334; x_wconf 73' lang='grc' dir='ltr'><strong>ιι</strong></span> <span class='ocrx_word' id='word_1_795' title='bbox 1559 5288 1864 5359; x_wconf 85' lang='lat' dir='ltr'><strong>E0,inquit</strong></span> <span class='ocrx_word' id='word_1_796' title='bbox 1889 5289 2069 5344; x_wconf 91' lang='lat' dir='ltr'><strong>modo</strong></span> 
     </span>
    </p>
   </div>
   <div class='ocr_carea' id='block_1_103' title="bbox 417 5376 2069 5456">
    <p class='ocr_par' dir='ltr' id='par_1_103' title="bbox 417 5376 2069 5456">
     <span class='ocr_line' id='line_1_103' title="bbox 417 5376 2069 5456; baseline -0.002 -19"><span class='ocrx_word' id='word_1_797' title='bbox 417 5401 532 5456; x_wconf 90' lang='lat' dir='ltr'><strong>quo</strong></span> <span class='ocrx_word' id='word_1_798' title='bbox 564 5383 736 5439; x_wconf 91' lang='lat' dir='ltr'><strong>decet</strong></span> <span class='ocrx_word' id='word_1_799' title='bbox 765 5388 1002 5438; x_wconf 88' lang='lat' dir='ltr'><strong>sanctos</strong></span> <span class='ocrx_word' id='word_1_800' title='bbox 1033 5377 1354 5449; x_wconf 89' lang='lat' dir='ltr'><strong>suscipere.</strong></span> <span class='ocrx_word' id='word_1_801' title='bbox 1387 5377 1638 5449; x_wconf 90' lang='lat' dir='ltr'><strong>Duplam</strong></span> <span class='ocrx_word' id='word_1_802' title='bbox 1700 5376 1866 5433; x_wconf 89' lang='lat' dir='ltr'><strong>dedit</strong></span> <span class='ocrx_word' id='word_1_803' title='bbox 1912 5394 2069 5434; x_wconf 71' lang='lat' dir='ltr'><strong>curse</strong></span> 
     </span>
    </p>
   </div>
   <div class='ocr_carea' id='block_1_104' title="bbox 415 5465 2068 5545">
    <p class='ocr_par' dir='ltr' id='par_1_104' title="bbox 415 5465 2068 5545">
     <span class='ocr_line' id='line_1_104' title="bbox 415 5465 2068 5545; baseline -0.002 -17"><span class='ocrx_word' id='word_1_804' title='bbox 415 5472 605 5545; x_wconf 85' lang='lat' dir='ltr'><strong>ipsius</strong></span> <span class='ocrx_word' id='word_1_805' title='bbox 635 5473 1010 5528; x_wconf 87' lang='lat' dir='ltr'><strong>occasionem</strong></span> <span class='ocrx_word' id='word_1_806' title='bbox 1036 5486 1048 5524; x_wconf 91' lang='lat'>:</span> <span class='ocrx_word' id='word_1_807' title='bbox 1085 5474 1142 5524; x_wconf 91' lang='lat' dir='ltr'><strong>et</strong></span> <span class='ocrx_word' id='word_1_808' title='bbox 1172 5473 1237 5524; x_wconf 90' lang='lat' dir='ltr'><strong>ut</strong></span> <span class='ocrx_word' id='word_1_809' title='bbox 1265 5473 1508 5541; x_wconf 83' lang='lat' dir='ltr'><strong>pr0pter</strong></span> <span class='ocrx_word' id='word_1_810' title='bbox 1539 5465 1854 5523; x_wconf 89' lang='lat' dir='ltr'><strong>Dominum</strong></span> <span class='ocrx_word' id='word_1_811' title='bbox 1877 5467 2068 5539; x_wconf 89' lang='lat' dir='ltr'><strong>ipsam</strong></span> 
     </span>
    </p>
   </div>
   <div class='ocr_carea' id='block_1_105' title="bbox 420 5559 1694 5635">
    <p class='ocr_par' dir='ltr' id='par_1_105' title="bbox 420 5559 1694 5635">
     <span class='ocr_line' id='line_1_105' title="bbox 420 5559 1694 5635; baseline -0.002 -18"><span class='ocrx_word' id='word_1_812' title='bbox 420 5563 811 5634; x_wconf 85' lang='lat' dir='ltr'><strong>susciperent,</strong></span> <span class='ocrx_word' id='word_1_813' title='bbox 845 5567 902 5617; x_wconf 90' lang='lat' dir='ltr'><strong>et</strong></span> <span class='ocrx_word' id='word_1_814' title='bbox 935 5559 1091 5635; x_wconf 92' lang='lat' dir='ltr'><strong>quod</strong></span> <span class='ocrx_word' id='word_1_815' title='bbox 1123 5561 1252 5633; x_wconf 88' lang='lat' dir='ltr'><strong>ipsa</strong></span> <span class='ocrx_word' id='word_1_816' title='bbox 1282 5563 1488 5616; x_wconf 87' lang='lat' dir='ltr'><strong>sancta</strong></span> <span class='ocrx_word' id='word_1_817' title='bbox 1519 5561 1694 5616; x_wconf 88' lang='lat' dir='ltr'><strong>esset.</strong></span> 
     </span>
    </p>
   </div>
   <div class='ocr_carea' id='block_1_106' title="bbox 488 5677 1065 5748">
    <p class='ocr_par' dir='ltr' id='par_1_106' title="bbox 488 5677 1065 5748">
     <span class='ocr_line' id='line_1_106' title="bbox 488 5677 1065 5748; baseline 0.003 -14"><span class='ocrx_word' id='word_1_818' title='bbox 488 5677 537 5718; x_wconf 70' lang='grc'>⁸⁸</span> <span class='ocrx_word' id='word_1_819' title='bbox 563 5677 770 5737; x_wconf 69' lang='grc' dir='ltr'>ιωιιλ.</span> <span class='ocrx_word' id='word_1_820' title='bbox 794 5693 949 5748; x_wconf 75' lang='lat' dir='ltr'><strong>xxvi,</strong></span> <span class='ocrx_word' id='word_1_821' title='bbox 975 5679 1065 5736; x_wconf 72' lang='grc' dir='ltr'><strong>ιι.</strong></span> 
     </span>
    </p>
   </div>
   <div class='ocr_carea' id='block_1_107' title="bbox 2175 4668 3304 4740">
    <p class='ocr_par' dir='ltr' id='par_1_107' title="bbox 2175 4668 3304 4740">
     <span class='ocr_line' id='line_1_107' title="bbox 2175 4668 3304 4740; baseline 0.001 -16"><span class='ocrx_word' id='word_1_822' title='bbox 2175 4669 2265 4724; x_wconf 85' lang='grc' dir='ltr'><strong>καὶ</strong></span> <span class='ocrx_word' id='word_1_823' title='bbox 2295 4670 2393 4738; x_wconf 75' lang='grc' dir='ltr'>τὴν</span> <span class='ocrx_word' id='word_1_824' title='bbox 2416 4670 2533 4724; x_wconf 86' lang='grc' dir='ltr'>κατ’</span> <span class='ocrx_word' id='word_1_825' title='bbox 2565 4669 2715 4724; x_wconf 79' lang='grc' dir='ltr'>οἶκον</span> <span class='ocrx_word' id='word_1_826' title='bbox 2748 4668 2923 4724; x_wconf 73' lang='grc' dir='ltr'>αὐτῶν</span> <span class='ocrx_word' id='word_1_827' title='bbox 2954 4670 3304 4740; x_wconf 80' lang='grc' dir='ltr'>Ἐκκλησίαν.</span> 
     </span>
    </p>
   </div>
   <div class='ocr_carea' id='block_1_108' title="bbox 2251 4755 3834 4833">
    <p class='ocr_par' dir='ltr' id='par_1_108' title="bbox 2251 4755 3834 4833">
     <span class='ocr_line' id='line_1_108' title="bbox 2251 4755 3834 4833; baseline 0.003 -21"><span class='ocrx_word' id='word_1_828' title='bbox 2251 4759 2388 4833; x_wconf 87' lang='grc' dir='ltr'>Ὅρα</span> <span class='ocrx_word' id='word_1_829' title='bbox 2420 4755 2509 4813; x_wconf 84' lang='grc' dir='ltr'><strong>διὰ</strong></span> <span class='ocrx_word' id='word_1_830' title='bbox 2537 4758 2719 4812; x_wconf 87' lang='grc' dir='ltr'>πόσων</span> <span class='ocrx_word' id='word_1_831' title='bbox 2748 4758 2915 4826; x_wconf 76' lang='grc' dir='ltr'>αὐτὴν</span> <span class='ocrx_word' id='word_1_832' title='bbox 2977 4759 3247 4831; x_wconf 80' lang='grc' dir='ltr'>σεμνύνει,</span> <span class='ocrx_word' id='word_1_833' title='bbox 3297 4757 3518 4830; x_wconf 79' lang='grc' dir='ltr'>Ἐπειδὴ</span> <span class='ocrx_word' id='word_1_834' title='bbox 3571 4761 3709 4831; x_wconf 73' lang='grc' dir='ltr'>αὕτη</span> <span class='ocrx_word' id='word_1_835' title='bbox 3768 4764 3834 4832; x_wconf 66' lang='grc' dir='ltr'><strong>ἦν</strong></span> 
     </span>
    </p>
   </div>
   <div class='ocr_carea' id='block_1_109' title="bbox 2180 4847 3829 4924">
    <p class='ocr_par' dir='ltr' id='par_1_109' title="bbox 2180 4847 3829 4924">
     <span class='ocr_line' id='line_1_109' title="bbox 2180 4847 3829 4924; baseline 0.004 -20"><span class='ocrx_word' id='word_1_836' title='bbox 2180 4847 2570 4922; x_wconf 79' lang='grc' dir='ltr'>διακομίζουσα</span> <span class='ocrx_word' id='word_1_837' title='bbox 2597 4852 2697 4920; x_wconf 83' lang='grc' dir='ltr'><strong>τήν</strong></span> <span class='ocrx_word' id='word_1_838' title='bbox 2740 4849 3064 4920; x_wconf 75' lang='grc' dir='ltr'>ἐπιστολὴν,</span> <span class='ocrx_word' id='word_1_839' title='bbox 3124 4856 3344 4922; x_wconf 67' lang='grc' dir='ltr'><strong>συνισκιῖᾷ¹</strong></span> <span class='ocrx_word' id='word_1_840' title='bbox 3399 4852 3566 4924; x_wconf 77' lang='grc' dir='ltr'>αὐτὴν</span> <span class='ocrx_word' id='word_1_841' title='bbox 3614 4854 3829 4917; x_wconf 75' lang='grc' dir='ltr'>αὐτοῖς.</span> 
     </span>
    </p>
   </div>
   <div class='ocr_carea' id='block_1_110' title="bbox 2180 4935 3825 5018">
    <p class='ocr_par' dir='ltr' id='par_1_110' title="bbox 2180 4935 3825 5018">
     <span class='ocr_line' id='line_1_110' title="bbox 2180 4935 3825 5018; baseline 0.004 -25"><span class='ocrx_word' id='word_1_842' title='bbox 2180 4938 2440 5011; x_wconf 83' lang='grc' dir='ltr'>Σεμνύνει</span> <span class='ocrx_word' id='word_1_843' title='bbox 2472 4935 2548 5002; x_wconf 73' lang='grc' dir='ltr'>δὲ,</span> <span class='ocrx_word' id='word_1_844' title='bbox 2579 4943 2659 5008; x_wconf 77' lang='grc' dir='ltr'>τῷ</span> <span class='ocrx_word' id='word_1_845' title='bbox 2689 4940 2912 5014; x_wconf 86' lang='grc' dir='ltr'>πρώτης</span> <span class='ocrx_word' id='word_1_846' title='bbox 2947 4942 3278 5012; x_wconf 77' lang='grc' dir='ltr'>μεμνῆσθαι,</span> <span class='ocrx_word' id='word_1_847' title='bbox 3310 4941 3399 4996; x_wconf 77' lang='grc' dir='ltr'><strong>καὶ</strong></span> <span class='ocrx_word' id='word_1_848' title='bbox 3448 4946 3528 5014; x_wconf 77' lang='grc' dir='ltr'><strong>τῷ</strong></span> <span class='ocrx_word' id='word_1_849' title='bbox 3575 4938 3825 5018; x_wconf 70' lang='grc' dir='ltr'>ἀδελφὴν</span> 
     </span>
    </p>
   </div>
   <div class='ocr_carea' id='block_1_111' title="bbox 2177 5023 3826 5112">
    <p class='ocr_par' dir='ltr' id='par_1_111' title="bbox 2177 5023 3826 5112">
     <span class='ocr_line' id='line_1_111' title="bbox 2177 5023 3826 5112; baseline 0.003 -29"><span class='ocrx_word' id='word_1_850' title='bbox 2177 5027 2423 5085; x_wconf 79' lang='grc' dir='ltr'>καλέσαι.</span> <span class='ocrx_word' id='word_1_851' title='bbox 2458 5023 2609 5085; x_wconf 72' lang='grc' dir='ltr'>Τιδε</span> <span class='ocrx_word' id='word_1_852' title='bbox 2631 5027 2750 5083; x_wconf 73' lang='grc' dir='ltr'>’ἶσον</span> <span class='ocrx_word' id='word_1_853' title='bbox 2770 5031 2864 5082; x_wconf 87' lang='lat'><strong>106</strong></span> <span class='ocrx_word' id='word_1_854' title='bbox 2916 5030 3053 5084; x_wconf 81' lang='grc' dir='ltr'>εἶναι</span> <span class='ocrx_word' id='word_1_855' title='bbox 3107 5033 3205 5084; x_wconf 85' lang='lat'><strong>106</strong></span> <span class='ocrx_word' id='word_1_856' title='bbox 3265 5028 3483 5086; x_wconf 83' lang='grc' dir='ltr'>Παύλου</span> <span class='ocrx_word' id='word_1_857' title='bbox 3541 5029 3826 5112; x_wconf 73' lang='grc' dir='ltr'>ἀδελφήνς</span> 
     </span>
    </p>
   </div>
   <div class='ocr_carea' id='block_1_112' title="bbox 2180 5114 3826 5196">
    <p class='ocr_par' dir='ltr' id='par_1_112' title="bbox 2180 5114 3826 5196">
     <span class='ocr_line' id='line_1_112' title="bbox 2180 5114 3826 5196; baseline 0.002 -27"><span class='ocrx_word' id='word_1_858' title='bbox 2180 5114 2604 5191; x_wconf 79' lang='grc' dir='ltr'><strong>‹‹11ρ;σδέξτ,σθε</strong></span> <span class='ocrx_word' id='word_1_859' title='bbox 2657 5116 2708 5170; x_wconf 81' lang='grc' dir='ltr'>ἐν</span> <span class='ocrx_word' id='word_1_860' title='bbox 2769 5115 2975 5192; x_wconf 86' lang='grc' dir='ltr'>Κορίῳ.</span> <span class='ocrx_word' id='word_1_861' title='bbox 3015 5143 3034 5167; x_wconf 75' lang='grc' dir='ltr'><strong>ο</strong></span> <span class='ocrx_word' id='word_1_862' title='bbox 3104 5118 3175 5173; x_wconf 81' lang='grc' dir='ltr'><strong>’Ἡ</strong></span> <span class='ocrx_word' id='word_1_863' title='bbox 3234 5115 3322 5174; x_wconf 81' lang='grc' dir='ltr'><strong>διὰ</strong></span> <span class='ocrx_word' id='word_1_864' title='bbox 3377 5119 3467 5174; x_wconf 86' lang='grc' dir='ltr'>τὸν</span> <span class='ocrx_word' id='word_1_865' title='bbox 3528 5121 3754 5196; x_wconf 70' lang='grc' dir='ltr'>Κύριον,</span> <span class='ocrx_word' id='word_1_866' title='bbox 3789 5124 3826 5192; x_wconf 71' lang='grc' dir='ltr'><strong>ἢ</strong></span> 
     </span>
    </p>
   </div>
   <div class='ocr_carea' id='block_1_113' title="bbox 2177 5205 3821 5286">
    <p class='ocr_par' dir='ltr' id='par_1_113' title="bbox 2177 5205 3821 5286">
     <span class='ocr_line' id='line_1_113' title="bbox 2177 5205 3821 5286; baseline 0.004 -26"><span class='ocrx_word' id='word_1_867' title='bbox 2177 5205 2315 5260; x_wconf 82' lang='grc' dir='ltr'>κατᾶ</span> <span class='ocrx_word' id='word_1_868' title='bbox 2344 5205 2564 5279; x_wconf 86' lang='grc' dir='ltr'>Κύριον.</span> <span class='ocrx_word' id='word_1_869' title='bbox 2603 5230 2630 5258; x_wconf 94' lang='grc'><strong>‹‹</strong></span> <span class='ocrx_word' id='word_1_870' title='bbox 2662 5205 2765 5261; x_wconf 78' lang='grc' dir='ltr'><strong>Καὶ</strong></span> <span class='ocrx_word' id='word_1_871' title='bbox 2796 5206 2958 5277; x_wconf 77' lang='grc' dir='ltr'>ἀξίως</span> <span class='ocrx_word' id='word_1_872' title='bbox 2989 5209 3096 5260; x_wconf 82' lang='grc' dir='ltr'><strong>τῶν</strong></span> <span class='ocrx_word' id='word_1_873' title='bbox 3143 5207 3332 5283; x_wconf 80' lang='grc' dir='ltr'>ἁγίων.</span> <span class='ocrx_word' id='word_1_874' title='bbox 3363 5233 3391 5261; x_wconf 71' lang='grc' dir='ltr'>ι»</span> <span class='ocrx_word' id='word_1_875' title='bbox 3449 5211 3546 5267; x_wconf 82' lang='lat' dir='ltr'><strong>&quot;Ov</strong></span> <span class='ocrx_word' id='word_1_876' title='bbox 3592 5210 3821 5286; x_wconf 79' lang='grc' dir='ltr'>τρόπον,</span> 
     </span>
    </p>
   </div>
   <div class='ocr_carea' id='block_1_114' title="bbox 2175 5291 3818 5372">
    <p class='ocr_par' dir='ltr' id='par_1_114' title="bbox 2175 5291 3818 5372">
     <span class='ocr_line' id='line_1_114' title="bbox 2175 5291 3818 5372; baseline 0.003 -23"><span class='ocrx_word' id='word_1_877' title='bbox 2175 5296 2330 5372; x_wconf 75' lang='grc' dir='ltr'>φησὶ,</span> <span class='ocrx_word' id='word_1_878' title='bbox 2390 5294 2582 5367; x_wconf 71' lang='grc' dir='ltr'>πρέπει</span> <span class='ocrx_word' id='word_1_879' title='bbox 2651 5294 2842 5372; x_wconf 78' lang='grc' dir='ltr'>ἁγίους</span> <span class='ocrx_word' id='word_1_880' title='bbox 2933 5291 3205 5370; x_wconf 71' lang='grc' dir='ltr'>δέχεσθαι,</span> <span class='ocrx_word' id='word_1_881' title='bbox 3293 5295 3502 5367; x_wconf 81' lang='grc' dir='ltr'>Διπλῆν</span> <span class='ocrx_word' id='word_1_882' title='bbox 3583 5296 3818 5355; x_wconf 69' lang='grc' dir='ltr'>δέδωκεν</span> 
     </span>
    </p>
   </div>
   <div class='ocr_carea' id='block_1_115' title="bbox 2175 5382 3820 5464">
    <p class='ocr_par' dir='ltr' id='par_1_115' title="bbox 2175 5382 3820 5464">
     <span class='ocr_line' id='line_1_115' title="bbox 2175 5382 3820 5464; baseline 0.003 -26"><span class='ocrx_word' id='word_1_883' title='bbox 2175 5382 2310 5455; x_wconf 83' lang='grc' dir='ltr'>αύτῇ</span> <span class='ocrx_word' id='word_1_884' title='bbox 2351 5383 2635 5458; x_wconf 75' lang='grc' dir='ltr'>θεραπείας</span> <span class='ocrx_word' id='word_1_885' title='bbox 2688 5383 2967 5461; x_wconf 71' lang='grc' dir='ltr'>ἀφορμὴν,</span> <span class='ocrx_word' id='word_1_886' title='bbox 3025 5384 3115 5438; x_wconf 84' lang='grc' dir='ltr'><strong>καὶ</strong></span> <span class='ocrx_word' id='word_1_887' title='bbox 3172 5386 3256 5457; x_wconf 89' lang='grc' dir='ltr'>τὸ,</span> <span class='ocrx_word' id='word_1_888' title='bbox 3317 5387 3414 5442; x_wconf 83' lang='grc' dir='ltr'><strong>Διὰ</strong></span> <span class='ocrx_word' id='word_1_889' title='bbox 3470 5387 3560 5442; x_wconf 84' lang='grc' dir='ltr'><strong>τὸν</strong></span> <span class='ocrx_word' id='word_1_890' title='bbox 3621 5390 3820 5464; x_wconf 73' lang='grc' dir='ltr'>Κύριον</span> 
     </span>
    </p>
   </div>
   <div class='ocr_carea' id='block_1_116' title="bbox 2177 5468 3442 5552">
    <p class='ocr_par' dir='ltr' id='par_1_116' title="bbox 2177 5468 3442 5552">
     <span class='ocr_line' id='line_1_116' title="bbox 2177 5468 3442 5552; baseline 0.003 -24"><span class='ocrx_word' id='word_1_891' title='bbox 2177 5471 2346 5540; x_wconf 76' lang='grc' dir='ltr'>αὐτὴν</span> <span class='ocrx_word' id='word_1_892' title='bbox 2379 5468 2660 5548; x_wconf 76' lang='grc' dir='ltr'>δεχθῆναι,</span> <span class='ocrx_word' id='word_1_893' title='bbox 2691 5473 2780 5530; x_wconf 78' lang='grc' dir='ltr'>καὶ</span> <span class='ocrx_word' id='word_1_894' title='bbox 2810 5473 2872 5528; x_wconf 86' lang='grc' dir='ltr'>τὸ</span> <span class='ocrx_word' id='word_1_895' title='bbox 2903 5474 3040 5530; x_wconf 84' lang='grc' dir='ltr'>εἶναι</span> <span class='ocrx_word' id='word_1_896' title='bbox 3073 5473 3238 5545; x_wconf 72' lang='grc' dir='ltr'>αῧτὴν</span> <span class='ocrx_word' id='word_1_897' title='bbox 3270 5476 3442 5552; x_wconf 87' lang='grc' dir='ltr'>ἁγίαν.</span> 
     </span>
    </p>
   </div>
  </div>
