4106 6252
406 302 525 364 629

1535 300 1952 364 COMMENT.
2002 301 2081 361 IN
2122 299 2368 364 EPIST.
2414 303 2518 365 AD
2554 304 2741 367 ROM.

3634 316 3893 378 7630.

491 459 519 489 ει
552 432 658 491 Καὶ
689 438 1007 510 παραστῆτε
1036 432 1197 509 αὐτῇ.
1230 456 1256 489 ι
1290 434 1446 507 Ὁρᾷς
1497 432 1559 488 τὸ
1585 430 1926 509 ἁνεπαχθὲς;
1959 433 2056 491 Ούι

2260 435 2412 492 409
2439 458 2463 488 α
2497 437 2566 495 Et
2590 436 2797 495 adsitis
2823 440 2899 496 ei.
2928 463 2949 490 ι
2996 441 3170 498 Vides
3216 448 3507 515 quantum
3530 445 3736 521 fugiat,
3770 467 3845 509 ne

420 525 591 593 εἶπεν,
624 525 730 590 ὅτι,
785 522 1164 595 Ἀπαλλάξατε
1219 524 1387 593 αὐτὴν
1446 522 1508 579 ἐκ
1560 528 1666 578 τῶν
1700 522 2082 595 ἰπικε·μὲνων,

421 614 592 684 ἀλλὰ,
624 639 652 667 (ι
685 616 1033 690 Παράσττ,τε,
1067 638 1094 666 ι)
1153 615 1421 680 τουτὲστι,
1469 614 1550 670 Τὰ
1579 614 1707 688 παρ’
1759 614 1911 687 ὑμῶν
1941 612 2080 668 εἷσε-

420 705 667 781 νέγκατε,
698 706 789 759 καὶ
850 710 1011 780 χεῖρα
1079 705 1313 781 όρέξατε.
1378 729 1405 756 α
1440 705 1736 781 ῐΙροστάτις
1765 701 2013 759 πολλῶν.
2046 723 2072 755 ιι

421 795 667 869 Μέγαςὸ
713 792 955 861 ἔπαινος,
1013 794 1101 849 καὶ
1156 796 1341 856 ἱκανὸς
1395 794 1593 855 αὐτοὺς
1650 793 2077 867 προτρέψασθαι.

1098 885 1169 939 Τὸ
1230 884 1483 959 μέγιστον
1539 884 1836 961 ἐγκώμιον,
1890 884 2075 939 τελευ-

414 980 568 1034 ταῖον
601 974 826 1030 τέθεικε.
892 975 1148 1047 Μακαρία
1201 974 1301 1050 γὰρ
1352 970 1521 1035 ὅντως
1554 976 1588 1043 ἠ
1622 971 1911 1044 δυνηθεῖσα
1941 992 2079 1050 προ-

418 908 449 937 a
488 888 594 944 Καῖ
624 884 792 939 αὐτοῦ
822 883 980 957 ἐμοῦ.
1018 907 1046 930 η

415 1071 613 1134 στῆναι
671 1064 763 1118 καὶ
823 1062 1123 1118 ἀναπαῦσαι
1178 1066 1277 1132 τήν
1359 1062 1512 1136 ἁγίαν
1585 1064 1771 1137 ψυχὴν
1833 1062 2073 1121 Παύλου.

416 1180 444 1207 α
479 1154 669 1212 Αὐτοῦ
702 1152 857 1224 ἱμοῦ.
896 1175 925 1203 »
954 1151 1212 1208 Τουτὲστι
1241 1155 1339 1207 τοῦ
1380 1151 1745 1219 Ἀποστόλου,
1775 1156 1872 1207 τοῦ
1900 1153 2073 1227 κήρυ-

418 1264 535 1311 κος,
591 1248 691 1299 τοῦ
749 1240 1081 1300 διδασκάλου
1136 1249 1237 1311 τῆς
1297 1241 1647 1315 οἷκουμὲνης.
1678 1266 1706 1295 ι(
1738 1241 2073 1298 ’Δσπάσασθε

422 1332 758 1408 Πρίσκιλλαν
807 1332 900 1389 καὶ
950 1332 1181 1392 Ἀκύλαν
1229 1332 1357 1391 τοὺς
1410 1330 1702 1407 συνεργούς
1746 1352 1873 1405 μου.
1906 1354 1936 1384 »
1968 1338 2071 1390 Συ-

418 1426 723 1498 νήργησαν,
792 1423 977 1501 φησὶν,
1056 1420 1108 1476 iv
1190 1418 1419 1497 διδαχῇ,
1486 1420 1538 1477 iv
1606 1426 1954 1497 πειρασμοῖς,
2019 1419 2071 1477 iv

412 1508 712 1576 κινδύνοις.
771 1510 951 1587 Μάγας
1009 1509 1069 1569 δὶ
1119 1511 1148 1567 ὁ
1202 1507 1446 1573 ἔπαινος.
1506 1512 1658 1573 Τινὲς
1690 1506 1749 1566 δὲ
1780 1508 2068 1585 συνεργοὺς

409 1600 642 1665 τούτους
671 1600 749 1665 ὡς
779 1598 1143 1672 σκηνοποιοὺς
1202 1598 1293 1655 καὶ
1349 1597 1549 1662 αὐτοὺς
1608 1594 1764 1661 ὄντας
1822 1598 2067 1670 ἐνόησαν.

412 1686 662 1749 α’Δλλὰ
719 1691 809 1745 καὶ
860 1694 1027 1745 πᾶσαι
1075 1690 1133 1745 αἳ
1190 1687 1516 1760 Ἐκκλησίαι
1575 1694 1683 1745 τῶν
1711 1686 1900 1754 ἐθνῶν.
1933 1710 1964 1742 ››
1993 1693 2068 1745 ’Ἠ

2188 524 2474 580 molestus
2506 527 2599 581 sit.
2621 528 2747 583 Non
2764 527 2938 584 dixit:
2964 529 3213 586 Eximite
3236 548 3369 587 eam
3393 533 3465 590 ab
3499 535 3847 609 impenden-

2189 613 2347 669 tibus
2369 616 2480 670 sibi
2510 617 2703 681 malis,
2731 618 2833 673 sed
2871 642 2891 666 α
2924 620 3165 687 Adsitis,
3204 644 3231 670 »
3264 622 3375 678 hoc
3408 631 3515 688 est,
3551 630 3746 698 quoad
3778 631 3838 687 in

2187 704 2351 759 vobis
2378 712 2467 760 est
2486 706 2723 779 benigni
2750 709 2900 774 sitis,
2920 726 3282 782 manumque
3304 715 3604 785 porrigite,
3636 739 3663 767 ‹‹
3685 720 3841 774 Asti-

2187 792 2259 847 tit
2279 794 2754 867 multis.»Magna
2776 798 2905 853 laus
2919 805 2978 854 et
2999 816 3129 872 quae
3152 801 3493 858 suiﬁciatad
3515 821 3615 859 eos
3632 808 3841 862 exhor'

2186 884 2453 941 tandum.
2470 908 2495 933 ‹‹
2513 886 2582 939 Et
2599 886 2743 940 mihi
2762 887 2894 957 ipsi.
2919 908 2942 937 ν
2959 888 3124 953 Quod
3145 891 3467 950 maximum
3484 896 3831 953 eratultimo

2190 972 2325 1027 loco
2358 974 2575 1045 posuit,
2609 991 2741 1031 vere
2774 976 2930 1030 enim
2964 976 3138 1032 beata
3166 985 3275 1041 est,
3309 996 3440 1050 quae
3468 984 3660 1054 potuit
3688 1001 3835 1041 san-

2183 1068 2337 1117 ctam
2360 1063 2525 1120 Pauli
2540 1064 2801 1119 animam
2821 1064 3168 1121 refocillare.
3196 1091 3221 1116 ‹‹
3240 1069 3377 1123 Mihi
3394 1070 3524 1142 ipsi.
3550 1093 3576 1119 υ
3594 1076 3711 1128 Hoc
3723 1079 3835 1143 est,

2132 1186 2133 1189 η
2183 1152 2485 1224 Apostolo,
2509 1154 2934 1221 concionatori,
2954 1158 3254 1214 communi
3279 1158 3439 1213 orbis
3457 1164 3830 1233 praeceptori.

2186 1262 2215 1291 «
2242 1240 2505 1299 Salutate
2538 1242 2870 1300 Priscillam
2890 1250 2949 1298 et
2973 1246 3247 1316 Aquilam
3271 1246 3572 1318 adjutores
3594 1267 3777 1309 meos.
3802 1274 3832 1301 »

2183 1331 2461 1389 Auxiliati
2488 1338 2646 1396 sunt,
2671 1333 2889 1404 inquit,
2916 1335 2979 1390 in
3000 1335 3359 1405 doctrina,in
3376 1342 3837 1412 tentationibus,

2180 1421 2243 1476 in
2264 1421 2567 1493 periculis.
2592 1424 2694 1479 Est
2723 1429 2923 1479 autem
2954 1426 3063 1481 hoc
3088 1442 3315 1499 magnai
3338 1428 3554 1486 laudis.
3578 1433 3831 1499 Quidam

2178 1526 2313 1566 vero
2343 1512 2452 1567 hos
2473 1511 2777 1584 adjutores
2798 1513 3246 1585 intellexerunt,
3273 1519 3433 1589 quod
3454 1521 3568 1592 ipsi
3592 1538 3831 1596 quoque

2178 1598 2697 1658 tabernaculorum
2728 1606 2987 1660 textores
3017 1610 3238 1661 essent.
3292 1627 3322 1658 α
3353 1606 3463 1663 Sed
3511 1615 3571 1665 et
3619 1626 3828 1670 omnes

2176 1688 2454 1745 Ecclesia
2483 1690 2769 1762 gentium.
2807 1713 2835 1740 »
2871 1693 2970 1748 Vel
3025 1699 3268 1766 propter
3324 1696 3676 1769 doctrinam,
3737 1700 3828 1759 vel

412 1776 503 1837 διὰ
532 1781 635 1869 τὴν
672 1776 1042 1869 διδασκαλίαν,
1072 1778 1108 1849 ἢ
1139 1776 1233 1836 διὰ
1284 1780 1385 1851 τὴν
1438 1778 1498 1836 in
1519 1782 1626 1833 τῶν
1657 1779 1963 1869 χρημάτων
1992 1777 2056 1835 εἷς

2177 1784 2417 1852 propter
2444 1778 2792 1839 facultatum
2825 1781 2886 1837 in
2917 1781 3054 1838 illos
3103 1782 3505 1843 collationem.
3543 1809 3573 1839 α
3604 1791 3686 1846 Ac
3717 1789 3826 1847 do-

409 1868 612 1932 αύτοίσς
645 1868 1021 1945 συνεισωοράν.
1062 1891 1087 1923 ιι
1117 1870 1214 1924 Καὶ
1268 1869 1366 1937 τήν
1398 1869 1515 1924 κατ’
1546 1869 1697 1923 οἷκον
1726 1867 1903 1924 αὐτῶν
1936 1866 2065 1925 Ἐκ-

406 1960 669 2031 κλησίαν.
712 1982 733 2013 ο
768 1959 959 2021 Οὕτως
992 1957 1050 2015 δὲ
1073 1959 1208 2029 ἦσαν
1242 1954 1549 2033 εὐδόκιμοι,
1580 1958 1663 2014 ὅτι
1708 1959 1797 2015 καὶ
1847 1959 1941 2013 τὸν
1974 1958 2065 2013 οἴ-

405 2072 501 2107 κον
555 2052 740 2107 αὐτῶν
801 2050 1094 2121 ἐκκλησίαν
1151 2050 1430 2116 δποίησαν.
1460 2051 1532 2105 Ἥ
1565 2051 1649 2104 δτι
1678 2050 1895 2104 πανοικὶ
1928 2048 2062 2118 ἦσαν

402 2143 616 2209 πιστοὶ,
650 2142 725 2204 ὡς
754 2142 848 2197 τὸν
884 2141 1035 2196 οἷκον
1069 2140 1266 2199 λοιπὸν
1294 2140 1587 2212 ἐκκλησίαν
1620 2140 1775 2197 εἶναι.

474 2232 823 2296 Ἀσπάσασθε
878 2231 1187 2286 Ἐπαίνετον
1267 2230 1359 2286 τὸν
1447 2230 1727 2308 ἀγαπητόν
1806 2250 1935 2305 μου,
2004 2231 2064 2293 ὃς

399 2326 544 2383 ἔστιν
601 2324 828 2401 ἀπαρχή
892 2329 990 2392 τῆς
1077 2323 1309 2399 Ἀχαῒας
1393 2322 1469 2386 είς
1551 2323 1803 2395 Χριστόν.
1863 2323 2066 2379 Ἀσπά-

396 2418 558 2471 σασθε
618 2415 872 2490 Μαριᾶμ,
931 2412 1054 2483 ἥτις
1135 2411 1320 2469 πολλὰ
1413 2411 1698 2468 ἐκοπίασεν
1759 2412 1836 2476 εἰς
1891 2415 2059 2484 ἡμᾶς.

390 2506 742 2569 Ἀσπάσασθε
825 2502 1182 2579 Ἀνδρόνικον
1271 2505 1357 2557 καὶ
1444 2501 1695 2571 Ἰουνίαν,
1751 2503 1879 2565 τοὺς
1934 2521 2062 2575 συγ-

405 2602 581 2669 γενεῖς
673 2615 791 2665 μου,
876 2594 965 2648 καὶ
1053 2591 1551 2668 συναιχμαλώτους
1653 2613 1781 2664 μου,
1867 2591 2062 2652 οἳτινές

408 2684 551 2739 εἰσιν
617 2682 868 2753 ἐπίσημοι
946 2681 998 2737 iv
1079 2688 1198 2746 τοῖς
1280 2680 1634 2751 ἀποστόλοις,
1694 2679 1752 2735 o'l
1806 2680 1894 2735 καὶ
1955 2682 2060 2754 πρὸ

399 2772 545 2846 ἐμοῦ
608 2773 875 2847 γεγόνασιν
957 2770 1008 2827 iv
1095 2772 1334 2847 Χριστῷ.
1391 2770 1730 2826 Ἀσπάσασθε
1786 2768 2060 2843 Ἀμπλίαν

389 2863 490 2916 τὸν
561 2860 838 2934 ἀγαπητόν
932 2880 1036 2932 μου
1124 2858 1175 2914 ἐν
1258 2856 1463 2931 Κυρίῳ.
1527 2858 1861 2915 Ἀσπάσασθε
1912 2855 2057 2930 Οὔρ-

387 2944 561 3005 εανὸν
620 2949 717 3005 τὸν
776 2949 1031 3024 συνεργὸν
1088 2950 1248 3021 ἡμῶν
1338 2946 1389 3002 ἐν
1450 2950 1694 3019 Χριστῷ,
1762 2948 1852 3002 καὶ
1912 2946 2054 3003 Στά-

387 3058 491 3114 χυν
580 3042 676 3093 τὸν
762 3037 1040 3115 ἀγαπητόν
1130 3058 1256 3111 μου.
1344 3037 1683 3094 Ἀσπάσασθε
1755 3034 2053 3104 Ἀπελλῆν,

2176 1870 2484 1925 mesticam
2516 1870 2758 1927 illorum
2789 1872 3135 1928 Ecclesiam.
3164 1895 3191 1923 »
3225 1875 3385 1931 Adeo
3418 1876 3588 1949 probi
3623 1884 3681 1934 et
3707 1880 3827 1939 vir-

2175 1956 2282 2015 tuti
2314 1959 2532 2015 addicti
2557 1966 2745 2028 erant,
2768 1966 2833 2015 ut
2855 1978 3022 2017 suam
3043 1963 3222 2018 etiam
3245 1963 3486 2021 domum
3511 1967 3824 2026 ecclesiam

2172 2046 2440 2103 fecerint.
2475 2048 2580 2105 Vel
2610 2049 2829 2106 drcitur
2876 2051 3008 2120 hoc,
3068 2052 3208 2124 quia
3258 2069 3465 2111 omnes
3515 2056 3824 2116 domestici

2174 2136 2383 2193 fideles
2414 2143 2603 2205 erant,
2640 2145 2706 2196 ut
2726 2140 2851 2212 jam
2884 2140 3096 2197 domus
3127 2149 3286 2199 esset
3316 2146 3607 2203 Ecclesia.

2242 2228 2385 2294 XVI,
2441 2231 2593 2283 5-16.
2647 2229 2894 2287 Salutate
2941 2234 3261 2302 Epaznetum
3308 2235 3569 2291 dilectum
3622 2254 3820 2306 meum,

2168 2331 2267 2386 qui
2298 2323 2376 2371 est
2400 2318 2604 2387 primm
2634 2318 2849 2373 Achaia
2878 2322 2936 2373 in
2970 2320 3268 2376 Christum.
3294 2324 3543 2380 Salutate
3561 2328 3818 2397 Mariam,

2168 2420 2290 2476 qua
2319 2407 2552 2460 multum
2603 2407 2873 2461 laboravit
2930 2425 3061 2478 erga
3116 2427 3232 2466 nos.
3288 2412 3540 2468 Salutate
3594 2417 3817 2473 Andro-

2165 2497 2351 2550 nicum
2382 2501 2432 2549 et
2454 2498 2679 2550 Iuniam
2717 2503 2973 2565 cognatos
3004 2514 3146 2553 meos
3177 2507 3229 2554 et
3260 2505 3607 2571 concaptivos
3651 2521 3814 2573 meos,

2167 2587 2265 2656 qui
2291 2591 2418 2639 sunt
2457 2584 2700 2655 insignes
2730 2588 2872 2641 inter
2901 2587 3189 2657 apostolos,
3224 2589 3324 2659 qui
3352 2593 3518 2645 etiam
3548 2600 3677 2648 ante
3730 2611 3817 2650 me

2164 2676 2393 2743 fuerunt
2423 2674 2484 2729 in
2510 2676 2742 2730 Christo.
2777 2677 3028 2732 Salutate
3048 2678 3329 2747 Ampliam
3353 2678 3615 2736 dilectum
3637 2698 3815 2739 meum

2166 2766 2225 2817 in
2255 2765 2505 2820 Domino.
2540 2766 2791 2821 Salutate
2827 2768 3105 2822 Urbanum
3134 2769 3447 2836 adjutorem
3476 2777 3722 2827 nostrum
3752 2775 3815 2828 in

2168 2854 2380 2910 Christo
2407 2871 2419 2909 :
2452 2862 2505 2909 et
2536 2855 2779 2928 Stachyn
2808 2856 3067 2911 dilectum
3099 2873 3295 2913 meum.
3339 2859 3591 2916 Salutate
3641 2862 3818 2932 Apel-

2166 2942 2267 2997 lem
2313 2945 2612 3014 probatum
2668 2947 2729 2997 in
2769 2945 3005 3001 Christo.
3063 2946 3314 3001 Salutate
3365 2963 3452 3003 eos
3513 2953 3611 3020 qui
3682 2958 3814 3007 sunt

2162 3049 2230 3088 ex
2256 3032 2553 3087 Aristobuli
2580 3033 2760 3088 domo.
2802 3033 3054 3087 Salutate
3102 3034 3471 3090 llerodionem
3517 3048 3810 3107 cognatum

389 3130 481 3183 τὸν
538 3124 770 3201 δόκιμον
852 3125 903 3181 ἐν
961 3131 1190 3202 χριστῷ.
1250 3126 1591 3184 Ἀσπάσασθε
1648 3124 1774 3188 τοὺς
1830 3124 1890 3180 ἐκ
1942 3130 2052 3179 τῶν

398 3218 446 3233 ,Α
620 3210 650 3233 ρ
703 3215 747 3233 I‘
935 3215 979 3233 9-
1095 3214 1107 3232 Ι
1220 3226 1238 3233 Α
1352 3216 1423 3233 νυν
1503 3211 1551 3233 δ’
1790 3214 1803 3231 \

2166 3137 2359 3176 meum.
2380 3121 2630 3177 Salutate
2660 3136 2747 3176 eos
2769 3122 2867 3193 qui
2885 3128 3011 3177 sunt
3044 3138 3112 3177 ea:
3142 3125 3385 3179 Narcissi
3410 3126 3806 3193 familiaribus,

395 3210 848 3288 Ἀριστοϐούλου.
935 3214 1273 3279 ’Δσπάσασθε
1352 3211 1668 3288 ’Ἠροδίωνα
1750 3214 1842 3269 τὸν
1923 3235 2048 3292 συγ-

403 3307 535 3378 γενῆ
607 3326 719 3374 μου.
806 3305 1143 3362 Ἀσπάσασθε
1227 3303 1356 3367 τοὺς
1441 3302 1501 3358 ἐκ
1553 3308 1658 3359 τῶν
1718 3303 2047 3379 Ναρκίσσου,

405 3393 532 3454 τοὺς
612 3392 760 3457 ὄντας
842 3393 895 3450 iv
979 3394 1187 3468 Κυρίῳ.
1297 3394 1635 3451 Ἀσπάσασθε
1738 3393 2048 3472 Τρύφαιναν

400 3482 485 3537 καί
541 3484 836 3559 Τρυφῶσαν
904 3485 999 3546 τὰς
1057 3483 1333 3545 κοπιώσας
1417 3482 1471 3537 iv
1553 3482 1753 3559 Κυρίῳ.
1844 3482 2046 3539 Ἀσπά-

393 3584 555 3636 σασθε
621 3570 860 3647 Περσίδα
915 3574 1013 3640 τήν
1079 3572 1387 3648 ἀγαπητὴν,
1444 3571 1567 3642 ἥτις
1652 3571 1841 3627 πολλὰ
1923 3572 2045 3627 ἐκο-

389 3661 582 3717 πίασεν
687 3659 741 3716 iv
857 3662 1059 3736 Κυρίῳ.
1192 3661 1529 3716 ’Δσπάσασθε
1628 3661 1855 3735 Ῥοῦφον
1958 3662 2047 3716 τὸν

391 3748 651 3805 ὶκλεκτὸν
720 3749 769 3804 iv
826 3750 1031 3825 Κυρίῳ,
1114 3749 1204 3805 καὶ
1280 3751 1377 3819 τὴν
1443 3749 1654 3825 μητέρα
1734 3750 1898 3806 αὐτοῦ
1957 3751 2047 3805 καὶ

392 3837 549 3909 ἰμοῦ.
640 3838 982 3903 Ἀσπάσασθε
1067 3836 1447 3913 Ἀσύγκριτον,
1534 3836 1835 3914 Φλέγοντα,
1921 3841 2047 3913 Ἐρ-

612 3922 912 4001 Πατρόϐαν,
995 3929 1224 4001 Ἑρμῆν,
1308 3929 1395 3983 καὶ
1480 3926 1607 3990 τοὺς
1692 3927 1786 3982 σὺν
1854 3929 2043 3990 αὐτοῖς

394 3931 523 3999 μᾶν,
612 3926 912 4001 Πατρόϐαν,
995 3929 1224 4002 Ἑρμῆν,
1308 3929 1395 3983 καὶ
1480 3926 1607 3990 τοὺς

389 4014 686 4090 ἀδελφούς.
755 4018 1089 4080 Ἀσπάσασθε
1136 4013 1453 4089 Φιλόλογον
1509 4016 1600 4071 καὶ
1656 4015 1920 4085 Ἰουλίαν,
1983 4018 2163 4093 Νηρέα
2218 4015 2309 4070 καὶ
2354 4016 2453 4081 τήν
2535 4010 2777 4088 ἀδελφὴν
2860 4013 3047 4081 αὑτοῦ,
3126 4014 3215 4066 καὶ
3302 4011 3617 4087 Ὀλυμπᾶν,

1988 4104 2272 4177 ἀλλήλους
2356 4102 2405 4157 iv
2486 4099 2763 4181 φιλήματι
2848 4100 3006 4174 ἁγίῳ.
3082 4099 3439 4172 Ἀσπάζονται
3525 4104 3665 4177 ὑμᾶς
3746 4108 3802 4160 αἱ

389 4106 515 4166 τοὺς
572 4103 666 4160 σὺν
718 4105 899 4169 αὐτοῖς
982 4105 1184 4167 πάντας
1268 4105 1481 4183 ἁγίους.
1564 4105 1903 4162 Ἀσπάσασθε

390 4192 717 4264 Ἐκκλησίαι
746 4198 847 4249 τοῦ
876 4195 1132 4270 Χριστοῦ.

2158 3212 2259 3285 qui
2281 3215 2492 3269 suntin
2539 3213 2786 3268 Domino.
2840 3212 3088 3267 Salutate
3138 3215 3499 3285 Tryphanam
3546 3224 3597 3273 et
3646 3220 3810 3290 Thry-

2149 3301 2403 3372 phosam,
2434 3316 2556 3371 qua
2585 3299 2848 3356 laborant
2879 3302 2938 3355 in
2969 3301 3196 3356 Domino
3250 3302 3499 3359 Salutate
3530 3306 3806 3363 Persidem

2156 3390 2432 3454 dilectam,
2465 3406 2592 3460 quae
2618 3390 2851 3444 multum
2882 3390 3152 3446 laboravit
3181 3393 3238 3446 in
3268 3392 3520 3448 Domino.
3554 3393 3804 3452 Salutate

2158 3482 2361 3546 Rufum
2379 3480 2606 3536 electum
2626 3483 2685 3534 in
2709 3480 2955 3540 Domino.
2979 3488 3030 3536 et
3058 3488 3287 3537 matrem
3314 3484 3484 3554 ipsius
3513 3500 3576 3539 ac
3604 3502 3799 3542 meam.

2157 3569 2407 3627 Salutate
2431 3572 2805 3641 Asyncritum,
2819 3570 3185 3641 Phlegontem,
3201 3573 3478 3639 Hermam,
3492 3575 3799 3645 Patrobam,

2155 3664 2620 3732 Hermen,quique
2641 3677 2763 3716 cum
2784 3660 2895 3715 illis
2915 3668 3040 3716 sunt
3060 3662 3541 3729 fratres.Salutate
3559 3666 3773 3721 Philolo
3787 3694 3802 3707 -

2155 3769 2285 3823 gum
2306 3757 2358 3806 et
2377 3750 2605 3813 Juliam,
2630 3751 2859 3803 Nereum
2882 3755 2933 3803 et
2956 3766 3194 3804 sororem
3218 3752 3388 3820 ipsius
3408 3767 3471 3805 ac
3494 3751 3804 3822 Olympam,

2156 3847 2208 3896 et
2231 3855 2408 3894 omnes
2424 3841 2665 3909 quicum
2690 3839 2821 3907 ipsis
2842 3843 2971 3892 sunt
2990 3844 3223 3893 sanctos.
3247 3839 3501 3894 Salutate
3530 3855 3618 3895 vos
3649 3844 3740 3896 41
3755 3842 3803 3899 ο

2157 3931 2388 3984 invicem
2424 3927 2607 3982 osculo
2635 3932 2841 3981 sancto.
2877 3925 3133 3981 Salutant
3161 3942 3252 3981 vos
3283 3928 3534 3982 Ecclesiw
3569 3928 3802 3986 Christi.

3706 4038 3795 4072 και

460 4291 615 4365 Μέγα
678 4292 739 4348 τὸ
797 4293 935 4347 εἶναι
992 4291 1211 4349 Παύλου
1269 4291 1578 4371 ἀγαπητὸν,
1624 4297 1722 4348 τοῦ
1751 4292 1921 4369 κρίσει
1952 4292 2041 4348 καὶ

2222 4296 2493 4367 Magnum
2522 4296 2649 4347 erat
2693 4289 2858 4346 Pauli
2907 4288 3188 4346 dilectum
3240 4306 3390 4355 esse,
3447 4296 3651 4362 utpote
3699 4292 3801 4364 qui

392 4380 453 4435 οὗ
512 4383 650 4456 πρὸς
709 4382 872 4457 χάριν
928 4380 1105 4459 φιλεῖν
1164 4380 1395 4447 εἰδότος.
1459 4384 1745 4457 Ἀπαργὴν
1797 4380 1854 4438 δὶ
1883 4382 2042 4439 αὐτὸν

2166 4384 2377 4453 iudicio
2410 4388 2468 4438 et
2489 4398 2606 4437 non
2640 4380 2713 4436 ad
2744 4382 2993 4454 gratiam
3026 4380 3177 4435 solet
3205 4379 3470 4452 diligere.
3500 4381 3800 4438 Primitias

391 4469 563 4544 λέγει,
596 4473 629 4539 ἤ
665 4471 749 4527 ὃτι
802 4477 1021 4546 πρῶτος
1080 4470 1407 4541 ἐπίστευσεν,
1434 4473 1468 4541 ἣ
1497 4473 1583 4529 ’ὁτι
1640 4470 1867 4528 πλείονα
1910 4473 2041 4526 πάν-

391 4582 498 4617 των
556 4554 841 4615 εὐλάϐειαν
902 4557 1267 4618 ἐπεδείκνυτο.
1322 4563 1440 4619 Ἵνα
1488 4560 1546 4616 δὲ
1587 4563 1661 4634 μὴ
1694 4561 1928 4635 νομίσῃς
1960 4561 2041 4616 ὅτι

392 4648 444 4707 iv
504 4655 794 4723 κοσμικοῖς
849 4649 916 4719 ἦν
978 4651 1292 4728 πράγμασιν
1352 4650 1603 4731 ἀπαρχὴ,
1661 4650 2039 4724 προστίθησινο

392 4739 489 4801 Ei:
519 4740 772 4814 Χριστόν.
807 4762 837 4792 ››
868 4771 937 4781 —
968 4765 992 4789 α
1031 4740 1223 4794 Πολλὰ
1252 4740 1552 4796 ἐκοπίασεν.
1589 4764 1617 4791 ››
1650 4737 1922 4795 Δείκνυσιν
1956 4738 2040 4794 ὅτι

400 4829 532 4898 μετᾶ
585 4836 685 4899 τῆς
744 4826 1120 4895 διδασκαλίας,
1180 4828 1271 4882 καὶ
1326 4827 1480 4904 ἓτερα
1536 4828 1807 4902 κέκμηκεν
1838 4827 1915 4892 εἷς
1945 4828 2043 4884 αύ-

393 4917 539 4977 τούς.
600 4942 625 4969 ‹‹
660 4918 757 4982 Εἷς
810 4920 981 4990 ἡμᾶς.
1018 4941 1045 4969 ››
1098 4915 1170 4973 Οὐ
1232 4917 1417 4990 μόνον,
1472 4917 1658 4996 φησὶν,
1722 4917 1797 4979 είς
1842 4918 2037 4987 ἑαυτήν

392 5004 807 5071 ἰκοπίασεν,’ίνα
867 5010 1039 5080 σωθῇ,
1080 5006 1226 5062 ἀλλὰ
1273 5006 1363 5061 καὶ
1415 5006 1490 5069 εἷς
1521 5010 1692 5080 ἡμᾶς,
1725 5005 2038 5063 ἀποστόλου

381 5096 527 5168 τάξιν
586 5094 877 5170 πληροῦσα
932 5095 1021 5151 καὶ
1100 5095 1504 5171 εὐαγγελιστοῦ.
1566 5101 1689 5158 Πῶς
1749 5094 1842 5150 οὖν
1898 5097 2036 5165 εἶπε,

383 5210 410 5237 ‹‹
441 5185 667 5242 Γυναικὶ
699 5183 757 5240 δὲ
807 5181 1077 5240 διδάσκειν
1140 5184 1239 5239 οὐκ
1294 5184 1566 5259 ἐπιτρέπω
1593 5205 1607 5254 ;
1644 5211 1671 5237 n
1725 5188 1841 5255 Τῆς
1874 5186 1929 5240 iv
1960 5187 2038 5259 τῷ

384 5275 533 5348 μέσῳ
567 5274 662 5330 καὶ
716 5280 885 5345 κοινῷ
943 5272 1230 5349 προεδρίας
1285 5274 1453 5343 αὐτὴν
1511 5275 1761 5342 κωλύων,
1817 5276 2037 5344 καὶτῆς

382 5363 433 5419 iv
460 5366 675 5440 βήματι
734 5360 1015 5438 καθέδρας,
1071 5363 1133 5418 οὐ
1190 5370 1290 5434 τῆς
1329 5368 1426 5419 τοῦ
1458 5362 1629 5440 λόγου
1660 5361 2034 5427 διδασκαλίας.

383 5478 411 5503 ει
443 5453 547 5512 Καὶ
610 5450 1104 5531 συναιχμαλώτους
1165 5474 1293 5525 μου.
1328 5476 1356 5505 »
1419 5454 1620 5522 Μεῖζον
1667 5453 1730 5509 τὸ
1762 5452 2034 5528 ἐγκώμιον

454 5617 500 5654 ⁸⁸
529 5619 553 5675 Ι
583 5614 733 5681 Tim.
767 5633 831 5689 ιι,
864 5618 949 5677 il.

2156 4480 2351 4532 autem
2386 4473 2557 4528 illum
2592 4471 2773 4527 dicit:
2806 4471 2897 4526 vel
2948 4470 3106 4543 quod
3155 4470 3382 4541 primus
3426 4470 3798 4540 credidisset,

2154 4564 2244 4619 vel
2275 4562 2433 4634 quod
2451 4563 2730 4634 pietatem
2755 4560 2984 4616 caeteris
3007 4559 3283 4615 omnibus
3296 4560 3581 4631 majorem
3600 4566 3797 4618 osten-

2153 4653 2354 4709 disset.
2391 4653 2470 4707 Ne
2494 4657 2689 4706 autem
2714 4656 2883 4722 putes
2912 4649 3068 4720 quod
3092 4649 3154 4703 in
3178 4648 3604 4720 temporalibus
3624 4650 3801 4707 rebus

2154 4748 2354 4801 essent
2374 4740 2670 4813 primitiae.
2688 4739 2880 4794 addit:
2905 4759 2933 4788 «
2958 4738 3018 4792 in
3040 4737 3411 4795 Christum.»
3427 4770 3491 4779 -
3511 4762 3530 4787 ι
3552 4740 3799 4798 Multum

2152 4832 2455 4889 laboravit.
2486 4850 2509 4879 ιο
2540 4828 2811 4885 Ostendit
2832 4827 2991 4898 quod
3014 4833 3228 4899 praeter
3241 4828 3646 4886 doctrinamin
3664 4831 3799 4887 aliis

2153 4938 2389 4994 quoque
2419 4936 2557 4992 erga
2584 4920 2742 4990 ipsos
2772 4916 3147 4973 laboraverit.
3178 4939 3205 4967 ‹.
3241 4919 3389 4991 Erga
3428 4936 3554 4974 nos.
3592 4941 3620 4970 ››
3672 4921 3797 4975 Non

2153 5013 2366 5076 solum,
2402 5009 2617 5080 inquit,
2651 5008 2809 5063 circa
2849 5008 3103 5079 seipsam
3162 5007 3471 5073 laboravit,
3522 5015 3587 5065 ut
3636 5009 3799 5065 salva

2152 5104 2327 5161 esset,
2359 5113 2560 5152 verum
2581 5096 2758 5152 etiam
2782 5096 2938 5150 circa
2960 5112 3088 5161 nos,
3111 5097 3361 5168 apostoli
3391 5096 3514 5151 vice
3543 5096 3797 5166 fungens

2149 5204 2217 5244 ac
2266 5186 2659 5259 evangelista.
2718 5184 3020 5250 Quomodo
3074 5201 3209 5256 ergo
3260 5185 3443 5239 dixit:
3488 5206 3515 5232 ‹‹
3566 5182 3795 5239 Mulieri

2150 5277 2360 5333 docere
2382 5292 2500 5331 non
2528 5274 2806 5341 permitto
2824 5275 2867 5310 ⁶⁶
2888 5274 2916 5329 ‘.’
2933 5295 2958 5323 ι)
2987 5290 3019 5328 a
3046 5274 3281 5346 publica
3302 5288 3517 5342 nempe
3538 5288 3606 5328 ac
3630 5288 3797 5328 com-

2147 5364 2315 5421 muni
2343 5361 2722 5436 praesidentia
2744 5377 2874 5417 eam
2900 5376 3128 5425 arcens,
3147 5365 3323 5430 atque
3348 5358 3794 5415 concionatorio

2148 5459 2440 5527 suggesto,
2481 5467 2602 5508 non
2661 5451 2822 5507 verbi
2876 5448 3229 5505 doctrina.»
3289 5449 3361 5506 Et
3414 5449 3791 5522 concaptivos
