4106 6252
403 320 519 385 631

1502 324 1916 390 CECUMENII
1960 323 2269 385 TRICCE
2311 324 2666 391 EPISCOPI

3705 340 3809 406 632

408 474 595 516 meos.
623 483 645 511 ι
683 459 869 528 Majus
891 460 1227 517 encomium
1252 465 1340 518 est
1369 462 1588 531 dicere,
1623 485 1650 512 «
1675 461 2050 533 Concaptivos

2172 457 2235 513 τὸ
2293 484 2320 552 ι‹
2356 463 2869 552 ’Συναιχμμαλώτὸυς
2933 487 3058 540 μου.
3119 492 3148 520 ››
3205 469 3576 546 Χαλαπώτιρα
3603 474 3707 552 γὰρ
3735 478 3814 533 αἱ·

406 566 572 606 meos
598 567 612 614 ;
635 571 664 598 »
683 549 1022 621 indigniora
1051 567 1310 622 namque
1332 554 1732 624 patiebantur,
1751 568 1930 623 quam
1955 550 2055 606 alii

401 639 640 710 captivi,
672 655 886 709 nempe
919 642 1394 711 persecutionem
1420 644 1807 709 sustinentes,
1835 648 1894 696 et
1914 657 2058 696 con-

397 729 647 784 tumelia
675 745 743 784 ac
783 730 1008 799 injuria
1040 731 1253 786 affecti.
1320 754 1342 782 α
1378 731 1664 804 lnsignes.
1704 754 1730 780 »
1785 733 2056 804 Magnum

401 817 642 886 quidem
675 822 765 873 est
795 833 925 872 esse
955 819 1276 889 apostolos,
1312 822 1639 878 maximum
1695 838 1855 886 vero,
1902 820 2059 874 inter

396 906 507 962 hos
529 922 660 962 esse
683 907 973 977 insignes.
1008 909 1160 973 «Qui
1183 910 1361 966 etiam
1385 917 1521 965 ante
1545 927 1661 965 me.
1689 930 1716 956 ν»
1735 907 2059 964 Considera

405 1001 670 1052 sanctam
703 995 869 1051 Pauli
897 996 1182 1052 animam.
1230 999 1356 1053 Non
1387 999 1612 1071 pudore
1644 997 1924 1060 afﬁcitur,
1958 995 2057 1051 di-

406 1099 590 1143 cens:
665 1085 790 1140 olli
849 1091 987 1140 ante
1046 1103 1140 1142 me
1199 1087 1431 1143 Christo
1491 1087 1895 1143 crediderunt.
1932 1108 2058 1134 »-

410 1195 437 1223 α
477 1173 824 1246 Adjutorem
871 1181 1144 1232 nostrum
1191 1177 1254 1230 in
1305 1175 1556 1231 Christo.
1593 1196 1622 1226 ››
1673 1177 1878 1248 Magna
1926 1172 2056 1230 laus

407 1262 708 1320 Urbanum
741 1263 924 1320 fuisse
957 1264 1315 1336 adjutorem.
1351 1266 1410 1321 id
1444 1272 1640 1320 tamen
1672 1266 1870 1336 majus
1901 1264 2059 1335 quod

403 1354 644 1424 adJutor
668 1354 847 1410 fuerit
877 1354 937 1411 in
973 1355 1262 1412 doctrina.
1301 1379 1328 1406 α
1365 1357 1628 1428 Apellam
1664 1356 1994 1428 probatum.
2028 1377 2056 1404 »

408 1443 616 1517 Utpote
636 1445 1246 1518 irreprehensibilem.
1272 1469 1301 1497 «
1325 1449 1436 1504 Eos
1458 1448 1557 1520 qui
1582 1453 1814 1505 suntex
1840 1447 2057 1502 Aristo-

408 1533 547 1594 bulo
580 1533 777 1591 domo.
820 1557 840 1583 ι
876 1537 1001 1591 Non
1034 1542 1206 1592 erant
1260 1537 1531 1593 fortassis
1586 1537 1794 1610 quales
1839 1536 2053 1609 primi:

408 1623 630 1681 idcirco
660 1640 856 1696 neque
886 1625 1243 1682 nominatim
1274 1627 1550 1683 meminit
1593 1626 1854 1684 illorum.
1889 1649 1914 1676 (ι
1950 1625 2058 1691 Qui

409 1719 549 1772 sunt
578 1712 638 1769 in
671 1714 944 1770 Domino.
984 1737 1004 1762 ι
1041 1714 1306 1786 ᾸΞσιιειὶίε
1332 1715 1609 1770 omnibus
1641 1715 1792 1780 laus,
1816 1713 1973 1785 quod
1996 1714 2057 1768 in

2167 547 2486 621 χμαλώτων
2547 549 2814 633 ἔπασχον,
2877 552 3231 631 διωκόμενοι,
3290 547 3817 634 ὑϐριζόμενοιξᾶδι-

2163 635 2444 710 κούμενοι.
2510 664 2532 690 ι
2579 642 2909 716 Ἐπίσημοι.
2964 667 2992 697 ››
3052 646 3201 720 Μέγα
3261 650 3355 722 μὲν
3411 653 3499 706 καὶ
3563 653 3631 707 τὸ
3692 655 3820 710 εἶναι

2161 723 2528 798 ἀποστόλους,
2557 731 2620 785 τὸ
2651 729 2708 786 δὲ
2737 733 2828 787 καὶ
2874 733 3178 806 ἐπισήμους
3211 736 3264 791 ἐν
3298 737 3506 806 αὐτοῖς,
3544 742 3818 816 μέγιστον.

2165 813 2409 871 «(ﬁnal
2465 819 2570 894 πρὸ
2629 818 2785 893 ἐμοῦ,
2823 846 2852 873 »
2911 824 3048 897 Ὅρα
3104 827 3200 895 τήν
3261 827 3417 904 ἁγίαν
3480 813 3824 904 ψυχῆιθ,οὖκ

2160 904 2546 982 ἐπαισχύνεται
2604 907 2803 988 λέγων,
2889 912 2975 968 ὅτι
3032 939 3059 964 ‹‹
3122 917 3233 988 Πρὸ
3301 917 3437 988 ἐμοῦ
3497 919 3822 977 ἐπίστευσαν

2162 993 2312 1049 οὗτοι
2359 1000 2436 1066 τῷ
2486 1000 2726 1073 Χριστῷ.
2763 1023 2790 1051 »
2821 1034 2890 1046 -
2920 1027 2948 1052 α
2983 1002 3086 1058 Τὸν
3115 1007 3372 1080 συνεργὸν
3403 1009 3572 1078 ἡμῶν
3605 1008 3660 1064 ὲν
3691 1012 3823 1082 Χρι-

2161 1088 2291 1154 στῷ.
2321 1111 2340 1137 ι
2381 1085 2567 1159 Μέγας
2590 1088 2618 1142 ὁ
2640 1085 2878 1154 ἔπαινος,
2912 1085 3185 1166 Οὐρϐανὸν
3216 1093 3306 1149 τὸν
3338 1097 3625 1172 συνεργὸν,
3659 1102 3823 1155 Τοῦτο

2165 1178 2369 1247 μεῖζον,
2429 1175 2514 1230 ὅτι
2572 1181 2831 1252 συνήργει
2888 1178 2940 1234 ἐν
2994 1184 3063 1254 τῇ
3095 1179 3436 1257 διδασκαλίᾳ·
3472 1209 3500 1238 ι(
3540 1184 3821 1257 Ἀπελλῆν

2161 1263 2250 1318 τὸν
2307 1259 2559 1334 δόκιμον,
2602 1288 2631 1318 ››
2689 1272 2807 1322 οἷον
2861 1267 3254 1338 ἀνεπίληπτον.
3316 1297 3345 1325 «
3400 1274 3541 1337 Τοὺς
3609 1276 3672 1331 ἐκ
3723 1283 3826 1332 τῶν

2161 1347 2611 1425 Ἀριστοόοὒλοψ
2646 1379 2674 1407 ››
2705 1357 2863 1420 Ἴσως
2922 1359 3021 1414 οὐκ
3072 1361 3208 1430 ἦσαν
3273 1361 3348 1424 ὡς
3381 1364 3434 1418 οἱ
3464 1369 3715 1440 πρῶτοι,
3750 1365 3829 1423 διὸ

2163 1437 2290 1496 οὐδὲ
2321 1441 2580 1514 ὀνομαστὶ
2612 1443 2789 1502 αὐτῶν
2851 1445 3116 1520 ἐμνήσθη.
3176 1475 3207 1502 ‹‹
3260 1453 3400 1513 Τοὺς
3432 1437 3600 1516 ὄντας
3637 1454 3690 1510 ἐν
3723 1459 3825 1514 Κυ-

2165 1528 2278 1604 ρίῳ.
2315 1555 2339 1581 ιο
2382 1533 2527 1593 Ἴσος
2585 1539 2745 1588 πᾶσιν
2791 1537 2818 1590 ὁ
2870 1533 3112 1607 ἔπαινος,
3167 1539 3249 1595 ’ὁτι
3289 1539 3340 1595 ἐν
3378 1542 3580 1616 Κυρίῳ
3612 1545 3829 1614 ﬁdem?)

2161 1615 2273 1674 ἐστι
2303 1620 2507 1708 πιστοί.
2543 1645 2571 1674 ‹‹
2603 1624 2713 1684 Τάς
2742 1626 3022 1689 κοπιώσας
3053 1626 3104 1682 ἐν
3134 1629 3341 1704 Κυρίῳ.
3374 1655 3402 1680 ν
3434 1615 3575 1705 Περὶ
3615 1635 3826 1708 Μαρίας

2165 1708 2272 1762 ἄνω
2303 1704 2502 1784 ἔλεγεν.
2537 1735 2564 1762 ‹‹
2597 1713 2748 1775 Ἤτις
2780 1713 2968 1770 πολλὰ
3015 1714 3288 1775 ἐκοπίασε.
3324 1745 3345 1772 ι
3381 1704 3608 1784 Ταύτας
3644 1704 3725 1793 δὲ,
3757 1717 3828 1779 ἔτι

407 1803 657 1860 Domino
689 1808 909 1865 essent.
941 1803 1054 1860 hoc
1083 1811 1192 1870 est,
1228 1803 1454 1860 fideles.
1479 1827 1506 1854 «
1532 1805 1669 1870 Quae
1693 1803 1966 1859 laborant
1995 1803 2050 1858 in

2165 1798 2441 1860 κοπιώσας
2499 1799 2669 1877 Λέγει.
2730 1803 2820 1858 Διὸ
2884 1804 3082 1880 μείζων
3139 1807 3167 1861 ὁ
3223 1800 3464 1870 ἔπαινος.
3515 1811 3828 1886 «Περσίδα

403 1894 676 1950 Domino.
710 1914 741 1944 »
764 1894 844 1949 De
872 1893 1051 1948 Maria
1081 1894 1352 1964 superius
1375 1891 1560 1950 dixit:
1587 1916 1613 1942 ‹‹
1638 1894 1776 1959 Quae
1801 1892 2056 1948 multum

404 1982 732 2039 laboravit:
767 2003 797 2032 κ
829 1981 901 2038 de
933 1981 1026 2036 his
1076 1996 1211 2038 vero
1263 1999 1426 2038 nunc
1475 1983 1619 2037 dicit
1658 1981 1815 2054 quod
1864 1981 2058 2038 adhuc

404 2070 680 2129 laborent
707 2086 721 2124 :
754 2071 948 2140 major
979 2070 1178 2141 itaque
1210 2070 1339 2127 laus
1371 2076 1477 2126 est.
1515 2093 1542 2120 »
1575 2072 1877 2128 Persidem
1910 2070 2057 2126 dile-

410 2164 586 2216 ctam.
626 2179 650 2208 ι)
686 2159 820 2214 Haec
853 2159 1046 2231 major
1075 2164 1202 2214 erat
1244 2159 1574 2232 Tryphaena
1631 2165 1691 2217 et
1736 2160 2058 2233 Tryphosa,

411 2254 539 2306 tum
573 2247 731 2320 quod
763 2247 997 2316 dilecta,
1039 2253 1165 2304 tum
1199 2249 1356 2321 quod
1389 2249 1645 2306 multum
1684 2249 2056 2308 laboraverit.

413 2360 440 2389 «
477 2338 544 2394 Et
572 2343 821 2394 matrem
849 2338 1036 2410 ipsius
1067 2354 1134 2394 ac
1165 2355 1380 2396 meam.
1415 2360 1444 2391 ››
1478 2340 1706 2411 Duplex
1728 2339 1973 2408 bonum,
2003 2345 2061 2396 et

412 2429 570 2500 quod
609 2428 767 2484 filius
805 2427 985 2483 fuerit
1015 2429 1482 2501 reprehensione
1512 2446 1745 2498 carens,
1793 2436 1854 2487 et
1900 2429 2059 2500 quod

407 2524 600 2574 mater
655 2519 933 2574 virtutem
989 2517 1211 2574 colens.
1249 2550 1313 2561 —
1357 2521 1540 2576 Porro
1599 2519 1713 2576 hoc
1765 2520 2061 2592 signiﬁcat

404 2607 562 2679 quod
595 2607 796 2664 addit:
861 2632 886 2655 α
923 2607 994 2662 Et
1039 2623 1254 2663 meam.
1292 2629 1321 2658 »
1352 2639 1421 2650 —
1452 2633 1477 2657 α
1514 2611 1584 2664 Et
1641 2609 1740 2679 qui
1790 2624 1923 2664 cum
1973 2609 2058 2664 eis

404 2701 544 2751 sunt
574 2696 805 2752 fratres.
834 2718 860 2744 ››
886 2697 1156 2766 Magnum
1189 2713 1426 2766 quoque
1457 2703 1584 2752 erat
1604 2697 1714 2751 hoc
1737 2713 1868 2751 esse
1891 2696 2058 2750 Pauli

402 2784 636 2842 fratres.
695 2806 725 2835 ‹‹
758 2784 1129 2856 Philologum
1191 2790 1248 2839 et
1299 2785 1532 2840 Juliam.
1571 2806 1599 2835 »
1659 2784 2056 2851 Philologum,

408 2887 586 2944 quem
618 2871 875 2941 primum
908 2869 1154 2941 Sinopes
1176 2871 1517 2942 episcopum
1551 2871 1734 2927 fuisse
1765 2871 1934 2927 aiunt
1949 2871 2056 2926 sub

407 2958 648 3016 Andrea
711 2981 742 3009 α
771 2961 842 3014 Et
870 2974 1078 3015 omnes
1109 2960 1210 3032 qui
1243 2976 1376 3016 cum
1410 2960 1555 3031 ipsis
1582 2966 1721 3015 sunt
1741 2967 1997 3016 sanctos.
2025 2980 2056 3010 »

407 3045 572 3114 Quod
615 3049 662 3104 si
695 3047 905 3113 sancti,
943 3065 1061 3104 non
1093 3066 1273 3122 parva
1295 3049 1425 3105 laus
1456 3049 1696 3104 illorum
1745 3055 1853 3106 est.
1903 3051 2046 3104 411

402 3160 433 3192 α
465 3139 724 3197 Salutate
753 3157 856 3195 vos
888 3141 1160 3196 invicem.
1195 3162 1224 3191 »
1257 3141 1474 3198 Omnes
1500 3157 1658 3196 nunc
1716 3139 2051 3211 permistim

2163 1888 2263 1977 τήν
2319 1888 2625 1961 ἀγαπητήν.
2688 1891 2837 1960 Αὕτη
2903 1893 3101 1965 μείζων
3157 1897 3466 1974 Τρυφαίνης
3522 1901 3628 1955 καὶ
3685 1904 3827 1977 Τρυ-

2162 1974 2372 2054 φώσης,
2405 1977 2488 2032 ὃτι
2545 1999 2604 2035 τε
2659 1979 2940 2058 ἀγαπητὴ,
2997 1983 3087 2038 καὶ
3140 1985 3222 2041 ὃτι
3281 1985 3468 2044 πολλα
3505 1989 3826 2051 ἐκοπίασεν.

2165 2087 2193 2116 ‹‹
2227 2065 2322 2120 Καὶ
2363 2068 2462 2137 τήν
2524 2067 2734 2144 μητέρα
2785 2070 2953 2125 αὑτοῦ
3009 2073 3095 2127 καὶ
3157 2073 3314 2146 ἐμοῦ.
3355 2102 3374 2125 υ
3411 2076 3665 2134 Διπλοῦν
3696 2083 3826 2158 άγαο

2164 2153 2276 2218 θὸν,
2332 2155 2416 2223 τὸ,
2475 2156 2562 2212 καὶ
2624 2159 2713 2212 τὸν
2770 2158 2885 2213 υἱὸν
2944 2159 3082 2216 εἶναι
3141 2160 3534 2235 ἀνεπίληπτον,
3602 2153 3826 2238 καὶτὴν

2167 2242 2373 2319 μητέρα
2402 2243 2664 2320 ἐνάρετον.
2698 2251 2872 2302 Τοῦτο
2904 2249 3009 2326 γάρ
3053 2246 3223 2317 δῃλοῖ
3271 2253 3355 2320 τὸ,
3388 2278 3415 2305 (ι
3451 2256 3557 2314 Καὶ
3599 2256 3762 2330 ἑμοῦ.
3803 2281 3827 2309 ω

2161 2364 2232 2376 --
2263 2351 2287 2376 ιι
2321 2332 2418 2387 Καὶ
2469 2332 2596 2396 τοὺς
2636 2335 2727 2390 σὺν
2762 2336 2950 2399 αὐτοῖς
3008 2333 3299 2418 ἆδελιροῦς.
3332 2365 3359 2394 ››
3394 2343 3542 2417 Μέγα
3574 2347 3675 2402 καὶ
3707 2347 3828 2402 τοῦ-

2163 2442 2302 2491 τοις,
2346 2423 2408 2477 τὸ
2466 2423 2599 2477 εἶναι
2662 2424 2881 2480 Παῦλου
2939 2424 3229 2503 ἀδελφούς.
3292 2455 3319 2482 ιι
3357 2430 3683 2509 Φιλόλογον
3737 2438 3824 2491 καὶ

2165 2508 2418 2576 Ἰουλίαν,
2451 2530 2478 2561 ι)
2511 2512 2619 2568 Τὸν
2678 2511 3015 2590 Φιλόλογον,
3073 2517 3128 2571 δν
3192 2515 3416 2591 λέγουσι
3445 2508 3672 2597 πρῶτον
3698 2521 3818 2580 ἐπί-

2165 2619 2364 2653 σκοπον
2407 2597 2651 2675 γενέσθαι
2710 2604 2966 2673 Σινώπης
3028 2604 3131 2659 ὑπὸ
3191 2604 3462 2682 Ἀνδρέου.
3503 2634 3524 2663 ιι
3564 2612 3664 2667 Καὶ
3691 2615 3817 2674 τοὺς

2165 2688 2256 2742 σὺν
2282 2687 2469 2749 αὐτοῖς
2500 2690 2701 2754 πάντας
2743 2691 2953 2766 ἁγίους.
2991 2717 3018 2744 ››
3078 2694 3143 2752 El
3200 2692 3257 2750 δὲ
3315 2696 3485 2774 ἆγιοι,
3523 2700 3584 2754 οὗ
3622 2703 3811 2777 μικρὸν

2164 2774 2348 2840 αὑτοῖς
2377 2778 2438 2830 τὸ
2480 2775 2770 2852 ἐγκώμιον.
2831 2805 2860 2832 ‹‹
2889 2781 3225 2840 ’Δσπάτασθε
3280 2784 3587 2857 ἀλλήλους.
3625 2774 3648 2836 ὲ
3703 2774 3804 2846 Νῦν

2163 2865 2366 2924 πάντας
2398 2864 2588 2936 ἁναμῗξ
2621 2867 2859 2938 τίθησιν,
2887 2865 2980 2924 1’ἶνα
3014 2873 3088 2942 μή
3136 2893 3220 2934 τις
3254 2873 3401 2943 λύπη
3437 2878 3644 2950 γένηται
3676 2883 3796 2938 τοῖς

2167 2955 2242 3025 μὴ
2277 2953 2539 3026 ὀνομαστὶ
2593 2959 3062 3028 μεθημονευθεῖσιν.
3095 2985 3124 3012 ‹<
3162 2963 3251 3017 Ἐν
3281 2963 3541 3042 φιλήματι
3574 2963 3718 3038 ἁγίῳ.
3756 2988 3784 3015 κ

2162 3042 2282 3100 Ἔνι
2313 3043 2420 3117 γὰρ
2475 3043 2566 3096 καὶ
2620 3045 2694 3116 μὴ
2754 3045 2914 3120 ἁγίῳ.
2977 3070 3004 3099 ‹‹
3055 3049 3594 3123 Ἀσπάζονταιὺλιᾶᾳ
3627 3081 3647 3106 ι
3683 3053 3791 3108 Οὔκ

2162 3126 2240 3186 ἔτι
2270 3133 2359 3188 τὸν
2407 3129 2552 3187 δεῖνα
2577 3133 2612 3202 ἢ
2645 3135 2736 3188 τὸν
2794 3133 2962 3206 δεῖνα,
2993 3134 3122 3192 ἀλλ’
3151 3139 3553 3213 ἑκοινοποίησεν
3586 3143 3801 3213 αὑτοὺς,

401 3229 589 3302 ponit,
622 3245 696 3283 ne
730 3245 860 3298 quae
894 3229 1235 3284 suboriatur
1269 3229 1509 3284 tristitia
1539 3230 1630 3284 his
1650 3209 1902 3301 quorum
1929 3244 2050 3283 non

2161 3223 2242 3292 τὸ,
2281 3243 2302 3271 ι
2336 3223 2524 3295 Ὑμᾶς,
2558 3247 2578 3273 ο
2615 3223 2806 3281 εἰπών.

404 3322 495 3375 est
523 3318 878 3372 nominatim
905 3318 1060 3372 facta
1091 3318 1335 3373 mentio.
1371 3339 1398 3370 ι
1434 3319 1644 3374 Osculo
1695 3324 1919 3374 sancto.
1956 3338 1984 3368 »
2028 3318 2173 3373 Nam
2229 3315 2404 3370 etiam
2459 3330 2578 3371 non
2623 3322 2831 3372 sancto
2875 3319 3184 3394 contingit.
3226 3344 3254 3372 ιι
3303 3321 3576 3381 Salutant
3632 3340 3754 3382 vos.
3785 3345 3814 3375 υ

397 3405 520 3464 Iam
554 3421 675 3461 non
704 3406 862 3462 hunc
891 3405 981 3460 vel
1012 3405 1204 3473 lllum,
1239 3408 1336 3461 sed
1374 3407 1534 3477 ipsos
1564 3407 1626 3461 in
1657 3407 1960 3462 communi
1990 3404 2199 3471 univit,
2232 3404 2437 3458 dicens
2475 3425 2502 3452 «
2540 3405 2669 3459 Vos.
2700 3425 2730 3455 »

469 3494 612 3559 XVI,
650 3497 835 3549 17-20.
872 3516 899 3542 «
934 3493 1187 3550 Obsecro
1219 3501 1416 3552 autem
1445 3511 1566 3561 vos,
1622 3494 1855 3561 fratres,
1907 3511 2052 3550 con-

405 3606 434 3634 «
470 3583 724 3638 siderate
759 3599 858 3638 eos
889 3583 988 3654 qui
1031 3583 1279 3638 dissidia
1325 3590 1383 3638 et
1431 3584 1788 3640 offendicula
1839 3590 2054 3655 praeter

411 3693 438 3725 α
468 3671 797 3728 doctrinam
831 3688 1007 3744 quam
1039 3690 1138 3727 vos
1172 3673 1483 3734 didicistis.
1509 3673 1758 3739 faciunt,
1790 3679 1848 3727 et
1877 3671 2052 3727 decli-

405 3783 433 3812 ‹‹
466 3767 604 3816 nate
635 3761 880 3816 abillis.
926 3763 1070 3816 Nam
1133 3761 1280 3816 tales
1332 3762 1580 3816 Domino
1633 3762 1770 3819 Jesu
1817 3760 2048 3815 Christo

397 3871 425 3901 «
452 3865 571 3908 non
604 3851 887 3912 serviunt,
922 3850 1025 3906 sed
1058 3867 1163 3906 suo
1213 3851 1399 3906 ventii
1428 3867 1440 3906 :
1493 3856 1550 3905 et
1597 3867 1702 3922 per
1751 3849 2044 3904 blandilo-

388 3962 414 3989 ‹‹
449 3941 758 4012 quentiam
787 3945 845 3994 et
873 3940 1338 3995 assentationem
1365 3940 1673 4011 decipiunt
1704 3939 1883 3994 corda
1914 3939 2049 3994 sim-

396 4051 424 4080 «
457 4030 722 4101 plicium.
758 4031 902 4085 Nam
936 4036 1127 4085 vestra
1167 4028 1508 4085 obedientia
1546 4029 1619 4083 ad
1652 4045 1861 4084 omnes
1911 4045 2046 4100 per-

391 4141 419 4170 «
453 4119 733 4176 manavit.
770 4119 1004 4175 Gaudeo
1038 4119 1216 4192 igitur
1244 4125 1486 4190 propter
1514 4136 1635 4175 vos.
1665 4119 1776 4175 Sed
1795 4119 1922 4174 volo
1945 4135 2044 4174 vos

393 4229 422 4259 ‹‹
454 4209 696 4281 quidem
728 4210 1027 4280 sapientes
1056 4224 1184 4263 esse
1217 4208 1291 4263 ad
1321 4208 1566 4272 bonum,
1610 4210 1876 4264 sinceros
1906 4223 2042 4262 vero

393 4318 423 4349 «
455 4297 530 4353 ad
560 4297 805 4353 malum.
837 4299 991 4353 Deus
1022 4303 1220 4353 autem
1257 4298 1420 4368 pacis
1452 4302 1719 4353 conteret
1767 4298 2042 4353 Satanam

392 4409 422 4438 α
457 4387 564 4443 sub
596 4388 844 4460 pedibus
875 4387 1082 4442 vestris
1112 4386 1292 4441 brevi.
1325 4386 1523 4442 Gratia
1570 4384 1805 4442 Domini
1851 4386 2038 4441 nostri

395 4501 425 4532 α
455 4480 594 4537 Jesu
623 4478 839 4535 Christi
871 4479 948 4534 sit
975 4477 1302 4534 vobiscum.
1338 4498 1366 4525 »

463 4666 688 4722 Novum
711 4680 896 4737 genus
917 4662 1472 4734 consilii.Supplicis
1485 4677 1802 4734 personam
1822 4661 2035 4729 induit,

2233 3487 2539 3564 Παρακαλῶ
2637 3488 2695 3545 δὲ
2799 3493 2958 3565 ὑμᾶς,
3036 3494 3288 3574 ἀδελφοὶ,
3365 3506 3584 3557 σκοπεῖν
3696 3503 3818 3566 τοὺς

2156 3576 2252 3638 τάς
2321 3575 2676 3651 διχοστασίας
2738 3581 2830 3635 καὶ
2895 3583 2963 3638 τὰ
3025 3582 3303 3643 σκάνδαλα
3367 3589 3511 3665 παρὰ
3577 3592 3683 3659 τὴν
3743 3588 3820 3648 δι-

2159 3663 2336 3741 δαχὴν
2393 3669 2459 3737 ἣν
2522 3669 2676 3744 ὑμεῖς
2758 3672 3010 3747 ἒμάοετε,
3095 3681 3403 3742 ποιοῦντας,
3471 3681 3562 3734 καὶ
3625 3681 3821 3739 ἐκκλί-

2154 3776 2277 3811 νατε
2331 3757 2422 3811 ἀπ’
2483 3759 2686 3814 αὐτῶν.
2748 3762 2814 3818 Οἱ
2872 3763 2972 3836 γάρ
3030 3769 3271 3822 τοιοῦτοι
3320 3773 3398 3841 τῷ
3434 3770 3615 3843 Κυρίῳ
3649 3775 3818 3848 ἡμῶν

2155 3844 2336 3914 Ἰησοῦ
2388 3851 2605 3920 Χριστῷ
2693 3850 2756 3905 οὗ
2844 3847 3218 3920 δουλεύουσιν,
3281 3855 3426 3911 ἀλλὰ
3479 3862 3548 3932 τῇ
3610 3844 3820 3917 ἑαυτῶν

2153 3931 2361 4028 κοιλίᾳ·
2422 3935 2511 3990 καὶ
2569 3933 2659 3993 διά
2743 3946 2841 4008 τῆς
2911 3942 3330 4020 χρηστολογίας
3389 3947 3478 4001 καὶ
3554 3947 3817 4028 εὐλογίας

2154 4021 2455 4092 ἐξαπατῶσι
2547 4025 2642 4088 τάς
2736 4025 2962 4102 καρδίας
3051 4035 3159 4086 τῶν
3251 4033 3486 4092 ἀκάκων.
3577 4038 3639 4094 Ἠ
3708 4021 3816 4114 γὰρ

2154 4112 2307 4182 ὑμῶν
2391 4114 2602 4184 ὑπακοή
2687 4115 2762 4177 εἰς
2845 4119 3049 4180 πάντας
3134 4121 3373 4198 ἀφίκετο.
3453 4125 3638 4200 Χαίρω
3717 4112 3808 4183 οὖν

2150 4201 2212 4257 τὸ
2275 4200 2355 4278 ἐφ’
2425 4203 2574 4274 ὑμῖν·
2664 4201 2808 4266 θέλω
2897 4201 2957 4260 δὶ
3032 4207 3173 4282 ὑμᾶς
3238 4211 3437 4288 σοφοὺς
3513 4217 3604 4288 μὲν
3666 4217 3810 4272 ιῖναι

2152 4288 2230 4352 εἲς
2295 4291 2357 4344 τὸ
2418 4292 2638 4365 ἀγαθὸν,
2704 4293 2988 4370 ἀκεραίους
3082 4295 3139 4352 δὲ
3223 4299 3300 4363 εἰς
3369 4303 3431 4358 τὸ
3494 4306 3681 4366 κακόν,
3753 4308 3814 4366 Ὁ

2151 4376 2209 4433 δὲ
2299 4380 2428 4442 Θεὸς
2517 4387 2618 4450 τῆς
2713 4381 2936 4456 εἰρήνης
3035 4389 3308 4465 συντρίψει
3400 4393 3491 4446 τὸν
3568 4401 3815 4453 Σατανᾶν

2151 4467 2254 4522 ὑπὸ
2282 4466 2410 4529 τοὺς
2465 4467 2635 4532 πόδας
2696 4471 2850 4542 ὑμῶν
2913 4472 2963 4527 ἐν
3021 4476 3199 4551 τάχει.
3259 4479 3323 4537 Ἡ
3379 4483 3541 4556 χάρις
3570 4488 3668 4540 τοῦ
3704 4488 3814 4544 Κυ-

2151 4555 2271 4632 ρίου
2303 4559 2464 4629 ἡμῶν
2497 4559 2678 4628 Ἰησοῦ
2711 4563 2953 4635 Χριστοῦ
2986 4565 3104 4637 μεθ’
3128 4566 3302 4638 ὑμῶν.

2217 4663 2385 4718 Ξένον
2420 4663 2566 4728 εἶδος
2602 4662 2948 4740 συμϐουλῆς.
3013 4672 3215 4728 Ἱκέτου
3272 4675 3376 4750 γὰρ
3434 4676 3601 4734 ὑπέδυ
3633 4683 3813 4757 πρόσ-

394 4772 462 4812 ac
489 4755 700 4810 fratres
730 4761 897 4810 vocat
931 4754 1116 4810 multo
1148 4771 1280 4809 cum
1316 4754 1560 4808 honore.
1595 4777 1620 4801 ‹‹
1656 4753 2038 4810 Considerate

2161 4773 2321 4823 nnov,
2352 4754 2438 4808 καὶ
2471 4751 2740 4835 ἀδελφοὺς
2800 4758 2961 4813 καλεῖ
3021 4761 3157 4834 μετὰ
3211 4763 3432 4835 πολλῆς
3479 4775 3579 4836 τῆς
3612 4751 3808 4847 τιμῆς,

395 4861 496 4902 eos
528 4844 626 4915 qui
659 4843 918 4898 dissidia.
959 4865 988 4893 ››
1017 4842 1392 4900 Scrutamini.
1451 4842 1666 4913 inquit,
1719 4858 1786 4896 ac
1845 4843 2041 4916 perdi-

396 4931 837 4992 scite.Ostendit
853 4949 924 4986 au
935 4938 1050 4986 tem
1072 4931 1369 4987 fallaciam
1394 4932 1724 4995 illorum,et
1740 4932 1898 5002 quod
1921 4947 2040 4987 non

394 5025 590 5100 palam
615 5021 1004 5079 ostendantur
1035 5037 1162 5076 esse
1195 5021 1485 5076 scelerati.
1521 5022 1588 5075 Et
1618 5021 1692 5076 ad
1725 5022 2041 5077 maximam

394 5113 674 5171 Ecclesiae
693 5110 1140 5167 subversionem
1154 5110 1411 5181 estquod
1425 5111 1916 5165 discriminentur
1934 5127 1966 5165 a
1980 5128 2040 5166 se

396 5205 674 5261 invicem.
703 5221 726 5250 ιι
767 5201 836 5256 Et
861 5197 1238 5255 offendicula.
1275 5220 1303 5247 »
1335 5201 1474 5254 Post
1505 5199 1753 5255 dissidia
1782 5216 2040 5272 namque

395 5301 558 5367 patet
577 5292 855 5348 introitus
881 5286 1274 5344 ofTendiculis.
1310 5286 1458 5352 Quid
1491 5295 1688 5346 autem
1712 5289 1831 5344 sint
1855 5291 2038 5345 oﬂ‘en-

400 5384 597 5440 dicula
617 5385 1073 5453 interpretatur:
1101 5377 1305 5444 Sectae,
1336 5377 1553 5449 inquit,
1587 5385 1801 5450 praeter
1821 5379 2041 5434 doctri-

397 5488 537 5527 nam
595 5477 859 5527 nostram
913 5466 1284 5524 introductae.
1350 5489 1377 5516 ‹‹
1429 5467 1540 5522 Sed
1595 5484 1699 5524 suo
1753 5469 1962 5525 ventri.
2009 5490 2036 5519 »

402 5560 618 5615 Omnes
641 5560 796 5613 enim
823 5565 994 5614 sectae
1019 5574 1085 5612 ac
1117 5555 1477 5611 oll'endicula
1508 5557 1643 5612 inde
1667 5560 2037 5629 proveniunt,

404 5647 562 5721 quod
592 5648 863 5702 homines
890 5645 1196 5701 affectibus
1254 5645 1657 5717 obsequantur
1707 5664 1772 5703 ac
1824 5649 2039 5710 ventri.

2154 4867 2180 4893 ‹‹
2219 4848 2449 4900 Σκοπεῖν
2479 4845 2605 4906 τοὺς
2662 4848 2756 4910 τάς
2814 4845 3187 4923 διχοστασίας.
3221 4874 3247 4906 ι
3312 4855 3588 4928 Ἐρευνᾷν,
3650 4845 3809 4938 φησὶ,

2155 4956 2184 4984 ‹‹
2212 4935 2301 4988 καὶ
2337 4935 2777 5009 καταμανθάνειν.
2813 4939 3059 4994 Δείκνυσι
3117 4939 3174 4996 δὲ.
3225 4944 3288 4998 τὸ
3345 4943 3573 5024 δολερὸν
3607 4935 3808 5011 αὑτῶνι

2151 5023 2240 5076 καὶ
2273 5022 2356 5077 ὅτι
2405 5024 2470 5078 οὐ
2527 5024 2772 5100 γίνονται
2830 5026 3135 5098 κατάδηλοι
3176 5037 3409 5109 πονηροὶ
3446 5022 3617 5102 ὅντες.
3655 5045 3808 5113 Αὕτη

2150 5111 2253 5186 γὰρ
2316 5113 2555 5184 μάλιστα
2614 5115 2941 5185 Ἐκκλησίας
3021 5118 3325 5195 ἀνατροπὴ,
3385 5126 3445 5180 τὸ
3509 5111 3806 5204 διῃρῆσθαι

2150 5201 2239 5255 ἀπ’
2271 5199 2556 5272 ἀλλήλων.
2620 5227 2646 5254 ‹‹
2681 5205 2782 5260 Καέ
2840 5206 2906 5260 τά
2963 5206 3260 5270 σκάνδαλα.
3295 5236 3322 5264 ››
3387 5217 3534 5273 Μετὰ
3705 5223 3807 5289 τὴν

2151 5286 2523 5364 διχοστασίαν,
2585 5290 2792 5348 εἷ’σοδον
2850 5295 3083 5370 εὑρίσκει
3158 5303 3224 5355 τά
3293 5286 3590 5363 σκάνδαλαί
3643 5286 3805 5366 ’Τίδέ

2148 5378 2261 5436 ἐστι
2317 5383 2382 5437 τά
2433 5379 2728 5455 σκάνδαλα,
2787 5385 3090 5460 ἒρμηνεῦει.
3140 5392 3409 5466 Αἱρέσεις,
3467 5399 3624 5472 φησὶ,
3658 5403 3803 5472 παρὰ

2148 5473 2246 5538 τήν
2293 5468 2526 5548 διδαχὴν
2595 5475 2760 5546 ἡμῶν
2831 5475 3190 5538 ἐπεισιοῦσαι,
3231 5507 3254 5533 ιι
3292 5458 3568 5552 Ἀλλὰιτῇ
3604 5458 3808 5546 ἑαυτξῦν

2149 5562 2353 5621 κοιλίὶ).
2417 5588 2444 5614 ››
2498 5565 2566 5620 Al
2620 5565 2720 5638 γάρ
2779 5565 3010 5640 αἱρέσεις
3063 5575 3227 5625 πᾶσαι
3287 5575 3375 5629 καὶ
3406 5578 3471 5630 τά
3503 5579 3812 5648 σκάνδαλα,

2150 5653 2254 5707 ἀπὸ
2287 5657 2381 5708 τοῦ
2413 5650 2688 5710 δουλεύειν
2731 5654 2920 5721 πάθεσι
2975 5659 3061 5712 καὶ
3118 5662 3327 5739 γαστρί.
3364 5665 3454 5722 Διὸ
3496 5689 3678 5746 φησιν,
3713 5673 3802 5729 ὅτι
