4106 6252
287 347 420 417 633

1464 360 1872 426 COMMENT.
1920 358 1997 419 IN
2043 354 2290 417 EPIST.
2340 354 2443 417 AD
2487 354 2675 416 BOM.

3636 367 3753 428 634

317 484 381 546 οὗ
414 484 762 552 δουλεύουσι
792 502 870 570 τῷ
899 502 1136 573 Χριστῷ,
1167 494 1314 554 ἀλλὰ
1355 500 1424 571 τῇ
1482 492 1691 568 κοιλίᾳ.
1751 494 1910 549 Δοκεῖ
1938 487 1993 545 δὶ

2108 485 2246 545 Ideo
2273 486 2417 545 dicit
2437 486 2595 561 quod
2617 487 2767 547 tales
2791 490 3021 548 Christo
3052 507 3175 550 non
3197 494 3482 567 serviunt,
3516 496 3621 555 sed
3650 514 3757 560 suo

333 584 463 646 τοὺς
522 583 575 655 ἒξ
636 586 924 643 Ἰουδαίων
984 588 1309 652 αἰνίττεσθαι
1344 633 1359 647 .
1414 588 1511 643 Καὶ
1562 586 1665 662 γάρ
1724 580 1999 643 Ἰουδαίων

340 674 533 734 πάντες
592 675 669 737 ὡς
725 678 1145 753 γαστριμάργων
1199 681 1600 751 κατηγοροῦσι.
1663 698 1687 729 c
1750 673 1847 729 Διὰ
1899 678 1999 740 τῆς

346 761 784 842 χρηστολογίας.
818 790 846 818 )›
878 768 1044 841 Ἄχρι
1087 767 1345 841 ῥημάτων
1376 768 1411 835 ἡ
1443 764 1716 838 θεραπεία,
1743 762 1928 843 φησὶν,
1960 762 1996 830 ἡ

345 850 407 909 δὶ
439 851 667 919 διάνοια,
702 851 905 925 δολερὰ
933 856 1069 930 πρὸς
1101 856 1259 926 ὑμᾶς.
1324 856 1509 911 Κοινὸν
1543 851 1601 909 δὲ
1628 857 1818 909 τοῦτον
1849 850 1997 928 λέγει

334 942 547 1018 τρόπον
608 944 818 1013 ἀπάτης
852 990 867 1011 ,
925 944 988 998 τὸ
1047 948 1266 1012 πρῶτον
1375 942 1571 1005 αὐτοὺς
1655 938 1993 998 κολακεύειν.

336 1053 369 1085 α
404 1031 520 1093 Τάς
568 1028 793 1105 καρδίας
848 1036 954 1087 τῶν
1017 1033 1227 1087 ἀκάκων
1266 1075 1280 1089 .
1314 1055 1345 1085 io
1393 1032 1509 1088 Οὐκ
1565 1031 1736 1097 εἶπεν,
1793 1030 1994 1099 Ὑμῶν,

332 1120 507 1191 ἀλλὰ,
543 1147 570 1173 (ι
605 1127 721 1177 Τὢν
756 1119 1158 1195 άπλέυστὲριυν.
1198 1150 1218 1172 1
1253 1123 1355 1180 Καὶ
1387 1123 1471 1178 δτι
1504 1121 1612 1198 οὐχ
1657 1121 1819 1192 ὑμᾶς,
1848 1116 1996 1175 ἀλλᾶ

332 1211 465 1271 τοὺς
515 1212 752 1273 ἀκάκους
811 1212 1138 1282 ἆξαπατῶσι,
1194 1209 1364 1280 δῆλον
1421 1208 1584 1272 ἔνθεν,
1633 1209 1719 1265 ὅτι
1759 1211 1794 1277 ἡ
1845 1208 1996 1280 ὑμῶν

347 1301 560 1366 ὑπακοή
586 1300 678 1355 καὶ
709 1300 904 1369 πειθὼ,
936 1299 1011 1361 εἰς
1040 1300 1240 1363 πάντας
1296 1298 1453 1368 ἦλθε.
1516 1297 1768 1359 Ηολλοὺς
1812 1294 1871 1352 δὲ
1900 1295 1994 1350 αὖ·

346 1396 464 1452 τοῖς
493 1389 711 1467 ἐξίστης
746 1390 1041 1465 μάρτυρας,
1097 1388 1188 1443 ’ἱνα
1245 1391 1319 1461 μή
1353 1389 1826 1461 ἀναισχυντήσωσι
1858 1385 1994 1460 πρὸς

348 1484 447 1548 τήν
479 1484 646 1548 κακὴν
680 1475 935 1553 διδαιήν.
970 1503 997 1530 α
1036 1479 1228 1551 Χαίρω
1259 1478 1350 1533 οὖν
1380 1478 1443 1532 τὸ
1476 1477 1555 1555 ἐφ’
1597 1477 1744 1549 ὑμῖν.
1778 1498 1806 1527 ››
1865 1478 1994 1535 Τοῖς

344 1571 420 1645 μή
451 1568 889 1641 ἐξαπατωμένοις
918 1567 1100 1648 φησίν.
1154 1592 1182 1619 «ι
1216 1565 1424 1645 Σοφοὺς
1487 1567 1580 1639 μὲν
1636 1567 1771 1620 εἶναι
1830 1562 1907 1626 ἐς
1931 1563 1994 1618 τὸ

336 1657 562 1731 ἀγαθόν.
590 1680 623 1709 ›ο
652 1658 1043 1712 Ὑπαινίττεται
1076 1656 1162 1711 ’ὁτι
1192 1655 1281 1709 καὶ
1338 1654 1391 1724 ἐξ
1456 1653 1633 1709 αὐτῶν
1693 1653 1830 1721 ἦσαν
1859 1670 1995 1711 τινες

337 1746 719 1818 ἀπατώμενοι.
754 1742 909 1800 Θὲλω
954 1744 1081 1818 γὰρ,
1140 1742 1328 1820 φησὶν,
1390 1743 1465 1803 εἷς
1520 1742 1617 1814 μὶν
1674 1740 1737 1796 τὸ
1796 1739 1991 1815 ἀγαθὸν

2111 582 2319 637 ventri.
2353 579 2599 637 Videtur
2639 587 2836 639 autem
2888 582 3120 640 Iudaeos
3176 585 3505 659 designare.
3539 590 3757 649 Omnes

2112 670 2412 741 Siquidem
2435 678 2717 726 accusant
2734 672 2967 729 Iudaeos
2993 680 3275 745 tanquam
3291 679 3478 733 ventri
3501 680 3750 739 deditos.

2110 781 2141 810 ‹‹
2172 762 2283 815 Per
2311 759 2907 831 blandiloquentiam.
2943 784 2971 811 »
3036 763 3229 820 Verbo
3282 771 3476 835 tenus,
3533 770 3749 841 inquit,

2108 849 2537 920 obsequuntur,
2571 866 2741 906 mens
2784 857 2981 909 autem
3032 852 3239 910 dolosa
3296 862 3385 912 est
3435 874 3573 930 erga
3630 877 3747 916 vos.

2108 942 2274 998 Hunc
2304 956 2439 995 vero
2472 939 2617 996 dicit
2653 957 3032 999 communem
3092 944 3332 1005 modum
3384 946 3751 1021 deceptionis

2111 1029 2268 1102 quod
2298 1029 2556 1101 primum
2591 1029 2734 1101 ipsis
2756 1037 3153 1089 assentantur.
3188 1057 3215 1084 «
3248 1035 3435 1092 Corda
3464 1038 3749 1111 simplici-

2109 1118 2286 1176 cium.
2342 1140 2369 1167 »
2430 1119 2555 1173 Non
2613 1118 2809 1184 dixit,
2870 1121 3110 1189 Vestra,
3172 1123 3276 1179 sed
3329 1147 3356 1173 α
3413 1125 3748 1197 Simplicio-

2105 1224 2259 1264 rum.
2297 1228 2325 1256 ››
2350 1238 2417 1247 -
2449 1230 2475 1254 ι(
2502 1209 2643 1264 Nam
2668 1214 2858 1265 vestra
2886 1209 3246 1267 obedientia.
3280 1234 3307 1262 »
3340 1213 3410 1269 Et
3438 1215 3595 1285 quod
3628 1234 3748 1273 non

2103 1314 2226 1362 vos,
2259 1296 2362 1351 sed
2393 1296 2787 1367 simpliciores
2813 1298 3133 1370 decipiant,
3172 1299 3312 1357 hinc
3367 1304 3749 1362 manifestum

2104 1391 2216 1453 est,
2250 1386 2405 1458 quod
2445 1401 2582 1440 vera
2626 1386 2969 1443 obedientia
3024 1405 3093 1444 ac
3149 1392 3620 1461 persuasibilitas
3677 1395 3751 1451 ad

2105 1492 2316 1533 omnes
2348 1475 2633 1547 pervenit.
2667 1476 2878 1532 Multos
2908 1482 3105 1535 autem
3139 1484 3318 1535 testes
3344 1481 3492 1551 ipsis
3524 1486 3749 1549 statuit,

2105 1582 2181 1622 ne
2212 1564 2285 1619 ad
2307 1564 2522 1619 malam
2538 1562 2868 1619 doctrinam
2893 1565 3331 1623 erubescerent.
3360 1571 3514 1627 412
3539 1592 3566 1620 ‹‹
3600 1572 3748 1628 Gau-

2104 1652 2216 1709 deo
2244 1653 2421 1725 igitur
2445 1658 2686 1724 propter
2710 1669 2831 1720 vos,
2860 1674 2887 1701 »
2923 1655 3079 1725 quod
3121 1672 3243 1711 non
3302 1657 3432 1713 sitis
3492 1660 3747 1733 decepti.

2104 1765 2133 1793 «
2163 1743 2469 1813 Sapientes
2492 1741 2732 1813 quidem
2766 1758 2893 1798 esse
2919 1743 2994 1799 ad
3042 1743 3285 1802 bonum.
3323 1769 3349 1794 »
3408 1749 3751 1805 Subindicat

336 1834 483 1892 ιῖναι
548 1834 687 1905 ὑμᾶς
736 1835 1058 1911 φρονίμους,
1111 1832 1187 1892 εἰς
1246 1829 1305 1886 δὶ
1355 1832 1422 1887 τά
1478 1830 1678 1909 φαῦλα,
1733 1828 1993 1903 ἀπείρους

2107 1832 2451 1905 quodetiam
2472 1831 2715 1902 quidam
2737 1832 2973 1890 illorum
2998 1833 3227 1906 decepti
3242 1843 3430 1891 erant.
3448 1836 3747 1909 Siquidem

334 1927 531 1980 κακοῦ.
565 1954 636 1966 --
670 1924 732 1997 [Σ
746 1923 965 1994 lelP.]
987 1919 1247 1980 Τουτέστι
1271 1921 1529 1998 φρονήσει
1566 1921 1660 1991 μὶν
1692 1919 1996 1993 κεχρῆσθαι

338 2012 415 2073 εἷς
443 2012 508 2067 τὸ
544 2018 623 2083 μή
671 2012 755 2089 ὑφ’
788 2011 984 2082 δτὲρων
1042 2005 1362 2077 ἀδικεῖσθαι,
1410 2006 1757 2082 impendent:
1809 2001 1867 2063 δὶ
1923 2004 1999 2067 εἱς

334 2102 398 2158 τὸ
424 2104 504 2173 μὴ
538 2101 745 2172 ἕτεροις
770 2094 1167 2157 ἐπιϐουλεύειν.
1204 2123 1224 2152 ι
1250 2101 1306 2153 Ὀ
1325 2096 1382 2153 δὲ
1414 2099 1653 2165 Θεὸςτῆς
1686 2095 1929 2169 είρήνης.
1964 2118 1995 2149 »

336 2189 567 2257 Ἐπειδὴ
601 2191 738 2259 ἦσαν
796 2185 1158 2264 διχοστασίαι,
1220 2188 1312 2242 τὸν
1368 2194 1468 2256 τῆς
1528 2185 1753 2260 ε’ρήνης
1789 2181 1997 2254 δοτῆρα

332 2278 706 2348 ἐπικαλεῖται,
736 2280 826 2333 ’ἰνα
854 2278 1033 2352 παύσῃ
1057 2277 1123 2332 τά
1145 2273 1436 2331 σκάνδαλα.
1472 2298 1495 2328 α
1536 2273 1842 2348 Συντρίψει.
1876 2296 1906 2325 ››
1928 2273 1994 2331 Ὀ

333 2368 537 2439 πολλῷ
572 2374 756 2444 μεῖζον
791 2367 857 2436 ἦν
890 2370 985 2421 τοῦ
1030 2366 1309 2439 ὑποτάξαι.
1369 2387 1399 2417 ιι
1432 2364 1539 2420 Τὸν
1571 2366 1829 2419 Σατανᾶν.
1862 2384 1890 2411 »ι
1922 2361 1994 2418 06

336 2460 533 2534 μενον,
568 2459 725 2537 φησῖ,
778 2457 848 2511 τά
904 2452 1178 2512 σκάνδαλα
1234 2448 1730 2529 παρεμϐάλλοντας
1786 2449 1996 2524 συντρί-

335 2551 450 2623 ψει,
487 2545 633 2601 ἀλλὰ
661 2546 750 2601 καὶ
784 2544 942 2600 αὑτὸν
1001 2545 1091 2599 τὸν
1151 2546 1451 2618 στρατηγὸν
1507 2541 1681 2597 αὐτῶν
1735 2544 1993 2598 Σατανᾶν.

345 2662 368 2687 ι
403 2638 499 2691 Ἐν
532 2636 707 2710 τάχει,
741 2658 771 2687 ››
804 2636 994 2703 φησίν.
1031 2635 1125 2690 Ἐκ
1151 2637 1248 2688 τοῦ
1280 2632 1484 2707 χρῦνου
1514 2631 1611 2701 τὴν
1652 2628 1995 2703 παραμυθίαν

344 2725 772 2793 κατασκευάζον.
810 2723 925 2781 «ῚΙ
960 2721 1120 2798 χάρις
1177 2725 1274 2777 τοῦ
1337 2720 1539 2795 Κυρίου
1590 2721 1753 2790 ἡμῶν
1813 2719 1993 2788 Ἰησοῦ

342 2813 588 2886 Χριστοῦ
645 2813 753 2883 μεθ’
823 2812 995 2883 ὑμῶν.
1033 2838 1054 2865 ι
1120 2808 1439 2884 Ἀνέμνησεν
1497 2808 1692 2870 αὐτοὺς
1748 2813 1849 2877 τῆς
1897 2811 1993 2862 τοῦ

334 2906 475 2958 Θεοῦ
507 2910 753 2976 χάριτος,
788 2908 889 2968 τῆς
922 2901 1003 2954 αεὶ
1033 2900 1308 2968 σωσάσης.
1367 2898 1429 2954 Ei
1480 2894 1539 2952 δὶ
1569 2896 1803 2972 ἐχθροὺς
1835 2891 1991 2957 ὄντας

327 2986 525 3059 ἔσωσε,
560 2991 715 3066 φησί,
748 2988 948 3061 πολλῷ
984 2986 1197 3060 μάλλον
1244 2992 1356 3045 νῦν.
1387 2987 1547 3061 Ὀρᾷς
1581 2986 1663 3041 ὅτι
1727 2987 1859 3060 μετά
1882 2988 1990 3039 τῶν

326 3077 527 3156 ἔργων,
563 3080 653 3135 καὶ
684 3081 910 3155 χάοιτος
967 3079 1043 3141 εἷς
1092 3078 1154 3133 τὸ
1210 3080 1446 3147 σωθῆναι
1507 3073 1787 3148 δεόμεθος
1848 3075 1994 3129 Μετά

332 3172 430 3245 γὰο
459 3173 525 3225 τὸ
581 3174 928 3246 μαρτυρῆσαι
986 3167 1173 3230 αὐτοῖς
1206 3168 1450 3235 ὑπακοὴν
1481 3167 1608 3221 τότε
1664 3166 1761 3233 τὴν
1824 3163 1989 3245 χάριν

340 3259 403 3317 is:
409 3261 490 3331 a-SE
497 3281 592 3315 ατο
602 3307 617 3317 .

419 3457 771 3527 Ἀσπάζονται
833 3456 974 3527 ὑμᾶς
1054 3454 1329 3528 Τιμόθεος
1408 3456 1437 3511 6
1515 3450 1773 3531 συνεργός
1862 3473 1990 3525 μου,

345 3547 425 3605 καί
460 3548 712 3616 Λούκιος,
764 3544 855 3601 καὶ
914 3546 1130 3615 Ἰάσων,
1186 3545 1277 3601 καὶ
1336 3543 1714 3619 Σωσίπατρος.
1764 3544 1817 3601 οἳ
1861 3565 1992 3618 συγ-

339 3644 507 3714 γενεῖς
564 3657 674 3711 μου
705 3677 719 3694 .
813 3634 1149 3706 Ἀσπάζομαι
1239 3635 1377 3707 ὑμᾶς
1463 3633 1570 3706 ἰγὼ
1655 3631 1899 3705 Τέρτιος,
1963 3633 1992 3690 6

335 3732 548 3807 γράψας
629 3729 729 3796 τήν
816 3725 1112 3796 ἰπιστολὴν
1212 3724 1263 3781 ἰν
1343 3726 1575 3800 Κυρίῳ.
1670 3727 1993 3798 Ἀσπάζεται

338 3817 479 3887 ὑμᾶς
560 3814 723 3877 Γάϊος
786 3813 813 3868 6
894 3812 1044 3884 ξένος
1124 3833 1251 3887 μου,
1328 3812 1415 3867 καὶ
1490 3819 1590 3882 τῆς
1666 3810 1994 3880 Ἐκκλησίας

335 3903 493 3974 ὅλης.
558 3903 882 3974 Ἀσπάζεται
974 3904 1120 3975 ὑμᾶς
1178 3905 1444 3977 Ἔραστος
1505 3902 1533 3957 6
1589 3898 1823 3978 ἀδελφός
1898 3909 1999 3970 τῆς

337 3992 559 4057 πόλεως
594 4039 610 4061 ,
668 3994 758 4046 καὶ
846 3991 1115 4066 Κούαρτος
1167 3992 1196 4047 6
1267 3988 1503 4067 ἀδελφός
1558 3993 1615 4047 ἸΙ
1673 3991 1839 4071 χάρις
1898 3994 1995 4048 τοῦ

344 4083 545 4158 Κυρίον
607 4086 768 4157 ἡμῶν
830 4083 1010 4152 Ἰησοῦ
1067 4084 1300 4156 Χριστοῦ
1362 4080 1496 4154 μετᾶ
1553 4079 1765 4136 πάντων
1817 4080 1993 4154 ὑμῶν.

342 4173 403 4232 Ἀ
416 4175 545 4241 μήν.

412 4259 580 4323 Εἶδες
614 4260 888 4335 ἐγκώμιον
926 4264 1025 4317 τοῦ
1084 4260 1360 4332 Τιμοθέου
1394 4278 1409 4327 ς
1466 4261 1717 4333 συνήργει
1752 4255 1808 4315 δὶ
1848 4258 1997 4331 αὖτῷ

342 4351 395 4409 ἐν
428 4356 507 4423 τῷ
552 4349 892 4423 Εὐαγγελίῳ.
956 4374 983 4401 α
1042 4349 1141 4405 Καὶ
1199 4349 1571 4423 Σωσίπατρος,
1624 4349 1678 4405 οἱ
1732 4353 2000 4423 συγγενεῖς

346 4464 471 4516 μου.
508 4463 539 4493 ιο
570 4445 854 4515 Συγγενιῖς
888 4460 1047 4517 φησι,
1098 4436 1225 4501 τους
1289 4438 1534 4500 ἐοικότας
1593 4438 1727 4491 κατά
1778 4440 1877 4507 τήν
1908 4437 1995 4492 s6-

346 4526 577 4588 σέεειαν.
614 4552 645 4580 κ
673 4528 913 4601 Τέρτιος,
947 4527 974 4581 ὁ
1005 4529 1239 4603 γράψας.
1260 4548 1286 4579 ι
1339 4527 1481 4582 Ἀντὶ
1510 4523 1750 4600 μεγάλου
1771 4526 2000 4581 τέθεικεν

2104 1922 2224 1979 ait:
2260 1920 2347 1977 Ad
2378 1920 2599 1977 bonum
2632 1920 2874 1991 quidem
2906 1922 3033 1977 volo
3084 1939 3185 1978 vos
3242 1925 3564 1996 prudentes
3595 1943 3749 1993 esse.

2103 2010 2177 2067 ad
2209 2026 2388 2083 prava
2410 2026 2542 2065 vero
2574 2009 2884 2081 imperitos
2915 2010 3124 2068 malis:
3158 2013 3270 2069 hoc
3298 2020 3405 2083 est,
3435 2015 3749 2087 prudentia

2103 2099 2344 2172 quidem
2372 2099 2479 2165 uti,
2512 2114 2587 2155 ne
2618 2099 2691 2155 ab
2722 2099 2855 2155 aliis
2887 2099 3213 2173 quidquam
3244 2103 3533 2175 injustum
3580 2106 3745 2163 vobis

2101 2188 2254 2255 fiat;
2298 2188 2698 2245 sinceritatem
2754 2195 2975 2255 autem,
3034 2207 3110 2247 ne
3166 2191 3297 2247 aliis
3353 2192 3742 2251 insidiemini.

2102 2300 2130 2329 α
2165 2279 2318 2335 Deus
2365 2284 2563 2334 autem
2623 2277 2806 2348 pacis.
2832 2300 2859 2325 »
2918 2279 3204 2344 Quoniam
3259 2288 3429 2337 erant
3480 2282 3748 2349 dissidia.

2100 2367 2264 2441 pacis
2295 2364 2562 2420 datorem
2616 2366 2868 2422 invocat.
2927 2373 2993 2421 ut
3038 2369 3314 2426 cohibeat
3370 2372 3747 2430 offendicula.

2106 2477 2131 2509 α
2162 2456 2457 2510 Conteret.
2497 2476 2523 2502 ››
2555 2454 2717 2520 Quod
2746 2455 2929 2512 multo
2963 2457 3149 2530 magis
3198 2474 3375 2529 quam
3433 2461 3745 2533 subjicere.

2098 2568 2127 2597 «
2152 2544 2449 2601 Satanam.
2477 2568 2497 2594 ι
2528 2545 2651 2599 Non
2670 2543 2883 2610 solum,
2910 2545 3121 2617 inquit.
3147 2546 3540 2604 immittentes
3563 2552 3747 2607 offen-

2098 2634 2295 2690 dicula
2324 2639 2612 2699 conteret,
2647 2633 2748 2688 sed
2783 2641 2841 2688 et
2865 2633 3057 2705 ipsum
3084 2634 3321 2691 illorum
3348 2636 3560 2693 ducem
3584 2639 3751 2695 Sata-

2099 2740 2260 2780 nam.
2295 2744 2324 2773 ‹‹
2359 2723 2539 2778 Brevi.
2580 2746 2607 2772 ››
2637 2726 2684 2778 Α
2712 2730 2976 2794 tempore
3011 2725 3481 2782 consolationem
3532 2729 3748 2784 contir-

2098 2818 2240 2869 mat.
2277 2834 2305 2862 ‹‹
2329 2813 2527 2869 Gratia
2555 2813 2788 2868 Domini
2822 2813 3007 2869 nostri
3036 2814 3171 2869 Jesu
3204 2815 3419 2870 Christi
3450 2816 3527 2871 sit
3554 2817 3751 2872 vobis-

2099 2919 2256 2959 cum.
2299 2924 2327 2952 ››
2362 2902 2629 2975 Suggerit
2667 2902 2813 2975 ipsis
2872 2902 2971 2957 Dei
3029 2904 3298 2976 gratiam.
3328 2922 3459 2976 quas
3519 2924 3755 2979 semper

2100 2992 2289 3047 salvos
2321 2991 2478 3047 facit.
2535 2990 2701 3056 Quod
2759 2992 2805 3046 si
2855 3007 2987 3046 cum
3034 2992 3261 3048 inimici
3314 3001 3515 3049 essent
3563 2996 3753 3051 salvos

2092 3081 2249 3145 fecit,
2282 3081 2470 3137 multo
2505 3080 2690 3151 magis
2721 3096 2902 3135 nunc.
2958 3079 3132 3136 Vides
3188 3081 3345 3152 quod
3394 3099 3529 3138 cum
3561 3086 3753 3154 operi-

2101 3170 2210 3228 bus
2243 3170 2421 3224 etiam
2456 3170 2644 3238 gratia
2696 3168 2868 3223 nobis
2927 3185 3076 3241 opus
3136 3170 3211 3225 sit
3238 3176 3304 3224 ut
3333 3171 3475 3226 salvi
3508 3172 3695 3229 simus
3724 3172 3751 3226 ?

2025 3236 2069 3303 C
2103 3261 2245 3316 Nam
2281 3236 2596 3329 postquam
2626 3236 3026 3312 obedientiam
3068 3257 3213 3329 ipsis
3243 3257 3450 3315 adesse
3505 3266 3753 3317 testatus

2106 3353 2215 3411 est,
2248 3352 2391 3405 tunc
2424 3349 2598 3402 etiam
2628 3346 2878 3420 gratiam
2912 3352 3095 3419 optat.

2174 3455 2315 3520 XVI,
2348 3456 2537 3512 21-24.
2583 3476 2612 3503 «
2666 3453 2936 3510 Salutant
2965 3471 3070 3511 vos
3120 3453 3461 3515 Timotheus
3519 3455 3757 3528 adjutor

2111 3567 2136 3597 ι
2168 3559 2356 3610 meus,
2392 3550 2450 3598 et
2493 3544 2724 3610 Lucius,
2778 3550 2836 3599 et
2864 3544 3063 3610 Iason,
3096 3561 3163 3601 ac
3197 3545 3494 3619 Sosipater
3519 3548 3750 3618 cognati

2103 3656 2132 3684 «
2166 3633 2305 3689 mei.
2340 3633 2539 3689 Saluto
2571 3650 2669 3690 vos
2704 3650 2808 3703 ego
2858 3634 3108 3699 Tertius,
3143 3634 3244 3705 qui
3278 3636 3486 3707 scripsi
3530 3635 3751 3706 episto-

2104 3748 2131 3775 ‹‹
2167 3724 2283 3779 lam
2317 3724 2377 3778 in
2412 3724 2657 3778 Domino
2726 3722 2952 3778 Salutat
2969 3740 3069 3778 vos
3098 3724 3275 3781 Gaius
3327 3724 3543 3797 hospes
3587 3742 3756 3781 meus

2109 3835 2136 3864 ‹‹
2169 3812 2467 3882 totiusque
2499 3811 2795 3867 Ecclesia).
2835 3812 3065 3867 Salutat
3093 3828 3194 3868 vos
3224 3814 3486 3868 Erastus.
3519 3829 3755 3868 oecono-

2106 3923 2135 3950 ‹‹
2168 3916 2301 3956 mus
2326 3899 2596 3964 civitatis,
2631 3904 2688 3954 et
2729 3899 2984 3964 Quartus
3036 3899 3236 3955 frater.
3289 3899 3486 3955 Gratia
3518 3900 3753 3957 Domini

2109 3987 2521 4044 «nostriJesu
2563 3986 2780 4044 Christi
2838 3988 2916 4044 sit
2971 4004 3106 4047 cum
3167 3988 3444 4045 omnibus
3502 3988 3747 4045 vobis.»

2105 4080 2313 4138 Amen.

2182 4258 2355 4315 Vides
2413 4256 2751 4313 encomium
2814 4256 3161 4313 Timothei?
3216 4256 3532 4329 adjuvabat
3587 4259 3747 4316 enim

2105 4348 2301 4422 ipsum
2333 4349 2395 4405 in
2427 4346 2757 4419 Evangelio.
2782 4370 2809 4394 ‹‹
2843 4347 2913 4402 Et
2939 4346 3257 4417 Sosipater,
3287 4348 3519 4419 cognati
3554 4349 3691 4403 mei.
3726 4370 3749 4397 η

2106 4440 2367 4510 Cognati,
2399 4439 2615 4509 inquit.
2650 4437 2877 4494 similes
2908 4437 2971 4496 in
3016 4438 3255 4508 pietate.
3316 4461 3336 4485 σ
3370 4439 3626 4505 Tertius,
3650 4440 3750 4509 qui

2110 4529 2341 4601 scripsi.
2378 4550 2405 4577 »
2432 4528 2495 4583 Id
2530 4543 2755 4600 magnai
2781 4527 2974 4583 laudis
3006 4526 3134 4582 loco
3167 4527 3382 4597 posuit,
3408 4527 3567 4599 quod
3587 4528 3750 4583 Pauli

348 4618 596 4681 ἆπαίνου,
627 4618 689 4671 τὸ
722 4599 860 4671 εἶναι
893 4599 1209 4691 ὑπογραφὲα
1240 4612 1480 4671 Παύλου.
1536 4637 1565 4667 ‹‹
1595 4613 1752 4674 Γάϊος
1793 4614 1820 4668 6
1850 4613 1993 4684 ξένος

2109 4599 2494 4675 amanuensis
2524 4599 2720 4673 fuerit.
2749 4640 2772 4663 «ι
2800 4616 2976 4672 Gaius
3008 4616 3223 4687 hospes
3258 4632 3442 4672 meus.
3472 4638 3494 4667 ››
3523 4618 3642 4673 Hoc
3662 4621 3753 4672 est

351 4729 476 4782 μου.
514 4730 543 4759 »
573 4707 858 4761 Τουτεστιν
894 4705 921 4758 6
954 4702 1246 4782 ξενοδὸχος
1277 4725 1401 4774 μου.
1446 4702 1550 4760 Καὶ
1580 4701 1754 4763 πολὺς
1789 4703 1815 4756 6
1846 4700 1993 4757 ἔπαι-

344 4818 458 4865 νος,
492 4797 575 4850 ὅτι
610 4799 781 4848 πᾶσαν
830 4791 991 4853 αὐτὸς
1048 4788 1329 4865 ξενοδοχεῖ
1383 4792 1480 4859 τήν
1523 4789 1872 4861 Ἐκκλησίαν,
1904 4789 1993 4844 καὶ

344 4886 436 4941 τὸν
471 4884 705 4946 [la-310v,
740 4882 799 4943 ὃς
831 4880 931 4937 οὐκ
986 4880 1044 4935 ἂν
1109 4878 1299 4943 ἁπλῶς
1346 4880 1471 4954 παρ’
1527 4879 1672 4949 αὐτῷ
1728 4877 1992 4949 ἐξενίσθη,

352 4972 398 5027 εἳ
434 4980 506 5045 μῆ
530 4975 590 5041 ἦν
623 4974 649 5027 ὁ
685 4972 845 5031 Γάῐος
881 4968 1047 5041 ἄξιος.
1083 4994 1107 5019 ‹‹
1142 4970 1202 5027 Ὀ
1236 4968 1528 5041 οῗκονόμος
1561 4975 1663 5037 τῆς
1686 4967 1923 5031 πόλεως.
1961 4991 1989 5020 ›)

348 5064 455 5133 Τὴν
487 5061 629 5134 ἀξίαν
662 5060 831 5115 αὐτοῦ
861 5057 1114 5127 τέθεικεν,
1143 5057 1233 5112 ’ἰνα
1272 5063 1408 5133 γνῷς
1467 5057 1549 5113 ὅτι
1612 5055 1672 5111 οὐ
1724 5056 1988 5125 πλοῦτος,

343 5151 443 5209 οὐκ
508 5150 754 5221 ἀξίωμα,
806 5145 1042 5220 κώλυμα
1081 5146 1284 5223 γίνεταί
1340 5167 1447 5201 τινι
1504 5146 1638 5221 πρὸς
1697 5146 1759 5201 τὸ
1816 5146 1992 5220 ὀρθῶς

346 5242 499 5318 βιοῦν
531 5239 566 5308 ἢ
601 5237 889 5294 πιστεύειν.

417 5355 438 5381 ι
472 5331 539 5387 ἸΙ
579 5328 745 5408 χάρις
772 5324 870 5380 τοῦ
903 5324 1099 5397 Κυρίου
1141 5325 1323 5395 Ἰησοῦ
1381 5326 1639 5397 Χριστοῦ.
1673 5345 1703 5376 »
1734 5328 1845 5391 Τῆς
1884 5322 1990 5398 χά-

337 5441 486 5497 ριτος
551 5429 850 5489 μὲμνηται,
882 5418 993 5491 γῶν
1043 5414 1366 5492 εὐεργεσιῶν
1426 5413 1862 5487 ὑπομιμνήσκων
1893 5416 1989 5469 τοῦ

337 5513 583 5586 Χριστοῦ
644 5532 669 5558 ιι
702 5505 853 5562 Meri
884 5503 1092 5559 πάντων
1126 5504 1297 5578 ὑμῶν.
1362 5505 1554 5576 Ἀμήν.
1589 5526 1619 5557 >>
1653 5502 1841 5565 Οὕτως
1893 5501 1991 5575 ἥρ·

338 5604 463 5675 εατο
494 5598 601 5654 ἀπὸ
630 5596 824 5671 εὐχῆς.
861 5593 1087 5669 «Χάρις
1122 5594 1247 5667 ὑμῖν
1290 5594 1381 5649 καὶ
1439 5593 1629 5667 εἰρήνη
1690 5592 1798 5649 ἀπὸ
1856 5598 1988 5649 θεοῦ

338 5690 548 5764 Πατρὸς
580 5684 671 5743 καὶ
704 5682 903 5759 Κυρίου
931 5683 1109 5751 Ἰησοῦ
1166 5683 1421 5760 Χριστοῦ,
1459 5704 1483 5737 ιι
1542 5682 1633 5739 καὶ
1691 5680 1863 5753 οὕτως
1893 5703 1987 5755 κα-

2101 4708 2358 4778 hospitio
2386 4722 2479 4761 me
2510 4705 2876 4775 suscipiens:
2910 4711 2967 4760 et
2998 4720 3210 4777 magna
3254 4706 3380 4764 laus
3437 4713 3564 4762 erat
3594 4706 3750 4779 quod

2103 4813 2341 4853 omnem
2399 4795 2723 4851 Ecclesium
2773 4794 3030 4866 hospitio
3091 4796 3387 4867 exciperet
3434 4814 3557 4854 una
3614 4814 3748 4853 cum

2104 4886 2307 4944 Paulo.
2339 4884 2438 4955 qui
2472 4900 2593 4939 non
2624 4889 2846 4939 temere
2878 4882 3035 4953 apud
3069 4901 3204 4940 eum
3249 4885 3459 4942 fuisset
3487 4887 3749 4957 hospita-

2105 4979 2219 5037 tus,
2254 4974 2370 5030 nisi
2412 4973 2587 5030 Gaius
2618 4972 2863 5027 omnino
2898 4972 3111 5044 dignus
3140 4973 3370 5032 fuisset.
3429 4999 3455 5025 «
3490 4976 3753 5032 OEcono-

2100 5080 2234 5119 mus
2264 5062 2535 5119 civitatis.
2566 5084 2593 5111 ››
2625 5062 2765 5132 Ejus
2792 5062 2990 5132 posuit
3020 5062 3389 5136 dignitatem,
3424 5070 3491 5120 ut
3520 5065 3751 5119 noveris

2100 5151 2253 5222 quod
2276 5168 2394 5206 non
2428 5149 2664 5216 divitiae,
2697 5166 2818 5206 non
2839 5149 3115 5224 dignitas,
3148 5152 3325 5208 alicui
3359 5153 3478 5206 sint
3503 5152 3752 5223 impedi-

2100 5246 2301 5297 mento
2323 5239 2396 5296 ad
2428 5245 2584 5294 recte
2614 5238 2943 5303 vivendum.
2977 5246 3080 5296 aut
3108 5240 3494 5296 credendum.

2173 5330 2325 5385 413
2361 5350 2385 5380 ι
2411 5328 2607 5385 Gratia
2631 5329 2863 5384 Domini
2900 5330 3086 5385 nostri
3116 5330 3251 5385 Jesu
3282 5328 3513 5383 Caristi.
3539 5351 3568 5379 «
3602 5330 3743 5387 Gra-

2100 5419 2195 5474 tias
2230 5417 2523 5481 meminit,
2547 5417 2759 5472 Christi
2788 5417 3072 5473 beneficis
3094 5418 3213 5473 illis
3234 5423 3569 5489 suggerent.
3603 5442 3628 5469 «ι
3658 5420 3747 5475 Sit

2101 5525 2234 5565 cum
2266 5506 2542 5562 omnibus
2573 5505 2756 5560 vobis.
2792 5508 2997 5562 Amen.
3030 5529 3049 5553 η
3088 5506 3172 5561 Ita
3203 5523 3235 5562 a
3256 5508 3596 5578 precatione
3628 5526 3737 5566 cm-

2099 5600 2229 5671 pit:
2272 5623 2290 5645 -
2329 5598 2525 5653 Gratia
2582 5596 2765 5651 vobis
2798 5602 2855 5650 et
2892 5612 3004 5667 pax
3062 5613 3096 5651 a
3146 5597 3265 5652 Deo
3320 5600 3490 5654 Patro
3524 5605 3583 5653 et
3632 5601 3745 5656 Do-

2097 5689 2259 5756 mino
2288 5689 2422 5743 Jesu
2453 5685 2681 5743 Christo
2707 5701 2719 5739 :
2757 5706 2783 5735 ››
2817 5690 2875 5747 et
2904 5685 2986 5741 ita
3014 5687 3384 5747 convenienti
3408 5687 3586 5745 modo
3617 5705 3741 5745 ser-
