4106 6252
410 332 528 394 635

1528 326 1956 391 CECUMENII
1998 324 2307 390 ΤΒΕΖοΒ
2349 327 2705 392 EPISCOPI

3705 324 3820 387 636

412 477 652 523 monem
695 460 997 519 concludit
1048 462 1109 517 in
1142 462 1586 533 pracationem.
1627 482 1647 509 ι
1686 460 1905 527 Gratia,
1963 459 2054 514 in-

2172 459 2394 515 ταπαύει
2427 460 2517 517 τὸν
2555 458 2723 536 λόγον
2752 463 3054 536 προσεικῶς
3110 458 3188 523 είς
3243 459 3432 539 εὐχήν.
3498 482 3532 511 ι(
3564 458 3635 514 Ἦ
3667 456 3827 537 χάρις

412 555 557 627 quit,
584 552 969 609 DominiJesu
999 551 1229 607 Christi
1258 572 1283 602 ιι
1312 552 1658 607 Amatenim
1686 567 1921 622 semper
1945 549 2059 606 hoc

2172 555 2261 605 τοῦ
2294 551 2494 625 Κυρίνο
2529 555 2688 624 ἡμῶν
2748 555 2927 622 Ἰησοῦ
2957 553 3247 626 Χριστοῦ.»
3280 550 3496 620 Ταύτην
3532 549 3643 625 γὰρ
3676 549 3831 622 θεμί-

410 660 631 716 ponere
662 643 1140 711 fundamentum,
1164 642 1411 715 parique
1446 642 1620 698 modo
1653 642 1811 697 hunc
1836 656 2057 712 ponere

410 733 757 789 terminum.

410 824 581 883 Finis.
616 823 804 877 divino
831 825 1053 893 favente
1079 821 1314 887 auxilio,
1347 822 1603 893 Epistolae
1656 820 1730 875 ad
1760 823 2053 877 Romanos.

410 946 638 1020 Scripta
670 952 759 1004 est
788 964 822 1004 a
850 948 1131 1003 Corintho
1163 964 1268 1019 per
1289 947 1545 1003 Phaaben
1581 946 1917 1003 ministram
1950 946 2057 1001 Ec-

890 1038 1085 1094 clesiae
1126 1036 1575 1093 Cenchreensis.

2168 641 2313 711 λιον,
2336 642 2539 713 ταύτην
2572 640 2697 719 ὅρον
2726 643 2807 698 ἀεὶ
2838 648 3013 698 ποιεῖν
3043 642 3199 712 αὐτῷ
3230 640 3411 719 φίγον.

2237 813 2412 878 Τὲλος
2445 814 2537 870 σὺν
2582 820 2698 887 Θεῷ
2747 820 2848 884 τῆς
2897 814 3032 889 πρὸς
3086 812 3400 886 Ῥωμαίους
3457 812 3828 877 Ἐπιστολῆς.

2169 939 2409 1019 Ἐγραὶφη
2443 940 2549 996 ἀπὸ
2580 942 2846 1015 Κορίνθου
2877 938 2967 995 δμὰ
2996 932 3207 1010 Φοίϐης
3248 944 3349 1007 τῆς
3408 934 3683 992 διακόνου
3744 939 3839 1002 τῆς

2609 1028 2661 1086 ἰν
2696 1030 3002 1105 Κεγχρεαῖς
3030 1029 3235 1097 Ἐκκλη
3248 1026 3391 1087 σίας.

410 1192 3840 1264 —__—_—_q-—____——W_—=

1797 1390 2425 1492 ΥΠΟΘΕΣΙΣ

1297 1608 1440 1672 THE
1493 1608 1677 1671 HPOZ
1726 1607 2152 1673 ΚΟΡΙΝΘΙΟΥΣ
2194 1606 2465 1669 ΗΡΩΤΠΣ
2507 1602 2927 1667 ΕΠΙΣἸὈΔΕΙ.

2080 1808 2149 1829 α

1664 1993 2304 2093 ARGUMEN
2310 1996 2583 2093 TUM

1464 2185 1747 2248 PRIOBIS
1784 2186 1881 2246 AD
1930 2186 2346 2248 CORINTHIOS
2384 2186 2760 2249 ειηετοιι.

482 2451 573 2505 ΔΙ
589 2448 829 2523 ινΗειηο
852 2449 924 2506 ab
951 2449 1176 2523 Epheso
1198 2450 1430 2507 civitate
1453 2450 1606 2508 Asiae
1639 2451 1865 2520 scribit,
1921 2468 2057 2511 cum

2236 2452 2444 2522 Ταύτην
2476 2449 2793 2507 ὲπιστὲλλει
2825 2452 2933 2507 ἀπὸ
2980 2448 3205 2531 Ἐφέσου
3260 2455 3360 2517 τῆς
3416 2450 3631 2517 Ἀσίας,
3666 2449 3840 2521 ἑωρα-

403 2541 530 2612 jam
555 2557 656 2597 eos
680 2540 1063 2596 etvidissetet
1086 2542 1418 2609 docuisset;
1439 2543 1549 2599 hac
1571 2544 1768 2614 itaque
1796 2544 2059 2615 Epistola

412 2647 706 2688 memores
738 2648 837 2687 eos
869 2631 1080 2686 reddit.
1117 2632 1218 2686 Est
1247 2638 1441 2687 autem
1494 2633 1604 2687 hoc
1634 2632 1903 2703 Epistolas
1956 2638 2057 2686 Ar-

410 2728 775 2794 gumentum.
812 2720 1099 2775 Corinthii
1149 2721 1521 2776 contensiose
1553 2721 1888 2793 congregati
1923 2737 2062 2776 sen-

415 2810 614 2864 tentiis
638 2808 1073 2875 dividebantur,
1106 2816 1165 2864 et
1186 2811 1312 2880 jam
1348 2816 1517 2865 erant
1566 2810 1721 2866 inter
1751 2826 1851 2865 eos
1882 2809 2059 2865 dissi-

410 2899 524 2953 dia.
550 2900 814 2969 Cumque
836 2899 1157 2954 divisiones
1178 2905 1395 2967 essent,
1417 2898 1811 2955 connivebant
1831 2915 1967 2955 cum
1992 2914 2059 2954 eo

412 2990 512 3060 qui
544 3005 853 3044 novercam
886 2988 1235 3045 uxoris’loco
1254 2995 1581 3061 acceperat.
1607 2988 1721 3044 Alii
1745 3005 1882 3044 vero
1905 3006 2054 3044 con-

409 3078 673 3134 tinentize
689 3084 973 3150 praetextu
999 3079 1266 3150 proprias
1288 3078 1642 3134 deserebant
1664 3095 1879 3137 uxores
1901 3096 1913 3135 :
1936 3080 2058 3151 qui-

412 3168 545 3224 dam
580 3173 775 3223 autem
800 3169 861 3223 in
890 3168 1129 3240 templis
1153 3168 1450 3225 idolorum
1474 3168 1748 3227 edebant.
1773 3168 2061 3224 habentes

409 3274 477 3313 ea
499 3273 629 3328 quas
653 3258 828 3313 idolis
852 3257 1748 3315 immolabanturindifferentia.
1773 3259 1884 3313 Alii
1909 3274 2060 3330 prm-

410 3354 515 3401 ter.
538 3363 572 3401 a
602 3362 705 3401 eos
728 3348 828 3418 qui
862 3347 1080 3418 linguis
1118 3347 1510 3419 loquerentur
1555 3349 1616 3403 in
1669 3348 2061 3404 admiratione

407 3436 717 3501 habentes,
754 3442 1001 3491 caeteros
1032 3436 1457 3507 despiciebant.
1495 3438 1761 3509 Denique
1784 3438 2065 3494 errabant

412 3526 590 3582 etiam
650 3525 809 3581 circa
858 3526 1311 3583 resurrectionis
1360 3528 1731 3597 mysterium,
1791 3527 2061 3583 dicentes

413 3630 654 3671 carnem
686 3614 841 3670 hanc
868 3632 987 3670 non
1023 3616 1386 3671 resuscitari.
1440 3616 1540 3671 His
1597 3615 1873 3673 omnibus
1904 3616 2061 3688 apud

411 3704 784 3760 Corinthium
842 3705 1153 3760 commotis
1188 3745 1202 3767 ,
1292 3704 1493 3778 populi
1559 3705 1736 3761 vicini
1794 3705 2063 3761 scribunt

2169 2543 2278 2604 κὼς
2310 2542 2501 2604 αὐτοὺς
2557 2538 2666 2610 ἤδη
2717 2541 2804 2595 καὶ
2837 2536 3072 2610 διδάξας.
3108 2540 3546 2613 ὑπομιμνήσκων
3581 2537 3640 2594 δί
3674 2540 3827 2608 ὅμως

2170 2629 2259 2687 δια
2286 2639 2386 2699 τῆς
2419 2629 2752 2699 Ἐπιστολῆς
2786 2631 3009 2700 ταύτης.
3040 2631 3101 2687 Ἥ
3131 2626 3188 2684 δὲ
3220 2628 3489 2709 πρόφασις
3536 2636 3637 2696 τῆς
3668 2629 3818 2684 Ἐπι-

2170 2720 2372 2789 στολῆς
2406 2721 2562 2791 αῧτη·
2600 2721 2879 2792 Κορίνθιοι
2925 2718 2985 2774 ἐκ
3040 2718 3377 2792 φιλονεικίας
3439 2718 3815 2791 συναγόμενοι,

2170 2809 2454 2881 ἐσχίζοντο
2496 2815 2613 2870 ταῖς
2666 2811 2937 2882 γνώμαις,
2996 2808 3085 2863 καὶ
3146 2806 3347 2862 λοιπὸν
3404 2807 3468 2876 ἦν
3529 2805 3581 2861 ἐν
3636 2806 3819 2865 αὐτοῖς

2172 2899 2468 2975 σχίσματα.
2502 2900 2602 2956 Καὶ
2651 2897 2818 2955 ὅντων
2874 2902 2979 2952 τῶν
3036 2896 3358 2972 σχισμάτων
3412 2889 3797 2962 παρεϐλέποντο

2168 2989 2260 3044 τὸν
2296 2983 2534 3043 λαϐόντα
2563 2990 2660 3056 τήν
2704 2990 2992 3062 μητρυιάν.
3054 2984 3230 3042 Λλλοι
3293 2982 3353 3042 δὶ
3402 2980 3585 3053 ἤθελον
3640 3001 3790 3035 nata-

2172 3079 2463 3151 λιμπάνειν
2510 3079 2604 3141 τὰς
2656 3075 2796 3139 ἰδίας
2827 3083 3101 3153 γυναῖκας,
3151 3074 3416 3151 προφάσει
3469 3074 3564 3140 τῆς
3618 3069 3803 3143 ἱγκρα-

2170 3170 2333 3233 τείας.
2369 3169 2523 3230 Τινὲς
2585 3166 2641 3224 δὲ
2670 3166 2722 3223 ἐν
2752 3164 3057 3227 εἰδωλείοις
3112 3163 3326 3233 ἤσθιον,
3387 3164 3462 3225 ὡς
3509 3158 3811 3243 ἀδιαφόρων

2170 3257 2340 3313 ὄντων
2368 3262 2477 3312 τῶν
2519 3254 2917 3319 εἰδωλοθύτων.
2952 3252 3159 3311 ’Ἄλλοι
3218 3250 3293 3324 δὶ,
3327 3253 3457 3314 τοὺς
3492 3253 3587 3325 μὶν
3618 3250 3821 3309 ἄλλους

2170 3346 2505 3421 ἰξουῡὲνουν,
2535 3346 2660 3407 τοὺς
2701 3344 2759 3401 δί
2809 3344 3111 3406 λαλοῦντας
3165 3341 3439 3417 γλώσσαις
3498 3341 3823 3414 ἐθαύμαζον.

2170 3437 2269 3492 Καὶ
2328 3434 2521 3506 τέλος,
2577 3436 2863 3506 ἡπάτηντο
2909 3434 3001 3489 καὶ
3058 3433 3134 3494 εἷς
3184 3433 3246 3487 τὸ
3303 3431 3428 3506 περὶ
3486 3430 3829 3489 ἀναστάσεως

2173 3526 2497 3599 μυστήριον,
2531 3523 2783 3599 λέγοντες
2843 3524 2919 3598 μή
2981 3521 3277 3596 δγείρεσθαι
3332 3522 3434 3590 τὴν
3487 3520 3672 3596 σάρκα
3702 3518 3827 3574 ταύ-

2168 3635 2290 3684 την.
2332 3614 2547 3668 Τούτων
2604 3613 2818 3670 παντων
2877 3612 2930 3667 ἐν
2988 3610 3217 3686 Κορίνθη
3269 3608 3627 3685 κινουμένων,
3699 3609 3825 3684 γρά-

2172 3724 2357 3781 φουσιν
2388 3704 2439 3758 οἱ
2472 3702 2596 3758 λαοὶ
2624 3707 2704 3777 τῷ
2735 3698 3080 3772 Ἀπὸστολῳ.
3120 3699 3216 3755 Καὶ
3250 3699 3445 3755 Λοιπὸν
3481 3698 3618 3772 πρὸς
3652 3697 3834 3754 πάντα

413 3793 728 3865 Apostolo:
766 3798 823 3848 et
844 3810 1003 3850 nunc
1026 3794 1099 3850 ad
1122 3794 1357 3867 singula
1386 3794 1679 3851 rescribit.
1710 3796 1779 3851 Et
1802 3795 2059 3867 primum

2172 3794 2533 3868 ἀντιγράφει.
2598 3793 2699 3851 Καὶ
2750 3796 2965 3868 πρῶτον
3024 3790 3138 3863 μὶν,
3202 3792 3463 3865 μαρτυρεῖ
3519 3788 3723 3850 αὐτοῖς
3776 3784 3825 3841 ἄν

2329 3886 2339 3893 .
2556 3883 2570 3893 .
2755 3885 2765 3893 .
3012 3882 3025 3893 .
3143 3881 3157 3893 .
3247 3877 3293 3893 κ.
3518 3875 3563 3893 ..
3680 3879 3700 3893 .
3778 3876 3789 3891 ι

414 3884 654 3955 quidem
684 3883 799 3939 fert
822 3883 1227 3940 testimonium
1251 3884 1322 3939 de
1358 3884 1677 3957 prudentia
1727 3890 1903 3956 atque
1962 3900 2059 3939 co-

409 3974 673 4046 gnitione
704 3975 1012 4045 ipsorum:
1070 3990 1180 4029 nec
1239 3990 1339 4029 eos
1397 3974 1608 4046 recipit
1663 3974 1763 4046 qui
1813 3974 2061 4030 dissidia

413 4061 765 4118 excitabant.
803 4064 1095 4118 Praeterea
1127 4063 1335 4120 suadet
1365 4080 1485 4119 non
1530 4064 1590 4118 in
1625 4080 1918 4127 sermone,
1955 4064 2058 4119 sed

409 4151 472 4206 in
505 4167 683 4221 opera
714 4157 773 4206 et
793 4153 1003 4209 virtute
1036 4152 1359 4209 existimari
1392 4154 1565 4209 sitam
1596 4170 1724 4209 esse
1761 4153 2053 4211 virtutem.

414 4240 637 4296 Deinde
666 4240 767 4296 ubi
797 4241 969 4298 illum
1000 4241 1367 4313 increpasset
1392 4242 1491 4313 qui
1531 4258 1841 4298 novercam
1893 4257 2058 4298 acce-

413 4335 582 4402 perat
610 4346 622 4385 :
656 4330 983 4402 fuissetque
1033 4330 1398 4395 adhortatus,
1434 4347 1509 4387 ne
1540 4332 1674 4386 lites
1708 4348 1775 4387 ac
1829 4331 2061 4403 judicia

412 4420 569 4475 inter
600 4436 662 4475 se
693 4419 1003 4487 haberent,
1054 4425 1489 4491 consequenter
1517 4420 1592 4476 ad
1641 4436 1711 4476 ea
1738 4419 2061 4491 respondet

415 4525 546 4579 quae
578 4510 959 4580 scripserant,
995 4508 1065 4563 de
1095 4510 1320 4581 nuptiis
1376 4510 1638 4579 quidem.
1698 4509 2058 4565 indivisibile

415 4614 543 4653 esse
570 4600 948 4671 coniugium:
997 4598 1067 4655 ad
1101 4606 1336 4671 tempus
1366 4605 1565 4656 autem
1618 4602 1766 4658 415
1804 4605 2058 4665 tantum,

410 4692 479 4744 ut
501 4686 890 4754 abstinerent,
919 4704 1035 4758 quo
1067 4688 1318 4745 orationi
1347 4695 1641 4744 vacarent.
1677 4693 1891 4745 Verum
1925 4706 2060 4748 cum

413 4774 501 4830 illi
535 4776 963 4832 continentiam
993 4784 1283 4837 amarent.
1318 4778 1390 4833 de
1444 4778 1776 4848 virginitate
1832 4779 2056 4835 scribit.

416 4866 537 4921 Hoc
562 4880 680 4920 non
712 4865 785 4919 ad
809 4867 1246 4933 necessitatem,
1279 4869 1493 4939 inquit,
1520 4870 1621 4925 sed
1652 4869 1901 4925 consilio
1937 4870 2057 4925 fiat.

420 4953 800 5011 Postmodum
832 4954 905 5009 de
970 4955 1062 5011 his
1117 4973 1247 5027 quas
1303 4957 1480 5013 idolis
1547 4959 1952 5023 immolantur,
1985 4975 2059 5015 ne

416 5045 665 5101 scientia
694 5043 1031 5106 abutantur.
1079 5045 1182 5099 sed
1214 5046 1276 5100 in
1310 5053 1513 5104 mutua
1542 5046 1861 5104 dilectione
1920 5064 2058 5104 con-

410 5142 738 5194 versentur.
767 5134 1049 5191 Prohibet
1073 5136 1272 5207 itaque
1298 5136 1425 5193 fieri
1448 5139 1709 5194 convivia
1738 5139 1799 5193 in
1823 5138 2060 5211 templis

408 5225 728 5285 idolorum,
760 5240 834 5279 ne
862 5222 1065 5295 pusilli
1088 5223 1488 5283 offenduntur.
1512 5226 1734 5281 Exinde
1761 5226 1967 5281 scribit
1987 5226 2060 5281 de

413 5313 822 5384 spiritualibus
851 5311 1045 5379 donis,
1073 5328 1147 5368 ne
1185 5312 1258 5368 ob
1290 5313 1445 5369 dona
1468 5314 1833 5371 dissideant:
1868 5331 2062 5387 neque

415 5400 599 5458 istum
625 5403 723 5472 qui
747 5402 859 5459 hoc
884 5402 1061 5459 habet
1081 5401 1303 5461 donum
1334 5403 1388 5462 ei
1412 5409 1761 5478 praeponam
1790 5404 1890 5474 qui
1915 5402 2062 5461 illud

421 5486 617 5544 habet.
652 5491 794 5546 Nam
824 5493 1025 5548 omnia
1054 5492 1323 5564 ejusdem
1355 5492 1499 5549 dicit
1528 5508 1657 5548 esse
1686 5492 1958 5564 Spiritus.
1992 5493 2063 5547 Et

419 5572 661 5630 tandem
688 5576 759 5631 de
792 5581 1225 5638 resurrectione
1256 5581 1426 5638 docet
1458 5598 1697 5638 carnem
1728 5597 2058 5655 resurgere,

420 5657 562 5730 quia
588 5661 837 5721 moritur
858 5667 1099 5737 quidem
1129 5670 1533 5743 corruptibilis
1564 5686 1723 5739 caro,
1750 5671 1939 5744 surgit.
1956 5687 2057 5732 au-

2173 3886 2427 3964 φρονήσει
2487 3883 2576 3939 καὶ
2662 3885 2881 3959 γνώσει·
2969 3882 3070 3937 οὐκ
3132 3877 3461 3955 ἀποδέχεται
3515 3875 3573 3933 δὲ
3624 3876 3835 3937 αὐτοὺς

2170 3980 2456 4037 ποιοῦντας
2507 3976 2803 4051 σχίσματα,
2860 3971 3007 4029 ἀλλὰ
3059 3973 3149 4027 καὶ
3209 3965 3596 4043 συμϐουλευει,
3660 3972 3748 4041 μὴ
3782 3968 3830 4023 ἐν

2172 4062 2322 4139 λόγῳ
2350 4067 2449 4133 τὴν
2483 4066 2701 4138 ἀρετὴν,
2729 4062 2855 4121 ἀλλ’
2878 4064 2928 4118 ἐν
2964 4057 3106 4137 ἔργῳ
3134 4060 3228 4116 καὶ
3285 4059 3507 4132 δυνάμει
3537 4064 3825 4137 ἡγεῖσθαι,

2172 4156 2400 4212 Ἐπειτα
2442 4154 2768 4227 ἐπιτιμήσας
2821 4157 2899 4222 τῷ
2956 4153 3054 4220 τήν
3118 4149 3383 4224 μητρυιὰν
3420 4143 3672 4217 λαϐόντι,
3742 4147 3828 4203 καὶ

2171 4244 2489 4319 παραινέσας
2527 4244 2601 4314 μὴ
2633 4236 2780 4316 ἔχειν
2820 4241 3064 4315 κρίματα
3119 4240 3255 4314 πρὸς
3313 4237 3558 4308 ἑαυτοὺς,
3621 4236 3823 4294 λοιπὸν

2170 4332 2295 4407 περὶ
2324 4333 2398 4387 ὧν
2454 4330 2684 4407 ἔγραψαν
2740 4330 3111 4403 ἀποκρίνεται,
3144 4328 3266 4402 περὶ
3329 4330 3424 4400 μὶν
3478 4331 3579 4382 τοῦ
3636 4327 3828 4404 γάμου

2172 4419 2439 4476 διδάσκων
2473 4418 2743 4495 ἆρῥηκτον
2799 4418 2935 4474 εἶναι
2990 4420 3088 4489 τὴν
3146 4417 3423 4495 συζυγίαν,
3452 4416 3541 4470 καὶ
3565 4415 3616 4470 ἐν
3648 4418 3831 4493 καιρῷ

2176 4507 2327 4585 μὸνῳ
2356 4509 2673 4584 σχολάζειν,
2709 4506 2797 4565 διὰ
2852 4510 2920 4577 τὴ
2954 4510 3146 4584 εὐχήν.
3205 4508 3303 4564 Διὰ
3368 4504 3426 4562 δὶ
3484 4506 3545 4561 τὸ
3602 4506 3822 4581 ἀγαπᾷν

2173 4598 2366 4662 αὐτοὺς
2392 4601 2491 4668 τὴν
2537 4596 2871 4673 ἰγκράτειαν,
2929 4598 3121 4673 γράφει
3178 4595 3303 4669 περὶ
3356 4594 3665 4670 παρθενίας.
3736 4595 3823 4651 δτι

2171 4688 2248 4747 Οὔ
2282 4689 2415 4744 κατά
2448 4688 2700 4762 ἀνάγκην·
2732 4685 2880 4743 ἀλλὰ
2918 4688 3104 4742 πειθοῖ
3155 4688 3315 4741 τοῦτο
3370 4682 3599 4760 γινέσθω
3680 4686 3823 4741 Εἶτα

2172 4779 2296 4852 περὶ
2326 4783 2431 4835 τῶν
2465 4775 2862 4840 εἰδωλοθύτων,
2892 4773 2983 4830 *ἱνα
3018 4776 3094 4847 μὴ
3135 4779 3517 4855 καταχρῶνται
3574 4777 3643 4847 τῇ
3674 4776 3820 4848 γνώ·

2173 4889 2274 4930 σει,
2306 4866 2453 4923 ἀλλά
2483 4870 2551 4941 τῇ
2582 4866 2763 4942 ἀγάπῃ
2796 4863 3213 4923 πολιτεῦωνται.
3260 4863 3480 4920 Κωλύει
3525 4864 3617 4919 οὗν
3668 4864 3741 4919 τὰ
3772 4864 3821 4920 ἐν

2173 4953 2441 5025 είδωλείῳ
2473 4956 2771 5028 συμπόσια,
2809 4951 2903 5008 ⁸ίνα
2956 4955 3031 5025 μὴ
3088 4950 3549 5023 σκανδαλίζωνται
3608 4953 3662 5007 οἳ
3728 4975 3820 5025 μι-

2170 5047 2315 5120 κροί.
2355 5045 2485 5102 Εἶτα
2509 5044 2631 5118 περὶ
2686 5048 2794 5098 τῶν
2850 5046 3227 5115 πνευματικῶν
3280 5043 3636 5121 χαρισμάτων
3684 5043 3821 5118 γρά-

2175 5155 2283 5213 φει,
2331 5133 2420 5188 ἳνα
2480 5134 2554 5205 μὴ
2613 5130 2967 5213 διαφέρωνται
3021 5130 3071 5187 ἐν
3129 5136 3245 5193 τοῖς
3300 5131 3625 5207 χαρίσμασι,
3675 5132 3819 5202 μηδὶ

2168 5224 2502 5300 προκρίνωσι
2533 5226 2626 5279 τὸν
2684 5220 2885 5302 ἔχοντα
2940 5223 3187 5299 χάρισμα
3242 5221 3386 5291 τόδε,
3438 5226 3534 5278 τοῦ
3590 5219 3819 5298 ἔχοντος

2170 5314 2315 5375 τὸδε.
2351 5316 2527 5372 Πάντα
2548 5317 2650 5389 γὰρ
2702 5320 2801 5371 τοῦ
2852 5315 3017 5371 αὐτοῦ
3050 5316 3388 5390 ίΗνεῦματος
3449 5314 3584 5371 εἶναι
3643 5313 3817 5391 λέγει.

2173 5406 2277 5466 Καὶ
2335 5404 2530 5461 λοιπὸν
2585 5405 2708 5479 περὶ
2766 5404 3107 5468 ἀναστάσεως
3154 5400 3417 5473 διδάσκει,
3470 5405 3555 5462 δτι
3600 5407 3635 5474 ἡ
3691 5404 3819 5480 σάρξ

2167 5493 2468 5569 ἰγείρεται,
2526 5494 2946 5564 ἀποθνῄσκουσα
3006 5493 3098 5566 μὶν
3154 5494 3334 5569 σαρκὶ,
3394 5490 3717 5568 ἀγειρομᾶνη
3762 5490 3818 5550 δδ

2170 5582 2438 5663 ἄφθαρτος
2487 5583 2622 5637 κατά
2648 5632 2651 5653 λ
2679 5584 2778 5653 τὴν
2809 5586 2906 5637 τοῦ
2938 5586 3204 5657 εΧριστοῦ
3255 5572 3438 5661 χάριν.
3465 5583 3572 5652 Τήν
3602 5580 3810 5656 δὶιάνά-

2171 5690 2379 5743 στασιν,
2409 5670 2516 5727 ἀπὸ
2573 5676 2671 5727 τοῦ
2725 5670 3018 5751 ὂγηγίρθαι
3073 5672 3166 5727 τὸν
3225 5674 3453 5746 Χριστον
3508 5670 3808 5744 συνίστησι.
