4106 6252
409 333 532 399 639

1529 335 1889 400 acumen
1897 338 1957 399 II
1999 335 2306 402 ΤΒΙΟΟΒ
2348 339 2697 405 EPISOOPI

1245 576 1958 710 ΠΑΥΛΟΥ
2079 577 3164 714 ΛΠΟΣΤΟΛΟΥ

2051 816 2186 874 ΤΩΝ

841 1016 1164 1116 ΠΡΟΣ
1247 1015 2017 1118 ΚΟΡΙΝΘΙΟΥΣ
2100 1018 2835 1120 ΕΠΙΣΤΟΛΩΝ
2916 1018 3396 1122 ΠΡΩΤΗ.

1231 1380 1866 1535 PAULI
2029 1375 3030 1531 APOSTOLI

1940 1635 2288 1696 DUARUM

846 1779 1020 1874 AD
1107 1725 1860 1876 CORINTHIOS
1967 1779 2879 1878 EPISTOLARUM
2973 1778 3383 1877 PRIMA

947 2165 1040 2218 41
1058 2160 1100 2218 τ
1142 2161 1525 2224 ΡΒΕΕΜΙΗΜ.
2091 2168 2146 2235 Α
2791 2169 3195 2229 ΠΡΟΟΙΜΙΟΝ.

481 2253 520 2317 Ι,
549 2253 663 2308 1-3.
690 2273 724 2304 α
743 2253 961 2311 Paulus
977 2260 1216 2312 vocatus
1241 2255 1547 2329 Apostolus
1561 2254 1694 2313 .lesu
1719 2253 1934 2314 Christi
1957 2271 2063 2328 per

410 2361 440 2394 α
472 2341 833 2398 voluntatem
858 2343 960 2400 Dei
985 2349 1044 2400 et
1067 2343 1386 2403 Sosthenes
1409 2347 1614 2410 frater,
1648 2345 1926 2402 Ecclesim
1959 2346 2063 2403 Dei

409 2450 440 2482 ‹‹
475 2448 605 2502 quas
638 2437 728 2488 est
756 2431 1018 2489 Corinthi
1050 2435 1434 2492 sanctiﬁcatis
1474 2452 1580 2508 per
1636 2435 1938 2493 Christum
1968 2437 2062 2492 Je-

412 2540 443 2570 «
474 2537 603 2576 sum
637 2522 855 2578 vocatis
887 2525 1130 2586 sanctis.
1160 2541 1284 2582 una
1329 2541 1465 2583 cum
1525 2525 1804 2582 omnibus
1837 2527 1938 2598 qui
1971 2526 2065 2582 in-

411 2631 443 2662 ις
474 2617 682 2667 vocant
729 2628 948 2669 nomen
1006 2614 1241 2670 Domini
1291 2615 1479 2671 nostri
1537 2616 1678 2671 Jesu
1725 2615 1966 2676 Christi.
1999 2615 2061 2672 in

412 2720 444 2752 «
475 2701 681 2772 quovis
705 2701 852 2766 loco.
887 2707 948 2758 et
976 2719 1103 2769 suo,
1125 2710 1400 2759 etnostro
1425 2721 1438 2758 :
1470 2705 1658 2776 gratia
1677 2704 1841 2759 vobis
1870 2709 1929 2760 et
1949 2721 2061 2776 pax

412 2809 440 2840 α
470 2805 504 2844 a
536 2790 653 2848 Deo
685 2792 855 2847 Patre
884 2798 1090 2848 nostro
1113 2798 1172 2848 et
1192 2793 1443 2850 Domino
1472 2793 1610 2850 Jesu
1638 2794 1888 2851 Christo.
1922 2814 1952 2846 κ

477 2971 558 3026 Ex
590 2986 657 3025 eo
682 2971 837 3044 quod
861 2973 943 3027 sei
953 2988 1126 3044 psum
1148 2973 1294 3030 dicit
1314 2978 1612 3042 vocatum,
1635 2973 1880 3040 corrigit
1904 2974 2060 3032 illos.

411 3058 527 3131 Ego
557 3058 704 3130 ipse,
739 3059 952 3131 inquit.
987 3077 1108 3118 non
1151 3062 1432 3118 constitui
1480 3064 1777 3135 meipsum
1827 3070 2064 3135 aposto-

410 3145 558 3210 lum.
594 3154 651 3203 et
680 3149 979 3219 quomodo
1010 3167 1114 3206 vos
1145 3149 1304 3225 ipsos
1335 3153 1699 3210 constituitis
1743 3158 2064 3225 praecepto-

413 3253 510 3294 res
531 3237 557 3291 ‘2
578 3259 608 3288 (ι
639 3240 955 3310 Apostolus
984 3241 1122 3299 Jesu
1153 3242 1389 3307 Christi,
1422 3262 1452 3294 ››
1484 3244 1820 3314 Praeceptor
1874 3249 2066 3299 vester

415 3327 678 3384 Christus
715 3336 822 3394 est.
855 3330 1071 3400 inquit,
1123 3348 1228 3386 cur
1286 3332 1562 3388 homines
1619 3332 1845 3390 fecistis
1899 3332 2064 3388 vobis

413 3423 812 3490 praeceptores
840 3417 866 3471 ?
899 3439 928 3468 ‹‹
960 3420 1071 3473 Per
1098 3419 1460 3477 voluntatem
1500 3421 1620 3474 Dei.
1656 3441 1686 3471 ››
1743 3422 1814 3476 Et
1859 3421 1972 3477 hoc
2001 3426 2067 3476 ut

2246 2256 2464 2322 Παῦλος
2525 2257 2734 2328 κλητὸς
2825 2257 3134 2322 ἀποπολος
3199 2261 3380 2329 Ἰησοῦ
3439 2261 3699 2333 Χριστοῦ
3757 2257 3846 2315 διὰ

2171 2343 2489 2420 θελήματος
2570 2350 2707 2406 Θεοῦ
2740 2391 2754 2416 ,
2839 2349 2934 2404 καὶ
3009 2350 3292 2420 Σωσθένης
3350 2351 3380 2405 ὁ
3430 2346 3716 2430 ἀδελφὸς,
3773 2352 3840 2424 τῇ

2173 2435 2478 2509 Ἐκκλησία
2534 2441 2633 2492 τοῦ
2693 2441 2832 2494 Θεοῦ
2899 2441 2967 2512 τῇ
3025 2436 3158 2514 οὔσῃ
3212 2438 3264 2494 ἐν
3328 2439 3606 2514 Κορίνθῳ,
3673 2443 3843 2516 ἡγια-

2169 2525 2389 2600 σμένοις
2475 2526 2528 2582 ἂν
2618 2532 2835 2602 Χριστῳ
2912 2530 3095 2597 Ἰησοῦ
3171 2526 3404 2597 κλητοῖς
3493 2528 3682 2606 ἁγίοις
3742 2525 3834 2583 σὺν

2173 2621 2305 2673 πᾶσι
2389 2622 2507 2678 τοῖς
2589 2614 3054 2689 ἐπικαλουμένοις
3125 2617 3188 2672 τὸ
3246 2613 3423 2691 ὄνομα
3467 2622 3567 2674 τοῦ
3633 2617 3824 2695 Κυρίου

2168 2708 2329 2778 ἡμῶν
2399 2709 2582 2779 Ἰησοῦ
2667 2709 2906 2782 Χριστοῦ
2991 2705 3044 2759 ἰν
3099 2705 3261 2761 παντὶ
3298 2707 3480 2780 τόπῳ,
3543 2705 3721 2762 αὐτῶν
3770 2725 3825 2760 τε

2167 2795 2258 2850 καὶ
2315 2797 2499 2868 ἡμῶν,
2550 2795 2714 2870 χάρις
2773 2795 2903 2868 ὑμῖν
2954 2794 3044 2850 καὶ
3096 2795 3287 2866 εἶρήνη
3350 2795 3456 2851 ἀπὸ
3513 2799 3646 2852 Θεοῦ
3700 2796 3813 2852 H1-

2166 2885 2294 2959 τρὸς
2323 2886 2483 2958 ἡμῶν
2512 2886 2598 2939 καὶ
2635 2885 2836 2957 Κυρίου
2863 2885 3047 2952 Ἰησοῦ
3079 2887 3335 2958 Χριστοῦ.

2240 2976 2336 3030 Ἐκ
2389 2977 2486 3028 τοῦ
2539 2972 2746 3042 κλητὸν
2806 2971 2992 3028 ἑαυτὸν
3043 2971 3295 3038 καλέσαι,
3357 2969 3644 3045 διορθοῦται
3698 2967 3795 3024 αὑ-

2169 3063 2316 3125 τούς.
2358 3062 2506 3141 Ἐγὼ
2536 3062 2715 3126 αὐτὸς.
2749 3063 2938 3134 φησὶν,
2979 3062 3084 3117 οὐκ
3138 3061 3656 3141 αὑτοχειροτὸνητὸς
3690 3058 3801 3129 εἶμι

2169 3149 2498 3220 ἀπόστολος,
2555 3149 2647 3205 καὶ
2700 3153 2816 3210 πῶς
2878 3150 3034 3221 ὑμεῖς
3091 3148 3610 3224 αὐτοχειροτόνῃτοι
3667 3142 3815 3202 διδᾶ-

2170 3239 2366 3296 σκαλοι
2400 3260 2412 3307 ;
2448 3263 2476 3290 «
2510 3237 2846 3299 ’Λπόστολος
2878 3238 3061 3308 Ἰησοῦ
3097 3241 3350 3303 Χριστοῦ.
3385 3259 3414 3288 π
3474 3237 3536 3294 Ὀ
3571 3233 3820 3292 διδάσκα-

2169 3327 2268 3392 λος
2297 3329 2473 3402 ὑμῶν,
2501 3327 2732 3400 Χριστός
2761 3324 2896 3394 ἐστι,
2929 3325 3086 3399 φησὶ,
3120 3327 3172 3381 τί
3208 3325 3528 3397 ἀνθρώπους
3563 3325 3820 3395 ἐποιήσα-

2167 3438 2227 3473 τε
2258 3417 2410 3490 ὑμῶν
2439 3412 2798 3478 διδασκάλους
2831 3433 2847 3484 ;
2895 3439 2923 3466 ι(
2957 3415 3062 3474 Καὶ
3109 3417 3270 3469 τοῦτο
3323 3411 3548 3486 θέλημα
3605 3417 3769 3469 Θεοῦ.
3801 3433 3828 3464 ι

413 3504 687 3562 voluntas
724 3507 820 3560 Dei
855 3524 959 3576 per
989 3523 1098 3562 nos
1129 3508 1428 3578 apostolos
1460 3508 1901 3579 prnrdicaretur.
1937 3529 1968 3559 α
1997 3509 2062 3564 Et

2178 3507 2253 3561 Δι’
2311 3509 2473 3580 ἡμῶν
2531 3505 2889 3582 κτ,ρ’3σσεσθαι
2942 3509 3050 3560 τῶν
3106 3503 3448 3563 ἀποστόλων.
3507 3528 3535 3556 ί(
3573 3504 3681 3562 Καὶ
3718 3510 3831 3560 Σω-

415 3593 757 3650 Sosthenrs.
794 3616 822 3645 >>
857 3595 1158 3666 Siquidem
1200 3612 1274 3650 ne
1307 3596 1677 3652 arbitremini
1712 3597 1865 3653 418
1909 3599 2062 3670 quod

2178 3597 2382 3664 σθένης.
2419 3619 2446 3646 ››
2478 3596 2565 3663 Μὴ
2607 3595 2706 3667 γὰρ
2761 3594 3022 3667 νομίσητε
3075 3594 3158 3650 ὅτι
3218 3592 3438 3667 ὶμαυτῷ
3493 3591 3830 3669 περιποιοὺ-

417 3682 714 3740 vindicata
741 3684 884 3740 mihi
939 3685 1051 3756 ipsi
1085 3685 1335 3742 rlocendi
1379 3685 1686 3758 dignitate,
1715 3703 1816 3744 vos
1849 3704 2066 3760 purga-

421 3779 589 3831 turus
615 3774 845 3829 veniam
877 3791 910 3829 a
939 3780 1170 3829 tumore
1201 3776 1302 3846 qui
1333 3776 1470 3831 inde
1510 3776 1819 3846 provenire
1866 3777 2019 3832 solet
2051 3795 2064 3833 :

422 3879 556 3919 ecce
589 3869 643 3917 et
671 3863 1019 3919 Sosthenem
1051 3865 1198 3920 mihi
1235 3865 1344 3936 ipsi
1389 3866 1687 3938 conjungo
1727 3882 1794 3922 ac
1824 3867 2066 3922 fratrem

419 3955 677 4026 appello,
721 3961 921 4012 etuna
968 3971 1104 4012 cum
1134 3955 1262 4027 ipso
1296 3956 1510 4020 scribo.
1547 3972 1676 4028 quas
1735 3973 1870 4013 mea
1929 3962 2070 4013 sunt

419 4046 886 4100 communicans.
935 4046 1050 4100 Cur
1079 4046 1258 4120 igitur
1287 4045 1450 4102 vobis
1480 4046 1703 4102 obsisto
1733 4046 1760 4101 ?
1789 4046 1936 4113 Quia
1960 4061 2063 4102 no-

419 4135 579 4190 civus
610 4140 696 4191 est
726 4134 888 4190 vobis
921 4140 1116 4192 tumor
1171 4134 1244 4188 ob
1285 4134 1614 4191 doctrinam
1651 4142 1909 4194 exortus.
1971 4136 2066 4190 Et-

420 4224 579 4280 enim
612 4239 744 4280 cum
777 4222 926 4279 nihil
959 4222 1123 4278 vobis
1155 4224 1360 4295 prosit.
1393 4239 1493 4278 eos
1513 4223 1690 4278 etiam
1716 4224 1813 4294 qui
1835 4223 2066 4279 obtem—

417 4318 630 4386 perant
649 4329 682 4367 a
707 4312 977 4367 doctrina
1002 4328 1146 4367 sana
1163 4311 1439 4366 aberrare
1473 4311 1629 4376 facit,
1664 4317 1722 4366 et
1753 4326 2068 4367 commune

423 4401 629 4458 dividit
657 4401 932 4457 Ecclesia
963 4417 1195 4472 corpus.
1259 4422 1288 4451 ‹‹
1319 4401 1540 4456 Frater.
1571 4421 1602 4451 ››
1651 4401 1733 4454 Ex
1781 4399 2070 4456 modestia

422 4507 551 4547 sese
577 4491 853 4546 Sostheni
879 4491 1010 4562 conj
1025 4492 1212 4563 ungit.
1241 4510 1272 4541 «
1302 4489 1579 4545 Ecclesiae
1614 4488 1736 4545 Dei.
1771 4509 1800 4539 »
1823 4489 1986 4553 Quod
2017 4489 2066 4544 si

421 4580 522 4636 Dei
554 4579 817 4635 Ecclesia
847 4581 1010 4644 estis,
1039 4595 1154 4651 quo
1186 4585 1352 4650 pacto
1385 4595 1483 4634 vos
1509 4579 1670 4649 ipsos
1727 4577 2068 4634 hominibus

421 4669 768 4725 addixistis:
813 4691 841 4718 ‹‹
899 4668 1294 4724 Sanctiﬁcatis
1348 4684 1454 4740 per
1509 4668 1891 4723 Christum.»
1950 4667 2068 4723 Hoc

422 4764 532 4815 est.
568 4758 796 4812 lavacro
829 4764 888 4813 et
917 4757 1032 4813 fide
1072 4757 1310 4821 Christi.
1345 4773 1467 4812 non
1497 4774 1605 4829 per
1635 4773 1734 4812 eos
1763 4757 1863 4828 qui
1905 4773 2068 4814 nunc

424 4852 565 4904 sunt
592 4845 757 4900 vobis
798 4854 1209 4917 praeceptores.
1263 4868 1292 4897 «
1326 4847 1555 4902 Vocatis
1587 4847 1829 4901 sanctis.
1860 4866 1888 4895 ››
1923 4847 2067 4901 Nam

424 4935 616 4992 ethoc
664 4935 856 5006 ipsum
891 4935 1050 5007 quod
1079 4953 1178 4991 vos
1230 4935 1603 4992 credideritis
1633 4951 1753 4990 non
1809 4941 2067 4992 vestrum

425 5032 532 5088 est.
568 5025 672 5082 sed
698 5042 732 5080 a
762 5026 876 5080 Deo
907 5026 1092 5080 vocati
1144 5027 1286 5081 estis
1343 5025 1417 5081 ad
1449 5025 1647 5082 fidem.
1679 5047 1707 5075 «
1758 5026 1885 5081 Una
1932 5041 2066 5081 cum

422 5118 698 5175 omnibus
727 5117 828 5190 qui
860 5116 1151 5172 invocant.
1187 5137 1216 5166 »
1248 5118 1373 5172 Non
1411 5116 1603 5171 solum
1643 5115 1806 5170 vobis
1863 5115 2068 5170 Corin-

420 5209 584 5269 thiis.
617 5208 832 5279 inquit,
857 5206 1044 5280 gratia
1075 5211 1133 5260 et
1160 5222 1293 5278 pax,
1329 5205 1431 5262 sed
1461 5222 1582 5262 una
1611 5221 1746 5261 cum
1791 5203 2067 5260 omnibus

420 5301 517 5371 qui
554 5299 829 5354 invocant
859 5297 1154 5353 Christum
1195 5295 1255 5351 in
1288 5311 1643 5366 quocunque
1684 5295 1812 5350 loco
1840 5300 1943 5350 aut
1980 5292 2068 5347 illi

420 5395 559 5446 sunt
579 5395 681 5444 aut
709 5405 809 5443 vos
842 5387 1002 5443 estis.
1052 5418 1119 5427 —
1155 5386 1344 5441 Aliud.
1403 5386 1698 5450 Quantum
1746 5383 1833 5438 illi
1891 5387 2068 5439 etiam

2106 4884 2148 4949 C

2176 3703 2332 3757 μενος
2358 3682 2421 3739 τὸ
2447 3686 2543 3751 τῆς
2575 3681 2926 3745 διδασκαλίας
2956 3683 3169 3756 ἀξίωμα
3220 3683 3358 3756 ὑμᾶς
3413 3679 3606 3756 μέλλω
3637 3685 3831 3742 καθαι-

2174 3778 2283 3849 ρεῖν
2305 3779 2405 3841 τῆς
2437 3771 2522 3828 ἰπὶ
2565 3772 2743 3845 τούτῳ
2803 3773 3135 3850 φυσιώσεως-
3199 3767 3340 3827 Ἱδοὺ
3396 3771 3501 3846 γὰρ
3555 3771 3648 3826 καὶ
3713 3779 3835 3828 Σω-

2173 3861 2360 3933 σθένην
2417 3862 2635 3934 tuas-rip
2693 3862 2966 3918 συντάττω
3018 3861 3108 3917 καὶ
3163 3857 3398 3938 ἀδελφὸν
3465 3867 3623 3917 καλῶ
3657 3905 3677 3930 ,
3743 3862 3834 3918 καὶ

2173 3953 2266 4009 σὺν
2321 3952 2468 4027 αὑτῷ
2499 3950 2829 4022 ἐπιστέλλω,
2890 3950 3381 4024 atomorum-Sp.va
3412 3951 3481 4007 τὰ
3513 3953 3638 4015 sui.
3678 3951 3835 4010 Διατί

2174 4041 2264 4098 οὗν
2300 4042 2440 4117 ὑμᾶς
2493 4039 2785 4117 ὶγκόπτω;
2842 4040 2963 4101 Ὀτι
2994 4034 3290 4102 ἇπιόλαόές
3323 4040 3476 4113 ὑμῶν
3507 4041 3570 4098 τὸ
3630 4041 3726 4098 ἰπὶ
3769 4045 3836 4117 τῇ

2175 4127 2533 4209 διδρασκαλίᾳ
2585 4129 2848 4206 φύσημα.
2906 4130 3072 4201 ’Υμᾶς
3118 4149 3176 4184 τε
3229 4129 3332 4204 γὰρ
3382 4127 3535 4185 οὑδὶν
3592 4129 3836 4200 ὀνίνησι,

2174 4219 2303 4282 τούς
2335 4241 2395 4275 τε
2424 4219 2781 4294 πειθομένους
2811 4219 3050 4290 ἐξίστησι
3104 4225 3207 4287 τῆς
3266 4219 3617 4294 ὑγιαινούσης
3673 4218 3840 4277 διδα-

2179 4306 2428 4378 σκαλίας,
2459 4310 2545 4364 καὶ
2580 4309 2643 4366 τὸ
2671 4308 2849 4365 κοινὸν
2901 4308 3110 4382 μερίζει
3147 4314 3249 4379 τῆς
3279 4308 3608 4376 Ἑκκλησίας
3645 4314 3836 4382 σῶμα,

2179 4423 2210 4454 (ς
2239 4400 2301 4458 Ὀ
2359 4395 2612 4476 ἀδελφός.
2656 4419 2686 4450 »
2739 4396 2889 4454 Κατὰ
2947 4397 3276 4472 μετριότητα
3327 4400 3582 4456 συνάπτει
3641 4398 3838 4456 δαυτὸν

2178 4486 2465 4551 Σωσθένει,
2517 4509 2547 4538 (ι
2576 4488 2652 4560 Τῇ
2706 4482 3011 4556 Ἐκκλησία
3056 4489 3155 4541 τοῦ
3211 4489 3344 4542 Θεοῦ
3410 4510 3440 4538 ››
3499 4486 3557 4542 El
3611 4483 3671 4543 δὶ
3700 4491 3840 4544 Θεοῦ

2176 4577 2295 4634 ἕστε
2333 4574 2654 4644 Ἐκκλησία,
2687 4579 2804 4635 πῶς
2855 4574 3158 4643 ἀνθρώποις
3212 4575 3434 4639 ἑαυτοὺς
3468 4576 3836 4651 προσενεῖμα-

2173 4689 2233 4724 τε
2263 4688 2277 4737 ;
2311 4689 2342 4718 «
2372 4663 2750 4739 Ἢγιασμὲνοις
2779 4661 2830 4720 ἐν
2893 4667 3135 4736 Χριστῷ.
3169 4687 3196 4716 »
3257 4666 3352 4735 Τῷ
3383 4662 3602 4738 λουτρῷ
3643 4667 3732 4720 καὶ
3760 4670 3834 4739 τῇ

2175 4757 2644 4828 πίστειΧριστοῦ,
2679 4751 2740 4807 οὑ
2791 4749 2880 4807 διὰ
2932 4756 3039 4806 τῶν
3089 4755 3182 4804 νῦν
3243 4753 3398 4825 ὑμῶν
3460 4751 3835 4812 διδασκάλων.

2179 4871 2206 4899 ‹‹
2270 4844 2508 4914 Κλητοῖς
2567 4841 2764 4918 ἁγίοις,
2798 4865 2826 4894 ››
2887 4842 2992 4900 Καὶ
3044 4840 3174 4896 αὐτὸ
3253 4842 3352 4917 γὰρ
3431 4843 3494 4898 τὸ
3546 4847 3833 4899 πιστεῦσαι

2179 4937 2338 5009 ὑμᾶς,
2373 4935 2483 5009 οὑχ
2515 4932 2796 5006 ὑμέτερον,
2826 4930 2955 4986 ἀλλ’
2984 4929 3091 4986 ἀπὸ
3147 4935 3280 4987 Θεοῦ
3333 4932 3472 5005 πρὸς
3509 4933 3608 5001 τήν
3644 4934 3834 4988 πίστιν

2177 5024 2468 5095 ἐκλήθητε.
2510 5047 2530 5072 ι
2568 5022 2672 5076 Σὺν
2700 5026 2834 5077 πᾶσι
2876 5024 2994 5082 τοῖς
3053 5018 3528 5095 ἐπικαλουμένοις,
3561 5045 3590 5074 ››
3623 5022 3700 5080 Οὐ
3735 5024 3835 5096 μό.

2173 5135 2264 5170 νον
2297 5114 2424 5186 ὑμῖν
2473 5117 2588 5174 τοῖς
2638 5110 2966 5184 Κορινθίοις,
3025 5111 3180 5186 φησὶ,
3243 5113 3408 5186 χάρις
3465 5111 3557 5167 καὶ
3613 5111 3832 5188 εἷρήνη,

2177 5203 2323 5261 ἀλλᾶ
2362 5201 2456 5259 σὺν
2514 5207 2645 5258 πᾶσι
2700 5205 2816 5263 τοῖς
2872 5196 3329 5272 ἐπικαλουμένοις
3382 5200 3475 5257 τὸν
3513 5202 3752 5274 Χριστὸν
3785 5200 3836 5260 ἂν

2179 5289 2489 5365 οῖῳδήποτε
2518 5290 2691 5364 τόπῳ,
2752 5289 2802 5342 ἐν
2836 5289 2882 5361 ᾧ
2938 5287 3071 5343 εῗσιν
3131 5286 3331 5344 ἐκεῖνοί
3391 5310 3451 5346 τε
3499 5289 3592 5344 καὶ
3646 5291 3834 5363 ὑμεῖς.

2178 5415 2249 5426 -
2267 5379 2471 5437 νΑλλο.
2501 5381 2658 5433 Ὀσον
2682 5374 3296 5447 ἐκεῖνοικατ’ἀλλήλων
3320 5375 3686 5458 διεσχῖζοντο,
3710 5400 3836 5436 τοσ-

424 5479 580 5533 ίῐὶῐέῑ*
627 5494 689 5532 se
748 5477 1136 5544 dissidebant,
1198 5480 1428 5530 tantum
1494 5474 1620 5545 ipse
1675 5471 2062 5529 contendebat

2183 5469 2336 5527 οὖτον
2381 5467 2539 5530 αὐτὸς
2597 5464 2921 5543 ἐφιλονείκει
2978 5465 3069 5520 καὶ
3125 5471 3242 5528 τοῖς
3300 5467 3490 5542 πόρῥω
3547 5468 3830 5524 συνάπτειν

427 5583 529 5622 eos
559 5566 678 5621 illis
710 5583 945 5636 quoque
978 5568 1335 5638 conjungere
1367 5565 1464 5636 qui
1498 5565 1701 5636 procul
1733 5561 2070 5618 distabant:

2184 5559 2399 5622 αὐτούς.
2463 5556 2554 5613 Διὸ
2615 5554 2834 5629 μέλλων
2890 5552 3074 5615 αὐτοῖς
3130 5562 3470 5633 προσφωνεῖν
3520 5557 3619 5625 τήν
3673 5559 3833 5634 χάριν

427 5655 564 5713 ideo
603 5660 912 5728 optaturus
963 5656 1044 5711 eis
1087 5656 1336 5728 gratiam
1368 5660 1428 5711 et
1455 5670 1661 5726 pacem
1701 5669 1737 5710 a
1766 5653 1907 5722 Deo,
1941 5667 2062 5709 cum

2183 5649 2273 5706 καὶ
2302 5650 2401 5720 τὴν
2429 5647 2649 5723 εἰρήνην
2673 5651 2770 5714 τῆν
2804 5643 2911 5699 ἀπὸ
2943 5647 3098 5716 Θεοῦ,
3127 5644 3219 5699 καὶ
3275 5644 3463 5716 εἰπὼν,
3525 5669 3553 5699 ιι
3586 5643 3828 5718 κλητοῖς
