4106 6252
372 334 490 395 641

1507 339 1916 401 COMMENT.
1961 337 2037 398 IN
2085 336 2336 401 EPIST.
2382 340 2485 400 AD
2533 342 2713 404 ΗΘΜ.

3691 355 3812 421 642

385 465 588 541 ἁγίοις,
621 492 649 519 ››
682 469 882 524 αὐτίκα
910 474 1133 545 συνῆψε.
1187 496 1215 523 (ι
1273 472 1378 527 Σὺν
1435 478 1563 526 πᾶσι
1611 477 1725 533 τοῖς
1756 469 2043 525 ἐπικαλου-

2165 471 2409 529 dixisset
2438 497 2464 523 «
2506 476 2732 531 Vocatis
2763 479 2998 536 sanctis.
3026 499 3054 531 ιι
3091 484 3357 553 protinus
3407 488 3813 562 conjungendi

393 555 603 631 μένοις,
640 581 667 611 ι
717 559 812 614 καὶ
868 559 1007 629 ἑξῆς.
1042 560 1143 616 Καὶ
1201 560 1352 634 ὑμῖν,
1412 563 1568 631 φησὶ,
1626 560 1714 615 καὶ
1774 559 2047 634 σύμπασιν

390 646 477 717 εἴη
502 650 540 716 ἡ
573 646 683 703 ἀπὸ
717 652 856 703 Θεοῦ
886 648 975 703 καὶ
1011 650 1218 723 ΙΙατρὸς
1261 651 1424 724 χάρις
1480 650 1572 705 καὶ
1622 649 1831 726 εἰρήνη.
1876 674 1903 702 ‹‹
1939 648 2049 704 Αὐ-

391 742 500 791 τῶν
534 757 591 792 τε
615 737 703 792 καὶ
736 739 923 809 ἡμῶν.
961 765 983 792 ι
1015 736 1241 807 Ἐπειδὴ
1277 739 1468 808 εἶπὼν,
1498 764 1525 791 ‹‹
1590 740 1695 792 Σὺν
1755 742 1883 792 πᾶσι
1928 743 2044 799 τοῖς

395 825 853 898 ἐπικαλουμένοις
882 827 943 881 τὸ
976 825 1153 898 ὄνομα
1181 833 1277 882 τοῦ
1310 827 1530 902 Κυρίου,
1559 853 1587 881 ››
1620 830 1855 903 ἐπήγαγε
1882 826 2043 899 μόνον

388 918 473 985 τὸ,
512 943 537 964 ⁸·
573 917 780 987 Ἠμῶν.
837 939 857 968 ι
923 915 1405 991 ἐπιδιορθοῦμενος
1462 918 1552 973 καὶ
1606 914 1812 980 δεικνὺς
1865 916 2045 971 κοινὸν

390 1008 554 1062 αὐτὸν
590 1006 793 1082 Κύριον
822 1006 913 1063 καὶ
973 1009 1247 1077 Δεσπότην
1307 1008 1557 1063 ἁπάντων
1618 1009 1763 1076 ὂντα,
1822 1004 2048 1080 προστί-

384 1098 575 1167 θησιν,
611 1121 637 1146 (ι
673 1096 863 1152 Αὐτῶν
893 1117 951 1151 τε
975 1096 1065 1151 καὶ
1092 1099 1276 1170 ἡμῶν.
1318 1124 1338 1148 ι
1403 1098 1467 1155 Εἰ
1526 1095 1585 1153 δὲ
1643 1098 1826 1160 κοινὸς
1876 1095 2047 1151 ἀπάν-

383 1206 493 1241 των
556 1184 780 1260 Κύριος,
837 1186 928 1239 καὶ
989 1184 1052 1240 οὐ
1111 1185 1271 1258 μόνον
1344 1189 1528 1262 ἡμῶν,
1589 1184 1737 1242 ἀλλὰ
1790 1186 1879 1241 καὶ
1935 1188 2042 1241 τῶν

386 1277 727 1350 ἁπανταχοῦ,
760 1274 810 1330 τί
845 1276 1147 1351 σχιζόμεθα
1178 1275 1467 1349 ἀλλήλων,
1500 1278 1590 1332 καὶ
1642 1279 1742 1346 τήν
1772 1279 1957 1347 κοινὴν
1994 1277 2044 1347 ἐξ

392 1366 467 1420 ὧν
523 1367 774 1438 τὲμνεσθε
830 1361 1249 1438 καθυϐρίζοντες
1310 1368 1640 1444 κυριότητα,
1697 1369 1898 1441 ἕτεροις
1953 1368 2042 1422 καὶ

393 1453 594 1528 ἑτέροις
624 1454 849 1516 ἑαυτοὺς
880 1453 1162 1527 διανεμετε
1193 1476 1207 1528 ;
1244 1481 1273 1510 α(
1332 1458 1436 1515 Καὶ
1499 1458 1690 1531 εἰρήνη
1752 1458 1857 1513 ἀπὸ
1910 1461 2044 1512 Θεοῦ

389 1544 616 1619 Πατρός.
654 1544 775 1602 »Τί
810 1542 889 1609 δὲ,
920 1545 1102 1624 φησῖν,
1152 1545 1188 1616 ἢ
1243 1547 1382 1619 πρὸς
1412 1544 1575 1602 τόνδε
1627 1546 1947 1617 εἴρηνεύετε,
2006 1545 2041 1615 ἢ

380 1632 486 1687 ἀπὸ
514 1631 677 1688 τοῦδε
704 1636 869 1713 χάριν
904 1630 1058 1691 ἔιετε
1092 1654 1105 1705 ;
1141 1637 1305 1711 Ἐγὼ,
1357 1637 1512 1716 φησὶ,
1568 1642 1742 1691 ταῦτα
1772 1634 1878 1690 ἀπὸ
1910 1638 2044 1690 Θεοῦ

382 1723 512 1793 ὑμῖν
544 1720 788 1797 εὔχομαι
815 1726 1079 1799 γενέσθαι.
1114 1723 1419 1781 Αῐνίττεται
1468 1723 1545 1796 δὶ,
1604 1724 1731 1787 τοὺς
1789 1720 2042 1779 διδασκά-

380 1809 511 1871 λους
543 1808 724 1865 αὐτῶν
745 1821 845 1875 καθ
856 1811 1175 1884 κπτόμενος.

458 2070 794 2146 Εὐχαριστῶ
821 2076 901 2127 τῶ
931 2077 1047 2128 Θεῶ
1081 2095 1186 2145 μου
1217 2076 1447 2130 πάντοτε
1477 2074 1600 2151 περὶ
1646 2077 1820 2148 ὑμῶν,
1859 2076 1943 2133 ἐπὶ
1970 2080 2040 2151 τῇ

380 2161 574 2235 χάριτι
602 2161 700 2216 τοῦ
733 2165 867 2216 Θεοῦ
895 2165 964 2235 τῇ
998 2159 1212 2238 δοθείσῃ
1264 2165 1393 2236 ὑμῖν
1448 2164 1499 2219 ἐν
1556 2170 1778 2240 Χριστῶ
1833 2169 2038 2237 Ἰησοῦ,

388 2249 474 2304 ὅτι
510 2252 563 2304 ἐν
593 2249 755 2305 παντῖ
788 2248 1187 2322 ἐπλουτίσθητε
1216 2250 1267 2307 ἐν
1300 2252 1469 2325 αὐτῶ,
1501 2250 1552 2308 ἰν
1584 2255 1743 2309 παντὶ
1778 2253 1926 2329 λόγῳ
1951 2252 2042 2308 καί

380 2339 526 2413 πάσῃ
552 2344 776 2414 γνώσει,
810 2339 990 2402 καθὼς
1016 2342 1078 2395 τὸ
1131 2341 1425 2416 μαρτύριον
1484 2346 1581 2397 τοῦ
1630 2346 1863 2418 Χριστοῦ
1919 2337 2040 2397 ἐϐε-

382 2423 603 2499 ϐαιώθη
633 2428 686 2484 ἐν
723 2430 875 2499 ὑμῖν.

458 2518 479 2592 [
512 2544 537 2567 ιι
563 2516 913 2595 Εὐχαρίστῶ.
951 2518 1390 2598 »]Εὐχαρίστους
1421 2521 1560 2575 εἶναι
1588 2522 1737 2593 ἡμᾶς
1753 2518 2041 2592 παιδεύων,

386 2606 444 2661 ὲν
473 2608 624 2679 πάσῃ
648 2606 946 2679 Ἐπιστολῇ
974 2613 1135 2663 τοῦτο
1166 2610 1399 2679 τίθησιν.
1436 2633 1464 2663 ‹‹
1506 2612 1599 2667 Τὼ
1627 2615 1742 2665 Θεῶ
1768 2631 1927 2684 μου.»
1950 2613 2043 2667 Ἐκ

392 2690 625 2762 πολλῆς
654 2695 945 2769 ἀγάπης,τὸ
977 2698 1158 2752 κοινὸν
1183 2695 1323 2753 ἴδιον
1360 2704 1651 2755 nomint.“
1683 2699 1802 2753 Ἐπὶ
1833 2703 1901 2773 τῇ
1934 2699 2043 2774 χά-

400 2803 517 2858 ριτι
545 2786 637 2837 τοῦ
671 2786 812 2839 Θεοῦ.
853 2810 873 2835 ι
913 2785 1063 2858 Μέγα
1092 2786 1344 2865 ἐφρόνουν
1370 2784 1457 2841 ἐπὶ
1514 2793 1629 2849 τοῖς
1682 2788 2039 2862 χαρίσμασιν.

393 2870 700 2926 Λὶνίττεται
734 2869 847 2926 οὖν·
907 2873 971 2930 Εἰ
1033 2874 1134 2929 οὐκ
1185 2874 1236 2945 ἐξ
1296 2875 1511 2930 οἰκείων
1573 2878 2040 2950 κατορθωμάτων,

376 2961 533 3016 ἀλλᾶ
565 2965 634 3034 τῇ
666 2967 763 3016 τοῦ
795 2969 1038 3037 Χριστοῦ
1070 2962 1245 3039 δωρεᾷ
1273 2966 1336 3019 τὸ
1368 2967 1616 3040 χάρισμα
1672 2964 1955 3040 ε’λῆφατε,
1986 2961 2037 3022 τί

378 3052 520 3125 μέγα
555 3056 808 3130 φρονεῖτε
841 3072 856 3121 ς
894 3076 923 3105 κ
957 3053 1045 3110 Ἐν
1081 3058 1296 3130 Χριστῶ
1330 3057 1527 3124 Ἰησοῦ,
1566 3079 1595 3107 ››
1626 3054 1709 3129 Τῇ
1768 3054 1858 3110 διὰ
1908 3061 2041 3131 Χρι-

378 3142 529 3196 στοῦ.
569 3140 669 3192 Διά
698 3140 941 3212 Χριστοῦ
998 3140 1099 3213 γὰρ
1159 3141 1187 3195 ὁ
1251 3143 1435 3216 Πατῆρ
1490 3139 1738 3197 δέδωκεν.
1774 3164 1803 3193 ‹‹
1837 3145 1921 3198 Ἐν
1946 3142 2041 3196 αὖ·

2164 562 2467 633 subjunxit
2500 582 2514 619 :
2544 588 2571 616 ‹‹
2605 568 2747 622 Cum
2804 572 3077 626 omnibus
3132 575 3230 643 qui
3274 576 3568 640 invocant.
3604 604 3631 628 n
3692 588 3806 637 etc.

2160 651 2228 706 Et
2283 652 2466 719 vobis,
2516 654 2729 727 inquit,
2789 664 2846 713 et
2904 661 3195 718 universis
3253 666 3328 720 sit
3378 684 3413 723 θ,
3469 669 3585 725 Deo
3637 672 3808 726 Patre

2156 741 2343 811 gratia
2372 749 2430 797 et
2464 761 2592 813 pax.
2640 768 2664 794 ‹‹
2701 747 2769 802 Et
2809 765 2935 812 suo,
3008 756 3065 807 et
3122 759 3343 809 nostro.
3409 778 3437 805 ››
3519 760 3809 823 Quoniam

2155 830 2255 883 ubi
2283 831 2545 893 dixisset.
2577 858 2595 880 α
2630 838 2774 890 Cum
2808 840 3081 895 omnibus
3130 844 3229 912 qui
3291 844 3561 902 invocant
3592 865 3811 906 nomen

2156 917 2410 981 Domini.
2437 944 2465 971 »
2495 923 2844 991 adiunxerat
2873 934 3100 984 tantum
3124 931 3382 995 «Nostri.
3411 960 3432 986 ι
3451 938 3809 1010 tanquamid

2155 1008 2454 1081 corrigens
2514 1019 2570 1067 et
2646 1017 2961 1073 ostendens
3012 1037 3389 1080 communem
3475 1008 3670 1097 ipsum
3752 1032 3812 1084 et

2156 1104 2505 1155 cunctorum
2557 1117 2685 1158 esse
2719 1105 3034 1163 Dominum
3085 1116 3144 1165 et
3174 1114 3543 1182 magistrum,
3601 1117 3809 1173 addit:

2159 1205 2185 1236 α
2215 1186 2284 1241 Ει
2313 1202 2441 1253 suo,
2475 1195 2533 1244 et
2557 1197 2779 1247 nostro.
2818 1220 2839 1247 ι
2880 1196 3045 1260 Quod
3078 1198 3127 1253 si
3160 1202 3492 1257 communis
3540 1207 3811 1260 omnium

2154 1273 2437 1331 Dominus
2467 1284 2576 1345 est,
2609 1286 2667 1334 et
2696 1296 2816 1337 non
2845 1284 3037 1340 solum
3076 1294 3298 1355 noster,
3331 1290 3433 1345 sed
3466 1292 3643 1347 etiam
3698 1309 3810 1350 eo-

2152 1378 2286 1417 rum
2319 1365 2419 1434 qui
2454 1366 2642 1423 ubivis
2690 1369 2956 1428 locorum
2986 1374 3224 1447 degunt,
3260 1380 3468 1449 utquid
3500 1381 3657 1437 inter
3708 1399 3806 1437 vos

2154 1458 2358 1507 mutuo
2392 1454 2711 1523 dissidetis,
2763 1467 2820 1515 et
2879 1479 3256 1521 communem
3315 1468 3805 1539 dominationem,

2153 1557 2251 1595 vos
2284 1542 2442 1613 ipsos
2473 1549 2823 1616 separando,
2859 1551 3080 1621 injuria
3098 1555 3453 1625 afﬁcientes,
3475 1560 3607 1614 aliis
3626 1566 3805 1633 atque

2153 1631 2287 1686 aliis
2318 1648 2419 1687 vos
2452 1636 2773 1693 attribuitis
2803 1639 2829 1694 ?
2856 1662 2881 1691 «ι
2912 1641 2979 1696 Et
3012 1659 3124 1713 pax
3154 1661 3189 1699 δ.
3217 1646 3334 1701 Deo
3367 1649 3559 1705 Patre.
3596 1672 3622 1698 »
3656 1631 3807 1716 Quid

2153 1725 2372 1783 autem,
2397 1729 2498 1777 aut
2529 1740 2665 1797 erga
2700 1744 2898 1797 quem,
2932 1730 3144 1801 inquit,
3180 1751 3387 1805 pacem
3419 1738 3671 1803 habetis,
3705 1744 3807 1795 aut

2063 1853 2112 1920 Β
2154 1824 2188 1863 a
2218 1825 2334 1879 quo
2358 1812 2608 1883 gratiam
2641 1818 2953 1888 accipitis?
2983 1823 3120 1894 Ego.
3158 1826 3259 1888 ait,
3313 1825 3439 1881 hare
3489 1833 3547 1884 et
3604 1845 3637 1884 a
3688 1830 3802 1886 Deo

2149 1897 2313 1954 vobis
2340 1902 2681 1976 contingere
2713 1909 2905 1978 cupio.
2942 1910 3041 1965 His
3064 1919 3263 1969 autem
3294 1915 3565 1974 doctores
3597 1935 3805 1975 eorum

2152 1990 2382 2047 occulte
2414 1996 2815 2065 reprehendit.

2221 2080 2265 2148 Ι,
2288 2082 2321 2136 4
2358 2083 2410 2136 6.
2446 2110 2472 2133 ιι
2508 2084 2734 2143 Gratias
2774 2105 2879 2159 ago
2912 2090 3028 2148 Deo
3074 2110 3205 2150 meo
3240 2111 3476 2168 semper
3504 2115 3610 2169 pro
3643 2099 3804 2155 vobis

2151 2190 2177 2217 «
2214 2185 2392 2241 super
2419 2175 2608 2244 gratia
2634 2177 2754 2239 Dei.
2775 2195 2905 2248 qua:
2920 2181 3057 2237 data
3082 2190 3169 2238 est
3202 2184 3362 2240 vobis
3383 2203 3486 2257 per
3508 2188 3805 2245 Christum

2152 2277 2180 2305 ε(
2212 2258 2431 2326 Jesum,
2454 2264 2735 2332 quoniam
2769 2267 2828 2322 in
2851 2271 3010 2324 omni
3045 2288 3105 2328 re
3138 2274 3305 2329 ditati
3339 2278 3483 2333 estis
3500 2279 3809 2349 peripsum

2157 2369 2184 2401 α
2216 2348 2277 2403 in
2308 2352 2468 2406 omni
2499 2370 2771 2412 sermone
2804 2364 2862 2414 et
2894 2360 2954 2415 in
2981 2364 3143 2417 omni
3181 2366 3332 2420 419
3376 2368 3642 2431 scientia,
3680 2371 3809 2440 qui-

2152 2435 2295 2493 «bus
2309 2438 2715 2497 testimonium
2732 2446 2946 2501 Christi
2961 2450 3376 2508 confirmatum
3401 2462 3489 2511 est
3505 2458 3563 2511 in
3580 2435 3804 2513 vobis.»

2224 2545 2252 2576 «
2286 2526 2511 2585 Gratias
2541 2546 2666 2602 ago.
2703 2554 2730 2582 ››
2763 2536 3066 2593 lnstruens
3125 2556 3252 2609 nos,
3296 2548 3359 2596 ut
3415 2546 3562 2615 grati
3596 2547 3802 2613 simus,

2152 2612 2263 2669 hoc
2294 2614 2355 2671 in
2386 2619 2545 2673 omni
2577 2621 2741 2677 addit
2774 2626 3048 2695 Epistola.
3077 2651 3103 2677 α
3129 2630 3245 2686 Deo
3270 2612 3431 2687 meo:
3457 2653 3487 2683 »
3520 2635 3586 2689 Et
3607 2634 3795 2690 multo

2152 2718 2351 2761 amore
2384 2707 2640 2766 vindicat
2671 2712 2781 2767 sibi
2814 2714 2872 2769 id
2900 2716 3059 2786 quod
3089 2734 3401 2777 commune
3433 2727 3536 2778 est.
3559 2748 3582 2771 ι‹
3611 2723 3798 2795 Super

2150 2795 2337 2866 gratia
2367 2797 2489 2854 Dei.
2528 2800 2746 2858 :Donis
2777 2804 3100 2875 plurimum
3133 2809 3799 2869 intumescebant.Hunc

2151 2900 2287 2951 ergo
2321 2886 2514 2943 innuit
2543 2906 2814 2947 sensum:
2838 2894 2894 2949 Si
2926 2911 3046 2951 non
3075 2899 3281 2955 vestris
3313 2901 3720 2973 bonisoperibt
3748 2919 3797 2970 s,

2151 2971 2251 3025 sed
2285 2973 2496 3029 Christi
2531 2993 2773 3058 munere
2806 2981 3027 3037 donum
3067 2987 3405 3057 accepistis,
3438 2971 3581 3057 quid
3642 2990 3801 3044 intu-

2154 3061 2431 3117 mescitis.
2472 3087 2498 3113 (ι
2531 3064 2642 3120 Per
2671 3068 2967 3124 Christum
2997 3073 3212 3127 Jesum,
3250 3095 3279 3123 ››
3340 3077 3582 3145 Capitur
3638 3078 3797 3131 enim

2152 3142 2201 3198 ἐν
2240 3151 2460 3220 Χριστῷ
2517 3168 2621 3222 pro
2680 3150 2768 3207 διὰ
2823 3156 3076 3227 Χριστοῦ.
3138 3161 3280 3215 Nam
3338 3142 3445 3232 per
3500 3163 3798 3218 Christum

380 3232 478 3282 τῶ.
513 3251 543 3280 ›)
583 3226 755 3283 Πάλιν
787 3228 872 3297 τὸ,
905 3228 955 3282 ἐν
985 3229 1154 3299 αὐτῶ,
1186 3232 1456 3295 τουτὲστι,
1517 3228 1587 3283 δι’
1641 3230 1827 3285 αὐτοῦ.
1888 3230 1951 3287 Et
1985 3227 2042 3285 δὲ

2157 3235 2313 3291 dedit
2343 3238 2532 3294 Pater.
2568 3263 2595 3290 «
2630 3247 2739 3298 Per
2768 3225 2980 3315 ipsum.
3027 3269 3054 3297 ››
3091 3225 3392 3319 Siquidem
3450 3268 3686 3307 rursum
3745 3249 3798 3306 ἐν

391 3318 453 3374 δι’
490 3321 656 3375 αὐτοῦ
718 3319 1113 3391 ἐπλουτίσθητε
1170 3321 1220 3376 ἐν
1260 3322 1441 3376 ,παντὶ
1504 3322 1809 3397 πράγματι,
1868 3320 1961 3376 καὶ
2012 3323 2040 3376 ὁ

400 3409 625 3471 πλοῦτος
654 3411 806 3485 παρᾶ
836 3415 993 3465 Θεοῦ·
1045 3416 1163 3471 πῶς
1222 3411 1528 3486 ἀνθρώποις
1582 3411 1826 3480 ἑαυτοὺς,
1886 3410 2041 3488 φησὶ,

400 3499 773 3573 προσενείματε
807 3520 821 3569 ς
856 3524 882 3551 α
918 3500 1020 3557 Καὶ
1064 3501 1209 3570 πάσῃ
1255 3502 1472 3574 γνώσει.
1509 3525 1536 3552 υ
1567 3503 1691 3557 "Evt
1719 3501 1819 3574 γὰρ
1878 3498 2046 3574 λόγος

393 3589 561 3663 χωρὶς
580 3590 857 3662 γνώσεως,
889 3590 965 3651 ὡς
1022 3593 1056 3659 ἡ
1108 3588 1501 3667 φλυαρία.’Ένι
1549 3590 1639 3646 καὶ
1693 3594 1892 3666 γνῶσις
1923 3609 2046 3664 χιι-

386 3681 466 3751 ρίς
497 3676 694 3753 λόγου,
722 3678 796 3739 ὡς
827 3680 861 3748 ἡ
884 3683 991 3733 τῶν
1027 3676 1289 3749 ἰδιωτῶν,
1321 3678 1590 3734 νοούντων
1665 3679 1783 3751 μὲν,
1816 3678 2041 3748 ἐξειπεῖν

385 3765 441 3823 δὲ
472 3769 537 3825 το
566 3770 764 3836 νοηθὲν
801 3771 876 3841 μὴ
912 3767 1248 3842 δυναμένων.
1321 3768 1483 3826 Ἀλλ’
1522 3772 1698 3843 ὑμεῖς,
1733 3770 1887 3848 φησὶ,
1921 3789 2042 3838 κατ,

387 3858 557 3939 ἄμφω
585 3857 1001 3930 ἐπλουτίσθητε,
1031 3859 1123 3915 καῖ
1164 3855 1311 3934 λόγῳ
1368 3860 1455 3915 καὶ
1510 3860 1728 3934 γνώσει.
1766 3885 1792 3912 ιε
1854 3859 2043 3923 Καθὼς

386 3949 448 4003 τὸ
492 3948 792 4022 μαρτύριον
831 3953 929 4005 τοῦ
960 3951 1220 4022 Χριστοῦ.
1285 3974 1314 4001 ››
1373 3949 1586 4017 Καθὼς,
1645 3948 1911 4019 τουτέστι,
1973 3946 2042 4003 δι’

391 4038 488 4093 ὧν.
526 4038 628 4093 Διά
658 4038 829 4113 λόγου
857 4038 982 4115 γὰο,
1016 4039 1169 4115 φησὶ,
1215 4037 1305 4094 καὶ
1336 4046 1435 4107 τῆς
1486 4036 1740 4102 θεοδότου
1770 4040 2041 4114 γνώσεως,

391 4130 456 4183 τὸ
493 4127 791 4203 μαρτύριον
848 4132 945 4183 τοῦ
999 4132 1261 4201 Χριστοῦ,
1317 4130 1583 4198 τουτέστι,
1647 4128 1711 4184 τὸ
1766 4131 2043 4202 κήρυγμα,

391 4217 467 4278 εἷς
510 4217 652 4289 ὑμᾶς
708 4218 987 4273 πιστευθὲν
1047 4213 1374 4289 ἐϐεϐαιώθη·
1435 4219 1566 4292 ὅπερ
1630 4218 1755 4290 ὑμῖν
1816 4215 2044 4292 ἐγένετο,

393 4305 457 4359 οὐ
515 4302 587 4359 δι’
637 4302 858 4383 εὐφυΐας
919 4304 1121 4368 οἰκείας
1153 4304 1189 4374 ἤ
1245 4313 1345 4375 τῆς
1396 4304 1587 4376 ἔξωθεν
1644 4305 1851 4383 σοφίας,
1902 4304 2047 4361 ἀλλὰ

393 4393 484 4449 διὰ
516 4395 749 4470 χάριτος
778 4399 934 4453 Θεοῦ.
968 4427 1036 4438 -
1065 4394 1245 4453 Ἀλλο
1273 4397 1487 4470 [ΦΩΤ.]
1527 4394 1690 4459 Πόθεν
1742 4392 1912 4464 δῆλον
1959 4393 2043 4450 ὅτι

391 4481 790 4556 ἐπλουτίσθητε
838 4482 994 4557 λόγῳ
1022 4483 1111 4539 καὶ
1145 4486 1384 4559 γνώσει;
1418 4482 1478 4540 ἐκ
1530 4488 1626 4539 τοῦ
1667 4483 1731 4539 τὸ
1785 4485 2044 4558 κηρυγμα

2152 3321 2300 3392 αὗτῷ
2329 3328 2559 3399 capitur
2589 3347 2693 3401 pro
2726 3328 2795 3384 δι’
2828 3332 3013 3388 αὐτοῦ.
3049 3338 3213 3403 Quod
3245 3340 3291 3393 si
3324 3357 3431 3411 per
3486 3341 3679 3413 ipsum
3740 3342 3801 3397 in

2152 3417 2312 3471 omni
2344 3434 2404 3473 re
2436 3419 2605 3475 ditati
2637 3424 2797 3488 estis,
2830 3424 3007 3496 idque
3040 3426 3258 3484 divitiis
3290 3448 3473 3501 quaaa
3500 3431 3619 3487 Deo
3642 3438 3801 3501 sunt,

2154 3521 2270 3574 quo
2302 3513 2470 3577 pacto
2503 3527 2601 3565 vos
2632 3512 2789 3582 ipsos
2819 3514 3158 3574 hominibus
3206 3520 3514 3577 addixistis
3535 3521 3562 3577 ?
3582 3545 3608 3571 α
3644 3522 3712 3577 Et
3741 3523 3802 3577 in

2153 3595 2312 3650 omni
2344 3597 2610 3654 scientia.
2646 3623 2672 3649 ››
2706 3603 3000 3677 Contingit
3059 3608 3217 3662 enim
3276 3626 3613 3665 sermonem
3673 3626 3801 3667 esse

2153 3686 2375 3757 absque
2407 3689 2862 3753 scientia.veluti
2909 3703 3048 3751 sunt
3095 3715 3284 3769 nugaa.
3320 3702 3575 3756 Rursum
3607 3702 3804 3758 scien-

2151 3777 2296 3831 tiam
2328 3794 2453 3834 esse
2504 3781 2789 3854 contingit
2818 3783 3038 3855 absque
3071 3803 3365 3845 sermone.
3401 3790 3800 3859 quemadmo-
3862 3868 3865 3869 ν

2154 3864 2294 3920 dum
2327 3866 2388 3921 in
2418 3866 2763 3940 idiotis:qui
2797 3888 2923 3927 rem
2955 3874 3197 3944 quidem
3229 3877 3800 3949 intelligunt.verum

2155 3954 2310 4024 quod
2352 3955 2549 4010 animo
2607 3968 3024 4031 conceperant.
3085 3966 3416 4036 exprimere
3474 3973 3797 4037 nequeunt.

2156 4041 2266 4096 Sed
2296 4058 2414 4103 vos,
2448 4042 2920 4118 inquit,utroque
2950 4050 3117 4107 ditati
3150 4055 3291 4109 estis
3326 4070 3338 4107 :
3373 4060 3492 4111 tam
3523 4071 3797 4114 sermone

2155 4146 2332 4201 quam
2364 4129 2629 4188 scientia.
2663 4156 2690 4182 «
2726 4135 2949 4200 Quibus
2982 4141 3388 4197 testimonium
3412 4143 3534 4199 Dei.
3562 4166 3591 4195 ››
3618 4146 3804 4207 Καθώς

2153 4218 2384 4289 capitur
2413 4235 2517 4289 pro
2549 4217 2599 4273 δι
2633 4220 2727 4277 ὧν.
2763 4223 3067 4295 Siquidem
3090 4246 3196 4300 per
3224 4233 3802 4304 sermonem,inquit,

2155 4313 2213 4364 et
2241 4307 2517 4364 traditam
2550 4326 2583 4365 a
2614 4311 2731 4368 Deo
2763 4313 3093 4376 scientiam.
3126 4320 3533 4376 testimonium
3565 4322 3802 4389 Christi,

2154 4397 2266 4453 hoc
2297 4403 2404 4458 est.
2440 4398 2803 4468 praedicatio.
2837 4402 2951 4461 ﬁde
2982 4406 3399 4463 confirmatum
3445 4415 3533 4465 est
3591 4410 3651 4465 in
3679 4426 3801 4479 vos,

2157 4490 2309 4558 quod
2344 4487 2508 4544 vobis
2537 4505 2658 4546 non
2689 4494 2926 4564 propria
2958 4495 3158 4553 datum
3216 4504 3305 4554 est
3361 4498 3673 4567 industria,
3706 4506 3807 4556 aut

390 4574 493 4641 τῆς
524 4573 602 4635 εἷς
661 4573 892 4643 Χριστὸν
950 4573 1203 4639 πίστεως,
1260 4568 1629 4649 βεϐαιωθῆναι
1687 4572 1737 4628 ἂν
1799 4572 1948 4646 ὑμῖν.
1981 4572 2043 4628 Ἦ

2157 4584 2400 4634 externa
2428 4579 2737 4649 sapientia.
2772 4582 2874 4639 sed
2916 4583 3018 4640 Dei
3076 4587 3281 4658 gratia.
3315 4618 3383 4629 —-
3412 4588 3606 4645 Aliud.
3641 4588 3805 4646 Unde

390 4663 493 4739 γὰρ
519 4661 718 4716 τούτου
755 4656 1048 4737 βεϐαίωσις
1078 4660 1129 4718 ἐν
1167 4662 1319 4735 ὑμῖν,
1351 4663 1439 4717 καί
1472 4660 1639 4737 λόγου
1664 4660 1754 4716 καὶ
1800 4662 2049 4737 γνώσεως

390 4748 592 4825 γίνεται
630 4751 926 4825 μαρτῦριον
959 4752 1108 4823 ὑμῖν.
1174 4778 1193 4801 ι
1231 4749 1536 4825 Μαρτῦριον
1597 4751 1854 4822 Χριστοῦ.
1889 4773 1920 4803 ii
1976 4751 2048 4807 ’Ἢ

393 4842 458 4893 τὸ
498 4839 744 4893 ἑκούσιον
774 4840 865 4894 καὶ
898 4843 1170 4915 σωτήριον
1202 4840 1394 4904 πάθος,
1428 4839 1517 4894 καὶ
1575 4837 1763 4901 ἁπλῶς
1820 4841 1852 4909 ἡ
1917 4838 2048 4912 ὑπὲρ

399 4930 558 4999 ἡμῶι
590 4934 684 4984 τοῦ
721 4929 900 5004 Λόγου
932 4934 1161 4990 κένωσις
1191 4930 1283 4984 καὶ
1343 4928 1769 5004 ἑνανθρώπησιςσ
1920 4948 2050 5000 μαρ-

402 5015 585 5088 τύριον
632 5022 863 5095 Χριστοῦ
920 5022 955 5089 ἡ
1015 5024 1122 5075 τῶν
1181 5018 1424 5090 σημείων
1483 5018 1643 5093 χάρις
1701 5018 1789 5072 καὶ
1849 5015 2045 5091 δωρεά.

397 5107 500 5163 Καὶ
539 5107 638 5182 γὰρ
671 5108 772 5163 εἰσὶ
807 5113 978 5164 ταῦτα
1020 5110 1312 5184 μαρτύριον
1372 5115 1470 5176 τῆς
1526 5108 1601 5168 ε’ς
1658 5107 1893 5176 Χριστὸν
1952 5109 2048 5161 πί-

395 5216 585 5260 στεως,
616 5199 839 5267 καὶτῆς
870 5199 1156 5270 θειότητος
1212 5196 1380 5254 αὐτοῦ
1436 5196 1528 5252 καὶ
1591 5195 2042 5270 μεγαλειότητος.

391 5288 560 5341 Ἦσαν
591 5288 721 5361 γὰρ,
754 5288 889 5357 ἦσαν
921 5290 973 5343 οἳ
1005 5288 1284 5365 Κορίνθιοι
1313 5287 1678 5347 πλουτοῦντες
1711 5286 1762 5341 ἐν
1806 5285 2044 5347 τούτοις.

390 5377 540 5434 Ἐπεὶ
574 5377 691 5447 οὖν,
726 5380 884 5451 φησὶ,
941 5383 1108 5434 ταῦτα
1165 5380 1354 5454 ὁρᾶται
1410 5378 1463 5431 ἐν
1526 5376 1652 5449 ὑμῖν
1712 5375 1762 5431 ἐν
1825 5374 2048 5453 ἀφθονίᾳ

390 5466 478 5521 καὶ
514 5462 833 5541 βεϐαιώσει,
872 5466 1078 5531 καλῶς.
1109 5468 1266 5547 φησὶ,
1298 5465 1632 5541 προείπομεν
1662 5466 1744 5521 ὃτι
1777 5463 1830 5519 ἐν
1888 5465 2041 5519 παντὶ

393 5553 546 5631 λόγῳ
574 5556 671 5613 καὶ
701 5556 848 5631 πάσῃ
868 5554 1060 5633 γνώσει
1092 5554 1504 5626 ἐπλουτίσθητε.
1556 5554 1732 5630 Μέρος
1779 5554 1879 5631 γὰρ
1936 5558 2042 5610 τῶν

392 5645 776 5722 χαρισμάτων,
810 5645 839 5699 ὃ
871 5664 929 5698 τε
959 5640 1131 5719 λόγος
1162 5645 1250 5699 καὶ
1303 5647 1336 5713 ἡ
1395 5647 1616 5719 γνῶσις,
1676 5645 1703 5698 ὁ
1738 5645 1832 5716 μὲν
1878 5640 2047 5719 λόγος

2160 4666 2538 4722 manifestum
2595 4673 2684 4723 est
2740 4670 2897 4740 quod
2972 4688 3244 4729 sermone
3302 4675 3470 4732 ditati
3553 4677 3681 4734 sitis
3739 4693 3806 4734 ac

2158 4754 2443 4810 scientia?
2473 4770 2541 4811 ex
2574 4772 2642 4811 eo
2675 4757 2832 4827 quod
2865 4761 3357 4829 prmdicatiofidei
3390 4765 3452 4821 in
3482 4766 3803 4835 Christum,

2160 4845 2573 4901 confirmatum
2606 4852 2695 4901 est
2751 4848 2813 4903 in
2842 4849 3052 4907 vobis:
3112 4854 3290 4924 hujus
3346 4871 3606 4925 namque
3664 4874 3804 4913 con-

2158 4933 2415 4987 ﬁrmatio
2447 4933 2507 4990 in
2536 4933 2717 4992 vobis.
2752 4943 2810 4991 et
2865 4942 3156 4996 sermonis
3214 4949 3271 4998 et
3331 4946 3594 5002 scientias
3641 4947 3805 5003 vobis

2156 5022 2563 5078 testimonium
2598 5029 2704 5079 est.
2740 5046 2769 5075 «
2814 5029 3241 5085 Testimonium
3301 5035 3540 5090 Christi.
3600 5057 3630 5086 »
3689 5038 3805 5089 Aut

2158 5110 2487 5166 voluntaria
2516 5116 2573 5165 et
2604 5112 2881 5171 salutaris
2940 5121 3154 5188 passio,
3214 5128 3397 5192 utque
3453 5140 3569 5178 uno
3626 5122 3803 5178 verbo

2156 5201 2371 5261 dicam,
2405 5199 2557 5254 facta
2588 5217 2692 5270 pro
2724 5204 2895 5259 nobis
2931 5208 3099 5263 Verbi
3133 5211 3455 5265 exinanitio
3513 5218 3570 5267 et
3611 5213 3804 5267 incar-

2156 5288 2317 5342 natio
2351 5305 2363 5342 :
2398 5292 2499 5342 aut
2528 5289 2939 5349 testimonium
2970 5297 3182 5353 Christi
3214 5301 3403 5370 gratia
3432 5306 3521 5353 est
3549 5299 3807 5355 donum-

2158 5392 2271 5448 que
2302 5376 2618 5447 signorum.
2660 5378 2965 5450 Siquidem
3021 5384 3148 5439 hwc
3207 5392 3342 5440 sunt
3394 5388 3805 5444 testimonium

2157 5468 2295 5524 ﬁdei
2328 5468 2388 5521 in
2418 5466 2713 5523 Christum
2771 5488 2838 5527 ac
2896 5474 3215 5531 divinitatis
3273 5482 3330 5532 et
3381 5479 3807 5552 magnitudinis

2156 5558 2303 5629 ejus.
2338 5556 2404 5611 1n
2435 5555 2527 5610 his
2559 5558 2715 5613 enim
2749 5560 2920 5619 ditati
2951 5570 3120 5619 erant
3149 5565 3458 5623 Corinthii.
3493 5570 3636 5625 Nam
3669 5586 3805 5626 cum

2155 5647 2301 5713 haec,
2334 5643 2548 5716 inquit,
2583 5646 2643 5703 in
2673 5648 2834 5707 vobis
2867 5653 3325 5729 conspiciantur,
3356 5656 3507 5715 bene
3538 5658 3806 5731 9ιέᾶίιί-
