4106 6252
377 352 494 413 643

1519 342 1928 406 (ECUMENII
1975 339 2280 402 TRIGCE
2323 337 2674 401 EPISCOPI

3689 329 3804 392 644

383 503 516 543 mus
546 483 705 557 quod
736 486 796 539 in
827 484 986 539 omni
1019 498 1291 538 sermone
1307 481 1588 551 omnique
1607 480 1853 535 scientia
1867 477 2031 534 ditati

2149 471 2420 529 συντελῶν
2453 472 2530 533 εἰς
2557 473 2619 526 τὸ
2651 468 2944 540 διδάσκειν,
2995 473 3030 539 ἠ
3091 466 3148 524 δὲ
3191 471 3389 543 γνῶσις
3419 465 3492 530 εἰς
3521 464 3590 521 τὸ
3627 485 3737 557 συν
3754 464 3824 520 ιι.

381 576 526 632 sitis.
566 579 700 629 Pars
730 574 890 629 enim
920 578 1057 628 sunt
1087 572 1379 626 donorum
1418 585 1614 626 sermo
1645 575 1822 640 atque
1852 569 2046 624 scien-

384 666 466 720 tia
494 681 505 718 :
542 680 749 719 sermo
781 663 1024 733 quidem
1056 662 1368 716 conferens
1390 659 1466 715 ad
1497 657 2042 724 docendum,scien-

391 754 474 808 tia
505 768 638 809 vero
670 752 747 807 ad
790 744 1264 824 intelligendum.
1299 747 1464 815 Quod
1495 753 1694 805 autem
1725 747 1997 818 sequitur
2027 763 2041 801 :

391 839 890 912 interpretationi.

469 930 624 986 420
653 930 698 996 Ι,
724 932 775 999 7,
807 929 860 984 8.
885 952 912 977 «
950 927 1041 982 Sic
1073 933 1136 982 ut
1163 941 1283 982 non
1338 924 1748 982 destituamini
1805 924 1866 980 in
1921 921 2044 977 ullo

404 1037 426 1066 ι
460 1019 632 1082 dono,
669 1022 1075 1088 exspectantes
1131 1015 1554 1070 revelationem
1586 1012 1818 1070 Domini
1857 1011 2044 1066 nostri

401 1129 427 1159 (ι
459 1108 593 1163 Jesu
625 1107 979 1178 Christi,qui
1009 1105 1187 1160 etiam
1220 1102 1595 1158 confirmabit
1622 1119 1723 1157 vos
1753 1115 1939 1172 usque
1969 1097 2046 1154 ad

398 1219 425 1248 α
461 1196 994 1268 fineminculpatos
1026 1195 1087 1249 in
1117 1193 1211 1250 die
1242 1192 1477 1248 Domini
1501 1191 1686 1248 nostri
1717 1191 1851 1247 Jesu
1879 1187 2044 1244 Chri«

397 1305 426 1337 α
457 1284 554 1341 sti.
585 1305 617 1336 ››

467 1374 760 1440 Quaeritur
816 1376 876 1429 in
931 1375 1040 1429 hoc
1097 1372 1249 1442 loco,
1335 1389 1468 1428 cum
1527 1372 1691 1443 prius
1748 1371 2040 1427 dixisset:

398 1487 426 1514 ‹‹
460 1465 635 1520 Ditati
650 1464 791 1519 estis
820 1463 1054 1518 inomni
1085 1477 1357 1517 sermone
1381 1469 1436 1518 et
1466 1463 1526 1517 in
1557 1463 1717 1518 omni
1739 1462 2042 1529 scientia,»

399 1569 753 1625 rursumque
785 1568 977 1609 nunc:
1037 1574 1064 1601 ‹‹
1099 1552 1192 1607 Sic
1249 1558 1313 1606 ut
1370 1568 1487 1606 non
1545 1552 1949 1608 destituamini
1981 1551 2043 1606 in

397 1643 519 1697 ullo
551 1642 726 1709 dono,
788 1665 816 1692 »
878 1657 1054 1712 quam
1113 1641 1186 1696 ob
1244 1657 1482 1696 causam
1542 1640 1600 1695 in
1659 1640 2042 1712 sequentibus

397 1731 540 1787 dicit
569 1733 729 1802 ipsos
761 1731 1030 1787 carnales
1052 1730 1121 1784 ?«
1147 1731 1352 1786 Adhuc
1370 1731 1528 1786 enim
1561 1731 1826 1786 carnales
1845 1729 2039 1796 estis,»

397 1825 500 1892 ait,
532 1826 671 1895 quia
701 1830 756 1880 et
786 1825 912 1880 hinc
942 1831 1000 1879 et
1047 1825 1152 1879 illa
1208 1824 1411 1879 multis
1468 1823 1914 1879 conveniebant.
1975 1823 2038 1876 ln

398 1919 557 1969 tanta
587 1914 744 1968 enim
777 1914 1253 1986 congregatione,
1285 1929 1476 1984 neque
1523 1928 1728 1967 omnes
1771 1917 2045 1983 poterant

395 2021 525 2059 esse
559 2003 827 2076 perfecti,
859 2020 1053 2075 neque
1085 2020 1320 2059 rursum
1353 2019 1558 2058 omnes
1590 2002 1920 2074 imperfecti
1943 2010 2045 2057 aut

393 2091 828 2164 imprudentes.
891 2115 919 2143 «
1003 2094 1421 2164 Exspectantes
1506 2092 1948 2147 revelationem.
2013 2114 2040 2141 ››

395 2182 486 2239 Sic
518 2189 582 2238 ut
611 2199 729 2238 non
761 2181 1167 2238 destituamini
1203 2183 1262 2237 in
1281 2198 1400 2238 uno
1419 2181 1573 2236 dono
1593 2181 1663 2236 ad
1687 2186 2040 2253 exspectan-

392 2271 533 2328 dum
568 2273 986 2328 revelationem
1045 2273 1280 2328 Christi.
1341 2272 1684 2328 Necessaria
1739 2278 1827 2328 est
1885 2272 2042 2328 enim

393 2361 709 2418 tolerantia
747 2362 821 2418 ad
853 2362 1337 2435 exspectandum.
1384 2363 1564 2418 Porro
1623 2362 2042 2418 revelationem

393 2457 560 2506 vocat
589 2451 917 2508 secundum
948 2451 1292 2519 adventum,
1325 2452 1645 2509 ostendens
1675 2453 1833 2524 quod
1863 2454 2042 2509 etiam

393 2557 551 2597 nunc
580 2542 1024 2614 sit.quanqnam
1047 2541 1236 2599 oculis
1256 2557 1375 2598 non
1394 2542 1661 2597 Videntur
1679 2543 2042 2598 carnalibus.

393 2653 421 2681 (ι
453 2633 559 2697 Qui
592 2633 772 2688 etiam
805 2633 1186 2688 conﬁrmabit
1243 2649 1362 2687 vos.
1426 2655 1454 2682 ››
1513 2632 1740 2688 Indicat
1798 2649 1897 2688 eos
1928 2633 2040 2688 flu-

393 2727 614 2778 ctuare.
647 2721 860 2777 Dicens
892 2728 1089 2777 autem
1117 2743 1144 2770 ‹‹
1179 2720 1532 2791 inculpatos,
1566 2743 1596 2771 »
1627 2721 1922 2793 significat
1943 2738 2042 2778 eos

389 2810 578 2882 culpae
611 2826 740 2865 esse
773 2810 1080 2866 obnoxios.
1105 2833 1132 2860 ‹‹
1152 2811 1218 2864 In
1249 2809 1345 2864 die
1376 2809 1634 2864 Domini.
1668 2832 1698 2860 »
1733 2811 1818 2865 Ab
1842 2812 2042 2866 huma-

393 2898 488 2953 nis
519 2897 818 2953 abducens
848 2903 1032 2953 terret
1061 2913 1184 2965 eos,
1216 2898 1371 2953 facta
1403 2897 1616 2969 judicii
1646 2900 1967 2955 mentione.

455 3075 499 3142 Ι,
533 3075 633 3130 9.‹‹
654 3072 870 3131 Fidelis
884 3074 1172 3148 Deus,per
1199 3091 1375 3148 quem
1399 3078 1618 3133 vocatis
1649 3079 1792 3133 estis
1819 3079 1878 3134 in
1910 3095 2041 3134 con-

386 3186 413 3212 ‹‹
451 3165 701 3219 sortium
732 3164 861 3220 Filii
893 3167 1022 3236 ejus
1052 3165 1184 3221 Jesu
1234 3166 1450 3222 Christi
1505 3165 1736 3222 Domini
1770 3167 1975 3224 nostri.
2015 3195 2036 3220 ι

2145 585 2252 620 ναι.
2288 563 2385 620 Καὶ
2413 563 2498 632 τὸ,
2532 585 2562 615 ‹‹
2590 563 2752 618 Ὥστε
2791 562 2866 634 μὴ
2903 560 3234 634 ὑστερεῖσθαι
3271 558 3432 632 ὑμᾶς,
3469 583 3489 610 ε
3526 556 3681 631 πρὸς
3712 557 3811 623 τήν

2151 651 2400 728 δευτέραν
2431 653 2723 728 ἑρμηνείαν
2755 649 2968 725 μᾶλλον
2997 648 3230 720 συνᾴδει.

2223 922 2382 972 Ὠστε
2415 916 2554 989 ὑμᾶς
2590 916 2667 989 μὴ
2727 915 3062 990 ὑστερεῖσθαι
3111 913 3163 969 ἄν
3225 909 3416 986 μηδενὶ
3474 911 3825 987 χαρίσματι,

2153 1002 2625 1080 ἀπεκδεχόμένους
2678 1006 2776 1075 τήν
2828 1001 3171 1078 ἀποκάλυψιν
3230 1006 3327 1058 τοῦ
3385 1001 3593 1076 Κυρίου
3655 1003 3820 1074 ἡμῶν

2153 1091 2335 1162 Ἰησοῦ
2385 1092 2642 1164 Χριστοῦ,
2701 1091 2758 1152 ὅς
2815 1091 2907 1146 καὶ
2966 1086 3253 1166 βεϐαιώσει
3288 1090 3426 1163 ὑμᾶς
3449 1084 3560 1149 ἕως
3614 1083 3820 1148 τέλους

2154 1178 2524 1258 ἀνεγκλήτους
2557 1178 2608 1234 ὲν
2637 1183 2705 1254 τῇ
2745 1180 2925 1255 ἡμέρᾳ
2980 1183 3078 1234 τοῦ
3136 1179 3339 1253 Κυρίου
3398 1180 3565 1250 ἡμῶν
3628 1177 3821 1242 Ἰησοῦ

2150 1269 2407 1346 Χριστοῦ.

2222 1365 2472 1430 Ζητεῖται
2506 1359 2724 1415 ἐνταῦθα
2751 1359 2804 1414 τί
2838 1356 2904 1430 δή
2936 1379 3069 1414 ποτε
3099 1357 3356 1431 ἀνωτίρω
3389 1357 3484 1429 μὲν
3543 1356 3823 1428 εἰρηκὼς,

2150 1448 2274 1521 περὶ
2316 1448 2513 1515 αὐτῶν,
2541 1449 2625 1504 ὅτι
2663 1473 2690 1500 (ι
2719 1447 3148 1516 Ἐπλουτίσθητε
3201 1446 3252 1502 ἐν
3309 1446 3467 1501 παντὶ
3501 1445 3672 1520 λόγῳ
3733 1458 3829 1510 καὶ

2151 1537 2292 1612 πάσῃ
2321 1538 2538 1612 γνώσει,
2571 1536 2724 1592 »καὶ
2786 1542 2872 1591 νῦν
2929 1537 3114 1607 πάλιν,
3170 1561 3196 1586 ί(
3256 1539 3416 1590 ’Ὥστε
3487 1538 3570 1609 μὴ
3667 1534 3822 1588 ὑστεο

2153 1629 2359 1702 ρεῖσθαι
2395 1629 2534 1701 ὑμᾶς
2575 1626 2627 1682 ἐν
2660 1625 2854 1701 μηδενὶ
2888 1628 3210 1702 χαρίσματι,
3256 1651 3281 1677 ››
3344 1625 3560 1698 προῖὼν
3626 1644 3825 1697 σαρκι-

2150 1717 2279 1778 κοὺς
2309 1716 2504 1779 αὐτοὺς
2545 1715 2712 1791 λέγει,
2752 1718 2916 1774 σἘτι
2975 1717 3075 1793 γὰρ
3135 1715 3382 1789 σαρκικοί
3441 1715 3589 1782 ἐστε,
3627 1737 3657 1768 ν
3705 1735 3822 1792 (ρη-

2153 1809 2258 1864 σίν.
2292 1807 2415 1864 Ὂτι
2443 1806 2580 1880 πρὸς
2613 1804 2862 1868 πολλοὺς
2903 1807 3000 1878 μὶν
3037 1811 3224 1872 ταῦτα,
3257 1806 3390 1876 πρὸς
3459 1802 3731 1864 πολλοὺς
3766 1800 3820 1858 δὲ

2149 1895 2322 1952 ἐκεῖνα
2374 1897 2649 1970 ἥρμοζεν.
2715 1893 2855 1953 Οὖδὶ
2909 1896 3012 1970 γὰρ
3073 1896 3123 1950 ἐν
3201 1894 3440 1968 τοσαύτῃ
3495 1891 3823 1964 Ἐκκλησία

2151 1984 2300 2058 εἶχον
2338 1985 2536 2054 εἶναιῆ
2568 1986 2764 2047 πάντες
2809 1984 3032 2055 τὲλειοι,
3093 1986 3128 2054 ἢ
3189 1983 3379 2043 πάντες
3440 1979 3673 2042 ἀτελεῖς
3729 1981 3814 2036 καὶ

2150 2077 2366 2145 νήπιοι.
2485 2097 2512 2128 ε
2616 2070 3114 2152 Ἀπεκδεχοςιένους
3186 2062 3284 2140 τήν
3360 2069 3754 2135 ἀποκάλυψιν.
3790 2095 3817 2120 ιθ

2149 2166 2308 2219 Ὥστε
2347 2165 2486 2236 ὑμᾶς
2547 2165 2624 2234 μὴ
2685 2165 3045 2239 ὑστερηθῆναι
3107 2163 3160 2219 ἐν
3222 2159 3415 2235 μηδενὶ
3473 2162 3818 2241 χαρίσματι,

2149 2252 2202 2309 ἐν
2247 2257 2325 2324 τῷ
2379 2249 2770 2329 ἀπεκδέχεσθαι
2819 2254 2918 2318 τὴν
2986 2250 3330 2325 ἀποκάλυψιν
3389 2255 3488 2306 τοῦ
3543 2253 3817 2326 Χριστοῦ.

2149 2341 2325 2416 Χρεία
2348 2341 2449 2418 γαρ
2490 2343 2770 2415 ὑπομονῆς
2803 2340 2880 2403 εἰς
2936 2341 3000 2396 τὸ
3031 2338 3355 2413 ἐκδέξασθαι.
3413 2338 3810 2412 Ἀποκαλυψιν

2151 2429 2208 2486 δέ
2239 2452 2393 2509 φησι,
2441 2432 2540 2500 τήν
2598 2429 2847 2504 δευτέραν
2913 2431 3232 2505 παρουσίαν,
3301 2427 3508 2490 δεικνὺς
3557 2429 3649 2485 ὅτι
3720 2429 3809 2484 καὶ

2147 2524 2236 2575 νῦν
2283 2521 2448 2589 ἐστιν,
2499 2520 2545 2574 εἰ
2603 2521 2692 2575 καὶ
2745 2521 2820 2592 μή
2883 2521 3072 2595 ὁρᾶται
3131 2523 3410 2594 σαρκικοῖς
3467 2518 3804 2596 ὀφθαλμοῖς.

2151 2634 2179 2662 ‹‹
2212 2612 2306 2670 Ὃς
2337 2609 2425 2664 καὶ
2462 2605 2748 2682 βεϐαιώσει
2786 2610 2946 2681 ὑμᾶς.
3005 2633 3032 2659 ››
3082 2609 3324 2665 Δείκνυσι
3377 2605 3799 2682 σαλευομένους.

2151 2724 2176 2751 α
2215 2698 2611 2773 Ἀνεγκλτςτους
2654 2721 2681 2750 ››
2710 2695 2767 2752 δὲ
2797 2697 2988 2767 εῗπὼν,
3021 2693 3189 2767 δηλοῖ
3237 2695 3390 2761 ὄντας
3430 2697 3533 2753 ὑπὸ
3592 2693 3796 2772 ἔγκλη-

2154 2808 2248 2860 μα.
2285 2814 2313 2839 ‹‹
2352 2791 2437 2842 Ἐν
2495 2791 2561 2861 τῇ
2619 2787 2799 2862 ἡμέρᾳ
2856 2792 2954 2843 τοῦ
3015 2788 3238 2863 Κυρίου.
3309 2812 3338 2840 ››
3371 2788 3625 2865 Ἀπάγων
3691 2791 3786 2842 τῶν

2148 2877 2525 2953 ἀνθρωπίνων,
2560 2872 2722 2957 φοϐεῖ
2750 2878 2972 2948 αὐτοὺς,
2991 2885 3093 2946 τῆς
3123 2875 3337 2952 ἡμέρας
3359 2877 3778 2951 ὑπομιμνήσκων

2146 2972 2247 3036 τῆς
2279 2968 2530 3041 κρίσεως.

2220 3057 2420 3119 Πιστὸς
2455 3058 2482 3112 6
2514 3057 2644 3118 Θεὸς
2675 3053 2748 3112 δι’
2787 3057 2849 3112 οὗ
2882 3055 3156 3128 ἐκλήθητε
3223 3056 3304 3119 εἲς
3361 3052 3626 3112 κοινωνίαν
3675 3051 3766 3107 τοῦ

2150 3146 2276 3200 Υἱοῦ
2307 3145 2473 3201 αὐτοῦ
2504 3147 2684 3216 Ἰησοῦ
2725 3149 2962 3222 Χριστοῦ
2993 3151 3090 3202 τοῦ
3128 3145 3331 3222 Κυρίου
3363 3148 3545 3220 ἡμῶν.

460 3253 576 3308 Hoc
607 3259 696 3308 est
725 3269 898 3310 verax
930 3271 943 3308 :
979 3255 1137 3325 quod
1167 3255 1216 3310 si
1249 3272 1439 3316 verax.
1459 3257 2031 3328 complebitomnino

2218 3237 2504 3292 Τουτὲστιν
2533 3234 2767 3307 ἀληθής.
2806 3236 2867 3293 Εἰ
2921 3233 2977 3290 δὲ
3015 3233 3254 3307 ἀληθὴς,
3312 3233 3604 3310 πληρώσει
3659 3232 3787 3286 πάν·

389 3355 518 3412 quoe
553 3343 842 3412 promisit.
873 3363 902 3392 ‹‹
936 3345 1047 3398 Per
1090 3360 1265 3415 quem
1322 3347 1508 3400 vocati
1567 3347 1731 3402 estis.
1766 3369 1794 3398 »
1855 3350 2036 3403 Nemo

384 3429 604 3500 quippe
662 3430 823 3484 venit
879 3431 954 3486 ad
1012 3432 1244 3498 Filium,
1331 3434 1446 3488 nisi
1533 3436 1709 3491 Pater
1790 3439 2038 3496 traxerit

385 3531 522 3572 eum
551 3516 618 3571 ⁸⁷.
652 3517 1161 3583 Quemadmodum
1193 3535 1386 3590 neque
1444 3520 1518 3576 ad
1576 3524 1809 3578 Patrem
1871 3525 2032 3595 quis-

384 3621 562 3676 quam
593 3605 772 3667 venit.
804 3607 920 3660 nisi
950 3607 1044 3662 cui
1075 3607 1422 3664 revelaverit
1477 3609 1657 3665 Filius
1713 3611 1778 3676 ⁸³,
1837 3633 1865 3662 ‹‹
1925 3616 2036 3667 Per

383 3710 559 3765 quem
591 3695 776 3751 vocati
808 3697 972 3762 estis,
1006 3717 1033 3746 ››
1068 3696 1178 3752 hoc
1221 3702 1328 3764 est,
1387 3713 1422 3751 a
1477 3715 1593 3768 quo
1650 3699 1835 3755 vocati
1867 3701 2031 3769 estis,

381 3784 483 3856 qui
515 3785 737 3841 vocavit
767 3802 886 3842 vos.
920 3787 990 3840 Et
1020 3785 1285 3858 intellige
1317 3787 1612 3858 quomodo
1654 3794 1835 3860 ponat
1865 3789 2032 3845 divus

377 3875 595 3929 Paulus
626 3870 696 3927 δι’
727 3872 809 3941 οὗ,
845 3874 904 3929 id
934 3880 1156 3947 est.per
1185 3891 1386 3946 quem.
1411 3877 1589 3932 etiam
1622 3877 1693 3933 de
1729 3881 1893 3934 Patre
1921 3895 1934 3933 :
1969 3885 2028 3935 et

376 3979 482 4032 pro
513 3979 629 4034 quo
662 3963 810 4019 illud
835 3980 990 4035 pono
1025 3980 1039 4018 :
1073 3971 1138 4018 ut
1177 3981 1310 4020 cum
1345 3965 1603 4036 idipsum
1634 3965 1706 4021 de
1739 3967 1885 4022 Filio
1917 3984 1992 4023 au

379 4050 558 4106 diei-is
590 4069 708 4108 non
738 4053 1083 4109 substantiis
1109 4054 1634 4121 mutationem,sed
1654 4055 2025 4113 identitatem

378 4141 698 4212 concipias.
732 4164 760 4193 ς(
799 4143 1024 4198 Vocatis
1055 4143 1216 4198 estis.
1253 4165 1281 4192 ››
1310 4143 1511 4214 Neque
1570 4144 1728 4199 enim
1788 4162 1823 4200 a
1864 4147 2027 4202 vobis

374 4230 521 4301 ipsis
550 4232 924 4289 venistissed
952 4234 1141 4306 gratia
1181 4234 1368 4288 vocati
1418 4234 1578 4290 estis.
1617 4257 1644 4284 ι(
1689 4237 1754 4290 In
1785 4253 2024 4292 consor-

375 4323 582 4377 tium.»
609 4329 781 4396 Papm
809 4323 820 4379 l
845 4323 987 4397 quid
1010 4324 1140 4380 ait?
1168 4325 1233 4379 In
1266 4325 1637 4380 consortium
1655 4326 1839 4382 vocati
1859 4328 2022 4402 estis,

375 4411 589 4482 inquit,
621 4413 939 4487 Unigeniti.
971 4421 1037 4469 ut
1065 4420 1124 4471 et
1170 4413 1232 4468 in
1263 4429 1443 4487 regno
1493 4421 1552 4470 et
1583 4414 1642 4470 in
1672 4414 1860 4487 gloria
1888 4433 2023 4474 con-

375 4510 563 4557 sortes
594 4502 1134 4569 el‘l-iciamini.Quod
1174 4503 1312 4558 alibi
1345 4503 1559 4561 dicit:«
1594 4503 1651 4557 Si
1683 4504 2022 4562 suﬂ‘erimus

2140 3347 2248 3389 τως
2290 3324 2328 3382 ἄ
2379 3325 2772 3402 ἐπηγγείλατο.
2839 3351 2862 3376 ι
2923 3327 3000 3382 Δι’
3061 3326 3123 3382 οὗ
3183 3323 3476 3396 ἐκλήθητε.
3512 3350 3543 3377 α
3602 3319 3790 3384 Ουδεῖς

2138 3415 2242 3489 γὰρ
2275 3413 2497 3490 ἔρχεται
2527 3415 2663 3488 πρὸς
2699 3416 2794 3470 τὸν
2820 3415 2967 3488 Υίόν,
3027 3415 3078 3470 εἰ
3136 3417 3212 3490 μή
3271 3412 3486 3471 ἑλκύσει
3540 3413 3706 3470 αὐτὸν
3768 3413 3794 3466 6

2137 3505 2346 3578 Πατήρ·
2384 3504 2565 3573 ὥσπερ
2620 3502 2743 3561 οὐδὲ
2797 3505 2931 3578 πρὸς
2989 3505 3081 3560 τὸν
3141 3507 3356 3580 Πατέρα
3421 3497 3658 3578 ἔρχεταί
3706 3522 3805 3572 τις,

2138 3592 2183 3647 εί
2213 3594 2290 3666 μή
2323 3592 2368 3664 ᾧ
2407 3591 2468 3647 ἄν
2505 3592 2837 3668 ἀποκαλύψῃ
2868 3595 2896 3650 6
2936 3593 3081 3656 Υἱός.
3116 3618 3144 3645 ‹‹
3181 3595 3258 3648 Δι’
3318 3593 3381 3648 οὗ
3434 3593 3745 3663 ἐκλήθητε.
3781 3613 3810 3641 ι

2136 3689 2286 3745 Ἀντὶ
2315 3695 2435 3761 τοῦ,
2465 3691 2580 3768 Ὑφ’
2610 3691 2672 3747 οὗ
2705 3689 3219 3762 ἑκλήθητε,οἶον,“0
3249 3689 3484 3752 καλέσας
3517 3685 3808 3766 ὑμᾶςΚαὶ

2135 3777 2424 3848 ἐπίστησον
2467 3784 2584 3842 πῶς
2615 3781 2703 3848 τὸ,
2764 3779 2835 3836 δι’
2869 3779 2952 3852 οὗ,
3011 3782 3226 3851 τίθησιν
3287 3781 3315 3837 6
3376 3787 3520 3846 θεῖος
3577 3777 3806 3841 Παῦλνις

2134 3872 2222 3926 καὶ
2255 3868 2344 3928 ἐπὶ
2372 3877 2469 3927 τοῦ
2503 3873 2735 3947 Πατρὸς,
2765 3875 2853 3927 καὶ
2914 3873 3031 3928 ἀντὶ
3089 3871 3240 3937 τίνος
3281 3872 3494 3943 τίθησιν
3525 3871 3701 3938 αὐτὸ,
3731 3873 3802 3926 ’ἐν’

2134 3962 2258 4016 ὁταν
2290 3963 2379 4018 καὶ
2413 3962 2497 4019 ἐπί
2529 3969 2626 4019 τοῦ
2666 3964 2794 4018 Υἱοῦ
2824 3962 2956 4018 αὐτὸ
2987 3962 3247 4037 ἀκούσῃς,
3305 3964 3380 4034 μὴ
3409 3959 3792 4040 παραλλαγὴν

2134 4050 2338 4118 οὐσίας,
2371 4050 2518 4107 ἀλλὰ
2546 4053 2851 4122 ταυτότητα
2883 4051 3089 4128 ἐννοῇς.
3126 4077 3153 4102 ‹‹
3212 4051 3541 4120 Ἐκληθητε.
3581 4074 3608 4101 ι»
3651 4049 3799 4109 Οὑδὶ

2131 4140 2234 4217 γὲιρ
2267 4139 2354 4217 ἀφ’
2386 4142 2586 4196 ἑαυτῶν
2621 4141 2809 4210 ἤκατε,
2841 4140 2986 4196 ἀλλὰ
3043 4142 3232 4220 χάριτι
3274 4139 3569 4210 ἐκλήθητε.
3609 4164 3640 4191 ιο
3709 4139 3799 4202 hic

2129 4229 2436 4294 κοινωνίαν,
2472 4254 2498 4282 ››
2521 4225 2689 4287 Βαϐαι
2725 4231 2813 4285 ίτί
2844 4230 2989 4285 εἶπεν
3012 4249 3025 4299 ;
3051 4231 3142 4292 Εἰς
3163 4230 3455 4286 κοινωνίαν
3482 4229 3791 4300 ἐκλήθητε,

2130 4319 2282 4397 φησὶ,
2313 4323 2408 4374 τοῦ
2443 4321 2804 4394 Μονογενοῦς,
2835 4317 2926 4375 ἵνα
2955 4319 3045 4375 καὶ
3110 4319 3164 4375 ἐν
3216 4324 3283 4394 τῇ
3318 4319 3573 4396 βασιλείᾳ
3604 4321 3705 4375 καῖ
3739 4317 3789 4375 ἰν

2128 4411 2194 4482 τῇ
2245 4405 2372 4482 δόξῃ
2437 4408 2686 4464 κοινωνοὶ
2743 4409 3020 4484 γενώμεθα
3085 4412 3269 4466 αὐτοῦ’
3331 4409 3464 4484 ὅπερ
3523 4406 3791 4485 ἀλλαχοῦ

2129 4517 2312 4574 φησιν,
2356 4523 2383 4550 ‹‹
2442 4498 2503 4553 Εἰ
2573 4499 2939 4574 ὑπομένομεν,
2997 4499 3086 4555 καὶ
3153 4494 3696 4574 συμϐασιλεύσομεν,
3763 4523 3789 4550 ιο

374 4595 431 4645 et
456 4591 950 4664 conregnabimus
979 4594 1043 4646 ⁸⁸.
1081 4615 1109 4642 ››
1139 4593 1206 4647 In
1237 4593 1602 4647 consortium
1659 4594 1847 4649 vocati
1878 4597 2019 4652 estis

2147 4585 2226 4648 Ξίς
2257 4588 2541 4643 κοινωνίαν
2574 4585 2846 4660 ἐκλήθητε
2876 4589 3197 4666 Χριστοῦ,τί
3228 4587 3432 4650 ἄλλους
3453 4587 3545 4644 καὶ
3572 4585 3788 4650 ἀλλους

372 4678 681 4741 Christi,ut
701 4681 842 4750 quid
873 4681 1023 4737 alios
1044 4687 1221 4754 atque
1251 4680 1399 4736 alios
1429 4681 1843 4737 constituendo
1861 4683 2020 4741 vobis

371 4767 518 4839 ipsis
551 4777 942 4840 praeceptores
987 4772 1132 4827 ηε
1199 4787 1267 4828 ac
1297 4770 1587 4836 doctores,
1621 4787 1656 4827 a
1684 4772 1880 4829 divino
1917 4773 2021 4830 illo

375 4855 740 4928 salutarique
771 4860 1071 4916 consortio
1089 4876 1188 4916 vos
1203 4859 1365 4932 ipsos
1377 4858 1706 4917 distrahere
1725 4878 1792 4920 ac
1813 4878 2018 4936 ampu-

369 4952 494 5001 tare
529 4945 889 5002 contenditis
918 4947 946 5003 ?

1039 5037 1270 5095 CAPUT
1307 5039 1350 5095 Ι.

371 5127 527 5192 Quod
555 5142 666 5182 non
694 5133 943 5197 oporteat
969 5143 1004 5181 a
1044 5144 1100 5183 se
1131 5128 1364 5183 invicem
1395 5128 1657 5184 dissidere
1685 5130 1748 5184 ob
1779 5149 2017 5191 amorem

615 5199 810 5270 gloria
839 5213 969 5270 quae
996 5199 1064 5254 de
1093 5199 1338 5254 humana
1365 5208 1442 5255 est
1469 5203 1765 5272 sapientia.

437 5288 481 5351 Ι,
509 5290 686 5344 10-13.
721 5313 741 5337 ι
777 5288 1034 5344 Obsecro
1057 5289 1391 5356 vos,l‘ratres
1419 5305 1526 5360 per
1552 5293 2016 5351 nomenDomini

2131 4677 2451 4756 ὲφιστῶντες
2490 4677 2702 4740 ἑαυτοῖς
2742 4680 3045 4754 προστάτας
3105 4679 3193 4734 καὶ
3254 4676 3638 4748 διδασκάλους,
3683 4683 3788 4744 τῆς

2133 4767 2433 4839 θαυμασίας
2479 4767 2686 4838 ἐκείνης
2725 4769 2812 4824 καὶ
2882 4767 3157 4842 σωτηρίου
3209 4771 3492 4830 κοινωνίας
3548 4767 3782 4830 ἑαυτοὺς

2131 4853 2494 4929 φιλονεικεῖτε
2533 4853 2834 4936 διασχίζειν
2867 4857 2952 4912 καὶ
2995 4856 3385 4934 ἀποτέμνεσθαι
3420 4877 3436 4926 ;

2753 5040 3015 5094 ΚΕΦΑΛ.
3074 5043 3149 5091 Λ¹.

2128 5121 2255 5196 Περὶ
2287 5125 2389 5177 τοῦ
2423 5125 2498 5196 μὴ
2534 5120 2807 5202 διχονοεῖν
2839 5125 2976 5198 πρὸς
3005 5122 3292 5196 ἀλλήλους
3335 5125 3395 5179 εκ
3452 5120 3776 5203 φιλοδοξίας

2514 5220 2614 5280 τῆς
2680 5213 2767 5269 δπὶ
2830 5211 2993 5287 σοφίᾳ
3055 5211 3380 5289 ἀνθρωπίνῃ.

2196 5298 2508 5373 Παρακαλῶ
2567 5300 2624 5357 δὶ
2681 5303 2866 5376 ὑμᾶς,
2919 5299 3196 5380 ἀδελφοὶ,
3255 5298 3344 5356 διὰ
3408 5305 3505 5357 τοῦ
3572 5303 3770 5376 ὀνόμα-

380 5412 383 5416 -
432 5379 621 5434 nostri
641 5379 778 5436 Jesu
797 5380 1107 5440 Christi.ut
1126 5379 1285 5434 idem
1306 5379 1516 5434 dicatis
1546 5396 1776 5449 omnes,
1810 5391 1868 5438 et
1896 5401 2016 5440 non

371 5487 400 5516 ι‹
435 5467 549 5520 sint
581 5467 738 5522 inter
768 5485 866 5525 vos
896 5467 1235 5525 sectw.Sitis
1255 5473 1453 5524 autem
1471 5469 1784 5540 compositi
1808 5473 2014 5529 eadem

373 5577 399 5605 ‹‹
425 5560 621 5610 mente
643 5557 971 5629 eademque
993 5558 1305 5616 sententia.
1315 5557 1720 5632 Signiﬁcatum
1733 5566 1824 5617 est
1852 5563 2014 5620 enim

2122 5407 2214 5450 τος
2299 5393 2397 5446 τοῦ
2449 5390 2652 5465 Κυρίου
2729 5395 2889 5465 ἡμῶν
2977 5395 3156 5460 Ἰησοῦ
3224 5393 3487 5464 Χριστοῦ,
3533 5389 3630 5448 ’ίνα
3709 5391 3766 5447 τὸ

2121 5475 2252 5532 αὐτὸ
2285 5476 2484 5556 λὲγητε
2508 5483 2724 5552 πὶντες,
2783 5481 2874 5538 καὶ
2935 5481 3010 5554 μὴ
3165 5481 3218 5536 εν
3280 5482 3406 5555 ὑμῖν
3467 5481 3766 5557 σχίσματα,

2121 5563 2218 5639 ᾖτε
2242 5567 2333 5622 καὶ
2379 5571 2800 5644 κατηρτισμένοι
2832 5569 2886 5626 ἂν
2924 5575 3004 5626 τῶ
3057 5571 3207 5644 αὐτῷ
3259 5570 3363 5639 νοΐ,
3421 5571 3515 5627 καὶ
3587 5572 3641 5627 ἐν
3703 5571 3768 5644 τῇ
