4106 6252
285 326 413 386 διδ

1427 332 1837 394 COMMENT.
1887 334 1968 395 IN
2013 336 2262 399 EPIST.
2310 343 2413 401 AD
2463 346 2647 404 ROM.

3615 365 3732 427 646

297 458 445 534 αὐτῇ
476 462 712 537 γνώμῃ.
759 461 1050 535 Ἐδηλώθη
1108 464 1208 538 γάρ
1270 484 1396 561 ξέοιΔ
1424 466 1547 561 περ-ἱ
1581 466 1754 561 suam,
1815 464 1964 561 ἀδελ-

2094 493 2122 521 ι(
2146 473 2287 527 mihi
2310 473 2381 530 de
2404 476 2588 543 vobis,
2620 478 2832 536 fratres
2854 483 2991 548 mei,
3025 484 3096 539 ab
3120 486 3213 543 his
3245 491 3345 561 qui
3377 500 3515 551 sunt
3536 497 3732 557 Chloaa

304 549 397 627 φοί
436 569 570 621 μου,
611 550 723 605 ὑπὸ
755 556 863 607 τῶν
898 552 1104 623 Χλοης,
1149 553 1236 609 ’ὁτι
1282 550 1456 627 ἔριδες
1519 553 1573 609 ἐν
1628 555 1755 627 ὑμῖν
1817 554 1973 611 εἶσιν.

311 637 472 713 Λέγω
499 635 558 693 δὲ
590 645 767 697 τοῦτο
800 641 903 696 ’ὁτιο
959 642 1224 703 Ἕκαστος
1279 643 1430 717 ὑμῶν
1482 642 1646 720 Λέγει·
1706 642 1813 719 ἓγὼ
1879 646 1975 719 μέν

315 725 440 799 εἶμι
470 726 715 795 Παύλου,
751 727 857 802 ἐγὼ
909 727 966 784 Si
1015 729 1302 801 Ἀπολλὼ,
1360 735 1465 807 ἐγὼ
1511 731 1567 788 δὲ
1623 737 1806 811 Κηφᾶ,
1865 734 1975 809 ἐγὼ

324 812 387 871 δὲ
419 819 676 890 Χριστοῦ,
712 818 1052 891 Μεμέρισται
1083 820 1109 873 6
1139 823 1369 896 Χριστός
1399 840 1413 890 ;

399 916 566 994 Ἐγὼ,
601 918 759 996 φησὶ,
794 917 1144 993 παρακαλῶν,
1206 918 1305 975 οὐκ
1353 919 1466 993 εἰμὶ
1514 922 1698 983 ἱκανὸς
1755 927 1964 982 πεῖσαι.

316 1009 419 1064 Διὰ
452 1012 551 1063 τοῦ
580 1011 817 1083 Χριστοῦ
864 1010 952 1065 οὖν
1011 1013 1334 1086 παρακαλῶ,
1389 1015 1688 1083 τουτέστιν,
1747 1015 1912 1077 αὐτὸς
1946 1017 1973 1070 6

316 1097 561 1173 Χριστὸς
622 1099 651 1152 6
711 1093 1035 1172 ὑϐρισμένος
1096 1106 1337 1156 ποιεῖται
1424 1104 1521 1171 τήν
1604 1103 1969 1175 παράκλησιν.

321 1210 352 1240 α
386 1188 493 1244 Καὶ
530 1189 605 1260 μή
702 1186 753 1242 ἐν
790 1188 917 1262 ὑμῖν
971 1188 1270 1264 σχίσματα.
1308 1215 1335 1241 ι)
1387 1192 1461 1246 Τὸ
1508 1192 1611 1269 γὰρ
1662 1192 1737 1254 εἷς
1788 1193 1976 1249 πολλά

327 1276 493 1349 ὑμᾶς,
526 1277 682 1356 φησί,
719 1277 984 1354 γενέσθαι,
1026 1278 1125 1333 οὐκ
1173 1276 1400 1351 ἐποίησε
1455 1280 1640 1336 πολλά
1699 1281 1837 1355 μέρη
1887 1284 1971 1338 τὲ-

328 1363 475 1437 λεία,
500 1364 639 1422 ἀλλὰ
661 1368 724 1422 τὸ
753 1367 962 1423 τέλειον
999 1368 1162 1443 μέρος
1215 1371 1314 1436 την
1356 1370 1683 1442 Ἐκκλησίαν
1735 1366 1969 1448 ἔσχισεν.

331 1475 362 1508 ο
394 1456 846 1530 Κατηρτισμὲνοι.
879 1482 904 1510 ιι
940 1457 1389 1532 Ἀπηρτισμένοι,
1429 1458 1655 1520 τέλειοι,
1688 1485 1715 1512 ‹‹
1750 1462 1834 1517 Ἐν
1893 1468 1973 1535 τῷ

320 1543 473 1616 αὖτῷ
503 1542 607 1601 νοΐ.
641 1568 671 1597 ››
714 1544 938 1613 Ἐπειδὴ
974 1545 1084 1601 ἂνω
1115 1546 1281 1611 εῗπεν,
1312 1572 1335 1599 α
1368 1548 1481 1603 ἰνα
1511 1550 1572 1603 τὸ
1626 1550 1757 1605 αὐτὸ
1806 1549 1972 1623 λέγη-

312 1653 392 1704 τε,
431 1658 458 1683 ››
520 1632 610 1688 ἳνα
670 1636 745 1707 μή
804 1635 1099 1709 νομίσωσιν
1170 1637 1302 1715 ἄχρι
1357 1635 1617 1711 ῥημάτων
1671 1638 1780 1694 δεῖν
1837 1644 1971 1695 εἶναι

310 1724 413 1790 τὴν
446 1723 733 1795 ὁμόνοιαν,
790 1723 992 1797 ἐπάγει,
1049 1750 1079 1778 ‹‹
1113 1726 1199 1781 Ἐν
1254 1730 1333 1797 τῷ
1383 1727 1529 1800 αὐτῷ
1587 1726 1691 1797 νοΐ,
1726 1752 1753 1780 ›ι
1810 1749 1966 1783 τουτε

2086 583 2114 612 ‹‹
2137 563 2292 635 quod
2320 568 2736 625 contentiones
2763 571 2881 627 sint
2911 573 3066 630 inter
3082 594 3200 632 vos.
3236 581 3352 637 Hoc
3374 593 3569 642 autem
3602 589 3734 647 dico

2084 673 2111 700 «
2140 654 2297 721 quod
2312 657 2719 729 unusquisque
2743 668 2997 719 vestrum
3022 666 3196 722 dicit:
3218 672 3326 743 Ego
3348 675 3585 743 quidem
3602 697 3732 735 sum

2085 760 2113 788 «
2139 739 2324 807 Pauli,
2360 759 2463 808 ego
2494 752 2692 802 autem
2725 752 2955 821 Apollo.
2980 770 3083 826 ego
3102 772 3236 812 vero
3255 739 3731 832 Cephauursum

2091 848 2117 880 α
2149 844 2253 900 ego
2284 830 2520 887 Christi.
2555 834 2783 893 Divisus
2816 847 2904 894 est
2924 841 3235 900 Christus?

2117 919 2127 930 ‘
2156 917 2293 990 Ego,
2326 919 2540 992 inquit,
2572 924 2673 995 qui
2704 926 2948 985 obsecro
2997 948 3115 988 non
3160 936 3464 996 sufficiens
3496 958 3626 999 sum
3660 946 3733 1001 ad

2082 1012 2589 1077 persuadendum.
2624 1017 2737 1071 Per
2765 1019 3059 1076 Christum
3094 1024 3292 1097 itaque
3325 1030 3601 1100 obsecro;
3623 1035 3732 1090 hoc

2083 1102 2192 1161 est,
2226 1096 2352 1169 ipse
2384 1102 2648 1159 Christus
2682 1105 2901 1176 injuria
2959 1096 3211 1169 alTectusr
3265 1116 3733 1180 obsecrationem

2081 1188 2305 1246 facitet
2354 1194 2852 1255 adhortationem.
2884 1225 2911 1252 «
2976 1208 3039 1257 Et
3089 1223 3208 1261 non
3255 1210 3372 1265 sint
3431 1214 3586 1270 inter
3631 1233 3731 1272 vos

2083 1285 2277 1334 sectae.
2314 1303 2341 1330 ››
2374 1283 2537 1347 Quod
2569 1287 2726 1341 enim
2758 1306 2857 1344 vos
2892 1291 2953 1346 in
2984 1295 3173 1351 multa
3202 1298 3370 1354 divisi
3428 1304 3575 1371 sitis,
3610 1323 3730 1363 non

2082 1367 2278 1422 effecit
2308 1371 2527 1427 multas
2558 1383 2753 1444 partes
2785 1380 3097 1451 perfectas,
3123 1386 3225 1440 sed
3254 1367 3575 1458 perfectam
3596 1411 3729 1465 par-

2081 1461 2201 1511 tem
2231 1466 2374 1530 puta
2430 1463 2750 1520 Ecclesiam
2802 1469 3057 1526 discidit.
3094 1496 3121 1524 «
3153 1476 3493 1549 Compositi.
3528 1506 3553 1532 »
3596 1461 3731 1540 lloc

2083 1549 2502 1620 est,completi.
2525 1554 2790 1623 perfecti.
2829 1580 2854 1604 ‹‹
2887 1559 3103 1616 Eadem
3136 1572 3353 1622 mente.
3388 1592 3415 1618 »
3442 1571 3730 1635 Quoniam

2081 1636 2489 1703 prazmiserat:
2524 1664 2551 1691 ‹‹
2575 1643 2736 1699 Idem
2770 1646 2999 1715 dicatis,
3039 1674 3065 1701 ››
3098 1668 3172 1708 ne
3232 1657 3641 1717 existimarent
3668 1664 3730 1718 in

2079 1724 2270 1779 verbis
2301 1726 2587 1786 duntaxat
2614 1741 2885 1804 Oportere
2918 1754 3047 1794 esse
3079 1758 3457 1815 consensum,
3491 1752 3730 1824 subjun-

312 1810 451 1867 ἐστι.
489 1812 595 1868 Καὶ
629 1813 819 1887 λόγοις
850 1814 939 1868 καὶ
972 1812 1157 1890 ἔργοις
1214 1816 1303 1869 καὶ
1363 1816 1559 1891 γνώμῃ
1614 1816 1703 1871 καὶ
1763 1814 1964 1889 διανοίᾳ

2079 1813 2201 1883 git:
2234 1839 2261 1867 ‹‹
2296 1818 2512 1875 Eadem
2546 1832 2746 1880 mente
2779 1849 2826 1895 υ,
2858 1828 2968 1883 hoc
3000 1838 3107 1892 est.
3141 1842 3199 1889 et
3238 1810 3618 1898 sermonibus
3671 1850 3729 1900 et

310 1901 531 1979 γίνεσθε
588 1902 916 1982 ὁμόφρονες.
999 1928 1027 1957 ι(
1082 1901 1381 1979 Ἐγηλώθη
1435 1906 1535 1982 γάρ
1598 1928 1712 1979 μοι.
1767 1932 1794 1959 υ
1855 1910 1971 1962 Ἵνα

318 1992 399 2064 μή
434 1991 805 2062 ἀρνησωνται,
836 1992 926 2047 καὶ
983 1994 1257 2068 μάρτυρας
1305 1994 1535 2067 παράγει
1584 1996 1713 2057 τοὺς
1755 1993 1969 2064 Χλόης.

314 2106 343 2133 ι(
384 2078 651 2161 Ἀδελφοί
717 2102 841 2153 μου.
879 2104 907 2133 ››
961 2082 1071 2138 Κᾶν
1122 2085 1224 2160 γὰρ
1281 2081 1449 2153 δῆλον
1477 2083 1600 2159 ᾖτὸ
1647 2085 1969 2161 ἁμάργημα,

315 2171 513 2245 φησὶν,
548 2168 778 2245 ἀδελφοί
812 2171 917 2243 μού
955 2170 1089 2230 ἐστε.
1141 2174 1216 2230 Τὸ
1263 2171 1341 2239 δὲ,
1392 2198 1418 2224 ‹‹
1454 2175 1597 2240 Μοῦ,
1635 2198 1662 2225 ιι
1720 2173 1971 2239 διθὲσεώς

312 2260 484 2315 ἐστιν.
524 2285 551 2312 ι(
573 2261 705 2316 Ὑπὸ
736 2266 842 2316 τῶν
873 2262 1079 2331 Χλόης.
1114 2284 1142 2313 »
1168 2261 1325 2318 Οἰκία
1351 2283 1434 2325 τις
1460 2264 1525 2329 ἦν
1552 2262 1726 2327 οὕτως
1780 2263 1969 2319 ἐπονο-

317 2348 635 2424 μαζομένη,
667 2348 859 2419 Χλόης
890 2348 1017 2412 νσως
1048 2351 1217 2412 τινός.
1280 2350 1394 2407 Οὐκ
1438 2353 1555 2406 εἷπε
1604 2347 1660 2405 δὲ
1711 2351 1971 2422 ὀνομαστὶ

310 2439 449 2501 τοὺς
482 2436 859 2509 δηλώσαντας,
890 2439 977 2493 ἳνα
1011 2442 1086 2511 μὴ
1148 2440 1285 2514 πρὸς
1333 2440 1531 2501 αὐτοὺς
1575 2439 1970 2513 ἐκπολεμηθῶ-

315 2548 431 2583 σιν.
467 2554 496 2580 ‹‹
528 2530 650 2586 ’Ὁτι
682 2526 875 2589 ἔοίδες.
905 2554 931 2580 ››
979 2529 1055 2585 Τὰ
1102 2531 1247 2604 παρὰ
1294 2534 1399 2584 τῶν
1448 2527 1813 2600 δηλωσάντων
1862 2530 1966 2587 ἀπ-

314 2616 637 2691 αγγὲλλων,
676 2614 854 2686 ἔριδας
915 2617 1080 2687 εἶπεν,
1134 2618 1219 2672 ἳνα
1278 2618 1355 2691 μὴ
1416 2616 1723 2693 ἐκθηριώσῃ
1776 2619 1972 2681 αὐτοὺς

317 2706 471 2779 πρὸς
499 2705 624 2767 τοὺς
657 2706 753 2761 ἀπὸ
779 2709 879 2776 τῆς
913 2707 1128 2778 Χλόης.
1159 2710 1322 2762 Ὅταν
1365 2706 1421 2762 δὶ
1452 2709 1556 2763 ἀπὸ
1584 2709 1790 2764 οἰκείου
1810 2729 1971 2785 προσ·

320 2795 489 2851 ώπου
519 2795 643 2871 λέγῃ
686 2798 745 2853 τὸ
783 2798 1020 2874 γεγονὸς,
1080 2799 1355 2875 σχίσματα
1412 2799 1544 2855 αὐτὰ
1601 2800 1777 2870 καλεῖ,
1835 2802 1966 2875 ὅπερ

308 2883 523 2956 πολλῷ
554 2892 738 2960 χεῖρον
769 2893 870 2957 τῆς
901 2884 1099 2961 ἔριδος.
1135 2913 1161 2939 ‹‹
1197 2887 1356 2962 Λέγω
1386 2886 1443 2944 δὲ
1471 2892 1650 2945 τοῦτο.
1688 2913 1716 2941 ››
1778 2896 1967 2969 Σαφη-

296 2974 456 3035 νείας
492 2971 667 3031 ἕνεκεν
722 2977 807 3045 τὸ,
849 3002 876 3029 ‹‹
913 2976 1069 3054 Λέγω
1095 2973 1152 3031 δὲ
1190 2982 1375 3045 τοῦτο,
1409 3003 1438 3029 ››
1469 2979 1542 3040 ὡς
1576 2979 1620 3034 εί
1653 2978 1814 3033 εἶπεν·
1849 2980 1965 3034 Λό-

304 3086 412 3143 γου
446 3067 640 3140 χάριν,
678 3092 699 3115 ιι
736 3071 961 3123 τοιαῦτα
1018 3074 1225 3123 ποιεῖτε
1263 3068 1351 3122 καὶ
1412 3066 1641 3143 λέγειτε.
1688 3071 1806 3126 Οὐκ
1852 3064 1966 3125 ἔλε-

307 3176 407 3231 γον
439 3152 497 3209 δὲ
528 3154 725 3210 ἐκεῖνοι
760 3156 953 3217 οὕτως.
992 3181 1019 3209 ‹‹
1050 3157 1192 3233 Ἐγὼ
1250 3158 1343 3230 μὲν
1400 3157 1511 3230 εἶμι
1564 3156 1805 3228 Παύλου,
1856 3156 1964 3233 ἐγὼ
1996 3200 2038 3265 C

318 3241 365 3265 δῖ
403 3245 449 3265 ἰ
546 3243 656 3265 ἹἿΦ
780 3243 1001 3265 ’κπςπι
1189 3244 1209 3259 ν’
1365 3246 1386 3265 η
1563 3246 1583 3265 Ί
1768 3248 1782 3265 9
1922 3249 1935 3265 Ι

318 3241 378 3298 ’ὀὶ
403 3243 690 3300 ’Δπολλιῖν
714 3268 743 3297 n
772 3243 916 3300 ἀλλὰ
937 3246 1103 3321 λόγου
1136 3244 1300 3324 χάριν
1332 3246 1505 3308 οὓτως
1538 3246 1703 3313 εἶπεν,
1730 3248 1966 3303 αἰνιττό-

330 3352 485 3405 μενος
536 3335 621 3396 οἷς
670 3333 1082 3410 προσερῥύησαν
1142 3333 1434 3394 πλουσίοις
1491 3337 1580 3391 καὶ
1642 3342 1847 3415 σοφοῖς·
1911 3336 1964 3392 ἐν

329 3425 511 3493 παυτῷ
539 3419 763 3493 δεικνὺς,
797 3424 881 3478 ’ὀτι
922 3424 1058 3479 εἰτὸ
1117 3425 1293 3487 οὕτως
1346 3422 1543 3500 λέγειν,
1605 3425 1824 3481 Παύλου
1873 3428 1962 3481 καὶ

321 3516 592 3588 Ἀπολλῶ,
627 3522 729 3578 οὐκ
758 3522 1064 3593 ἀνεῦθυνον,
1095 3522 1296 3596 πολλῷ
1330 3521 1543 3596 μᾶλλον
1570 3524 1633 3579 τὸ
1666 3524 1842 3598 λέγειν
1873 3546 1962 3581 σο-

312 3611 423 3686 φῶν
483 3613 618 3664 εἶναι
677 3611 712 3679 ἢ
773 3609 1077 3681 πλουσίων,
1137 3611 1229 3673 οὕς
1310 3610 1670 3675 διδασκάλους
1753 3613 1963 3676 ἑαυτοῖς

304 3694 583 3756 ἐκάθισαν.
621 3724 646 3751 ιι
683 3700 828 3777 Ἐγὼ
861 3697 917 3756 δὲ
949 3703 1126 3780 Κηφᾶ.
1162 3726 1190 3753 ››
1253 3707 1549 3775 Προοιμῶν
1600 3703 1691 3757 τὸν
1740 3703 1959 3777 Πέτρον,

304 3785 530 3863 ὕστερον
588 3790 821 3845 τέθεικεν
877 3789 1061 3861 αὐτὸν,
1147 3788 1333 3861 ἐπειδὴ
1389 3791 1716 3867 κατηγορίας
1780 3791 1957 3849 αὐτῶν

304 3875 481 3933 ἕνεκεν
512 3881 682 3933 ταῦτα
714 3876 878 3953 λέγει.
917 3904 944 3931 (ι
980 3880 1120 3955 Ἐγὼ
1170 3876 1226 3934 δὲ
1274 3885 1524 3954 Χριστοῦ.
1564 3905 1590 3931 η
1637 3882 1753 3938 Οὐκ
1799 3880 1960 3958 ἐγκα-

304 3962 393 4021 λεῖ
421 3967 509 4021 δτι
545 3964 814 4042 λέγουσιν,
852 3991 880 4019 ι(
911 3968 1056 4046 Ἐγὼ
1088 3966 1145 4023 δὲ
1175 3970 1438 4044 Χριστοῦ,
1482 3998 1504 4022 ››
1536 3968 1683 4025 ἀλλᾶ
1715 3969 1853 4027 διότι
1881 3974 1956 4044 μὴ

302 4057 505 4118 πάντες
565 4061 731 4112 τοῦτο
791 4056 1032 4134 λέγουσι,
1096 4050 1386 4133 μέμφεται.
1449 4084 1477 4109 ‹‹
1537 4060 1872 4133 Μεμὲρισται
1930 4062 1956 4114 6

304 4145 581 4220 Χριστόςς
615 4171 642 4197 ››
675 4148 1026 4219 Κατιτέμετε,
1061 4148 1215 4224 φησί,
1274 4149 1365 4202 τὸν
1421 4149 1671 4219 Χριστὸν,
1733 4149 1959 4205 διείλετε

306 4234 474 4289 αὐτοῦ
506 4235 568 4289 τὸ
600 4240 775 4309 σῶμα,
816 4231 1001 4292 Φόϐου
1034 4233 1090 4291 δὲ
1120 4239 1279 4313 γέμει
1317 4238 1380 4293 τὸ
1432 4237 1601 4312 ῥῆμα.
1643 4239 1712 4295 Ἥ
1763 4237 1954 4301 οὕτως.

306 4324 634 4398 Ἐμερίσατο
664 4326 762 4396 τὴν
800 4324 1077 4401 βασιλείαν
1119 4327 1205 4381 καὶ
1264 4327 1363 4395 τήν
1431 4327 1757 4398 Ἐκκλησίαν
1825 4328 1957 4401 μετᾶ

304 4411 610 4488 ἀνθρώπων
641 4416 668 4470 6
700 4416 972 4488 Χριστόςς
1009 4417 1096 4484 Μὴ
1132 4414 1619 4491 συγκληρονόμους
1667 4412 1806 4493 ἔχει,
1853 4440 1957 4496 φη-

304 4502 407 4573 σῖν,
443 4503 470 4557 6
504 4504 767 4577 Χριστὸς,
798 4502 892 4559 ’ίνα
925 4504 1119 4582 μερίσῃ
1151 4526 1233 4568 τις
1267 4506 1381 4578 μετ’
1411 4506 1581 4561 αὐτοῦ
1611 4508 1738 4569 τοὺς
1790 4514 1955 4577 σωζν-

2091 1907 2388 1974 operibus,
2423 1918 2481 1965 et
2508 1916 2820 1983 sententia,
2855 1924 2913 1972 et
2970 1937 3148 1978 sensu
3198 1928 3324 1982 sitis
3374 1933 3725 1989 conformes.

2096 2012 2116 2041 ι
2153 1996 2553 2068 Significatum
2588 2010 2674 2059 est
2707 2006 2866 2061 enim
2896 2010 3062 2066 mihi.
3100 2036 3126 2060 ››
3154 2014 3237 2069 Ne
3289 2017 3519 2075 inficias
3572 2028 3729 2085 eant,

2087 2088 2270 2141 testes
2302 2105 2536 2161 quoque
2570 2109 2669 2149 eos
2698 2096 2967 2165 producit
2987 2102 3085 2170 qui
3116 2103 3312 2161 Chloas
3344 2116 3529 2164 erant.
3559 2112 3731 2167 “Fra-

2086 2177 2208 2227 tres
2239 2177 2374 2232 mei.
2410 2200 2439 2229 »
2471 2182 2613 2235 Nam
2639 2183 2745 2237 etsi
2780 2187 3161 2245 manilestum
3194 2194 3288 2262 sit,
3349 2196 3561 2268 inquit.
3596 2216 3732 2271 pec-

2086 2271 2304 2332 catum,
2336 2268 2548 2325 fratres
2580 2274 2695 2326 mei
2729 2277 2871 2330 estis
2926 2279 3088 2343 Quod
3120 2290 3317 2338 autem
3349 2286 3432 2341 ait
3462 2310 3489 2337 υ
3536 2268 3665 2355 Mei,
3701 2314 3727 2340 ››

2085 2353 2329 2408 affectus
2362 2363 2467 2411 est.
2504 2382 2530 2407 α
2568 2360 2652 2414 Ab
2685 2363 2777 2417 his
2801 2366 2902 2435 qui
2943 2376 3080 2423 sunt
3128 2371 3345 2427 Chloas.
3407 2398 3434 2423 »
3486 2353 3734 2434 Familia

2084 2442 2355 2511 quasdam
2413 2455 2539 2502 erat
2592 2449 2675 2504 ita
2730 2454 3045 2524 appellata,
3097 2461 3406 2529 cujusdam
3464 2464 3732 2524 fortassis

2084 2530 2298 2585 Chione.
2323 2532 2447 2590 Non
2474 2545 2672 2594 autem
2705 2542 3060 2600 nominatim
3086 2562 3185 2601 eos
3217 2548 3479 2622 dixitqui
3505 2555 3727 2626 signiﬁ-

2082 2631 2378 2689 caverant,
2412 2643 2487 2682 ne
2517 2630 2802 2688 adversus
2850 2633 2985 2691 illos
3018 2638 3153 2693 odia
3179 2650 3471 2711 gererent.
3506 2667 3533 2693 «
3568 2645 3734 2709 Quod

2081 2716 2511 2773 contentiones.
2551 2741 2572 2770 ο
2625 2722 2769 2777 Cum
2803 2740 2869 2779 ea
2901 2725 3215 2783 denuntiat
3264 2747 3395 2801 quas
3426 2732 3498 2787 ab
3531 2733 3603 2788 iis
3635 2751 3730 2791 ac-

2080 2800 2235 2872 cepit
2266 2805 2366 2874 qui
2399 2806 2894 2881 signiﬁcaverant,
2929 2818 3344 2876 contentiones
3374 2820 3627 2880 dicit.ne
3650 2823 3731 2879 ef-

2076 2888 2295 2947 feraret
2324 2911 2424 2949 eos
2456 2898 2739 2955 adversus
2795 2902 3081 2960 familiam
3115 2906 3343 2963 Chloaa:
3396 2911 3549 2967 422
3580 2914 3725 2967 Cum

2077 2987 2274 3035 autem
2333 2984 2437 3038 illa
2480 2987 2622 3043 dicit
2676 2990 2738 3043 in
2796 2995 3034 3063 prOpria
3088 3012 3363 3067 persona,
3413 3008 3579 3056 vocat
3624 3002 3727 3057 illa

2078 3070 2420 3136 schismata,
2453 3076 2565 3132 hoc
2596 3086 2703 3143 est,
2730 3080 2976 3138 dissidia
3009 3086 3094 3141 vel
3126 3094 3335 3153 sectas,
3361 3091 3517 3160 quod
3538 3092 3723 3146 multo

2075 3162 2248 3229 pejus
2278 3170 2366 3218 est
2395 3182 2572 3236 quam
2604 3171 3035 3228 contentiones.
3069 3198 3096 3225 ‹‹
3135 3176 3253 3231 Ηοο
3287 3186 3481 3233 autem
3515 3179 3666 3235 dico.
3696 3203 3723 3229 »

2074 3251 2514 3323 Explanationis
2547 3274 2724 3316 causa
2752 3262 2980 3319 addidit
3006 3282 3018 3319 :
3044 3289 3069 3316 «
3099 3268 3216 3322 Hoc
3237 3275 3436 3325 autem
3456 3270 3586 3326 dico
3610 3297 3627 3318 -
3656 3288 3724 3327 ac

2072 3344 2119 3398 si
2139 3343 2383 3401 dixisset
2406 3364 2419 3401 :
2442 3348 2616 3403 Verbi
2639 3353 3196 3427 gratia,hujusmodi
3228 3366 3366 3415 sunt
3386 3378 3515 3433 qua:
3534 3363 3725 3418 facitis

2072 3452 2139 3492 ac
2160 3437 2412 3494 dicitis.«
2429 3441 2592 3505 Quod
2608 3446 3015 3518 unusquisque
3034 3458 3295 3507 vestrum
3313 3453 3472 3509 dicit.
3488 3458 3720 3511 nAtnon

2068 3527 2152 3582 ita
2182 3528 2457 3585 dicebant
2514 3531 2600 3586 illi
2636 3550 2703 3587 :«
2747 3536 2862 3608 Ego
2922 3554 3053 3615 sum
3116 3542 3301 3602 Pauli.
3363 3559 3466 3615 ego
3524 3551 3720 3601 autem

2068 3618 2298 3689 Apollo,
2333 3642 2360 3670 ››
2395 3620 2500 3676 sed
2530 3624 2687 3679 verbi
2717 3642 2895 3683 causa
2926 3612 3008 3685 ita
3039 3630 3187 3687 dixit
3219 3651 3232 3698 ;
3268 3633 3476 3689 divites
3526 3653 3594 3690 ac
3626 3652 3723 3691 sa-

2069 3707 2300 3776 pientes
2331 3711 2559 3766 occulte
2592 3713 2975 3772 subindicans
3006 3718 3079 3773 ad
3122 3737 3271 3790 quos
3305 3722 3718 3792 conﬂuebant;

2072 3810 2139 3848 ex
2162 3795 2273 3851 hoc
2303 3799 2623 3853 ostendens
2647 3804 2804 3872 quod
2836 3805 2881 3858 si
2915 3804 2997 3861 ita
3026 3805 3277 3863 dicendo
3312 3827 3372 3864 se
3403 3810 3566 3863 Pauli
3594 3825 3721 3865 esse

2068 3884 2154 3940 vel
2180 3886 2593 3958 Apollo,culpa
2624 3906 2743 3945 non
2777 3896 3108 3951 caruissent
3142 3913 3155 3953 :
3189 3898 3378 3953 multo
3415 3899 3601 3969 magis
3632 3899 3723 3955 di-

2068 3981 2268 4029 centes
2326 3991 2386 4029 se
2420 3978 2754 4047 sapientum
2788 3997 2916 4036 esse
2951 3990 3053 4037 aut
3110 3986 3381 4051 divitum,
3426 4003 3574 4058 quos
3606 3988 3718 4045 sibi

2066 4063 2210 4135 ipsis
2240 4071 2632 4136 praeceptores
2664 4070 3273 4147 constituerant.«Ego
3292 4092 3424 4132 vero
3444 4078 3713 4147 Cephea.»

2067 4152 2394 4207 Prwferens
2426 4153 2683 4223 Petrum,
2717 4164 3015 4228 postremo
3049 4162 3245 4233 ipsum
3296 4164 3424 4220 loco
3468 4167 3666 4235 posuit
3700 4185 3713 4223 :

2066 4242 2549 4313 quandoquidem
2582 4245 2706 4302 haac
2733 4250 3128 4305 accusationis
3152 4253 3391 4308 illorum
3422 4257 3608 4325 gratia
3626 4256 3714 4310 di-

2065 4331 2163 4385 cit.
2202 4354 2229 4381 u
2260 4333 2512 4388 Rursum
2546 4349 2650 4407 ego
2681 4336 2915 4392 Christi.
2952 4361 2978 4387 ››
3012 4339 3139 4395 Non
3196 4342 3385 4414 carpit
3440 4342 3599 4414 quod
3630 4344 3711 4399 di-

2066 4426 2267 4475 cerent
2295 4437 2308 4476 :
2344 4444 2369 4468 ‹‹
2389 4423 2505 4495 Ego
2538 4424 2757 4481 Christi
2790 4420 2921 4481 sum
2956 4444 2970 4494 ;
3004 4428 3107 4483 sed
3139 4431 3295 4501 quod
3330 4447 3449 4486 non
3508 4448 3716 4488 omnes

2044 4508 2177 4564 'hoc
2209 4510 2496 4577 dicerent,
2518 4513 2876 4588 indignatur.
2916 4540 2945 4567 «
2978 4519 3205 4575 Divisus
3238 4521 3613 4578 estChristus
3642 4523 3715 4578 ?»

308 4591 495 4665 μὲννυς
524 4613 538 4661 ;
571 4596 659 4664 Μή
692 4615 843 4657 τινας
874 4590 993 4671 ἔχει
1049 4595 1343 4657 κοινωνιὺς
1388 4595 1476 4651 καὶ
1519 4595 1611 4651 σὺν
1660 4596 1808 4670 αὖτῷ
1854 4600 1953 4668 τὴν

2077 4574 2678 4673 Rescinditis,inquit:
2703 4604 3020 4669 Christum,
3045 4606 3302 4663 dividitis
3332 4625 3544 4682 corpus
3562 4612 3710 4682 ejus.

301 4681 634 4758 οἰκουμένην
688 4682 1126 4759 πληρώσαντας,
1188 4686 1481 4759 Χριστὸςὸ
1517 4686 1648 4762 ὑπὲρ
1705 4691 1802 4742 τοῦ
1858 4688 1954 4743 κό-

306 4792 452 4845 σμου
482 4773 791 4841 ἀποθανὼν,
827 4773 978 4846 ὑμῶν
1013 4772 1071 4829 δὲ
1127 4772 1321 4836 οὐδείς.
1376 4775 1716 4850 Μεμὲρῖσται
1749 4777 1775 4830 6
1821 4777 1951 4852 Xpt-

302 4862 449 4923 στός.
499 4862 755 4920 Τουτέστι
804 4865 941 4919 κατὰ
994 4862 1187 4940 μερίδα
1234 4865 1375 4928 τινὲς
1428 4866 1523 4939 μὶν
1573 4866 1664 4921 τὸν
1714 4868 1951 4942 Χριστὸν

304 4947 535 5025 ἔλαχον,
565 4951 729 5009 ἄλλοι
764 4950 821 5009 δὲ
854 4951 1056 5015 ἄλλους
1108 4954 1173 5011 Οἱ
1209 4954 1301 5026 μὲν
1339 4960 1552 5032 Κηφᾶν,
1586 4956 1638 5010 οἱ
1672 4953 1728 5011 δὶ
1744 4955 1953 5013 Ἀπολ-

302 5036 413 5107 λῶ,
443 5038 515 5102 ὅς’
542 5038 748 5119 λέγεται
800 5047 1017 5119 πρῶτος
1074 5040 1369 5105 ἐπίσκοπος
1429 5045 1699 5119 γεγονέναι
1759 5047 1949 5121 Κοριν-

298 5129 453 5193 οἴων.

2066 4686 2167 4740 Est
2195 4694 2394 4743 autem
2426 4688 2536 4746 hoc
2569 4692 2809 4748 verbum
2845 4694 3089 4765 plenum
3130 4698 3391 4753 terroris.
3452 4702 3567 4755 Aut
3613 4701 3714 4756 hoc

2065 4778 2225 4833 modo
2257 4780 2346 4850 (ut
2369 4780 2690 4854 μεμέρισται
2725 4785 2907 4839 active
2940 4785 3251 4858 signiﬁcet)
3286 4804 3299 4843 :
3333 4791 3481 4845 Num
3513 4790 3713 4846 divisit

2066 4866 2223 4922 inter
2252 4868 2526 4925 homines
2557 4871 2824 4928 Christus
2856 4890 3102 4947 regnum
3118 4877 3508 4935 etEcclesiam
3524 4880 3711 4936 ?Num

2064 4959 2352 5028 quosdam
2384 4959 2563 5016 habet
2592 4962 2877 5028 Christus,
2909 4966 3010 5035 qui
3045 4965 3450 5023 haereditatem
3476 4985 3609 5024 cum
3643 4985 3710 5024 eo

2063 5049 2345 5119 dividant,
2380 5059 2444 5106 ut
2473 5070 2609 5108 cum
2641 5071 2709 5110 eo
2765 5058 3055 5126 partiatur
3108 5060 3407 5132 quispiam
3458 5077 3559 5116 eos
3608 5060 3711 5130 qui

2063 5138 2205 5193 salvi
2238 5139 2389 5194 ﬁunt
2418 5140 2445 5195 ?
2471 5141 2622 5196 Num
2656 5144 2941 5214 quosdam
2968 5148 3147 5203 etiam
3171 5149 3353 5204 habet
3383 5155 3711 5215 consortes,

304 5223 532 5293 quique
562 5240 697 5279 cum
730 5240 800 5281 eo
857 5231 1147 5281 terrarum
1208 5225 1412 5282 orbem
1467 5226 1915 5298 impleverunt?
1976 5226 2245 5283 Christus
2302 5229 2351 5284 is
2398 5237 2486 5285 est
2539 5233 2639 5302 qui
2693 5251 2798 5305 pro
2858 5237 3082 5291 mundo
3139 5245 3411 5292 mortuus
3470 5243 3578 5296 est.
3612 5253 3710 5291 ve-

289 5316 484 5367 strum
546 5320 750 5369 autem
798 5314 1019 5370 nullus.
1078 5315 1308 5371 Divisus
1361 5316 1450 5386 (ut
1506 5317 1859 5372 affirmative
1918 5317 2186 5390 legatur),
2246 5318 2306 5373 id
2391 5325 2499 5388 est,

2588 5323 2838 5378 seorsim
2924 5326 3168 5397 quidam
3252 5332 3511 5380 vestrum
3571 5342 3704 5380 sor-

286 5400 522 5457 tiuntur
550 5402 870 5471 Christum,
905 5405 1007 5460 alii
1039 5421 1173 5460 vero
1203 5404 1400 5461 alios:
1455 5421 1669 5478 nempe
1722 5406 1783 5461 hi
1839 5406 2122 5479 Cepham,
2183 5407 2271 5462 illi
2331 5423 2465 5464 vero
2524 5412 2756 5482 Apollo,
2817 5414 2918 5485 qui
2975 5415 3207 5486 primus
3266 5415 3455 5472 fuisse
3514 5414 3710 5471 dicitu

288 5489 738 5550 Corinthiorum
771 5496 1103 5567 episcopus.

355 5582 447 5649 Μὴ
511 5580 730 5644 Παῦλος
789 5581 1101 5657 ἑσταυρώθη
1190 5584 1322 5650 ὑπὶυ
1409 5584 1581 5657 ὑμῶν,
1644 5581 1679 5653 ἤ
1744 5583 1820 5646 εἷς
1874 5584 1937 5639 τὸ

2110 5586 2354 5653 Ι,13-17.
2385 5609 2414 5637 ‹‹
2436 5586 2588 5645 Num
2621 5588 2846 5647 Paulus
2877 5608 2985 5665 pro
3015 5591 3179 5649 vobis
3210 5593 3527 5653 cruciﬁxus
3559 5599 3652 5651 est
3681 5592 3709 5650 τ

286 5668 462 5745 Mona
520 5670 749 5730 ΙΙαυλου
815 5667 1223 5746 ﬁctricem”
1284 5675 1611 5753 Εὖχαριστῶ
1665 5680 1746 5749 τῷ
1799 5679 1937 5750 Θεῷ,

2085 5681 2187 5732 aut
2215 5675 2279 5734 in
2309 5675 2552 5734 nomine
2584 5677 2752 5736 Pauli
2768 5678 3051 5754 baptizati
3078 5680 3279 5741 fuistis
3298 5682 3566 5741 τοι-πίω
3589 5697 3697 5755 ago
