4106 6252
401 323 516 381 647

1484 306 1908 371 CECUMENII
1955 303 2258 370 TRICCE
2303 309 2680 374 EPISCOPI.

3692 317 3809 378 648

403 480 431 507 κ
452 456 569 513 Deo
594 451 750 526 quod
767 450 1067 506 neminem
1092 453 1350 502 vestrum
1369 444 1778 517 baptizaverim
1795 442 1909 496 nisi
1924 441 2042 496 Cri-

2163 439 2233 496 ἴτι
2293 443 2483 500 οὐδένα
2544 448 2696 520 ὑμῶν
2781 443 3085 514 ἐϐάπτισα,
3165 446 3208 502 εἰ
3271 449 3347 518 μὴ
3409 447 3661 506 Κοίσπον
3727 450 3818 503 καὶ

425 565 446 597 .‹
476 559 646 617 spum
665 548 724 597 et
744 539 1052 602 Gaium,ne
1076 537 1208 608 quis
1229 536 1388 591 dicat
1409 534 1642 606 quodin
1663 533 1903 588 nomine
1929 545 2057 586 meo

407 658 434 684 ‹‹
453 633 892 706 baptizaverim.
914 629 1205 700 Baptizavi
1229 633 1427 681 autem
1461 633 1519 680 et
1541 624 1852 695 Stephants
1873 619 2057 676 fami-

406 725 594 780 «liam
635 740 646 778 :
683 727 970 795 praeterea
995 719 1151 773 haud
1185 717 1307 771 scio
1340 730 1484 771 num
1536 731 1711 784 quem
1743 713 1924 768 alium
1955 711 2053 765 ba-

408 837 434 864 «
451 812 788 885 ptizavei'im
801 811 944 864 .Non
960 809 1116 863 enim
1139 806 1303 862 misit
1318 820 1412 860 me
1428 804 1789 867 Christus,ut
1802 799 2056 871 baptiza-

405 929 424 952 υ
470 919 616 968 rem,
641 901 744 956 sed
769 907 831 954 ut
863 897 1235 968 Evangelium
1272 894 1695 966 praedicarem:
1722 907 1840 946 non
1869 890 1928 943 in
1961 903 2055 942 sa-

410 1014 428 1040 α
466 990 692 1062 pientia
724 985 1041 1051 sermonis,
1077 1001 1150 1039 ne
1183 989 1498 1038 evacuetur
1527 997 1669 1035 crux
1699 980 1981 1035 Christi.»

472 1075 1092 1148 Consequentertollit
1124 1073 1282 1144 quod
1313 1070 1634 1126 absurdum
1667 1075 2049 1134 est,omnem-

404 1185 516 1242 que
549 1184 673 1225 rem
706 1168 768 1221 in
797 1166 1058 1237 seipsum
1117 1160 1412 1218 traducit:
1471 1175 1547 1213 ne
1597 1174 1666 1214 ex
1722 1157 2055 1214 invidentia

401 1258 668 1313 videatur
720 1256 1088 1311 mentionem
1144 1252 1338 1307 facere
1397 1249 1714 1304 nominum
1773 1247 2050 1303 aliorum.

403 1350 517 1403 Nec
542 1347 688 1402 dixit
725 1363 736 1402 :
768 1346 922 1400 423
958 1346 1104 1399 Num
1138 1340 1355 1396 Paulus
1388 1355 1486 1393 vos
1514 1337 1653 1392 fecit
1680 1345 1783 1392 aut
1811 1337 2048 1403 creavit,

399 1438 502 1493 sed
534 1436 690 1508 quod
722 1435 909 1491 multo
942 1430 1378 1504 ampliusillius
1401 1427 1830 1500 benignitatem
1856 1427 2052 1483 mani-

396 1526 670 1592 festabat,
705 1540 942 1580 crucem
975 1522 1036 1577 in
1067 1521 1330 1577 medium
1364 1516 1630 1584 adduxit,
1659 1533 1726 1572 ac
1755 1516 2051 1587 baptisma

397 1634 511 1688 quo
546 1615 937 1689 purificantur
966 1618 1228 1683 peccata.
1260 1612 1403 1664 Nam
1460 1623 1566 1679 per
1625 1605 1749 1660 haec
1809 1605 1912 1660 Dei
1955 1623 2046 1661 re-

395 1722 577 1777 gnum
610 1705 766 1759 nacti
796 1719 1022 1758 sumus.

467 1794 552 1849 Ab
587 1793 825 1849 exordio
857 1798 1052 1846 autem
1085 1787 1362 1862 Epistolas
1380 1787 1441 1842 in
1459 1786 1639 1841 finem
1657 1799 1848 1854 usque
1865 1782 2049 1838 conti-
2081 1810 2126 1874 Β

398 1901 515 1939 nuo
549 1885 733 1938 ferme
791 1881 1002 1937 ordine
1062 1878 1340 1934 meminit
1395 1876 1658 1931 nominis
1713 1873 1952 1940 Christi,
1984 1879 2050 1927 ut

394 1973 733 2042 frequentia
766 1969 1046 2025 salutaris
1071 1969 1247 2039 hujus
1290 1964 1710 2036 appellationis
1741 1964 1956 2018 fastum
1987 1977 2054 2017 ac

399 2061 776 2132 putredinem
834 2056 1183 2130 arrogantiae
1257 2055 1615 2110 exhauriens
1683 2056 2052 2124 expurgaret.

402 2150 691 2205 «Gratias
739 2164 844 2221 ago
908 2153 1108 2202 Deo.»
1167 2145 1455 2217 Baptizavi
1515 2143 1778 2214 quidem.
1833 2141 1936 2198 sed
1994 2142 2055 2196 in

403 2239 620 2294 Christi
656 2237 919 2305 nomine,
954 2235 1165 2308 inquit.
1201 2236 1316 2290 Cur
1370 2234 1588 2304 gratias
1637 2233 1782 2305 agis.
1853 2230 2056 2295 Paule,

403 2327 561 2400 quod
599 2328 901 2383 neminem
963 2342 1165 2382 eorum
1208 2324 1592 2396 baptizaveris
1630 2327 1847 2394 praeter
1917 2320 2056 2376 illos

400 2435 546 2488 quos
578 2415 1071 2473 enumerasli‘mn
1094 2415 1424 2486 baptismus
1455 2409 2055 2483 interillaponendus

400 2518 767 2582 est,quorum
805 2525 982 2581 parva
1012 2515 1100 2564 est
1128 2507 1402 2563 habenda
1426 2506 1574 2560 ratio
1597 2505 1624 2560 ?
1652 2518 2054 2575 nequaquam,

398 2601 614 2670 inquit,
649 2599 752 2654 sed
784 2597 856 2654 de
913 2597 1025 2654 hoc
1079 2595 1302 2668 duplici
1359 2594 1605 2650 nomine
1658 2594 1875 2667 gratias
1926 2607 2051 2664 ago.

395 2690 518 2744 Uno
562 2687 801 2760 quidem
836 2686 995 2759 quod
1054 2702 1174 2740 non
1215 2683 1567 2755 baptizando
1600 2699 1721 2736 non
1785 2680 2056 2736 dederim

396 2777 754 2847 quibusdam
787 2792 995 2830 ansam
1022 2773 1277 2839 dicendi,
1315 2770 1474 2842 quod
1509 2770 1727 2825 multos
1760 2769 1834 2824 ob
1865 2770 1925 2823 id
1947 2769 2054 2824 ba-

396 2867 823 2937 ptizaremquo
839 2871 1050 2919 ccntum
1081 2861 1510 2933 discipulorum
1547 2860 1691 2915 mihi
1712 2860 1820 2931 ipsi
1843 2858 2058 2913 consti-

397 2953 991 3025 tuens,prceceptoris
1022 2969 1088 3007 ac
1119 2951 1286 3007 ducis
1319 2967 1537 3006 nomen
1571 2949 1713 3005 mihi
1739 2948 2051 3019 conquire-

395 3062 542 3099 rem.
578 3045 779 3098 Altero
811 3050 1008 3099 autem
1042 3043 1201 3114 quod
1234 3058 1428 3113 neque
1479 3041 1553 3097 ad
1585 3057 1713 3096 eam
1749 3055 1872 3094 rem
1909 3054 2050 3109 apo-

395 3134 683 3190 stolorum
740 3133 1034 3188 aChristo
1067 3132 1419 3203 acceperim.
1483 3130 1667 3185 Simul
1727 3127 2050 3184 ostendens

393 3223 549 3294 quod
584 3224 632 3278 si
666 3239 793 3296 ego,
829 3222 1047 3293 inquit,
1092 3222 1252 3292 quia
1283 3220 1515 3275 Christo
1575 3219 1791 3273 missus
1821 3233 1950 3270 sum
1987 3221 2051 3269 ut

393 3313 780 3382 pi'aadicarem
830 3317 889 3366 et
932 3311 1351 3365 annuntiarem
1408 3308 1596 3379 ipsius
1646 3304 2044 3376 Evangelium,

396 3415 569 3470 parce
602 3415 667 3454 ac
701 3416 834 3453 raro
860 3398 1170 3470 baptizavi.
1207 3415 1340 3453 cum
1400 3404 1599 3451 tamen
1630 3402 1943 3466 cognatum
1974 3393 2050 3445 sit

396 3506 462 3544 ac
493 3487 934 3543 consecutivum
966 3487 1264 3558 baptisma
1319 3483 1760 3557 prmdicationis
1787 3499 1798 3536 :
1825 3499 1923 3536 vos
1947 3481 2049 3551 qui

395 3577 632 3648 penitus
667 3576 832 3631 missi
865 3592 985 3630 non
1019 3576 1182 3636 estis.
1204 3573 1503 3647 quomodo
1521 3589 1619 3626 vos
1651 3573 1810 3643 ipsos
1828 3585 2042 3642 prince-

396 3673 594 3738 ptores
630 3666 911 3722 exhibere
948 3665 1180 3722 audetis
1203 3665 1230 3719 ?
1253 3663 1544 3736 quomodo
1577 3679 1715 3718 vero
1747 3662 1924 3717 etiam
1950 3662 2048 3718 ba-

395 3755 624 3827 ptizatis
649 3760 785 3822 ;aut
815 3756 1066 3810 aliorum
1086 3752 1389 3826 quidpiam
1406 3751 1648 3807 omnino
1683 3751 2050 3824 facitis,quo-

391 3861 525 3899 rum
557 3843 783 3900 donum
821 3851 926 3900 aut
950 3843 1347 3916 apostolatum
1373 3857 1489 3897 non
1521 3839 1872 3912 accepistis?

470 3958 488 3982 ι
554 3934 720 4000 Quod
826 3934 1132 3990 neminem
1217 3940 1475 3988 vestrum
1532 3930 1966 4003 baptizaverim.
2018 3953 2047 3982 ››

397 4024 646 4090 Quidam
691 4026 764 4082 ob
827 4043 928 4082 eos
981 4024 1458 4082 intumescebant
1515 4038 1662 4094 quos
1720 4021 2046 4095 baptizave-

397 4121 550 4170 rant.
568 4117 771 4187 Itaque
790 4117 874 4172 ait
896 4115 1076 4180 :Quid
1107 4113 1526 4181 intumescitis,
1543 4129 1678 4167 cum
1706 4129 1809 4185 ego
1831 4114 2049 4186 gratias

395 4220 564 4276 agam
597 4204 756 4278 quod
777 4221 897 4259 non
925 4202 1510 4276 baptizaverim?Hoc
1541 4207 1738 4256 autem
1761 4200 2048 4257 dicitillo-

393 4310 525 4349 rum
560 4309 896 4368 expurgans
917 4293 1337 4366 arrogantiam,
1363 4307 1483 4345 non
1499 4289 2050 4362 baptismavilipen-

395 4381 562 4438 dens.
591 4382 761 4438 Absit
781 4381 852 4439 ?«
880 4384 960 4438 Ne
992 4382 1126 4454 quis
1153 4381 1327 4436 dicat.
1362 4401 1390 4429 »
1415 4377 1807 4443 Quamobrem
1829 4380 2047 4451 gratias

391 4471 515 4543 agis
548 4471 706 4543 quod
735 4472 1040 4527 neminem
1071 4467 1455 4541 baptizaveris
1486 4465 1513 4521 ’ἶ
1571 4489 1598 4516 ››
1655 4467 1735 4521 Ne
1790 4468 1922 4538 quis
1953 4466 2044 4521 di-

2173 531 2352 602 Γάϊον,
2378 532 2464 589 ρίνα
2499 539 2576 608 μή
2608 558 2691 599 τις
2721 535 2845 612 εἵπῃ
2879 537 2964 591 ὅτι
3017 536 3092 598 εἰς
3147 537 3209 592 τὸ
3269 535 3396 611 ἐμὸν
3455 533 3641 608 ὄνομα
3699 532 3822 591 ἐϐάο

2165 620 2675 682 πτισα.Ἐϐάπτισα
2733 625 2791 682 δὲ
2845 627 2936 680 καὶ
2991 628 3080 682 τὸν
3145 631 3389 702 Στεφανά
3446 629 3630 682 οἶκον.
3692 635 3824 682 Λοι-

2164 714 2263 767 πὸν
2324 713 2424 770 οὐκ
2479 712 2598 770 οἶδα
2650 715 2700 771 εἴ
2774 737 2894 770 τινα
2979 715 3152 772 ἄλλον
3213 711 3476 771 ἐϐάπτισα
3512 760 3526 775 .
3594 715 3669 770 Οὐ
3727 717 3830 790 γάρ

2165 802 2449 859 ἀπέστειλέ
2509 826 2575 877 με
2659 808 2893 878 Χριστὸς
2977 807 3276 880 βαπτίζειν,
3336 805 3465 860 ἀλλ’
3529 802 3827 879 εὐαγγελί-

2165 895 2392 963 ζεσθαι,
2460 894 2558 948 οὐκ
2610 895 2661 949 ἐν
2737 896 2899 973 σοφίά
2974 896 3139 972 λόγου
3209 894 3296 952 ἵνα

2164 984 2396 1056 σταυρὸς
2421 988 2519 1038 τοῦ
2550 986 2806 1051 Χριστοῦ.

3386 897 3462 970 μή
3519 900 3746 966 κενωθῇ
3801 897 3826 950 ὁ

2234 1072 2436 1127 Λοιπὸν
2465 1073 2676 1147 ἀναιρεῖ
2701 1075 2762 1128 τὸ
2800 1077 3017 1145 Ξτοπον,
3073 1075 3160 1129 καὶ
3222 1074 3283 1128 τὸ
3341 1080 3445 1130 πᾶν
3499 1074 3590 1155 ἐφ’
3639 1075 3828 1129 ἑαυτὸν

2161 1166 2333 1240 φέρει,
2359 1163 2446 1220 ἵνα
2480 1167 2557 1240 μή
2590 1162 2718 1242 δόξῃ
2747 1168 2880 1222 κατὰ
2917 1167 3108 1248 φθόνον
3159 1167 3472 1243 ἀλλοτρίων
3529 1167 3825 1239 ὀνομάτων

2163 1255 2488 1327 μεμνῆσθαι.
2521 1255 2633 1310 Οὐκ
2655 1256 2790 1325 εἶπε,
2852 1259 2942 1325 Μὴ
2978 1256 3192 1318 Παῦλος
3241 1256 3468 1326 ἐποίησε
3499 1261 3594 1311 καί
3658 1254 3830 1311 ἐπλα-

2161 1363 2247 1398 σεν
2281 1343 2458 1416 ὑμᾶςς
2493 1342 2640 1412 ἀλλ’,
2667 1347 2695 1401 ὃ
2727 1345 2923 1418 πολλῷ
2953 1346 3119 1402 πλέον
3148 1348 3248 1416 τήν
3295 1346 3465 1401 αὐτοῦ
3498 1346 3828 1424 φιλανθρω-

2158 1435 2279 1490 πίαν
2315 1433 2541 1507 ἐδήλου,
2570 1437 2662 1492 τὸν
2709 1438 2934 1513 σταυρὸν
2995 1438 3073 1500 εἷς
3123 1438 3286 1512 μέσον
3338 1445 3578 1513 παρ-ἦξε,
3646 1440 3832 1494 καὶτὸ

2155 1529 2260 1580 τῶν
2290 1527 2568 1601 ἁμαρτιῶν
2615 1528 2908 1603 καθάρσιον
2963 1528 3264 1602 βάπτισμα,
3328 1524 3399 1581 δι’
3462 1528 3542 1583 ὧν
3583 1538 3832 1603 ηϋραμεν

2151 1615 2250 1683 τήν
2283 1614 2560 1690 βασιλείαν
2592 1621 2686 1672 τοῦ
2719 1622 2874 1675 Θεοῦ.

2232 1795 2326 1852 Ἐκ
2356 1796 2664 1871 προοιμίων
2708 1795 2765 1852 δὲ
2794 1803 2896 1866 τῆς
2938 1797 3270 1868 Ἐπιστολῆς
3301 1795 3432 1872 ἄχρι
3463 1800 3574 1851 τοῦ
3613 1795 3831 1861 τέλους,

2161 1887 2297 1940 κατὰ
2345 1886 2532 1962 στίχον
2563 1885 2757 1967 σχεδὸν
2817 1891 2913 1942 τοῦ
2975 1886 3238 1957 ὀνόματος
3287 1892 3385 1942 τοῦ
3445 1893 3712 1958 Χριστοῦ
3746 1889 3836 1960 μὲ-

2166 1994 2382 2045 μνηται,
2415 1974 2499 2029 ἵνα
2556 1981 2623 2048 τῇ
2682 1977 2988 2046 πυκνότητι
3039 1983 3140 2047 τῆς
3200 1975 3603 2049 σωτηριὼὂους
3664 1997 3830 2047 προσ-

2312 2063 2322 2080 .
2528 2064 2540 2083 ,
2775 2066 2787 2082 ς
2887 2065 2900 2080 .
3107 2065 3116 2078 ι
3300 2065 3314 2085 ς
3419 2066 3432 2081 .
3574 2073 3598 2083 ..
3703 2066 3718 2084 ρ

2159 2083 2390 2137 ηγοριας
2447 2083 2672 2134 τανεης,
2728 2085 2826 2132 την
2881 2067 3180 2138 υπεροψ.αν
3226 2087 3316 2120 και
3373 2085 3471 2133 την
3520 2087 3637 2134 της
3698 2087 3830 2120 υποσ⁵

2160 2153 2307 2216 νοίας
2364 2151 2638 2224 σηπεδόνα
2693 2151 2973 2207 ἐπαντλῶν
3031 2153 3248 2217 ἐκκαθά.
3283 2179 3309 2204 ι(
3347 2153 3698 2230 Εὐχαριστῶ
3754 2159 3828 2225 τῷ

2162 2244 2299 2311 Quir
2349 2264 2378 2293 »
2451 2235 2744 2305 Ἐϐάπτιςα
2804 2243 2917 2314 μὲν,
2987 2239 3112 2297 ἀλλ’
3173 2241 3249 2302 εἷς
3305 2243 3368 2296 τὸ
3424 2247 3523 2295 τοῦ
3587 2245 3828 2317 Χρνστού

2162 2326 2356 2401 ὄνομα,
2417 2330 2567 2400 φησί.
2643 2332 2710 2387 Τί
2792 2331 3152 2405 εὐχαριστεῖς,
3226 2327 3432 2399 Παῦλε,
3485 2330 3574 2384 ὅτι
3641 2329 3828 2386 οὐδένα

2162 2419 2339 2474 αὐτῶν
2373 2414 2688 2489 ἐϐάπτισας,
2740 2417 2888 2487 πλην
2920 2422 2993 2474 ὧν
3027 2420 3184 2480 εἴπας
3220 2439 3233 2489 ;
3272 2420 3348 2492 μή
3407 2420 3470 2473 τὸ
3540 2420 3826 2493 βάπτισμα

2161 2508 2212 2562 ἐν
2248 2509 2411 2583 βῖχεῖ
2438 2506 2714 2581 τιθέμενος
2749 2505 2902 2583 λόγῳ
2936 2527 2950 2577 ;
3001 2509 3088 2578 Μή
3123 2510 3355 2581 γένοιτο,
3419 2507 3618 2582 φησὶν,
3675 2508 3817 2564 ἀλλά

2162 2595 2251 2650 διὰ
2283 2593 2378 2650 δύο
2407 2595 2604 2656 ταύτας
2635 2595 2813 2660 αἰτίας
2851 2596 3186 2671 εὐχαριστῶ,
3221 2595 3344 2668 μίαν
3409 2597 3531 2671 μεν,
3595 2596 3674 2652 ὅτι
3736 2597 3808 2669 μὴ

2165 2684 2461 2759 βαπτίζων,
2494 2685 2681 2759 φησῖν,
2716 2682 2840 2739 οὐδὲ
2897 2683 3076 2740 ἔδωκά
3131 2705 3268 2739 τισιν
3320 2684 3580 2761 ἀφορμήν
3617 2684 3808 2758 λέγειν,

2161 2774 2245 2827 δτι
2277 2772 2366 2827 διὰ
2393 2777 2554 2827 τοῦτο
2585 2768 2848 2828 ἐϐάπτισα
2905 2771 3171 2843 πολλοὺς,
3215 2771 3307 2828 ἵνα
3365 2775 3538 2848 χορὸν
3594 2773 3801 2845 ἐμαυτῷ

2164 2865 2420 2935 μαθητῶν
2472 2866 2895 2935 συστησάμενος,
2929 2859 3102 2936 ὄνομα
3160 2863 3380 2936 ἐμαυτῷ
3436 2865 3792 2935 περιποιήσω-

2163 2973 2258 3024 μαι
2310 2949 2640 3006 διδασκάλου
2698 2952 2786 3006 καὶ
2839 2949 3176 3029 καθηγητοῦ.
3235 2953 3312 3007 Δι’
3369 2953 3534 3021 ἑτέραν
3573 2947 3643 3014 δὲ,
3699 2947 3774 3002 ὅτι

2160 3035 2273 3093 οὐδ’
2306 3039 2460 3114 εῗχον
2494 3039 2579 3094 ἐπὶ
2618 3042 2779 3094 τοῦτο
2838 3042 2983 3115 παρὰ
3040 3044 3273 3116 Χριστοῦ
3333 3036 3641 3106 ἀποστολὴν,
3671 3038 3779 3108 ἅμα

2160 3125 2368 3190 δεικνὺς
2399 3131 2480 3183 ὅτι
2512 3128 2574 3184 Εἰ
2635 3127 2746 3206 ἐγὼ
2803 3131 2830 3184 ὁ
2873 3129 3198 3189 ἀποσταλείς
3257 3130 3407 3205 παρὰ
3437 3132 3663 3184 Χοιστοῦ
3688 3149 3786 3196 κη-

2158 3219 2368 3293 ρύσσειν
2401 3218 2490 3274 καὶ
2522 3217 2914 3294 καταγγέλλειν
2946 3220 3008 3276 τὸ
3054 3219 3218 3274 αὐτοῦ
3280 3217 3524 3293 Εὐαγγέλ
3538 3240 3642 3289 ιον,
3675 3217 3801 3290 μετὰ

2159 3304 2378 3384 φειδοῦς
2455 3309 2544 3363 καὶ
2633 3309 2872 3369 σπανίως
2961 3303 3224 3363 ἐϐάπτισα
3298 3309 3500 3382 (καίτοι
3568 3308 3806 3384 σδγγενές

2159 3397 2268 3451 ἐστι
2316 3397 2406 3452 καὶ
2493 3395 2773 3472 συνέχεται
2814 3398 2877 3452 τὸ
2927 3397 3211 3472 βάπτισμα
3261 3401 3357 3452 τοῦ
3408 3397 3812 3476 κηρύγματος.)

2161 3485 2314 3556 ὑμεῖς
2347 3486 2402 3539 οἱ
2437 3483 2567 3559 μηδ’
2600 3486 2746 3548 ὅλως
2779 3485 3198 3553 ἀποσταλέντες,
3231 3490 3346 3548 πῶς
3377 3482 3635 3559 τολμᾶτε
3668 3483 3814 3541 διδα-

2159 3573 2392 3636 σκάλους
2420 3574 2642 3635 ἑαυτοὺς
2672 3574 2986 3653 ἀποφαίνειν
3022 3579 3179 3644 ςπῶς
3235 3571 3290 3630 δὲ
3345 3575 3432 3630 καὶ
3498 3576 3812 3649 βαπτίζετε,

2157 3664 2190 3731 ἢ
2220 3661 2364 3724 ὅλως
2395 3663 2446 3718 τί
2500 3669 2726 3735 ποιεῖτε,
2758 3661 2831 3718 ὦν
2883 3664 2986 3719 οὐκ
3043 3660 3266 3719 ἐλάϐετε
3323 3664 3578 3739 χάρισμα
3611 3663 3652 3734 ἢ
3685 3666 3814 3719 ἀπο-

2159 3750 2359 3822 στολήν
2387 3772 2402 3822 ;

2227 3933 2348 3990 Ὅτι
2380 3928 2565 3988 οὐδένα
2591 3934 2741 4006 ὑμῶν
2775 3928 3054 3988 ἐϐάπτισα.
3093 3955 3119 3982 ››
3147 3937 3294 4005 Μεγα
3322 3931 3463 3994 τινὲς
3521 3930 3814 4008 ἐφρόνουν,

2158 4023 2268 4076 ἀνθ’
2296 4023 2368 4077 ὧν
2406 4017 2715 4092 ἐϐάπτιζον,
2758 4022 2843 4076 καί
2879 4042 3038 4094 φησι,
3068 4021 3131 4075 Τί
3167 4021 3304 4095 μέγα
3327 4024 3619 4097 φρονοὶσιν
3660 4042 3676 4090 ;
3711 4020 3816 4095 ἐγὼ

2159 4112 2468 4186 εὐχαριστῶ
2505 4112 2580 4186 μὴ
2616 4111 2900 4185 βαπτίσας.
2935 4113 3117 4167 Τοῦτο
3164 4106 3221 4164 δὲ
3255 4109 3420 4184 λέγει,
3453 4111 3553 4179 τήν
3595 4108 3818 4168 ἐκείνων

2159 4202 2414 4256 ἀπόνοιαν
2446 4201 2734 4274 καθαιρῶν,
2789 4201 2850 4254 οὐ
2913 4201 2974 4254 τὸ
3037 4199 3316 4274 βάπτισμα
3376 4195 3706 4271 εὐτελίζων,
3739 4200 3815 4273 μὴ

2155 4292 2366 4364 γένοιτο
2393 4291 2406 4346 l
2441 4291 2608 4344 «Ἵνα
2633 4291 2710 4362 μή
2744 4310 2827 4351 τις
2859 4286 3008 4364 εἴπῃ.
3041 4313 3068 4342 ››
3097 4287 3250 4343 Διατί
3274 4286 3330 4342 δὶ
3362 4286 3814 4366 εὐχαριστεῖςμή

2159 4379 2422 4452 βαπτίσας
2459 4395 2473 4448 ;
2509 4399 2537 4429 ι(
2565 4378 2680 4432 ’Ίνα
2714 4378 2789 4450 μή
2822 4397 2904 4439 τις
2935 4374 3086 4451 εἷ’πῃ,
3119 4377 3306 4453 φησὶν,
3339 4374 3421 4429 δτι
3453 4374 3531 4435 είς
3581 4378 3652 4430 τὸ
3689 4377 3816 4451 ἐμὸν

2157 4463 2331 4541 ὄνομα
2362 4461 2644 4526 ἐϐάπτισα.
2677 4490 2704 4519 ››
2735 4468 2797 4524 Ei
2824 4468 2926 4542 γὰρ
2957 4473 3064 4522 τῶν
3097 4464 3329 4522 εὐτελῶν
3363 4464 3581 4521 ἐκείνων
3621 4467 3818 4541 βαπτι-

392 4569 507 4624 cat.
566 4563 783 4634 inquit,
845 4561 1006 4635 quod
1057 4577 1190 4617 meo
1242 4558 1485 4614 nomine
1543 4556 1978 4628 baptizaverim.
2013 4579 2041 4606 ››

2163 4558 2380 4618 πάντων.
2421 4556 2657 4628 τοσαύτη
2689 4558 2874 4632 γέγονε
2905 4553 3180 4631 διχόνοια,
3214 4555 3288 4618 ὡς
3318 4560 3399 4626 τῷ
3429 4552 3654 4609 ἐκείνων
3694 4555 3817 4612 ὀνό-

393 4653 538 4707 Nam
615 4653 683 4711 si.
739 4668 873 4707 cum
934 4650 1149 4722 abjecti
1231 4648 1321 4703 illi
1371 4653 1430 4702 et
1495 4646 1729 4701 obscuri
1787 4645 2042 4719 baptiza-

393 4747 549 4807 rent,
601 4747 834 4794 tantum
873 4747 1143 4795 exortum
1201 4743 1291 4794 est
1366 4734 1700 4799 dissidium,
1787 4744 1852 4792 ut
1903 4737 2040 4792 illo-

394 4841 528 4882 rum
575 4827 818 4880 nomine
878 4825 1485 4898 cognominarentur,
1533 4821 1715 4892 quid,
1775 4820 2041 4888 obsecro,

389 4916 613 4971 factum
636 4913 867 4982 fuisset,
897 4915 945 4969 si
995 4915 1216 4970 Paulus
1273 4913 1580 4968 universos
1636 4909 2046 4981 baptizasset?

389 5030 416 5056 «
454 5007 745 5060 Prwterea
775 5003 934 5059 haud
965 5005 1106 5059 scio.
1144 5026 1173 5054 ››
1205 5005 1287 5058 Ex
1320 5003 1430 5056 hoc
1462 4998 1723 5055 ostendit
1750 5001 1907 5070 quod
1932 5002 2041 5058 hoc

384 5095 473 5149 illi
509 5111 722 5168 magno
756 5092 956 5148 studio
991 5110 1112 5148 non
1139 5099 1286 5161 erat,
1321 5098 1383 5146 ut
1424 5090 1764 5160 baptizaret,
1801 5105 1934 5145 cum
1966 5109 2041 5148 ne

388 5186 762 5241 meminisset
799 5183 1062 5256 quidem.
1098 5185 1218 5238 Hoc
1277 5188 1474 5238 autem
1526 5178 1672 5234 dicit
1721 5178 2042 5254 objurgans

386 5275 604 5329 fastum
627 5275 865 5330 illorum
900 5273 1001 5344 qui
1035 5290 1102 5328 ex
1135 5288 1204 5326 eo
1254 5267 1733 5325 intumescebant
1762 5269 1917 5338 quod
1939 5269 2045 5325 ba-

387 5361 691 5428 ptizarent.
725 5386 750 5411 «
793 5361 922 5416 Non
953 5360 1113 5414 enim
1155 5358 1319 5413 misit
1349 5372 1443 5411 me
1476 5355 1820 5410 Christusut
1849 5354 2043 5427 bapti-

389 5460 600 5502 zarem.
637 5471 664 5497 »
687 5450 878 5514 Quare
907 5449 1089 5521 igitur
1117 5445 1452 5518 baptizabat
1483 5443 1530 5497 si
1562 5441 1636 5497 ad
1668 5441 1778 5495 hoc
1827 5443 2045 5500 missus

390 5547 510 5586 non
543 5537 718 5591 erat?
747 5537 904 5595 424
961 5539 1109 5604 Quia
1167 5536 1243 5593 ad
1299 5531 1746 5609 praedicandum
1805 5533 2045 5604 quidem

389 5619 769 5692 Evangelium
826 5628 1045 5683 missus
1106 5633 1252 5696 erat,
1308 5641 1426 5680 non
1491 5630 1688 5679 tamen
1749 5621 2043 5694 baptizare

2155 4666 2281 4719 ματι
2312 4643 2708 4716 ἐπικαλεῖσθαι,
2740 4646 2790 4701 τί
2820 4645 2878 4700 ἂν
2911 4648 3125 4724 γέγονεν
3175 4645 3218 4699 εἶ
3254 4643 3467 4706 Ηαῦλος
3515 4643 3582 4712 ἦν
3644 4641 3813 4720 βεϐα-

2152 4735 2361 4798 πτικὼς
2417 4735 2680 4805 ἄπανταςς
2741 4759 2769 4787 ‹‹
2805 4735 3004 4792 Λοιπὸν
3057 4735 3159 4790 οὐκ
3190 4732 3329 4789 οἶδα.
3366 4762 3388 4788 n
3455 4735 3553 4791 Ἐκ
3609 4740 3811 4789 τοῦτον

2153 4821 2417 4880 δείκνυσιν
2451 4826 2532 4880 ὅτι
2565 4821 2689 4881 οὐδέ
2715 4823 3178 4900 περισπούδαστον
3211 4826 3277 4894 ἦν
3311 4825 3457 4895 αὐτῷ
3509 4824 3569 4878 τὸ
3606 4823 3812 4899 βαπτί-

2155 4921 2285 4984 ζειν,
2310 4917 2428 4980 ὅθεν
2464 4911 2590 4970 οὐδὲ
2619 4917 2915 4988 μέμνηται.
2935 4918 3110 4972 Τοῦτο
3145 4910 3203 4970 Si
3234 4913 3381 4988 λέγει
3413 4912 3806 4970 καταστέλλων

2151 5005 2214 5060 τὸ
2243 5006 2502 5082 φρόνημα
2557 5009 2661 5059 τῶν
2722 5005 2810 5060 ἐπὶ
2863 5009 2942 5077 τῷ
2995 5004 3274 5080 βαπτίζειν
3346 5002 3481 5079 μέγα
3537 5005 3807 5082 φρονούν-

2150 5115 2280 5148 των.
2315 5117 2344 5145 ‹‹
2367 5093 2444 5150 Οὐ
2471 5093 2574 5170 γάρ
2605 5093 2887 5150 ἀπέστειλέ
2919 5114 2984 5166 με
3022 5093 3255 5166 Χριστὸς
3291 5094 3596 5166 βαπτίζειν.
3632 5116 3660 5141 η
3708 5093 3805 5150 Τί-

2152 5203 2240 5244 νος
2273 5181 2363 5237 οὗν
2394 5175 2563 5236 ἕνεκεν
2595 5179 2876 5239 ἐϐάπτισεν
2909 5181 2953 5236 εί
2980 5183 3056 5254 μὴ
3098 5181 3185 5237 ἐπὶ
3227 5181 3406 5253 τούτῳ
3446 5179 3799 5250 ditio-talea;

2153 5272 2247 5326 Καί
2283 5291 2456 5348 φαμεν
2488 5270 2569 5325 ὅτι
2598 5271 2681 5326 ἐπὶ
2713 5276 2793 5344 τῷ
2836 5269 3273 5348 εὐαγγελίζεσθαι
3335 5271 3428 5343 μὲν
3492 5267 3799 5339 ἀπεστάλη,

2151 5361 2214 5416 τὸ
2264 5357 2322 5415 δὲ
2381 5360 2663 5435 βαπτίζειν
2725 5361 2828 5415 οὐκ
2876 5359 3150 5430 ἐκωλυθη.
3213 5361 3306 5416 Ἐκ
3364 5357 3686 5434 φιλοτιμίας
3742 5357 3800 5412 δὲ

2151 5450 2241 5505 καὶ
2288 5452 2448 5504 τοῦτο
2486 5451 2698 5506 κάκεῖνο
2747 5449 2941 5506 ἐποίει.
3002 5449 3214 5507 «Ἀλλ’
3265 5447 3731 5525 εὐαγγελίζεσθαι.
3764 5471 3794 5499 ιο

2153 5540 2327 5594 Τοῦτο
2359 5538 2460 5615 γὰρ
2493 5540 2558 5608 ἦν
2587 5539 2862 5610 ἐπίπονον,
2882 5539 2972 5594 καὶ
3004 5534 3230 5613 σιδηρᾶς
3289 5535 3544 5612 δεόμενον
3588 5540 3792 5613 ψυχῆς.

2153 5626 2211 5683 Ὁ
2247 5625 2340 5697 μὲν
2374 5625 2478 5700 γὰρ
2520 5625 2628 5698 ἤδη
2689 5626 3107 5689 πεπιστευκότας
3168 5629 3437 5702 βαπτίζει,
3499 5629 3527 5682 ὁ
3579 5623 3638 5683 δὲ
3667 5625 3792 5683 ἀπί-
