4106 6252
183 287 283 348 M9

1184 300 1591 364 OOMMENT.
1637 301 1714 362 IN
1762 301 2008 363 EPIST.
2053 303 2075 363 l
2120 303 2230 366 AD
2275 304 2646 367 CORINTH.

3509 300 3631 362 650

191 451 324 493 στοις
355 430 809 512 εὐηγγελίζετο,
861 439 987 513 παρ’
1046 439 1128 502 οἷς
1185 440 1274 495 καὶ
1309 435 1660 495 ἐκινδύνευεν.
1699 461 1724 493 ι
1755 437 1870 498 Οὐκ

2010 442 2432 512 prohibebatur,
2466 442 2571 498 sed
2625 441 2683 497 id
2719 456 2954 513 quoque
2984 456 3054 496 ex
3089 438 3447 495 liberalitate
3479 454 3630 510 pras-

201 522 244 580 ὶν
272 524 441 598 σοφίᾳ
469 522 689 602 λόγου.
728 551 756 578 ››
788 529 901 585 Ούκ
947 528 1122 596 οἶπεν,
1170 528 1284 586 Οὐκ
1322 529 1376 584 ἐν
1409 529 1572 607 σοφίᾳ
1599 532 1871 603 γνώσεως,

210 615 327 672 ἀλλ’
367 641 396 670 ι
453 615 575 674 Οὐκ
625 616 682 672 ἐν
733 617 898 697 σοφίᾳ
955 617 1212 695 λόγου.»
1273 616 1495 680 Καλῶς·
1546 619 1643 673 Καὶ
1688 620 1792 695 γὰρ
1822 618 1875 673 ἐν

215 708 384 779 σοφία
411 706 670 781 γνώσεως
704 706 1072 781 εὐηγελίζετο.
1099 707 1191 762 Διὸ
1216 709 1304 762 καὶ
1331 707 1608 783 ἀλλαχοῦ,
1639 731 1666 760 ‹‹
1700 707 1878 764 Ἰδιώ-

214 819 326 869 της
386 800 466 867 τῷ
517 795 698 872 λόγῳ,
757 794 886 851 ἀλλ’
944 796 1005 850 ού
1059 800 1129 870 τῇ
1187 799 1436 873 γνώσει.»
1501 797 1564 853 Τί
1619 799 1724 872 γὰρ
1768 797 1878 851 ἐστι

216 889 542 964 σοφώτερον
591 885 628 954 ἢ
680 885 759 947 εἷς
819 890 1016 952 γνῶσιν
1077 885 1299 961 ἄμεινον
1349 888 1442 941 καὶ
1473 886 1878 963 λαμπρότερον,

211 979 317 1030 τοῦ
354 978 545 1049 μαθεῖν
575 973 667 1029 καὶ
701 971 909 1044 διδάξαι
959 977 1043 1030 ὅτι
1073 981 1288 1050 σταυρῷ
1316 975 1405 1031 καὶ
1437 977 1648 1048 θανάτῳ
1677 978 1884 1049 κατήρ-

214 1086 391 1143 γηται
455 1067 726 1133 θάνατος;
803 1085 894 1118 και
969 1065 1026 1119 τὸ
1097 1065 1370 1141 ἡμέτερον
1423 1070 1530 1120 τῶν
1588 1066 1884 1139 ἀνθρώπων

211 1157 397 1231 γένος,
463 1157 677 1228 μακρᾶς
735 1153 826 1207 καὶ
884 1151 1285 1228 ’χαλεπωτάτης
1339 1156 1438 1224 τῆς
1484 1159 1581 1209 τοῦ
1613 1150 1885 1209 Διαϐόλου

211 1240 548 1320 τυραννίδος
581 1240 956 1317 ἠλευθέρωται
983 1259 998 1311 ;
1058 1266 1086 1294 ‹‹
1118 1245 1230 1296 Ἲνα
1291 1245 1366 1316 μὴ
1425 1247 1636 1316 κενωθῇ
1665 1245 1693 1298 6
1725 1264 1888 1298 σταυ-

222 1336 327 1410 ρὸς
372 1338 472 1388 τοῦ
527 1336 860 1406 Χριστοῦ.»
917 1335 1024 1387 Ἵνα
1087 1333 1164 1404 μή
1227 1328 1441 1407 βλάϐην
1471 1333 1560 1386 καὶ
1591 1331 1888 1387 ἐλάττωσιν

224 1423 501 1496 ὑπομείνῃ
531 1423 558 1476 6
589 1423 846 1497 σταυρός.
909 1422 968 1476 Εἰ
1020 1422 1124 1497 γὰρ
1179 1421 1230 1476 ἐν
1284 1421 1447 1500 σοφίᾳ
1494 1422 1661 1498 λόγου
1693 1421 1887 1497 ἐκήρυ-

218 1515 316 1583 ξαν
361 1514 412 1567 οἱ
465 1511 794 1582 ἀπόστολοι,
847 1511 996 1590 εἶχόν
1046 1531 1188 1572 τινες
1235 1515 1498 1585 νομίζειν,
1532 1509 1620 1566 διὰ.
1647 1514 1746 1581 τήν
1779 1517 1887 1567 τῶν

219 1599 410 1677 λόγων
440 1603 635 1668 πειθὼ,
691 1603 972 1655 πεπεῖσθαι
1015 1602 1142 1664 τοὺς
1193 1601 1529 1675 ἀνθρώπους,
1578 1602 1638 1656 ού
1673 1599 1760 1656 διὰ
1790 1604 1888 1670 τὴν

215 1688 462 1763 δύναμιν
513 1695 612 1745 τοῦ
661 1690 1070 1765 κηρυσσομένου
1123 1691 1384 1765 Χριστοῦ,
1419 1691 1448 1745 6'
1478 1691 1513 1759 ἦ
1560 1687 1743 1765 βλάϐη
1792 1694 1891 1745 τοῦ

211 1781 594 1856 κηρύγματος
643 1778 733 1834 καί
786 1784 883 1835 τοῦ
927 1784 1178 1854 σταυροῦ.
1233 1785 1336 1834 Νῦν
1389 1777 1446 1836 δὲ
1486 1785 1564 1852 τῷ
1594 1781 1888 1856 ἀγραμμά-

209 1891 339 1932 τοις
388 1869 483 1924 καὶ
533 1867 784 1929 ἱδιώταις
851 1869 1154 1944 ἀνθρώποις
1216 1871 1307 1924 τὸν
1354 1871 1560 1942 κόσμον
1606 1891 1892 1925 πεπιστευ-

211 1961 400 2030 κέναι,
461 1961 565 2028 τὴν
623 1963 720 2014 τοῦ
772 1960 1007 2034 Χριστοῦ
1066 1957 1290 2032 δύναμιν
1347 1958 1727 2034 ἂνακηρύττει.
1786 1966 1888 2014 Κε-

215 2053 413 2105 νοῦται
472 2050 578 2123 γὰρ
626 2048 719 2102 καὶ
769 2047 1198 2117 κατευτελίζεται
1249 2050 1277 2103 ὁ
1326 2050 1551 2124 σταυρὸς
1609 2053 1705 2104 τοῦ
1749 2051 1891 2124 Χρι-

217 2142 356 2194 στοῦ
388 2138 516 2209 ἢτοι
569 2138 632 2192 τὸ
686 2137 818 2211 ὑπὲρ
868 2139 1025 2208 ἡμῶν
1074 2138 1321 2193 ἑκούσιον
1360 2141 1529 2201 πάθος
1561 2137 1746 2207 αὐτοῦ,
1776 2143 1889 2199 τοῖς

213 2226 383 2306 λόγῳ
415 2227 612 2302 σοφίας
670 2227 760 2282 καὶ
814 2227 1134 2295 πιθανότητι
1192 2226 1560 2303 πειρωμένοις
1616 2227 1779 2282 αὐτοῦ
1825 2227 1888 2282 τὸ

219 2315 526 2393 μεγαλεῖον
585 2315 674 2370 καὶ
729 2316 828 2386 τήν
896 2315 1148 2386 θειότητα
1205 2323 1567 2390 παραστῆσαι.
1619 2318 1744 2378 Πῶς
1786 2317 1888 2392 γᾶρ

223 2408 343 2462 ἐστι
369 2408 434 2462 τὸ
470 2405 604 2480 ὑπὲρ
636 2403 801 2478 λόγον
855 2403 944 2458 καὶ
1002 2404 1183 2483 φύσιν,
1245 2406 1438 2480 λόγοις
1466 2404 1556 2459 καὶ
1593 2407 1754 2480 τέχνῃ
1787 2406 1890 2460 τινὶ

222 2503 618 2573 παραστῆσαις
669 2493 762 2556 Τίς
824 2491 880 2548 δὲ
936 2495 1026 2548 καὶ
1087 2496 1250 2572 χρεία
1308 2493 1491 2568 λόγων
1524 2494 1614 2549 καὶ
1644 2497 1887 2563 πειθοῦς,

224 2590 340 2640 τῶν
375 2585 626 2657 σημείων
654 2583 745 2638 καὶ
778 2583 1070 2655 θαυμάτων
1105 2589 1288 2656 μεῖζον
1339 2583 1429 2639 καὶ
1459 2587 1646 2663 φωνῆς
1678 2583 1890 2654 ἁπάσης

231 2674 619 2746 κεκραγότων,
675 2673 758 2727 καὶ
814 2673 991 2728 πάντα
1061 2673 1152 2727 τὸν
1243 2671 1578 2746 βουλομενον
1636 2671 1726 2728 ἐπὶ
1789 2676 1889 2744 τήν

249 2757 533 2818 εὐσέϐειαν
560 2761 648 2815 καὶ
678 2762 735 2816 τὸ
760 2764 1014 2837 κήρυγμα
1047 2763 1534 2837 χειραγωγούντων
1559 2782 1572 2832 ;

1923 1831 1970 1897 Β

1986 533 2193 587 stabat.
2235 556 2262 583 «
2296 534 2406 588 Sed
2439 538 2504 587 ut
2541 532 2922 605 Evangelium
2981 531 3386 602 praedicarem.
3425 550 3452 577 »
3485 529 3630 582 Nam

1987 621 2097 676 hoc
2126 623 2321 694 magni
2355 627 2480 677 erat
2501 622 2738 689 laboris,
2771 620 3046 692 quodque
3076 620 3332 674 ferreum
3363 617 3629 688 require-

1985 717 2076 766 ret
2105 712 2701 782 animum.Siquidem
2734 711 2835 764 ille
2861 710 2987 780 jam
3019 708 3327 764 credentes
3356 705 3628 778 baptizat,

1987 801 2084 854 hic
2115 818 2246 855 vero
2278 801 2602 856 incredulis
2635 799 3014 872 Evangelium
3049 795 3428 870 praedicabat,
3475 793 3634 866 apud

1990 907 2137 960 quos
2169 891 2346 944 etiam
2374 887 3330 962 periculisexponebatur.«Nunin
3345 883 3638 957 sapientia

1988 979 2234 1032 verbi.»
2282 981 2406 1034 Non
2465 979 2630 1046 dixit,
2689 979 2814 1034 Non
2883 978 2944 1032 in
3004 976 3294 1048 sapientia
3346 975 3633 1044 scientia,

1991 1067 2094 1122 sed
2125 1084 2136 1122 :
2171 1090 2198 1119 ‹‹
2231 1070 2356 1122 Non
2383 1069 2443 1123 in
2473 1068 2764 1140 sapientia
2791 1067 2966 1122 verbi.
3006 1088 3032 1116 »
3067 1064 3335 1120 Pulchre.
3395 1063 3541 1118 Nam
3571 1061 3632 1118 in

1993 1158 2285 1229 sapientia
2316 1158 2577 1213 scientias
2625 1157 3001 1230 Evangelium
3059 1151 3436 1227 praedicabat.
3496 1151 3633 1208 ldeo

1994 1265 2230 1318 quoque
2259 1247 2399 1302 alibi
2433 1247 2614 1302 dicit:
2648 1270 2675 1296 «
2709 1248 2828 1300 Etsi
2862 1245 3173 1316 imperitus
3205 1258 3500 1311 sermone,
3522 1257 3642 1296 non

1994 1343 2194 1392 tamen
2227 1337 2493 1392 scientia.
2532 1361 2552 1388 ι
2591 1336 2740 1401 Quid
2763 1335 2921 1390 enim
2954 1334 3281 1406 sapientius
3299 1337 3409 1398 est,
3443 1337 3546 1387 aut
3569 1331 3644 1386 ad

1997 1427 2304 1482 scientiam
2357 1427 2572 1482 melius
2629 1443 2696 1481 ac
2727 1425 3133 1481 vehementius
3159 1440 3337 1495 quam
3367 1422 3518 1478 scire
3576 1436 3643 1476 ac

1998 1517 2209 1571 docere
2243 1516 2396 1587 quod
2421 1533 2594 1571 cruce
2617 1533 2685 1571 ac
2717 1522 2904 1572 morte
2937 1514 3163 1570 devicta
3213 1514 3290 1568 sit
3345 1529 3526 1579 mors,
3583 1515 3640 1565 et

1999 1613 2265 1662 nostrum
2301 1623 2508 1678 genus,
2543 1623 2755 1677 nempe
2788 1606 3096 1660 hominum
3129 1605 3304 1675 longa
3360 1603 3646 1658 maxime-

2000 1713 2112 1766 que
2147 1695 2470 1750 miserabili
2522 1695 2742 1749 diaboli
2777 1693 3087 1767 tyrannide
3137 1693 3213 1748 sit
3269 1691 3588 1748 liberatum
3620 1689 3648 1744 ⁸1

2005 1805 2034 1836 α
2063 1786 2143 1838 Ne
2176 1790 2489 1839 evacuetur
2522 1801 2662 1838 crux
2693 1783 2926 1839 Christi.
2962 1805 2989 1833 ››
3019 1784 3100 1838 Ne
3133 1786 3557 1837 nocumentum
3589 1785 3646 1833 et

2003 1873 2398 1945 abjectionem
2423 1891 2567 1928 crux
2598 1873 3144 1928 sustineat.Etenim
3180 1870 3228 1928 si
3261 1872 3322 1926 in
3354 1868 3648 1942 sapientia

2002 1964 2293 2018 sermonis
2323 1963 2747 2034 praedicassent
2775 1963 3051 2034 apostoli,
3102 1961 3439 2033 potuissent
3495 1974 3648 2014 non-

1999 2052 2150 2107 nulli
2173 2053 2508 2108 existimare
2541 2052 2696 2123 quod
2728 2057 2968 2123 propter
2994 2067 3337 2107 sermonum
3365 2063 3648 2121 apparen-

1999 2142 2141 2196 tiam
2156 2144 2424 2213 persuasi
2445 2143 3126 2212 fuissenthomiues,non
3143 2147 3381 2214 prOpter
3393 2141 3661 2195 virtutem

2001 2230 2216 2284 Christi
2271 2231 2370 2300 qui
2443 2230 2876 2301 praedicabatur
2908 2271 2922 2297 ,
2975 2229 3133 2302 quod
3221 2233 3647 2286 nocumentum

1999 2318 2209 2373 fuisset
2237 2318 2675 2388 praedicationis
2707 2323 2764 2373 et
2811 2320 3023 2374 crucis.
3056 2319 3222 2374 Nunc
3252 2324 3450 2374 autem
3473 2333 3646 2373 mun-

2001 2408 2140 2463 dum
2172 2407 2493 2462 illitteratis
2525 2425 2591 2463 ac
2622 2408 2914 2480 imperitis
2943 2408 3264 2463 credidisse
3283 2408 3650 2475 hominibus,

2002 2498 2216 2552 Christi
2274 2498 2551 2553 virtutem
2620 2498 2900 2554 declarat.
2971 2499 3299 2554 Evacuatur
3384 2497 3544 2552 enim
3594 2501 3654 2551 et

2005 2586 2236 2660 abjecta
2267 2588 2535 2643 redditur
2566 2605 2708 2642 crux
2738 2588 2978 2655 Christi,
3011 2589 3132 2642 sive
3161 2587 3493 2642 voluntaria
3522 2587 3650 2656 ejus

2002 2677 2198 2748 passio
2231 2694 2336 2748 pro
2369 2677 2566 2746 nobis,
2616 2677 2688 2732 ab
2742 2678 2835 2732 his
2896 2677 2996 2749 qui
3055 2675 3529 2750 magnitudinem
3587 2691 3655 2730 ac

2003 2765 2373 2822 divinitatem
2434 2769 2582 2839 ejus,
2655 2767 2946 2838 sapientia
3003 2785 3070 2823 ac
3150 2764 3653 2839 persuasibilitate

235 2852 527 2908 nituntur
555 2852 972 2908 demonstrare.
1013 2854 1158 2907 Nam
1184 2853 1285 2922 qui
1317 2853 1442 2908 fieri
1473 2857 1687 2923 potest,
1719 2859 1784 2908 ut
1816 2853 1973 2923 quod
2005 2871 2182 2925 supra
2215 2873 2554 2910 sermonem
2586 2872 2652 2910 ac
2684 2861 2958 2911 naturam
2992 2861 3100 2922 est,
3136 2873 3408 2911 sermone
3443 2862 3501 2910 et
3528 2861 3655 2912 arte

228 2941 498 3014 quadam
533 2941 972 2998 demonstretur
993 2944 1019 2996 ?
1052 2945 1172 2996 lino
1207 2959 1336 3013 qum
1371 2944 1549 2997 etiam
1581 2943 1902 2997 necessitas
1933 2949 2020 2998 est
2069 2961 2412 3000 sermonum
2445 2946 2795 3016 virtutisque
2829 2945 3186 3011 ﬂexanimae,
3219 2963 3353 3000 cum
3387 2945 3553 3018 signa
3584 2963 3655 3000 ac

229 3032 530 3088 miracula
557 3032 769 3087 fortius
801 3031 964 3086 omni
995 3033 1118 3087 voci
1150 3031 1408 3086 clament
1439 3049 1795 3103 omnemque
1828 3033 2121 3088 volentem
2152 3034 2224 3088 ad
2257 3034 2536 3105 pietatem
2568 3041 2625 3088 et
2655 3035 3136 3104 praedicationem
3169 3033 3514 3088 deducant?

296 3122 359 3177 ὐ
408 3117 580 3196 λόγος
659 3121 762 3196 γὰρ
821 3120 850 3174 6
906 3124 1002 3174 τοῦ
1077 3125 1334 3194 σταυροῦ,
1390 3125 1505 3181 τοῖς
1568 3121 1661 3193 μὲν
1720 3119 1897 3175 ἀπολ-

236 3208 518 3282 λυμένοις,
580 3209 765 3284 μωρία
822 3209 956 3266 ἐστί.
1015 3215 1138 3272 Τοῖς
1217 3209 1275 3264 δὲ
1345 3208 1678 3283 σωζομένοις
1732 3213 1892 3281 ἡμῖν,

2077 3125 2118 3190 Ι,
2149 3124 2335 3177 18-20.
2356 3124 2600 3178 «Sermo
2626 3125 2785 3179 enim
2803 3123 3014 3184 crucis,
3050 3123 3396 3194 hisquidem
3428 3125 3528 3194 qui
3561 3141 3655 3195 pe-

2002 3235 2030 3262 «
2061 3219 2238 3267 reunt
2259 3213 2509 3268 stultitia
2532 3219 2648 3268 est:
2667 3213 2839 3268 nobis
2856 3219 3052 3268 autem
3068 3214 3167 3284 qui
3184 3213 3436 3268 salutem
3451 3230 3655 3268 conse-

247 3293 470 3364 δύναμις
525 3303 660 3354 Θεοῦ
747 3297 879 3354 ἐστι.
965 3299 1270 3373 Γέγραπται
1328 3297 1450 3372 γάρ·
1513 3295 1744 3352 Ἀπολῶ
1798 3299 1895 3366 τὴν

2019 3320 2039 3348 ι
2065 3301 2320 3371 quimur,
2359 3302 2733 3373 potentiaDei
2767 3309 2873 3358 est.
2899 3301 3196 3373 Siquidem
3221 3303 3507 3374 scriptum
3529 3307 3650 3358 est:

945 3388 1035 3442 καὶ
1120 3388 1219 3455 τὴν
1309 3387 1517 3441 σύνεσιν
1583 3392 1690 3441 τῶν
1752 3407 1902 3440 συνε-

255 3480 355 3529 τῶν
413 3475 679 3548 ἀθετήσω.
745 3481 858 3532 Ποῦ
916 3477 1126 3554 emeda;
1187 3481 1298 3532 Ποῦ
1358 3475 1751 3552 γραμματε·5ς;
1785 3479 1902 3533 Ποῦ

247 3567 552 3636 συζητητής
609 3571 706 3620 τοῦ
765 3565 966 3627 αῗῶνος
1020 3569 1269 3633 τοῦτους
1338 3565 1482 3640 Οὐχὶ
1539 3564 1814 3641 ἐμώρανεν
1872 3565 1899 3619 6

241 3656 366 3716 Θεὸς
396 3656 497 3724 τὴν
529 3657 724 3733 σοφίαν
754 3660 854 3710 τοῦ
888 3655 1100 3727 κόσμου
1130 3656 1325 3709 τούτου
1352 3672 1365 3723 ;

253 3405 441 3464 σοοιαν
501 3393 596 3442 τῶν
662 3393 867 3466 σοφῶν,

312 3745 477 3807 Εἰκὸς
510 3747 649 3800 εἶναι
705 3747 830 3819 παρ’
890 3745 1073 3806 αὐτοῖς
1127 3743 1409 3812 ἀπίστους,
1445 3743 1497 3798 ο’ί
1539 3742 1781 3820 διέσυρον
1809 3746 1899 3799 τὸν

241 3835 495 3910 σταυρόν.
525 3836 704 3906 Φησῖν
740 3833 852 3889 οῦν·
891 3832 1069 3905 Μηδὲν
1104 3835 1401 3904 ξενισθῆτε.
1436 3837 1563 3895 Τοῖς
1595 3833 1694 3909 γὰρ
1728 3835 1902 3889 ἀπολ-

243 3923 532 3998 λυμένοις,
562 3927 629 3981 τὰ
662 3925 736 3986 εἰς
770 3925 1044 4000 σωτηρίαν
1098 3922 1320 3978 δοθέντα
1359 3924 1508 3998 παρὰ
1537 3928 1689 3996 Θεοῦ,
1726 3923 1904 3999 μωρία

245 4018 383 4072 εἶναι
419 4015 601 4072 δοκεῖ.

312 4108 536 4180 [ΦΩΤ.]
571 4104 810 4161 Δείκνυσι
841 4105 1062 4175 λοιπὸν,
1094 4103 1179 4160 ὅτι
1230 4101 1353 4158 οὐδὲ
1382 4101 1500 4172 ἐνῆν
1535 4103 1684 4178 λόγῳ
1715 4103 1905 4180 σοφίας

240 4194 693 4270 προσαγαγέσθαι
748 4195 895 4255 τινὰς
963 4199 1040 4266 τῷ
1115 4192 1446 4268 κηρύγματι.
1505 4194 1564 4249 Ὁ
1620 4193 1725 4266 γὰρ
1782 4191 1904 4267 περὶ

242 4289 344 4338 τοῦ
376 4289 614 4360 σταυροῦ
664 4285 850 4360 Λόγος,
883 4284 943 4338 οὐ
981 4283 1144 4356 μόνον
1204 4280 1266 4337 ού
1323 4284 1607 4358 προσάγει,
1642 4279 1786 4335 ἀλλᾶ
1815 4280 1905 4335 καὶ

241 4380 362 4436 τοῖς
385 4371 800 4448 ἀπολλυμένοις
833 4373 1012 4448 μωρία
1039 4369 1208 4430 δοκεῖ.
1243 4371 1306 4427 Εἰ
1339 4369 1395 4426 δέ
1423 4375 1610 4439 τοῦτο,
1643 4369 1692 4426 τί
1727 4369 1792 4424 ἄν
1824 4391 1908 4441 τις

243 4459 371 4538 ἔχοι
432 4463 613 4538 λέγειν
674 4463 796 4538 περὶ
853 4467 949 4517 τοῦ
1007 4461 1380 4538 κηρύγματος,
1443 4461 1518 4532 μὴ
1579 4461 1754 4514 πάντα
1808 4467 1907 4529 τῆς

243 4555 482 4627 χάριτος
533 4552 685 4622 αὐτῷ
755 4551 1148 4628 χορηγούσης;
1207 4571 1229 4600 ι
1280 4553 1406 4611 Τοῖς
1461 4547 1519 4603 δὲ
1576 4548 1906 4621 σωζομένοις

245 4643 275 4692 ἦ

247 4728 382 4784 ἀλλ’
441 4733 526 4793 οἷς
579 4728 689 4784 ἐστι
750 4728 1024 4802 σωτηρίας
1083 4725 1263 4794 ἐλπὶς,
1317 4726 1375 4781 ἐκ
1422 4725 1617 4781 τούτου
1673 4723 1907 4793 μάλιστα

241 4823 598 4897 γινώσκομεν
627 4823 725 4891 τὴν
788 4819 1016 4893 δύναμιν
1074 4819 1165 4874 καὶ
1222 4820 1320 4886 τὴν
1377 4817 1565 4895 σοφίαν
1621 4823 1718 4874 τοῦ
1748 4823 1902 4878 Θεοῦ,

248 4911 500 4984 Δύναμιν
540 4911 650 4983 μὶν,
709 4911 793 4966 ὅτι
852 4911 1060 4982 θανάτῳ
1120 4908 1344 4973 θάνατον
1391 4903 1569 4962 ἔλυσε*
1606 4907 1795 4984 σοφίαν
1827 4905 1905 4979 δὲ,

245 5002 341 5057 ὅτι
405 4997 585 5070 τούτῳ
636 5001 715 5072 τῷ
771 4996 962 5076 τρόπῳ
1019 4995 1387 5058 ἀπδλωλότας
1441 4993 1684 5052 διέσωσε.
1742 5024 1761 5048 ι
1800 5002 1908 5052 Ποῦ

248 5091 461 5168 σοφός
497 5114 519 5143 ι
557 5085 748 5144 Λαϐὼν
781 5088 1088 5166 παρρησίαν
1145 5086 1252 5140 ἀπὸ
1309 5092 1408 5156 τῆς
1441 5092 1681 5162 Γραφῆς,
1715 5089 1906 5142 λοιπὸν

248 5182 585 5237 καθάπτεται
615 5180 814 5235 αὐτῶνσ
868 5205 892 5232 «
934 5184 1042 5234 Ποῦ
1097 5179 1302 5255 σοφός;
1340 5199 1364 5230 ν
1423 5179 1548 5252 περὶ
1600 5176 1908 5247 Ἑλλήνων

253 5271 454 5345 λέγων·
492 5297 518 5323 (ι
556 5275 669 5326 Ποῦ
714 5268 1105 5345 γραμματεύς;
1140 5293 1166 5318 ››
1224 5267 1346 5341 περὶ
1408 5264 1704 5322 Ἰουδαίων.
1740 5293 1767 5320 ‹‹
1805 5273 1914 5323 Ποῦ

256 5363 575 5432 συζητητής
604 5377 620 5429 ;
652 5382 678 5411 ιι
714 5358 1021 5430 Τουτέστιν,
1081 5359 1133 5412 οἱ
1182 5354 1478 5432 λογισμοῖς
1531 5356 1620 5410 καὶ
1681 5355 1913 5431 ἐρεύναις

253 5452 325 5506 τὰ
384 5449 561 5506 πάντα
620 5447 1021 5522 ἐπιτρέψαντες.
1081 5446 1246 5502 Οὗτοι
1303 5445 1403 5519 γάρ
1461 5443 1675 5514 πάντες,
1726 5447 1916 5504 ὡσανεὶ

254 5533 474 5611 ἔλεγεν,
533 5536 826 5610 ἐξαρπάσαι
878 5534 997 5588 τινὰ
1064 5533 1164 5601 τῆς
1242 5530 1456 5601 πλάνης
1512 5531 1612 5586 οὐκ
1669 5531 1918 5609 ἴσχυσαν.

255 5627 414 5704 Οὐχὶ
476 5625 756 5703 ἐμώρανεν
815 5625 844 5679 6
902 5623 1030 5685 Θεὸς
1115 5622 1215 5690 τήν
1297 5621 1485 5699 σοφίαν
1556 5626 1654 5678 τοῦ
1710 5623 1921 5700 κόσμου

543 5748 792 5806 Parion.
834 5741 940 5803 αι.
981 5738 1237 5802 CXVIII.

2013 3412 2039 3438 «
2075 3389 2324 3444 Per-dam
2357 3390 2710 3460 sapientiam
2739 3390 3097 3462 sapientium
3111 3395 3169 3445 et
3199 3389 3655 3462 intelligentiam

2011 3502 2037 3529 (ι
2062 3479 2526 3551 intelligentium
2552 3480 2839 3552 rejiciam.
2860 3480 2964 3535 Ubi
2989 3481 3224 3551 sapiens
3248 3479 3274 3535 ?
3296 3479 3611 3536 Ubiscriba
3630 3480 3658 3536 ‘2

2012 3591 2037 3616 ‹‹
2066 3569 2170 3624 Ubi
2203 3569 2534 3640 disputator
2589 3571 2769 3640 hujus
2802 3569 3003 3625 saeculi
3033 3570 3059 3624 ἰ)
3088 3572 3302 3625 Annon
3351 3569 3662 3626 infatuavit

2012 3681 2037 3706 υ
2073 3659 2226 3713 Deus
2260 3659 2614 3730 sapientiam
2644 3659 2851 3714 mundi
2882 3659 3106 3731 hujus?
3131 3682 3159 3708 η

2087 3749 2413 3803 Verisimile
2447 3755 2536 3803 est
2567 3749 2909 3804 incredulos
2947 3749 3130 3803 fuisse
3160 3747 3317 3819 apud
3362 3749 3525 3819 ipsos
3556 3747 3657 3820 qui

2010 3838 2169 3892 cruci
2185 3838 2584 3892 detraherent.
2601 3839 2844 3909 Aitergo
2863 3837 3044 3891 :Nihil
3077 3838 3292 3892 mirum
3308 3844 3409 3893 aut
3437 3853 3656 3893 novum

2011 3926 2174 3980 vobis
2190 3927 2474 3991 videatur,
2490 3926 2785 3996 siquidem
2809 3927 2899 3980 his
2921 3926 3018 3996 qui
3035 3934 3306 3998 pereunt,
3331 3944 3399 3982 ea
3412 3945 3542 3998 qum
3580 3927 3655 3983 ad

2013 4017 2262 4070 salutem
2295 4033 2329 4070 a
2363 4017 2479 4070 Deo
2511 4014 2645 4069 data
2694 4021 2851 4081 sunt,
2882 4015 3133 4070 stultitia
3189 4033 3316 4071 esse
3357 4017 3650 4074 videntur.

2084 4107 2232 4162 425
2250 4105 2965 4174 Ostenditconsequenter
2982 4104 3140 4176 quod
3159 4106 3418 4160 ﬁerinon
3430 4111 3650 4177 posset,

2013 4200 2077 4249 ut
2093 4211 2364 4250 sermone
2382 4193 2686 4266 sapientia:
2700 4194 3137 4250 adducerentur
3149 4194 3391 4266 quidam
3420 4195 3495 4250 ad
3507 4212 3654 4266 pras-

2015 4283 2402 4340 dicationem:
2423 4283 2718 4354 siquidem
2733 4301 2925 4340 sermo
2950 4283 3020 4339 de
3044 4301 3217 4340 cruce
3261 4301 3380 4338 non
3425 4289 3656 4340 tantum

2013 4392 2134 4430 non
2150 4375 2408 4438 adducit,
2445 4375 2547 4430 sed
2581 4375 2759 4429 etiam
2781 4375 3030 4430 stultitia
3055 4375 3284 4430 videtur
3315 4374 3407 4429 his
3438 4375 3538 4446 qui
3570 4390 3664 4446 pe'

2014 4463 2380 4529 reunt.Quod
2397 4465 2444 4518 si
2460 4465 2569 4520 hoc
2585 4465 2665 4520 ita
2684 4465 3084 4535 est,quidnam
3099 4464 3297 4520 dicere
3313 4470 3512 4534 posset
3529 4463 3664 4534 qui-

2018 4554 2208 4625 spiam
2227 4552 2297 4608 de
2317 4553 2760 4624 praedicatione,
2795 4570 2926 4608 cum
2951 4554 3138 4625 gratia
3179 4552 3290 4624 ipsi
3308 4569 3428 4608 non
3464 4553 3668 4609 omnia

270 4646 409 4712 λμῖν,
444 4637 674 4711 δύναμις
704 4645 838 4695 Θεοῦ
869 4639 1002 4694 ἐστι.
1042 4665 1062 4689 ιι
1122 4639 1189 4695 Οἱ
1246 4637 1349 4715 γὰρ
1411 4637 1488 4709 μὴ
1539 4635 1895 4707 ἐξεστηκότες,

2019 4642 2610 4715 suppeditet?«Nobis
2625 4648 2823 4698 autem
2837 4643 2936 4713 qui
2951 4642 3205 4698 salutem
3219 4643 3664 4714 consequimur,

2017 4732 2282 4804 potentia
2312 4732 2411 4786 Dei
2445 4737 2552 4786 est.
2590 4753 2617 4779 ››
2673 4733 2818 4786 Nam
2850 4731 2950 4800 qui
3003 4748 3125 4786 non
3176 4731 3500 4798 resilimus,
3561 4729 3665 4787 sed

2017 4839 2182 4893 spem
2214 4821 2501 4877 habemus
2541 4820 2768 4889 salutis,
2829 4838 2898 4876 ex
2950 4821 3061 4877 hoc
3127 4823 3504 4894 potissimum
3563 4823 3665 4878 Dei

2015 4912 2342 4983 potentiam
2373 4916 2431 4965 et
2461 4911 2814 4981 sapientiam
2847 4912 3296 4982 cognoscimus:
3343 4914 3663 4983 potentiam

2019 5001 2286 5072 quidem,
2319 4998 2475 5071 quod
2510 5005 2696 5054 morte
2725 5000 2964 5056 solverit
2992 5008 3281 5068 mortem;
3309 5001 3665 5074 sapientiam

2021 5108 2176 5156 vero,
2207 5088 2504 5160 quodjam
2537 5090 2821 5160 perditos.
2855 5092 2964 5146 hoc
2993 5091 3164 5146 modo
3198 5092 3388 5147 salvos
3431 5088 3664 5144 fecerit.

2025 5201 2052 5229 «
2088 5179 2193 5233 Ubi
2226 5177 2508 5248 sapiens?
2540 5200 2567 5227 ››
2601 5179 2844 5250 Sumpta
2873 5179 3154 5250 loquendi
3174 5181 3444 5234 libertate
3463 5177 3664 5232 aScri-

2025 5275 2216 5340 ptura,
2250 5286 2348 5322 eos
2371 5269 2751 5338 postmodum
2772 5269 3064 5342 objurgat,
3099 5271 3336 5326 dicens:
3375 5268 3480 5323 Ubi
3505 5290 3533 5318 ‹‹
3573 5283 3666 5322 sa-

2024 5357 2273 5430 piens?»
2293 5357 2362 5411 de
2383 5358 2674 5413 Graecisza
2716 5359 2820 5412 Ubi
2861 5359 3090 5414 scriba?
3129 5359 3198 5414 de
3232 5356 3480 5412 Iudaeis:
3504 5379 3530 5407 ‹‹
3564 5353 3672 5412 Ubi

2027 5451 2459 5522 disputator?»
2511 5451 2629 5505 Hoc
2690 5455 2794 5518 est,
2831 5451 2932 5521 qui
2993 5449 3552 5505 ratiocinationibus
3607 5465 3676 5505 ac

2027 5539 2486 5596 scrutationibus
2519 5541 2719 5595 omnia
2744 5540 3146 5596 committunt.
3199 5543 3280 5596 Ac
3339 5540 3386 5596 si
3433 5539 3680 5596 diceret.

2026 5631 2095 5687 Hi
2127 5629 2288 5687 enim
2319 5646 2527 5688 omnes
2561 5630 2798 5687 nullum
2824 5630 2895 5686 ab
2945 5647 3146 5689 errore
3204 5636 3529 5704 potuerunt
3571 5629 3682 5685 eri-

3319 5748 3387 5807 21
