4106 6252
436 322 550 383 651

1558 309 1967 373 (ΕΟΙῙΜΕΝῙΙ
2011 307 2320 371 ΤΒῙΟΟΕ
2362 309 2709 374 EPlSCOPl

3740 316 3863 377 65!

436 468 600 524 pere.
637 470 666 501 «
703 450 918 505 Annon
950 444 1264 501 infatuavit
1292 443 1443 499 Deus
1501 442 1854 515 sapientiam
1883 439 2091 498 mundi

2213 438 2439 510 τούτους
2473 464 2502 493 »ο
2534 439 2734 504 Ιῐάντες
2761 442 2864 518 γὰρ
2916 443 2971 497 οἱ
3031 438 3315 506 δοκοῦντες
3348 443 3479 500 εἶναι
3517 442 3691 522 σοφοὶ
3721 444 3870 517 ἐμω-

436 542 616 613 hujus
637 539 708 595 ‘2»
746 537 967 593 Omnes
998 534 1157 589 enim
1191 533 1292 605 qui
1324 532 1621 604 sapientes
1653 548 1781 587 esse
1813 531 2095 587 videban-

439 639 535 687 tur
565 628 850 686 infatuati
883 625 1195 694 sunt,adeo
1210 630 1275 679 ut
1300 623 1389 678 illi
1418 622 1685 678 invenire
1703 639 1822 680 non
1853 626 2098 694 possent

438 740 569 794 quae
594 738 627 776 a
656 716 1053 793 piscatoribus
1086 722 1145 771 et
1174 714 1498 769 illitteratis
1519 713 1861 769 hominibus
1879 712 2097 784 praedi-

440 818 571 870 cata
602 816 742 866 sunt
773 815 832 865 et
862 807 1235 863 confirmata.
1270 804 1575 870 Quomodo
1616 810 1815 860 autem
1876 803 2094 858 contir-

441 901 668 958 mavit?
697 902 814 955 Hoc
844 903 955 965 est,
989 896 1232 952 stultam
1272 911 1401 950 esse
1461 895 1748 967 coarguit,
1808 910 1876 949 eo
1936 892 2095 963 quod

440 993 745 1048 veritatem
763 987 955 1043 inveni
968 1004 1025 1042 re
1041 1004 1159 1042 non
1174 984 1691 1057 possent.-——Aliud
1732 983 2095 1054 Sapientiam

443 1080 647 1137 mundi
678 1084 845 1133 vocat
876 1075 1276 1148 eloquentiam
1308 1095 1322 1139 ;
1356 1073 1576 1127 etenim
1627 1072 1803 1143 hujus
1854 1070 2098 1143 largitor

442 1172 599 1227 Deus
631 1175 735 1224 est.
769 1169 915 1223 Nam
950 1172 1007 1221 et
1054 1166 1180 1235 ipse
1211 1165 1444 1237 linguas
1487 1162 1704 1226 divisit,
1735 1168 1794 1217 et
1825 1161 2095 1233 proprios

441 1261 653 1332 cuique
686 1258 1058 1313 characteres
1089 1253 1411 1309 distribuit.
1450 1255 1650 1324 Itaque
1683 1252 1895 1307 Grazcaa
1946 1268 2094 1323 quo-

442 1366 556 1421 que
591 1349 805 1419 lingua}
838 1347 961 1418 ipse
995 1343 1157 1399 dedit
1202 1342 1608 1415 splendorem.
1651 1342 1831 1397 Atilii
1864 1340 1974 1396 hoc
2006 1339 2095 1396 usi

440 1457 559 1495 non
593 1444 731 1493 sunt
761 1436 833 1492 ad
865 1436 924 1490 id
978 1435 1136 1506 quod
1194 1433 1475 1505 oportuit,
1537 1432 1863 1487 efﬁcientes
1904 1431 2094 1502 ipsam

442 1528 807 1586 seductionis
840 1524 1181 1589 illecebras,
1209 1523 1387 1595 idque
1438 1529 1679 1595 agentes
1709 1526 1776 1576 ut
1801 1520 2094 1576 sermonis

441 1616 915 1691 persuasibilitas
934 1630 1113 1669 causa
1129 1614 1295 1667 ﬁeret
1316 1609 1731 1666 introducendi
1749 1610 1967 1665 erroris
1989 1625 2093 1680 per

2205 530 2493 605 ράνθησαν,
2545 535 2627 604 τῷ
2689 531 2767 604 μὴ
2805 527 3121 613 ,δυνηθῆναι
3181 532 3377 596 αὑτοὺς
3430 534 3617 608 εὑρεῖν
3648 534 3786 607 am?
3815 532 3871 589 ἐκ

2201 624 2311 674 τῶν
2339 619 2538 676 ἀλιέων
2599 621 2688 675 καὶ
2747 620 3119 696 ἀγραμμάτων
3169 626 3503 696 κεκήρυκται
3566 622 3665 677 καὶ
3710 624 3872 680 πεπί-

2206 731 2435 766 στευται.
2483 716 2606 773 Πῶς
2663 706 2722 766 δὲ
2777 710 3065 786 ἐμώρανες
3120 714 3388 780 τουτέστι,
3445 713 3652 787 μωρὰν
3715 714 3871 768 οὖσαν

2202 797 2418 875 ἤλεγξε,
2450 804 2528 871 τῷ
2560 801 2638 873 μή
2669 798 2894 875 ἰσχύσαι
2949 803 3125 878 εὑρεῖν
3185 802 3248 858 τὸ
3303 802 3524 872 ἀληθὲς.
3561 833 3644 848 -—
3668 801 3868 860 νΑλλο.

2205 890 2540 964 [ΘΕΟΔΩΡ.]
2574 890 2775 964 Σοφίαν
2800 889 2899 946 τοῖ’)
2928 892 3160 962 κόσμου,
3189 893 3289 961 τὴν
3313 890 3665 970 εὐγλωττίαν
3698 891 3866 948 καλεῖ.

2202 979 2293 1033 καί
2323 979 2423 1053 γὰρ
2481 977 2683 1049 ταύτης
2741 981 2990 1058 χορηγὸς
3020 980 3051 1037 ὅ
3081 982 3231 1043 Θεὸς.
3292 981 3467 1044 Αὐτὸς
3507 982 3627 1059 γὰρ
3661 980 3870 1044 καὶτὰς

2204 1066 2459 1145 γλώσσας
2517 1064 2711 1137 διεῖλε,
2766 1070 2855 1125 καὶ
2916 1071 3116 1145 ἑκαστῃ
3171 1074 3524 1146 χαρακτῆρας
3562 1069 3749 1132 ἲόίους
3777 1072 3871 1125 ἀπ-

2205 1158 2403 1230 ἐνειμε.
2438 1157 2543 1215 Καὶ
2572 1157 2641 1233 τῇ
2676 1156 2904 1217 Ἐλλάδι
2949 1161 3127 1215 τοίνυν
3161 1165 3335 1240 φωνῇ,
3369 1160 3533 1222 αὑτὸς
3568 1156 3755 1215 ἔδωκε
3781 1162 3872 1229 τήν

2205 1244 2590 1322 λαμπρότητα.
2647 1249 2715 1304 Ui.
2772 1246 2831 1303 δὲ
2882 1270 2945 1325 γε
2999 1250 3099 1305 οὑκ
3155 1250 3231 1314 εἷς
3286 1247 3405 1306 δέον
3445 1249 3629 1325 ταύτῃ
3666 1251 3876 1326 χρησᾶ-

2209 1355 2383 1408 μενοι,
2419 1332 2613 1409 δέλεαρ
2668 1334 2834 1406 αὐτὴν
2890 1344 2990 1407 τῆς
3044 1338 3257 1409 ἀπάτης
3313 1338 3623 1417 ἀπέφηναν.
3665 1339 3873 1394 καῗπιο

2206 1425 2372 1493 οανὴν
2402 1426 2498 1492 τήν
2540 1425 2876 1501 μυθολογίαν
2932 1434 3032 1497 τῆς
3074 1427 3290 1499 πλάνης
3336 1428 3698 1504 εἰργάσαντο.
3735 1432 3872 1485 Κατο

2204 1520 2397 1589 ηγορεῖ
2424 1514 2628 1586 τοίνυν,
2664 1516 2727 1571 ού
2781 1524 2883 1587 τῆς
2940 1516 3300 1594 εὐγλωττίας,
3333 1516 3482 1574 ἀλλὰ
3510 1524 3620 1588 τῆς
3656 1518 3710 1574 ἐν
3745 1518 3872 1591 αὐτῇ

2202 1623 2410 1677 κρυπτο
2420 1604 2554 1677 μὲνη
2566 1627 2591 1668 ς
2619 1602 3004 1681 ψευδολογίας.

437 1707 736 1764 fabulosas
749 1699 1767 1773 ratiocinationes.Redarguitigitur
1778 1715 1893 1753 non
1909 1694 2444 1769 eloquentiam,sed
2458 1712 2725 1769 eamquae
2737 1697 2799 1753 in
2812 1697 2940 1769 ipsa
2951 1704 3039 1754 est
3051 1698 3295 1756 fallendi
3309 1700 3875 1772 promptitudinem,

512 1797 754 1865 1,21—23.
781 1817 808 1840 ‹‹
833 1790 1325 1863 Quandoquidem
1369 1789 1527 1844 enim
1552 1788 1612 1843 in
1665 1788 1960 1861 sapientia
1988 1786 2089 1843 Dei
2120 1787 2168 1853 B

444 1910 472 1940 «
496 1904 616 1942 non
651 1883 922 1957 cognovit
942 1879 1200 1935 mundus
1232 1896 1337 1951 per
1358 1877 1711 1949 sapientiam
1726 1877 1933 1947 Deum,
1957 1877 2084 1949 pla-

444 1999 472 2028 ι(
498 1975 620 2031 cuit
641 1976 754 2028 Deo
778 1989 881 2043 per
904 1968 1215 2024 stultitiam
1231 1966 1667 2039 praedicationis
1686 1965 1876 2022 salvos
1892 1967 2088 2023 facere

447 2088 473 2115 «
498 2062 853 2125 credentes._
882 2058 1171 2122 Quoniam
1194 2061 1253 2110 et
1280 2055 1463 2110 Judaei
1490 2057 1655 2128 signa
1677 2056 2000 2127 postulant,
2034 2062 2093 2112 et

446 2176 473 2203 ‹‹
507 2150 689 2207 Graeci
713 2147 1067 2220 sapientiam
1090 2150 1385 2217 quierunt.
1420 2146 1534 2200 Nos
1583 2150 1780 2200 autem
1807 2146 2091 2216 prmdica-

447 2264 475 2296 ι(
507 2258 640 2299 mus
670 2239 969 2296 Christum
1003 2233 1559 2306 crucifixumﬂudaai
1583 2234 1822 2306 quidem
1844 2236 2091 2291 offendi-

447 2355 476 2385 «
516 2332 739 2401 culum,
764 2328 979 2386 Grmcis
1007 2345 1142 2383 vero
1166 2325 1501 2382 stultitiam.
1535 2348 1564 2377 »

515 2422 669 2478 4‘16
702 2442 729 2471 ι(
762 2422 826 2474 In
859 2418 1170 2490 sapientia.
1199 2439 1226 2465 ν
1288 2417 1425 2482 Qum
1483 2415 1760 2471 videlicet
1819 2415 1881 2471 in
1938 2433 2104 2474 crea-

446 2509 596 2566 turis
628 2506 1176 2577 relucebatnempe
1199 2504 1262 2559 in
1294 2503 1440 2559 coelo
1464 2509 1523 2559 et
1552 2503 1613 2558 in
1647 2505 2107 2570 terra.Quando-

447 2601 710 2673 quidem,
746 2598 960 2670 inquit,
996 2613 1112 2652 non
1145 2595 1416 2668 cognovit
1471 2593 1731 2649 mundus
1784 2595 1965 2649 Deum
1999 2613 2108 2669 per

448 2692 631 2749 talem
666 2691 854 2763 ipsius
887 2688 1244 2760 sapientiam
1276 2703 1406 2757 qum
1448 2685 1507 2740 in
1542 2686 1829 2741 creaturis
1868 2688 2103 2760 conspi.

450 2782 738 2849 ciebatur,
781 2778 1007 2850 placuit
1060 2778 1177 2831 Deo
1238 2791 1345 2846 per
1405 2789 1641 2830 crucem
1690 2773 1883 2830 salvos
1908 2775 2107 2832 facere

451 2887 552 2926 eos
585 2869 685 2940 qui
718 2866 1052 2933 crederent,
1072 2880 1203 2935 qum
1236 2861 1489 2917 stultitia
1509 2878 1637 2917 esse
1660 2861 1891 2918 videtur
1909 2864 2105 2921 incre-

451 2960 696 3026 dulis,et
721 2958 814 3012 his
847 2955 946 3028 qui
971 2958 1242 3026 pereunt.
1278 2952 1640 3024 Sapientiam
1671 2958 1869 3009 autem
1897 2953 2103 3026 appel-

452 3050 538 3106 lat
567 3049 894 3104 humanam
930 3061 1163 3117 quoque
1221 3041 1679 3115 intelligentiam
1714 3049 1771 3098 et
1818 3042 2099 3115 eloquen-

454 3140 618 3204 tiam,
648 3138 765 3194 sive
799 3138 989 3208 ipsam
1022 3132 1304 3189 doctrinae
1337 3133 1682 3188 suavitatem
1706 3137 1799 3187 :ut
1828 3132 2106 3189 ostendat

455 3231 639 3285 Deum
672 3226 890 3283 mentis
934 3241 1060 3279 esse
1106 3228 1431 3277 creatorem
1460 3226 1519 3277 et
1538 3221 1867 3293 prudentiae
1891 3238 1957 3278 ac
1979 3222 2101 3278 elo-

2271 1781 2493 1853 Ἐπειδὴ
2554 1784 2658 1861 γὰρ
2716 1782 2768 1839 ἐν
2827 1788 2897 1859 τῇ
2971 1787 3136 1865 σοφίᾳ
3209 1787 3309 1843 οὑκ
3362 1784 3505 1863 ἔγνω
3574 1790 3606 1843 ὁ
3672 1789 3877 1859 κόσμος

2194 1867 2284 1926 διὰ
2324 1879 2423 1942 τῆς
2482 1873 2633 1937 σοίας
2689 1875 2781 1930 τὸν
2841 1876 2990 1948 Θεὸν,
3050 1874 3338 1948 εὐδόκησεν
3371 1878 3573 1942 ὁΘεὸς
3605 1874 3703 1931 διὰ
3774 1883 3870 1946 τῆς

2201 1982 2413 2036 μωριας
2494 1968 2592 2020 τοῦ
2674 1964 3054 2043 κηρύγματος,
3136 1972 3305 2023 σῶσαι
3386 1966 3517 2032 τοὺς
3590 1966 3873 2023 πιστεύον-

2200 2072 2315 2113 τας.
2372 2051 2599 2124 Ἐπειδὴ
2664 2054 2755 2110 καὶ
2841 2052 3099 2113 Ἰουδαῖοι
3185 2063 3412 2130 σημεῖον
3471 2055 3724 2127 αἰτοῦσι,
3783 2057 3865 2110 καὶ

2200 2139 2471 2214 Ἓλληνες
2574 2144 2764 2225 σοφίαν
2857 2150 3130 2216 ζητοῦσιν,
3206 2149 3371 2221 ἡμεῖς
3446 2144 3507 2201 δὲ
3587 2144 3865 2221 κηρύσσο-

2207 2250 2301 2304 μεν
2436 2233 2670 2308 Χριστὸν
2802 2232 3235 2311 ἐσταυρωμένον,
3347 2233 3648 2300 Ἰουδαίοις
3768 2236 3860 2311 μὶν

2204 2318 2526 2393 σκάνδαλον,
2552 2322 2793 2395 Ἕλλησι
2825 2322 2883 2381 δὲ
2913 2326 3148 2402 μωρίαν.

2292 2432 2315 2461 ι
2348 2412 2435 2469 Ἐν
2462 2416 2531 2486 τῇ
2562 2413 2743 2493 σοφίᾳ.
2771 2439 2797 2466 η
2820 2418 2905 2490 Τῇ
2938 2412 3029 2471 διὰ
3054 2420 3162 2471 τῶν
3196 2417 3521 2489 κτισμάτων
3555 2416 3858 2493 φαινομένῃ

2214 2501 2326 2556 οἷον
2362 2503 2596 2577 οὐρανοῦ
2653 2504 2741 2559 καὶ
2796 2508 2920 2578 γῆς.
2980 2502 3228 2574 Ἐπειδὴ,
3289 2506 3455 2585 φησὶν
3516 2505 3621 2560 οὐκ
3678 2501 3865 2579 ἔγνωὸ

2212 2592 2420 2666 κόσμος
2450 2592 2541 2648 τὸν
2573 2592 2702 2649 Θεὸν
2753 2590 2844 2649 διὰ
2895 2601 2997 2664 τῆς
3051 2594 3317 2664 τοιαύτης
3348 2596 3519 2651 αὑτοῦ
3553 2595 3740 2673 σοφίας
3768 2599 3863 2660 τῆς

2213 2677 2653 2755 ἐνθεωρουμὲνης
2708 2687 2827 2746 τοῖς
2910 2684 3221 2758 κτίσμασιν,
3300 2681 3595 2755 εὐδόκησεν
3655 2686 3682 2738 ὁ
3738 2681 3859 2742 Θεὸς

2214 2766 2303 2824 διὰ
2351 2775 2448 2825 τοῦ
2495 2776 2727 2847 σταυροῦ
2760 2776 2929 2828 σῶσαι
2976 2774 3105 2837 τοὺς
3157 2773 3532 2845 πιστεύοντας,
3565 2775 3714 2834 ὅστις
3742 2794 3855 2844 μω-

2215 2858 2303 2932 ρία
2332 2865 2451 2921 τοῖς
2479 2859 2728 2925 ἀπίστοις
2779 2862 2872 2918 καὶ
2925 2859 3339 2937 ἀπολλυμένοις
3372 2866 3500 2918 εἶναι
3552 2861 3708 2915 δοκει.
3742 2865 3846 2937 £0-

2213 2949 2332 3025 φίαν
2368 2946 2445 3015 δὲ,
2502 2950 2593 3005 καὶ
2651 2951 2751 3021 τήν
2807 2950 3153 3025 ἀνθρωπίνην
3209 2953 3451 3027 ὀνομάζει
3503 2936 3830 3014 συνέσιν,καῖ

2211 3039 2311 3107 τὴν
2343 3036 2857 3115 εὐγλωττίαν,ἤτοι
2919 3041 3051 3097 αὐτὸ
3103 3044 3166 3097 τὸ
3222 3049 3326 3112 τῆς
3382 3040 3562 3110 λέξεως
3590 3036 3831 3113 ἀνθηρὸν,

2210 3128 2298 3184 ’ἱνα
2330 3126 2541 3204 διδάξῃ,
2602 3129 2685 3187 ὅτι
2741 3136 2838 3186 νοῦ
2900 3133 3140 3203 ποιητὴς
3185 3132 3215 3187 ὁ
3257 3134 3411 3202 Θεὸς,
3438 3128 3522 3186 καῖ
3552 3129 3844 3208 φρονήσεως

2218 3218 2462 3294 ’χορηγὸς
2518 3220 2608 3275 καὶ
2664 3219 3013 3297 εὐγλωττίας,
3075 3221 3118 3276 εί
3177 3223 3265 3276 καὶ
3320 3242 3463 3283 τινες
3509 3219 3694 3283 αὑτοῖς
3720 3216 3852 3294 ἐφ”ὰ

458 3283 715 3389 quentiae
746 3315 1085 3386 largitorem
1112 3329 1124 3366 :
1149 3326 1491 3382 quanquam
1524 3283 1795 3365 nonnulli
1826 3311 1915 3366 his
1941 3310 2014 3366 ad
2043 3328 2101 3366 ea

2441 3283 2766 3384 ἐχρήσαντο.
2831 3283 3061 3383 Μωρίαν
3104 3307 3163 3366 δὲ
3206 3315 3303 3365 τοῦ
3353 3311 3735 3385 κηρύγματος,
3758 3283 3851 3374 ’τῆν

461 3425 592 3479 quae
624 3422 745 3460 non
777 3407 1007 3474 oportet
1035 3400 1125 3455 usi
1158 3400 1626 3455 sint.Stultitiam
1659 3416 1795 3454 vero
1826 3399 2106 3471 praedica-

462 3495 642 3552 tionis
672 3493 817 3548 dicit
846 3489 1286 3561 simplicitatem
1318 3487 1666 3544 dictionum.
1702 3488 1887 3543 Divini
1920 3488 2105 3560 siqui-

465 3587 599 3643 dem
634 3579 907 3653 discipuli
941 3578 1136 3634 idiota)
1196 3584 1386 3644 erant,
1447 3575 1606 3648 quod
1650 3576 1724 3632 ad
1772 3594 2109 3634 sermonem

465 3675 695 3739 attinet,
721 3671 823 3727 sed
845 3668 1052 3726 divites
1074 3667 1340 3724 scientia.
1362 3691 1387 3715 ιι
1408 3668 1477 3721 Et
1495 3665 1678 3722 Judaei
1711 3666 1878 3740 signa
1907 3674 2109 3739 postu-

464 3765 611 3820 lant.
635 3782 662 3811 ››
692 3759 748 3814 Si
779 3757 1000 3823 Judmo,
1034 3756 1249 3827 inquit,
1282 3753 1606 3810 dixerimus
1634 3770 1648 3809 :
1680 3754 1892 3822 Crede,
1921 3756 2107 3828 proti-

465 3871 577 3909 nus
607 3850 775 3923 signa
796 3866 862 3904 ac
884 3846 1150 3920 prodigia
1170 3845 1294 3901 fieri
1314 3843 1660 3917 postulatad
1670 3844 2108 3916 praedicationis

456 3942 608 3999 conti
621 3939 993 3996 rmationem.
1027 3937 1142 3990 Nos
1172 3940 1370 3991 autem
1394 3934 1690 3989 Christum
1712 3934 2106 4007 praedicamus

456 4032 826 4097 cruciﬁxum,
870 4025 1028 4099 quod
1060 4043 1180 4081 non
1241 4024 1414 4080 modo
1460 4041 1583 4079 non
1650 4030 1741 4079 est
1797 4025 2106 4093 signorum

456 4117 1061 4188 demonstratio,quin
1093 4115 1291 4188 potius
1319 4113 1749 4170 imbecillitatis
1781 4120 1890 4181 est,
1924 4132 2109 4187 quan-

444 4220 570 4269 tum
611 4212 684 4268 ad
715 4211 774 4265 id
806 4207 965 4281 quod
996 4212 1257 4279 apparet.
1292 4208 1568 4261 Attamen
1600 4221 1737 4261 cum
1767 4205 1879 4261 hoc
1939 4205 2106 4262 infir-

441 4322 610 4362 mum
643 4301 932 4365 videatur,
965 4304 1022 4353 et
1050 4297 1143 4352 his
1193 4313 1324 4367 quae
1367 4296 1682 4366 requirunt
1711 4297 2101 4361 contrarium,

442 4394 822 4451 adducuntur
853 4387 1248 4445 nihilominus
1280 4385 1353 4440 ad
1388 4385 1590 4447 ﬁdem,
1623 4385 1782 4456 quod
1829 4402 2105 4459 magnam

442 4485 548 4540 Dei
584 4481 861 4538 ostendat
890 4475 1498 4551 potentiamﬂursum
1534 4473 1717 4528 Gra-ci
1751 4474 2102 4546 sapientiam

450 4572 678 4629 anobis
710 4569 1047 4641 requirunt,
1082 4565 1185 4621 sed
1226 4564 1347 4618 illis
1405 4580 1642 4634 quoque
1698 4580 1808 4619 nos
1866 4581 2101 4620 crucem

2215 3402 2324 3455 τῶν
2353 3397 2547 3471 λὲξεων
2581 3397 2867 3469 ἁπλότητά
2896 3420 3078 3479 φησιν.
3107 3397 3342 3457 Ἰδιῶται
3368 3400 3463 3472 μὶν
3488 3401 3591 3475 γὰρ
3617 3404 3693 3472 εῷ
3720 3396 3854 3469 λύγῳ

2216 3487 2350 3557 ἦσαν
2407 3488 2457 3542 οἱ
2517 3490 2790 3552 θεσπεσιοι
2851 3489 3108 3561 μαθηταὶ,
3164 3486 3420 3544 πλούσιοι
3455 3486 3512 3543 δὲ
3549 3492 3621 3562 τῇ
3657 3490 3855 3566 γνώσει.

2219 3600 2247 3630 (ι
2283 3576 2382 3631 Καὶ
2415 3573 2671 3633 Ἰουδαιοι
2692 3582 2924 3651 σημεῖον
2954 3576 3213 3634 αἰτοῦσιν.
3243 3600 3271 3632 ι
3309 3580 3454 3647 Ἐὰν,
3488 3577 3690 3653 φησὶν,
3720 3577 3863 3633 ε’ἰπω-

2221 3688 2314 3741 μεν
2352 3664 2623 3741 Ἰουδαίῳ,
2657 3668 2968 3737 Πίστευσον,
3000 3667 3157 3731 εὐθὺς
3189 3672 3390 3742 σημεῖα
3418 3668 3511 3723 καὶ
3536 3667 3742 3743 τέρατα
3762 3667 3865 3721 ἐπι-

2220 3762 2375 3829 ζητει
2455 3760 2720 3833 γενέσθαι,
2803 3759 2942 3835 πρὸς
3001 3757 3250 3814 σύστασιν
3307 3762 3404 3813 τοῦ
3489 3758 3863 3835 κηρύγματος.

2215 3840 2406 3920 Ἡμεις
2439 3844 2497 3905 δὲ
2542 3848 2773 3925 Χριστὸν
2828 3846 3172 3924 κηρύσσομεν
3230 3847 3679 3924 ἐσταυρωμένον.
3711 3849 3863 3921 Ὅπερ

2218 3940 2282 3994 οὑ
2317 3940 2482 4013 μόνον
2511 3940 2609 3996 οὑκ
2651 3938 2760 3997 ἔστι
2811 3940 3054 4015 σημείων
3104 3936 3380 4011 ἐπίδειξις,
3413 3938 3561 3995 ἀλλὰ
3591 3940 3695 3995 καὶ
3726 3940 3862 3995 ἀσθε-

2215 4029 2381 4101 νείας,
2412 4030 2536 4085 ὅσον
2564 4029 2702 4085 κατᾶ
2756 4031 2818 4086 τὸ
2876 4029 3222 4108 φαινόμενον,
3258 4029 3361 4086 Καὶ
3393 4029 3544 4103 ὅμως
3581 4029 3767 4102 τούτῳ
3794 4026 3862 4097 τῷ

2217 4114 2467 4173 δοκοῦντι
2525 4119 2729 4173 ἀσθενεῖ
2782 4117 2874 4173 καὶ
2933 4116 3155 4191 ἐναντίῳ
3201 4117 3278 4181 ὼς
3318 4118 3454 4192 πρὸς
3483 4116 3515 4171 ἃ
3546 4116 3859 4172 ἀπαιτοῦσιν

2215 4205 2492 4284 ἐνάγονται
2549 4208 2686 4281 πρὸς
2739 4210 2839 4277 τήν
2896 4207 3099 4279 πίστιν,
3155 4205 3288 4284 ὅπερ
3350 4206 3597 4282 μεγάλην
3634 4204 3857 4264 δείκνυσι

2213 4300 2310 4352 τοῦ
2359 4300 2493 4352 Θεοῦ
2543 4296 2643 4365 τήν
2697 4293 2948 4369 δύναμιν.
3002 4294 3174 4352 Πάλιν
3223 4295 3492 4368 Ἓλληνες
3540 4297 3743 4374 σοφίαν
3784 4300 3862 4364 ζη-

2214 4389 2365 4441 τοῦσι
2393 4387 2520 4461 παρ’
2549 4388 2735 4460 ἡμῶν,
2793 4385 2941 4441 ἀλλᾶ
2989 4384 3261 4452 κάκείνοις
3316 4389 3481 4459 ἠμεις
3510 4387 3602 4440 τὸν
3641 4383 3858 4456 σταυρὸν

2213 4473 2574 4549 κηρύσσομεν,
2606 4473 2761 4550 ὅπερ,
2820 4474 2955 4530 κατὰ
3001 4475 3063 4529 τὸ
3107 4475 3453 4552 φαινόμενον,
3490 4473 3712 4549 μωρίας
3743 4473 3856 4529 εἶναι

2216 4560 2383 4636 δοκεῖ,
2435 4565 2563 4620 Θεὸν
2612 4562 2904 4636 κηρύσσειν
2953 4563 3382 4639 ἐσταυρωμένον,
3414 4562 3562 4618 ἀλλὰ
3620 4566 3721 4619 καέ
3776 4560 3856 4617 οὕ-

443 4657 1031 4733 preedicamus,quod
1064 4656 1136 4711 ad
1169 4655 1227 4710 id
1254 4652 1411 4725 quod
1430 4653 1490 4707 in
1514 4659 1832 4725 prospectu
1854 4660 1943 4709 est
1964 4655 2101 4710 stul-

2213 4674 2321 4718 τως
2369 4653 2672 4714 πείθονται.
2723 4657 2864 4731 Ἀρα
2911 4656 2972 4710 οὑ
3026 4658 3192 4710 ταῦτα
3248 4654 3506 4732 μεγίστου
3582 4654 3851 4727 θαύματος

444 4752 591 4825 litim
625 4766 755 4805 esse
785 4749 1037 4814 videtur,
1066 4749 1250 4802 Deum
1308 4744 1584 4799 videlicet
1614 4744 1937 4816 praedicare
1971 4762 2106 4802 cru-

443 4841 815 4897 oiﬁxum:at
863 4838 974 4893 hoc
1033 4852 1267 4907 quoque
1322 4833 1499 4889 modo
1558 4832 1992 4905 persuadentur
2048 4841 2108 4891 et

440 4932 874 5002 obtemperant.
899 4928 1111 4981 Annon
1137 4927 1261 4980 ὴωο
1282 4924 1555 4979 maximm
1588 4929 1726 4980 sunt
1744 4922 2095 4981 admiratio-

442 5023 537 5080 nis
564 5038 631 5077 ac
664 5015 960 5085 miraculi,
994 5032 1095 5070 eos
1134 5032 1240 5087 per
1268 5015 1393 5069 haec
1420 5013 1765 5086 persuaderi
1795 5031 1928 5086 quae
1961 5032 2104 5071 con-

442 5111 625 5169 traria
655 5113 795 5165 sunt
825 5107 897 5161 iis
956 5121 1090 5175 quae
1138 5103 1509 5175 requirunt?
1558 5106 1670 5157 Aut
1725 5102 1835 5159 hoc
1868 5121 2103 5175 quoque

437 5203 619 5260 modo
653 5195 913 5268 intelligi
947 5198 1187 5267 potest:
1248 5192 1563 5258 Quoniam,
1646 5191 1859 5263 inquit,
1916 5194 2103 5249 Judaai

435 5295 602 5367 signa
629 5289 933 5365 postulant
990 5290 1048 5339 et
1105 5283 1287 5339 Graeci
1339 5282 1721 5354 sapientia'n,
1789 5283 2103 5339 inveniunt

432 5384 669 5454 utrique
693 5384 753 5436 in
796 5377 1029 5435 Christo
1064 5391 1132 5430 ea
1163 5390 1293 5445 qum
1352 5371 1685 5444 requirunt.
1739 5372 2045 5437 Quomodo
2080 5372 2104 5429 7

431 5472 737 5541 Siquidem
776 5465 1101 5523 incredulis
1131 5460 1793 5519 Judmisoﬂ'endiculum
1828 5464 2105 5525 est,Graa-

431 5560 635 5630 cisque
666 5559 727 5612 in
744 5556 1020 5614 ﬁdelibus
1052 5552 1293 5610 fatuitas
1325 5555 1591 5625 apparet.
1653 5552 1728 5606 At
1770 5550 1831 5605 hi
1864 5552 1969 5625 qui
2031 5568 2103 5609 ex

433 5651 582 5727 ipsis
612 5649 797 5706 vocati
826 5653 964 5703 sunt
1010 5652 1068 5703 et
1124 5647 1317 5714 electi,
1364 5646 1674 5703 inveniunt
1704 5661 1838 5704 eum
1899 5645 2097 5704 Patris

2218 4745 2280 4799 τὸ
2311 4743 2371 4799 ἐκ
2399 4749 2505 4800 τῶν
2557 4744 2805 4800 ἐναντίων
2864 4744 2940 4807 ὠς
2996 4745 3131 4819 πρὸς
3186 4743 3340 4799 αὑτοί
3398 4742 3727 4813 ἐπιζητοῦσι
3753 4738 3857 4798 πεί-

2216 4844 2401 4898 θεσθαι
2429 4832 2668 4903 αὑτούςς
2714 4834 2749 4904 ἢ
2801 4834 2890 4889 καὶ
2943 4833 3115 4896 οὕτως
3157 4834 3397 4905 νοητέον·
3431 4829 3678 4902 Ἐπειδὴ,
3719 4829 3853 4903 θησί,

2211 4923 2301 4979 καὶ
2345 4921 2601 4981 Ἰουδαῖοι
2661 4928 2859 4994 σηπεῖα
2919 4922 3239 4994 ἐπιζητοῦσι
3296 4923 3386 4978 καὶ
3446 4920 3727 4993 Ἕλληνες
3781 4939 3856 4975 σο·-

2214 5011 2357 5090 φίαν,
2426 5012 2763 5088 εὑρίσκουσιν
2829 5013 3130 5092 ἀμφότεροι
3207 5011 3240 5067 ἂ
3308 5017 3561 5084 ζητοῦσιν
3630 5012 3709 5075 εἷς
3772 5008 3852 5066 τὸν

2213 5104 2466 5180 Χριστόν.
2514 5109 2685 5173 Πῶςς
2738 5111 2870 5166 Τοῖς
2931 5104 3025 5178 μὶν
3099 5104 3203 5181 γὰρ
3252 5103 3503 5165 ἀπίστοις
3574 5100 3853 5160 Ἰουδαίοις

2214 5191 2514 5249 σκάνδαλύν
2566 5192 2700 5264 ἐστι,
2754 5192 2842 5249 καὶ
2898 5199 3016 5257 τοῖς
3071 5192 3328 5255 ἀπίστοις
3383 5189 3624 5263 Ἕλλησι
3685 5188 3851 5266 μωρία

2212 5280 2378 5338 δοκεῖ.
2431 5283 2497 5340 Οἳ
2546 5280 2603 5337 δὲ
2650 5304 2731 5358 γε,
2776 5282 2934 5361 φησὶ,
2985 5280 3184 5353 κλητοὶ
3233 5281 3324 5336 καὶ
3370 5280 3647 5337 ἐπίλεκτοι
3698 5281 3745 5353 ἐξ
3775 5276 3853 5333 αύ-

2209 5377 2337 5432 τῶν,
2370 5370 2704 5446 εὑρίσκουσιν
2757 5370 2915 5426 αὑτὸν
2974 5367 3105 5426 ὄντα
3157 5368 3385 5444 δύναμιν
3427 5370 3517 5425 καὶ
3550 5370 3738 5449 σοφίαν
3761 5368 3848 5421 τοῦ

2211 5461 2419 5537 Πατρός
2471 5461 2538 5518 Τί
2588 5461 2688 5536 γὰρ
2733 5458 2931 5536 λὲγεις,
2985 5459 3031 5515 ὦ
3084 5458 3355 5529 Ἰουδαῖε;
3416 5465 3631 5533 Σημεῖα
3677 5459 3849 5525 ἐπεζη-

2208 5556 2357 5623 τεῖςς
2410 5549 2551 5610 ἰδοὺ
2604 5552 2631 5607 ὁ
2687 5552 2946 5627 Χριστὸς,
2996 5554 3130 5608 Θεοῦ
3179 5547 3409 5625 δύναμίς
3460 5549 3603 5606 ἐστιν
3664 5552 3699 5621 ἡ
3752 5549 3847 5605 τῶν

2209 5643 2455 5718 σημείων
2488 5645 2773 5716 ποιητική.
2806 5643 2923 5704 Καὶ
2958 5646 3023 5699 σὺ
3070 5642 3122 5699 τί
3168 5641 3372 5721 λὲγεις,
3406 5641 3452 5696 ὦ
3478 5639 3696 5713 Ἕλλην
3722 5659 3737 5713 ;
3765 5656 3847 5692 σο-
