4106 6252
224 398 335 460 653
1241 404 1645 468 COMMENT.
1696 402 1771 463 IN
1818 401 1954 463 EPI;

2115 400 2139 461 Ι
2183 402 2291 463 AD
2335 404 2708 466 CORINTH.

236 533 348 594 τίαν
378 539 628 608 ζητεῖςς
664 540 856 614 Ἔχεις
908 537 1000 593 τὸν
1055 537 1312 614 Χριστὸν,
1371 535 1562 613 σοφίαν
1625 532 1753 592 ὄντα
1807 538 1906 592 τοῦ
1953 605 1954 614 φ

2068 554 2154 595 sse
2168 539 2495 610 potentiam
2512 537 3114 611 etsapienliam.Quid
3139 540 3298 596 enim
3316 542 3629 610 ais,Judaae
3650 544 3678 601 ?

242 625 477 702 Πατρός.
512 627 680 683 Ἑπεὶ
715 627 811 682 οῦν
845 632 1049 700 σημεῖα
1106 626 1196 682 καὶ
1246 626 1435 699 σοφίαν
1483 624 1909 699 ἐπιζητούμεθα,
1940 605 1954 664 ί

2068 598 2200 699 igua
2229 629 2527 699 requiris?
2583 598 2729 685 Ec‘ce
2787 598 3053 686 Christus
3110 634 3377 705 potentia
3411 598 3677 706 [estquae

250 716 598 792 κηρύσσομεν
631 716 729 772 τὸν
777 718 1009 793 Χριστὸν
1067 716 1351 795 ἀμφότερα
1415 711 1546 771 ὄντα
1593 720 1714 779 τοῖς
1771 712 1911 785 κλη-

2068 718 2195 790 lgna
2224 718 2365 773 edit.
2391 720 2473 774 Tu
2504 737 2637 775 vero
2690 720 2835 792 quid
2887 721 2994 791 ais,
3031 724 3227 779 (iraace
3256 723 3284 778 ?
3315 723 3678 796 Sapientiam

260 812 399 870 τοῖς.
432 803 651 869 Οῗτινες
710 807 803 862 καὶ
862 805 1199 880 εὑρίσκοντες
1253 805 1288 862 ἄ
1319 809 1564 877 ζητοῦσι,
1622 804 1915 862 πιστεύου-

2068 807 2291 863 ostulas
2322 807 2350 863 ?
2378 809 2571 865 Habes
2604 810 2925 880 Christum,
2975 811 3076 884 qui
3133 814 3325 868 Patris
3383 814 3678 886 sapientia

259 919 339 953 σιν
394 896 447 952 οί
480 894 539 951 δέ
585 917 651 972 γε
708 895 951 967 ἄπιστοι,
1009 892 1315 953 σκανδάλου
1371 896 1463 952 καὶ
1525 895 1737 971 μωρίας
1793 892 1915 965 ἃξια

2068 900 2136 951 st.
2170 896 2459 960 Quoniam
2495 899 2676 971 igitur
2724 900 2893 971 signa
2944 917 3013 956 ac
3069 902 3363 973 sapientia
3413 918 3448 959 a
3503 903 3677 961 nobis

252 986 321 1044 τὰ
350 985 764 1061 ἀξιοθαύμαστα
792 986 1098 1061 νομίζουσι.
1158 986 1262 1043 Καὶ
1309 985 1364 1042 τί
1419 984 1769 1060 θαυμαστόνς
1823 983 1914 1039 καὶ

2068 986 2435 1056 equiruntur,
2469 989 2862 1060 prwdicamus
2906 991 3225 1059 Christum,
3286 993 3387 1064 qui
3444 998 3676 1048 utrum-

251 1076 356 1154 γᾶρ
388 1076 417 1132 ὸ
453 1074 716 1147 αἷσθητὸς
772 1073 936 1146 ἥλιος
978 1075 1253 1138 σκοτεινὸς
1311 1079 1428 1139 τοῖς
1488 1068 1914 1148 ἀμϐλυώττουσι

2068 1090 2141 1130 ue
2173 1080 2265 1130 est
2294 1075 2387 1131 his
2419 1078 2521 1147 qui
2549 1078 2737 1134 vocati
2771 1084 2929 1148 sunt,
2973 1079 3073 1150 qui
3104 1097 3240 1135 cum
3272 1097 3340 1136 ea
3369 1081 3679 1137 inveniant

246 1166 348 1228 τὰς
408 1161 568 1240 ὄψεις
626 1165 840 1240 ὁρᾶται,
895 1188 925 1218 ‹‹
986 1163 1274 1229 Ἰουδαίοις
1332 1166 1426 1239 μὲν
1488 1160 1820 1222 σκάνδαλον.
1883 1185 1915 1215 ››

2068 1183 2157 1221 uae
2188 1169 2525 1239 requirunt,
2543 1171 2811 1227 credunt.
2829 1173 3125 1228 Increduli
3151 1190 3286 1229 vero
3320 1173 3678 1229 offendicula

252 1252 573 1311 Σκάνδαλον
637 1255 775 1310 εἶναι
835 1252 1030 1310 δοκοῦν
1117 1254 1253 1310 κατὰ
1308 1256 1409 1325 τήν
1474 1254 1700 1328 πρώτην
1765 1252 1913 1327 ὅψιν.

2068 1257 2395 1313 cfatuitate
2436 1258 2615 1332 digna
2668 1260 3013 1334 existimant
3076 1279 3207 1334 quas
3265 1263 3678 1319 vehementem

251 1344 348 1407 Τίς
413 1345 516 1419 γὰρ
572 1348 679 1399 τῶν
734 1332 975 1400 ἀπίστῶν
1043 1343 1149 1399 οὐκ
1211 1342 1272 1401 ἄν
1341 1340 1755 1413 σκανδαλισθείη
1824 1340 1916 1396 καὶ

2068 1354 2334 1404 Ierentur
2363 1351 2509 1405 4'21
2548 1332 3031 1408 admirationem.
3083 1332 3152 1409 Et
3208 1354 3350 1426 quid
3406 1352 3682 1411 mirum?

258 1433 579 1509 ἀπιστήσῃ;
617 1459 639 1486 α
676 1432 918 1505 Ἕλλησι
973 1430 1031 1488 δὶ
1085 1433 1311 1508 μωρίαν.
1350 1457 1378 1485 ››
1439 1433 1569 1490 Οἶον
1629 1431 1763 1486 εἶναι
1822 1427 1917 1486 δο-

2070 1453 2171 1491 um
2199 1437 2295 1493 hic
2326 1456 2561 1512 quoque
2585 1442 2886 1498 sensibilis
2899 1443 3286 1500 solobscurus
3304 1444 3569 1500 videatur
3585 1444 3679 1500 his

254 1528 438 1593 χοῦσι,
470 1523 596 1580 Θεὸν
629 1522 1036 1601 ἐσταυρωμένον
1065 1522 1451 1597 κηρύσσεσθαι.

2069 1527 2126 1582 ui
2159 1536 2404 1600 aspectu
2435 1532 2756 1587 caacutiunt
2784 1533 2812 1588 ‘I
2842 1554 2871 1584 «
2900 1533 3116 1590 Iudaeis
3149 1535 3388 1607 quidem
3425 1535 3679 1591 oiiendi-

252 1616 485 1673 culum.
520 1637 549 1665 »
582 1616 689 1681 Qui
720 1615 912 1687 primo
948 1620 1191 1687 aspectu
1216 1615 1448 1670 videtur
1473 1612 1920 1669 oﬂ‘endiculum.
1975 1616 2116 1680 Quis
2174 1618 2337 1675 enim
2398 1619 2844 1678 incredulorum
2902 1640 3021 1679 non
3080 1625 3481 1682 offenderetur
3504 1626 3532 1681 ‘I
3579 1631 3682 1683 aut

248 1708 388 1780 quis
423 1705 841 1762 inﬁdelitatem
872 1704 1286 1777 relinqueret?
1317 1725 1346 1755 ‹‹
1379 1703 1597 1759 Grmcis
1626 1719 1765 1758 vero
1797 1703 2132 1762 stultitiam.
2178 1729 2206 1758 ››
2237 1709 2748 1773 Quemadmodum
2780 1729 2909 1769 esse
2939 1713 3170 1770 videtur
3198 1716 3521 1788 prmdicare
3545 1733 3682 1773 cum

249 1812 384 1853 esse
427 1797 640 1857 Deum,
675 1794 777 1866 qui
807 1794 1128 1850 cruciﬁxus
1161 1799 1273 1850 est.

328 1881 538 1945 Αὖτοῖς
595 1879 653 1937 δὲ
706 1886 823 1944 τοῖς
878 1881 1108 1953 κλητοῖς
1168 1878 1455 1945 Ἰουδαίοις
1509 1902 1570 1936 τε
1629 1881 1717 1936 καὶ
1774 1879 1954 1957 Ἕλ-]

2092 1887 2139 1954 Ι,
2171 1890 2260 1954 24,
2287 1890 2378 1945 25.
2406 1912 2434 1940 α
2467 1891 2583 1947 Sed
2614 1892 2826 1948 iisdem
2856 1894 3076 1951 vocatis
3105 1894 3321 1952 Iudaeis
3365 1895 3588 1968 pariter
3610 1903 3668 1954 et

251 1971 416 2044 λησι,
487 1971 727 2046 Χριστὸν
793 1973 926 2026 Θεοῦ
994 1968 1224 2044 δύναμιν
1287 1971 1377 2027 καὶ
1474 1973 1608 2026 Θεοῦ
1697 1970 1909 2045 σοφίαν.

2073 1977 2616 2045 Graecis,Christum
2637 1982 2739 2036 Dei
2762 1985 3088 2054 potentiam
3105 2001 3170 2040 ac
3185 1984 3285 2041 Dei
3301 1986 3680 2058 sapientiam.

254 2066 384 2121 Ὅτι
439 2062 505 2117 τὸ
584 2060 770 2138 μωρὸν
845 2065 942 2116 τοῦ
1017 2062 1173 2132 Θεοῦ,
1249 2061 1564 2141 σοφώτερον
1636 2064 1743 2114 τῶν
1820 2059 1916 2114 ἀν-

2079 2067 2370 2131 Quoniam
2403 2070 2652 2125 stultum
2686 2072 2789 2126 Dei
2820 2073 3151 2144 sapientius
3183 2079 3271 2130 est
3293 2075 3637 2133 hominibus
3664 2093 3680 2133 :

3552 411 3672 474 654

255 2151 496 2229 θρώπων
528 2149 665 2222 ἐστὶ,
722 2150 816 2206 καὶ
872 2150 934 2205 τὸ
992 2149 1205 2214 amem:
1256 2155 1355 2206 τοῦ
1414 2153 1566 2220 Θεοῦ,
1630 2148 1916 2225 ἰσχυρότε-

257 2263 353 2319 ρον
386 2246 496 2297 τῶν
533 2240 835 2316 ἀνθρώπων
863 2238 1029 2296 ἐστίν.

336 2350 499 2407 Εἶναι
561 2349 656 2423 μὶν
722 2347 897 2417 δοκεῖ,
960 2350 1118 2426 φησί,
1186 2345 1484 2404 σκάνδαλον
1551 2350 1643 2405 καὶ
1715 2348 1919 2424 μωρία.

260 2439 420 2510 πλὴν
454 2439 638 2502 αὐτοῖς
678 2437 923 2511 τούτοις,
981 2438 1138 2517 φησὶ,
1199 2435 1405 2494 δοκεῖὸ
1436 2438 1673 2515 Χριστὸς
1720 2437 1811 2493 καὶ
1858 2435 1925 2491 τὰ

265 2529 438 2585 αὐτοῦ
497 2528 668 2599 πάθη,
728 2529 863 2584 εἶναι
921 2524 1149 2601 δύναμις
1207 2532 1341 2583 Θεοῦ
1386 2528 1478 2582 καὶ
1551 2528 1729 2608 σοφία.
1786 2529 1926 2601 Ἄρα

273 2620 342 2675 οὗ
375 2618 727 2693 θαυμαστόη
758 2642 788 2671 ι(
821 2618 1021 2681 Αὐτοῖς
1055 2615 1112 2673 δὲ
1139 2623 1256 2681 τοῖς
1311 2617 1562 2690 κλητοῖς,
1596 2641 1625 2671 ››
1672 2615 1928 2691 Κλητούς

281 2728 482 2787 φησιν,
550 2708 645 2770 οὓς
699 2708 726 2765 ὸ
776 2709 903 2772 Θεὸς
970 2707 1192 2763 ἐκάλεσε
1257 2704 1347 2763 διὰ
1404 2709 1470 2764 τὸ
1535 2706 1716 2779 ἀξίους
1773 2709 1928 2764 εἶναι.

289 2822 314 2851 ι
355 2797 478 2853 Ὀτι
509 2797 571 2853 τὸ
604 2798 778 2872 μωρὸν
806 2802 904 2854 τοῦ
965 2801 1119 2856 Θεοῦ.
1153 2820 1184 2850 ι)
1230 2800 1290 2854 Ὀ
1338 2797 1567 2871 σταυρὸς
1627 2797 1721 2871 μὲν
1782 2793 1935 2850 δοκεῖ

280 2887 506 2962 μωρὸν,
536 2885 684 2959 πλὴν
714 2887 1023 2969 σοφώτερον
1070 2892 1181 2942 τῶν
1239 2886 1539 2958 ἀνθρώπων
1584 2884 1715 2942 ἐστί.
1766 2890 1933 2956 Πῶς;

273 2978 330 3033 οἱ
376 2976 481 3050 μὲν
535 2975 639 3051 γὰρ
697 2977 854 3057 σοφοὶ
916 2977 1008 3032 καὶ
1061 2974 1358 3056 φιλόσοφοι
1417 2977 1542 3052 περὶ
1600 2975 1790 3055 ψυχρὰ
1845 2975 1936 3030 καὶ

279 3065 532 3137 ἀνόνητα
585 3064 1010 3146 ἠσχολήθησαν,
1070 3069 1098 3121 ὁ
1158 3063 1216 3120 δὲ
1281 3067 1507 3138 σταυρὸς
1572 3066 1663 3120 τὸν
1729 3064 1936 3138 κόσμον

284 3146 512 3211 ἴσωσεν.
543 3157 619 3212 Ἥ
649 3156 740 3211 καὶ
771 3154 969 3217 οὕτως.
1023 3155 1216 3213 Βούλει
1275 3159 1460 3227 μαθεῖν
1511 3154 1595 3210 ὅτι
1641 3154 1703 3211 τὸ
1755 3153 1938 3231 μωρὸν

2030 2176 2060 2207 ‹‹
2083 2156 2466 2215 etimbecille
2488 2161 2592 2216 Dei
2638 2160 2939 2219 robustius
2987 2171 3076 2221 est
3103 2166 3467 2223 hominibus.
3504 2188 3535 2219 »

2100 2342 2239 2394 Esse
2262 2340 2505 2411 quidem
2538 2340 2768 2398 videtur
2824 2345 3271 2416 offendiculum,
3332 2348 3548 2419 inquit,
3606 2364 3675 2404 ac

2031 2427 2271 2485 fatuitas
2297 2435 2591 2488 :attamen
2615 2430 2828 2489 iisdem
2848 2434 2995 2506 ipsis
3013 2442 3257 2507 apparet
3295 2438 3585 2504 Christus,
3619 2444 3677 2493 et

2035 2533 2106 2573 ea
2135 2534 2265 2588 qua;
2295 2535 2505 2591 passus
2537 2526 2644 2588 est,
2680 2539 2810 2578 esse
2840 2524 2943 2578 Dei
2970 2525 3238 2595 potentia
3263 2542 3329 2581 ac
3363 2525 3676 2597 sapientia.

2037 2609 2253 2663 Annon
2283 2608 2394 2664 hoc
2415 2609 2881 2668 admirandum?
2911 2633 2940 2665 (ί
2972 2613 3083 2669 Sed
3113 2614 3327 2670 iisdem
3376 2615 3617 2670 vocatis.
3652 2634 3683 2665 »

2040 2698 2287 2753 Vocatos
2319 2699 2582 2771 appellat
2606 2718 2706 2757 eos
2739 2719 2887 2774 quos
2944 2705 3100 2759 Deus
3148 2706 3390 2774 vocavit,
3429 2722 3497 2762 eo
3526 2704 3688 2777 quod

2042 2787 2205 2860 digni
2244 2797 2462 2847 essent.
2498 2813 2527 2843 ‹‹
2559 2793 2846 2858 Quoniam
2878 2795 3128 2851 stultum
3159 2797 3320 2851 Dei.»
3354 2798 3506 2852 Crux
3528 2797 3690 2852 enim

2044 2879 2293 2934 stultum
2329 2881 2613 2951 quiddam
2668 2883 2919 2951 videtur,
2980 2903 3184 2941 verum
3246 2887 3572 2958 sapientius
3605 2890 3695 2942 est

2048 2968 2408 3025 hominibus.
2443 2972 2748 3036 Quomodo
2771 2974 2798 3026 ‘I
2829 2973 3130 3045 Siquidem
3158 2975 3457 3046 sapientes
3479 2991 3546 3031 ac
3566 2975 3696 3046 phi-

2049 3056 2283 3128 los0phi
2316 3058 2474 3115 circa
2504 3060 2716 3130 frigida
2745 3077 2813 3117 ac
2842 3062 3148 3119 insensata
3194 3065 3465 3136 occupati
3499 3068 3691 3132 erant,

2052 3161 2194 3200 crux
2220 3153 2418 3203 autem
2450 3150 2739 3206 mundum
2767 3151 2991 3207 salvum
3021 3150 3180 3208 fecit.
3215 3156 3330 3208 Aut
3376 3153 3488 3209 hoc
3514 3154 3695 3208 etiam

290 3248 389 3301 τοῦ
457 3248 598 3301 Θεοῦ
676 3246 984 3323 σοφώτερον
1059 3249 1169 3300 τῶν
1244 3242 1540 3319 ἀνθρώπων
1642 3241 1777 3312 ἐστὶ,
1851 3242 1944 3297 καὶ

2068 3236 2251 3293 modo.
2286 3238 2382 3292 Vis
2405 3238 2632 3295 discere
2658 3241 2815 3311 quod
2846 3242 3094 3297 stultum
3122 3244 3216 3299 Uei
3250 3243 3577 3316 sapientius
3608 3245 3698 3297 est

295 3334 361 3387 τὸ
390 3332 594 3397 ἀσθενὲς
655 3333 1052 3410 ἰσχυρότερον;
1104 3334 1232 3390 Ἀπ’
1281 3332 1448 3403 αὐτῆς
1487 3331 1578 3388 καὶ
1638 3330 1808 3405 μόνης
1842 3339 1943 3402 τῆς

303 3419 564 3492 κλήσεως,
623 3422 755 3500 ῥᾷόν
810 3421 923 3478 ἐστι
979 3426 1140 3478 τοῦτο
1191 3428 1545 3491 κατανοῆσαι.
1605 3419 1785 3478 Βλέπε
1839 3420 1943 3497 γάρ

305 3531 417 3586 μοι.
449 3512 593 3591 Οὐχὶ
624 3510 833 3568 πολλοὶ
868 3513 1027 3585 σοφοὶ
1056 3510 1192 3582 ἦσαν
1225 3512 1324 3582 τὴν
1364 3509 1418 3566 ἐν
1466 3512 1660 3585 κόσμῳ
1710 3510 1900 3588 σοφίαν
1929 3530 1943 3580 ς

295 3601 438 3681 05χὶ
495 3601 702 3658 πολλοὶ
759 3601 977 3657 δυνατοὶ
1032 3603 1234 3672 ταύτην
1288 3603 1387 3671 τὴν
1456 3598 1733 3675 δύναμινς
1802 3596 1947 3676 Οὐχὶ

288 3689 500 3747 πολλοὶ
530 3691 766 3767 εὐγενεῖς
818 3692 920 3763 τὴν
979 3690 1257 3747 ἐπίκαισον
1315 3689 1623 3767 εὐγένειανς
1681 3690 1750 3747 Τί
1804 3690 1946 3744 οῦνί

288 3783 381 3852 Μὴ
413 3781 650 3846 τούτους
694 3781 991 3853 ἐποιήσατο
1050 3781 1079 3836 ὁ
1136 3780 1373 3857 Χριστὸς
1426 3780 1617 3836 ἐαυτοῦ
1680 3779 1948 3855 μαθητὰς,

287 3871 383 3927 καὶ
436 3869 508 3926 δι’
567 3870 744 3927 αὖτῶν
802 3869 1071 3942 ἐκλήθητε
1129 3869 1335 3944 ὑμεῖς;
1396 3867 1689 3943 Οὐδαμῶς.
1773 3866 1951 3926 Ἀλλὰ

289 3960 636 4019 τουναντίον.
697 3958 868 4018 Ἀλλὰ
924 3959 988 4016 τὰ
1049 3960 1209 4036 μωρᾶ
1262 3960 1399 4014 κατὰ
1453 3959 1686 4033 κόσμον,
1742 3959 1831 4013 καὶ
1888 3960 1955 4014 τὰ

294 4053 496 4122 ἀσθενῆ
548 4051 642 4107 καὶ
698 4052 763 4106 τὰ
823 4050 1010 4129 ἀγενῆ,
1060 4049 1151 4105 καὶ
1208 4049 1277 4104 τὰ
1333 4047 1723 4121 ἐξουθενημένα
1779 4049 1955 4119 ἐξελέ-

295 4144 449 4214 ξατο,
526 4140 843 4218 ἀνθρώπους
919 4138 1117 4211 ἁλιεῖς,
1192 4139 1450 4210 πένητας,
1529 4138 1953 4214 ἀγραμμάτους.

298 4234 405 4289 Καὶ
440 4229 517 4287 δι’
547 4230 724 4287 αὐτῶν
755 4229 1058 4302 ἐποιήσατο
1111 4230 1211 4300 τὴν
1263 4226 1461 4298 κλῆσιν
1513 4228 1664 4302 ὑμῶν
1714 4227 1954 4300 πάντων,

299 4322 393 4377 καὶ
423 4325 610 4402 σοφῶν
637 4320 730 4377 καὶ
762 4318 1019 4393 ἰδιωτῶν,
1067 4317 1160 4375 καὶ
1221 4319 1467 4389 πενήτων
1513 4316 1604 4373 καὶ
1650 4315 1957 4389 πλουσίων,

296 4413 389 4468 καὶ
422 4411 664 4467 ἀσθενῶν
709 4411 796 4467 καὶ
849 4410 1116 4487 ἰσχυρῶν,
1174 4408 1265 4464 καὶ
1320 4407 1634 4487 κατῄσχυνε
1690 4406 1820 4470 τούς
1872 4407 1958 4462 εὗ-

298 4506 482 4579 γενεῖς
529 4501 624 4557 καὶ
692 4499 955 4579 ἰσχυροὺς
1010 4499 1103 4555 καὶ
1152 4496 1373 4575 σοφούς.
1430 4498 1557 4556 ’Ὀτι
1616 4495 1749 4572 ὅπερ
1806 4497 1961 4552 αὐτοὶ

301 4591 409 4647 οῦκ
448 4589 512 4646 ἄν
566 4588 695 4646 οὐδὲ
760 4589 1109 4665 ἰπιχειρῆσαι
1166 4585 1500 4660 ἐτόλμησαν,
1556 4586 1768 4659 κόσμον
1828 4584 1962 4640 ὅλον

305 4687 669 4756 μεταστῆσαι,
722 4683 884 4737 τοῦτο
944 4678 1012 4734 τὰ
1069 4677 1263 4747 ἀσθενῆ
1320 4677 1411 4732 καὶ
1466 4676 1536 4731 τὰ
1593 4677 1752 4750 μωρὰ
1807 4696 1961 4750 περι-

305 4775 498 4849 φανῶς
559 4768 979 4846 κατεπράξαντο.
1039 4767 1163 4843 Ἀρ’
1243 4765 1307 4821 οὐ
1388 4765 1840 4841 κατῃσχύνθησαν
1920 4766 1973 4820 οἱ

305 4858 610 4922 δοκοῦντες
639 4859 773 4915 εἶναι
803 4857 965 4937 σοφοὶ
1012 4856 1105 4913 καὶ
1156 4853 1375 4912 δυνατοί
1400 4875 1415 4926 ;
1463 4856 1589 4928 ⁷Αρ²
1643 4854 1770 4934 οὐχὶ
1823 4853 1973 4930 ἐναρ-

319 4953 446 5028 γῶς
507 4946 900 5020 ἀποδέδεικται,
958 4946 1042 5006 ὅτι
1098 4947 1161 5003 τὸ
1225 4945 1410 5021 μωρὸν
1466 4945 1556 5000 καὶ
1613 4943 1825 5007 ἀσθενὲς
1882 4949 1976 5000 τοῦ

321 5042 491 5112 Θεοῦ,
551 5042 854 5119 σοφώτερον
912 5039 1004 5095 καὶ
1063 5038 1419 5114 ἰσχυρότερον
1503 5039 1611 5090 τῶν
1683 5034 1978 5109 ἀνθρώπων

310 5129 438 5186 ἐστί
495 5148 510 5202 ;
574 5130 673 5186 Καὶ
726 5130 830 5206 γὰρ
891 5127 1097 5206 μυρίων
1180 5123 1609 5202 ἐπιχειρούντων
1677 5120 1864 5180 σϐέσαι
1918 5125 1979 5180 τὸ

307 5218 499 5295 ὄνομα
528 5224 630 5275 τοῦ
660 5220 920 5295 Χριστοῦ,
952 5216 1013 5273 οὗ
1049 5216 1213 5292 μόνον
1246 5216 1347 5271 οὐκ
1394 5208 1646 5285 ἐσϐέσθη,
1698 5212 1844 5269 ἀλλὰ
1889 5214 1980 5269 καὶ

311 5308 489 5367 πλέον
522 5308 698 5379 ἀνθεῖ,
728 5305 935 5363 διὰτοῦ
991 5307 1247 5372 ἀσθενοῦς
1300 5304 1433 5359 εἶναι
1492 5299 1781 5364 δοκοῦντος
1820 5324 1980 5359 σταυ-

316 5404 443 5477 ροῦ,
492 5397 628 5461 τοὺς
683 5397 954 5475 ἰσχυροὺς
1002 5392 1457 5472 τροπωσαμὲνου.
1518 5424 1590 5436 -ι
1643 5390 1847 5451 ’¹Αλλο.
1908 5391 1983 5451 Οὐ

324 5490 499 5565 μόνον
528 5489 618 5545 ὅτι
642 5493 791 5544 πᾶσα
833 5487 1146 5565 ἀνθρωπίνη
1202 5483 1417 5542 διάνοια
1473 5480 1651 5553 πλάνη
1709 5502 1814 5553 τις,
1867 5504 1986 5558 κρι-

322 5581 534 5654 νομένη
596 5579 740 5655 πρὸς
794 5578 860 5635 τὸ
919 5577 1173 5653 σταθερὸν
1230 5574 1322 5632 καὶ
1381 5572 1610 5649 μόνιμον
1668 5575 1774 5627 τῶν
1825 5573 1984 5630 θείων

307 5668 810 5728 καὶτελειοτάτων
840 5669 1108 5740 νοήσεων,
1136 5662 1263 5721 ἀλλ’
1319 5661 1402 5720 ὅτι
1450 5661 1545 5718 καὶ
1594 5658 1823 5733 σύνηθὲς
1873 5662 1985 5719 ἐστι

305 5765 432 5829 τοῖς
489 5757 786 5839 θεολόγοις
871 5755 1346 5819 ἁντιπεπονθότως
1401 5751 1491 5810 ἰπὶ
1549 5754 1690 5808 Θεοῦ
1757 5752 1827 5808 τὰ
1886 5759 1986 5829 τῆς

2056 3325 2793 3397 hominibus,etimbecille
2807 3332 3227 3389 robustius?Ab
3241 3332 3370 3406 ipsa
3384 3335 3560 3390 etiam
3575 3332 3703 3389 sola

2053 3417 2358 3473 vocatione
2380 3418 2555 3475 facile
2600 3426 2691 3475 est
2719 3420 2831 3478 hoc
2859 3423 3212 3497 intelligere.
3242 3425 3479 3480 Intuere
3515 3424 3699 3491 enim,

2056 3506 2322 3575 obsecro,
2356 3525 2555 3565 nonne
2613 3512 2786 3566 multi
2835 3512 3136 3585 sapientes
3176 3519 3345 3571 erant
3401 3514 3707 3571 mundana

2059 3596 2351 3668 sapientia
2396 3598 2666 3656 ‘INonne
2733 3603 2906 3657 multi
2990 3609 3265 3676 potentes
3346 3609 3516 3659 erant
3596 3605 3707 3660 hac

2058 3686 2371 3757 potentia?
2399 3690 2603 3743 Nonne
2636 3690 2808 3745 multi
2840 3693 3111 3763 generosi
3166 3698 3336 3747 erant
3391 3691 3710 3763 temporali

2059 3776 2454 3848 generositate
2476 3777 2503 3831 ‘?
2533 3778 2683 3844 Quid
2714 3796 2850 3852 ergo
2872 3781 2899 3836 ?
2919 3783 3069 3836 Num
3099 3782 3207 3837 hos
3258 3781 3399 3836 fecit
3441 3781 3707 3838 Christus

2062 3882 2200 3920 suos
2231 3865 2575 3936 discipulos,
2609 3874 2667 3922 et
2708 3885 2817 3939 per
2844 3869 3004 3940 ipsos
3036 3871 3214 3942 elegit
3268 3887 3367 3925 vos
3396 3870 3424 3925 ‘I
3478 3872 3711 3941 Nequa-

2064 3954 2375 4025 quam,sed
2408 3971 2437 4009 e
2469 3954 2848 4012 diverso.lmo
2880 3976 3011 4030 quae
3025 3960 3199 4031 juxta
3218 3959 3508 4015 mundum
3528 3960 3712 4016 stulta

2065 4050 2233 4100 erant
2246 4049 2304 4099 et
2319 4044 2641 4103 imbecillia
2654 4063 2721 4103 ac
2733 4048 3019 4120 ignobilia
3038 4056 3496 4123 contemptaque
3515 4051 3712 4124 elegit:

2067 4152 2282 4206 nempe
2300 4136 2572 4192 homines
2592 4136 2918 4209 piscatores
2946 4156 3239 4212 pauperes
3283 4157 3351 4196 ac
3373 4141 3715 4197 illitteratos

2070 4229 2127 4280 et
2150 4241 2256 4297 per
2284 4224 2421 4282 illos
2441 4226 2809 4284 vocationem
2832 4230 3028 4285 effecit
3050 4231 3320 4286 omnium
3344 4236 3623 4299 vestrum,
3654 4237 3713 4286 et

2071 4315 2429 4387 sapientium
2451 4317 2954 4391 etinsipientium,
2970 4321 3716 4393 etpauperum,etdivitum

2071 4409 2131 4459 et
2150 4405 2537 4462 imbecillium
2567 4413 2622 4463 et
2643 4408 3046 4477 robustorum,
3079 4416 3138 4466 et
3156 4410 3459 4483 pudefecit
3488 4411 3718 4466 nobiles

2072 4495 2349 4551 robustos
2372 4514 2438 4552 ac
2456 4498 3225 4570 sapientes.Quodenimilli
3262 4505 3487 4557 tentare
3501 4516 3729 4573 nequa-

2077 4602 2255 4656 quam
2278 4587 2405 4641 ausi
2421 4592 2580 4649 sunt,
2615 4605 2829 4661 nempe
2866 4590 3153 4645 mundum
3185 4589 3530 4650 universum
3546 4596 3732 4647 trans-

2074 4678 2757 4743 mutare,hocirnbecillia
2774 4680 3024 4736 etstulta
3036 4681 3334 4737 manifeste
3355 4688 3735 4757 peregerunt-

2084 4776 2296 4825 Annon
2328 4784 2397 4822 ex
2428 4784 2496 4823 eo
2536 4768 2833 4839 pudefacti
2888 4777 3028 4826 sunt
3085 4771 3187 4843 qui
3247 4771 3544 4844 sapientes
3604 4789 3734 4830 esse

2083 4856 2437 4914 videbantur
2464 4873 2531 4911 ac
2557 4861 2828 4929 potentes
2846 4857 3098 4915 ?Annon
3128 4866 3328 4932 aperte
3362 4861 3738 4918 demonstra-

2086 4953 2213 5004 tum
2236 4946 2498 5018 estquod
2521 4948 2769 5003 stultum
2791 4966 2859 5005 ac
2890 4950 3188 5006 imbecille
3210 4953 3314 5007 Dei
3330 4952 3655 5025 sapientius
3670 4968 3738 5007 ac

2088 5036 2389 5092 robustius
2422 5035 2499 5090 sit
2542 5036 2936 5095 hominibus?
2983 5040 3136 5096 428
3182 5041 3415 5096 Etenim
3448 5057 3583 5096 cum
3642 5040 3736 5093 in-

2088 5127 2323 5184 numeri
2356 5130 2686 5182 tentassent
2717 5129 2933 5185 Christi
2963 5148 3184 5187 nomen
3215 5132 3740 5203 exstinguere,non

2090 5217 2258 5275 modo
2290 5232 2411 5271 non
2439 5216 2797 5274 exstinctum
2822 5221 3042 5289 est,sed
3070 5227 3127 5277 et
3157 5221 3328 5278 ﬂoret
3353 5220 3610 5292 amplius
3634 5236 3742 5292 per

2093 5321 2349 5368 crucem,
2384 5321 2514 5375 quae
2546 5323 2682 5362 cum
2714 5307 3095 5364 imbecillitas
3128 5326 3257 5364 esse
3286 5308 3611 5374 videretur,
3644 5326 3742 5364 ro-

2093 5400 2297 5456 bustos
2330 5397 2565 5453 devicit.
2597 5400 2872 5456 —Aliud.
2932 5403 3060 5456 Non
3114 5400 3311 5457 solum
3368 5399 3510 5473 quia
3550 5400 3748 5458 omnis

2094 5492 2357 5546 humana
2384 5487 2784 5562 intelligentia
2816 5507 2982 5546 error
3020 5491 3261 5562 quidam
3290 5497 3399 5559 est,
3435 5492 3484 5548 si
3542 5492 3615 5549 ad
3648 5493 3755 5548 {iro

2094 5580 2364 5636 mitatem
2388 5595 2454 5634 ac
2486 5578 2969 5636 immobilitatem
2993 5579 3326 5637 divinarum
3361 5586 3419 5637 et
3437 5581 3752 5654 perfectis-

2098 5669 2388 5726 simarum
2419 5667 2957 5744 intelligentiarum
3017 5670 3399 5741 conferatur;
3462 5670 3566 5727 sed
3596 5668 3791 5755 quod.

2099 5760 2278 5821 etiam
2308 5760 2602 5821 familiare
2633 5761 2711 5822 sit
2734 5759 3025 5836 theologis
3054 5760 3130 5821 ad
3168 5761 3527 5821 obviandum
3552 5760 3760 5818 huma-
