4106 6252
421 341 543 403 655

1546 336 1961 400 (ΕΟΗΜΕΝΙΙ
2006 335 2309 398 ΤΙὶΙΟΟιΕ
2360 335 2709 403 EPISCOPI

3706 346 3851 407 656

422 478 518 533 nis
540 473 869 537 affectibus,
902 472 975 528 de
1034 475 1151 530 Deo
1200 491 1306 545 per
1336 475 1616 545 privativa
1648 474 1834 530 effari.
1873 472 1966 528 Sic
2017 482 2059 529 e1

2187 475 2490 547 στερήσεως
2567 476 2925 554 ἀποφάσκειν.
3000 479 3161 535 Οὕτω
3216 479 3308 534 καὶ
3360 479 3613 557 ἀόρατον,
3671 466 3847 560 φησὶ,

425 566 665 622 oracula
694 565 901 619 dicunt
931 563 1632 635 invisibilelumen,quod
1659 570 1855 619 tamen
1877 563 2080 618 omnia

424 656 721 711 illustrat:
757 661 815 709 et
838 653 1205 709 multimodis
1255 653 1560 710 laudatum
1591 659 1769 725 atque
1802 653 2081 709 nomina-

424 753 570 808 tum,
606 744 971 800 ineffabilem
1030 743 1256 808 dicunt,
1315 745 1680 815 nomineque
1738 759 1986 809 carere;
2021 745 2081 797 et

425 852 561 893 eum
593 835 693 906 qui
724 834 1005 889 omnibus
1025 850 1286 905 praesens
1313 840 1488 898 est,et
1521 851 1590 889 ex
1606 833 1883 889 omnibus
1900 831 2077 886 rebus

425 926 739 992 invenitur,
799 923 1464 994 incomprehensibilem
1523 923 1843 996 appellant,
1887 927 1947 976 et
1974 918 2077 990 qui

425 1013 763 1085 investigari
796 1029 916 1067 non
947 1012 1153 1083 possit.

495 1106 761 1172 l,26-29.«
771 1102 992 1157 Videtis
1006 1102 1164 1157 enim
1181 1103 1546 1158 vocationem
1561 1100 2074 1171 vestram,fratres,

428 1220 448 1247 ι
472 1195 630 1268 quod
645 1210 762 1249 non
783 1192 952 1248 multi
975 1193 1274 1264 sapientes
1307 1192 1637 1248 secundum
1658 1208 1920 1259 carnem,
1954 1206 2076 1245 non

425 1285 627 1340 «multi
650 1288 917 1355 potentes
935 1299 1071 1336 :non
1088 1282 1258 1336 multi
1277 1281 1735 1349 nobiles,verum
1752 1298 1882 1353 quas
1895 1280 2077 1335 stulta

422 1398 448 1425 ‹‹
467 1374 793 1430 secundum
811 1371 1101 1427 mundum
1119 1376 1288 1426 erant
1305 1370 1524 1443 delegit
1538 1372 1710 1436 Deus,
1744 1375 1809 1424 ut
1826 1369 2072 1442 pudefa-

422 1486 449 1515 α
481 1468 641 1522 ceret
669 1463 967 1536 sapientes
998 1478 1009 1515 :
1039 1467 1096 1515 et
1118 1478 1248 1532 qum
1272 1459 1598 1517 secundum
1626 1458 1913 1516 mundum
1960 1458 2076 1513 im-

422 1579 446 1607 ‹‹
467 1556 704 1613 becillia
730 1559 901 1613 erant
934 1552 1151 1625 delegit
1169 1553 1417 1619 Deus,ut
1448 1570 1517 1609 ea
1543 1552 2073 1625 pudefaceretqum

421 1668 448 1695 ‹‹
481 1646 724 1702 robusta
755 1648 894 1700 sunt
927 1660 940 1697 :
974 1648 1033 1699 et
1062 1660 1191 1714 qua:
1219 1642 1550 1698 secundum
1591 1641 1880 1697 mundum
1903 1640 2072 1713 igno-

425 1761 453 1789 ‹‹
484 1737 629 1794 bilia
650 1741 820 1792 erant
851 1740 908 1791 et
938 1737 1280 1805 contempta
1309 1733 1529 1805 delegit
1561 1733 1734 1800 Deus,
1754 1738 1813 1787 et
1843 1748 1911 1787 ea
1941 1747 2075 1802 qum

421 1850 447 1882 α
483 1846 604 1884 non
638 1830 900 1893 erant,ut
930 1840 998 1880 ea
1027 1840 1157 1895 quae
1191 1828 1331 1879 sunt
1355 1823 1719 1889 obscuraret,
1754 1838 1828 1877 ne
1850 1821 2069 1894 gloria-
2099 1865 2147 1931 Β

423 1942 450 1969 α
483 1924 647 1974 retur
676 1916 801 1971 ulla
829 1930 964 1970 caro
999 1929 1197 1969 coram
1226 1912 1375 1984 ipso.
1399 1932 1427 1964 ι

492 2006 895 2070 Considerate,
929 2001 1141 2074 inquit,
1175 2008 1235 2058 et
1288 2002 1577 2057 attendite
1628 2007 1849 2073 quanta
1879 2006 2073 2072 potest

417 2096 665 2164 vocatio,
698 2110 828 2165 qua:
861 2092 1056 2147 effecit
1104 2097 1169 2146 ut
1198 2090 1396 2146 idiotas
1455 2091 1599 2145 adeo
1659 2089 1951 2162 sapientia
1981 2088 2070 2144 di-

418 2191 654 2243 scerent
684 2184 975 2257 dogmata.
1013 2204 1039 2232 «
1074 2179 1237 2247 Quod
1273 2197 1392 2236 non
1423 2179 1596 2235 multi
1621 2180 1979 2250 sapientes.»
2004 2178 2071 2234 In

415 2278 568 2331 hanc
600 2274 965 2330 vocationem
1000 2277 1052 2326 et
1087 2272 1266 2325 ﬁnem
1299 2286 1417 2325 non
1452 2275 1742 2325 venerunt
1778 2269 1948 2325 multi
1965 2286 2068 2324 sa-

415 2367 669 2439 pientes.
721 2362 1117 2418 Additautem
1154 2359 1348 2426 multi,
1382 2360 1523 2432 quia
1553 2358 1831 2416 nonnulli
1889 2360 2069 2415 etiam

414 2456 713 2527 sapientes
744 2452 1141 2517 crediderant,
1176 2456 1241 2505 ut
1278 2451 1652 2523 Areopagita,
1696 2450 2069 2522 Anthypatus

414 2564 482 2604 ac
513 2546 614 2601 alii
632 2562 645 2598 :
666 2549 725 2600 et
746 2543 818 2599 ob
834 2543 986 2598 hanc
1001 2558 1242 2597 causam
1263 2540 1482 2612 ubique
1502 2540 1768 2595 additur:
1786 2563 1812 2589 ‹‹
1843 2540 2003 2594 Multi
2016 2557 2061 2605 ,ο

418 2637 558 2708 quia
580 2640 752 2692 erant
773 2639 831 2689 et
861 2632 1105 2704 quidam
1137 2636 1409 2703 potentes
1440 2648 1507 2686 ac
1540 2631 1821 2701 praeclaro
1852 2645 2066 2702 genere

417 2727 529 2781 orti
565 2725 666 2797 qui
697 2723 1091 2779 crediderant.
1133 2742 1152 2770 ι
1184 2720 1521 2776 Secundum
1549 2736 1812 2775 carnem.
1840 2741 1865 2767 ››
1896 2721 2068 2774 Juxta

418 2815 478 2870 id
510 2814 667 2886 quod
702 2816 967 2884 apparet,
1002 2809 1330 2866 secundum
1380 2814 1737 2881 prmsentem
1777 2809 1952 2863 vitam
2007 2812 2067 2862 et

415 2909 724 2959 externam
740 2898 1237 2956 eruditionem.Hi
1259 2898 1420 2953 enim
1442 2898 1696 2953 maxime
1719 2896 1884 2953 stulti
1901 2902 2061 2968 sunt,

412 2994 516 3067 qui
549 2992 659 3048 sibi
688 2990 833 3063 ipsis
864 2987 1470 3061 persuaseruntquod
1503 2992 1701 3043 essent
1723 2988 2021 3059 sapientes
2047 3004 2060 3042 :

407 3084 662 3156 ideoque
684 3079 1027 3136 difﬁcillimi
1059 3083 1199 3134 sunt
1257 3094 1291 3134 a
1342 3077 1464 3133 suis
1523 3076 1695 3133 avelli
1747 3077 2058 3148 dogmatis.

406 3194 434 3223 ι(
468 3174 597 3227 Non
626 3168 799 3225 multi
831 3172 1125 3240 potentes.
1153 3188 1181 3215 »
1204 3164 1508 3236 Siquidem
1532 3168 1803 3237 potentes
1821 3181 1885 3219 ac
1906 3181 2054 3235 prte-

2179 564 2247 617 τὰ
2277 561 2439 640 λόγια
2494 567 2558 621 τὸ
2618 568 2868 645 παμφαὲς
2927 573 3062 647 φῶς,
3120 568 3211 624 καὶ
3265 569 3358 624 τὸν
3422 568 3849 643 τολυύμνητον,

2181 652 2272 707 καὶ
2338 656 2730 730 πολυώνυμον,
2787 656 3028 733 ἆρῥητον
3084 658 3174 713 καὶ
3231 658 3530 731 ὅνώνυμον,
3593 662 3679 715 καὶ
3745 660 3847 717 τὸν

2182 748 2313 797 πᾶσι
2346 746 2587 820 παρόντα
2633 748 2724 801 καὶ
2782 745 2843 802 έκ
2893 746 3104 803 πάντων
3157 749 3571 825 εὑρισκόμενον,
3631 751 3851 806 ἀκατά-

2182 827 2391 903 ληπτον
2426 836 2512 888 καὶ
2544 834 2970 916 ἀνεξιχνίαστον.

2254 937 2490 996 Βλέπετε
2514 941 2612 1015 γὰρ
2664 944 2765 1013 τήν
2820 941 3022 1014 κλῆσιν
3083 943 3262 1017 ὑμῶν,
3318 942 3570 1023 ἀδελφοὶ,
3626 948 3722 1002 ’ὁτι
3785 946 3848 1003 οὐ

2178 1025 2384 1083 πολλοὶ
2455 1030 2612 1111 σοφοὶ
2679 1031 2818 1088 κατᾶ
2883 1035 3073 1106 σάρκα,
3163 1033 3225 1089 οὐ
3315 1032 3519 1091 πολλοὶ
3591 1032 3850 1109 δυνατοὶ,

2180 1114 2241 1170 οὐ
2305 1114 2514 1173 πολλοὶ
2575 1119 2831 1195 εὐγενεῖς,
2917 1119 3064 1178 ἀλλὰ
3116 1124 3186 1178 τὰ
3246 1124 3403 1199 μωρὰ
3451 1127 3550 1180 τοῦ
3621 1124 3852 1197 κόσμου

2179 1203 2454 1278 ἐξελέξατο
2515 1208 2543 1263 ὁ
2604 1210 2756 1280 Θεὸς,
2814 1208 2905 1266 ’ίνα
2971 1211 3309 1288 καταισχύνῃ
3394 1213 3523 1277 τοὺς
3609 1215 3851 1293 σοφοὺς,

2176 1295 2268 1350 καὶ
2325 1296 2392 1351 τὰ
2470 1297 2667 1369 ἀσθενῆ
2726 1304 2823 1355 τοῦ
2880 1300 3091 1376 κόσμου
3148 1299 3420 1376 ἐξελέξατο
3478 1304 3507 1359 ὁ
3554 1303 3691 1368 Θεὸς
3758 1303 3854 1361 ἳνα

2178 1387 2512 1462 καταισχύνῃ
2552 1389 2620 1444 τὰ
2677 1388 2898 1466 ἰσχυρά.
2962 1391 3069 1447 Καὶ
3127 1394 3192 1446 τὰ
3249 1393 3408 1467 ἀγενῆ
3466 1397 3565 1448 τοῦ
3623 1395 3855 1469 κόσμου

2178 1476 2265 1530 καὶ
2299 1475 2367 1531 τὰ
2397 1476 2786 1552 ἐξουθενημένα
2814 1477 3089 1553 ἐξελέξατο
3120 1481 3149 1535 ὁ
3180 1481 3334 1550 Θεὸς,
3364 1480 3455 1537 καί
3482 1483 3551 1538 τὰ
3575 1485 3652 1556 μὴ
3681 1480 3852 1556 ὄντα,

2176 1562 2266 1620 ἳνα
2295 1567 2362 1621 τὰ
2392 1562 2519 1622 ὄντα
2549 1571 2894 1647 καταργήσῃ,
2951 1571 3102 1634 ὅπως
3156 1571 3230 1645 μὴ
3286 1574 3643 1648 καυχήσηται
3688 1581 3854 1631 πᾶσα

2179 1656 2306 1730 σὰρξ
2337 1654 2571 1713 ἐνώπιον
2597 1659 2785 1717 αὐτοῦ.

2255 1994 2667 2073 Ἐπισκέψασθε,
2745 1998 2901 2077 φησὶ,
2978 2003 3297 2080 προσὲγετε,
3391 2008 3512 2067 πῶς
3614 2009 3849 2085 μεγάλα

2180 2080 2400 2141 δύναται
2429 2088 2464 2156 ἡ
2496 2086 2715 2159 κλῆσις,
2749 2087 2832 2143 ὅτι
2892 2086 3136 2161 ίδιώτας,
3190 2091 3334 2147 οὕτω
3378 2095 3520 2174 σοφᾶ
3582 2080 3849 2175 δόγματα

2182 2179 2369 2246 μαθεῖν
2398 2177 2812 2252 παρεσκεύασεν,
2850 2202 2871 2230 ιι
2904 2181 3023 2234 Ὅτι
3054 2180 3119 2235 οὐ
3174 2178 3381 2237 πολλοὶ
3441 2185 3628 2261 σοφοί.
3662 2210 3689 2240 ιι
3749 2190 3845 2246 Ἐν

2175 2267 2243 2337 τῇ
2272 2263 2467 2338 κλήσει
2498 2267 2666 2343 ταύτῃ
2718 2267 2808 2323 καὶ
2863 2272 2932 2342 τῇ
2990 2269 3188 2339 πίστει,
3246 2273 3431 2345 φησὶν,
3493 2275 3600 2329 οὐκ
3654 2275 3841 2347 ἦλθον

2175 2352 2380 2410 πολλοὶ
2413 2356 2589 2433 σοφοί.
2624 2356 2932 2432 Προσέθηκε
2963 2354 3021 2414 δὲ
3042 2360 3106 2415 τὸ
3137 2358 3365 2431 πολλοῖ,
3407 2362 3493 2417 ὅτι
3547 2366 3686 2433 ἦσαν
3740 2369 3842 2425 καὶ

2177 2443 2338 2520 σοφοί
2394 2465 2539 2508 τινες
2613 2445 3010 2516 πιστεύσαντες,
3070 2449 3185 2504 οἷον
3244 2450 3273 2504 ὁ
3332 2455 3762 2529 Ἀρεοπαγίτης,
3807 2460 3838 2513 ὁ

2175 2532 2530 2606 Ἀνθύπατος,
2581 2536 2671 2591 καὶ
2720 2536 2919 2612 ἓτεροι.
2981 2537 3082 2595 Καὶ
3135 2545 3416 2616 πανταχοῦ
3470 2543 3556 2611 τὸ,
3617 2570 3643 2596 η
3677 2547 3835 2603 Πολι

2175 2619 2288 2691 λοί,
2325 2647 2353 2675 ››
2385 2620 2476 2678 διὰ
2502 2628 2663 2680 τοῦτο
2712 2626 3050 2701 πρόσκειται,
3100 2628 3182 2683 ὅτι
3230 2628 3366 2697 ἦσαν
3417 2652 3561 2694 τινες
3611 2630 3830 2691 δυνατοὶ

2172 2710 2263 2765 καὶ
2317 2711 2547 2788 εὐγενεῖς
2600 2715 2992 2778 πιστεύσαντες.
3050 2740 3079 2769 «
3140 2718 3294 2773 Κατᾶ
3352 2720 3545 2795 σάρκα.
3579 2746 3607 2772 ››
3676 2726 3830 2781 Κατὰ

2169 2800 2232 2854 τὸ
2289 2801 2636 2877 φαινόμενον,
2696 2804 2832 2859 κατὰ
2887 2806 2979 2859 τὸν
3039 2805 3277 2873 παρόντα
3363 2809 3501 2882 βίον,
3574 2812 3663 2865 καί
3726 2814 3825 2882 τὴν

2170 2885 2360 2958 ἔξωθεν
2415 2888 2715 2949 παίδευσιν.
2799 2894 2964 2951 Οὗτοι
3045 2896 3148 2971 γὰρ
3207 2894 3442 2970 μάλιστα
3494 2899 3691 2972 μωροῖ,
3756 2902 3809 2955 οἱ

2170 2980 2589 3044 πεπιστευκότες
2622 2982 2837 3043 ἑαυτοῖς
2885 2983 2969 3039 ὅτι
3024 2982 3128 3038 εἶσὶ
3177 2985 3352 3065 σοφοί.
3399 2985 3485 3040 Διὸ
3528 2987 3615 3040 καὶ
3665 2984 3800 3043 δυσ-

2169 3068 2532 3133 αποσπάστως
2593 3068 2786 3146 ἔχουσι
2831 3073 2967 3148 πρὸς
3021 3074 3086 3129 τὰ
3142 3070 3259 3129 ἴδια
3318 3072 3568 3149 δόγματα.
3631 3099 3654 3125 ι
3718 3077 3802 3135 Οὐ

2166 3156 2372 3215 πολλοὶ
2406 3156 2642 3219 δυνατοί.
2679 3185 2707 3213 ››
2740 3161 2838 3216 Καὶ
2861 3162 2964 3238 γὰρ
2997 3163 3050 3217 οἱ
3082 3160 3298 3219 δυνατοὶ
3327 3163 3418 3219 καὶ
3450 3166 3502 3218 οἱ
3557 3163 3817 3239 εὐγενεῖς,

404 3262 563 3318 claro
594 3260 720 3316 nati
750 3233 1149 3331 genere,fastu
1180 3233 1341 3328 pleni
1374 3272 1387 3310 :
1420 3255 1507 3310 illi
1532 3233 1781 3326 quidem
1812 3233 2051 3326 propter

2171 3248 2334 3324 τύφου
2364 3249 2817 3326 πεπληρωμένοι,
2851 3233 2903 3307 οἱ
2933 3233 3027 3326 μὶν
3058 3250 3147 3308 δια
3183 3253 3278 3309 τὸν
3339 3254 3605 3325 πλοῦτον,
3631 3233 3709 3310 ὀἷ
3766 3233 3825 3312 δέ

406 3349 740 3418 divitias,hi
771 3353 969 3402 autem
1001 3351 1245 3417 propter
1274 3361 1482 3417 genus,
1514 3345 1740 3416 seipsos
1771 3359 1805 3398 a
1834 3344 1935 3399 Dei
1959 3361 2059 3399 co-

406 3438 669 3511 gnitione
697 3440 993 3507 separant,
1016 3451 1125 3489 nec
1157 3432 1363 3488 volunt
1401 3432 1718 3505 praesentia
1732 3432 2058 3504 despicere.

482 3525 646 3582 «Sed
688 3541 818 3595 quae
871 3525 1053 3579 stulta
1109 3528 1250 3578 sunt
1306 3520 1634 3578 secundum
1683 3521 1995 3578 mundum.
2029 3544 2060 3575 ››

411 3617 565 3673 429
598 3614 826 3685 Ubique
860 3614 1081 3685 rejecta
1110 3629 1176 3668 ac
1208 3612 1346 3667 vilia
1376 3611 1621 3683 accepit,
1672 3615 1739 3665 ut
1787 3616 2060 3682 potentes

412 3702 754 3761 incredulos
773 3702 1323 3775 pudefaceret.Cum
1342 3704 1543 3756 autem
1565 3699 2055 3773 audis<<Delegit,»

413 3812 487 3849 ne
523 3792 843 3865 suspiceris
871 3791 1027 3863 quod
1063 3791 1218 3847 Deus
1250 3807 1399 3863 opus
1438 3788 1715 3845 habuerit
1767 3804 2057 3861 pauperes

412 3899 736 3951 assumere,
753 3887 1023 3954 potentes
1045 3898 1179 3937 vero
1211 3880 1631 3952 repellere,sed
1655 3879 1812 3951 quod
1840 3879 2057 3952 abjecti

407 3979 799 4030 accurrerunt
828 3972 1014 4044 magis
1042 3969 1117 4026 ad
1144 3970 1343 4026 fidem.
1379 3970 1485 4035 Qui
1521 3970 1681 4024 enim
1707 3969 1766 4024 in
1783 3974 2056 4041 potenta-

407 4063 564 4120 tibus
596 4069 767 4120 erant
798 4068 855 4118 et
873 4060 1432 4134 sapientia,seipsos
1456 4058 2055 4127 abstraxerunt,indi-

400 4169 582 4225 gnum
616 4152 900 4207 ducentes
925 4149 1083 4222 quod
1142 4148 1214 4204 ab
1274 4147 1474 4205 idiotis
1525 4146 1825 4204 discerent
1857 4166 1871 4217 ;
1901 4149 2055 4204 Deus

400 4258 658 4312 namque
690 4257 898 4296 omnes
931 4239 1124 4294 salvos
1141 4237 1267 4292 fieri
1300 4236 1646 4307 cupiebat.»
1672 4237 2055 4309 Utsapientes

396 4331 800 4403 pudefaceret.
847 4351 874 4378 »
908 4330 1052 4384 Cum
1086 4333 1282 4383 autem
1314 4325 1535 4395 ubique
1567 4324 1759 4391 audis,
1786 4348 1812 4375 ‹‹
1864 4325 2056 4381 Pude-

394 4419 635 4485 faceret,
673 4441 700 4468 ››
734 4418 805 4473 de
835 4418 955 4473 illis
988 4416 1255 4488 intellige
1290 4414 1391 4484 qui
1424 4413 1485 4468 in
1518 4414 1759 4485 propria
1790 4413 2056 4471 fidebant

397 4507 691 4579 sapientia
722 4524 788 4563 ac
819 4506 1060 4570 divitiis,
1095 4521 1204 4560 nec
1254 4501 1649 4558 crediderant.
1704 4502 1837 4558 Haec
1892 4504 2052 4557 enim

2171 3335 2261 3394 διὰ
2313 3340 2375 3396 τὸ
2432 3339 2611 3416 γέμος,
2658 3339 2963 3412 ἐξέλκουσιν
3019 3342 3240 3406 ἑαυτοὺς
3306 3348 3405 3409 τῆς
3465 3345 3825 3420 Θεογνωσίας,

2167 3428 2257 3485 καὶ
2289 3428 2395 3506 οὐχ
2425 3431 2703 3499 αἱροῦνται
2730 3436 2839 3487 τῶν
2871 3432 3154 3507 παρόντων
3185 3440 3570 3510 καταφρονεῖν.

2242 3541 2266 3573 ι
2297 3517 2476 3575 Ἀλλᾶ
2501 3520 2569 3575 τὰ
2625 3520 2783 3596 μωρὰ
2836 3525 2935 3576 τοῦ
3001 3522 3233 3595 κόσμου.
3281 3544 3307 3576 ι
3375 3522 3481 3580 Καὶ
3531 3530 3825 3600 πανταχοῦ

2164 3608 2232 3662 τὰ
2287 3606 2609 3683 ἀποϐόλιμα
2660 3610 2749 3665 καὶ
2830 3610 2899 3666 τὰ
2980 3610 3171 3681 εὐτελῆ
3254 3608 3652 3686 προσελάϐετο,
3729 3612 3831 3669 ’ἱνα

2164 3696 2293 3758 τοὺς
2352 3694 2611 3763 δυνατοὺς
2694 3699 2954 3762 ἀπίστους
3010 3702 3371 3777 καταισχύνῃ.
3432 3703 3681 3759 Ἀκούων
3742 3701 3829 3774 δέ,

2167 3811 2195 3840 ι(
2229 3786 2561 3861 Ἐξελέξατο,
2587 3812 2615 3841 ››
2651 3790 2726 3862 μὴ
2759 3794 2923 3845 τοῦτο
2956 3790 3301 3866 ὑποπτεύσῃς
3331 3792 3416 3846 ὅτι
3448 3790 3613 3869 ἔργον
3658 3792 3826 3868 ἔσχεν

2166 3875 2194 3929 ὁ
2228 3876 2379 3947 Θεὸς;
2411 3878 2538 3940 τοὺς
2570 3878 2665 3951 μὲν
2702 3878 2963 3954 πτωχοὺς
3015 3874 3225 3950 λαϐεῖν,
3270 3878 3399 3945 τοὺς
3444 3877 3503 3935 δὲ
3551 3878 3827 3946 δυνάστας

2167 3964 2505 4037 ἀπώσασθαι,
2540 3966 2668 4023 ἀλλ’
2705 3967 2789 4023 ὅτι
2838 3969 2893 4023 οἱ
2950 3967 3187 4032 εὐτελεῖς
3237 3967 3619 4045 προσέδραμον
3670 3970 3827 4043 μᾶλ-

2164 4052 2261 4109 λον
2293 4056 2590 4130 τῇπίστει.
2643 4057 2706 4110 Οἱ
2756 4053 2814 4113 δὲ
2872 4056 2924 4113 έν
2986 4054 3319 4121 δυναστείαις
3370 4058 3519 4120 ὄντες
3575 4060 3667 4115 καὶ
3728 4082 3831 4117 σο-

2162 4142 2261 4216 φίᾳ
2356 4146 2577 4207 ἑαυτοὺς
2653 4146 3061 4223 ἆπεσχοίνισαν,
3162 4147 3560 4218 ἀπαξιώσαντες
3661 4151 3821 4224 παρὰ

2163 4231 2397 4289 ἰδιωτῶν
2433 4236 2643 4308 μαθεῖν,
2677 4236 2750 4298 ὡς
2784 4235 2814 4292 ὅ
2842 4255 2900 4312 γε
2959 4238 3089 4300 Θεὸς
3137 4241 3339 4300 πάντας
3391 4236 3559 4308 ἤθελε
3614 4244 3817 4299 σῶσαι.

2161 4347 2189 4375 ‹‹
2223 4324 2333 4380 Ἵνα
2357 4323 2485 4387 τοὺς
2507 4323 2706 4402 σοφοὺς
2738 4327 3101 4403 καταισχύνῃ.
3134 4353 3156 4383 ι
3192 4361 3263 4371 --
3284 4353 3313 4382 ι(
3335 4349 3670 4404 καταισχννῃ
3696 4354 3726 4381 n
3754 4326 3821 4386 δὲ

2158 4417 2441 4488 πανταχοῦ
2505 4413 2710 4485 ἀκούω,
2767 4416 2891 4491 περὶ
2953 4416 3171 4473 ἐκείνων
3259 4418 3368 4474 νόει
3446 4422 3555 4474 τῶν
3635 4419 3822 4494 οἰκείᾳ

2160 4504 2323 4582 σοφίᾳ
2342 4503 2432 4558 καὶ
2460 4500 2686 4577 πλούτῳ
2715 4506 3080 4577 πεποιθότων,
3121 4507 3215 4563 καὶ
3249 4510 3324 4582 μή
3383 4507 3817 4569 πιστευσάντων,

392 4596 653 4652 maxima
682 4596 895 4652 Christi
928 4593 1170 4650 victoria
1192 4596 1281 4647 est
1302 4608 1408 4663 per
1430 4590 1641 4645 stultos
1672 4589 1789 4645 sive
1830 4590 2047 4648 idiotas

2171 4591 2314 4665 Αὕτη
2348 4596 2450 4670 γὰρ
2495 4596 2615 4666 νίκη
2682 4595 2911 4672 μεγίστη
2967 4602 3065 4653 τοῦ
3119 4602 3376 4673 Χριστοῦ,
3432 4603 3495 4654 τὸ
3557 4596 3647 4655 διὰ
3700 4605 3813 4657 τῶν

394 4681 704 4739 devincere
737 4685 1036 4754 sapientes
1067 4700 1135 4738 ac
1174 4679 1547 4754 pudefacere.
1612 4678 1897 4735 Maximus
1946 4697 2043 4736 sa-

388 4770 661 4843 pientum
694 4773 887 4844 pudor
915 4768 2046 4844 estquodidiotisinferioresinvenian-

388 4865 571 4914 tur:et
589 4861 845 4916 maxima
860 4862 1098 4933 quidem
1115 4859 1328 4916 Christi
1345 4858 1589 4913 victoria
1610 4865 1819 4930 estper
1833 4860 2045 4916 stultos

390 4968 674 5024 superare
702 4954 1018 5024 sapientes.
1052 4977 1070 5003 α
1106 4954 1242 5017 Quae
1275 4950 1520 5005 robusta
1551 4956 1753 5004 sunt.»
1787 4951 1906 5005 Hoc
1935 4956 2043 5019 est,

386 5042 859 5098 intumescentes
883 5043 955 5097 ob
989 5041 1314 5114 potentiam
1340 5046 1398 5094 et
1427 5038 1796 5094 divitias.«Et
1826 5057 1893 5094 ea
1911 5058 2042 5111 qua:

383 5149 505 5188 non
540 5139 729 5189 erant.
770 5155 796 5182 ››
830 5134 907 5187 Ea
941 5149 1062 5187 non
1125 5147 1253 5186 esse
1285 5129 1430 5184 dicit
1460 5146 1592 5200 qum
1626 5145 1753 5185 esse
1800 5129 2043 5199 quidem

379 5224 826 5285 existimantur.
858 5229 1101 5295 propter
1157 5220 1405 5276 multam
1458 5218 1876 5290 abjectionem.
1912 5243 1937 5270 «ι
1974 5221 2044 5275 Ut

375 5329 445 5369 ea
477 5332 608 5385 qua:
650 5322 789 5371 sunt
834 5315 1201 5370 obscuraret.
1267 5335 1285 5359 ιι
1342 5309 1574 5373 Omnia,
1640 5309 1850 5380 inquit,
1903 5310 2043 5365 fecit

375 5404 550 5461 Deus.
589 5422 706 5475 quo
737 5423 838 5462 eos
869 5406 941 5461 ab
976 5402 1317 5475 arrogantia
1367 5397 1690 5457 cohiberet.
1751 5404 1807 5453 et
1856 5415 1891 5455 a
1948 5400 2038 5456 sui

373 5495 773 5563 reputatione,
810 5514 927 5569 qua
960 5514 1088 5553 sese
1123 5492 1352 5565 aliquid
1382 5507 1511 5546 esse
1545 5488 2041 5545 existimabantet

372 5596 473 5635 vos
504 5580 696 5638 adhuc
719 5592 1062 5659 arrogantes
1124 5584 1263 5640 estis
1321 5597 1388 5638 ac
1455 5579 1870 5635 intumescitis.
1907 5601 1935 5631 «
1962 5580 2040 5636 Ea

370 5686 506 5742 qua)
532 5687 657 5728 non
692 5682 879 5731 erant.
934 5698 964 5728 »
1024 5676 1389 5732 Videbantur
1439 5667 1692 5742 apostoli
1751 5686 1874 5726 non
1906 5687 2036 5726 esse

370 5759 699 5837 quidquam
735 5770 937 5839 utpote
972 5765 1190 5838 abjecti
1223 5760 1445 5824 :Graeci
1501 5774 1637 5816 vero
1693 5775 1823 5816 esse
1872 5760 2036 5819 vide-

2143 5667 2485 5732 ἀποστόλους
2545 5670 2621 5733 ὡς
2704 5669 2964 5726 εὐτελεῖς.

2144 5755 2446 5835 Ἕλληνας,
2502 5758 2580 5825 ὡς
2662 5758 2951 5837 οἰομένους
3030 5759 3172 5817 εἷναί
3224 5781 3301 5834 τι,
3364 5761 3441 5835 μή
3500 5755 3662 5827 ὄντας
3713 5756 3799 5820 δέ.

2161 4688 2382 4759 μωρῶν,
2406 4682 2531 4755 ἤτοι
2564 4682 2826 4754 ἴδιωτῶν,
2857 4694 3076 4755 νικῆσαι
3106 4686 3234 4750 τοὺς
3289 4687 3487 4764 σοφοὺς
3537 4688 3629 4744 καὶ
3676 4710 3813 4745 κατ-

2155 4778 2433 4849 αισχῦναι.
2493 4774 2736 4851 Μεγίστη
2793 4774 2898 4850 γὰρ
2953 4781 3061 4831 τῶν
3116 4782 3297 4855 σοφῶν
3361 4777 3598 4852 αῗσχύνη
3657 4780 3809 4855 παρὰ

2155 4861 2388 4921 ἰδιωτῶν
2441 4866 2723 4935 ἡττᾶσθαι,
2790 4865 2881 4920 καὶ
2968 4868 3195 4942 μεγίστη
3245 4867 3370 4939 νίκη
3433 4869 3692 4940 Χριστοῦ,
3752 4868 3809 4925 ἓν

2156 4958 2364 5028 μωροῖς
2420 4958 2571 5025 νικᾷν
2630 4953 2756 5016 τοὺς
2812 4956 3031 5031 σοφούς.
3095 4980 3122 5008 u
3155 4957 3237 5013 Τὰ
3291 4956 3511 5033 ἰσχυρά.
3569 4979 3597 5011 ιι
3660 4957 3810 5020 Τοὺς

2154 5042 2295 5118 μέγα
2351 5047 2680 5123 φρονοῦντας
2726 5042 2813 5098 ἐπὶ
2872 5041 3095 5116 δυνάμει
3152 5046 3243 5101 καὶ
3302 5044 3553 5119 πλούαῳ.
3619 5069 3646 5100 ι
3698 5048 3805 5104 Καὶ

2147 5132 2214 5186 τὰ
2248 5135 2322 5205 μὴ
2356 5132 2503 5190 ὄντα.
2542 5158 2569 5185 ››
2602 5134 2692 5201 Mi,
2729 5132 2857 5189 ὄντα
2883 5133 3059 5203 καλεῖ,
3089 5133 3221 5197 τοὺς
3266 5133 3407 5209 μηδὲ
3457 5136 3595 5191 εἶναι
3644 5157 3809 5209 νομι-

2151 5220 2430 5295 ζομένους,
2465 5220 2554 5276 διὰ
2581 5224 2681 5290 τήν
2729 5222 2946 5292 πολλὴν
2997 5222 3291 5281 εὐτέλειαν.
3342 5248 3371 5276 ι(
3399 5225 3511 5281 “in
3561 5225 3631 5280 ti
3677 5221 3809 5281 ὄντα

2146 5312 2545 5387 καταργήσῃ.»
2608 5312 2803 5376 Πάντα,
2854 5311 3039 5391 φησῖν,
3102 5313 3354 5385 ἐποίησεν
3409 5314 3439 5369 ὁ
3496 5315 3654 5385 Θεὸς,
3713 5312 3811 5369 ἵνα

2146 5400 2325 5475 παύσῃ
2383 5400 2576 5464 αὐτοὺς
2634 5408 2733 5469 τῆς
2818 5401 3157 5472 ἀλαζονείας,
3243 5403 3333 5459 καί
3392 5408 3488 5458 τοῦ
3561 5403 3812 5477 νομίζειν

2146 5490 2371 5554 ἑαυτοὺς
2425 5490 2555 5546 εἶ’ναί
2610 5512 2685 5557 τι,
2740 5492 2831 5547 καὶ
2886 5491 3043 5564 ὑμεῖς
3101 5490 3181 5548 ἔτι
3238 5493 3651 5562 ἀλαζονεύεσθε,
3712 5495 3809 5549 καὶ

2146 5583 2395 5654 φρονεῖτε
2429 5579 2586 5655 μέγα.
2621 5603 2649 5631 ι(
2686 5580 2779 5648 Μὴ
2811 5576 2955 5635 ὄντα.
2995 5603 3024 5631 ››
3062 5580 3152 5648 Μὴ
3188 5579 3328 5635 εἶναί
3359 5601 3411 5637 τι
3466 5577 3647 5637 ἐδόκει
3675 5580 3812 5645 τοὺς

3032 5670 3198 5730 Ὄντα
3277 5668 3336 5726 δὲ
3418 5666 3596 5726 ἐδόκει
3671 5669 3807 5733 τοὺς
