4106 6252
191 388 308 455 65Ἶ

1197 392 1613 458 COMMENT.
1659 393 1747 456 IN
1795 393 2050 456 EPIST.
2098 395 2124 457 Ῑ
2169 399 2271 460 ΑΙ)
2318 399 2685 464 CORINTH.

3538 399 3656 460 658

209 552 242 585 ιι
267 527 466 592 ’Ὀπως
506 529 590 602 μή
642 530 997 604 καυχήσηται
1039 533 1182 583 πᾶσα
1211 527 1336 604 σὰρξ
1372 527 1607 583 ἐνώπιον
1637 527 1822 587 αὑτοῦ.
1857 550 1886 580 ››

2006 531 2242 606 bantur,
2273 537 2430 608 quod
2464 555 2592 594 sese
2619 538 2847 611 aliquid
2879 553 3008 593 esse
3040 537 3493 608 arbitrarentur,
3519 553 3653 593 cum

222 620 434 680 Οὗκοῦν
467 615 600 674 οὐδε
629 621 822 690 ἡμεῖς,
877 618 1030 699 φησὶ,
1087 619 1518 693 καυχησόμεθας
1553 619 1675 685 Ναὶ,
1703 619 1891 697 φησὶν,

227 714 380 785 ὑμεῖς
441 711 493 764 οἳ
553 709 771 772 πιστοὶ,
827 711 1136 784 καυχᾶσθαι
1186 707 1448 785 ὀφείλετε.
1511 707 1586 765 Οὐ
1642 709 1744 784 γὰρ
1774 708 1892 763 ἐστε

231 803 391 877 ὑμεῖς
453 800 601 874 σᾶρξ,
661 797 792 854 ἀλλ’
850 798 898 868 ἐξ
959 799 1126 853 αὑτοῦ
1182 797 1270 853 διὰ
1327 805 1429 867 τῆς
1469 797 1888 876 παλιγγενεσίας

225 893 574 969 ἒγεν-ιήθητε,
632 889 726 943 καὶ
798 889 957 963 σοφοί
1037 887 1177 954 ἐστε,
1263 885 1390 943 ἀλλ’
1454 887 1612 942 αὑτὸν
1670 886 1888 963 ἔχοντες

221 982 438 1061 σοφίαν,
499 980 595 1034 τὸν
655 977 1188 1053 ἀπολυτρωσάμενον
1247 985 1347 1046 τῆς
1411 975 1748 1052 τυραννίδος,
1798 978 1888 1032 καὶ

225 1071 288 1126 οὑ
325 1069 497 1143 μόνον
526 1072 712 1135 τοῦτο,
771 1065 919 1122 ἀλλὰ
973 1068 1064 1122 καὶ
1121 1068 1414 1142 ἀγιάσοντα
1447 1065 1535 1122 διὰ
1564 1072 1660 1123 τοῦ
1695 1067 1891 1143 βαπτί-

222 1180 454 1234 σματος,
514 1157 608 1214 καὶ
665 1155 728 1211 οὑ
792 1157 955 1228 μόνον
1015 1161 1196 1226 τοῦτο,
1230 1155 1492 1212 ἀλλὰκαὶ
1527 1154 1888 1212 δικαιώσαντα

223 1246 316 1304 διὰ
375 1245 760 1327 χαρισμάτων.
821 1246 1010 1316 ἹΙμεῖς
1066 1244 1162 1298 οὖν
1223 1241 1311 1300 διὰ
1367 1249 1534 1299 ταῦτα
1591 1243 1886 1321 ὀφείλομεν

221 1342 558 1413 καυχᾶσθαι,
611 1336 920 1410 καυχᾶσθαι
973 1331 1050 1403 δὲ,
1102 1335 1210 1410 οὐχ
1249 1335 1331 1388 ὃτι
1364 1333 1751 1408 κατορθώματί
1779 1353 1885 1388 τινι

225 1427 487 1501 ἡμετέρῳ
538 1424 744 1480 τούτων
815 1425 1153 1497 ἠξιώθημεν,
1231 1423 1364 1479 ἀλλ’
1419 1422 1473 1478 ἐν
1534 1422 1741 1498 Κυρίῳ,
1801 1422 1883 1478 ὅτι

223 1519 534 1584 πάντατῆς
592 1515 758 1570 αὑτοῦ
819 1512 1024 1581 δωρεᾶς
1083 1514 1175 1568 καὶ
1233 1512 1646 1587 φιλανθρωπίας
1677 1519 1776 1582 τῆς
1809 1511 1886 1574 εἷς

218 1610 393 1681 ἡμᾶς,
428 1607 494 1662 τὰ
526 1604 830 1676 τηλικαῦτα
861 1605 1095 1679 ὑπάρχει
1125 1602 1420 1674 πλεονεκτή
1436 1623 1597 1676 ματα.

295 1805 384 1874 Ἐξ
457 1803 623 1858 αὑτοῦ
719 1799 776 1856 δὶ
872 1802 1026 1875 ὑμεῖς
1091 1801 1208 1856 ἐστε
1274 1800 1326 1855 ἐν
1394 1802 1612 1874 Χριστῷ
1675 1803 1884 1869 Ἰησοῦ,

225 1895 283 1957 ες
350 1894 582 1968 ἐγενήθη

224 2002 282 2038 τε
367 1982 458 2036 καὶ
546 1982 814 2056 ἁγιασμὸς
871 1980 959 2034 καὶ
1030 1977 1434 2052 ἀπολύτρωσις,
1495 1977 1607 2048 ἵνα,
1701 1982 1881 2044 καθὼς

225 2070 552 2149 γέγραπται,
660 2070 688 2123 ὁ
789 2069 1150 2143 καυχώμενος
1231 2068 1283 2122 ἐν
1385 2069 1567 2145 Κυρίῳ
1668 2070 1880 2146 καυχά-

228 2172 362 2224 σθω.

678 1896 713 1962 ἡ
724 1897 815 1967 μῖν

292 2306 320 2329 ‹.
389 2279 477 2348 Ἐξ
548 2278 717 2332 αὑτοῦ
777 2273 835 2332 δὲ
894 2277 1049 2348 ὑμεῖς
1116 2275 1234 2331 ἐστε
1296 2299 1324 2328 ››
1394 2277 1551 2333 Ἤτοι
1599 2280 1695 2332 τοὺ
1727 2279 1880 2331 Θεοῦ.

213 2370 509 2426 Τουτὲστιν
569 2364 909 2444 ἀφελόμενος
965 2365 1104 2438 ὑμᾶς
1160 2372 1261 2434 τῆς
1319 2364 1636 2434 ἀλαζονείας
1669 2366 1696 2420 ὁ
1729 2367 1881 2437 Θεὸς,

214 2459 377 2513 τέκνα
409 2454 522 2510 ἴδια
569 2455 839 2524 πεποίηκε
896 2451 985 2509 διὰ
1041 2456 1226 2524 Ἰησοῦ
1282 2457 1540 2529 Χριστοῦ.
1575 2457 1880 2529 Τοιγαροῦν

219 2546 520 2620 ὀφείλομεν
551 2545 640 2599 καὶ
671 2547 834 2617 ἡμεῖς
884 2545 1094 2621 ωεῦγειν
1147 2544 1244 2612 τήν
1306 2541 1644 2612 ἀλαζονεῖαν,
1680 2543 1880 2619 ἐχθρὰν

828 2657 858 2685 ‹‹
917 2634 1034 2702 Ὃς,
1097 2632 1254 2707 φησὶ,
1315 2633 1547 2705 Χριστὸς
1624 2631 1877 2706 ἐγνεντςθη

221 2728 373 2797 ἡμῖν
432 2723 538 2777 ἀπὸ
593 2728 720 2778 Θεοῦ
773 2724 933 2797 σοφία
983 2723 1075 2777 καὶ
1134 2720 1448 2792 δικαιοσύνη
1483 2723 1574 2778 καὶ
1608 2724 1877 2798 ἁγιασμὸς

229 2815 329 2870 καί
395 2811 845 2887 ἀπολύτρωσις.»
907 2811 1224 2881 Τουτέστιν,
1284 2813 1342 2875 ὅς
1419 2811 1672 2884 ἐποίησεν
1732 2816 1880 2886 ἡμᾶς

222 2904 322 2960 καί
386 2900 626 2964 δικαίους
680 2901 768 2957 καί
819 2903 1030 2979 ἁγίους,
1093 2900 1511 2974 λυτῑωσσὶμενος
1570 2905 1718 2976 ἡμᾶς
1775 2902 1880 2956 ἀπὸ

213 2999 331 3048 τῶν
379 2991 646 3046 τοιούτων
707 2991 980 3048 ἐναντίων.
1039 2987 1266 3058 Ἐπειδή
1326 2992 1430 3065 γὰρ
1492 2993 1650 3065 μωρᾶ
1704 2990 1880 3062 ἐξελέ-

217 3083 372 3152 ξατο,
407 3081 550 3158 σοφᾶ
586 3080 721 3135 miti
768 3080 991 3151 ἐποίησε
1044 3079 1133 3133 καὶ
1188 3076 1369 3134 δίκαια
1421 3079 1507 3134 καὶ
1539 3079 1688 3152 ἅγια,
1722 3104 1748 3130 ‹‹
1781 3081 1880 3142 ’Ός

222 3170 457 3248 ἐγενηθη
493 3171 630 3241 ἡμῖν
688 3170 850 3242 σοφία
902 3169 1008 3224 ἀπὸ
1066 3172 1220 3224 Θεοῦ.
1255 3190 1282 3219 »
1343 3167 1457 3225 Οὑκ
1516 3168 1677 3236 εἶπεν,
1725 3168 1883 3225 Ἑσό-

215 2635 388 2692 οὖσαν
447 2639 545 2688 τοῦ
597 2637 747 2700 Θεοὺ,

2002 629 2202 682 tamen
2235 646 2355 685 non
2388 637 2606 689 essent.
2641 654 2668 680 (ι
2703 635 2782 687 Ne
2813 632 3099 704 glorietur
3126 631 3251 686 ulla
3285 649 3420 686 caro
3452 649 3650 687 coram

2001 715 2150 788 ipso.
2178 741 2198 769 ι
2238 721 2327 773 An
2361 720 2537 792 igitur
2566 737 2760 792 neque
2795 738 2924 786 nos,
2971 721 3185 791 inquit,
3218 721 3605 792 gloriabimur
3627 719 3654 774 ?

2002 806 2212 876 Utique
2246 826 2344 863 vos
2376 811 2475 881 qui
2510 811 2714 866 ﬁdeles
2760 812 2921 878 estis,
2953 811 3191 882 gloriari
3225 810 3491 875 debetis;
3527 827 3647 864 non

2000 896 2159 950 enim
2194 899 2334 952 estis
2365 916 2520 965 caro,
2549 901 2649 955 sed
2674 900 2744 956 ab
2774 918 2841 955 eo
2864 917 2970 972 per
2992 901 3500 972 regenerationem
3526 901 3648 953 nati

2000 986 2161 1050 estis,
2196 993 2253 1041 et
2279 990 2580 1060 sapientes
2611 991 2794 1046 estis:
2853 991 2955 1044 sed
3004 991 3198 1062 ipsum
3231 990 3517 1044 habentes
3550 990 3648 1061 qui

1999 1076 2293 1147 sapientia
2314 1085 2423 1142 est,
2449 1080 2548 1150 qui
2577 1096 2609 1135 a
2630 1081 2865 1153 tyranni
2891 1079 3142 1134 redemit
3165 1095 3177 1132 :
3202 1095 3309 1134 nec
3344 1079 3399 1132 id
3433 1079 3648 1146 solum,

2000 1165 2102 1221 sed
2125 1171 2181 1220 et
2202 1169 2588 1224 sanctificavit
2611 1187 2716 1241 per
2737 1170 3064 1241 baptisma:
3087 1185 3196 1224 nec
3219 1173 3447 1222 tantum
3472 1168 3651 1222 etiam

1999 1255 2130 1322 hoc,
2165 1273 2366 1311 verum
2400 1258 2578 1312 etiam
2612 1275 2717 1329 per
2746 1259 2901 1313 dona
2949 1257 3314 1329 justiﬁcavit.
3368 1258 3481 1311 Nos
3513 1273 3649 1330 ergo

1997 1351 2239 1416 propter
2268 1347 2393 1401 hazc
2423 1348 2664 1418 gloriari
2687 1348 2990 1403 debemus.
3019 1346 3267 1402 Gloriari
3301 1352 3498 1400 autem
3530 1363 3650 1401 non

1997 1433 2154 1504 quod
2186 1440 2388 1490 nostro
2422 1437 2621 1508 aliquo
2651 1439 2883 1511 egregio
2917 1437 3175 1492 facinore
3208 1435 3298 1490 his
3325 1436 3484 1507 digni
3511 1435 3648 1490 facti

1998 1523 2185 1578 simus
2216 1542 2227 1578 :
2264 1525 2367 1580 sed
2399 1525 2458 1580 in
2493 1527 2765 1592 Domino,
2799 1526 2956 1597 quod
2988 1527 3267 1580 universa
3305 1525 3647 1595 huiusmodi

1997 1618 2310 1674 commoda
2341 1620 2541 1686 gratia:
2575 1621 2761 1690 ipsius
2795 1621 2932 1682 sint,
2957 1637 3023 1675 ac
3049 1619 3436 1690 benignitatis
3469 1635 3645 1688 quam

1996 1706 2169 1761 nobis
2202 1708 2487 1764 exhibuit.

2069 1815 2310 1880 1,30-31.
2336 1837 2364 1865 «
2399 1820 2477 1870 Ex
2501 1834 2568 1872 eo
2595 1824 2792 1872 autem
2819 1818 2960 1872 estis
2980 1833 3086 1888 per
3106 1818 3399 1872 Christum
3422 1817 3644 1883 Jesum,

920 1891 1085 1966 σοφία
1167 1892 1274 1948 ἀπὸ
1340 1897 1496 1958 Θεοῦ,
1566 1888 1880 1960 δικαιοσύνη

2004 1924 2023 1953 τ(
2047 1905 2144 1975 qui
2166 1905 2354 1960 factus
2379 1912 2468 1960 est
2490 1907 2659 1961 nobis
2688 1908 2980 1978 sapientia
3003 1924 3036 1961 a
3061 1907 3569 1976 Deo,justitiaque
3593 1911 3650 1959 et

1995 1996 2439 2052 «sanctificatio
2497 2015 2567 2052 ac
2622 1999 2986 2070 redemptio:
3019 2005 3103 2064 ut,
3147 1996 3646 2069 quemadmodum

1994 2106 2023 2137 «
2053 2087 2339 2159 scriptum
2363 2095 2486 2144 est:
2511 2089 2615 2154 Qui
2642 2089 2928 2162 gloriatur
2950 2091 3011 2145 in
3035 2090 3283 2144 Domino
3306 2089 3644 2155 glorietur.»

2067 2286 2220 2340 430
2243 2308 2269 2333 ‹‹
2297 2287 2378 2339 Ex
2401 2302 2469 2339 eo
2492 2291 2692 2340 autem
2723 2303 2821 2341 vos
2854 2287 3015 2341 estis.
3048 2309 3074 2336 »
3109 2288 3328 2357 Nempe
3363 2288 3502 2341 Deo.
3531 2287 3649 2340 Hoc

1995 2380 2102 2440 est,
2137 2373 2380 2429 abduxit
2410 2391 2513 2428 vos
2573 2374 2644 2429 ab
2703 2375 2863 2430 omni
2923 2376 3080 2430 fastu
3113 2377 3286 2442 Deus,
3323 2375 3478 2429 ﬁlios
3509 2393 3648 2430 suos

1991 2479 2100 2534 per
2143 2464 2341 2517 Jesum
2399 2461 2698 2518 Christum
2755 2463 2969 2518 effecit.
3031 2465 3234 2533 Itaque
3274 2462 3558 2518 debemus
3591 2471 3650 2517 et

1991 2570 2100 2608 nos
2161 2553 2558 2624 arrogantiam
2616 2553 2816 2626 fugere
2878 2570 3008 2624 quas
3063 2553 3307 2608 inimica
3355 2558 3443 2607 est
3485 2555 3644 2606 Deo:

1993 2665 2020 2693 «
2053 2643 2182 2710 Qui,
2217 2643 2431 2714 inquit,
2463 2643 2728 2698 Christus
2784 2643 2973 2698 factus
3015 2647 3102 2697 est
3134 2642 3306 2696 nobis
3337 2659 3370 2696 a
3403 2643 3518 2697 Deo
3553 2659 3643 2697 sa-

1990 2734 2236 2803 pientia,
2271 2733 2596 2803 etjustitia,
2628 2739 2682 2787 et
2707 2733 3120 2800 sanctificatio,
3153 2738 3209 2786 et
3238 2731 3641 2802 redemptio.»

1991 2823 2104 2877 Hoc
2135 2829 2244 2889 est,
2279 2823 2376 2893 qui
2411 2823 2549 2877 fecit
2582 2841 2689 2878 nos
2711 2829 2768 2878 et
2790 2824 2986 2894 justos
3017 2829 3075 2876 et
3107 2828 3342 2877 sanctos
3375 2839 3508 2878 cum
3533 2839 3642 2876 nos

1991 2913 2343 2968 redemisset
2373 2913 2445 2967 ab
2480 2913 2598 2966 illis
2629 2930 2760 2983 quas
2812 2919 2949 2968 sunt
2982 2913 3112 2966 istis
3144 2913 3460 2968 contraria.
3496 2914 3640 2966 Cum

1992 3002 2153 3056 enim
2188 3001 2368 3056 stulta
2388 3001 2721 3073 delegisset,
2747 3001 2942 3056 etTecit
2963 3017 3032 3056 ea
3055 3001 3348 3070 sapientia
3379 3006 3436 3054 et
3461 3001 3644 3069 justa.

1993 3114 2019 3140 ‹‹
2047 3091 2152 3156 Qui
2178 3090 2364 3146 factus
2387 3095 2476 3145 est
2500 3089 2670 3144 nobis
2695 3090 2990 3160 sapientia
3010 3106 3042 3144 a
3069 3090 3206 3144 Deo.
3239 3111 3257 3136 ι
3296 3091 3422 3143 Non
3456 3088 3604 3143 dixit
3633 3105 3645 3141 :

1995 3169 2299 3249 Sapientes
2327 3193 2435 3232 nos
2462 3178 2675 3240 effecit,
2705 3175 2809 3232 sed
2835 3176 3155 3231 ostendens
3182 3175 3485 3232 ineffabile
3517 3191 3650 3229 mu-

225 3281 376 3338 φισεν
435 3263 610 3332 ἡμᾶς,
669 3257 838 3327 ἀλλα,
901 3256 1110 3321 δεικνὺς
1164 3259 1226 3315 τὸ
1287 3257 1488 3337 ἅρατον
1522 3266 1622 3328 τῆς
1652 3257 1876 3335 δωρεᾶς.

2004 3285 2128 3334 aus,
2161 3267 2278 3322 ait:
2313 3288 2339 3315 «
2373 3267 2581 3321 Factus
2613 3270 2703 3322 est
2748 3264 2919 3320 nobis
2970 3264 3300 3336 sapientia;
3337 3287 3364 3313 ››
3395 3265 3507 3320 hoc
3537 3269 3650 3327 est,

231 3349 414 3426 φησίν·
479 3350 802 3426 εἘγενήθη
862 3351 996 3421 ἡμῖν
1055 3349 1236 3426 copia,
1274 3369 1297 3401 υ
1358 3351 1659 3416 τουτέστιν,
1693 3349 1878 3403 ἑαυτὸν

237 3439 378 3508 ἡμῖν
429 3432 636 3495 ἔδωκεν.
696 3435 922 3511 Μεγάλα
984 3436 1150 3493 εἶπὼν
1221 3437 1346 3512 περὶ
1406 3441 1503 3491 τοῦ
1561 3437 1710 3506 ι’ἱοῦ,
1766 3437 1885 3491 οἷον

238 3525 438 3602 σοφίαν,
570 3525 940 3597 δικαιοσύνην,
1079 3527 1366 3600 ἁγιασμὸν,
1478 3526 1884 3601 ἀπολύτρωσιν,

232 3615 556 3690 προστίθησι
584 3616 671 3681 τό,
706 3640 732 3665 «ι
768 3615 905 3669 ’Λπὸ
937 3619 1094 3683 Θεοῦ,
1121 3647 1144 3670 )›
1166 3612 1258 3668 ’ἱνα
1294 3616 1368 3688 μή
1405 3613 1696 3693 ἀγέννητον
1723 3615 1884 3672 αὑτὸν

231 3699 540 3779 ὑπολάϐῃς.
611 3725 631 3754 ι
695 3703 796 3761 Καὶ
858 3702 1264 3780 ἀπολύτρωσις.
1322 3728 1348 3754 ››
1407 3707 1546 3780 Ὅρα
1601 3709 1716 3767 πῶς
1774 3702 1885 3779 ὁδῷ

225 3791 533 3870 πρεϐαίνει.
567 3798 792 3869 Πρῶτον
851 3794 976 3870 γὰρ,
1039 3793 1242 3867 σοφοὺς
1301 3796 1563 3864 ποιήσας,
1605 3793 1888 3866 ἀπήλλαξε

222 3892 324 3953 τῆς
385 3884 630 3952 πλάνης,
687 3884 774 3939 καὶ
831 3884 953 3938 τότε
1013 3881 1260 3947 δικαίους
1313 3885 1400 3938 καὶ
1462 3884 1646 3960 ἁγίους
1689 3889 1757 3959 τῇ
1791 3889 1887 3940 τοῦ

226 3975 384 4050 ἁγίου
445 3973 760 4045 υνεὺματος
815 3971 1185 4050 ἐπιφοιτήσει,
1244 3973 1333 4027 καὶ
1423 3972 1595 4034 οὕτως
1654 3972 1888 4044 ἠλευθὲο

226 4084 371 4136 ρωσε
427 4063 646 4118 πάντων
697 4067 805 4118 τῶν
857 4067 1060 4117 κακῶν.
1121 4066 1345 4117 «Τοῦτο
1401 4061 1502 4137 γὰρ
1536 4061 1669 4132 ἐστι,
1703 4066 1889 4140 φησὶν,

225 4156 260 4221 ἡ
292 4150 708 4226 ἂπολὺτρωσις.
768 4152 904 4218 Ἵνα,
955 4149 1140 4212 καθὼς
1197 4152 1522 4228 γέγραπται,
1582 4153 1610 4206 ὁ
1664 4153 1890 4232 καυχώο

231 4263 397 4315 μενος
454 4240 508 4296 ἐν
564 4240 742 4314 Κυρίῳ
799 4240 1112 4316 καυχάσθω.
1150 4262 1172 4291 ι
1241 4240 1436 4306 Πάντα,
1499 4241 1655 4319 φησὶ,
1703 4238 1892 4317 γέγονε

227 4327 544 4397 ταῦτα,’ίνα
597 4327 790 4403 μηδεὶς
849 4329 1035 4385 ἑαυτὸν
1092 4327 1228 4384 εἶναί
1285 4349 1336 4383 τι
1395 4327 1614 4402 νομίζῃ,
1646 4327 1786 4402 μηδὲ
1815 4329 1890 4392 εἷς

229 4421 425 4476 ἑαυτὸν
485 4424 821 4494 καυχῶνται,
882 4417 1011 4473 ἀλλ’
1095 4417 1172 4480 εἷς
1229 4418 1320 4472 τὸν
1381 4418 1533 4476 Θεὸν.
1593 4418 1892 4476 Αἶνίττεται

235 4508 293 4565 δὲ
367 4509 591 4571 αὑτούς.
670 4510 835 4564 Ἦσαν
909 4508 1011 4584 γὰρ
1085 4528 1228 4571 τινες
1333 4505 1542 4582 μεγάλα
1629 4514 1895 4585 φρονοῦν-

233 4619 322 4661 τες
334 4643 347 4656 .

307 4687 477 4763 Κάγὼ
551 4686 725 4750 ἐλθὼν
801 4686 938 4760 πρὸς
1017 4686 1177 4757 ὑμᾶς,
1254 4683 1504 4766 ἀδελφοὶ,
1582 4684 1754 4756 ἦλθον
1829 4685 1891 4741 οὑ

239 4781 358 4842 καθ’
466 4777 745 4852 ὑπεροχὴν
837 4775 1007 4851 λόγου
1081 4778 1116 4847 ἢ
1193 4775 1405 4845 σοφίας,
1506 4773 1892 4852 καταγγέλλων

240 4869 371 4940 ὑμῖν
429 4866 492 4920 τὸ
554 4865 847 4941 μαρτύριον
899 4869 994 4920 τοῦ
1052 4870 1206 4922 Θεοῦ.
1267 4866 1342 4920 Οὑ
1396 4869 1500 4941 γὰρ
1557 4862 1740 4938 ἔκρινα
1796 4870 1893 4920 τοῦ

238 4957 449 5015 εἱδέναι
471 4979 522 5013 τι
567 4957 616 5012 ἐν
677 4959 805 5030 ὑμῖν
861 4957 904 5012 εἰ
968 4959 1043 5032 μὴ
1103 4959 1313 5030 Ἰησοῦν
1368 4959 1733 5032 Χριστὸν,καῖ
1765 4963 1891 5012 τοῦ-

237 5071 340 5106 τον
375 5049 808 5123 ἐσταυρωμένον.

307 5139 568 5214 Εἶρηκὼς
607 5138 691 5192 ’ὁτι
745 5139 779 5207 ἡ
841 5135 1002 5214 σοφία
1059 5136 1372 5212 ἐμωράνθη,
1405 5137 1496 5192 καὶ
1528 5137 1579 5192 οἱ
1611 5134 1896 5200 δοκοῦντες

240 5229 422 5304 μωροὶ
472 5226 811 5302 ἐξελὲγησαν,
886 5227 1238 5300 προστίθησι·
1301 5226 1398 5280 Καὶ
1457 5225 1564 5302 ἐγὼ
1623 5224 1678 5281 δὲ
1735 5226 1895 5288 αὑτὸς

239 5320 491 5391 ὀκῆρυξ,
551 5317 652 5372 οὑκ
707 5315 878 5384 ἦλθον
938 5313 1340 5390 συλλογισμοῖς
1372 5317 1896 5388 παρεσκευασμένος,

235 5410 330 5463 καὶ
389 5407 556 5481 copi;
613 5405 943 5480 ἀνθρωπίνῃ,
1005 5403 1160 5477 φησί.
1217 5429 1244 5455 ιι
1299 5404 1478 5477 Λόγου
1535 5403 1571 5474 ἤ
1623 5407 1834 5482 σοφίας.
1870 5427 1896 5455 »

240 5497 309 5553 Τί
341 5496 468 5573 γὰρ,
502 5493 549 5549 εἰ
576 5495 665 5549 καὶ
717 5490 1006 5562 ἠθέλησεν,
1064 5488 1322 5561 ἠδύνατο,
1356 5491 1501 5546 ε’ἶποι
1535 5512 1640 5559 τις,
1671 5493 1733 5547 τὸ
1763 5493 1898 5547 εἶναι

242 5584 293 5641 ἐν
357 5585 562 5663 σοφίας
621 5581 795 5643 Αὐτὸς
855 5581 948 5653 μὲν
1007 5580 1106 5635 οὑκ
1161 5577 1416 5650 ἠδύνατο,
1466 5581 1494 5634 ὁ
1554 5577 1610 5634 δὲ
1668 5582 1900 5655 Χριστὸς

241 5673 483 5746 ἠδύνατο
542 5672 708 5728 αὑτὸν
759 5677 989 5740 ποιῆσαι
1051 5671 1237 5750 σοφὸν,
1295 5670 1341 5724 εἰ
1399 5669 1691 5741 ἠθέλησεν,
1750 5695 1778 5722 ‹‹
1824 5672 1900 5727 Τὸ

248 5764 550 5842 μαρτύριον
584 5765 684 5818 τοῦ
731 5763 884 5815 Θεοῦ.
940 5782 970 5811 ››
1019 5759 1254 5816 Θάνατον
1305 5758 1405 5838 γὰρ
1453 5760 1667 5838 περιήει
1697 5757 1900 5838 κηρὺσο

1994 3357 2255 3428 seipsum
2287 3355 2458 3410 nobis
2481 3354 2662 3410 dedit.
2689 3355 2833 3409 Cum
2857 3371 3072 3426 magna
3101 3354 3173 3409 de
3205 3353 3350 3408 Filio
3379 3353 3648 3422 dixisset,

1991 3451 2197 3517 utpote
2225 3444 2383 3515 quod
2415 3443 2708 3516 sapientia
2737 3448 2915 3509 esset,
2938 3442 3287 3514 justificatio
3321 3459 3388 3497 ac
3421 3440 3649 3496 redem-

1995 3535 2140 3607 ptio,
2174 3533 2372 3589 addit:
2408 3556 2435 3581 ‹‹
2471 3537 2504 3587 Α
2533 3534 2672 3601 Deo,
2700 3555 2727 3582 »
2751 3549 2824 3587 ne
2857 3532 3188 3605 ingenitum
3219 3547 3355 3587 eum
3388 3533 3648 3603 suspice-

1994 3625 2097 3680 ris.
2133 3645 2161 3674 «
2193 3625 2271 3679 Ac
2303 3623 2656 3694 redemptio.
2693 3645 2721 3672 ››
2755 3622 2896 3676 Vide
2955 3638 3070 3693 quo
3103 3621 3310 3676 ordine
3343 3621 3645 3692 procedat.

1995 3714 2259 3769 Primum
2292 3712 2532 3783 quidem
2567 3713 2867 3782 sapientes
2891 3711 3156 3766 efficiens
3179 3710 3250 3765 ab
3274 3727 3473 3764 errore
3496 3711 3648 3764 libe-

1995 3805 2163 3870 ravit,
2190 3810 2246 3859 et
2268 3803 2620 3873 tuncjustos
2648 3808 2705 3856 et
2736 3807 2970 3856 sanctos
2994 3801 3448 3871 superventione
3474 3800 3651 3870 Spiri-

1998 3898 2092 3948 tus
2123 3893 2310 3948 sancti
2346 3891 2622 3957 reddidit,
2649 3896 2706 3944 et
2727 3891 2809 3944 ita
2835 3907 2866 3944 a
2889 3891 3117 3944 cunctis
3144 3889 3317 3943 malis
3348 3889 3649 3953 liberavit;

1997 3999 2139 4039 nam
2171 3982 2283 4036 hoc
2310 3986 2397 4035 est
2426 3980 2781 4050 redemptio.
2814 4001 2841 4028 ‹‹
2867 3981 2960 4042 Ut,
2988 3977 3488 4049 quemadmodum
3514 3979 3655 4033 scri-

1998 4077 2165 4145 ptum
2196 4076 2305 4131 est.
2353 4070 2452 4140 qui
2512 4069 2799 4141 gloriatur
2855 4067 2917 4123 in
2973 4067 3221 4122 Domino
3281 4067 3584 4139 glorietur.
3627 4092 3647 4116 1

2001 4161 2230 4226 Omnia,
2254 4159 2467 4230 inquit,
2489 4158 2613 4213 haec
2635 4157 2787 4213 facta
2806 4163 2962 4224 sunt,
2987 4162 3050 4212 ut
3072 4173 3246 4211 nemo
3267 4157 3526 4226 seipsnm
3551 4157 3655 4212 ali-

2002 4250 2144 4323 quid
2167 4266 2293 4304 esse
2317 4248 2837 4319 existimet,neque
2857 4247 2917 4302 in
2938 4247 3131 4317 seipse
3152 4245 3566 4318 glorietur,sed
3593 4247 3652 4301 in

2001 4338 2386 4397 Deo.0cculte
2410 4344 2602 4394 autem
2630 4338 2790 4409 ipsos
2812 4342 3008 4402 notat;
3030 4351 3166 4391 nam
3191 4342 3360 4390 erant
3378 4335 3652 4391 nonnulli

2003 4429 2414 4501 superbientes
2445 4434 2502 4482 et
2535 4427 2692 4482 elati.

2076 4688 2146 4755 II,
2179 4691 2286 4742 1-2.
2323 4707 2343 4734 ι
2367 4689 2435 4742 Et
2457 4703 2560 4760 ego
2580 4701 2716 4741 cum
2738 4685 3031 4740 venissem
3055 4684 3128 4740 ad
3148 4700 3270 4751 vos,
3286 4684 3658 4750 fratres,veni

2004 4778 2256 4834 «nonin
2285 4777 2638 4832 excellentia
2662 4775 2956 4830 sermonis
2981 4780 3082 4828 aut
3100 4774 3408 4844 sapientiae
3431 4791 3660 4830 annun-

2005 4891 2033 4919 «
2061 4868 2213 4923 tians
2241 4867 2406 4921 vobis
2439 4865 2849 4921 testimonium
2883 4863 3006 4918 Dei.
3042 4865 3167 4918 Non
3202 4865 3363 4920 enim
3399 4865 3658 4935 judicavi

2009 4979 2030 5006 σ
2058 4973 2152 5011 me
2177 4957 2326 5011 scire
2347 4954 2670 5026 quidquam
2694 4953 2849 5007 inter
2869 4969 2968 5006 vos
2988 4952 3099 5007 nisi
3123 4953 3321 5008 Jesum
3342 4953 3657 5017 Christum,

2005 5069 2032 5097 ιι
2061 5052 2118 5100 et
2140 5047 2296 5101 hunc
2329 5043 2702 5098 crucifixum.

2077 5136 2222 5190 Cum
2257 5133 2503 5187 dixisset
2531 5130 2687 5202 quod
2711 5131 3004 5199 sapientia
3029 5132 3316 5187 infatuata
3342 5135 3449 5195 est,
3480 5135 3537 5184 et
3563 5130 3661 5200 qui

2007 5225 2172 5280 stulti
2204 5223 2555 5277 videbantur
2589 5221 2800 5276 delecti
2853 5227 3010 5288 sunt,
3044 5222 3207 5276 addit
3237 5238 3250 5274 :
3284 5223 3350 5274 Et
3382 5236 3485 5290 ego
3514 5220 3662 5290 ipse,

2008 5315 2107 5385 qui
2142 5329 2332 5384 praeco
2368 5328 2497 5367 sum
2526 5317 2583 5367 et
2606 5309 2976 5382 praedicator,
3005 5328 3124 5365 non
3152 5310 3280 5364 veni
3307 5309 3666 5380 syllogismis

2009 5404 2334 5457 instructus
2365 5406 2466 5455 aut
2501 5401 2761 5454 humana
2820 5399 3128 5469 sapientia.
3166 5422 3190 5446 ‹‹
3229 5398 3531 5452 Sermonis
3562 5404 3664 5454 aut

2011 5491 2337 5563 sapientia.
2376 5513 2401 5539 ››
2435 5489 2584 5554 Quid
2619 5489 2798 5546 enim.
2833 5488 3012 5541 etiam
3045 5487 3093 5542 si
3136 5486 3667 5543 voluisset.dixerit

2012 5580 2330 5652 quispiam.
2357 5596 2500 5634 num
2528 5579 2587 5632 in
2616 5577 2907 5649 sapientia
2933 5577 3149 5630 versari
3182 5577 3518 5648 potuisset?
3540 5580 3664 5648 Ipse

2013 5670 2254 5743 quidem
2288 5685 2406 5723 non
2441 5669 2750 5741 potuisset,
2779 5673 2837 5722 at
2861 5667 3127 5721 Christus
3150 5667 3438 5738 potuisset
3470 5667 3664 5738 ipsum

2014 5759 2345 5832 sapientem
2401 5759 2633 5816 efﬁcere
2693 5757 2743 5814 si
2802 5756 3104 5814 voluisset.
3167 5780 3195 5808 «
3237 5757 3664 5814 Testimonium
