4106 6252
425 296 553 365 650

1529 291 1954 359 (ECUMENII
2000 292 2310 359 TRICCzE
2354 298 2706 366 EPISCOPI

3736 307 3855 370 660

440 431 565 490 Dei.
601 451 629 482 υ
684 430 930 486 Mortem
990 424 1151 483 enim
1190 423 1407 482 Christi
1437 425 1814 499 praedicando
1847 444 2087 485 annun-

2227 452 2310 489 των
2340 434 2595 510 Χριστοῦ.
2645 437 2736 494 Διὸ
2792 437 3089 515 μαρτύριον
3146 436 3306 496 αὐτὸν
3363 434 3544 496 καλεῖζ
3587 461 3617 495 ι
3646 437 3725 499 Οὐ
3755 438 3853 520 γὰρ

437 522 642 584 tiabat,
678 519 810 574 ideo
869 516 1034 572 illam
1094 516 1356 589 appellat
1410 518 1837 575 testimonium.
1896 521 2086 574 «Non

437 612 597 668 enim
623 608 903 681 judicavi.
937 628 964 656 ››
1010 607 1243 661 Etenim
1305 623 1408 680 ego
1457 608 1568 663 hoc
1614 608 1840 675 censui,
1874 608 2090 679 inquit,

434 706 585 761 481
623 700 927 773 (quoniam
951 704 1009 755 et
1031 699 1299 755 Christus
1322 701 1546 771 statuit)
1569 707 1633 756 ut
1664 702 1790 757 sine
1815 701 2091 774 eloquen-

434 796 518 851 tia
541 793 948 866 praedicarem.
976 813 1002 840 ‹‹
1032 790 1151 845 Nisi
1177 792 1377 846 Jesum
1409 791 1728 847 Christum.
1756 814 1784 841 »
1816 794 2092 860 Externa,

435 883 655 954 inquit.
687 897 804 936 non
856 879 972 934 fuit
1020 878 1167 933 mihi
1219 896 1367 950 opus
1419 881 1731 952 sapientia,
1766 881 1867 936 sed
1902 882 2097 937 solum

439 973 738 1029 Christum
764 967 1095 1041 przedicavi,
1123 968 1359 1023 ethunc
1386 970 1734 1026 cruciﬁxum
1760 986 1774 1028 :
1809 976 1866 1025 et
1898 976 2095 1026 tamen

440 1062 710 1117 omnium
743 1058 1101 1130 sapientium
1135 1075 1239 1113 ora
1268 1058 1558 1114 obturavi.

513 1153 583 1218 II,
615 1152 731 1206 3-5.
758 1174 784 1200 (ι
812 1151 881 1205 Et
903 1166 1006 1223 ego
1038 1149 1101 1204 in
1132 1149 1543 1205 imbecillitate
1567 1155 1625 1205 et
1646 1150 1858 1207 timore
1880 1167 1947 1207 ac
1970 1155 2097 1207 tre-

446 1263 475 1294 ‹‹
508 1257 671 1298 more
722 1240 911 1295 multo
967 1246 1231 1294 versatus
1286 1256 1417 1294 sum
1469 1240 1625 1312 apud
1658 1243 1854 1298 vos.Et
1904 1258 2098 1297 sermo

443 1355 472 1383 «
504 1348 675 1387 meus
705 1347 773 1385 ac
811 1328 1153 1402 praedicatio
1204 1345 1337 1384 mea
1381 1347 1500 1385 non
1550 1330 1661 1385 fuit
1708 1332 2103 1403 persuasoriis

449 1446 469 1472 ι
499 1423 776 1477 humanas
800 1420 1107 1493 sapientiae
1130 1420 1345 1487 verbis,
1371 1421 1473 1476 sed
1503 1421 1562 1476 in
1604 1423 1947 1478 ostensione
1975 1423 2101 1494 Spi-

451 1535 472 1564 ι
503 1512 653 1568 ritus
682 1529 749 1568 ac
781 1511 1064 1583 potentia)
1089 1528 1100 1564 :
1128 1517 1194 1565 ut
1223 1510 1371 1567 ﬁdes
1402 1518 1596 1567 vestra
1626 1530 1745 1568 non
1780 1514 1853 1568 sit
1887 1531 1991 1580 per
2017 1529 2106 1568 sa-

449 1622 480 1658 ιι
512 1604 799 1676 pientiam
832 1602 1165 1661 hominum.
1199 1601 1302 1655 sed
1331 1619 1436 1673 per
1466 1603 1794 1674 potentiam
1826 1603 1952 1658 Dei.
1985 1625 2014 1654 ››

520 1695 665 1749 Nam
685 1691 982 1764 quomodo
1004 1707 1124 1745 non
1147 1689 1631 1746 imbecilliscum
1654 1709 1688 1748 a
1709 1692 2111 1765 totmagistra-

2195 518 2400 599 ἔκρινα.
2436 549 2465 577 ››
2499 527 2595 582 Καὶ
2623 529 2727 604 γὰρ
2781 529 2892 607 ἐγὼ
2946 533 3110 584 τοῦτο
3168 528 3461 603 ἐδοκίμασα
3509 528 3734 605 (ἐπειδὴ
3765 518 3851 585 καί

2197 616 2226 670 6
2283 619 2564 693 Χριστὸς),
2616 620 2677 673 τὸ
2735 621 2879 689 ἄνευ,
2958 623 3143 699 φησὶν,
3204 621 3545 697 εὐγλωττίας
3598 622 3855 699 κηρῦξαι.

2204 731 2224 757 ι
2262 706 2326 763 Εἰ
2389 710 2464 781 μή
2528 710 2733 776 Ἰησοῦν
2796 712 3052 784 Χριστόν.
3114 736 3135 764 ι
3194 717 3311 782 Τῆς
3372 708 3597 783 ἔξωθεν,
3672 713 3856 787 φησὶν,

2202 795 2299 852 οὐκ
2328 794 2557 870 ἐδεήθην
2617 800 2829 879 σοφίας,
2888 799 3033 857 ἀλλά
3099 802 3260 874 μόνον
3313 803 3546 878 Χριστὸν
3606 801 3858 878 ἐκήρυξα,

2199 888 2289 941 καὶ
2320 891 2511 945 τοῦτον
2571 888 3003 965 ἐσταυρωμένον,
3060 893 3148 948 καὶ
3207 895 3360 966 ὅμως
3418 894 3672 966 πάντων³
3714 893 3862 971 φησί,

2199 981 2308 1032 τῶν
2335 985 2514 1058 σοφῶν
2549 979 2800 1059 ἐνέφραξα
2829 981 2896 1039 τὰ
2924 982 3193 1056 στόματα.

2276 1143 2377 1200 Καὶ
2436 1144 2545 1219 ἐγὼ
2600 1145 2653 1200 ἐν
2711 1144 2950 1217 ἀσθενείᾳ
3006 1145 3096 1201 καὶ
3148 1144 3201 1201 ἐν
3260 1141 3416 1221 φόϐῳ
3473 1144 3573 1201 καὶ
3634 1145 3693 1201 ἐν
3746 1145 3864 1217 τρό-

2211 1255 2295 1307 μῳ
2352 1233 2554 1309 πολλῷ
2638 1234 2908 1313 ἐγενόμην
2989 1236 3128 1300 πρὸς
3200 1236 3361 1309 ὑμᾶς,
3446 1235 3559 1292 Καὶ
3619 1236 3649 1290 6
3711 1232 3867 1309 λόγος

2209 1345 2315 1396 μου
2370 1325 2457 1379 καὶ
2517 1325 2579 1379 τὸ
2632 1325 2893 1400 κήρυγμά
2954 1347 3080 1399 μου,
3135 1324 3235 1381 οὐκ
3286 1323 3340 1381 ἐν
3398 1327 3622 1387 πιθοῖς
3674 1324 3871 1398 ἀνθρω·

2208 1412 2367 1484 πίνης
2423 1413 2613 1491 σοφίας
2673 1412 2885 1489 λόγοις,
2962 1414 3088 1470 ἀλλ’
3149 1415 3201 1470 ἐν
3260 1411 3532 1486 ἀποδείξει
3623 1415 3873 1489 Πνεῦμα-

2208 1526 2301 1568 τος
2331 1503 2421 1559 καὶ
2481 1502 2786 1579 δυνάμεως,
2843 1506 2931 1560 ’ἱνα
2989 1508 3024 1575 ἡ
3084 1505 3267 1567 πίστις
3322 1508 3475 1581 ὑμῶν
3514 1506 3597 1581 μὴ
3631 1503 3672 1581 ᾖ
3701 1504 3757 1560 ἐν
3788 1526 3876 1559 σο-

2211 1594 2309 1675 φίᾳ
2339 1594 2657 1670 ἀνθρῶπων,
2690 1593 2818 1652 ἀλλ’
2848 1595 2902 1651 ἐν
2935 1594 3159 1670 δυνάμει
3187 1598 3343 1654 Θεοῦ.

2283 1688 2471 1760 [ΦΩ1.]
2532 1688 2658 1747 ΙῙῶς
2719 1685 2823 1763 γὰρ
2881 1686 2988 1742 οὐκ
3046 1687 3298 1755 ἀσθενὴς,
3362 1687 3391 1741 6
3447 1686 3558 1742 ὗπό
3603 1687 3876 1743 τοσούτων

450 1782 611 1839 tibus
634 1782 1084 1854 persecutiones
1110 1780 1475 1835 sustineret?
1503 1783 1757 1836 Tantum
1789 1798 1909 1837 non
1928 1782 2111 1837 dicit:

2227 1772 2490 1830 δυναστῶν
2521 1772 2897 1849 διωκόμενος;
2959 1776 3280 1850 Μονονουχῖ
3342 1774 3552 1854 λέγων,
3589 1777 3663 1834 Τί
3711 1798 3875 1853 προσ-

449 1876 523 1932 Ut
553 1874 695 1945 quid
723 1889 826 1928 vos
857 1873 1017 1943 ipsos
1042 1870 1272 1927 traditis
1297 1870 1540 1941 quidam
1564 1872 1955 1943 sapientibus,
1976 1872 2103 1943 qui-

448 1964 585 2019 dam
615 1979 752 2018 vero
782 1960 1127 2034 potentibus
1153 1978 1167 2027 ;
1195 1976 1338 2013 num
1366 1959 1492 2014 haec
1519 1960 1825 2031 quidpiam
1857 1961 1931 2016 ad
1964 1979 2108 2033 pra:-

449 2052 808 2108 dicationem
842 2049 1176 2116 conferunt,
1210 2065 1423 2121 nempe
1465 2066 1760 2121 apparens
1792 2050 2105 2122 sapientia,

450 2139 668 2196 divitiae
700 2142 758 2192 et
783 2136 1049 2209 potentia
1069 2137 1096 2192 ?
1121 2136 1498 2192 Considerate
1522 2138 1817 2209 quomodo
1849 2138 2107 2194 venerim

450 2228 620 2285 vobis
642 2225 1149 2299 praedicansNum
1169 2225 1229 2279 in
1249 2224 1580 2297 sapientia?
1598 2225 1709 2280 Sed
1732 2243 2108 2299 nequaquam

453 2319 566 2373 hoc
597 2315 791 2371 dicere
821 2314 1095 2386 possetis.
1130 2318 1220 2369 An
1268 2313 1331 2368 in
1384 2318 1696 2386 potentatu
1717 2315 1745 2370 ?
1772 2315 1950 2387 Atqui
1981 2320 2107 2371 tre-

454 2423 626 2464 mens
656 2422 724 2462 ac
753 2405 994 2471 timens,
1054 2403 1387 2475 plenusque
1447 2404 1630 2460 minis
1688 2405 1997 2461 intentatis
2030 2406 2113 2460 ita

456 2495 850 2570 praedicabam
882 2494 1040 2549 inter
1060 2511 1181 2552 vos.
1206 2494 1323 2549 Cur
1344 2511 1480 2567 ergo
1501 2511 1602 2549 vos
1630 2500 1868 2567 sumpta
1896 2495 2110 2550 horum

455 2586 773 2655 oblivione,
810 2583 1109 2656 sapientes
1141 2587 1200 2639 et
1230 2582 1437 2638 divites
1467 2600 1534 2639 ac
1565 2589 1843 2655 potentes
1864 2584 2113 2655 requiri-

452 2676 615 2744 tis,et
634 2675 742 2731 bos
763 2673 928 2729 vobis
960 2678 1356 2744 praseeptores
1384 2678 1441 2727 et
1470 2673 1743 2727 doctores
1775 2673 2066 2728 exhibetis
2087 2674 2114 2728 ?

459 2786 484 2819 ιι
512 2767 582 2820 Et
608 2766 843 2819 timore.
881 2784 908 2811 ››
957 2763 1083 2817 Non
1136 2761 1353 2828 solum,
1386 2761 1601 2831 inquit,
1635 2761 1781 2815 mihi
1814 2778 1962 2832 opus
1991 2778 2113 2817 non

451 2855 565 2911 fuit
592 2852 886 2925 sapientia
916 2855 982 2906 ut
1012 2850 1426 2922 praedicarem,
1448 2866 1650 2905 verum
1679 2850 1858 2905 etiam
1884 2867 2019 2905 cum
2050 2850 2113 2906 in

452 2942 641 3000 multo
665 2957 856 2998 essem
882 2940 1093 2995 timore
1116 2956 1182 2994 ac
1205 2943 1463 2995 tremore
1486 2944 1728 3011 propter
1748 2941 2116 3012 persecutio-

451 3051 582 3101 nes,
602 3033 685 3090 ita
708 3037 909 3088 tamen
930 3030 1270 3103 praedicavi,
1297 3030 1455 3102 quod
1478 3048 1627 3103 opus
1647 3031 1897 3086 multam
1921 3036 2114 3087 osten-

452 3124 539 3181 dit
568 3122 896 3195 potentiam
946 3120 1160 3187 crucis,
1210 3120 1351 3192 quia
1399 3122 1461 3175 in
1510 3120 1770 3176 ruditate
1801 3137 1869 3177 ac
1900 3121 2111 3176 timore

2217 1864 2459 1939 ενείματε
2490 1867 2737 1937 ἑαυτοὺς,
2787 1866 2839 1920 οἱ
2898 1867 2992 1938 μὲν
3047 1872 3163 1929 τοῖς
3217 1871 3426 1945 σοφοῖς,
3459 1867 3512 1922 οἱ
3552 1864 3614 1922 δὲ
3644 1873 3768 1930 τοῖς
3796 1865 3877 1923 δυ-

2215 1961 2436 2024 νατοῖςς
2473 1957 2564 2026 Μή
2599 1978 2653 2012 τι
2693 1960 2862 2011 ταῦτα
2919 1951 3299 2028 συμϐάλλεται
3330 1958 3464 2033 πρὸς
3490 1957 3563 2014 τὸ
3596 1960 3867 2035 κήρυγμα,

2217 2047 2251 2113 ἡ
2286 2042 2518 2100 δοκοῦσα
2571 2045 2733 2121 σοφία
2789 2046 2877 2101 καὶ
2939 2046 2967 2099 ὁ
3016 2045 3257 2110 πλοῦτος
3311 2048 3401 2102 καὶ
3432 2049 3469 2118 ἡ
3504 2045 3767 2123 δύναμις,
3799 2047 3874 2105 ιν-

2217 2135 2500 2206 θυμήθητε
2554 2139 2674 2198 πῶς
2727 2132 2902 2205 ἦλθον
2961 2134 3248 2210 κηρύσσων
3322 2136 3469 2207 ὑμῖν.
3526 2138 3624 2194 Ἐν
3686 2136 3875 2210 σοφίᾳς

2218 2220 2344 2279 ἀλλ’
2376 2223 2476 2278 οὐκ
2503 2221 2561 2278 ἄν
2590 2217 2777 2299 ἔχοιτε
2830 2228 2994 2280 τοῦτο
3045 2224 3233 2281 εἰπεῖν.
3267 2224 3427 2283 Ἀλλ’
3458 2225 3510 2280 ἐν
3547 2223 3834 2298 δυναστείᾳ
3860 2245 3873 2294 ς

2216 2313 2306 2368 καὶ
2363 2313 2473 2388 μὴν
2528 2313 2743 2388 τρὲμων
2804 2313 2892 2368 καὶ
2978 2311 3163 2393 φόϐων
3222 2316 3310 2370 καὶ
3372 2313 3622 2371 ἀπειλῶν
3681 2315 3873 2391 γέμων,

2218 2402 2393 2465 οὕτως
2425 2402 2720 2479 ἐκήρυσσον
2777 2402 2830 2459 ἐν
2881 2405 3032 2480 ὑμῖν.
3084 2405 3152 2462 Τί
3207 2405 3300 2460 οῦν
3331 2405 3490 2479 ὑμεῖς
3530 2408 3743 2463 τούτων
3775 2405 3873 2477 λή-

2218 2494 2316 2562 θην
2378 2486 2658 2563 λαϐόντες,
2721 2492 2924 2571 σοφοὺς
2977 2495 3068 2548 καὶ
3124 2492 3425 2558 πλουσίους
3483 2496 3579 2551 καὶ
3622 2492 3867 2558 δυνάστας

2222 2580 2549 2651 ἐπιζητεῖτε,
2609 2582 2699 2636 καὶ
2757 2581 2987 2645 τούτους
3047 2585 3173 2657 ὑμῖν
3236 2581 3604 2648 διδασκάλους
3631 2584 3713 2640 καὶ
3736 2595 3864 2649 καθ-

2219 2669 2431 2745 ηγητάς
2464 2669 2862 2747 ἀποφαίνεσθε;
2924 2696 2951 2723 ‹‹
2988 2672 3088 2729 Καὶ
3150 2670 3204 2728 ἐν
3264 2668 3444 2751 φόϐῳ.
3480 2699 3509 2725 υ
3567 2676 3647 2732 Οὐ
3682 2673 3857 2747 μόνον,

2221 2758 2406 2834 φησὶν,
2440 2758 2540 2813 οὐκ
2570 2756 2798 2831 ἐδεήθην
2834 2759 3026 2837 σοφίας
3084 2760 3158 2824 εἷς
3212 2762 3275 2817 τὸ
3330 2762 3583 2839 κηρύξαι,
3612 2761 3748 2819 ἀλλά
3768 2761 3848 2817 καί

2221 2846 2275 2903 ἓν
2310 2842 2464 2925 φόϐῳ
2493 2849 2585 2903 καὶ
2612 2850 2807 2925 τρόμῳ
2865 2849 2939 2904 ὢν
3000 2848 3199 2923 πολλῷ
3249 2848 3340 2906 διὰ
3392 2852 3513 2915 τοὺς
3564 2850 3837 2926 διωγμοὺς,

2222 2937 2396 2999 οὓτως
2452 2937 2707 3012 ἒκήρυξα,
2762 2937 2894 3015 ὅπερ
2950 2937 3170 3009 πολλὴν
3229 2937 3456 2997 δείκνυσι
3496 2943 3586 3009 τήν
3619 2940 3825 3012 δύναμιν

2220 3032 2317 3083 τοῦ
2349 3034 2601 3105 σταυροῦ,
2636 3029 2719 3085 ὅτι
2768 3029 2819 3085 ἐν
2867 3028 3114 3103 ἰδιωτείᾳ
3141 3032 3232 3086 καὶ
3282 3028 3429 3106 φόϐῳ
3455 3026 3833 3105 κηρυσσῦμενος

2222 3120 2470 3195 κατέσχε.
2534 3114 2882 3176 Καταϐἀλλει
2940 3117 2999 3176 δε
3049 3123 3175 3183 τοὺς
3226 3126 3357 3197 παρ’
3410 3122 3583 3184 αὐτοῖς
3638 3118 3843 3198 σοφοὺς,

450 3180 832 3286 praedicando
884 3180 1285 3282 praavaluerit.
1346 3214 1457 3265 Eos
1516 3211 1796 3283 deprimit
1828 3212 1926 3283 qui
1956 3211 2111 3282 apud

2389 3180 2423 3195 η
3163 3180 3173 3183 -
3306 3180 3316 3197 .
3573 3180 3583 3184 ν
3716 3180 3727 3198 .
3814 3180 3843 3191 γ.

2227 3205 2437 3271 δεικνὺς
2468 3210 2610 3264 πόσα
2670 3211 2764 3283 μὶν
2823 3213 2889 3280 ἦν
2948 3211 3015 3264 τὰ
3071 3210 3374 3284 κωλύματα
3416 3212 3509 3267 τοῦ
3534 3208 3855 3276 πιστευθῆναι

457 3306 620 3378 ipsos
653 3304 950 3376 sapientes
1011 3308 1218 3357 erant:
1280 3302 1600 3357 ostendens
1644 3308 1869 3374 quanta
1901 3303 2122 3358 fuerint

463 3393 771 3452 obstacula
796 3390 1188 3463 impedientia
1218 3407 1292 3445 ne
1324 3392 1668 3446 crederetur
1686 3391 2116 3463 preedicationi.

463 3488 522 3541 et
545 3488 743 3539 tamen
772 3480 1067 3536 creditum
1091 3484 1199 3536 est.
1226 3502 1253 3529 ‹‹
1279 3481 1403 3534 Non
1425 3481 1842 3551 persuasoriis.
1869 3504 1896 3531 ››
1920 3483 2119 3552 Neque

463 3572 625 3631 enim
653 3569 997 3642 praedicatio
1017 3568 1354 3623 adulterata
1375 3574 1501 3623 erat
1522 3586 1629 3641 per
1659 3575 1964 3625 externam
1997 3570 2121 3625 elo-

462 3660 767 3735 quentiam
822 3663 925 3714 aut
975 3656 1393 3713 eruditionem.
1448 3679 1476 3709 «
1529 3657 1640 3712 Sed
1684 3659 1746 3713 in
1779 3659 2118 3713 ostensione

461 3750 734 3824 Spiritus.
768 3771 796 3800 «
830 3750 975 3805 Nam
1006 3764 1113 3819 per
1153 3747 1435 3819 Spiritum
1468 3753 1739 3803 sanctum
1771 3752 1828 3803 et
1859 3748 2024 3821 signa
2055 3764 2120 3805 ac

459 3843 705 3897 virtutes
728 3855 858 3910 quae
878 3836 949 3894 ab
974 3854 1040 3893 eo
1065 3836 1713 3905 sunt,demonstramus
1736 3842 1936 3909 aperte
1961 3838 2118 3909 quod

462 3948 599 3988 vera
629 3930 918 3997 dicamus,
952 3930 1009 3983 et
1037 3944 1142 3998 per
1171 3926 1287 3981 vim
1315 3943 1380 3982 ac
1412 3927 1739 3998 potentiam
1770 3944 1899 3999 quae
1933 3929 2119 3983 exerit

464 4037 527 4079 se
558 4021 621 4076 in
647 4019 841 4075 nobis.
883 4037 904 4066 ι
940 4018 1013 4073 Ut
1044 4015 1194 4071 ﬁdes
1241 4020 1435 4072 vestra
1466 4034 1588 4072 non
1619 4018 1714 4072 sit.
1750 4039 1778 4066 »
1808 4018 2042 4072 Etenim
2070 4018 2119 4072 si

462 4128 571 4186 per
591 4111 914 4164 humanam
935 4106 1147 4163 fuisset
1169 4107 1545 4179 sapientiam,
1569 4106 1828 4179 suspicio
1848 4107 2118 4163 fortassis

464 4199 671 4257 haberi
694 4198 987 4270 potuisset
1009 4195 1166 4269 quod
1189 4213 1296 4268 per
1317 4195 1719 4268 eloquentiam
1743 4204 2082 4268 superasset
2105 4215 2120 4268 ;

463 4308 624 4351 nunc
653 4308 789 4346 vero
821 4306 958 4345 cum
988 4305 1096 4361 per
1125 4287 1292 4360 signa
1321 4288 1399 4342 sit
1423 4294 1480 4343 et
1510 4289 1779 4357 virtutes,
1813 4288 2120 4344 certitudi-

2226 3299 2288 3354 τὸ
2343 3300 2624 3375 κήρυγμα,
2685 3304 2803 3362 πῶς
2855 3295 2912 3355 δὲ
2970 3298 3305 3372 ἐπιστεύθης
3366 3327 3393 3355 (ι
3427 3300 3543 3360 Οὐκ
3588 3300 3647 3357 ἐν
3673 3301 3862 3362 πειθοῖς

2231 3387 2595 3464 ἀνθρωπίνης.
2631 3413 2659 3441 ››
2686 3389 2762 3448 Οὐ
2792 3390 2895 3465 γὰρ
2951 3389 3017 3458 ἦν
3076 3391 3138 3446 τὸ
3195 3393 3458 3470 κηρυγμα
3494 3389 3862 3472 σεσοφισμένον

2231 3475 2320 3533 διὰ
2351 3481 2449 3543 τῆς
2481 3473 2669 3549 ἔξωθεν
2732 3477 3068 3553 εὐγλωττίας
3125 3479 3215 3534 καὶ
3272 3477 3636 3545 παιδεύσεως.
3670 3506 3698 3533 α
3727 3477 3869 3535 Ἀλλ’

2230 3569 2280 3624 ὲν
2317 3565 2583 3640 ἀποδείξει
2617 3569 2956 3643 Πνεύματος.
2998 3592 3027 3621 ››
3086 3569 3183 3625 Διὰ
3239 3570 3341 3646 γὰρ
3391 3575 3487 3626 τοῦ
3526 3572 3690 3645 ἁγίου
3721 3568 3871 3628 Ilvati-

2233 3679 2403 3731 ματος
2431 3658 2522 3713 καὶ
2576 3662 2687 3714 τῶν
2743 3657 2794 3729 ἐξ
2851 3657 3019 3713 αὐτοῦ
3076 3660 3318 3733 σημείων
3350 3659 3440 3716 καὶ
3472 3658 3760 3735 δυνάμεων
3789 3658 3870 3721 τὰς

2228 3745 2532 3819 ἀποδείξεις
2558 3753 2654 3803 τοῦ
2687 3745 2870 3820 ἀληθῆ
2905 3746 3083 3827 λέγειν
3117 3748 3492 3825 παρεχόμεθα,
3543 3751 3639 3806 καὶ
3679 3749 3762 3807 διὰ
3786 3755 3873 3819 τῆς

2231 3839 2307 3901 εἷς
2338 3842 2486 3913 ἡμᾶς
2518 3839 2841 3915 ἐνεργούσης
2862 3837 3162 3913 δυνάμεως.
3188 3866 3215 3893 ‹‹
3239 3842 3351 3899 Ἵνα
3378 3843 3413 3912 ἡ
3437 3841 3619 3907 πίστις
3654 3843 3822 3918 ὑμῶν.
3845 3864 3869 3894 ››

2229 3929 2295 3988 Ei
2323 3932 2424 4007 γὰρ
2466 3932 2533 4001 ἦν
2595 3929 2647 3986 ἐν
2708 3931 2870 4012 σοφίᾳ
2921 3931 3256 4008 ἀνθρωπίνῃ,
3314 3931 3444 3996 ἴσως
3501 3933 3560 3989 ἂν
3611 3936 3871 4006 ὑπενοήθη

2228 4025 2296 4096 τῇ
2329 4019 2640 4096 εὖγλωττίᾳ
2671 4020 3069 4098 περιγενέσθαι,
3127 4026 3219 4079 νῦν
3284 4021 3341 4079 δὲ
3395 4024 3459 4080 τὸ
3518 4022 3609 4080 διὰ
3644 4027 3873 4101 σημείων

2228 4110 2318 4166 καὶ
2380 4107 2655 4183 δυνάμεων
2712 4112 2866 4182 εἶναι,
2941 4113 3003 4167 τὸ
3081 4107 3459 4192 ἀναμφίϐολον
3516 4117 3772 4190 προξενεῖ
3817 4116 3874 4187 τῇ

2229 4197 2429 4258 πίστει.
2461 4202 2523 4255 Ἦ
2553 4200 2654 4277 γὰρ
2697 4198 2785 4256 διὰ
2808 4204 2913 4256 τῶν
2945 4200 3121 4276 ἓργων
3176 4204 3269 4258 καὶ
3311 4205 3555 4277 σημείων
3588 4204 3873 4276 ἀπόδειξιςι

2228 4295 2329 4359 τῆς
2350 4288 2409 4345 ἐκ
2436 4291 2502 4365 ῥη
2519 4291 2703 4362 μάτων
2741 4284 3083 4365 βεϐαιοτέρα.

465 4400 626 4440 nem.
659 4382 813 4437 433
846 4380 990 4435 Cum
1021 4383 1220 4435 autem
1249 4377 1414 4450 prius
1445 4378 1805 4450 appellasset
1835 4378 2135 4451 principes
2169 4381 2369 4437 saeculi
2400 4381 2581 4455 hujus
2616 4381 2917 4455 sapientes
2976 4384 3333 4456 Graecorum,
3394 4401 3554 4442 nunc
3603 4385 3757 4445 dicit
3796 4400 3873 4442 sa-

465 4474 698 4546 pientes
717 4470 1073 4528 Iudaeorum.

535 4580 605 4636 ΙΙ.
622 4581 770 4635 6-8.‹‹
785 4580 966 4633 Porro
982 4574 1332 4648 sapientiam
1347 4575 1818 4647 loquimurinter
1832 4575 2112 4647 perfectos

2308 4579 2513 4657 Σοφίαν
2571 4576 2630 4633 δὲ
2687 4577 2966 4653 λαλοῦμεν
3024 4578 3076 4635 ἐν
3128 4586 3246 4643 τοῖς
3301 4580 3558 4654 τελείοις,
3604 4586 3798 4665 σοφίαν
3826 4579 3874 4638 δὶ

468 4692 498 4724 ιι
518 4669 870 4742 sapientiam
895 4674 1093 4724 autem
1114 4684 1235 4722 non
1260 4666 1461 4723 saeculi
1485 4667 1664 4738 hujus
1687 4683 1883 4739 neque
1906 4667 2133 4738 princi-

470 4782 498 4809 ‹‹
535 4774 673 4830 pum
708 4757 908 4811 saeculi
942 4758 1146 4826 hujus,
1179 4756 1281 4828 qui
1313 4755 1660 4811 abolentur:
1696 4755 1799 4811 sed
1829 4756 2133 4827 loquimur

473 4872 501 4901 «
519 4847 978 4918 sapientiamDei
994 4848 1055 4900 in
1070 4847 1515 4918 mysterio,quaa
1528 4846 1836 4902 recondita
1850 4852 2138 4918 est,quam

473 4963 500 4990 ‹‹
526 4936 838 5010 ρι’ωίὶηὶνιι
871 4937 1020 4989 Deus
1052 4941 1190 4991 ante
1224 4937 1441 4992 saecula
1472 4937 1532 4991 in
1559 4936 1808 5009 gloriam
1840 4942 2128 5002 nostram.

474 5052 499 5083 ιι
527 5044 704 5103 quam
738 5041 914 5080 nemo
947 5024 1287 5096 principum
1329 5026 1531 5081 saeculi
1563 5026 1743 5097 hujus
1777 5027 2064 5099 cognovit.
2097 5048 2126 5078 »

543 5124 865 5192 Postquam
888 5115 1074 5171 semel
1097 5115 1528 5172 demonstravit
1548 5134 1700 5185 eam,
1725 5134 1855 5189 quae
1877 5117 2133 5173 homini-

470 5214 582 5269 bus
614 5206 909 5283 sapientia
966 5204 1218 5273 videtur,
1281 5222 1410 5262 esse
1472 5207 1786 5263 stultitiam
1815 5223 1827 5261 :
1860 5208 1962 5262 Dei
1994 5223 2129 5263 vero

471 5304 827 5378 sapientiam
841 5317 992 5373 ,quae
1007 5299 1395 5373 pereuntibus
1414 5298 2131 5367 stultitiavidetur,veram

472 5416 600 5455 esse
620 5396 1123 5470 sapientiam,jam
1141 5392 1425 5466 deinceps
1445 5398 1681 5465 sumpta
1697 5392 1945 5449 audacia
1964 5396 2133 5449 vocat

471 5488 664 5557 ipsam
688 5485 1061 5555 sapientiam.
1096 5482 1248 5538 Dicit
1277 5487 1476 5537 autem
1509 5482 1882 5553 sapientiam,
1915 5482 2129 5553 praedi-

472 5573 768 5630 cationem
799 5572 870 5628 de
901 5572 1152 5641 Christo,
1206 5570 1484 5643 quodque
1536 5586 1643 5642 per
1691 5586 1932 5627 crucem
1972 5569 2131 5625 salva

474 5665 631 5722 facta
660 5664 736 5718 sit
782 5668 1071 5733 creatura,
1106 5680 1236 5737 quae
1264 5664 1366 5720 sub
1400 5661 1547 5721 caalo
1579 5667 1690 5721 est.
1727 5686 1755 5714 «
1788 5665 1950 5721 Inter
1983 5680 2128 5737 per-

2242 4669 2305 4725 οὐ
2335 4674 2432 4725 τοῦ
2464 4669 2660 4734 αἰῶνος
2687 4668 2906 4738 τούτου,
2957 4667 3085 4726 οὐδὲ
3138 4675 3245 4726 τῶν
3295 4671 3580 4750 ἀρχόντων
3611 4680 3719 4730 τοῦ
3749 4674 3870 4730 αἰῶ-

2240 4781 2330 4823 νος
2389 4761 2584 4817 τούτου
2667 4764 2776 4815 τῶν
2859 4757 3331 4835 καταργουμένων,
3405 4759 3551 4818 ἀλλά
3608 4761 3871 4839 λαλοῦμεν

2241 4851 2433 4929 σοφίαν
2519 4854 2651 4907 Θεοῦ
2706 4850 2756 4906 ἐν
2820 4850 3108 4923 μυστηρίῳ
3191 4852 3290 4919 τὴν
3375 4851 3869 4927 ἀποκεκρυμμένην,

2240 4936 2304 5009 ἤν
2363 4940 2667 5015 προώρισεν
2701 4940 2729 4995 6
2761 4940 2889 5002 Θεὸς
2950 4938 3056 5014 πρὸ
3112 4943 3219 4995 τῶν
3275 4937 3486 4997 αῗώνων
3531 4942 3609 5005 εἰς
3641 4939 3798 5016 δόξαν
3822 4944 3876 5011 ἡ·

2244 5034 2383 5102 μῶν,
2435 5028 2501 5099 ἤν
2556 5026 2733 5092 οὐδεὶς
2787 5033 2892 5085 τῶν
2954 5030 3238 5108 ἀρχόντων
3299 5035 3397 5087 τοῦ
3450 5030 3646 5096 αίῶνος
3696 5031 3873 5091 τούτου

2239 5117 2463 5191 ἔγνωκεν
2473 5161 2487 5176 .

2312 5205 2535 5278 Ἐπειδὴ
2593 5206 2729 5277 ἅπαξ
2770 5202 3012 5276 ἀπέδειξε
3036 5207 3142 5274 τὴν
3198 5211 3309 5264 τῶν
3365 5208 3673 5285 ἀνθριόπὼν
3704 5210 3875 5290 σοφίαν

2240 5295 2525 5367 δοκοῦσαν,
2562 5294 2770 5370 μωρίαν
2827 5293 3009 5366 οὖσαν,
3065 5296 3165 5366 τὴν
3227 5293 3286 5352 δὶ
3337 5301 3438 5353 τοῦ
3467 5303 3604 5355 Θεοῦ
3632 5298 3876 5358 δοκοῦσαν

2238 5392 2353 5449 τοῖς
2385 5384 2792 5458 ἀπολλυμένοις
2844 5384 3078 5460 μωρίαν,
3137 5386 3337 5459 ταύτην
3383 5387 3543 5443 οὖσαν
3574 5391 3677 5459 τὴν
3708 5390 3869 5459 ἀληθῆ

2240 5476 2451 5552 σοφίαν,
2510 5477 2634 5530 τότε
2689 5473 2883 5530 λοιπὸν
2945 5473 3135 5550 θαῤῥεῖ
3204 5481 3391 5531 καλεῖν
3444 5478 3616 5549 αὐτὴν
3677 5478 3866 5559 σοφίαν.

2242 5564 2441 5643 Σοφίαν
2472 5562 2529 5619 δὲ
2581 5561 2754 5639 λέγει,
2808 5563 2871 5619 τὸ
2923 5563 3046 5639 περὶ
3104 5565 3342 5639 Χριστοῦ
3398 5568 3677 5643 κήρυγμα,
3706 5566 3789 5626 καὶ
3812 5563 3865 5622 τὸ

2242 5655 2331 5714 διὰ
2378 5654 2610 5732 σταυροῦ
2661 5654 2903 5720 σωθῆναι
2956 5654 3057 5724 τὴν
3114 5654 3206 5710 ὑπ’
3259 5654 3508 5733 οὐρανόν.
3571 5681 3601 5711 ι(
3648 5660 3733 5717 Ἐν
3759 5660 3863 5714 τοῖς
