4106 6252
221 401 348 463 661

1226 401 1632 466 COMMENT.
1680 404 1762 465 IN
1807 401 2055 465 EPIST.
2105 405 2134 463 Ι
2177 403 2274 462 AD
2321 403 2686 465 COlllNTH.

3557 407 3678 469 662

233 531 506 598 τελείοις.
551 559 582 587 n
637 535 930 594 Τουτέστιν
989 533 1042 594 ἒν
1098 540 1216 601 τοῖς
1266 541 1504 599 πιστοῖς·
1563 535 1759 593 ἐκεῖνοι
1805 537 1906 613 γὰρ

2034 537 2222 593 tectos.
2259 559 2286 587 »
2318 538 2439 593 Hoc
2469 542 2578 596 est.
2612 538 2770 592 inter
2799 535 3005 593 ﬁdeles
3039 553 3053 592 :
3086 553 3224 593 nam
3255 537 3343 592 illi
3376 539 3677 612 sapientes

249 626 410 705 3090’
447 628 539 681 καὶ
573 626 812 698 τέλειοι,
846 630 896 682 οἱ
951 629 1019 683 τὰ
1074 629 1387 704 ἀνθρώπινα
1435 624 1786 703 ὑπεριδόντες
1846 628 1922 691 ὡς

249 719 454 791 ἀσθενῇ
492 765 504 782 ,
559 719 653 772 καὶ
715 723 830 790 Θεῷ
888 719 1107 780 ἑαυτοὺς
1169 716 1548 780 ἐκδεδωκότες.
1611 744 1638 770 ‹‹
1694 719 1774 774 υῦ
1823 721 1919 772 105

255 810 460 872 αἰῶνος
495 807 713 864 τούτου.
751 832 781 861 ›)
816 808 1021 870 Αἰῶνος
1049 813 1248 864 τοῦτου
1299 809 1469 882 λέγει,
1505 807 1591 863 διά
1615 809 1676 863 τὸ
1707 807 1913 863 inimi-

255 917 354 974 ρον
387 898 584 965 αὐτῶν,
633 897 724 952 καὶ
788 896 956 976 μέχρι
1010 902 1108 953 τοῦ
1168 898 1367 961 αἰῶνος
1420 897 1616 954 τούτου
1676 898 1916 965 ἑστάναι,

251 988 342 1043 καὶ
375 989 452 1060 μη
479 987 728 1060 προϊέναι
755 986 831 1050 εἰς
847 987 907 1041 τὸ
938 985 1162 1060 μέλλον.
1192 1012 1217 1036 ιι
1243 992 1360 1045 Τῶν
1381 989 1861 1065 καταργουμένων.
1889 1009 1918 1038 ››

253 1078 361 1134 Καὶ
395 1077 501 1151 γὰρ
533 1079 937 1153 καταργοῦνται
987 1076 1076 1131 καὶ
1134 1078 1509 1149 συμπαύονται
1561 1081 1640 1146 τῷ
1693 1077 1920 1149 παρόντι

258 1161 392 1235 βίῳ,
424 1158 558 1213 ἀλλ’
598 1158 706 1233 οὐχ
737 1159 788 1212 οἱ
821 1156 1044 1224 δίκαιοι,
1073 1159 1219 1214 ἀλλά
1247 1161 1369 1215 τότε
1402 1158 1614 1232 μᾶλλον
1650 1157 1684 1228 ἢ
1714 1162 1802 1213 νῦν
1836 1159 1922 1212 ἀν-

254 1251 468 1306 θοόσιν.
499 1249 816 1323 Ἀρχοντας
869 1245 926 1303 δὲ
974 1245 1154 1317 καλεῖ,
1214 1248 1584 1320 αἰνιττόμενος
1636 1247 1763 1309 τοὺς
1794 1249 1918 1321 παρ’

261 1340 452 1400 αὐτοῖς
509 1336 870 1418 φιλοσόφους,
932 1337 1334 1413 λογογράφους,
1407 1341 1663 1414 ῥήτορας,
1719 1335 1772 1392 o'i
1829 1337 1920 1392 καὶ

267 1426 588 1503 δημαγωγοὶ
653 1427 918 1494 ἐγίνοντο.
983 1430 1130 1485 «’Ev
1184 1427 1488 1501 μυστηρίῳ,
1525 1449 1549 1480 ι
1610 1428 1922 1501 Μυστήριον

263 1518 446 1584 καλεῖ,
477 1518 538 1572 τὸ
568 1518 705 1572 κατά
730 1518 963 1592 Χριστὸν
1023 1520 1300 1593 κήρυγμα,
1335 1519 1418 1572 ὅτι
1473 1515 1701 1590 οὐδεμία
1761 1513 1923 1570 δύνα-

261 1628 356 1682 μις
383 1606 627 1678 οὐρανία,
659 1603 778 1682 ᾔδει
812 1607 942 1662 αὐτὸ
973 1607 1078 1681 πρὸ
1107 1612 1204 1662 τοῦ
1223 1608 1490 1685 γενέσθαι,
1519 1605 1610 1661 καῖ
1641 1607 1746 1676 ὅτι,
1778 1604 1923 1662 ἀλλά

257 1700 516 1770 ὁρῶντες,
547 1695 691 1751 ἄλλα
715 1698 1056 1770 πιστεύομεν.
1079 1698 1308 1770 Χρίστον
1332 1699 1498 1774 ὁρῶν,
1525 1697 1599 1758 ὡς
1617 1697 1925 1778 φιλάνθρω-

257 1807 359 1842 πον
388 1781 562 1841 σέϐω·
583 1784 780 1841 δοῦλον
803 1789 1066 1862 γεγονότα
1091 1787 1329 1856 ἀκούων,
1350 1790 1449 1856 τῆς
1468 1785 1794 1860 κηδεμονίας
1825 1786 1920 1841 αὖ·

2027 645 2096 684 ac
2127 629 2367 700 perfecti
2403 636 2562 691 sunt.
2613 631 2710 701 qui
2748 629 3009 684 humana
3040 635 3320 701 tamquam
3358 631 3680 689 imbecillia

2026 718 2441 790 despexerunt.
2479 736 2544 773 ac
2571 736 2697 773 sese
2735 721 2846 772 Deo
2883 719 3252 774 tradiderunt
3311 723 3434 775 Non
3478 724 3679 779 saeculi

2025 809 2223 878 hujus.
2253 833 2279 856 »ι
2313 809 2518 863 Saeculi
2555 810 2732 878 hujus
2755 809 3158 881 dicitpropter
3183 812 3680 880 temporalitatem

2024 897 2310 969 ipsorum,
2337 898 2495 968 quod
2531 915 2646 952 una
2673 913 2806 952 cum
2843 898 2950 952 hoc
2982 899 3197 953 saeculo
3252 901 3588 969 persistant.
3625 908 3684 957 at

2025 1005 2146 1043 non
2180 987 2504 1059 procedant
2525 987 2598 1042 ad
2631 987 2916 1043 futurum.
2965 1009 2994 1039 «
3027 989 3134 1052 Qui
3167 989 3498 1043 abolentur.
3536 1013 3562 1038 ››
3591 991 3682 1044 Si-

2027 1078 2266 1148 quidem
2301 1083 2537 1131 cessant
2561 1092 2680 1130 una
2707 1093 2842 1131 cum
2875 1078 3156 1147 praesenti
3193 1078 3326 1132 vita.
3354 1082 3426 1132 At
3451 1096 3568 1133 non
3601 1079 3684 1132 ita

2021 1165 2169 1237 justi
2206 1181 2218 1218 :
2250 1165 2392 1237 quin
2426 1165 2623 1237 potius
2655 1165 2872 1219 florent
2902 1172 3042 1220 tunc
3074 1167 3257 1237 magis
3289 1183 3466 1238 quam
3499 1183 3680 1224 nunc.

2026 1255 2334 1326 Principes
2352 1260 2552 1310 autem
2567 1261 2760 1310 vocat:
2778 1256 2930 1310 clam
2953 1255 3269 1328 designans
3282 1257 3638 1328 philosopho
3652 1275 3677 1312 s

2028 1345 2128 1416 qui
2153 1345 2307 1416 apud
2340 1361 2441 1398 eos
2503 1349 2690 1406 erant.
2725 1345 3235 1416 historiographos
3267 1362 3333 1400 ac
3390 1347 3683 1414 rhetores,

2029 1434 2127 1505 qui
2162 1434 2340 1488 etiam
2372 1433 2716 1504 reipublicae
2766 1434 3279 1490 administratores
3319 1434 3456 1490 facti
3490 1441 3680 1491 erant.

2029 1546 2056 1573 ‹‹
2084 1524 2146 1578 ln
2175 1523 2472 1594 Mysterio.
2504 1545 2532 1572 ››
2551 1524 2891 1595 Mysterium
2916 1530 3082 1580 vocat
3105 1525 3588 1595 praedicationem
3611 1525 3684 1581 de

2029 1612 2281 1674 Christo,
2309 1613 2446 1682 quia
2473 1629 2666 1682 neque
2708 1612 2832 1666 ulla
2891 1613 3146 1668 cmlestis
3205 1613 3386 1669 virtus
3441 1619 3687 1670 noverat

2028 1702 2176 1756 illud
2213 1702 2554 1772 priusquam
2574 1702 2980 1773 ﬁerehetquia
3005 1703 3123 1758 alia
3169 1703 3436 1760 videmus
3489 1705 3685 1759 etalia

2029 1791 2345 1847 credimus.
2380 1791 2678 1846 Christum
2708 1792 2933 1858 videns,
2971 1798 3250 1864 tanquam
3284 1793 3601 1868 benignum
3629 1799 3688 1850 et

256 1878 349 1933 τὸν
383 1881 702 1951 προσκυνῶ,
735 1900 760 1931 ι
783 1879 895 1946 Τήν
917 1877 1431 1952 ἀποκεκρυμμένην.
1470 1901 1496 1928 η
1529 1879 1648 1932 Ἔτι
1694 1877 1798 1953 γὰρ
1828 1875 1917 1931 καὶ

2034 1882 2357 1937 humanum
2390 1881 2518 1936 colo
2545 1898 2557 1936 :
2595 1899 2826 1937 servum
2854 1882 3103 1938 audiens
3136 1885 3432 1949 effectum,
3466 1883 3537 1938 ob
3564 1883 3682 1940 dis-

261 1969 348 2021 νῦν
378 1967 702 2041 κέκρυπται,
733 1972 848 2029 τοῖς
907 1967 1001 2040 μὶν
1054 1967 1303 2030 ἀπίστοις
1367 1965 1457 2021 καὶ
1517 1965 1741 2044 σφόδρα,
1801 1969 1917 2045 τοῖς

264 2052 317 2110 δὲ
346 2061 593 2126 πιστοῖς,
625 2057 690 2110 οὐ
724 2057 950 2136 σφόρρα.
1003 2080 1031 2108 ‹‹
1065 2058 1164 2111 Ἤν
1222 2057 1526 2132 προώρισεν
1556 2055 1583 2110 ό
1635 2054 1784 2116 Θεός.
1815 2056 1915 2110 "HV

260 2147 451 2225 sosptem
497 2147 809 2222 προώρισεν
871 2148 898 2203 ὁ
955 2148 1160 2222 Πατὴρ,
1220 2146 1372 2227 φησὶ,
1430 2148 1526 2216 τήν
1589 2147 1712 2222 περὶ
1764 2149 1912 2220 ἡμᾶς

255 2233 590 2310 κηδεμονίαν
612 2233 1064 2308 ἐνδεικνύμενοις,
1091 2237 1182 2292 ἳνα
1205 2239 1353 2310 ἡμᾶς
1387 2233 1457 2290 δι’
1488 2234 1657 2306 αὐτῆς
1692 2233 1911 2311 δοξάσῃ.

253 2326 328 2382 Τὸ
351 2323 431 2396 δὲ,
469 2350 495 2376 ‹‹
530 2325 642 2401 Πρὸ
671 2329 780 2380 τῶν
815 2325 1049 2394 αἰώνων,
1076 2350 1104 2379 ››
1141 2323 1330 2397 δηλοῖ,
1357 2322 1630 2380 συναϊδιον
1665 2325 1800 2399 πρὸς
1822 2325 1912 2380 τὸν

257 2416 496 2491 Πατέρα.
559 2440 588 2467 ‹‹
647 2417 745 2472 Ἢν
806 2412 983 2476 οὐδεὶς
1043 2420 1152 2471 τῶν
1211 2414 1575 2491 ἀρχόντων.»
1643 2415 1763 2471 "Eva
1819 2415 1915 2487 μὲν

249 2507 443 2574 νοῆσαι
473 2509 657 2573 τοῦτο,
688 2505 778 2560 καὶ
839 2504 962 2578 περὶ
1027 2509 1124 2560 τοῦ
1185 2504 1424 2560 Πιλάτου
1481 2505 1572 2559 καὶ
1629 2500 1905 2576 Ἡρώδου,

255 2596 498 2670 ἠγνόουν
531 2596 655 2669 γάρ.
695 2596 814 2651 Ἔτι
883 2591 941 2648 δὲ
989 2595 1079 2649 καὶ
1133 2596 1256 2669 περὶ
1306 2599 1411 2650 τῶν
1463 2593 1762 2671 ἀρχιερέων
1819 2595 1906 2648 καὶ

259 2684 658 2759 γραμματεῖον,
690 2683 877 2746 οἳτινες
930 2683 1162 2758 ἠγνόουν
1217 2686 1318 2754 τήν
1377 2681 1467 2738 διά
1521 2688 1620 2738 τοῦ
1680 2687 1910 2759 σταυροῦ

269 2777 374 2829 τοῦ
406 2779 634 2845 Χριστοῦ
665 2776 745 2829 καὶ
793 2781 887 2831 τοῦ
947 2775 1174 2840 θανάτου
1232 2775 1522 2852 γινομένην
1575 2774 1911 2847 οἰκονομίαν.

270 2863 428 2921 "Avw
473 2861 528 2918 δὲ
582 2864 738 2919 εἰπὼν
794 2863 1064 2940 ἄρχοντας
1119 2869 1214 2919 τοῦ
1284 2865 1479 2930 αἰῶνος
1530 2864 1727 2920 τούτου
1787 2865 1915 2926 τοὺς

257 2956 374 3006 τῶν
413 2952 691 3024 Ἑλλήνων
718 2954 919 3029 σοφοὺς
950 2959 1040 3009 νῦν
1088 2951 1234 3029 λέγει
1291 2953 1416 3016 τοὺς
1444 2958 1549 3010 τῶν
1608 2951 1909 3010 Ἰουδαίων.

2029 1971 2440 2042 pensationem
2473 1987 2607 2025 eum
2656 1971 2858 2027 adoro.
2921 1994 2946 2020 «
2983 1973 3120 2036 Quae
3173 1972 3480 2027 recondita
3513 1979 3618 2027 est.
3654 1993 3680 2024 η

2025 2061 2172 2116 Nam
2205 2064 2262 2115 et
2287 2061 2395 2115 hoc
2417 2077 2653 2132 quoque
2679 2066 2940 2133 tempore
2957 2063 3189 2117 occulta
3212 2067 3321 2130 est,
3356 2062 3682 2118 incredulis

2028 2150 2269 2220 quidem
2297 2151 2702 2216 vehementer,
2736 2150 3114 2206 credentibus
3147 2169 3279 2206 vero
3331 2169 3450 2207 non
3509 2152 3682 2207 adeo.

2025 2260 2053 2288 ‹‹
2088 2239 2272 2303 Quam
2305 2239 2617 2309 praefinivit
2651 2241 2822 2293 Deus.
2852 2260 2872 2290 ι
2910 2241 3282 2312 Quanquam,
3328 2241 3543 2311 inquit,
3584 2257 3684 2296 sa-

2024 2327 2309 2399 pientiam
2341 2327 2654 2399 praefinivit
2686 2330 2877 2394 Pater,
2913 2331 3236 2384 ostendens
3291 2330 3679 2402 gubernatio-

2026 2433 2186 2481 nem,
2220 2433 2397 2486 quam
2429 2417 2586 2471 circa
2616 2431 2723 2470 nos
2778 2416 3006 2484 habuit,
3041 2425 3103 2472 ut
3155 2435 3262 2489 per
3317 2420 3507 2489 ipsam
3573 2437 3681 2475 nos

2030 2505 2408 2578 glorificaret.
2437 2504 2602 2570 Quod
2633 2510 2831 2560 autem
2889 2506 3017 2560 ait:
3079 2528 3106 2556 ‹‹
3171 2508 3318 2562 Ante
3377 2508 3681 2572 saecula,»

2031 2595 2329 2666 signiﬁcat
2357 2595 2825 2649 coaeternitatem
2848 2611 2982 2649 cum
3011 2599 3200 2650 Patre.
3239 2618 3265 2644 ‹‹
3292 2597 3478 2659 Quam
3509 2613 3684 2649 nemo

2032 2686 2390 2758 principum.
2428 2709 2455 2735 »
2490 2687 2689 2740 Potest
2719 2686 2957 2758 quidem
2988 2687 3099 2741 hoc
3131 2685 3380 2759 intelligi
3411 2690 3587 2742 etiam
3611 2689 3683 2742 de

2029 2776 2216 2830 Pilato
2250 2781 2306 2830 et
2335 2775 2559 2830 llerode
2587 2793 2598 2830 :
2627 2792 2763 2830 nam
2786 2776 3138 2849 ignorabant
3159 2777 3530 2848 sapientiam.
3566 2780 3679 2831 Po-

2026 2869 2142 2920 test
2172 2871 2230 2920 et
2274 2865 2343 2920 de
2394 2865 2775 2936 pontiﬁcibus
2825 2882 2892 2919 ac
2927 2865 3136 2920 scribis
3169 2867 3269 2936 qui
3330 2866 3683 2939 ignorabant

2024 2954 2241 3010 factam
2269 2972 2374 3026 per
2402 2955 2618 3009 Christi
2650 2970 2888 3009 crucem
2912 2961 2968 3009 et
2993 2961 3244 3010 mortem
3284 2956 3688 3027 dispensatiov

255 3065 420 3110 nem.
457 3048 612 3102 483
668 3048 814 3102 Cum
872 3053 1069 3104 autem
1101 3047 1263 3119 prius
1296 3046 1654 3118 appellasset
1687 3046 1984 3117 principes
2016 3045 2218 3100 saeculi
2273 3045 2449 3116 hujus
2482 3045 2782 3116 sapientes
2818 3046 3176 3113 Graecorum,
3211 3062 3368 3100 nunc
3404 3046 3546 3100 dicit
3576 3062 3672 3101 sa-

260 3141 497 3214 pientes
552 3135 916 3193 Judaeorum.

333 3225 401 3284 Εἴ
431 3226 536 3300 γὰρ
596 3221 860 3300 ἔγνωσαν,
921 3223 1020 3279 ούκ
1072 3223 1132 3278 ἂν
1189 3223 1282 3278 τὸν
1353 3223 1550 3298 Κύριον
1608 3229 1712 3292 τῆς
1751 3218 1913 3292 δόξης
1952 3225 1994 3292 C

267 3317 651 3391 ἱσταύρωκαν·
715 3313 862 3370 ἀλλά
898 3359 911 3386 ,
970 3315 1152 3379 καοὼς
1210 3313 1530 3392 γέγραπται,
1591 3315 1659 3370 Ἀ
1718 3311 1924 3390 ὀφθαλ-

282 3408 381 3479 μὸς
425 3407 518 3464 οὒκ
576 3404 711 3476 εἶδε,
773 3404 866 3460 καὶ
931 3405 1022 3468 οὗς
1079 3404 1177 3459 οὐκ
1232 3401 1455 3474 ἤκουσε,
1514 3403 1604 3458 καὶ
1659 3402 1746 3457 ἐπὶ
1791 3423 1926 3477 καρ-

286 3495 392 3553 δίαν
447 3498 736 3573 ἀνθρώπου
823 3495 926 3551 οὐκ
1016 3490 1206 3564 ἀνέϐη,
1267 3495 1299 3550 ἄ
1354 3493 1650 3570 ἡτοίμασεν
1707 3493 1735 3548 ὁ
1795 3493 1924 3555 Θεὸς

272 3593 382 3650 τοῖς
413 3588 703 3662 ἀγαπῶσιν
733 3585 914 3642 αὐτόν.

337 3675 563 3744 Ἐπειδὴ
597 3681 718 3738 τοῖς
770 3674 1079 3746 ἀνοήτοιςὸ
1113 3675 1338 3748 σταυρὸς
1399 3670 1584 3743 ἀδοξία
1642 3674 1776 3728 εἶναι
1825 3668 1925 3727 δο-

264 3773 371 3837 κεῖ,
405 3770 508 3842 ὅρα
539 3771 680 3837 πῶς,
711 3767 956 3838 Χριστοῦ
1000 3763 1278 3838 μνησθεὶς.
1327 3763 1520 3838 Κύριον
1568 3763 1726 3818 αὐτὸν
1767 3760 1929 3832 δόξης

262 3858 445 3921 καλεῖ,
483 3853 691 3917 δεικνὺς
745 3854 828 3910 ὅτι
881 3853 943 3907 οὐ
1007 3854 1168 3926 μόνον
1225 3847 1376 3907 οὐδὲν
1437 3851 1512 3914 ετς
1573 3849 1728 3922 δόξαν
1787 3863 1928 3928 παρ·-

265 3941 480 4016 εϐλοὶϐη
515 3945 576 4000 ἐκ
603 3948 701 4000 τοῦ
740 3946 970 4018 σταυροῦ
1026 3941 1117 3997 καὶ
1172 3945 1270 3997 103
1325 3939 1575 4005 θανάτου,
1635 3939 1782 3996 ἀλλά
1837 3939 1926 3994 καὶ

266 4033 488 4111 μᾶλλον
538 4034 627 4088 ἐπὶ
685 4032 1070 4114 φιλανθρωπίᾳ
1124 4028 1406 4103 εδοξῦσθη.
1441 4063 1508 4072 --
1537 4028 1738 4086 Ἄλλο.
1775 4032 1794 4104 [
1827 4031 1930 4087 ΟΙ-

263 4125 693 4198 ΚΟΓΜΕΝΙΟΥ]
761 4123 823 4179 Εἰ
888 4123 980 4195 μὶν
1041 4115 1153 4188 τό,
1226 4142 1254 4172 ‹‹
1316 4123 1433 4175 Τῶν
1492 4119 1774 4196 ἀρχόντων
1832 4124 1928 4175 τοῦ

263 4217 468 4276 αἰῶνος
500 4214 697 4268 τούτου
728 4209 871 4284 δέξῃ,
902 4234 925 4263 ι)
962 4209 1036 4271 ὠς
1077 4209 1215 4282 πρὸς
1261 4208 1354 4264 τὸν
1381 4206 1634 4284 Ἡρώδην
1689 4211 1780 4264 καὶ
1841 4208 1930 4264 τὸν

266 4305 529 4364 Πιλᾶτον.
563 4298 950 4370 ἀπλουστέρως
980 4301 1199 4371 νοήσεις
1232 4299 1295 4353 τὸ
1327 4299 1614 4372 ἑπόμενον.
1646 4323 1673 4350 ‹‹
1709 4297 1774 4354 Εἰ
1803 4299 1928 4374 γὰρ,

265 4395 456 4474 φησὶν,
493 4390 748 4468 ἔγνωσαν,
787 4391 885 4447 οὐκ
914 4389 972 4445 ἂν
1001 4391 1093 4445 τὸν
1143 4387 1344 4462 Κύριον
1371 4395 1471 4458 τῆς
1532 4385 1692 4459 δόξης
1742 4387 1929 4443 ἐσταύ-

269 4485 469 4560 ρῶσαν.
521 4508 540 4534 ι
579 4481 656 4538 Οὐ
709 4482 810 4558 γὰρ
866 4483 1124 4536 τοσοῦτον
1186 4477 1550 4551 ἐμεμήνεσαν,
1609 4478 1808 4552 φθόνου
1853 4477 1930 4552 μὴ

269 4570 658 4647 ὑποκειμένου.
692 4570 758 4628 Εἴ
803 4567 861 4624 δὲ
917 4569 1053 4644 πρὸς
1107 4569 1233 4630 τοὺς
1266 4569 1544 4643 ἀρχιερεῖς
1603 4566 1693 4621 καὶ
1749 4588 1927 4642 γραμ-
1965 4606 2008 4670 D

275 4670 464 4738 ματεῖς
513 4655 768 4722 ἐκλάϐοις
829 4657 881 4713 οἳ
909 4656 1106 4732 ᾔδεσαν
1163 4656 1321 4713 αὐτὸν
1383 4655 1507 4711 ὄντα
1552 4655 1646 4711 τὸν
1703 4655 1932 4730 Χριστὸν

274 4753 387 4829 (καὶ
421 4749 596 4821 δῆλον
626 4748 675 4819 ἐξ
710 4750 782 4804 ῶν
817 4745 1002 4824 ἔλεγον
1032 4748 1082 4802 οἱ
1134 4746 1373 4824 γεωργοὶ
1430 4749 1527 4800 τοῦ
1581 4747 1924 4820 ἀμπελῶνος·

274 4842 514 4905 «Οὗτός
564 4839 704 4894 ἐστιν
766 4839 794 4893 ὁ
847 4836 1237 4910 κληρονόμος,
1297 4832 1446 4890 δεῦτε
1519 4835 1925 4907 ἀποκτείνωμεν

271 4933 464 4994 αὐτὸν,
494 4930 582 4985 καὶ
614 4931 640 4984 ὁ
672 4925 934 5002 ἀμπελῶν
991 4929 1152 4998 ἡμῶν
1185 4921 1353 4994 ἔσται,
1387 4949 1415 4977 ››
1444 4922 1589 4979 ἀλλά
1638 4930 1716 4998 τῷ
1747 4924 1928 5003 φθόνῳ

269 5017 790 5091 ἆπετυφλώθησαν).
854 5015 1026 5077 οὕτως
1082 5017 1299 5086 νοήσεις
1351 5015 1412 5069 τὸ
1469 5034 1635 5068 κατω.
1699 5013 1804 5079 ὅτι,
1869 5015 1927 5069 Εἰ

268 5107 542 5188 ἔγνωσαν,
573 5108 760 5184 φησὶν,
795 5105 878 5160 ὅτι
909 5103 1146 5173 τοσαύτη
1180 5101 1327 5158 ἔσται
1358 5107 1476 5164 τοῖς
1507 5101 1678 5157 ἔθνεσι
1739 5124 1927 5173 σωτη-

271 5203 364 5276 ρία
388 5201 451 5257 ἐκ
482 5203 578 5254 τοῦ
614 5189 869 5271 σταυροῦ,
901 5194 1019 5252 οὐδ’
1049 5193 1110 5250 ἂν
1142 5194 1312 5265 ἦλθον
1379 5193 1456 5256 εἷς
1483 5194 1545 5249 τὸ
1601 5199 1927 5270 σταυρῶσαι⁹

268 5293 592 5363 ἐκτηκεσθαι
629 5285 841 5362 μᾶλλον
876 5285 934 5342 ἐκ
987 5290 1084 5342 τοῦ
1143 5281 1340 5363 φθόνου
1391 5283 1731 5359 αἱρούμενοι,
1775 5283 1810 5354 ἢ
1837 5281 1928 5339 ’ἶνα

273 5384 424 5455 σωθῇ
454 5386 522 5436 τά
551 5373 673 5448 έθνη
727 5377 818 5431 καὶ
875 5371 1081 5450 ἐκϐἀλῃ
1144 5373 1359 5444 αὐτοὺς,
1417 5373 1508 5428 καὶ
1568 5375 1928 5448 ἀντικαταστῇ

271 5472 349 5534 εἰς
381 5471 473 5528 τὸν
507 5469 678 5525 τόπον
714 5467 914 5524 αὐτῶν.
973 5498 1040 5509 -
1094 5462 1297 5521 Ἄλλο.
1357 5467 1572 5535 [ΙΩΑΝ.
1606 5467 1622 5538 ]
1653 5463 1930 5538 [εὐκαίρως

275 5562 470 5637 Κύριον
507 5557 672 5630 δόξης
706 5555 977 5614 ἐκάλεσεν.
1040 5551 1266 5624 Ἐπειδὴ
1320 5555 1424 5629 γὰρ
1456 5555 1489 5609 ἀ
1519 5553 1748 5630 σταυρὸς
1800 5552 1927 5610 ἀδο-

349 5737 397 5777 π
429 5735 640 5798 Matth.
676 5748 795 5803 xxI,
819 5730 908 5787 38.

2095 3222 2161 3277 II.
2196 3223 2249 3289 8,
2284 3225 2336 3277 9.
2372 3243 2400 3271 ‹‹
2442 3221 2588 3276 Nam
2620 3219 2668 3274 si
2691 3220 3123 3292 cognovissent,
3159 3239 3537 3294 nequaquam
3566 3224 3678 3278 Do—

2033 3335 2060 3363 «
2085 3313 2314 3368 minum
2335 3311 2536 3380 gloriae
2551 3310 3022 3379 cruciﬁxissent;
3047 3311 3171 3379 sed,
3187 3311 3689 3383 quemadmodum

2034 3424 2063 3452 α
2081 3402 2366 3474 scriptum
2400 3406 2517 3468 est;
2541 3403 2678 3466 Quae
2701 3401 2911 3457 oculus
2935 3419 3055 3456 non
3079 3402 3241 3472 vidit,
3270 3419 3379 3457 nec
3401 3404 3560 3457 auris
3583 3420 3691 3459 au-

2034 3512 2062 3542 «
2087 3491 2248 3558 divit,
2273 3508 2382 3548 nec
2406 3491 2463 3546 in
2486 3507 2587 3546 cor
2609 3491 2870 3547 hominis
2893 3493 3298 3548 ascenderunt
3320 3511 3450 3564 quae
3472 3510 3692 3566 praepa-

2031 3583 2223 3637 «ravit
2246 3583 2398 3637 Deus
2420 3581 2808 3654 diligentibus
2833 3599 2915 3637 se.
2955 3605 2982 3631 ι)

2105 3672 2394 3736 Quoniam
2427 3672 2750 3726 insensatis
2782 3689 2923 3727 crux
2946 3671 3276 3743 ignominia
3309 3689 3435 3726 esse
3461 3673 3694 3727 videtur

2033 3761 2161 3816 vide
2196 3760 2516 3832 quomodo,
2559 3760 2712 3815 facta
2741 3761 2955 3814 Christi
2999 3762 3322 3826 mentione,
3372 3761 3688 3815 Dominum

2033 3851 2234 3923 gloriae
2265 3851 2458 3920 ipsum
2492 3855 2697 3904 vocat:
2744 3849 3065 3905 ostendens
3121 3850 3279 3920 quod
3327 3866 3448 3904 non
3492 3851 3684 3905 solum

2034 3941 2186 3997 nihil
2216 3940 2303 3994 illi
2327 3940 2400 3995 ad
2428 3939 2677 4010 gloriam
2710 3957 2851 3993 crux
2902 3948 3002 3996 aut
3032 3957 3190 3994 mors
3244 3939 3450 4008 obfuit,
3485 3957 3686 3996 verum

2035 4032 2216 4088 etiam
2244 4029 2316 4084 ob
2365 4029 2798 4084 humanitatem
2850 4046 2952 4084 seu
3012 4029 3442 4099 benignitatem
3504 4032 3688 4104 magis

2035 4119 2397 4194 gloriﬁcatus
2429 4123 2537 4174 est.
2571 4149 2637 4158 —
2661 4117 2853 4173 Aliud.
2889 4117 2943 4172 Si
2977 4118 3036 4172 id
3061 4119 3219 4188 quod
3247 4119 3329 4172 ait
3362 4136 3374 4173 :
3410 4140 3435 4168 ‹‹
3462 4120 3689 4174 Princi-

2035 4227 2177 4283 pum
2214 4209 2414 4264 saeculi
2448 4208 2703 4280 hujus,»
2737 4224 2842 4280 pro
2876 4207 3104 4262 Herode
3138 4213 3197 4262 et
3229 4208 3412 4263 Pilato
3445 4225 3692 4281 accepe-

2036 4302 2139 4368 ris,
2174 4299 2503 4372 simplicius
2529 4298 2825 4370 intelliges
2857 4298 3016 4370 quod
3048 4299 3358 4369 sequitur:
3396 4321 3419 4350 ‹‹
3473 4303 3616 4354 Nam
3641 4302 3688 4355 si

2037 4390 2467 4464 cognovissent,
2486 4405 2871 4460 nequaquam
2895 4387 3212 4443 Dominum
3236 4387 3437 4460 gloriae
3462 4390 3690 4445 cruciﬁ-

2038 4483 2356 4549 xissent;»
2381 4496 2574 4552 neque
2597 4480 2757 4535 enim
2809 4485 2970 4535 tanta
3015 4480 3168 4551 capti
3218 4484 3388 4534 erant
3431 4481 3686 4548 insania,

2038 4591 2173 4631 cum
2207 4591 2306 4629 eos
2337 4590 2457 4628 non
2471 4571 3038 4644 occuparetinvidia.
3069 4572 3123 4626 Si
3145 4588 3276 4626 vero
3299 4590 3404 4644 pro
3445 4574 3690 4645 pontiﬁ-

2042 4663 2208 4720 cibus
2242 4668 2299 4718 et
2320 4662 2631 4733 pharisaais
2670 4661 2990 4733 acceperis,
3026 4662 3124 4731 qui
3157 4668 3444 4718 noverant
3493 4663 3688 4736 ipsum

2039 4769 2171 4809 esse
2201 4752 2497 4808 Christum
2531 4751 2730 4823 (idque
2755 4767 2823 4805 ex
2871 4767 2939 4804 eo
2973 4750 3353 4806 manifestum
3411 4757 3500 4808 est
3530 4753 3691 4826 quod

2039 4843 2590 4898 dicebantcultores
2617 4842 2876 4896 vineae:«
2902 4842 3005 4896 Hic
3039 4847 3128 4896 est
3163 4843 3554 4917 haeres.agite,
3588 4864 3688 4902 oc-

2038 4932 2304 4988 cidamus
2329 4948 2485 4995 eum,
2512 4936 2567 4986 et
2595 4931 2767 4986 vinea
2796 4931 2908 4986 erit
2936 4935 3138 4987 nostra
3157 4931 3199 4966 τί
3226 4953 3239 4998 ;
3267 4956 3293 4983 »
3321 4934 3430 4989 Sed
3463 4935 3687 4990 invidia

2039 5021 2312 5078 excaecati
2329 5026 2508 5086 sunt),
2535 5025 2672 5074 tunc
2694 5019 2851 5090 quod
2873 5019 3119 5076 inferius
3141 5021 3377 5078 additur
3407 5025 3488 5078 sic
3509 5025 3689 5079 intel-

2037 5110 2218 5182 liges:
2251 5111 2304 5163 Si
2329 5109 2736 5181 cognovissent
2764 5109 2918 5180 quod
2950 5127 2985 5165 a
3012 5127 3184 5166 cruce
3211 5117 3372 5167 tanta
3401 5113 3680 5183 gentibus

2037 5200 2236 5255 futura
2267 5199 2446 5265 salus,
2482 5216 2860 5274 nequaquam
2891 5199 2964 5254 ad
3003 5201 3114 5257 hoc
3164 5203 3571 5274 pervenissent
3620 5210 3686 5260 ut

2041 5306 2174 5345 eum
2207 5273 2619 5361 crucifigerent
2644 5305 2656 5342 :
2681 5288 2965 5360 eligentes
2979 5273 3176 5360 potius
3197 5289 3478 5344 invididia
3498 5291 3687 5347 tabes-

2040 5395 2194 5446 cere,
2229 5394 2405 5449 quam
2429 5381 2493 5432 ut
2519 5383 2721 5450 gentes
2751 5378 2922 5432 salvae
2950 5379 3174 5436 ﬁerent.
3203 5384 3260 5433 et
3282 5379 3425 5450 ipsis
3475 5382 3685 5452 ejectis

2039 5468 2157 5524 ἱΙὶίο
2172 5484 2376 5523 eorum
2393 5468 2520 5524 loco
2540 5467 3039 5523 substituerentur
3054 5500 3124 5508 —
3138 5473 3181 5525 Α
3194 5468 3682 5542 liudOpportune

2040 5559 2354 5615 Dominum
2384 5559 2584 5633 gloriae
2615 5557 2948 5630 appellavit.
2999 5560 3142 5616 Nam
3189 5560 3474 5633 quoniam
3509 5581 3685 5620 crux-
