4106 6252
445 376 569 440 663

1571 373 1987 438 ἝΟΗΜΕΝΙΙ
2031 375 2332 437 TRICGE
2374 374 2734 439 EPISGOPI

3746 373 3860 441 664

449 513 792 587 ignominias
818 529 947 569 esse
978 512 1306 576 videbatur,
1339 512 1598 568 ostendit
1626 529 1757 569 eam
1805 529 1935 569 esse
1965 528 2091 568 ma-

2222 512 2325 581 Ξίας
2354 513 2483 567 εἶναι
2517 510 2690 582 δοκεῖ,
2741 509 3008 568 δείκνυσιν
3062 513 3145 567 ὅτι
3207 511 3424 591 μεγάλη
3486 510 3625 583 δόξα
3679 512 3860 571 lati-:6

454 622 630 677 gnam
662 605 909 679 gloriam
941 623 954 660 :
979 627 1008 655 ‹‹
1030 607 1169 671 Qum
1191 605 1544 677 prmparavit
1573 606 1746 660 Deus.
1777 628 1805 654 ››
1833 606 1971 670 Quae
2003 620 2101 659 au-

451 700 570 752 tem
619 695 971 767 prmparavit
1028 696 1181 750 Deus
1228 694 1610 761 diligentibus
1651 695 1756 750 se?
1799 694 2098 750 Christum

447 785 725 841 videlicet
746 800 813 839 ac
847 784 1122 845 salutem.
1156 800 1287 854 quae
1316 800 1421 855 per
1450 784 1921 839 incarnationem
1948 784 2103 838 facta

448 877 540 929 est
591 872 917 941 Diligentes
964 879 1162 927 autem
1209 872 1512 943 Scriptura
1541 877 1709 927 vocat
1766 872 2098 927 credentes.

451 960 562 1017 Sed
595 962 911 1032 quomodo,
947 962 1047 1027 ait,
1111 961 1271 1015 auris
1321 978 1440 1015 non
1496 961 1737 1021 audivit.
1769 978 1879 1016 nec
1910 962 1971 1016 in
2002 978 2104 1017 cor

448 1049 711 1107 hominis
742 1051 1160 1117 ascendetunt,
1200 1067 1334 1106 cum
1367 1050 1553 1105 sancti
1588 1051 1890 1122 prophetas
1938 1052 2102 1122 prius

453 1140 787 1197 audiverint
818 1141 1167 1212 mysterium
1194 1139 1220 1194 ?
1271 1141 1341 1193 Et
1371 1139 1623 1194 dicimus
1654 1140 1817 1195 aliud
1847 1156 1976 1195 esse
1997 1157 2103 1195 au-

451 1229 609 1288 disse
641 1231 1053 1292 uthominem.
1087 1233 1145 1285 et
1177 1228 1339 1283 aliud
1361 1228 1596 1283 audisse
1643 1235 1705 1284 ut
1728 1230 2100 1301 prophetam.

449 1320 636 1375 Isaias
664 1320 821 1374 enim
847 1319 1019 1375 dicit:
1052 1339 1074 1369 a
1093 1317 1337 1373 Addidit
1357 1318 1503 1371 mihi
1533 1324 1729 1373 autem
1753 1318 1827 1373 ad
1858 1318 2101 1373 audien-

450 1409 591 1467 dum
612 1410 677 1476 τε,
703 1430 730 1460 ››
757 1425 874 1464 non
921 1406 1080 1481 quod
1112 1414 1288 1463 antea
1314 1423 1458 1463 aure
1492 1408 1751 1463 hominis
1785 1408 2103 1463 destitutus

446 1498 677 1568 fuisset,
711 1499 813 1554 sed
845 1497 1001 1570 quod
1034 1498 1338 1570 prophetae
1370 1514 1576 1554 aurem
1608 1498 1959 1569 accepisset.

524 1591 681 1645 484
713 1589 779 1654 ll,
814 1592 899 1654 lO,
935 1589 1022 1644 11.
1057 1610 1085 1637 ‹‹
1117 1587 1297 1643 Nobis
1355 1592 1552 1643 autem
1614 1588 1768 1642 Deus
1827 1587 2107 1646 revelavit

453 1701 484 1732 ‹‹
513 1695 620 1752 per
648 1677 933 1752 Spiritum
990 1693 1186 1734 suum.
1238 1679 1382 1732 Nam
1414 1676 1665 1748 Spiritus
1695 1683 1908 1731 cuncta
1938 1692 2105 1731 scru-

458 1790 482 1821 ι
520 1773 695 1836 tatur,
728 1768 908 1823 etiam
944 1765 1239 1838 profunda
1270 1766 1393 1821 Dei.
1426 1766 1566 1830 Quis
1592 1766 1752 1820 enim
1781 1766 1940 1821 novit
1972 1783 2103 1836 quas

2206 604 2454 679 σταυρός.
2489 627 2517 655 ‹‹
2549 604 2618 660 Ἀ
2652 600 2708 657 δὲ
2737 603 3038 672 ἡτοίμασεν
3068 602 3095 656 ὁ
3126 602 3276 664 Θεός.
3311 626 3337 654 n
3398 602 3476 659 Τί
3510 599 3574 657 δὶ
3603 602 3861 677 ἡτοίμασε

2203 698 2320 753 τοῖς
2354 694 2629 768 ἀγαπῶσιν
2661 692 2823 747 αὐτόν
2860 711 2873 761 ;
2912 693 3004 748 τὸν
3061 692 3291 766 Χριστὸν
3357 689 3623 762 δηλαδὴ,
3654 693 3744 747 καὶ
3770 696 3858 762 τὴν

2208 778 2297 835 διὰ
2350 788 2449 850 τῆς
2504 780 2966 857 ἐνανθρωπήσεως
3024 782 3319 855 σωτηρίαν.
3379 783 3762 857 Ἀγαπῶ-στας
3795 780 3863 851 δὲ,

2204 870 2333 932 τοὺς
2373 874 2761 934 πιστεύσαντας
2817 870 2977 928 καλεῖ
3007 875 3042 943 ἡ
3074 874 3283 950 Γραφή.
3343 874 3453 930 Καὶ
3496 878 3629 933 πῶς
3655 873 3747 934 οῦς
3779 874 3867 928 οὔκ

2207 961 2431 1032 ἤκουσε,
2462 962 2551 1017 καὶ
2610 963 2699 1018 ἰπὶ
2737 961 2963 1038 καρδίαν
3032 963 3317 1037 ἀνθρώπου
3371 961 3482 1018 οῦκ
3543 956 3743 1032 ἀνέϐη,
3772 967 3865 1019 τῶν

2208 1051 2379 1128 ἁγίων
2410 1058 2728 1131 προφητῶν,
2762 1053 2917 1131 φησί,
2950 1051 3403 1125 προακουσάντων
3421 1055 3492 1106 τὸ
3520 1055 3868 1126 μηστηρεονς

2210 1139 2307 1195 Καί
2340 1162 2536 1218 φαμεν,
2570 1141 2656 1196 ὅτι
2685 1138 2867 1216 ἕτερόν
2899 1141 2951 1195 τί
2983 1140 3092 1196 ἐστι
3121 1141 3184 1195 τὸ
3232 1140 3308 1203 ὡς
3366 1139 3679 1217 ἄνθρωπον
3722 1143 3873 1197 ἀκοῦ-

2209 1249 2320 1299 σαι,
2350 1230 2441 1285 καὶ
2470 1227 2654 1305 ’ἔτερόν
2712 1231 2774 1286 τὸ
2827 1231 2902 1291 ὠς
2960 1232 3264 1306 προφήτην.
3321 1231 3427 1287 Καὶ
3490 1231 3607 1307 γὰρ
3667 1231 3874 1292 Ἦσαὶις

2208 1319 2362 1393 φησί·
2399 1344 2426 1371 «
2460 1317 2771 1393 ῙΙροσέθηκὲ
2803 1339 2897 1392 μοι
2939 1321 3103 1375 ὠτίον
3162 1318 3241 1380 είς
3295 1318 3358 1374 τὸ
3417 1318 3696 1391 ἄκουσαι,
3730 1341 3756 1372 ι
3789 1320 3875 1374 οὐκ

2209 1405 2395 1476 ἐπειδή
2431 1407 2672 1465 ἐνέλιπεν
2697 1407 2845 1481 αὐτῷ
2877 1408 2970 1469 οῦς
3019 1407 3330 1484 ἀνθρώπου,
3360 1405 3498 1464 ἀλλ’
3562 1408 3656 1465 δτι
3715 1430 3875 1485 προσ-

2209 1493 2433 1553 ελάϐετο
2461 1502 2557 1553 τοῦ
2589 1499 2895 1573 προφήτου.

2277 1589 2441 1662 Ἡμῖν
2502 1585 2560 1643 δὶ
2634 1589 2663 1641 ὁ
2733 1589 2862 1651 Θεὸς
2935 1587 3251 1661 ἀπεκάλυψε
3308 1585 3397 1642 διὰ
3452 1592 3569 1645 τοῦ
3638 1588 3873 1665 Πνεόμα-

2208 1697 2300 1738 τος
2359 1677 2547 1734 αὐτοῦ.
2605 1679 2684 1735 Τὸ
2735 1678 2840 1755 γὰρ
2874 1682 3091 1752 Πνεῦμα
3148 1677 3323 1732 πάντα
3378 1677 3608 1752 ἐρευνᾷ,
3669 1680 3762 1735 καὶ
3813 1680 3873 1734 τὰ

2211 1769 2351 1843 βάθη
2404 1772 2501 1824 τοῦ
2558 1773 2712 1824 Θεοῦ.
2766 1768 2864 1831 Τίς
2924 1768 3029 1844 γὰρ
3089 1767 3233 1823 οἶδεν
3288 1767 3608 1844 ἀνθρώπων
3670 1770 3739 1825 τὰ
3785 1773 3872 1826 τοῦ

455 1883 483 1913 ‹‹
517 1865 656 1918 sunt
686 1859 969 1925 hominis,
1014 1858 1128 1913 nisi
1160 1858 1402 1929 spiritus
1441 1857 1702 1913 hominis
1760 1858 1860 1929 qui
1919 1863 2009 1914 est
2039 1858 2099 1914 in

2222 1857 2522 1933 ἰνθρώπου,
2582 1857 2632 1913 εἴ
2686 1859 2763 1932 μή
2821 1858 2885 1913 τὸ
2941 1861 3157 1930 πνεῦμα
3209 1861 3307 1913 τοῦ
3365 1857 3663 1932 ἀνθρόπου
3717 1861 3778 1916 τὸ
3823 1859 3870 1914 ἐν

455 1971 484 2001 α
517 1966 586 2005 eo
616 1948 643 2005 ?
671 1947 766 2005 Sic
797 1952 856 2002 et
902 1962 971 2002 ea
1018 1961 1148 2017 quae
1203 1944 1305 2001 Dei
1363 1950 1505 2001 sunt
1559 1961 1736 2001 nemo
1775 1947 1958 2014 novit,
1987 1947 2101 2002 nisi

453 2059 482 2081 υ
515 2036 767 2108 Spiritus
799 2034 923 2091 Dei.
956 2056 983 2084 »

525 2125 584 2182 Si
615 2123 796 2196 igitur
824 2122 1026 2180 nullus
1057 2123 1237 2191 novit,
1274 2140 1395 2190 vos,
1442 2124 1656 2195 inquit,
1681 2126 1977 2195 quomodo
2010 2125 2100 2179 di-

455 2211 685 2271 dicistis
709 2213 737 2268 ?
766 2212 913 2278 Quia
945 2213 1118 2280 Deus,
1150 2212 1253 2280 ait,
1286 2212 1458 2267 nobis
1489 2211 1763 2268 revelavit
1792 2229 1897 2285 per
1926 2213 2103 2285 Spiri-

456 2308 605 2368 tum,
633 2318 755 2358 non
782 2302 1222 2373 perhumanam
1247 2302 1621 2374 sapientiam.
1648 2303 1781 2358 Hazc
1798 2303 1959 2358 enim
1982 2320 2102 2359 non

458 2399 549 2452 est
569 2392 770 2449 habita
797 2392 971 2465 digna
994 2409 1124 2465 qua:
1150 2392 1346 2447 videat
1366 2393 1665 2464 mysteria.
1687 2394 1828 2449 Nam
1855 2393 2104 2465 Spiritus

455 2489 670 2540 cuncta
689 2488 1003 2539 scrutatur.
1030 2481 1251 2538 Deinde
1275 2481 1535 2537 ostendit
1551 2482 1710 2554 quod
1728 2482 2103 2553 potissimum

452 2579 541 2631 est
562 2574 623 2629 in
646 2574 755 2629 hac
778 2571 1113 2644 disciplina.
1142 2572 1261 2627 Nisi
1284 2572 1443 2627 enim
1471 2572 1722 2643 Spiritus
1744 2588 1852 2627 nos
1874 2572 2103 2627 docuis-

454 2668 565 2726 set,
597 2663 812 2733 inquit,
838 2661 939 2732 qui
959 2661 1060 2715 Dei
1085 2675 1319 2732 quoque
1343 2660 1637 2732 profunda
1666 2660 1846 2717 novit.
1876 2676 2100 2731 nequa-

454 2768 632 2826 quam
664 2751 815 2807 scire
846 2750 1247 2821 potuissemus
1274 2767 1287 2815 ;
1325 2765 1462 2803 nam
1496 2750 1604 2804 hoc
1635 2749 1982 2819 mysterium
2015 2754 2104 2803 est

454 2842 615 2900 inter
640 2839 1084 2904 inenarrabilia,
1107 2838 1238 2894 ideo
1263 2855 1498 2910 quoque
1521 2839 1741 2910 Spiritu
1763 2837 1935 2893 nobis
1955 2854 2103 2909 opus

458 2938 586 2990 erat
614 2936 995 3004 praeceptore.
1025 2929 1193 2997 Quod
1234 2934 1434 2986 autem
1480 2930 1599 2986 ait:
1652 2952 1680 2980 «
1715 2930 2040 2996 Scrutatur,
2074 2950 2102 2979 »

458 3039 579 3079 non
611 3020 958 3096 ignorantia:
991 3021 1355 3076 ostensivum
1387 3024 1494 3083 est,
1529 3019 1631 3075 sed
1663 3036 1693 3075 e
1719 3019 1947 3075 diverso
1979 3035 2108 3074 exa-

459 3115 566 3166 ctas
603 3109 800 3182 potius
858 3107 1231 3178 cognitionis.
1285 3108 1459 3163 Divus
1508 3108 1821 3181 Gregorius
1879 3107 2107 3162 intelli-

2206 1948 2351 2019 αὐτῷ
2381 1966 2394 2016 ;
2427 1944 2615 2009 Οὕτως
2656 1947 2747 2003 καὶ
2795 1949 2865 2003 τὰ
2890 1951 2989 2003 τοῦ
3039 1952 3174 2003 Θεοῦ
3227 1945 3405 2010 οόδεὶς
3454 1945 3641 2019 οἶδεν,
3697 1949 3747 2005 εἴ
3798 1950 3867 2024 μὴ

2204 2038 2266 2092 τὸ
2296 2041 2520 2110 Πνεῦμα
2549 2042 2647 2093 τοῦ
2676 2041 2829 2094 Θεοῦ.

2279 2127 2341 2183 Εἰ
2373 2127 2463 2183 οὗ]
2498 2125 2678 2189 οὐδεὶς
2707 2121 2868 2202 ἔγνω,
2910 2126 3092 2200 ὑμεῖς,
3119 2126 3274 2206 φησὶ,
3304 2116 3422 2190 πῶς
3458 2131 3825 2202 μεμαθήκατε
3853 2146 3867 2199 ;

2208 2218 2352 2285 Ὀτι,
2385 2217 2569 2295 φησὶν,
2602 2218 2630 2272 ὁ
2661 2217 2791 2278 Θεὸς
2821 2218 2958 2289 ἦμῖν
3000 2214 3089 2272 διά
3134 2220 3236 2273 τοῦ
3292 2218 3631 2293 Πνεύματος
3676 2217 3867 2275 ἀπεκά-

2209 2305 2394 2380 λυψεν,
2427 2305 2487 2361 οὐ
2520 2304 2592 2361 δι’
2627 2305 2971 2381 ἀνθρωπίνης
3005 2306 3217 2381 σοφίας.
3249 2305 3399 2376 Αὕτη
3434 2307 3546 2383 γὰρ
3586 2307 3691 2363 οὐκ
3716 2307 3868 2379 ἠξιὼ-

2209 2407 2276 2466 θη
2312 2393 2440 2451 ἰδεῖν
2479 2398 2546 2451 τὰ
2607 2398 2900 2471 μυστήρια.
2942 2397 3022 2453 Τὸ
3053 2398 3157 2471 γὰρ
3211 2400 3432 2470 Πνεῦμα
3491 2398 3672 2454 πάντα
3718 2397 3862 2472 ἐρευ-

2206 2489 2287 2556 νᾷ.
2321 2488 2456 2543 Εἶτα
2494 2482 2726 2541 δείκνυσι
2769 2487 2832 2541 τὸ
2894 2483 3142 2561 μέγιστον
3201 2493 3303 2556 τῆς
3366 2487 3635 2559 τοιαύτης
3689 2488 3857 2560 μαθή-

2209 2595 2365 2636 σεως.
2399 2576 2465 2632 Εἰ
2498 2578 2574 2649 μὴ
2606 2577 2710 2653 γὰρ
2753 2575 2816 2631 τὸ
2873 2579 3112 2647 Πνεῦμα,
3145 2577 3301 2652 φησὶ,
3350 2577 3413 2631 τὸ
3445 2578 3534 2632 καὶ
3597 2579 3662 2633 τὰ
3715 2577 3847 2652 βάθη

2205 2668 2302 2718 τοῦ
2333 2669 2468 2720 Θεοῦ
2499 2664 2877 2737 ἐπιστάμενον,
2934 2662 3172 2735 ἐδίδαξεν
3202 2667 3371 2739 ἡμᾶς,
3421 2666 3522 2721 οὐκ
3554 2666 3614 2721 Ev
3651 2663 3847 2735 ἠδυνή-

2210 2763 2382 2826 θημεν
2416 2756 2621 2826 μαθεῖν.
2655 2756 2743 2810 Ἐν
2775 2760 2893 2815 τοῖς
2951 2754 3290 2829 ἀπορρήτοις
3347 2755 3450 2831 γὰρ
3505 2756 3571 2825 ἦν
3626 2756 3687 2811 τὸ
3714 2774 3843 2827 μυσ-

2206 2844 2397 2917 τήριον
2425 2840 2607 2900 τοῦτο.
2638 2844 2730 2898 Διὸ
2760 2845 2848 2898 καὶ
2880 2847 2978 2898 τοῦ
3007 2844 3321 2917 Πνεύματος
3376 2841 3661 2915 ἐδεήθημεν
3691 2840 3833 2897 διδα·

2211 2931 2436 2989 σκάλου.
2468 2933 2544 2988 Τὸ
2585 2929 2663 3002 δὲ,
2724 2956 2751 2984 ‹‹
2786 2935 3032 3008 Ἐρευνᾷ,
3065 2957 3087 2987 ι
3152 2933 3253 2989 οὐκ
3314 2933 3517 3008 ἀγνοίας
3570 2927 3823 2986 δεικτικόν

2210 3021 2373 3090 ἐστιν,
2409 3020 2555 3077 ἀλλᾶ
2604 3020 2942 3091 τουναντίον,
3005 3017 3267 3096 ἀκριϐοῦς
3320 3021 3573 3099 γνώσεως.
3596 3022 3657 3078 Ὀ
3693 3017 3747 3074 δὶ
3775 3016 3822 3073 ἰν

2211 3111 2385 3185 ἁγίοις
2435 3111 2741 3188 Γρηγόριος
2804 3109 2998 3173 οὕτως·
3061 3111 3170 3166 Οὐκ
3221 3112 3299 3182 ᾡς
3353 3111 3839 3188 περιεργαζόμενον,

457 3198 540 3272 git
565 3215 577 3251 :
603 3199 728 3254 Non
746 3196 907 3269 quod
921 3196 1172 3268 Spiritus
1198 3199 1429 3252 curiose
1445 3195 1703 3269 indaget,
1737 3196 1840 3251 sed
1863 3196 2021 3267 quod
2044 3196 2105 3250 in

2222 3200 2454 3264 ἀλλ’ὡς
2511 3199 2782 3279 ἐντρυφῶν
2838 3204 2908 3274 τῇ
2967 3201 3184 3277 θεωρίᾳ.
3243 3225 3271 3252 ‹‹
3333 3201 3436 3258 Καὶ
3477 3200 3545 3255 τὰ
3577 3201 3712 3276 βαθη
3762 3201 3852 3252 τοῦ

456 3287 960 3359 contemplatione
981 3286 1328 3342 delectetur.
1356 3307 1385 3336 »
1405 3286 1595 3341 Etiam
1619 3285 1913 3358 profunda
1936 3286 2057 3342 Dei.
2077 3308 2103 3334 η

458 3376 760 3433 Profunda
779 3376 881 3431 Dei
915 3374 1176 3446 appellat
1199 3374 1692 3445 profundissimas
1717 3375 2110 3446 ipsius,maxi-

461 3481 676 3537 meque
708 3481 817 3520 nos
838 3464 1093 3520 latentes
1121 3464 1542 3534 dispositiones
1575 3480 1679 3519 seu
1709 3464 2107 3534 dispensatio-

463 3572 593 3612 nes.
618 3585 689 3596 —
709 3555 839 3611 Alio
859 3554 1037 3609 modo.
1065 3553 1364 3609 Profunda
1385 3553 1488 3608 Dei
1512 3558 1650 3608 sunt
1676 3569 1976 3608 sacrarum
2001 3553 2111 3607 Lil-

466 3650 727 3702 terarum
750 3643 983 3700 occulta
1013 3660 1080 3698 ac
1111 3643 1418 3698 recondita
1453 3642 1730 3715 cognitio,
1760 3657 1893 3699 cum
1926 3642 2077 3713 Spiri
2096 3674 2107 3685 -ν

462 3742 559 3792 tus
573 3735 671 3808 qui
688 3736 868 3801 novit,
893 3738 1233 3790 sanctorum
1256 3732 1474 3789 revelat
1495 3732 1826 3801 animabus,
1851 3732 2108 3787 divinam

464 3825 783 3899 quamdam
817 3823 1274 3897 intelligentiam
1322 3824 1384 3877 in
1432 3823 1518 3878 eis
1562 3822 1871 3878 exhibens.
1926 3822 2109 3876 «Nisi

462 3916 706 3988 spiritus
727 3915 986 3971 hominis
1011 3914 1111 3985 qui
1152 3919 1242 3969 est
1272 3913 1331 3969 in
1391 3930 1479 3968 eo.
1542 3935 1568 3963 «
1600 3911 2108 3979 Quemadmodum

466 4007 645 4075 enim,
678 4007 895 4078 inquit,
927 4021 1058 4077 quae
1090 4004 1351 4060 hominis
1382 4008 1521 4059 sunt
1566 4003 1767 4059 nullus
1798 4003 2108 4057 hominum

463 4100 646 4168 novit,
678 4098 795 4154 nisi
825 4097 1101 4170 proprius
1152 4096 1341 4168 ipsius
1370 4095 1654 4166 spiritus:
1690 4095 1773 4149 ita
1810 4110 2003 4159 neque
2042 4109 2113 4149 ea

469 4205 601 4261 quae
633 4189 735 4244 Dei
767 4191 907 4243 sunt
935 4186 1232 4257 quispiam
1263 4185 1426 4240 novit
1454 4185 1569 4240 nisi
1593 4183 1867 4255 Spirtitus
1900 4182 2022 4239 Dei.

538 4280 608 4335 ΙΙ·
643 4279 731 4343 i2,
767 4278 852 4333 13.
884 4296 914 4329 ι(
947 4278 1062 4331 Nos
1083 4280 1283 4331 autem
1316 4290 1436 4330 non
1469 4273 1742 4345 spiritum
1776 4273 1983 4327 mundi
2016 4290 2112 4327 ac-

466 4391 497 4422 ‹‹
528 4370 815 4442 cepimus,
842 4368 947 4424 sed
970 4366 1253 4440 Spiritum
1280 4365 1381 4438 qui
1400 4381 1467 4419 ex
1491 4365 1608 4419 Deo
1632 4370 1741 4431 est,
1762 4370 1829 4418 ut
1854 4364 2112 4419 sciamus

466 4479 495 4510 ‹‹
528 4475 659 4531 qua:
691 4475 726 4514 ο.
755 4457 985 4513 Christo
1017 4455 1237 4512 donata
1267 4458 1405 4509 sunt
1434 4452 1606 4509 nobis
1633 4469 1647 4508 :
1680 4469 1811 4523 quae
1842 4452 2112 4523 etloqui-

2218 3296 2372 3348 Θεοῦ.
2410 3315 2437 3342 ››
2466 3325 2535 3333 --
2566 3292 2877 3365 [ΣΕΥΙΙΡ.]
2912 3291 3060 3361 Βάθη
3094 3294 3190 3346 τοῦ
3248 3295 3355 3347 Θοῦ
3414 3289 3591 3365 λέγει,
3648 3291 3739 3352 τὰς
3769 3288 3857 3363 βα-

2219 3383 2447 3446 θυτάτας
2492 3379 2657 3436 αὐτοῦ
2686 3381 2777 3435 καὶ
2838 3376 3290 3442 διαλανθανούσας
3320 3382 3469 3453 ἡμᾶς
3526 3379 3859 3452 οἶκονομίας.

2217 3503 2284 3513 -
2315 3468 2565 3531 Ἄλλως.
2604 3470 2878 3544 [ΚΙῬΙΑ.]
2913 3468 3057 3539 Βαίοη
3110 3474 3207 3525 τοῦ
3265 3472 3397 3524 Θεοῦ
3429 3468 3533 3524 εἰσι
3563 3474 3677 3525 τῶν
3710 3470 3853 3545 ἱερῶν

2218 3561 2558 3637 γραμμάτων
2592 3561 2626 3629 ἡ
2675 3558 3021 3633 κεκρυμμένη
3075 3559 3166 3613 καὶ
3218 3558 3484 3620 ἀπόθετος
3544 3558 3860 3637 γνῶσες,ἢν

2219 3645 2360 3710 είδὸς
2391 3649 2453 3703 τὸ
2488 3652 2707 3721 Πνεῦμα
2736 3652 2855 3712 ταῖς
2883 3650 2992 3703 τῶν
3029 3646 3194 3721 ἁγίων
3228 3645 3605 3704 ἀποκαλύπτει
3640 3652 3859 3724 ψυχαῖς,

2219 3738 2362 3793 θεῖόν
2390 3757 2510 3792 τινα
2529 3742 2655 3793 νοῦν
2686 3737 2985 3811 ἀποφαῖνον
3014 3735 3067 3791 ἐν
3099 3736 3305 3799 αὐτοῖς.
3342 3760 3370 3789 α
3402 3736 3467 3793 Εἰ
3498 3738 3575 3810 μή
3605 3738 3675 3793 τὸ
3706 3741 3860 3793 πνεῦ-

2223 3848 2296 3901 μα
2324 3832 2420 3882 τοῦ
2452 3827 2738 3899 ἀνθρώπου
2768 3827 2831 3881 τὸ
2860 3826 2911 3880 ἐν
2937 3826 3105 3896 αὐτῷ.
3144 3849 3171 3877 ››
3201 3828 3395 3900 Ὥσπερ
3441 3827 3568 3900 γὰρ,
3612 3829 3775 3904 φησὶ,
3806 3824 3865 3882 τὰ

2218 3918 2354 3973 κατᾶ
2410 3915 2695 3992 ἄνθρωπον
2763 3913 2912 3976 οὐδὶς
2982 3912 3124 3971 οἶδεν
3181 3916 3501 3990 ἀνθρώπων,
3562 3915 3616 3970 εἷ’
3673 3919 3756 3990 μὴ
3810 3914 3865 3971 τὸ

2220 4003 2357 4061 ἴδιον
2386 4006 2553 4060 αὐτοῦ
2576 4008 2809 4079 πνεῦμα,
2833 4001 3033 4065 οῦτεως
3055 4000 3179 4059 οὐδὲ
3208 4004 3274 4059 τὰ
3304 4007 3401 4060 τοῦ
3422 4008 3557 4059 Θεοῦ
3586 4026 3674 4067 τις
3704 4002 3867 4072 οἶδεν,

2221 4094 2267 4149 εἰ
2300 4095 2377 4168 μὴ
2411 4094 2473 4149 τὸ
2507 4096 2721 4166 Πνεῦμα
2749 4096 2847 4147 τοῦ
2887 4096 3046 4150 Θεοῦ.

2292 4185 2481 4257 Ἡμεῖς
2537 4180 2595 4238 δὲ
2645 4180 2705 4236 οὗ
2764 4182 2826 4237 τὸ
2883 4185 3098 4254 πνεῦμα
3145 4186 3242 4238 τοῦ
3308 4184 3519 4257 κόσμοῦ
3571 4178 3863 4259 ἐλάϐομεν,

2222 4271 2369 4328 ἀλλὰ
2396 4273 2457 4326 τὸ
2500 4275 2718 4343 Πνεῦμα
2772 4271 2835 4325 τὸ
2891 4270 2952 4326 ἐκ
3004 4274 3160 4341 Θεοῦ,
3216 4268 3310 4326 ’ίνα
3366 4268 3598 4344 εἴδωμεν
3657 4272 3726 4328 τὰ.
3769 4273 3864 4330 ὑπὸ

2220 4366 2317 4418 τοῦ
2373 4364 2507 4417 Θεοῦ
2562 4358 2886 4439 χαρισθέντα
2940 4363 3115 4435 ἡμῖν,
3174 4360 3207 4415 ἃ
3261 4359 3351 4415 καὶ
3410 4359 3712 4436 λαλοῦμεν,
3773 4362 3869 4419 οὐκ

2221 4450 2273 4507 ἐν
2334 4447 2605 4512 διδακτοῖς
2687 4449 3031 4525 ἀνθρωπίνης
3109 4450 3301 4525 σοφίας
3373 4450 3580 4525 λόγοις,
3638 4450 3865 4509 ἀλλάἒν

465 4571 494 4602 α
526 4566 680 4619 mur,
712 4565 829 4606 non
870 4564 977 4621 per
1005 4562 1310 4602 sermones
1332 4562 1479 4616 quos
1526 4544 1698 4601 docet
1726 4544 1989 4598 humana
2018 4560 2105 4599 sa-

2223 4538 2500 4602 διδακτοῖς
2580 4540 2894 4614 Ηνεόματος
2989 4540 3170 4617 ἁγίου,
3249 4546 3637 4614 πνευματῖκοῖς
3703 4562 3866 4600 πνευ-

466 4660 498 4689 α
528 4639 772 4713 pientia,
807 4638 910 4694 sed
943 4654 1049 4710 per
1080 4654 1181 4693 eos
1203 4652 1353 4707 quos
1385 4634 1556 4689 docet
1576 4634 1827 4706 Spiritus
1850 4638 2110 4704 sanctus,

470 4748 500 4778 α
534 4728 941 4799 spiritualibus
973 4726 1305 4798 spiritualia
1334 4728 1761 4795 comparentes.
1801 4746 1829 4773 »

544 4815 742 4873 Mundi
775 4815 1049 4887 spiritum
1080 4820 1264 4881 vocat,
1298 4819 1363 4871 ut
1400 4814 1633 4886 opinor,
1666 4813 1986 4868 humanam
2020 4829 2113 4867 sa-

471 4904 780 4981 pientiam,
814 4921 880 4960 ac
922 4904 1337 4965 eruditionem,
1390 4920 1567 4976 quam
1602 4920 1722 4959 non
1752 4901 2115 4973 accepimus,

469 4995 670 5068 inquit
693 4999 761 5051 ut
789 4994 890 5065 qui
924 5009 1157 5050 crucem
1189 4993 1485 5061 obscuret,
1518 5009 1593 5048 ne
1633 4992 1941 5048 abolcatur
1974 5008 2117 5046 crux

471 5085 643 5144 sicuti
676 5082 969 5158 praedixit.
1020 5081 1131 5138 Sed
1177 5082 1457 5154 Spiritum
1512 5082 1614 5138 Dei
1664 5082 2023 5153 accepimus,
2052 5086 2119 5137 ut

473 5177 731 5233 sciamus
764 5191 894 5245 qua:
927 5172 1145 5228 donata
1189 5178 1326 5227 sunt
1364 5171 1535 5228 nobis
1566 5188 1599 5227 a
1633 5173 1746 5228 Deo
1775 5189 1787 5225 :
1849 5172 1957 5225 hoc
2006 5176 2114 5237 est,

473 5268 815 5340 dispensata
848 5265 967 5320 sive
999 5263 1152 5319 facta
1182 5270 1321 5319 sunt
1350 5282 1383 5319 a
1411 5264 1660 5319 Christo.

543 5359 695 5414 435
734 5379 762 5408 ‹‹
792 5358 917 5413 Non
950 5371 1056 5427 per
1094 5370 1400 5410 sermones
1431 5370 1579 5425 quos
1637 5352 1811 5409 docet
1859 5353 2119 5407 humana

477 5448 783 5518 sapientia.
823 5469 849 5495 »
884 5448 1090 5513 Tanto,
1123 5444 1337 5515 inquit,
1370 5461 1479 5499 nos
1512 5442 1851 5498 hominibus
1886 5441 2117 5513 sapien-

476 5535 657 5589 tiores
686 5552 911 5601 sumus,
948 5534 1185 5607 quando
1234 5533 1578 5605 sapientiori
1627 5532 1852 5588 utimur
1899 5547 2117 5604 praece-

543 5711 590 5749 ”
616 5713 728 5770 Isa.
758 5727 811 5783 ι,
841 5714 903 5773 ὅ.

2226 4632 2424 4707 ματικὰ
2455 4631 2843 4706 συγκρίνοντες.

2301 4804 2850 4880 [ΟΙΚΟΥΜΕΝΙΟΥᾸ
2885 4807 3104 4874 Πνεῦμα
3132 4805 3344 4877 κόσμου
3369 4801 3551 4871 καλεῖ,
3585 4804 3661 4867 ὡς
3691 4808 3867 4878 οἶμαι,

2226 4897 2324 4963 την
2350 4896 2689 4971 ἀνθρωπίνην
2720 4901 2907 4974 σοφίαν
2940 4894 3029 4949 καὶ
3060 4890 3362 4962 παίδευσιν,
3391 4893 3546 4967 ὅπερ,
3578 4896 3765 4973 φησὶν,
3798 4896 3868 4956 ὡς

2225 5006 2357 5042 κατα
2367 4988 2523 5060 ργοῦν
2553 4986 2643 5039 τὸν
2680 4984 2930 5057 σταυρόν,
2953 4984 3029 5045 ὡς
3056 4988 3330 5058 προεῖπεν,
3351 4984 3450 5039 οὐκ
3468 4979 3759 5059 ἐλάϐομεν,
3785 4987 3869 5041 ἳνα

2227 5075 2298 5147 λή
2332 5077 2538 5148 κενωθῇ
2572 5077 2599 5129 ὁ
2630 5074 2881 5147 σταυρὸς,
2915 5070 3060 5129 ἀλλὰ
3089 5074 3150 5129 τὸ
3207 5077 3425 5145 Πνεῦμα
3453 5077 3549 5128 τοῦ
3582 5078 3716 5130 Θεοῦ
3742 5073 3867 5129 ἐλά-

2229 5162 2416 5238 ϐομεν,
2446 5165 2540 5219 ἳνα
2568 5160 2801 5236 εἷδῶμεν
2833 5163 2899 5219 τὰ
2930 5160 3257 5241 χαρισθέντα
3281 5164 3416 5231 ἡμῖν
3449 5163 3555 5217 ἀπὸ
3584 5166 3682 5218 τοῦ
3715 5168 3867 5230 Θεοῦ,

2228 5253 2491 5321 τουτέστι,
2531 5253 2598 5308 τὰ
2625 5258 2742 5307 κατ’
2771 5250 3083 5325 ο¹κονομίαν
3110 5249 3371 5325 γεγονότα
3404 5255 3503 5305 τοῦ
3544 5255 3801 5323 Χριστοῦ.

2303 5370 2329 5397 α
2364 5343 2479 5402 Οὐκ
2502 5342 2552 5399 ἐν
2587 5338 2857 5401 διδακτοῖς
2888 5340 3235 5415 ἀνθρωπίνης
3273 5340 3485 5419 σοφίας.
3522 5365 3550 5392 υ
3602 5344 3868 5399 Τοσοῦτον

2227 5437 2389 5507 ἡμεῖς
2418 5432 2572 5513 φησί,
2614 5437 2721 5487 τῶν
2749 5433 2872 5505 παρ’
2932 5430 3252 5501 ἀνθρώπους
3309 5434 3486 5506 σοφῶν
3546 5432 3864 5508 σοφώτεροι,

2228 5524 2352 5578 ὅσον
2387 5524 2437 5578 οἱ
2482 5523 2574 5596 μὲν
2631 5520 2896 5577 Πλάτωνα
2951 5517 3041 5573 καὶ
3100 5518 3412 5593 Πυθαγόραν
3464 5515 3657 5597 ἔχουσι
3716 5517 3861 5575 διδα-
