4106 6252
312 316 438 381 865

316 542 598 608 διδακτοῖς
623 551 931 619 Ηνευματος
954 550 1130 626 ἁγίου,
1150 551 1400 608 »Οὐκοῦν
1428 552 1672 627 οὐδαμοῦ
1696 555 1855 630 χρεία
1876 562 1974 623 τῆς

317 634 672 708 ἀνθρωπίνης
705 636 917 714 σοφίας.
951 637 1095 697 ’Όλα
1125 642 1230 716 γὰρ
1261 643 1617 716 πνευματικά,
1665 670 1691 696 ‹‹
1731 651 1975 716 [Ινευμα-

315 729 493 785 τικοῖς
524 728 871 798 πνευματικᾶ
901 728 1292 803 συγκρίνοντες.
1330 756 1357 783 ››
1388 738 1561 789 Τοῦτο
1592 732 1760 809 λεγει,
1825 736 1968 804 ὅταν,

318 815 506 894 φησὶν,
576 813 827 890 ἀνακύψῃ
888 818 1112 891 ζήτημα
1190 823 1573 894 πνευματικὸν,
1634 824 1740 878 ἀπὸ
1795 846 1972 899 παρα-

316 902 624 978 δειγμᾶτων
683 911 1065 977 πνευματικῶν
1137 908 1231 973 τὰς
1313 912 1619 986 συγκρίσεις
1702 913 1791 967 καὶ
1874 913 1967 975 τὰς

311 991 595 1054 ἐπιλύσεις
654 991 946 1068 ἐπάγομεν.
1005 999 1142 1051 οἷον·
1231 998 1278 1053 εἶ
1332 998 1523 1071 ἀνέστη
1581 1003 1879 1076 τριήμερος
1939 1004 1967 1057 ὁ

309 1082 571 1157 Χριστὸς,
604 1082 663 1137 ἐκ
713 1088 815 1137 τοῦ
879 1086 1035 1142 Ἰωνᾶ
1086 1088 1181 1149 τὰς
1236 1087 1541 1159 ἀποδείξεις
1599 1091 1826 1165 παράγω
1875 1094 1965 1147 καὶ

308 1174 411 1240 τὴν
473 1172 794 1247 μαρτυρίαν·
855 1174 898 1228 εἰ
960 1172 1213 1249 ἐγέννησε
1268 1180 1527 1253 παρθένος
1578 1181 1669 1235 τὸν
1739 1182 1962 1256 Κύριον,

310 1261 371 1317 ἐκ
397 1266 509 1317 τῶν
546 1266 771 1337 στειρῶν
804 1263 996 1335 Ἀννης
1021 1266 1112 1321 xui
1142 1263 1424 1323 Ἐλισάϐετ
1453 1271 1489 1339 ἡ
1522 1267 1792 1333 ἐπίλυσις.

388 1370 641 1447 Ψυχικὸς
673 1366 729 1424 δὲ
756 1368 1060 1445 ἅνθρωπος,
1124 1371 1184 1428 οὔ
1246 1372 1461 1453 δέχεται
1518 1376 1585 1430 τὰ
1639 1382 1735 1433 τοῦ
1798 1379 1964 1434 Πνεύ-

320 1479 488 1533 ματος
549 1463 647 1514 τοῦ
716 1464 871 1515 Θεοῖν
938 1462 1121 1536 μωρία
1176 1464 1283 1539 γὰρ
1340 1464 1489 1538 αὐτῷ
1547 1465 1681 1536 ἐστι,
1747 1468 1837 1522 καὶ
1897 1470 1961 1524 ού

311 1546 531 1605 δύναται
585 1554 789 1625 γνῶναι
849 1549 931 1606 ὅτι
1015 1559 1397 1627 πνευματικῶς
1480 1555 1838 1629 ἀνακρίνεται.
1899 1560 1960 1617 Ὁ

307 1634 366 1693 δὲ
423 1638 813 1711 πνευματικὰς,
899 1641 1171 1716 ἀνακρίνει
1254 1644 1350 1717 μὶν
1436 1646 1627 1715 πάντα,
1686 1648 1845 1710 αὐτὸς
1904 1646 1959 1703 δὲ

307 1726 402 1783 ὑπ’
457 1724 675 1791 οὐδενὸς
731 1728 1087 1803 ἀνακρίνεται.
1150 1732 1248 1794 Τὶς
1303 1733 1407 1808 γὰρ
1474 1728 1615 1812 ἔγνω
1667 1740 1790 1791 νοῦν
1852 1744 1957 1792 Κυ-

650 388 651 391 η
1285 327 1698 392 COMMENT.
1746 329 1839 391 IN
1883 326 1949 390 El

2059 330 2124 392 Τ.
2168 331 2193 392 Ι
2237 331 2341 393 AD
2398 334 2767 401 CORINTH.

321 452 578 524 σκέλους,
612 453 782 528 ἡμεῖς
810 452 866 511 δὲ
893 457 956 514 τὸ
987 460 1206 535 Πνεῦμα
1256 461 1320 519 τὸ
1377 464 1551 561 ἅγιον.
1612 490 1643 517 ‹‹
1702 461 1858 561 Ἀλλ’
1917 464 1949 519 ἐπ

2085 468 2373 539 ptore.llli
2394 472 2688 544 siquidem
2706 477 3007 536 Platonem
3024 497 3089 538 ac
3102 484 3491 561 Pythagoram
3505 492 3726 553 habent

3610 359 3728 422 666

2082 566 2496 631 prmceptores,
2530 582 2637 619 nos
2668 574 2862 622 autem
2898 570 3176 641 Spiritum
3224 587 3513 635 sanctum.
3551 606 3577 633 ‹‹
3614 585 3724 641 Sed

2080 664 2189 719 per
2205 667 2305 705 eos
2329 669 2476 722 quos
2500 654 2671 709 docet
2692 658 2942 728 Spiritus
2968 671 3224 721 sanctus.
3253 690 3279 716 »
3306 671 3724 746 Nullusitaque

2079 754 2223 793 usus
2256 748 2344 793 est
2373 742 2649 797 humanm
2682 748 2942 804 scientiae
2970 768 2982 804 :
3017 757 3215 810 omnia
3247 775 3504 832 namque
3547 766 3724 835 spiri-

2078 828 2262 885 tualia
2294 838 2448 886 sunt.
2495 855 2522 882 ‹‹
2556 835 2973 905 Spiritualibus
3006 844 3339 914 spiritualia
3371 867 3716 923 comparan-

2077 922 2186 973 tes.
2213 940 2240 967 ››
2265 921 2382 975 Hoc
2406 928 2513 985 est,
2547 926 2701 995 quod
2725 928 2885 984 dicit.
2904 932 3045 986 Cum
3072 934 3454 1009 investigatur
3473 921 3718 1013 quaestio

2075 1008 2277 1079 aliqua
2316 1012 2665 1083 Spiritualis,
2700 1034 2765 1072 ac
2797 1022 3085 1093 exemplis
3116 1008 3524 1096 spiritualibu's
3555 1051 3719 1091 com-

2074 1100 2413 1169 parationes
2437 1119 2504 1158 ac
2526 1105 3048 1177 interpretationes
3070 1115 3441 1185 adducimus,
3467 1124 3717 1188 ut,verbi

2074 1204 2288 1257 causa;
2322 1191 2370 1245 si
2404 1196 2659 1250 surrexit
2688 1200 2857 1253 tertio
2891 1200 2984 1256 die
3016 1204 3299 1271 tihristus,
3321 1224 3389 1262 ex
3418 1211 3562 1267 Jona
3580 1230 3719 1283 pro-

2072 1274 2342 1333 bationes
2375 1295 2441 1333 ac
2475 1283 2879 1341 testimonium
2913 1289 3139 1345 adduco
3167 1309 3179 1345 :
3215 1294 3260 1347 si
3294 1302 3467 1351 natus
3500 1306 3587 1354 est
3610 1302 3716 1355 Do-

2071 1365 2271 1420 minus
2299 1384 2369 1422 ex
2402 1370 2643 1441 virgine,
2680 1390 2747 1428 ex
2781 1377 3082 1434 sterilibus
3114 1383 3279 1437 Anna
3329 1391 3385 1438 et
3414 1387 3713 1445 Elisabeth

2070 1455 2324 1510 sumitur
2348 1457 2776 1530 interpretatio.

2139 1543 2211 1607 Il,
2247 1548 2426 1600 μίν-16.
2460 1550 2743 1607 Animalis
2768 1561 2949 1610 autem
2974 1558 3132 1614 homo
3154 1579 3259 1617 non
3282 1565 3487 1637 accipit
3508 1584 3569 1622 ea
3591 1586 3710 1639 qua

2066 1642 2193 1690 sunt
2222 1638 2461 1707 Spiritus
2494 1641 2611 1708 Dei,
2658 1646 2893 1701 stultitia
2939 1652 3209 1719 siquidem
3266 1658 3375 1725 ipsi
3428 1638 3710 1716 suntsnec

2059 1732 2244 1795 potest
2301 1744 2643 1797 cognoscere.
2703 1738 2837 1804 quia
2883 1740 3255 1807 spiritualiter
3304 1746 3706 1817 dijudicantur.

304 1818 430 1893 ρίου
461 1817 521 1880 ὅς
552 1813 879 1891 συμϐιϐἀσει
910 1822 1074 1879 αὐτόν
1125 1840 1139 1891 ;
1178 1823 1371 1896 Ἡμεῖς
1428 1821 1485 1878 δὲ
1539 1829 1664 1879 νοῦν
1719 1828 1949 1899 Χριστοῦ

2063 1814 2389 1885 Spiritualis
2409 1836 2535 1875 vero
2556 1822 2812 1880 universa
2840 1828 3057 1898 quidem
3072 1813 3373 1902 diiudicat;
3385 1836 3499 1907 ipse
3525 1846 3708 1896 autem

298 1904 402 1981 ἔχο
412 1926 531 1981 μεν.

364 2185 621 2261 Ψυχικὸν
665 2184 944 2261 ἄνθρωπον
998 2187 1178 2257 καλεῖ,
1235 2188 1326 2245 τὸν
1385 2189 1556 2247 πάντα
1607 2199 1725 2257 τοῖς
1782 2195 1949 2273 λογι-

288 2278 455 2348 σμοῖς
483 2281 586 2344 τῆς
618 2276 806 2350 ψυχῆς
842 2273 1075 2347 διδόντα,
1119 2277 1208 2333 καὶ
1254 2277 1423 2354 μηδὲν
1484 2279 1659 2337 πίστει
1715 2280 1949 2359 δεχόμε-

284 2386 401 2436 νον,
438 2367 577 2437 μήτε
611 2366 911 2438 νομίζοντα
959 2389 1102 2431 τινος
1146 2366 1345 2425 ἄνωθεν
1409 2368 1611 2427 δεῖσθαι
1668 2372 1948 2449 βοηθείας.

292 2455 399 2519 Ὃς
429 2462 548 2519 τοῖς
578 2464 679 2527 τῆς
714 2461 900 2533 ψυχῆς
932 2460 1200 2532 νοήμασιν
1243 2462 1307 2516 οὐ
1366 2459 1664 2538 δυνάμενος
1721 2462 1952 2520 καταλα-

294 2541 412 2600 ϐεῖν
461 2548 557 2608 τὰς
591 2543 943 2608 διδασκαλίας
999 2553 1097 2604 τοῦ
1154 2551 1488 2624 Πνεύματος,
1554 2558 1834 2609 πιστεῦσαι
1894 2553 1950 2611 δὲ

296 2633 589 2712 λογισμῶν
623 2639 803 2711 χωρὶς
839 2638 940 2694 οὐκ
969 2637 1193 2711 ἐθέλων,
1226 2642 1396 2698 πάντα
1431 2644 1589 2719 μωρὰ
1646 2645 1854 2717 νομίζει
1886 2646 1951 2701 τὰ

306 2730 411 2791 τῆς
474 2723 772 2797 οἶκονομίας
830 2732 927 2782 τοῦ
986 2728 1212 2805 Κυρίου.
1279 2763 1346 2775 -
1398 2731 1640 2796 Ἄλλως.
1711 2738 1946 2810 [ῐΩΑΝ.]

310 2814 562 2887 Ψυχικός
592 2812 747 2881 ἐστιν,
784 2816 812 2870 ὁ
871 2817 1010 2873 κατᾶ
1066 2819 1235 2894 σάρκα
1293 2823 1421 2891 ζῶν,
1479 2822 1568 2876 καὶ
1631 2825 1799 2895 μήπω
1854 2826 1945 2879 τόν

300 2905 429 2956 νοῦν
476 2904 764 2981 φωτισθεὶς
832 2902 920 2959 διὰ
977 2903 1072 2960 τοῦ
1150 2907 1474 2981 πνεύματος,
1546 2909 1690 2966 ἀλλὰ
1775 2915 1947 2985 μόνην

291 2994 395 3061 τὴν
429 2988 669 3066 ἔμφυτον
702 2996 793 3049 xui
816 2994 1160 3067 ἀνθρωπίνην
1218 2998 1425 3054 σύνεσιν
1480 2994 1648 3076 ἔχων,
1710 3001 1775 3071 ἤν
1829 3010 1946 3067 ταῖς

293 3081 552 3137 ἁπάντων
582 3087 793 3159 ψυχαῖς
824 3081 1095 3157 ἐμϐάλλει
1141 3086 1169 3141 ὀ
1201 3090 1570 3165 Δημιουργός.
1603 3124 1668 3134 -
1700 3089 1944 3155 Ἀλλως.

292 3171 439 3229 Ἀντί
510 3172 632 3242 τοῦ,
685 3174 851 3231 ’Ὁταν
909 3194 960 3229 τι
1000 3178 1361 3249 πνευματικὸν
1403 3179 1492 3234 καὶ
1549 3180 1857 3257 ἀπόρρητον
1889 3182 1945 3258 ᾗ,
1982 3219 2024 3285 C

302 3259 391 3285 !'_1
433 3265 503 3285 -ε
594 3283 625 3285 ξ
667 3281 711 3285 ,η
864 3284 867 3285 ,
901 3268 929 3279 -ο
1067 3266 1081 3283 ς
1409 3270 1421 3285 1
1556 3269 1583 3285 υ
1866 3272 1892 3285 -υ

294 3259 400 3317 ἅπὸ
431 3265 540 3316 τῶν
588 3268 969 3337 πνευματικῶν
1028 3266 1124 3328 τὰς
1188 3270 1489 3342 μαρτυρίας
1547 3269 1773 3347 ἄγομεν,
1835 3272 1951 3326 οἷον

299 3352 382 3407 δτι
415 3350 639 3421 ἀνέστη,
671 3355 899 3429 παράγω
928 3355 1025 3424 τὴν
1080 3360 1177 3411 τοῦ
1238 3358 1392 3415 Ἰωνᾶ
1450 3358 1765 3435 μαρτυρίαν.
1825 3361 1947 3418 "Oti

302 3441 354 3496 ἐκ
410 3442 684 3515 παρθένου
744 3442 1029 3519 ἐγεννήθη,
1083 3448 1317 3522 παράγω
1372 3449 1470 3517 τήν
1537 3453 1642 3503 τῶν
1723 3455 1946 3526 στειρῶν

295 3529 567 3606 γέννησιν.
602 3531 855 3606 Ψυχικὸς
889 3530 945 3589 δέ
973 3533 1113 3590 ἐστιν
1146 3537 1174 3592 ὁ
1212 3542 1273 3591 τὸ
1324 3541 1427 3592 πᾶν
1484 3543 1599 3601 τοῖς
1656 3538 1946 3614 λογισμοῖς

298 3629 401 3691 τῆς
461 3625 651 3701 ψυχῆς
711 3620 894 3687 διδοὺς
950 3625 1041 3680 καὶ
1099 3627 1174 3698 μὴ
1226 3630 1468 3701 νομίζων
1528 3628 1729 3685 ἄνωθέν
1802 3653 1946 3695 τινος

300 3711 582 3787 βοηθείας.
629 3745 698 3754 -
755 3709 998 3775 Ἀλλως.
1056 3717 1267 3790 [ΦΩΤ.]
1324 3720 1383 3775 Ὀ
1438 3720 1698 3794 ψυχικὸς,
1757 3720 1943 3796 χρείαν

294 3798 415 3874 ἕχει
449 3801 779 3874 ἀνακρίσεως
807 3802 895 3857 κκὶ
954 3802 1239 3874 ἐξετάσεως
1295 3806 1383 3862 καὶ
1445 3811 1729 3880 μαθήσεως
1786 3830 1945 3868 πνευ-

300 3888 675 3962 ματικῆς,¹ίνα
706 3890 1069 3966 παραδέξηται
1122 3895 1189 3949 τὰ
1244 3900 1339 3951 τοῦ
1392 3898 1714 3971 πνεύματος.
1772 3898 1947 3956 Ἀλλὰ

294 3981 433 4054 πρὸς
462 3978 664 4050 ταύτην
703 3979 1232 4058 ἀπαυθαδιζὸμενος,
1290 3985 1382 4040 καὶ
1438 3984 1612 4042 δοκῶν
1672 3989 1944 4061 ἀρκεῖσθαι

292 4074 414 4133 τοῖς
477 4069 835 4143 ἀνθρωπίνοις
901 4070 1213 4148 λογισμοῖς,
1280 4076 1344 4130 ού
1407 4076 1570 4149 μόνον
1652 4077 1806 4133 οὐδὲν
1870 4079 1942 4132 ὧν

296 4155 484 4230 ἀγνοεῖ
574 4153 1006 4229 καταλαμϐάνει,
1104 4159 1249 4216 ἀλλὰ
1330 4163 1419 4217 καὶ
1485 4163 1798 4220 τούναντίον
1867 4166 1944 4229 είς

292 4244 529 4301 πλείονα
630 4241 1173 4321 καταϐαπτιζὸμενος
1273 4248 1517 4329 ἄγνοιαν,
1592 4255 1655 4309 τὸ
1739 4253 1942 4311 ἐκείνου

291 4337 466 4399 πάθος
533 4335 623 4389 καὶ
695 4336 932 4409 νόσημα,
1005 4344 1122 4401 τοῖς
1196 4346 1293 4396 τοῦ
1369 4343 1676 4417 πνεύματος
1751 4346 1943 4421 νόμοις

289 4425 601 4499 περιᾶπτει,
654 4424 744 4479 καὶ
802 4428 1018 4503 ἡγεῖται
1078 4428 1211 4485 αὐτὰ
1271 4431 1500 4506 μωρίαν,
1586 4430 1703 4488 δέον
1770 4436 1942 4507 ἑαυτῴ

300 4514 631 4591 μέμφεσθαι,
684 4521 955 4576 ταπεινοῖς
1020 4518 1108 4572 καὶ
1165 4520 1519 4593 ἀνθρωπίνοις
1580 4522 1817 4598 μέτροιςι
1882 4526 1943 4579 τὰ

299 4581 579 4679 ῦπερφυνῆ
610 4604 698 4659 καὶ
728 4606 1007 4681 κρείττονα
1039 4581 1323 4683 λογισμῶν
1379 4581 1590 4686 μετρεῖν
1646 4581 1734 4668 καὶ
1783 4635 1945 4671 κατα⁸
1979 4581 2023 4644 D

296 4691 601 4769 λαμϐάνειν
631 4695 1039 4773 ἐγχειρήσαντι.
1072 4701 1134 4758 Ὀ
1192 4698 1249 4756 δὲ
1305 4704 1669 4775 πνευματικὸς
1722 4707 1783 4761 οὐ
1832 4704 1939 4761 δεῖ·

288 4805 377 4839 ται
411 4784 774 4856 ἆσακρίσεως,
830 4784 959 4843 ἀλλ’
1014 4787 1175 4852 αὐτὸς
1232 4798 1615 4864 πνευματικῶς
1671 4795 1761 4849 καὶ
1821 4807 1942 4861 θεο-

289 4875 473 4954 σὸφως
508 4875 715 4931 ἅπαντα
755 4872 1067 4949 δοκιμάζων
1116 4880 1205 4933 xui
1261 4880 1456 4957 κρίνων
1516 4881 1820 4939 τελειοῦται
1871 4890 1938 4959 τῇ

288 4963 484 5037 γνώσει
530 4969 632 5020 τοῦ
689 4966 1012 5040 πνεύματος.
1076 4968 1168 5023 Διὸ
1230 4969 1320 5024 ὑπ’
1377 4970 1598 5036 οὐδενὸς
1666 4974 1944 5039 ἀνακρίνε-

284 5072 395 5111 ται.
430 5054 556 5110 Ὑπὸ
591 5054 684 5128 μὶν
716 5059 825 5111 τῶν
856 5060 1084 5126 πιστῶν,
1119 5058 1205 5113 ὅτι
1263 5060 1329 5115 οὑ
1387 5058 1648 5142 διαφωνεῖ
1685 5064 1719 5134 ἢ
1755 5062 1941 5120 διστα-

280 5145 459 5213 σιοὶζει
490 5145 626 5215 πρὸς
659 5144 876 5207 αὐτούς·
913 5144 1017 5201 ὑπὸ
1048 5144 1105 5203 δὲ
1146 5151 1254 5203 τῶν
1306 5148 1569 5223 ἀπίστων,
1613 5152 1695 5208 ὅτι
1740 5153 1939 5227 πολλῷ

280 5234 546 5307 κρείττων
581 5233 693 5288 ἐστὶ
750 5241 851 5305 τῆς
907 5234 1123 5293 ἐκείνων
1180 5237 1531 5313 ἀνακρίσεως,
1586 5242 1678 5297 καί
1736 5242 1817 5300 ὅτι
1878 5246 1939 5301 οὗ

281 5323 448 5395 μύνον
476 5322 541 5378 οὐ
576 5320 752 5378 δεῖται
784 5323 1007 5395 ταύτης,
1039 5324 1189 5382 ἀλλὰ
1246 5330 1339 5384 καὶ
1397 5329 1637 5387 σύνοιδεν
1699 5329 1939 5409 ἀκριϐῶς

278 5412 611 5487 ἀκακρίνων,
642 5411 728 5467 ὅτι
757 5417 876 5475 τοῖς
920 5415 1089 5489 ταύτῃ
1152 5418 1465 5491 χρωμένοις
1531 5421 1784 5495 μέγιστον
1841 5423 1937 5497 ἐμ-

274 5499 465 5557 πόδιον
499 5502 639 5571 αὕτη
702 5501 1050 5572 καθέστηκεν,
1112 5504 1188 5567 εἷς
1242 5506 1305 5561 τὸ
1359 5515 1738 5581 πνευματικῶς
1805 5513 1934 5568 tivu-

272 5590 550 5666 κρίνεσθαι
606 5591 697 5646 καὶ
738 5588 981 5661 δέξασθαι
1027 5594 1092 5648 τὰ
1142 5599 1239 5649 τοῦ
1299 5598 1633 5673 Πνεύματος.
1694 5603 1787 5657 Διὸ
1846 5604 1935 5659 καὶ

275 5682 610 5758 χηρεύουσιν
644 5678 799 5736 οὗτοι
831 5685 927 5735 τοῦ
959 5683 1233 5759 Κυριακοῦ
1266 5690 1380 5761 νοῦ,
1443 5688 1571 5762 ἢτοι
1621 5694 1729 5747 τῶν
1782 5691 1931 5749 ἐντο-

2060 1909 2335 1962 anemine
2379 1908 2746 1978 diiudicatur.
2800 1917 2929 1981 Quis
2974 1923 3117 1974 enim
3166 1928 3420 1992 cognovit
3474 1936 3707 1987 mentem

2058 1993 2277 2049 Domini
2333 1999 2431 2066 qui
2471 2001 2789 2057 conciliabit
2842 2022 2962 2060 eum
3008 2007 3036 2062 ‘l
3081 2009 3186 2065 Nos
3235 2020 3413 2068 autem
3473 2024 3704 2073 mentem

2061 2082 2266 2141 Christi
2295 2092 2552 2143 tenemus.

2128 2183 2458 2241 Animalem
2482 2195 2647 2245 vocat
2670 2191 2969 2251 hominem
2995 2202 3257 2272 eum,qui
3281 2205 3479 2260 omnia
3492 2207 3704 2265 animae

2056 2274 2387 2332 rationibus
2419 2278 2664 2335 tribuit:
2695 2300 2801 2339 nec
2826 2287 3153 2359 quidquam
3186 2292 3299 2348 ﬁde
3322 2299 3707 2369 suscipit,nec

2060 2379 2319 2434 superno
2342 2382 2492 2438 opus
2535 2385 2664 2423 esse
2723 2375 2942 2428 auxilio
2992 2378 3360 2439 arbitratur:
3413 2389 3511 2460 qui
3566 2406 3699 2445 cum

2059 2453 2359 2510 doctrinas
2390 2458 2643 2529 Spiritus
2674 2477 2793 2517 non
2827 2468 3015 2535 possit
3060 2479 3259 2527 mente
3308 2479 3700 2548 comprehen-

2058 2544 2218 2615 dere,
2251 2562 2360 2601 nec
2392 2548 2532 2603 velit
2557 2550 2778 2621 absque
2808 2556 3139 2613 rationibus
3179 2562 3440 2625 credere,
3503 2570 3705 2626 omnia

2057 2634 2377 2691 arbitratur
2408 2655 2537 2694 esse
2566 2642 2746 2698 stulta
2777 2662 2907 2715 quae
2935 2646 3148 2705 divinae
3204 2658 3343 2707 sunt
3389 2655 3697 2727 dispensa-

2057 2723 2256 2780 tionis.
2280 2758 2347 2766 —
2380 2728 2503 2783 Alio
2524 2730 2998 2791 modo.Animalis
3028 2741 3241 2811 estqui
3265 2743 3436 2813 juxta
3457 2723 3697 2803 carnem

2054 2814 2193 2868 vivit
2223 2820 2281 2869 et
2309 2818 2573 2872 nondum
2609 2838 2713 2890 per
2743 2824 3016 2894 spiritum
3076 2836 3273 2886 mente
3326 2834 3697 2893 illuminatus

2058 2908 2165 2965 est,
2199 2903 2302 2959 sed
2334 2906 2600 2961 innatam
2630 2915 2855 2967 tantum
2892 2920 2949 2969 et
2980 2916 3301 2975 humanam
3327 2923 3503 2979 habet
3533 2926 3701 2983 intel-

2056 2991 2382 3063 ligentiam,
2438 3013 2617 3067 quam
2677 3008 3025 3058 cunctorum
3086 3009 3402 3067 animabus
3457 3016 3699 3071 Creator

2054 3080 2342 3136 immittit.
2387 3114 2451 3124 —
2482 3087 2601 3140 Alio
2631 3090 2806 3143 modo.
2844 3092 2961 3147 Hoc
2993 3101 3081 3149 est
3116 3113 3128 3149 :
3186 3099 3427 3162 Quando
3470 3103 3696 3174 aliquid

2057 3170 2363 3240 spirituale
2397 3179 2455 3227 et
2485 3174 2785 3231 ineffabile
2813 3180 3009 3243 fuerit,
3044 3200 3077 3239 a
3111 3186 3519 3257 spiritualibus
3543 3170 3700 3250 testi-

2053 3260 2255 3316 monia
2285 3261 2559 3319 ducimus
2614 3266 2822 3339 Utpote
2845 3270 2916 3325 ad
2948 3272 3004 3327 id
3038 3276 3192 3346 quod
3226 3280 3481 3335 surrexit
3528 3283 3697 3339 Chri-

2054 3354 2199 3415 stus,
2233 3352 2393 3408 Jonaa
2427 3354 2831 3415 testimonium
2864 3362 3091 3419 adduco
3125 3383 3137 3419 :
3172 3368 3328 3439 quod
3360 3386 3430 3425 ex
3470 3373 3694 3446 virgine

2050 3445 2227 3495 natus
2258 3448 2367 3507 est,
2400 3444 2628 3500 adduco
2661 3449 2954 3506 sterilium
2988 3461 3218 3523 partum
3254 3475 3320 3514 ac
3365 3444 3691 3534 generatio-

2051 3546 2210 3585 nem.
2242 3532 2534 3589 Animalis
2577 3553 2708 3592 vero
2742 3546 2847 3597 est.
2877 3543 2976 3611 qui
3011 3561 3134 3599 rem
3191 3565 3429 3606 omnem
3480 3555 3696 3610 animae

2050 3619 2626 3681 considerationibus
2648 3629 2938 3697 attribuit,
2965 3649 3075 3688 nec
3099 3636 3422 3695 arbitratur
3439 3659 3695 3714 superno

2050 3710 2251 3783 aliquo
2283 3730 2430 3785 opus
2462 3732 2591 3772 esse
2624 3721 2867 3775 auxilio.
2904 3754 2969 3763 —
3011 3727 3128 3781 Alio
3177 3730 3351 3784 modo.
3406 3735 3695 3790 Animalis

2049 3816 2196 3871 opus
2252 3802 2432 3859 habet
2488 3806 2914 3877 dijudicatione
2967 3819 3024 3867 et
3081 3821 3571 3887 perscrutatione,
3629 3840 3695 3879 ac

2047 3889 2364 3961 disciplina
2395 3894 2711 3964 spirituali,
2746 3905 2811 3952 ut
2841 3903 3125 3973 suscipiat
3150 3922 3237 3971 ea,
3264 3924 3394 3977 qua:
3418 3917 3558 3965 sunt
3584 3914 3699 3984 spi-

2045 3979 2215 4043 ritus,
2251 3981 2403 4034 436
2437 3982 2540 4035 sed
2573 4000 2705 4039 cum
2739 3991 3115 4058 arrogantior
3169 3994 3244 4048 sit
3288 4014 3462 4065 quam
3510 4005 3576 4055 ut
3617 4004 3690 4057 ad

2048 4067 2201 4122 hanc
2233 4084 2362 4123 sese
2391 4070 2685 4139 demittat,
2718 4080 2776 4128 et
2807 4076 3080 4133 sufﬁcere
3119 4082 3354 4152 judicet
3401 4087 3691 4148 humanas

2046 4159 2574 4229 considerationes,
2607 4180 2723 4219 non
2758 4166 2933 4221 modo
2956 4169 3105 4225 nihil
3134 4177 3699 4246 comprehenditeO‘

2046 4265 2179 4304 rum
2202 4267 2333 4320 qum
2355 4252 2717 4323 ignoratsed
2743 4273 2772 4308 e
2799 4256 3027 4313 diverso
3055 4278 3289 4334 quoque
3316 4266 3375 4320 in
3398 4273 3689 4338 majorem

2047 4338 2354 4397 demersus
2386 4341 2799 4407 ignorantiam.
2837 4348 3049 4403 animze
3082 4352 3358 4409 affectum
3382 4360 3691 4431 etaegritu-

2047 4428 2243 4485 dinem
2278 4430 2507 4503 legibus
2536 4435 2775 4505 spiritus
2799 4437 3058 4509 adoptat,
3085 4448 3143 4496 et
3164 4428 3545 4504 existimatea
3566 4467 3693 4507 esse

2046 4519 2380 4587 stultitiam,
2432 4538 2565 4577 cum
2626 4526 2888 4597 seipsum
2948 4545 3225 4586 accusare
3284 4534 3545 4605 deberet,
3594 4542 3694 4611 qui

2055 4609 2381 4666 humilibus
2412 4629 2479 4667 ac
2506 4614 2784 4672 humanis
2807 4623 3107 4676 mensuris
3138 4629 3613 4696 supernaturalia
3641 4637 3698 4686 et

2052 4701 2536 4759 ratiocinationes
2565 4707 2907 4764 excedentia
2954 4726 3299 4771 mensurare
3360 4723 3693 4777 tentaverit-

2054 4792 2384 4862 Spiritualis
2414 4811 2548 4849 vero
2579 4813 2699 4852 non
2732 4816 2878 4868 opus
2911 4801 3089 4857 habet
3109 4805 3556 4876 dijudicatione,
3590 4813 3694 4867 sed

2053 4897 2185 4936 cum
2218 4882 2419 4937 omnia
2449 4884 2840 4954 spiritualiter
2871 4896 2927 4944 et
2956 4891 3151 4948 divina
3171 4897 3463 4967 sapientia
3485 4902 3696 4972 probet

2051 4986 2119 5025 ac
2144 4970 2390 5040 iudicet,
2426 4972 2667 5043 spiritus
2725 4979 3058 5048 cognitione
3117 4986 3439 5054 perﬁcitur.
3486 4970 3631 5045 ldeo
3662 5008 3695 5047 a

2050 5065 2215 5119 nullo
2247 5065 2646 5133 diiudicatur:
2682 5071 3013 5129 aﬁdelihus
3057 5078 3319 5147 quidem,
3381 5083 3519 5152 quia
3572 5100 3691 5139 non

2050 5154 2317 5210 dissonat
2339 5172 2448 5211 nec
2466 5156 2709 5214 dissenti
2745 5161 2816 5215 ab
2850 5163 3031 5233 ipsis;
3065 5166 3137 5221 ab
3180 5169 3503 5225 incredulis
3532 5189 3690 5239 vero,

2052 5244 2191 5314 quia
2223 5244 2393 5317 longe
2424 5249 2694 5318 superior
2723 5258 2813 5305 est
2843 5253 3083 5309 illorum
3143 5258 3586 5327 dijudicationc,
3634 5270 3693 5319 et

2052 5332 2191 5404 quia
2213 5350 2331 5388 non
2364 5335 2555 5390 solum
2584 5338 2692 5392 hac
2724 5355 2842 5394 non
2876 5350 3022 5415 eget.
3059 5345 3161 5398 sed
3193 5353 3250 5400 et
3279 5348 3436 5403 novit
3490 5358 3691 5407 exacte

2049 5422 2383 5492 dijudicans
2407 5426 2563 5496 quod
2586 5428 2695 5483 hac
2728 5432 3029 5486 utentibus
3061 5435 3384 5491 maximum
3431 5439 3511 5494 ita
3543 5459 3688 5513 prte-

2048 5512 2261 5566 stiterit
2294 5514 2784 5586 impedimentum
2818 5519 2890 5573 ad
2925 5521 3315 5592 spiritualitcr
3354 5512 3688 5599 diiudican-

2047 5602 2208 5670 dum,
2243 5609 2299 5657 et
2330 5606 2736 5677 recipiendum
2760 5625 2828 5664 ea
2850 5627 2980 5681 qum
3008 5618 3145 5668 sunt
3168 5614 3438 5688 Spiritus.
3462 5620 3684 5678 Idcirco

2045 5708 2283 5767 quoque
2316 5695 2377 5754 hi
2408 5696 2713 5757 Dominico
2770 5716 2945 5760 sensu
3003 5712 3228 5779 carent,
3279 5708 3397 5765 sive
3460 5727 3685 5784 prace-
