4106 6252
355 321 474 384 667

358 564 459 604 eos
490 547 824 618 castigaret,
857 553 914 600 et
945 545 1019 600 ad
1050 545 1444 617 spiritualium
1471 543 1867 615 quaestionum
1899 558 2006 612 ap-

355 639 816 712 prehensionem
847 636 1146 691 excitaret.
1181 637 1314 706 Ipsa
1343 635 1504 689 enim
1528 633 1833 688 Dominica
1865 647 2004 702 pra)-

361 735 533 801 cepta
565 729 922 784 conﬁrmant
953 743 1062 780 nos
1095 731 1149 779 et
1198 725 1271 779 ad
1332 741 1468 779 eum
1525 740 1632 778 nos
1691 721 2005 787 reducunt,

362 826 648 892 aptosque
685 817 954 873 efﬁciunt
979 815 1051 870 ad
1077 815 1334 870 divinam
1369 813 1700 869 doctrinam
1733 818 1790 866 et
1832 809 2006 865 intel-

360 909 691 982 ligentiam,
728 924 857 978 quae
890 905 1082 978 dignis
1118 904 1255 959 inde
1289 903 1720 975 suppeditatur.
1765 903 2011 972 Propter

367 1015 434 1055 ea
467 1015 595 1054 cum
631 1013 738 1052 nos
767 996 925 1068 ipsos
957 994 1031 1050 ad
1057 994 1181 1048 lucc
1214 993 1746 1064 composuerimus,
1798 988 2008 1044 merito

361 1088 578 1143 Christi
611 1092 868 1143 mentem
904 1085 1209 1140 habemus.
1245 1085 1390 1138 Nam
1423 1099 1552 1152 quan
1609 1077 1823 1135 Christi
1874 1081 2012 1132 sunt

360 1179 688 1235 sentientes
704 1194 770 1233 ac
797 1175 1361 1248 intelligentes,jam
1386 1190 1506 1229 non
1531 1172 1793 1228 humana
1815 1174 1872 1223 et
1892 1184 2014 1222 car-

361 1268 486 1325 nali
540 1266 894 1340 cogitatione
955 1265 1311 1320 ﬁuctuantes
1359 1262 1689 1328 obruimur,
1736 1260 2012 1316 adversus

363 1358 641 1428 utrinque
676 1357 914 1412 ﬁatibus
949 1362 1358 1426 tempestatem
1390 1354 1681 1409 ferentes:
1708 1352 1810 1407 sed
1842 1348 2014 1405 solidi

365 1466 431 1505 ac
457 1448 610 1503 ﬁrmi
638 1449 697 1503 in
721 1447 942 1502 coalesti
972 1447 1291 1518 divinaque
1306 1451 1508 1501 mente
1531 1442 2012 1509 eﬁ‘ecti,veritatis

363 1539 899 1612 apprehensionem
933 1537 1329 1607 assequimur.
1363 1557 1390 1584 »
1423 1535 1541 1590 Nec
1573 1538 1768 1603 potest
1797 1547 2015 1602 cogno-

366 1645 550 1685 scere.
595 1651 622 1678 »
654 1630 908 1700 Ignorat.
944 1627 1157 1698 inquit.
1185 1625 1344 1698 quod
1369 1625 1492 1696 ipse
1518 1622 1769 1678 stolidus
1785 1622 2012 1676 sit.Non

366 1719 528 1775 enim
570 1724 766 1791 potest
796 1717 1129 1788 intelligere
1153 1716 1312 1788 quod
1337 1715 1396 1770 in
1422 1713 1637 1768 talibus
1659 1711 1785 1766 sola
1804 1711 1917 1766 ﬁde
1941 1711 2017 1765 sit

1473 312 1885 380 (ECUMENII
1927 310 2235 376 TRICCJE
2281 314 2624 380 EPISGOPI

355 455 492 531 ptis,
525 457 584 512 et
614 472 684 512 ea
714 470 846 528 qum
876 453 1018 510 inde
1042 453 1329 526 sequitur,
1354 451 1501 526 legis
1524 451 2001 522 traditione,qua3

2140 447 2232 503 ιῶν
2289 450 2378 505 καὶ
2430 458 2530 522 τῆς
2588 451 2791 519 ἐκεῖθεν
2861 458 3203 531 νομοθεσίαξ,
3285 461 3391 529 τῆς

3487 482 3522 537 φ
3534 460 3779 536 ρενοῦσης

2920 548 2998 609 ε’ς
3052 550 3147 616 τήν
3210 554 3317 605 τῶν
3383 556 3777 624 πνευματικῶν

2116 630 2447 701 ζητημάτων
2482 633 2809 706 κατάληψιν.
2872 635 3036 690 Αῦται
3087 637 3186 712 γὰρ
3248 639 3300 692 αἱ
3354 639 3644 713 Κυριακαὶ
3704 638 3777 693 ἔνο

2111 714 2293 786 τολαῖ,
2398 716 2795 792 συμϐιϐἀζουσι

2109 537 2306 600 αὐτοὺς
2337 543 2427 596 καὶ
2487 541 2859 617 διεγειροόσης

2893 727 2926 794 ἡ
2939 729 3040 797 μᾶς
3115 727 3206 781 καὶ
3291 727 3475 783 καταλ
3487 727 3782 784 λασσουσαι

2112 808 2247 880 πρὸς
2305 808 2483 877 αὐτὸν,
2542 814 3034 884 παρασκευάζωσιν
3118 814 3476 888 ἐπιτηδείους
3553 818 3635 878 εἷς
3692 820 3784 886 τήν

2113 894 2312 960 ἐκεῖθεν
2344 905 2460 960 τοῖς
2510 900 2683 973 ἀξίοις
2739 909 3163 978 χορηγουμένην
3219 904 3519 981 ἓΛλαμψιν
3579 927 3649 961 τε
3707 907 3789 961 καὶ

2112 989 2589 1047 κατανόησινιΔιὸ
2651 993 2703 1045 οἱ
2758 995 2988 1056 ταύτοὺς
3048 993 3268 1058 ἑαυτοὺς
3328 996 3797 1070 καταρτίσαντες,

2116 1075 2341 1140 εἰκότως
2370 1083 2492 1134 νοῦν
2527 1084 2764 1157 Χριστοῦ
2796 1081 3014 1158 ἔχεμεν.
3070 1086 3152 1142 Τὰ
3206 1087 3311 1163 γὰρ
3364 1092 3471 1143 τοῦ
3541 1090 3792 1162 Χριστοῦ

2115 1173 2431 1245 φρονοῦντες
2489 1171 2580 1224 καὶ
2633 1176 2901 1243 νοοῦντες,
2982 1174 3082 1232 οῦκ
3137 1171 3217 1232 ἔτι
3274 1175 3632 1252 ἀνθρωπίνῳ
3713 1174 3799 1230 καὶ

2115 1264 2356 1333 σαρκικῷ
2433 1258 2686 1336 λογισμῷ
2762 1262 3078 1328 σαλεῦοντες
3153 1269 3576 1342 κυμαινόμεθα,
3678 1273 3803 1327 ταῖς

2116 1348 2440 1422 ἱκατέρωθεν
2501 1351 2836 1414 ἀντιπνοίαις
2895 1357 3308 1434 χειμαζόμενοι,
3371 1357 3532 1413 ἀλλὰ
3598 1359 3734 1432 πᾶγι
3761 1376 3807 1410 οι

2115 1437 2204 1491 καὶ
2263 1441 2646 1510 ἀμετάπειστοι
2732 1445 3014 1519 γεγονότες
3070 1445 3121 1500 ἐν
3182 1445 3416 1520 οὐρανίῳ
3486 1446 3590 1501 καὶ
3647 1445 3802 1516 θείῳ

2115 1525 2222 1596 νοΐ,
2252 1532 2350 1591 τῆς
2379 1527 2639 1599 ἀληθείας
2670 1533 3022 1608 καρποῦμεθα
3053 1537 3151 1604 τήν
3197 1535 3550 1609 κατάληψιν.
3629 1559 3660 1588 α
3695 1520 3805 1591 Kal2

2118 1618 2182 1673 οὐ
2216 1614 2434 1673 δεῦναται
2466 1625 2691 1696 γνῶναι.
2728 1647 2755 1672 ››
2788 1624 3020 1698 Ἀγνοεῖ,
3055 1625 3245 1703 φησὶν,
3279 1627 3363 1681 ’ὀτι
3418 1625 3614 1688 αὐτός
3660 1624 3802 1679 ἐστιν

2117 1708 2145 1763 6
2205 1707 2456 1777 ἀνόητος.
2526 1711 2604 1768 Οὐ
2661 1709 2879 1768 δύναται
2930 1715 3035 1789 γὰρ
3095 1720 3300 1792 γνῶναι
3369 1715 3454 1771 ὅτι
3531 1715 3630 1773 ἐπὶ
3691 1719 3798 1771 τῶν

370 1826 535 1880 opus.
559 1808 972 1862 deﬁcientibus
987 1806 1216 1861 scilicet
1239 1803 1516 1858 humanis
1531 1799 2014 1857 conitationibus.

2140 1799 2410 1866 τοιούτων,
2470 1801 2704 1865 πίστεως
2763 1804 2936 1874 μόνης
3021 1805 3200 1880 χρεία,
3261 1805 3336 1868 ὡς
3400 1803 3800 1862 ἀσθενούντων

368 1900 510 1954 Nam
545 1897 656 1952 hoc
689 1902 802 1960 est,
834 1895 1227 1969 spiritualiter
1257 1893 1681 1964 dijudieantur,
1716 1891 1872 1961 quod
1916 1907 2022 1961 per

375 1987 554 2044 ﬁdem
587 2003 655 2042 ac
685 1985 968 2059 Spiritum
991 1983 1535 2039 demonstrationes
1559 1980 1781 2037 habent
1804 1996 1872 2035 ea
1898 1997 2031 2050 qua)

376 2077 576 2131 divina
610 2081 768 2130 sunt.
804 2097 831 2124 «
866 2074 1148 2132 Universa
1179 2073 1416 2145 quidem
1449 2070 1756 2142 dijudicat.
1787 2093 1808 2121 ι
1849 2069 2030 2140 Spiri-

375 2165 574 2224 tualis.
610 2165 824 2236 inquit,
857 2163 1116 2219 ﬁdeliter
1145 2163 1409 2220 intuetur
1435 2161 1637 2218 omnia
1663 2177 1730 2216 ac
1752 2159 2034 2230 intelligit

375 2256 672 2321 universa,
707 2261 764 2310 et
792 2272 922 2326 quoa
954 2253 1193 2327 propria
1224 2259 1364 2308 sunt
1402 2259 1460 2307 et
1489 2269 1620 2324 quaa
1654 2249 1990 2306 inﬁdelium
2017 2248 2032 2290 τ

378 2362 508 2417 qum
550 2351 748 2399 autem
776 2345 962 2416 ipsius
996 2350 1152 2409 sunt,
1179 2342 1469 2398 increduli
1490 2345 1797 2413 nequeunt
1819 2339 2035 2394 intelli-

385 2451 541 2509 gere.
577 2437 722 2491 Nam
780 2435 892 2491 hoc
951 2442 1058 2505 est,
1119 2434 1275 2507 quod
1333 2435 1460 2491 ait:
1521 2457 1550 2486 «
1584 2434 1712 2505 Ipse
1769 2437 2033 2487 autema

380 2524 622 2581 nemine
649 2524 1028 2597 dijudicatur.
1065 2548 1092 2575 ››
1123 2524 1430 2591 Quomodo
1476 2525 1656 2597 igitur
1695 2521 1884 2576 ﬁdelis
1914 2537 2030 2576 no-

376 2615 460 2669 vit
491 2615 730 2670 omnia?
749 2616 1036 2682 Quoniam
1065 2615 1382 2687 praesentia
1405 2614 1644 2686 quidem
1668 2611 1847 2672 novit,
1877 2610 2024 2665 437

376 2705 539 2777 quod
576 2704 852 2761 videlicet
881 2705 1102 2760 caduca
1134 2705 1256 2760 sint
1285 2709 1343 2760 et
1371 2704 1623 2776 fragilia,
1658 2702 1857 2755 futura
1894 2715 2029 2753 vero

376 2794 560 2861 novit,
589 2812 803 2867 nempe
832 2795 991 2868 quod
1020 2795 1258 2851 stabilia
1288 2795 1406 2850 sint
1437 2799 1496 2848 et
1543 2798 1787 2846 aeterna.
1823 2790 2028 2843 Incre-

377 2883 551 2939 dulus
583 2891 781 2940 autem
833 2901 1026 2958 neque
1087 2885 1405 2957 prmsentia
1457 2882 1619 2937 novit
1665 2877 2033 2952 (magnifacit

377 2975 538 3030 enim
571 2976 698 3047 ipsa
729 2992 860 3030 cum
898 2974 1048 3030 nihil
1082 2974 1222 3040 sint)
1267 2989 1459 3045 neque
1507 2972 1726 3036 futura,
1775 2985 1912 3024 nam
1963 2983 2032 3022 ea

375 3081 450 3121 ne
481 3083 606 3122 esse
623 3065 861 3137 quidem
879 3065 1014 3120 cred
1028 3065 1088 3120 it.
1105 3088 1131 3113 υ
1150 3063 1291 3130 Quis
1307 3063 1464 3119 enim
1481 3061 1752 3135 cognovit
1767 3064 2029 3115 mentem

377 3157 629 3213 Domini.
670 3183 694 3206 υ
727 3159 915 3224 Quare
949 3156 1210 3212 inﬁdelis
1234 3155 1383 3211 nihil
1407 3155 1567 3210 novit
1593 3154 1620 3210 ‘I
1645 3154 1786 3210 Nam
1814 3153 1924 3207 hoc
1943 3153 2032 3204 est

2138 1893 2246 1942 τῶν
2278 1887 2585 1965 λογισμῶν.
2637 1895 2812 1949 Τοῦτο
2870 1895 2972 1968 γάρ
3030 1892 3162 1963 ἐστι,
3216 1901 3618 1966 πνευματικῶς
3679 1895 3804 1950 ἀνα-

2135 1978 2391 2052 κρίνεται,
2419 1980 2689 2037 τουτέστιν
2737 1981 2818 2038 ὅτι
2879 1981 2964 2038 διὰ
3023 1984 3254 2047 πίστεως
3311 1985 3402 2040 καὶ
3461 1985 3804 2059 Πνεῦματος

2136 2068 2232 2131 τὰς
2309 2068 2604 2141 ἀποδείξεις
2678 2069 2797 2148 ἔχει
2871 2073 2935 2129 τὰ
3012 2081 3148 2138 θεῖα.
3228 2098 3257 2126 ‹‹
3309 2075 3623 2151 Ἀνακρίνει
3709 2074 3802 2149 μὲν

2139 2159 2332 2216 πάντα.
2369 2185 2390 2214 ι
2422 2161 2482 2216 Ὀ
2534 2163 2917 2235 πνευματικὸς,
2978 2166 3132 2242 φησὶ,
3188 2170 3396 2226 πιστῶς
3453 2166 3562 2237 ὁρᾷ
3623 2163 3800 2221 πάντα

2137 2249 2227 2305 καὶ
2258 2255 2372 2306 νοεῖ
2400 2251 2588 2323 πάντα,
2617 2253 2705 2308 καὶ
2735 2253 2798 2308 τὰ
2829 2251 2940 2309 ἴδια
2969 2255 3058 2310 καὶ
3114 2255 3180 2310 τὰ
3227 2259 3334 2310 τῶν
3389 2254 3666 2312 ἀπίστων.
3719 2253 3801 2313 Τᾶ

2140 2337 2199 2394 δέ
2227 2361 2286 2415 γε
2316 2340 2504 2410 αὐτοῦ,
2537 2342 2590 2396 οἳ
2619 2341 2836 2398 ἄπιστοι
2871 2341 3067 2399 εἰδέναι
3107 2345 3169 2400 οὐ
3227 2343 3493 2403 δύνανται.
3535 2371 3565 2399 ι(
3616 2348 3822 2404 Τοῦτο’

2137 2429 2236 2504 γάρ
2267 2428 2432 2500 ἐστιν,
2461 2430 2619 2494 αὐτὸς
2651 2429 2707 2488 δὲ
2765 2434 2854 2489 ὑπ’
2912 2432 3128 2497 οὐδενὸς
3188 2435 3547 2510 ἀνακρίνεται.
3585 2461 3615 2490 ››
3669 2438 3794 2497 Πῶς

2139 2520 2228 2575 οῦν
2262 2522 2289 2576 6
2321 2523 2511 2584 πιστὸς
2541 2525 2709 2578 πάντα
2762 2521 2950 2594 οἷδεν;
3012 2524 3197 2594 ἐπειδὴ
3259 2525 3374 2582 οἶδε
3435 2529 3531 2603 μὲν
3590 2529 3655 2584 τὰ
3702 2527 3782 2582 ἐν·

2138 2615 2327 2679 ταῦθα,
2359 2610 2439 2666 ὅτι
2475 2614 2644 2688 σαθρὰ
2677 2614 2763 2669 καὶ
2789 2613 3044 2690 ἐπίκηρα,
3102 2615 3213 2671 οἶδε
3272 2615 3329 2672 δὲ
3383 2620 3451 2673 τα
3503 2618 3635 2686 ἐκεῖ,
3696 2618 3777 2672 ὃτι

2143 2699 2348 2774 μόνιμα
2379 2701 2468 2756 καὶ
2503 2701 2717 2758 αἰώνια·
2752 2706 2779 2759 ὁ
2813 2703 2869 2760 δὲ
2896 2726 2956 2782 γε
2989 2705 3233 2770 ἂπιστοε,
3268 2704 3390 2762 οὐδὲ
3448 2709 3514 2764 τὰ
3559 2707 3778 2770 ἐνταῦθα

2139 2785 2298 2844 οἶδεν.
2359 2791 2624 2862 (Ἠγεῖται
2708 2793 2811 2868 γὰρ
2896 2793 3030 2849 αὐτὰ
3086 2794 3317 2870 μεγάλα,
3378 2794 3527 2851 οὐδὲν
3600 2794 3768 2866 ὄντα.)

2139 2876 2262 2932 οὐδὲ
2292 2879 2358 2934 τὰ
2420 2877 2548 2950 ἐκεῖ,
2608 2880 2822 2938 ἀπιστεί
2856 2885 2954 2957 γὰρ
3017 2884 3223 2948 αὑτοῖς,
3288 2909 3311 2938 ιι
3347 2875 3433 2946 Τίς
3483 2887 3572 2958 γὰρ
3619 2882 3785 2956 ἔγνω’

2137 2971 2260 3024 νοῦν
2288 2968 2511 3042 Κυρίου.
2548 2994 2575 3022 ››
2611 2972 2759 3028 Διατί
2791 2969 2848 3026 δὲ
2878 2974 2906 3028 6
2939 2971 3164 3036 ἄπιστος
3194 2972 3349 3030 οὐδὲν
3409 2972 3510 3029 οἶδε
3537 2994 3550 3043 ;
3600 2970 3751 3030 τοῦτό

2140 3055 2248 3112 ἔστι
2281 3057 2364 3116 τό.
2397 3059 2519 3129 Τίς,
2577 3060 2692 3116 ἀντὶ
2737 3066 2852 3131 τοῦ,
2905 3062 3097 3125 Οὐδεῖς
3157 3068 3265 3120 τῶν
3323 3065 3556 3122 ἀπίστων
3615 3062 3763 3121 οἶδεν.

2135 3147 2282 3216 "Ott,
2314 3148 2499 3225 φησὶν,
2542 3151 2640 3206 οὐκ
2671 3148 2808 3226 ἔγνω
2839 3157 2965 3208 νοῦν
2996 3155 3226 3228 Κυρίου.

380 3247 536 3319 quod
568 3249 688 3312 ait;
721 3247 882 3316 Quis,
915 3247 975 3301 id
1007 3253 1116 3309 est,
1149 3245 1351 3302 nullus
1381 3244 1643 3300 inﬁdelis
1675 3243 1838 3298 novit
1866 3241 1892 3295 ?
1922 3236 2088 3304 Quia,
2121 3235 2336 3310 inquit,
2370 3257 2489 3296 non
2522 3243 2791 3314 cognovit
2811 3249 3070 3298 mentem
3108 3244 3362 3301 Domini.

449 3336 583 3390 Ideo
617 3352 809 3407 neque
842 3335 1188 3390 conciliabit
1213 3351 1346 3390 eum
1381 3333 1514 3400 sibi,
1547 3335 1659 3388 hoc
1690 3337 1800 3396 est,
1830 3329 2027 3402 placa-
2061 3329 2113 3394 Ο

377 3424 465 3479 bit
494 3429 598 3478 aut
628 3423 687 3478 in
719 3423 1042 3478 amicitiam
1077 3422 1356 3479 reducet:
1394 3423 1639 3477 inimico
1697 3426 1897 3476 autem
1929 3434 2038 3472 ne-

379 3528 678 3584 quaquam
713 3511 998 3566 revelabit
1027 3517 1201 3567 Deus.
1236 3512 1305 3566 Et
1335 3527 1518 3582 quare
1550 3509 1758 3565 ﬁdeles
1811 3513 1868 3563 et
1919 3506 2037 3579 spi-

380 3602 628 3659 rituales
689 3601 1100 3672 cognoscunt?
1151 3601 1460 3667 Quoniam.
1508 3600 1725 3671 inquit,
1775 3603 2039 3653 mentem

385 3691 601 3748 Christi
637 3691 944 3755 habemus,
1011 3691 1120 3748 hoc
1182 3696 1289 3752 est,
1341 3691 1616 3762 spiritum
1665 3689 1881 3744 Christi
1912 3687 1938 3743 ‘I
1983 3690 2042 3762 et

389 3800 519 3854 quae
559 3781 854 3841 novimus.
890 3797 924 3836 a
956 3781 1176 3853 Spiritu
1209 3758 1418 3835 sancto
1459 3779 1649 3835 edocti
1683 3794 1910 3834 sumus.
1945 3758 2039 3831 Illi

388 3873 565 3946 igitur
595 3871 807 3927 merito
841 3871 1139 3944 ignorant.
1173 3888 1307 3926 cum
1344 3871 1528 3928 Deum
1561 3869 1820 3926 habeant
1874 3883 2042 3924 aver-

383 3977 513 4016 sum
544 3978 557 4016 :
591 3977 700 4016 nos
732 3976 892 4018 vero.
928 3959 1146 4032 inquit,
1183 3961 1614 4033 cognoscimus.
1648 3974 1782 4014 cum
1813 3957 1906 4014 usi
1940 3974 2037 4013 su-

385 4067 517 4106 mus
533 4051 770 4106 doctore
796 4051 1014 4122 Spiritu
1061 4082 1124 4090 —
1151 4052 1254 4104 Est
1273 4057 1470 4105 autem
1497 4050 1866 4121 hyperbaton
1883 4047 2040 4120 quod

387 4141 496 4196 ait:
531 4159 551 4186 ι
582 4140 720 4204 Quis
743 4140 902 4195 enim
927 4141 1194 4207 cognovit
1219 4148 1476 4194 mentem
1502 4139 1735 4195 Domini
1777 4161 1804 4188 ››
1824 4139 2040 4195 Conse-

391 4229 581 4284 cutive
614 4230 772 4284 enim
807 4229 980 4285 debet
1012 4230 1096 4284 illi
1131 4229 1438 4301 particulas
1470 4229 1772 4301 conjungi,
1799 4231 1912 4284 Nec
1935 4246 2040 4300 po-

393 4324 508 4376 test
530 4321 1054 4390 cognoscere,quia
1071 4319 1462 4392 spiritualiter
1488 4318 1566 4389 dij
1578 4318 1789 4373 udican
1801 4320 2043 4374 t.Potest

393 4416 593 4466 tamen
622 4417 678 4466 et
709 4413 837 4467 sine
856 4411 1181 4483 hyperbato
1206 4409 1516 4477 declarari,
1545 4415 1721 4481 prout
1741 4409 1932 4480 posita
1955 4413 2045 4464 est

394 4502 748 4558 elocutionis
783 4501 1092 4573 particula.
1147 4503 1323 4556 «Nos
1370 4506 1570 4557 autem
1617 4505 1880 4555 mentem
1931 4499 2042 4554 Do-

395 4593 542 4649 mini
569 4592 912 4648 habemus.»
935 4591 1042 4657 Qui
1070 4591 1398 4647 imitatione
1421 4590 1638 4646 mentis
1657 4589 1818 4643 illius
1831 4605 1946 4659 quo
1969 4587 2042 4642 ad

2215 3327 2307 3381 Διὸ
2340 3325 2464 3384 οὐδὲ
2504 3324 2828 3403 συμϐιὸασει
2885 3331 3044 3385 αὐτὸν
3105 3333 3296 3402 ἑαυτῷ,
3354 3334 3602 3388 τουτέστι
3663 3351 3798 3391 κατ’·

2141 3411 2384 3488 ἀλλάξει.
2418 3418 2531 3476 Οὐκ
2575 3417 2632 3472 ἄν
2693 3417 2749 3474 εὶ
2804 3421 2881 3492 τῷ
2940 3419 3126 3496 ἐχθρῷ
3192 3421 3538 3497 ἀποκαλύψει
3573 3424 3603 3480 ὁ
3637 3424 3791 3486 Θεός.

2142 3507 2291 3560 Διατί
2326 3503 2383 3563 ὁὶ
2413 3508 2463 3562 οἱ
2493 3509 2672 3564 πιστοὶ
2706 3509 2795 3564 καὶ
2853 3510 2906 3565 οἱ
2964 3511 3323 3582 πνευματικοὶ
3393 3510 3568 3567 ἴσασιν
3606 3532 3621 3582 ;
3684 3514 3793 3583 ὅτι,

2143 3593 2298 3669 φησὶ,
2331 3599 2456 3648 σοῦν
2495 3602 2728 3671 Χριστοῦ
2785 3594 3013 3674 ἓχομεν,
3070 3603 3320 3659 τουτὲστι
3376 3606 3598 3674 πνεῦμα
3659 3606 3800 3678 Χρι-

2143 3687 2294 3752 στοῦ,
2327 3684 2416 3738 καὶ
2467 3679 2599 3758 ἅπερ
2655 3684 2834 3758 ’ίσμεη
2896 3688 3000 3742 ὑπὸ
3057 3693 3152 3746 τοῦ
3209 3690 3523 3764 Ονεῦματος
3586 3687 3809 3748 δεδιδάυ

2140 3784 2336 3846 γμεθα.
2375 3774 2612 3838 Ε’κότως
2645 3773 2734 3832 οῦν
2765 3778 2818 3832 οἱ
2880 3779 2974 3853 μὲν
3032 3779 3340 3855 ἀγνοοῦσιν,
3403 3781 3809 3858 ἀπεστραμμέ-

2142 3885 2231 3918 νον
2263 3861 2481 3939 ἔχοντες
2535 3866 2625 3920 τὸν
2687 3867 2840 3931 Θεὸν,
2901 3871 3066 3940 ἡμεῖς
3122 3866 3200 3932 δί.
3259 3869 3444 3951 φησὶν,
3497 3868 3661 3944 ἴσμεν
3705 3876 3807 3929 τοῦ

2145 3953 2456 4027 Ηνεῦματος
2531 3955 2926 4028 εὐπορήσαντες
3005 3955 3362 4015 διδασκάλου.
3444 3994 3511 4004 -
3590 3965 3824 4042 [ΦΩἸ“.]

2145 4047 2277 4110 Καθ’
2311 4042 2605 4121 ὑπερϐατὸν
2636 4043 2692 4102 δὲ
2720 4047 2804 4117 τὸ,
2833 4073 2860 4099 ‹‹
2894 4048 2987 4111 Τίς
3013 4049 3114 4125 γὰρ
3147 4048 3287 4126 ἔγνω
3332 4055 3458 4105 νοῦν
3492 4054 3694 4128 Κυρίου
3722 4074 3737 4124 ;
3777 4068 3805 4094 »

2144 4137 2260 4217 Ἐφ’
2293 4137 2415 4206 ἑξῆς
2445 4137 2548 4212 γὰρ
2578 4137 2782 4214 ὀφείλει
2817 4137 3216 4210 συντάττεσθαι,
3266 4139 3386 4207 τοῦ,
3443 4141 3518 4198 Οὐ
3573 4140 3801 4200 δύναται

2144 4231 2342 4303 γνῶναι
2402 4226 2485 4281 ὅτι
2543 4233 2920 4298 πνευματικῶς
2975 4228 3337 4305 ἀνακρίνεται.
3426 4233 3657 4287 Δυνατὸν
3744 4232 3803 4289 δὲ

2147 4321 2234 4374 καὶ
2272 4319 2446 4394 χωρὶς
2499 4313 2800 4389 ὑπερϐατοῦ
2861 4320 2936 4381 ὡς
2991 4319 3110 4396 ἔχει
3167 4325 3416 4396 φράσεως
3475 4323 3537 4378 τὸ
3596 4325 3806 4400 χωρίον

2147 4403 2415 4465 ἐκλαϐεῖν.
2453 4433 2476 4457 α
2519 4409 2710 4480 Ἡμεῖς
2768 4405 2826 4463 δὲ
2882 4415 3006 4464 νοῦν
3065 4413 3299 4487 Χριστοῦ
3353 4409 3582 4488 ἔχομεν.
3646 4439 3673 4465 υ
3735 4448 3806 4460 -—

2149 4500 2391 4573 [ΓΡΗΓ.,
2468 4499 2996 4573 ΟΙΚΟΥΜΕΝΙΟΥ.]
3073 4501 3137 4558 Οἱ
3217 4505 3448 4575 μιμήσει
3534 4507 3632 4557 τοῦ
3707 4509 3802 4558 νοῦ

2147 4587 2356 4643 ἐκείνου
2386 4591 2483 4642 τοῦ
2531 4587 2899 4662 ἀνθρωπίνου,
2945 4587 3008 4645 οῦ
3057 4586 3289 4646 ἀνέλαϐε
3347 4592 3583 4667 Φριστὸς
3615 4593 3642 4648 ὁ
3675 4594 3801 4653 Θεὸς

394 4682 826 4737 humanitatem
854 4699 1030 4753 quam
1064 4681 1312 4753 suscipit
1341 4681 1610 4736 Christus
1643 4681 1796 4735 Deus
1840 4685 2032 4734 uoster

2155 4680 2339 4751 ἡμῶν,
2369 4678 2460 4733 τὸν
2493 4678 2695 4734 ἑαυτῶν
2752 4682 2876 4734 νοῦν
2930 4678 3340 4749 ἐκκαθάραντες,
3401 4707 3422 4732 ι
3463 4682 3630 4739 Οῦτοι
3683 4688 3796 4738 νοῦν

396 4786 565 4827 suam
625 4777 882 4825 mentem
943 4771 1352 4842 puriﬁcarnnt,
1394 4769 1452 4825 hi
1513 4774 1772 4826 mentem
1831 4768 2046 4822 Christi

400 4860 640 4916 habent.
670 4890 736 4900 -
759 4860 1349 4916 Aliud.Autmentem
1374 4861 1584 4916 Christi
1611 4865 1776 4915 vocat
1794 4858 2045 4914 Patrem.

402 4951 720 5015 Habemus,
753 4950 948 5020 inquit
1003 4950 1064 5003 in
1096 4950 1260 5006 vobis
1291 4951 1436 5022 ipsis
1492 4950 1702 5006 Christi
1753 4952 1984 5005 Patrem
2018 4969 2041 5000 ε

389 5043 561 5116 juxta
593 5039 741 5095 illud
770 5055 783 5094 :
812 5061 838 5090 «
868 5039 1212 5096 lnhabitaho
1244 5041 1305 5096 in
1329 5041 1413 5096 eis
1437 5039 1895 5098 etinambulabo
1917 5037 1984 5094 7'.
2023 5061 2044 5088 ι

403 5135 658 5189 Mentem
691 5131 847 5186 enim
881 5130 1182 5203 appellare
1212 5132 1465 5189 Patrem.
1501 5131 1718 5188 sanctis
1767 5130 2049 5203 frequens

399 5228 510 5290 est,
544 5228 608 5278 ut
637 5238 773 5277 cum
804 5221 982 5278 habet
1039 5220 1351 5286 Gregorius
1385 5237 1399 5290 ;
1460 5223 1672 5289 Mente,
1721 5221 1932 5288 Verbo,
1994 5225 2053 5276 et

399 5313 620 5384 Spiritu
650 5329 769 5368 una
829 5311 1205 5368 connaturali
1265 5310 1589 5368 divinitate.
1647 5313 1716 5366 Et
1770 5327 2048 5367 rursum:

398 5403 663 5458 Primum
696 5402 932 5473 quidem
968 5399 1307 5456 considerat
1337 5400 1633 5473 angelicas
1661 5401 1956 5474 potentias
1984 5417 2051 5456 ac

399 5491 670 5547 ccelestes
694 5499 748 5545 et
773 5497 1098 5564 conceptus
1118 5491 1326 5548 Mentis
1360 5507 1506 5564 opus
1537 5491 1648 5548 fuit
1669 5491 1857 5547 Verbo
1889 5509 2052 5547 com-

399 5580 628 5652 pletum
667 5585 726 5635 et
779 5581 1001 5654 Spiritu
1054 5581 1405 5656 perfectum.
1465 5606 1492 5636 «
1527 5583 1782 5641 Mentem
1835 5583 2052 5642 Christi

465 5680 520 5756 ,τ’
547 5680 599 5738 ΙΙ
629 5677 761 5740 Cor.
789 5693 866 5746 νι,
899 5680 986 5737 16.

2156 4770 2390 4841 Χριστοῦ
2449 4765 2690 4842 ἔχουσιν.
2750 4792 2778 4821 »
2839 4767 3035 4828 Ἄλλο.
3097 4770 3163 4826 Ἢ
3221 4774 3343 4824 νοῦν
3417 4773 3656 4846 Χριστοῦ
3713 4773 3796 4828 τὸν

2158 4858 2366 4932 Πατέρα
2423 4856 2598 4915 καλεῖ.
2659 4881 2687 4908 ‹‹
2743 4859 3012 4934 ’Έχομεν,
3073 4859 3259 4934 φησῖν,
3322 4860 3374 4914 ἐν
3436 4862 3652 4925 ἑαυτοῖς
3710 4865 3802 4920 τὸν

2155 4953 2252 5003 τοῦ
2285 4951 2517 5022 Χριστοῦ
2576 4951 2804 5024 Πατέρα,
2864 4949 2937 5010 ὡς
2994 4949 3077 5017 τὸ,
3139 4951 3444 5021 Ἐνοικήσω
3503 4951 3557 5006 ἐν
3615 4954 3806 5016 αὐτοῖς

2156 5037 2246 5094 καὶ
2286 5037 2735 5113 ἐμπεριπατήσω.
2771 5062 2798 5090 ››
2859 5040 3000 5096 Νοῦν
3058 5041 3160 5115 γὰρ
3215 5041 3304 5095 τὸν
3361 5043 3570 5116 Πατέρα
3628 5041 3840 5118 λέγειν·

2160 5127 2279 5190 ἔθος
2311 5135 2427 5190 τοῖς
2459 5127 2660 5202 ἁγίοις,
2703 5129 2776 5190 ὡς
2819 5129 3147 5205 Γρηγόριοςο
3209 5131 3308 5186 Καὶ
3359 5136 3450 5203 Νῷ
3499 5132 3587 5186 καὶ
3638 5132 3806 5210 Λόγῳ

2157 5217 2544 5288 καὶΙῙνεῦματι
2595 5221 2663 5291 τῇ
2726 5224 2824 5290 μιᾷ
2870 5216 3182 5291 συμπεωυίᾳ
3240 5221 3477 5289 θεότητι.
3538 5222 3642 5278 Καὶ
3699 5226 3807 5276 πά-

2161 5307 2268 5364 λιν·
2305 5312 2526 5381 Πρῶτον
2581 5307 2676 5379 μὲν
2704 5306 2873 5363 ἐννοεὶ
2930 5307 3026 5370 τὰς
3087 5308 3374 5384 ἀγγελικᾶις
3431 5307 3687 5385 δυνάμεις
3720 5313 3812 5366 καὶ

2160 5398 2466 5472 οὐρανίους,
2497 5399 2588 5452 καὶ
2617 5399 2678 5452 τὸ
2712 5397 2988 5470 Ἐννόημα
3015 5394 3174 5472 ἔργον
3205 5398 3292 5468 ἦν,
3355 5401 3514 5475 Λόγῳ
3549 5400 3810 5475 συμπλη-

2164 5488 2444 5566 ρούμενον,
2476 5489 2564 5542 καὶ
2627 5486 2894 5559 Πνεῦματι
2948 5487 3354 5551 τελειοῦμενον,
3406 5515 3435 5541 ‹‹
3495 5495 3633 5545 Νοῦν
3681 5497 3814 5566 Χρι-

2163 5582 2289 5637 στοῦ
2315 5575 2546 5654 ἔχομεν.
2581 5601 2610 5631 ››
2638 5576 2918 5651 Τουτέστι,
2950 5576 3016 5633 τὰ
3062 5575 3114 5632 ἐν
3159 5582 3237 5652 τῷ
3283 5584 3359 5652 νῷ
3406 5584 3502 5636 τοῦ
3553 5582 3814 5657 Χριστοῦ·

3995 1123 3997 1170 l

4003 1547 4009 1682 l

4011 1824 4013 1870 l
