4106 6252
287 319 411 381 669

1227 324 1646 389 COMMENT.
1694 326 1775 386 IN
1818 322 2070 388 EPIST.
2114 325 2139 385 Ῑ
2185 323 2290 385 ΑΙ)
2335 323 2715 387 CORINTH.

3600 329 3721 391 6⁸10

287 454 402 513 Καὶ
430 456 604 512 ταῦτα
636 452 823 530 ἴσμεν,
875 456 1009 534 ἅπερ
1062 456 1222 523 αύτὸς
1285 458 1541 536 βούλεται
1602 459 1693 515 καὶ
1749 459 1948 515 ἀπεκά-

2069 461 2421 517 ὺεδεωιιε.»
2458 464 2576 518 Hoc
2607 466 2715 529 est,
2750 478 2880 534 qum
2912 463 2973 518 in
3003 467 3265 520 mentem
3297 462 3515 520 Christi
3541 467 3721 520 sunt:

291 545 490 621 λυψεν.
524 578 589 589 -
627 538 867 621 [ΙΩΑΝἿ
909 551 1217 623 ΘΕΟΔΩΡ.]
1251 547 1444 612 Καλῶς
1472 546 1528 605 δὲ
1558 549 1665 605 ἀπὸ
1706 555 1807 619 τῆς
1856 553 1952 603 τοῦ

301 641 440 693 Θεοῦ
470 636 809 707 ἀξιοπιστίας
844 636 1186 694 ἐπιστώσατο
1216 639 1306 694 τὸν
1342 639 1643 719 μετέχοντα
1672 638 1954 719 χαρίσμα-

298 748 400 789 τος
419 731 815 801 πνευματικοῦ.
846 730 987 799 μήτε
1016 726 1221 792 δεῖσθαι
1242 735 1342 799 τῆς
1365 727 1547 805 ἐτέρου
1575 725 1949 798 διδασκαλίας,

299 818 397 874 καὶ
418 817 596 872 ἱκανὸν
620 818 759 872 εἶναι
790 814 1058 873 διδάσκειν
1093 819 1327 897 ὲτέρουςο
1352 818 1425 874 Ού
1457 820 1561 897 γάρ
1594 819 1728 888 ἐστι,
1761 841 1832 893 φη
1846 819 1948 887 σῖν,

296 911 326 965 6
361 930 598 965 συνιεναι
630 908 928 986 δυνάμενος
958 912 1023 966 τά
1054 911 1405 987 βουλεύματα
1455 916 1557 967 τοῦ
1606 915 1760 978 Θεοῦ,
1812 909 1951 966 ὥστε

293 1000 418 1058 τινα
447 1002 716 1073 αὐτῷκαὶ
766 1007 1142 1079 προσενεγκεῖν
1204 1000 1512 1078 διόρθωσιν.
1573 1003 1763 1076 Ἡμεῖς
1822 1002 1949 1073 μέν-

292 1112 382 1146 τοι
416 1092 564 1167 παρὰ
593 1095 691 1146 τοῦ
720 1093 956 1162 Χριστοῦ
988 1090 1078 1147 διὰ
1106 1098 1205 1162 τῆς
1236 1092 1316 1148 ἐπ’
1349 1091 1508 1147 αύτὸν
1566 1090 1797 1154 πίστεως
1850 1093 1948 1160 τὴν

294 1178 510 1237 σύνεσιν
553 1177 858 1255 δεξάμενοι,
916 1179 1006 1236 καὶ
1065 1178 1335 1236 διδάσκειν
1394 1179 1607 1256 ἑτέρους
1650 1180 1949 1255 ὑπισχνού-

297 1274 459 1345 μεθα.

368 1361 473 1419 Καὶ
578 1360 708 1439 ἐγὼ,
812 1358 1067 1441 ἀδελφοὶ,
1146 1362 1248 1416 ούκ
1322 1358 1603 1434 ἠδυνήθην
1704 1358 1945 1428 λαλῆσαι

302 1451 433 1525 ὑμῖν
496 1452 567 1513 ὡς
644 1456 1062 1526 πνευματικοῖς,
1138 1449 1266 1507 ἀλλ’
1343 1452 1417 1512 ὡς
1494 1454 1795 1525 σαρκικοῖς,
1871 1450 1947 1511 ὡς

296 1542 517 1612 νηπίοις
565 1538 618 1596 ἐν
689 1543 929 1616 Χριστῷ.
994 1538 1142 1595 Γάλα
1223 1541 1363 1613 ὑμᾶς
1456 1540 1677 1595 ἐπότισα
1732 1538 1821 1593 καὶ
1882 1540 1945 1594 ού

297 1633 520 1707 βρῶμα.
590 1630 745 1686 Οὕτω
796 1631 898 1706 γὰρ
958 1627 1238 1707 ἐδύναφθε.
1308 1628 1464 1687 Ἀλλ’
1522 1627 1646 1684 οὔτε
1714 1623 1791 1684 ἔτι
1852 1633 1943 1684 νῦν

294 1720 547 1786 δύνασθε.
608 1723 729 1779 Ἔτι
788 1722 892 1797 γάρ
951 1720 1198 1797 σαρκικοί
1283 1720 1418 1779 ἐστε.
1499 1723 1675 1779 Ὃπου
1734 1722 1837 1799 γὰρ
1894 1718 1947 1775 ἐν

293 1814 429 1886 ὑμῖν
536 1810 727 1882 ζῆλος,
802 1813 889 1867 καὶ
966 1809 1103 1887 ἓρις,
1178 1810 1267 1866 καὶ

290 1900 544 1979 σαρκικοί
612 1901 751 1972 ἐστε,
825 1902 915 1957 καὶ
974 1902 1111 1957 κατὰ
1165 1899 1443 1977 ἄνθρωπον
1535 1905 1936 1977 περιπατεῖτες

365 2017 395 2045 ι(
430 1993 546 2050 Ούκ
574 1990 854 2065 ἠδυνήθην
883 1991 1124 2062 λαλῆσαι
1159 1996 1285 2067 ὑμῖν
1335 1994 1409 2059 ὠς
1464 2001 1872 2071 πνευματικοῖς.
1911 2017 1931 2048 ι

289 2078 841 2140 Καταϐαλὼναύτῶν
871 2082 961 2137 τὸν
1015 2079 1104 2138 ἐπί
1152 2089 1220 2153 τῆ
1282 2082 1589 2160 ἀνθρωπίνῃ
1645 2084 1803 2167 σοφίᾳ
1844 2090 1940 2141 τῦ-

288 2195 417 2254 φον,
448 2176 542 2227 νῦν
575 2169 721 2228 θέλει
750 2166 1079 2229 καταϐαλεῖν
1107 2172 1197 2227 καὶ
1228 2174 1317 2228 τὸν
1376 2174 1427 2229 ἐν
1482 2181 1600 2239 τοῖς
1656 2166 1943 2249 πνευματι-

283 2268 432 2326 κοῖς,
492 2260 703 2324 δεικνῦς
765 2260 846 2317 ὅτι
905 2260 1032 2319 οὕτε
1114 2261 1341 2318 ἀκοῦσαί
1391 2285 1443 2318 τι
1499 2265 1711 2321 τέλειον
1773 2266 1939 2325 ἴσασι.

288 2351 487 2414 Καλῶς
517 2350 574 2406 ὀὶ
604 2353 687 2418 τὸ,
723 2374 751 2402 ‹‹
785 2351 902 2409 Ούκ
924 2348 1223 2423 ἠδυνήθην,
1258 2379 1282 2403 ιι
1322 2352 1439 2407 ἀντὶ
1469 2359 1568 2409 τοῦ
1618 2354 1719 2409 οὐκ
1765 2350 1943 2425 ἠϐου-

294 2442 507 2512 λήθην,
538 2438 631 2495 ἵνα
664 2443 740 2515 μή
772 2436 900 2515 δόξῃ
937 2437 1026 2496 διὰ
1053 2441 1248 2516 φθόνον
1282 2442 1576 2517 εἰρηκέναι.
1609 2467 1638 2495 ‹‹
1680 2441 1841 2499 Ἀλλ’
1872 2445 1945 2506 ὡς

301 2535 653 2606 σαρκικοῖς.»
691 2530 789 2584 Καὶ
820 2534 937 2592 πῶς
990 2530 1125 2599 ἦσαν
1184 2532 1431 2605 σαρκικοὶ
1488 2533 1539 2587 οἱ
1596 2534 1686 2588 καὶ
1745 2537 1946 2606 σημεῖα

302 2625 589 2682 ποιοῦντες
614 2640 629 2690 ;
655 2619 757 2677 Καί
790 2641 985 2696 φαμεν,
1018 2621 1102 2675 ’ὁτι
1132 2621 1267 2690 ἦσαν
1298 2622 1387 2678 καὶ
1416 2626 1680 2694 τοιοῦτοι,
1734 2625 1823 2679 καὶ
1883 2625 1943 2680 οὐ

308 2719 575 2771 τοιοῦτοι.
628 2715 775 2771 Ἐστι
834 2716 939 2792 γὰρ
998 2716 1087 2771 καὶ
1142 2722 1346 2789 σημεῖα
1401 2722 1606 2785 ποιεῖν,
1664 2719 1755 2773 καὶ
1812 2719 1947 2774 εἶναι

311 2804 587 2877 σαρκικὸν,
618 2805 686 2865 ὡς
713 2806 763 2860 οἱ
810 2802 1091 2882 λέγοντες,
1139 2829 1168 2858 (ι
1223 2806 1406 2881 Κύριε,
1448 2805 1510 2861 ού
1559 2812 1638 2879 τῷ
1696 2812 1774 2881 σῷ
1832 2807 1949 2864 ὀνό-

301 2897 651 2971 ματιτόκαί
708 2899 771 2953 τὸ
829 2900 1231 2973 πεποιήκαμεν,
1291 2901 1380 2955 καὶ
1440 2900 1776 2966 ἀκούσαντες.
1835 2902 1950 2960 Ούκ

296 2985 425 3043 οἶδα
457 2987 616 3060 ὑμᾶς.
652 3012 681 3039 »
715 3020 781 3032 —
813 3012 841 3040 «
873 2989 965 3051 Ὠς
994 2990 1213 3061 νηπίοις
1244 2989 1294 3044 ἐν
1354 2992 1595 3065 Χριστῷ·
1630 3017 1657 3044 ››
1710 2993 1947 3064 Νηπίοις

292 3080 422 3134 ’ὀσον
480 3077 608 3146 ἧκεν
672 3079 749 3140 εἷς
804 3080 931 3141 τοὺς
986 3080 1191 3155 νόμους
1257 3079 1351 3135 τοῦ
1409 3082 1663 3154 Χριστοῦ·
1718 3104 1746 3134 ι(
1802 3080 1949 3137 Γάλα

295 3166 435 3237 ὑμᾶς
459 3165 701 3223 ἐπότισα.
737 3191 757 3216 ι
811 3165 983 3236 Γάλα,
1043 3169 1199 3248 φησί,
1257 3170 1357 3239 τήν
1421 3165 1503 3224 ἔτι
1561 3166 1727 3239 ἀτελῆ
1789 3167 1948 3225 διδα-

293 3255 544 3326 σκαλίαν,
582 3257 783 3332 βρῶμα
814 3254 870 3311 δὲ
898 3259 996 3327 τήν
1036 3255 1271 3316 τελείαν.
1309 3282 1335 3309 ››
1395 3254 1563 3317 Οὔπω
1610 3260 1711 3335 γὰρ
1764 3257 1948 3315 ἐδύνα-

294 3346 401 3402 σθε.
464 3369 487 3398 ι
550 3342 801 3413 Ἐπειδὴ,
865 3345 1021 3419 φησὶ,
1077 3347 1152 3420 μὴ
1212 3340 1525 3411 ἐϐούλεσθε.
1613 3348 1790 3403 Τοῦτο
1848 3347 1951 3423 γὰρ

298 3435 509 3509 προϊὼν
574 3431 865 3503 δείκνυσιν,
925 3435 1009 3490 ’ὁτι
1068 3436 1214 3511 παρὰ
1258 3436 1359 3506 τὴν
1419 3437 1602 3493 αὐτῶν
1666 3436 1837 3492 αἰτίαν
1892 3437 1954 3492 τὸ

301 3525 377 3599 μή
412 3521 693 3591 δύνασθαι,
738 3523 870 3599 ’ὀπερ
933 3523 1023 3578 καὶ
1092 3526 1422 3601 συγγνώμης
1481 3525 1731 3601 χηρεύει,
1785 3527 1956 3605 ἤγουν

300 3615 609 3690 ἀποστερεῖ.
648 3637 677 3666 ι(
708 3617 888 3669 Ὅπου
938 3614 1044 3691 γὰρ
1090 3612 1142 3667 ἐν
1206 3615 1333 3689 ὑμῖν
1388 3614 1559 3685 ζῆλος
1612 3617 1702 3671 καὶ
1761 3614 1892 3692 ἔρις.
1932 3642 1958 3674 ι

296 3706 462 3779 Ὁρᾷς
492 3705 594 3772 τὴν
624 3704 803 3758 αὐτῶν
856 3705 993 3759 εῖναι
1046 3706 1396 3780 μοχθηρίανς
1449 3708 1548 3761 Καὶ
1600 3708 1717 3770 πῶς
1774 3707 1952 3780 ἐσμεν,

301 3794 457 3875 φησὶ,
508 3791 806 3869 σαρκικοί;
864 3791 1009 3869 λέγει
1068 3796 1168 3866 τήν
1226 3798 1386 3849 τοῦτο
1441 3796 1701 3851 ποιοῦσαν
1762 3797 1954 3869 αἰτίαν,

298 3884 390 3937 καὶ
441 3880 736 3955 δυνάμενος
794 3881 1077 3959 ἐγκαλέσαι
1134 3882 1225 3939 καὶ
1286 3881 1452 3957 ἄλλα,
1512 3886 1648 3959 πρὸς
1705 3887 1768 3941 τὸ
1823 3908 1956 3942 κατ-

303 3979 518 4049 επεῖγον
572 3971 782 4029 ἵσταται
844 3974 969 4049 περὶ
1020 3975 1129 4028 τῶν
1214 3971 1604 4053 διχοστασιῶν,
1685 3980 1775 4032 καὶ
1861 3984 1955 4035 τοῦ

303 4058 447 4128 ἔνθεν
484 4061 681 4133 ζήλου,
713 4064 803 4117 καὶ
832 4070 933 4133 τῆς
966 4061 1167 4138 ἔριδος.
1228 4087 1257 4115 ‹‹
1319 4065 1415 4121 Καὶ
1476 4066 1611 4121 κατὰ
1671 4065 1953 4141 ἄνθρωπον

302 4159 671 4229 περιπατεῖτε.
712 4176 734 4203 ι
799 4153 874 4211 Ού
939 4154 1077 4208 κατὰ
1144 4154 1271 4209 Θεὸν
1338 4160 1486 4225 ζῆτε,
1555 4154 1743 4234 φησὶν,
1810 4155 1955 4213 ἀλλὰ

298 4245 439 4299 κατὰ
470 4243 755 4319 ἄνθρωπον
790 4240 1161 4313 πολιτεύεσθε,
1196 4243 1366 4318 ἤγουν
1398 4250 1691 4321 σαρκικῶς,

2073 557 2130 607 et
2159 553 2241 607 ita
2272 554 2681 625 cognoscimus
2715 572 2844 625 qua)
2877 555 3001 625 ipse
3029 555 3151 609 vult
3208 560 3267 609 et
3317 555 3619 610 revelaxit.
3652 585 3723 597 -

2070 642 2322 700 Pulchre
2357 650 2551 698 autem
2582 660 2613 697 a
2646 644 2744 698 Dei
2770 645 3119 700 auctoritate
3154 646 3559 701 corroboravit
3584 662 3721 701 eum

2069 733 2169 804 qui
2200 734 2497 805 particeps
2529 741 2685 789 esset
2717 735 3043 805 spiritualis
3095 735 3235 789 doni
3269 753 3282 790 :
3341 743 3406 790 ut
3458 736 3545 789 illi
3598 753 3719 792 non

2067 829 2224 877 esset
2245 840 2391 893 opus
2415 824 2659 879 alterius
2682 824 3080 887 doctrina,sed
3104 832 3273 897 aptus
3302 842 3539 895 quoque
3564 832 3719 881 esset

2067 918 2123 966 et
2144 912 2293 966 alios
2312 914 2761 970 instruere.Non
2786 915 2941 968 enim
2964 915 3511 986 potest,inquit,Dei
3528 915 3720 970 consi-

2067 1000 2148 1057 lia
2170 1002 2524 1075 intelligere,
2549 1011 2613 1057 ut
2637 1004 2879 1074 aliquod
2900 1005 3011 1075 ipsi
3044 1006 3249 1059 aﬂ‘erat
3273 1005 3581 1061 auxilium.
3603 1007 3717 1060 Nos

2069 1108 2213 1147 sane
2245 1096 2344 1164 qui
2378 1094 2835 1166 intelligentiam
2870 1110 2904 1149 a
2932 1094 3183 1153 Christo,
3218 1111 3324 1165 per
3355 1094 3533 1148 fidem
3586 1112 3717 1165 quae

2064 1182 2124 1239 in
2184 1184 2381 1255 ipsum
2443 1189 2532 1238 est
2587 1184 2945 1255 accepimus,
3009 1184 3157 1239 alios
3213 1201 3449 1255 quoque
3508 1182 3717 1240 docere

2062 1274 2442 1347 pollicemur.

2134 1364 2286 1419 438
2319 1364 2412 1418 lll.
2445 1364 2565 1417 1-3.
2601 1365 2668 1418 Et
2700 1379 2818 1433 ego,
2850 1367 3075 1432 fratres,
3100 1380 3209 1418 non
3240 1362 3403 1434 potui
3429 1363 3580 1433 loqui
3618 1380 3712 1420 vo-

2064 1455 2142 1509 bis
2172 1460 2231 1508 ut
2259 1452 2663 1524 spiritualibus.
2698 1455 2790 1508 sed
2829 1454 3157 1523 loquendum
3209 1456 3319 1522 fuit
3366 1459 3426 1508 ut
3457 1454 3709 1508 carnali-

2064 1546 2179 1610 bus,
2211 1550 2272 1597 ut
2303 1544 2611 1612 infantibus
2638 1544 2697 1596 in
2720 1542 2952 1599 Christo.
2989 1546 3170 1598 Laetis
3186 1551 3321 1614 potu
3343 1559 3432 1598 vos
3459 1544 3575 1597 alui
3595 1560 3706 1597 non

2062 1634 2222 1689 cibo:
2253 1634 2495 1687 nondum
2530 1635 2673 1687 enim
2698 1632 2989 1703 poteratis,
3020 1633 3132 1688 imo
3181 1650 3250 1688 ne
3300 1650 3447 1687 nunc
3489 1634 3707 1703 quidem

2063 1725 2245 1780 adhuc
2263 1726 2651 1793 potestis.Nam
2670 1724 2777 1777 adh
2787 1740 2851 1778 uc
2865 1724 3115 1779 carnales
3131 1723 3565 1795 estis.Siquidcm
3584 1740 3707 1778 cum

1370 1809 1735 1887 διχοστασίαι,
1812 1809 1941 1884 ούγὶ

2065 1817 2209 1869 inter
2234 1831 2325 1870 ros
2350 1817 2461 1869 sint
2490 1816 2768 1869 aemulatio
2803 1820 2853 1868 et
2886 1817 3163 1869 contentio
3194 1831 3257 1869 ac
3284 1817 3571 1883 factiones,
3600 1831 3713 1869 an-

2044 1922 2156 1961 non
2180 1906 2426 1961 carnales
2464 1907 2609 1965 estis,
2644 1912 2695 1959 et
2725 1907 3018 1959 secundum
3052 1904 3324 1959 hominem
3354 1905 3646 1960 ambulatis
3681 1904 3709 1959 ‘l

2118 2018 2145 2044 «
2203 1996 2329 2051 Non
2390 1995 2554 2065 potui
2614 1994 2773 2065 loqui
2828 1995 2990 2049 vobis
3049 2001 3117 2049 ut
3174 1994 3603 2065 spiritualibus.
3665 2014 3693 2043 ››

2053 2084 2161 2141 Ubi
2222 2086 2490 2157 ipsorum
2546 2084 2764 2139 fastum
2827 2084 2926 2156 qui
2988 2083 3059 2138 de
3126 2085 3388 2140 humana
3448 2089 3574 2139 erat
3626 2100 3715 2139 sa-

2048 2176 2278 2248 pientia
2313 2176 2695 2249 depresisset,
2743 2175 2868 2229 vult
2915 2192 3072 2230 nunc
3121 2193 3256 2232 eum
3317 2193 3553 2248 quoque
3607 2174 3715 2229 de-

2049 2268 2308 2339 primere
2344 2267 2443 2337 qui
2497 2271 2554 2321 et
2598 2266 2660 2320 in
2718 2266 3131 2338 spiritualibus
3182 2272 3327 2333 erat,
3389 2266 3710 2321 ostendens

2050 2356 2209 2429 quod
2236 2371 2431 2426 neque
2464 2355 2671 2409 audire
2702 2361 2945 2426 possent
2990 2355 3294 2426 quidpiam
3354 2356 3708 2427 perfectum.

2052 2450 2208 2503 Bene
2239 2452 2439 2502 autem
2474 2447 2637 2509 dicit.
2674 2468 2703 2496 «
2737 2449 2859 2501 Non
2898 2447 3085 2518 potui.
3121 2470 3147 2495 υ
3180 2465 3285 2519 pro
3318 2465 3385 2502 eo
3413 2449 3569 2518 quod
3598 2454 3709 2507 est.

2052 2541 2180 2594 Non
2214 2537 2391 2602 volui,
2426 2553 2499 2591 ne
2534 2537 2644 2591 hoc
2676 2536 2897 2591 invidia
2926 2536 3141 2592 dixisse
3194 2537 3482 2592 videatur.
3541 2564 3567 2590 ι
3598 2538 3709 2593 Sed

2055 2630 2433 2702 loquendum
2461 2630 2570 2684 fuit
2599 2630 2669 2683 de
2703 2628 3060 2685 carnalibus.
3091 2656 3114 2675 η
3153 2631 3216 2684 Et
3243 2630 3540 2700 quomodo
3579 2648 3710 2686 car-

2062 2721 2231 2776 nales
2263 2725 2432 2775 erant
2465 2719 2563 2790 qui
2597 2719 2773 2773 etiam
2806 2720 2973 2790 signa
3003 2718 3307 2773 edebant?
3338 2721 3405 2772 Et
3453 2720 3708 2775 dicimus

2055 2810 2214 2883 quod
2238 2816 2295 2866 et
2317 2809 2466 2865 tales
2489 2808 2930 2880 quodammodo
2956 2814 3125 2863 erant
3152 2815 3209 2863 et
3229 2826 3348 2863 non
3370 2810 3536 2865 tales.
3554 2810 3706 2865 Con-

2056 2901 2229 2973 tingit
2261 2900 2418 2955 enim
2453 2904 2511 2953 et
2542 2900 2708 2970 signa
2739 2899 2947 2955 cedere
2969 2904 3028 2953 et
3053 2916 3181 2955 esse
3206 2899 3535 2967 carnalem;
3562 2918 3707 2971 qua-

2054 2993 2142 3047 les
2174 2996 2345 3045 erant
2374 2990 2460 3044 illi
2494 2990 2594 3061 qui
2626 2990 2938 3045 dicebant:
2977 3013 3003 3038 ‹‹
3040 2991 3305 3058 Domine,
3353 3008 3550 3048 nonne
3602 3009 3709 3065 per

2056 3096 2276 3135 nomen
2312 3085 2475 3135 tuum
2507 3079 2617 3133 hoc
2649 3084 2709 3134 et
2737 3079 2885 3134 illud
2929 3078 3218 3144 feclmus;
3254 3085 3312 3133 et
3342 3081 3705 3134 audierunt:

2062 3172 2187 3225 Non
2220 3168 2356 3222 novi
2391 3185 2490 3221 vos
2520 3166 2584 3221 7‘.
2620 3190 2647 3217 ››
2684 3197 2749 3207 —-
2782 3188 2811 3217 ‹‹
2838 3168 2908 3222 Ut
2936 3167 3260 3222 infantibus
3292 3168 3352 3221 in
3393 3169 3644 3223 Christo.
3684 3192 3702 3217 η

2062 3256 2394 3313 Infantibus
2427 3256 2584 3328 quod
2614 3255 2687 3313 ad
2718 3255 2929 3311 Christi
2962 3256 3118 3327 leges
3150 3256 3421 3327 pertinet.
3460 3281 3485 3306 α
3521 3258 3711 3313 Laetis

2064 3354 2208 3421 potu
2238 3365 2336 3402 vos
2396 3346 2537 3401 alui.
2604 3370 2622 3393 ι
2663 3346 2773 3401 Lac
2831 3346 2992 3411 dicit,
3054 3346 3460 3418 imperfectam
3520 3347 3713 3403 adhuc

2069 3438 2421 3505 doctrinam,
2446 3436 2643 3491 cibum
2673 3453 2808 3491 vero
2833 3436 3173 3507 perfectam.
3203 3459 3229 3485 «ι
3253 3436 3523 3492 Nondum
3552 3438 3712 3493 enim

2068 3530 2372 3603 poteratis.
2411 3552 2437 3577 ››
2469 3530 2758 3595 Quoniam
2814 3530 3028 3599 inquit,
3062 3529 3378 3597 noluistis;
3412 3547 3549 3585 nam
3600 3530 3711 3586 hoc

2069 3620 2129 3675 in
2162 3619 2547 3691 sequentibus
2577 3617 2838 3674 ostendit
2867 3618 3023 3690 quod
3056 3619 3319 3690 ipsorum
3353 3637 3531 3675 causa
3590 3627 3715 3675 erat

2070 3710 2228 3782 quod
2261 3727 2381 3765 non
2414 3715 2675 3781 possent,
2711 3709 2868 3779 quod
2914 3708 3092 3763 etiam
3142 3709 3301 3779 ipsos
3335 3726 3367 3763 a
3400 3710 3573 3764 venia
3620 3725 3714 3763 se-

2068 3807 2239 3872 parat
2268 3800 2389 3855 sive
2422 3816 2491 3853 ea
2512 3799 2718 3870 privat.
2747 3822 2765 3844 -
2799 3797 3100 3867 Siquidem
3134 3814 3265 3852 cum
3290 3798 3446 3852 inter
3476 3815 3573 3851 vos
3598 3799 3716 3852 sint

2069 3891 2367 3946 aemulatio
2411 3894 2469 3943 et
2515 3888 2899 3958 contemptio.
2939 3908 2964 3933 »
3018 3886 3190 3941 Vides
3240 3887 3397 3957 quod
3445 3889 3712 3958 ipsorum

2067 3980 2321 4053 pravitas
2361 3977 2585 4033 fuerit?
2640 3979 2708 4030 Et
2766 3976 3062 4047 quomodo
3123 3992 3346 4039 sumus,
3408 3976 3711 4047 inquiunt,

2068 4068 2379 4127 carnales?
2409 4084 2645 4122 causam
2679 4066 2821 4119 dicit
2851 4082 2980 4136 quae
3014 4065 3123 4119 hoc
3164 4065 3397 4121 efﬁciat.
3454 4082 3709 4137 cumque

2068 4161 2245 4216 etiam
2305 4158 2376 4213 de
2429 4156 2563 4211 aliis
2622 4171 2899 4210 accusare
2959 4160 3177 4225 posset,
3268 4155 3450 4208 instat
3520 4155 3592 4209 ad
3648 4156 3707 4209 id

2070 4247 2227 4321 quod
2260 4252 2446 4321 urget,
2480 4261 2695 4317 nempe
2728 4243 2797 4298 de
2829 4244 3184 4298 factionibus
3222 4249 3279 4297 et
3328 4243 3708 4298 aemulatione

305 4351 436 4409 quas
468 4334 609 4391 inde
642 4333 965 4405 oriebatur,
996 4334 1292 4407 simulque
1343 4338 1746 4394 contentione.
1811 4341 1939 4394 «Et
1995 4338 2321 4395 secundum
2376 4336 2681 4391 hominem
2744 4333 3080 4389 ambulatis.
3116 4354 3143 4383 ››
3204 4335 3326 4387 Non
3380 4332 3709 4389 secundum

300 4426 489 4482 Deum
520 4425 731 4496 vivitis,
768 4424 873 4481 sed
904 4423 1231 4480 secundum
1264 4425 1571 4482 hominem
1602 4430 2051 4497 conversamini,
2086 4430 2195 4484 hoc
2227 4434 2316 4483 est
2344 4425 2679 4482 carnaliter.

368 4519 541 4574 Ὅταν
610 4532 712 4588 γαρ
776 4510 911 4588 λέγῃ
974 4510 1078 4575 τίς·
1151 4512 1294 4587 Ἐγὼ
1365 4511 1459 4587 μὲν
1531 4516 1646 4587 είμι
1714 4516 2034 4596 11αύλου,1)

301 4605 487 4681 ’ἕτερος
591 4602 692 4675 δὲ,
795 4601 940 4677 Ἐγὼ
1041 4600 1309 4658 Ἀπολλῶ
1344 4646 1357 4672 ,
1462 4603 1589 4680 ούχὶ
1708 4608 1952 4680 σαρκικοί

304 4696 470 4766 ἐστε;
537 4694 621 4755 τίς
688 4692 777 4747 οῦν
842 4687 953 4747 ἔστι
1023 4689 1264 4760 Παῦλος,
1361 4691 1440 4756 τίς
1509 4690 1566 4748 δὲ
1627 4693 1946 4766 Ἀπολλὼς,

301 4786 430 4844 ἀλλ’
468 4783 505 4855 ἤ
571 4781 813 4838 διάκονοι
882 4778 953 4835 δι’
1018 4780 1092 4835 ὧν
1156 4781 1521 4851 ἐπιστεύσατε,
1588 4784 1673 4837 καὶ
1744 4783 1948 4859 ἑκάστῳ

301 4878 374 4939 ὡς
436 4876 464 4930 6
515 4874 717 4948 Κύριος
786 4866 1025 4940 ἔδωκενς
1094 4872 1236 4947 Ἐγὼ
1302 4870 1580 4949 ἐφύτευσα,
1648 4873 1946 4938 Ἀπολλὼς

302 4963 568 5034 ἐπότισεν,
674 4958 801 5017 ἀλλ’
876 4962 904 5016 6
981 4959 1110 5022 Θεὸς
1215 4955 1461 5031 ηὔξανεν,
1566 4963 1725 5018 Ὥστε
1823 4961 1946 5020 οὔτε

304 5056 333 5111 6
385 5053 623 5135 φυτεύων
677 5048 793 5107 ἐστι
849 5070 923 5118 τι,
992 5044 1114 5105 οὔτε
1162 5050 1191 5105 6
1247 5051 1505 5122 ποτίζων,
1562 5050 1691 5107 ἀλλ’
1755 5053 1782 5107 6
1848 5055 1942 5109 αύ-

298 5145 471 5217 ξάνων
537 5141 687 5204 Θεός.
743 5142 804 5198 Ὀ
861 5137 1105 5220 φυτεύων
1190 5136 1248 5195 δὶ
1328 5140 1419 5195 καὶ
1479 5140 1506 5196 ό
1572 5141 1829 5214 ποτίζων,
1884 5142 1939 5200 ἓν

299 5236 459 5293 εἰσιν.
534 5236 798 5292 Ἕκαστος
877 5226 933 5285 δὶ
1006 5230 1099 5286 τὸν
1172 5227 1315 5285 ’ἰδιον
1414 5232 1603 5306 μισθὸν
1707 5231 1939 5308 λήψεται

296 5325 433 5381 κατᾶ
460 5323 553 5377 τὸν
579 5319 723 5376 ’ίδιον
751 5319 942 5379 κόπον,

364 5412 542 5470 Πάλιν
571 5409 858 5465 αἰνίττεται
916 5408 1042 5475 τοὺς
1108 5413 1455 5483 προεστῶτας
1508 5410 1682 5467 αὐτῶν
1740 5411 1937 5493 σοφοὺς

292 5507 377 5562 καὶ
412 5500 736 5569 πλουσίους,
774 5497 867 5553 καὶ
926 5496 1185 5572 αἱρέσεως
1239 5494 1395 5562 ὄντας
1453 5498 1732 5577 ἀφορμήν.
1792 5502 1937 5565 «Τίς

364 5678 417 5716 ’³⁸
444 5675 654 5739 Matth.
683 5690 778 5746 vn,
802 5670 893 5743 22,
922 5673 1011 5729 23.

2137 4520 2234 4585 ΙΙΙ,
2265 4518 2376 4572 4-8.
2412 4517 2629 4571 Etenim
2668 4532 2788 4570 cum
2844 4515 2993 4571 dicat
3038 4514 3277 4584 aliquis:
3328 4516 3440 4584 Ego
3488 4518 3707 4586 quidem

2063 4624 2181 4664 sum
2204 4608 2405 4668 Pauli;
2434 4605 2577 4659 alius
2606 4622 2731 4659 vero
2754 4622 2774 4657 ,ο
2798 4605 2909 4671 Ego
2955 4603 3192 4674 Apollo:
3232 4620 3411 4658 nonne
3460 4608 3707 4662 carnales

2058 4699 2230 4753 estis?
2262 4698 2391 4761 Quis
2439 4696 2613 4765 igitur
2671 4700 2746 4748 est
2804 4692 3049 4747 Paulus?
3105 4695 3237 4758 Quis
3285 4709 3412 4748 vero
3467 4696 3705 4766 Apollas,

2055 4786 2166 4843 nisi
2195 4787 2436 4840 ministri
2460 4801 2562 4854 per
2592 4799 2724 4852 quos
2764 4782 3097 4847 credidistis,
3131 4789 3181 4837 et
3214 4786 3410 4853 cuique
3447 4785 3705 4841 Dominus

2056 4878 2253 4932 dedit?
2284 4878 2399 4949 Ego
2424 4876 2698 4946 plantavi,
2734 4874 2947 4943 Apollas
2989 4876 3218 4946 rigarit,
3266 4876 3417 4930 439
3448 4877 3539 4931 sed
3571 4879 3709 4938 Deus

2054 4970 2449 5020 incrementum
2479 4963 2653 5018 dedit.
2699 4967 2887 5033 Itaque
2917 4979 3092 5033 neque
3122 4965 3219 5033 qui
3242 4965 3466 5033 plantat
3499 4973 3574 5019 est
3592 4967 3706 5019 ali-

2054 5055 2211 5126 quid,
2262 5071 2436 5125 neque
2494 5054 2591 5124 qui
2623 5054 2789 5121 rigat,
2832 5053 2924 5107 sed
2981 5055 3078 5123 qui
3135 5056 3525 5108 incrementum
3583 5054 3701 5125 dat,

2051 5162 2244 5216 nempe
2276 5147 2429 5199 Deus.
2468 5143 2732 5199 theruw
2768 5145 2866 5213 qui
2884 5143 3107 5214 plantat
3141 5150 3190 5198 et
3221 5146 3319 5213 qui
3355 5146 3501 5212 rigat
3532 5160 3703 5199 unum

2049 5243 2195 5291 sunt.
2235 5236 2610 5303 Unusquisque
2640 5238 2825 5286 tamen
2864 5249 3159 5303 propriam
3208 5233 3503 5287 mercedem
3551 5235 3701 5288 acci-

2048 5327 2162 5395 piet
2184 5325 2358 5395 juxta
2387 5339 2541 5377 suum
2577 5322 2835 5376 laborem.
3172 5334 3175 5335 '

2120 5417 2373 5471 Rursum
2408 5412 2647 5467 illorum
2682 5416 2839 5467 taxat
2872 5411 3171 5483 sapientes
3222 5427 3287 5465 ac
3338 5409 3546 5466 divites
3598 5413 3697 5484 qui

2050 5505 2134 5561 eis
2164 5509 2460 5578 praeerant
2485 5509 2543 5559 et
2597 5502 2871 5560 factionis
2932 5518 3141 5557 ansam
3201 5500 3439 5557 dabant.
3498 5503 3699 5569 «Quis
