4106 6252
296 327 414 387 673

1307 320 1707 383 οοΜΜΕΝΤ.
1752 321 1829 382 ΙΝ
1877 320 2118 396 EPIST.
2167 321 2190 381 Ι
2235 323 2336 384 AD
2381 321 2747 386 CORINTH.

3587 325 3706 386 674

293 461 392 518 ’Ἐν
433 457 562 527 εἶσι,
595 456 784 537 φησὶν,
844 455 918 518 ὡς
967 453 1102 530 πρὸς
1155 455 1219 510 τὸ
1279 454 1356 528 μὴ
1416 450 1666 517 δύνασθαι
1705 451 1825 509 ἄνευ
1856 455 1951 508 τοῦ

2079 455 2204 512 nile
2224 461 2350 512 erat
2367 473 2467 512 eos
2479 455 2579 528 qui
2599 455 2853 528 amplius
2871 455 3278 514 laboraverant
3295 455 3449 515 circa
3466 457 3707 517 illorum

299 548 626 620 αὐξάνοντος
656 550 789 603 Θεοῦ
820 543 988 601 πλέον
1047 566 1101 602 τι
1157 551 1406 614 ποιῆσαι.
1464 545 1612 601 Ἐπεὶ
1663 542 1786 599 ὅσον
1816 543 1950 618 πρὸς

296 643 397 708 τὴν
433 635 814 701 ἀνταπόδοσιν,
875 633 1120 703 ἕκαστος,
1181 637 1336 716 φησὶ,
1393 634 1529 691 κατᾶ
1575 634 1664 689 τὸν
1692 631 1826 689 ἴδιον
1856 635 1952 689 κό-

297 752 401 787 πον
431 729 523 783 τὸν
557 727 747 800 μισθὸν
776 721 902 796 ἕξει.

2060 546 2236 602 ﬁdem
2269 548 2572 618 segniores
2622 547 2976 616 reddendos,
3019 567 3152 604 cum
3193 550 3705 606 audirentomnes

2061 654 2247 692 unum
2279 654 2430 704 esse,
2455 638 2576 693 sive
2601 654 2809 710 parum
2833 639 2950 694 sive
2974 639 3225 695 multum
3256 641 3548 712 quispiam
3574 658 3711 697 con-

2063 727 2316 794 tulisset,
2347 729 2496 783 illud
2529 731 2726 784 statim
2761 736 2945 785 curat.
2983 730 3192 792 Unum,
3227 731 3441 802 inquit.
3478 737 3614 786 sunt
3645 732 3706 786 in

298 823 416 878 hoc
447 819 602 892 quod
637 818 789 874 nihil
816 816 1073 889 amplius
1103 816 1294 872 facere
1327 817 1559 887 possint
1587 815 1811 885 absque
1833 816 1974 882 Deo,
1997 817 2098 887 qui
2123 817 2561 874 incrementum
2597 819 2817 875 tribuit.
2855 821 2996 874 Nam
3030 820 3189 891 quod
3220 820 3292 875 ad
3323 821 3709 876 resurrectio-

296 927 437 966 nem
469 909 747 981 pertinet,
783 906 1190 978 unusquisque
1213 906 1385 977 juxta
1415 922 1586 962 suum
1620 905 1882 959 laborem
1913 905 2155 962 habebit
2185 909 2546 964 mercedem.

369 1000 510 1052 Θεοῦ
567 995 673 1072 γὰρ
730 995 889 1069 ἐσμεν
947 994 1214 1068 συνεργοί·
1273 997 1408 1049 Θεοῦ
1463 993 1745 1070 γεώργιον,
1816 995 1950 1047 Θεοῦ

299 1083 574 1158 οἰκοδομή
666 1084 806 1153 ἦστε,
885 1082 1021 1138 κατὰ
1083 1084 1182 1151 τὴν
1263 1083 1425 1161 χάριν
1488 1087 1585 1136 τοῦ
1644 1085 1776 1136 Θεοῦ
1843 1082 1943 1151 τήν

299 1177 546 1235 δοθεῖσάν
647 1198 766 1249 μοι,
855 1176 930 1238 ὠς
1024 1176 1188 1253 σοφὸς
1280 1175 1618 1251 ἀρχιτέκτων
1688 1173 1946 1249 θεμέλιον

296 1269 534 1332 τέθεικα.
613 1264 826 1330 Ἀλλος
894 1263 952 1319 3‘s
1051 1262 1422 1337 ἐποικοδομεῖ.
1527 1269 1789 1326 Ἕκαστος
1891 1259 1949 1316 δὲ

306 1357 555 1434 βλεπέτω
615 1361 731 1417 πῶς
813 1351 1187 1428 ἐποικοδομεῖ·
1277 1354 1541 1430 Θεμέλιον
1625 1354 1726 1430 γὰρ
1780 1351 1951 1409 ἄλλον

310 1446 490 1509 οὐδεὶς
547 1445 764 1502 δύναται
824 1451 994 1510 θεῖναι
1049 1447 1196 1523 παρὰ
1257 1447 1350 1500 τὸν
1408 1447 1686 1522 κείμενον,
1719 1445 1778 1508 ὅς
1808 1444 1949 1500 ἐστιν

305 1539 515 1608 Ἰησοῦς·
547 1536 801 1612 Χριστός.

372 1632 569 1700 Ἡμεῖς
627 1624 684 1681 δὲ
736 1627 789 1681 οἱ
845 1625 912 1680 τὰ
989 1627 1127 1700 πρὸς
1185 1627 1459 1702 σωτηρίαν
1520 1626 1647 1699 ὑμῖν
1706 1621 1954 1700 δόγματα

298 1718 656 1791 κηρύξαντες,
715 1739 743 1767 ι(
778 1719 912 1770 Θεοῦ
969 1714 1127 1788 ἐσμεν
1198 1715 1470 1791 συνεργοί.
1528 1739 1556 1767 ››
1615 1718 1708 1788 Τῷ
1765 1718 1955 1786 σκοπῷ

297 1807 430 1882 γὰρ,
461 1806 619 1888 φησὶ,
649 1809 745 1860 τοῦ
799 1808 933 1860 Θεοῦ
990 1809 1086 1859 τοῦ
1143 1809 1313 1860 σῶσαι
1373 1802 1652 1873 θέλοντος,
1693 1806 1956 1878 συνεπρά-

2132 997 2318 1062 ΙΙΙ,9-1
2338 1003 2380 1051 ι.
2407 1019 2436 1046 ‹‹
2462 1000 2603 1053 Nam
2629 998 2730 1052 Dei
2754 1005 3168 1071 cooperatores
3190 1017 3396 1056 sumus
3417 1002 3538 1056 :Dei
3561 1001 3708 1074 agri-

2060 1106 2087 1134 «
2111 1085 2452 1154 colatio,Dei
2477 1087 2792 1143 aediﬁcatio
2817 1089 3157 1144 estisJuxta
3173 1091 3419 1162 gratiam
3444 1092 3546 1146 Dei
3577 1108 3706 1162 qum

2058 1196 2086 1223 «
2111 1173 2248 1229 data
2265 1181 2353 1230 est
2370 1176 2608 1241 mihi,ut
2628 1179 2864 1248 sapiens
2882 1179 3239 1234 architectus
3257 1179 3709 1236 fundamentum

2061 1285 2088 1312 ι(
2111 1265 2280 1334 posui
2299 1282 2310 1319 :
2327 1265 2480 1321 alius
2493 1274 2690 1323 autem
2707 1270 3141 1341 supermdiﬁcat
3169 1271 3348 1325 Porro
3364 1270 3612 1342 quisque
3628 1271 3711 1325 vi—

2064 1373 2084 1400 ι
2114 1351 2249 1406 deat
2271 1354 2566 1424 quomodo
2607 1356 3061 1427 superwdiﬁcet.
3087 1359 3230 1411 Nam
3255 1357 3708 1413 fundamentum

2061 1442 2276 1496 «aliud
2308 1459 2482 1498 nemo
2523 1451 2716 1516 potest
2762 1461 2982 1516 ponere
3036 1453 3250 1518 praeter
3277 1446 3336 1501 id
3368 1448 3524 1519 quod
3553 1448 3709 1520 posi-

2065 1552 2091 1580 α
2123 1537 2250 1586 tum
2281 1538 2387 1595 est,
2423 1533 2582 1604 quod
2613 1541 2702 1588 est
2728 1535 2862 1589 Jesu
2894 1536 3178 1591 Christus.
3215 1558 3241 1585 »

2134 1622 2250 1676 Nos
2279 1629 2476 1677 autem
2509 1624 2610 1694 qui
2667 1624 2940 1697 dogmata
2991 1626 3242 1682 salutem
3288 1629 3710 1684 concernentia

2063 1711 2479 1782 praedicamus,
2499 1737 2518 1762 ‹‹
2547 1714 2648 1768 Dei
2673 1720 3084 1786 c00peratores
3108 1733 3332 1772 sumus.
3356 1740 3383 1766 »
3408 1718 3712 1789 Siquidem

2065 1801 2140 1856 ad
2170 1801 2276 1856 Dei
2304 1819 2568 1874 scopum,
2605 1804 2704 1874 qui
2736 1805 2858 1860 vult
2887 1822 3095 1861 omnes
3122 1807 3313 1862 salvos
3337 1824 3463 1864 esse
3497 1825 3712 1880 coope-

300 1863 492 1971 ἐσμένῖ
525 1863 688 1952 ;Αλλ’
721 1893 854 1969 οὐχὶ
913 1895 964 1949 οἱ
1017 1898 1108 1949 νῦν
1167 1895 1306 1968 ὑμᾶς
1363 1863 1954 1968 καταδιελ-έμενοι,¹καὶ

2079 1891 2173 1945 rati
2207 1908 2431 1947 sumus.
2467 1897 2540 1947 At
2571 1910 2689 1948 non
2734 1893 2815 1949 ita
2845 1895 2945 1965 qui
3009 1914 3104 1951 vos
3137 1914 3295 1953 nunc
3326 1897 3613 1967 dividunt,
3647 1913 3714 1954 ac

299 1985 577 2062 πρόφασις
611 1985 739 2058 ὑμῖν
768 1983 1008 2047 στάσεως
1034 1983 1342 2059 γενόμενοι.

375 2079 570 2130 «Θεοῦ
627 2075 916 2149 γεώργιον.
952 2098 980 2125 ››
1036 2076 1221 2146 Ὑμεῖς
1282 2069 1338 2128 ὃὶ
1395 2077 1528 2129 Θεοῦ
1575 2073 1836 2149 γεώργιον
1867 2070 1956 2126 καὶ

301 2162 580 2239 οἰκοδομή
631 2168 765 2219 Θεοῦ
825 2164 1118 2238 ὑπάρχετε,
1177 2163 1267 2217 καὶ
1327 2162 1372 2217 εί
1427 2162 1688 2239 γεώργιον
1722 2160 1956 2216 ἐστεκαὶ

302 2249 579 2326 οἰκοδομὴ
641 2255 797 2317 Θεοῦ,
857 2251 962 2305 ἀπὸ
1017 2255 1113 2305 τοῦ
1168 2250 1440 2306 Δεσπότου
1497 2250 1777 2314 καλεῖσθαι
1811 2248 1960 2326 ὀφεί-

301 2343 580 2414 λετε,οὗκ
606 2343 714 2398 ἀπὸ
769 2347 878 2397 τῶν
943 2345 1035 2395 νῦν
1076 2343 1435 2415 προεστώτων
1503 2343 1674 2416 ὑμῶν.
1729 2338 1960 2415 Ἔλεγον

305 2435 431 2512 γάρ·
495 2434 635 2511 Ἐγώ
691 2431 874 2502 τοῦδε,
929 2433 1018 2488 καὶ
1075 2433 1180 2507 ἐγὼ
1237 2430 1416 2502 τοῦδε,
1473 2435 1539 2486 τὰ
1581 2433 1824 2505 ὀνόματα
1853 2437 1960 2486 τῶν

307 2530 494 2601 σοφῶν
557 2525 647 2579 καὶ
705 2523 1000 2579 πλουσίων.
1065 2546 1094 2575 ‹‹
1144 2524 1232 2584 Ὡς
1293 2523 1458 2600 σοφὸς
1516 2522 1876 2602 ἀρχιτέκτων.
1932 2545 1959 2573 ››

310 2615 497 2692 Σοφὸν
551 2614 734 2668 ὶαυτὸν
793 2610 954 2668 καλεῖ
990 2611 1370 2690 ἀρχιτέκτονα,
1426 2610 1525 2666 οῦκ
1572 2611 1804 2666 ἐπαινῶν
1837 2611 1962 2665 έαυ-

317 2705 436 2771 τὸν,
466 2701 613 2757 ἀλλὰ
661 2700 997 2777 βουλόμενος
1056 2699 1245 2772 δεῖξαι,
1308 2701 1390 2756 ὅτι
1429 2702 1589 2756 τοῦτό
1623 2700 1760 2755 ἐστιν
1793 2700 1958 2776 6:91:-

323 2792 570 2854 τέκτονος
621 2796 801 2870 σοφοῦ,
854 2794 917 2848 τὸ
973 2797 1225 2848 τοιοῦτον
1287 2793 1451 2846 θεῖναι
1497 2789 1960 2866 θεμέλιον,τουτ-

320 2880 436 2936 ἐστι
494 2881 746 2956 Χριστόν.
815 2882 918 2938 Καὶ
978 2881 1060 2936 ὅτι
1115 2881 1216 2936 οὐκ
1280 2881 1598 2953 ἐπαίροντος
1655 2881 1841 2936 ἑαυτὸν
1899 2880 1961 2935 τὸ

311 2971 486 3044 ῥῆμα,
519 2971 672 3049 φησὶ,
733 2997 760 3024 ιι
795 2972 946 3028 Κατὰ
1002 2974 1102 3039 τήν
1164 2971 1324 3046 χάριν
1375 2972 1473 3038 τὴν
1508 2968 1748 3025 δοθεῖσαν
1782 2991 1897 3044 μοι.
1933 2993 1962 3021 ››

306 3061 428 3117 Οὐκ
460 3059 588 3132 έμὸν
617 3060 949 3136 κατόρθωμα
979 3059 1157 3135 λέγων
1205 3061 1268 3115 τὸ
1318 3057 1562 3135 γενέσθαι
1595 3060 1784 3132 σοφὸν,
1817 3057 1964 3113 ἀλλὰ

309 3154 443 3204 Θεοῦ
499 3154 596 3204 τοῦ
652 3148 1042 3225 χαρισαμένου.
1107 3173 1135 3202 ι(
1167 3147 1376 3211 ¹Ἀλλος
1426 3146 1482 3204 δὲ
1520 3146 1896 3222 ἐποικοδομεῖ.
1933 3173 1962 3202 ››

309 3241 402 3305 Εἰς
443 3241 545 3309 τήν
605 3242 730 3317 περὶ
789 3240 1063 3302 πολιτείας
1119 3237 1257 3310 ἦλθε
1308 3239 1638 3314 παραίνεσιν,
1673 3218 2031 3294 έποικοδο-θ

311 3331 419 3403 μὴν
473 3329 680 3398 καλῶν,
759 3331 854 3392 τὰς
938 3331 1166 3384 ἑκάστου
1255 3329 1494 3404 πράξεις.
1558 3329 1654 3384 Καὶ
1716 3328 1963 3405 βλεπέτω

306 3415 531 3482 ἕκαστος
565 3423 682 3481 πῶς
743 3417 1028 3492 οἰκοδομεῖ
1083 3419 1170 3473 ἐπὶ
1228 3421 1318 3473 τὸν
1363 3417 1636 3490 θεμέλιον,
1669 3417 1962 3490 τουτέστιν,

308 3502 454 3584 ἔχων
485 3513 587 3578 τήν
617 3509 796 3564 πίστιν
833 3510 922 3564 καὶ
957 3508 1117 3564 αὐτὸν
1158 3509 1250 3564 τὸν
1301 3509 1559 3584 Χριστὸν,
1592 3507 1668 3570 εἷς
1696 3510 1758 3564 τὸ
1787 3513 1964 3564 ποιεῖν

309 3599 512 3674 ἀγαθὰς
545 3597 817 3676 ἐργασίας.
877 3624 904 3650 ι(
936 3597 1198 3672 Θεμέλιον
1259 3598 1360 3673 γὰρ
1421 3597 1614 3654 ἄλλον.
1646 3621 1688 3684 η.
1722 3599 1813 3667 Μή
1841 3597 1964 3654 τοί-

307 3709 401 3743 νυν
462 3687 785 3766 προσέχετε,
845 3688 1000 3762 φησὶ,
1082 3693 1202 3750 τοῖς
1259 3684 1738 3760 καταδιελομένοις
1800 3687 1962 3761 ὑμᾶς,

313 3776 414 3832 οὐκ
442 3770 517 3832 ἔνι
544 3775 718 3836 ἄλλος
751 3777 1005 3851 θεμέλιος
1034 3776 1079 3831 εἰ
1111 3777 1186 3851 μή
1231 3779 1479 3853 Χριστὸς,
1514 3775 1572 3831 ὅν
1602 3776 1963 3854 κατήγγειλα.

309 3866 519 3921 Τοῦτου
577 3867 856 3942 ἐχώμεθα,
908 3867 1088 3940 τούτῳ
1144 3865 1654 3942 προσκολληθῶμεν
1699 3867 1772 3930 ὡς
1807 3879 1968 3941 θεμε-

315 3954 444 4029 λίῳ,
520 3957 697 4029 τούτῳ
775 3955 1303 4030 έποικοδομὴσωμεν
1379 3956 1474 4018 τὰς
1551 3955 1610 4011 ἐκ
1684 3954 1966 4019 πολιτείας

314 4053 571 4124 χρηστῆς
598 4044 917 4120 οἰκοδομάς,

388 4231 453 4288 Εἰ
509 4227 567 4284 δέ
621 4249 702 4289 τις
761 4224 1117 4299 ἐποικοδομεῖ
1176 4225 1261 4281 ἐπὶ
1320 4227 1412 4282 τὸν
1463 4225 1715 4298 θεμέλιον
1755 4229 1968 4298 τοῦτον,

316 4320 548 4395 χρυσὸν,
607 4317 863 4392 ἄργυρον,
941 4315 1131 4379 λίθους
1187 4316 1429 4390 τιμίους,
1507 4315 1660 4386 ξύλα,
1745 4316 1969 4392 χόρτον,

315 4408 600 4481 καλάμην,
672 4407 899 4462 ἑκάστου
979 4407 1042 4461 τὸ
1126 4404 1282 4481 ἔργον
1364 4407 1590 4482 φανερὸν
1665 4409 1968 4482 γενήσεται.

315 4501 376 4554 Ἦ
404 4500 507 4574 γὰρ
558 4497 739 4572 ἡμέρα
796 4493 1038 4566 δηλώσει
1100 4495 1183 4551 ὅτι
1235 4495 1319 4551 ’ὃτι
1379 4495 1433 4550 ἐν
1493 4494 1624 4570 πυρῖ
1684 4495 1970 4551 ἀποκαλύ-

2064 1980 2455 2038 dissensionis
2486 2000 2666 2040 causa
2697 1985 2857 2040 vobis
2881 1989 3025 2041 -141
3065 1987 3423 2043 efﬁciuntur.

2136 2093 2164 2121 «
2197 2072 2300 2127 Dei
2326 2073 2690 2145 agricolatio.
2721 2098 2749 2125 ››
2812 2077 2920 2131 Vos
2979 2082 3176 2131 autem
3237 2079 3338 2132 Dei
3370 2077 3712 2150 agricolatio

2063 2161 2286 2232 Deique
2320 2161 2630 2218 aediﬁcatio
2653 2164 2981 2236 estis,quod
3006 2165 3052 2220 si
3075 2166 3414 2238 agricolatio
3448 2174 3507 2222 et
3535 2165 3718 2222 aediﬁ-

2065 2253 2216 2306 catio
2252 2253 2351 2307 Dei
2383 2255 2546 2320 estis,
2600 2271 2634 2309 a
2680 2256 2929 2310 Domino
2989 2274 3091 2312 vos
3141 2257 3428 2329 appellari
3461 2263 3715 2330 Oportet,

2067 2357 2186 2395 non
2217 2341 2288 2396 ab
2313 2343 2384 2397 iis
2411 2344 2509 2414 qui
2533 2360 2691 2399 nunc
2713 2344 2876 2399 vobis
2900 2351 3181 2416 praesunt.
3209 2347 3492 2402 Dicebant
3515 2349 3674 2403 enim
3699 2362 3719 2405 :

2067 2431 2181 2503 Ego
2206 2431 2446 2502 quidem
2468 2433 2646 2504 hujus
2669 2451 2824 2498 sum,
2856 2451 2960 2506 ego
2993 2451 3126 2489 vero
3160 2435 3342 2496 illius,
3376 2453 3590 2508 nempe
3623 2454 3721 2491 sa-

2066 2520 2358 2591 pientium
2408 2537 2473 2576 ac
2532 2522 2780 2578 divitum
2832 2524 3079 2579 nomina
3129 2525 3546 2596 exprimentes.
3589 2553 3606 2574 -
3647 2528 3720 2582 Ut

2069 2611 2308 2681 sapiens
2330 2612 2710 2667 architectus.
2736 2637 2761 2662 ››
2787 2613 3123 2684 Sapientem
3143 2615 3531 2670 architectum
3551 2621 3719 2670 vocat

2069 2700 2263 2772 ipsum
2296 2718 2415 2757 non
2447 2708 2508 2757 ut
2535 2719 2596 2757 se
2629 2702 2848 2769 laudet,
2872 2703 2974 2758 sed
2998 2703 3310 2759 ostendere
3334 2705 3536 2760 volens
3559 2703 3719 2776 quod

2069 2791 2178 2846 hoc
2211 2793 2495 2863 sapientis
2527 2793 2603 2846 sit
2632 2794 2938 2849 architecti
2965 2811 3186 2866 ponere
3208 2795 3550 2866 hujusmodi
3585 2797 3721 2851 fun-

2070 2881 2438 2940 damentum.
2466 2882 2575 2937 hoc
2597 2889 2686 2938 est
2707 2883 3023 2939 Christum.
3057 2885 3127 2939 Et
3154 2889 3220 2939 ut
3248 2889 3531 2956 appareat
3561 2884 3720 2955 quod

2069 2988 2190 3025 non
2213 2972 2475 3042 seipsum
2500 2972 2796 3028 laudantis
2820 2973 2897 3028 sit
2921 2973 3183 3042 verbum,
3206 2997 3234 3022 ‹‹
3257 2975 3427 3029 Juxta
3447 2977 3719 3046 gratiam,

2070 3061 2172 3126 ait,
2207 3078 2336 3130 quae
2369 3068 2457 3116 est
2489 3062 2624 3117 data
2654 3062 2820 3116 mihi.
2859 3085 2884 3111 ››
2921 3070 3000 3117 Ac
3049 3063 3097 3116 si
3128 3063 3324 3118 dicat:
3360 3065 3486 3117 Non
3516 3080 3718 3119 meum

2071 3156 2161 3205 est
2189 3150 2425 3221 sapiens
2457 3151 2567 3206 hoc
2590 3151 2840 3219 facinus,
2861 3151 2965 3207 sed
2989 3151 3109 3215 Dei,
3136 3153 3235 3222 qui
3261 3153 3516 3224 gratiose
3539 3152 3726 3207 dona-

2071 3239 2170 3294 vit.
2207 3262 2233 3289 ‹‹
2268 3240 2433 3295 Alius
2463 3246 2662 3296 autem
2691 3241 3145 3313 superaediﬁcat.
3183 3264 3210 3292 ››
3245 3242 3333 3297 Ad
3364 3242 3727 3298 exhortatio-

2072 3345 2209 3383 nem
2243 3345 2372 3400 quae
2394 3330 2550 3385 circa
2571 3347 2952 3386 communem
2979 3332 3486 3388 conversationem
3509 3339 3598 3388 est
3621 3333 3729 3388 de-

2075 3419 2981 3490 scendit,superaediﬁcationem
3006 3438 3217 3477 vocans
3245 3422 3533 3494 cujusque
3551 3424 3734 3479 actio-

2073 3524 2199 3563 nes.
2233 3509 2441 3565 Videat
2469 3510 2666 3582 igitur,
2720 3511 2936 3582 inquit,
2981 3512 3392 3584 unusquisque
3431 3513 3726 3584 quomodo

2075 3600 2330 3655 mdiﬁcet
2361 3616 2539 3672 super
2568 3600 3046 3670 fundamentum,
3071 3600 3132 3656 id
3164 3609 3270 3665 est,
3298 3603 3524 3658 habens
3549 3603 3727 3658 ﬁdem

2074 3691 2388 3763 ipsumque
2421 3692 2742 3757 Christum,
2776 3698 2840 3746 ut
2869 3693 3057 3748 bonas
3107 3694 3285 3748 faciat
3331 3694 3733 3764 operationes.

2078 3782 2274 3835 «Nam
2295 3781 2753 3836 fundamentum
2777 3781 3082 3836 aliud.nl\'e
3109 3783 3286 3854 igitur
3311 3783 3429 3836 illis
3456 3782 3735 3837 attenda-

2077 3870 2171 3933 tis,
2192 3871 2295 3933 ait,
2320 3870 2417 3940 qui
2454 3887 2551 3924 vos
2585 3869 2878 3937 dividunt,
2905 3889 3038 3926 cum
3068 3871 3230 3926 aliud
3258 3888 3380 3926 non
3417 3871 3494 3925 sit
3520 3871 3734 3924 funda-

2075 3966 2343 4014 mentum
2372 3964 2587 4030 practer
2635 3959 2956 4026 Christum,
3002 3977 3182 4031 quem
3215 3959 3582 4014 annuntiavi.
3620 3960 3738 4015 Hoc

2076 4047 2566 4104 habeamushuic
2586 4048 2996 4104 adhazreamus
3014 4056 3294 4122 tanquam
3314 4048 3735 4119 fundamento;

2077 4155 2256 4210 super
2277 4137 2388 4192 hoc
2411 4137 2774 4192 aediﬁcemus
2794 4139 3046 4194 aediﬁcia
3060 4139 3230 4194 bona}
3245 4138 3732 4194 conversationis.

2148 4229 2241 4292 ΙΙΙ,
2281 4229 2463 4281 12-15.
2501 4249 2528 4277 ‹‹
2562 4227 2728 4292 Quod
2761 4227 2808 4282 si
2843 4229 2974 4298 quis
3015 4235 3388 4300 superstruat
3417 4245 3594 4300 super
3624 4227 3737 4282 hoc

2079 4317 2617 4383 «fundamentum,
2673 4335 2906 4383 aurum,
2959 4325 3294 4391 argentum,
3340 4319 3571 4390 lapides
3601 4333 3732 4389 pre-

2086 4428 2110 4460 σ
2143 4407 2345 4470 tiosos.
2377 4407 2558 4480 ligna,
2618 4407 2844 4468 fenum.
2910 4409 3216 4480 stipulam,
3272 4410 3564 4478 cujusque
3592 4423 3740 4478 opus

2081 4520 2108 4546 ‹‹
2145 4497 2525 4552 manifestum
2559 4498 2676 4553 ﬁet.
2714 4497 2845 4554 Dies
2880 4499 3039 4554 enim
3087 4497 3433 4560 declarabit,
3467 4497 3607 4567 quia
3639 4512 3743 4567 per

318 4610 530 4659 πτεται,
586 4589 674 4644 καὶ
737 4587 965 4642 ἑκάστου
1021 4587 1084 4641 τὸ
1143 4583 1300 4661 ἔργον
1355 4586 1542 4640 ὁποῖόν
1605 4584 1738 4653 ἐστι,
1778 4587 1840 4641 τὸ
1869 4585 1961 4663 πῦε

2089 4587 2345 4658 «ignem
2405 4587 2740 4654 revelatur;
2805 4594 2863 4643 et
2920 4590 3210 4659 cujusque
3269 4604 3417 4659 opus
3460 4586 3633 4657 quale
3668 4584 3741 4639 sit

321 4675 631 4750 δοκιμάσει.
689 4675 764 4744 Εἴ
815 4696 962 4738 τινος
1040 4675 1102 4729 τὸ
1170 4673 1329 4748 ἔργον
1392 4674 1538 4747 μένει
1597 4675 1624 4728 ὃ
1685 4672 1966 4746 ἐπῳκοδόο

323 4788 486 4840 μησε,
551 4767 743 4838 μισθὸν
804 4763 1059 4838 λήψεται.
1119 4760 1190 4820 Ei’
1261 4783 1409 4825 τινος
1467 4763 1528 4817 τὸ
1589 4761 1747 4838 ἔργον
1805 4785 1971 4818 κατα-

318 4859 604 4927 καήσεται,
638 4857 1074 4928 ζημιωθήσεται,
1128 4853 1292 4916 αὐτὸς
1327 4851 1383 4907 δὲ
1415 4855 1739 4924 σωθήσεται,
1797 4852 1968 4916 οὕτως

323 4945 397 5007 ὦς
433 4942 521 5000 διὰ
549 4946 744 5021 πυρός.

395 5045 545 5100 Μετᾶ
593 5045 700 5119 γὰρ
750 5045 850 5112 τὴν
901 5044 1082 5098 πίστιν
1140 5042 1232 5097 καὶ
1288 5041 1556 5116 ἐργασίας,
1615 5041 1705 5096 καὶ
1755 5039 1969 5099 οἱκοδο·

323 5140 434 5209 μῆς
485 5133 668 5209 χρεία.
729 5131 892 5190 Ἀλλ’
951 5134 1002 5187 οἱ
1053 5133 1146 5206 μέν
1207 5129 1429 5200 δίκαιοι,
1485 5131 1578 5186 ’ἰσα
1636 5130 1851 5206 χρυσίῳ
1881 5133 1970 5188 καὶ

318 5222 572 5300 ἀργυρίῳ
627 5223 718 5278 καὶ
775 5222 950 5283 λίθοις
1011 5219 1276 5296 διαυγέσι,
1335 5221 1428 5282 τὰς
1498 5220 1696 5282 οἰκείας
1756 5223 1973 5295 πράξεις

323 5311 751 5385 ἐποικοδομοῦσι
803 5316 873 5385 τῇ
921 5311 1122 5381 πίστει,
1155 5311 1206 5364 οἱ
1259 5307 1316 5364 δέ
1368 5330 1427 5383 γε
1459 5309 1799 5380 ἁμαρτωλοὶ,
1833 5310 1972 5381 ὕλην

322 5400 520 5476 ῥαδίως
577 5403 938 5474 ἐξαπτομένην
997 5400 1086 5455 καὶ
1143 5403 1240 5454 τοῦ
1300 5398 1468 5453 ἐκεῖσε
1500 5399 1669 5469 πυρὸς
1703 5398 1870 5472 ἀξίαν,
1912 5434 1972 5444 -

319 5491 522 5550 Ἄλλο.
585 5494 796 5565 [ΦΩΤ]
857 5491 923 5548 Οἱ
982 5487 1303 5544 διδάσκαλοι
1353 5490 1420 5542 τα
1459 5493 1574 5552 θεῖα
1605 5486 1972 5547 natae-503nm

324 5583 370 5636 οἱ
403 5579 463 5636 δὲ
519 5581 833 5646 ἀκούοντες,
886 5580 1020 5635 γατὰ
1069 5580 1132 5634 τὸ
1179 5585 1278 5647 τῆς
1329 5577 1581 5654 γνώσεως
1639 5577 1972 5654 αὐθαίρετον,

324 5672 382 5727 τὸ
408 5671 681 5746 πρακτέον
741 5670 1042 5748 αἱροῦνται.
1102 5666 1275 5726 Ἀλλὰ
1326 5667 1462 5723 κατὰ
1516 5669 1615 5738 τὴν
1644 5669 1741 5737 τῆς
1771 5667 1974 5751 ἐπιφα-

2079 4699 2106 4726 ‹‹
2142 4677 2294 4749 ignis
2328 4677 2619 4748 probabit.
2655 4677 2711 4730 Si
2746 4678 2917 4748 cujus
2949 4694 3100 4749 Opus
3133 4677 3422 4732 manserit
3452 4676 3607 4748 quod
3642 4692 3740 4732 su-

2082 4787 2107 4820 α
2144 4768 2482 4838 perstruxit,
2546 4766 2885 4821 mercedem
2944 4767 3214 4838 accipiet.
3278 4767 3333 4821 Si
3387 4769 3557 4839 cujus
3591 4782 3740 4838 Opus

2082 4864 2418 4912 «exustum
2475 4857 2675 4924 fuerit,
2737 4856 3023 4913 damnum
3085 4859 3382 4929 patietur:
3444 4859 3571 4930 ipse
3603 4874 3738 4913 vero

2083 4969 2107 5000 α
2143 4947 2490 5010 serVabitur,
2524 4947 2608 5002 sic
2641 4954 2841 5002 tamen
2875 4955 2941 5002 ut
2970 4965 3076 5020 per
3106 4951 3326 5021 ignem.
3368 4971 3395 4998 »

2155 5049 2292 5102 Post
2316 5045 2491 5100 ﬁdem
2520 5045 2681 5100 enim
2709 5047 3054 5118 operatione
3076 5064 3143 5102 ac
3166 5047 3557 5102 aediﬁcatione
3590 5060 3738 5115 opus

2083 5141 2188 5190 est.
2224 5133 2467 5205 Atjusti
2528 5151 2672 5189 auro
2733 5135 2993 5205 aequales
3029 5141 3084 5190 et
3116 5141 3358 5207 argento
3390 5131 3728 5205 pellucenti-

2081 5223 2309 5292 busque
2343 5224 2617 5294 gummis,
2654 5241 2789 5278 suas
2821 5241 3000 5296 super
3027 5223 3204 5278 ﬁdem
3237 5223 3532 5278 aediﬁcant
3562 5221 3741 5275 actio-

2083 5329 2224 5367 nes:
2251 5318 2591 5383 peccatores
2615 5330 2748 5366 νρΓο
2775 5314 3002 5368 silvam.
3031 5331 3161 5383 qua)
3192 5312 3362 5367 facile
3397 5311 3741 5365 accenditur

2083 5401 2399 5471 futuroque
2421 5401 2554 5472 igne
2580 5401 2757 5472 digna
2780 5408 2888 5456 est.
2912 5433 2972 5441 —
2992 5401 3121 5454 Alio
3145 5400 3318 5454 modo.
3341 5401 3742 5471 Prmceptores

2087 5493 2288 5548 divina
2309 5493 2852 5548 docent.audutores
2877 5510 3012 5548 vero
3030 5493 3200 5563 juxta
3221 5492 3484 5548 scientiae
3508 5492 3746 5548 electia-

2087 5601 2220 5639 nem
2257 5582 2414 5654 quod
2443 5583 2734 5655 agendum
2774 5589 2863 5637 est
2886 5583 3144 5655 eligunt:
3179 5582 3283 5638 sed
3307 5583 3400 5639 die
3425 5600 3539 5655 quo
3564 5599 3744 5654 appa-

2087 5673 2276 5736 ruerit
2303 5672 2574 5738 Salvator
2602 5673 2872 5746 probatio
2906 5673 3038 5744 erit,
3072 5680 3396 5747 exactaque
3426 5675 3579 5734 442
3612 5672 3742 5727 dis-
