4106 6252
380 409 496 469 675

1500 392 1923 456 (BCUMENII
1969 393 2273 459 TRICCM
2315 399 2668 466 EPISCOPI

3685 398 3803 458 616

381 538 657 611 qui-uitio:
686 538 741 590 et
773 550 872 588 eos
904 530 1141 602 quidem
1192 529 1292 601 qui
1353 528 1533 600 probe
1564 528 1859 599 vixerunt,
1893 531 2027 584 tan-

2142 528 2282 593 νείας
2314 534 2412 588 τοῦ
2445 538 2707 608 Σωτῆρος
2756 533 2991 608 ἡμέραν,
3024 532 3253 608 βάσανος
3295 525 3461 587 ἔσται
3492 529 3587 584 καὶ
3616 528 3794 599 ἰεὲτα-

384 645 561 701 quam
592 641 801 681 aurum
825 629 883 677 et
904 626 1235 693 argentum.
1262 619 1410 691 ignis
1438 617 2031 691 reddetsplendidio-

383 735 514 774 res:
553 713 855 788 pravitatis
884 717 1081 767 autem
1114 716 1472 781 operatores,
1509 724 1673 763 more
1708 708 2027 781 lignorum,

382 808 506 864 feni
538 824 605 862 ac
636 803 870 876 stipulm
928 805 1256 857 consumet.
1291 802 1337 853 Α
1367 798 1606 854 doctore
1664 814 1797 853 vero
1830 797 1931 868 qui
1961 813 2030 852 ea

384 895 587 950 docuit
612 908 741 964 quas
773 890 986 945 decent
1038 904 1161 942 non
1200 887 1510 959 exigentur
1539 902 1747 958 preme,
1781 886 1900 939 imo
1932 901 2027 940 sa-

380 984 505 1040 lute
536 983 747 1054 dignus
769 978 1103 1043 habebitur,
1138 982 1195 1031 et
1225 977 1335 1031 hoc
1366 981 1455 1031 est
1483 974 1640 1047 quod
1673 975 1756 1029 ait
1782 990 1796 1029 :
1838 995 1866 1024 (ί
1897 974 2027 1045 Ipse

377 1090 512 1128 vero
545 1069 893 1137 servabitur,
928 1090 954 1117 ››
986 1082 1201 1138 nempe
1234 1065 1335 1136 qui
1367 1065 1558 1132 docet,
1589 1064 1796 1136 «Opus
1828 1068 2027 1119 autem

379 1166 679 1226 exuratur,
714 1181 743 1210 ››
776 1158 886 1212 hoc
918 1162 1026 1224 est,
1081 1156 1121 1210 ii
1181 1154 1281 1226 qui
1335 1154 1559 1225 seipsos
1608 1155 2030 1209 exstruxerunt

375 1272 625 1328 pravum
655 1250 898 1324 opus.Et
923 1249 1004 1303 ita
1028 1247 1345 1320 diligenter
1373 1246 1636 1319 legentes
1658 1246 2027 1301 inveniemus

378 1346 814 1417 Scripturarum
837 1339 1193 1396 sententiam
1220 1354 1281 1392 ια
1306 1335 1363 1391 Si
1387 1337 1556 1409 cujus
1577 1352 1725 1409 opus
1752 1341 2027 1392 exustum

378 1435 576 1501 fuerit,
612 1434 898 1488 damnum
927 1429 1223 1503 patietur:
1257 1427 1384 1499 ipse
1416 1442 1551 1482 vero
1584 1425 1914 1482 servabitur
1942 1425 2027 1480 sic

379 1530 579 1580 tamen
609 1529 673 1578 ut
704 1540 809 1594 per
834 1522 1032 1594 ignem
1061 1537 1075 1587 ;
1108 1541 1134 1567 ››
1194 1517 1308 1573 hoc
1364 1522 1473 1582 est,
1537 1523 1807 1572 exustum
1850 1514 2031 1570 fuerit

379 1630 527 1686 Opus
560 1614 689 1685 ejus
720 1629 825 1684 per
856 1611 1074 1683 ignem.
1110 1608 1237 1680 lpse
1271 1624 1405 1662 vero
1436 1606 1784 1672 servabitur,
1812 1620 2027 1677 nempe

377 1702 585 1759 doctor
616 1703 754 1759 ille:
789 1715 983 1771 neque
1017 1698 1179 1754 enim
1228 1713 1409 1752 causa
1434 1696 1547 1751 fuit
1576 1694 1921 1750 mutationis
1952 1693 2028 1750 ad

374 1793 437 1851 id
468 1792 625 1864 quod
657 1792 828 1864 pejus
860 1795 967 1846 est.
995 1789 1141 1843 Nam
1172 1785 1622 1842 convenientem
1653 1784 1780 1857 ipse
1812 1782 2028 1838 doctri-

2139 640 2222 682 σις
2253 618 2501 698 ἀκριϐής.
2539 624 2635 679 Καὶ
2685 623 2813 685 τοὺς
2873 622 2966 697 μὶν
3026 620 3083 678 εὗ
3145 616 3524 698 βεϐιωκότας,
3567 621 3802 692 καθάπερ

2141 713 2343 786 χρυσὸν
2373 713 2463 768 καὶ
2513 710 2747 789 ἄργυρον
2791 713 2854 767 τὸ
2905 715 3013 790 πῦρ
3046 710 3479 787 λαμπροτέρους
3513 709 3806 782 ἀποφανεῖ·

2137 802 2267 865 τοὶις
2302 800 2360 858 δὶ
2386 808 2488 872 τῆς
2544 803 2734 865 κακίας
2792 799 3041 878 ἐργάτας,
3101 799 3256 873 δίκην
3309 802 3504 872 ξύλων
3550 796 3648 854 καὶ
3674 797 3809 873 χόρ-

2137 912 2235 947 του
2291 892 2382 948 καὶ
2438 891 2695 966 καλάμης
2750 890 3144 950 καταναλώσει.
3173 891 3237 950 Ὀ
3266 888 3325 947 δὶ
3369 911 3445 964 γε
3477 885 3812 948 διδάσκαλος

2138 982 2203 1037 τὰ
2242 984 2592 1056 προσήκοντα
2646 979 2885 1053 διδάξας,
2944 980 3044 1038 ούκ
3101 980 3579 1057 εἷ’σπραχθήσεται
3636 973 3811 1046 δίκας,

2140 1068 2286 1127 ἀλλᾶ
2342 1072 2616 1145 σωτηρίας
2670 1071 3052 1143 ἀξιωθήσεται.
3127 1073 3310 1129 Τοῦτο
3386 1068 3533 1146 γὰρ,
3627 1067 3811 1145 φησὶν,

2139 1184 2169 1211 ‹‹
2228 1158 2408 1223 Αύτδς
2466 1157 2526 1215 δὶ
2608 1162 2934 1234 σωθήσεται,
2988 1181 3017 1216 ι
3075 1159 3350 1216 τουτέστιν
3407 1159 3442 1213 ὁ
3508 1153 3813 1212 διδάσκων.

2141 1272 2171 1302 «
2199 1251 2273 1307 Τὸ
2312 1246 2369 1305 δὶ
2414 1246 2575 1327 ἔργον
2619 1251 3041 1321 κατακαήσεται,
3092 1273 3121 1302 ιι
3171 1249 3289 1306 ἀντὶ
3333 1252 3437 1304 τοῦ
3473 1247 3533 1303 οἱ
3561 1245 3815 1320 πονηρὸν

2138 1338 2362 1402 δαυτοὺς
2494 1340 2980 1403 κατασκευάσαντες
3117 1334 3300 1416 ἔργον.
3433 1337 3647 1398 Οὖτως
3757 1329 3814 1390 δὶ

2140 1429 2479 1506 ἀναγνόντες,
2540 1424 2783 1504 ἀκριϐῶς
2839 1430 3151 1505 εὑρήσομεν
3206 1431 3306 1500 τήν
3354 1431 3470 1483 τῶν
3537 1425 3814 1503 γραμμά-

2136 1542 2244 1577 των
2306 1516 2568 1574 διάνοιαν·
2613 1542 2642 1572 α
2697 1516 2769 1576 Εἴ
2817 1539 2967 1582 τινος
3020 1520 3084 1575 τὸ
3140 1512 3298 1593 ἔργον
3362 1518 3819 1589 κατακαήσεται,

2142 1611 2570 1684 ζημιωθήσεταν
2602 1606 2775 1672 οὕτως
2807 1606 2886 1679 δέ,
2942 1608 3018 1672 ὠς
3078 1606 3168 1664 διὰ
3194 1607 3364 1684 πυρὸς
3396 1609 3753 1678 σωθήσεται,
3783 1627 3811 1659 ιι

2139 1699 2258 1756 ἀντὶ
2322 1704 2439 1770 τοῦ,
2505 1701 2969 1770 κατακαυθήσεται
3043 1697 3211 1757 αὐτοῦ
3307 1699 3373 1755 τὸ
3450 1692 3630 1775 ἔργον
3712 1694 3815 1750 ὑπὸ

2136 1793 2234 1846 τοῦ
2290 1789 2484 1867 πυρός.
2545 1788 2719 1853 Αὐτὸς
2776 1786 2835 1844 δὲ
2891 1789 3215 1860 σωτήσεται,
3266 1789 3562 1845 τουτὲστιν
3597 1787 3629 1842 ὁ
3671 1782 3819 1841 διδά-

375 1900 514 1939 nam
544 1881 765 1937 attulit.
791 1880 1002 1935 Verum
1034 1877 1082 1931 si
1114 1893 1248 1947 quis
1279 1876 1430 1931 nolit
1458 1874 1811 1947 particulam
1844 1872 2025 1929 illam.

2142 1875 2362 1942 σκαλος.
2420 1876 2497 1937 Ού
2550 1878 2657 1954 γὰρ
2710 1876 2888 1941 αἳτιος
2943 1885 3044 1949 τῆς
3093 1879 3302 1934 τούτων
3361 1876 3453 1933 ἐπὶ
3519 1878 3592 1933 τὸ
3625 1880 3815 1952 χεῖρον

379 1994 407 2023 ‹‹
444 1972 536 2026 Sic
593 1976 793 2025 tamen
849 1972 916 2022 ut
963 1983 1069 2038 per
1118 1966 1336 2038 ignem,
1366 1985 1394 2014 ››
1454 1963 1617 2035 operi
1668 1968 1891 2035 aptare,
1924 1961 2026 2016 sed

381 2060 644 2115 doctori:
679 2063 819 2112 tunc
877 2056 961 2110 sic
1018 2053 1355 2125 intelligito,
1392 2051 1550 2123 quod
1608 2068 1714 2123 pro
1756 2051 1874 2106 illis
1905 2067 2026 2106 non

382 2150 693 2221 exigentur
748 2144 819 2200 ab
880 2160 947 2199 eo
1000 2159 1227 2214 poenas;
1287 2140 1615 2196 servabitur
1669 2146 1889 2203 autem,
1922 2157 2030 2212 per

383 2240 581 2311 ignem
639 2241 698 2289 et
751 2235 877 2306 ipse
909 2233 1210 2305 probatus,
1242 2238 1443 2286 utrum
1473 2230 1649 2285 vitam
1681 2228 1895 2285 habeat
1923 2230 2029 2285 do-

385 2329 589 2385 ctrinae
611 2330 1063 2397 congruentum.
1083 2346 1111 2373 ι(
1130 2326 1377 2387 Aurum,
1395 2343 1423 2372 »
1445 2321 1622 2376 fidem
1644 2320 1706 2375 in
1728 2320 2028 2376 Christum

381 2402 416 2471 εξ
443 2421 890 2490 Argumentum.
923 2436 951 2464 »
984 2415 1129 2469 Nam
1182 2416 1321 2468 sunt
1374 2417 1432 2466 et
1461 2409 1795 2474 inferiores,
1826 2410 2028 2466 multae

381 2506 678 2579 siquidem
713 2509 851 2560 sunt
880 2502 1037 2575 apud
1070 2504 1303 2558 Patrem
1361 2501 1707 2556 mansiones
1735 2498 1801 2555 7‘.
1835 2522 1864 2550 ‹‹
1897 2500 2031 2554 Dies

382 2598 543 2653 enim
568 2593 948 2651 declarabit.»
973 2593 1137 2647 Diem
1165 2590 1558 2663 dicitjudicii.
1585 2612 1613 2641 ‹‹
1636 2592 1701 2644 ln
1723 2591 1858 2661 igne
1881 2611 1910 2640 »
1934 2604 2034 2644 au-

383 2693 505 2742 tem
539 2685 679 2741 dicit
709 2682 953 2738 revelari
986 2696 1195 2753 Opera:
1227 2680 1337 2735 hoc
1360 2684 1468 2747 est,
1500 2679 1879 2733 manifestum
1905 2677 2033 2731 ﬁeri

383 2779 555 2843 cuius
587 2774 707 2829 sint
725 2779 973 2837 naturas,
996 2778 1196 2825 utrum
1218 2784 1453 2836 aurum,
1478 2773 1678 2823 utrum
1701 2772 2033 2838 argentum,

384 2866 615 2929 talium,
639 2862 852 2932 inquit,
877 2860 1027 2931 ignis
1050 2858 1388 2930 probativus
1411 2855 1541 2913 erit.
1563 2878 1589 2906 ‹‹
1616 2856 1672 2910 Si
1694 2855 1863 2928 cujus
1886 2872 2034 2927 opus

386 2960 663 3010 exustum
687 2950 883 3006 fuerit.
917 2972 945 3000 »
980 2950 1035 3005 Si
1087 2949 1277 3021 cujus,
1312 2948 1524 3019 inquit,
1559 2963 1707 3019 opus
1737 2947 1852 3001 vim
1885 2947 2036 3017 ignis

386 3063 507 3101 non
539 3045 763 3113 tulerit,
788 3043 889 3099 sed
917 3041 1227 3115 probatum
1251 3058 1319 3096 ac
1343 3039 1676 3095 convictum
1706 3038 1885 3094 fuerit
1907 3053 2035 3094 esse

385 3133 1054 3199 mal:tm,damnum,ait.
1087 3131 1363 3204 patietur.
1388 3132 1591 3201 Itaque
1614 3128 1765 3184 nihil
1799 3127 2039 3201 prodest

387 3225 533 3281 fidem
556 3225 965 3295 recta,absque
989 3222 1161 3278 bonis
1182 3221 1482 3293 operibus.
1508 3251 1575 3261 —
1598 3229 1766 3276 Anne
1785 3219 1866 3275 ita
1887 3234 2037 3288 quo-

2135 1974 2369 2043 τροπῆς.
2429 1967 2605 2030 Αὐτὸς
2660 1967 2763 2043 γὰρ
2818 1968 2919 2037 τὴν
2985 1971 3367 2043 προσήκουσαν
3434 1963 3812 2023 διδασκαλίαν

2134 2060 2527 2135 προσήνεγκεν.
2587 2058 2651 2114 Εἰ
2705 2056 2763 2114 δὲ
2816 2079 2901 2122 τις
2953 2057 3016 2114 ού
3076 2057 3335 2135 βούλεται
3372 2059 3459 2127 τὸ,
3497 2084 3534 2111 α
3595 2058 3691 2120 Ὠς
3724 2053 3813 2111 διὰ

2134 2149 2323 2223 πυρὸς,
2357 2172 2386 2202 ››
2417 2153 2497 2222 τῷ
2527 2145 2673 2228 ἔργῳ
2724 2148 3130 2224 προσαρμόσαι,
3163 2146 3308 2205 ἀλλὰ
3337 2153 3418 2221 τῷ
3448 2143 3810 2219 διδασκάλῳ,

2137 2235 2309 2300 οὕτως
2341 2238 2614 2308 νοησάτω,
2673 2237 2758 2293 δτι
2816 2237 2950 2313 ὑπὲρ
3011 2237 3107 2312 μὶν
3160 2233 3380 2292 ἐκείνων
3432 2235 3541 2292 οὐκ
3582 2235 3810 2306 εἰσπρα-

2136 2327 2401 2403 χθήσεται
2449 2324 2621 2398 δίκας,
2683 2328 2982 2399 σωθήσεται
3040 2324 3100 2382 δὶ
3155 2323 3245 2382 διὰ
3297 2325 3472 2401 πυρὸς
3500 2326 3603 2383 καὶ
3635 2324 3804 2387 αὐτὸς

2138 2413 2591 2490 δοκιμαζόμενος,
2624 2415 2773 2492 εἶ’περ
2834 2414 2937 2494 ἄρα
2983 2411 3101 2497 ἔχει
3138 2416 3232 2472 τὸν
3279 2415 3397 2492 βίον
3427 2420 3497 2489 τῇ
3534 2413 3801 2472 διδασκα-

2142 2505 2234 2578 λίᾳ
2262 2504 2637 2576 κατάλληλον.
2699 2529 2729 2560 ι(
2772 2505 3005 2582 Χρυσόν.
3038 2529 3069 2560 »
3123 2507 3239 2577 Τὴν
3296 2505 3375 2569 εἰς
3433 2505 3674 2583 Χριστὸν
3704 2501 3798 2559 πί-

2142 2615 2275 2654 στιν·
2331 2621 2358 2650 ‹‹
2419 2601 2712 2673 νΑργυρον.
2771 2618 2799 2651 ιι
2864 2595 2986 2654 Εἰσὶ
3039 2594 3143 2673 γὰρ
3201 2596 3294 2652 καὶ
3358 2593 3786 2670 καταδεέστεροι.

2143 2682 2361 2741 Πολλαὶ
2416 2684 2523 2762 γὰρ
2586 2686 2745 2761 μοναὶ
2777 2686 2922 2763 παρᾶ
2949 2690 3029 2759 τῷ
3060 2685 3252 2760 Πατρί.
3309 2711 3330 2738 ι
3364 2686 3430 2744 Ἦ
3481 2686 3585 2764 γὰρ
3615 2682 3794 2761 ⁴Ιιμὲριι

2144 2771 2408 2846 δηλώσει.
2446 2799 2468 2825 ι
2535 2774 2773 2849 Ἠμέραν
2829 2775 2963 2853 φησὶ
3019 2776 3120 2847 τὴν
3175 2781 3278 2847 τῆς
3332 2776 3582 2852 κρίσεως.
3641 2797 3664 2826 ι
3700 2775 3784 2829 Ἐν

2143 2862 2274 2939 πυρὶ
2329 2858 2388 2917 δὶ
2457 2860 2604 2938 λέγει
2660 2863 2730 2919 τὰ
2799 2859 2930 2939 ἔργα
2988 2862 3484 2928 ἀποκαλύπτεσθαι.
3539 2859 3775 2918 τουτέστι

2144 2950 2346 3031 φανερᾶ
2401 2950 2664 3026 γίνεσθαι,
2724 2952 2889 3009 ὁποῖα
2942 2953 3045 3023 τήν
3103 2952 3260 3030 φύσιν
3321 2949 3597 3026 ὶστὶν,ἇρα
3629 2969 3763 3026 χρυ-

2145 3042 2258 3107 σὸς.
2291 3040 2393 3116 ἄρα
2425 3036 2700 3119 ἅργυροςς
2750 3045 2858 3097 τῶν
2915 3038 2974 3097 δὲ
3016 3041 3283 3098 τοιούτων
3332 3043 3394 3098 τὸ
3437 3044 3561 3117 πῖιρ,
3588 3038 3763 3117 “alio,

2146 3129 2479 3206 ἰλεγκτικόν.
2515 3154 2538 3186 α
2574 3129 2643 3187 Εἲ
2697 3152 2846 3196 τινος
2897 3131 2961 3187 τὸ
3018 3126 3172 3208 ἔργον
3212 3137 3625 3203 κατακαήσεται.
3658 3155 3681 3180 ε
3707 3126 3778 3183 Ε’ἶ.

2143 3240 2314 3291 τινος,
2346 3220 2499 3301 φησὶ,
2531 3222 2593 3276 τὸ
2642 3217 2800 3296 ἔργον
2860 3220 2960 3276 ούκ
3011 3219 3149 3277 οἴσει
3172 3223 3270 3290 τήν
3300 3226 3397 3278 τοῦ
3429 3221 3596 3297 πυρὸς
3628 3236 3788 3296 προσο

385 3332 496 3383 que
548 3294 885 3385 intelligere
909 3311 1265 3383 possumus?
1296 3310 1386 3365 Illi
1420 3310 1661 3380 quidem
1694 3309 1794 3380 qui
1826 3308 2031 3363 silvam

2147 3294 2517 3379 ϐολήν,’ἀλλ’
2565 3294 2960 3387 ἐλεγχθήσεται
3015 3309 3073 3366 δν
3132 3311 3373 3383 πονηρὸν
3401 3294 3790 3378 καὶ-κατεκαή-

385 3420 490 3457 seu
523 3403 833 3457 materiam
859 3401 1033 3456 facile
1065 3398 1426 3454 exurendam
1457 3398 1849 3464 aedificarunt,
1872 3396 2034 3469 peni-

388 3499 485 3547 tus
516 3491 874 3561 ejiciuntur:
910 3490 1192 3544 damnum
1226 3488 1384 3542 enim
1431 3488 1739 3559 patiuntur
1767 3487 2033 3542 omnium

390 3596 632 3635 suorum
666 3579 955 3634 laborum.
993 3600 1021 3628 ‹‹
1059 3580 1184 3649 Ipse
1232 3593 1368 3631 vero
1418 3574 1765 3631 servabitur.
1802 3597 1826 3626 ι
1860 3576 2033 3641 Quis-

384 3688 524 3726 nam
542 3669 692 3735 ?Qui
721 3666 1213 3741 supermdificavit
1241 3682 1451 3722 aurum
1478 3671 1535 3721 et
1561 3672 1869 3739 argentum
1894 3665 2036 3737 lapi—

383 3761 608 3831 desque
639 3760 954 3831 pretiosos.
988 3760 1131 3816 Cum
1160 3756 1317 3812 enim
1347 3756 1418 3812 de
1468 3755 1597 3827 ipso
1631 3754 1848 3811 dixerit
1878 3755 2035 3826 quod

387 3848 723 3905 mercedem
755 3848 1023 3921 accipiet,
1057 3863 1216 3902 nunc
1274 3843 1417 3900 dicit
1464 3861 1642 3915 quam
1675 3844 2031 3910 mercedem,

385 3956 600 4011 neznpe
660 3938 932 3993 salutem.
965 3936 1303 3993 Servabitur
1360 3940 1581 4003 autem,
1614 3935 1740 4007 ipse
1799 3950 2035 4007 quoque

384 4029 645 4084 eolorem
676 4044 908 4099 passus,
942 4026 1095 4081 sicut
1122 4025 1444 4081 verisimile
1475 4030 1565 4080 est
1594 4023 1666 4080 de
1699 4042 1767 4079 eo
1800 4024 1901 4095 qui
1931 4040 2037 4097 per

385 4117 581 4189 ignem
639 4114 945 4171 transierit
994 4115 1224 4185 sibique
1272 4114 1473 4169 unitas
1518 4113 1781 4168 modicas
1829 4113 2036 4168 sordes

386 4205 745 4279 expurgarit.
769 4205 963 4260 Solius
985 4220 1241 4274 namque
1266 4202 1368 4258 Dei
1394 4208 1484 4258 est
1504 4202 1761 4274 perfecte
1792 4206 2033 4274 peccato

384 4312 606 4351 carere.
639 4295 794 4351 443
849 4294 1130 4350 Homines
1187 4310 1324 4349 vero
1384 4292 1493 4348 etsi
1553 4309 1731 4363 quam
1775 4293 2033 4348 maxime

376 4386 525 4458 justi
555 4385 797 4454 fuerint,
857 4400 976 4439 non
1035 4382 1292 4455 perfecte
1348 4381 1480 4453 puri
1540 4386 1696 4436 sunt.
1732 4381 2034 4452 Siquidem

385 4476 609 4532 dictum
643 4480 750 4539 est,
786 4474 944 4546 quod
977 4473 1038 4528 in
1096 4472 1298 4527 multis
1356 4470 1613 4526 labimur
1642 4486 1849 4526 omnes
1879 4471 1943 4537 ⁷⁸,
1978 4475 2036 4527 et

385 4588 414 4618 ι(
449 4566 656 4621 Nullus
687 4581 874 4636 purus
918 4569 1007 4618 est
1034 4579 1068 4618 a
1098 4566 1362 4633 peccato.
1394 4576 1467 4615 ne
1500 4560 1548 4615 si
1580 4560 1761 4615 unius
1792 4559 2034 4630 quidem

2144 3419 2315 3471 σεται,
2346 3401 2776 3472 ζημιωθήσεται,
2825 3398 3006 3478 φησίν.
3059 3400 3199 3476 Ἀρα
3253 3400 3347 3455 οὗν
3401 3397 3561 3455 οὐδὲν
3591 3397 3796 3477 ὠφελεῖ

2145 3489 2327 3554 πίστις
2394 3489 2553 3563 ὀρθή,
2619 3488 2797 3565 χωρὶς
2861 3487 3051 3565 ἔργων.
3117 3522 3185 3535 -ι
3238 3487 3798 3564 [ΟΙΚΟΥΜΕΝΙΟΥ.]

2145 3581 2288 3653 Ἀρα
2322 3580 2398 3654 μὴ
2430 3578 2518 3633 καὶ
2552 3580 2724 3642 οὓτως
2781 3575 3053 3652 δυνάμεθα
3109 3585 3343 3649 νοῆσαις
3400 3580 3470 3637 Ol.
3516 3579 3614 3652 μὲν
3647 3579 3801 3635 οἷκο⁸

2148 3667 2487 3742 δομήσαντες
2535 3670 2635 3739 τὴν
2702 3667 3139 3743 εύκατάπρηστον
3183 3667 3346 3740 ὕλην,
3402 3666 3592 3725 τέλεον
3655 3664 3805 3725 ἐκϐἑ-

2147 3752 2399 3829 ϐληνται.
2435 3757 2806 3830 Ἐζημίωνται
2860 3759 2964 3835 γὰρ
3021 3757 3198 3815 πάντα
3253 3758 3429 3814 αὐτῶν
3458 3759 3526 3814 τὰ
3555 3757 3804 3815 σπουδά-

2148 3869 2345 3922 σματα.
2384 3871 2404 3899 σ
2441 3845 2620 3910 Αὐτὸς
2654 3844 2711 3903 δὲ
2769 3848 3094 3919 σωθήσεται.
3126 3870 3156 3901 κ
3210 3847 3344 3917 Tia;
3402 3848 3462 3906 Ὀ
3513 3845 3807 3905 ἒποικοδου

2151 3942 2329 4013 μησας
2357 3940 2448 3995 τὸν
2479 3939 2685 4015 χρυσὸν
2711 3938 2801 3995 καὶ
2856 3939 2947 3995 τὸν
3005 3938 3267 4016 ἄργυρον,
3296 3938 3387 3996 καὶ
3414 3938 3544 4003 τοὺς
3572 3940 3799 4013 τιμίου)

2149 4028 2353 4091 λίθους.
2409 4028 2591 4086 Εἰπὼν
2648 4029 2753 4104 γὰρ
2809 4027 2933 4104 περὶ
2992 4028 3160 4085 αὐτοῦ
3189 4029 3274 4086 ’ὁτι
3309 4030 3499 4103 μισθὸν
3535 4029 3800 4105 λήψεται,

2146 4123 2238 4174 νῦν
2298 4116 2447 4194 λέγει
2503 4123 2663 4174 ποῖον
2726 4118 2937 4191 μισθὸν,
2993 4117 3237 4174 τουτέστι
3314 4120 3413 4190 τήν
3494 4120 3798 4194 σωτηρίαν.

2149 4208 2461 4278 Σωθήσεται
2495 4204 2552 4261 δέ
2597 4226 2656 4282 γε
2713 4203 3006 4272 ἐπωδύνως
3059 4207 3147 4263 καὶ
3206 4207 3392 4277 αὐτὸς,
3422 4208 3500 4270 ὠς
3529 4206 3675 4271 εἰκὸς
3702 4209 3798 4265 τὸν

2149 4295 2239 4353 διὰ
2336 4297 2508 4372 πυρὸς
2606 4297 2890 4372 παριόντα,
2992 4299 3084 4354 καὶ
3174 4296 3626 4373 ἐκκαθαιρόμενον
3702 4298 3797 4354 τὸν

2147 4386 2327 4442 ἐνόντα
2401 4385 2547 4459 αύτῷ
2626 4385 2836 4462 βραχὺν
2912 4387 3104 4463 ῥύπον.
3181 4391 3315 4445 Θεοῦ
3405 4388 3509 4466 γὰρ
3606 4386 3802 4462 μόνου,

2144 4476 2208 4531 τὸ
2273 4475 2477 4538 τελέως
2542 4475 2946 4551 ἀναμάρτητον.
3013 4477 3082 4538 Οἱ
3148 4475 3207 4534 δὶ
3266 4478 3541 4555 ἂνθρωποι
3580 4475 3678 4533 κᾶν
3711 4478 3799 4534 ὅτι

2151 4563 2389 4640 μάλιστα
2446 4565 2551 4620 ὦσι
2634 4563 2860 4637 δίκαιοι,
2942 4565 3009 4622 ού
3093 4565 3281 4623 τελεόν
3367 4566 3469 4622 εἶσι
3543 4566 3799 4643 καθαροί.

389 4656 505 4710 diei
537 4656 614 4711 sit
642 4654 760 4710 vita
791 4655 919 4726 ejus
949 4652 1013 4707 ⁷⁷.
1050 4674 1078 4703 ››
1113 4654 1255 4707 Nam
1288 4649 1587 4706 Malacbia)
1620 4649 1843 4706 dictum
1874 4657 1964 4706 est
1990 4650 2031 4686 τε

2147 4653 2375 4731 Εἴρηται
2435 4657 2537 4732 γὰρ
2596 4655 2680 4712 ὅτι
2737 4654 2924 4713 πολλᾶ
2977 4656 3244 4729 πταίομεν
3306 4658 3524 4726 πάντες,
3555 4656 3651 4713 καὶ
3707 4654 3797 4712 ούο

388 4745 547 4815 quod
579 4751 861 4815 tanquam
895 4744 1091 4815 ignem
1124 4742 1183 4796 in
1211 4741 1470 4807 fornace,
1492 4746 1550 4795 et
1579 4746 1861 4810 tanquam
1887 4740 2031 4795 her-

386 4833 523 4889 bam
554 4832 850 4887 fullonum
875 4831 1163 4903 quosdam
1186 4830 1389 4885 abluet
1417 4836 1565 4884 Deus
1588 4835 1644 4884 et
1676 4828 2030 4901 puriﬁcabit.

390 4943 411 4973 ι
444 4923 575 4994 Ipse
606 4937 742 4975 vero
775 4919 1120 4976 servabitur.
1163 4938 1189 4968 ι
1227 4916 1389 4984 Quod
1438 4918 1522 4973 ait
1551 4940 1577 4966 ‹‹
1613 4917 1968 4985 Servabitur,
2005 4940 2034 4968 »

383 5009 760 5070 tantumdem
796 5013 885 5065 est
914 5026 981 5064 ac
1013 5009 1061 5063 si
1093 5007 1288 5063 dicat:
1324 5009 1449 5062 Non
1482 5007 1723 5062 tolletur
1753 5022 1783 5061 e
1815 5007 2032 5078 medio,

382 5119 578 5175 neque
600 5104 927 5156 revertetur
951 5097 1011 5154 in
1038 5095 1820 5167 nihilum,quemadmodum
1845 5113 2033 5169 pravm

384 5195 512 5265 ejus
542 5191 827 5248 actiones.
862 5190 1002 5245 Nam
1034 5189 1158 5243 haac
1188 5203 1375 5257 usque
1408 5187 1482 5241 ad
1512 5186 1573 5241 id
1614 5192 1846 5259 tempus
1879 5185 2033 5242 exsi-

383 5285 663 5341 stentiam
693 5282 915 5337 habere
953 5277 1304 5334 videbantur
1358 5283 1417 5332 et
1473 5276 1729 5345 fiebant;
1763 5277 2035 5334 veniente

382 5382 577 5431 autem
612 5392 681 5431 eo
712 5373 807 5430 die
839 5378 896 5429 et
924 5371 1078 5446 igne,
1112 5370 1255 5443 ipsa:
1297 5367 1540 5440 quidem
1570 5385 1732 5424 vanas
1767 5373 1825 5423 et
1853 5386 2035 5425 cassm

385 5467 745 5532 efficiuntur,
776 5482 969 5536 neque
1002 5461 1257 5534 amplius
1289 5459 1417 5515 ﬁeri
1455 5466 1740 5532 possunt:
1773 5464 2037 5516 attamen

385 5554 561 5610 homo
591 5555 692 5625 qui
714 5555 850 5610 illas
874 5560 1151 5626 operatus
1183 5556 1291 5618 est,
1324 5566 1447 5605 non
1471 5549 1648 5605 simul
1680 5565 1815 5606 cum
1839 5550 1923 5606 eis
1946 5551 2035 5607 in-

2146 4742 2256 4809 δεὶς
2286 4745 2521 4822 καθαρὸς
2587 4744 2694 4803 ἀπο
2759 4747 3050 4822 ἁμαρτίας,
3118 4744 3232 4803 οὐδ’
3298 4746 3357 4803 ἂν
3426 4746 3526 4822 μία
3554 4746 3789 4822 ἡμέραό

2146 4834 2266 4910 βίος
2294 4835 2487 4891 αὐτοῦ.
2522 4834 2754 4910 Εἴρηται
2809 4835 2916 4913 γὰρ
2978 4836 3066 4892 καὶ
3134 4840 3213 4909 τῷ
3278 4834 3572 4912 Μαλαχίᾳ,
3605 4838 3693 4892 δτι
3720 4833 3794 4898 ὡς

2144 4928 2251 4999 πῦρ
2314 4923 2366 4979 ἐν
2437 4925 2799 4999 χωνευτηρίῳ
2863 4925 2953 4981 καὶ
3017 4925 3153 4981 πόαν
3223 4924 3561 4994 πλυνόντων,
3603 4923 3801 4981 πλυνεῖ

2143 5013 2234 5067 καὶ
2267 5012 2543 5089 καθαρίσει
2594 5014 2622 5068 ὁ
2673 5016 2805 5077 Θεός
2846 5034 3016 5081 τινας.
3065 5039 3093 5067 ‹‹
3124 5013 3299 5080 Αὐτὸς
3325 5012 3384 5071 δὲ
3411 5016 3741 5087 σωθήσεται.
3768 5036 3798 5067 ιο

2145 5135 2212 5146 -
2244 5103 2462 5176 [ΦΩΤ.]
2493 5102 2563 5157 Τὸ
2594 5127 2623 5155 «
2656 5105 2992 5175 Σωθήσεται,
3019 5105 3347 5161 »τουτέστιν
3376 5104 3474 5161 οὐκ
3504 5102 3801 5183 ἀφανισθή-

2146 5211 2318 5264 σεται,
2360 5188 2486 5246 ούδὲ
2525 5190 2603 5255 εἰς
2639 5192 2703 5248 τὸ
2746 5193 2823 5269 μὴ
2890 5194 2948 5249 δν
3015 5195 3286 5270 χωρήσει,
3327 5192 3508 5269 ὥσπερ
3549 5194 3607 5249 αἱ
3666 5193 3805 5270 πρά-

2146 5284 2254 5355 ξεις
2292 5281 2460 5337 αὐτοῦ
2525 5281 2579 5337 αἱ
2646 5281 2906 5358 πονηραί.
2971 5283 3145 5340 Δῦται
3182 5286 3306 5361 γὰρ,
3351 5283 3518 5359 μέχρι
3565 5285 3659 5358 μὶν
3699 5285 3800 5339 τοῦ

2145 5375 2339 5445 καιροῦ
2414 5370 2642 5444 ἐκείνου,
2718 5374 2818 5443 τὴν
2894 5371 3117 5450 ὓπαρξιν
3186 5372 3334 5448 ἔχειν
3409 5372 3633 5429 ἐδοκουν
3710 5371 3803 5429 καὶ

2148 5459 2499 5536 ἐπράττοντο.
2568 5461 2870 5535 Ἐλθούσης
2912 5461 2970 5519 δὲ
3014 5471 3115 5535 τῆς
3154 5464 3368 5540 ἡμερας
3435 5461 3651 5533 ἐκείνης
3714 5460 3807 5519 καὶ

2148 5555 2248 5606 τοῦ
2280 5551 2473 5629 πυρὸς,
2506 5553 2664 5609 αὗται
2717 5553 2813 5628 μὶν
2872 5553 3100 5633 φροῦδοι
3156 5554 3433 5631 γεγόνασι,
3466 5554 3608 5628 μήτε
3639 5553 3809 5625 εἶναι,

451 5741 500 5781 ’⁷⁸
527 5743 692 5801 Joan.
725 5758 836 5813 11v,
863 5745 920 5802 2.
993 5740 1043 5779 ⁷⁸
1070 5742 1189 5803 Jac.
1222 5756 1304 5813 ιιι,
1334 5741 1389 5797 2.
1464 5736 1513 5777 ⁷⁷
1540 5737 1669 5799 Job.
1708 5755 1823 5810 xw,
1854 5740 1912 5813 4,
1941 5741 1999 5812 5,

2142 5785 2151 5803 .
2181 5742 2351 5803 LXX.
2427 5741 2476 5783 ⁷⁸
2500 5743 2744 5803 Malach.
2779 5744 2867 5817 in,
2898 5747 2952 5819 2,
2984 5746 3037 5803 3.
