4106 6252
273 361 392 423 6Ἰ7

1266 359 1673 426 COMMENT.
1719 360 1796 422 lN
1840 360 2088 424 EPIST.
2137 366 2155 425 l
2202 364 2307 425 AD
2351 364 2718 430 COBINTH.

3573 362 3694 427 678

289 494 432 571 μήτε
488 494 825 567 πράττεσθαι
881 492 1190 569 δυναμεναιε
1247 498 1310 556 '0
1369 495 1464 570 μὲν
1517 515 1604 552 τοι
1656 512 1970 571 καταπρα-⁴

2082 497 2370 567 erimitur,
2403 500 2506 557 sed
2532 504 2733 558 manet
2761 516 2830 557 ac
2847 503 3130 564 servatur,
3166 515 3372 574 poenas
3392 499 3564 557 luens
3592 516 3700 573 per

290 584 524 662 ζᾶμενος
554 587 732 649 αὐτὰς
789 584 1097 663 ἅνθρωπος,
1156 587 1218 643 οὗ
1279 592 1668 663 συναναιρεῖται
1725 584 1949 649 ταύταις

290 677 381 732 καὶ
437 672 777 756 ἀφανίζεται,
837 674 984 732 ἀλλὰ
1045 677 1191 752 μένει
1247 676 1336 734 καί
1390 677 1641 747 σώζεται,
1698 677 1796 746 τὴν
1858 673 1949 731 δια

298 766 473 844 πυρὸς
505 763 669 838 δίκην
699 766 902 829 τιννῦς.
937 767 1033 822 Διὰ
1064 773 1226 823 τοῦτο
1275 766 1380 845 γὰρ
1433 766 1620 834 εἰπὼν,
1678 787 1710 821 ιι
1752 766 1946 836 Σωθήο

296 878 469 928 σεται,
507 881 535 909 ››
565 854 842 935 ἐπήγαγεν
885 857 1196 932 ἑρμηνεύων
1246 862 1365 921 πῶς
1413 858 1738 926 σωθήσεται,
1779 879 1808 907 ιι
1841 853 1950 912 Οὕ-

297 968 410 1011 τως
442 947 518 1008 ὡς
543 943 633 1002 διὰ
662 947 854 1019 πυρὸς,
893 970 919 997 ι)
976 946 1272 1017 τουτέστιν,
1331 945 1406 1009 είς
1455 951 1617 1001 τοῦτο
1660 943 1801 1017 μένει
1857 944 1948 999 καὶ

302 1038 558 1107 σώζεται,
600 1034 677 1100 εἷς
731 1037 794 1092 τὸ
853 1033 942 1091 διὰ
994 1036 1165 1110 πυρὸς
1222 1034 1315 1092 τὸν
1376 1037 1544 1091 αἰῶνα
1599 1033 1947 1105 κολάζεσθαι.

294 1130 388 1186 Ἐν
417 1131 489 1201 τῇ
522 1127 782 1203 ἑρμηνείᾳ
836 1131 932 1182 τοῦ
967 1125 1213 1192 Ἡσαΐου,
1246 1129 1275 1183 6
1306 1126 1358 1183 ἐν
1414 1128 1591 1202 ἁγίοις
1642 1127 1950 1198 Βασίλειος,

300 1212 552 1290 δεῦτερον
583 1215 939 1289 ἐπιμνησθεές
986 1219 1084 1272 τοῦ
1133 1213 1325 1291 ῥητοῦ⁹
1376 1214 1467 1270 ἐπῖ
1519 1214 1775 1290 καθάρσει
1820 1213 1952 1269 αὐτὸ

298 1303 535 1377 ἒδέξαεο.
571 1328 599 1356 ιι
633 1306 721 1368 Ὦς
779 1301 868 1360 διὰ
922 1303 1111 1378 πυρός.
1152 1332 1172 1357 ι
1230 1303 1374 1363 ’Ὀλα
1434 1307 1823 1383 μεταφπρικῶς
1885 1303 1954 1358 sl-

299 1393 570 1465 πεν,ἆλλ’
602 1395 720 1470 δρα·
754 1395 880 1471 Οὐχ
909 1391 1091 1469 ὥσπερ
1145 1395 1209 1450 τὸ
1268 1393 1486 1474 φορτίον
1533 1395 1722 1450 καυθὶν
1774 1393 1851 1456 εἷς
1889 1393 1953 1448 τὸ

311 1481 479 1560 μηδὲν
511 1486 758 1564 χωρήσει
790 1485 880 1540 καὶ
921 1484 1104 1550 αὐτὸς,
1144 1482 1290 1541 ἀλλὰ
1310 1485 1402 1551 τίς
1460 1508 1489 1536 ιι
1521 1483 1693 1546 Αὐτὸς
1743 1481 1800 1539 δὶ
1840 1504 1953 1539 σωο

305 1576 549 1646 θήσεται,
582 1596 611 1625 ››
669 1573 955 1649 Σωτηρίαν
1016 1570 1227 1644 καλῶν,
1280 1574 1381 1643 τήν
1437 1572 1522 1628 ἀεὶ
1579 1572 1634 1627 ἐν
1692 1577 1771 1646 τῷ
1822 1572 1955 1648 πυρὶ

303 1665 474 1736 ζωὴν,
531 1662 621 1719 καὶ
673 1664 734 1719 τὸ
792 1662 844 1718 ἐν
905 1662 1052 1738 αὖτῷ
1111 1661 1487 1735 διασώζεσθαι.
1556 1664 1696 1738 ’Όρα
1748 1665 1850 1738 γὰρ
1903 1663 1956 1719 τί

296 1750 661 1832 προσέθηκεν.
696 1752 886 1816 Οὕτως
920 1750 999 1824 δὲ,
1041 1755 1228 1833 φησὶν,
1285 1755 1359 1816 ὡς
1418 1751 1506 1809 διὰ
1554 1753 1746 1829 πυρὸς,
1796 1773 1957 1809 τουτ-

299 1847 470 1915 ἐστιν,
531 1842 705 1907 οὕτως
790 1844 1113 1915 σωθήσεται,
1168 1843 1244 1906 ὡς
1303 1843 1353 1899 έν
1417 1843 1546 1916 πυρὶ
1625 1843 1958 1916 σωζόμενος,

293 1934 546 1994 τουτέστι
609 1934 1058 2008 κατακαιόμενος,
1137 1933 1229 1989 καὶ
1327 1934 1404 2003 μή
1506 1930 1957 2007 ἀναλισκόμενος.

291 2027 416 2084 Ἰνα
477 2025 582 2102 γὰρ
649 2025 727 2098 μή
788 2022 1062 2098 σωτηρίαν
1120 2021 1357 2090 ἀκούων,
1413 2026 1492 2095 τῷ
1549 2023 1785 2101 εὐφήμῳ
1862 2026 1960 2078 τοῦ

2056 587 2273 661 ignem.
2310 588 2393 644 Ob
2424 589 2535 646 hoc
2568 591 2728 645 enim
2760 607 2890 646 cum
2926 590 3189 655 dixisset,
3223 614 3248 639 ιι
3278 590 3633 659 Servabitur,
3667 612 3697 642 »

2057 678 2363 751 subjungit
2391 679 2704 736 declarans
2738 678 3034 752 quomodo
3058 679 3387 736 servabitur
3410 696 3423 735 :
3450 703 3476 730 ιι
3501 680 3593 735 Sic
3610 686 3699 737 ta-

2056 783 2195 823 men
2233 773 2298 823 ut
2324 785 2430 840 per
2457 771 2673 844 ignem,
2708 794 2734 820 ››
2767 770 2877 826 hoc
2908 777 3017 831 est.
3051 770 3123 824 ad
3144 770 3254 825 hoc
3275 775 3477 825 manet
3498 775 3556 825 et
3576 787 3701 825 ser-

2055 864 2226 914 vatur
2252 865 2317 914 ut
2346 876 2455 931 per
2484 863 2680 935 ignem
2713 862 2996 933 puniatur
3025 861 3086 915 in
3110 860 3416 918 saeculum.
3446 864 3509 916 ln
3530 862 3703 916 inter-

2058 950 2391 1023 pretatione
2425 951 2589 1006 Isaiae
2621 952 2788 1007 divus
2824 951 3076 1007 Basilius
3124 950 3281 1007 facta
3326 950 3506 1023 hujus
3550 946 3710 1007 verbi

2058 1041 2382 1105 mentione,
2407 1056 2513 1111 pro
2537 1038 2948 1111 puriﬁcatione
2974 1039 3168 1111 ipsum
3188 1038 3418 1112 accipit.
3455 1060 3483 1088 ιι
3518 1040 3589 1094 Ut
3607 1055 3712 1111 per

2059 1128 2276 1202 ignem.
2309 1149 2336 1177 »
2368 1129 2578 1186 Omnia
2608 1129 3012 1202 metaphorice
3043 1129 3225 1184 dixit:
3257 1127 3360 1184 sed
3383 1129 3511 1184 vide
3541 1146 3553 1185 :
3582 1131 3710 1184 Non

2063 1219 2231 1290 quasi
2254 1218 2397 1275 facis
2422 1226 2662 1275 exustus
2686 1220 2759 1274 a'd
2782 1219 3035 1275 nihilum
3062 1219 3384 1293 redigetur,
3400 1218 3502 1275 sed
3527 1219 3669 1291 quid
3686 1217 3714 1275 ‘l

2065 1331 2092 1359 ιι
2124 1309 2255 1380 Ipse
2284 1324 2420 1364 vero
2460 1308 2807 1365 servabitur.
2843 1332 2872 1360 »
2932 1309 3448 1365 Conservationem
3498 1326 3710 1365 vocans

2060 1398 2239 1454 vitam
2262 1414 2393 1468 quae
2416 1415 2651 1470 semper
2678 1398 2737 1454 in
2760 1399 2894 1472 igne
2925 1405 3129 1472 agetur
3160 1405 3218 1454 et
3245 1399 3438 1471 ipsum
3472 1415 3712 1456 conser-

2062 1488 2182 1544 vari
2206 1489 2266 1543 in
2298 1488 2423 1545 illo.
2453 1490 2597 1543 Nam
2625 1488 2757 1544 vide
2789 1488 2930 1560 quid
2953 1487 3250 1544 addiderit
3274 1505 3287 1542 :
3314 1489 3407 1545 Sic
3422 1494 3625 1544 tamen
3647 1493 3714 1543 ut

2063 1595 2170 1650 per
2199 1577 2393 1651 ignem
2421 1594 2434 1632 :
2467 1578 2578 1634 hoc
2612 1583 2720 1645 est,
2749 1578 2831 1633 ita
2860 1577 3187 1633 servabitur
3210 1585 3275 1633 ut
3321 1579 3423 1651 qui
3476 1579 3535 1634 in
3577 1578 3710 1652 igne

2066 1672 2350 1733 servatur,
2374 1667 2435 1722 id
2457 1672 2565 1735 est,
2600 1668 2866 1723 exuritur
2885 1684 2995 1723 nec
3018 1668 3406 1723 consumitur.
3444 1669 3524 1724 Ne
3551 1667 3712 1723 enim

2067 1757 2578 1813 conservationem
2601 1756 2870 1826 audiens,
2895 1756 2968 1812 ob
2992 1757 3214 1813 bonum
3237 1757 3500 1813 nominis
3514 1773 3712 1827 omen,

2068 1845 2372 1901 existimes
2385 1845 2744 1918 supplicium
2760 1863 2939 1919 opera
2951 1846 3237 1903 duntaxat
3250 1847 3545 1903 resdicere
3568 1863 3715 1918 opus

2069 1933 2182 1989 fuit
2207 1934 2316 1990 hac
2339 1934 2670 1992 additione:
2699 1941 2714 1989 l
2723 1953 2826 2008 pse
2850 1936 3177 1992 servabitur
3198 1953 3306 2009 per
3328 1936 3526 2009 ignem
3560 1952 3719 1993 sem-

2070 2041 2178 2097 per
2197 2024 2431 2080 ardens.
2465 2026 2608 2080 Nam
2636 2025 2748 2081 hoc
2770 2025 3066 2099 signiﬁcat
3094 2026 3274 2082 dictio
3297 2024 3393 2092 ὡς,
3417 2026 3475 2081 id
3499 2031 3607 2092 est,
3632 2030 3714 2094 ut,

298 2114 571 2188 ὀνόματος
627 2114 868 2189 νομίσῃς
923 2113 1055 2193 ἄχρι
1109 2117 1207 2169 τοῦ
1252 2112 1320 2169 τὰ
1372 2105 1508 2190 ἔργα
1551 2118 1883 2183 κατακαῆναι
1928 2113 2028 2183 τὴν
2082 2112 2352 2189 τιμωρίαν
2399 2112 2555 2185 εἶναι,
2609 2110 2806 2186 ἐδεήθη
2858 2114 3061 2187 ταύτης
3106 2120 3207 2186 τῆς
3255 2115 3596 2193 προσθήκης,
3653 2128 3722 2183 τὸ

296 2205 479 2265 Αὐτὸς
516 2204 826 2275 σωθήσεται
859 2199 947 2258 διὰ
976 2204 1146 2279 πυρὸς
1174 2202 1465 2276 καιόμενος
1494 2201 1600 2275 ἀεὶ,
1630 2206 1796 2259 τοῦτο
1849 2200 1952 2279 γὰρ
1984 2198 2150 2274 δηλοῖ
2179 2201 2241 2257 τὸ
2272 2202 2366 2264 ὡς.

376 2295 496 2352 Οὐκ
555 2289 745 2349 οἳδατε
800 2290 886 2348 ὅτι
942 2292 1066 2354 ναὸς
1119 2296 1254 2347 Θεοῦ
1332 2290 1472 2362 ἐστι,
1526 2290 1617 2347 καὶ
1670 2292 1734 2347 τὸ
1804 2294 1967 2348 Ηνεῦ-

315 2406 391 2460 μα
420 2387 520 2439 τοῦ
565 2386 703 2438 Θεοῦ
762 2381 903 2437 οἰκεῖ
960 2381 1012 2438 ἐν
1069 2382 1236 2456 ὖμῖν;
1303 2379 1350 2436 εἴ
1402 2403 1486 2446 τις
1537 2381 1629 2437 τὸν
1684 2381 1809 2437 ναὸν
1869 2385 1967 2436 τοῦ

314 2470 450 2529 Θεοῦ
498 2472 726 2554 φθείρει,
788 2477 971 2549 φθερεῖ
1026 2477 1219 2528 τοῦτον
1274 2472 1303 2527 6
1360 2472 1511 2533 Θεός.
1569 2471 1630 2529 Ὁ
1684 2470 1785 2547 γὰρ
1842 2471 1969 2535 ναὸς

311 2567 412 2619 τοῦ
476 2564 607 2619 Θεοῦ
671 2561 826 2637 ’ἅγιός
920 2559 1086 2635 ἐστιν,
1157 2558 1346 2624 ο⁹ίτινές
1411 2558 1527 2616 ἐστε
1595 2560 1773 2633 ὑμεῖς.
1841 2567 1967 2632 Μη-

322 2649 437 2715 δεὶς
487 2651 673 2707 ἑαυτὸν
741 2649 1078 2723 ἐξαπατάτω.
1146 2649 1217 2708 Εἴ
1266 2671 1348 2714 τις
1406 2647 1555 2705 δοκεῖ
1609 2648 1776 2728 σοφὸς
1833 2651 1967 2706 εἶναι

329 2739 383 2795 ἒν
446 2740 590 2813 ὑμῖν,
642 2739 692 2795 ἐν
744 2745 818 2813 τῷ
866 2740 1027 2796 αἰῶνι
1082 2741 1284 2813 τούτῳ,
1347 2739 1531 2815 μωρὸς
1594 2738 1826 2813 γενέσθω
1874 2736 1968 2794 ’ίνα

330 2829 552 2908 γένηται
610 2831 787 2910 σοφός,
846 2836 910 2889 Ἡ
965 2831 1071 2906 γὰρ
1120 2830 1292 2910 ,σοφία
1347 2834 1445 2886 τοῦ
1493 2827 1704 2904 κόσμου
1769 2828 1966 2886 τούτου

324 2921 507 2995 μωρία
536 2922 679 2997 παρὰ
707 2926 787 2996 τῷ
815 2926 933 2995 Θεῷ
959 2921 1127 2990 ἐστιν,

388 3010 491 3075 Εἰς
520 3012 613 3067 τὸν
643 3011 1049 3087 πεπορνευκότα
1079 3010 1155 3074 είς
1201 3011 1303 3080 τήν
1365 3011 1632 3086 μητρυιὰν
1692 3003 1963 3067 είσϐαλεῖν

317 3100 468 3156 θέλει
499 3099 717 3172 λοιπὸν,
749 3102 840 3157 γαὶ
873 3100 974 3178 ὅρα
1022 3105 1140 3162 πῶς
1197 3097 1452 3177 ἀρμοδίῳ
1500 3101 1769 3176 κέχρηται
1827 3121 1969 3176 προ-

316 3191 513 3266 οιμίῳ,
554 3193 918 3269 ὲντρεπτικῶς
966 3190 1155 3254 αὐτοῖς
1213 3188 1423 3247 λαλῶν.
1471 3212 1498 3243 ιι
1530 3190 1634 3247 Καὶ
1682 3189 1746 3245 τὸ
1798 3194 1966 3245 Πνεῦ⁴

320 3302 396 3355 μα
424 3285 524 3337 τοῦ
556 3285 691 3337 Θεοῦ
722 3279 865 3336 οῗκεῖ
903 3279 956 3337 ἐν
1013 3281 1167 3356 ὑμῖν.
1206 3306 1227 3333 ι
1284 3277 1530 3338 Ἐπαίοει
1581 3279 1644 3336 τὸ
1710 3274 1968 3355 ἔγκλημα

2148 2293 2247 2358 ΙΙΙ,
2284 2294 2470 2349 16-19.
2501 2294 2582 2349 An
2611 2297 2831 2350 nescitis
2861 2296 3011 2365 quod
3041 2295 3301 2366 templum
3331 2297 3432 2352 Dei
3469 2298 3610 2367 sitis,
3668 2303 3720 2353 et

2075 2380 2318 2450 Spiritus
2348 2380 2447 2435 Dei
2475 2380 2681 2436 habitet
2709 2380 2770 2436 in
2798 2381 2996 2437 vobis?
3039 2382 3103 2438 Si
3147 2386 3270 2453 quis
3318 2383 3579 2455 templum
3622 2385 3720 2440 Dei

2068 2471 2359 2540 profanat,
2419 2469 2563 2525 hunc
2610 2470 2805 2541 perdet
2868 2472 3027 2528 Deus.
3090 2472 3226 2527 Nam
3296 2475 3561 2544 templum
3626 2476 3724 2530 Dci

2074 2568 2321 2617 sanctum
2350 2568 2446 2633 est,
2479 2562 2629 2634 quod
2658 2566 2786 2619 estis
2812 2580 2924 2619 vos.
2956 2565 3119 2620 Nemo
3148 2566 3384 2635 seipsum
3409 2565 3599 2635 fallat.
3654 2566 3718 2622 Si

2077 2652 2198 2723 quis
2222 2652 2441 2708 videtur
2494 2654 2639 2708 inter
2678 2669 2771 2710 vos
2828 2655 3045 2725 sapiens
3091 2670 3199 2711 esse
3246 2657 3305 2710 in
3358 2654 3456 2710 hoc
3496 2654 3716 2724 saeculo,

2074 2742 2273 2798 stultus
2309 2746 2408 2814 ﬁat
2458 2748 2518 2797 ut
2558 2745 2631 2798 sit
2685 2745 2921 2814 sapiens.
2981 2743 3273 2816 Sapientia
3326 2746 3471 2801 enim
3525 2742 3720 2800 mundi

2078 2832 2243 2904 hujus
2278 2832 2521 2889 stultitia
2551 2840 2630 2890 est
2659 2849 2842 2890 coram
2868 2833 2997 2892 Deo.

2148 3014 2304 3068 444
2338 3013 2549 3069 Volens
2593 3018 3028 3085 consequenter
3079 3014 3359 3071 adversus
3406 3014 3574 3070 illum
3618 3013 3718 3069 de-

2080 3099 2319 3157 ﬂectere
2360 3118 2716 3169 sermonem,
2749 3103 2850 3174 qui
2882 3120 3014 3159 cum
3046 3120 3299 3160 noverca
3329 3103 3720 3160 scortabatur.

2079 3189 2213 3245 vide
2237 3206 2413 3261 quam
2437 3196 2572 3263 apto
2593 3192 2669 3247 sit
2687 3209 2830 3247 usus
2861 3192 3307 3264 prommio.cum
3325 3192 3725 3248 sollicitudine

2089 3294 2266 3349 quam
2289 3277 2361 3333 de
2382 3278 2527 3350 ipsis
2548 3278 2727 3334 habet
2746 3296 2847 3335 eos
2868 3279 3198 3352 alloquens.
3217 3303 3242 3331 ιι
3261 3281 3329 3335 Et
3351 3280 3592 3352 spiritus
3625 3276 3727 3333 Dei

317 3372 427 3427 ἀπὸ
495 3378 598 3443 τῆς
664 3369 895 3447 δωρεᾶς,
960 3370 1229 3437 τουτέστι,
1293 3378 1395 3441 τῆς
1487 3370 1816 3442 ἐνοικήσεως
1873 3375 1970 3426 τοῦ

2082 3367 2311 3423 habitat
2339 3368 2400 3422 in
2429 3367 2612 3424 vobis.
2639 3391 2667 3420 ››
2692 3370 3005 3443 Peccatum
3027 3374 3286 3437 augetex
3310 3369 3487 3438 dono,
3513 3383 3728 3439 nempe

316 3460 653 3533 Ιῐνεόματος.
709 3492 772 3505 —
835 3461 1380 3534 [OIKOI‘MENIOI‘J
1441 3460 1503 3517 Ei
1561 3457 1619 3515 δὲ
1674 3460 1802 3523 ναὸς
1842 3464 1976 3516 Θεοῦ

318 3571 509 3627 ξομεν,
542 3546 732 3618 ἐπειδὴ
764 3549 827 3604 τὸ
859 3546 1078 3622 Ηδεῦμα
1105 3553 1200 3605 τοῦ
1233 3554 1366 3604 Θεοῦ
1398 3548 1540 3605 οἰκεῖ
1576 3547 1628 3606 ἐν
1658 3550 1817 3623 ἡμῖν,
1875 3548 1979 3625 ἂρα

319 3642 454 3701 Θεὸς
483 3639 546 3696 τὸ
609 3643 851 3713 Πνεῦμα.
913 3642 1114 3715 Φθερεῖ
1163 3644 1355 3695 τοῦτον
1387 3640 1415 3694 6
1448 3639 1599 3701 Θεός.
1653 3639 1784 3698 Οῖον
1842 3639 1977 3695 ἀπο-

321 3727 436 3785 λεῖ.
475 3729 653 3786 Τοῦτο
712 3726 790 3798 δὲ,
846 3727 913 3784 οὐ
960 3727 1374 3803 καταρωμένου,
1421 3725 1570 3784 ἀλλὰ
1607 3728 1670 3784 τὸ
1725 3727 1980 3804 ἐσόμενον

319 3816 719 3897 προλέγοντος.
758 3841 787 3871 ιι
816 3820 874 3877 Ὀ
918 3818 1022 3893 γὰρ
1070 3818 1196 3880 ναὸς
1239 3822 1337 3874 τοῦ
1386 3822 1521 3874 Θεοῦ
1570 3816 1727 3896 ἅγιός
1787 3817 1918 3874 ἐστι.
1950 3844 1973 3874 ι

322 3910 632 3986 Τοιγαροῦν
704 3906 892 3978 ἐπειδὴ
953 3908 1109 3982 ἅγιός
1168 3904 1309 3962 ἐστιν
1366 3906 1574 3975 όναὸς,
1628 3909 1780 3982 ἅγιον
1836 3904 1982 3982 ἔχων

324 3999 420 4054 τὸν
488 3996 818 4068 ἐνοικοῦντα,
881 3996 942 4052 οὔ
1003 3993 1223 4052 δύναται
1307 3997 1450 4051 εἶναι
1507 3996 1536 4051 6
1592 3996 1795 4068 πόρνος
1859 3996 1987 4061 ναὸς

327 4092 489 4145 Θεοῦ.
524 4086 624 4150 Τίς
657 4084 714 4142 δὲ
746 4087 775 4142 6
811 4090 908 4142 τοῦ
939 4090 1073 4143 Θεοῦ
1099 4083 1225 4147 ναός
1253 4103 1267 4155 ;
1299 4085 1481 4160 Ὑμεῖς
1516 4081 1755 4156 δηλαδὴ,
1789 4084 1839 4141 εί
1885 4106 1983 4141 κα-

331 4177 494 4253 θιεροῖ
538 4177 778 4250 μείνητε.
845 4199 870 4230 ιι
918 4172 1123 4246 Μηδεὶς
1183 4174 1369 4230 ἑαυτὸν
1425 4174 1759 4245 ἐξαπατάτω.
1792 4200 1822 4229 ››
1875 4176 1983 4233 Νο-

334 4267 514 4341 μίζων
546 4264 686 4321 ἄλλο
715 4287 770 4321 τι
800 4267 934 4321 εἶναι
986 4264 1134 4340 παρά
1178 4264 1246 4318 τὰ
1293 4262 1576 4340 εἰρημένα.
1617 4264 1804 4342 φησίν.
1866 4285 1888 4315 ι
1920 4262 1993 4321 Εί¹

326 4377 415 4418 τις
446 4352 599 4410 δοκεῖ
619 4354 788 4432 σοφὸς
820 4355 979 4410 εἶναι.
1018 4376 1044 4405 ›>
1106 4351 1322 4430 Σοφοὺς
1381 4349 1602 4407 ἐνταῦθα
1655 4348 1817 4409 καλεῖ
1860 4351 1988 4416 τοὺς

323 4446 426 4514 τήν
459 4442 800 4517 ἀνθρωπίνην
832 4440 1021 4518 σοφίαν
1056 4437 1308 4519 ἔχοντας.
1363 4464 1391 4493 ιι
1427 4439 1627 4515 Μωρὸς
1673 4440 1926 4517 γενέσθω.
1959 4466 1988 4496 ››

324 4532 530 4610 Μωρὸς
562 4533 769 4608 γίνεται
816 4530 870 4587 ἐν
930 4534 1012 4603 τῷ
1068 4530 1223 4585 αίῑινι
1274 4527 1477 4602 τούτῳ,
1512 4529 1663 4597 ὁτήν
1714 4529 1991 4605 ἀνθρωπί-

324 4647 422 4694 νην
484 4620 750 4695 ἀτιμάσας
810 4620 1022 4699 σοιρίαν,
1082 4618 1177 4675 καὶ
1259 4615 1419 4680 εἰδὼς
1479 4616 1647 4691 μηδὲν
1713 4618 1763 4689 ἐξ
1826 4618 1994 4703 αὐτῆς

2081 3456 2510 3512 inhabitatione
2541 3457 2814 3530 Spiritus.
2847 3490 2916 3499 —
2945 3459 3008 3514 St
3038 3475 3170 3515 vero
3192 3459 3479 3531 templum
3504 3458 3603 3514 Dei
3628 3473 3729 3512 su-

2083 3562 2216 3602 mus
2257 3564 2328 3602 ex
2358 3563 2425 3603 eo
2458 3547 2616 3619 quod
2648 3548 2898 3620 Spiritus
2930 3549 2991 3604 in
3024 3549 3195 3605 nobis
3228 3549 3475 3618 habitat,
3524 3548 3731 3619 utique

2084 3636 2336 3708 Spiritus
2368 3642 2456 3693 est
2494 3638 2671 3696 Deus.
2723 3662 2749 3689 «
2786 3640 2985 3713 Φθερεῖ
3029 3640 3172 3695 hunc
3228 3641 3381 3708 Deus,
3410 3660 3431 3691 1
3480 3639 3596 3693 hoc
3645 3639 3735 3692 est

2083 3722 2302 3792 ἀπολεῖ,
2336 3727 2396 3781 id
2428 3733 2536 3792 est,
2572 3728 2768 3799 perdet
2793 3729 2981 3800 (prius
3034 3736 3233 3785 autem
3283 3727 3511 3806 φθείρει,
3535 3729 3738 3798 profa-

2083 3822 2205 3883 nat,
2231 3815 2559 3883 vertimus),
2589 3818 2707 3872 Hoc
2739 3824 2937 3873 autem
2968 3835 3087 3874 non
3114 3817 3475 3873 exsecrantis
3497 3820 3605 3879 est,
3632 3813 3737 3870 sed

2087 3906 2245 3978 quod
2274 3905 2539 3962 futurum
2572 3912 2662 3962 est
2680 3908 3077 3979 praedicentis.
3104 3932 3129 3960 ‹‹
3158 3909 3299 3964 Nam
3318 3905 3610 3978 templum
3634 3905 3736 3962 Dei

2090 4000 2360 4051 sanctum
2392 4000 2498 4051 est.
2527 4014 2552 4047 ιι
2588 3996 2878 4061 Quoniam
2909 3997 3090 4071 igitur
3132 4002 3406 4054 sanctum
3452 4000 3542 4051 est
3586 4001 3737 4051 tem-

2089 4087 2253 4160 plum
2285 4085 2443 4158 quod
2475 4093 2744 4143 sanctum
2776 4087 2955 4144 habet
2986 4088 3467 4151 inhabitatorem,
3490 4102 3610 4141 non
3632 4102 3736 4158 po-

2092 4182 2206 4233 test
2237 4181 2530 4232 scortator
2558 4176 2846 4250 templum
2879 4194 3008 4234 esse
3050 4178 3175 4234 Dei.
3227 4177 3368 4243 Quis
3411 4181 3609 4231 autem
3650 4179 3740 4230 est

2093 4265 2381 4338 templum
2426 4266 2580 4322 Dei?
2637 4284 2760 4333 vos,
2812 4267 3025 4340 inquit,
3083 4267 3131 4322 si
3186 4266 3319 4339 puri
3378 4264 3739 4321 manseritis.

2099 4378 2120 4405 ι
2158 4357 2339 4411 Nemo
2359 4355 2621 4428 seipsum
2651 4355 2839 4423 fallat,
2866 4379 2892 4406 »
2912 4356 3261 4412 existimans
3281 4354 3555 4409 videlicet
3580 4351 3744 4409 aliud

2097 4461 2226 4501 esse
2256 4451 2474 4517 praeter
2502 4463 2572 4502 ea
2601 4463 2731 4517 qum
2765 4446 2921 4502 dicta
2951 4451 3108 4501 sunt.
3173 4470 3191 4493 -
3230 4445 3286 4500 Si
3337 4445 3470 4516 quis
3511 4442 3746 4498 videtur

2099 4535 2334 4607 sapiens
2360 4552 2507 4592 esse.
2532 4558 2560 4586 »
2582 4536 2889 4608 Sapientes
2906 4536 3168 4608 appellat
3186 4536 3449 4591 humana
3464 4532 3744 4606 praeditos

2101 4626 2411 4697 sapientia.
2438 4650 2466 4675 ιι
2494 4625 2718 4681 Stultus
2740 4626 2861 4681 ﬁat.
2887 4649 2912 4676 η
2939 4626 3166 4681 Stultus
3198 4626 3274 4681 sit
3303 4624 3365 4680 in
3385 4625 3497 4679 hoc
3521 4621 3739 4679 saeculo

328 4710 673 4788 ὠφελῆσθαι.
732 4716 903 4767 Τοῦτο
962 4710 1064 4785 γὰρ
1121 4711 1221 4779 τήν
1280 4707 1482 4773 ἃνωθεν
1540 4708 1689 4781 αὐτῷ
1747 4710 1970 4781 πρόξενε

445 4803 455 4814 .
608 4804 669 4814 ..-
938 4800 950 4814 .
1066 4801 1079 4814 .
1260 4798 1273 4814 ς
1358 4804 1386 4814 ..
1427 4798 1440 4814 .
1643 4797 1654 4814 .
1789 4798 1808 4814 ς
1862 4804 1887 4814 -
1942 4801 1954 4814 .

2101 4717 2201 4787 qui
2236 4717 2560 4772 humanum
2590 4721 2943 4788 aspernatur
2970 4715 3324 4787 sapientiam
3364 4715 3643 4786 novitque
3677 4730 3747 4769 ex

328 4803 546 4882 copiam.
608 4804 814 4877 Ὥσπερ
892 4800 993 4875 γὰρ
1054 4801 1091 4870 ἡ
1149 4798 1287 4854 κατὰ
1353 4798 1479 4854 Θεὸν
1534 4797 1689 4854 πενία
1744 4798 1989 4864 πλοῦτός

330 4892 468 4961 ἐστι,
499 4893 591 4948 καὶ
621 4892 656 4963 ἠ
689 4888 879 4960 ἀδοξία
938 4885 1087 4959 δόξα,
1149 4888 1323 4951 οὕτως
1362 4889 1398 4958 ἡ
1430 4887 1564 4943 κατὰ
1621 4887 1751 4944 Θεὸν
1808 4888 1990 4963 μωρία

333 4982 499 5059 σοφία
552 4979 714 5037 ἐστίν.
775 4981 913 5055 Ὅρα
974 4975 1053 5045 δὲ,
1123 4977 1222 5033 οὐκ
1281 4977 1447 5045 εἶπεν,
1519 4978 1831 5042 Ἀποθέσθω
1885 4981 1985 5049 τήν

330 5070 547 5149 σοφίαν,
581 5068 729 5126 ἀλλὰ
761 5066 950 5141 δηλῶν
982 5068 1057 5128 ὡς
1109 5064 1375 5142 μεγίστως
1430 5066 1604 5136 αὐτῆς
1645 5076 1988 5146 καταφρονῆ-

330 5182 421 5217 σαι
483 5161 651 5237 χρεία
708 5159 851 5228 εἶπε,
912 5182 941 5210 ιι
979 5157 1177 5233 Μωρὸς
1229 5151 1459 5231 γενέσθω
1513 5155 1603 5211 καὶ
1665 5154 1914 5227 ἰδιώτης,
1959 5182 1988 5211 ››

328 5247 607 5306 παιδεύων
639 5249 738 5318 την
762 5247 888 5324 παρ’
936 5248 1074 5320 ἡμῖν
1137 5246 1213 5320 μή
1275 5245 1626 5323 αἰσχύνεσθαι
1695 5243 1986 5305 ἰδιωτείαν.

330 5342 595 5417 Προξενεῖ
620 5339 721 5413 γὰρ
752 5340 888 5410 ἡμῖν
919 5336 1123 5407 πίστιν,
1166 5334 1228 5389 οὐ
1286 5331 1584 5409 λογισμοῖς
1630 5334 1987 5409 ἀνθρωπίνοις

335 5431 729 5508 ἐπιτρέπουσαν
781 5428 845 5484 τὸ
907 5428 1205 5503 μυστήριον
1256 5428 1352 5480 τοῦ
1407 5424 1545 5480 κατὰ
1601 5428 1831 5500 Χριστὸν
1882 5450 1986 5500 κη·

336 5521 637 5597 μίγματος,
671 5518 784 5575 οἷον
819 5517 982 5581 πόθεν
1019 5515 1279 5594 λέγουσαν
1320 5511 1515 5583 δῆλον,
1547 5513 1632 5577 ὅτι
1674 5517 1702 5571 ὁ
1751 5518 1986 5588 Χριστὸς

334 5610 455 5675 Υἱός
508 5609 623 5666 ἐστι
679 5612 834 5680 Θεοῦ,
893 5607 929 5677 ἢ
987 5605 1068 5662 ὅτι
1151 5603 1567 5679 ένηνθρώπησεν
1646 5602 1985 5683 ἐρευνοῦσαν,

332 5693 391 5754 Ἦ
429 5698 540 5777 γὰρ
595 5695 760 5776 σοφία
814 5698 913 5751 τοῦ
950 5693 1160 5771 κόσμου
1215 5691 1411 5750 τούτου
1467 5690 1649 5771 μωρία
1704 5696 1851 5771 παρὰ
1906 5701 1986 5772 τῷ

2098 4822 2168 4861 ea
2196 4806 2347 4861 nihil
2378 4823 2526 4861 verae
2552 4806 2826 4861 utilitatis
2857 4806 3157 4862 accedere.
3192 4807 3311 4862 Hoc
3341 4805 3500 4861 enim
3534 4820 3746 4876 super-

2095 4913 2235 4952 nam
2257 4896 2368 4968 ipsi
2383 4896 3562 4969 conciliatsapientiam.Quemadmodum
3587 4892 3746 4948 enim

2094 4991 2413 5059 paupertas
2444 4985 2774 5041 secundum
2806 4986 2992 5041 Deum
3023 4985 3240 5042 divitia:
3273 4990 3430 5051 sunt,
3466 4989 3524 5037 et
3574 4982 3745 5053 igno-

2095 5075 2282 5132 minia
2307 5075 2533 5147 gloria:
2565 5075 2648 5131 ita
2677 5076 2932 5132 stultitia
2952 5077 3281 5133 secundum
3310 5077 3490 5130 Deum
3505 5070 3750 5141 sapien-

2096 5164 2179 5219 tia
2210 5169 2316 5218 est.
2343 5163 2487 5219 Vide
2518 5171 2717 5219 autem
2777 5164 2935 5236 quod
2990 5182 3111 5220 non
3160 5163 3423 5219 dixerit:
3482 5154 3750 5227 Abjiciat

2097 5252 2470 5324 sapientiam,
2505 5253 2608 5307 sed
2632 5253 2975 5326 significans
3001 5258 3274 5324 Oportere
3302 5249 3468 5303 illam
3490 5243 3749 5300 maxime

2097 5340 2421 5412 despicere,
2443 5340 2627 5395 dixit:
2658 5365 2685 5389 ‹‹
2710 5341 2934 5396 Stultus
2958 5341 3057 5395 ﬁat
3083 5346 3141 5395 et
3163 5339 3367 5402 idiota,
3387 5359 3408 5384 1
3438 5336 3751 5389 instruens

2096 5447 2171 5486 ne
2202 5446 2311 5485 nos
2351 5429 2569 5502 pudeat
2596 5430 2751 5503 apud
2784 5447 2892 5485 nos
2922 5431 3081 5501 ipsos
3112 5426 3484 5493 ignorantiae.
3514 5424 3660 5479 Nam
3685 5422 3755 5478 ﬁ-

2097 5520 2232 5575 dem
2262 5518 2436 5573 nobis
2466 5521 2765 5591 conciliat,
2796 5536 2926 5591 qua:
2977 5517 3326 5590 mysterium
3371 5511 3751 5589 praadicatio-

2095 5611 2189 5666 nis
2221 5609 2291 5665 de
2322 5609 2550 5666 Christo
2577 5610 2856 5667 humanis
2885 5626 3009 5667 non
3056 5607 3351 5682 permittit
3392 5600 3750 5662 rationibus.
3824 5673 3829 5691 ι

2096 5700 2270 5759 Verbi
2301 5717 2500 5773 causa,
2533 5701 2692 5761 unde
2723 5700 3249 5760 sibi'manifestum
3273 5710 3403 5755 esse
3422 5693 3567 5753 dicit
3591 5688 3751 5764 quod
