4106 6252
354 365 473 427 679

1435 359 1868 422 (ECUMENll
1911 358 2225 423 TRICOJE
2269 358 2625 426 EPISCOPI

3648 367 3763 429 680

358 501 627 557 Christus
650 499 725 554 sit
745 498 926 554 Filius
948 496 1349 565 Dei,autunde
1381 493 1993 566 scrutaturquodcaro

2129 497 2221 567 9εῷ
2251 493 2416 552 ἐστιν.
2454 520 2483 548 »
2513 496 2591 555 Οὔ
2624 496 2790 569 μόνον
2821 499 2923 576 γὰρ
2971 497 3127 555 οὐδὲν
3185 497 3439 556 συντελεῖ
3481 501 3620 573 πρὸς
3670 501 3766 568 τὴν

354 608 491 646 nem
518 589 831 661 acceperit.
860 610 885 638 ‹‹
913 588 1212 660 Sapientia
1235 588 1394 643 enim
1420 586 1623 641 mundi
1648 585 1826 657 hujus
1854 585 1996 640 stul-

353 683 478 738 titia
509 689 598 738 est
629 698 828 737 coram
888 681 1027 738 Deo.
1064 703 1091 730 ››
1153 680 1454 751 Siquidem
1508 695 1629 734 non
1678 678 1871 734 solum
1920 676 1994 733 ad

345 788 541 826 veram
565 770 720 825 nihil
744 769 971 825 confert
994 770 1370 842 sapientiam,
1387 783 1587 825 verum
1605 767 1784 822 etiam
1805 765 1994 837 impe—

2104 580 2373 655 ἀληθινήν
2405 587 2493 641 καὶ
2528 582 2701 650 ὅντως
2751 590 2963 667 σοφίαν,
3018 587 3164 645 ἀλλὰ
3199 592 3289 647 καὶ
3328 587 3649 665 ἐμποδίζει,
3684 595 3760 663 τῷ

2105 674 2310 737 οῗεσθαι
2359 674 2577 743 εἰδέναι,
2633 679 2722 734 καὶ
2791 679 3055 750 ἀπαξιοῦν
3125 683 3330 754 μαθεῖν.
3405 683 3600 739 Τοῦτο
3668 680 3765 757 γὰρ

2104 769 2253 820 ποιεῖ
2280 767 2315 835 ἡ
2348 766 2610 845 φυσίωσις
2641 766 2838 839 αὐτῆς.

348 860 613 916 dimento
645 864 736 915 est
764 858 920 931 quod
951 875 1014 914 se
1045 860 1195 915 scire
1244 863 1474 930 putent,
1536 861 1937 927 respuautque
1995 853 2324 926 addiscere,
2374 874 2513 914 nam
2564 858 2677 915 hoc
2723 860 2866 916 iacit
2906 860 3214 933 sapientia
3257 862 3549 919 humanas
3602 860 3775 917 inﬂa-

352 948 457 1003 tio.

425 1037 522 1101 llI,
560 1038 742 1090 19-21.
780 1036 1059 1106 Scriptum
1091 1042 1167 1091 est
1198 1037 1375 1091 enim:
1435 1034 1540 1098 Qui
1590 1030 2004 1102 comprehendit

356 1127 631 1197 sapientes
643 1144 748 1198 per
778 1128 1042 1182 astutiam
1089 1128 1354 1197 ipsorum.
1385 1127 1459 1181 Et
1503 1138 1723 1178 rursum
1757 1139 1769 1177 :
1821 1121 2005 1177 Domi-

353 1231 455 1271 nus
483 1219 634 1272 novit
666 1219 1027 1287 cogitationes
1081 1215 1417 1286 sapientium
1474 1211 1619 1283 quod
1663 1225 1819 1266 vanae
1872 1210 2002 1281 sint.

350 1307 512 1362 Nemo
544 1308 734 1376 itaque
763 1307 1043 1362 hominum
1073 1305 1366 1376 glorietur.

434 1403 546 1457 Per
574 1398 815 1472 propria
861 1396 1126 1469 ipsorum
1186 1409 1373 1456 arma,
1423 1406 1639 1463 nempe
1698 1387 2005 1454 astutiam,

357 1488 813 1564 comprehendit
842 1504 942 1542 eos
962 1488 1136 1542 Deus.
1153 1485 1419 1550 Quonam
1445 1480 1619 1537 modo
1636 1479 1663 1534 ‘i
1684 1480 1831 1535 445
1859 1476 2008 1542 Quia

360 1583 520 1639 enim
544 1599 649 1654 per
701 1578 1085 1636 calliditatem
1136 1591 1323 1638 suam,
1385 1572 1509 1627 sive
1564 1568 1884 1625 versutiam
1937 1582 2006 1622 ac

359 1674 638 1730 astutiam
670 1670 828 1726 circa
856 1685 950 1724 res
977 1668 1288 1732 humanas,
1321 1662 1664 1719 existimant
1696 1675 1757 1714 se
1808 1656 2012 1714 omnia

362 1763 536 1830 scire,
569 1777 680 1817 nec
710 1760 823 1816 sibi
879 1773 1029 1829 opus
1092 1771 1220 1810 esse
1274 1750 1637 1817 doctoribus,
1696 1764 1803 1821 per
1857 1747 2011 1802 hanc

358 1858 550 1925 ipsam
582 1869 683 1907 eos
730 1847 978 1920 accepit,
1025 1845 1204 1901 rebus
1264 1841 1588 1899 ostendens
1645 1837 1802 1910 quod
1860 1835 2012 1892 nihil

359 1943 551 1999 sciant
577 1957 781 1998 eorum
814 1956 945 2010 quas
977 1934 1318 1992 necessaria
1351 1939 1509 1989 sunt.

396 2030 699 2095 Quomodo
722 2033 919 2085 autem
941 2022 1395 2095 comprehendit
1411 2020 1711 2092 sapientes
1730 2022 2006 2090 perastu-

361 2121 504 2177 tiam
521 2115 1277 2191 ipsorum?Arbitrabautur
1288 2130 1395 2185 per
1407 2112 1731 2167 humanam
1746 2126 1876 2181 qure
1890 2108 2010 2163 illis

363 2214 555 2267 inerat
584 2208 959 2282 sapientiam,
992 2222 1121 2261 sese
1152 2203 1688 2275 comprehensuros
1730 2200 2010 2254 virtutem

364 2300 633 2373 mysterii
657 2299 902 2353 Christi:
932 2295 1043 2368 ipsi
1065 2311 1200 2350 vero
1223 2310 1344 2349 non
1377 2292 1571 2348 solum
1602 2308 1724 2346 non
1751 2294 1891 2345 sunt
1918 2305 2010 2343 as-

368 2387 555 2443 secuti
575 2404 707 2458 qua)
731 2384 842 2440 sibi
864 2383 1143 2439 humanis
1163 2379 1496 2436 rationibus
1518 2393 1800 2434 concessa
1812 2374 2010 2432 existi-

364 2476 643 2532 mabant:
675 2491 877 2531 verum
911 2474 1087 2529 etiam
1118 2472 1336 2527 astutia
1366 2469 1511 2542 ipsis
1541 2468 1605 2523 in
1645 2466 2012 2523 contrarium

360 2567 539 2621 cessit
568 2581 775 2621 eorum
807 2563 880 2619 ad
911 2580 1044 2635 qum
1078 2559 1423 2622 tendebant,
1446 2558 1507 2613 in
1529 2557 1819 2627 majorem
1847 2555 2011 2625 igno-

360 2656 615 2712 rantiam
629 2662 806 2726 atque
825 2652 1272 2725 perplexitatem
1295 2648 1653 2719 conjiciente
1674 2646 1837 2717 ipsos
1858 2642 2013 2715 cogi-

366 2748 656 2803 tationum
705 2762 774 2799 ac
823 2743 1120 2799 rationum
1180 2738 1609 2795 imbecillitate.
1676 2759 1696 2784 ι
1729 2734 2014 2790 Dominus

368 2836 536 2890 novit
566 2834 973 2905 cogitationes.
1013 2854 1039 2880 »
1072 2830 1129 2883 Si
1160 2846 1299 2901 ergo
1335 2822 1620 2882 Do'minus
1651 2824 1833 2891 novit,
1882 2822 2016 2892 quis

358 2925 491 2995 jam
522 2922 934 2978 contradicet?
962 2918 1128 2985 Quod
1169 2917 1217 2972 si
1268 2915 1652 2988 cogitationes
1705 2911 2017 2967 hominum

373 3031 538 3069 vanae
569 3019 730 3077 sunt,
764 3017 819 3065 et
852 3011 899 3064 si
933 3010 1232 3081 sapientes
1263 3024 1369 3079 per
1400 3021 1566 3061 suam
1590 3003 1869 3060 astutiam
1892 3015 2016 3057 ma-

370 3105 458 3175 gis
483 3103 817 3175 capiuntur,
843 3098 1146 3172 quodnam
1176 3096 1409 3152 lucrum
1438 3094 1625 3166 magis
1656 3110 1726 3149 ex
1756 3092 1885 3163 ipsa
1914 3090 2021 3145 ha-

372 3193 551 3249 beant
571 3191 952 3247 manifestum
977 3195 1096 3244 est:
1116 3186 1255 3259 quia
1276 3201 1470 3256 neque
1492 3184 1754 3239 humana
1784 3181 2021 3252 sapien-

2177 1029 2481 1106 Γέγραπται
2546 1034 2671 1109 γάρ,
2739 1035 2801 1091 Ὀ
2876 1031 3243 1111 δρασσόμενος
3336 1034 3476 1098 τοὺς
3574 1033 3779 1115 σοφούς

2108 1117 2159 1172 ἐν
2223 1123 2293 1194 τῇ
2359 1122 2667 1197 πανουργίᾳ
2730 1121 2929 1181 αὐτῶν.
2996 1123 3103 1180 Καὶ
3168 1122 3336 1180 πάλιν
3404 1123 3626 1201 Κύριος
3691 1145 3774 1201 γι·

2109 1209 2307 1266 νώσκει
2371 1210 2499 1273 τοὺς
2574 1209 2974 1290 διαλογισμοὺς
3038 1219 3147 1271 τῶν
3212 1220 3419 1292 σοφῶν,
3518 1215 3611 1270 ὅτι
3677 1213 3780 1269 εἰσῖ

2114 1301 2356 1371 μάταιοι.
2389 1302 2549 1358 Ὥστε
2580 1299 2780 1375 μηδεὶς
2802 1306 3099 1379 καυχάσθω
3131 1303 3183 1360 ἐν
3214 1303 3566 1380 ἀνθρώποις.

2183 1389 2280 1444 Διά
2307 1394 2417 1445 τῶν
2451 1389 2665 1446 οἶκείων
2700 1391 2879 1448 αὐτῶν
2933 1391 3148 1467 ὅπλων,
3196 1393 3447 1451 τουτέστι
3497 1400 3607 1465 τῆς
3649 1414 3783 1450 παν-

2113 1480 2361 1557 ουργίας,
2412 1478 2623 1537 ἀλίσκει
2674 1482 2929 1546 αὐτοὺςὸ
2960 1484 3110 1549 Θεός.
3171 1489 3347 1554 Ιιῶςς
3406 1481 3613 1555 ἐπειδὴ
3676 1486 3779 1560 γὰρ

2114 1565 2204 1624 διὰ
2233 1576 2333 1639 τῆς
2365 1573 2697 1647 πανουργίας
2747 1572 2947 1643 αὐτῶν,
2982 1573 3013 1628 ὅ
3041 1573 3154 1630 ἐστι
3200 1582 3300 1646 τῆς
3356 1576 3489 1651 περὶ
3537 1576 3611 1631 τὰ
3643 1575 3781 1648 πρά-

2114 1678 2299 1734 γματα
2348 1657 2684 1732 δεινότητος,
2766 1659 2978 1719 οἷόνται
3036 1664 3211 1719 πάντα
3267 1661 3463 1720 εἰδέναι
3542 1663 3641 1719 καὶ
3702 1662 3775 1735 μὴ

2114 1744 2318 1804 δεῖσθαι
2340 1746 2704 1822 διδασκάλων,
2758 1750 2827 1810 δι’
2876 1753 3047 1825 αὐτῆς
3102 1755 3305 1826 ταύτης
3361 1756 3577 1820 αὐτοὺς
3637 1752 3780 1824 εἷλε,

2115 1834 2204 1893 διὰ
2261 1843 2370 1895 τῶν
2431 1842 2776 1919 πραγμάτων
2835 1840 3034 1917 δείξας,
3092 1844 3177 1900 δτι
3236 1842 3384 1900 οὐδὶν
3444 1842 3610 1901 ἴσασι
3675 1848 3781 1901 τῶν

2038 1898 2085 1964 Β
2117 1928 2444 2005 ἀναγκαίων.

2188 2020 2404 2095 [ΦΩΤ.]
2436 2025 2558 2084 Πῶς
2593 2020 2650 2078 δὶ
2693 2020 2907 2097 ἐδέξατο
2951 2022 3082 2088 τοὺς
3139 2025 3337 2103 σοφοὺς
3389 2022 3445 2080 ἐν
3508 2029 3585 2100 τῇ
3646 2044 3783 2080 παν-

2120 2107 2316 2187 ουργίᾳ
2344 2110 2561 2181 αὖτῶνς
2596 2113 2883 2188 Ἐνόμισαν
2941 2112 3031 2169 διὰ
3079 2121 3177 2184 τῆς
3217 2114 3539 2189 προσούσης
3589 2114 3785 2176 αὐτοῖς

2119 2199 2372 2274 γνώσεως
2410 2201 2777 2277 ἀνθρωπίνης,
2835 2207 2932 2259 τοῦ
2983 2203 3120 2259 κατᾶ
3174 2205 3404 2278 Χριστὸν
3466 2202 3785 2278 μυστηρίου

2120 2290 2219 2357 τὴν
2253 2287 2476 2364 δύναμιν
2508 2289 2942 2367 καταλήψεσθαυ
2976 2294 3029 2349 οἳ
3059 2291 3117 2348 δὲ
3163 2292 3224 2348 οὗ
3283 2293 3447 2367 μόνον
3500 2295 3607 2350 οὒκ
3655 2289 3783 2349 ἕτοι-

2125 2398 2229 2457 χον
2261 2379 2439 2454 ὦνπερ
2495 2378 2734 2450 ἤλπισαν
2801 2380 3164 2459 ἀνθρωπίνοις
3218 2380 3515 2457 λογισμοῖς
3567 2380 3790 2443 ἑαυτοὺς

2125 2468 2524 2543 ἐπιτρέψαντες,
2578 2468 2725 2526 ἀλλὰ
2781 2472 2869 2527 καὶ
2934 2472 3010 2534 εἰς
3064 2472 3382 2528 τούναντίον
3422 2469 3461 2543 ἤ
3504 2467 3784 2542 ἔσπευδον,

2121 2558 2191 2613 τὰ
2244 2564 2345 2627 τῆς
2398 2559 2734 2636 πανουργίας
2791 2559 2978 2623 αὐτοῖς
3060 2561 3369 2641 ἐχώρησεν,
3443 2562 3637 2638 ἀγνοίᾳ
3688 2558 3777 2616 καί

2122 2647 2327 2723 ἀπορίᾳ
2362 2646 2601 2719 πλείονι,
2629 2653 2729 2715 τῆς
2760 2655 2869 2707 τῶν
2902 2649 3185 2726 λογισμῶν
3227 2651 3503 2714 ἀσθενείας
3555 2649 3773 2722 ἑαυτοὺς

2123 2730 2554 2811 περιλαϐούσης.
2617 2760 2645 2793 ι
2702 2738 2898 2811 Κύριος
2974 2742 3228 2817 γινώσκει
3321 2741 3450 2805 τοὺς
3534 2738 3774 2816 διαλογι-

2126 2824 2317 2899 σμούς.
2383 2851 2404 2878 ι
2467 2827 2535 2883 Εἴ
2590 2828 2681 2883 οὗν
2741 2830 2770 2883 ὁ
2830 2828 3036 2906 Κύριος
3101 2831 3379 2907 γινώσκει,
3439 2831 3522 2892 τίς
3582 2829 3762 2904 ἀντρεῖ

2127 2914 2365 2985 λοιπόν;
2400 2916 2583 2975 Είοῦν
2634 2917 2687 2973 οἱ
2747 2915 3100 2996 διαλογισμοὶ
3155 2925 3266 2977 τῶν
3321 2920 3600 2995 ἀνθρώπων
3655 2918 3747 2992 μά-

2124 3005 2270 3061 ταιοί
2325 3006 2452 3077 εἰσι,
2511 3009 2602 3063 καὶ
2662 3009 2715 3064 οἱ
2773 3009 2933 3087 σοφοὶ
2990 3008 3043 3065 ἐν
3242 3009 3533 3086 πανουργίᾳ
3581 3008 3747 3064 αὖτῶν

2132 3093 2348 3169 μᾶλλον
2379 3094 2721 3169 ἁλίσκονται,
2754 3096 2894 3174 ἤπερ
2919 3120 2974 3154 τι
3001 3097 3196 3175 κέρδος
3245 3099 3297 3171 ἐξ
3338 3099 3503 3168 αὐτῆς
3555 3091 3763 3174 ἔχουσι,

2131 3182 2300 3255 δῆλον
2332 3186 2417 3242 ὅτι
2444 3183 2568 3243 οὔτε
2598 3188 2761 3266 σοφία
2789 3188 3126 3260 ἀνθρωπίνη,
3159 3187 3284 3245 οὕτε
3341 3187 3621 3265 λογισμῶν
3666 3184 3777 3244 δει-

373 3284 476 3347 tia,
507 3298 701 3352 neque
725 3279 1148 3352 cogitationum
1172 3275 1465 3331 calliditas
1490 3278 1683 3345 potest
1696 3271 2014 3344 quidquam

2132 3276 2297 3346 νότης
2331 3276 2517 3353 ἰσχύτι
2568 3299 2620 3333 τι
2653 3277 2689 3348 ἢ
2721 3276 2964 3334 συντελεῖ
3018 3279 3156 3354 πρὸς
3216 3280 3315 3347 τὴν
3377 3285 3486 3334 τῶν
3543 3298 3779 3353 πνευμα-

373 3377 476 3427 aut
505 3370 745 3442 prodest
774 3367 848 3423 ad
878 3366 1232 3428 doctrinam,
1266 3369 1367 3419 aut
1397 3362 1796 3433 cognitionem
1819 3374 2019 3416 rerum

372 3458 794 3532 spiritualium.
828 3454 993 3521 Quod
1024 3454 1072 3509 si
1105 3454 1318 3507 horum
1350 3450 1502 3505 nihil
1533 3449 1606 3505 ad
1628 3450 1741 3504 ista
1772 3448 2020 3515 confert,

372 3546 669 3620 quomodo
692 3544 910 3618 poterit
932 3542 1227 3614 quispiam
1255 3540 1474 3595 docens
1495 3537 1733 3610 gloriari
1751 3537 1907 3609 (cum
1927 3535 2022 3590 de-

368 3644 703 3693 monstrata
732 3635 854 3689 sint
884 3650 953 3688 ea
984 3648 1114 3703 quae
1146 3631 1304 3685 inter
1327 3628 1602 3683 homines
1632 3625 1857 3697 aliquid
1893 3641 2021 3679 esse

370 3727 648 3783 videntur
678 3724 831 3780 nihil
862 3722 1058 3796 posse)
1087 3720 1255 3793 quasi
1278 3719 1619 3775 conferrent
1642 3717 1747 3771 illa
1769 3715 1841 3771 ad
1857 3714 2023 3770 utili-

371 3828 549 3877 tatem
564 3820 591 3875 ?
611 3817 982 3875 Manifestum
1006 3814 1163 3870 enim
1184 3819 1273 3868 est
1294 3811 1452 3883 quod
1470 3809 1645 3866 etiam
1662 3809 1708 3864 si
1726 3807 2022 3880 quispiam

368 3910 594 3981 aliquid
628 3908 857 3968 doceat,
889 3905 1092 3977 gratim
1124 3903 1225 3958 Dei
1262 3910 1352 3957 est
1381 3900 1641 3971 donique
1665 3897 1928 3970 superni,
1963 3901 2025 3952 et

370 4016 490 4056 non
525 3998 774 4070 propria:
808 4012 955 4067 opus
987 3994 1291 4065 sapientia)
1323 3997 1426 4047 aut
1447 3988 1740 4045 acuminis
1766 3985 2019 4060 ingenii;

370 4090 529 4145 dona
559 4105 694 4142 vero
726 4104 847 4143 non
877 4091 941 4141 ut
973 4084 1064 4138 his
1096 4082 1516 4138 extolleremur
1546 4077 1892 4149 accipimus,
1916 4073 2021 4130 sed

371 4179 445 4236 ad
477 4192 858 4234 communem
897 4172 1204 4229 hominum
1238 4170 1576 4225 utilitatem.
1605 4188 1631 4216 α
1661 4166 1827 4233 Quod
1856 4182 2018 4221 vanas

372 4269 506 4325 sint.
544 4288 569 4320 ιι
601 4270 812 4321 Annon
845 4265 928 4320 ita
957 4262 1088 4319 est?
1115 4261 1478 4317 arbitrantur
1508 4274 1569 4313 se
1599 4257 1764 4313 nullo
1826 4272 2020 4329 egere,

371 4358 476 4414 sed
508 4357 621 4412 sibi
679 4356 953 4411 sufﬁcere
1011 4351 1086 4409 ad
1142 4349 1404 4407 veritatis
1458 4346 2018 4420 apprehensionem.

367 4471 395 4499 «
434 4449 614 4503 Nemo
655 4446 862 4516 itaque
894 4442 1204 4499 hominum
1235 4438 1540 4512 glorietur.
1576 4458 1604 4485 »
1636 4437 1700 4491 In
1749 4435 2019 4490 doctores

370 4538 636 4609 ipsorum
669 4549 907 4590 rursum
938 4529 1255 4595 invehitur,
1288 4526 1389 4598 qui
1437 4525 1761 4597 plurimum
1810 4525 2021 4580 effere-

370 4604 593 4683 bantur
622 4624 782 4696 quod
813 4622 970 4678 dona
1001 4619 1274 4693 quaedam
1332 4615 1614 4671 doctrina)
1669 4620 1727 4671 et
1772 4612 2026 4669 aliorum
2057 4604 2102 4670 D

374 4720 767 4785 quorumdam
816 4711 1204 4782 accepissent.
1254 4708 1443 4772 Quare
1493 4709 1690 4758 autem
1749 4701 2021 4757 doctores

371 4820 494 4860 non
525 4802 745 4857 debent
773 4800 1035 4874 gloriari,
1069 4797 1170 4853 sed
1202 4796 1387 4851 dicis:
1431 4817 1454 4845 c
1481 4795 1661 4848 Nemo
1710 4790 2022 4847 hominum

369 4892 657 4968 glorietur
676 4892 703 4948 ?
728 4914 755 4942 ››
779 4890 946 4956 Quia,
972 4888 1188 4959 inquit,
1210 4899 1579 4958 quaecunque
1607 4882 1763 4938 dona
1776 4880 2018 4950 habent,

371 4984 479 5039 illa
510 4986 750 5055 propter
780 4996 879 5034 vos
926 4993 1139 5049 nempe
1189 4976 1423 5048 plebem
1472 4975 1850 5043 acceperunt,
1904 4987 2020 5042 quo

372 5072 535 5128 vobis
567 5070 933 5144 prodessent.
972 5064 1122 5132 Quid
1154 5080 1288 5136 ergo
1320 5063 1381 5117 in
1411 5061 1503 5116 his
1529 5061 1859 5133 gloriantur
1889 5077 2021 5131 quas

371 5178 490 5217 non
527 5160 650 5215 suis
697 5156 1025 5221 laboribus,
1075 5152 1177 5207 sed
1228 5157 1469 5222 propter
1508 5165 1606 5203 vos
1664 5154 2024 5219 acceperunt

371 5256 746 5322 vestramque
778 5243 1080 5303 salutem?
1112 5265 1138 5293 ‹‹
1174 5243 1353 5296 Nemo
1377 5238 1682 5311 glorietur.
1708 5261 1728 5285 ι
1764 5237 1863 5294 Vel
1889 5256 2016 5310 pro-

370 5347 501 5413 pter
532 5343 838 5398 doctores:
871 5352 1063 5409 neque
1090 5334 1246 5389 enim
1272 5331 1598 5403 quidquam
1622 5346 1655 5384 a
1677 5346 1738 5384 se
1760 5328 1982 5385 habent
2005 5347 2020 5396 ;

368 5432 457 5487 vel
510 5439 751 5503 pr0pter
808 5431 1098 5485 humanas
1156 5421 1559 5495 cogitationes.
1621 5420 1776 5474 446
1823 5420 2023 5490 Neque

370 5517 530 5574 enim
562 5536 665 5588 per
696 5519 830 5574 illas
860 5520 1055 5589 potest
1102 5512 1318 5568 veritas
1366 5506 1817 5579 comprehendi,
1868 5523 2024 5578 saepe

371 5612 573 5665 autem
622 5606 1031 5679 interpretatio
1081 5601 1268 5675 magis
1316 5604 1555 5671 aptatur
1604 5601 1663 5652 et
1716 5596 2025 5670 particula

368 5695 755 5769 dictionibus,
790 5701 850 5758 et
876 5695 971 5758 his
1002 5709 1136 5770 quae
1168 5694 1527 5768 sequuntur.

2133 3370 2298 3423 τικῶν
2333 3363 2689 3423 διδασκαλίαν
2718 3367 2807 3423 καὶ
2852 3368 3111 3441 μάθησιν.
3144 3368 3207 3426 Εἰ
3238 3366 3297 3425 δὲ
3350 3366 3523 3442 μηδὲν
3570 3370 3779 3426 τούτων

2132 3457 2268 3531 πρὸς
2300 3461 2468 3512 ταῦτα
2501 3462 2766 3527 συντελεῖ,
2824 3463 2943 3519 πῶς
2982 3456 3043 3513 ἃν
3097 3479 3181 3521 τις
3238 3456 3508 3514 διδάσκων
3568 3459 3784 3538 καυχή-

2134 3568 2309 3615 σαιτο,
2346 3545 2514 3616 μηδὲν
2544 3553 2650 3603 τῶν
2699 3548 2753 3602 ἐν
2809 3548 3117 3625 ἀνθρώποις
3185 3546 3488 3606 δοκούντων
3552 3550 3785 3625 ἰσχύειν.

2134 3634 2632 3710 ἀποδεδειγμένων,
2665 3637 2739 3701 ὡς
2774 3638 3092 3695 συντελοῦσι
3138 3640 3273 3715 πρὸς
3317 3635 3502 3709 ὄνησιν
3534 3658 3550 3709 ;
3604 3637 3789 3710 Δῆλον

2132 3727 2235 3803 γὰρ
2266 3726 2340 3788 ὡς
2371 3726 2521 3790 εἴτίς
2551 3749 2605 3782 τι
2654 3728 2741 3783 καὶ
2791 3724 3054 3800 διδάσκει,
3100 3729 3330 3806 χάριτός
3378 3728 3489 3784 ἐστι
3532 3729 3626 3784 καὶ
3678 3726 3791 3785 δω-

2137 3821 2260 3891 ρεᾶς
2291 3823 2391 3886 τῆς
2420 3815 2645 3885 ἄνωθεν,
2696 3815 2825 3873 ἀλλ’
2854 3818 2985 3894 οὐχὶ
3042 3822 3232 3897 σοφίας
3287 3817 3489 3880 οἰκείας
3530 3813 3720 3895 ἔργον,
3753 3814 3789 3888 ἦ

2134 3915 2234 3977 τῆς
2261 3908 2397 3963 κατὰ
2438 3904 2678 3963 διάνοιαν
2710 3907 2991 3979 ὀξύτητος.
3038 3910 3113 3963 Τὰ
3171 3907 3230 3965 δὲ
3286 3910 3626 3985 χαρίσματα,
3676 3910 3792 3988 οὐχ

2131 3997 2223 4051 ’ἱνα
2249 3997 2468 4058 τούτοις
2496 3995 2851 4072 ἐπαιρώμεθα
2882 3993 3264 4073 λαμϐάνομεν,
3305 3996 3431 4054 ἀλλ’
3480 3997 3571 4054 ἐπὶ
3621 4001 3787 4073 κοινῇ

2131 4090 2239 4140 τῶν
2270 4086 2569 4161 ἀνθρώπων
2598 4085 2857 4164 ὠφελείᾳ.
2893 4110 2919 4141 α
2946 4088 3070 4144 Ὅτι
3129 4086 3252 4157 εἰσὶ,
3300 4088 3539 4160 μάταιοι.
3574 4111 3604 4137 υ
3659 4091 3791 4149 Πῶς

2131 4175 2233 4252 γὰρ
2263 4173 2326 4231 οὔ
2353 4199 2368 4246 ς
2399 4176 2687 4250 νομίζουσι
2731 4177 2807 4249 μή
2841 4172 3047 4232 δεῖσθαι
3107 4173 3358 4251 μηδενὸς,
3402 4173 3532 4232 ἀλλ’
3569 4175 3789 4239 ἑαυτοῖς

2131 4266 2435 4342 ἀρκεῖσθαι,
2467 4266 2602 4339 πρὸς
2631 4266 2729 4335 τὴν
2763 4269 2861 4322 τοῦ
2891 4265 3135 4338 ἀληθοῦς
3183 4264 3514 4341 κατάληψιν.
3566 4291 3597 4319 ‹‹
3627 4268 3789 4322 Ὥστε

2137 4352 2331 4430 μηδεὶς
2357 4356 2655 4432 καυχάσθω
2702 4352 2753 4409 ἐν
2803 4354 3133 4433 ἀνθρώποις.
3165 4377 3192 4410 ο
3265 4355 3407 4430 Πρὸς
3464 4352 3591 4417 τοὺς
3647 4352 3796 4410 διδα-

2134 4444 2366 4507 σκάλους
2396 4445 2573 4500 αὐτῶν
2627 4442 2792 4499 πάλιν
2856 4444 3219 4513 ἀποτείνεται,
3275 4444 3470 4506 οῗτινες
3529 4446 3792 4519 μέγιστον

2134 4535 2410 4613 ἐφρόνουν,
2460 4534 2541 4612 ἐφ’
2600 4534 2685 4598 οἷς
2743 4534 3059 4610 χαρίσματα
3116 4533 3372 4614 εἰλήφασι
3433 4530 3788 4597 διδασκαλίας

2132 4625 2224 4681 καὶ
2255 4621 2450 4699 ἑτέρων
2509 4628 2694 4681 τινῶν.
2756 4623 2909 4680 Διατί
2967 4623 3025 4679 δέ
3076 4624 3128 4681 οἱ
3186 4621 3526 4694 διδάσκαλοι,
3596 4624 3782 4699 φητὶν,

2130 4714 2230 4770 οὐκ
2287 4712 2569 4793 ὀφείλουσι
2631 4718 2964 4793 καυχᾶσθαι,
3019 4710 3168 4768 ἀλλὰ
3224 4711 3425 4789 λὲγεις,
3487 4736 3516 4764 ‹‹
3576 4710 3779 4785 Μηδεὶς

2130 4805 2428 4883 καυχάσθω
2469 4804 2524 4858 ἐν
2580 4802 2891 4877 ἀνθρώποις
2924 4822 2939 4873 ;
2974 4826 3003 4854 »
3061 4801 3146 4857 ὅτι
3198 4800 3295 4857 ὅσα
3352 4799 3569 4876 ἔχουσι,
3627 4801 3783 4880 φησὶ,

2133 4894 2473 4970 χαρίσματα,
2508 4890 2578 4947 δι’
2612 4892 2753 4965 ὑμᾶς
2782 4892 2874 4948 τὸν
2903 4889 3037 4947 λαὸν
3086 4884 3285 4946 ἔλαϐον
3314 4891 3451 4947 αὐτὰ
3500 4888 3590 4945 ἵνα
3640 4890 3778 4964 ὑμᾶς

2131 4981 2430 5062 ὠφειλῶσι.
2462 4982 2530 5039 Τί
2561 4981 2650 5035 οὖν
2692 4978 2775 5036 ἐπ’
2831 4979 3055 5043 ἐκείνοις
3105 4983 3442 5054 καυχῶνται,
3500 4980 3533 5035 ἃ
3573 4974 3778 5035 ἔλαϐον

2131 5071 2197 5126 οὐ
2254 5069 2325 5126 δι’
2380 5070 2615 5133 οἰκείους
2672 5071 2897 5135 πόνους,
2957 5069 3104 5125 ἀλλά
3156 5068 3227 5125 δι’
3294 5072 3456 5145 ὑμᾶς,
3533 5069 3625 5124 καὶ
3681 5070 3782 5137 τήν

2134 5162 2287 5233 ὑμῶν
2319 5160 2634 5234 σωτηρίανς
2669 5184 2696 5211 ‹‹
2729 5156 2938 5227 Μηδεὶς
2966 5159 3287 5238 καυχάσθω,
3324 5186 3346 5215 ι
3406 5163 3475 5215 "ll
3527 5158 3616 5213 ἐπὶ
3665 5163 3785 5222 τοῖς

2132 5247 2507 5313 διδασκαλίοις
2531 5248 2617 5323 (οὐ
2648 5248 2751 5323 γὰρ
2780 5247 3080 5324 τιὲχουσιν
3128 5248 3287 5305 αὐτοὶ
3330 5248 3591 5323 ονκοθεν),
3616 5248 3652 5318 ἢ
3693 5245 3780 5302 ἐπὶ

2129 5345 2244 5401 τοῖς
2274 5338 2641 5414 ἀνθρωπίνοις
2668 5336 2985 5411 λογισμοῖς.
3039 5338 3115 5395 Οὐ
3166 5338 3269 5415 γὰρ
3320 5335 3433 5395 ἔστι
3482 5335 3554 5394 δι’
3601 5337 3776 5393 αὖτῶν

2129 5424 2459 5485 καταλαϐεῖν
2513 5429 2613 5498 τὴν
2695 5425 2981 5499 ἀληθειαν,
3048 5426 3263 5501 μᾶλλον
3319 5426 3374 5484 δὲ
3434 5431 3469 5499 ἡ
3524 5425 3778 5499 ἀνωτέρω

2134 5515 2339 5594 ἐκδοχὴ
2371 5516 2460 5572 καὶ
2508 5521 2577 5590 τῇ
2635 5515 2777 5588 λέξει
2834 5521 2933 5573 τοῦ
2999 5518 3214 5594 χωρίου
3273 5517 3365 5574 καὶ
3419 5522 3537 5581 τοῖς
3592 5517 3782 5595 ἐφεξῆς

2135 5608 2277 5666 ἐστιν
2307 5605 2705 5688 ἐῳαρμόζνυσα.
