4106 6252
251 340 366 400 681

332 476 517 529 Πάντα
621 476 729 551 γὰρ
806 475 961 547 ὑμῶν
1037 474 1198 543 ἐστιν,
1276 475 1380 532 εἴτε

257 561 582 629 Ἀπολλὼς,
653 563 762 619 εἴτε
829 570 1038 643 Κηφᾶς,
1110 564 1213 620 εἴτε
1302 566 1534 638 κόσμος,
1601 562 1708 619 εἷ’τε
1776 564 1914 631 ζωὴ,

258 654 373 709 εἴτε
470 653 729 722 θάνατος,
833 651 938 708 εἴτε
1043 653 1321 723 ἐνεστῶτα,
1430 652 1536 708 εἴτε
1618 650 1913 726 μέλλοντα,

256 746 434 798 πάντα
507 742 662 816 ὑμῶν
738 742 902 812 ἐστιν,
984 744 1140 816 ὑμεῖς
1216 740 1274 798 δε
1345 746 1612 816 Χριστοῦ,
1679 739 1917 816 Χριστὸς

260 830 321 886 δέ
351 835 508 889 Θεοῦ.

338 920 516 976 Πάλιν
574 922 765 977 ἑαυτὸν
824 921 914 977 καί
963 922 1165 998 Πέτρον
1223 923 1313 978 καὶ
1375 921 1636 980 Ἀπολλῶ
1691 921 1917 988 τέθεικε,

259 1012 394 1074 τοὺς
456 1008 822 1074 διδασκάλους
878 1011 1056 1067 αὐτῶν
1113 1012 1503 1087 αἰνιττόμενος,
1571 1009 1778 1073 δεικνὺς
1833 1010 1919 1064 ὅτι

257 1101 354 1156 καὶ
384 1101 704 1176 χαρίσματα
744 1099 814 1156 δι’
871 1101 1069 1164 αὐτοὺς
1125 1100 1466 1180 εἶλήφεισαν,
1517 1101 1607 1156 καὶ
1665 1097 1920 1154 διδάσκα-

259 1188 358 1245 λοι
396 1185 805 1264 προϐέϐληντο.
839 1193 1015 1248 Τοῦτο
1053 1188 1110 1246 δὲ
1143 1189 1348 1268 σφόδρα
1389 1192 1479 1246 τὸν
1507 1195 1615 1246 τῶν
1666 1185 1920 1243 διδασκά-

259 1277 379 1334 λων
409 1283 575 1356 τῦφον
604 1284 872 1352 καθαιρεῖ.
941 1282 1170 1336 Ἔπειτα
1219 1280 1436 1334 κάκεῖνο
1491 1277 1920 1352 παρασημαίνει,

263 1369 334 1424 Εἰ
362 1367 493 1443 ἐγὼ,
525 1369 680 1445 φησὶ,
712 1368 803 1422 καὶ
834 1371 1027 1442 Κηφᾶς
1057 1370 1148 1423 καὶ
1196 1367 1486 1429 ’Λπολλὼς
1540 1367 1690 1440 ὑμῶν
1741 1365 1918 1438 ἐσμεν,

272 1456 457 1535 σχολῇ
488 1458 536 1534 γ’
566 1455 624 1512 ἄν
659 1457 712 1512 οἱ
745 1454 1068 1513 διδάσκαλοι
1103 1459 1254 1531 ὑμῶν
1306 1455 1544 1536 ὤφειλον
1599 1455 1737 1532 μέγα
1787 1475 1920 1534 φρο-

267 1553 401 1604 νεῖν.
445 1574 470 1599 ‹‹
504 1546 629 1604 Εἴτε
668 1546 898 1620 κόσμος.
932 1571 960 1599 ››
1015 1549 1116 1606 Καὶ
1189 1548 1370 1618 αὐτὸς,
1431 1548 1620 1624 φησὶν,
1651 1547 1678 1600 6
1711 1546 1922 1618 κόσμος

262 1633 356 1689 καὶ
388 1636 422 1703 ἡ
462 1636 601 1704 ζωή,
635 1632 706 1689 δι’
737 1635 878 1708 ὑμὰς
929 1633 1041 1690 ἐστι
1095 1635 1187 1690 καὶ
1240 1633 1447 1710 γέγονε,
1502 1633 1592 1688 καὶ
1625 1634 1652 1686 ὁ
1695 1635 1922 1696 θάνατος

262 1724 434 1784 αὑτὸς
476 1723 614 1799 πρὸς
672 1724 1055 1802 σωφρονισμὸν
1115 1722 1330 1800 γέγονεν
1393 1721 1671 1798 ὑμέτερον.
1735 1747 1761 1774 (ι
1795 1721 1922 1776 Εἴτε

263 1811 556 1869 ἐνεστῶτα.
615 1833 644 1865 ι
709 1811 951 1867 Δείκνυσι
1008 1811 1181 1868 πάντα
1246 1810 1318 1867 δι’
1405 1813 1600 1874 αὐτοὺς
1658 1811 1921 1886 γενόμενα

258 1902 453 1957 καὶτὰ
493 1899 762 1956 ἐνεστῶτα
790 1902 876 1956 καὶ
909 1902 977 1956 τὰ
1040 1900 1338 1974 μέλλοντα.
1398 1925 1419 1954 ι
1456 1901 1628 1956 Πάντα
1683 1900 1853 1972 ὑμῶν.
1891 1923 1920 1951 »

258 1993 354 2054 Ὧς
404 1990 704 2065 εὐεργεσίαι
757 1991 848 2044 καὶ
907 1987 1156 2065 δωρεαίι.
1192 1995 1428 2064 «Ὑμεῖς
1489 1987 1546 2044 δὲ
1601 1992 1855 2064 Χριστοῦ.
1889 2011 1917 2040 η

261 2081 356 2142 Ὡς
415 2081 674 2151 κτήματα
731 2079 818 2134 καὶ
879 2079 1184 2148 ποιήματα.
1244 2079 1534 2153 «Χριστὸς
1587 2075 1645 2132 δέ
1702 2081 1918 2136 Θεοῦ.»

260 2170 354 2230 Ὠς
381 2170 630 2244 γέννημα
658 2168 748 2222 καὶ
788 2167 931 2229 Υἱός.
974 2165 1169 2230 Καλῶς
1228 2166 1286 2222 δὲ
1343 2172 1506 2222 τοῦτο
1563 2167 1918 2241 προσέθηκεν.

262 2255 495 2327 Ἐπειδή
539 2257 645 2332 γὰρ
707 2259 843 2312 εἷπε·
904 2279 932 2308 ‹‹
987 2256 1168 2311 Πάντα
1222 2257 1397 2330 ὑμῶν,
1463 2256 1616 2329 ὑμεῖς
1675 2253 1732 2308 δὲ
1789 2255 1922 2326 Χρι-

267 2344 582 2418 στοῦ,››’ίνα
612 2347 687 2419 μή
724 2346 947 2405 στάντος
1004 2344 1166 2400 αὑτοῦ
1216 2343 1458 2414 ἐνταῦθα,
1500 2343 1786 2421 ἀγέννητον
1833 2343 1923 2397 καὶ

263 2435 501 2490 ἀναίτιον
547 2435 818 2508 νομίσωσι
865 2435 953 2488 τὸν
1005 2435 1154 2506 Υἱὸν,
1203 2433 1468 2510 ἐπήγαγε)
1527 2457 1555 2484 ‹‹
1587 2433 1826 2508 Χριστὸς
1865 2428 1923 2484 δὲ

264 2529 422 2581 Θεοῦ.
463 2523 642 2598 Ὀὐχ
697 2523 774 2586 ὠς
834 2525 999 2596 ἡμεῖς
1052 2525 1308 2597 Χριστοῦ,
1371 2523 1548 2585 οὑτως
1607 2524 1634 2577 ὁ
1693 2520 1921 2596 Χριστὸς

268 2619 439 2683 Θεοῦ,
485 2615 670 2688 ἄπαγε.
721 2611 876 2670 Ἀλλ’
933 2616 1102 2686 ἡμεῖς
1162 2614 1258 2687 μὲν
1311 2614 1570 2686 Χριστοῦ,
1631 2613 1705 2670 ὡς
1763 2611 1919 2686 ἔργον

280 2700 440 2764 ὄντες
472 2701 636 2756 αὑτοῦ
663 2703 748 2756 καὶ
798 2701 1036 2776 ποίημα·
1091 2703 1148 2757 Ὀ
1207 2701 1264 2757 δὲ
1318 2703 1548 2778 Χριστὸς
1609 2706 1705 2756 τοῦ
1762 2705 1918 2770 Θεοῦ,

291 2792 369 2852 ὡς
430 2791 749 2865 προαιώνιον
792 2793 1035 2867 γέννημα
1088 2793 1177 2846 καὶ
1237 2792 1379 2862 Υἱὸς,
1470 2791 1556 2846 καὶ
1609 2792 1684 2854 ὡς
1743 2791 1918 2846 αἰτίαν

277 2878 430 2954 ἔχων
457 2880 549 2934 τὸν
577 2877 796 2954 Πατέρα.

345 2966 535 3028 Οὕτως
589 2971 736 3041 ἡμᾶς
795 2970 1102 3044 λογιζέσθω
1197 2969 1501 3045 ἂνθρωπος,
1564 2972 1638 3031 ὡς
1715 2969 1916 3042 ὑπηρέ-

263 3079 362 3119 τας
434 3059 690 3133 Χριστοῦ,
758 3059 849 3114 καὶ
929 3059 1256 3131 οἴκονόμους
1355 3060 1668 3136 μυστηρίων
1760 3057 1917 3116 Θεοῦ.

261 3149 329 3202 ’Ὀ
389 3143 450 3201 δὲ
527 3146 722 3202 λοιπὸν
802 3154 1040 3218 ζητεῖται
1120 3147 1171 3203 ἐν
1248 3155 1364 3212 τοῖς
1441 3148 1756 3223 οἰκονόμοις
1825 3147 1916 3202 ⁹ίνα

262 3232 458 3295 πιστός
513 3254 598 3295 τις
659 3233 874 3309 εὑρεθῇ.
934 3235 1094 3308 Ἐμοὶ
1158 3232 1215 3289 δὲ
1272 3235 1349 3290 εἰς
1406 3234 1698 3311 ἐλάχιστόν
1751 3233 1916 3305 ἐστιν,

260 3320 332 3375 ’ἶν’
391 3322 486 3396 ἀφ’
545 3323 698 3395 ὑμῶν
753 3323 1048 3400 ἀνακριθῶ,
1107 3325 1142 3394 ἢ
1203 3323 1305 3379 ὑπό
1357 3323 1706 3399 ἀνθρωπίνης
1777 3325 1920 3396 ἠμέ-

270 3435 381 3489 ρες.
464 3413 622 3471 Ἀλλ’
697 3412 824 3470 οὑδὲ
896 3413 1127 3488 ἐμαυτὸν
1203 3413 1488 3489 ἀνακρίνω.
1574 3411 1741 3470 Οὐδὲν
1817 3412 1920 3487 γὰρ

265 3505 487 3575 ἐμαυτῷ
520 3501 763 3560 σύνοιδα.
810 3503 968 3561 Ἀλλ’
1031 3503 1130 3558 οὐκ
1194 3501 1246 3558 ἐν
1299 3502 1480 3574 τούτῳ
1537 3499 1917 3574 δεδικαίωμαι.

262 3594 325 3650 Ὁ
358 3591 417 3648 δέ
450 3592 748 3667 ἀνακρίνων
782 3613 849 3666 με
879 3591 1078 3668 Κύριός
1110 3592 1269 3649 ἐστιν.

335 3681 513 3753 Ἧμᾶς
578 3679 768 3756 κέγων,
819 3682 946 3743 τοὺς
1005 3682 1132 3756 παρ’
1175 3679 1359 3743 αὑτοῖς
1417 3677 1774 3741 διδασκάλους
1834 3680 1919 3734 αἱ·

264 3769 529 3828 νίττεται.
565 3793 594 3822 ‹‹
620 3775 708 3834 Ὡς
757 3770 1024 3847 ὑπηρέτας
1068 3774 1326 3846 Χριστοῦ.
1361 3795 1384 3825 ι
1440 3767 1666 3838 Ἐπειδή
1715 3767 1921 3847 σφόδρα

267 3853 669 3928 κατεϐεϐλήκει
727 3862 853 3920 τοὺς
913 3857 1293 3927 διδασκάλους,
1367 3864 1460 3914 νῦν
1539 3857 1720 3934 ἠρέμα
1793 3859 1924 3932 ὑψοῖ

271 3945 492 4017 αὐτοὺς,
545 3947 816 4018 ὑπηρέτας
876 3953 1117 4022 Χριστοῦ
1174 3948 1358 4003 καλῶν
1425 3949 1513 4002 καὶ
1572 3947 1920 4019 οἰκονόμους.

269 4035 458 4105 Πλὴν,
493 4037 677 4114 φησὶν,
711 4036 876 4092 εἶκαὶ
935 4037 1110 4099 οὕτως
1162 4037 1330 4107 ἐστὶν,
1380 4034 1556 4099 οὐδεὶς
1603 4039 1695 4093 τὸν
1737 4035 1923 4092 δεσπό-

271 4147 378 4195 την
437 4125 611 4204 ἀφεῖς,
672 4125 779 4180 ἀπὸ
834 4131 943 4180 τῶν
1000 4127 1283 4201 ὑπηρετῶν
1346 4126 1690 4200 ὀνομάζεται.
1751 4151 1777 4178 ‹‹
1820 4126 1922 4183 Καὶ

277 4215 635 4286 οἰκονόμους.
670 4239 697 4266 ››
739 4216 1079 4287 Οἰκονόμους
1132 4214 1445 4289 μυστηρίων
1486 4214 1663 4284 καλεῖ,
1715 4212 1922 4277 δεικνὺς

272 4304 361 4358 ὅτι
419 4302 483 4357 οὑ
543 4304 700 4358 παντὶ
778 4303 969 4366 ἀπλῶς
1029 4301 1110 4359 δεῖ
1163 4303 1422 4382 παρέχειν
1502 4304 1569 4358 τὰ
1630 4307 1924 4378 μυστήρια,

269 4390 424 4447 ἀλλὰ
448 4396 564 4452 τοῖς
596 4393 788 4461 ἀξίοις.
823 4416 850 4444 ‹‹
893 4394 1010 4449 Ἵνα
1038 4393 1228 4454 πιστός
1257 4413 1342 4455 τις
1375 4389 1590 4468 εὕρεθῇ.
1624 4416 1652 4445 ››
1706 4391 1922 4458 Πιστὸς,

272 4481 465 4555 φησὶν,
498 4479 730 4556 ὤφειλεν
800 4483 940 4536 εἶναι
997 4483 1025 4536 6
1083 4481 1396 4555 οἰκονόμος,
1446 4481 1536 4535 καὶ
1586 4481 1662 4554 μή
1706 4481 1773 4535 τά
1829 4479 1924 4534 τοῦ

1469 474 1706 543 Ηαῦλος,

1250 341 1657 404 ΟΟΜΜΕΝΤ.
1703 341 1782 400 ΙΝ
1827 338 2078 399 EPIST.
2125 342 2152 399 Ι
2195 341 2300 400 ΑΙ)
2346 341 2717 404 CORINTH.

1811 470 1920 528 εἷ’τε
1945 477 1999 544 Α

3548 345 3667 406 682

2099 475 2194 541 ΙΙΙ,
2225 476 2315 542 22,
2340 477 2428 530 23.
2461 478 2658 534 Omnia
2704 480 2848 532 enim
2895 486 3072 534 vestra
3106 485 3253 545 sunt,
3301 482 3414 535 sive
3441 481 3670 548 Paulus,

2021 565 2131 618 sive
2160 564 2408 634 Apollos,
2465 569 2576 622 sive
2632 567 2862 636 Cephas,
2917 569 3030 622 sive
3077 570 3330 633 mundus,
3361 568 3474 624 sive
3530 570 3670 638 vita,

2024 655 2134 707 sive
2163 670 2326 724 mors,
2359 657 2470 710 sive
2501 655 2824 725 praesentia,
2881 658 2992 711 sive
3036 661 3252 725 futura.
3315 659 3531 726 Omnia,
3580 663 3673 715 in-

2023 757 2211 809 quam,
2243 749 2425 797 vestra
2451 750 2597 811 sunt,
2638 762 2730 800 vos
2760 752 2944 799 autem
2973 745 3198 817 Christi,
3251 746 3498 803 Christus
3547 765 3674 803 vero

2025 831 2144 884 Dei.

2098 920 2354 973 Rursum
2389 921 2652 992 seipsum
2683 929 2742 975 et
2782 921 3019 978 Petrum
3074 939 3141 978 ac
3197 923 3407 995 Apollo
3456 924 3674 994 posuit,

2025 1005 2296 1061 doctores
2329 1024 2536 1064 eorum
2567 1009 2886 1081 designans
2913 1028 2926 1064 :
2950 1012 3272 1066 ostendens
3299 1013 3457 1084 quod
3496 1013 3675 1067 etiam

2026 1095 2182 1150 dona
2210 1101 2454 1167 propter
2486 1096 2646 1168 ipsos
2676 1100 3048 1170 accepissent
3077 1106 3135 1154 et
3179 1101 3450 1156 doctores
3491 1102 3674 1157 creati

2025 1191 2246 1239 essent.
2277 1185 2395 1239 Hoc
2424 1191 2622 1241 autem
2651 1187 2871 1242 fastum
2900 1205 3104 1243 eorum
3137 1189 3523 1245 vehementer
3570 1191 3674 1245 de-

2023 1271 2248 1343 primit.
2284 1273 2505 1327 Deinde
2539 1273 2689 1328 illud
2722 1292 2958 1347 quoque
2986 1277 3316 1348 signiﬁcat:
3354 1278 3411 1332 Si
3435 1295 3562 1350 ego,
3591 1279 3677 1332 in-

2025 1361 2170 1431 quit,
2204 1367 2262 1414 et
2303 1362 2528 1431 Cephas
2580 1368 2638 1416 et
2693 1363 2930 1434 Apollos
2976 1366 3152 1419 vestri
3202 1381 3428 1433 sumus,
3487 1365 3676 1421 multo

2023 1449 2221 1504 minus
2246 1466 2385 1504 sane
2411 1450 2696 1507 deberent
2717 1453 2986 1509 doctores
3004 1456 3179 1510 vestri
3202 1457 3411 1511 cristas
3427 1457 3674 1528 erigere.

2023 1560 2050 1587 «
2085 1538 2211 1593 Sive
2245 1539 2524 1596 mundus.
2558 1561 2584 1592 ι
2620 1543 2750 1612 Ipse
2776 1560 3013 1614 quoque
3040 1545 3300 1600 mundus
3321 1545 3517 1601 etvita
3539 1563 3676 1618 pro-

2021 1633 2153 1698 pter
2180 1646 2281 1684 vos
2313 1635 2472 1697 sunt,
2506 1648 2574 1686 ac
2605 1633 2845 1688 condita
2879 1639 3051 1689 sunt:
3087 1634 3170 1689 ita
3217 1652 3380 1690 mors
3425 1637 3554 1707 ipsa
3601 1635 3677 1690 ad

2020 1724 2276 1774 vestram
2295 1719 2452 1774 facta
2475 1726 2566 1774 est
2587 1722 3059 1794 castigationem.
3087 1746 3115 1774 ‹‹
3137 1725 3263 1779 Sive
3288 1726 3627 1796 praesentia.
3650 1747 3678 1774 »

2027 1809 2302 1864 Ostendit
2322 1815 2536 1865 cuncta
2553 1816 2792 1883 propter
2813 1813 2976 1883 ipsos
2998 1815 3154 1868 tacta
3185 1820 3405 1880 esse,et
3425 1830 3684 1886 praesen-

2027 1898 2110 1952 tia
2134 1902 2192 1952 et
2215 1897 2436 1953 futura.
2455 1921 2483 1949 «
2509 1900 2722 1955 Omnia
2742 1907 2935 1956 vestra
2960 1908 3121 1970 sunt,
3147 1925 3175 1951 »
3200 1907 3482 1974 tanquam
3506 1905 3682 1959 bene-

2027 1985 2162 2040 ﬁcia
2191 1991 2251 2039 et
2279 1987 2454 2042 dona.
2485 2010 2511 2037 «
2549 1989 2660 2044 Vos
2683 1994 2881 2045 autem
2909 1990 3147 2060 Christi,
3178 2013 3204 2040 κ
3225 1997 3508 2063 tanquam
3524 2009 3682 2048 crea-

2028 2080 2173 2130 tura:
2205 2081 2265 2130 et
2291 2094 2492 2148 opera.
2553 2079 2886 2134 «Christus
2941 2096 3078 2135 vero
3140 2081 3265 2149 Dei,
3301 2103 3329 2130 »
3390 2087 3677 2154 tanquam

2025 2181 2271 2236 germen
2301 2182 2366 2220 ac
2398 2166 2602 2221 Filius.
2631 2167 2882 2222 Pulchre
2901 2173 3101 2223 autem
3122 2169 3234 2224 hoc
3260 2170 3489 2225 addidit
3508 2188 3520 2238 ;
3539 2187 3680 2241 quo-

2026 2256 2186 2310 niam
2218 2257 2377 2310 enim
2409 2257 2638 2312 dixerat
2665 2275 2678 2312 :
2713 2280 2741 2308 «
2776 2260 2988 2314 Omnia
3015 2266 3209 2315 vestra
3239 2267 3398 2329 sunt,
3429 2279 3530 2318 vos
3573 2279 3680 2318 au-

2029 2351 2146 2400 tem
2178 2345 2393 2399 Christi
2422 2361 2436 2412 ;
2465 2366 2491 2396 ιι
2519 2362 2593 2400 ne
2627 2346 2674 2400 si
2707 2346 2787 2400 ibi
2818 2348 3032 2418 pedem
3066 2349 3311 2417 ﬁxisset,
3344 2351 3556 2406 Filium
3587 2352 3679 2406 in-

2027 2434 2292 2505 genitum
2315 2450 2382 2488 ac
2415 2434 2541 2488 sine
2570 2434 2864 2505 principio
2889 2435 3637 2509 existimarent,subjunxit
3666 2456 3678 2494 :

2029 2544 2053 2575 α
2088 2524 2356 2579 Christus
2388 2540 2523 2577 vero
2556 2523 2683 2578 Dei.
2710 2544 2736 2571 η
2770 2525 2896 2578 Νοη
2927 2530 3126 2579 autem
3159 2525 3426 2580 Christus
3466 2527 3548 2582 ita
3576 2528 3679 2583 Dei

2025 2618 2114 2666 est
2143 2617 2208 2666 ut
2239 2629 2349 2667 nos
2380 2612 2618 2666 Christi.
2651 2612 2820 2667 Absit
2849 2613 2862 2666 ι
2898 2613 3003 2668 sed
3028 2629 3138 2668 nos
3169 2615 3411 2684 quidem
3458 2617 3678 2672 Christi

2026 2717 2250 2768 sumus,
2281 2706 2562 2772 tanquam
2593 2716 2742 2771 opus
2772 2707 2829 2755 et
2859 2700 3089 2756 factura
3149 2702 3356 2774 ipsius.
3409 2703 3675 2760 Christus

2023 2809 2158 2846 vero
2187 2793 2287 2846 Dei
2311 2797 2712 2862 est,tanquam
2729 2809 2971 2864 germen
2995 2799 3130 2848 ante
3155 2794 3443 2849 saaculaet
3459 2795 3668 2864 Filius,

2026 2886 2085 2934 et
2117 2887 2398 2951 tanquam
2430 2883 2666 2935 Patrem
2697 2881 2924 2936 habens
2956 2882 3339 2954 principium.

2095 2971 2185 3024 IV.
2223 2972 2338 3024 1-4.
2372 2971 2461 3025 Sic
2481 2986 2576 3024 nos
2606 2972 2876 3025 existimet
2903 2971 3063 3025 homo
3095 2978 3361 3041 tanquam
3389 2973 3673 3032 ministros

2023 3059 2249 3125 Christi,
2285 3065 2336 3112 et
2364 3059 2765 3129 dispensatores
2794 3062 3180 3128 mysteriorum
3210 3063 3324 3116 Dei.
3385 3064 3540 3126 Quod
3583 3079 3679 3118 su—

1951 3193 1994 3259 c
2016 3156 2202 3220 perest
2231 3155 2435 3216 autem,
2466 3148 2611 3202 illud
2635 3148 2947 3218 requiritur
2976 3151 3035 3202 in
3085 3150 3580 3220 dispensatoribus,
3614 3159 3676 3206 ut

2028 3238 2170 3308 ﬁdus
2217 3238 2420 3306 aliquis
2475 3239 2812 3292 inveniatur.
2863 3238 3001 3292 Mihi
3054 3255 3182 3292 vero
3230 3240 3677 3310 indignissimum

2030 3328 2270 3394 videtur,
2318 3332 2445 3380 uta
2473 3327 2621 3380 vobis
2673 3325 2970 3395 dijudicer,
3013 3335 3112 3382 aut
3167 3329 3234 3382 ab
3280 3330 3518 3386 humano
3568 3333 3677 3387 die.

2029 3418 2139 3470 imo
2167 3432 2264 3470 nec
2296 3417 2561 3485 meipsum
2601 3413 2868 3485 dijudico.
2905 3416 3119 3471 Nullius
3169 3419 3313 3472 enim
3360 3418 3501 3474 mihi
3551 3437 3682 3475 con-

2028 3505 2173 3560 scius
2201 3521 2339 3572 sum,
2371 3505 2465 3558 sed
2491 3520 2602 3558 non
2627 3505 2693 3558 ob
2743 3505 2804 3559 id
2842 3504 3181 3574 justiﬁcatus
3227 3523 3364 3564 sum.
3421 3511 3684 3565 Ceterum

2029 3596 2127 3664 qui
2155 3595 2429 3665 dijudicat
2461 3610 2544 3648 me
2580 3595 2844 3647 Dominus
2874 3600 2972 3648 est.

2102 3683 2360 3738 Dicendo
2385 3703 2412 3735 ι
2442 3684 2578 3748 Nos,
2612 3704 2633 3730 ι
2671 3681 2941 3754 designat
2966 3683 3260 3750 doctores,
3290 3686 3392 3755 qui
3423 3687 3579 3757 apud
3612 3687 3679 3740 il-

2031 3773 2121 3828 los
2143 3777 2332 3828 erant.
2358 3793 2385 3819 ‹‹
2411 3773 2711 3840 Tanquam
2734 3771 3042 3826 ministros
3055 3772 3329 3827 Christi.»
3353 3777 3499 3828 447
3525 3776 3680 3839 Quo-

2029 3864 2190 3919 niam
2214 3862 2598 3916 vehementer
2627 3859 2897 3913 doctores
2925 3875 3128 3914 eorum
3161 3860 3475 3931 dejecerat,
3518 3879 3678 3917 nunc

2031 3951 2254 4007 sensim
2279 3950 2439 4019 ipsos
2462 3945 2700 4010 exaltat,
2724 3946 2937 4000 Christi
2961 3947 3268 4002 ministros
3289 3949 3597 4020 appellans
3619 3955 3680 4005 et

2031 4041 2491 4110 dispensatores.
2528 4038 2802 4089 Attamen
2835 4034 2976 4088 licet
3003 4035 3086 4089 ita
3115 4035 3210 4100 sit,
3242 4037 3457 4108 inquit,
3477 4039 3678 4094 nullus

2031 4129 2238 4184 relicto
2258 4124 2503 4180 Domino
2521 4123 2856 4177 aministris
2869 4139 3076 4178 nomen
3087 4125 3357 4196 accipit.«
3372 4127 3684 4199 Etdispen-

2033 4225 2259 4275 satores
2281 4236 2294 4283 ;
2318 4238 2345 4265 ››
2370 4213 2789 4286 mysteriorum
2817 4219 2984 4267 vocat
3004 4213 3465 4286 dispensatores,
3483 4225 3684 4273 osten-

2034 4309 2180 4364 dens
2195 4305 2352 4378 quod
2366 4320 2486 4359 non
2507 4303 2690 4358 cuivis
2711 4302 3304 4375 simpliciteroportet
3317 4307 3549 4362 tradere
3563 4325 3684 4380 my-

2035 4397 2233 4464 steria,
2256 4394 2358 4451 sed
2382 4394 2596 4467 dignis.
2624 4415 2652 4441 «
2679 4393 2752 4448 Ut
2771 4391 2966 4447 ﬁdelis
2981 4394 3275 4465 quispiam
3295 4395 3683 4461 inveniatur,»

2034 4487 2272 4554 Fidelis,
2301 4484 2515 4555 inquit,
2540 4481 2784 4537 deberet
2805 4499 2934 4537 esse
2962 4481 3470 4553 dispensator,nec
3489 4487 3685 4542 dicere

272 4570 555 4625 Δεσπότου
577 4567 696 4624 ’ίδια
729 4569 903 4645 λέγειν
932 4574 1086 4640 εἶναι,
1135 4569 1261 4626 ἀλλ’
1295 4572 1368 4632 ὡς
1408 4569 1700 4643 οἷ’κονόμος
1741 4567 1922 4623 διακο-

2039 4591 2144 4629 sua
2175 4589 2302 4628 esse
2335 4589 2465 4643 quae
2498 4571 2729 4625 Domini
2776 4575 2931 4633 sunt,
2965 4571 3067 4624 sed
3098 4577 3380 4642 tanquam
3414 4574 3688 4630 minister

271 4665 407 4717 νεῖν.
445 4660 542 4714 Καὶ
572 4662 742 4736 ταύτῃ
777 4658 835 4716 δὲ
862 4661 954 4715 τὸν
985 4667 1153 4737 τῦτξον
1185 4661 1360 4716 αὐτῶν
1393 4654 1751 4717 καταϐάλλει.

349 4750 560 4821 [ΦΩΤ.]
592 4752 766 4805 Τοῦτο
797 4751 903 4825 γάρ
935 4749 1067 4822 ἐστι,
1139 4749 1292 4828 φησὶ,
1339 4750 1401 4804 τὸ
1463 4749 1790 4822 ζητούμενεν
1839 4749 1926 4803 καὶ

276 4836 506 4915 ὀφεῖλον
556 4840 712 4894 παντὶ
771 4840 961 4914 τρόπῳ
1011 4837 1370 4916 φυλάττεσθαι
1429 4838 1576 4914 παρά
1626 4842 1735 4893 τῶν
1782 4835 1930 4892 οἷ’κο-

275 4928 488 4998 νόμων,
523 4928 585 4982 τὸ
615 4927 842 4990 πιστοὺς
875 4928 1030 5000 εἶναι,
1061 4928 1154 4982 καὶ
1189 4925 1460 5001 ὑπηρέτας
1506 4928 1760 5001 ἡγεῖσθαι
1807 4927 1932 4981 έαυ-

282 5015 441 5083 τοὺς,
475 5016 676 5090 καὶμή
722 5013 1101 5081 ἰδιοποιεῖσθαι
1140 5016 1230 5070 καὶ
1284 5015 1678 5094 σφετερίζεσθαι
1725 5016 1792 5069 τὰ
1838 5019 1934 5069 τοῦ

279 5101 677 5159 Δεσπότου.--
708 5105 777 5160 Ἤ
830 5105 1024 5166 οὑτως·
1085 5103 1400 5180 Λογιζέσθω
1457 5105 1606 5174 ἡμᾶς
1657 5099 1938 5176 ἂνθρωπος

276 5194 345 5248 τά
374 5213 434 5247 τε
468 5190 614 5247 ἄλλα
644 5192 778 5270 ἅπερ
804 5194 980 5266 εἶπον,
1012 5194 1168 5264 φησὶ,
1225 5191 1313 5247 καὶ
1349 5191 1379 5246 6'
1411 5189 1605 5246 λοιπὸν
1655 5197 1829 5246 κεῖται
1883 5190 1934 5246 ἐν

276 5288 398 5346 τοῖς
448 5281 786 5354 οἰκονόμοις,
841 5284 1058 5338 κάκεῖνο
1112 5284 1262 5354 ἡμᾶς
1309 5279 1638 5356 λογιζέσθω,
1685 5277 1800 5354 'iv’ﬁ
1832 5280 1937 5334 ἀπὸ

277 5373 464 5425 κοινοῦ
494 5370 581 5439 τὸ,
615 5395 640 5422 ‹‹
677 5369 1009 5445 Λογιζὲσθω,
1049 5393 1074 5424 ν
1109 5369 1168 5424 Τί
1195 5367 1254 5423 δὲ
1283 5369 1394 5424 ἐστι
1426 5374 1588 5424 τοῦτο
1619 5370 1681 5424 τὸ
1729 5369 1780 5423 έν
1821 5375 1939 5432 τοῖς

282 5458 602 5530 οἰκονόμοις
638 5459 974 5535 ζητούμενον
1002 5479 1016 5530 ;
1048 5461 1160 5516 Ἰνα
1216 5453 1430 5526 πιστὸς,
1483 5459 1668 5534 φησὶν,
1723 5457 1938 5533 εὑρεθῇ.

283 5548 420 5602 Εἶτα
451 5547 590 5620 πρὸς
632 5546 762 5611 τοὺς
823 5549 1207 5625 ἀνπισχυντεῖν
1269 5546 1573 5619 μέλλοντας
1616 5546 1709 5601 καὶ
1763 5544 1943 5624 λέγειν

275 5633 732 5711 ἐπιχειροῦντας.
765 5639 828 5695 Τί
860 5637 952 5693 οῦν
983 5658 998 5709 ;
1031 5639 1094 5693 σὺ
1120 5640 1375 5699 τοιοῦτος
1425 5636 1508 5705 εἷς
1559 5641 1937 5712 προαπαντῶν,

489 5757 756 5819 ΡΑτιιοι..
801 5757 912 5818 Gn.
961 5757 1226 5819 CXVIII.

2041 4664 2404 4735 dispensare.
2439 4662 2508 4714 Et
2537 4660 2648 4714 hoc
2665 4658 2840 4714 modo
2862 4659 3419 4732 deprimitipsorum
3441 4663 3683 4719 fastum.

2114 4753 2230 4806 Hoc
2262 4751 2418 4805 enim
2453 4754 2560 4817 est,
2595 4748 2809 4819 inquit,
2844 4747 3000 4819 quod
3033 4750 3338 4820 quaeritur,
3359 4757 3417 4807 et
3442 4753 3684 4809 omnino

2045 4841 2261 4898 servari
2292 4839 2586 4894 debereta
2615 4836 3215 4908 dispensatoribus,ut
3231 4839 3436 4896 ﬁdeles
3466 4850 3687 4909 essent,

2045 4948 2112 4986 ac
2138 4929 2368 5000 seipsos
2398 4924 2655 4981 famulos
2686 4924 2974 4991 dicerent,
3009 4931 3067 4980 et
3096 4943 3217 4982 non
3275 4928 3386 4984 sibi
3424 4929 3690 4986 vindica-

2044 5025 2179 5075 rent
2207 5024 2310 5072 aut
2338 5015 2792 5088 appropriarent
2822 5031 2951 5085 qua:
2984 5017 3218 5071 Domini
3271 5026 3426 5074 sunt.
3480 5051 3544 5062 —
3578 5025 3692 5074 Aut

2045 5109 2142 5163 hoc
2170 5107 2350 5162 modo.
2385 5105 2713 5165 Existimet,
2745 5103 2959 5174 inquit,
2992 5121 3100 5162 nos
3149 5107 3327 5162 homo
3370 5114 3428 5162 et
3478 5115 3693 5164 caetera

2046 5197 2263 5253 habere
2280 5212 2416 5266 quas
2434 5193 2552 5247 dixi
2577 5209 2588 5246 :
2614 5198 2671 5247 et
2692 5193 2849 5262 quod
2861 5195 3235 5264 potissimum
3255 5196 3690 5268 dispensatores

2049 5284 2354 5354 contingit,
2383 5282 2560 5336 etiam
2593 5298 2700 5334 nos
2736 5281 2952 5337 habere
3003 5284 3318 5352 existimet,
3347 5292 3414 5338 ut
3455 5303 3488 5340 a
3519 5303 3688 5342 com-

2050 5376 2214 5431 muni
2238 5388 2415 5428 sensu
2448 5375 2767 5441 repetatur.
2811 5394 2837 5420 «
2864 5371 3191 5427 Existimet.
3229 5396 3249 5422 ι
3287 5373 3436 5438 Quid
3467 5381 3557 5429 est
3584 5392 3695 5432 au-

2050 5471 2168 5520 tem
2191 5463 2304 5518 hoc
2335 5459 2491 5532 quod
2540 5458 2696 5512 inter
2742 5458 3184 5530 dispensatores
3224 5461 3593 5532 requiritur?
3622 5466 3696 5522 Ut

2051 5549 2264 5616 ﬁdelis,
2297 5546 2510 5618 inquit,
2542 5545 2896 5600 inveniatur.
2939 5545 3162 5602 Deinde
3205 5548 3298 5604 his
3345 5549 3447 5620 qui
3495 5551 3696 5624 impu-

2053 5641 2259 5696 dentes
2290 5636 2472 5692 futuri
2507 5640 2674 5690 erant
2694 5652 2948 5708 eumque
2970 5639 3324 5708 aggressuri,
3356 5656 3423 5695 ac
3441 5640 3655 5698 dicturi
3685 5658 3700 5696 :

3418 5759 3496 5820 22
