4106 6252
487 332 607 392 683

1561 333 1983 394 (ECUMENII
2027 331 2330 394 TithCuE
2369 332 2744 394 EPlSCUPl.

3793 334 3911 393 684

483 463 632 529 Quid
660 479 795 536 ergo
817 463 845 517 ‘I
873 465 1020 518 Num
1053 469 1115 519 tu
1173 465 1518 536 liujusmodi
1562 465 1671 521 es?
1710 466 1955 523 obvians
2013 466 2093 521 ait

2247 485 2430 542 φησιν.
2464 488 2492 515 ‹‹
2529 465 2690 537 Ἐμοὶ
2721 461 2778 519 δὶ
2813 463 2888 526 εἷς
2920 462 3210 539 ἐλάχιστόν
3262 463 3400 519 ἔστιν
3454 464 3542 519 ’ίνα
3608 465 3701 541 ὑφ’
3764 466 3912 536 ὑμῶν

489 572 510 600 ι
539 553 675 606 Mihi
714 569 850 607 vero
901 553 1381 625 indignissimum
1430 555 1754 623 videtur,ut
1781 573 1814 612 a
1844 555 2010 612 vobis
2043 556 2134 610 di-

477 641 734 712 judicer.
772 664 793 690 ι
833 643 951 698 Ηοο
983 649 1180 697 autem
1221 644 1508 699 dicitnon
1528 645 1786 716 seipsum
1816 646 2132 712 extollens,

479 730 583 785 sed
614 747 748 786 eam
779 747 910 801 qua)
953 731 1122 786 decet
1176 731 1546 803 dignitatem,
1610 733 2016 804 prmdicationi
2067 751 2133 788 ac

479 819 764 875 doctrinm
789 837 1048 876 servans.
1084 823 1225 876 Nam
1252 822 1298 875 si
1333 823 1526 892 ipsum
1551 825 1781 878 curiose
1798 831 2130 878 scrutarent-

482 915 600 972 tur,
633 909 881 981 ejusque
939 909 1095 964 facta
1152 910 1577 981 disquirerent,
1635 918 1738 967 aut
1793 919 2128 983 suspectum

472 997 790 1061 haberent,
823 997 1164 1052 nullatenus
1196 999 1321 1052 ﬁeri
1357 1004 1557 1068 posset
1587 1005 1651 1053 ut
1681 1016 1750 1054 ea
1802 1017 1933 1070 qum
1974 1001 2130 1070 apud

471 1099 572 1142 eos
602 1086 956 1158 praedicaret
977 1103 1042 1142 ac
1069 1086 1310 1142 doceret
1336 1088 1726 1159 susciperent.
1759 1091 1919 1144 Juste
1953 1090 2130 1161 igitur

471 1192 539 1231 ac
565 1177 886 1248 sapienter,
916 1183 975 1231 et
998 1177 1069 1231 ad
1090 1194 1294 1232 eorum
1319 1177 1584 1248 ipsorum
1604 1178 1854 1234 salutem
1877 1178 2124 1245 utiliter,

472 1265 818 1335 hujusmodi
852 1265 1278 1336 suspicionem,
1313 1267 1673 1338 illorumque
1731 1268 2125 1323 temeritatem

467 1356 740 1425 reprimit
773 1371 839 1411 ac
869 1356 1131 1424 cohibet,
1163 1363 1221 1410 et
1251 1363 1595 1413 constanter
1615 1359 1788 1414 tollit.
1825 1361 1903 1414 Ne
1929 1367 2124 1414 tamen

466 1448 594 1502 haec
612 1463 733 1502 non
757 1463 937 1504 causa
959 1449 1403 1520 praedicationis
1425 1452 1642 1507 dixisse
1665 1453 1931 1508 videatur
1961 1461 2018 1507 et
2049 1453 2124 1507 ob

463 1549 841 1590 communem
872 1537 1218 1599 utilitatem.
1255 1539 1358 1596 sed
1391 1556 1522 1598 sese
1543 1542 1782 1612 jactans
1813 1559 1880 1597 ac
1936 1543 2120 1597 extol-

463 1623 594 1679 lens
655 1625 1000 1698 subjungit:
1061 1649 1089 1678 «
1149 1629 1261 1684 Sed
1318 1645 1438 1685 non
1491 1630 1564 1685 ob
1620 1631 1680 1685 id
1756 1631 2122 1702 justiilcatus

466 1729 620 1768 sum.
647 1733 675 1762 »
707 1715 1056 1784 Quanquam
1089 1717 1248 1772 enim
1280 1718 1444 1772 vobis
1467 1733 1595 1773 non
1629 1717 1806 1772 liceat
1834 1734 1928 1774 me
1963 1719 2122 1790 diju-

464 1801 690 1867 dicare,
723 1803 842 1857 imo
883 1820 992 1858 nec
1018 1805 1260 1860 omnino
1293 1806 1426 1861 aliis
1459 1805 1838 1860 hominibus:
1873 1807 1977 1861 sed
2009 1824 2115 1878 po-
2155 1844 2196 1908 Β

468 1891 588 1945 tius
619 1891 958 1961 eredentes,
992 1893 1336 1965 nullamque
1370 1895 1528 1950 circa
1556 1910 1650 1950 me
1684 1895 2120 1952 haesitationem

467 1979 770 2048 habentes,
812 1982 1131 2038 utilitatem
1174 1995 1242 2038 ac
1299 1984 1631 2038 doctrinam
1682 1985 2120 2056 prmdicationis

466 2076 737 2139 oporteat
768 2070 1003 2124 haurire
1035 2087 1048 2124 :
1084 2071 1262 2142 idque
1294 2073 1440 2128 adeo
1474 2073 1731 2128 ﬁdeliter
1749 2090 1816 2129 ac
1848 2075 2116 2141 ﬁrmiter,

470 2164 536 2210 ut
557 2158 736 2213 etiam
760 2159 958 2214 sciatis
982 2159 1138 2230 quod
1167 2177 1360 2231 neque
1391 2162 1516 2232 ipse
1539 2163 1762 2232 possim
1791 2162 2116 2234 dijudicare

470 2247 762 2318 meipsum
780 2263 793 2301 :
809 2269 836 2297 ‹‹
862 2249 1092 2305 Nullius
1107 2250 1270 2304 enim
1293 2251 1439 2305 mihi
1464 2253 1737 2307 conscius
1751 2270 1939 2319 sum,»
1961 2254 2118 2323 quod

469 2337 794 2392 maximum
827 2344 1011 2394 estac
1040 2339 1380 2396 invincibile
1413 2342 1645 2396 virtutis
1679 2343 2114 2398 testimonium:

465 2425 950 2497 quandoquidem
968 2429 1170 2484 nullus
1188 2431 1350 2485 novit
1371 2448 1502 2501 quin
1521 2431 2113 2499 sunthominis,448

462 2514 578 2569 nisi
602 2516 845 2588 spiritus
861 2517 1252 2590 hominis,qui
1275 2519 1336 2574 in
1360 2521 1488 2591 ipso
1511 2521 2112 2593 habitat.Quanquam

466 2603 592 2659 hmo
624 2604 682 2659 in
715 2622 809 2660 me
842 2607 980 2674 sint,
1007 2607 1226 2679 inquit,
1250 2622 1369 2664 non
1384 2609 1457 2665 ob
1488 2610 1925 2682 idjustiﬁcatus
1946 2627 2108 2666 sum:

460 2694 654 2749 adhuc
709 2697 867 2750 enim
928 2698 1231 2751 communi
1282 2697 1486 2768 judice
1572 2699 1719 2752 mihi
1791 2717 1938 2770 opus
1998 2705 2108 2768 est,

459 2781 680 2853 illoque
708 2783 976 2839 nondum
1009 2801 1043 2839 a
1073 2801 1251 2840 causa
1284 2785 1647 2852 discedente,
1681 2787 1743 2840 in
1784 2787 2108 2841 certamine

459 2888 528 2926 ac
561 2872 770 2926 timore
802 2871 995 2928 adhuc
1021 2889 1174 2940 sum,
1210 2880 1494 2944 tanquam
1528 2874 1794 2930 nondum
1817 2875 2109 2946 justiﬁca-

461 2965 575 3014 tus.
611 2961 826 3015 Verum
858 2977 1051 3032 neque
1099 2969 1414 3034 propterea
1468 2962 1630 3018 vobis
1682 2965 1956 3019 convenit
2004 2966 2103 3034 qui

453 3047 940 3119 praedicationem
974 3053 1298 3124 suscipitis,
1330 3058 1396 3107 ut
1427 3069 1560 3108 cum
1603 3053 1973 3108 hmsitatione
2003 3071 2106 3109 vos

454 3153 591 3210 erga
613 3155 706 3194 me
728 3139 1019 3209 habeatis,
1039 3141 1424 3214 autjudicare
1458 3142 1577 3197 siVe
1603 3142 1928 3214 dijudicare
1949 3161 2101 3214 pra:-

2247 554 2540 628 ἀνακριθῶ.
2579 556 2807 611 »Τοῦτο
2868 551 2925 608 δέ
2983 575 3176 632 φησιν,
3235 554 3336 608 ούκ
3392 552 3634 626 ἐπαίρων
3698 553 3914 614 ἑαυτὸν,

2243 643 2391 700 ἀλλά
2418 645 2480 699 τὸ
2510 643 2714 718 πρέπον
2746 644 2960 717 ἀξίωμα
2989 649 3070 717 τῷ
3115 643 3427 721 κηρύγματι
3487 644 3579 699 καὶ
3627 647 3704 718 τῇ
3762 640 3916 698 διδα-

2243 733 2437 804 σκαλίᾳ
2470 733 2777 810 φυλάττων.
2808 733 2874 791 Ei‘
2903 734 3007 808 γὰρ
3034 734 3190 789 αὐτὸν
3245 731 3792 808 ἐπολυπραγμόνουν
3827 734 3915 787 καὶ

2243 822 2519 893 ἐξήταζον,
2550 821 2639 877 καί
2667 823 2718 878 ὲν
2751 819 3035 896 δισταγμῷ
3067 825 3242 898 εἶχον,
3278 822 3460 898 σχολῇ
3492 825 3539 898 γ’
3574 821 3641 876 ἄν
3686 823 3758 876 τὰ
3790 823 3913 896 παρ’

2240 911 2426 972 αὐτοῖς
2449 913 2829 985 κηρυσσόμενα
2857 913 2946 967 καὶ
2981 910 3342 986 διδασκόμενα
3397 910 3773 986 παρεδέξαντο
3829 913 3906 966 ἄν.

2239 998 2497 1074 Εὐλόγως
2537 999 2641 1075 ἄρα
2696 1003 2783 1057 καὶ
2841 1007 3022 1078 σοφῶς
3080 1003 3171 1056 καὶ
3228 1000 3313 1056 ἐπὶ
3371 1005 3439 1074 τῇ
3498 1005 3655 1078 σφῶν
3733 1002 3910 1055 αὐτῶν

2238 1089 2502 1163 σωτηρίᾳ,
2560 1093 2658 1161 τὴν
2715 1091 2974 1161 τοιαύτην
3031 1089 3306 1165 ὑπόληψιν
3373 1090 3463 1144 καὶ
3544 1091 3904 1163 περιπέτειαν

2237 1175 2417 1228 αὐτῶν
2450 1175 2877 1251 προαναστέλλει
2909 1178 3000 1231 καὶ
3059 1175 3400 1252 ἐπιρραπίζει
3457 1176 3546 1230 καὶ
3613 1175 3904 1248 ἀπιμόνως

2235 1265 2464 1337 ἀναιρεῖ.
2500 1267 2630 1320 Εἶτα
2653 1264 2741 1320 ’ίνα
2774 1268 2850 1338 μὴ
2888 1263 3016 1341 δόξῃ
3049 1265 3177 1340 οὐχὶ
3234 1270 3330 1320 τοῦ
3376 1285 3750 1342 κηρύγματος
3799 1266 3904 1319 ’ἐνε-

2234 1373 2301 1407 κα
2330 1358 2496 1408 ταῦτα
2525 1354 2694 1410 εἰπεῖν
2723 1357 2810 1411 καὶ
2869 1357 2968 1423 τῆς
3025 1362 3210 1424 κοινῆς
3264 1351 3556 1431 ὡφελείας,
3605 1354 3771 1408 ἀλλὰ
3821 1375 3902 1408 σε-

2237 1435 2525 1514 μνολογῶν
2557 1440 2646 1495 καὶ
2677 1439 2913 1516 ἐπαίρων
2946 1441 3156 1510 ἑαυτὸν,
3188 1439 3397 1515 ἐπα-(ει.
3437 1463 3459 1490 ι
3502 1437 3686 1496 ‘All’
3722 1437 3823 1494 οὐκ
3853 1441 3900 1493 ἐν

2231 1525 2410 1600 τούτῳ
2443 1525 2824 1603 δεδικαίωμαι.
2862 1553 2890 1582 ››
2940 1530 3002 1586 Εἰ
3057 1530 3157 1604 γὰρ
3216 1529 3304 1582 καὶ
3365 1531 3438 1602 μή
3494 1526 3709 1601 ἔξεστιν
3776 1530 3899 1601 ὑμῖν

2230 1615 2535 1691 ἀνακρίνειν
2565 1617 2682 1692 ἐμὲ,
2722 1619 2862 1691 μήτε
2905 1617 3094 1680 ἁπλῶς
3154 1615 3351 1679 ἄλλοις
3410 1612 3758 1694 ἀνθρώκοις,
3807 1618 3898 1674 ἀλ-

2230 1702 2302 1759 λά
2343 1708 2768 1768 πεπιστευκότας
2827 1706 2968 1781 ὑμᾶς
3015 1707 3105 1762 καὶ
3165 1699 3557 1786 ἀναμφιϐόλως
3627 1703 3899 1782 διακειμέ-

2227 1814 2348 1856 νους
2377 1795 2512 1868 πρὸς
2550 1794 2667 1868 ἐμὶ,
2701 1791 2785 1850 δεῖ
2826 1797 3163 1871 καρποῦσθαι
3217 1797 3314 1865 τὴν
3368 1800 3465 1851 τοῦ
3520 1796 3894 1872 κηρύγματος

2230 1880 2493 1961 ὠφέλειαν
2518 1885 2608 1939 καὶ
2667 1881 3043 1951 διδασκαλίαν,
3102 1886 3193 1940 καὶ
3235 1879 3490 1940 τοσὸὖτον
3537 1892 3764 1949 πιστῶς
3804 1887 3889 1941 καὶ

2227 1969 2642 2051 ἀναμφιϐόλως,
2700 1974 2774 2038 ὡς
2832 1972 3043 2036 εἰδότας
3093 1973 3177 2029 ὅτι
3235 1973 3359 2030 οὐδὲ
3416 1973 3665 2048 ἐμαυτὸν
3733 1976 3890 2037 αὐτὸς

2226 2059 2525 2136 ἀνακρίνειν
2557 2059 2695 2138 ἔχω,
2727 2065 2885 2138 ἱὅπερ
2945 2063 3055 2118 ἐστὶ
3115 2064 3366 2140 μέγιστον
3418 2064 3507 2119 καὶ
3569 2065 3889 2140 ἀπαράγρα-

2225 2172 2358 2206 πτον
2392 2153 2585 2226 ἀρετῆς
2619 2153 2938 2229 μαρτύριον,
3004 2153 3152 2227 εἲπερ
3205 2155 3339 2208 κατὰ
3386 2153 3662 2224 ἀλήθειαν
3709 2153 3886 2216 ούδεές

2225 2238 2341 2295 οἶδε
2373 2243 2438 2297 τὰ
2466 2246 2563 2296 τοῦ
2593 2243 2904 2314 ἀνθρώπου,
2938 2243 2982 2296 εἰ
3017 2245 3094 2315 μή
3151 2244 3214 2297 τὸ
3269 2247 3480 2315 πνεῦμα
3523 2244 3591 2299 τὸ
3643 2243 3883 2300 ἐνοικοῦν

2223 2329 2390 2401 αὐτῷ.
2453 2329 2608 2389 Ἀλλ’
2667 2331 2710 2384 εἰ
2767 2331 2857 2386 καὶ
2943 2337 3110 2387 ταῦτα
3166 2330 3277 2386 ἔστι
3338 2353 3454 2406 μοι,
3528 2333 3729 2411 φησίν,
3789 2337 3882 2391 οὐκ

2224 2418 2275 2474 ἰν
2309 2419 2486 2493 τούτῳ
2515 2413 2903 2495 δεδέκαίωμαι.
2959 2423 3075 2476 Ἐτι
3136 2421 3240 2495 γὰρ
3296 2426 3393 2477 τοῦ
3439 2429 3636 2478 κοινοῦ
3694 2432 3876 2501 κριτοῦ

2221 2507 2432 2582 δένμαι,
2463 2508 2667 2564 ἐκείνου
2701 2507 2758 2564 δέ
2805 2513 2974 2582 μήπω
3034 2511 3211 2581 πάσης
3272 2511 3497 2589 ἀφέντος
3557 2513 3763 2585 ait-51;,
3822 2516 3870 2568 ἐν

2218 2597 2385 2673 ἀγῶνι
2411 2598 2501 2652 καὶ
2531 2596 2582 2652 ἐι
2616 2594 2770 2676 φόϐῳ
2801 2599 2914 2672 ιῖμὶ
2936 2601 3009 2661 ὼς
3038 2601 3208 2673 μήπω
3235 2596 3687 2673 δεδικαιωμένος.
3715 2603 3866 2659 Ἀλλ’

2217 2682 2344 2741 οὐδὲ
2375 2685 2463 2741 διὰ
2491 2691 2650 2742 τοῦτο
2707 2695 2978 2761 προσῆκεν
3042 2689 3182 2761 ὑμᾶς
3238 2689 3364 2750 τοὺς
3419 2685 3857 2767 ὑποδεχομένους

2213 2777 2275 2831 τὸ
2304 2777 2584 2850 κήρυγμα,
2627 2773 2954 2856 ἀμφιϐόλως
2985 2777 3132 2856 ἔχειν
3160 2779 3282 2852 περὶ
3315 2775 3432 2847 ἐμὲ,
3535 2781 3733 2853 κρίνειν
3769 2782 3852 2836 καὶ

2213 2865 2514 2938 ἀνακρίνειν
2547 2865 2915 2938 κατατολμᾷν,
2964 2867 3052 2920 καὶ
3086 2866 3114 2920 ὅ
3149 2867 3316 2939 μόνου
3368 2867 3478 2922 ἐστὶ
3530 2873 3622 2922 τοῦ
3664 2873 3843 2923 κοινοῦ

2210 2958 2420 3027 κριτοῦ,
2455 2954 2529 3015 εἰς
2572 2959 2738 3010 τοῦτο
2789 2954 3010 3017 ἑαυτοὺς
3067 2955 3512 3026 ἀναισθητοῦντας
3558 2962 3823 3026 συνωθεῖν,

2210 3042 2300 3098 καὶ
2356 3045 2449 3099 τὸν
2506 3045 2691 3118 καιρὸν
2749 3045 2960 3107 ἑαυτοῖς
3016 3045 3390 3121 προαρπάζειν
3442 3050 3534 3113 τῆς
3584 3045 3822 3119 κρίσεως.

2211 3133 2275 3188 Εἰ
2307 3130 2363 3187 δὲ
2409 3134 2493 3204 τὸ,
2548 3139 2787 3204 Ζητεῖτε,
2843 3134 2916 3196 ὡς
2983 3135 3378 3209 προστακτικὸν
3431 3133 3692 3211 ἐκληφθῇ,
3715 3135 3751 3202 ἦ
3781 3154 3837 3186 τε

453 3228 722 3294 sumatis,
755 3235 858 3285 aut
887 3230 1046 3300 quod
1070 3233 1407 3287 communis
1440 3232 1768 3304 estjudicis
1799 3233 2100 3288 insensate

2214 3222 2506 3299 σύμφασις,
2539 3225 2612 3286 ὡς
2647 3221 2840 3295 δῆλον,
2901 3221 3057 3278 οὐδὲν
3112 3224 3310 3300 ἀσαφὲς
3376 3220 3502 3293 ἕξει,
3553 3226 3640 3279 καὶ
3675 3226 3702 3279 ὁ
3731 3228 3848 3285 νοῦς

451 3317 614 3372 vobis
637 3319 782 3389 ipsis
809 3321 1076 3390 rapiatis,
1111 3339 1177 3376 ac
1209 3329 1444 3393 tempus
1467 3323 1679 3394 judicii
1704 3323 1776 3378 ad
1800 3341 1898 3378 vos
1928 3329 2104 3380 antea

450 3404 747 3461 derivetis.
783 3407 838 3460 Si
872 3424 1004 3462 vero
1034 3423 1154 3464 non
1213 3413 1474 3478 ζητεῖται,
1534 3411 1593 3464 id
1637 3416 1746 3478 est,
1792 3413 2101 3482 qumritur,

449 3493 552 3548 sed
587 3497 818 3564 ζητεῖτε,
842 3497 913 3580 ‘id
937 3503 1050 3565 est,
1082 3511 1212 3569 quas
1264 3501 1378 3554 rite
1426 3501 1772 3571 accipiatur,
1816 3507 2099 3571 tanquam

452 3581 802 3653 imperantis
834 3591 935 3640 aut
964 3587 1354 3653 consulentis,
1409 3593 1570 3654 tunc,
1604 3594 1670 3643 ut
1716 3590 2100 3646 manifestum

447 3675 558 3738 est,
591 3672 742 3726 nihil
773 3673 1152 3730 obscuritatis
1184 3675 1447 3741 habebit,
1483 3677 1585 3732 sed
1616 3676 1809 3732 facilis
1841 3680 1953 3733 erit
2002 3680 2096 3733 in-

447 3760 742 3816 tellectus.
766 3785 793 3812 «
821 3763 957 3818 Mihi
985 3779 1118 3820 vero
1138 3766 1623 3838 indignissimum
1654 3772 1742 3822 est.
1775 3772 1838 3821 ut
1868 3784 1902 3823 a
1929 3769 2095 3824 vobis

434 3848 690 3920 judicer.
730 3870 758 3900 η
788 3853 870 3907 Ne
901 3852 1013 3908 hoe
1043 3860 1331 3925 prmtextu
1360 3853 1431 3909 de
1463 3855 1592 3926 ipso
1624 3871 1861 3926 quoque
1911 3857 2094 3912 Paulo

442 3937 832 4010 ambigerem,
863 3956 1008 3996 num
1041 3942 1234 3999 ﬁdelis
1265 3949 1422 3999 esset
1451 3943 1827 4015 dispensator
1865 3959 2088 4013 annon,

442 4027 600 4097 quod
631 4029 844 4084 fuisset
871 4030 1098 4085 eversio
1157 4030 1293 4086 ﬁdei
1338 4032 1627 4103 ipsorum,
1672 4049 1842 4088 suam
1893 4039 2092 4088 tuetur

440 4131 779 4187 personam,
814 4119 1057 4176 dicens:
1093 4141 1120 4170 (ι
1158 4121 1471 4192 Indignum
1519 4120 1690 4189 duco,
1737 4127 1803 4177 ut
1853 4135 1887 4177 a
1936 4137 2087 4193 quo-

439 4219 617 4276 quam
648 4206 960 4279 dijudicer.
996 4229 1024 4259 »
1059 4209 1178 4264 Hoc
1209 4215 1405 4265 autem
1439 4227 1558 4265 non
1592 4226 1660 4266 ex
1694 4210 1954 4266 elatione
1985 4211 2088 4279 ait,

438 4293 538 4347 sed
571 4300 636 4348 ut
664 4293 806 4362 dixi,
831 4296 1050 4352 timens
1078 4312 1152 4353 ne
1184 4297 1425 4353 dubiam
1485 4297 1605 4352 illis
1653 4297 1832 4352 ﬁdem
1889 4299 2084 4356 faciat.

436 4403 464 4431 κ
498 4385 606 4438 Aut
635 4383 706 4438 ab
749 4384 1010 4440 humano
1045 4385 1160 4442 die.
1187 4409 1214 4436 »
1239 4391 1356 4442 [Ioc
1383 4385 1610 4442 addens
1631 4387 1895 4442 ostendit
1927 4387 2086 4457 quod

433 4472 557 4526 Non
585 4487 619 4527 a
649 4473 813 4530 vobis
846 4481 1102 4543 tantum,
1133 4475 1353 4548 inquit,
1383 4476 1522 4531 nolo
1545 4475 1803 4546 judicari
1840 4476 2082 4548 (alioqui

2205 3313 2528 3387 πρὸχειρος.
2563 3338 2588 3365 ‹‹
2624 3314 2782 3385 Ἐμοὶ
2816 3311 2874 3367 δὲ
2904 3312 2978 3375 εἰς
3012 3312 3305 3388 ἐλάχιστός
3335 3313 3500 3370 ἐστιν.
3533 3339 3559 3364 ››
3610 3316 3726 3369 Ἵνα
3780 3315 3850 3386 μὴ

2205 3399 2265 3456 ἐκ
2320 3408 2424 3470 τῆς
2466 3403 2786 3480 προφάσεως
2843 3402 3047 3471 ταύτης
3094 3402 3182 3458 καὶ
3241 3402 3401 3458 αὐτὸν
3456 3402 3713 3474 μέλλωσι
3765 3409 3849 3457 τὸν

2201 3487 2416 3546 ΙΙαῢλον
2446 3489 2497 3544 ἐν
2552 3487 2850 3570 ἀμφιϐόλῳ
2908 3486 3080 3566 ἔχειν,
3113 3491 3157 3546 εἰ
3190 3491 3378 3554 πιστός
3437 3491 3582 3548 ἐστιν
3641 3493 3852 3548 οἰκονό-

2203 3600 2304 3651 μος
2407 3577 2490 3648 ού,
2523 3576 2653 3654 ὅπερ
2687 3579 2826 3634 έστῖν
2871 3581 3149 3653 ἀνατροπὴ
3205 3588 3307 3650 τῆς
3360 3583 3598 3644 πίστεως
3647 3583 3848 3650 αὐτῶν,

2196 3667 2258 3721 τὸ
2292 3668 2455 3722 αύτοῦ
2485 3668 2834 3746 ἀσφαλίζεται
2891 3669 3204 3742 πρόσωπον,
3266 3669 3466 3743 λέγων,
3522 3695 3549 3721 ι(
3587 3673 3848 3742 Ἀναξιον,

2198 3757 2382 3835 φησὶν,
2413 3761 2682 3832 ἡγοῦμαι,
2715 3759 2775 3813 τὸ
2808 3759 2909 3812 ὑπό
2963 3779 3107 3818 τινος
3152 3759 3547 3835 ἁνακρίνεσϐαι.
3587 3785 3617 3812 ››
3677 3765 3848 3820 Τοῦτο

2198 3843 2274 3917 δὶ,
2309 3845 2368 3900 ού
2405 3846 2542 3922 μέγα
2574 3853 2784 3923 φρονῶν
2815 3848 2982 3924 λέγει,
3016 3845 3165 3919 ἀλλ’,
3224 3849 3297 3909 ὡς
3353 3851 3526 3917 εἷπον,
3579 3847 3848 3913 δεδοικὼς

2200 3936 2276 4007 μή
2312 3927 2622 4012 ἀμφίϐολον
2666 3937 2855 4000 αὐτοῖς
2906 3937 3006 4006 τὴν
3061 3935 3240 3992 πίστιν
3296 3939 3526 4012 ποιήσῃ.
3563 3962 3591 3991 ex
3623 3940 3695 3995 Ἥ
3752 3939 3846 3995 ὑπὸ

2195 4023 2558 4098 ἀνθρωπίνης,
2592 4047 2621 4077 ››
2654 4028 2828 4081 Τοῦτο
2861 4026 3136 4101 προσθεὶς,
3169 4020 3384 4096 ἔδειξεν,
3437 4027 3521 4081 ὃτι
3567 4027 3642 4081 Οὐ
3676 4031 3846 4100 μόνον

2194 4115 2320 4188 παρ’
2355 4114 2508 4186 ὑμῶν
2541 4113 2640 4169 οὐκ
2697 4114 2828 4186 ἀξιῶ
2887 4115 3259 4186 ἀνακρίνεσθαι
3427 4115 3530 4189 γὰρ
3585 4115 3644 4170 ἂν
3710 4119 3852 4174 εύτε-

2195 4199 2346 4266 λείας
2375 4202 2440 4271 ἦν
2474 4202 2664 4275 αὐτῷ),
2693 4201 2820 4258 ἀλλ’
2849 4201 2977 4258 οὐδὲ
3001 4205 3127 4277 παρ’
3149 4201 3345 4259 allow
3365 4209 3538 4259 Τοῦτο
3561 4200 3846 4276 δηλοῖ,τὸ,

2193 4289 2320 4346 ἀλλ’
2344 4289 2472 4345 οὐδὲ
2502 4291 2606 4345 ὑπὸ
2637 4290 2977 4364 ἀνθρωπίνης
3012 4291 3244 4366 ἡμέρας.
3277 4317 3303 4344 ι(
3336 4291 3493 4348 Ἀλλ’
3519 4290 3646 4347 οὐδὲ
3679 4293 3845 4368 ἐμαυ-

2191 4380 2282 4435 τὸν
2309 4375 2596 4455 ἀνακρίνω.
2627 4405 2654 4433 η
2695 4380 3004 4454 Τουτέστιν,
3054 4380 3177 4437 οὐδὲ
3226 4381 3412 4437 ἑαυτὸν
3467 4384 3648 4458 ἀρκεῖν
3701 4386 3844 4460 λέγει

2189 4471 2325 4542 πρὸς
2359 4471 2454 4538 τήν
2498 4471 2755 4541 τοιαύτην
2803 4478 2903 4540 τῆς
2931 4471 3128 4546 κρίσεω
3150 4492 3174 4532 ς
3203 4466 3505 4548 ἀκρίϐειαν,
3538 4471 3656 4526 ἐπεὶ
3693 4471 3844 4544 Μηδὲ

428 4559 540 4616 hoc
561 4562 636 4616 ad
668 4569 1076 4636 contemptum
1108 4565 1221 4636 ipsi
1283 4565 1561 4635 cederet),
1609 4565 1713 4619 sed
1769 4581 1962 4636 neque
2006 4566 2078 4621 ab

2214 4556 2411 4614 τόνοιδά
2437 4581 2490 4615 τι
2521 4551 2761 4632 ἐμαυτῷ·
2811 4557 2940 4616 ἀλλ’
2970 4559 3070 4615 οὐκ
3117 4559 3168 4615 ἐν
3225 4562 3401 4634 τούτῳ
3454 4557 3838 4637 δεδικαίωμαι.

427 4649 582 4704 alio:
617 4663 754 4706 nam
787 4653 898 4708 hoc
931 4652 1225 4726 signiﬁcat
1255 4653 1413 4724 quod
1443 4652 1609 4707 addit
1640 4675 1667 4703 ‹‹
1703 4655 1810 4708 Aut
1841 4654 1914 4708 ab
1975 4655 2077 4710 hu-

425 4754 602 4793 mano
634 4739 751 4796 die.
774 4765 800 4790 ››
822 4771 893 4784 -
917 4763 938 4792 ι
972 4743 1083 4798 Sed
1118 4757 1228 4798 nec
1253 4743 1545 4814 meipsum
1578 4742 1858 4813 dijudico.
1891 4766 1919 4792 η
1953 4744 2070 4798 Hoc

427 4832 534 4892 est,
568 4829 726 4898 quod
759 4845 866 4886 nec
909 4831 1169 4902 seipsum
1205 4831 1346 4886 dicit
1390 4831 1660 4886 sufﬁcere
1693 4831 1764 4886 ad
1799 4838 2070 4887 exactum

424 4915 764 4987 hujusmodi
784 4919 1115 4987 judicium:
1153 4921 1433 4990 quoniam
1456 4943 1480 4969 α
1506 4921 1734 4975 Nullius
1765 4921 1911 4975 mihi
1933 4939 2071 4976 con-

422 5005 578 5061 scius
613 5023 766 5074 sum,
799 5008 904 5063 sed
935 5025 1055 5064 non
1086 5009 1158 5064 ob
1179 5010 1614 5081 idjustiﬁcatus
1637 5027 1826 5065 sum.»
1860 5011 2076 5082 Nejac-

419 5097 620 5154 tantis:
645 5097 824 5154 ducas
849 5113 978 5155 esse
1002 5101 1160 5170 quod
1178 5100 1402 5157 dictum
1428 5101 1855 5173 est,subjungit
1874 5118 1886 5155 :
1905 5124 1932 5152 α
1962 5102 2072 5157 Sed

2189 4655 2297 4703 ’Ίνα
2329 4651 2406 4721 μὴ
2437 4647 2670 4724 νομίσῃς
2690 4651 3018 4724 καυχήσεως
3067 4651 3200 4706 εἶναι
3255 4651 3320 4705 τὸ
3374 4649 3695 4726 εἰρημένον,
3751 4651 3836 4707 ἐπ-

2182 4739 2322 4811 άγει·
2340 4763 2367 4789 ι(
2391 4736 2662 4795 Ἀλλόύκ
2683 4737 2734 4793 ἐν
2757 4738 2936 4811 τούτῳ
2965 4736 3386 4813 δεδικαίωμαι.»
3401 4741 3515 4797 Οὐκ
3529 4737 3823 4816 ἕχω,φησὲ,

2183 4829 2244 4882 τὸ
2276 4827 2531 4904 ἀσφαλὲς,
2562 4825 2607 4882 εί
2640 4829 2715 4900 μή
2750 4829 2778 4882 ὁ
2801 4827 2929 4890 Θεός
2951 4850 3017 4901 με
3039 4826 3338 4884 δικαιώσει.
3363 4831 3424 4886 Ti
3451 4829 3550 4904 γὰρ
3578 4830 3625 4884 εἰ
3650 4831 3830 4904 ἥμαρ-

2181 4937 2272 4971 τον
2305 4934 2318 4984 ;
2357 4918 2432 4989 μή
2467 4916 2592 4988 ὑμῖν
2643 4917 2869 4989 ἐνόμισα
2921 4918 3343 4992 ἡμαρτηκέναις
3397 4921 3558 4982 ’Ὅθεν
3618 4917 3824 4995 ἐπάγεισ
3877 4935 3881 4938 ’

2189 5027 2211 5057 ι
2245 5009 2300 5059 Ὁ
2340 5007 2534 5080 κρίνων
2594 5025 2682 5078 με,
2735 5005 2892 5079 φησὶ,
2949 5005 3154 5081 Κύριός
3210 5006 3375 5067 ἐστιν.
3409 5031 3436 5058 ››
3494 5008 3554 5064 Ὀ
3615 5007 3825 5078 ἀληθής

2181 5098 2396 5171 κριτής.

413 5203 535 5243 non
565 5187 640 5244 ob
671 5187 731 5244 id
752 5188 1119 5261 justiﬁcatus
1151 5203 1310 5245 sum.
1357 5209 1382 5240 ι
1421 5192 1542 5246 Non
1574 5206 1839 5260 possum,
1872 5190 2086 5260 inquit,
2121 5203 2367 5244 securus
2399 5203 2529 5242 esse
2560 5186 2677 5242 nisi
2711 5189 2866 5242 Deus
2889 5204 2982 5243 me
3016 5188 3454 5260 justiﬁcaverit.
3482 5188 3636 5254 Quid
3667 5187 3826 5244 enim

414 5277 462 5331 si
495 5293 805 5348 peccarem
830 5277 858 5333 ?
887 5293 1031 5334 num
1057 5278 1222 5334 vobis
1252 5295 1530 5351 peccasse
1561 5279 1884 5335 arbitrarer
1911 5280 1938 5335 7
1971 5279 2132 5335 Unde
2164 5277 2291 5349 subj
2304 5276 2503 5348 ungit:
2533 5296 2556 5328 ι
2583 5276 2691 5342 Qui
2715 5276 3003 5349 dijudicat
3027 5295 3121 5334 me
3143 5277 3429 5334 Dominus
3459 5282 3568 5332 est.
3586 5300 3612 5325 υ
3649 5279 3826 5332 Verus

411 5380 628 5438 nempe
651 5367 855 5438 judex.

479 5537 576 5603 IV,
606 5540 658 5592 5.
692 5534 883 5610 negas
912 5558 978 5598 ne
1003 5549 1130 5597 ante
1160 5548 1370 5614 tempus
1418 5542 1728 5613 quidquam
1773 5543 2060 5612 judicans.

409 5613 683 5694 tantisper
703 5627 833 5682 dum
880 5634 1065 5686 veniat
1111 5613 1389 5696 Dominus,
1441 5632 1539 5700 Qui
1585 5631 1800 5686 occulta
1846 5647 2063 5702 quoque

2242 5539 2401 5593 ’Ὥστε
2435 5539 2509 5609 μή
2545 5538 2649 5610 πρὸ
2681 5543 2878 5614 καιροῦ
2943 5560 2995 5593 τι
3051 5540 3285 5614 κρίνετε,
3335 5536 3434 5599 ἕως
3483 5539 3541 5593 ἄν
3605 5532 3735 5611 ἔλθῃ
3791 5535 3818 5590 ὁ

2175 5627 2396 5701 Κύριος,
2450 5617 2506 5686 ὅς
2565 5627 2654 5680 καὶ
2713 5628 2940 5704 φωτίσει
2995 5629 3062 5682 τὰ
3146 5629 3354 5702 κρυπτᾶ
3421 5631 3516 5682 τοῦ
3574 5627 3814 5693 σκότους,

3999 5135 4005 5177 l
