4106 6252
210 369 333 430 685

1219 375 1623 437 COMMENT.
1673 371 1746 434 IN
1796 370 2044 432 EPIST.
2087 370 2112 430 1
2158 370 2262 429 AD
2307 371 2677 432 CORINTH.

3519 375 3640 436 686

220 501 312 556 καὶ
348 503 663 578 φανερώσει
720 505 815 567 τάς
873 503 1078 580 βουλάς
1136 507 1242 561 τῶν
1299 504 1560 583 καρδιῶν,
1617 504 1707 560 καὶ
1764 503 1878 558 τότε

2000 503 2304 558 illustrabit
2327 505 2672 558 tenebrarum
2693 510 2743 558 et
2757 503 3080 574 propalabit
3101 504 3329 560 consilia
3359 506 3606 562 cordium
3623 524 3645 561 ,ο

225 593 252 648 ὸ
290 590 510 655 ἔπαινος
545 594 833 667 γενήσεται
866 591 972 648 ἀπὸ
1002 599 1159 653 Θεοῦ.

305 680 372 738 El
402 677 495 736 οὖν
525 679 620 736 καὶ
668 684 759 738 τὸν
815 679 987 757 μηδὲν
1051 685 1224 758 ἑαυτῷ
1282 681 1559 740 συνειδότα
1614 683 1642 737 ὃ
1697 681 1890 757 Κύριος

224 772 426 844 κρίνει,
456 777 590 836 καθὸ
621 771 784 835 αὐτὸς
816 772 990 828 έστιον
1021 775 1050 828 ὁ
1079 769 1250 837 ὅντως
1294 774 1384 830 καὶ
1415 775 1629 845 ἀληθὴς
1676 772 1889 847 κριτής,

225 860 278 916 τί
317 859 384 932 δή
418 881 551 917 ποτε
584 863 739 936 ὑμεῖς
780 863 984 938 κρίνετε
1037 865 1162 927 τοὺς
1207 861 1480 944 ἀδελφοὺς
1536 865 1730 937 ὑμῶνς
1786 863 1887 919 Ἠν

227 951 338 1027 γὰρ
370 951 461 1006 καὶ
487 955 650 1006 τοῦτο
692 954 820 1027 παρ’
878 953 1064 1016 αὐτοῖς
1124 954 1185 1009 τὸ
1232 955 1468 1027 νόσημα,
1499 953 1530 1009 6'
1557 953 1645 1008 καὶ
1697 957 1888 1026 πειρᾶ-

221 1060 316 1094 ται
353 1035 674 1115 διορθῶσαι.

307 1127 511 1186 Ἀλλο.
547 1131 804 1206 Παραινεῖ
835 1133 913 1205 μή
946 1129 1236 1188 σπουδαῖον
1266 1135 1516 1209 ἡγεῖσθαι
1546 1132 1609 1187 τὸ
1667 1128 1888 1194 ἑαυτοὺς

229 1215 493 1289 έκδικεῖν,
523 1219 663 1294 μηδὲ
687 1223 747 1276 τὸ
778 1222 979 1296 κρίνειν
1008 1222 1134 1283 τοὺς
1163 1222 1536 1299 ἡμαρτηκέναι
1573 1220 1883 1289 δοκοῦντας,

239 1307 383 1382 μηδὲ
411 1312 766 1385 ταράσσεσθαι
798 1316 914 1372 τοῖς
946 1310 1032 1366 ἐπὶ
1061 1316 1159 1366 τοῦ
1189 1313 1454 1386 παρόντος
1485 1313 1578 1373 τὰς
1617 1317 1726 1366 τῶν
1759 1313 1884 1378 θνη-

228 1407 345 1455 τῶν
371 1399 522 1474 ὄψεις
544 1396 1011 1468 διαλανθάνουσιν,
1039 1399 1263 1476 ἐπείπερ
1292 1401 1455 1464 αὐτὸς
1479 1403 1507 1456 ὁ
1530 1399 1734 1476 Κύριος
1764 1399 1886 1455 έπι-

240 1491 392 1558 στὰς,
423 1494 525 1544 τῶν
555 1491 648 1562 μὲν
678 1485 912 1560 ἀσεϐῶν,
938 1491 1162 1568 φωτίσει
1182 1493 1247 1546 τά
1268 1492 1479 1566 κρυπτὰ
1505 1493 1604 1546 τοῦ
1637 1490 1880 1560 σκότους,

234 1582 347 1635 τῶν
378 1577 434 1634 δὲ
463 1580 708 1652 κοσμίων
739 1579 830 1634 καὶ
861 1575 1128 1635 θεοσεϐὦν
1160 1577 1231 1634 δι’
1262 1579 1553 1636 ἐπιείκειαν
1601 1580 1693 1634 καὶ
1744 1576 1881 1634 ἰδιο-

230 1668 624 1744 πραγμοσῦνην
656 1668 746 1724 καὶ
794 1669 1165 1734 λανθανόντων
1219 1671 1346 1731 τοὺς
1403 1667 1674 1739 πολλοὺς,
1722 1689 1883 1748 φανε-

231 1760 400 1832 ρώσει
432 1760 527 1820 τὰς
565 1758 770 1833 βουλάς
805 1764 913 1813 τῶν
969 1756 1224 1834 καρδιῶν.
1285 1761 1384 1822 Οἷς
1442 1759 1531 1814 καὶ
1577 1759 1670 1813 τὸν
1725 1753 1878 1812 ἔπαι-

2000 609 2062 647 αο
2094 599 2222 647 lunc
2253 591 2370 649 laus
2401 595 2507 648 erit
2537 609 2571 647 a
2597 595 2726 648 Deo.

2065 681 2230 746 Quod
2261 681 2308 736 si
2343 697 2478 737 eum
2510 695 2745 755 quoque
2769 679 3001 755 judicat
3032 681 3315 739 Dominus
3346 685 3446 757 qui
3507 684 3642 744 nul—

1993 768 2108 826 lius
2141 769 2251 826 sibi
2284 771 2556 827 conscius
2589 776 2696 842 est,
2731 788 2798 826 eo
2830 771 2988 845 quod
3018 771 3144 845 ipse
3199 779 3398 829 rectus
3449 775 3524 830 sit
3574 795 3642 833 ac

1990 877 2163 917 verus
2183 859 2390 933 judex,
2424 877 2528 917 cur
2549 878 2652 916 vos
2675 879 2899 933 quaeso,
2923 861 3136 917 fratres
3165 869 3385 918 vestros
3403 863 3639 936 judica-

1991 948 2108 1005 tis‘?
2138 953 2281 1008 Nam
2315 957 2372 1006 et
2400 950 2494 1006 hic
2527 950 2769 1006 morbus
2827 951 2982 1026 apud
3039 952 3200 1024 ipsos
3261 959 3407 1022 erat,
3459 973 3637 1027 quem

1990 1038 2166 1095 etiam
2207 1039 2500 1114 corrigere
2534 1041 2766 1098 nititur.

2059 1139 2210 1195 440
2235 1139 2416 1195 Aliud.
2439 1140 2734 1196 Admonet
2754 1140 3160 1198 nehonestum
3182 1158 3309 1197 esse
3330 1139 3550 1199 ducant
3571 1161 3632 1200 se

1987 1227 2146 1298 ipsos
2173 1228 2399 1298 ulcisci,
2419 1246 2612 1301 neque
2632 1230 3017 1300 eosjudicent
3038 1231 3138 1302 qui
3163 1247 3405 1302 peccare
3433 1232 3635 1288 viden-

1989 1320 2084 1370 tur
2109 1332 2121 1369 :
2143 1333 2336 1386 neque
2360 1317 2673 1372 turbentur
2695 1317 2766 1372 ob
2791 1335 2858 1372 ea
2880 1335 3010 1389 quae
3037 1318 3147 1374 hoc
3178 1325 3442 1390 tempore
3474 1337 3633 1375 mor-

1985 1405 2194 1460 talium
2229 1407 2564 1479 aspectibus
2621 1409 2855 1464 occulta
2910 1414 3089 1465 sunt:
3148 1411 3635 1482 quandoquidem

1988 1495 2270 1550 Dominus
2303 1497 2428 1567 ipse
2477 1497 2578 1567 qui
2639 1497 2919 1552 omnibus
2968 1499 3268 1570 praesidet,
3318 1499 3636 1572 impiorum

1985 1583 2224 1653 quidem
2257 1585 2489 1641 occulta
2521 1586 2901 1642 tenebrarum
2933 1587 3256 1642 illustrabil
3289 1604 3303 1642 :
3338 1588 3637 1660 justorum

1983 1687 2118 1727 vero
2151 1674 2252 1744 qui
2288 1674 2347 1728 in
2379 1675 2602 1729 mundo
2636 1680 2796 1746 sunt,
2830 1676 2929 1748 qui
2964 1681 3143 1731 Deum
3201 1693 3309 1733 sua
3350 1678 3641 1734 modestia

1985 1777 2052 1817 ac
2083 1761 2378 1820 industria
2399 1764 2622 1832 colunt,
2650 1769 2708 1820 et
2729 1765 2904 1838 vulgo
2937 1765 3153 1821 occulti
3177 1771 3336 1833 sunt,
3371 1768 3636 1838 prepala-

222 1871 339 1917 νον,
372 1850 528 1928 φησὶ,
560 1851 879 1923 γενήσεσθαι
908 1849 1016 1904 ἀπὸ
1054 1854 1151 1905 τοῦ
1211 1853 1366 1905 Θεοῦ.
1419 1874 1447 1902 ι(
1479 1852 1581 1912 Ὃς
1623 1849 1714 1904 καὶ
1764 1870 1871 1927 φω·

1990 1850 2072 1906 bit
2100 1852 2351 1908 consilia
2381 1853 2688 1909 cordium:
2725 1853 2942 1925 quibus
2974 1855 3153 1910 etiam
3185 1854 3421 1910 laudem
3474 1856 3636 1910 futu-

218 1940 385 1994 τίσει.
423 1963 449 1989 ››
489 1941 613 2010 "Oc,
666 1939 824 2017 φησὶ,
879 1939 1177 2018 φανερώσει
1232 1939 1299 1995 τὰ
1346 1937 1398 1993 έν
1456 1941 1591 2012 ἡμῖν
1643 1939 1874 2014 κρυπτά.

219 2031 335 2088 Τοῦ
369 2028 598 2090 σκότους
629 2026 690 2084 δὲ
718 2025 870 2104 λέγει
905 2031 1000 2092 τὰς
1035 2029 1402 2091 λανθανούσας
1447 2030 1690 2102 πονηρὰς
1737 2029 1879 2103 πρά-

218 2122 350 2188 ξεις.
384 2117 667 2180 Ηολλάκις
723 2118 826 2195 γάρ
873 2139 954 2181 τις
1000 2120 1135 2174 κατὰ
1190 2119 1252 2173 τὸ
1310 2118 1630 2198 φαινόμενον
1685 2117 1881 2191 ἀγαθόν

218 2229 269 2263 τι
303 2207 553 2282 πράττει,
587 2210 622 2276 ἡ
656 2205 718 2262 δέ
769 2227 832 2284 γε
887 2208 1201 2283 προαίρεσις
1260 2206 1591 2262 λανθάνουσα
1641 2205 1876 2282 σφάλλε-

217 2319 329 2356 ται,
385 2321 413 2348 ‹‹
446 2297 551 2353 Καὶ
616 2297 913 2374 φανερώσει
971 2296 1066 2359 τὰς
1131 2294 1334 2370 βουλὰς
1389 2302 1495 2352 τῶν
1553 2293 1812 2372 καρδιῶν.
1850 2321 1878 2348 »

218 2389 402 2442 [Ῑάντα
447 2385 553 2461 γὰρ
609 2387 736 2459 παρ’
797 2385 944 2456 αὐτῷ
997 2385 1178 2462 γυμνὰ
1235 2385 1323 2461 ραὶ
1377 2384 1876 2464 τετραχηλισμένα,

213 2475 305 2530 καὶ
411 2471 566 2529 οὐδέν
670 2478 1018 2549 προσωπεῖον
1122 2470 1406 2537 εὐλαϐείας
1509 2472 1714 2551 ὠφελεῖ
1785 2475 1876 2528 τὸν

207 2562 439 2639 ἔχοντα.
475 2587 501 2614 ιι
537 2563 637 2619 Καὶ
695 2562 819 2618 τότε
850 2565 877 2618 ὁ
907 2562 1127 2626 ἔπαινος
1173 2566 1454 2640 γενήσεται
1505 2563 1610 2619 ἀπὸ
1655 2567 1809 2621 θεοῦ,
1849 2588 1875 2614 ι)

215 2658 346 2714 Ἐπὶ
372 2677 436 2712 το
467 2657 838 2734 εὔφημοτερον
879 2655 1072 2727 ἦλθεν.
1135 2657 1236 2716 Καὶ
1296 2657 1400 2735 γὰρ
1448 2658 1514 2728 ἦν
1572 2656 1874 2714 ἀκόλουθον

231 2746 435 2814 εἰπεῖν,
461 2745 597 2802 Τότε
624 2749 659 2814 ἡ
685 2747 922 2822 τιμωρία
951 2747 985 2817 ἢ
1019 2748 1047 2802 ὁ
1083 2743 1324 2816 ἔπαινος,
1357 2746 1482 2802 ἀλλ’
1530 2745 1608 2811 εἷς
1634 2747 1697 2802 τὸ
1731 2766 1876 2823 χρη-

232 2834 360 2889 στὸν
396 2833 613 2898 ἀπέθετο
640 2835 725 2890 τὸν
759 2833 948 2910 λόγον.

287 3116 468 3170 Ταῦτα
527 3110 602 3183 δὲ,
658 3111 912 3194 ἀδελφοὶ,
974 3115 1423 3190 μετεσχημάτισα
1483 3113 1559 3176 εἷς
1636 3115 1868 3190 ἐμαυτὸν

1985 1955 2114 1996 ram
2138 1957 2265 1997 esse
2290 1942 2435 1998 dicit
2459 1943 2644 1998 aDeo.
2667 1964 2694 1996 ι
2723 1943 2830 2008 Qui
2857 1944 3090 1999 occulta
3108 1959 3342 2016 quoque
3370 1944 3633 2000 illustra-

1986 2029 2071 2084 bit
2103 2031 2503 2088 tenebrarum.
2537 2055 2566 2085 »
2599 2032 2706 2098 Qui
2735 2033 3160 2099 manifestabit,
3183 2033 3543 2104 inquit,quae
3570 2035 3632 2088 in

1983 2121 2161 2176 nobis
2191 2122 2536 2178 abscondita
2565 2128 2722 2178 sunt.
2743 2123 3041 2179 Tenebras
3061 2139 3196 2178 vero
3219 2122 3364 2178 dicit
3380 2123 3630 2179 latentes

1983 2226 2191 2281 pravas
2223 2212 2504 2268 actiones.
2527 2211 2891 2284 Frequenter
2907 2213 3065 2268 enim
3089 2214 3384 2288 quispiam
3407 2213 3629 2268 bonum

1984 2299 2225 2370 aliquod
2257 2307 2550 2372 quantum
2580 2302 2654 2356 ad
2685 2304 3095 2374 apparentiam
3117 2308 3415 2374 operatur,
3449 2308 3506 2357 at
3538 2319 3633 2358 vo-

1983 2391 2182 2447 luntas
2214 2410 2344 2463 quae
2377 2393 2541 2459 latet,
2570 2409 2766 2448 errare
2797 2394 3188 2448 convincitur.
3226 2416 3250 2441 ιι
3274 2393 3629 2467 EtprOpala-

1983 2482 2071 2537 bit
2101 2483 2350 2538 consilia
2380 2482 2669 2540 cordium.
2705 2504 2730 2535 ι
2764 2484 2976 2539 Omnia
3036 2483 3194 2539 enim
3251 2501 3450 2539 coram
3503 2485 3630 2556 ipso

1983 2571 2144 2627 nuda
2174 2579 2312 2628 sunt
2344 2577 2626 2644 etaperta
2642 2569 2710 2641 7°,
2742 2572 3094 2644 nullumque
3127 2573 3430 2643 religionis
3473 2574 3632 2628 vela-

1983 2668 2249 2718 mentum
2273 2661 2481 2733 juvare
2522 2668 2716 2734 potest
2745 2662 3085 2718 habentem.
3120 2685 3147 2713 ‹‹
3183 2664 3264 2718 Ac
3314 2669 3453 2718 tunc
3501 2661 3632 2718 laus

1983 2752 2096 2808 erit
2126 2769 2159 2807 a
2181 2753 2318 2808 Deo.
2343 2775 2369 2802 ››
2393 2752 2479 2808 Ad
2501 2753 2560 2807 id
2585 2751 2744 2826 quod
2775 2754 2961 2826 magis
2990 2753 3249 2808 faustum
3283 2757 3372 2809 est
3393 2751 3632 2808 descen-

1981 2839 2085 2897 dit.
2120 2841 2422 2914 Siquidem
2452 2858 2826 2914 consequens
2856 2842 3043 2915 magis
3074 2847 3200 2899 erat
3245 2847 3312 2897 ut
3363 2841 3585 2898 diceret
3615 2858 3628 2896 :

1979 2933 2140 2988 Tunc
2171 2933 2533 3005 supplicium
2565 2935 2697 3001 erit,
2731 2949 2909 3004 quam
2969 2933 3139 2999 laus;
3194 2949 3393 2989 verum
3445 2932 3518 2988 ad
3569 2933 3626 2987 id

1981 3019 2139 3092 quod
2169 3023 2548 3078 commodum
2581 3028 2666 3078 est
2699 3022 2941 3078 deflexit
2971 3037 3329 3078 sermonem.

2052 3111 2140 3177 IV,
2169 3115 2224 3166 6.
2253 3114 2377 3166 Haec
2394 3117 2593 3180 autem,
2616 3114 2840 3180 fratres,
2864 3127 2970 3181 per
2991 3116 3224 3181 figuram
3245 3110 3528 3165 trauslulit
3562 3112 3620 3164 in

218 3201 308 3256 καὶ
343 3202 611 3260 Ἀπολλῶ
644 3201 716 3258 δι’
744 3205 906 3278 ὑμᾶς,
959 3203 1056 3259 ’ίνα
1115 3203 1166 3258 έν
1226 3206 1361 3278 ἡμῖν
1416 3204 1638 3279 μάθητε,
1683 3208 1745 3260 τὸ
1788 3205 1862 3278 μή

1990 3201 2241 3270 meipsum
2266 3206 2317 3255 et
2340 3199 2541 3270 Apollo
2551 3206 2782 3271 propter
2806 3206 2982 3266 ros,ut
2997 3201 3053 3255 in
3069 3199 3220 3255 nobis
3236 3199 3481 3264 discatz's,
3515 3215 3621 3254 non

219 3292 353 3367 ὑπὲρ
385 3291 417 3346 ὅ
447 3294 750 3370 γέγραπται
785 3299 1022 3372 φρονεῖν,
1047 3291 1141 3349 ’ίνα
1195 3295 1272 3367 μή
1305 3291 1378 3356 εἷς
1433 3293 1563 3369 ὑπὲρ
1606 3297 1701 3348 τοῦ
1750 3293 1863 3358 ἐμὸς

215 3383 509 3460 φυσιοῦσθε
538 3382 673 3438 κατᾶ
699 3387 797 3439 τοῦ
823 3383 1026 3457 ἑτέρου.

282 3475 501 3546 [ΦΩΤ.]
564 3471 716 3529 Διατί
777 3473 914 3546 ὑμᾶς
976 3473 1431 3551 μετεσχημάτισα
1483 3473 1560 3538 είς
1632 3471 1865 3545 ἐμαυτὸν

213 3561 298 3615 καὶ
335 3560 658 3632 ἈποΛλίἰη
721 3565 796 3618 Δι’
857 3563 1018 3636 ὑμᾶς,
1054 3587 1080 3613 »
1142 3563 1327 3637 φησὶν,
1385 3562 1469 3617 ἳνα
1529 3565 1604 3636 μὴ
1664 3563 1868 3618 ἀνιάσω

214 3652 378 3724 ὑμᾶς,
415 3651 682 3726 ὀνομαστὶ
740 3653 1168 3726 καθαπτόμενος.
1226 3655 1576 3727 Διορθοῦσθαι
1631 3655 1726 3726 μὲν
1765 3654 1868 3730 γὰρ

207 3737 492 3810 ἔσπευδεν,
523 3742 668 3811 ἀνιᾷν
706 3737 763 3796 δὲ
793 3739 1142 3820 ἐφυλάττετο,
1177 3740 1275 3796 Διὰ
1333 3738 1388 3796 δὲ
1446 3746 1542 3797 τοῦ
1588 3763 1874 3818 μετασχη-

207 3834 519 3903 ματισμοῦ,
554 3830 738 3909 φησὶν,
768 3829 1050 3909 ἀμφότερα
1104 3831 1230 3904 ὑμῖν
1279 3829 1645 3906 βουλομένοις
1699 3827 1871 3921 ἔσται,

204 3919 307 3974 καὶ
341 3921 402 3974 τὸ
438 3916 834 3994 διορθωθῆναι,
864 3921 956 3975 καὶ
985 3921 1047 3975 τὸ
1106 3917 1440 3996 ἀλυπότερον
1489 3922 1712 3976 ἀκοῦσαι
1767 3916 1874 3977 τῶν

210 4008 306 4065 ἐπὶ
339 4012 410 4082 τῇ
445 4007 732 4085 διορθώσει
764 4008 1032 4087 ἐλέγχων.
1069 4008 1278 4067 Ἐποίει
1307 4008 1365 4065 δὲ
1402 4015 1586 4080 τοῦτο,
1649 4011 1739 4066 καὶ
1786 4009 1874 4066 ’ίνα

212 4106 295 4176 μὴ
340 4102 618 4177 ὡρισμένα
679 4103 946 4178 πρόσωπα
1001 4107 1080 4175 τῷ
1138 4099 1354 4178 ἐλέγχῳ
1409 4098 1872 4172 καθυποϐάλλων,

211 4191 356 4267 δόξῃ
390 4193 704 4270 ἀνθρωπίνη
762 4193 868 4248 τινὶ
913 4194 1255 4268 προσπαθείᾳ
1283 4195 1318 4264 ἢ
1370 4193 1698 4266 ἀντιπαθείᾳ,
1747 4195 1874 4256 τοὺς

213 4285 319 4357 μὲν
352 4281 469 4353 ἐᾷν,
498 4285 608 4338 τῶν
641 4278 696 4336 δὲ
720 4281 1092 4359 κατατρέχειν.
1151 4279 1378 4346 ’Δλλως
1429 4303 1488 4338 τε
1535 4277 1614 4350 δὲ,
1666 4283 1756 4338 καὶ
1789 4279 1878 4337 *ίνα

212 4374 296 4445 μή
339 4369 392 4424 ἰν
427 4374 496 4444 τῇ
526 4372 753 4444 τοιαύτῃ
789 4366 1079 4444 διακρίσει,
1113 4371 1186 4423 ὧν
1236 4370 1333 4443 μὲν
1397 4370 1705 4445 καθήψατο,
1749 4371 1876 4426 τού-

204 4482 348 4522 τους
383 4459 462 4523 εἰς
491 4459 803 4536 ἀπόγνωσιν
837 4453 1083 4532 ἐμϐάλῃ,
1116 4457 1150 4528 ἢ
1180 4459 1256 4520 εἷς
1290 4459 1458 4534 ὀργὴν
1489 4460 1576 4514 καὶ
1635 4458 1879 4539 φ.λονει-

207 4549 341 4606 κὶαν
380 4550 604 4623 μείζονα
637 4549 830 4623 ἀνάψῃ,
864 4549 937 4602 ὧν
972 4544 1040 4602 δι’
1073 4545 1160 4602 ἐπὶ
1181 4554 1296 4610 τοῖς
1319 4547 1574 4626 ἐλέγχοις
1597 4549 1698 4604 οὐκ
1719 4548 1877 4622 ἐμνή-

215 4653 353 4711 σθη,
387 4638 613 4699 τούτους
663 4639 834 4716 τύφου
890 4638 980 4694 καὶ
1032 4637 1256 4698 ἀπονίας
1317 4636 1530 4710 μᾶλλον
1590 4636 1876 4712 ἐμπλήσῃ.

216 4731 316 4786 Διὸ
350 4728 580 4790 εἰκότως
607 4728 657 4801 ἐξ
691 4728 958 4802 ὀνόματος
993 4727 1052 4782 οὐ
1084 4731 1391 4804 καθήψατο,
1445 4726 1571 4784 ἀλλ’
1623 4729 1698 4792 εἷς
1757 4730 1879 4784 έαυ-

214 4821 314 4877 τὸν
339 4820 433 4874 καὶ
468 4813 732 4876 ’Λπολλὼ
760 4817 850 4873 τὸν
886 4815 1118 4893 ἔλεγχον
1151 4816 1670 4893 μετωσχηματίσας,
1710 4821 1878 4874 καθα-

222 4911 324 4986 ρὰν
377 4908 470 4964 καὶ
533 4905 862 4982 εὐπρόσοδον
919 4910 1017 4978 τὴν
1077 4905 1389 4978 νουθέτησιν
1443 4910 1628 4978 κοινὴν
1687 4909 1881 4962 ἂπασιν

219 4999 552 5069 ἐποιήσατο.
588 5023 614 5049 ‹‹
659 4998 736 5053 Δι’
769 4998 933 5070 ὑμᾶς.
966 5019 993 5051 ιι
1028 4997 1313 5052 Τουτέστιν
1343 4995 1431 5052 ἳνα
1461 4997 1537 5070 μὴ
1595 4997 1660 5052 τὰ
1714 4999 1883 5073 πρόσ-

226 5107 360 5144 ωπα
417 5085 603 5150 ἶδικῶς
663 5087 949 5148 ἀκούοντες
1005 5090 1113 5142 τῶν
1169 5082 1509 5141 διδασκάλων
1566 5087 1742 5161 ὑμῶν,
1804 5089 1879 5162 μὴ

225 5177 453 5249 δέξησθε
481 5177 574 5231 τὸν
618 5174 809 5250 λόγον.
875 5199 902 5230 ι
931 5177 1041 5231 Ἰνα
1090 5173 1140 5229 έν
1199 5176 1336 5248 ἡμῖν
1394 5176 1617 5248 μάθητε.
1652 5200 1680 5227 ››
1740 5177 1881 5251 Πρὸς

221 5269 353 5330 τοὺς
388 5264 755 5328 διδασκάλους
815 5263 1174 5319 ἀποτείνεται.
1236 5264 1367 5334 Ἲνα,
1433 5265 1588 5338 φησί,
1649 5260 1736 5318 διὰ
1789 5269 1884 5320 τοῦ

227 5358 503 5432 ἡμετέρου
537 5355 840 5430 προσώπου
890 5354 1099 5427 μάθητε
1157 5356 1402 5430 φρονεῖν,
1459 5352 1639 5416 καθὼς
1690 5353 1884 5428 γέγρα.

228 5466 376 5502 πται.
413 5445 724 5520 Γέγραπται
751 5440 828 5499 δέ’
864 5468 891 5495 ‹‹
926 5443 986 5500 Ὀ
1051 5442 1224 5497 θέλων
1284 5441 1422 5495 εἶναι
1472 5446 1689 5515 πρῶτος
1746 5436 1884 5499 ἔστω

230 5537 445 5592 πάντων
472 5534 728 5610 ἔσχατος.
751 5557 779 5586 ››
803 5565 870 5575 --
897 5559 916 5582 ι
943 5533 1050 5587 Ἵνα
1075 5531 1152 5604 μή
1179 5531 1254 5592 εἷς
1278 5530 1409 5604 ὑπὲρ
1427 5536 1519 5585 τοῦ
1543 5530 1678 5592 ένός.
1702 5556 1728 5583 ››
1755 5534 1885 5588 Οἷον

296 5694 342 5729 ⁷⁸
371 5692 551 5749 Hebr.
587 5706 673 5757 iv,
711 5691 792 5744 13.

1977 3307 2147 3360 supra
2179 3290 2238 3344 id
2267 3291 2412 3361 quod
2440 3291 2704 3361 scriptum
2735 3296 2811 3346 est
2861 3291 2928 3345 de
2956 3290 3108 3346 vobis
3135 3293 3373 3354 sentire;
3405 3305 3502 3344 nec
3532 3289 3618 3352 hic

1973 3381 2248 3448 istius,ille
2261 3381 2426 3451 hujus
2439 3379 2964 3450 nominem/(emitti,
2983 3380 3128 3436 alius
3140 3379 3394 3436 adversus
3425 3381 3617 3436 alium.

2045 3471 2234 3538 Quare
2257 3489 2369 3528 von
2402 3489 2506 3544 per
2523 3471 2770 3544 ﬁguram
2796 3471 3071 3528 transtuli
3096 3473 3156 3526 in
3181 3488 3274 3527 me
3293 3478 3349 3527 et
3371 3471 3579 3544 Apollo
3595 3470 3624 3525 ?

1979 3583 2007 3611 ι(
2039 3563 2284 3633 Pr0pter
2313 3579 2432 3628 vos,
2469 3584 2496 3610 ››
2527 3561 2740 3633 inquit,
2774 3577 2849 3617 ne
2872 3579 2971 3618 vos
3002 3561 3416 3617 contristarem
3448 3561 3495 3616 si
3525 3577 3624 3615 no.

1977 3648 2251 3706 minatim
2278 3649 2675 3722 objurgarem.
2709 3649 2942 3705 Etenim
2989 3650 3280 3723 corrigere
3326 3649 3624 3713 studebat,

1978 3742 2038 3794 at
2066 3754 2140 3793 ne
2174 3738 2572 3806 contristaret,
2610 3737 2977 3794 observabat.
3013 3740 3126 3792 Per
3156 3736 3456 3810 liguralem
3491 3753 3625 3791 vero

1981 3827 2433 3883 translationem
2464 3833 2782 3898 utrumque
2813 3826 3138 3900 continget,
3172 3825 3387 3897 inquit,
3449 3826 3624 3879 modo

1980 3915 2306 3983 volueritis,
2339 3923 2401 3970 ut
2434 3921 2491 3970 et
2531 3916 2932 3986 corrigamini,
2996 3920 3054 3968 et
3099 3915 3325 3986 absque
3375 3929 3626 3969 maerore

1981 4005 2234 4061 audiatis
2266 4020 2394 4074 quae
2444 4021 2547 4075 ego
2606 4003 2680 4058 ad
2747 4003 3178 4059 correctionem
3233 4002 3625 4075 reprehendo.

1982 4093 2101 4149 Hoc
2132 4098 2329 4149 autem
2361 4090 2615 4147 faciebat
2644 4109 2717 4147 ne
2749 4090 2796 4146 si
2829 4091 3106 4147 definitus
3128 4107 3410 4162 personas
3428 4107 3630 4161 repre-

1983 4182 2271 4239 hensione
2304 4179 2662 4254 designaret,
2715 4179 3014 4235 videretur
3061 4178 3322 4235 humano
3371 4179 3628 4251 quodam

1983 4273 2196 4331 affectu
2217 4276 2314 4327 aut
2340 4269 2496 4340 odio,
2519 4270 2629 4325 hos
2650 4268 2891 4341 quidam
2925 4271 3140 4337 sinere,
3174 4270 3309 4325 illos
3339 4286 3472 4324 vero
3504 4288 3631 4341 per-

1985 4363 2297 4436 stringere.
2327 4364 2620 4418 Praeterea
2651 4379 2906 4434 quoque,
2939 4379 3011 4417 ne
3045 4360 3386 4434 llujusmodi
3409 4359 3628 4431 dijudi-

1985 4463 2216 4520 catione
2245 4461 2357 4517 hos
2379 4459 2619 4532 quidem
2650 4460 2992 4532 corriperet,
3015 4456 3150 4515 illos
3174 4475 3308 4514 vero
3332 4457 3403 4513 ad
3427 4458 3632 4531 despe-

1986 4553 2281 4608 rationem
2313 4549 2609 4624 injieeret,
2640 4555 2742 4604 aut
2771 4548 2844 4604 ad
2876 4551 3048 4614 iram,
3069 4549 3478 4622 majoremque
3501 4566 3634 4603 con-

1989 4641 2314 4698 tentionem
2349 4640 2670 4694 excitaret:
2705 4655 2955 4709 quorum
2985 4655 3118 4693 vero
3143 4639 3202 4693 in
3225 4639 3633 4710 reprehensio-

1989 4731 2165 4786 nibus
2197 4747 2316 4785 non
2350 4726 2746 4795 meminisset,
2779 4729 2887 4783 Ιιοε
2916 4733 3146 4784 tumore
3171 4729 3364 4800 potius
3384 4735 3436 4784 et
3470 4745 3635 4784 arro—

1989 4821 2188 4892 gantia
2213 4818 2507 4890 impleret.
2525 4817 2661 4872 Ideo
2677 4818 2902 4887 justam
2925 4816 2996 4872 ob
3023 4834 3260 4873 causam
3279 4818 3634 4874 nominatim

1990 4927 2110 4965 non
2125 4909 2482 4980 objurgavit:
2501 4907 2603 4961 sed
2623 4903 2910 4961 translata
2932 4907 3332 4979 ﬁguraliterin
3349 4910 3632 4980 seipsum,

1992 5004 2052 5053 et
2079 4996 2286 5070 Apollo
2317 4995 2715 5061 accusatione,
2750 4993 2905 5050 ΔΜ)
2935 5011 3316 5053 communem
3367 4997 3637 5051 admoni-

1994 5087 2214 5142 tionem
2235 5085 2456 5140 nudam
2481 5100 2547 5139 ac
2568 5082 2803 5139 facilem
2831 5083 3332 5141 omnibusreddit.
3349 5109 3376 5134 ‹‹
3393 5087 3639 5156 Propter

1992 5193 2111 5232 vos.
2147 5195 2172 5226 ν
2207 5176 2324 5229 Hoc
2354 5177 2461 5240 est,
2497 5173 2804 5244 speciatim
2837 5180 3267 5246 praeceptorum
3310 5180 3635 5229 vestrorum

1993 5280 2279 5341 personas
2304 5261 2636 5328 audientes,
2672 5260 3055 5334 despiceretis
3097 5279 3456 5320 sermonem.
3511 5284 3536 5309 ‹‹
3569 5262 3642 5316 Ut

1995 5356 2056 5410 in
2087 5353 2261 5410 nobis
2291 5349 2553 5405 discatis.
2585 5372 2612 5399 »ι
2645 5349 2733 5404 Ad
2783 5355 3178 5422 prmeeptores
3235 5350 3544 5422 dirigitur:
3577 5355 3644 5405 ut

1995 5463 2100 5517 per
2129 5448 2382 5507 nostras,
2413 5439 2629 5509 inquit,
2661 5453 2948 5510 personas
2979 5439 3220 5496 discatis
3235 5439 3307 5495 de
3328 5439 3490 5494 vobis
3515 5455 3644 5496 sen-

1999 5532 2297 5602 tirejuxta
2329 5527 2386 5582 id
2418 5526 2574 5598 quod
2606 5527 2890 5597 scriptum
2952 5533 3060 5583 est.
3113 5527 3215 5583 Est
3257 5533 3465 5584 autem
3495 5529 3643 5584 scri-
