4106 6252
504 382 618 447 687

1620 380 2029 447 (ΕΟΗΜΕΝΙῙ
2068 380 2381 445 ΤΒΙΟΟιΕ
2425 377 2779 440 EPISCOPI

3800 386 3916 448 688

504 526 707 592 ptum:
733 543 760 572 (ι
787 521 894 586 Qui
918 520 1047 576 vult
1074 538 1204 577 esse
1236 517 1486 593 primus,
1520 519 1597 575 sit
1626 518 1893 574 omnium
1924 521 2137 589 postre-

2272 511 2521 585 μαθητής
2555 509 2692 584 ὁπὶρ
2725 507 3096 568 διδασκάλου.
3161 536 3181 563 ι
3220 514 3541 572 Φυσιοῦσθε.
3573 537 3606 567 ››
3660 519 3798 579 Τοὺς
3847 516 3924 573 δι-

503 607 770 665 ωιιδπν.»
793 628 812 656 ι
831 610 908 664 Ne
925 609 1020 665 hic
1037 609 1130 664 isti
1140 608 1341 675 us,ille
1355 607 1533 680 hujus
1546 607 1788 662 nomine
1805 603 2155 661 intlemini.»

500 697 721 769 Nempe
735 696 1011 770 discipuli
1029 703 1460 770 praeceptorum
1473 696 1772 752 nomine.«
1790 693 2146 750 Intlemini.»

501 785 745 841 Relictis
775 792 974 842 autem
1032 786 1374 842 doctoribus
1430 785 1506 841 ad
1551 784 1838 857 papulum
1877 783 2150 852 dirigitur

502 891 698 930 sermo
724 891 737 930 :
770 876 1024 948 populus
1054 892 1312 947 namque
1343 874 1417 930 ob
1448 879 1841 946 prmceptores
1871 870 2149 927 effereba-

502 968 638 1019 tur:
671 969 756 1031 ut,
789 966 890 1036 qui
916 965 1074 1020 hunc
1106 965 1323 1019 habeat
1364 968 1810 1035 prmceptorem,
1864 960 2145 1016 adversus

501 1052 862 1124 discipulum
894 1054 994 1124 qui
1027 1054 1210 1109 alium
1241 1052 1460 1108 habeat
1488 1050 1922 1106 intumescebat
1941 1066 2007 1104 ac
2029 1048 2149 1121 glo-

2269 596 2573 660 δασκᾶλους
2611 599 2791 677 ἀφεὶς,
2820 599 2960 674 πρὸς
2991 599 3084 654 τὸν
3119 598 3251 655 λαὸν
3282 601 3648 659 ἀποτείνεται.
3686 606 3785 659 Καὶ
3825 609 3921 682 γὰρ

2260 687 2443 750 ὁλαὸς
2480 688 2612 762 ὑπὲρ
2641 693 2749 742 τῶν
2808 685 3154 744 διδασκάλων
3213 691 3349 764 μέγα
3401 688 3689 769 ἐφρόνουν.
3743 694 3914 751 Οἴοιὸ

2257 775 2413 833 τόνδε
2441 770 2589 856 ἔχων
2621 773 2951 832 διδάσκαλον
2982 777 3119 833 κατᾶ
3166 783 3263 834 τοῦ
3321 778 3474 835 τόνδε
3526 779 3765 856 ἔχοντος
3817 806 3914 857 μα-

2259 868 2454 937 Θητοῦ,
2487 866 2771 942 ἐφυσιοῦτο
2800 867 2893 921 καὶ
2937 865 3074 941 μέγα
3131 866 3365 941 ἐφρόνει.
3422 868 3630 933 Καλῶς
3690 868 3751 927 δὲ
3792 874 3912 930 αὖτό

2257 955 2521 1033 φυσίωσιν
2581 953 2853 1024 ἐκάλεσεν,
2916 956 3082 1010 οἱονεὶ
3141 953 3354 1027 οῖδησιν
3430 959 3539 1013 ἀπὸ
3616 970 3918 1038 μεταφορᾶς

2257 1044 2512 1118 σώματος
2539 1043 2885 1119 κακοχύμου,
2918 1044 2953 1113 ἦ
2985 1045 3151 1100 κακὸν
3182 1050 3395 1119 πνεῦμα
3424 1044 3756 1122 δεξαμένου.

497 1142 785 1198 riabatur.
820 1144 976 1199 Bene
1009 1149 1208 1198 autem
1242 1141 1390 1196 illud
1421 1141 1738 1213 appellavit
1768 1139 2140 1195 inflationem
2171 1143 2230 1192 et
2250 1135 2428 1191 veluti
2448 1142 2815 1202 tumorem,a
2838 1137 3194 1208 metaphora
3219 1139 3486 1210 corporis
3518 1142 3694 1211 quod
3719 1160 3913 1214 pravos

498 1231 684 1304 gignit
714 1233 1015 1296 humores,
1049 1237 1153 1287 aut
1182 1247 1426 1303 pravum
1457 1230 1686 1302 accepit
1714 1228 2011 1301 spiritum.

568 1361 666 1427 IV,
690 1360 804 1414 7-8.
837 1362 968 1426 Quis
997 1359 1143 1416 enim
1176 1366 1227 1415 te
1255 1358 1567 1415 discernit?
1602 1358 1740 1430 quid
1774 1364 1959 1413 autem
1990 1358 2151 1412 habes

498 1449 648 1520 quod
666 1465 774 1504 non
791 1448 1089 1519 accepisti?
1100 1449 1247 1519 quod
1256 1451 1305 1503 si
1324 1450 1485 1503 etiam
1509 1447 1932 1518 accepisti,quid
1941 1447 2149 1515 gloria-

496 1540 574 1593 ris
595 1539 756 1608 quasi
767 1554 876 1593 non
898 1541 1230 1609 accepisses?
1252 1539 1377 1593 Iam
1405 1538 1647 1592 saturati
1661 1538 1827 1592 estis?
1844 1537 1968 1591 Jam
1987 1534 2152 1589 ditati

497 1626 624 1682 estis
642 1630 671 1681 ?
709 1626 841 1683 Sine
870 1628 1025 1682 nobis
1055 1643 1285 1696 regnum
1314 1624 1507 1696 adepti
1536 1627 1662 1680 estis
1687 1627 1715 1679 7
1741 1631 1907 1695 atque
1935 1626 2146 1678 utinam

494 1733 626 1772 sane
654 1716 847 1787 adepti
875 1719 1016 1772 sitis.
1048 1722 1109 1770 ut
1138 1722 1191 1770 et
1220 1731 1318 1771 nos
1365 1731 1479 1769 una
1526 1712 1800 1770 vobiscum
1842 1728 2147 1782 regnemus.

566 1809 647 1861 Ac
680 1805 728 1859 si
758 1805 1021 1860 diceret:
1063 1804 1203 1869 Quis
1241 1810 1298 1858 te
1348 1801 1645 1875 judicavit
1694 1807 1754 1855 et
1803 1800 2151 1873 approbavit

503 1900 789 1965 tanquam
816 1892 992 1949 laude
1043 1891 1311 1965 dignum,
1345 1907 1378 1947 ο
1409 1895 1739 1963 praeceptor
1784 1907 1850 1945 ac
1899 1890 2152 1945 doctor?

496 1998 642 2036 num
673 1982 944 2036 homines
960 1981 987 2035 ?
1007 1987 1068 2035 at
1083 1997 1203 2036 non
1225 1985 1453 2036 rectum
1472 1984 1562 2034 est
1580 1978 1819 2035 illorum
1829 1978 2146 2051 judicium.

498 2091 527 2119 ι(
561 2069 711 2135 Quid
739 2076 938 2124 autem
968 2069 1153 2125 babes
1182 2068 1341 2140 quod
1370 2085 1491 2124 non
1517 2068 1849 2140 accepisti?
1873 2090 1901 2117 »ι
1936 2069 2148 2123 Verum

499 2159 658 2213 dices
688 2163 916 2214 rectum
940 2175 1070 2214 esse
1100 2158 1414 2213 hominum
1465 2156 1537 2212 de
1590 2163 1647 2213 te
1695 2156 2029 2229 judicium:
2092 2161 2152 2211 et

498 2264 630 2303 vere
659 2246 929 2304 fortassis
957 2247 1133 2304 laude
1162 2246 1377 2320 dignus
1408 2263 1470 2301 es
1499 2245 1574 2302 ob
1597 2246 1929 2301 doctrinam
1957 2251 2052 2301 :at
2072 2262 2147 2300 ne

497 2336 581 2391 ita
612 2334 853 2408 quidem
885 2336 1206 2391 extollaris.
1240 2337 1367 2391 Non
1411 2334 1571 2390 enim
1630 2340 1799 2390 tuum
1848 2352 1997 2406 opus
2058 2340 2149 2390 est

492 2425 715 2481 factum
745 2424 876 2495 hoc,
910 2424 1015 2480 sed
1042 2425 1143 2479 Dei
1172 2423 1398 2480 donum
1428 2441 1440 2478 :
1475 2424 1575 2495 qui
1607 2430 1804 2479 autem
1836 2423 2143 2496 gloriatur,

492 2530 561 2569 ac
581 2530 710 2569 sese
723 2514 914 2586 jactat
937 2529 1316 2584 nequaquam
1343 2519 1409 2567 ut
1438 2513 1539 2583 qui
1561 2512 1712 2567 illud
1738 2512 1895 2567 dono
1918 2512 2148 2584 accepit

486 2601 794 2673 gloriatur,
818 2601 919 2657 sed
945 2606 1232 2673 tanquam
1254 2601 1375 2656 suis
1402 2600 1462 2655 id
1487 2606 1699 2656 nactus
1718 2600 1795 2655 sit
1816 2600 2140 2656 laboribus.

493 2716 520 2741 «
555 2691 720 2757 Quod
746 2692 796 2747 si
828 2692 1007 2747 etiam
1037 2691 1340 2763 accepisti,
1365 2690 1509 2761 quid
1539 2690 1812 2763 gloriaris
1836 2690 2004 2761 quasi
2020 2707 2141 2745 non

484 2782 818 2852 accepisses
847 2781 875 2836 ?
906 2803 934 2830 »
965 2780 1385 2853 Interrogative
1436 2781 1548 2834 hoc
1608 2779 1749 2834 dicit
1797 2786 1863 2834 ut
1912 2780 1988 2835 sit
2030 2780 2141 2835 iste

492 2885 722 2924 sensus.
754 2868 906 2933 Quid
933 2868 1208 2941 gloriaris
1228 2867 1256 2923 ‘I
1284 2884 1427 2923 num
1461 2868 1631 2938 quasi
1664 2884 1785 2922 non
1817 2868 2137 2939 acceperis,

2330 1352 2425 1413 Τίς
2476 1353 2580 1427 γάρ
2638 1374 2695 1408 σε
2743 1350 3042 1426 διακρίνει;
3095 1356 3160 1412 Τί
3218 1354 3276 1412 δί
3329 1353 3481 1431 ἓχεις
3535 1355 3569 1411 ὅ
3632 1360 3738 1414 οὐκ
3793 1356 3913 1417 ἔλα-

2260 1436 2393 1511 ϐεςς
2430 1440 2475 1496 εἰ
2508 1439 2565 1496 δὲ
2593 1442 2683 1497 καὶ
2714 1438 2930 1514 ἔλαϐες,
2985 1442 3040 1498 τί
3083 1450 3357 1523 καυχᾶσαι
3410 1446 3484 1508 ὡς
3553 1449 3637 1520 μή
3696 1446 3913 1521 λαϐών,

2259 1527 2369 1601 ἤδη
2429 1530 2815 1607 κεκορεσμένοι
2867 1531 3023 1602 ἐστές
3084 1531 3195 1606 ἤδη
3255 1533 3692 1608 itineris-ate;
3752 1541 3915 1617 χωρὶς

2256 1621 2421 1692 ἡμῶν
2478 1614 2860 1676 ἐϐασιλεύσατε
2908 1641 2922 1691 ;
2980 1623 3071 1677 καὶ
3129 1619 3327 1699 ὄφελόν
3373 1646 3434 1700 γε
3501 1614 3907 1698 ἐϐασιλεύσατε,

2252 1707 2345 1764 ’ἕνα
2374 1711 2465 1765 καὶ
2496 1712 2661 1782 ἡμεῖς
2694 1712 2819 1785 ὑμῖν
2844 1707 3396 1789 συμϐασιλεύσωμεν,

2328 1798 2483 1871 Οἶον,
2512 1801 2611 1862 Τίς
2639 1800 2856 1873 κέκρικέ
2885 1821 2941 1856 σε
2969 1802 3059 1857 καὶ
3090 1799 3470 1877 δεδοκίμακεν,
3504 1807 3558 1860 ὦ
3602 1805 3906 1879 διδάσκαλε,

2258 1884 2405 1960 ἄξιον
2437 1887 2659 1944 ἐπαίνου
2686 1908 2698 1958 ;
2729 1890 2782 1945 οἱ
2815 1890 3134 1965 ἆνθρωποις
3177 1891 3305 1948 ἀλλ’
3365 1892 3463 1948 οὐκ
3509 1895 3657 1970 ὀρθή
3715 1899 3905 1954 τούτων

2257 1978 2293 2045 ἡ
2323 1978 2521 2052 κρίσις.
2567 1998 2588 2026 ι
2622 1979 2689 2035 Tl
2725 1974 2781 2033 δὲ
2812 1975 2959 2054 ἔχεις
2990 1981 3018 2034 ὃ
3051 1980 3152 2035 οὐκ
3200 1979 3438 2051 ἔλαλεςς
3481 2007 3509 2036 ››
3581 1984 3748 2044 Ἀλλ’
3785 1985 3905 2061 ἐρεῖς

2260 2062 2512 2139 ὅτιόρθὴ
2543 2070 2652 2120 τῶν
2683 2066 2984 2141 ἀνθρώπων
3044 2068 3132 2124 ἐπὶ
3191 2071 3276 2125 σοὶ
3331 2072 3540 2145 κρίσις,
3605 2076 3700 2129 καὶ
3760 2074 3905 2138 ὄντως

2266 2150 2570 2221 ἂξιὲπαινος
2605 2153 2657 2207 εἷ
2683 2152 2735 2207 ἐν
2784 2158 2852 2227 τῇ
2898 2150 3242 2228 διδασκαλίᾳ.
3291 2155 3445 2228 Μηδὲ
3493 2160 3683 2222 οὕτως
3739 2164 3901 2241 φρόνει

2258 2241 2420 2315 μέγα.
2450 2240 2524 2293 Οὐ
2559 2240 2662 2317 γὰρ
2692 2241 2781 2295 σὸν
2827 2242 3158 2317 κατόρθωμα
3199 2245 3260 2298 τὸ
3316 2252 3578 2323 πρᾶγμα,
3631 2240 3777 2305 ἀλλᾶ
3822 2248 3902 2305 δό-

2255 2348 2336 2391 σις
2378 2332 2530 2386 Θεοῦ.
2562 2331 2623 2387 Ὀ
2656 2327 2712 2385 δέ
2741 2332 3124 2409 καυχώμενος,
3167 2334 3386 2397 πάντως
3439 2334 3560 2412 οὐχ
3605 2339 3681 2400 ὡς
3728 2334 3893 2394 λαϐὼν

2254 2416 2316 2472 τὸ
2347 2417 2595 2496 χάρισμα
2625 2423 2921 2495 καυχᾶται,
2951 2419 3076 2475 ἀκλ⁹
3108 2422 3182 2484 ὡς
3237 2422 3286 2491 ἐξ
3346 2424 3571 2480 οἰκείων
3631 2426 3759 2483 αὐτὸ
3801 2430 3889 2483 πό·

2250 2528 2354 2560 νων
2388 2527 2751 2580 κτησαμενος.
2787 2530 2812 2563 ι
2848 2508 2910 2563 Ei
2966 2506 3023 2564 δέ
3070 2511 3159 2565 καὶ
3226 2507 3443 2582 ἔλαϐες,
3501 2514 3563 2569 τί
3620 2523 3889 2592 καυχᾶσαι,

2251 2594 2327 2657 ὡς
2364 2596 2440 2668 μὴ
2476 2592 2701 2667 λαϐώνς
2737 2619 2765 2648 ››
2799 2599 2980 2654 Τοῦτο
3042 2597 3213 2675 λέγων
3265 2602 3403 2656 κατὰ
3453 2600 3741 2679 ἐρώτησιν.
3784 2608 3888 2661 Ἵνα

2251 2685 2432 2747 οὕτως
2462 2685 2656 2761 νοηθῇ.
2690 2686 2756 2745 Τί
2787 2692 3059 2763 καυχᾶσαι
3091 2708 3105 2759 ;
3143 2691 3243 2765 ἄρα
3274 2690 3348 2753 ὡς
3388 2694 3464 2765 μὴ
3522 2690 3729 2763 λαϐὼν,
3770 2692 3883 2749 ἀλλ’

2251 2772 2462 2837 οἲκοθεν
2486 2770 2674 2850 Exim;
2716 2776 2894 2833 καίτοι
2949 2775 3205 2857 εἴληφας.
3266 2799 3291 2824 σι
3322 2779 3467 2853 Ἤδη
3528 2784 3879 2859 κεκορεσμένοι

2249 2859 2409 2932 ἐστέ;
2445 2865 2648 2920 »⁸⁸Απὸ
2702 2869 2798 2920 τοῦ
2847 2867 3054 2945 χρόνου
3116 2868 3312 2931 αὐτοὺς
3374 2869 3627 2945 ἐντρέπει,
3684 2871 3867 2945 λέγων’

490 2956 593 3013 sed
623 2957 785 3013 domi
819 2956 1099 3013 habueris
1124 2957 1152 3012 Ἰ
1172 2956 1349 3028 Atqui
1372 2956 1674 3028 accepisti.
1701 2978 1721 3005 ι
1744 2957 1870 3012 lam
1898 2956 2137 3013 saturati

2254 2952 2437 3015 Οὕτως
2465 2954 2630 3029 ταχὺ,
2662 2956 2851 3034 φησὶν,
2883 2955 3205 3032 ἐκορέσθητε
3252 2960 3344 3013 καὶ
3402 2957 3611 3023 οὐδενὸς
3661 2957 3854 3026 δεῖσθε;

492 3047 633 3102 estis
655 3047 684 3102 ‘2
712 3069 738 3094 η
770 3049 817 3101 Α
844 3051 1109 3118 tempore
1140 3046 1302 3118 ipsos
1333 3045 1667 3114 confundit,
1701 3045 1945 3101 dicens:
1979 3045 2139 3101 Adeo

490 3136 772 3193 velociter
799 3136 1048 3192 saturari
1081 3136 1245 3201 estis,
1278 3135 1565 3207 nulloque
1596 3134 1871 3208 indigetis
1900 3139 1928 3190 ?
1959 3157 1986 3185 «
2013 3136 2140 3191 Jam

485 3225 653 3280 dilati
687 3225 872 3280 estis?
902 3226 974 3280 Ut
1003 3224 1170 3280 nullo
1196 3224 1361 3280 vobis
1382 3241 1530 3297 opus
1561 3224 1675 3280 sit?
1696 3224 1998 3296 Siquidem
2016 3224 2138 3298 glo-

483 3314 656 3369 riatio
679 3314 1022 3369 manifestat
1037 3314 1194 3384 quod
1216 3314 1288 3368 ad
1319 3315 1510 3385 ipsam
1533 3321 1930 3385 pervenerant
1953 3314 2143 3370 scien-

484 3401 580 3454 tia:
613 3401 1006 3467 saturitatem,
1040 3418 1149 3456 nec
1190 3401 1317 3456 ulla
1345 3417 1408 3455 re
1442 3407 1701 3473 egerent.
1736 3424 1763 3451 ‹‹
1800 3403 1936 3456 Sine
1966 3401 2138 3456 nobis

486 3506 734 3561 regnum
753 3489 949 3561 adepti
966 3488 1178 3544 estis?»
1194 3489 1900 3560 Moraliterprocessithic
1919 3506 2134 3545 sermo.

488 3580 637 3633 45!
675 3579 746 3632 Et
772 3578 1032 3649 primum
1064 3578 1305 3649 quidem
1346 3578 1585 3633 illorum
1618 3578 1867 3633 stultitia
1888 3578 2135 3634 demon-

487 3671 707 3722 stratur
735 3684 803 3722 ac
835 3667 1165 3739 sapientia:
1201 3668 1341 3738 quia
1372 3668 1573 3735 tantis,
1629 3667 1842 3737 inquit,
1878 3669 2137 3739 acceptis

480 3755 655 3812 donis
693 3773 814 3812 non
860 3757 1036 3815 vultis
1065 3774 1175 3813 nos
1206 3758 1397 3813 socios
1428 3775 1495 3813 ac
1537 3757 1857 3830 participes
1902 3757 2136 3815 efﬁcere

486 3862 691 3901 eorum
710 3862 842 3918 quas
873 3846 1036 3902 vobis
1066 3846 1204 3903 data
1234 3852 1390 3903 sunt.
1456 3846 1692 3912 Dolens,
1744 3846 1957 3918 inquit,
2007 3848 2134 3903 haec

479 3933 632 3990 dico.
665 3936 769 3990 Est
814 3939 1012 3991 autem
1072 3952 1268 3992 sermo
1327 3935 1423 3991 hic
1463 3936 1727 3991 ironicus
1777 3953 1895 4007 quo
1949 3936 2129 3992 dicit:

486 4044 514 4073 κ
547 4025 813 4095 Regnum
839 4024 1038 4096 adepti
1080 4025 1243 4091 estis,
1300 4025 1528 4080 utinam
1588 4025 1785 4096 adepti
1837 4025 2068 4093 essetis,
2105 4050 2125 4075 ι

488 4111 605 4166 ait:
640 4117 701 4167 at
727 4129 846 4167 non
880 4114 960 4169 ita
991 4119 1099 4169 est.
1133 4113 1359 4169 Deinde
1391 4131 1463 4170 ne
1518 4115 1742 4170 ironice
1790 4115 2009 4171 dixisse
2048 4115 2130 4169 vi-

484 4199 730 4255 deatur:
766 4218 791 4242 α
823 4207 1011 4273 Atque
1042 4203 1271 4258 utinam
1303 4219 1443 4258 sane
1470 4203 1667 4274 adepti
1693 4203 1841 4274 sitis,
1866 4225 1894 4254 »
1929 4210 2128 4260 osten-

2254 3064 2282 3098 ι
2311 3040 2450 3114 Ἤδη
2483 3041 2898 3117 ἐπλουτήσατε;
2934 3069 2963 3098 ››
2993 3047 3083 3101 καὶ
3140 3045 3195 3101 ἐν
3251 3047 3465 3112 οὐδενός
3514 3048 3628 3105 ἐστε
3671 3048 3856 3125 χρείας

2249 3134 2285 3200 ἡ
2315 3131 2418 3206 γὰρ
2445 3132 2718 3208 καύχησις
2748 3129 2935 3206 δηλοῖ,
2978 3134 3062 3189 ὅτι
3120 3134 3196 3196 εἰς
3254 3137 3425 3208 αὐτὴν
3482 3137 3728 3216 eteius-:3
3773 3138 3865 3206 τὴν

2248 3217 2490 3293 κορυφήν
2522 3223 2621 3286 τῆς
2642 3217 2917 3293 γνώσεως,
2946 3219 3037 3273 καὶ
3061 3218 3123 3274 οὐ
3144 3222 3332 3296 χρείαν
3352 3220 3508 3298 ἔχετέ
3525 3244 3689 3285 τινες.
3708 3250 3732 3276 ι(
3753 3225 3874 3280 Χω-

2250 3305 2332 3379 ρὶς
2364 3308 2523 3378 ἡμῶν
2556 3300 2940 3362 ἐϐασιλεύσατε
2964 3330 2979 3376 ;
3020 3310 3169 3365 Κατὰ
3191 3310 3327 3379 ἦθος
3351 3312 3380 3365 ὁ
3405 3311 3581 3390 λόγος
3603 3320 3871 3389 προῆκται·

2246 3393 2352 3449 Καὶ
2382 3398 2597 3468 πρῶτον
2633 3394 2746 3467 μὲν,
2806 3396 2869 3451 τὸ
2925 3395 3277 3468 ἀσυνείδητον
3332 3400 3513 3455 αὐτῶν
3581 3400 3874 3458 ἐνδεῖκνυται

2245 3483 2417 3538 καὶτὸ
2470 3483 2715 3555 ἀνόητον.
2776 3487 2920 3551 Ὅτι,
2981 3488 3135 3558 φησὶ,
3176 3486 3529 3559 τηλικούτων
3595 3491 3875 3566 ἀξιωθέντες

2247 3568 2490 3646 δωρεῶν,
2524 3572 2586 3627 οὐ
2620 3572 2884 3649 βούλεσθε
2913 3577 3062 3647 ἡμᾶς
3108 3578 3406 3641 κοινωνοὺς
3469 3582 3569 3635 καὶ
3635 3581 3876 3659 μετόχους

2243 3665 2350 3713 τῶν
2384 3658 2644 3717 δοθέντων
2676 3662 2806 3735 ὑμῖν
2837 3670 3085 3733 ποιῆσαι.
3121 3671 3178 3723 Ἀ
3192 3667 3369 3744 λγῶν,
3397 3670 3556 3746 φησὶ,
3612 3658 3879 3727 ταῦταγλέ-
4030 3692 4031 3727 ι

2245 3770 2348 3825 γω,
2382 3750 2685 3825 Εἶρωνικὸς
2715 3748 2771 3806 δὲ
2801 3753 2960 3816 οὗτος
2993 3755 3020 3809 ὁ
3045 3753 3235 3830 λόγος,
3300 3756 3383 3812 ὅτι
3441 3784 3462 3809 ι
3503 3756 3880 3816 Ἐϐασιλεῦσα-

2240 3859 2319 3896 τε.
2352 3863 2380 3892 ››
2417 3837 2541 3896 Em:
2565 3842 2689 3917 γὰρ,
2744 3843 2928 3919 φησὶν,
2963 3844 3060 3912 ἦτε
3117 3843 3564 3921 βασιλεύσαντες,
3631 3848 3754 3906 ἀλλ’
3799 3847 3880 3903 οὐκ

2338 3929 2358 3959 ι
2435 3929 2484 3965 φτ
2572 3927 2613 3969 ﬂ‘
2752 3932 2765 3948 η
3115 3934 3129 3951 ς
3224 3934 3239 3953 ς
3399 3937 3409 3955 ι
3553 3939 3571 3955 ς
3705 3941 3715 3955 ε
3838 3937 3850 3954 ι

2241 3925 2382 3985 ἐστι.
2414 3932 2548 3983 Lm:
2583 3950 2664 3984 ua
2697 3952 2773 4003 μη
2825 3928 2953 4006 δόξῃ
3006 3953 3141 3988 κατα
3196 3955 3475 4011 ειρωνειαν
3520 3958 3761 4014 ειρηκως
3806 3958 3874 4003 το,

2243 4041 2270 4068 ι(
2303 4017 2407 4071 Καὶ
2441 4013 2637 4095 ὄφελόν
2666 4040 2728 4096 γε
2757 4013 3161 4095 ἐϐασιλεύσατε,
3196 4050 3217 4077 ι
3285 4013 3587 4095 δείκνυσιν,
3631 4030 3714 4084 ὅτι
3762 4026 3873 4105 σφό-

2241 4102 2342 4194 δρα
2370 4109 2530 4160 τοῦτο
2559 4104 2747 4175 ἤθελε.
2779 4113 2906 4194 BAch
2941 4127 2955 4177 ;
2988 4109 3093 4178 ὅτι,
3127 4114 3289 4189 (ρησὶν
3395 4115 3549 4188 ὑμῶν
3625 4102 3869 4194 βαᾶιλεία,

2240 4193 2348 4267 ἐμὴ
2380 4194 2469 4262 ἦν.
2495 4194 2631 4265 Δόξα
2656 4196 2762 4270 γὰρ
2818 4192 3153 4273 διδασκάλῳ,
3197 4207 3305 4256 τῶν
3369 4192 3639 4276 μαθητῶν
3694 4205 3743 4262 ἐν
3789 4203 3869 4258 πί-

483 4292 569 4346 dit
591 4292 749 4362 quod
778 4294 1158 4349 vehementer
1186 4300 1435 4366 optaret.
1469 4294 1534 4350 1d
1557 4301 1753 4350 autem
1782 4295 2081 4366 quomodo
2105 4295 2133 4351 ?

2254 4280 2831 4354 ττειπλουτησάντων.
2865 4287 2927 4343 Εἰ
2984 4287 3326 4364 ἐκορέσοητε,
3388 4292 3434 4346 εἰ
3490 4292 3868 4366 ἐπλουτήσατε,

477 4380 627 4444 Quia
657 4387 941 4447 vestrum,
974 4382 1191 4454 inquit.
1221 4399 1469 4455 regnum
1502 4388 1661 4437 esset
1684 4400 1907 4438 meum.
1933 4382 2128 4454 Siqui—

471 4467 609 4523 dem
644 4471 993 4542 praeceptori
1024 4470 1214 4543 gloria
1240 4476 1349 4536 est,
1383 4487 1518 4526 cum
1568 4470 1847 4542 discipuli
1900 4470 1961 4524 in
2011 4470 2127 4525 fide

478 4555 645 4610 ditati
682 4564 840 4613 sunt.
892 4558 949 4613 Si
1006 4559 1254 4613 saturati
1312 4559 1473 4625 estis,
1525 4558 1573 4613 si
1626 4558 1792 4613 dilati
1855 4558 2017 4626 estis,
2077 4558 2126 4613 si

472 4660 719 4715 regnum
750 4645 949 4716 adepti
983 4647 1147 4714 estis,
1178 4647 1369 4719 gloria
1405 4653 1609 4702 nostra
1664 4652 1774 4713 est,
1831 4663 1966 4701 cum
2007 4662 2127 4701 una

2239 4371 2284 4427 εὶ
2316 4366 2717 4442 ἐϐασιλεύσατε,
2759 4371 2889 4445 δόξα
2946 4379 3106 4451 ἡμῶν
3163 4378 3277 4434 ἐστι
3333 4377 3867 4455 συμϐασιλευσὰντων

2239 4461 2390 4534 ὑμῖν.
2420 4462 2605 4534 Ὑμεῖς
2633 4460 2743 4533 ἤδη
2778 4463 2830 4518 ἐν
2857 4466 3071 4542 Χριστῷ
3098 4468 3189 4523 καὶ
3218 4469 3530 4546 ζςιρόνιμοι,
3586 4477 3677 4530 καὶ
3735 4474 3868 4547 ἰσχυ-

2239 4549 2345 4626 ροὶ,
2375 4550 2466 4604 καὶ
2496 4547 2723 4620 ἔνδοξοι.
2754 4556 2928 4608 Ταῦτα
2968 4555 3073 4631 γὰρ
3136 4554 3392 4632 λὲγοντος
3447 4561 3731 4636 εἶρωνείας
3775 4558 3863 4615 ἐστέ

2236 4640 2474 4713 ῥήματα.

468 4730 771 4814 vobiscum
800 4750 1047 4803 regnum
1077 4734 1275 4807 adepti
1306 4735 1512 4790 simus.
1549 4736 1661 4789 Vos
1685 4734 1811 4807 jam
1844 4734 1905 4789 in
1934 4734 2166 4789 Christo
2200 4735 2259 4786 et
2283 4729 2607 4801 prudentes
2637 4732 2780 4787 estis
2807 4738 2866 4789 et
2892 4732 3077 4790 fortes
3109 4753 3177 4792 ac
3205 4738 3500 4809 praeclari.
3546 4744 3694 4799 Nam
3746 4741 3851 4795 haec

470 4817 693 4872 lronice
720 4818 1021 4890 loquentis
1054 4821 1229 4877 verba
1256 4828 1414 4879 sunt.

538 4955 565 4983 ι(
602 4933 693 5002 1V,
724 4936 874 4990 9-11.
939 4939 1136 4994 Videre
1194 4940 1384 4995 videor
1439 4941 1581 4995 enim
1638 4940 1785 5011 quod
1830 4943 1971 4996 Deus
2023 4956 2120 4995 nos

465 5023 742 5093 apostolos
757 5030 1063 5094 postremos
1091 5026 1421 5097 designavit,
1456 5035 1719 5099 tanquam
1748 5031 1912 5084 morti
1948 5028 2119 5084 desti-

462 5119 619 5168 natos
649 5129 662 5167 :
695 5115 962 5183 quoniam
992 5116 1364 5185 spectaculum
1408 5120 1551 5186 facti
1597 5134 1782 5173 sumus
1822 5117 2028 5173 mundo
2070 5124 2121 5172 et

461 5199 676 5270 angelis
704 5218 768 5256 ac
799 5201 1136 5259 hominibus.
1197 5206 1301 5260 Nos
1348 5206 1504 5260 stulti
1540 5212 1772 5276 propter
1822 5205 2115 5273 Christum,

464 5305 556 5345 vos
587 5296 768 5345 autem
788 5292 1091 5362 prudentes
1144 5292 1200 5345 in
1232 5292 1481 5353 Christo.-
1527 5310 1625 5349 nos
1672 5293 1982 5361 imbecilles,
2027 5308 2118 5347 vos

460 5385 645 5433 autem
673 5381 889 5447 validi;
918 5397 1010 5438 vos
1042 5382 1331 5453 praeclari,
1383 5399 1481 5438 nos
1529 5390 1716 5438 autem
1771 5383 1999 5453 inglorii
2044 5384 2118 5437 ad

460 5463 559 5521 hoc
589 5483 760 5539 usque
792 5476 1023 5552 tepipus.

532 5553 859 5625 Mcerentis,
890 5560 1010 5616 imo
1043 5559 1242 5632 potius
1274 5560 1335 5614 in
1387 5560 1666 5617 ruborem
1715 5561 2115 5617 convertentis

531 5675 598 5712 ’θ’
633 5680 807 5734 Marc.
844 5699 921 5746 Ix,
958 5686 1043 5737 34.

2301 4940 2453 4988 Δοκῶ
2492 4934 2617 5009 γὰρ,
2685 4935 2769 4990 ’ὁτι
2830 4937 2858 4993 ὁ
2926 4940 3054 5002 Θεὸς
3121 4943 3270 5015 ἡμᾶς
3335 4945 3463 5008 τοὺς
3541 4942 3856 5004 ἀποστόλους

2227 5020 2490 5097 ἐσχάτους
2580 5019 2850 5094 ἀπέδειξεν
2946 5049 3021 5090 ως
3099 5029 3503 5096 ἐπιθανατίους.
3572 5039 3689 5091 Ὃτι
3749 5030 3850 5097 θέα·

2227 5131 2355 5200 τρον
2390 5199 2393 5200 ν
2430 5109 2769 5186 ἐγενήθημεν
2841 5120 2920 5188 τῷ
2994 5117 3211 5193 κόσμῳ,
3286 5122 3378 5177 καὶ
3454 5124 3709 5200 ἀγγέλοις
3773 5117 3849 5174 καὶ

2226 5198 2556 5275 ἀνθρώποις.
2634 5201 2858 5277 Ἡμεῖς.
2906 5208 3086 5282 μωροὶ
3163 5207 3251 5264 διὰ
3328 5198 3584 5287 Χριστὸν,
3625 5214 3769 5285 ὑμεῖς
3803 5204 3851 5261 δὲ

2226 5291 2487 5367 φρόνιμοι
2546 5287 2598 5344 ἐν
2653 5292 2889 5365 Χριστῷ.
2960 5298 3148 5371 Ἡμεῖς
3228 5299 3491 5373 ἀσθενεῖς,
3581 5304 3729 5376 ὑμεῖς
3802 5293 3851 5349 δὲ

2229 5378 2467 5467 ἐσχυροὶ.
2506 5379 2686 5452 Ὑμεῖς
2723 5375 2956 5456 ἔνδοξοι,
2997 5389 3163 5460 ἡμεῖς
3205 5386 3262 5444 δὲ
3311 5386 3524 5465 ἄτιμοι,
3586 5375 3709 5467 ἄχρι
3766 5385 3848 5451 τῆς

2224 5464 2346 5542 ἄρτι
2376 5464 2547 5544 ὢφας.

2297 5556 2677 5628 Λυπουμένου,
2714 5559 2929 5632 μᾶλλον
2963 5560 3022 5619 δὶ
3051 5564 3401 5642 ἐντρέποντος
3440 5569 3530 5623 καὶ
3569 5561 3845 5641 καταισχῦ-

4044 2970 4045 3001 ι

4043 3024 4045 3059 1

4044 3096 4045 3137 l
