4106 6252
295 343 421 404 689

1297 339 1706 401 COMMENT.
1754 340 1829 399 ΙΝ
1876 341 2123 403 EPIS'I‘.
2173 345 2194 404 Ι
2238 349 2343 407 AD
2389 347 2755 410 CORlNTH.

3631 348 3750 410 690

304 495 495 534 νοντος
625 495 778 548 ματα
807 472 971 549 λέγει.
1006 473 1095 534 Ὠς
1153 471 1255 546 γὰρ
1313 471 1446 544 δρῶ,
1501 470 1656 549 φησέ,
1705 471 1794 525 καὶ
1828 471 1876 540 ἐξ
1910 473 1980 526 ὧν

2103 493 2169 530 ac
2199 479 2628 548 pudefacientis
2661 482 2836 537 verba
2866 482 3306 552 loquitur-.Nam
3338 487 3404 536 ut
3431 482 3621 548 video,
3656 482 3748 536 in—

315 571 476 643 ῦμεῖς
512 571 760 628 ποιεῖτε,
810 566 975 636 ἡμεῖς
1034 563 1084 616 οἱ
1142 559 1471 627 ἀπόστολοι,
1525 556 1748 635 ἔσχατοι
1779 564 1992 616 πάντων

321 657 472 732 παρά
532 659 677 712 Θεοῦ
732 650 1155 726 ἀπεδείχθημεν,
1217 650 1290 710 ὠς
1363 645 1644 703 κατάδικοί
1701 670 1842 712 τινες
1901 651 1989 704 καὶ

323 746 694 811 ἑπιθανάτιοι,
726 742 1026 805 τουτέστιν,
1085 739 1164 800 εἷς
1219 738 1282 792 τὸ
1333 738 1647 812 φονεύεσθαι
1689 744 1849 792 πᾶσιν
1892 739 1987 792 εὐ-

328 841 538 914 χερεῖς.
570 835 764 906 Ἡμεῖς
825 831 919 902 μὲν
980 826 1072 882 οῦν
1131 827 1210 889 εἷς
1267 827 1327 882 τὸ
1382 827 1612 901 πάσχειν
1641 831 1824 890 κακῶς
1852 847 1992 902 προ-

320 912 573 999 κείμεθα,
631 924 788 994 ὑμεῖς
849 916 907 973 δὲ
963 915 1072 987 ἤδη
1132 912 1535 974 ἐϐασιλεύσατε.
1591 917 1676 986 Ἐξ
1736 917 1810 970 ὧν
1861 916 1986 992 γὰρ,

324 1017 513 1087 φησὶν,
548 1015 707 1086 ὑμεῖς
762 1006 1146 1064 ἐϐασιλεύσατε
1205 1004 1348 1061 οὓτω
1405 1006 1642 1080 ταχέως,
1675 1005 1750 1066 ὡς
1779 1005 1988 1078 νομίζω

322 1079 510 1179 (τοῦτο
543 1101 695 1177 λέγει
725 1100 810 1167 τὸ,
857 1102 1054 1167 Δοκῶ),
1114 1097 1277 1168 ἡμεῖς
1337 1095 1673 1170 γινώσκομεν
1708 1093 1789 1148 ὅτι
1823 1089 1990 1170 ἔσχα-

322 1216 410 1250 τοι
468 1194 531 1247 τὸ
587 1195 772 1249 κακῶς
826 1188 1060 1264 πάσχειν
1121 1184 1575 1257 κατακεκρίμεθα.
1639 1183 1869 1238 Δυνατὸν
1931 1180 1987 1236 δὲ

327 1282 425 1337 καὶ
455 1281 592 1335 κατά
621 1277 926 1352 ἀπόφανσιν
985 1273 1076 1328 καὶ
1137 1272 1187 1344 ἐξ
1247 1269 1454 1330 εὐθείας
1487 1265 1672 1324 λαϐεῖν
1705 1270 1766 1324 τὸ
1798 1269 1984 1343 ῥητόν.

329 1374 486 1426 Δοκῶ
517 1369 645 1444 γὰρ,
677 1365 864 1435 one-iv,
908 1361 990 1418 ὅτι
1045 1364 1198 1432 ’ἡμᾶς
1249 1359 1378 1420 τοὺς
1433 1359 1790 1428 ἀποστόλους,
1823 1358 1988 1437 ἐσχά-

327 1477 460 1517 τους
503 1457 744 1527 κήρυκας
797 1451 890 1506 καὶ
950 1445 1317 1510 διδασκάλους
1375 1447 1532 1520 ὑμῶν
1590 1449 1985 1522 προεστήσατο,

334 1549 459 1621 μεθ’
487 1546 578 1606 οὓς
610 1542 712 1598 οὐκ
762 1539 820 1596 ἄν
851 1560 935 1600 τις
994 1536 1203 1600 ἃλλους
1262 1534 1576 1614 ἀλλαχόθεν
1605 1536 1763 1591 ποθὲν
1792 1535 1988 1614 ἀναφα-

323 1635 503 1697 νέντας
564 1633 772 1710 ὀφείλει
832 1626 1253 1702 προσδέχεσθαι.
1309 1627 1387 1683 Οὐ
1419 1627 1525 1700 γὰρ
1556 1625 1615 1680 ἂν
1651 1622 1869 1690 εἷ’ποιεν,
1904 1624 1986 1679 ὅτι

322 1726 417 1782 καὶ
479 1724 634 1779 αὐτοί
695 1722 800 1777 ἀπὸ
859 1722 1101 1795 Χριστοῦ
1174 1714 1576 1786 ἀπεστάλησαν.
1639 1716 1827 1787 ’Πμεῖς
1884 1715 1985 1790 γὰρ

324 1814 487 1888 ἔσμεν
568 1813 624 1866 οἱ
701 1809 1036 1873 έπιθανάτιοι

321 1900 686 1968 έπιθανᾶτιοι,
747 1896 922 1973 διχῶς
979 1894 1038 1950 ἂν
1093 1893 1339 1964 νοηθείη,
1398 1891 1432 1962 ἢ
1493 1893 1578 1948 ’ὁτι
1634 1892 1722 1946 καὶ
1773 1891 1825 1946 οἱ
1863 1895 1980 1946 κατ’

321 1991 485 2047 αὖτὸν
547 1992 638 2046 τὸν
696 1991 920 2045 θάνατον
969 1987 1301 2060 κυρωθέντες
1361 1985 1492 2038 εἶναι
1557 1983 1816 2056 μαθηταὶ,
1855 2003 1979 2036 συν-

319 2081 535 2138 τάττων
565 2080 657 2135 καὶ
716 2077 902 2133 ἑαυτὸν
961 2081 1080 2138 τοῖς
1135 2072 1331 2134 ἄλλοις
1390 2075 1679 2146 μαθηταῖς,
1723 2071 1814 2126 καὶ
1872 2071 1978 2126 ἀπὸ

316 2177 428 2227 τῶν
487 2168 758 2225 πλειόνων
822 2166 965 2221 οὕτω
1017 2164 1221 2224 πάντας
1280 2160 1580 2234 ὂνομάζων·
1613 2158 1650 2228 ἤ
1685 2180 1981 2237 μεταφορι-

318 2264 434 2320 κῶς
491 2259 576 2326 τὸ,
635 2255 993 2319 έπιθανάτιοι,
1055 2254 1172 2307 οἷον
1230 2252 1281 2305 οἱ
1343 2244 1578 2325 βέϐαιοι,
1613 2250 1664 2302 οἱ
1695 2247 1976 2318 ἀληθινοὶ,

397 2346 661 2402 στ’-ι’
791 2343 862 2366 ’·
965 2341 1064 2397 νλλ
1738 2336 1751 2356 '
1859 2334 1976 2391 δ-

324 2371 392 2422 με
479 2369 573 2408 0.),
607 2367 706 2401 ουκ
763 2365 897 2399 εισιν
957 2365 988 2397 α
1071 2362 1146 2408 οι,
1204 2361 1310 2394 απο
1350 2361 1444 2394 των
1474 2349 1827 2401 επιθανατιων
1896 2358 1945 2392 ια

323 2439 533 2505 θηκῶν.
595 2436 764 2492 Αῦται
821 2434 923 2507 γὰρ
983 2430 1086 2486 εἶσι
1146 2424 1359 2505 βέϐαιοι
1416 2429 1505 2482 καὶ
1565 2427 1974 2500 ἀμετακίνητοι,

325 2525 398 2584 Αῖ
429 2548 487 2581 τε
513 2525 612 2600 γὰρ
656 2523 762 2597 πρὸ
793 2522 992 2589 αὐτῶν,
1051 2525 1349 2586 κινοῦνται,
1409 2518 1500 2572 καὶ
1557 2519 1612 2570 αἱ
1669 2517 1784 2588 μετ’
1809 2516 1975 2578 αὐτας

331 2614 376 2635 λι
661 2615 674 2632 \
710 2634 721 2644 .
778 2614 792 2631 ἱ
839 2612 854 2628 θ
905 2607 987 2632 I"
1249 2609 1262 2648 ἓ
1333 2609 1346 2626 ν
1414 2608 1425 2626 Ι
1663 2630 1674 2646 ‘
1706 2606 1718 2624 Ι
1878 2627 1887 2642 ν
1913 2630 1930 2644 ‘

329 2635 413 2686 οε,
445 2614 680 2670 πλασται
713 2635 796 2668 και
828 2609 1125 2680 ακιοοηλοι
1173 2630 1264 2664 κα.
1323 2603 1633 2677 αποόλητοι
1673 2627 1815 2678 ιομῳ
1843 2627 1906 2660 τ)
1926 2629 1974 2682 (-

339 2707 596 2783 χάνουσι.
628 2703 726 2758 Καὶ
753 2701 813 2756 τὸ
842 2704 996 2755 Δοκῶ
1039 2696 1116 2769 δὲ,
1176 2698 1237 2752 οὐ
1293 2695 1616 2783 δισταγμοῦ,
1650 2693 1777 2750 αλλ’
1805 2694 1974 2783 ἤθους

340 2781 484 2847 ἐστὶν
515 2789 844 2868 ἐμφαντικὸν.
896 2789 1036 2844 Εἶτα
1093 2787 1184 2841 καὶ
1241 2786 1402 2849 πόθεν
1451 2781 1646 2853 δῆλον,
1679 2783 1861 2860 φησὶν,
1891 2781 1972 2837 ὅτι

331 2877 559 2956 ἔσχατοι
616 2881 701 2934 καὶ
757 2875 1088 2943 τελευταῖοι,
1144 2874 1232 2930 καὶ
1291 2880 1406 2948 μεθ’
1457 2874 1549 2936 οὕς
1577 2872 1677 2926 οὐκ
1706 2867 1846 2927 ἔστιν
1876 2871 1973 2927 ἄλο

321 2967 460 3030 λους
485 2964 630 3022 ἃλλα
657 2966 1030 3040 κηρύσσοντας
1059 2959 1457 3040 ἀποδειχθῆναι
1484 2981 1496 3031 ;
1538 2983 1560 3011 ι
1595 2963 1824 3033 Θέατρον
1858 2959 1971 3034 ἐγε-

316 3058 568 3128 νήθημεν
599 3060 680 3127 τῷ
707 3055 923 3126 κόσμῳ,
957 3076 986 3104 ››
1013 3052 1196 3129 φησίν.
1255 3052 1315 3108 Ὁ
1364 3050 1572 3122 κόσμος
1604 3049 1784 3115 αὐτὸς,
1817 3049 1970 3117 φησὶ,

314 3147 407 3200 καὶ
439 3147 475 3214 ἡ
523 3143 820 3217 οἴκουμένη
870 3147 1032 3196 τοῦτο
1083 3145 1362 3216 μαρτυρεῖ,
1413 3139 1502 3194 καὶ
1553 3138 1614 3193 οὗ
1668 3138 1830 3211 μόνον
1879 3137 1974 3193 ἄν-

317 3247 558 3306 θρωποι,
591 3231 743 3288 ἆλλά
780 3230 870 3286 καί
927 3231 982 3286 αἱ
1040 3229 1148 3285 ἄνω
1201 3233 1308 3284 τῶν
1342 3227 1590 3302 ἀγγέλων
1623 3228 1816 3298 τάξεις.
1851 3232 1972 3288 Πῶς

313 3323 407 3379 οῦν
447 3325 650 3397 ὑμεῖςς
685 3323 761 3384 ὡς
810 3320 1056 3396 ἀρχηγοὶ
1104 3326 1295 3388 καινῆς
1342 3316 1692 3379 διδασκαλίας
1726 3317 1816 3371 καὶ
1847 3320 1978 3371 καθ-

314 3413 527 3488 ηγηταὶ
561 3413 857 3491 φυσιοῦσθε
903 3409 994 3463 καὶ
1055 3407 1376 3482 ἐπαίρεσθε;
1436 3406 1499 3463 Εἴ
1531 3407 1623 3479 μὲν
1657 3407 1758 3482 γὰρ
1791 3404 1824 3459 ἃ
1853 3405 1978 3479 παρ’

312 3504 480 3575 ἡμῶν
539 3498 946 3575 παρειλήφατε,
1025 3493 1326 3564 διδάσκετε,
1405 3493 1641 3568 μαθηταί
1697 3492 1832 3561 ἐστε,
1889 3493 1978 3548 καὶ

311 3589 496 3664 μάτην
530 3589 894 3666 ἐφυσιώθητε,
938 3585 1001 3642 Εἰ
1056 3582 1114 3640 δὲ
1173 3585 1343 3659 ἑτέρῳ
1372 3585 1500 3656 παρ’
1528 3582 1560 3638 ἃ
1586 3582 1978 3659 παρειλήφατε,

321 3679 619 3756 γινώσκετε
670 3676 755 3733 ὅτι
804 3677 969 3748 ἡμεῖς
1019 3674 1178 3747 ἐσμεν
1227 3672 1321 3734 οὕς
1370 3671 1632 3746 ἐσχάτους
1671 3671 1977 3727 καῖτελευ·

314 3769 505 3828 ταίους
559 3766 651 3820 καὶ
729 3764 1110 3828 ἐπιθανατίους
1185 3764 1212 3816 ὁ
1297 3761 1424 3823 Θεὸς
1487 3759 1745 3830 ἀπέδειξε.
1809 3761 1979 3815 Πόθεν

320 3859 412 3913 οῦν
478 3857 638 3928 ὑμεῖς
693 3851 1096 3930 παρειληφότες
1156 3848 1472 3916 διδάσκετες
1533 3850 1596 3906 Εἰ
1653 3850 1757 3925 γὰρ
1815 3851 1980 3922 ἡμεῖς

317 3945 480 4018 ἐσμεν
541 3946 635 4004 οῦς
670 3944 698 3998 ὂ
727 3942 855 4004 Θεὸς
912 3939 1261 4002 τελευταίους
1311 3938 1401 3993 καὶ
1436 3938 1812 4001 ἐπιθανατίους
1845 3939 1979 3992 ἀπα-

323 4034 562 4096 στόλους
593 4030 857 4105 ἀπέδειξε,
889 4027 1060 4095 δῆλον
1111 4029 1193 4083 ὅτι
1253 4027 1305 4083 εἷ’
1357 4048 1409 4082 τι
1442 4027 1684 4106 χρηστὸν
1714 4025 1982 4101 παρειλή-

325 4144 462 4204 φατε
497 4123 727 4196 μςὶθημα
755 4122 846 4175 καὶ
902 4119 1257 4192 κατόρθωμα,
1310 4116 1369 4170 ἐκ
1407 4117 1514 4170 τῶν
1566 4115 1847 4188 ἡμετέρων
1880 4115 1982 4168 πό-

322 4203 432 4267 νων
465 4212 561 4266 καὶ
594 4218 694 4281 τῆς
737 4205 1115 4274 διδασκαλίας,
1153 4207 1278 4278 ὑμῖν
1321 4204 1698 4279 προσγέγονεν.
1735 4203 1858 4266 Εἴθε
1888 4203 1979 4257 οῦν

323 4301 376 4357 ἐν
435 4302 650 4361 τούτοις
711 4297 1106 4367 ἐπλουτήσατε,
1167 4293 1275 4359 εῖθε
1331 4289 1734 4360 ἐϐασιλεύσατε,
1763 4293 1855 4346 ἳνα
1891 4297 1982 4351 καὶ

320 4393 494 4464 ἡμεῖς
526 4390 654 4462 ὗμιν
689 4389 741 4442 οἱ
774 4386 1058 4459 σπέρματα
1085 4391 1186 4452 τῆς
1234 4382 1561 4458 θεογνωσίας
1589 4381 1679 4435 καὶ
1710 4386 1816 4434 τῶν
1850 4380 1982 4454 ἀρε-

314 4485 430 4535 τῶν
463 4473 886 4544 καταϐαλόντες,
947 4467 1490 4546 συμϐασιλεῦσωμεν.
1543 4469 1716 4526 Ἀλλά
1743 4466 1980 4535 δέδοικα,

2098 568 2244 636 quit,
2270 585 2340 623 ex
2371 569 2462 623 his
2503 571 2677 625 etiam
2711 588 2842 641 quae
2875 588 2973 625 vos
3004 571 3196 643 agitis,
3222 588 3331 625 nos
3362 571 3613 641 apostoli
3645 589 3750 626 no-

2095 655 2319 711 vissimi
2364 660 2630 714 omnium
2663 677 2696 715 a
2728 661 2846 713 Deo
2879 659 3167 732 designati
3202 677 3427 723 sumus,
3463 664 3746 730 tanquam

2095 746 2295 800 nescio
2328 749 2448 816 qui,
2473 749 2852 803 condemnati
2881 765 2947 803 ac
2972 748 3149 803 morti
3179 748 3603 804 destinatilloc
3634 755 3744 818 est,

2095 838 2160 887 ut
2187 835 2358 888 facile
2391 836 2461 891 ab
2495 837 2771 892 omnibus
2804 837 3164 893 occidamur.
3202 838 3505 906 Siquidem
3545 855 3653 893 nos
3684 844 3750 892 ut

2096 923 2267 978 malis
2324 925 2657 981 afﬁciamur
2713 927 3088 998 exponimur,
3119 945 3219 982 vos
3255 932 3452 982 autem
3502 945 3748 1000 regnum

2085 1012 2214 1082 jam
2245 1013 2442 1085 adepti
2475 1016 2634 1070 estis.
2676 1018 2757 1070 Ex
2790 1033 2857 1071 eo
2892 1016 3054 1070 enim
3089 1017 3246 1086 quod
3278 1033 3376 1070 vos
3409 1015 3554 1070 adeo
3587 1016 3748 1072 brevi

2091 1116 2338 1173 regnum
2371 1103 2569 1174 adepti
2602 1105 2764 1171 estis,
2794 1121 2924 1172 nos,
2949 1109 3016 1159 ut
3043 1105 3301 1159 arbitror
3332 1105 3493 1176 (nam
3519 1105 3632 1159 hoc
3665 1109 3752 1158 est

2094 1191 2251 1259 quod
2283 1192 2571 1262 prmmisit
2629 1214 2655 1243 «
2689 1193 2898 1248 Videre
2961 1193 3165 1250 videor
3196 1216 3223 1242 »
3258 1193 3274 1264 )
3338 1195 3747 1265 cognoscimus

2093 1278 2248 1348 quod
2282 1280 2584 1335 novissimi
2645 1282 3117 1336 condemnamur
3147 1288 3214 1337 ut
3243 1281 3400 1336 mala
3428 1282 3744 1353 patiamur.

2091 1369 2291 1422 Potest
2313 1385 2545 1439 quoque
2569 1369 2917 1425 afﬁrmative
2941 1375 3218 1440 rectaque
3242 1371 3536 1424 sententia
3557 1371 3743 1442 accipi

2093 1458 2252 1528 quod
2287 1458 2512 1512 dictum
2539 1464 2646 1513 est.
2683 1459 2891 1514 Videre
2918 1459 3140 1527 videor,
3167 1459 3383 1530 inquit,
3409 1458 3566 1530 quod
3592 1461 3745 1514 Deus

2095 1563 2202 1600 nos
2232 1547 2551 1617 apostolos,
2576 1553 2906 1618 postremos
2928 1547 3346 1620 praedicatores
3370 1565 3438 1603 ac
3469 1549 3744 1604 doctores

2093 1640 2318 1690 vestros
2349 1637 2676 1704 constituit,
2713 1642 2846 1709 post
2897 1655 3045 1708 quos
3097 1655 3273 1693 nemo
3306 1654 3568 1708 unquam
3598 1637 3746 1692 alios

2095 1725 2335 1780 aliunde
2367 1731 2722 1798 apparentes
2745 1727 2987 1782 deberet
3016 1729 3337 1798 suscipere.
3362 1729 3748 1798 Nequaquam

1137 1803 1549 1864 ἀποσταλέντες.
1625 1803 1702 1860 Τὸ
1778 1799 1855 1871 δὲ,
1934 1803 1980 1856 οἱ

2097 1813 2256 1868 enim
2289 1813 2484 1868 dicere
2516 1820 2764 1885 possent
2793 1815 2949 1885 quod
2981 1816 3092 1886 ipsi
3116 1832 3352 1886 quoque
3376 1832 3409 1870 a
3431 1816 3549 1870 Deo
3581 1815 3749 1870 missi

2096 1907 2252 1956 sunt.
2280 1904 2393 1957 Nos
2421 1903 2580 1957 enim
2614 1903 2778 1956 missi
2807 1920 3012 1958 sumus
3041 1921 3075 1958 a
3107 1905 3224 1958 Deo
3257 1903 3560 1958 destinati.
3587 1903 3752 1968 Quod

2095 1997 2292 2046 autem
2327 1991 2410 2046 ait
2439 1989 2492 2043 οἱ
2524 1989 2858 2044 ἐπιθανάτιοι
2889 1991 3208 2063 dupliciter
3236 1991 3487 2064 intelligi
3517 1997 3748 2063 potest:

2092 2085 2194 2134 aut
2241 2080 2380 2150 quia
2430 2080 2583 2136 45‘!
2635 2081 2833 2135 caeteri
2885 2079 3160 2152 discipuli
3212 2080 3310 2150 qui
3345 2097 3448 2135 suo
3480 2085 3747 2151 tempore

2091 2169 2346 2236 fuerant,
2366 2169 2540 2223 morti
2563 2168 2783 2224 addicti
2807 2174 2996 2237 erant,
3021 2170 3280 2240 seipsum
3305 2185 3542 2240 quoque
3569 2173 3747 2224 caste-

2093 2258 2236 2312 teris
2267 2262 2625 2312 annumerat
2679 2257 3011 2329 discipulis,
3073 2264 3131 2312 et
3182 2275 3446 2313 omnesa
3476 2257 3746 2329 pluribus

2090 2345 2462 2401 denominat.
2477 2348 2592 2400 Aut
2613 2352 2677 2400 ut
2695 2347 3101 2417 metaphorice
3124 2353 3390 2401 sumatur
3412 2344 3747 2400 ἐπιθανάτιοι

2090 2435 2246 2490 idem
2279 2435 2626 2506 significans
2685 2435 2843 2506 quod
2897 2435 3065 2501 certi,
3105 2436 3248 2500 veri,
3283 2441 3417 2506 post
3446 2453 3594 2505 quos
3623 2453 3745 2490 non

2091 2529 2230 2577 sunt
2260 2522 2360 2577 alii
2389 2539 2401 2576 :
2436 2522 2940 2593 quemadmodum
2973 2523 3153 2578 etiam
3181 2521 3462 2578 dicuntur
3490 2521 3741 2576 ἐπιθανά-

2085 2630 2198 2664 τιαι
2224 2605 2505 2677 διαθῆκαι,
2530 2609 2588 2663 id
2613 2611 2902 2675 est,ﬁrma
2922 2615 3343 2681 postremaque
3369 2617 3742 2666 testamenta:

2090 2716 2305 2770 nempe
2338 2715 2405 2753 eo
2439 2698 2596 2769 quod
2648 2700 2768 2753 sint
2800 2699 3235 2765 immutabilia;
3269 2715 3408 2754 nam
3441 2715 3571 2768 quae
3603 2704 3742 2754 ante

2087 2789 2192 2844 illa
2222 2793 2380 2852 sunt,
2415 2793 2740 2855 mutantur,
2765 2805 2892 2856 quaa
2922 2804 3056 2843 vero
3088 2793 3221 2860 post
3242 2788 3365 2854 illa,
3391 2789 3528 2843 ficta
3558 2805 3625 2843 ac
3658 2789 3742 2842 ir-

2086 2877 2200 2931 rita
2231 2882 2389 2942 sunt,
2425 2880 2482 2930 et
2533 2875 2659 2948 lege
2693 2875 3066 2947 rejiciuntur.
3102 2879 3323 2931 Rursus
3365 2877 3522 2947 quod
3554 2876 3738 2932 dicit:

2086 2987 2114 3014 «
2144 2965 2353 3020 Videre
2382 2964 2604 3032 videor,
2643 2987 2669 3013 ››
2703 2982 2822 3020 non
2855 2965 3245 3020 haasitationis
3278 2972 3385 3034 est,
3420 2967 3522 3020 sed
3553 2966 3736 3021 moris

2085 3053 2565 3124 signiﬁcativum.
2600 3053 2686 3107 Ad
2717 3053 2864 3118 haec,
2896 3053 3078 3120 unde,
3111 3053 3327 3124 inquit,
3356 3055 3739 3109 manifestum

2086 3148 2176 3197 est
2205 3142 2363 3212 quod
2395 3143 2676 3212 postremi
2709 3158 2776 3196 ac
2808 3142 3114 3196 novissimi
3147 3142 3436 3214 designati
3469 3144 3744 3208 simus,et

2087 3236 2220 3302 post
2250 3248 2396 3301 quos
2427 3247 2546 3285 non
2580 3231 2657 3284 sit
2686 3231 2836 3286 alios
2865 3231 2992 3286 dari
3039 3231 3457 3302 praedicatores
3481 3233 3508 3286 τ
3541 3252 3563 3280 «ι
3598 3233 3744 3297 Quia

2085 3318 2489 3391 spectaculum
2534 3320 2671 3374 facti
2729 3337 2934 3374 sumus
2993 3321 3238 3388 mundo,
3270 3341 3296 3371 ››
3333 3321 3451 3389 ait;
3484 3321 3744 3377 mundus

2085 3410 2208 3480 ipse
2241 3408 2524 3478 orbisque
2557 3415 2851 3464 terrarum
2902 3409 3013 3464 hoc
3048 3415 3318 3474 testatur,
3351 3427 3461 3465 nec
3495 3411 3602 3466 soli
3640 3411 3748 3466 ho-

2083 3498 2298 3566 mines,
2322 3497 2425 3552 sed
2449 3503 2507 3551 et
2530 3498 2769 3569 superni
2795 3499 3142 3571 angelorum
3166 3499 3742 3565 ordines.Quomodo

2083 3603 2183 3642 vos
2215 3593 2501 3657 tanquam
2528 3593 2801 3642 auctores
2846 3604 2914 3642 ac
2962 3588 3226 3660 magistri
3259 3605 3425 3642 nova:
3458 3588 3742 3644 doctrina:

2083 3674 2378 3730 inflamini
2412 3691 2480 3729 ac
2513 3675 2808 3746 erigimini
2831 3675 2859 3730 ?
2888 3677 3118 3731 Etenim
3144 3677 3192 3730 si
3218 3693 3287 3730 ea
3311 3676 3535 3732 docetis
3559 3695 3690 3747 quae
3712 3693 3747 3732 a

2085 3766 2260 3820 nobis
2293 3765 2629 3836 accepistis,
2687 3766 2967 3836 discipuli
3023 3767 3164 3820 estis
3203 3766 3541 3837 frustraque
3573 3767 3743 3821 intla-

2087 3854 2257 3908 mini.
2293 3854 2349 3907 Si
2381 3868 2514 3906 vero
2548 3852 2666 3906 alia
2721 3853 2794 3907 ab
2855 3853 2948 3907 his
3007 3871 3138 3923 qua)
3169 3855 3503 3924 accepistis,
3533 3855 3741 3908 scitote

2086 3941 2243 4012 quod
2275 3958 2382 3995 nos
2409 3940 2448 3993 ii
2480 3956 2684 3994 sumus
2716 3955 2864 4009 quos
2894 3941 3046 3994 Deus
3077 3947 3406 4011 postremos
3438 3957 3504 3994 ac
3531 3940 3740 3994 ﬂnales

2086 4037 2398 4099 certosque
2429 4029 2729 4100 apostolos
2761 4028 3109 4100 designavit,
3169 4029 3287 4084 sive
3345 4027 3740 4091 ἐπιθανατίους.

2088 4119 2251 4176 Unde
2284 4119 2463 4188 igitur
2491 4116 2806 4188 accepistis
2829 4133 2898 4171 ea
2919 4134 3051 4188 quas
3086 4117 3312 4172 docetis
3333 4118 3360 4172 ?
3389 4120 3529 4174 Nam
3556 4119 3604 4173 si
3633 4136 3742 4174 nos

2088 4226 2294 4265 sumus
2316 4225 2464 4280 quos
2487 4209 2639 4262 Deus
2659 4207 3013 4262 novissimos
3036 4224 3104 4262 ac
3125 4213 3458 4278 postremos
3481 4208 3748 4281 designa-

2086 4299 2187 4366 vit,
2204 4297 2586 4352 manifestum
2606 4303 2692 4351 est
2715 4295 2873 4366 quod
2890 4296 2938 4349 si
2962 4312 3139 4365 quam
3161 4295 3369 4351 utilem
3391 4297 3747 4369 doctrinam,

2085 4387 2386 4443 facinusve
2415 4385 2714 4456 egregium
2741 4384 3110 4455 acceperitis,
3144 4402 3178 4440 a
3199 4385 3420 4440 nostris
3443 4386 3746 4441 laboribus

2087 4493 2153 4531 ac
2184 4474 2522 4546 disciplinis
2553 4473 2716 4528 vobis
2747 4473 3284 4544 provenit.Utinam
3320 4490 3455 4546 ergo
3485 4491 3591 4545 per
3622 4474 3747 4528 haec

328 4573 408 4644 μὴ
448 4571 561 4647 οὐχ
591 4569 764 4630 οὕτως
793 4561 898 4642 ἔχῃ
928 4565 996 4618 τὰ
1027 4563 1282 4638 ὑμέτερα.
1317 4587 1343 4612 κ
1378 4560 1514 4622 Τοὺς
1556 4556 1919 4622 ἀποστόλους.
1955 4582 1980 4610 η

2090 4563 2248 4618 litati
2289 4564 2442 4627 sitis,
2477 4562 2704 4616 utinam
2757 4578 3004 4634 regnum
3059 4561 3278 4633 adepti,
3313 4568 3376 4616 ut
3415 4569 3472 4618 et
3502 4580 3610 4618 nos
3642 4564 3744 4635 qui

323 4664 604 4736 Ἐμφασιν
634 4653 750 4732 ἔχει
781 4653 1028 4724 πολλὴν,
1057 4653 1142 4720 τὸ,
1166 4676 1194 4703 ιι
1218 4652 1395 4722 Ἡμᾶς
1426 4652 1552 4710 τοὺς
1582 4647 1976 4715 ἀποστόλους,ι

319 4747 573 4805 τουτέστι
604 4747 730 4806 τοὺς
748 4747 982 4799 τοσαῦτα
1005 4741 1136 4814 ὑπὲρ
1162 4743 1395 4813 Χριστοῦ
1418 4737 1774 4798 πεπονθότας.
1802 4759 1829 4787 α
1859 4739 1982 4792 *Ὁτι

323 4840 549 4910 θέατρον
579 4833 936 4908 ἐγενήθημεν.
967 4854 993 4880 ιι
1020 4834 1142 4890 Πῶς
1173 4825 1248 4896 δὲ,
1282 4827 1438 4906 φησὶ,
1460 4827 1673 4898 νομίζω
1703 4827 1787 4880 ’ὁτι
1817 4819 1982 4900 ἔσχα-

323 4925 416 4981 τοί
478 4923 682 4995 ἐσμεν;
757 4921 884 4977 ’Ότι
963 4917 1184 4992 θέατρον
1241 4920 1322 4988 τῷ
1377 4915 1571 4988 κόσμῳ
1625 4913 1982 4988 ἐγενήθημεν,

320 5013 627 5083 τουτέστιν,
656 5011 758 5064 οὐκ
816 5007 872 5062 ἐν
937 5011 1035 5080 μιᾷ
1091 5003 1262 5079 γωνίᾳ
1315 5005 1619 5082 πάσχοντες
1650 5009 1853 5073 κακῶς,
1884 5002 1982 5057 ἀλ-

327 5103 402 5160 λὰ
431 5105 716 5176 πανταχοῦ
762 5105 887 5176 γῆς·
945 5095 1035 5151 καὶ
1097 5096 1252 5168 ὑμεῖς
1309 5091 1417 5164 ἤδη
1473 5093 1747 5167 βασιλείαν
1782 5094 1984 5168 ὀνειρο-

320 5192 546 5248 πολεῖτε
571 5209 585 5259 ;
613 5189 700 5258 Ἐξ
741 5187 814 5241 ὧν
853 5183 910 5240 δὲ
956 5183 1080 5258 περὶ
1110 5188 1218 5238 τῶν
1251 5179 1575 5237 ἀποστόλων
1611 5187 1777 5237 ταῦτα
1810 5178 1983 5258 λέγει,

321 5281 560 5338 δείκνυσι
591 5280 692 5348 τὴν
724 5274 938 5331 ἐκείνων
985 5272 1163 5344 οἷήσιν
1219 5270 1444 5345 ματαίαν
1475 5271 1562 5325 καὶ
1589 5268 1782 5344 ψευδῆ,
1818 5295 1844 5322 ‹‹
1879 5271 1980 5326 Καὶ

311 5371 596 5448 ἀγγέλοις.
630 5392 657 5418 ››
691 5368 956 5428 Τοιαῦτα,
1016 5361 1203 5438 φησὶν,
1265 5363 1425 5433 ἡμῶν
1482 5359 1548 5414 τὰ
1603 5357 1984 5433 παλαίσματα,

309 5446 505 5526 ὡςκαῖ
540 5455 851 5532 ἆγγελικῆς
885 5452 1025 5506 εἶναι
1059 5448 1292 5522 θεωρίας
1326 5446 1464 5521 ἄξια.

2092 4652 2255 4705 vobis
2286 4651 2497 4705 divinas
2531 4651 2763 4706 semina
2808 4651 3164 4722 cognitionis
3192 4667 3260 4705 ac
3291 4651 3570 4707 virtutum
3594 4653 3744 4724 jeci-

2093 4759 2247 4810 mus,
2296 4758 2414 4796 una
2466 4741 2767 4796 vobiscum
2806 4757 3143 4813 regnemus.
3182 4743 3394 4798 Verum
3433 4743 3635 4811 timeo,
3669 4761 3743 4798 ne

2092 4837 2284 4885 vestra
2313 4847 2434 4886 non
2461 4830 2543 4884 ita
2585 4847 2646 4884 se
2699 4829 2976 4885 habeant.
3010 4851 3038 4878 ‹‹
3072 4831 3407 4901 Apostolos.
3443 4855 3470 4881 »
3502 4833 3744 4889 Multam

2093 4920 2273 4974 habet
2293 4918 2622 4990 emphasim
2643 4918 2800 4990 quod
2824 4919 2934 4973 ait:
2963 4941 2991 4968 «
3009 4921 3123 4974 Nos
3141 4921 3460 4992 apostolos,
3479 4949 3506 4971 η
3525 4924 3637 4979 hoc
3659 4929 3749 4978 est

2093 5007 2194 5079 qui
2227 5013 2392 5062 tanta
2421 5023 2527 5078 pro
2561 5007 2791 5062 Christo
2819 5005 2978 5078 passi
3002 5024 3228 5064 sumus.
3255 5033 3281 5058 «
3305 5011 3593 5075 Quoniam
3616 5029 3751 5083 spe-

2093 5095 2388 5151 ctaculum
2421 5095 2560 5150 facti
2593 5112 2818 5150 sumus.
2853 5117 2882 5144 n
2929 5095 3115 5161 Unde,
3150 5098 3365 5168 inquit,
3397 5099 3659 5154 adducor
3688 5105 3754 5154 ut

2093 5185 2427 5239 existimem
2481 5183 2640 5254 quod
2693 5185 2976 5255 postremi
3025 5185 3164 5240 facti
3198 5186 3430 5241 simus?
3459 5187 3748 5251 Quoniam

2095 5273 2499 5343 spectaculum
2533 5273 2741 5328 mundi
2794 5289 3038 5329 sumus:
3095 5275 3206 5328 hoc
3239 5281 3346 5340 est,
3381 5292 3500 5329 non
3533 5275 3593 5330 in
3625 5293 3744 5331 uno

2095 5361 2310 5433 angulo
2339 5361 2496 5417 mala
2528 5361 2872 5429 tolerantes,
2907 5363 3010 5416 sed
3050 5362 3272 5432 ubique
3322 5369 3653 5421 terrarum:
3687 5373 3745 5422 et

2093 5468 2193 5505 vos
2217 5451 2344 5522 jam
2371 5467 2616 5523 regnum
2650 5451 3007 5506 somniatis?
3054 5452 3339 5516 Quoniam
3385 5459 3580 5509 autem
3615 5455 3740 5513 hmo

313 5553 456 5610 dicit
487 5551 562 5607 de
597 5543 909 5620 apostolis,
946 5540 1210 5597 ostendit
1239 5539 1476 5594 illorum
1510 5539 2006 5595 existimationem
2037 5556 2246 5595 vanam
2296 5557 2448 5605 esse,
2481 5557 2548 5596 ac
2596 5541 2892 5596 fallacem.
2929 5562 2950 5589 ι
2987 5541 3056 5593 Ει
3080 5541 3328 5612 angelis.
3364 5564 3392 5593 ››
3425 5543 3609 5614 Talia,
3643 5544 3735 5600 in-

316 5646 466 5718 quit,
497 5643 644 5698 sunt
674 5639 884 5690 nostra
912 5629 1260 5696 certamina,
1293 5633 1359 5683 ut
1386 5629 1650 5702 angelico
1683 5630 1863 5685 etiam
1891 5629 2070 5701 digna
2098 5631 2218 5686 sint
2241 5639 2506 5703 aspectu.
