4106 6252
417 362 529 423 691

420 581 856 659 pudefacientis
887 587 994 638 est.
1028 584 1143 639 Nos
1189 589 1257 638 ut
1306 582 1473 643 video
1508 583 1672 643 stulti
1709 599 1937 651 sumus,
1969 580 2070 657 qui

419 675 562 735 talia
592 674 714 748 pati
746 672 1131 729 sustinemus.
1162 696 1189 724 α
1224 674 1337 730 Vos
1398 677 1595 731 autem
1631 672 1956 749 prudentes
1983 688 2073 726 es-

416 765 514 831 tis,
549 783 574 813 ιι
616 762 716 835 qui
748 761 831 818 ita
860 766 1056 817 vestra
1087 762 1524 837 disposueritis,
1557 767 1622 816 ut
1644 763 1771 835 jam
1816 759 2077 833 regnetis

416 853 478 909 in
508 854 766 923 Christo,
798 852 857 907 id
888 857 996 920 est,
1033 852 1096 906 in
1127 852 1304 909 rebus
1337 870 1468 929 quae
1498 853 1800 911 Christum
1833 866 2075 909 concer-

416 948 586 1001 nunt.
622 942 845 999 Deinde
873 942 1182 1019 subjungit
1209 942 1717 1016 quodimbecilles
1749 957 1986 1019 quoque
2016 944 2077 995 et

417 1032 657 1106 inglorii
688 1049 755 1089 ac
786 1032 1141 1091 necessariis
1199 1032 1379 1088 rebus
1437 1037 1701 1109 egentes.
1740 1032 1850 1085 Vos
1879 1035 2076 1085 autem

420 1122 665 1177 omnino
694 1140 724 1177 e
755 1121 1007 1187 diverso,
1034 1126 1321 1195 tanquam
1346 1121 1457 1181 hoc
1486 1120 1800 1181 ostendere
1833 1118 2036 1179 volens
2060 1136 2073 1187 ;

419 1227 529 1269 nos
576 1210 774 1289 potius
806 1214 1016 1284 oporte
1062 1209 1238 1265 bonis
1281 1210 1420 1283 frui,
1463 1210 1563 1284 qui
1596 1208 1920 1266 modestias
1947 1207 2078 1262 tuli-

419 1316 574 1366 mus,
609 1316 676 1355 ac
705 1298 1129 1367 laboravimus,
1162 1315 1343 1375 quam
1371 1317 1494 1369 vos,
1520 1299 1619 1374 qui
1652 1299 1715 1354 in
1746 1297 1911 1353 nullo
1943 1296 2081 1355 fati-

418 1388 537 1465 gati
567 1388 709 1445 estis
740 1405 753 1443 :
805 1387 963 1465 quod
995 1388 1043 1443 si
1091 1405 1201 1448 nos
1232 1388 1500 1449 nondum
1532 1388 1807 1457 fruimur,
1841 1387 1944 1447 sed
1974 1386 2080 1441 ad-

418 1479 533 1534 huc
554 1477 713 1535 mala
742 1477 1023 1555 patimur,
1050 1478 1350 1555 quomodo
1381 1495 1481 1536 vos
1500 1483 1784 1553 tanquam
1815 1475 2078 1553 praemiis

416 1585 525 1644 per
548 1568 706 1623 dona
733 1567 1025 1637 fruentes,
1059 1573 1118 1623 et
1165 1569 1334 1642 quasi
1354 1568 1484 1645 jam
1516 1585 1762 1642 regnum
1792 1567 2078 1625 cmlorum

419 1660 480 1716 in
515 1659 792 1719 manibus
824 1659 1114 1716 habentes
1142 1658 1327 1735 (quod
1358 1660 1630 1737 superius
1664 1660 1958 1732 designat,
1988 1658 2080 1717 di-

419 1765 598 1804 cens:
631 1770 659 1798 «
688 1749 815 1806 Jam
845 1764 1096 1822 regnum
1127 1747 1327 1823 adepti
1369 1749 1510 1805 estis
1547 1771 1574 1797 ››
1611 1749 1627 1821 )
1661 1748 1973 1822 magniﬁce
2006 1747 2078 1804 de

1209 428 1212 431 λ
1522 360 1939 425 CECUMENII
1979 359 2289 421 TRICCAE
2330 361 2711 425 EPISCOPI.

490 492 644 553 458
679 514 709 544 «
738 495 853 549 Nos
876 493 1041 551 stulti
1064 497 1306 572 propter
1335 494 1652 553 Christum.
1685 515 1712 544 »
1737 494 1926 552 Etiam
1957 492 2069 550 hoc
2097 497 2148 561 Α

3716 368 3830 429 692

2250 516 2277 543 «
2308 493 2499 567 Ἡμεῖς
2534 492 2710 570 μωροὶ
2760 490 2848 549 διὰ
2906 493 3158 571 Χριστόν.
3198 520 3221 550 ι
3287 497 3382 555 Καὶ
3426 502 3603 555 τοῦτο
3662 497 3832 577 ἐντρε-

2181 586 2409 651 πτικῶς.
2475 584 2691 659 Ἡμεῖς,
2762 582 2948 665 φησὶν,
3031 586 3105 648 ὡς
3198 585 3334 662 ὁρῶ,
3401 587 3594 665 μωροί
3660 587 3841 665 ἔσμεν,

2178 675 2407 728 τοιαῦτα
2462 673 2695 753 πάσχειν
2748 672 3095 749 ἀνεχόμενοι,
3156 696 3186 726 ‹‹
3230 677 3414 749 Ὑμεῖς
3472 674 3535 731 δὲ
3587 678 3844 756 φρόνιμοί

2181 758 2319 816 ἐστε.
2352 785 2380 812 »
2411 762 2603 823 Οὕτως
2656 764 2725 819 τὰ
2777 763 2895 818 καθ’
2952 763 3177 829 ἑαυτοὺς
3229 765 3734 842 οἰκονομήσαντες,
3776 768 3844 829 ὡς

2180 846 2290 923 ἤδη
2350 849 2441 906 καὶ
2500 848 2808 927 βασιλεύειν
2862 850 2915 907 ἐν
2996 854 3235 927 Χριστῷ,
3294 852 3322 911 ὃ
3384 854 3559 924 ἐστιν,
3623 854 3679 912 ἑν
3738 863 3846 919 τοῖς

2181 941 2318 997 κατᾶ
2370 940 2601 1017 Χριστὸν
2688 942 3023 1023 πράγμασιν.
3117 942 3248 999 Εἶτα
3324 942 3546 1021 ἐπάγει,
3620 945 3708 1000 δτι
3762 956 3845 1009 καὶ

2184 1031 2421 1097 ἆσθενεις
2477 1032 2565 1086 καὶ
2625 1029 2837 1106 ἄτιμοι,
2910 1031 3001 1087 καὶ
3084 1037 3192 1091 τῶν
3252 1033 3570 1113 ἀναγκαιων
3628 1032 3843 1097 ἔνδεεις⁶

2185 1120 2341 1196 ὑμεῖς
2400 1117 2457 1176 δὲ
2512 1125 2615 1177 πᾶν
2669 1119 3005 1179 τούναντίονο
3060 1127 3225 1177 τοῦτο
3281 1125 3737 1195 κατασκευάζων,
3770 1124 3846 1180 ὅτι

2182 1212 2332 1285 ἡμᾶς
2364 1209 2578 1284 μᾶλλον
2610 1205 2717 1269 ἔδει
2772 1212 2898 1276 τοὺς
2955 1211 3318 1282 κοπιάσαντας
3368 1213 3460 1268 καὶ
3496 1216 3848 1289 κεκμηκότας

2184 1298 2481 1359 ἀπολαύειν
2513 1303 2621 1355 τῶν
2662 1299 2905 1381 ἀγαθῶν,
2936 1306 3065 1376 παρ’
3096 1300 3237 1373 ὑμᾶς
3268 1302 3394 1370 τοὺς
3430 1305 3512 1376 μὴ
3548 1303 3850 1359 κοπιάσαν-

2184 1409 2300 1454 τας.
2331 1387 2400 1449 Ei
2444 1385 2502 1447 δὶ
2559 1390 2722 1462 ἡμεῖς
2783 1388 2937 1449 οὔπω
2995 1389 3373 1466 ἀπολαύομεν,
3405 1392 3542 1450 ἀλλ’
3578 1389 3665 1451 ἔτι
3697 1392 3849 1471 ἐσμὲν

2187 1477 2239 1537 ἒν
2272 1476 2610 1561 τῷπάσχειν
2639 1482 2848 1551 κακῶς,
2904 1483 3019 1545 πῶς
3080 1479 3240 1559 ὑμεῖς
3299 1483 3373 1547 ὡς
3428 1479 3548 1555 ἤδη
3596 1476 3848 1555 ἆμοιϐων

2185 1564 2625 1632 ἀπολελαυκότες
2656 1564 2745 1627 διά
2790 1572 2899 1629 τῶν
2950 1568 3331 1648 χαρισμάτων,
3362 1570 3452 1626 καὶ
3485 1571 3570 1637 ὡς
3606 1567 3722 1643 ἤδη
3754 1571 3848 1641 τήν

2191 1654 2470 1738 βασιλείαν
2519 1660 2627 1711 τῶν
2714 1656 2958 1735 οὐρανῶν
3015 1650 3234 1742 ἔχοντες
3291 1659 3342 1715 ἐν
3401 1659 3604 1739 χερσῖν
3669 1662 3846 1739 (ἥνπερ

2187 1746 2296 1805 ἅνω
2363 1746 2515 1826 λέγει
2577 1748 2662 1804 ’ὁτι
2728 1771 2758 1805 ις
2824 1741 3262 1821 Ἐϐασίλεύσατε,
3333 1773 3360 1808 η
3411 1750 3430 1827 )
3500 1749 3651 1829 μέγα
3718 1769 3849 1827 φρο-

418 1836 584 1897 vobis
633 1836 888 1906 sentitis,
921 1842 979 1892 et
1026 1853 1126 1895 vos
1174 1837 1336 1914 ipsos
1375 1836 1617 1911 jactatis
1643 1837 1671 1892 ?
1701 1859 1729 1888 ‹‹
1765 1839 1880 1895 Nos
1911 1836 2072 1897 stulti

2187 1859 2348 1912 νει-τε,
2403 1837 2494 1895 καὶ
2552 1836 2974 1909 ἆλαζονεύεσθες
3030 1863 3059 1893 ι(
3092 1840 3284 1917 Ἡμεῖς
3339 1841 3525 1914 μωροὶ
3592 1837 3688 1899 διὰ
3718 1841 3852 1919 Χρι-

419 1931 664 2000 propter
691 1925 1098 1987 Christumzn
1158 1925 1271 1987 hoc
1329 1930 1440 1992 est,
1501 1924 1665 1983 stulti
1725 1942 2072 2003 apparemus

2189 1930 2333 1988 στόν.
2366 1952 2395 1986 ιι
2456 1930 2733 2001 Τουτὲστι,
2789 1934 2866 1989 Δι’
2926 1928 3084 1991 αὐτὸν
3139 1931 3317 2011 μωροὶ
3380 1931 3720 2009 φαινώμεθα
3767 1930 3852 1984 καὶ

427 2014 788 2075 ειιῐΐθτοιιᾶο.
826 2016 938 2075 Vos
986 2020 1209 2088 autem,
1238 2030 1373 2077 cum
1404 2015 1556 2075 nihil
1587 2016 1919 2091 patiamini,
1952 2015 2078 2091 opi-

421 2104 603 2163 nione
657 2108 856 2161 vestra
909 2102 1129 2165 habere
1198 2103 1481 2165 videmini
1536 2104 1749 2167 Christi
1806 2121 2076 2183 regnum.

419 2194 602 2253 Porro
625 2191 699 2254 ad
723 2193 902 2253 ﬁnem
926 2208 1117 2267 usque
1142 2193 1455 2256 sententiae
1478 2210 1675 2254 sermo
1697 2210 1803 2269 per
1828 2194 2081 2254 ironiam

417 2280 533 2353 ipsi
563 2280 875 2359 processit.
910 2301 943 2339 ιι
971 2280 1057 2341 Ad
1104 2282 1218 2343 hoc
1261 2298 1454 2355 usque
1485 2287 1742 2361 tempus.
1779 2305 1805 2332 ››
1838 2283 2077 2357 Omitto,

418 2371 637 2444 inquit,
669 2376 892 2439 vetera,
925 2371 1244 2446 praesentia
1274 2375 1507 2435 tantum
1546 2372 1739 2433 refero
1770 2372 1831 2435 in
1863 2372 2080 2444 quibus

422 2460 735 2522 constituti
768 2477 994 2521 sumus.

491 2551 584 2615 IV,
619 2552 807 2619 11,13.
826 2572 855 2600 «
872 2549 1250 2613 Etesurimus
1270 2556 1329 2610 et
1342 2550 1577 2611 sitimus
1599 2567 1667 2609 ae
1689 2551 1835 2613 nudi
1850 2568 2077 2619 sumus,

419 2661 447 2693 ι(
472 2638 860 2715 colaphisque
878 2639 1253 2711 ccedimur,et
1264 2640 1508 2700 incertis
1521 2656 1805 2715 vagamur
1816 2639 2077 2708 sedibus,

422 2732 524 2785 «et
541 2726 860 2800 fatigamur
872 2729 1129 2803 propriis
1149 2728 1486 2789 laborantes
1506 2727 1965 2789 manibus:male
1984 2744 2083 2791 au-

424 2837 452 2866 «
483 2814 739 2884 dientes,
771 2814 1183 2875 benedicimus
1209 2833 1222 2872 :
1254 2817 1734 2896 persecutionem
1763 2815 2080 2888 patientes.

422 2904 885 2962 «sustinemus:
936 2904 1215 2965 conviciis
1264 2905 1481 2976 affecti,
1533 2904 1951 2965 obsecramus:
1986 2921 2080 2960 ve-

424 3015 452 3049 ιε
480 2992 590 3051 luti
623 2999 1003 3055 excrementa
1024 2994 1232 3055 mundi
1263 2993 1403 3055 facti
1434 3010 1660 3064 sumus.
1684 2994 1954 3057 omnium
1985 3011 2081 3071 pe-

426 3101 448 3130 ι
481 3081 743 3155 ripsema
772 3081 846 3143 ad
874 3082 987 3142 hoc
1015 3100 1204 3161 usque
1234 3089 1491 3156 tempus.

491 3170 578 3231 Ad
611 3188 712 3229 eos
743 3172 842 3244 qui
899 3171 1133 3231 deliciis
1191 3172 1519 3233 afﬂuebant
1556 3173 1811 3235 dicitur;
1850 3196 1870 3227 σ
1906 3174 2079 3235 Cola-

2185 2020 2514 2095 πὰσχοντες,
2544 2020 2698 2096 ὑμεῖς
2755 2017 2812 2077 δὲ
2867 2017 2917 2094 ἐξ
2979 2019 3234 2091 οἰήσεως,
3265 2021 3356 2081 καὶ
3392 2021 3469 2099 μὴ
3509 2021 3850 2101 πάσχοντες.

2185 2109 2432 2188 φαίνεσθε.
2460 2102 2607 2187 ἔχειν
2659 2110 2759 2183 τὴν
2816 2109 2913 2169 τοῦ
2970 2114 3212 2184 Χριστοῦ
3269 2106 3573 2186 βασιλείαν.
3620 2114 3772 2175 "Em;
3798 2106 3850 2175 δὲ

2184 2197 2356 2271 κάτω,
2412 2198 2548 2257 κατὰ
2631 2198 2931 2275 εἰρωνείαν,
2990 2200 3019 2259 ὁ
3077 2198 3242 2284 λόγος
3325 2199 3476 2271 αὐτῷ
3543 2206 3845 2283 προῆκται.

2193 2310 2215 2341 α
2247 2290 2415 2366 Ἀχρι
2442 2296 2542 2361 τῆς
2573 2288 2694 2365 ἄρτι
2723 2286 2890 2366 ὥρας.
2924 2312 2954 2346 ιι
3012 2291 3139 2363 Ὲῶ,
3168 2279 3348 2367 paci,
3392 2287 3464 2350 τὰ
3511 2279 3755 2358 παλαιὰ,
3782 2287 3844 2343 τὰ

2183 2382 2274 2439 νῦν
2301 2376 2472 2458 λὲγω,
2496 2377 2547 2440 ἰν
2581 2379 2668 2441 οἷς
2695 2377 2876 2452 ἐσμεν.

2256 2561 2354 2621 Καὶ
2414 2562 2709 2633 πεινῶμεν,
2764 2558 2856 2616 καὶ
2914 2554 3186 2633 διψῶμεν,
3242 2555 3333 2617 καὶ
3389 2558 3834 2635 γομνητεύομεν,

2185 2649 2542 2728 ἐργαζόμενοι
2597 2653 2718 2712 ταῖς
2774 2645 2939 2717 ἰδίαις
2994 2646 3173 2725 χερσί.
3233 2643 3692 2723 Λοιδοροόμενοι,
3742 2643 3828 2707 εὖ·

2186 2738 2483 2814 λογοῦμεν,
2604 2734 2931 2811 διωκόμενοι
3035 2735 3371 2813 ἀνεχόμεθα,
3475 2733 3825 2815 βλασφημού-

2190 2847 2343 2901 μενοι
2398 2823 2843 2901 παρακαλοῦμεν,
2911 2824 2986 2886 ὦς
3051 2824 3499 2903 περικαθάρματα
3566 2828 3659 2878 τοῦ
3728 2822 3817 2877 κό-

2186 2937 2327 2990 σμου
2360 2915 2712 2992 ἐγενήθημεν,
2742 2913 2957 2975 πάντων
2984 2913 3274 2991 περίψημα
3301 2911 3408 2981 ἓως
3436 2913 3568 2989 ἄρτι.

2257 3167 2400 3244 Πρὸς
2458 3164 2590 3233 τοὺς
2647 3170 2981 3245 τρυφῶντας,
3035 3165 3149 3234 καὶ,
3213 3187 3234 3216 ι
3297 3162 3742 3247 Κολαφιζόμεθα.
3789 3179 3817 3209 κ

417 3259 551 3334 phis
580 3229 904 3328 caedimur;
936 3284 964 3315 ››
1000 3261 1074 3321 ad
1105 3278 1206 3321 e0s
1236 3262 1339 3339 qui
1380 3262 1880 3333 intumesoebant,
1917 3285 1938 3319 ι
1973 3264 2072 3325 In-

2186 3229 2328 3336 npbé
2394 3256 2522 3321 τοὺς
2579 3229 3052 3336 πεφῦσὲωμένους,
3110 3280 3139 3308 ι(
3172 3229 3621 3331 Ἀστατοῦμεν,ιδ
3676 3271 3828 3314 τουτ-

417 3349 594 3408 certis
625 3366 907 3426 vagamur
937 3349 1199 3419 sedibus,
1225 3372 1252 3403 ιι
1274 3351 1333 3410 id
1356 3357 1467 3421 est,
1488 3352 1561 3411 ob
1592 3353 2071 3425 persecutionem

417 3443 649 3501 certum
678 3454 799 3497 non
830 3439 1121 3499 habemus
1153 3440 1520 3501 consistendi
1565 3441 1786 3505 locum.
1828 3463 1855 3496 α
1886 3442 2071 3505 Labo-

418 3531 642 3587 rantes.
663 3525 797 3585 Haec
828 3526 904 3585 ad
934 3526 1071 3586 illos
1102 3526 1442 3587 referuntur
1472 3529 1573 3602 qui
1604 3528 1754 3589 lucri
1786 3546 1853 3589 ac
1873 3546 2071 3608 quass-

418 3620 515 3671 tus
545 3630 725 3675 causa
752 3614 828 3675 ad
867 3614 1353 3695 praedicationem
1395 3616 1775 3679 accedebant.
1809 3620 1945 3691 Nos,
1978 3618 2069 3677 in-

420 3704 569 3783 quit,
599 3702 919 3777 fatigamur
947 3705 1203 3778 propriis
1242 3711 1555 3785 operantes
1584 3707 1881 3776 manibus,
1914 3708 2068 3769 male

419 3792 752 3863 audientes,
807 3794 1284 3871 persecutionem
1345 3795 1730 3864 sustinentes,
1788 3796 2069 3859 cenviciis

418 3883 611 3945 affecti
642 3899 763 3941 non
786 3883 1190 3961 indignamur,
1215 3884 1319 3947 sed
1338 3884 1662 3961 gaudemus
1687 3904 1701 3953 ;
1734 3886 1865 3947 ideo
1890 3887 2067 3950 etiam

417 3970 847 4031 benedicimus.
881 3992 910 4021 «
942 3972 1423 4034 Persecutionem
1472 3973 1765 4049 patientes
1808 3973 2065 4035 sustine-

413 4073 567 4119 mus.
605 4082 625 4107 -
664 4060 783 4117 Hoc
813 4064 905 4117 est
962 4059 1212 4119 stultum
1271 4060 1401 4123 fieri
1459 4068 1702 4139 propter
1744 4061 2061 4123 Christum.

412 4147 520 4219 Qui
552 4149 711 4206 enim
741 4149 866 4207 haec
895 4150 1205 4227 patiuntur
1241 4166 1352 4235 nec
1398 4156 1754 4229 repugnant,
1779 4152 1925 4229 quin
1955 4170 2062 4229 po-

413 4236 530 4297 tius
590 4236 781 4295 verbis
861 4239 1361 4300 commodioribus
1446 4241 1833 4313 respondent,
1896 4241 2061 4303 stulti

417 4326 575 4401 apud
598 4326 871 4387 homines
897 4329 1329 4389 existimantur.
1357 4329 1583 4391 «Veluti
1611 4337 2008 4401 excrementa,
2031 4351 2058 4382 »ι

410 4415 525 4474 hoc
556 4421 664 4483 est,
696 4422 984 4494 tanquam
1014 4417 1418 4491 immunditia,
1450 4419 1534 4477 sic
1565 4418 1797 4497 inglorii
1829 4425 1888 4479 et
1918 4436 2061 4479 con-

411 4505 622 4579 tempti
655 4504 795 4565 facti
827 4523 1053 4569 sumus.
1085 4507 1310 4569 Deinde
1355 4524 1429 4569 ne
1460 4509 1617 4569 454
1647 4508 2063 4573 existimarent

2182 3348 2294 3405 ἑστι
2371 3343 2682 3420 διωκόμεθα
2735 3346 2915 3401 στάσιν
2977 3345 3056 3421 μή
3114 3340 3357 3421 ἔχοντες.
3420 3365 3451 3397 ι(
3508 3339 3833 3417 Ἐργαζόμεο

2178 3457 2282 3497 νοι.
2338 3460 2367 3496 η
2423 3434 2598 3497 Ταῦτα
2681 3434 2757 3505 ὡς
2840 3434 2977 3509 πρὸς
3034 3431 3160 3495 τοὺς
3225 3428 3454 3507 κέρδους
3509 3426 3689 3486 ἕνεκεν
3748 3427 3832 3485 καὶ

2179 3528 2455 3601 πορισμοῦ
2512 3524 2923 3602 ἐπιχειροῦντας
2967 3522 3029 3579 τὸ
3068 3520 3382 3597 κηρύσσειν.
3429 3520 3651 3595 Ἠμεις,
3686 3515 3837 3600 φησι,

2178 3619 2461 3688 κοπιῶμεν
2516 3612 2892 3695 ἐργαζόμενοι.
2953 3607 3406 3691 Λοιδορούμενοι,
3463 3606 3830 3685 διωκόμενοις

2181 3702 2698 3785 βλασφημούμενοι,
2758 3700 2820 3761 οὗ
2872 3697 3327 3777 δυσχεραίνομεν,
3358 3696 3504 3754 ἀλλᾶ
3533 3697 3832 3777 χαίρομεν·

2179 3788 2264 3853 διὸ
2325 3791 2416 3853 καὶ
2481 3788 2837 3866 εὐλογοῦμεν,
2915 3813 2943 3844 ι(
3004 3789 3339 3862 Διωκόμενοι
3404 3785 3742 3864 ἀνεχόμεθα.
3809 3809 3835 3838 ››

2177 3881 2350 3941 Τοῦτό
2408 3878 2519 3943 ἐστι
2580 3880 2764 3961 μωρὸν
2819 3876 3058 3962 γενέσθαι
3138 3875 3228 3932 διὰ
3286 3874 3538 3951 Χριστόν.
3572 3874 3674 3962 ,Οἱ
3726 3873 3833 3959 γὰρ

2172 3974 2344 4032 ταῦτα
2419 3960 2726 4049 πάσχοντες
2799 3960 2890 4023 καὶ
2954 3968 3030 4043 μὴ
3090 3962 3467 4043 ἀντιδρῶντες,
3533 3960 3684 4021 ἀλλὰ
3739 3964 3836 4021 καὶ

2171 4064 2290 4124 τοῖς
2337 4058 2731 4141 χρηστοτέροις
2777 4052 3158 4134 ἀμειϐόμενοι,
3213 4054 3393 4131 μωροὶ
3449 4053 3569 4123 τοῒς
3628 4054 3841 4131 ἀνθρώ-

2172 4168 2298 4213 ποις
2353 4148 2687 4221 νομίζονται,
2741 4170 2771 4207 α
2805 4149 2894 4210 Ὠς
2922 4146 3391 4227 περικαθάρματα.
3438 4167 3465 4195 ››
3516 4142 3833 4201 Τοοτέστιν.

2173 4237 2247 4301 ὡς
2288 4236 2606 4310 ἀκαθαρσία.
2663 4236 2739 4301 ὡς
2797 4232 2985 4311 ἄτιμοι
3042 4235 3132 4290 καὶ
3191 4231 3412 4314 φευκτοὶ
3472 4231 3835 4311 ἐγενήθημεν.

2171 4327 2307 4391 Εἶτα
2334 4324 2430 4384 ’ἱνα
2461 4326 2539 4398 μή
2569 4324 2870 4403 νομίσωσιν
2917 4325 3001 4385 ’ὁτι
3057 4322 3256 4387 αὐτοὺς
3296 4320 3587 4383 αἰνίττεται
3622 4319 3834 4401 (πολλὰ

2170 4417 2273 4496 γὰρ
2298 4418 2365 4488 ἦν
2393 4415 2689 4490 ὑπομείνας
2721 4414 2774 4476 ἐν
2804 4414 3097 4490 Κορίνθῳ),
3134 4435 3155 4463 ι
3181 4416 3291 4477 Τοῦ
3319 4412 3553 4485 κόσμου,
3581 4436 3611 4462 ››
3643 4410 3831 4496 φησὶν,

2170 4505 2278 4587 οὐχ
2328 4507 2501 4583 ὑμῶν.
2555 4529 2583 4558 ιι
2636 4504 3116 4579 ΙΙερικαθάρμᾳτα,
3172 4526 3201 4556 ››
3270 4501 3382 4557 ἀντὶ
3452 4504 3549 4557 τοῦ
3619 4498 3834 4575 ἔποψις-

415 4591 574 4664 quod
604 4593 764 4668 ipsos
794 4593 1135 4675 designaret
1161 4596 1323 4670 (nam
1345 4597 1609 4657 Corinthi
1640 4596 1829 4659 multa
1853 4614 2064 4676 passus

2183 4613 2371 4677 γματα,
2423 4593 2514 4655 καὶ
2557 4591 2748 4677 ’ὥσπερ
2802 4593 3210 4669 ἀποσαρώματα
3270 4590 3597 4671 γεγόναμεν,
3663 4592 3831 4671 ἤγουν

415 4682 563 4755 erat)
590 4698 603 4737 :
639 4704 667 4733 ‹‹
697 4685 919 4753 Mundi,
954 4709 976 4743 ι
1009 4685 1225 4758 inquit,
1254 4703 1376 4749 non
1404 4692 1619 4751 vestra.
1655 4709 1683 4745 ιι
1714 4689 2063 4751 Excremen-

412 4775 492 4829 ta-
529 4790 557 4823 ’³
590 4772 709 4827 Ηοο
759 4781 865 4843 est.
900 4777 1210 4851 putamina
1267 4782 1325 4839 et
1376 4784 1765 4855 purgamenta
1792 4776 1931 4839 facti
1962 4795 2061 4841 su-

411 4874 568 4929 mus,
602 4860 721 4916 sive
751 4862 988 4933 rudera,
1037 4881 1168 4938 quae
1216 4866 1615 4929 communiter
1642 4862 2062 4945 ἀποφιλοκαλή-

413 4965 557 5023 ματα
577 4946 876 5007 dicuntur.
900 4950 986 5009 Ab
1009 4952 1286 5015 omnibus
1309 4953 1752 5031 vilipendimur,
1771 4955 2065 5019 omnium-

407 5053 523 5115 que
555 5044 934 5099 excrementa
964 5056 1168 5103 sumus
1212 5059 1322 5105 nes
1371 5043 1534 5119 ipsos
1565 5043 1843 5105 omnibus
1874 5043 2063 5117 subji-

405 5127 632 5185 cientes
682 5127 1032 5189 hominibus
1065 5136 1309 5209 propter
1361 5133 1685 5195 Christum.
1728 5152 1750 5188 ι
1784 5133 2063 5197 Omnium

402 5217 761 5290 peripsema.
800 5240 827 5268 »
865 5220 948 5277 Ac
979 5220 1027 5281 si
1060 5220 1321 5281 diceret:
1357 5222 1617 5285 Gratiam
1649 5222 1926 5284 omnibus
1957 5222 2061 5284 ha-

402 5304 535 5361 beo.
571 5307 720 5365 Sunt
748 5312 949 5369 autem
978 5308 1156 5369 veluti
1188 5311 1443 5383 graviter
1489 5310 1737 5371 ferentis
1766 5310 1966 5383 verba,
1996 5315 2063 5373 ut

403 5392 549 5464 ipsis
576 5396 935 5467 persuadeat
959 5414 1034 5459 ne
1059 5398 1375 5471 magniﬁce
1410 5398 1482 5457 de
1513 5414 1576 5455 se
1607 5399 1888 5461 sentiant.
1915 5401 2062 5463 Nam

410 5481 458 5535 si
490 5498 621 5551 nos,
644 5485 859 5557 inquit,
879 5488 1132 5560 apostoli
1153 5488 1313 5549 inter
1332 5488 1460 5549 hinc
1480 5504 1806 5557 versamur.
1827 5494 1894 5549 ut
1919 5488 2061 5567 quid

408 5584 513 5623 vos
542 5571 857 5628 eﬂ’erimini
886 5582 1129 5648 propter
1156 5593 1227 5633 ea
1274 5594 1407 5649 quas
1438 5578 1751 5649 accepistis
1783 5577 1963 5651 dona,
1992 5594 2061 5641 ac

2170 4675 2436 4757 σκύϐαλα,
2536 4675 2671 4761 ἅπερ
2765 4684 2963 4743 κοινῶς
3051 4678 3617 4761 ἆποφιλοκαλήματα.
3698 4678 3831 4732 Ὑπὸ

2173 4771 2385 4834 πάντων
2439 4768 2867 4848 εὖτελιζὸμενοι,
2945 4770 3036 4831 καὶ
3121 4768 3333 4831 πάντων
3387 4767 3833 4849 ἀποκαθαρματά

2170 4858 2354 4940 ἐσμεν,
2417 4859 2757 4927 ὑποτιθέντες
2842 4857 3065 4927 ἑαυτοὺς
3142 4862 3303 4923 πᾶσιν
3362 4856 3677 4932 ἀνθρώποις
3745 4854 3831 4913 διὰ

2170 4950 2432 5027 Χριστόν.
2491 4975 2510 5007 ι
2548 4950 2770 5011 Πάντων
2821 4946 3130 5028 περίψημα,
3169 4971 3190 4998 ι
3250 4948 3343 5017 Ὦς
3372 4945 3417 5000 εἰ
3450 4944 3628 5018 εἶπεν,
3665 4948 3830 5025 Χάριν

2171 5034 2286 5118 ἔχω
2343 5044 2527 5099 πᾶσιν.
2592 5040 3048 5118 Βαρυθομοῦντος
3109 5034 3165 5101 δὶ
3219 5034 3368 5111 λέγει
3437 5033 3686 5121 ῥήματα,
3751 5034 3834 5093 ἳνα

2169 5131 2326 5207 πείσῃ
2355 5130 2556 5195 αὐτοὺς
2607 5134 2684 5205 μὴ
2736 5135 2953 5209 φρονεῖν
2989 5128 3152 5210 μέγα.
3191 5128 3261 5191 Εἴ
3286 5129 3391 5206 γὰρ
3422 5129 3611 5205 ἡμεῖς,
3643 5129 3830 5209 φησὶν,

2171 5223 2221 5279 oi
2252 5220 2553 5283 ἀπόστολοι
2583 5220 2636 5277 ἦν
2695 5221 2938 5291 τούτοις,
2994 5217 3048 5279 τί
3109 5219 3264 5298 ὑμεῖς
3307 5219 3444 5297 μέγα
3473 5237 3724 5297 φρονειτε
3754 5216 3832 5299 ἐφ’

2170 5312 2252 5373 οἷς
2281 5303 2503 5371 ἐλάϐετε
2532 5310 2865 5387 χαρίσμασιν
2898 5308 2974 5370 ὠς
3012 5304 3123 5387 ἤδη
3182 5303 3413 5390 μεγάλοι
3458 5308 3601 5368 τινες
3629 5327 3643 5377 ;
3680 5308 3836 5382 Περὲρ

2168 5402 2332 5473 ψημα
2387 5395 2443 5453 δὲ
2511 5399 2729 5474 λέγεται
2779 5396 2843 5457 τὸ
2903 5391 3154 5467 “Sutura,
3213 5392 3244 5451 ὅ
3288 5395 3417 5461 τοὺς
3468 5391 3707 5470 ἱδρῶτας
3737 5398 3837 5451 τοῦ

2168 5487 2475 5560 κάμνοντος
2534 5487 2840 5567 ἀποψήχει.
2918 5510 2947 5539 (ι
3008 5487 3154 5550 Ἕως
3211 5485 3354 5557 ἄρτι.
3412 5506 3442 5535 ››
3501 5483 3655 5539 Ἀντὶ
3718 5486 3831 5559 τοῦ,

2169 5571 2302 5637 Οὔτε
2330 5575 2433 5655 γὰρ
2465 5573 2582 5651 νῦν,
2611 5576 2805 5657 φησὶν,
2836 5573 3139 5637 ἐπαύσαντο
3173 5574 3226 5633 oi
3258 5570 3672 5649 ἐπηρεάζοντες.

411 5656 460 5710 si
506 5657 633 5729 jam
692 5662 891 5733 magni
951 5664 1176 5743 aliquid
1228 5666 1486 5731 essetis?
1543 5665 1842 5746 Περίψημα
1898 5683 2034 5723 vero
2092 5664 2311 5722 dicitur
2366 5656 2597 5720 σάϐανον
2651 5666 2809 5738 quod
2867 5664 3194 5721 laborantis
3243 5662 3492 5720 sudores
3519 5661 3835 5735 abstergito
