4106 6252
428 369 549 431 895

1523 371 1936 435 (ECUMENII
1981 371 2289 433 TBlCC/E
2331 371 2707 434 EPISCOPI.

3722 370 3830 431 696

428 506 667 579 guiores
686 505 1082 563 redderentur
1106 513 1391 578 tanquam
1408 507 1534 579 ipse
1556 507 1629 563 ad
1658 523 1760 562 eos
1791 511 1964 563 ventu
1975 523 2073 561 rus

2206 526 2352 578 πομαι
2383 503 2456 560 δέ.
2495 528 2523 556 ››
2558 539 2623 547 -
2672 530 2699 557 ‹‹
2734 504 3144 583 Ἐφυσιώθησάν
3191 525 3356 565 τινες.
3391 529 3418 556 ››
3478 506 3655 560 Ἦσαν
3710 505 3835 558 κατὰ

431 611 551 650 non
584 600 757 660 esset,
791 596 1032 669 corrigit
1055 598 1188 665 hoc,
1221 597 1426 652 dicens
1458 615 1471 652 :
1510 618 1533 648 ε
1588 596 1701 651 Sed
1758 597 2011 651 veniam.
2045 617 2073 646 »ι

434 707 455 732 ι
492 683 687 738 Inﬂati
750 689 889 737 sunt
918 686 1178 756 quidam.
1212 707 1239 736 »
1276 689 1455 740 Erant
1507 685 1802 753 nonnulli,
1836 690 1901 739 ut
1929 684 2078 738 veri-

430 773 627 829 simile
658 778 749 828 est
777 774 879 844 qui
911 776 1138 846 seipsos
1168 779 1928 847 provexerant,arroganter
1949 790 2078 829 sese

437 867 730 935 gerentes,
763 868 863 917 aut
895 863 967 918 ob
1018 864 1352 931 scientiam,
1384 869 1487 919 aut
1515 864 1587 918 ob
1620 865 1818 928 vitam,
1847 869 1949 918 aut
2002 863 2077 917 ob

431 951 603 1007 aliud
635 952 871 1022 quidvis
928 970 1128 1010 rerum
1185 954 1607 1026 spiritualium.
1667 953 1890 1008 Deinde
1943 953 2081 1006 hinc

430 1039 628 1094 inanis
658 1040 848 1111 gloria
868 1058 936 1096 ac
967 1043 1195 1098 inﬂatio
1218 1043 1719 1098 subintrarat.Per
1746 1041 2078 1097 absentiam

433 1128 726 1200 siquidem
752 1130 1016 1201 magistri
1036 1147 1170 1186 cum
1196 1131 1399 1187 nullus
1417 1136 1572 1186 esset
1593 1131 1691 1202 qui
1723 1135 1997 1203 argueret
2012 1146 2079 1184 ac

435 1217 779 1288 corrigeret,
811 1218 1194 1275 inﬂabantur.
1227 1242 1254 1269 α
1281 1219 1392 1275 Sed
1423 1220 1675 1275 veniam.
1702 1242 1725 1272 ι
1762 1218 1929 1284 Quod
1958 1218 2075 1274 ait:

441 1326 470 1355 ιι
500 1304 751 1360 Veniam
781 1306 942 1362 brevi
974 1308 1047 1363 ad
1078 1325 1200 1376 vos,
1226 1331 1255 1358 »
1289 1308 1566 1363 terrentis
1597 1313 1687 1364 est
1716 1313 1775 1362 et
1801 1323 2081 1379 pavorem

435 1395 808 1461 incutientis,
839 1399 995 1455 456
1026 1399 1204 1470 idque
1238 1400 1581 1471 apparantis
1637 1404 1703 1454 ut
1732 1398 1845 1470 ipsi
1878 1396 2083 1470 vigila-

438 1489 577 1538 rent
607 1490 663 1539 et
689 1485 749 1540 in
782 1485 977 1543 ofﬁcio
1008 1489 1480 1543 continerentur.
1516 1511 1536 1539 ι
1573 1490 1644 1543 Et
1670 1502 2082 1559 cognoscam.»

438 1572 726 1628 Fortassis
750 1574 927 1631 etiam
958 1592 1087 1631 sese
1098 1576 1407 1648 jactabant
1437 1582 1722 1648 tanquam
1744 1576 1989 1647 perfecti
2015 1590 2084 1630 ac

439 1659 782 1731 spirituales
808 1683 820 1718 :
848 1664 951 1720 sed
979 1667 1242 1735 veniens,
1276 1667 1706 1738 inquit,potero
1729 1680 2085 1737 cognoscere

434 1764 580 1804 num
612 1751 683 1806 de
714 1753 878 1808 vobis
927 1754 1074 1826 ipsis
1114 1755 1476 1827 gloriemini.
1511 1754 1669 1810 Nihil
1702 1754 1859 1808 enim
1886 1753 2085 1807 meriti

436 1837 637 1907 habet,
670 1840 894 1913 absque
928 1844 1206 1914 operibus
1234 1841 1514 1915 .‘gloriari,
1547 1842 1652 1897 sed
1684 1842 1732 1897 si
1763 1841 1940 1913 digna
1971 1856 2088 1895 ser-

440 1930 720 1986 monibus
747 1932 869 1986 sint
900 1949 1099 2004 opera.
1133 1933 1437 2004 Siquidem
1459 1949 1580 1987 non
1613 1938 1751 1987 sunt
1768 1931 2091 1986 necessarii

444 2034 774 2089 sermones,
811 2021 915 2077 sed
945 2027 1013 2077 ut
1042 2038 1222 2093 opera
1254 2022 1587 2094 spiritualia
1614 2022 1747 2093 quis
1792 2026 2087 2092 operetur.

2181 594 2245 647 τὸ
2304 592 2448 655 εἰκὸς
2504 592 2727 655 ἑαυτοὺς
2785 590 3171 655 ἐπιδεδωκὸτες
3210 638 3224 664 ,
3284 594 3320 663 ἢ
3378 594 3468 649 ἐπὶ
3523 593 3746 668 γνώσει,

2186 681 2274 737 έπί
2309 684 2433 759 βίῳ,
2460 684 2495 754 ἢ
2530 682 2615 739 ἐπί
2669 703 2777 737 τινι
2830 685 2939 737 τῶν
2980 686 3376 753 ,πνευματικῶν
3434 680 3839 754 ἀλαζονευόμε-

2180 792 2285 828 νοι.
2315 772 2452 830 Εἶτα
2496 768 2640 827 ἔνθεν
2695 767 2970 840 κενοδοξία
3025 771 3115 825 καὶ
3175 769 3438 849 φυσίωσις
3498 771 3837 844 παρυπέστη.

2183 862 2266 925 Τῆ
2306 860 2398 915 οὖν
2430 860 2663 931 ἀπουσίᾳ
2692 864 2791 915 τοῦ
2849 856 3202 929 διδασκάλου,
3259 856 3495 931 μηδενὸς
3561 854 3724 921 ὄντος
3754 864 3843 914 τοῦ

2184 950 2507 1025 ἐλέγχοντος
2566 951 2656 1005 καὶ
2729 947 3141 1025 διορθουμένου,
3215 950 3355 1019 ἦσαν
3407 945 3841 1024 πεφυσιωμένοι.

2187 1062 2217 1092 ‹‹
2249 1037 2579 1113 Ἐλεύσομαι
2637 1036 2714 1097 δέ.
2767 1062 2795 1091 ι»
2844 1040 2936 1108 Τὸ,
2997 1063 3026 1090 ι(
3061 1035 3392 1110 Ἐλεύσομαι
3440 1033 3670 1113 ταχέως
3720 1039 3845 1112 πρὸς

2187 1128 2346 1200 ὑμᾶς,
2382 1152 2410 1179 ››
2468 1125 2768 1189 πτοοῦντός
2841 1125 2952 1182 ἐστι
3001 1126 3091 1181 καὶ
3171 1120 3516 1204 φοϐουμένου
3554 1169 3570 1195 ,
3626 1124 3843 1187 τούτους

2184 1219 2374 1295 νήφειν
2450 1217 2542 1272 καὶ
2624 1215 2983 1271 κατεστάλθαι
3052 1216 3570 1288 παρασκευάζοντος
3605 1259 3620 1271 .
3684 1241 3713 1268 ‹‹
3746 1221 3843 1271 Κατ

2186 1307 2491 1382 γνώσομαι.
2528 1329 2555 1359 ››
2587 1307 2744 1368 Ἴσως
2776 1306 2869 1360 καὶ
2925 1305 3236 1377 ἐκόμπαζον
3292 1306 3369 1367 ὡς
3434 1302 3655 1360 τέλεὶοί
3708 1326 3842 1366 τινες

2187 1396 2278 1450 καὶ
2310 1394 2683 1468 πνευματικοί·
2721 1392 2887 1464 ἀλλὰ,
2919 1395 3108 1468 φησὶν,
3130 1392 3459 1469 ἐρχόμενος,
3493 1391 3620 1469 ἔχω
3652 1399 3846 1469 γνῶναι

2189 1482 2235 1537 εἷ
2261 1483 2386 1559 περὶ
2416 1484 2619 1539 ἑαυτῶν
2664 1483 2992 1556 κομπάζετε.
3051 1484 3230 1538 Τοῦτο
3287 1482 3388 1557 γὰρ
3421 1480 3651 1545 οὐδενὸς
3684 1479 3847 1552 ἄξιον.

2185 1576 2249 1632 τὸ
2279 1575 2580 1650 κομπάζειν
2619 1576 2782 1650 μόνον
2829 1573 2960 1651 δίχα
3015 1574 3219 1650 ἓργων,
3281 1573 3414 1631 ἀλλ’
3466 1576 3515 1630 εἰ
3575 1573 3699 1645 ἄξια
3751 1581 3848 1631 τῶν

2191 1663 2372 1740 λόγων
2398 1666 2464 1720 τὰ
2488 1661 2641 1741 ἔργα.
2682 1665 2755 1721 νῦ
2785 1667 2889 1740 γὰρ
2922 1664 3105 1742 λόγων
3136 1665 3321 1740 χρεία,
3366 1663 3521 1720 ἀλλὰ
3572 1669 3675 1720 τοῦ
3707 1663 3847 1739 ἔργον

2192 1759 2370 1809 ποιεῖν
2403 1755 2794 1829 πνευματικόν.
2826 1753 2902 1812 Οὔ
2935 1756 3039 1830 γὰρ
3092 1752 3248 1830 λόγοι
3282 1754 3460 1829 χωρὶς
3495 1751 3684 1830 ἔργων
3743 1754 3847 1808 εἷσ-

2194 1843 2461 1920 ενέγκοιεν
2517 1843 2594 1906 εἶς
2675 1845 2774 1912 τήν
2844 1840 3121 1920 βασιλείαν
3206 1848 3314 1897 τῶν
3370 1841 3622 1917 οὐρανῶν
3653 1887 3669 1914 ,
3727 1844 3847 1916 ὅπερ

2200 1930 2346 2008 λέγει
2380 1933 2455 1995 εἰς
2484 1934 2584 2003 τὴν
2619 1933 2896 2009 βασιλείαν
2935 1936 3031 1988 τοῦ
3084 1928 3239 2002 Θεοῦ,
3298 1930 3427 1988 ἀλλ’
3485 1931 3542 1987 ἐν
3607 1929 3845 2007 δυνάμει,

2203 2021 2477 2076 τουτέστιν
2511 2021 2562 2076 ἐν
2592 2021 2660 2097 τῇ
2689 2019 2938 2092 ἐπιδείξει
2968 2025 3075 2078 τῶν
3117 2015 3309 2096 ἔργων.

453 2107 768 2163 Sermones
815 2127 1074 2183 namque
1124 2112 1252 2167 sine
1310 2111 1587 2183 operibus
1634 2112 1697 2166 in
1750 2126 1999 2182 regnum
2055 2110 2336 2167 cmlorum
2393 2129 2772 2185 nequaquam
2828 2112 3230 2168 introducent.
3280 2113 3350 2167 Et
3405 2113 3520 2168 hoc
3558 2117 3653 2168 est
3702 2112 3850 2184 quod

454 2197 539 2249 ait
570 2212 582 2250 :
619 2219 646 2245 «ι
679 2199 804 2254 Non
837 2200 994 2256 enim
1025 2218 1133 2273 per
1162 2217 1499 2257 sermonem
1545 2206 1636 2257 est
1661 2216 1911 2273 regnum
1936 2201 2061 2269 Dei,
2094 2201 2197 2256 sed
2222 2218 2330 2273 per
2359 2202 2659 2273 virtutem,
2693 2226 2722 2254 ››
2753 2203 2815 2259 id
2846 2208 2955 2270 est,
2981 2219 3089 2275 per
3119 2218 3366 2274 operum
3395 2202 3850 2258 demonstratio-

452 2298 612 2340 nem.

1108 2381 1337 2435 CAPUT
1385 2381 1432 2435 ll

448 2481 722 2539 Adversus
750 2490 944 2555 stupra
980 2494 1037 2541 et
1064 2490 1323 2544 scortatio
1335 2503 1436 2543 nes
1465 2505 1530 2544 ac
1561 2505 1647 2544 eos
1676 2487 1776 2558 qui
1832 2504 1955 2543 cum
2015 2488 2100 2541 his

1083 2561 1453 2630 participant.

520 2682 611 2748 IV,
634 2686 721 2738 21.
748 2714 814 2725 --
834 2685 898 2751 V,
934 2687 984 2752 1,
1016 2688 1068 2740 2.
1100 2708 1127 2735 α
1156 2686 1306 2751 Quid
1329 2685 1505 2741 vultis
1522 2685 1551 2740 ?
1574 2702 1720 2740 num
1738 2690 1804 2739 ut
1821 2700 1955 2739 cum
1979 2683 2099 2737 vir-

454 2796 480 2824 ‹‹
515 2791 587 2846 ga
615 2774 846 2829 veniam
882 2774 957 2829 ad
986 2792 1086 2830 vos
1113 2792 1190 2829 an
1214 2791 1350 2831 cum
1376 2774 1665 2830 charitate
1688 2778 1747 2828 et
1776 2772 1988 2843 spiritu
2018 2770 2097 2826 le-

456 2886 483 2913 ‹‹
519 2863 725 2918 uitatis
753 2864 781 2918 ‘?
811 2864 1065 2919 Omnino
1082 2864 1323 2919 auditur
1353 2865 1510 2918 inter
1526 2879 1627 2918 vos
1660 2869 2098 2933 stuprum,qua-

458 2975 484 3001 ‹‹
517 2952 574 3007 1e
600 2968 711 3007 nec
759 2952 917 3008 inter
944 2959 1149 3026 gentes
1180 2953 1560 3008 nominatur:
1593 2958 1659 3007 ut
1689 2952 1866 3007 etiam
1915 2950 2099 3022 patris

2840 2385 3102 2436 ΚΕΦΑΛ.
3145 2379 3219 2437 Β’.

2788 2485 2878 2542 καὶ
2933 2487 3212 2562 πορνείας,
3254 2484 3356 2541 ’καὶ
3413 2489 3527 2541 τῶν
3584 2485 3793 2548 τούτοις

2278 2483 2423 2541 Κατᾶ
2478 2491 2693 2562 πορνῶν
2788 2485 2878 2542 καὶ
2933 2507 3077 2579 πορν

2811 2579 2875 2614 κο
2888 2579 3221 2614 ινωνουντων
3232 2603 3246 2617 .

2276 2688 2345 2745 Τί
2396 2688 2625 2762 θέλετες
2710 2690 2763 2747 ἐν
2815 2687 3001 2767 ῥάϐδῳ
3085 2686 3232 2757 ἔλθω
3312 2693 3450 2764 πρὸς
3512 2692 3654 2764 ὑμᾶς
3707 2690 3740 2759 ἢ
3794 2687 3840 2742 ἑν

2208 2775 2395 2852 ἀγάπῃ
2497 2780 2766 2855 πνεύματί
2838 2802 2898 2837 τε
2970 2780 3325 2856 πραότητοςς
3401 2780 3593 2843 "Olim;
3689 2777 3829 2833 ἀκού·

2208 2878 2324 2913 εται
2381 2859 2433 2914 ἐν
2496 2862 2622 2935 ὑμῖν
2680 2864 3087 2939 πορνεία,νκαὶ
3152 2862 3383 2934 τοιαύτη
3453 2861 3665 2938 πορνεία
3715 2862 3828 2927 ἣτις

2209 2944 2338 3002 οὐδὲ
2393 2947 2446 3003 ἐν
2529 2957 2647 3015 τοῖς
2732 2948 2933 3008 ἔθνεσιν
3017 2952 3367 3024 ὀνομάζεται,
3443 2948 3572 3004 ὥστε
3616 2945 3818 3023 γυναῖκα

461 3064 488 3093 «
520 3058 767 3097 uxorem
799 3042 933 3114 quis
966 3042 1199 3098 habeat.
1234 3045 1303 3098 Et
1330 3060 1431 3097 vos
1462 3042 1654 3098 inﬂati
1687 3041 1828 3097 estis
1860 3057 1927 3095 ac
1977 3056 2095 3094 non

2206 3057 2313 3092 τινα
2373 3043 2470 3094 τοῦ
2527 3041 2736 3115 πατρὸς
2792 3039 2966 3118 ἔχειν.
3027 3041 3135 3098 Καὶ
3219 3042 3378 3114 ὑμεῖς
3455 3036 3823 3115 πεφυσιωμένοι

463 3150 486 3181 ι
525 3131 709 3203 magis
740 3131 994 3196 luxistis,
1028 3137 1094 3186 ut
1138 3131 1448 3186 tolleretur
1503 3130 1576 3185 de
1614 3129 1811 3185 medio
1838 3135 2098 3183 vestrum

464 3247 484 3274 ι
522 3225 623 3297 qui
654 3224 883 3280 facinus
915 3226 1025 3280 hoc
1054 3225 1432 3297 perpetravit.
1469 3247 1497 3275 ››

529 3317 674 3369 Nam
702 3314 762 3368 in
793 3315 1229 3385 vestra,inquil,
1252 3315 1432 3369 situm
1456 3319 1546 3368 est
1566 3318 1857 3385 potestate
1882 3318 1946 3367 ut
1975 3314 2102 3368 haec

461 3399 721 3454 faciatis:
756 3406 858 3455 aut
884 3405 952 3454 ut
980 3416 1190 3470 segnes
1221 3401 1414 3456 effecti
1439 3417 1532 3455 me
1563 3400 1637 3454 ad
1668 3400 1817 3454 iram
1850 3406 1907 3454 et
1932 3400 2104 3454 ultio-

461 3503 600 3541 nem
631 3487 980 3557 provocetis,
1013 3486 1515 3558 quemadmodum
1546 3490 1786 3542 Petrum
1818 3488 2099 3552 Ananias,

463 3580 520 3631 et
550 3576 844 3647 meipsum
876 3576 1130 3630 Elimas:
1152 3582 1253 3631 aut
1273 3576 1864 3648 utstudioseagentes
1893 3581 1949 3631 et
1963 3576 2103 3648 vigi-

462 3664 655 3719 lantes
685 3664 760 3719 ad
799 3665 1148 3720 cbaritatem
1173 3682 1241 3721 ac
1298 3664 1608 3720 lenitatem
1669 3682 1763 3719 me
1814 3665 2101 3720 excitetis.

465 3774 493 3802 ‹‹
526 3753 671 3808 Cum
696 3753 906 3824 spiritu
937 3753 1222 3810 lenitatis.
1256 3777 1284 3804 ››
1312 3755 1514 3809 Potest
1561 3754 1721 3809 enim
1756 3758 1812 3806 et
1861 3753 2104 3825 spiritus

466 3858 595 3897 esse
627 3842 991 3898 austeritatis
1022 3858 1088 3898 ac
1119 3842 1388 3898 ultionis.
1417 3866 1443 3893 ι(
1480 3842 1733 3898 Auditur
1762 3843 1918 3898 inter
1945 3859 2103 3898 vos.»

463 3932 851 3987 Communem
863 3931 1004 3987 facit
1021 3931 1298 3987 omnibus
1312 3932 1749 3987 accusationem
1776 3949 1788 3987 :
1808 3949 1879 3987 ne
1894 3948 2107 4002 segnes

461 4020 788 4076 reddantur
814 4028 1099 4092 tanquam
1130 4021 1311 4077 alieni
1342 4038 1376 4077 a
1402 4022 1639 4077 delicto.
1675 4044 1703 4072 «
1733 4023 1893 4078 Inter
1920 4039 2041 4076 vos.
2078 4044 2106 4072 ››

462 4109 563 4179 qui
595 4109 799 4165 fideles
832 4111 992 4180 estis,
1019 4116 1297 4182 tantaque
1321 4111 1631 4182 accepistis
1653 4111 1960 4166 beneﬁcia.
1994 4112 2109 4169 Nec

464 4198 608 4253 dicit
640 4217 652 4253 :
682 4200 1009 4270 Peragitur,
1030 4200 1133 4255 sed
1163 4217 1234 4255 ex
1266 4200 1594 4256 abundanti
1627 4202 1954 4267 cautione,a
1989 4204 2109 4256 Au-

465 4289 641 4344 ditur.
670 4310 697 4338 ››
728 4321 797 4330 -
828 4311 855 4339 ‹‹
884 4290 999 4344 Nec
1042 4289 1199 4343 inter
1228 4295 1451 4359 gentes.
1490 4312 1517 4338 ››
1548 4292 1593 4344 Α
1622 4290 1964 4361 gentilibus,
1998 4291 2110 4345 hoc

2206 3124 2343 3194 ἐστὶ,
2387 3127 2480 3182 καὶ
2540 3128 2673 3205 οὐχὶ
2737 3130 2949 3203 μᾶλλον
3006 3129 3359 3200 ἐπενθήσατε,
3415 3127 3508 3182 ’ἶνα
3553 3125 3735 3202 ἐξαρθῇ
3779 3121 3836 3176 ἓν.

2211 3215 2377 3288 μέσου
2411 3217 2562 3290 ὑμῶν
2593 3219 2620 3272 ὀ
2646 3219 2708 3273 τὸ
2738 3214 2895 3293 ἔργον
2926 3223 3090 3275 τοῦτο
3121 3220 3379 3288 ποιήσαςσ

2277 3304 2458 3377 Ὑμεῖς
2516 3307 2642 3381 γάρ,
2704 3308 2862 3385 φησί,
2915 3308 3124 3363 τούτων
3186 3304 3369 3383 κύριοί
3419 3304 3560 3372 ἐστε,
3618 3308 3656 3376 ἦ
3713 3301 3848 3378 ρᾳθυ-

2211 3397 2433 3466 μοῦντες
2467 3394 2542 3458 είς
2576 3396 2747 3472 ὀργήν
2782 3418 2849 3470 με
2907 3398 2996 3459 καὶ
3053 3394 3324 3473 τιμωρίαν
3381 3395 3613 3471 ἐγεῖραι,
3674 3394 3743 3453 ὡς
3769 3391 3849 3445 τὸν

2206 3482 2404 3558 πέτρον
2466 3487 2494 3538 ὁ
2551 3485 2798 3551 Ἀνανίας
2832 3531 2845 3555 ,
2905 3486 2998 3541 καὶ
3050 3485 3149 3560 ἐμὲ
3198 3485 3359 3540 αὐτὸν
3418 3486 3445 3538 ὁ
3505 3483 3772 3557 Ἐλύμας,
3821 3479 3852 3547 ἢ

2209 3571 2603 3644 σπουδάζοντες
2632 3577 2723 3632 καὶ
2754 3580 3042 3655 νήφοντες,
3077 3577 3154 3640 εἷς
3200 3576 3433 3653 ἀγάπην.
3496 3601 3525 3628 ‹‹
3562 3578 3651 3631 Ἐν
3713 3571 3855 3631 mssi-

2213 3665 2700 3738 ματιπραότητος.
2736 3689 2764 3718 ››
2814 3668 2935 3722 "Evr
2989 3668 3092 3743 γὰρ
3144 3667 3234 3722 καί
3293 3669 3505 3737 πνεῦμα
3564 3661 3857 3737 αὐστηρίας

2208 3748 2299 3804 καὶ
2348 3753 2641 3826 τιμωρίας.
2689 3778 2717 3805 ‹‹
2753 3754 3036 3811 Ἀκούεται
3095 3754 3147 3809 ἐν
3211 3754 3362 3827 ὑμῖν.
3396 3776 3424 3805 ››
3477 3753 3681 3810 Κοινὸν
3740 3751 3859 3805 παν-

2209 3858 2315 3893 των
2349 3846 2499 3896 ποιεῖ
2525 3841 2588 3897 τὸ
2617 3839 2873 3917 ἔγκλημα)
2904 3841 2999 3898 ἵνα
3058 3843 3135 3916 μὴ
3171 3843 3560 3920 ρᾳθυμήσωσιν
3590 3842 3669 3905 ὡς
3704 3838 3861 3897 ἀ).λὸ-

2207 3948 2354 4002 τριοι
2379 3933 2473 3984 τοῦ
2503 3929 3017 4005 πλημμελήματος.
3056 3957 3077 3983 ε
3113 3933 3205 3989 Ἐν
3262 3932 3410 4005 ὑμῖν,
3446 3954 3473 3982 ιι
3506 3931 3663 4007 φησί.
3706 3933 3861 3987 Τουτ-

2212 4016 2323 4072 έστι
2378 4024 2496 4083 τοῖς
2555 4019 2795 4091 πιστὸῖς,
2852 4026 2970 4085 τοῖς
3024 4020 3297 4075 τοσούτων
3359 4020 3685 4096 εὐεργεσιῶν
3742 4018 3863 4073 ἁπο-

2212 4104 2496 4162 λαῦσαται.
2529 4107 2628 4163 Καὶ
2682 4106 2779 4162 οὐκ
2833 4108 2971 4174 εἶπε,
3009 4109 3335 4181 Πράττεται,
3367 4104 3495 4161 ἀλλ’
3528 4105 3589 4161 ἐκ
3644 4125 3860 4182 περιου-

2213 4197 2353 4259 σίας.
2405 4196 2769 4268 «ﬂlaciam,
2829 4196 2983 4277 φησί.
3048 4222 3074 4248 ι(
3109 4195 3250 4255 Οὐδέ
3297 4196 3350 4251 ἐν
3407 4201 3525 4258 τοῖς
3586 4195 3807 4251 ἔθνεσιν.
3838 4215 3860 4241 ι)

2213 4285 2351 4341 Ἀπό
2379 4290 2486 4341 τῶν
2543 4284 2787 4357 ἐθνικῶν,
2835 4284 3107 4354 τουτέστι,
3157 4289 3267 4339 τῶν
3319 4284 3559 4340 ἀπίστων
3617 4282 3860 4352 ἀνειδίζει

465 4384 577 4446 est,
611 4377 959 4444 incredulis,
991 4377 1307 4449 exprobrat
1350 4378 1643 4433 fidelibus.
1679 4378 1842 4444 Quod
1872 4379 1919 4433 si
1955 4379 2097 4451 apud

2218 4380 2333 4438 τοῖς
2362 4381 2600 4446 πιστοῖς,
2657 4375 2721 4431 Ti
2781 4372 2837 4430 δὲ
2865 4378 2995 4450 παρ’
3033 4375 3217 4437 αὐτοῖς
3275 4375 3378 4430 οὐκ
3437 4373 3791 4447 ὀνομάζεται,
3818 4367 3861 4423 τί

465 4467 601 4523 illos
624 4484 733 4523 nec
775 4467 1139 4533 nominatur,
1173 4467 1314 4539 quid
1345 4468 1501 4523 dicet
1530 4468 1718 4539 quivis
1749 4468 1984 4538 quando
2018 4469 2113 4523 hic

469 4557 649 4612 etiam
675 4563 1052 4628 perpetratur
1078 4557 1149 4611 ‘lu
1180 4557 1251 4611 Ut
1282 4556 1460 4612 etiam
1490 4557 1677 4628 patris
1699 4574 1944 4612 uxorem
1978 4557 2112 4627 quis

469 4645 705 4700 habeat.
719 4669 738 4694 -
773 4646 1063 4701 Forlassis
1086 4661 1483 4700 novercam.-—
1499 4645 1555 4699 Si
1579 4662 1709 4716 qum
1734 4646 1888 4700 inter
1906 4651 2112 4716 gentes

472 4739 706 4800 sunt,ea
734 4734 823 4790 vel
850 4734 1042 4790 audiri
1082 4734 1240 4789 inter
1270 4752 1367 4790 vos
1398 4751 1679 4805 magnum
1698 4735 1869 4789 affert
1898 4752 2111 4806 oppro-

470 4820 668 4876 brium
695 4840 706 4877 :
742 4825 888 4880 457
927 4824 1124 4894 turpia
1154 4840 1285 4894 quas
1317 4823 1472 4877 inter
1501 4829 1704 4894 gentes
1727 4830 2108 4896 peraguntur,

470 4910 597 4966 hinc
611 4911 789 4967 etiam
810 4912 968 4967 inter
988 4930 1087 4967 vos
1112 4911 1237 4967 ﬂeri
1262 4928 1531 4984 magnam
1559 4912 1766 4968 reddet
1785 4914 2109 4969 accusatio-

469 5002 803 5067 nem.Quod
830 5002 879 5056 si
906 5001 1018 5057 hoc
1042 5001 1123 5057 ita
1144 5002 1386 5069 est,ﬂeri
1410 5002 1567 5057 inter
1594 5019 1696 5057 vos
1727 5020 1857 5073 quae
1888 5018 1997 5057 nec
2020 5004 2108 5058 in-

467 5094 558 5143 ter
586 5089 724 5144 illos
754 5094 1191 5161 perpetrantur,
1216 5106 1393 5159 quam
1425 5106 1548 5144 non
1580 5090 1885 5158 superabit
1907 5092 2110 5162 pravi-

466 5184 645 5234 tatem
668 5179 695 5233 ?
725 5178 890 5243 Quod
911 5194 1046 5233 vero
1068 5178 1150 5233 ait
1183 5195 1196 5233 :
1229 5200 1255 5225 κ
1287 5179 1542 5233 Omnino
1575 5178 1834 5247 auditur,
1870 5202 1896 5228 ››
1928 5180 2110 5235 veluti

466 5286 533 5323 ex
566 5269 726 5325 fama
756 5268 1230 5339 obstupescentis
1254 5273 1345 5322 est
1374 5273 1431 5321 et
1449 5269 1954 5325 excandescentis.
1979 5271 2021 5325 Ο
2039 5270 2112 5326 fa-

464 5358 634 5412 cinus
661 5358 972 5432 indignum
1002 5356 1013 5410 l
1044 5379 1071 5407 ‹‹
1095 5356 1371 5423 Omnino,
1392 5357 1603 5427 inquit,
1631 5358 1889 5413 auditur.
1918 5380 1945 5407 »
1979 5360 2111 5415 Haec

466 5449 526 5502 in
564 5448 900 5516 aliquorum
932 5446 1135 5518 lingua
1166 5446 1411 5501 omnino
1442 5445 1513 5500 de
1547 5445 1713 5500 vobis
1745 5454 2106 5517 grassantur.

471 5555 497 5583 ‹‹
525 5536 706 5588 Etvos
737 5533 927 5588 inﬂati
951 5535 1114 5589 estis.
1142 5532 1349 5587 nlllius
1371 5549 1628 5603 namque
1652 5532 1935 5588 delictum
1958 5551 2114 5589 com-

471 5640 716 5680 munem
763 5623 969 5677 debuit
1013 5623 1223 5677 aﬂ‘erre
1252 5622 1415 5677 vobis
1444 5621 1753 5693 pudorem,
1781 5640 1939 5678 nunc
1995 5640 2106 5679 au-

475 5720 595 5769 tem
628 5711 817 5766 inﬂati
843 5711 1005 5779 estis,
1028 5726 1097 5764 eo
1121 5711 1280 5780 quod
1301 5710 1530 5765 videtur
1550 5710 1663 5764 sibi
1685 5712 1939 5783 quisque
1958 5722 2118 5771 recte

2220 4463 2363 4519 εἷ’ποι
2395 4484 2477 4524 τις
2531 4462 2650 4527 ἔνθα
2702 4464 2791 4519 καὶ
2839 4465 3134 4538 πράσσεται
3169 4484 3183 4533 ;
3246 4488 3273 4515 ‹‹
3307 4466 3470 4518 ’Ὥστε
3498 4464 3734 4539 γυναῖκα
3760 4479 3859 4517 τινα

2215 4557 2313 4609 τοῦ
2343 4553 2544 4627 πατρὸς
2577 4550 2745 4628 ἔχειν.
2781 4577 2809 4605 ››
2868 4554 3028 4617 Ἴσως
3089 4553 3355 4628 μητρυιάν
3413 4553 3601 4625 [ΦΩΤ.
3636 4554 3654 4625 ]
3684 4552 3764 4610 Εἴ
3811 4545 3857 4603 δὲ

2217 4642 2251 4698 ἃ
2280 4644 2566 4717 πράττεται
2600 4641 2649 4698 ἐν
2678 4649 2794 4705 τοῖς
2842 4636 3033 4711 ἔθνεσι,
3074 4647 3242 4698 ταῦτα
3294 4641 3345 4696 ἐν
3380 4643 3507 4716 ὑμῖν
3569 4644 3659 4697 καὶ
3703 4643 3854 4715 μόνον

2217 4732 2524 4804 ἀκουόμενα
2584 4732 2719 4809 μέγα
2773 4728 2980 4794 ὄνειδος
3029 4733 3202 4809 φέρει,
3253 4732 3317 4787 τὸ
3359 4733 3450 4788 καὶ
3487 4733 3701 4806 ὁμοίιος
3732 4732 3781 4787 ἐν
3808 4746 3856 4782 τε

2215 4829 2331 4885 τοῖς
2363 4820 2527 4878 ἔθνεσι
2567 4824 2656 4877 καὶ
2718 4822 2767 4877 ἐν
2804 4823 2931 4896 ὑμῖν
2962 4827 3084 4884 τοῖς
3141 4827 3357 4883 πιστοῖς
3412 4826 3639 4878 τοιαῦτα
3694 4822 3853 4898 αἴσχη

3690 4911 3755 4969 Εἰ
3810 4907 3855 4962 δὲ

2216 5005 2398 5070 τοῦτο,
2430 5002 2491 5056 τὸ
2551 5003 2879 5078 πράττεσθαι
2936 5000 2990 5056 ἐν
3051 5003 3179 5074 ὑμῖν
3239 5000 3270 5056 ἃ
3327 4999 3458 5075 μηδ’
3515 5001 3566 5056 ἐν
3624 4999 3855 5058 ἐκείνοις»

2214 5090 2334 5145 τίνα
2360 5090 2552 5146 κακίαν
2596 5091 2705 5166 οὐχ
2762 5091 3170 5164 ὑπερακοντίζει
3204 5110 3219 5159 ;
3250 5122 3319 5132 —
3347 5091 3421 5145 Τὸ
3482 5086 3562 5161 δὲ,
3625 5115 3651 5140 «
3681 5088 3854 5146 ’Όλως

2216 5179 2490 5250 ἀκούεται,
2524 5204 2552 5232 ››
2633 5182 2706 5242 ὡς
2780 5178 3231 5255 ἐκπεπληγμένου
3306 5178 3393 5234 ἐπὶ
3448 5182 3518 5252 τῇ
3574 5181 3734 5258 φήμῃ
3781 5174 3855 5231 καὶ

2217 5266 2613 5343 ἆσχάλλοντές.
2638 5273 2748 5323 Φεῦ
2768 5276 2868 5338 τῆς
2893 5267 3119 5329 ἀτοπίας
3143 5269 3155 5325 !
3182 5292 3210 5320 ‹‹
3233 5267 3444 5338 “Ολως,
3469 5269 3656 5341 φησὶν,
3685 5264 3855 5321 amo-35-

2214 5379 2302 5412 ται
2338 5378 2352 5427 ;
2384 5383 2410 5410 υ
2467 5358 2655 5420 Ὅλως
2707 5357 2798 5412 ἐπὶ
2841 5357 3095 5434 γλώσσης
3144 5358 3286 5420 τινὸς
3318 5361 3484 5414 ταῦτα
3517 5357 3694 5433 λέγειν
3746 5350 3854 5421 περὶ

2221 5448 2373 5518 ὑμῶν
2404 5445 2800 5522 ἐγκατέσκηψεν
2838 5464 2851 5515 ;
2904 5471 2931 5498 (‹
2966 5445 3378 5521 ῐῐεφυσιωμένοι
3409 5444 3549 5500 ἐστέ.
3584 5470 3614 5498 ››
3672 5445 3737 5499 Ἡ
3764 5441 3852 5515 γὰρ

2218 5533 2427 5590 ἐκεινου
2480 5534 2859 5608 πλημμέλεια,
2911 5535 3097 5604 κοινὴν
3130 5532 3358 5609 ὤφειλεν
3422 5535 3548 5606 ὑμῖν
3608 5532 3853 5607 αἷσχὺνην

2214 5629 2484 5698 γεννῆσαι,
2531 5628 2620 5678 νῦν
2678 5621 2736 5679 δὲ
2780 5626 3067 5701 φυσιοῦσθε
3127 5625 3191 5700 Et?
3251 5624 3334 5686 οἷς
3395 5620 3621 5685 ἕκαστος
3675 5637 3851 5692 κατορ-

2221 5709 2528 5770 θοῦκδοκεῖ.
2561 5712 2690 5769 Ἐἁτ
2722 5710 2780 5768 δὲ
2808 5716 2905 5783 ἦτε
2935 5712 3297 5786 οἷκειουμένοι
3326 5713 3414 5768 καὶ
3446 5712 3653 5767 ἐκείνου
3683 5708 3857 5780 πλπμπ

2218 4911 2563 4988 πράττεσθαι,
2626 4913 2800 4982 πόσην
2854 4913 2954 4980 τήν
3013 4910 3350 4989 κατηγορίαν
3412 4912 3606 4984 agger;
