  <div class='ocr_page' id='page_1' title='image "/cluster/home/n/w/nwhite01/storage/ocr_20150623/118/mdp.39015078384297/356.png"; bbox 0 0 4106 6252; ppageno 0'>
   <div class='ocr_carea' id='block_1_1' title="bbox 289 412 410 475">
    <p class='ocr_par' dir='ltr' id='par_1_1' title="bbox 289 412 410 475">
     <span class='ocr_line' id='line_1_1' title="bbox 289 412 410 475; baseline 0.017 -2"><span class='ocrx_word' id='word_1_1' title='bbox 289 412 410 475; x_wconf 75' lang='lat'><strong>097</strong></span> 
     </span>
    </p>
   </div>
   <div class='ocr_carea' id='block_1_2' title="bbox 1266 408 2752 479">
    <p class='ocr_par' dir='ltr' id='par_1_2' title="bbox 1266 408 2752 479">
     <span class='ocr_line' id='line_1_2' title="bbox 1266 408 2752 479; baseline -0.007 0"><span class='ocrx_word' id='word_1_2' title='bbox 1266 416 1682 479; x_wconf 81' lang='lat' dir='ltr'>COMMENT.</span> <span class='ocrx_word' id='word_1_3' title='bbox 1728 414 1816 474; x_wconf 86' lang='lat' dir='ltr'>IN</span> <span class='ocrx_word' id='word_1_4' title='bbox 1862 411 2115 472; x_wconf 81' lang='lat' dir='ltr'>EPIST.</span> <span class='ocrx_word' id='word_1_5' title='bbox 2170 410 2189 470; x_wconf 85' lang='grc' dir='ltr'><strong>Ι</strong></span> <span class='ocrx_word' id='word_1_6' title='bbox 2235 411 2334 469; x_wconf 83' lang='lat' dir='ltr'>AD</span> <span class='ocrx_word' id='word_1_7' title='bbox 2379 408 2752 470; x_wconf 86' lang='lat' dir='ltr'>CORINTH.</span> 
     </span>
    </p>
   </div>
   <div class='ocr_carea' id='block_1_3' title="bbox 3595 411 3716 499">
    <p class='ocr_par' dir='ltr' id='par_1_3' title="bbox 3595 411 3716 499">
     <span class='ocr_line' id='line_1_3' title="bbox 3595 411 3716 499; baseline -0.017 -26"><span class='ocrx_word' id='word_1_8' title='bbox 3595 411 3716 499; x_wconf 68' lang='lat'>698</span> 
     </span>
    </p>
   </div>
   <div class='ocr_carea' id='block_1_4' title="bbox 306 540 1954 626">
    <p class='ocr_par' dir='ltr' id='par_1_4' title="bbox 306 540 1951 626">
     <span class='ocr_line' id='line_1_4' title="bbox 306 540 1951 626; baseline -0.002 -24"><span class='ocrx_word' id='word_1_9' title='bbox 306 544 537 622; x_wconf 81' lang='grc' dir='ltr'>μέλημα</span> <span class='ocrx_word' id='word_1_10' title='bbox 563 549 644 611; x_wconf 85' lang='grc' dir='ltr'>ὡς</span> <span class='ocrx_word' id='word_1_11' title='bbox 706 550 968 626; x_wconf 75' lang='grc' dir='ltr'>ὑμετέρου</span> <span class='ocrx_word' id='word_1_12' title='bbox 1027 551 1247 626; x_wconf 81' lang='grc' dir='ltr'>μέρους,</span> <span class='ocrx_word' id='word_1_13' title='bbox 1306 548 1571 605; x_wconf 78' lang='grc' dir='ltr'>ἐπενθεῖτε</span> <span class='ocrx_word' id='word_1_14' title='bbox 1627 547 1711 615; x_wconf 72' lang='grc' dir='ltr'>ἂν,</span> <span class='ocrx_word' id='word_1_15' title='bbox 1766 540 1951 612; x_wconf 76' lang='grc' dir='ltr'>ἐπειδὴ</span> 
     </span>
    </p>
   </div>
   <div class='ocr_carea' id='block_1_5' title="bbox 2069 540 3713 626">
    <p class='ocr_par' dir='ltr' id='par_1_5' title="bbox 2069 541 3713 617">
     <span class='ocr_line' id='line_1_5' title="bbox 2069 541 3713 617; baseline 0.002 -20"><span class='ocrx_word' id='word_1_16' title='bbox 2069 542 2319 614; x_wconf 86' lang='lat' dir='ltr'>operari.</span> <span class='ocrx_word' id='word_1_17' title='bbox 2349 542 2512 608; x_wconf 85' lang='lat' dir='ltr'>Quod</span> <span class='ocrx_word' id='word_1_18' title='bbox 2528 544 2574 598; x_wconf 99' lang='lat' dir='ltr'>si</span> <span class='ocrx_word' id='word_1_19' title='bbox 2597 542 2903 617; x_wconf 89' lang='lat' dir='ltr'>proprium</span> <span class='ocrx_word' id='word_1_20' title='bbox 2925 541 3222 599; x_wconf 88' lang='lat' dir='ltr'>duceretis</span> <span class='ocrx_word' id='word_1_21' title='bbox 3242 544 3404 599; x_wconf 90' lang='lat' dir='ltr'>illius</span> <span class='ocrx_word' id='word_1_22' title='bbox 3426 544 3713 611; x_wconf 77' lang='lat' dir='ltr'>delictum</span> 
     </span>
    </p>
   </div>
   <div class='ocr_carea' id='block_1_6' title="bbox 311 632 1956 714">
    <p class='ocr_par' dir='ltr' id='par_1_6' title="bbox 311 632 1956 714">
     <span class='ocr_line' id='line_1_6' title="bbox 311 632 1956 714; baseline -0.002 -22"><span class='ocrx_word' id='word_1_23' title='bbox 311 638 385 697; x_wconf 78' lang='grc' dir='ltr'>εἷς</span> <span class='ocrx_word' id='word_1_24' title='bbox 414 637 477 692; x_wconf 80' lang='grc' dir='ltr'>τὸ</span> <span class='ocrx_word' id='word_1_25' title='bbox 505 638 692 693; x_wconf 86' lang='grc' dir='ltr'>κοινὸν</span> <span class='ocrx_word' id='word_1_26' title='bbox 714 646 814 709; x_wconf 85' lang='grc' dir='ltr'>τῆς</span> <span class='ocrx_word' id='word_1_27' title='bbox 853 638 1177 710; x_wconf 83' lang='grc' dir='ltr'>Ἐκκλησίας</span> <span class='ocrx_word' id='word_1_28' title='bbox 1207 642 1243 708; x_wconf 79' lang='grc' dir='ltr'>ἡ</span> <span class='ocrx_word' id='word_1_29' title='bbox 1304 632 1486 714; x_wconf 77' lang='grc' dir='ltr'>βλάϐη</span> <span class='ocrx_word' id='word_1_30' title='bbox 1544 636 1956 714; x_wconf 74' lang='grc' dir='ltr'>προεχώρησεν.</span> 
     </span>
    </p>
   </div>
   <div class='ocr_carea' id='block_1_7' title="bbox 314 722 1959 803">
    <p class='ocr_par' dir='ltr' id='par_1_7' title="bbox 314 722 1959 803">
     <span class='ocr_line' id='line_1_7' title="bbox 314 722 1959 803; baseline -0.004 -19"><span class='ocrx_word' id='word_1_31' title='bbox 314 749 344 778; x_wconf 77' lang='grc' dir='ltr'>ι(</span> <span class='ocrx_word' id='word_1_32' title='bbox 373 728 491 784; x_wconf 83' lang='grc' dir='ltr'>Ἵνα</span> <span class='ocrx_word' id='word_1_33' title='bbox 518 724 740 803; x_wconf 78' lang='grc' dir='ltr'>ἐξαρθῇ.</span> <span class='ocrx_word' id='word_1_34' title='bbox 768 750 799 779; x_wconf 70' lang='grc' dir='ltr'>ιι</span> <span class='ocrx_word' id='word_1_35' title='bbox 847 727 997 784; x_wconf 86' lang='grc' dir='ltr'>Διατί</span> <span class='ocrx_word' id='word_1_36' title='bbox 1052 728 1419 800; x_wconf 74' lang='grc' dir='ltr'>ἐπενθήσαμεν</span> <span class='ocrx_word' id='word_1_37' title='bbox 1477 724 1539 781; x_wconf 78' lang='grc' dir='ltr'>ἄν</span> <span class='ocrx_word' id='word_1_38' title='bbox 1571 745 1585 797; x_wconf 88' lang='grc'><strong>;</strong></span> <span class='ocrx_word' id='word_1_39' title='bbox 1647 725 1723 786; x_wconf 84' lang='grc' dir='ltr'>ὡς</span> <span class='ocrx_word' id='word_1_40' title='bbox 1787 724 1837 793; x_wconf 72' lang='grc' dir='ltr'>ἐξ</span> <span class='ocrx_word' id='word_1_41' title='bbox 1868 722 1959 778; x_wconf 87' lang='grc' dir='ltr'>ἀν-</span> 
     </span>
    </p>
   </div>
   <div class='ocr_carea' id='block_1_8' title="bbox 304 811 1955 892">
    <p class='ocr_par' dir='ltr' id='par_1_8' title="bbox 304 811 1955 892">
     <span class='ocr_line' id='line_1_8' title="bbox 304 811 1955 892; baseline -0.002 -21"><span class='ocrx_word' id='word_1_42' title='bbox 304 813 582 879; x_wconf 73' lang='grc' dir='ltr'>τιθέσεως.</span> <span class='ocrx_word' id='word_1_43' title='bbox 644 816 841 887; x_wconf 87' lang='grc' dir='ltr'>Διατί;</span> <span class='ocrx_word' id='word_1_44' title='bbox 923 817 1047 892; x_wconf 76' lang='grc' dir='ltr'>Οὐχ</span> <span class='ocrx_word' id='word_1_45' title='bbox 1125 814 1220 871; x_wconf 71' lang='grc' dir='ltr'>ἵνα</span> <span class='ocrx_word' id='word_1_46' title='bbox 1315 811 1586 885; x_wconf 78' lang='grc' dir='ltr'>ἐκϐάλητε</span> <span class='ocrx_word' id='word_1_47' title='bbox 1618 858 1633 884; x_wconf 90' lang='grc'>,</span> <span class='ocrx_word' id='word_1_48' title='bbox 1691 811 1819 868; x_wconf 85' lang='grc' dir='ltr'>ἀλλ’</span> <span class='ocrx_word' id='word_1_49' title='bbox 1874 812 1955 868; x_wconf 71' lang='grc' dir='ltr'>ἵνα</span> 
     </span>
    </p>
   </div>
   <div class='ocr_carea' id='block_1_9' title="bbox 302 901 1953 980">
    <p class='ocr_par' dir='ltr' id='par_1_9' title="bbox 302 901 1953 980">
     <span class='ocr_line' id='line_1_9' title="bbox 302 901 1953 980; baseline -0.004 -18"><span class='ocrx_word' id='word_1_50' title='bbox 302 904 499 980; x_wconf 79' lang='grc' dir='ltr'>ἐξαρθῇ</span> <span class='ocrx_word' id='word_1_51' title='bbox 530 906 607 968; x_wconf 78' lang='grc' dir='ltr'>ὡς</span> <span class='ocrx_word' id='word_1_52' title='bbox 639 904 725 961; x_wconf 84' lang='grc' dir='ltr'>ἐπὶ</span> <span class='ocrx_word' id='word_1_53' title='bbox 761 905 965 979; x_wconf 88' lang='grc' dir='ltr'>λοιμοῦ</span> <span class='ocrx_word' id='word_1_54' title='bbox 1011 926 1174 970; x_wconf 86' lang='grc' dir='ltr'>τινος·</span> <span class='ocrx_word' id='word_1_55' title='bbox 1226 906 1300 961; x_wconf 86' lang='grc' dir='ltr'>ὡς</span> <span class='ocrx_word' id='word_1_56' title='bbox 1358 903 1405 960; x_wconf 81' lang='grc' dir='ltr'>εἶ</span> <span class='ocrx_word' id='word_1_57' title='bbox 1435 906 1603 959; x_wconf 57' lang='grc' dir='ltr'>εἶπεν</span> <span class='ocrx_word' id='word_1_58' title='bbox 1637 902 1834 978; x_wconf 79' lang='grc' dir='ltr'>Εὖχῶν</span> <span class='ocrx_word' id='word_1_59' title='bbox 1863 901 1953 956; x_wconf 78' lang='grc' dir='ltr'>καὶ</span> 
     </span>
    </p>
   </div>
   <div class='ocr_carea' id='block_1_10' title="bbox 299 991 1952 1071">
    <p class='ocr_par' dir='ltr' id='par_1_10' title="bbox 299 991 1952 1071">
     <span class='ocr_line' id='line_1_10' title="bbox 299 991 1952 1071; baseline -0.002 -22"><span class='ocrx_word' id='word_1_60' title='bbox 299 996 532 1057; x_wconf 81' lang='grc' dir='ltr'>πένθους</span> <span class='ocrx_word' id='word_1_61' title='bbox 572 993 735 1071; x_wconf 81' lang='grc' dir='ltr'>χρεία</span> <span class='ocrx_word' id='word_1_62' title='bbox 785 992 880 1050; x_wconf 87' lang='grc' dir='ltr'>’ίνα</span> <span class='ocrx_word' id='word_1_63' title='bbox 925 995 1120 1071; x_wconf 76' lang='grc' dir='ltr'>ἐξαρθῇ</span> <span class='ocrx_word' id='word_1_64' title='bbox 1169 995 1198 1049; x_wconf 84' lang='grc' dir='ltr'>ὁ</span> <span class='ocrx_word' id='word_1_65' title='bbox 1252 993 1451 1068; x_wconf 88' lang='grc' dir='ltr'>λοιμὸς</span> <span class='ocrx_word' id='word_1_66' title='bbox 1502 993 1680 1054; x_wconf 84' lang='grc' dir='ltr'>οὗτος.</span> <span class='ocrx_word' id='word_1_67' title='bbox 1714 1015 1743 1043; x_wconf 90' lang='grc'><strong>‹‹</strong></span> <span class='ocrx_word' id='word_1_68' title='bbox 1774 993 1836 1049; x_wconf 78' lang='grc' dir='ltr'><strong>Ὀ</strong></span> <span class='ocrx_word' id='word_1_69' title='bbox 1888 991 1952 1045; x_wconf 87' lang='grc' dir='ltr'>τὸ</span> 
     </span>
    </p>
   </div>
   <div class='ocr_carea' id='block_1_11' title="bbox 298 1078 1950 1159">
    <p class='ocr_par' dir='ltr' id='par_1_11' title="bbox 298 1078 1950 1159">
     <span class='ocr_line' id='line_1_11' title="bbox 298 1078 1950 1159; baseline -0.002 -21"><span class='ocrx_word' id='word_1_70' title='bbox 298 1078 465 1159; x_wconf 80' lang='grc' dir='ltr'>ἔργον</span> <span class='ocrx_word' id='word_1_71' title='bbox 511 1087 673 1139; x_wconf 86' lang='grc' dir='ltr'>τοῦτο</span> <span class='ocrx_word' id='word_1_72' title='bbox 729 1087 987 1154; x_wconf 76' lang='grc' dir='ltr'>ποιήσας.</span> <span class='ocrx_word' id='word_1_73' title='bbox 1023 1108 1052 1135; x_wconf 78' lang='grc' dir='ltr'>ιι</span> <span class='ocrx_word' id='word_1_74' title='bbox 1108 1084 1181 1139; x_wconf 78' lang='grc' dir='ltr'>Οὐ</span> <span class='ocrx_word' id='word_1_75' title='bbox 1241 1083 1392 1159; x_wconf 83' lang='grc' dir='ltr'>λέγει</span> <span class='ocrx_word' id='word_1_76' title='bbox 1433 1083 1498 1138; x_wconf 89' lang='grc' dir='ltr'>τὸ</span> <span class='ocrx_word' id='word_1_77' title='bbox 1564 1080 1756 1154; x_wconf 78' lang='grc' dir='ltr'>ὄνομα,</span> <span class='ocrx_word' id='word_1_78' title='bbox 1817 1080 1950 1155; x_wconf 81' lang='grc' dir='ltr'>ὅπερ</span> 
     </span>
    </p>
   </div>
   <div class='ocr_carea' id='block_1_12' title="bbox 300 1169 1946 1253">
    <p class='ocr_par' dir='ltr' id='par_1_12' title="bbox 300 1169 1946 1253">
     <span class='ocr_line' id='line_1_12' title="bbox 300 1169 1946 1253; baseline -0.002 -26"><span class='ocrx_word' id='word_1_79' title='bbox 300 1174 573 1247; x_wconf 77' lang='grc' dir='ltr'>εἰώθαμεν</span> <span class='ocrx_word' id='word_1_80' title='bbox 625 1171 714 1228; x_wconf 80' lang='grc' dir='ltr'>ἐπὶ</span> <span class='ocrx_word' id='word_1_81' title='bbox 765 1177 875 1229; x_wconf 80' lang='grc' dir='ltr'>τῶν</span> <span class='ocrx_word' id='word_1_82' title='bbox 934 1170 1140 1253; x_wconf 76' lang='grc' dir='ltr'>σφόδρα</span> <span class='ocrx_word' id='word_1_83' title='bbox 1168 1172 1388 1229; x_wconf 81' lang='grc' dir='ltr'>ἀτόπων</span> <span class='ocrx_word' id='word_1_84' title='bbox 1427 1176 1628 1238; x_wconf 81' lang='grc' dir='ltr'>ποιεῖν,</span> <span class='ocrx_word' id='word_1_85' title='bbox 1688 1172 1802 1226; x_wconf 82' lang='grc' dir='ltr'>οἷον</span> <span class='ocrx_word' id='word_1_86' title='bbox 1859 1169 1946 1224; x_wconf 79' lang='grc' dir='ltr'>καὶ</span> 
     </span>
    </p>
   </div>
   <div class='ocr_carea' id='block_1_13' title="bbox 297 1260 1742 1338">
    <p class='ocr_par' dir='ltr' id='par_1_13' title="bbox 297 1260 1742 1338">
     <span class='ocr_line' id='line_1_13' title="bbox 297 1260 1742 1338; baseline 0 -21"><span class='ocrx_word' id='word_1_87' title='bbox 297 1264 400 1331; x_wconf 74' lang='grc' dir='ltr'>τήν</span> <span class='ocrx_word' id='word_1_88' title='bbox 432 1260 807 1338; x_wconf 77' lang='grc' dir='ltr'>προσηγορίαν</span> <span class='ocrx_word' id='word_1_89' title='bbox 856 1263 932 1326; x_wconf 84' lang='grc' dir='ltr'>ὡς</span> <span class='ocrx_word' id='word_1_90' title='bbox 966 1261 1252 1336; x_wconf 83' lang='grc' dir='ltr'>μολυσμὸν</span> <span class='ocrx_word' id='word_1_91' title='bbox 1283 1261 1742 1337; x_wconf 73' lang='grc' dir='ltr'>παραιτούμενος.</span> 
     </span>
    </p>
   </div>
   <div class='ocr_carea' id='block_1_14' title="bbox 2070 632 3709 705">
    <p class='ocr_par' dir='ltr' id='par_1_14' title="bbox 2070 632 3709 705">
     <span class='ocr_line' id='line_1_14' title="bbox 2070 632 3709 705; baseline 0.002 -19"><span class='ocrx_word' id='word_1_92' title='bbox 2070 638 2352 703; x_wconf 76' lang='lat' dir='ltr'>tanquam</span> <span class='ocrx_word' id='word_1_93' title='bbox 2384 632 2567 703; x_wconf 89' lang='lat' dir='ltr'>partis</span> <span class='ocrx_word' id='word_1_94' title='bbox 2607 633 2785 687; x_wconf 80' lang='lat' dir='ltr'>vestri</span> <span class='ocrx_word' id='word_1_95' title='bbox 2837 632 3120 703; x_wconf 89' lang='lat' dir='ltr'>corporis,</span> <span class='ocrx_word' id='word_1_96' title='bbox 3172 633 3451 705; x_wconf 78' lang='lat' dir='ltr'>lugeretis</span> <span class='ocrx_word' id='word_1_97' title='bbox 3482 635 3709 705; x_wconf 81' lang='lat' dir='ltr'>utique,</span> 
     </span>
    </p>
   </div>
   <div class='ocr_carea' id='block_1_15' title="bbox 2068 722 3708 792">
    <p class='ocr_par' dir='ltr' id='par_1_15' title="bbox 2068 722 3708 792">
     <span class='ocr_line' id='line_1_15' title="bbox 2068 722 3708 792; baseline 0.004 -16"><span class='ocrx_word' id='word_1_98' title='bbox 2068 723 2352 792; x_wconf 90' lang='lat' dir='ltr'>quoniam</span> <span class='ocrx_word' id='word_1_99' title='bbox 2385 724 2447 777; x_wconf 91' lang='lat' dir='ltr'>in</span> <span class='ocrx_word' id='word_1_100' title='bbox 2469 738 2785 778; x_wconf 87' lang='lat' dir='ltr'>commune</span> <span class='ocrx_word' id='word_1_101' title='bbox 2808 722 3082 777; x_wconf 76' lang='lat' dir='ltr'>Ecclesiaa</span> <span class='ocrx_word' id='word_1_102' title='bbox 3108 722 3393 778; x_wconf 83' lang='lat' dir='ltr'>damnum</span> <span class='ocrx_word' id='word_1_103' title='bbox 3411 725 3708 782; x_wconf 88' lang='lat' dir='ltr'>redunda-</span> 
     </span>
    </p>
   </div>
   <div class='ocr_carea' id='block_1_16' title="bbox 2066 814 3708 887">
    <p class='ocr_par' dir='ltr' id='par_1_16' title="bbox 2066 814 3708 887">
     <span class='ocr_line' id='line_1_16' title="bbox 2066 814 3708 887; baseline 0.003 -20"><span class='ocrx_word' id='word_1_104' title='bbox 2066 814 2167 868; x_wconf 85' lang='lat' dir='ltr'>vit.</span> <span class='ocrx_word' id='word_1_105' title='bbox 2201 836 2229 864; x_wconf 83' lang='lat'>«</span> <span class='ocrx_word' id='word_1_106' title='bbox 2264 815 2337 869; x_wconf 91' lang='lat' dir='ltr'>Ut</span> <span class='ocrx_word' id='word_1_107' title='bbox 2367 814 2694 870; x_wconf 87' lang='lat' dir='ltr'>tolleretur.</span> <span class='ocrx_word' id='word_1_108' title='bbox 2724 833 2754 866; x_wconf 81' lang='grc' dir='ltr'>ιι</span> <span class='ocrx_word' id='word_1_109' title='bbox 2779 815 2969 879; x_wconf 81' lang='lat' dir='ltr'>Quare</span> <span class='ocrx_word' id='word_1_110' title='bbox 3017 830 3124 868; x_wconf 91' lang='lat' dir='ltr'>nos</span> <span class='ocrx_word' id='word_1_111' title='bbox 3164 814 3364 887; x_wconf 79' lang='lat' dir='ltr'>lugere</span> <span class='ocrx_word' id='word_1_112' title='bbox 3396 818 3708 887; x_wconf 83' lang='lat' dir='ltr'>oportuit?</span> 
     </span>
    </p>
   </div>
   <div class='ocr_carea' id='block_1_17' title="bbox 2064 903 3707 974">
    <p class='ocr_par' dir='ltr' id='par_1_17' title="bbox 2064 903 3707 974">
     <span class='ocr_line' id='line_1_17' title="bbox 2064 903 3707 974; baseline 0.002 -17"><span class='ocrx_word' id='word_1_113' title='bbox 2064 907 2349 973; x_wconf 81' lang='lat' dir='ltr'>tanquam</span> <span class='ocrx_word' id='word_1_114' title='bbox 2381 919 2451 958; x_wconf 83' lang='lat' dir='ltr'>ex</span> <span class='ocrx_word' id='word_1_115' title='bbox 2482 919 2553 958; x_wconf 87' lang='lat' dir='ltr'>re</span> <span class='ocrx_word' id='word_1_116' title='bbox 2581 904 2875 974; x_wconf 91' lang='lat' dir='ltr'>opposita.</span> <span class='ocrx_word' id='word_1_117' title='bbox 2908 904 3094 968; x_wconf 88' lang='lat' dir='ltr'>Quam</span> <span class='ocrx_word' id='word_1_118' title='bbox 3138 903 3211 958; x_wconf 90' lang='lat' dir='ltr'>ob</span> <span class='ocrx_word' id='word_1_119' title='bbox 3241 920 3365 959; x_wconf 87' lang='lat' dir='ltr'>rem</span> <span class='ocrx_word' id='word_1_120' title='bbox 3388 906 3415 959; x_wconf 80' lang='lat'>‘?</span> <span class='ocrx_word' id='word_1_121' title='bbox 3459 907 3584 961; x_wconf 88' lang='lat' dir='ltr'>Non</span> <span class='ocrx_word' id='word_1_122' title='bbox 3642 912 3707 961; x_wconf 92' lang='lat' dir='ltr'>ut</span> 
     </span>
    </p>
   </div>
   <div class='ocr_carea' id='block_1_18' title="bbox 2063 992 3706 1066">
    <p class='ocr_par' dir='ltr' id='par_1_18' title="bbox 2063 992 3706 1066">
     <span class='ocr_line' id='line_1_18' title="bbox 2063 992 3706 1066; baseline 0.002 -19"><span class='ocrx_word' id='word_1_123' title='bbox 2063 992 2380 1063; x_wconf 87' lang='lat' dir='ltr'>ejiceretis,</span> <span class='ocrx_word' id='word_1_124' title='bbox 2414 992 2517 1048; x_wconf 90' lang='lat' dir='ltr'>sed</span> <span class='ocrx_word' id='word_1_125' title='bbox 2532 998 2599 1047; x_wconf 89' lang='lat' dir='ltr'>ut</span> <span class='ocrx_word' id='word_1_126' title='bbox 2628 993 2917 1048; x_wconf 89' lang='lat' dir='ltr'>tolleretis</span> <span class='ocrx_word' id='word_1_127' title='bbox 2934 992 3108 1047; x_wconf 89' lang='lat' dir='ltr'>veluti</span> <span class='ocrx_word' id='word_1_128' title='bbox 3132 993 3193 1047; x_wconf 91' lang='lat' dir='ltr'>in</span> <span class='ocrx_word' id='word_1_129' title='bbox 3214 1001 3380 1066; x_wconf 89' lang='lat' dir='ltr'>peste</span> <span class='ocrx_word' id='word_1_130' title='bbox 3411 994 3666 1066; x_wconf 88' lang='lat' dir='ltr'>quadam</span> <span class='ocrx_word' id='word_1_131' title='bbox 3690 1012 3706 1061; x_wconf 85' lang='lat'><strong>;</strong></span> 
     </span>
    </p>
   </div>
   <div class='ocr_carea' id='block_1_19' title="bbox 2060 1080 3711 1153">
    <p class='ocr_par' dir='ltr' id='par_1_19' title="bbox 2060 1080 3711 1153">
     <span class='ocr_line' id='line_1_19' title="bbox 2060 1080 3711 1153; baseline 0.002 -18"><span class='ocrx_word' id='word_1_132' title='bbox 2060 1096 2127 1136; x_wconf 91' lang='lat' dir='ltr'>ac</span> <span class='ocrx_word' id='word_1_133' title='bbox 2159 1081 2211 1135; x_wconf 90' lang='lat' dir='ltr'>si</span> <span class='ocrx_word' id='word_1_134' title='bbox 2244 1080 2512 1148; x_wconf 81' lang='lat' dir='ltr'>dixisset,</span> <span class='ocrx_word' id='word_1_135' title='bbox 2531 1081 2889 1137; x_wconf 65' lang='lat' dir='ltr'>Necessarias</span> <span class='ocrx_word' id='word_1_136' title='bbox 2921 1086 3061 1136; x_wconf 90' lang='lat' dir='ltr'>sunt</span> <span class='ocrx_word' id='word_1_137' title='bbox 3088 1098 3297 1153; x_wconf 78' lang='lat' dir='ltr'>preces</span> <span class='ocrx_word' id='word_1_138' title='bbox 3326 1100 3395 1138; x_wconf 90' lang='lat' dir='ltr'>ac</span> <span class='ocrx_word' id='word_1_139' title='bbox 3425 1084 3619 1139; x_wconf 89' lang='lat' dir='ltr'>luctus</span> <span class='ocrx_word' id='word_1_140' title='bbox 3644 1089 3711 1139; x_wconf 90' lang='lat' dir='ltr'>ut</span> 
     </span>
    </p>
   </div>
   <div class='ocr_carea' id='block_1_20' title="bbox 2063 1169 3708 1244">
    <p class='ocr_par' dir='ltr' id='par_1_20' title="bbox 2063 1169 3708 1244">
     <span class='ocr_line' id='line_1_20' title="bbox 2063 1169 3708 1244; baseline 0.002 -20"><span class='ocrx_word' id='word_1_141' title='bbox 2063 1169 2318 1225; x_wconf 88' lang='lat' dir='ltr'>tollatur</span> <span class='ocrx_word' id='word_1_142' title='bbox 2347 1170 2692 1242; x_wconf 87' lang='lat' dir='ltr'>hujusmodi</span> <span class='ocrx_word' id='word_1_143' title='bbox 2731 1170 2934 1243; x_wconf 78' lang='lat' dir='ltr'>pestis.</span> <span class='ocrx_word' id='word_1_144' title='bbox 2968 1194 2995 1220; x_wconf 88' lang='grc'>‹‹</span> <span class='ocrx_word' id='word_1_145' title='bbox 3030 1171 3137 1236; x_wconf 90' lang='lat' dir='ltr'>Qui</span> <span class='ocrx_word' id='word_1_146' title='bbox 3175 1172 3405 1227; x_wconf 78' lang='lat' dir='ltr'>facinus</span> <span class='ocrx_word' id='word_1_147' title='bbox 3434 1173 3545 1227; x_wconf 91' lang='lat' dir='ltr'>hoc</span> <span class='ocrx_word' id='word_1_148' title='bbox 3574 1190 3708 1244; x_wconf 85' lang='lat' dir='ltr'>per-</span> 
     </span>
    </p>
   </div>
   <div class='ocr_carea' id='block_1_21' title="bbox 2058 1263 3709 1335">
    <p class='ocr_par' dir='ltr' id='par_1_21' title="bbox 2058 1263 3709 1335">
     <span class='ocr_line' id='line_1_21' title="bbox 2058 1263 3709 1335; baseline 0.002 -18"><span class='ocrx_word' id='word_1_149' title='bbox 2058 1263 2333 1333; x_wconf 87' lang='lat' dir='ltr'>petravit.</span> <span class='ocrx_word' id='word_1_150' title='bbox 2366 1282 2393 1315; x_wconf 84' lang='grc' dir='ltr'>ιι</span> <span class='ocrx_word' id='word_1_151' title='bbox 2416 1265 2543 1318; x_wconf 88' lang='lat' dir='ltr'>Non</span> <span class='ocrx_word' id='word_1_152' title='bbox 2576 1264 2854 1335; x_wconf 83' lang='lat' dir='ltr'>exprimit</span> <span class='ocrx_word' id='word_1_153' title='bbox 2880 1280 3099 1318; x_wconf 89' lang='lat' dir='ltr'>nomen</span> <span class='ocrx_word' id='word_1_154' title='bbox 3125 1280 3137 1318; x_wconf 94' lang='lat'>:</span> <span class='ocrx_word' id='word_1_155' title='bbox 3160 1265 3320 1335; x_wconf 89' lang='lat' dir='ltr'>quod</span> <span class='ocrx_word' id='word_1_156' title='bbox 3344 1265 3538 1321; x_wconf 84' lang='lat' dir='ltr'>facere</span> <span class='ocrx_word' id='word_1_157' title='bbox 3571 1283 3709 1321; x_wconf 92' lang='lat' dir='ltr'>con-</span> 
     </span>
    </p>
   </div>
   <div class='ocr_carea' id='block_1_22' title="bbox 304 1351 3710 1425">
    <p class='ocr_par' dir='ltr' id='par_1_22' title="bbox 304 1351 3710 1425">
     <span class='ocr_line' id='line_1_22' title="bbox 304 1351 3710 1425; baseline 0 -16"><span class='ocrx_word' id='word_1_158' title='bbox 304 1354 603 1410; x_wconf 85' lang='lat' dir='ltr'>suevimus</span> <span class='ocrx_word' id='word_1_159' title='bbox 631 1354 696 1409; x_wconf 91' lang='lat' dir='ltr'>in</span> <span class='ocrx_word' id='word_1_160' title='bbox 716 1354 791 1409; x_wconf 86' lang='lat' dir='ltr'>iis</span> <span class='ocrx_word' id='word_1_161' title='bbox 822 1370 952 1425; x_wconf 82' lang='lat' dir='ltr'>quae</span> <span class='ocrx_word' id='word_1_162' title='bbox 973 1353 1296 1409; x_wconf 84' lang='lat' dir='ltr'>admodum</span> <span class='ocrx_word' id='word_1_163' title='bbox 1318 1351 1575 1408; x_wconf 87' lang='lat' dir='ltr'>absurda</span> <span class='ocrx_word' id='word_1_164' title='bbox 1605 1355 1777 1407; x_wconf 91' lang='lat' dir='ltr'>sunt:</span> <span class='ocrx_word' id='word_1_165' title='bbox 1816 1354 2098 1421; x_wconf 82' lang='lat' dir='ltr'>tanquam</span> <span class='ocrx_word' id='word_1_166' title='bbox 2128 1351 2588 1423; x_wconf 79' lang='lat' dir='ltr'>appellationem</span> <span class='ocrx_word' id='word_1_167' title='bbox 2618 1369 2851 1424; x_wconf 89' lang='lat' dir='ltr'>quoque</span> <span class='ocrx_word' id='word_1_168' title='bbox 2879 1353 3053 1409; x_wconf 83' lang='lat' dir='ltr'>veluti</span> <span class='ocrx_word' id='word_1_169' title='bbox 3084 1369 3210 1409; x_wconf 88' lang='lat' dir='ltr'>rem</span> <span class='ocrx_word' id='word_1_170' title='bbox 3241 1354 3521 1410; x_wconf 82' lang='lat' dir='ltr'>infectam</span> <span class='ocrx_word' id='word_1_171' title='bbox 3553 1354 3710 1411; x_wconf 81' lang='lat' dir='ltr'>devi-</span> 
     </span>
    </p>
   </div>
   <div class='ocr_carea' id='block_1_23' title="bbox 304 1450 464 1500">
    <p class='ocr_par' dir='ltr' id='par_1_23' title="bbox 304 1450 464 1500">
     <span class='ocr_line' id='line_1_23' title="bbox 304 1450 464 1500; baseline -0.006 0"><span class='ocrx_word' id='word_1_172' title='bbox 304 1450 464 1500; x_wconf 86' lang='lat' dir='ltr'>tans.</span> 
     </span>
    </p>
   </div>
   <div class='ocr_carea' id='block_1_24' title="bbox 378 1569 1953 1651">
    <p class='ocr_par' dir='ltr' id='par_1_24' title="bbox 378 1569 1953 1651">
     <span class='ocr_line' id='line_1_24' title="bbox 378 1569 1953 1651; baseline -0.004 -19"><span class='ocrx_word' id='word_1_173' title='bbox 378 1576 517 1651; x_wconf 83' lang='grc' dir='ltr'>Ἐγὼ</span> <span class='ocrx_word' id='word_1_174' title='bbox 551 1576 647 1649; x_wconf 72' lang='grc' dir='ltr'>μὲν</span> <span class='ocrx_word' id='word_1_175' title='bbox 705 1576 811 1651; x_wconf 78' lang='grc' dir='ltr'>γὰρ</span> <span class='ocrx_word' id='word_1_176' title='bbox 870 1575 946 1637; x_wconf 90' lang='grc' dir='ltr'>ὡς</span> <span class='ocrx_word' id='word_1_177' title='bbox 1006 1575 1156 1630; x_wconf 78' lang='grc' dir='ltr'>ἀπὼν</span> <span class='ocrx_word' id='word_1_178' title='bbox 1216 1580 1296 1646; x_wconf 81' lang='grc' dir='ltr'>τῷ</span> <span class='ocrx_word' id='word_1_179' title='bbox 1356 1573 1592 1647; x_wconf 87' lang='grc' dir='ltr'>σώματι,</span> <span class='ocrx_word' id='word_1_180' title='bbox 1650 1572 1838 1647; x_wconf 86' lang='grc' dir='ltr'>παρὼν</span> <span class='ocrx_word' id='word_1_181' title='bbox 1896 1569 1953 1626; x_wconf 74' lang='grc' dir='ltr'>δὲ</span> 
     </span>
    </p>
   </div>
   <div class='ocr_carea' id='block_1_25' title="bbox 292 1661 1958 1741">
    <p class='ocr_par' dir='ltr' id='par_1_25' title="bbox 292 1661 1958 1741">
     <span class='ocr_line' id='line_1_25' title="bbox 292 1661 1958 1741; baseline -0.005 -19"><span class='ocrx_word' id='word_1_182' title='bbox 292 1667 380 1740; x_wconf 82' lang='grc' dir='ltr'>τῷ</span> <span class='ocrx_word' id='word_1_183' title='bbox 447 1665 737 1738; x_wconf 88' lang='grc' dir='ltr'>πνεύματι,</span> <span class='ocrx_word' id='word_1_184' title='bbox 820 1662 931 1737; x_wconf 80' lang='grc' dir='ltr'>ἤδη</span> <span class='ocrx_word' id='word_1_185' title='bbox 1000 1666 1225 1741; x_wconf 81' lang='grc' dir='ltr'>κέκρικα</span> <span class='ocrx_word' id='word_1_186' title='bbox 1290 1666 1364 1726; x_wconf 84' lang='grc' dir='ltr'>ὡς</span> <span class='ocrx_word' id='word_1_187' title='bbox 1430 1664 1641 1739; x_wconf 86' lang='grc' dir='ltr'>παρὼν,</span> <span class='ocrx_word' id='word_1_188' title='bbox 1706 1661 1797 1717; x_wconf 82' lang='grc' dir='ltr'>τὸν</span> <span class='ocrx_word' id='word_1_189' title='bbox 1862 1662 1958 1715; x_wconf 76' lang='grc' dir='ltr'>οὕ-</span> 
     </span>
    </p>
   </div>
   <div class='ocr_carea' id='block_1_26' title="bbox 291 1753 1956 1830">
    <p class='ocr_par' dir='ltr' id='par_1_26' title="bbox 291 1753 1956 1830">
     <span class='ocr_line' id='line_1_26' title="bbox 291 1753 1956 1830; baseline -0.004 -20"><span class='ocrx_word' id='word_1_190' title='bbox 291 1776 410 1817; x_wconf 86' lang='grc' dir='ltr'>τως</span> <span class='ocrx_word' id='word_1_191' title='bbox 494 1758 657 1810; x_wconf 88' lang='grc' dir='ltr'>τοῦτο</span> <span class='ocrx_word' id='word_1_192' title='bbox 743 1756 1226 1830; x_wconf 76' lang='grc' dir='ltr'>κατεργασάμενον,</span> <span class='ocrx_word' id='word_1_193' title='bbox 1307 1754 1359 1810; x_wconf 86' lang='grc' dir='ltr'>έν</span> <span class='ocrx_word' id='word_1_194' title='bbox 1442 1758 1521 1826; x_wconf 78' lang='grc' dir='ltr'>τῷ</span> <span class='ocrx_word' id='word_1_195' title='bbox 1577 1753 1805 1825; x_wconf 83' lang='grc' dir='ltr'>ὀνόματι</span> <span class='ocrx_word' id='word_1_196' title='bbox 1859 1754 1956 1806; x_wconf 84' lang='grc' dir='ltr'>τοῦ</span> 
     </span>
    </p>
   </div>
   <div class='ocr_carea' id='block_1_27' title="bbox 300 1841 1955 1919">
    <p class='ocr_par' dir='ltr' id='par_1_27' title="bbox 300 1841 1955 1919">
     <span class='ocr_line' id='line_1_27' title="bbox 300 1841 1955 1919; baseline -0.005 -17"><span class='ocrx_word' id='word_1_197' title='bbox 300 1844 507 1919; x_wconf 77' lang='grc' dir='ltr'>Κυρίου</span> <span class='ocrx_word' id='word_1_198' title='bbox 562 1847 723 1917; x_wconf 74' lang='grc' dir='ltr'>ἡμῶν</span> <span class='ocrx_word' id='word_1_199' title='bbox 804 1846 985 1914; x_wconf 79' lang='grc' dir='ltr'>Ἰησοῦ</span> <span class='ocrx_word' id='word_1_200' title='bbox 1037 1845 1296 1918; x_wconf 76' lang='grc' dir='ltr'>Χριστοῦ,</span> <span class='ocrx_word' id='word_1_201' title='bbox 1365 1842 1732 1919; x_wconf 81' lang='grc' dir='ltr'>συναχθέντων</span> <span class='ocrx_word' id='word_1_202' title='bbox 1805 1841 1955 1913; x_wconf 81' lang='grc' dir='ltr'>ὑμῶν</span> 
     </span>
    </p>
   </div>
   <div class='ocr_carea' id='block_1_28' title="bbox 2135 1576 3700 1649">
    <p class='ocr_par' dir='ltr' id='par_1_28' title="bbox 2135 1576 3700 1649">
     <span class='ocr_line' id='line_1_28' title="bbox 2135 1576 3700 1649; baseline 0.004 -22"><span class='ocrx_word' id='word_1_203' title='bbox 2135 1576 2198 1630; x_wconf 83' lang='grc' dir='ltr'>ν.</span> <span class='ocrx_word' id='word_1_204' title='bbox 2231 1577 2285 1641; x_wconf 87' lang='grc'>3,</span> <span class='ocrx_word' id='word_1_205' title='bbox 2334 1577 2386 1629; x_wconf 87' lang='grc' dir='ltr'>ϐ.</span> <span class='ocrx_word' id='word_1_206' title='bbox 2439 1576 2727 1646; x_wconf 80' lang='lat' dir='ltr'>Siquidem</span> <span class='ocrx_word' id='word_1_207' title='bbox 2772 1594 2870 1646; x_wconf 85' lang='lat' dir='ltr'>ego</span> <span class='ocrx_word' id='word_1_208' title='bbox 2909 1583 3175 1648; x_wconf 84' lang='lat' dir='ltr'>tanquam</span> <span class='ocrx_word' id='word_1_209' title='bbox 3222 1577 3411 1633; x_wconf 86' lang='lat' dir='ltr'>absens</span> <span class='ocrx_word' id='word_1_210' title='bbox 3455 1595 3700 1649; x_wconf 77' lang='lat' dir='ltr'>corpore,</span> 
     </span>
    </p>
   </div>
   <div class='ocr_carea' id='block_1_29' title="bbox 2065 1667 3704 1739">
    <p class='ocr_par' dir='ltr' id='par_1_29' title="bbox 2065 1667 3704 1739">
     <span class='ocr_line' id='line_1_29' title="bbox 2065 1667 3704 1739; baseline 0.004 -22"><span class='ocrx_word' id='word_1_211' title='bbox 2065 1680 2302 1735; x_wconf 57' lang='lat' dir='ltr'>praesens</span> <span class='ocrx_word' id='word_1_212' title='bbox 2330 1671 2513 1720; x_wconf 86' lang='lat' dir='ltr'>autem</span> <span class='ocrx_word' id='word_1_213' title='bbox 2541 1668 2762 1736; x_wconf 81' lang='lat' dir='ltr'>spiritu,</span> <span class='ocrx_word' id='word_1_214' title='bbox 2785 1667 2908 1736; x_wconf 87' lang='lat' dir='ltr'>jam</span> <span class='ocrx_word' id='word_1_215' title='bbox 2946 1667 3205 1736; x_wconf 85' lang='lat' dir='ltr'>judicavi</span> <span class='ocrx_word' id='word_1_216' title='bbox 3252 1674 3517 1738; x_wconf 82' lang='lat' dir='ltr'>tanquam</span> <span class='ocrx_word' id='word_1_217' title='bbox 3551 1684 3704 1739; x_wconf 77' lang='lat' dir='ltr'>prae-</span> 
     </span>
    </p>
   </div>
   <div class='ocr_carea' id='block_1_30' title="bbox 2065 1754 3700 1825">
    <p class='ocr_par' dir='ltr' id='par_1_30' title="bbox 2065 1754 3700 1825">
     <span class='ocr_line' id='line_1_30' title="bbox 2065 1754 3700 1825; baseline 0.004 -20"><span class='ocrx_word' id='word_1_218' title='bbox 2065 1767 2203 1815; x_wconf 84' lang='lat' dir='ltr'>sens,</span> <span class='ocrx_word' id='word_1_219' title='bbox 2225 1758 2287 1806; x_wconf 88' lang='lat' dir='ltr'>ut</span> <span class='ocrx_word' id='word_1_220' title='bbox 2334 1756 2380 1808; x_wconf 87' lang='lat' dir='ltr'>is</span> <span class='ocrx_word' id='word_1_221' title='bbox 2422 1757 2519 1825; x_wconf 86' lang='lat' dir='ltr'>qui</span> <span class='ocrx_word' id='word_1_222' title='bbox 2548 1754 2647 1809; x_wconf 86' lang='lat' dir='ltr'>hoc</span> <span class='ocrx_word' id='word_1_223' title='bbox 2700 1757 2783 1809; x_wconf 88' lang='lat' dir='ltr'>ita</span> <span class='ocrx_word' id='word_1_224' title='bbox 2830 1757 3108 1825; x_wconf 74' lang='lat' dir='ltr'>patravit,</span> <span class='ocrx_word' id='word_1_225' title='bbox 3140 1758 3199 1809; x_wconf 88' lang='lat' dir='ltr'>in</span> <span class='ocrx_word' id='word_1_226' title='bbox 3236 1755 3457 1811; x_wconf 82' lang='lat' dir='ltr'>nomine</span> <span class='ocrx_word' id='word_1_227' title='bbox 3486 1758 3700 1813; x_wconf 86' lang='lat' dir='ltr'>Domini</span> 
     </span>
    </p>
   </div>
   <div class='ocr_carea' id='block_1_31' title="bbox 2066 1842 3696 1917">
    <p class='ocr_par' dir='ltr' id='par_1_31' title="bbox 2066 1842 3696 1917">
     <span class='ocr_line' id='line_1_31' title="bbox 2066 1842 3696 1917; baseline 0.004 -22"><span class='ocrx_word' id='word_1_228' title='bbox 2066 1844 2246 1896; x_wconf 83' lang='lat' dir='ltr'>nostri</span> <span class='ocrx_word' id='word_1_229' title='bbox 2288 1843 2414 1897; x_wconf 84' lang='lat' dir='ltr'>Jesu</span> <span class='ocrx_word' id='word_1_230' title='bbox 2447 1842 2672 1913; x_wconf 83' lang='lat' dir='ltr'>Christi,</span> <span class='ocrx_word' id='word_1_231' title='bbox 2705 1846 3046 1913; x_wconf 77' lang='lat' dir='ltr'>congregatis</span> <span class='ocrx_word' id='word_1_232' title='bbox 3074 1845 3221 1900; x_wconf 80' lang='lat' dir='ltr'>vobis</span> <span class='ocrx_word' id='word_1_233' title='bbox 3251 1851 3303 1899; x_wconf 89' lang='lat' dir='ltr'>et</span> <span class='ocrx_word' id='word_1_234' title='bbox 3331 1861 3445 1900; x_wconf 88' lang='lat' dir='ltr'>meo</span> <span class='ocrx_word' id='word_1_235' title='bbox 3474 1849 3696 1917; x_wconf 73' lang='lat' dir='ltr'>spiritu,</span> 
     </span>
    </p>
   </div>
   <div class='ocr_carea' id='block_1_32' title="bbox 294 1912 1954 2007">
    <p class='ocr_par' dir='ltr' id='par_1_32' title="bbox 294 1929 1953 2007">
     <span class='ocr_line' id='line_1_32' title="bbox 294 1929 1953 2007; baseline -0.003 -18"><span class='ocrx_word' id='word_1_236' title='bbox 294 1933 393 1989; x_wconf 79' lang='grc' dir='ltr'>καὶ</span> <span class='ocrx_word' id='word_1_237' title='bbox 449 1937 549 1988; x_wconf 88' lang='grc' dir='ltr'>τοῦ</span> <span class='ocrx_word' id='word_1_238' title='bbox 615 1932 751 2006; x_wconf 84' lang='grc' dir='ltr'>ἐμοῦ</span> <span class='ocrx_word' id='word_1_239' title='bbox 834 1932 1186 2005; x_wconf 85' lang='grc' dir='ltr'>πνεύματος,</span> <span class='ocrx_word' id='word_1_240' title='bbox 1273 1931 1365 1987; x_wconf 72' lang='grc' dir='ltr'>σὺν</span> <span class='ocrx_word' id='word_1_241' title='bbox 1450 1936 1520 2007; x_wconf 76' lang='grc' dir='ltr'>τῇ</span> <span class='ocrx_word' id='word_1_242' title='bbox 1579 1929 1803 2004; x_wconf 82' lang='grc' dir='ltr'>δυνάμει</span> <span class='ocrx_word' id='word_1_243' title='bbox 1855 1934 1953 1985; x_wconf 85' lang='grc' dir='ltr'>τοῦ</span> 
     </span>
    </p>
   </div>
   <div class='ocr_carea' id='block_1_33' title="bbox 2069 1912 3696 2007">
    <p class='ocr_par' dir='ltr' id='par_1_33' title="bbox 2069 1912 3696 2002">
     <span class='ocr_line' id='line_1_33' title="bbox 2069 1912 3696 2002; baseline 0.003 -17"><span class='ocrx_word' id='word_1_244' title='bbox 2069 1948 2180 1986; x_wconf 77' lang='lat' dir='ltr'>cum</span> <span class='ocrx_word' id='word_1_245' title='bbox 2210 1934 2413 1987; x_wconf 81' lang='lat' dir='ltr'>virtute</span> <span class='ocrx_word' id='word_1_246' title='bbox 2442 1912 2664 1988; x_wconf 86' lang='lat' dir='ltr'>Domini</span> <span class='ocrx_word' id='word_1_247' title='bbox 2691 1912 2868 1989; x_wconf 81' lang='lat' dir='ltr'>nostri</span> <span class='ocrx_word' id='word_1_248' title='bbox 2894 1912 3016 1989; x_wconf 59' lang='lat' dir='ltr'>issu</span> <span class='ocrx_word' id='word_1_249' title='bbox 3048 1934 3274 2002; x_wconf 74' lang='lat' dir='ltr'>Christi,</span> <span class='ocrx_word' id='word_1_250' title='bbox 3304 1912 3563 1991; x_wconf 73' lang='lat' dir='ltr'>tradatur</span> <span class='ocrx_word' id='word_1_251' title='bbox 3590 1912 3696 1993; x_wconf 52' lang='lat' dir='ltr'>Sa;</span> 
     </span>
    </p>
   </div>
   <div class='ocr_carea' id='block_1_34' title="bbox 295 2018 1946 2099">
    <p class='ocr_par' dir='ltr' id='par_1_34' title="bbox 295 2018 1946 2099">
     <span class='ocr_line' id='line_1_34' title="bbox 295 2018 1946 2099; baseline -0.005 -19"><span class='ocrx_word' id='word_1_252' title='bbox 295 2022 504 2099; x_wconf 77' lang='grc' dir='ltr'>Κυρίου</span> <span class='ocrx_word' id='word_1_253' title='bbox 589 2024 750 2095; x_wconf 76' lang='grc' dir='ltr'>ἡμῶν</span> <span class='ocrx_word' id='word_1_254' title='bbox 827 2023 1008 2093; x_wconf 88' lang='grc' dir='ltr'>Ἰησοῦ</span> <span class='ocrx_word' id='word_1_255' title='bbox 1094 2027 1369 2098; x_wconf 76' lang='grc' dir='ltr'>Χριστοῦ,</span> <span class='ocrx_word' id='word_1_256' title='bbox 1452 2018 1781 2097; x_wconf 82' lang='grc' dir='ltr'>παραδοῦναι</span> <span class='ocrx_word' id='word_1_257' title='bbox 1854 2019 1946 2074; x_wconf 85' lang='grc' dir='ltr'>τὸν</span> 
     </span>
    </p>
   </div>
   <div class='ocr_carea' id='block_1_35' title="bbox 292 2106 1951 2185">
    <p class='ocr_par' dir='ltr' id='par_1_35' title="bbox 292 2106 1951 2185">
     <span class='ocr_line' id='line_1_35' title="bbox 292 2106 1951 2185; baseline -0.002 -18"><span class='ocrx_word' id='word_1_258' title='bbox 292 2115 551 2168; x_wconf 85' lang='grc' dir='ltr'>τοιοῦτον</span> <span class='ocrx_word' id='word_1_259' title='bbox 604 2116 685 2184; x_wconf 82' lang='grc' dir='ltr'>τῷ</span> <span class='ocrx_word' id='word_1_260' title='bbox 740 2116 952 2183; x_wconf 84' lang='grc' dir='ltr'>Σατανᾷ</span> <span class='ocrx_word' id='word_1_261' title='bbox 1011 2112 1088 2174; x_wconf 79' lang='grc' dir='ltr'>εἷς</span> <span class='ocrx_word' id='word_1_262' title='bbox 1147 2108 1376 2184; x_wconf 77' lang='grc' dir='ltr'>ὄλεθρον</span> <span class='ocrx_word' id='word_1_263' title='bbox 1433 2111 1534 2182; x_wconf 80' lang='grc' dir='ltr'>τῆς</span> <span class='ocrx_word' id='word_1_264' title='bbox 1586 2110 1804 2185; x_wconf 81' lang='grc' dir='ltr'>σαρκὸς,</span> <span class='ocrx_word' id='word_1_265' title='bbox 1857 2106 1951 2163; x_wconf 71' lang='grc' dir='ltr'>’ίνα</span> 
     </span>
    </p>
   </div>
   <div class='ocr_carea' id='block_1_36' title="bbox 294 2199 1945 2276">
    <p class='ocr_par' dir='ltr' id='par_1_36' title="bbox 294 2199 1945 2276">
     <span class='ocr_line' id='line_1_36' title="bbox 294 2199 1945 2276; baseline -0.001 -19"><span class='ocrx_word' id='word_1_266' title='bbox 294 2203 362 2257; x_wconf 87' lang='grc' dir='ltr'>τὸ</span> <span class='ocrx_word' id='word_1_267' title='bbox 390 2204 607 2275; x_wconf 87' lang='grc' dir='ltr'>πνεῦμα</span> <span class='ocrx_word' id='word_1_268' title='bbox 647 2202 799 2274; x_wconf 84' lang='grc' dir='ltr'>σωθῇ</span> <span class='ocrx_word' id='word_1_269' title='bbox 857 2199 911 2255; x_wconf 82' lang='grc' dir='ltr'>ἐν</span> <span class='ocrx_word' id='word_1_270' title='bbox 968 2203 1037 2273; x_wconf 78' lang='grc' dir='ltr'>τῇ</span> <span class='ocrx_word' id='word_1_271' title='bbox 1093 2200 1277 2276; x_wconf 78' lang='grc' dir='ltr'>ἡμέρᾳ</span> <span class='ocrx_word' id='word_1_272' title='bbox 1330 2203 1428 2256; x_wconf 88' lang='grc' dir='ltr'>τοῦ</span> <span class='ocrx_word' id='word_1_273' title='bbox 1481 2199 1683 2275; x_wconf 83' lang='grc' dir='ltr'>Κυρίου</span> <span class='ocrx_word' id='word_1_274' title='bbox 1739 2199 1945 2268; x_wconf 87' lang='grc' dir='ltr'>Ἰησοῦ.</span> 
     </span>
    </p>
   </div>
   <div class='ocr_carea' id='block_1_37' title="bbox 295 2285 1177 2364">
    <p class='ocr_par' dir='ltr' id='par_1_37' title="bbox 295 2285 1177 2364">
     <span class='ocr_line' id='line_1_37' title="bbox 295 2285 1177 2364; baseline -0.006 -16"><span class='ocrx_word' id='word_1_275' title='bbox 295 2291 381 2348; x_wconf 84' lang='grc' dir='ltr'>Ού</span> <span class='ocrx_word' id='word_1_276' title='bbox 409 2287 580 2345; x_wconf 86' lang='grc' dir='ltr'>καλὸν</span> <span class='ocrx_word' id='word_1_277' title='bbox 611 2290 675 2344; x_wconf 82' lang='grc' dir='ltr'>τὸ</span> <span class='ocrx_word' id='word_1_278' title='bbox 704 2285 973 2364; x_wconf 79' lang='grc' dir='ltr'>καύχημα</span> <span class='ocrx_word' id='word_1_279' title='bbox 998 2290 1177 2363; x_wconf 83' lang='grc' dir='ltr'>ὑμῶν,</span> 
     </span>
    </p>
   </div>
   <div class='ocr_carea' id='block_1_38' title="bbox 372 2375 1949 2452">
    <p class='ocr_par' dir='ltr' id='par_1_38' title="bbox 372 2375 1949 2452">
     <span class='ocr_line' id='line_1_38' title="bbox 372 2375 1949 2452; baseline -0.003 -17"><span class='ocrx_word' id='word_1_280' title='bbox 372 2378 672 2452; x_wconf 84' lang='grc' dir='ltr'>Ἐπείγεται</span> <span class='ocrx_word' id='word_1_281' title='bbox 705 2375 957 2452; x_wconf 74' lang='grc' dir='ltr'>ἐκδιῶξαι</span> <span class='ocrx_word' id='word_1_282' title='bbox 998 2378 1182 2449; x_wconf 81' lang='grc' dir='ltr'>αὑτὸν,</span> <span class='ocrx_word' id='word_1_283' title='bbox 1214 2377 1304 2433; x_wconf 86' lang='grc' dir='ltr'>καὶ</span> <span class='ocrx_word' id='word_1_284' title='bbox 1364 2375 1488 2433; x_wconf 71' lang='grc' dir='ltr'>οὐδὲ</span> <span class='ocrx_word' id='word_1_285' title='bbox 1538 2379 1638 2447; x_wconf 73' lang='grc' dir='ltr'>τὴν</span> <span class='ocrx_word' id='word_1_286' title='bbox 1708 2397 1949 2451; x_wconf 85' lang='grc' dir='ltr'>σωματι-</span> 
     </span>
    </p>
   </div>
   <div class='ocr_carea' id='block_1_39' title="bbox 297 2466 1949 2544">
    <p class='ocr_par' dir='ltr' id='par_1_39' title="bbox 297 2466 1949 2544">
     <span class='ocr_line' id='line_1_39' title="bbox 297 2466 1949 2544; baseline -0.002 -18"><span class='ocrx_word' id='word_1_287' title='bbox 297 2473 403 2540; x_wconf 76' lang='grc' dir='ltr'>κὴν</span> <span class='ocrx_word' id='word_1_288' title='bbox 467 2469 631 2525; x_wconf 81' lang='grc' dir='ltr'>αὐτοῦ</span> <span class='ocrx_word' id='word_1_289' title='bbox 686 2468 985 2544; x_wconf 82' lang='grc' dir='ltr'>παρουσίαν</span> <span class='ocrx_word' id='word_1_290' title='bbox 1068 2470 1347 2543; x_wconf 78' lang='grc' dir='ltr'>ἀναμεῖναι</span> <span class='ocrx_word' id='word_1_291' title='bbox 1418 2468 1612 2529; x_wconf 80' lang='grc' dir='ltr'>αὐτοὺς</span> <span class='ocrx_word' id='word_1_292' title='bbox 1673 2466 1949 2544; x_wconf 82' lang='grc' dir='ltr'>βούλεται.</span> 
     </span>
    </p>
   </div>
   <div class='ocr_carea' id='block_1_40' title="bbox 303 2555 1952 2635">
    <p class='ocr_par' dir='ltr' id='par_1_40' title="bbox 303 2555 1952 2635">
     <span class='ocr_line' id='line_1_40' title="bbox 303 2555 1952 2635; baseline -0.004 -20"><span class='ocrx_word' id='word_1_293' title='bbox 303 2586 331 2610; x_wconf 77' lang='grc' dir='ltr'>α</span> <span class='ocrx_word' id='word_1_294' title='bbox 369 2559 563 2635; x_wconf 77' lang='grc' dir='ltr'>Παρών</span> <span class='ocrx_word' id='word_1_295' title='bbox 596 2556 653 2613; x_wconf 84' lang='grc' dir='ltr'>δὶ</span> <span class='ocrx_word' id='word_1_296' title='bbox 680 2563 763 2631; x_wconf 78' lang='grc' dir='ltr'>τῷ</span> <span class='ocrx_word' id='word_1_297' title='bbox 808 2557 1096 2631; x_wconf 81' lang='grc' dir='ltr'>πνεύματ’.</span> <span class='ocrx_word' id='word_1_298' title='bbox 1135 2582 1162 2609; x_wconf 83' lang='grc'><strong>››</strong></span> <span class='ocrx_word' id='word_1_299' title='bbox 1223 2557 1491 2614; x_wconf 86' lang='grc' dir='ltr'>Δείκνυσιν</span> <span class='ocrx_word' id='word_1_300' title='bbox 1550 2557 1734 2612; x_wconf 67' lang='grc' dir='ltr'>ἑαυτὸν</span> <span class='ocrx_word' id='word_1_301' title='bbox 1788 2555 1952 2611; x_wconf 85' lang='grc' dir='ltr'>πνεύ-</span> 
     </span>
    </p>
   </div>
   <div class='ocr_carea' id='block_1_41' title="bbox 311 2643 1952 2723">
    <p class='ocr_par' dir='ltr' id='par_1_41' title="bbox 311 2643 1952 2723">
     <span class='ocr_line' id='line_1_41' title="bbox 311 2643 1952 2723; baseline -0.002 -21"><span class='ocrx_word' id='word_1_302' title='bbox 311 2670 446 2721; x_wconf 83' lang='grc' dir='ltr'>ματι</span> <span class='ocrx_word' id='word_1_303' title='bbox 476 2647 732 2722; x_wconf 86' lang='grc' dir='ltr'>παρόντα,</span> <span class='ocrx_word' id='word_1_304' title='bbox 765 2643 1027 2711; x_wconf 86' lang='grc' dir='ltr'>δεδοικὼς</span> <span class='ocrx_word' id='word_1_305' title='bbox 1060 2648 1136 2721; x_wconf 79' lang='grc' dir='ltr'>μή</span> <span class='ocrx_word' id='word_1_306' title='bbox 1194 2668 1246 2702; x_wconf 91' lang='grc' dir='ltr'>τι</span> <span class='ocrx_word' id='word_1_307' title='bbox 1302 2644 1486 2723; x_wconf 80' lang='grc' dir='ltr'>ἓτερον</span> <span class='ocrx_word' id='word_1_308' title='bbox 1550 2648 1952 2721; x_wconf 87' lang='grc' dir='ltr'>βουλεῦσωνται</span> 
     </span>
    </p>
   </div>
   <div class='ocr_carea' id='block_1_42' title="bbox 316 2729 1953 2812">
    <p class='ocr_par' dir='ltr' id='par_1_42' title="bbox 316 2729 1953 2812">
     <span class='ocr_line' id='line_1_42' title="bbox 316 2729 1953 2812; baseline -0.002 -22"><span class='ocrx_word' id='word_1_309' title='bbox 316 2735 447 2809; x_wconf 81' lang='grc' dir='ltr'>περὶ</span> <span class='ocrx_word' id='word_1_310' title='bbox 475 2736 539 2790; x_wconf 85' lang='grc' dir='ltr'>τὸ</span> <span class='ocrx_word' id='word_1_311' title='bbox 561 2730 794 2791; x_wconf 73' lang='grc' dir='ltr'>ἐκϐαλεῖν</span> <span class='ocrx_word' id='word_1_312' title='bbox 824 2736 1009 2803; x_wconf 80' lang='grc' dir='ltr'>αὐτὸν,</span> <span class='ocrx_word' id='word_1_313' title='bbox 1039 2733 1130 2790; x_wconf 86' lang='grc' dir='ltr'>καὶ</span> <span class='ocrx_word' id='word_1_314' title='bbox 1162 2757 1349 2812; x_wconf 78' lang='grc' dir='ltr'>φησιν,</span> <span class='ocrx_word' id='word_1_315' title='bbox 1408 2762 1436 2787; x_wconf 82' lang='lat'><strong>«</strong></span> <span class='ocrx_word' id='word_1_316' title='bbox 1470 2732 1613 2806; x_wconf 79' lang='grc' dir='ltr'>’Ἤδη</span> <span class='ocrx_word' id='word_1_317' title='bbox 1645 2729 1888 2809; x_wconf 81' lang='grc' dir='ltr'>κέκρικα.</span> <span class='ocrx_word' id='word_1_318' title='bbox 1923 2757 1953 2786; x_wconf 78' lang='grc' dir='ltr'>ιι</span> 
     </span>
    </p>
   </div>
   <div class='ocr_carea' id='block_1_43' title="bbox 313 2820 1955 2898">
    <p class='ocr_par' dir='ltr' id='par_1_43' title="bbox 313 2820 1955 2898">
     <span class='ocr_line' id='line_1_43' title="bbox 313 2820 1955 2898; baseline -0.002 -17"><span class='ocrx_word' id='word_1_319' title='bbox 313 2821 527 2892; x_wconf 76' lang='grc' dir='ltr'>Μηδεὶς</span> <span class='ocrx_word' id='word_1_320' title='bbox 580 2823 754 2879; x_wconf 79' lang='grc' dir='ltr'>τοίνυν</span> <span class='ocrx_word' id='word_1_321' title='bbox 804 2820 1221 2891; x_wconf 81' lang='grc' dir='ltr'>ἀναϐαλλέσθω.</span> <span class='ocrx_word' id='word_1_322' title='bbox 1278 2824 1344 2880; x_wconf 85' lang='grc' dir='ltr'><strong>Ἠ</strong></span> <span class='ocrx_word' id='word_1_323' title='bbox 1402 2823 1510 2897; x_wconf 74' lang='grc' dir='ltr'>ἐμὴ</span> <span class='ocrx_word' id='word_1_324' title='bbox 1565 2822 1805 2898; x_wconf 80' lang='grc' dir='ltr'>κρίσιςὴ</span> <span class='ocrx_word' id='word_1_325' title='bbox 1836 2824 1955 2877; x_wconf 91' lang='grc' dir='ltr'>κατ’</span> 
     </span>
    </p>
   </div>
   <div class='ocr_carea' id='block_1_44' title="bbox 304 2909 1955 2989">
    <p class='ocr_par' dir='ltr' id='par_1_44' title="bbox 304 2909 1955 2989">
     <span class='ocr_line' id='line_1_44' title="bbox 304 2909 1955 2989; baseline -0.001 -22"><span class='ocrx_word' id='word_1_326' title='bbox 304 2912 497 2981; x_wconf 76' lang='grc' dir='ltr'>αὐτοῦ,</span> <span class='ocrx_word' id='word_1_327' title='bbox 529 2909 633 2982; x_wconf 74' lang='grc' dir='ltr'>ἤδη</span> <span class='ocrx_word' id='word_1_328' title='bbox 664 2923 929 2989; x_wconf 83' lang='grc' dir='ltr'>πέπηγεν.</span> <span class='ocrx_word' id='word_1_329' title='bbox 965 2937 993 2965; x_wconf 76' lang='grc' dir='ltr'>(ι</span> <span class='ocrx_word' id='word_1_330' title='bbox 1013 2914 1115 2969; x_wconf 89' lang='grc' dir='ltr'>Τὸν</span> <span class='ocrx_word' id='word_1_331' title='bbox 1153 2913 1328 2975; x_wconf 75' lang='grc' dir='ltr'>οὓτως</span> <span class='ocrx_word' id='word_1_332' title='bbox 1357 2916 1520 2968; x_wconf 84' lang='grc' dir='ltr'>τοῦτο</span> <span class='ocrx_word' id='word_1_333' title='bbox 1558 2909 1955 2987; x_wconf 85' lang='grc' dir='ltr'>κατεργασάμε-</span> 
     </span>
    </p>
   </div>
   <div class='ocr_carea' id='block_1_45' title="bbox 296 2999 1956 3078">
    <p class='ocr_par' dir='ltr' id='par_1_45' title="bbox 296 2999 1956 3078">
     <span class='ocr_line' id='line_1_45' title="bbox 296 2999 1956 3078; baseline -0.001 -22"><span class='ocrx_word' id='word_1_334' title='bbox 296 3021 405 3057; x_wconf 88' lang='grc' dir='ltr'>νον.</span> <span class='ocrx_word' id='word_1_335' title='bbox 448 3026 477 3054; x_wconf 84' lang='grc'>‹‹</span> <span class='ocrx_word' id='word_1_336' title='bbox 506 3000 710 3058; x_wconf 78' lang='grc' dir='ltr'>’Δλλοι</span> <span class='ocrx_word' id='word_1_337' title='bbox 745 3000 917 3064; x_wconf 76' lang='grc' dir='ltr'>οὕτως</span> <span class='ocrx_word' id='word_1_338' title='bbox 948 3002 1277 3078; x_wconf 73' lang='grc' dir='ltr'>ἀνέγνωσαν·</span> <span class='ocrx_word' id='word_1_339' title='bbox 1305 3002 1410 3059; x_wconf 82' lang='grc' dir='ltr'>Τὸν</span> <span class='ocrx_word' id='word_1_340' title='bbox 1440 2999 1612 3062; x_wconf 72' lang='grc' dir='ltr'>οὕτως</span> <span class='ocrx_word' id='word_1_341' title='bbox 1641 3004 1802 3055; x_wconf 86' lang='grc' dir='ltr'>τοῦτο</span> <span class='ocrx_word' id='word_1_342' title='bbox 1832 3021 1956 3055; x_wconf 87' lang='grc' dir='ltr'>κατ-</span> 
     </span>
    </p>
   </div>
   <div class='ocr_carea' id='block_1_46' title="bbox 299 3091 1955 3167">
    <p class='ocr_par' dir='ltr' id='par_1_46' title="bbox 299 3091 1955 3167">
     <span class='ocr_line' id='line_1_46' title="bbox 299 3091 1955 3167; baseline -0.002 -20"><span class='ocrx_word' id='word_1_343' title='bbox 299 3093 671 3167; x_wconf 79' lang='grc' dir='ltr'>εργασάμενον</span> <span class='ocrx_word' id='word_1_344' title='bbox 705 3091 760 3148; x_wconf 81' lang='grc' dir='ltr'>ἐν</span> <span class='ocrx_word' id='word_1_345' title='bbox 789 3096 870 3166; x_wconf 82' lang='grc' dir='ltr'>τῷ</span> <span class='ocrx_word' id='word_1_346' title='bbox 901 3092 1126 3167; x_wconf 85' lang='grc' dir='ltr'>ὀνόματι</span> <span class='ocrx_word' id='word_1_347' title='bbox 1181 3096 1278 3147; x_wconf 89' lang='grc' dir='ltr'>τοῦ</span> <span class='ocrx_word' id='word_1_348' title='bbox 1330 3093 1532 3167; x_wconf 85' lang='grc' dir='ltr'>Κυρίου</span> <span class='ocrx_word' id='word_1_349' title='bbox 1583 3094 1740 3165; x_wconf 78' lang='grc' dir='ltr'>ἡμῶν</span> <span class='ocrx_word' id='word_1_350' title='bbox 1777 3092 1955 3160; x_wconf 74' lang='grc' dir='ltr'>Ἰησοῦ</span> 
     </span>
    </p>
   </div>
   <div class='ocr_carea' id='block_1_47' title="bbox 296 3183 1955 3259">
    <p class='ocr_par' dir='ltr' id='par_1_47' title="bbox 296 3183 1955 3259">
     <span class='ocr_line' id='line_1_47' title="bbox 296 3183 1955 3259; baseline -0.004 -17"><span class='ocrx_word' id='word_1_351' title='bbox 296 3186 558 3259; x_wconf 78' lang='grc' dir='ltr'>Χριστοῦ,</span> <span class='ocrx_word' id='word_1_352' title='bbox 606 3184 875 3257; x_wconf 81' lang='grc' dir='ltr'>τουτέστι,</span> <span class='ocrx_word' id='word_1_353' title='bbox 935 3184 1026 3240; x_wconf 81' lang='grc' dir='ltr'>τὸν</span> <span class='ocrx_word' id='word_1_354' title='bbox 1088 3184 1164 3247; x_wconf 79' lang='grc' dir='ltr'>εἷς</span> <span class='ocrx_word' id='word_1_355' title='bbox 1220 3185 1283 3240; x_wconf 88' lang='grc' dir='ltr'>τὸ</span> <span class='ocrx_word' id='word_1_356' title='bbox 1340 3183 1516 3257; x_wconf 73' lang='grc' dir='ltr'>ὄνομα</span> <span class='ocrx_word' id='word_1_357' title='bbox 1567 3188 1664 3238; x_wconf 87' lang='grc' dir='ltr'>τοῦ</span> <span class='ocrx_word' id='word_1_358' title='bbox 1720 3185 1955 3258; x_wconf 87' lang='grc' dir='ltr'>Χριστοῦ</span> 
     </span>
    </p>
   </div>
   <div class='ocr_carea' id='block_1_48' title="bbox 2066 2023 3707 2094">
    <p class='ocr_par' dir='ltr' id='par_1_48' title="bbox 2066 2023 3707 2094">
     <span class='ocr_line' id='line_1_48' title="bbox 2066 2023 3707 2094; baseline 0.003 -18"><span class='ocrx_word' id='word_1_359' title='bbox 2066 2028 2209 2077; x_wconf 74' lang='grc' dir='ltr'>ιαηεε</span> <span class='ocrx_word' id='word_1_360' title='bbox 2237 2023 2311 2077; x_wconf 88' lang='lat' dir='ltr'>ad</span> <span class='ocrx_word' id='word_1_361' title='bbox 2338 2024 2621 2079; x_wconf 79' lang='lat' dir='ltr'>interitum</span> <span class='ocrx_word' id='word_1_362' title='bbox 2651 2023 2852 2089; x_wconf 85' lang='lat' dir='ltr'>carnis,</span> <span class='ocrx_word' id='word_1_363' title='bbox 2875 2029 2938 2078; x_wconf 84' lang='lat' dir='ltr'>ut</span> <span class='ocrx_word' id='word_1_364' title='bbox 2963 2023 3196 2094; x_wconf 79' lang='lat' dir='ltr'>spiritus</span> <span class='ocrx_word' id='word_1_365' title='bbox 3222 2024 3402 2079; x_wconf 83' lang='lat' dir='ltr'>salvus</span> <span class='ocrx_word' id='word_1_366' title='bbox 3428 2024 3501 2080; x_wconf 84' lang='lat' dir='ltr'>sit</span> <span class='ocrx_word' id='word_1_367' title='bbox 3529 2028 3588 2080; x_wconf 89' lang='lat' dir='ltr'>in</span> <span class='ocrx_word' id='word_1_368' title='bbox 3617 2026 3707 2081; x_wconf 87' lang='lat' dir='ltr'>die</span> 
     </span>
    </p>
   </div>
   <div class='ocr_carea' id='block_1_49' title="bbox 2064 2113 3400 2183">
    <p class='ocr_par' dir='ltr' id='par_1_49' title="bbox 2064 2113 3400 2183">
     <span class='ocr_line' id='line_1_49' title="bbox 2064 2113 3400 2183; baseline 0.002 -17"><span class='ocrx_word' id='word_1_369' title='bbox 2064 2113 2286 2167; x_wconf 85' lang='lat' dir='ltr'>Domini</span> <span class='ocrx_word' id='word_1_370' title='bbox 2309 2114 2455 2167; x_wconf 77' lang='lat' dir='ltr'>Iesu.</span> <span class='ocrx_word' id='word_1_371' title='bbox 2488 2114 2607 2169; x_wconf 90' lang='lat' dir='ltr'>Non</span> <span class='ocrx_word' id='word_1_372' title='bbox 2636 2120 2714 2168; x_wconf 85' lang='lat' dir='ltr'>est</span> <span class='ocrx_word' id='word_1_373' title='bbox 2745 2114 2885 2168; x_wconf 88' lang='lat' dir='ltr'>bona</span> <span class='ocrx_word' id='word_1_374' title='bbox 2913 2114 3176 2183; x_wconf 83' lang='lat' dir='ltr'>gloriatio</span> <span class='ocrx_word' id='word_1_375' title='bbox 3205 2120 3400 2169; x_wconf 77' lang='lat' dir='ltr'>vestra.</span> 
     </span>
    </p>
   </div>
   <div class='ocr_carea' id='block_1_50' title="bbox 2136 2385 3710 2458">
    <p class='ocr_par' dir='ltr' id='par_1_50' title="bbox 2136 2385 3710 2458">
     <span class='ocr_line' id='line_1_50' title="bbox 2136 2385 3710 2458; baseline 0.003 -19"><span class='ocrx_word' id='word_1_376' title='bbox 2136 2386 2419 2457; x_wconf 84' lang='lat' dir='ltr'>Properat</span> <span class='ocrx_word' id='word_1_377' title='bbox 2442 2401 2576 2439; x_wconf 90' lang='lat' dir='ltr'>eum</span> <span class='ocrx_word' id='word_1_378' title='bbox 2598 2385 2984 2457; x_wconf 85' lang='lat' dir='ltr'>expellere,et</span> <span class='ocrx_word' id='word_1_379' title='bbox 3005 2402 3198 2458; x_wconf 87' lang='lat' dir='ltr'>neque</span> <span class='ocrx_word' id='word_1_380' title='bbox 3220 2388 3590 2458; x_wconf 87' lang='lat' dir='ltr'>corporalem</span> <span class='ocrx_word' id='word_1_381' title='bbox 3621 2389 3710 2442; x_wconf 91' lang='lat' dir='ltr'>sui</span> 
     </span>
    </p>
   </div>
   <div class='ocr_carea' id='block_1_51' title="bbox 2064 2473 3711 2546">
    <p class='ocr_par' dir='ltr' id='par_1_51' title="bbox 2064 2473 3711 2546">
     <span class='ocr_line' id='line_1_51' title="bbox 2064 2473 3711 2546; baseline 0.002 -19"><span class='ocrx_word' id='word_1_382' title='bbox 2064 2473 2444 2545; x_wconf 82' lang='lat' dir='ltr'>praesentiam</span> <span class='ocrx_word' id='word_1_383' title='bbox 2468 2473 2590 2528; x_wconf 80' lang='lat' dir='ltr'>vult</span> <span class='ocrx_word' id='word_1_384' title='bbox 2605 2474 2767 2545; x_wconf 89' lang='lat' dir='ltr'>ipsos</span> <span class='ocrx_word' id='word_1_385' title='bbox 2788 2479 3151 2546; x_wconf 81' lang='lat' dir='ltr'>exspectare.</span> <span class='ocrx_word' id='word_1_386' title='bbox 3168 2497 3195 2523; x_wconf 90' lang='grc'><strong>››</strong></span> <span class='ocrx_word' id='word_1_387' title='bbox 3222 2476 3492 2531; x_wconf 84' lang='lat' dir='ltr'>Praesens</span> <span class='ocrx_word' id='word_1_388' title='bbox 3513 2482 3711 2532; x_wconf 89' lang='lat' dir='ltr'>autem</span> 
     </span>
    </p>
   </div>
   <div class='ocr_carea' id='block_1_52' title="bbox 2066 2561 3710 2634">
    <p class='ocr_par' dir='ltr' id='par_1_52' title="bbox 2066 2561 3710 2634">
     <span class='ocr_line' id='line_1_52' title="bbox 2066 2561 3710 2634; baseline 0.001 -16"><span class='ocrx_word' id='word_1_389' title='bbox 2066 2561 2298 2634; x_wconf 89' lang='lat' dir='ltr'>spiritu.</span> <span class='ocrx_word' id='word_1_390' title='bbox 2335 2584 2363 2611; x_wconf 80' lang='grc' dir='ltr'>ι)</span> <span class='ocrx_word' id='word_1_391' title='bbox 2393 2562 2664 2617; x_wconf 83' lang='lat' dir='ltr'>Ostendit</span> <span class='ocrx_word' id='word_1_392' title='bbox 2701 2579 2762 2617; x_wconf 92' lang='lat' dir='ltr'>se</span> <span class='ocrx_word' id='word_1_393' title='bbox 2812 2562 3023 2632; x_wconf 89' lang='lat' dir='ltr'>spiritu</span> <span class='ocrx_word' id='word_1_394' title='bbox 3079 2569 3457 2634; x_wconf 71' lang='lat' dir='ltr'>prmsentem,</span> <span class='ocrx_word' id='word_1_395' title='bbox 3489 2565 3710 2620; x_wconf 86' lang='lat' dir='ltr'>veritus</span> 
     </span>
    </p>
   </div>
   <div class='ocr_carea' id='block_1_53' title="bbox 2065 2651 3711 2723">
    <p class='ocr_par' dir='ltr' id='par_1_53' title="bbox 2065 2651 3711 2723">
     <span class='ocr_line' id='line_1_53' title="bbox 2065 2651 3711 2723; baseline 0.001 -17"><span class='ocrx_word' id='word_1_396' title='bbox 2065 2669 2139 2706; x_wconf 90' lang='lat' dir='ltr'>ne</span> <span class='ocrx_word' id='word_1_397' title='bbox 2171 2651 2313 2722; x_wconf 90' lang='lat' dir='ltr'>quid</span> <span class='ocrx_word' id='word_1_398' title='bbox 2342 2651 2504 2706; x_wconf 88' lang='lat' dir='ltr'>aliud</span> <span class='ocrx_word' id='word_1_399' title='bbox 2534 2652 2606 2707; x_wconf 92' lang='lat' dir='ltr'>de</span> <span class='ocrx_word' id='word_1_400' title='bbox 2660 2652 2788 2723; x_wconf 88' lang='lat' dir='ltr'>ipso</span> <span class='ocrx_word' id='word_1_401' title='bbox 2843 2651 3135 2723; x_wconf 88' lang='lat' dir='ltr'>ejiciendo</span> <span class='ocrx_word' id='word_1_402' title='bbox 3195 2653 3622 2722; x_wconf 86' lang='lat' dir='ltr'>consultarent,</span> <span class='ocrx_word' id='word_1_403' title='bbox 3651 2660 3711 2708; x_wconf 88' lang='lat' dir='ltr'>et</span> 
     </span>
    </p>
   </div>
   <div class='ocr_carea' id='block_1_54' title="bbox 2065 2741 3705 2813">
    <p class='ocr_par' dir='ltr' id='par_1_54' title="bbox 2065 2741 3705 2813">
     <span class='ocr_line' id='line_1_54' title="bbox 2065 2741 3705 2813; baseline 0 -16"><span class='ocrx_word' id='word_1_404' title='bbox 2065 2741 2179 2797; x_wconf 85' lang='lat' dir='ltr'>ait:</span> <span class='ocrx_word' id='word_1_405' title='bbox 2223 2764 2243 2789; x_wconf 77' lang='grc' dir='ltr'>ι</span> <span class='ocrx_word' id='word_1_406' title='bbox 2269 2741 2695 2813; x_wconf 80' lang='lat' dir='ltr'>Jamjudicavi.</span> <span class='ocrx_word' id='word_1_407' title='bbox 2726 2764 2745 2788; x_wconf 77' lang='grc' dir='ltr'>ι</span> <span class='ocrx_word' id='word_1_408' title='bbox 2773 2741 2981 2797; x_wconf 87' lang='lat' dir='ltr'>Nullus</span> <span class='ocrx_word' id='word_1_409' title='bbox 3002 2742 3201 2812; x_wconf 89' lang='lat' dir='ltr'>itaque</span> <span class='ocrx_word' id='word_1_410' title='bbox 3219 2741 3453 2796; x_wconf 74' lang='lat' dir='ltr'>differat</span> <span class='ocrx_word' id='word_1_411' title='bbox 3476 2758 3705 2797; x_wconf 91' lang='lat' dir='ltr'>:meum</span> 
     </span>
    </p>
   </div>
   <div class='ocr_carea' id='block_1_55' title="bbox 2065 2830 3712 2903">
    <p class='ocr_par' dir='ltr' id='par_1_55' title="bbox 2065 2830 3712 2903">
     <span class='ocr_line' id='line_1_55' title="bbox 2065 2830 3712 2903; baseline 0.001 -18"><span class='ocrx_word' id='word_1_412' title='bbox 2065 2831 2345 2886; x_wconf 89' lang='lat' dir='ltr'>adversus</span> <span class='ocrx_word' id='word_1_413' title='bbox 2395 2830 2565 2885; x_wconf 91' lang='lat' dir='ltr'>illum</span> <span class='ocrx_word' id='word_1_414' title='bbox 2600 2830 2895 2903; x_wconf 87' lang='lat' dir='ltr'>judicium</span> <span class='ocrx_word' id='word_1_415' title='bbox 2920 2831 3045 2901; x_wconf 89' lang='lat' dir='ltr'>jam</span> <span class='ocrx_word' id='word_1_416' title='bbox 3076 2830 3405 2885; x_wconf 86' lang='lat' dir='ltr'>stabilitum</span> <span class='ocrx_word' id='word_1_417' title='bbox 3438 2837 3545 2886; x_wconf 93' lang='lat' dir='ltr'>est.</span> <span class='ocrx_word' id='word_1_418' title='bbox 3580 2856 3606 2881; x_wconf 86' lang='grc'><em>‹‹</em></span> <span class='ocrx_word' id='word_1_419' title='bbox 3641 2834 3712 2887; x_wconf 87' lang='lat' dir='ltr'>Ut</span> 
     </span>
    </p>
   </div>
   <div class='ocr_carea' id='block_1_56' title="bbox 2066 2920 3711 2992">
    <p class='ocr_par' dir='ltr' id='par_1_56' title="bbox 2066 2920 3711 2992">
     <span class='ocr_line' id='line_1_56' title="bbox 2066 2920 3711 2992; baseline 0.001 -17"><span class='ocrx_word' id='word_1_420' title='bbox 2066 2920 2115 2976; x_wconf 89' lang='lat' dir='ltr'>is</span> <span class='ocrx_word' id='word_1_421' title='bbox 2148 2921 2248 2991; x_wconf 91' lang='lat' dir='ltr'>qui</span> <span class='ocrx_word' id='word_1_422' title='bbox 2278 2921 2390 2975; x_wconf 90' lang='lat' dir='ltr'>hoc</span> <span class='ocrx_word' id='word_1_423' title='bbox 2422 2921 2504 2975; x_wconf 89' lang='lat' dir='ltr'>ita</span> <span class='ocrx_word' id='word_1_424' title='bbox 2524 2922 2793 2992; x_wconf 89' lang='lat' dir='ltr'>patravit.</span> <span class='ocrx_word' id='word_1_425' title='bbox 2828 2941 2857 2969; x_wconf 85' lang='grc'>››</span> <span class='ocrx_word' id='word_1_426' title='bbox 2889 2920 3003 2974; x_wconf 79' lang='lat' dir='ltr'>Alii</span> <span class='ocrx_word' id='word_1_427' title='bbox 3036 2920 3119 2975; x_wconf 85' lang='lat' dir='ltr'>ita</span> <span class='ocrx_word' id='word_1_428' title='bbox 3150 2920 3456 2992; x_wconf 80' lang='lat' dir='ltr'>legerunt:</span> <span class='ocrx_word' id='word_1_429' title='bbox 3483 2923 3553 2976; x_wconf 90' lang='lat' dir='ltr'>Ut</span> <span class='ocrx_word' id='word_1_430' title='bbox 3575 2938 3711 2976; x_wconf 90' lang='lat' dir='ltr'>eum</span> 
     </span>
    </p>
   </div>
   <div class='ocr_carea' id='block_1_57' title="bbox 2067 3009 3710 3080">
    <p class='ocr_par' dir='ltr' id='par_1_57' title="bbox 2067 3009 3710 3080">
     <span class='ocr_line' id='line_1_57' title="bbox 2067 3009 3710 3080; baseline 0.001 -16"><span class='ocrx_word' id='word_1_431' title='bbox 2067 3010 2167 3080; x_wconf 89' lang='lat' dir='ltr'>qui</span> <span class='ocrx_word' id='word_1_432' title='bbox 2194 3010 2305 3065; x_wconf 89' lang='lat' dir='ltr'>hoc</span> <span class='ocrx_word' id='word_1_433' title='bbox 2336 3011 2418 3065; x_wconf 89' lang='lat' dir='ltr'>ita</span> <span class='ocrx_word' id='word_1_434' title='bbox 2449 3010 2703 3080; x_wconf 87' lang='lat' dir='ltr'>patravit</span> <span class='ocrx_word' id='word_1_435' title='bbox 2734 3010 2796 3063; x_wconf 92' lang='lat' dir='ltr'>in</span> <span class='ocrx_word' id='word_1_436' title='bbox 2829 3026 3049 3064; x_wconf 91' lang='lat' dir='ltr'>nomen</span> <span class='ocrx_word' id='word_1_437' title='bbox 3080 3009 3314 3064; x_wconf 91' lang='lat' dir='ltr'>Domini</span> <span class='ocrx_word' id='word_1_438' title='bbox 3355 3011 3544 3064; x_wconf 87' lang='lat' dir='ltr'>nostri</span> <span class='ocrx_word' id='word_1_439' title='bbox 3573 3012 3710 3065; x_wconf 86' lang='lat' dir='ltr'>Jesu</span> 
     </span>
    </p>
   </div>
   <div class='ocr_carea' id='block_1_58' title="bbox 2066 3097 3707 3169">
    <p class='ocr_par' dir='ltr' id='par_1_58' title="bbox 2066 3097 3707 3169">
     <span class='ocr_line' id='line_1_58' title="bbox 2066 3097 3707 3169; baseline 0.001 -17"><span class='ocrx_word' id='word_1_440' title='bbox 2066 3098 2318 3153; x_wconf 87' lang='lat' dir='ltr'>Christi:</span> <span class='ocrx_word' id='word_1_441' title='bbox 2353 3097 2464 3153; x_wconf 91' lang='lat' dir='ltr'>hoc</span> <span class='ocrx_word' id='word_1_442' title='bbox 2498 3103 2605 3164; x_wconf 89' lang='lat' dir='ltr'>est,</span> <span class='ocrx_word' id='word_1_443' title='bbox 2640 3098 2740 3169; x_wconf 89' lang='lat' dir='ltr'>qui</span> <span class='ocrx_word' id='word_1_444' title='bbox 2793 3098 2854 3152; x_wconf 91' lang='lat' dir='ltr'>in</span> <span class='ocrx_word' id='word_1_445' title='bbox 2907 3114 3126 3152; x_wconf 89' lang='lat' dir='ltr'>nomen</span> <span class='ocrx_word' id='word_1_446' title='bbox 3183 3097 3397 3153; x_wconf 88' lang='lat' dir='ltr'>Christi</span> <span class='ocrx_word' id='word_1_447' title='bbox 3450 3098 3707 3169; x_wconf 88' lang='lat' dir='ltr'>injurius</span> 
     </span>
    </p>
   </div>
   <div class='ocr_carea' id='block_1_59' title="bbox 2063 3184 3710 3257">
    <p class='ocr_par' dir='ltr' id='par_1_59' title="bbox 2063 3184 3710 3257">
     <span class='ocr_line' id='line_1_59' title="bbox 2063 3184 3710 3257; baseline 0.001 -19"><span class='ocrx_word' id='word_1_448' title='bbox 2063 3184 2176 3239; x_wconf 88' lang='lat' dir='ltr'>fuit</span> <span class='ocrx_word' id='word_1_449' title='bbox 2206 3203 2219 3240; x_wconf 93' lang='lat'>:</span> <span class='ocrx_word' id='word_1_450' title='bbox 2255 3191 2312 3239; x_wconf 89' lang='lat' dir='ltr'>et</span> <span class='ocrx_word' id='word_1_451' title='bbox 2341 3190 2655 3257; x_wconf 87' lang='lat' dir='ltr'>postquam</span> <span class='ocrx_word' id='word_1_452' title='bbox 2688 3185 2901 3239; x_wconf 89' lang='lat' dir='ltr'>Christi</span> <span class='ocrx_word' id='word_1_453' title='bbox 2931 3200 3259 3257; x_wconf 80' lang='lat' dir='ltr'>cognomen</span> <span class='ocrx_word' id='word_1_454' title='bbox 3290 3186 3535 3256; x_wconf 86' lang='lat' dir='ltr'>accepit,</span> <span class='ocrx_word' id='word_1_455' title='bbox 3570 3185 3710 3241; x_wconf 89' lang='lat' dir='ltr'>talia</span> 
     </span>
    </p>
   </div>
   <div class='ocr_carea' id='block_1_60' title="bbox 301 3267 1954 3347">
    <p class='ocr_par' dir='ltr' id='par_1_60' title="bbox 301 3267 1949 3347">
     <span class='ocr_line' id='line_1_60' title="bbox 301 3267 1949 3347; baseline -0.002 -20"><span class='ocrx_word' id='word_1_456' title='bbox 301 3267 685 3347; x_wconf 71' lang='grc' dir='ltr'>ἐνυϐρίσαντα,</span> <span class='ocrx_word' id='word_1_457' title='bbox 744 3272 833 3327; x_wconf 77' lang='grc' dir='ltr'>καὶ</span> <span class='ocrx_word' id='word_1_458' title='bbox 898 3273 1033 3346; x_wconf 80' lang='grc' dir='ltr'>μετὰ</span> <span class='ocrx_word' id='word_1_459' title='bbox 1087 3272 1151 3328; x_wconf 84' lang='grc' dir='ltr'>τὸ</span> <span class='ocrx_word' id='word_1_460' title='bbox 1198 3273 1492 3343; x_wconf 80' lang='grc' dir='ltr'>ἀξιωθῆναι</span> <span class='ocrx_word' id='word_1_461' title='bbox 1544 3279 1647 3341; x_wconf 86' lang='grc' dir='ltr'>τῆς</span> <span class='ocrx_word' id='word_1_462' title='bbox 1703 3274 1949 3346; x_wconf 84' lang='grc' dir='ltr'>Χριστοῦ</span> 
     </span>
    </p>
   </div>
   <div class='ocr_carea' id='block_1_61' title="bbox 2069 3267 3707 3347">
    <p class='ocr_par' dir='ltr' id='par_1_61' title="bbox 2069 3274 3707 3346">
     <span class='ocr_line' id='line_1_61' title="bbox 2069 3274 3707 3346; baseline -0.003 -18"><span class='ocrx_word' id='word_1_463' title='bbox 2069 3290 2243 3329; x_wconf 87' lang='lat' dir='ltr'>ausus</span> <span class='ocrx_word' id='word_1_464' title='bbox 2275 3279 2383 3339; x_wconf 90' lang='lat' dir='ltr'>est,</span> <span class='ocrx_word' id='word_1_465' title='bbox 2430 3274 2676 3329; x_wconf 89' lang='lat' dir='ltr'>tradatis</span> <span class='ocrx_word' id='word_1_466' title='bbox 2707 3274 2957 3330; x_wconf 65' lang='lat' dir='ltr'>Satanas.</span> <span class='ocrx_word' id='word_1_467' title='bbox 2991 3296 3018 3323; x_wconf 85' lang='lat'><strong>«</strong></span> <span class='ocrx_word' id='word_1_468' title='bbox 3050 3274 3428 3346; x_wconf 81' lang='lat' dir='ltr'>Congregatis</span> <span class='ocrx_word' id='word_1_469' title='bbox 3458 3274 3643 3329; x_wconf 84' lang='lat' dir='ltr'>vobis.</span> <span class='ocrx_word' id='word_1_470' title='bbox 3679 3297 3707 3324; x_wconf 84' lang='grc'><strong>››</strong></span> 
     </span>
    </p>
   </div>
   <div class='ocr_carea' id='block_1_62' title="bbox 301 3358 1963 3435">
    <p class='ocr_par' dir='ltr' id='par_1_62' title="bbox 301 3358 1963 3435">
     <span class='ocr_line' id='line_1_62' title="bbox 301 3358 1963 3435; baseline -0.001 -19"><span class='ocrx_word' id='word_1_471' title='bbox 301 3359 643 3435; x_wconf 75' lang='grc' dir='ltr'>ἐπωνυμίας,</span> <span class='ocrx_word' id='word_1_472' title='bbox 672 3364 897 3417; x_wconf 89' lang='grc' dir='ltr'>τοιαῦτα</span> <span class='ocrx_word' id='word_1_473' title='bbox 943 3358 1325 3435; x_wconf 74' lang='grc' dir='ltr'>τολμήσαντα,</span> <span class='ocrx_word' id='word_1_474' title='bbox 1384 3358 1659 3435; x_wconf 74' lang='grc' dir='ltr'>παράδοτε</span> <span class='ocrx_word' id='word_1_475' title='bbox 1713 3365 1794 3433; x_wconf 79' lang='grc' dir='ltr'>τῷ</span> <span class='ocrx_word' id='word_1_476' title='bbox 1853 3364 1963 3414; x_wconf 90' lang='grc' dir='ltr'>Σα-</span> 
     </span>
    </p>
   </div>
   <div class='ocr_carea' id='block_1_63' title="bbox 297 3446 1961 3526">
    <p class='ocr_par' dir='ltr' id='par_1_63' title="bbox 297 3446 1961 3526">
     <span class='ocr_line' id='line_1_63' title="bbox 297 3446 1961 3526; baseline -0.002 -21"><span class='ocrx_word' id='word_1_477' title='bbox 297 3454 451 3521; x_wconf 77' lang='grc' dir='ltr'>τανᾷ.</span> <span class='ocrx_word' id='word_1_478' title='bbox 485 3474 513 3501; x_wconf 79' lang='grc' dir='ltr'>ι(</span> <span class='ocrx_word' id='word_1_479' title='bbox 548 3451 935 3526; x_wconf 77' lang='grc' dir='ltr'>Συναχθέντων</span> <span class='ocrx_word' id='word_1_480' title='bbox 989 3450 1163 3523; x_wconf 77' lang='grc' dir='ltr'>ὑμῶν.</span> <span class='ocrx_word' id='word_1_481' title='bbox 1202 3475 1223 3501; x_wconf 88' lang='grc' dir='ltr'>ιι</span> <span class='ocrx_word' id='word_1_482' title='bbox 1258 3453 1372 3507; x_wconf 87' lang='grc' dir='ltr'>Ἵνα</span> <span class='ocrx_word' id='word_1_483' title='bbox 1408 3452 1484 3523; x_wconf 83' lang='grc' dir='ltr'>μή</span> <span class='ocrx_word' id='word_1_484' title='bbox 1517 3447 1645 3524; x_wconf 78' lang='grc' dir='ltr'>δόξῃ</span> <span class='ocrx_word' id='word_1_485' title='bbox 1678 3446 1961 3511; x_wconf 73' lang='grc' dir='ltr'>αὐθαδείας</span> 
     </span>
    </p>
   </div>
   <div class='ocr_carea' id='block_1_64' title="bbox 298 3533 1962 3614">
    <p class='ocr_par' dir='ltr' id='par_1_64' title="bbox 298 3533 1962 3614">
     <span class='ocr_line' id='line_1_64' title="bbox 298 3533 1962 3614; baseline -0.002 -20"><span class='ocrx_word' id='word_1_486' title='bbox 298 3540 441 3594; x_wconf 61' lang='grc' dir='ltr'>εἶναι</span> <span class='ocrx_word' id='word_1_487' title='bbox 461 3539 549 3610; x_wconf 85' lang='grc' dir='ltr'>τὸ,</span> <span class='ocrx_word' id='word_1_488' title='bbox 579 3561 601 3589; x_wconf 77' lang='grc' dir='ltr'>ι</span> <span class='ocrx_word' id='word_1_489' title='bbox 634 3535 781 3609; x_wconf 84' lang='grc' dir='ltr'>’Ἤδη</span> <span class='ocrx_word' id='word_1_490' title='bbox 806 3540 1050 3614; x_wconf 85' lang='grc' dir='ltr'>κέκρικα.</span> <span class='ocrx_word' id='word_1_491' title='bbox 1080 3565 1109 3591; x_wconf 87' lang='lat'><em>»</em></span> <span class='ocrx_word' id='word_1_492' title='bbox 1140 3539 1231 3594; x_wconf 82' lang='grc' dir='ltr'>καὶ</span> <span class='ocrx_word' id='word_1_493' title='bbox 1261 3538 1456 3600; x_wconf 74' lang='grc' dir='ltr'>αὐτοὺς</span> <span class='ocrx_word' id='word_1_494' title='bbox 1480 3533 1747 3611; x_wconf 78' lang='grc' dir='ltr'>λαμὸάνει</span> <span class='ocrx_word' id='word_1_495' title='bbox 1766 3558 1962 3592; x_wconf 87' lang='grc' dir='ltr'>κοινω-</span> 
     </span>
    </p>
   </div>
   <div class='ocr_carea' id='block_1_65' title="bbox 305 3626 1959 3703">
    <p class='ocr_par' dir='ltr' id='par_1_65' title="bbox 305 3626 1959 3703">
     <span class='ocr_line' id='line_1_65' title="bbox 305 3626 1959 3703; baseline -0.001 -21"><span class='ocrx_word' id='word_1_496' title='bbox 305 3629 456 3697; x_wconf 72' lang='grc' dir='ltr'>νοὺς,</span> <span class='ocrx_word' id='word_1_497' title='bbox 488 3626 543 3683; x_wconf 84' lang='grc' dir='ltr'>ἐν</span> <span class='ocrx_word' id='word_1_498' title='bbox 573 3632 655 3701; x_wconf 77' lang='grc' dir='ltr'>τῷ</span> <span class='ocrx_word' id='word_1_499' title='bbox 684 3626 882 3703; x_wconf 79' lang='grc' dir='ltr'>λέγειν’</span> <span class='ocrx_word' id='word_1_500' title='bbox 919 3653 947 3679; x_wconf 86' lang='grc'>‹‹</span> <span class='ocrx_word' id='word_1_501' title='bbox 983 3626 1364 3703; x_wconf 86' lang='grc' dir='ltr'>Συναχθέντων</span> <span class='ocrx_word' id='word_1_502' title='bbox 1399 3627 1550 3701; x_wconf 81' lang='grc' dir='ltr'>ὑμῶν</span> <span class='ocrx_word' id='word_1_503' title='bbox 1573 3627 1665 3682; x_wconf 77' lang='grc' dir='ltr'>καὶ</span> <span class='ocrx_word' id='word_1_504' title='bbox 1694 3631 1792 3682; x_wconf 89' lang='grc' dir='ltr'>τοῦ</span> <span class='ocrx_word' id='word_1_505' title='bbox 1822 3626 1959 3699; x_wconf 87' lang='grc' dir='ltr'>ἐμοῦ</span> 
     </span>
    </p>
   </div>
   <div class='ocr_carea' id='block_1_66' title="bbox 307 3712 1962 3790">
    <p class='ocr_par' dir='ltr' id='par_1_66' title="bbox 307 3712 1962 3790">
     <span class='ocr_line' id='line_1_66' title="bbox 307 3712 1962 3790; baseline -0.002 -19"><span class='ocrx_word' id='word_1_506' title='bbox 307 3715 695 3790; x_wconf 77' lang='grc' dir='ltr'>πνεύματος,ι</span> <span class='ocrx_word' id='word_1_507' title='bbox 748 3723 852 3786; x_wconf 82' lang='grc' dir='ltr'>τῆς</span> <span class='ocrx_word' id='word_1_508' title='bbox 936 3714 1075 3789; x_wconf 75' lang='grc' dir='ltr'>ἐμῆς</span> <span class='ocrx_word' id='word_1_509' title='bbox 1153 3715 1386 3788; x_wconf 78' lang='grc' dir='ltr'>ἀοράτου</span> <span class='ocrx_word' id='word_1_510' title='bbox 1444 3712 1758 3789; x_wconf 82' lang='grc' dir='ltr'>ἐπιδημίας.</span> <span class='ocrx_word' id='word_1_511' title='bbox 1826 3714 1962 3771; x_wconf 78' lang='grc' dir='ltr'>Εἶτα</span> 
     </span>
    </p>
   </div>
   <div class='ocr_carea' id='block_1_67' title="bbox 306 3805 1957 3885">
    <p class='ocr_par' dir='ltr' id='par_1_67' title="bbox 306 3805 1957 3885">
     <span class='ocr_line' id='line_1_67' title="bbox 306 3805 1957 3885; baseline -0.001 -23"><span class='ocrx_word' id='word_1_512' title='bbox 306 3806 519 3885; x_wconf 55' lang='grc' dir='ltr'>ἐπάγω</span> <span class='ocrx_word' id='word_1_513' title='bbox 557 3829 581 3860; x_wconf 80' lang='grc' dir='ltr'>ι</span> <span class='ocrx_word' id='word_1_514' title='bbox 615 3810 704 3863; x_wconf 85' lang='grc' dir='ltr'>Ἐν</span> <span class='ocrx_word' id='word_1_515' title='bbox 744 3810 825 3880; x_wconf 77' lang='grc' dir='ltr'>τῷ</span> <span class='ocrx_word' id='word_1_516' title='bbox 854 3807 1085 3880; x_wconf 78' lang='grc' dir='ltr'>ὀνόματι</span> <span class='ocrx_word' id='word_1_517' title='bbox 1116 3811 1213 3862; x_wconf 86' lang='grc' dir='ltr'>τοῦ</span> <span class='ocrx_word' id='word_1_518' title='bbox 1244 3805 1448 3881; x_wconf 79' lang='grc' dir='ltr'>Κυρίου</span> <span class='ocrx_word' id='word_1_519' title='bbox 1480 3808 1682 3878; x_wconf 76' lang='grc' dir='ltr'>Ἰησοῦ.</span> <span class='ocrx_word' id='word_1_520' title='bbox 1719 3829 1743 3860; x_wconf 74' lang='grc' dir='ltr'>ι</span> <span class='ocrx_word' id='word_1_521' title='bbox 1776 3809 1957 3864; x_wconf 90' lang='grc' dir='ltr'>Τουτ-</span> 
     </span>
    </p>
   </div>
   <div class='ocr_carea' id='block_1_68' title="bbox 305 3895 1962 3973">
    <p class='ocr_par' dir='ltr' id='par_1_68' title="bbox 305 3895 1962 3973">
     <span class='ocr_line' id='line_1_68' title="bbox 305 3895 1962 3973; baseline -0.001 -22"><span class='ocrx_word' id='word_1_522' title='bbox 305 3896 443 3966; x_wconf 83' lang='grc' dir='ltr'>ἐστι,</span> <span class='ocrx_word' id='word_1_523' title='bbox 502 3897 642 3952; x_wconf 74' lang='grc' dir='ltr'>κατά</span> <span class='ocrx_word' id='word_1_524' title='bbox 666 3895 795 3951; x_wconf 83' lang='grc' dir='ltr'>Θεὸν</span> <span class='ocrx_word' id='word_1_525' title='bbox 829 3897 1139 3972; x_wconf 79' lang='grc' dir='ltr'>συνάχθητε</span> <span class='ocrx_word' id='word_1_526' title='bbox 1176 3895 1265 3951; x_wconf 81' lang='grc' dir='ltr'>καὶ</span> <span class='ocrx_word' id='word_1_527' title='bbox 1318 3895 1550 3970; x_wconf 87' lang='grc' dir='ltr'>κρίνατε,</span> <span class='ocrx_word' id='word_1_528' title='bbox 1611 3897 1688 3970; x_wconf 81' lang='grc' dir='ltr'>μή</span> <span class='ocrx_word' id='word_1_529' title='bbox 1748 3895 1962 3973; x_wconf 85' lang='grc' dir='ltr'>ἀνθρω-</span> 
     </span>
    </p>
   </div>
   <div class='ocr_carea' id='block_1_69' title="bbox 2071 3362 3711 3435">
    <p class='ocr_par' dir='ltr' id='par_1_69' title="bbox 2071 3362 3711 3435">
     <span class='ocr_line' id='line_1_69' title="bbox 2071 3362 3711 3435; baseline 0 -16"><span class='ocrx_word' id='word_1_530' title='bbox 2071 3366 2150 3419; x_wconf 86' lang='lat' dir='ltr'>Ne</span> <span class='ocrx_word' id='word_1_531' title='bbox 2180 3363 2472 3435; x_wconf 65' lang='lat' dir='ltr'>praefracti</span> <span class='ocrx_word' id='word_1_532' title='bbox 2506 3363 2690 3419; x_wconf 90' lang='lat' dir='ltr'>animi</span> <span class='ocrx_word' id='word_1_533' title='bbox 2723 3379 2852 3418; x_wconf 89' lang='lat' dir='ltr'>esse</span> <span class='ocrx_word' id='word_1_534' title='bbox 2884 3363 3151 3418; x_wconf 90' lang='lat' dir='ltr'>videatur</span> <span class='ocrx_word' id='word_1_535' title='bbox 3171 3362 3327 3434; x_wconf 91' lang='lat' dir='ltr'>quod</span> <span class='ocrx_word' id='word_1_536' title='bbox 3339 3363 3467 3435; x_wconf 91' lang='lat' dir='ltr'>jam</span> <span class='ocrx_word' id='word_1_537' title='bbox 3482 3362 3711 3435; x_wconf 89' lang='lat' dir='ltr'>judica-</span> 
     </span>
    </p>
   </div>
   <div class='ocr_carea' id='block_1_70' title="bbox 2073 3452 3706 3525">
    <p class='ocr_par' dir='ltr' id='par_1_70' title="bbox 2073 3452 3706 3525">
     <span class='ocr_line' id='line_1_70' title="bbox 2073 3452 3706 3525; baseline 0.001 -18"><span class='ocrx_word' id='word_1_538' title='bbox 2073 3454 2239 3521; x_wconf 87' lang='lat' dir='ltr'>verit,</span> <span class='ocrx_word' id='word_1_539' title='bbox 2274 3452 2426 3509; x_wconf 75' lang='lat'>458</span> <span class='ocrx_word' id='word_1_540' title='bbox 2452 3453 2614 3525; x_wconf 91' lang='lat' dir='ltr'>ipsos</span> <span class='ocrx_word' id='word_1_541' title='bbox 2645 3469 2881 3525; x_wconf 88' lang='lat' dir='ltr'>quoque</span> <span class='ocrx_word' id='word_1_542' title='bbox 2909 3452 3159 3508; x_wconf 89' lang='lat' dir='ltr'>assumit</span> <span class='ocrx_word' id='word_1_543' title='bbox 3175 3453 3389 3517; x_wconf 90' lang='lat' dir='ltr'>socios,</span> <span class='ocrx_word' id='word_1_544' title='bbox 3421 3453 3560 3508; x_wconf 90' lang='lat' dir='ltr'>dum</span> <span class='ocrx_word' id='word_1_545' title='bbox 3594 3454 3706 3508; x_wconf 88' lang='lat' dir='ltr'>ait:</span> 
     </span>
    </p>
   </div>
   <div class='ocr_carea' id='block_1_71' title="bbox 2074 3541 3710 3615">
    <p class='ocr_par' dir='ltr' id='par_1_71' title="bbox 2074 3541 3710 3615">
     <span class='ocr_line' id='line_1_71' title="bbox 2074 3541 3710 3615; baseline 0.003 -22"><span class='ocrx_word' id='word_1_546' title='bbox 2074 3566 2093 3591; x_wconf 78' lang='grc' dir='ltr'>ι</span> <span class='ocrx_word' id='word_1_547' title='bbox 2129 3542 2507 3615; x_wconf 76' lang='lat' dir='ltr'>Congregatis</span> <span class='ocrx_word' id='word_1_548' title='bbox 2539 3541 2700 3597; x_wconf 88' lang='lat' dir='ltr'>vobis</span> <span class='ocrx_word' id='word_1_549' title='bbox 2733 3547 2792 3597; x_wconf 90' lang='lat' dir='ltr'>et</span> <span class='ocrx_word' id='word_1_550' title='bbox 2832 3559 2962 3597; x_wconf 91' lang='lat' dir='ltr'>meo</span> <span class='ocrx_word' id='word_1_551' title='bbox 2994 3542 3227 3613; x_wconf 86' lang='lat' dir='ltr'>spiritu,</span> <span class='ocrx_word' id='word_1_552' title='bbox 3258 3562 3284 3594; x_wconf 87' lang='grc' dir='ltr'>ιι</span> <span class='ocrx_word' id='word_1_553' title='bbox 3319 3541 3381 3597; x_wconf 93' lang='lat' dir='ltr'>id</span> <span class='ocrx_word' id='word_1_554' title='bbox 3411 3548 3521 3611; x_wconf 86' lang='lat' dir='ltr'>est,</span> <span class='ocrx_word' id='word_1_555' title='bbox 3576 3559 3710 3598; x_wconf 87' lang='lat' dir='ltr'>mea</span> 
     </span>
    </p>
   </div>
   <div class='ocr_carea' id='block_1_72' title="bbox 2067 3630 3709 3704">
    <p class='ocr_par' dir='ltr' id='par_1_72' title="bbox 2067 3630 3709 3704">
     <span class='ocr_line' id='line_1_72' title="bbox 2067 3630 3709 3704; baseline 0.001 -19"><span class='ocrx_word' id='word_1_556' title='bbox 2067 3630 2350 3686; x_wconf 89' lang='lat' dir='ltr'>invisibili</span> <span class='ocrx_word' id='word_1_557' title='bbox 2380 3631 2716 3704; x_wconf 71' lang='lat' dir='ltr'>prmsentia.</span> <span class='ocrx_word' id='word_1_558' title='bbox 2754 3630 2977 3686; x_wconf 88' lang='lat' dir='ltr'>Deinde</span> <span class='ocrx_word' id='word_1_559' title='bbox 3007 3632 3239 3701; x_wconf 81' lang='lat' dir='ltr'>ajunxit</span> <span class='ocrx_word' id='word_1_560' title='bbox 3270 3647 3283 3685; x_wconf 93' lang='lat'>:</span> <span class='ocrx_word' id='word_1_561' title='bbox 3312 3653 3340 3681; x_wconf 83' lang='lat'><strong>«</strong></span> <span class='ocrx_word' id='word_1_562' title='bbox 3366 3632 3431 3685; x_wconf 91' lang='lat' dir='ltr'>In</span> <span class='ocrx_word' id='word_1_563' title='bbox 3465 3632 3709 3686; x_wconf 90' lang='lat' dir='ltr'>nomine</span> 
     </span>
    </p>
   </div>
   <div class='ocr_carea' id='block_1_73' title="bbox 2067 3720 3706 3792">
    <p class='ocr_par' dir='ltr' id='par_1_73' title="bbox 2067 3720 3706 3792">
     <span class='ocr_line' id='line_1_73' title="bbox 2067 3720 3706 3792; baseline -0.001 -17"><span class='ocrx_word' id='word_1_564' title='bbox 2067 3721 2302 3775; x_wconf 91' lang='lat' dir='ltr'>Domini</span> <span class='ocrx_word' id='word_1_565' title='bbox 2332 3722 2487 3776; x_wconf 85' lang='lat' dir='ltr'>Jesu.</span> <span class='ocrx_word' id='word_1_566' title='bbox 2524 3743 2551 3770; x_wconf 88' lang='lat'>»</span> <span class='ocrx_word' id='word_1_567' title='bbox 2584 3722 2703 3776; x_wconf 90' lang='lat' dir='ltr'>Hoc</span> <span class='ocrx_word' id='word_1_568' title='bbox 2735 3726 2844 3788; x_wconf 90' lang='lat' dir='ltr'>est,</span> <span class='ocrx_word' id='word_1_569' title='bbox 2875 3720 3200 3775; x_wconf 90' lang='lat' dir='ltr'>secundum</span> <span class='ocrx_word' id='word_1_570' title='bbox 3232 3721 3418 3775; x_wconf 91' lang='lat' dir='ltr'>Deum</span> <span class='ocrx_word' id='word_1_571' title='bbox 3458 3738 3706 3792; x_wconf 78' lang='lat' dir='ltr'>congre-</span> 
     </span>
    </p>
   </div>
   <div class='ocr_carea' id='block_1_74' title="bbox 2066 3807 3705 3882">
    <p class='ocr_par' dir='ltr' id='par_1_74' title="bbox 2066 3807 3705 3882">
     <span class='ocr_line' id='line_1_74' title="bbox 2066 3807 3705 3882; baseline -0.001 -18"><span class='ocrx_word' id='word_1_572' title='bbox 2066 3810 2368 3882; x_wconf 76' lang='lat' dir='ltr'>geminiac</span> <span class='ocrx_word' id='word_1_573' title='bbox 2384 3809 2816 3879; x_wconf 90' lang='lat' dir='ltr'>judicetis,non</span> <span class='ocrx_word' id='word_1_574' title='bbox 2843 3810 3106 3864; x_wconf 90' lang='lat' dir='ltr'>humano</span> <span class='ocrx_word' id='word_1_575' title='bbox 3129 3824 3266 3880; x_wconf 82' lang='lat' dir='ltr'>erga</span> <span class='ocrx_word' id='word_1_576' title='bbox 3287 3807 3457 3862; x_wconf 92' lang='lat' dir='ltr'>illum</span> <span class='ocrx_word' id='word_1_577' title='bbox 3480 3808 3705 3879; x_wconf 88' lang='lat' dir='ltr'>pudore</span> 
     </span>
    </p>
   </div>
   <div class='ocr_carea' id='block_1_75' title="bbox 2067 3896 3713 3969">
    <p class='ocr_par' dir='ltr' id='par_1_75' title="bbox 2067 3896 3713 3969">
     <span class='ocr_line' id='line_1_75' title="bbox 2067 3896 3713 3969; baseline -0.001 -17"><span class='ocrx_word' id='word_1_578' title='bbox 2067 3905 2169 3953; x_wconf 87' lang='lat' dir='ltr'>aut</span> <span class='ocrx_word' id='word_1_579' title='bbox 2184 3899 2409 3952; x_wconf 87' lang='lat' dir='ltr'>honore</span> <span class='ocrx_word' id='word_1_580' title='bbox 2432 3898 2845 3969; x_wconf 87' lang='lat' dir='ltr'>reprimamini</span> <span class='ocrx_word' id='word_1_581' title='bbox 2861 3914 2874 3951; x_wconf 94' lang='lat'>:</span> <span class='ocrx_word' id='word_1_582' title='bbox 2890 3898 3090 3952; x_wconf 88' lang='lat' dir='ltr'>timuit</span> <span class='ocrx_word' id='word_1_583' title='bbox 3111 3898 3270 3952; x_wconf 89' lang='lat' dir='ltr'>enim</span> <span class='ocrx_word' id='word_1_584' title='bbox 3291 3912 3366 3951; x_wconf 92' lang='lat' dir='ltr'>ne</span> <span class='ocrx_word' id='word_1_585' title='bbox 3389 3896 3530 3966; x_wconf 86' lang='lat' dir='ltr'>quid</span> <span class='ocrx_word' id='word_1_586' title='bbox 3549 3896 3713 3951; x_wconf 91' lang='lat' dir='ltr'>aliud</span> 
     </span>
    </p>
   </div>
   <div class='ocr_carea' id='block_1_76' title="bbox 306 3982 1954 4061">
    <p class='ocr_par' dir='ltr' id='par_1_76' title="bbox 306 3982 1954 4061">
     <span class='ocr_line' id='line_1_76' title="bbox 306 3982 1954 4061; baseline -0.001 -20"><span class='ocrx_word' id='word_1_587' title='bbox 306 3985 437 4061; x_wconf 74' lang='grc' dir='ltr'>πίνῃ</span> <span class='ocrx_word' id='word_1_588' title='bbox 467 3985 607 4061; x_wconf 87' lang='grc' dir='ltr'>πρὸς</span> <span class='ocrx_word' id='word_1_589' title='bbox 638 3984 797 4040; x_wconf 79' lang='grc' dir='ltr'>αὐτὸν</span> <span class='ocrx_word' id='word_1_590' title='bbox 860 3984 1032 4058; x_wconf 85' lang='grc' dir='ltr'>αἰδοῖ,</span> <span class='ocrx_word' id='word_1_591' title='bbox 1063 3986 1098 4057; x_wconf 78' lang='grc' dir='ltr'><strong>ἢ</strong></span> <span class='ocrx_word' id='word_1_592' title='bbox 1130 3992 1268 4059; x_wconf 86' lang='grc' dir='ltr'>τιμῆ</span> <span class='ocrx_word' id='word_1_593' title='bbox 1299 3986 1681 4061; x_wconf 85' lang='grc' dir='ltr'>κατεχόμενοι.</span> <span class='ocrx_word' id='word_1_594' title='bbox 1742 3982 1954 4041; x_wconf 83' lang='grc' dir='ltr'>Δέδοικε</span> 
     </span>
    </p>
   </div>
   <div class='ocr_carea' id='block_1_77' title="bbox 2069 3982 3709 4061">
    <p class='ocr_par' dir='ltr' id='par_1_77' title="bbox 2069 3985 3709 4059">
     <span class='ocr_line' id='line_1_77' title="bbox 2069 3985 3709 4059; baseline -0.002 -18"><span class='ocrx_word' id='word_1_595' title='bbox 2069 3986 2421 4059; x_wconf 77' lang='lat' dir='ltr'>iudicarent.</span> <span class='ocrx_word' id='word_1_596' title='bbox 2458 4009 2485 4038; x_wconf 85' lang='lat'><strong>«</strong></span> <span class='ocrx_word' id='word_1_597' title='bbox 2518 3987 2588 4040; x_wconf 90' lang='lat' dir='ltr'>Et</span> <span class='ocrx_word' id='word_1_598' title='bbox 2632 4002 2764 4040; x_wconf 89' lang='lat' dir='ltr'>meo</span> <span class='ocrx_word' id='word_1_599' title='bbox 2814 3986 3046 4057; x_wconf 88' lang='lat' dir='ltr'>spiritu.</span> <span class='ocrx_word' id='word_1_600' title='bbox 3083 4008 3110 4035; x_wconf 86' lang='grc'><strong>››</strong></span> <span class='ocrx_word' id='word_1_601' title='bbox 3151 3987 3405 4041; x_wconf 84' lang='lat' dir='ltr'>Rursum</span> <span class='ocrx_word' id='word_1_602' title='bbox 3447 3985 3709 4056; x_wconf 88' lang='lat' dir='ltr'>seipsum</span> 
     </span>
    </p>
   </div>
   <div class='ocr_carea' id='block_1_78' title="bbox 305 4074 1957 4154">
    <p class='ocr_par' dir='ltr' id='par_1_78' title="bbox 305 4074 1957 4154">
     <span class='ocr_line' id='line_1_78' title="bbox 305 4074 1957 4154; baseline -0.001 -21"><span class='ocrx_word' id='word_1_603' title='bbox 305 4078 432 4154; x_wconf 69' lang='grc' dir='ltr'>γὰρ,</span> <span class='ocrx_word' id='word_1_604' title='bbox 467 4080 545 4152; x_wconf 76' lang='grc' dir='ltr'>μή</span> <span class='ocrx_word' id='word_1_605' title='bbox 576 4098 630 4133; x_wconf 91' lang='grc' dir='ltr'>τι</span> <span class='ocrx_word' id='word_1_606' title='bbox 657 4074 839 4152; x_wconf 77' lang='grc' dir='ltr'>ἓτερον</span> <span class='ocrx_word' id='word_1_607' title='bbox 896 4078 1144 4151; x_wconf 82' lang='grc' dir='ltr'>κρίνωσι.</span> <span class='ocrx_word' id='word_1_608' title='bbox 1208 4100 1235 4129; x_wconf 79' lang='grc' dir='ltr'>ι(</span> <span class='ocrx_word' id='word_1_609' title='bbox 1268 4077 1366 4131; x_wconf 81' lang='grc' dir='ltr'>Καὶ</span> <span class='ocrx_word' id='word_1_610' title='bbox 1394 4082 1491 4131; x_wconf 89' lang='grc' dir='ltr'>τοῦ</span> <span class='ocrx_word' id='word_1_611' title='bbox 1523 4077 1659 4151; x_wconf 72' lang='grc' dir='ltr'>ἐμοῦ</span> <span class='ocrx_word' id='word_1_612' title='bbox 1714 4075 1957 4149; x_wconf 84' lang='grc' dir='ltr'>πνεύμα-</span> 
     </span>
    </p>
   </div>
   <div class='ocr_carea' id='block_1_79' title="bbox 307 4164 1959 4238">
    <p class='ocr_par' dir='ltr' id='par_1_79' title="bbox 307 4164 1959 4238">
     <span class='ocr_line' id='line_1_79' title="bbox 307 4164 1959 4238; baseline -0.003 -14"><span class='ocrx_word' id='word_1_613' title='bbox 307 4188 427 4230; x_wconf 87' lang='grc' dir='ltr'>τος.</span> <span class='ocrx_word' id='word_1_614' title='bbox 463 4191 493 4219; x_wconf 82' lang='grc'>››</span> <span class='ocrx_word' id='word_1_615' title='bbox 530 4166 701 4223; x_wconf 79' lang='grc' dir='ltr'>Πάλιν</span> <span class='ocrx_word' id='word_1_616' title='bbox 734 4165 1024 4238; x_wconf 78' lang='grc' dir='ltr'>ἐπέστησεν</span> <span class='ocrx_word' id='word_1_617' title='bbox 1080 4165 1264 4228; x_wconf 80' lang='grc' dir='ltr'>αὐτοῖς</span> <span class='ocrx_word' id='word_1_618' title='bbox 1324 4166 1528 4235; x_wconf 74' lang='grc' dir='ltr'>ἑαυτὸν,</span> <span class='ocrx_word' id='word_1_619' title='bbox 1584 4166 1674 4221; x_wconf 86' lang='grc' dir='ltr'>καὶ</span> <span class='ocrx_word' id='word_1_620' title='bbox 1736 4164 1798 4220; x_wconf 79' lang='grc' dir='ltr'>οὐ</span> <span class='ocrx_word' id='word_1_621' title='bbox 1856 4164 1959 4238; x_wconf 87' lang='grc' dir='ltr'>μό-</span> 
     </span>
    </p>
   </div>
   <div class='ocr_carea' id='block_1_80' title="bbox 306 4251 1959 4329">
    <p class='ocr_par' dir='ltr' id='par_1_80' title="bbox 306 4251 1959 4329">
     <span class='ocr_line' id='line_1_80' title="bbox 306 4251 1959 4329; baseline -0.002 -18"><span class='ocrx_word' id='word_1_622' title='bbox 306 4278 398 4311; x_wconf 87' lang='grc' dir='ltr'>νον</span> <span class='ocrx_word' id='word_1_623' title='bbox 426 4259 612 4324; x_wconf 88' lang='grc' dir='ltr'>τοῦτο,</span> <span class='ocrx_word' id='word_1_624' title='bbox 641 4253 800 4328; x_wconf 70' lang='grc' dir='ltr'>[ἀλλὰ</span> <span class='ocrx_word' id='word_1_625' title='bbox 856 4254 948 4310; x_wconf 84' lang='grc' dir='ltr'>καὶ</span> <span class='ocrx_word' id='word_1_626' title='bbox 1011 4254 1104 4309; x_wconf 91' lang='grc' dir='ltr'>τὸν</span> <span class='ocrx_word' id='word_1_627' title='bbox 1157 4255 1408 4329; x_wconf 60' lang='grc' dir='ltr'>Χριστόν</span> <span class='ocrx_word' id='word_1_628' title='bbox 1463 4253 1551 4308; x_wconf 75' lang='grc' dir='ltr'>’ἶνα</span> <span class='ocrx_word' id='word_1_629' title='bbox 1589 4252 1714 4309; x_wconf 79' lang='grc' dir='ltr'>ὅταν</span> <span class='ocrx_word' id='word_1_630' title='bbox 1763 4251 1959 4328; x_wconf 88' lang='grc' dir='ltr'>κρίνω-</span> 
     </span>
    </p>
   </div>
   <div class='ocr_carea' id='block_1_81' title="bbox 306 4340 1958 4419">
    <p class='ocr_par' dir='ltr' id='par_1_81' title="bbox 306 4340 1958 4419">
     <span class='ocr_line' id='line_1_81' title="bbox 306 4340 1958 4419; baseline -0.003 -18"><span class='ocrx_word' id='word_1_631' title='bbox 306 4368 414 4415; x_wconf 93' lang='grc' dir='ltr'>σιν,</span> <span class='ocrx_word' id='word_1_632' title='bbox 449 4345 525 4408; x_wconf 84' lang='grc' dir='ltr'>ὡς</span> <span class='ocrx_word' id='word_1_633' title='bbox 554 4349 651 4400; x_wconf 86' lang='grc' dir='ltr'>τοῦ</span> <span class='ocrx_word' id='word_1_634' title='bbox 679 4346 914 4419; x_wconf 86' lang='grc' dir='ltr'>Χριστου</span> <span class='ocrx_word' id='word_1_635' title='bbox 953 4345 1044 4399; x_wconf 81' lang='grc' dir='ltr'>καὶ</span> <span class='ocrx_word' id='word_1_636' title='bbox 1098 4343 1264 4399; x_wconf 82' lang='grc' dir='ltr'>αὐτοῦ</span> <span class='ocrx_word' id='word_1_637' title='bbox 1322 4345 1607 4418; x_wconf 83' lang='grc' dir='ltr'>παρόντος,</span> <span class='ocrx_word' id='word_1_638' title='bbox 1667 4340 1958 4399; x_wconf 84' lang='grc' dir='ltr'>ἀδίκαστον</span> 
     </span>
    </p>
   </div>
   <div class='ocr_carea' id='block_1_82' title="bbox 307 4429 1952 4511">
    <p class='ocr_par' dir='ltr' id='par_1_82' title="bbox 307 4429 1952 4511">
     <span class='ocr_line' id='line_1_82' title="bbox 307 4429 1952 4511; baseline -0.002 -22"><span class='ocrx_word' id='word_1_639' title='bbox 307 4433 617 4511; x_wconf 74' lang='grc' dir='ltr'>ἐξενέγκωσι</span> <span class='ocrx_word' id='word_1_640' title='bbox 674 4437 901 4511; x_wconf 77' lang='grc' dir='ltr'>ψῆφον.</span> <span class='ocrx_word' id='word_1_641' title='bbox 992 4456 1019 4487; x_wconf 75' lang='grc' dir='ltr'>ι</span> <span class='ocrx_word' id='word_1_642' title='bbox 1066 4433 1159 4495; x_wconf 76' lang='grc' dir='ltr'>Εἰς</span> <span class='ocrx_word' id='word_1_643' title='bbox 1231 4429 1463 4508; x_wconf 77' lang='grc' dir='ltr'>ὄλεθρον</span> <span class='ocrx_word' id='word_1_644' title='bbox 1509 4439 1609 4503; x_wconf 80' lang='grc' dir='ltr'>τῆς</span> <span class='ocrx_word' id='word_1_645' title='bbox 1668 4431 1885 4508; x_wconf 85' lang='grc' dir='ltr'>σαρκός,</span> <span class='ocrx_word' id='word_1_646' title='bbox 1929 4456 1952 4485; x_wconf 77' lang='grc' dir='ltr'>ι</span> 
     </span>
    </p>
   </div>
   <div class='ocr_carea' id='block_1_83' title="bbox 304 4523 1957 4600">
    <p class='ocr_par' dir='ltr' id='par_1_83' title="bbox 304 4523 1957 4600">
     <span class='ocr_line' id='line_1_83' title="bbox 304 4523 1957 4600; baseline -0.003 -19"><span class='ocrx_word' id='word_1_647' title='bbox 304 4527 474 4600; x_wconf 64' lang='grc' dir='ltr'>Ὀρον</span> <span class='ocrx_word' id='word_1_648' title='bbox 503 4524 686 4595; x_wconf 85' lang='grc' dir='ltr'>τίθησι</span> <span class='ocrx_word' id='word_1_649' title='bbox 728 4528 808 4596; x_wconf 86' lang='grc' dir='ltr'>τῷ</span> <span class='ocrx_word' id='word_1_650' title='bbox 864 4527 1095 4595; x_wconf 78' lang='grc' dir='ltr'>Σατανᾷ,</span> <span class='ocrx_word' id='word_1_651' title='bbox 1158 4524 1323 4596; x_wconf 86' lang='grc' dir='ltr'>μόνου</span> <span class='ocrx_word' id='word_1_652' title='bbox 1390 4523 1643 4596; x_wconf 84' lang='grc' dir='ltr'>σώματος</span> <span class='ocrx_word' id='word_1_653' title='bbox 1703 4523 1957 4596; x_wconf 80' lang='grc' dir='ltr'>ἅψασθαι,</span> 
     </span>
    </p>
   </div>
   <div class='ocr_carea' id='block_1_84' title="bbox 314 4606 2043 4702">
    <p class='ocr_par' dir='ltr' id='par_1_84' title="bbox 314 4606 2043 4702">
     <span class='ocr_line' id='line_1_84' title="bbox 314 4606 2043 4702; baseline -0.001 -34"><span class='ocrx_word' id='word_1_654' title='bbox 314 4615 394 4688; x_wconf 77' lang='grc' dir='ltr'>μὴ</span> <span class='ocrx_word' id='word_1_655' title='bbox 419 4700 427 4702; x_wconf 16' lang='grc' dir='ltr'>λ</span> <span class='ocrx_word' id='word_1_656' title='bbox 453 4614 547 4669; x_wconf 83' lang='grc' dir='ltr'>καὶ</span> <span class='ocrx_word' id='word_1_657' title='bbox 606 4612 810 4688; x_wconf 78' lang='grc' dir='ltr'>ψυχῆς.</span> <span class='ocrx_word' id='word_1_658' title='bbox 861 4615 1091 4702; x_wconf 76' lang='grc' dir='ltr'>’Όμοιον</span> <span class='ocrx_word' id='word_1_659' title='bbox 1146 4610 1199 4702; x_wconf 64' lang='grc' dir='ltr'>ἕν</span> <span class='ocrx_word' id='word_1_660' title='bbox 1231 4616 1311 4684; x_wconf 77' lang='grc' dir='ltr'>τῷ</span> <span class='ocrx_word' id='word_1_661' title='bbox 1368 4606 1496 4668; x_wconf 73' lang='grc' dir='ltr'>’.[ώό</span> <span class='ocrx_word' id='word_1_662' title='bbox 1519 4698 1531 4702; x_wconf 29' lang='grc' dir='ltr'><strong>Δ</strong></span> <span class='ocrx_word' id='word_1_663' title='bbox 1554 4633 1716 4702; x_wconf 66' lang='grc' dir='ltr'>φησιν</span> <span class='ocrx_word' id='word_1_664' title='bbox 1751 4613 1780 4667; x_wconf 83' lang='grc' dir='ltr'>ὁ</span> <span class='ocrx_word' id='word_1_665' title='bbox 1810 4610 1961 4687; x_wconf 54' lang='grc' dir='ltr'>Θεός,</span> <span class='ocrx_word' id='word_1_666' title='bbox 1994 4637 2043 4702; x_wconf 84' lang='lat' dir='ltr'><strong>D</strong></span> 
     </span>
    </p>
   </div>
   <div class='ocr_carea' id='block_1_85' title="bbox 316 4697 1961 4777">
    <p class='ocr_par' dir='ltr' id='par_1_85' title="bbox 316 4697 1961 4777">
     <span class='ocr_line' id='line_1_85' title="bbox 316 4697 1961 4777; baseline 0.001 -24"><span class='ocrx_word' id='word_1_667' title='bbox 316 4726 346 4753; x_wconf 76' lang='grc' dir='ltr'>ι(</span> <span class='ocrx_word' id='word_1_668' title='bbox 368 4700 521 4771; x_wconf 77' lang='grc' dir='ltr'>Πλὴν</span> <span class='ocrx_word' id='word_1_669' title='bbox 548 4708 647 4772; x_wconf 84' lang='grc' dir='ltr'>τῆς</span> <span class='ocrx_word' id='word_1_670' title='bbox 682 4704 869 4777; x_wconf 77' lang='grc' dir='ltr'>ψυχῆς</span> <span class='ocrx_word' id='word_1_671' title='bbox 898 4699 1066 4755; x_wconf 84' lang='grc' dir='ltr'>αὐτοῦ</span> <span class='ocrx_word' id='word_1_672' title='bbox 1103 4701 1178 4774; x_wconf 79' lang='grc' dir='ltr'>μή</span> <span class='ocrx_word' id='word_1_673' title='bbox 1211 4703 1347 4775; x_wconf 78' lang='grc' dir='ltr'>ἅψῃ.</span> <span class='ocrx_word' id='word_1_674' title='bbox 1379 4724 1407 4751; x_wconf 85' lang='grc'><strong>››</strong></span> <span class='ocrx_word' id='word_1_675' title='bbox 1441 4698 1634 4762; x_wconf 81' lang='grc' dir='ltr'>Καλῶς</span> <span class='ocrx_word' id='word_1_676' title='bbox 1675 4697 1754 4769; x_wconf 68' lang='grc' dir='ltr'>δὲ,</span> <span class='ocrx_word' id='word_1_677' title='bbox 1805 4725 1833 4753; x_wconf 89' lang='grc'>‹‹</span> <span class='ocrx_word' id='word_1_678' title='bbox 1866 4703 1961 4765; x_wconf 78' lang='grc' dir='ltr'>Εἷς</span> 
     </span>
    </p>
   </div>
   <div class='ocr_carea' id='block_1_86' title="bbox 314 4787 1956 4866">
    <p class='ocr_par' dir='ltr' id='par_1_86' title="bbox 314 4787 1956 4866">
     <span class='ocr_line' id='line_1_86' title="bbox 314 4787 1956 4866; baseline -0.001 -20"><span class='ocrx_word' id='word_1_679' title='bbox 314 4788 545 4865; x_wconf 72' lang='grc' dir='ltr'>ὄλεθρον</span> <span class='ocrx_word' id='word_1_680' title='bbox 597 4797 697 4860; x_wconf 81' lang='grc' dir='ltr'>τῆς</span> <span class='ocrx_word' id='word_1_681' title='bbox 756 4788 1029 4865; x_wconf 84' lang='grc' dir='ltr'>σαρκὸς,ιι</span> <span class='ocrx_word' id='word_1_682' title='bbox 1086 4791 1209 4844; x_wconf 82' lang='grc' dir='ltr'>οἷον</span> <span class='ocrx_word' id='word_1_683' title='bbox 1257 4787 1352 4844; x_wconf 75' lang='grc' dir='ltr'>’ίνα</span> <span class='ocrx_word' id='word_1_684' title='bbox 1406 4789 1552 4861; x_wconf 84' lang='grc' dir='ltr'>νόσῳ</span> <span class='ocrx_word' id='word_1_685' title='bbox 1607 4789 1765 4844; x_wconf 81' lang='grc' dir='ltr'>αὐτὸν</span> <span class='ocrx_word' id='word_1_686' title='bbox 1820 4792 1956 4866; x_wconf 72' lang='grc' dir='ltr'>τήξῃ</span> 
     </span>
    </p>
   </div>
   <div class='ocr_carea' id='block_1_87' title="bbox 312 4876 1957 4957">
    <p class='ocr_par' dir='ltr' id='par_1_87' title="bbox 312 4876 1957 4957">
     <span class='ocr_line' id='line_1_87' title="bbox 312 4876 1957 4957; baseline -0.001 -22"><span class='ocrx_word' id='word_1_687' title='bbox 312 4877 540 4950; x_wconf 82' lang='grc' dir='ltr'>Ἐπειδὴ</span> <span class='ocrx_word' id='word_1_688' title='bbox 586 4879 690 4954; x_wconf 79' lang='grc' dir='ltr'>γὰρ</span> <span class='ocrx_word' id='word_1_689' title='bbox 751 4876 810 4933; x_wconf 79' lang='grc' dir='ltr'>ἐκ</span> <span class='ocrx_word' id='word_1_690' title='bbox 865 4881 963 4932; x_wconf 90' lang='grc' dir='ltr'>τοῦ</span> <span class='ocrx_word' id='word_1_691' title='bbox 1016 4878 1275 4949; x_wconf 85' lang='grc' dir='ltr'>σώματος</span> <span class='ocrx_word' id='word_1_692' title='bbox 1331 4878 1421 4932; x_wconf 79' lang='grc' dir='ltr'>καὶ</span> <span class='ocrx_word' id='word_1_693' title='bbox 1476 4884 1576 4946; x_wconf 82' lang='grc' dir='ltr'>τῆς</span> <span class='ocrx_word' id='word_1_694' title='bbox 1637 4885 1845 4957; x_wconf 73' lang='grc' dir='ltr'>τρυφῆς</span> <span class='ocrx_word' id='word_1_695' title='bbox 1903 4881 1957 4933; x_wconf 75' lang='grc' dir='ltr'>αἱ</span> 
     </span>
    </p>
   </div>
   <div class='ocr_carea' id='block_1_88' title="bbox 308 4962 1957 5041">
    <p class='ocr_par' dir='ltr' id='par_1_88' title="bbox 308 4962 1957 5041">
     <span class='ocr_line' id='line_1_88' title="bbox 308 4962 1957 5041; baseline -0.002 -17"><span class='ocrx_word' id='word_1_696' title='bbox 308 4967 617 5041; x_wconf 67' lang='grc' dir='ltr'>ἐπιθυμίαι,</span> <span class='ocrx_word' id='word_1_697' title='bbox 647 4967 709 5023; x_wconf 86' lang='grc' dir='ltr'>τὸ</span> <span class='ocrx_word' id='word_1_698' title='bbox 742 4970 902 5040; x_wconf 84' lang='grc' dir='ltr'>σῶμα</span> <span class='ocrx_word' id='word_1_699' title='bbox 955 4962 1285 5033; x_wconf 79' lang='grc' dir='ltr'>κολασθῆναι</span> <span class='ocrx_word' id='word_1_700' title='bbox 1316 4965 1407 5020; x_wconf 77' lang='grc' dir='ltr'>καὶ</span> <span class='ocrx_word' id='word_1_701' title='bbox 1434 4967 1766 5039; x_wconf 77' lang='grc' dir='ltr'>νεκρωθῆναι</span> <span class='ocrx_word' id='word_1_702' title='bbox 1826 4965 1957 5041; x_wconf 81' lang='grc' dir='ltr'>βού-</span> 
     </span>
    </p>
   </div>
   <div class='ocr_carea' id='block_1_89' title="bbox 311 5053 1956 5131">
    <p class='ocr_par' dir='ltr' id='par_1_89' title="bbox 311 5053 1956 5131">
     <span class='ocr_line' id='line_1_89' title="bbox 311 5053 1956 5131; baseline -0.002 -19"><span class='ocrx_word' id='word_1_703' title='bbox 311 5056 485 5113; x_wconf 85' lang='grc' dir='ltr'>λεται.</span> <span class='ocrx_word' id='word_1_704' title='bbox 536 5055 800 5131; x_wconf 76' lang='grc' dir='ltr'>Ὄλεθρον</span> <span class='ocrx_word' id='word_1_705' title='bbox 857 5061 957 5124; x_wconf 82' lang='grc' dir='ltr'>τῆς</span> <span class='ocrx_word' id='word_1_706' title='bbox 1004 5053 1201 5128; x_wconf 83' lang='grc' dir='ltr'>σαρκὸς</span> <span class='ocrx_word' id='word_1_707' title='bbox 1264 5055 1428 5124; x_wconf 82' lang='grc' dir='ltr'>εἶπεν,</span> <span class='ocrx_word' id='word_1_708' title='bbox 1470 5055 1594 5127; x_wconf 80' lang='grc' dir='ltr'>ὅρον</span> <span class='ocrx_word' id='word_1_709' title='bbox 1656 5055 1822 5116; x_wconf 80' lang='grc' dir='ltr'>τιθεὶς</span> <span class='ocrx_word' id='word_1_710' title='bbox 1875 5059 1956 5127; x_wconf 78' lang='grc' dir='ltr'>τῷ</span> 
     </span>
    </p>
   </div>
   <div class='ocr_carea' id='block_1_90' title="bbox 309 5137 1956 5217">
    <p class='ocr_par' dir='ltr' id='par_1_90' title="bbox 309 5137 1956 5217">
     <span class='ocr_line' id='line_1_90' title="bbox 309 5137 1956 5217; baseline -0.002 -15"><span class='ocrx_word' id='word_1_711' title='bbox 309 5141 580 5217; x_wconf 81' lang='grc' dir='ltr'>διαϐόλῳ,</span> <span class='ocrx_word' id='word_1_712' title='bbox 612 5144 702 5199; x_wconf 74' lang='grc' dir='ltr'>καὶ</span> <span class='ocrx_word' id='word_1_713' title='bbox 738 5144 814 5217; x_wconf 83' lang='grc' dir='ltr'>μὴ</span> <span class='ocrx_word' id='word_1_714' title='bbox 836 5143 937 5198; x_wconf 83' lang='grc' dir='ltr'>ἐῶν</span> <span class='ocrx_word' id='word_1_715' title='bbox 969 5141 1129 5197; x_wconf 75' lang='grc' dir='ltr'>αὐτὸν</span> <span class='ocrx_word' id='word_1_716' title='bbox 1151 5142 1453 5217; x_wconf 80' lang='grc' dir='ltr'>περαιτέρω</span> <span class='ocrx_word' id='word_1_717' title='bbox 1472 5137 1759 5217; x_wconf 70' lang='grc' dir='ltr'>προϐῆναι.</span> <span class='ocrx_word' id='word_1_718' title='bbox 1787 5165 1815 5197; x_wconf 68' lang='grc' dir='ltr'>α</span> <span class='ocrx_word' id='word_1_719' title='bbox 1842 5147 1956 5201; x_wconf 83' lang='grc' dir='ltr'>Ἰνα</span> 
     </span>
    </p>
   </div>
   <div class='ocr_carea' id='block_1_91' title="bbox 309 5230 1952 5307">
    <p class='ocr_par' dir='ltr' id='par_1_91' title="bbox 309 5230 1952 5307">
     <span class='ocr_line' id='line_1_91' title="bbox 309 5230 1952 5307; baseline -0.002 -16"><span class='ocrx_word' id='word_1_720' title='bbox 309 5236 374 5291; x_wconf 84' lang='grc' dir='ltr'>τὸ</span> <span class='ocrx_word' id='word_1_721' title='bbox 405 5237 620 5306; x_wconf 86' lang='grc' dir='ltr'>πνεῦμα</span> <span class='ocrx_word' id='word_1_722' title='bbox 670 5230 841 5306; x_wconf 75' lang='grc' dir='ltr'>σωθῇ.</span> <span class='ocrx_word' id='word_1_723' title='bbox 898 5256 927 5283; x_wconf 84' lang='grc'><strong>››</strong></span> <span class='ocrx_word' id='word_1_724' title='bbox 976 5230 1172 5304; x_wconf 80' lang='grc' dir='ltr'>Τούτῳ</span> <span class='ocrx_word' id='word_1_725' title='bbox 1218 5231 1286 5307; x_wconf 82' lang='grc' dir='ltr'>γά</span> <span class='ocrx_word' id='word_1_726' title='bbox 1341 5235 1420 5303; x_wconf 80' lang='grc' dir='ltr'>τῷ</span> <span class='ocrx_word' id='word_1_727' title='bbox 1474 5230 1687 5304; x_wconf 87' lang='grc' dir='ltr'>τρόπῳ,</span> <span class='ocrx_word' id='word_1_728' title='bbox 1743 5231 1832 5287; x_wconf 71' lang='grc' dir='ltr'>καὶ</span> <span class='ocrx_word' id='word_1_729' title='bbox 1891 5232 1952 5286; x_wconf 87' lang='grc' dir='ltr'>τὸ</span> 
     </span>
    </p>
   </div>
   <div class='ocr_carea' id='block_1_92' title="bbox 306 5317 1952 5397">
    <p class='ocr_par' dir='ltr' id='par_1_92' title="bbox 306 5317 1952 5397">
     <span class='ocr_line' id='line_1_92' title="bbox 306 5317 1952 5397; baseline -0.002 -17"><span class='ocrx_word' id='word_1_730' title='bbox 306 5328 470 5397; x_wconf 82' lang='grc' dir='ltr'>σῶμα</span> <span class='ocrx_word' id='word_1_731' title='bbox 501 5322 826 5391; x_wconf 70' lang='grc' dir='ltr'>σωθήσεται.</span> <span class='ocrx_word' id='word_1_732' title='bbox 885 5319 987 5377; x_wconf 80' lang='grc' dir='ltr'>Καὶ</span> <span class='ocrx_word' id='word_1_733' title='bbox 1016 5317 1203 5382; x_wconf 75' lang='grc' dir='ltr'>ἄλλως</span> <span class='ocrx_word' id='word_1_734' title='bbox 1235 5320 1309 5382; x_wconf 76' lang='grc' dir='ltr'>εἷς</span> <span class='ocrx_word' id='word_1_735' title='bbox 1336 5320 1399 5375; x_wconf 87' lang='grc' dir='ltr'>τὸ</span> <span class='ocrx_word' id='word_1_736' title='bbox 1457 5320 1571 5377; x_wconf 84' lang='grc' dir='ltr'>¹Ἰνα</span> <span class='ocrx_word' id='word_1_737' title='bbox 1620 5320 1682 5376; x_wconf 85' lang='grc' dir='ltr'>τὸ</span> <span class='ocrx_word' id='word_1_738' title='bbox 1740 5325 1952 5394; x_wconf 84' lang='grc' dir='ltr'>πνεῦμα</span> 
     </span>
    </p>
   </div>
   <div class='ocr_carea' id='block_1_93' title="bbox 300 5409 1947 5488">
    <p class='ocr_par' dir='ltr' id='par_1_93' title="bbox 300 5409 1947 5488">
     <span class='ocr_line' id='line_1_93' title="bbox 300 5409 1947 5488; baseline -0.002 -18"><span class='ocrx_word' id='word_1_739' title='bbox 300 5417 480 5488; x_wconf 77' lang='grc' dir='ltr'>σωθῇ,</span> <span class='ocrx_word' id='word_1_740' title='bbox 527 5409 794 5479; x_wconf 87' lang='grc' dir='ltr'>τουτέστι,</span> <span class='ocrx_word' id='word_1_741' title='bbox 852 5409 917 5464; x_wconf 86' lang='grc' dir='ltr'>τὸ</span> <span class='ocrx_word' id='word_1_742' title='bbox 976 5414 1198 5481; x_wconf 75' lang='grc' dir='ltr'>Πνεῦμα</span> <span class='ocrx_word' id='word_1_743' title='bbox 1251 5410 1314 5464; x_wconf 81' lang='grc' dir='ltr'>τὸ</span> <span class='ocrx_word' id='word_1_744' title='bbox 1368 5410 1521 5486; x_wconf 75' lang='grc' dir='ltr'>ἅγιον</span> <span class='ocrx_word' id='word_1_745' title='bbox 1570 5412 1724 5481; x_wconf 83' lang='grc' dir='ltr'>σωθῆ</span> <span class='ocrx_word' id='word_1_746' title='bbox 1778 5411 1947 5481; x_wconf 79' lang='grc' dir='ltr'>αὑτῷ,</span> 
     </span>
    </p>
   </div>
   <div class='ocr_carea' id='block_1_94' title="bbox 293 5492 1949 5576">
    <p class='ocr_par' dir='ltr' id='par_1_94' title="bbox 293 5492 1949 5576">
     <span class='ocr_line' id='line_1_94' title="bbox 293 5492 1949 5576; baseline -0.002 -16"><span class='ocrx_word' id='word_1_747' title='bbox 293 5503 500 5576; x_wconf 84' lang='grc' dir='ltr'>καὶμή</span> <span class='ocrx_word' id='word_1_748' title='bbox 532 5500 865 5574; x_wconf 71' lang='grc' dir='ltr'>ἀναγωρήσῃ</span> <span class='ocrx_word' id='word_1_749' title='bbox 899 5498 972 5560; x_wconf 82' lang='grc' dir='ltr'>ὡς</span> <span class='ocrx_word' id='word_1_750' title='bbox 1025 5497 1075 5567; x_wconf 79' lang='grc' dir='ltr'>ἐξ</span> <span class='ocrx_word' id='word_1_751' title='bbox 1133 5492 1385 5561; x_wconf 78' lang='grc' dir='ltr'>ἀσεϐοῦς.</span> <span class='ocrx_word' id='word_1_752' title='bbox 1446 5500 1622 5554; x_wconf 83' lang='grc' dir='ltr'>Τοῦτο</span> <span class='ocrx_word' id='word_1_753' title='bbox 1682 5495 1739 5555; x_wconf 78' lang='grc' dir='ltr'>δὲ</span> <span class='ocrx_word' id='word_1_754' title='bbox 1776 5497 1949 5571; x_wconf 88' lang='grc' dir='ltr'>κηδο-</span> 
     </span>
    </p>
   </div>
   <div class='ocr_carea' id='block_1_95' title="bbox 363 5684 810 5752">
    <p class='ocr_par' dir='ltr' id='par_1_95' title="bbox 363 5684 810 5752">
     <span class='ocr_line' id='line_1_95' title="bbox 363 5684 810 5752; baseline 0 -11"><span class='ocrx_word' id='word_1_755' title='bbox 363 5686 486 5731; x_wconf 80' lang='grc'>⁸⁰-⁸¹</span> <span class='ocrx_word' id='word_1_756' title='bbox 516 5684 645 5741; x_wconf 83' lang='lat' dir='ltr'>Job.</span> <span class='ocrx_word' id='word_1_757' title='bbox 664 5700 723 5752; x_wconf 86' lang='grc' dir='ltr'>ιι,</span> <span class='ocrx_word' id='word_1_758' title='bbox 752 5685 810 5741; x_wconf 86' lang='grc'>6.</span> 
     </span>
    </p>
   </div>
   <div class='ocr_carea' id='block_1_96' title="bbox 2068 4072 3712 4144">
    <p class='ocr_par' dir='ltr' id='par_1_96' title="bbox 2068 4072 3712 4144">
     <span class='ocr_line' id='line_1_96' title="bbox 2068 4072 3712 4144; baseline -0.002 -14"><span class='ocrx_word' id='word_1_759' title='bbox 2068 4074 2187 4131; x_wconf 91' lang='lat' dir='ltr'>illis</span> <span class='ocrx_word' id='word_1_760' title='bbox 2219 4073 2508 4144; x_wconf 83' lang='lat' dir='ltr'>exhibuit,</span> <span class='ocrx_word' id='word_1_761' title='bbox 2542 4090 2653 4129; x_wconf 90' lang='lat' dir='ltr'>nec</span> <span class='ocrx_word' id='word_1_762' title='bbox 2684 4074 2744 4128; x_wconf 92' lang='lat' dir='ltr'>id</span> <span class='ocrx_word' id='word_1_763' title='bbox 2776 4074 2991 4143; x_wconf 92' lang='lat' dir='ltr'>solum,</span> <span class='ocrx_word' id='word_1_764' title='bbox 3025 4073 3128 4128; x_wconf 90' lang='lat' dir='ltr'>sed</span> <span class='ocrx_word' id='word_1_765' title='bbox 3185 4077 3243 4127; x_wconf 90' lang='lat' dir='ltr'>et</span> <span class='ocrx_word' id='word_1_766' title='bbox 3273 4072 3573 4128; x_wconf 89' lang='lat' dir='ltr'>Christum</span> <span class='ocrx_word' id='word_1_767' title='bbox 3608 4078 3712 4129; x_wconf 90' lang='lat' dir='ltr'>:ut</span> 
     </span>
    </p>
   </div>
   <div class='ocr_carea' id='block_1_97' title="bbox 2068 4162 3708 4237">
    <p class='ocr_par' dir='ltr' id='par_1_97' title="bbox 2068 4162 3708 4237">
     <span class='ocr_line' id='line_1_97' title="bbox 2068 4162 3708 4237; baseline -0.002 -16"><span class='ocrx_word' id='word_1_768' title='bbox 2068 4182 2205 4221; x_wconf 88' lang='lat' dir='ltr'>cum</span> <span class='ocrx_word' id='word_1_769' title='bbox 2253 4162 2655 4237; x_wconf 88' lang='lat' dir='ltr'>judicaverint</span> <span class='ocrx_word' id='word_1_770' title='bbox 2705 4168 2986 4232; x_wconf 88' lang='lat' dir='ltr'>tanquam</span> <span class='ocrx_word' id='word_1_771' title='bbox 3015 4162 3246 4217; x_wconf 90' lang='lat' dir='ltr'>Christo</span> <span class='ocrx_word' id='word_1_772' title='bbox 3279 4167 3337 4217; x_wconf 91' lang='lat' dir='ltr'>et</span> <span class='ocrx_word' id='word_1_773' title='bbox 3361 4162 3488 4233; x_wconf 90' lang='lat' dir='ltr'>ipso</span> <span class='ocrx_word' id='word_1_774' title='bbox 3529 4162 3708 4218; x_wconf 88' lang='lat' dir='ltr'>Paulo</span> 
     </span>
    </p>
   </div>
   <div class='ocr_carea' id='block_1_98' title="bbox 2067 4251 3711 4326">
    <p class='ocr_par' dir='ltr' id='par_1_98' title="bbox 2067 4251 3711 4326">
     <span class='ocr_line' id='line_1_98' title="bbox 2067 4251 3711 4326; baseline -0.002 -17"><span class='ocrx_word' id='word_1_775' title='bbox 2067 4258 2381 4326; x_wconf 70' lang='lat' dir='ltr'>praesente,</span> <span class='ocrx_word' id='word_1_776' title='bbox 2415 4253 2714 4309; x_wconf 89' lang='lat' dir='ltr'>sincerum</span> <span class='ocrx_word' id='word_1_777' title='bbox 2745 4270 2812 4307; x_wconf 88' lang='lat' dir='ltr'>ac</span> <span class='ocrx_word' id='word_1_778' title='bbox 2834 4253 3243 4323; x_wconf 85' lang='lat' dir='ltr'>incorruptum</span> <span class='ocrx_word' id='word_1_779' title='bbox 3275 4251 3469 4306; x_wconf 79' lang='lat' dir='ltr'>ferant</span> <span class='ocrx_word' id='word_1_780' title='bbox 3498 4254 3711 4306; x_wconf 71' lang='lat' dir='ltr'>suﬂ‘ra-</span> 
     </span>
    </p>
   </div>
   <div class='ocr_carea' id='block_1_99' title="bbox 2068 4342 3711 4416">
    <p class='ocr_par' dir='ltr' id='par_1_99' title="bbox 2068 4342 3711 4416">
     <span class='ocr_line' id='line_1_99' title="bbox 2068 4342 3711 4416; baseline 0 -20"><span class='ocrx_word' id='word_1_781' title='bbox 2068 4343 2250 4416; x_wconf 77' lang='lat' dir='ltr'>gium.</span> <span class='ocrx_word' id='word_1_782' title='bbox 2288 4366 2309 4392; x_wconf 80' lang='grc' dir='ltr'>ι</span> <span class='ocrx_word' id='word_1_783' title='bbox 2345 4342 2434 4397; x_wconf 84' lang='lat' dir='ltr'>Ad</span> <span class='ocrx_word' id='word_1_784' title='bbox 2465 4342 2771 4398; x_wconf 90' lang='lat' dir='ltr'>interitum</span> <span class='ocrx_word' id='word_1_785' title='bbox 2799 4342 3015 4397; x_wconf 87' lang='lat' dir='ltr'>carnis.</span> <span class='ocrx_word' id='word_1_786' title='bbox 3042 4342 3428 4396; x_wconf 73' lang='lat' dir='ltr'>nTerminum</span> <span class='ocrx_word' id='word_1_787' title='bbox 3460 4342 3711 4414; x_wconf 73' lang='lat' dir='ltr'>prmﬁgit</span> 
     </span>
    </p>
   </div>
   <div class='ocr_carea' id='block_1_100' title="bbox 2070 4430 3709 4502">
    <p class='ocr_par' dir='ltr' id='par_1_100' title="bbox 2070 4430 3709 4502">
     <span class='ocr_line' id='line_1_100' title="bbox 2070 4430 3709 4502; baseline -0.002 -15"><span class='ocrx_word' id='word_1_788' title='bbox 2070 4433 2320 4502; x_wconf 63' lang='lat' dir='ltr'>Satanas,</span> <span class='ocrx_word' id='word_1_789' title='bbox 2353 4437 2418 4486; x_wconf 88' lang='lat' dir='ltr'>ut</span> <span class='ocrx_word' id='word_1_790' title='bbox 2458 4431 2747 4486; x_wconf 80' lang='lat' dir='ltr'>duntaxat</span> <span class='ocrx_word' id='word_1_791' title='bbox 2802 4446 3015 4501; x_wconf 88' lang='lat' dir='ltr'>corpus</span> <span class='ocrx_word' id='word_1_792' title='bbox 3064 4435 3349 4502; x_wconf 81' lang='lat' dir='ltr'>tangeret,</span> <span class='ocrx_word' id='word_1_793' title='bbox 3384 4446 3503 4484; x_wconf 90' lang='lat' dir='ltr'>non</span> <span class='ocrx_word' id='word_1_794' title='bbox 3530 4430 3709 4484; x_wconf 85' lang='lat' dir='ltr'>etiam</span> 
     </span>
    </p>
   </div>
   <div class='ocr_carea' id='block_1_101' title="bbox 2069 4517 3708 4589">
    <p class='ocr_par' dir='ltr' id='par_1_101' title="bbox 2069 4517 3708 4589">
     <span class='ocr_line' id='line_1_101' title="bbox 2069 4517 3708 4589; baseline -0.002 -14"><span class='ocrx_word' id='word_1_795' title='bbox 2069 4521 2353 4577; x_wconf 89' lang='lat' dir='ltr'>animam.</span> <span class='ocrx_word' id='word_1_796' title='bbox 2387 4520 2589 4575; x_wconf 90' lang='lat' dir='ltr'>Simile</span> <span class='ocrx_word' id='word_1_797' title='bbox 2618 4526 2706 4575; x_wconf 88' lang='lat' dir='ltr'>est</span> <span class='ocrx_word' id='word_1_798' title='bbox 2738 4519 2897 4589; x_wconf 91' lang='lat' dir='ltr'>quod</span> <span class='ocrx_word' id='word_1_799' title='bbox 2927 4519 2998 4573; x_wconf 91' lang='lat' dir='ltr'>de</span> <span class='ocrx_word' id='word_1_800' title='bbox 3026 4517 3131 4573; x_wconf 79' lang='lat' dir='ltr'>Job</span> <span class='ocrx_word' id='word_1_801' title='bbox 3171 4518 3252 4573; x_wconf 92' lang='lat' dir='ltr'>ait</span> <span class='ocrx_word' id='word_1_802' title='bbox 3290 4518 3442 4572; x_wconf 85' lang='lat' dir='ltr'>Deus</span> <span class='ocrx_word' id='word_1_803' title='bbox 3472 4535 3484 4571; x_wconf 93' lang='lat'>:</span> <span class='ocrx_word' id='word_1_804' title='bbox 3524 4539 3552 4567; x_wconf 89' lang='lat'><strong>«</strong></span> <span class='ocrx_word' id='word_1_805' title='bbox 3597 4519 3708 4571; x_wconf 86' lang='lat' dir='ltr'>Ve-</span> 
     </span>
    </p>
   </div>
   <div class='ocr_carea' id='block_1_102' title="bbox 2070 4605 3709 4680">
    <p class='ocr_par' dir='ltr' id='par_1_102' title="bbox 2070 4605 3709 4680">
     <span class='ocr_line' id='line_1_102' title="bbox 2070 4605 3709 4680; baseline -0.002 -15"><span class='ocrx_word' id='word_1_806' title='bbox 2070 4615 2403 4665; x_wconf 86' lang='lat' dir='ltr'>rumtamen</span> <span class='ocrx_word' id='word_1_807' title='bbox 2421 4610 2681 4665; x_wconf 89' lang='lat' dir='ltr'>animam</span> <span class='ocrx_word' id='word_1_808' title='bbox 2699 4610 2827 4680; x_wconf 87' lang='lat' dir='ltr'>ejus</span> <span class='ocrx_word' id='word_1_809' title='bbox 2848 4624 2921 4662; x_wconf 90' lang='lat' dir='ltr'>ne</span> <span class='ocrx_word' id='word_1_810' title='bbox 2936 4605 3323 4680; x_wconf 64' lang='lat' dir='ltr'>tangas&#39;M‘.»</span> <span class='ocrx_word' id='word_1_811' title='bbox 3343 4608 3498 4662; x_wconf 89' lang='lat' dir='ltr'>Bene</span> <span class='ocrx_word' id='word_1_812' title='bbox 3511 4612 3709 4662; x_wconf 89' lang='lat' dir='ltr'>autem</span> 
     </span>
    </p>
   </div>
   <div class='ocr_carea' id='block_1_103' title="bbox 2071 4695 3712 4768">
    <p class='ocr_par' dir='ltr' id='par_1_103' title="bbox 2071 4695 3712 4768">
     <span class='ocr_line' id='line_1_103' title="bbox 2071 4695 3712 4768; baseline -0.002 -14"><span class='ocrx_word' id='word_1_813' title='bbox 2071 4699 2196 4754; x_wconf 90' lang='lat' dir='ltr'>ait:</span> <span class='ocrx_word' id='word_1_814' title='bbox 2231 4720 2259 4748; x_wconf 75' lang='grc' dir='ltr'>ι(</span> <span class='ocrx_word' id='word_1_815' title='bbox 2284 4697 2364 4753; x_wconf 79' lang='lat' dir='ltr'>Ad</span> <span class='ocrx_word' id='word_1_816' title='bbox 2422 4698 2730 4753; x_wconf 88' lang='lat' dir='ltr'>interitum</span> <span class='ocrx_word' id='word_1_817' title='bbox 2788 4696 3005 4764; x_wconf 90' lang='lat' dir='ltr'>carnis,</span> <span class='ocrx_word' id='word_1_818' title='bbox 3044 4719 3064 4744; x_wconf 78' lang='grc' dir='ltr'>ι</span> <span class='ocrx_word' id='word_1_819' title='bbox 3099 4695 3210 4751; x_wconf 82' lang='lat' dir='ltr'>hoc</span> <span class='ocrx_word' id='word_1_820' title='bbox 3242 4701 3349 4762; x_wconf 89' lang='lat' dir='ltr'>est,</span> <span class='ocrx_word' id='word_1_821' title='bbox 3384 4700 3449 4750; x_wconf 89' lang='lat' dir='ltr'>ut</span> <span class='ocrx_word' id='word_1_822' title='bbox 3476 4695 3712 4768; x_wconf 69' lang='lat' dir='ltr'>aegritu-</span> 
     </span>
    </p>
   </div>
   <div class='ocr_carea' id='block_1_104' title="bbox 2070 4785 3713 4859">
    <p class='ocr_par' dir='ltr' id='par_1_104' title="bbox 2070 4785 3713 4859">
     <span class='ocr_line' id='line_1_104' title="bbox 2070 4785 3713 4859; baseline -0.002 -16"><span class='ocrx_word' id='word_1_823' title='bbox 2070 4787 2208 4843; x_wconf 90' lang='lat' dir='ltr'>dine</span> <span class='ocrx_word' id='word_1_824' title='bbox 2238 4787 2432 4859; x_wconf 71' lang='lat' dir='ltr'>ipsum</span> <span class='ocrx_word' id='word_1_825' title='bbox 2455 4791 2801 4843; x_wconf 87' lang='lat' dir='ltr'>maceraret.</span> <span class='ocrx_word' id='word_1_826' title='bbox 2827 4785 3113 4851; x_wconf 90' lang='lat' dir='ltr'>Quoniam</span> <span class='ocrx_word' id='word_1_827' title='bbox 3146 4785 3304 4840; x_wconf 90' lang='lat' dir='ltr'>enim</span> <span class='ocrx_word' id='word_1_828' title='bbox 3324 4802 3357 4840; x_wconf 90' lang='lat' dir='ltr'>a</span> <span class='ocrx_word' id='word_1_829' title='bbox 3387 4801 3631 4857; x_wconf 87' lang='lat' dir='ltr'>corpore</span> <span class='ocrx_word' id='word_1_830' title='bbox 3655 4790 3713 4840; x_wconf 89' lang='lat' dir='ltr'>et</span> 
     </span>
    </p>
   </div>
   <div class='ocr_carea' id='block_1_105' title="bbox 2068 4874 3712 4947">
    <p class='ocr_par' dir='ltr' id='par_1_105' title="bbox 2068 4874 3712 4947">
     <span class='ocr_line' id='line_1_105' title="bbox 2068 4874 3712 4947; baseline -0.002 -16"><span class='ocrx_word' id='word_1_831' title='bbox 2068 4875 2352 4931; x_wconf 85' lang='lat' dir='ltr'>alimento</span> <span class='ocrx_word' id='word_1_832' title='bbox 2401 4875 2733 4947; x_wconf 88' lang='lat' dir='ltr'>procedunt</span> <span class='ocrx_word' id='word_1_833' title='bbox 2774 4874 3292 4945; x_wconf 59' lang='lat' dir='ltr'>concupiscentia,</span> <span class='ocrx_word' id='word_1_834' title='bbox 3334 4891 3549 4946; x_wconf 90' lang='lat' dir='ltr'>corpus</span> <span class='ocrx_word' id='word_1_835' title='bbox 3578 4874 3712 4943; x_wconf 73' lang='lat' dir='ltr'>vult</span> 
     </span>
    </p>
   </div>
   <div class='ocr_carea' id='block_1_106' title="bbox 2067 4963 3705 5037">
    <p class='ocr_par' dir='ltr' id='par_1_106' title="bbox 2067 4963 3705 5037">
     <span class='ocr_line' id='line_1_106' title="bbox 2067 4963 3705 5037; baseline -0.001 -17"><span class='ocrx_word' id='word_1_836' title='bbox 2067 4965 2265 5037; x_wconf 89' lang='lat' dir='ltr'>puniri</span> <span class='ocrx_word' id='word_1_837' title='bbox 2297 4982 2363 5020; x_wconf 91' lang='lat' dir='ltr'>ac</span> <span class='ocrx_word' id='word_1_838' title='bbox 2377 4963 3286 5034; x_wconf 72' lang='lat' dir='ltr'>mortiﬁcariJnteritumitaque</span> <span class='ocrx_word' id='word_1_839' title='bbox 3317 4963 3465 5019; x_wconf 84' lang='lat' dir='ltr'>dixit</span> <span class='ocrx_word' id='word_1_840' title='bbox 3491 4964 3705 5028; x_wconf 90' lang='lat' dir='ltr'>carnis,</span> 
     </span>
    </p>
   </div>
   <div class='ocr_carea' id='block_1_107' title="bbox 2065 5051 3708 5126">
    <p class='ocr_par' dir='ltr' id='par_1_107' title="bbox 2065 5051 3708 5126">
     <span class='ocr_line' id='line_1_107' title="bbox 2065 5051 3708 5126; baseline -0.002 -17"><span class='ocrx_word' id='word_1_841' title='bbox 2065 5055 2387 5111; x_wconf 89' lang='lat' dir='ltr'>terminum</span> <span class='ocrx_word' id='word_1_842' title='bbox 2419 5053 2730 5126; x_wconf 68' lang='lat' dir='ltr'>prwﬁgens</span> <span class='ocrx_word' id='word_1_843' title='bbox 2757 5052 3132 5122; x_wconf 88' lang='lat' dir='ltr'>diabolo,nec</span> <span class='ocrx_word' id='word_1_844' title='bbox 3163 5054 3366 5108; x_wconf 88' lang='lat' dir='ltr'>sinens</span> <span class='ocrx_word' id='word_1_845' title='bbox 3385 5069 3520 5107; x_wconf 91' lang='lat' dir='ltr'>eum</span> <span class='ocrx_word' id='word_1_846' title='bbox 3550 5051 3708 5106; x_wconf 89' lang='lat' dir='ltr'>ultra</span> 
     </span>
    </p>
   </div>
   <div class='ocr_carea' id='block_1_108' title="bbox 2065 5139 3704 5216">
    <p class='ocr_par' dir='ltr' id='par_1_108' title="bbox 2065 5139 3704 5216">
     <span class='ocr_line' id='line_1_108' title="bbox 2065 5139 3704 5216; baseline -0.004 -17"><span class='ocrx_word' id='word_1_847' title='bbox 2065 5143 2405 5216; x_wconf 81' lang='lat' dir='ltr'>procedere.</span> <span class='ocrx_word' id='word_1_848' title='bbox 2444 5166 2463 5192; x_wconf 83' lang='grc' dir='ltr'>ι</span> <span class='ocrx_word' id='word_1_849' title='bbox 2500 5144 2568 5197; x_wconf 90' lang='lat' dir='ltr'>Ut</span> <span class='ocrx_word' id='word_1_850' title='bbox 2600 5141 2842 5214; x_wconf 88' lang='lat' dir='ltr'>spiritus</span> <span class='ocrx_word' id='word_1_851' title='bbox 2876 5141 3068 5196; x_wconf 89' lang='lat' dir='ltr'>salvus</span> <span class='ocrx_word' id='word_1_852' title='bbox 3101 5141 3194 5196; x_wconf 91' lang='lat' dir='ltr'>sit.</span> <span class='ocrx_word' id='word_1_853' title='bbox 3230 5164 3257 5191; x_wconf 83' lang='lat'><strong>»</strong></span> <span class='ocrx_word' id='word_1_854' title='bbox 3291 5142 3363 5195; x_wconf 90' lang='lat' dir='ltr'>Ut</span> <span class='ocrx_word' id='word_1_855' title='bbox 3393 5139 3704 5208; x_wconf 89' lang='lat' dir='ltr'>anima,in—</span> 
     </span>
    </p>
   </div>
   <div class='ocr_carea' id='block_1_109' title="bbox 2063 5228 3702 5304">
    <p class='ocr_par' dir='ltr' id='par_1_109' title="bbox 2063 5228 3702 5304">
     <span class='ocr_line' id='line_1_109' title="bbox 2063 5228 3702 5304; baseline -0.003 -16"><span class='ocrx_word' id='word_1_856' title='bbox 2063 5233 2210 5304; x_wconf 88' lang='lat' dir='ltr'>quit,</span> <span class='ocrx_word' id='word_1_857' title='bbox 2246 5237 2528 5297; x_wconf 89' lang='lat' dir='ltr'>servetur,</span> <span class='ocrx_word' id='word_1_858' title='bbox 2562 5247 2701 5286; x_wconf 89' lang='lat' dir='ltr'>nam</span> <span class='ocrx_word' id='word_1_859' title='bbox 2716 5236 2999 5302; x_wconf 89' lang='lat' dir='ltr'>etcorpus</span> <span class='ocrx_word' id='word_1_860' title='bbox 3020 5231 3132 5285; x_wconf 89' lang='lat' dir='ltr'>hoc</span> <span class='ocrx_word' id='word_1_861' title='bbox 3155 5230 3330 5285; x_wconf 89' lang='lat' dir='ltr'>modo</span> <span class='ocrx_word' id='word_1_862' title='bbox 3355 5228 3702 5283; x_wconf 88' lang='lat' dir='ltr'>servabitur.</span> 
     </span>
    </p>
   </div>
   <div class='ocr_carea' id='block_1_110' title="bbox 2060 5317 3703 5394">
    <p class='ocr_par' dir='ltr' id='par_1_110' title="bbox 2060 5317 3703 5394">
     <span class='ocr_line' id='line_1_110' title="bbox 2060 5317 3703 5394; baseline -0.004 -17"><span class='ocrx_word' id='word_1_863' title='bbox 2060 5324 2130 5377; x_wconf 88' lang='lat' dir='ltr'>Et</span> <span class='ocrx_word' id='word_1_864' title='bbox 2156 5328 2443 5394; x_wconf 70' lang='lat' dir='ltr'>prmterea</span> <span class='ocrx_word' id='word_1_865' title='bbox 2474 5321 2536 5375; x_wconf 92' lang='lat' dir='ltr'>in</span> <span class='ocrx_word' id='word_1_866' title='bbox 2568 5321 2700 5387; x_wconf 87' lang='lat' dir='ltr'>hoc,</span> <span class='ocrx_word' id='word_1_867' title='bbox 2734 5321 2803 5375; x_wconf 92' lang='lat' dir='ltr'>Ut</span> <span class='ocrx_word' id='word_1_868' title='bbox 2836 5319 3076 5391; x_wconf 87' lang='lat' dir='ltr'>spiritus</span> <span class='ocrx_word' id='word_1_869' title='bbox 3135 5324 3416 5386; x_wconf 89' lang='lat' dir='ltr'>servetur,</span> <span class='ocrx_word' id='word_1_870' title='bbox 3477 5317 3537 5371; x_wconf 90' lang='lat' dir='ltr'>id</span> <span class='ocrx_word' id='word_1_871' title='bbox 3594 5322 3703 5386; x_wconf 88' lang='lat' dir='ltr'>est,</span> 
     </span>
    </p>
   </div>
   <div class='ocr_carea' id='block_1_111' title="bbox 2058 5407 3707 5482">
    <p class='ocr_par' dir='ltr' id='par_1_111' title="bbox 2058 5407 3707 5482">
     <span class='ocr_line' id='line_1_111' title="bbox 2058 5407 3707 5482; baseline -0.002 -15"><span class='ocrx_word' id='word_1_872' title='bbox 2058 5418 2123 5467; x_wconf 91' lang='lat' dir='ltr'>ut</span> <span class='ocrx_word' id='word_1_873' title='bbox 2177 5411 2429 5482; x_wconf 88' lang='lat' dir='ltr'>Spiritus</span> <span class='ocrx_word' id='word_1_874' title='bbox 2478 5416 2721 5465; x_wconf 87' lang='lat' dir='ltr'>sanctus</span> <span class='ocrx_word' id='word_1_875' title='bbox 2751 5409 2864 5480; x_wconf 91' lang='lat' dir='ltr'>ipsi</span> <span class='ocrx_word' id='word_1_876' title='bbox 2909 5413 3174 5461; x_wconf 86' lang='lat' dir='ltr'>servetur</span> <span class='ocrx_word' id='word_1_877' title='bbox 3203 5413 3261 5461; x_wconf 90' lang='lat' dir='ltr'>et</span> <span class='ocrx_word' id='word_1_878' title='bbox 3290 5422 3408 5461; x_wconf 85' lang='lat' dir='ltr'>non</span> <span class='ocrx_word' id='word_1_879' title='bbox 3439 5407 3707 5464; x_wconf 89' lang='lat' dir='ltr'>discedat</span> 
     </span>
    </p>
   </div>
   <div class='ocr_carea' id='block_1_112' title="bbox 2060 5494 3702 5571">
    <p class='ocr_par' dir='ltr' id='par_1_112' title="bbox 2060 5494 3702 5571">
     <span class='ocr_line' id='line_1_112' title="bbox 2060 5494 3702 5571; baseline -0.002 -14"><span class='ocrx_word' id='word_1_880' title='bbox 2060 5508 2343 5571; x_wconf 89' lang='lat' dir='ltr'>tanquam</span> <span class='ocrx_word' id='word_1_881' title='bbox 2374 5499 2447 5556; x_wconf 91' lang='lat' dir='ltr'>ab</span> <span class='ocrx_word' id='word_1_882' title='bbox 2475 5499 2680 5571; x_wconf 87' lang='lat' dir='ltr'>impio.</span> <span class='ocrx_word' id='word_1_883' title='bbox 2714 5498 2832 5552; x_wconf 86' lang='lat' dir='ltr'>Hoc</span> <span class='ocrx_word' id='word_1_884' title='bbox 2863 5501 3060 5552; x_wconf 90' lang='lat' dir='ltr'>autem</span> <span class='ocrx_word' id='word_1_885' title='bbox 3091 5494 3456 5567; x_wconf 87' lang='lat' dir='ltr'>providentis</span> <span class='ocrx_word' id='word_1_886' title='bbox 3504 5498 3702 5569; x_wconf 86' lang='lat' dir='ltr'>potius</span> 
     </span>
    </p>
   </div>
  </div>
