4106 6252
412 408 535 468 699

1531 397 1957 461 mCUMENIl
1998 393 2305 457 TlllCCIE
2351 396 2723 458 EPISCOPI.

3713 394 3827 457 100

415 543 507 595 est
547 552 723 608 quam
778 533 1138 605 supplicium
1172 532 1516 603 inﬁigentls.
1551 553 1578 580 ιι
1609 531 1735 585 Νοιι
1767 534 1858 585 est
1906 528 2060 583 bona

2176 524 2338 598 μένου
2375 525 2610 599 μᾶλλον,
2664 527 2700 596 ἢ
2757 524 3181 601 τιμωρουμίνου
3237 523 3398 584 ἇστῖν.
3464 548 3494 576 ‹‹
3526 524 3610 583 Οὔ
3667 523 3832 582 καλὸν

412 627 685 702 gloriatio
713 629 926 679 vestra.
964 646 991 672 ››
1018 621 1369 678 Subindicat
1397 620 1554 691 quod
1579 620 1748 675 illum
1784 636 1902 674 non
1926 635 2061 690 per-

413 716 720 773 misissent
750 711 1100 784 resipiscere
1132 728 1200 765 eo
1228 710 1387 781 quod
1412 710 1810 783 gloriarentur
1830 708 1889 763 in
1910 708 2058 779 ipso.

414 808 560 861 Nam
594 808 721 859 erat
750 802 845 857 hic
866 800 1134 856 fortassis
1164 816 1319 854 unus
1351 799 1686 870 sapientum
1704 796 1859 868 apud
1878 797 2057 868 ipsos.

488 895 553 961 Y,
593 896 645 958 ϐ,
677 895 730 947 8.
763 890 845 946 An
872 891 1091 944 nescitis
1123 889 1269 959 quod
1296 888 1587 958 paululum
1609 888 1867 956 fermenti
1888 892 2062 941 totam

417 982 855 1052 conspersionem
885 980 1226 1047 fermentat?
1252 978 1575 1046 Empurgatc
1620 983 1774 1029 vetus
1811 977 2060 1043 fermen-

417 1079 532 1126 tum
562 1076 623 1124 ut
653 1069 776 1124 sitis
822 1084 963 1122 nova
1020 1067 1351 1136 conspersio,
1383 1066 1526 1119 sicut
1578 1066 1701 1118 estis
1748 1065 1949 1133 azymi,
1982 1064 2065 1134 (id

415 1166 513 1226 est,
546 1161 818 1228 fermento
849 1154 1138 1225 carentes).
1171 1156 1309 1209 Nam
1341 1159 1392 1209 et
1415 1152 1629 1223 pascha
1668 1158 1916 1209 nostrum
1956 1168 2060 1221 pro

413 1250 569 1304 nobis
598 1247 914 1302 immolatus
944 1251 1019 1300 est
1050 1244 1317 1300 Christus.
1349 1245 1545 1313 Itaque
1582 1245 1781 1310 festum
1824 1241 2054 1296 celebre-

414 1352 533 1392 mus
560 1353 672 1391 non
701 1338 760 1389 in
815 1338 1086 1403 fermento
1114 1333 1306 1398 veteri,
1338 1348 1515 1401 neque
1550 1334 1611 1386 in
1638 1334 1908 1399 fermento
1941 1346 2063 1386 man

414 1425 557 1482 tiliae
577 1431 628 1480 et
650 1425 954 1495 pravitatis
972 1440 995 1486 ;
1024 1423 1118 1479 sed
1140 1425 1197 1476 in
1226 1424 1433 1494 azymis
1462 1422 1791 1477 sinceritatis
1828 1427 1879 1474 et
1924 1421 2061 1473 veri-

414 1517 565 1571 tatis.

486 1603 634 1676 Ipsis
658 1618 895 1675 quoque
927 1600 1349 1659 cavet.Etenim
1379 1598 1626 1673 malum,
1659 1599 1874 1671 inquit,
1901 1596 2060 1671 quod

416 1691 754 1766 negligitur,
785 1690 1081 1763 reliquum
1122 1688 1399 1745 Ecclesia:
1454 1704 1666 1763 corpus
1725 1685 1936 1750 inﬁcit,
1992 1702 2060 1740 eo

415 1782 573 1853 quod
604 1782 703 1838 alii
736 1797 973 1855 quoque
1007 1778 1158 1837 illud
1189 1778 1520 1837 imitentur.
1552 1775 2062 1845 Quemadmodum

2178 615 2240 669 τὸ
2296 616 2569 694 καύχημα
2656 616 2828 687 ὑμῶν,
2857 636 2885 669 ι
2948 613 3260 673 Αῗνίττιται
3315 614 3396 675 ὅτι
3456 613 3625 671 αὐτοὶ
3679 612 3836 671 αὑτὸν

2176 705 2276 759 οὐκ
2306 704 2486 759 εἶάσαν
2523 711 2876 777 μετανοῆσαι;
2913 704 3269 778 καυχώμενοι
3318 702 3395 766 εἷς
3450 703 3645 765 αὐτόν.
3678 706 3837 767 Ἴσως

2175 794 2279 871 γὰρ
2310 798 2417 849 τῶν
2450 795 2597 869 παρὰ
2626 793 2772 873 σφίσι
2806 799 2988 871 σοφῶν
3019 795 3096 854 εἷς
3128 792 3165 862 ἦ
3197 792 3382 855 αῦτος.

2244 882 2363 939 Οὐκ
2387 880 2572 938 οἷ’δατι
2620 883 2704 937 ὅτι
2766 883 2933 956 μικρὰ
2991 881 3137 955 ζύμη
3188 880 3318 941 ὅλον
3356 882 3418 938 τὸ
3478 882 3719 961 ιρύραμα
3751 888 3839 951 ζυ-

2179 977 2312 1045 μοῖ;
2344 972 2710 1047 Ἐκκαθάρατι
2738 973 2838 1041 τήν
2871 970 3111 1031 παλαιὰν
3173 971 3377 1044 ζύμην,
3428 969 3534 1031 ’ἱνα
3591 971 3696 1040 ἦτε
3726 970 3839 1027 νέον

2176 1061 2419 1140 φύραμα,
2486 1061 2668 1122 καθὼς
2724 1059 2842 1117 ἐστε
2897 1058 3116 1132 ἄζυμοι.
3202 1061 3295 1118 Καὶ
3355 1059 3457 1134 γὰρ
3521 1059 3595 1117 τὸ
3652 1061 3841 1135 Πάαχα

2175 1153 2335 1223 ἡμῶν
2381 1152 2513 1223 ὑπὲρ
2571 1153 2731 1224 ἡμῶν
2791 1149 2957 1218 ἆθύθη
3020 1149 3270 1224 Χριστός.
3329 1153 3493 1208 Ὥστε
3560 1150 3840 1224 ἱορτάζω-

2178 1262 2298 1315 μεν,
2333 1241 2407 1313 μή
2444 1239 2494 1295 ἐν
2531 1239 2674 1315 ζύμῃ
2706 1244 2940 1310 παΑαιᾷ,
3002 1235 3146 1312 μηδὶ
3191 1237 3244 1302 ἂν
3290 1238 3436 1314 ζύμῃ
3491 1238 3702 1303 κακίας
3757 1241 3844 1295 καὶ

2173 1329 2464 1402 πονηρίας,
2555 1328 2682 1385 ἀλλ’
2783 1326 2835 1385 ἐν
2939 1326 3169 1400 ἀζύμοις
3279 1327 3651 1401 εἰλικρινιίας
3755 1329 3842 1386 καὶ

2174 1416 2451 1488 ἀληθείας.

2242 1596 2351 1652 Καὶ
2383 1595 2559 1652 αὐτῶν
2592 1593 2851 1678 φείδεται.
2912 1594 3015 1652 Καὶ
3073 1596 3176 1675 γὰρ
3228 1595 3650 1675 ἀμελούμενον,
3686 1597 3843 1673 φησὶ,

2172 1686 2235 1742 τὸ
2267 1686 2451 1755 κακόν,
2481 1685 2571 1741 καὶ
2617 1689 2698 1763 τῷ
2753 1682 2934 1757 λοιπῷ
2988 1684 3309 1759 λυμαίνεται
3364 1693 3465 1755 τῆς
3497 1684 3847 1756 Ἐκκλησίας

2178 1776 2414 1848 σώματι,
2447 1772 2533 1829 διὰ
2561 1774 2623 1831 τὸ
2678 1774 2769 1829 καὶ
2823 1773 3040 1850 ἑτέρους
3096 1774 3225 1830 αὐτὸ
3290 1778 3842 1853 μιμεῖσθαι.⁰Ὠσπερ

414 1872 575 1928 enim
603 1870 985 1937 fermentum,
1018 1885 1153 1925 cum
1177 1867 1253 1922 sit
1281 1866 1785 1935 modicum,totam
1811 1864 2060 1920 fermen-

2175 1865 2279 1941 γὰρ
2311 1865 2456 1937 ζύμη
2515 1864 2684 1941 μικρᾶ
2716 1863 2850 1917 οὖσα
2877 1863 2942 1917 τὸ
2972 1863 3110 1917 ἅπαν
3173 1868 3358 1937 ζυμοῖ,
3414 1863 3507 1919 καὶ
3570 1864 3655 1927 εἷς
3706 1866 3842 1921 ἅπαν

411 1966 496 2017 tat
525 1960 1008 2033 conspersionem
1044 1965 1101 2013 et
1131 1958 1192 2017 in
1223 1963 1411 2015 totum
1445 1955 1801 2015 diffunditur
1832 1972 1844 2011 :
1880 1957 1963 2012 ita
2003 1961 2063 2010 et

412 2049 591 2120 hujus
623 2053 956 2119 peccatum,
1003 2047 1218 2117 inquit,
1247 2045 1466 2103 multos
1519 2044 1592 2099 ad
1651 2062 1711 2100 se
1771 2045 2058 2103 attrahit:

415 2160 441 2186 ‹‹
478 2138 808 2208 Expurgate
848 2141 1013 2190 vetus
1051 2135 1432 2189 fermentum.
1470 2154 1498 2182 ››
1547 2135 1662 2187 Hoc
1693 2139 1801 2201 est,
1832 2150 1930 2189 eos
1962 2133 2063 2204 qui

414 2224 753 2296 hujusmodi
778 2224 1277 2296 operanturAM)
1293 2225 1470 2277 Vetus
1484 2228 1681 2278 autem
1704 2224 2064 2278 fermentum

412 2317 573 2387 ipsos
605 2314 1168 2389 appellat,autquod
1200 2320 1441 2388 peccato
1464 2313 1777 2390 putrefacti
1809 2314 1947 2383 sint,
1963 2320 2065 2375 aut

404 2403 561 2478 quod
594 2420 803 2459 omnes
836 2404 897 2460 in
941 2404 1171 2459 Christo
1204 2420 1357 2459 nova
1389 2402 1509 2458 sint
1539 2408 1831 2473 creatura,
1866 2404 2064 2460 solum

403 2496 605 2548 autem
635 2497 947 2563 peccatum
972 2491 1047 2547 sit
1075 2496 1261 2548 vetus.

477 2580 692 2636 Dicens
724 2587 923 2636 autem
955 2603 982 2630 «
1010 2582 1364 2657 Expurgate,
1396 2601 1425 2630 ››
1463 2585 1731 2639 exactam
1768 2582 2064 2659 signiﬁcat

412 2671 848 2743 purgationem.
883 2692 911 2719 ‹‹
945 2672 1016 2725 Iit
1038 2670 1166 2725 sitis
1193 2686 1344 2725 nova
1372 2669 1738 2743 conspersio.
1775 2691 1802 2718 »
1832 2671 2057 2729 Novum

416 2760 574 2814 enim
610 2761 915 2815 hominem
940 2759 1101 2814 novit
1123 2758 1425 2829 Scriptura
1454 2758 1551 2837 qui
1586 2758 1807 2831 probus
1832 2764 1940 2829 est,
1964 2777 2059 2815 ve-

409 2853 595 2902 terem
614 2866 749 2904 vero
774 2848 944 2902 illum
968 2848 1067 2920 qui
1102 2846 1651 2921 impius.Signiﬁcat
1678 2854 1877 2907 autem
1903 2848 2062 2920 quod

412 2953 534 2997 non
564 2937 735 2994 multi
772 2942 941 2992 erant
971 2936 1128 3009 apud
1179 2952 1280 2991 eos
1340 2941 1697 3013 peccatores.
1733 2957 1760 2986 «
1814 2938 1885 2991 Ut
1932 2938 2062 2993 sitis

407 3044 557 3085 nova
587 3026 950 3099 conspersio.
986 3048 1011 3074 ››
1048 3027 1163 3080 Ηοο
1194 3030 1304 3097 est,
1356 3029 1519 3080 extra
1548 3030 1714 3079 vetus
1746 3024 1894 3081 illud
1941 3024 2059 3085 fer-

407 3116 780 3183 mentum,de
814 3133 929 3185 quo
953 3114 1198 3191 praedixi
1222 3114 1382 3191 quod
1408 3114 1671 3170 debeatis
1692 3114 1881 3190 azymi
1904 3130 2054 3184 esse,

407 3204 469 3259 id
500 3210 608 3273 est,
640 3205 931 3260 fermento
965 3208 1255 3259 carentes.
1280 3205 1349 3258 Et
1377 3202 1534 3259 unde
1566 3203 1948 3258 manifestum
1972 3209 2062 3258 est

407 3294 567 3365 quod
594 3293 887 3351 fermento
921 3309 1122 3348 carere
1151 3292 1475 3349 debeamus
1495 3290 1522 3346 ?
1543 3293 1621 3345 Ex
1646 3292 1853 3347 eodem
1876 3292 2059 3349 mani-

406 3382 627 3436 festum
659 3385 764 3435 est.
794 3404 821 3429 ‹‹
855 3381 999 3435 Nam
1034 3380 1261 3434 Pascha
1292 3386 1560 3433 nostrum
1603 3397 1705 3455 pro
1740 3381 1911 3439 nobis
1942 3381 2059 3435 im-

407 3468 662 3524 molatus
696 3474 787 3525 est
816 3469 1098 3523 Christus.
1138 3490 1167 3517 ››
1203 3468 1367 3525 Sicut
1397 3485 1533 3541 ergo
1568 3469 1625 3521 hi
1664 3469 1763 3543 qui
1800 3469 1909 3523 sub
1930 3468 2057 3541 lege

406 3556 700 3621 vivebant,
735 3556 1040 3613 immolato
1074 3556 1144 3611 ab
1178 3556 1323 3629 ipsis
1349 3557 1706 3629 temporaria
1739 3557 2058 3614 acirratio-

406 3650 527 3707 nali
560 3665 730 3722 agno,
767 3652 994 3720 septem
1027 3645 1234 3702 diebus
1262 3651 1431 3701 erant
1472 3645 1680 3717 azymi,
1712 3646 1771 3701 id
1802 3651 1910 3713 est,
1938 3646 2058 3701 fer-

412 3744 614 3799 mento
647 3742 936 3798 carentes.
972 3737 1170 3807 Neque
1203 3734 1363 3791 enim
1395 3733 1612 3791 licebat
1635 3734 2060 3792 fermentatum

411 3844 629 3902 panem
662 3831 764 3883 aut
792 3825 952 3882 domi
984 3824 1204 3883 habere
1245 3830 1346 3879 aut
1385 3823 1580 3879 edere.
1624 3826 1707 3879 Ita
1737 3841 1972 3897 quoque
2005 3830 2062 3879 et

411 3936 522 3976 nos
553 3924 774 3974 aeterno
807 3933 875 3971 ac
905 3913 1183 3971 rationali
1215 3930 1364 3987 agno
1397 3913 1496 3986 qui
1543 3913 1701 3973 tollit
1752 3920 2059 3993 peccatum

410 4007 620 4064 mundi
649 4022 754 4079 pro
784 4003 956 4059 nobis
980 4002 1287 4061 immolato
1319 4001 1454 4077 (hoc
1487 4002 1646 4055 enim
1678 4007 1769 4059 est
1789 4007 2059 4061 nostrum

407 4096 657 4166 Pascha)
688 4092 975 4153 debemus
1020 4107 1256 4163 semper
1285 4091 1577 4149 fermento
1608 4107 1808 4151 carere
1841 4096 1899 4145 et
1930 4107 2060 4145 esse

409 4202 560 4241 nova
599 4182 1036 4254 conspersio,ut
1066 4180 1218 4235 nihil
1239 4180 1453 4234 veteris
1475 4178 1752 4237 fermenti
1786 4180 1903 4234 sive
1930 4197 2061 4252 pec-

409 4274 523 4330 cati
547 4272 717 4328 nobis
749 4271 861 4342 ipsi
890 4268 1288 4325 conferamus.
1324 4266 1466 4321 Vide
1508 4274 1709 4327 autem
1764 4269 2060 4338 quomodo

411 4366 847 4433 consequenter
878 4375 945 4414 ac
970 4357 1346 4414 familiariter
1367 4358 1765 4429 permanserit
1795 4358 1855 4411 in
1884 4361 2062 4419 meta-

412 4453 619 4525 phora.
654 4449 943 4516 Quoniam
970 4446 1129 4508 enim
1161 4450 1468 4521 peccatum
1502 4446 1630 4523 ejus
1656 4446 1755 4519 qui
1789 4452 2062 4521 stuprum

413 4542 812 4605 commiserat,
896 4535 1226 4613 appellarat
1283 4532 1679 4593 fermentum:
1736 4535 2060 4590 ostendens

412 4631 570 4703 quod
602 4647 669 4684 ex
701 4625 957 4696 hoc,nisi
985 4623 1351 4698 puriﬁcetur,
1375 4622 1548 4678 facile
1580 4629 1638 4677 et
1667 4623 1784 4680 alia
1816 4631 2061 4695 paratur

407 4734 605 4775 massa
625 4718 742 4771 sive
758 4714 1101 4788 conspersio
1127 4731 1139 4767 :
1176 4712 1398 4785 aptavit
1438 4718 1877 4785 consequenter
1907 4719 1964 4767 et
1995 4730 2064 4771 ea

408 4825 538 4880 quae
571 4811 1157 4876 sequuntur,nempe
1181 4808 1346 4857 vetus
1374 4801 1734 4859 fermentum
1768 4809 1825 4857 et
1854 4820 2064 4863 novam

410 4895 897 4966 conspersionem
928 4910 995 4951 ac
1026 4908 1261 4965 azymos
1284 4891 1400 4945 sive
1433 4907 1616 4962 panes
1650 4892 1941 4951 fermento
1965 4910 2063 4947 ca-

413 4991 615 5044 rentes
650 5001 663 5040 :
698 4984 945 5041 virtutes
973 5000 1039 5038 ac
1072 4980 1211 5035 vitia
1233 4980 1325 5037 his
1350 4979 1668 5052 designans
1701 4982 2060 5040 nominibus.

416 5100 443 5129 ‹‹
480 5080 623 5132 Nam
646 5072 945 5130 etPascha
966 5068 1649 5141 nostrum.»Conjunctio
1673 5069 1774 5145 γάρ
1807 5070 2063 5127 causalis

413 5171 502 5223 est
532 5166 613 5223 ita
642 5161 960 5220 causaliter
986 5158 1247 5233 ponitur.
1283 5179 1310 5207 ‹‹
1344 5159 1489 5213 Nam
1538 5159 1762 5213 Pascha
1792 5164 2062 5213 nostrum

411 5273 519 5330 pro
553 5254 723 5313 nobis
754 5249 1096 5309 immolatus
1120 5246 1510 5307 estChristus.
1543 5270 1570 5297 ››
1599 5249 1886 5317 Quoniam
1905 5249 2062 5309 enim

406 5345 582 5419 Jubet
598 5344 691 5399 lex
712 5346 843 5421 post
860 5336 1241 5414 primogeniti
1266 5336 1564 5392 victimam
1587 5337 1645 5392 in
1667 5339 1950 5395 Paschate
1969 5356 2061 5393 se-

414 5440 578 5507 ptem
610 5432 815 5487 diebus
847 5447 1032 5503 panes
1052 5429 1343 5487 fermento
1376 5433 1648 5485 carentes
1692 5427 1888 5496 edere,
1921 5428 2066 5483 dicit

420 5521 580 5592 quod
611 5537 794 5591 panes
818 5520 904 5573 illi
935 5521 1227 5575 fermento
1251 5522 1519 5571 carentes
1571 5516 1758 5587 ﬁgura
1788 5522 1959 5571 erant
1989 5536 2061 5573 ne

418 5626 530 5664 nos
560 5608 882 5678 quidquam
914 5609 1194 5662 vitiorum
1226 5606 1286 5659 in
1312 5605 1486 5660 nobis
1513 5605 1659 5677 ipsis
1685 5607 2061 5673 haberemus,

422 5699 494 5754 de
526 5713 663 5768 quo,
694 5698 831 5762 ait,a
847 5696 1113 5751 Christus
1144 5693 1550 5763 immolatus,»
1580 5695 1642 5749 in
1666 5695 1914 5768 ﬁguram
1928 5696 2060 5767 agni

2170 1954 2482 2028 ἀναχεῖται,
2514 1951 2686 2013 οὕτως
2742 1952 2832 2007 καὶ
2864 1954 2899 2021 ἡ
2924 1951 3123 2007 τούτου
3181 1953 3441 2027 ἁμαρτία,
3501 1952 3673 2030 φησί,
3707 1952 3838 2028 πρὸς

2173 2043 2367 2110 ἑαυτὴν
2439 2040 2729 2098 ἐπισπᾶται
2787 2037 3057 2103 πολλούς.
3106 2065 3132 2091 α
3166 2040 3535 2115 Ἐκκαθᾶρατε
3587 2043 3694 2112 τήν
3739 2062 3841 2095 πα-

2173 2131 2332 2186 λαιὰν
2366 2131 2565 2205 ζύμην.
2604 2153 2630 2180 ››
2670 2129 2956 2197 Τουτίστι,
2988 2130 3117 2193 τοὺς
3178 2131 3244 2184 τὰ
3271 2135 3498 2184 τοιαῦτα
3561 2133 3808 2208 πράσσον

2168 2240 2284 2281 τας.
2316 2217 2559 2273 Παλαιὰν
2594 2214 2652 2272 δὲ
2684 2215 2878 2278 αὐτοὺς
2908 2215 3087 2291 ζύμην
3141 2216 3320 2287 καλεῖ,
3366 2218 3401 2287 ἢ
3457 2217 3554 2274 διὰ
3589 2221 3654 2279 τὸ
3687 2239 3812 2288 σεση

2170 2307 2421 2385 πέναιτῇ
2467 2306 2723 2383 ἁμαρτίᾳ,
2784 2305 2820 2376 ἢ
2878 2303 2962 2360 ὅτι
3020 2304 3073 2361 ἐν
3134 2310 3355 2387 Χριστῷ
3412 2307 3621 2376 πάντες
3677 2309 3831 2376 καινὴ

2168 2397 2363 2468 κτίσις,
2398 2396 2536 2477 μόνη
2574 2392 2630 2451 δὲ
2655 2398 2689 2466 ἠ
2724 2395 2965 2471 ἁμαρτία
2992 2393 3216 2451 παλαιά.

2240 2576 2313 2632 Τὸ
2345 2574 2424 2648 δὲ,
2462 2599 2490 2627 ‹‹
2516 2573 2900 2657 Ἐκκαθάρατε,
2931 2595 2964 2629 ιι
3003 2576 3104 2645 τὴν
3153 2570 3350 2649 ἀκριϐῆ
3397 2573 3574 2648 δηλοῖ
3626 2578 3821 2652 κάθαρ-

2170 2689 2272 2723 σιν.
2303 2688 2334 2721 ι(
2367 2668 2482 2722 Ἲνα
2528 2668 2625 2739 ἦτε
2680 2663 2795 2721 νέον
2857 2665 3101 2746 φύραμα.
3138 2690 3164 2717 υ
3232 2668 3363 2738 Ἵνα,
3418 2667 3577 2745 φησί,
3638 2668 3820 2727 πάντες

2167 2757 2263 2829 ἦτε
2300 2760 2398 2810 τοῦ
2466 2755 2584 2809 νέου
2643 2755 2980 2836 φυράματος.
3045 2755 3180 2813 Νὲον
3240 2755 3342 2831 γὰρ
3407 2752 3558 2813 οἶδεν
3611 2756 3811 2831 ἅνθρω-

2167 2865 2268 2898 πον
2318 2845 2351 2917 ἡ
2406 2843 2590 2920 Γραφή
2648 2844 2738 2901 τὸν
2803 2843 3067 2921 ἐνάρετον,
3126 2842 3362 2899 παλαιὸν
3421 2842 3498 2912 δὲ,
3556 2846 3643 2907 τὸν
3696 2846 3803 2904 ἀσε-

2170 2928 2264 3005 ϐῆ.
2299 2931 2476 3008 Δηλοῖ
2506 2930 2563 2987 δὲ
2593 2934 2677 2989 δτι
2712 2933 2773 2991 ού
2803 2931 3011 2989 πολλοὶ
3052 2934 3187 3003 ἦσαν
3247 2934 3378 3017 παρ’
3432 2933 3602 3000 αὐτοῖς
3628 2937 3792 3010 ἆμαρ-

2168 3020 2362 3080 τωλοί.
2398 3046 2425 3073 ει
2454 3024 2571 3078 Ἵνα
2603 3022 2788 3103 φησὶν,
2848 3022 2966 3093 ἦτε,
2996 3046 3023 3073 ››
3072 3021 3367 3094 τουτέστιν,
3418 3022 3554 3087 ἐκτὸς
3581 3030 3674 3094 τῆς
3700 3041 3792 3077 πα-

2168 3112 2327 3175 λαιᾶς
2390 3113 2567 3187 ζύμης
2637 3112 2843 3183 ἐκείνης
2923 3112 3047 3188 περὶ
3107 3114 3172 3184 ἧς
3242 3114 3369 3171 εἶπα
3404 3159 3417 3182 ,
3475 3114 3651 3177 καθὼς
3694 3111 3802 3168 ἔστε

2093 3241 2136 3313 c
2174 3200 2395 3275 ἄζυμοι.
2465 3201 2660 3265 Καθὼς
2696 3245 2709 3270 ,
2768 3200 2921 3280 φησὶ,
2983 3202 3150 3281 χρέος
3211 3204 3338 3275 ὑμῖν
3400 3202 3538 3258 ἐστιν
3595 3203 3812 3277 ἀζύμοις

2180 3290 2224 3313 .ν
2266 3312 2283 3313 η
2366 3290 2531 3313 ΙΙῙΑ-..
2572 3286 2623 3313 βλ
2660 3286 2752 3313 ’.σῚ
2778 3312 2785 3313 κ
2893 3288 2967 3313 θ’-.
3034 3288 3092 3313 νν
3184 3312 3191 3313 κ
3216 3312 3221 3313 ,
3297 3291 3312 3313 ’
3393 3291 3434 3313 ’λ
3666 3294 3692 3313 ν
3804 3310 3812 3313 -

2173 3290 2333 3347 εἶναι.
2366 3290 2534 3353 Πόθεν
2569 3286 2627 3344 δὲ
2657 3286 2824 3358 δῆλον
2888 3288 2972 3344 ὅτι
3025 3288 3227 3363 ἄζυμοι
3288 3291 3584 3375 ὀφείλομεν
3640 3294 3817 3359 sim;

2170 3380 2409 3437 Αύτόθεν
2444 3379 2694 3457 φανερόν.
2740 3380 2817 3434 Τὸ
2845 3378 2948 3454 γαρ
2991 3403 3019 3431 ‹‹
3058 3380 3251 3457 Πάσχα
3281 3383 3465 3453 ἡμῶν,
3501 3381 3638 3459 ὑπὲρ
3672 3384 3821 3456 ἡμῶν

2169 3467 2330 3543 ἐτύθη
2367 3468 2619 3549 Χριστός.
2655 3491 2683 3518 ››
2740 3469 2943 3547 Ὥσπερ
3003 3468 3096 3523 οῦν
3156 3469 3209 3524 οἱ
3238 3468 3292 3525 ἐν
3321 3473 3400 3545 τῷ
3428 3472 3590 3544 νόμῳ
3646 3474 3820 3549 βιοῦν-

2166 3578 2275 3626 τες,
2338 3558 2609 3631 θυομένου
2679 3555 2861 3618 αὐτοῖς
2920 3562 3018 3613 τοῦ
3071 3560 3407 3639 προσκαίρου
3466 3561 3558 3617 καὶ
3620 3559 3819 3638 ἀλόγου

2171 3647 2366 3720 ἀμνοῦ,
2397 3644 2447 3699 ὲν
2478 3645 2613 3701 ἑπτα
2671 3641 2907 3722 ἡμέραις
2959 3644 3159 3718 ἄζυμοι
3219 3647 3355 3714 ἦσαν
3410 3647 3495 3718 (ού
3544 3651 3653 3731 γὰρ
3704 3648 3823 3720 ἐξῆν

2170 3734 2355 3798 αὐτοῖς
2416 3733 2765 3813 ἐζυμωμὲνον
2825 3730 2954 3790 οὕτε
2994 3733 3142 3815 ἔχειν
3207 3734 3347 3793 οἷ’κοι
3408 3733 3532 3795 οὔτε
3591 3745 3825 3816 φαγεῖνιο

2170 3824 2348 3887 οὕτως
2376 3823 2467 3883 καὶ
2539 3825 2718 3899 ὑμεῖς,
2777 3828 2874 3879 τοῦ
2934 3824 3156 3879 αἱώνίου
3213 3825 3301 3879 καὶ
3360 3824 3595 3901 λογικοῦ
3651 3829 3828 3901 ἀμνοῦ

2167 3918 2265 3968 τοῦ
2313 3911 2555 3988 αἶ’ροντος
2613 3913 2712 3982 τήν
2762 3914 3028 3993 ἁμαρτίαν
3062 3918 3160 3969 τοῦ
3215 3915 3424 3988 κόσμου
3486 3916 3619 3991 ὑπὲρ
3668 3920 3828 3987 ἡμῶν

2167 4004 2419 4064 τυθὲντος
2478 4007 2661 4075 (τοῦτο
2743 4003 2846 4080 γαρ
2932 4001 3045 4058 ἐστι
3138 4003 3201 4058 τὸ
3258 4003 3523 4079 ἡμέτερον
3584 4008 3824 4090 Πάσχαγ

2169 4091 2464 4175 decimus»;
2496 4091 2693 4162 ἄζυμοι
2725 4091 2807 4153 ἀεὶ
2849 4092 2939 4147 καὶ
2990 4092 3172 4147 καινὸν
3200 4093 3422 4177 φύραμα
3453 4096 3614 4162 εἶναι,
3650 4091 3825 4169 μηδὲν

2166 4187 2268 4250 τῆς
2300 4179 2538 4241 παλαιᾶς
2576 4179 2773 4253 ζύμης,
2804 4178 2931 4249 ἤτοι
2960 4187 3061 4251 τῆς
3102 4181 3393 4256 ἁμαρτίας,
3445 4183 3662 4246 ἑαυτοῖς
3694 4205 3825 4239 συνσ-

2170 4268 2573 4347 επιιρερόμενοι.
2606 4270 2746 4343 ’Ὀρα
2805 4266 2862 4324 δὲ
2918 4273 3038 4331 πῶς
3089 4268 3460 4340 καταλλήλως
3519 4275 3611 4327 καὶ
3652 4294 3825 4347 προσ-

2170 4379 2310 4436 φυπς
2370 4356 2619 4430 ἐπέμεινε
2655 4361 2724 4430 τῇ
2780 4361 2981 4433 τροπῇ.
3042 4355 3267 4428 Ἐπειδὴ
3312 4360 3415 4434 γὰρ
3468 4364 3566 4415 τοῦ
3616 4382 3824 4441 πεπορ-

2169 4445 2417 4508 νευκότος
2475 4447 2573 4515 τὴν
2636 4445 2901 4520 ἁμαρτίαν
2964 4446 3140 4520 ζύμην
3203 4445 3484 4520 ἐκάλεσεν,
3545 4448 3822 4530 ἐμιραίνιυν

2171 4534 2255 4589 ὅτι
2315 4534 2391 4606 μὴ
2451 4532 2912 4609 ἐκκαθαιρομένης
2970 4535 3195 4606 ταύτης,
3252 4536 3395 4612 ταχὺ
3456 4538 3644 4595 καὶτὸ
3675 4538 3816 4595 ἄλλο

2090 4611 2134 4679 Ῐ)
2168 4628 2634 4696 συναναζυμοῦται
2697 4624 2940 4699 φύραμα,
2994 4611 3582 4701 ἀκολούθωςῃῆρμοσε
3636 4629 3824 4683 καὶτὰ

2169 4713 2405 4787 ἐφεξῆς,
2487 4714 2665 4788 ζύμην
2719 4712 2955 4770 παλαιὰν
2994 4758 3007 4784 ,
3063 4715 3152 4770 καὶ
3234 4716 3351 4771 νέον
3402 4717 3627 4801 φύραμα
3661 4762 3675 4787 ,
3733 4722 3820 4776 καὶ

2167 4802 2432 4876 ἀζύμους,
2464 4804 2559 4863 τὰς
2619 4803 2809 4877 ἀρετὰς
2840 4802 2929 4858 καὶ
2988 4804 3199 4872 κακίας,
3259 4804 3477 4875 τούτοις
3534 4815 3652 4871 τοῖς
3704 4809 3821 4864 όνό-

2171 4913 2330 4964 μασιν
2367 4889 2684 4961 ὑποδηλῶν.
2740 4916 2768 4942 ‹‹
2804 4892 2905 4948 Καὶ
2935 4893 3035 4975 γὰρ
3094 4894 3157 4947 τὸ
3217 4896 3431 4973 Πάσχα.
3468 4920 3495 4946 ››
3553 4899 3637 4967 Ὁ,
3697 4900 3819 4976 γάρ,

2168 4978 2465 5057 σύνδεσμος
2512 4978 2911 5059 αίτιολογικός.
2974 4982 3097 5037 Ἐπὶ
3151 4982 3301 5053 αἰτίᾳ
3366 4983 3457 5038 οὖν
3517 4992 3711 5044 κεῖται.
3747 4990 3820 5045 Τὸ

2165 5070 2291 5144 γὰρ,
2339 5070 2602 5148 «Πάσχα
2657 5072 2821 5142 ἡμῶν
2882 5069 3014 5143 ὑπὲρ
3072 5072 3235 5142 ἡμῶν
3288 5069 3447 5141 ἐτύθη
3504 5074 3758 5150 Χριστός.
3794 5099 3817 5129 ι

2168 5155 2391 5226 Ἐπειδή
2424 5158 2524 5231 γὰρ
2558 5159 2587 5213 ὁ
2614 5158 2783 5232 νόμος
2842 5156 3149 5233 διαγορεύει
3186 5162 3319 5231 μετᾶ
3373 5162 3472 5229 τὴν
3530 5168 3627 5218 τοῦ
3668 5186 3817 5239 πρω-

2167 5248 2399 5303 τοτόκου
2452 5246 2658 5319 θυσίαν,
2707 5258 2758 5307 εν
2812 5252 2891 5319 τῷ
2950 5247 3147 5322 Πάσχα
3178 5249 3310 5304 ἑπτὰ
3348 5252 3563 5328 ἡμέρας
3620 5252 3815 5329 ἄζυμα,

2172 5335 2362 5398 ἐσθίειν
2397 5379 2411 5404 ,
2467 5336 2630 5410 φησὶν
2671 5380 2684 5405 ,
2745 5336 2828 5391 ὅτι
2897 5334 3066 5397 τύπος
3132 5337 3198 5405 ἦν
3266 5338 3443 5395 ἐκεῖνα
3499 5342 3566 5396 τὰ
3622 5342 3818 5418 ἄζυμα,

2167 5429 2268 5479 τοῦ
2299 5426 2448 5497 ὑμᾶς
2485 5427 2560 5499 μή
2620 5425 2767 5500 ἔχειν
2822 5424 2876 5480 ἐν
2930 5427 3144 5489 ἑαυτοῖς
3169 5447 3222 5483 τι
3278 5434 3378 5497 τῆς
3430 5429 3643 5502 κακίας,
3702 5435 3816 5507 περὶ

2168 5516 2233 5582 ἧς
2264 5535 2449 5588 φησιν.
2481 5515 2542 5572 Ὀ
2592 5515 2695 5591 γὰρ
2756 5514 2989 5589 Χριστὸς
3043 5515 3244 5584 τυοεὶς,
3298 5518 3486 5595 φησὶν,
3519 5519 3595 5583 εἷς
3653 5523 3817 5577 τύπον

2168 5606 2265 5656 τοῦ
2320 5603 2676 5675 πρωτοτόκου
2734 5604 2907 5675 ἀμνοῦ
2936 5601 3170 5667 τέθυται.
3229 5604 3559 5679 Ἐπάναγκες
3617 5608 3684 5663 οῦ
3731 5611 3816 5664 καὶ

2169 5694 2318 5765 ἡμᾶς
2350 5691 2439 5746 τὸν
2470 5690 2640 5747 τύπον
2698 5696 2806 5746 τῶν
2861 5690 3082 5765 ἀζύμων
3141 5690 3413 5767 πληροῦν,
3454 5696 3506 5750 ἐν
3531 5694 3613 5770 τῷ
3665 5699 3820 5756 ἑκκα-
