4106 6252
271 406 386 466 701

1288 406 1694 467 COMMENT.
1743 405 1829 466 IN
1877 407 2125 467 EPIST.
2175 409 2197 468 Ι
2242 410 2343 468 AD
2386 414 2748 475 COBINTH.

3585 417 3705 476 702

277 539 484 614 iluipstv
519 538 748 600 ἑαυτοὺς
793 538 899 596 ἀπὸ
957 545 1056 608 τῆς
1117 536 1296 612 ζύμης
1356 543 1456 607 τῆς
1509 537 1801 610 πονηρίας,
1858 537 1928 591 ’ἰνε

2061 541 2438 614 primogeniti
2471 546 2812 606 immolatus
2874 549 2982 604 est.
3035 546 3278 617 OpOrtet
3309 562 3443 617 ergo
3499 551 3558 602 et
3596 564 3704 608 nos

277 629 506 691 τελείως
537 627 864 704 ἐπιτελεσθῇ
894 630 956 684 τὸ
994 629 1192 699 νοητὸν
1226 628 1440 703 Πάσχα.
1503 652 1528 678 ιι
1566 629 1724 702 Ὑπὲρ
1776 629 1937 699 ἡμῶν

282 719 444 792 ἐτύθη
480 720 742 795 Χριστός.
779 744 806 774 ιι
838 717 1008 782 Πάλιν
1058 718 1378 794 εὐεργεσιῶν
1437 715 1729 793 μέμνηται,
1779 719 1940 774 Ὥστε

279 811 650 885 ἑορτάζωμεν.
685 809 990 884 Ἐορτάζειν
1035 809 1136 885 γὰρ
1196 808 1310 882 χρή
1363 807 1449 866 ἐπὶ
1498 813 1616 870 ταῖς
1675 805 1937 882 μεγάλαις

284 898 500 974 δωρεῖς.
536 923 565 951 ιι
601 899 693 967 Μὴ
722 897 775 956 ἐν
811 897 958 973 ζύμῃ
1006 895 1234 967 παλαιᾷ.
1269 920 1300 950 n
1357 900 1436 970 Τῇ
1493 900 1672 970 τροπῇ
1734 895 1939 969 ἐνὲμειη

278 1011 386 1056 νίν,
423 988 621 1046 ὡσανεὶ
669 984 860 1062 λέγων·
900 989 993 1057 Μὴ
1052 987 1104 1049 ἂν
1163 990 1390 1060 πονηρῷ
1447 986 1536 1042 καὶ
1598 990 1750 1058 κακῷ
1809 985 1936 1060 βίῳ,

275 1077 408 1134 ἀλλ’
440 1076 495 1134 ἐν
525 1076 635 1151 βίῳ
670 1077 747 1148 μὴ
779 1071 966 1152 ἔχοντι
1000 1076 1279 1150 ἐπιμιξίαν
1312 1082 1410 1144 τῆς
1440 1080 1671 1134 παλαιᾶς
1724 1072 1936 1144 ἐκείνης

283 1168 466 1239 ζύμης
521 1174 623 1236 τῆς
685 1163 921 1239 tensae»;
977 1166 1068 1226 καὶ
1156 1163 1472 1235 σεσηπυίας,
1530 1162 1824 1233 τουτέςτιν,
1885 1161 1936 1219 ἐν

274 1259 500 1331 καθαρῷ
528 1256 620 1316 καὶ
663 1250 951 1328 ἁκιϐδήλῳ
984 1255 1112 1336 βίῳ,
1144 1256 1320 1319 Τοῦτο
1349 1255 1454 1328 γάρ
1511 1251 1674 1324 ἐστιν,
1709 1275 1736 1306 ιι
1771 1253 1936 1328 Ἀζόρ

285 1365 411 1415 μοις
441 1342 792 1422 εἶλικρινείας
819 1344 910 1402 καὶ
941 1341 1226 1413 ἀληθείας.
1263 1366 1291 1396 υ

2053 630 2300 702 ﬁguram
2333 635 2628 706 complere
2660 651 2881 707 panum
2911 633 3204 689 fermento
3223 635 3576 709 carentium,
3602 653 3705 694 ex-

2055 721 2360 792 purganda
2390 739 2500 778 nos
2532 723 2691 795 ipsos
2723 740 2758 785 ο
2786 722 3077 778 fermento
3109 723 3434 794 pravitatis,
3470 730 3534 780 ut
3565 743 3702 797 per-

2047 810 2202 872 fecte
2228 812 2563 875 celebretur
2618 815 2681 872 in
2740 814 2915 872 nobis
2989 815 3400 870 intellectuale
3458 818 3703 878 Pascha.

2050 924 2076 951 «
2116 903 2226 960 Pro
2260 903 2430 964 nobis
2462 905 2807 966 immolatus
2839 911 2928 964 est
2957 905 3245 964 Christus.
3285 928 3311 954 »
3345 909 3568 964 Rursus
3601 908 3704 964 be-

2050 991 2403 1054 neﬁciorum
2437 995 2730 1054 meminit.
2770 1017 2791 1044 ι
2813 993 3016 1065 Itaque
3035 995 3250 1052 festum
3274 993 3703 1056 celebremus.»

2049 1080 2192 1140 Nam
2225 1080 2298 1138 ob
2327 1099 2540 1155 magna
2571 1083 2728 1142 dona
2758 1083 3060 1140 celebrare
3089 1083 3241 1140 festa
3271 1089 3522 1154 oportet.
3551 1087 3703 1144 460

2048 1189 2076 1217 α
2111 1169 2236 1228 Non
2269 1169 2328 1230 in
2360 1170 2653 1228 fermento
2687 1173 2886 1233 veteri.
2923 1194 2947 1221 ιι
2982 1175 3045 1228 In
3071 1171 3421 1242 metaphora
3442 1190 3704 1243 persevc'

2047 1261 2155 1322 rat,
2191 1274 2258 1318 ac
2291 1259 2338 1316 si
2370 1259 2632 1322 diceret:
2667 1262 2792 1316 Non
2844 1262 2902 1322 in
2953 1261 3168 1317 vitiosa
3216 1276 3509 1333 pravaque
3559 1262 3698 1332 vita,

2049 1345 2152 1405 sed
2177 1347 2241 1404 in
2273 1349 2390 1404 vita
2419 1365 2551 1420 qum
2581 1350 3061 1408 commistionem
3094 1366 3216 1404 non
3239 1349 3456 1406 habeat
3483 1352 3699 1410 veteris

279 1435 446 1492 illius
474 1435 752 1496 tormenti
785 1434 939 1492 acidi
971 1435 1280 1506 gravisque
1309 1433 1526 1500 odoris,
1563 1433 1673 1488 hoc
1705 1439 1795 1487 est
1825 1433 1884 1488 in
1924 1449 2076 1504 pura
2106 1436 2569 1510 incorruptaque
2601 1439 2715 1498 vita
2746 1455 2759 1500 ;
2793 1455 2930 1494 nam
2958 1439 3069 1496 hoc
3101 1444 3192 1494 est
3239 1439 3396 1510 quod
3439 1440 3541 1496 ait.
3575 1463 3603 1490 ιι
3638 1442 3701 1500 In

278 1525 494 1597 azymis
524 1523 883 1584 sinceritatis
913 1528 972 1584 at
1001 1523 1262 1582 veritatis
1297 1545 1324 1571 ››
1358 1521 1442 1593 (id
1474 1527 1583 1590 est,
1616 1521 1674 1576 in
1710 1521 1964 1593 panibus
1989 1522 2286 1584 fermento
2316 1527 2658 1588 carentibus
2677 1527 2776 1598 qui
2809 1533 2949 1584 sunt
2979 1527 3290 1584 sinceritas
3325 1544 3391 1586 ac
3434 1528 3672 1599 veritas)

348 1623 600 1694 Ἔγραψα
666 1620 795 1693 ὑμῖν
853 1617 905 1679 ἐν
972 1622 1042 1691 τῇ
1138 1615 1430 1690 ἄπιστολῇ,
1496 1619 1570 1690 μὴ
1641 1615 1930 1690 συναναμίο

266 1721 499 1785 γνυσθαι
599 1711 842 1784 πόρνοις,
919 1709 1008 1768 καὶ
1085 1706 1147 1768 οὐ
1222 1708 1438 1770 πάντως
1511 1711 1630 1769 τοῖς
1705 1708 1930 1781 πόρνοις

267 1803 367 1855 τοῦ
425 1793 639 1870 κόσμου
707 1799 926 1867 τούτου,
993 1800 1030 1868 ἢ
1095 1801 1214 1858 τοῖς
1281 1794 1657 1865 πλεονέκταις,
1727 1797 1760 1864 ἢ
1824 1794 1926 1870 ἄρ.

267 1890 454 1961 παξιν,
509 1888 546 1956 ἦ
611 1885 1064 1962 εἰδωλολάτραις.
1144 1887 1294 1944 Ἑπεὶ
1369 1884 1611 1962 ὀφείλετε
1697 1887 1800 1959 ἂρα
1872 1885 1931 1942 ἐκ

2117 1622 2178 1689 V,
2223 1626 2380 1678 9-11.
2414 1623 2625 1692 Scripsi
2651 1625 2799 1685 vobis
2829 1627 2886 1678 in
2943 1623 3178 1694 epistola
3227 1641 3294 1681 ne
3343 1627 3697 1686 commiscea-

2041 1712 2184 1764 mini
2212 1727 2334 1766 cum
2362 1713 2757 1772 scortatoribus
2785 1720 2838 1768 et
2868 1723 2978 1772 non
3013 1713 3239 1774 omnino
3269 1730 3391 1768 cum
3437 1721 3701 1771 scortato-

2039 1799 2190 1855 rihus
2210 1801 2402 1858 mundi
2416 1801 2600 1872 hujus,
2625 1809 2722 1858 aut
2750 1805 3060 1868 avaris,aut
3084 1802 3504 1874 rapacibus,aut
3523 1804 3698 1862 idolo-

2042 1888 2214 1947 latria.
2250 1891 2480 1960 Alioqui
2510 1891 2774 1948 deberetis
2805 1910 2935 1948 sane
2965 1893 3030 1947 de
3058 1894 3270 1949 mundo
3303 1891 3479 1947 exire.
3541 1897 3696 1954 Nunc

268 1981 369 2034 τοῦ
425 1977 638 2050 κόσμου
691 1975 948 2050 ἐξελθεῖν.
1009 1975 1142 2034 Νυνὶ
1201 1973 1259 2035 δὲ
1341 1971 1546 2051 ἔγραψα
1634 1975 1762 2047 ὑμῖν
1851 1977 1926 2048 μὴ

2044 1987 2222 2036 autem
2252 1983 2453 2050 scripsi
2481 1981 2636 2040 vobis
2663 2000 2732 2042 ne
2760 1985 3241 2044 commisceamini.

273 2068 794 2140 συναναμίγνυσθαιε

345 2157 559 2229 [ΦΩΤ.]
591 2157 708 2214 Ηοῦ
736 2152 1004 2230 ἔγραψενς
1061 2156 1149 2214 Ἐν
1208 2153 1288 2216 οἷς
1347 2151 1518 2228 λέγει·
1581 2175 1607 2213 ε
1642 2154 1740 2208 Καὶ
1800 2153 1930 2231 οὐχί

274 2243 494 2319 μᾶλλον
520 2245 866 2316 ἐπενεήσατε,
894 2240 985 2304 ’ίνα
1034 2241 1230 2318 ἐξαρθῇ
1258 2240 1319 2302 ἐκ
1351 2245 1516 2315 μέσου
1573 2242 1724 2314 ὑμῶν
1756 2242 1782 2300 ὁ
1813 2262 1931 2300 τοι-ρ

272 2339 454 2403 οὗτος,
488 2358 518 2386 ››
551 2333 681 2408 οὐχὶ
711 2335 739 2390 ὁ
763 2331 927 2402 δεῖνα,
963 2333 998 2404 ἢ
1033 2333 1062 2390 ὁ
1091 2329 1237 2390 δεῖνα
1265 2329 1393 2391 ἀλλ’
1432 2332 1578 2396 ὅστις
1611 2329 1669 2384 ἂν
1694 2329 1730 2406 ᾖ
1753 2333 1931 2386 τοιοῦ-

271 2445 393 2492 τος,
428 2425 531 2486 Καὶ
560 2422 751 2479 πάλιν·
791 2448 812 2476 ιι
849 2423 1214 2496 Ἐκκαθάρατε
1249 2422 1350 2490 τὴν
1382 2419 1620 2480 παλαιὰν
1669 2420 1867 2492 ζύμην.
1899 2443 1928 2472 »

274 2511 412 2586 οὐχὶ
442 2507 607 2581 τήνδε
635 2512 670 2579 ἢ
699 2507 886 2581 τήνδε,
917 2507 1046 2566 ἀλλ’
1077 2507 1216 2579 ὅλην
1265 2511 1366 2579 τὴν
1426 2507 1664 2566 παλαιὰν
1725 2507 1925 2581 ζύμην.

277 2595 474 2656 Λαϐὼν
514 2600 614 2673 γὰρ
660 2599 920 2674 ἀφορμὴν
980 2598 1086 2656 ἀπὸ
1152 2602 1249 2654 τοῦ
1308 2598 1422 2660 ἑνὸς
1476 2601 1573 2652 τοῦ
1629 2616 1926 2671 πεπορνευτ

281 2690 471 2758 κότος,
502 2687 588 2746 ἰπὶ
616 2689 677 2744 τὸ
702 2689 882 2750 κοινὸν
914 2682 1202 2744 ἀνεϐίϐασε
1247 2688 1339 2746 τὸν
1398 2685 1579 2762 λόγον,
1630 2688 1927 2760 τουτέστιν,

291 2777 378 2834 ἰπὶ
413 2777 584 2834 πάντα
611 2778 820 2849 πόρνσν.
857 2779 1105 2838 Κάκεῖθεν
1143 2775 1309 2836 πάλιν
1363 2776 1674 2849 κοινότερον
1726 2773 1802 2834 ἔτι
1835 2776 1925 2836 τὸν

285 2867 460 2944 λόγον
491 2868 823 2947 ἀποφαίνων,
869 2868 1080 2945 ἐπάγων
1136 2871 1199 2926 τὸ
1238 2867 1369 2928 αὐτὸ
1415 2866 1786 2943 παράγγελμα
1837 2869 1926 2922 καὶ

279 2957 371 3015 ἐπὶ
401 2963 510 3015 τῶν
537 2959 603 3014 τὰ
629 2959 799 3032 ὅμοια
828 2956 1337 3032 πλημμελούντων,
1369 2959 1478 3014 οἷον
1538 2955 1926 3014 πλεονεκτοόνο

277 3067 408 3115 των,
443 3044 1018 3122 εἰδωλολατρούντων,
1049 3046 1138 3104 καὶ
1171 3044 1226 3107 εἷ’
1249 3068 1301 3108 τι
1332 3045 1542 3118 ὅμοιον.
1575 3069 1603 3096 ››
1633 3050 1759 3107 Τοῖς
1792 3044 1930 3120 πόρ’

273 3157 387 3198 νοις
419 3141 520 3192 τοῦ
549 3137 763 3210 κόσμου
796 3138 1016 3196 τούτου.
1049 3159 1078 3188 n
1110 3137 1226 3196 Ἵνα
1257 3137 1333 3207 μή
1364 3134 1663 3207 νομίσωσιν
1689 3134 1926 3212 ὀφείλειν

269 3226 511 3290 καὶτοῖς
539 3230 647 3284 τῶν
674 3225 960 3296 Ἐλλήνων
1005 3223 1230 3299 πόρνοις
1291 3226 1367 3296 μὴ
1417 3223 1926 3299 συναναμίγνυσθαι,

270 3316 402 3390 ὅπερ
459 3319 529 3385 ἦν
587 3313 849 3372 ἀδύνατον
903 3321 1024 3378 τοῖς
1079 3313 1242 3374 πόλιν
1299 3314 1534 3386 οἰκοῦσι,
1611 3311 1925 3387 διορθοῦται

266 3405 418 3461 αὐτό.
443 3406 522 3462 Τὸ
552 3401 632 3471 δὲ,
667 3428 696 3457 ιι
727 3405 971 3474 πάντως,
1003 3429 1031 3458 ιο
1069 3402 1315 3473 ἐνταῦθα,
1346 3401 1434 3460 ἐπὶ
1475 3400 1928 3476 ὁμολογουμένου

275 3502 474 3551 κεῖται.
510 3521 537 3549 ιι
574 3496 724 3552 Ἐπεὶ
775 3492 1020 3571 ὀφείλετε
1076 3491 1197 3568 ἄρα.
1233 3516 1261 3544 n
1320 3493 1468 3551 Μετὰ
1523 3495 1619 3550 τοῦ
1679 3489 1928 3559 δυνατοῦ,

271 3586 365 3639 καὶ
396 3585 461 3639 τὸ
495 3582 724 3642 εὔκολον
767 3580 914 3658 ἔχειν
971 3580 1262 3651 σπουδάζει
1303 3583 1402 3650 τὴν
1445 3579 1790 3654 νομοθεσίαν.
1839 3581 1928 3650 Μὴ

269 3673 477 3747 κρίνετε
504 3672 634 3734 τοὺς
666 3671 903 3746 πόρνους
934 3675 1032 3727 τοῦ
1059 3669 1271 3742 κόσμου
1300 3667 1518 3737 τούτου,
1574 3669 1750 3745 ἤγουν
1805 3669 1932 3732 τοὺς

277 3759 710 3836 εἰδωλολάτρις,
742 3759 856 3821 ἐπεὶ
887 3759 977 3820 καὶ
1017 3759 1182 3834 χρῦος
1231 3758 1410 3833 εἴχετε
1462 3758 1511 3828 ιε
1567 3759 1747 3816 αὐτῶν
1779 3756 1929 3832 ἐξελο

278 3857 412 3922 θεῖν,
445 3849 592 3908 ἀλλὰ
620 3850 823 3926 κρίνετε
853 3849 944 3909 καὶ
974 3846 1292 3923 ἀνακρίνετε
1319 3847 1511 3908 πιστὸν
1550 3847 1771 3922 πόρνον.

341 4123 470 4180 Ἐάν
543 4141 628 4182 τις
713 4117 950 4196 ἀδελφὸς
1033 4117 1441 4190 ὀνομαζόμενος
1498 4116 1534 4190 ᾖ
1590 4116 1814 4191 πόρνος,
1892 4115 1926 4184 ἢ

271 4209 630 4280 πλεονέκτης,
689 4207 727 4278 ἤ
786 4206 1221 4281 εἰδωλολάτρης,
1277 4203 1314 4274 ἤ
1373 4202 1648 4279 λοίδορος,
1707 4203 1779 4272 ἢ’
1833 4204 1930 4276 μό-

273 4312 462 4372 Θυσος,
522 4301 557 4370 ἢ
617 4300 812 4374 ἅρπαξ,
865 4301 946 4369 τῷ
1001 4296 1237 4368 τοιούτῳ
1300 4293 1440 4368 μηδὲ
1498 4291 1810 4358 συνεσθίειν.
1863 4294 1926 4349 Τί

273 4391 382 4466 γάρ
440 4410 536 4462 μοι
600 4388 692 4444 καὶ
747 4387 875 4446 τοὺς
936 4383 1037 4455 ἔξω
1093 4384 1290 4459 κρίνειν
1352 4402 1366 4450 ;
1447 4381 1575 4457 οὐχὶ
1637 4379 1764 4443 τοὺς
1822 4375 1930 4440 ἔσω

276 4484 436 4554 ὑμεῖς
492 4478 700 4554 κρίνετε
753 4497 765 4546 ;

275 4571 514 4646 ἑξαρείτε
543 4568 634 4624 τὸν
666 4567 902 4641 πονηρὸν
932 4564 983 4638 ἐξ
1017 4564 1169 4636 ὑμῶν
1201 4562 1404 4622 αὐτῶν.

2115 2159 2222 2216 Ubi
2255 2160 2495 2231 scripsit
2518 2161 2545 2216 ?
2572 2162 2816 2226 Quando
2840 2161 3023 2220 dixit:
3057 2183 3085 2212 «
3121 2164 3202 2218 Ac
3232 2178 3352 2224 non
3383 2163 3572 2234 magis
3606 2163 3696 2221 lu-

2042 2249 2208 2308 xistis
2238 2254 2305 2304 ut
2326 2249 2636 2307 tolleretur
2651 2251 2723 2305 de
2751 2250 2942 2306 medio
2977 2255 3238 2308 vestrum
3263 2251 3639 2322 hujusmodi;
3667 2274 3696 2304 υ

2042 2353 2162 2391 non
2194 2337 2289 2392 hic
2321 2343 2424 2394 aut
2453 2338 2576 2404 ille,
2611 2337 2712 2396 sed
2746 2339 3109 2408 quicumque
3139 2338 3318 2394 fuerit
3376 2341 3693 2410 ejusmodi.

2043 2427 2456 2496 Rursumque:
2489 2448 2518 2478 ιι
2554 2428 2880 2497 Expurgate
2913 2433 3076 2482 vetus
3104 2427 3488 2494 fermentum,
3510 2452 3537 2479 ››
3572 2446 3691 2490 non

2039 2514 2151 2569 hoc
2183 2519 2285 2570 aut
2314 2513 2482 2581 illud,
2513 2514 2616 2572 sed
2649 2520 2836 2570 totum
2862 2520 3027 2570 vetus
3057 2515 3414 2574 fermentum
3443 2518 3687 2588 Sumpta

2040 2604 2202 2658 enim
2233 2605 2545 2661 occasione
2575 2603 2646 2662 ab
2690 2621 2808 2660 uno
2865 2605 2964 2674 qui
3015 2610 3306 2660 scortatus
3353 2606 3563 2675 fuerat,
3610 2607 3684 2664 ad

2038 2709 2417 2752 communem
2449 2693 2816 2752 transcendit
2845 2710 3199 2760 sermonem,
3227 2695 3337 2750 hoc
3369 2696 3545 2752 estad
3559 2713 3686 2752 om.

2038 2799 2174 2838 nem
2211 2788 2615 2841 scortatorem.
2643 2784 2713 2838 Et
2734 2782 2872 2840 inde
2894 2784 3364 2844 communiorem
3388 2785 3580 2844 adhuc
3601 2803 3689 2841 os.

2038 2871 2288 2927 tendens
2319 2887 2679 2940 sermonem,
2702 2888 2909 2928 rursus
2940 2871 3097 2929 idem
3132 2872 3439 2944 subjungit
3467 2891 3685 2944 praece-

2039 2966 2204 3031 ptum
2231 2960 2301 3014 de
2333 2961 2426 3014 his
2457 2977 2692 3030 quoque
2723 2961 2823 3030 qui
2849 2961 2910 3015 in
2935 2960 3233 3018 similibus
3247 2961 3684 3032 delinquerent,

2037 3054 2240 3120 utpote
2261 3049 2837 3115 avaris,idololatris,
2863 3053 2964 3109 aut
2990 3048 3151 3109 aliud
3175 3049 3476 3123 quippiam
3491 3052 3686 3112 simile

2037 3137 2536 3210 perpetrantibus.
2571 3158 2600 3187 ιι
2635 3137 3069 3194 Scortatoribus
3093 3137 3298 3198 mundi
3331 3138 3528 3208 hujus.
3553 3162 3580 3188 »
3609 3142 3686 3195 Ne

2039 3228 2448 3287 existimarent
2476 3232 2750 3298 oportere
2775 3242 2837 3282 se
2865 3243 2983 3286 non
3005 3227 3377 3287 commisceri
3393 3234 3686 3284 scortato—

2037 3317 2203 3377 ribus
2230 3317 2468 3383 Graecis,
2502 3315 2660 3386 quod
2693 3315 3066 3387 impossibile
3099 3323 3257 3374 esset
3278 3317 3350 3372 iis
3377 3318 3477 3387 qui
3537 3319 3686 3372 civi-

2036 3412 2218 3462 tatem
2246 3405 2686 3465 inhabitarent:
2720 3405 2960 3477 corrigit
2989 3405 3136 3462 illud
3191 3406 3353 3470 Quod
3373 3411 3570 3462 autem
3592 3408 3688 3468 hic

2037 3496 2140 3560 ait.
2179 3514 2202 3544 ι
2242 3495 2511 3560 omnino,
2548 3516 2576 3543 ››
2609 3494 2903 3566 signiﬁcat
2933 3493 3089 3564 quod
3131 3495 3191 3552 in
3251 3494 3524 3552 confesso
3579 3503 3686 3558 est.

2038 3606 2066 3638 ιι
2098 3584 2336 3654 Alioqui
2358 3583 2655 3644 deberetis
2673 3600 2836 3639 sane.
2869 3605 2896 3638 ν
2915 3583 3123 3642 Studet
3143 3585 3456 3642 ostendere
3485 3585 3686 3646 datum

2037 3679 2399 3746 prmceptum
2425 3678 2547 3728 tum
2580 3672 2864 3744 possibile
2904 3689 3055 3739 esse,
3090 3678 3214 3730 tum
3266 3674 3446 3732 etiam
3490 3675 3686 3733 facile.

2037 3766 2118 3819 Ne
2164 3763 2466 3834 judicetis,
2529 3762 2744 3831 inquit,
2806 3767 3160 3819 scortatores
3221 3762 3398 3833 hujus
3457 3764 3687 3829 mundi,

2037 3867 2252 3921 nempe
2286 3849 2671 3906 idololatras:
2707 3849 2928 3918 alioqui
2962 3865 3205 3906 necesse
3237 3850 3400 3906 vobis
3433 3855 3586 3906 esset
3615 3851 3687 3908 ab

2037 3940 2157 3994 illis
2187 3954 2425 4009 quoque
2457 3937 2618 3994 exire
2646 3954 2658 3992 :
2695 3937 2798 3991 sed
2821 3936 3088 4007 judicate
3117 3955 3182 3995 ac
3215 3938 3532 4009 dijudicate
3551 3955 3686 3994 cre-

2036 4028 2275 4082 dentem
2298 4026 2396 4096 qui
2429 4029 2721 4082 scortator
2750 4030 2860 4082 est.

2112 4118 2173 4176 V.
2208 4119 2393 4170 11-13.
2425 4117 2485 4171 Si
2514 4116 2637 4183 quis
2692 4117 2873 4181 frater
2929 4113 3106 4172 dictus
3169 4117 3342 4182 fuerit
3392 4123 3682 4174 scortator,

2035 4211 2132 4261 aut
2153 4221 2350 4260 avarus
2382 4210 2478 4261 aut
2508 4202 2826 4269 idololatra,
2861 4209 2960 4258 aut
2993 4203 3347 4269 conviciator,
3384 4211 3478 4264 aut
3509 4207 3686 4264 ebrio-

2035 4311 2144 4363 sus,
2169 4300 2265 4349 aut
2283 4310 2465 4363 rapam
2489 4309 2502 4346 :
2535 4309 2656 4349 cum
2676 4291 2947 4363 ejus-modi
2966 4308 3033 4345 ne
3055 4293 3233 4348 cibum
3253 4294 3472 4361 quidem
3485 4299 3686 4365 capia-

2039 4387 2126 4440 tis.
2162 4383 2307 4447 Quid
2336 4385 2483 4437 enim
2509 4383 2582 4438 ad
2611 4399 2693 4436 me
2723 4384 2921 4436 attinet
2951 4379 3126 4438 etiam
3157 4397 3242 4436 eos
3267 4383 3364 4450 qui
3391 4384 3531 4449 foris
3560 4392 3687 4440 sunt

853 4476 990 4537 Τοὺς
1047 4471 1105 4531 δὲ
1163 4470 1264 4546 ἔξω
1322 4474 1350 4527 ὁ
1408 4471 1541 4534 Οεὸς
1599 4471 1788 4546 κρίνει,
1839 4471 1928 4532 καὶ

2044 4471 2289 4539 iudica-re
2325 4475 2354 4528 ?
2381 4487 2560 4527 nonne
2589 4486 2674 4530 eos
2708 4470 2808 4540 qui
2863 4473 3014 4528 intus
3057 4475 3185 4528 sunt
3234 4487 3326 4525 vos
3373 4471 3688 4539 judicatis?

2038 4565 2144 4620 Eos
2167 4577 2286 4619 vero
2325 4563 2424 4632 qui
2451 4559 2593 4629 foris
2622 4567 2748 4618 sunt
2780 4561 2919 4614 Deus
2947 4559 3191 4629 judicat.
3243 4559 3424 4620 Etiam
3473 4565 3686 4630 auferte

2038 4668 2158 4708 eum
2187 4653 2285 4720 qui
2313 4651 2489 4708 malus
2519 4656 2595 4707 est
2626 4666 2695 4704 ea:
2723 4649 2871 4704 vobis
2901 4648 3054 4717 ipsis.

349 4749 559 4821 [ΦΩΤ.]
609 4747 708 4813 Τὸ,
748 4743 1216 4815 Ὀνομαζόμενος,
1272 4741 1416 4802 τινὶ(
1478 4740 1593 4810 μὶν,
1652 4741 1721 4810 τῇ
1789 4757 1925 4810 προν

2106 4741 2254 4798 461
2321 4741 2535 4795 Vocem
2589 4760 2617 4792 «
2682 4737 2907 4802 Dictus,
2943 4759 2969 4787 ››
3031 4738 3271 4808 quidam
3328 4741 3685 4810 praecedenti

271 4839 558 4914 ηγουμὲνῃ
590 4834 731 4905 usu
764 4834 1116 4897 συνάπτουσι,
1145 4832 1235 4888 καὶ
1267 4828 1565 4901 δηλοῦσθαι
1629 4827 1921 4904 βούλονται

273 4926 343 4982 δι’
375 4926 564 4997 αὐτοῦ,
606 4924 688 4979 ὅτι
721 4920 954 4997 ἀδελφὸς
988 4921 1082 4993 μὶν
1142 4920 1552 4993 ὀνομαζόμενος
1609 4918 1699 4976 καὶ
1755 4915 1922 4990 μέχρι

275 5016 530 5086 κλήσεως
570 5011 722 5087 ἔχιον
779 5012 878 5079 τήν
914 5008 1224 5078 κοινωνίαν,
1277 5012 1356 5080 τῷ
1405 5002 1518 5062 ὄντι
1571 5003 1628 5060 δὲ
1681 5002 1770 5059 διὰ
1823 5009 1929 5058 τῶν

275 5107 452 5182 ἔργων
483 5104 678 5178 ἐχθρὸς
713 5101 974 5175 ὑπάρχων
1026 5100 1118 5160 καὶ
1173 5095 1541 5168 διιστάμενος.
1593 5095 1754 5168 Ἐμοὶ
1787 5090 1843 5148 δὲ
1873 5094 1928 5147 εὖ

273 5196 420 5272 ἔχειν
453 5191 626 5261 δοκεῖ,
657 5190 747 5247 καὶ
783 5187 835 5244 εἷ’
860 5210 944 5250 τις
993 5186 1123 5243 αὐτὸ
1178 5191 1298 5252 τοῖς
1347 5183 1636 5256 ἑπομένοις
1693 5183 1930 5256 συνάψας

272 5277 521 5351 ἐκλοϐοι,
557 5280 655 5335 οὐκ
683 5273 759 5334 ἔτι
801 5283 920 5344 τοῦ,
977 5275 1404 5349 ὀνομαζόμενος.
1449 5274 1548 5341 τὴν
1600 5273 1772 5341 αὐτὴν
1825 5291 1927 5341 ση-

278 5373 564 5447 μαίνοντος
594 5363 816 5434 ἔννοιαν,
849 5365 996 5428 ἀλλὰ
1032 5365 1369 5434 τούναντίον,
1425 5361 1518 5422 τὸν
1573 5360 1658 5418 ἐπὶ
1714 5356 1926 5434 προδή-

274 5467 392 5524 λοις
419 5466 538 5523 τοῖς
567 5452 750 5532 ἔργοις
782 5453 915 5526 ἤδη,
946 5455 1036 5510 καὶ
1070 5455 1218 5526 παρὰ
1273 5457 1404 5511 πᾶσι
1445 5452 1584 5508 κατὰ
1633 5448 1700 5506 τά
1752 5447 1924 5504 οἰκεῖα

274 5548 399 5629 ἔργα
459 5546 886 5620 ὀνομαζόμενον.
943 5544 1068 5629 Καὶ,
1109 5546 1212 5618 γαρ
1353 5547 1465 5629 ,τῆς
1513 5535 1719 5629 Δλέξεως
1786 5535 1919 5629 αὕτη

273 5622 539 5714 sapam,
600 5635 781 5710 ὥσπερ
839 5632 929 5694 καὶ
988 5628 1151 5691 ἄλλαι
1192 5712 1198 5714 _
1235 5627 1445 5689 πολλαὶ
1513 5625 1702 5699 λέξεις,
1786 5622 1916 5699 διχῆ

274 5712 542 5806 σχίζεται.
588 5721 794 5781 Ἐνίοτε
865 5721 982 5796 μὲν,
1041 5720 1116 5782 ὠς
1174 5712 1405 5796 ἔφημεν,
1455 5716 1548 5772 τὸν
1605 5715 1751 5789 μόνῳ
1803 5733 1918 5768 κοι-

2037 4829 2407 4900 oonjuugunt
2436 4826 2706 4890 dictioni.
2737 4832 2796 4884 et
2825 4843 2930 4896 per
2959 4843 3089 4884 eam
3123 4829 3439 4900 signiﬁcari
3482 4831 3688 4888 volunt

2039 4918 2198 4988 quod
2217 4919 2399 4974 frater
2419 4915 2658 4986 quidem
2681 4915 2872 4972 dictus
2890 4915 2986 4982 sit,
3001 4916 3256 4976 etsolius
3269 4918 3686 4988 appellationis

2038 5007 2265 5062 habens
2288 5005 2673 5066 consortium,
2699 5019 2901 5062 revera
2922 5010 3122 5066 autem
3148 5007 3504 5064 inimicusac
3519 5007 3686 5064 dissi-

2038 5097 2222 5150 dens:
2259 5095 2403 5148 mihi
2444 5110 2579 5146 vero
2613 5110 2733 5150 non
2767 5092 2921 5148 male
2980 5094 3270 5164 quadrare
3323 5095 3572 5158 videtur,
3635 5098 3682 5150 si

2037 5183 2168 5253 quis
2201 5183 2376 5242 etiam
2408 5181 2558 5236 illud
2588 5180 3274 5252 sequentibusjunctum
3298 5183 3685 5253 acceperit,ut

2036 5271 2212 5326 dictio
2237 5268 2666 5340 ὀνομαζόμενος,
2701 5269 2894 5323 dictus
2917 5269 3033 5323 sive
3057 5271 3682 5341 nominatus,jamnon

2035 5361 2223 5432 ipsam
2255 5360 2524 5432 designet
2552 5357 3049 5426 benevolentiam,
3083 5359 3187 5415 sed
3217 5360 3413 5432 potius
3444 5367 3683 5416 contra-

2033 5451 2186 5508 rium
2220 5465 2432 5519 nempe
2466 5464 2598 5506 eum
2633 5448 2733 5518 qui
2765 5452 3006 5518 pr0pter
3036 5447 3530 5509 manifestissima
3556 5453 3679 5522 jam

2032 5556 2232 5611 opera,
2264 5539 2442 5598 etiam
2500 5535 2656 5610 apud
2711 5552 2918 5594 omnes
2950 5552 2981 5592 ο
3029 5537 3285 5612 propriis
3333 5539 3681 5598 nominatur

2031 5628 2331 5700 operibus.
2366 5625 2667 5700 Siquidem
2700 5625 2880 5684 dictio
2914 5625 3038 5684 haec
3066 5625 3494 5702 significatione
3526 5628 3680 5688 bifa-

2031 5717 2179 5773 riam
2228 5716 2575 5782 dissecatur,
2618 5712 3120 5788 quemadmodum
3173 5720 3232 5769 et
3289 5717 3420 5771 alite
3469 5717 3671 5773 multa:
