4106 6252
435 323 557 384 703

1544 319 1969 381 (ECUMENII
2014 316 2315 379 TltICC/E
2360 320 2729 383 EPISCOPI.

3723 318 3831 377 ’ΝΗ

441 454 736 510 dictiones
766 469 779 507 :
813 452 1169 523 quandoque
1199 451 1473 507 videlicet
1499 456 1566 506 ut
1593 467 1729 507 cum
1769 449 2083 522 signiﬁcet,

2210 453 2466 505 νωνοῦντα
2517 455 2594 523 τῷ
2656 451 2884 525 ὀνόματι
2946 448 3361 527 παραδηλοῦσα,
3400 449 3579 505 ἐνίοτε
3630 446 3706 515 δὲ,
3758 449 3838 503 τὸν

438 548 618 616 prout
638 543 916 607 diximus,
951 541 1051 612 qui
1075 542 1200 596 solo
1222 543 1466 597 nomine
1493 540 1859 596 consortium
1872 539 2078 594 habet:

438 632 737 689 interdum
781 649 917 687 vero
951 648 1082 686 eum
1116 632 1217 702 qui
1248 632 1322 687 ad
1356 638 1684 687 extremum
1743 646 2089 703 progressus

438 729 534 778 ost
550 723 768 794 operis,
802 726 868 776 ut
895 722 1034 775 inde
1061 737 1437 776 communem
1471 738 1707 793 quoque
1735 719 2090 792 appellatio-

436 829 575 868 nem
599 811 674 867 ad
702 812 963 882 seipsum
983 811 1350 876 derivaverit,
1375 817 1442 865 ut
1461 812 1532 865 ab
1564 812 1675 866 hac
1696 811 1883 883 magis
1911 828 2088 881 quam

437 918 472 956 a
501 899 738 972 proprio
770 899 1015 954 nomine
1060 904 1118 954 et
1173 905 1565 972 cognoscatur
1619 905 1678 954 et
1733 899 2084 971 appelletur.

441 988 792 1060 Hujusmodi
818 989 1017 1059 itaque
1050 994 1435 1043 scortatorem
1457 994 1516 1044 et
1533 1005 1773 1045 avarum
1806 993 1866 1043 et
1895 988 2089 1043 convi-

443 1081 726 1135 ciatorem
754 1084 813 1134 et
842 1078 1165 1143 ebriosum,
1197 1080 1310 1133 hoc
1339 1083 1448 1144 est,
1482 1079 1581 1149 qui
1614 1078 1762 1133 adeo
1817 1077 2092 1150 publicus

441 1185 510 1224 ac
539 1167 892 1223 manifestus
918 1172 1029 1233 est,
1078 1174 1144 1222 ut
1193 1167 1333 1222 hinc
1383 1168 1561 1222 etiam
1619 1168 1691 1223 ab
1748 1166 2092 1222 hominibus

443 1260 837 1329 cognoscatur
865 1273 933 1311 ac
962 1256 1324 1323 nominetur,
1358 1257 1516 1312 hunc
1549 1257 1766 1311 evitare
1816 1256 1986 1329 jubet
2037 1259 2096 1309 et

441 1362 577 1402 cum
613 1361 680 1400 eo
714 1361 823 1400 nec
855 1345 1048 1400 cibum
1073 1362 1305 1417 capere,
1336 1362 1447 1400 nec
1464 1346 1722 1418 colloqui
1752 1351 2095 1401 autconver-

439 1437 556 1493 sari
586 1453 598 1490 :
632 1450 754 1492 non
777 1441 975 1491 autem
1009 1451 1144 1491 eum
1194 1436 1295 1506 qui
1337 1435 1732 1507 quorumdam
1783 1435 2097 1507 exponitur

442 1543 687 1582 susurro
715 1530 816 1581 aut
846 1524 1197 1580 detractioni
1222 1543 1236 1580 :
1268 1525 1401 1581 ideo
1441 1526 1742 1597 sapienter
1773 1524 2093 1580 admodum

444 1635 513 1674 ac
544 1634 664 1672 non
693 1617 820 1672 sine
853 1631 1067 1685 magna
1094 1615 1357 1670 efficacia
1395 1615 1550 1671 inter
1606 1615 1756 1670 alios
1806 1614 2096 1670 absurdos

452 1712 796 1779 operatores
848 1704 1126 1776 adjunxit
1182 1721 1417 1775 quoque
1473 1704 1977 1758 conviciatorem:
2031 1708 2098 1757 ut

450 1797 646 1851 sciens
679 1793 948 1850 eamdem
971 1809 1207 1864 poenam
1239 1810 1300 1847 se
1350 1793 1689 1847 habiturum
1725 1808 1902 1862 quam
1934 1807 2097 1846 scor-

449 1887 603 1940 iator
623 1889 726 1939 aut
762 1882 1100 1948 idololotra,
1134 1886 1420 1952 quantum
1454 1880 1526 1935 ad
1557 1882 1668 1935 hoc
1698 1879 1911 1935 attinet
1936 1884 2003 1933 ut
2023 1879 2094 1934 ab

447 1974 728 2030 omnibus
758 1971 1071 2037 de‘vitetur,
1104 1970 1369 2040 linguam
1418 1970 1611 2025 frenet
1658 1987 1725 2024 ac
1773 1968 2094 2037 contineat,

444 2078 554 2117 nec
585 2078 716 2115 eam
750 2059 935 2115 solvat
966 2059 1039 2113 ad
1089 2057 1422 2113 rodendum
1471 2057 1874 2128 proximorum
1923 2057 2094 2112 vitas.

446 2151 827 2209 ldololatram
871 2166 1006 2204 vero
1065 2154 1381 2221 propterea
1436 2148 1583 2203 mihi
1637 2163 2098 2203 connumerasse

444 2241 681 2297 videtur
705 2240 767 2295 in
797 2238 909 2293 hoc
942 2238 1093 2302 loco,
1126 2237 1447 2293 utdoceret
1472 2237 2097 2309 certosqueredderet,

452 2329 611 2402 quod
629 2328 770 2383 licet
796 2343 1074 2399 magnum
1099 2331 1258 2382 esset
1282 2326 1477 2383 scelus
1489 2341 1795 2397 unumque
1809 2342 1879 2380 ex
1894 2325 2098 2381 absur-

449 2417 714 2474 dissimis
746 2417 816 2471 de
848 2432 964 2487 quo
994 2416 1271 2471 nonnulli
1302 2420 1586 2471 accusant
1606 2415 1932 2485 hominem,
1968 2415 2099 2469 siin

449 2507 645 2562 lucem
677 2522 799 2561 non
832 2505 1070 2576 prodiit,
1103 2522 1215 2560 noc
1246 2507 1329 2560 ita
1358 2510 1629 2577 oportere
1680 2522 1749 2559 ex
1797 2504 1924 2559 sola
1971 2520 2097 2558 sus-

448 2597 686 2670 picione
717 2594 983 2650 devitari.
1019 2594 1319 2665 Siquidem
1348 2594 1462 2648 hoc
1491 2592 1668 2648 modo
1692 2593 1920 2648 mutuis
1946 2593 2102 2646 inter

448 2703 509 2742 se
537 2683 975 2757 suspicionibus
1031 2699 1100 2738 ac
1155 2682 1477 2737 calumniis
1536 2682 1749 2736 irritati
1805 2681 2099 2748 homines,

448 2773 956 2830 conversationem
997 2788 1164 2827 suam
1190 2775 1661 2826 transmutarent
1686 2770 1759 2825 ad
1782 2770 1959 2824 vitam
1972 2769 2103 2824 hos-

448 2865 621 2931 tium,
652 2863 772 2917 imo
803 2861 999 2932 potius
1028 2860 1307 2915 ferarum.
1342 2859 1455 2915 Sed
1485 2859 1656 2913 illum
1687 2863 1923 2930 Oportet
1953 2874 1987 2913 a
2018 2874 2098 2912 se-

451 2954 596 3025 ipsis
626 2952 861 3024 abigere
895 2967 962 3005 ac
992 2966 1267 3021 separare
1299 2950 1399 3021 qui
1449 2949 1804 3004 manifestus
1858 2949 2101 3004 effectus

450 3049 542 3097 est
571 3047 689 3097 tam
721 3040 1001 3113 operibus
1033 3056 1210 3111 quam
1242 3039 1643 3111 appellatione
1667 3056 1781 3110 qua
1799 3038 1955 3109 apud
1981 3053 2101 3092 om-

449 3148 555 3187 nes
570 3130 932 3185 nominatur.
952 3149 976 3179 ιι
997 3128 1459 3184 Autidololatra.
1476 3150 1501 3181 ιι
1520 3127 1896 3199 thuomodo
1908 3132 2101 3199 potest

2195 537 2270 600 εἷς
2303 539 2465 614 ἂκρον
2494 539 2721 596 ἐλθόντα
2752 548 2854 611 τῆς
2903 541 3170 616 πράξεως,
3230 541 3368 595 ὥστε
3421 538 3518 593 καὶ
3581 540 3682 607 τήν
3736 558 3844 592 κοι-

2196 629 2293 697 νήν
2323 631 2694 706 προσηγορίαν
2728 631 2806 694 εἰς
2854 630 3042 686 ἑαυτὸν
3100 628 3493 694 ἐπισπάσαντα,
3553 627 3616 683 ἐκ
3660 628 3849 697 ταῦτης

2199 716 2413 789 μᾶλλον
2469 720 2504 789 ἢ
2566 718 2626 773 ἐκ
2680 723 2778 774 τοῦ
2838 720 3067 794 Κυρίου,
3128 718 3579 794 ἐπιγινώσκεσθαί
3661 737 3720 771 τε
3771 717 3850 770 καὶ

2199 805 2580 879 ὀνομάζεσθαι.
2625 808 2731 866 Τὸν
2791 807 2884 863 οὖν
2938 812 3190 863 τοιοῦτον
3251 809 3451 881 πόρνον
3516 807 3615 861 καὶ
3673 804 3854 860 πλεον-

2198 894 2356 966 ἐκὸην
2388 898 2478 951 καὶ
2511 895 2781 972 λοίδορον
2809 898 2901 953 καὶ
2963 896 3215 970 μέθυσον,
3264 897 3541 963 τουτέστι,
3586 895 3683 949 τὸν
3729 895 3854 968 πρό-

2199 982 2368 1055 δηλον
2397 988 2489 1040 καὶ
2520 988 2745 1066 φανερὸν
2788 986 2985 1057 οὕτως,
3046 986 3185 1042 ὥστε
3241 986 3388 1041 πασὰ
3445 990 3588 1041 πᾶσι
3648 984 3741 1039 καὶ
3789 1005 3857 1060 γι-

2198 1076 2497 1139 νώσκεσθαι
2575 1077 2666 1131 καὶ
2748 1076 3131 1150 ὀνομάζεσθαι,
3215 1079 3408 1130 τοῦτον
3512 1071 3853 1145 ἐκτρέπεσθαι

2199 1162 2650 1238 παρακελεύεται,
2724 1164 2817 1220 καὶ
2896 1161 3037 1238 μηδὲ
3112 1164 3410 1228 συνεσθίειν
3486 1162 3670 1235 αὐτῷ,
3732 1164 3856 1235 μήτε

2200 1252 2665 1329 κοινολογεῖσθαι,
2722 1256 2863 1326 μήτε
2919 1253 3416 1330 συνανστρέφεσθαι,
3476 1251 3621 1331 οὐχὶ
3666 1249 3726 1306 δὲ
3773 1252 3854 1305 τὸν

2205 1343 2293 1397 ὑπ’
2369 1342 2521 1397 ἐνίων
2598 1342 3126 1419 ὑποψιθυριζόμενον
3175 1341 3212 1411 ἢ
3271 1338 3732 1416 λοιδορτύμενον.
3773 1338 3856 1393 Διὸ

2200 1432 2381 1506 σοφῶς
2442 1428 2576 1505 ἃγαν
2632 1430 2725 1484 καὶ
2783 1427 3129 1505 δραστηρίως
3181 1434 3299 1491 τοῖς
3374 1425 3581 1491 ἄλλοις
3643 1427 3857 1487 ἀτόποις

2202 1518 2451 1592 ἐργάταις
2484 1521 2690 1592 συνῆψε
2723 1518 2814 1573 καὶ
2850 1519 2941 1573 τὸν
2977 1514 3249 1592 λοίδορον,
3282 1518 3369 1572 ἰνα
3396 1522 3459 1572 τὸ
3522 1515 3663 1571 αὐτὸ
3711 1515 3859 1575 εέὀὼς

2202 1601 2350 1685 ἔχειν
2395 1607 2697 1680 ἐπιτίμιον,
2756 1607 2890 1682 ὅπερ
2922 1609 2950 1663 ὁ
2979 1610 3180 1678 πόρνος
3236 1608 3325 1662 καὶ
3360 1607 3389 1661 ὁ
3421 1604 3859 1677 εἰδωλολάτρης,

2204 1694 2328 1751 ὅσον
2363 1696 2438 1758 εἷς
2466 1697 2529 1751 τὸ
2561 1696 2666 1751 ὑπὸ
2689 1697 2905 1752 πάντων
2929 1697 3306 1772 ἀποτρόπαιος
3329 1696 3485 1766 εἶέαι,
3518 1692 3753 1770 χαλινοῖ
3769 1694 3857 1760 τήν

2200 1783 2455 1859 γλῶσσαν
2488 1784 2578 1839 καὶ
2608 1783 2836 1860 κατέχῃ,
2868 1785 2959 1841 καὶ
2994 1787 3070 1859 μή
3103 1783 3392 1862 ἐπαφίησιν
3447 1783 3655 1853 αὐτὴν,
3705 1803 3860 1837 κατα-

2204 1868 2489 1929 ϐόσκεσθαι
2514 1874 2642 1936 τοὺς
2672 1879 2781 1929 τῶν
2812 1873 3050 1945 πλησίον
3087 1875 3257 1950 βίους.
3297 1874 3401 1930 Καὶ
3431 1873 3517 1943 τὸ,
3555 1869 3859 1928 εἰδωλολά-

2202 1983 2338 2038 τρης
2371 1960 2448 2034 δὲ,
2480 1959 2570 2017 διὰ
2595 1962 2758 2017 τοῦτό
2795 1984 2890 2036 μοι
2946 1961 3098 2019 δοκεῖ
3154 1962 3380 2026 ἐνταῦθα
3428 1967 3852 2037 συναριθμῆσαι,

2206 2058 2473 2115 διδάσκων
2497 2060 2589 2116 nni
2619 2057 3076 2137 ἀσφαλιζόμενος,
3109 2055 3183 2118 ὠς
3215 2055 3260 2111 εἰ
3300 2057 3392 2111 καὶ
3447 2056 3593 2133 μέγα
3643 2055 3729 2125 εἴη
3771 2054 3854 2108 καὶ

2203 2156 2315 2205 τῶν
2376 2150 2765 2219 ἀτοπωτάτων,
2794 2148 2848 2203 ἐν
2879 2149 2925 2220 ᾧ
2979 2166 3123 2208 τινες
3179 2146 3429 2202 αἰτιῶται
3486 2147 3589 2201 τὸν
3661 2144 3852 2220 ἆνθρω·

2206 2263 2330 2315 πον,
2367 2263 2441 2317 μη
2465 2241 2502 2316 ᾔ
2532 2239 2591 2297 δὶ
2621 2246 2735 2317 φῶς
2773 2238 3020 2317 ἠγμένον
3070 2239 3135 2294 τὸ
3192 2237 3484 2312 τόλμημα,
3547 2235 3667 2293 οὐδ’
3725 2236 3855 2292 οὕτω

2209 2334 2320 2407 χρὴ
2373 2333 2465 2387 τὸν
2524 2335 2776 2387 τοιοῦτον
2834 2329 2887 2400 ἐξ
2945 2329 3184 2403 ὑποψίας
3246 2328 3419 2401 μόνης
3484 2326 3850 2403 ἐκτρέπεσθαι,

2208 2421 2359 2476 Ἐπεὶ
2392 2418 2534 2474 οὕτω
2564 2440 2625 2496 γι
2677 2419 2738 2473 ἄν
2795 2417 2914 2479 ταίς
2974 2417 3051 2472 είς
3109 2415 3396 2487 ἀλλήλους
3456 2416 3721 2491 ὑποψίαις
3771 2411 3853 2468 καὶ

2210 2504 2496 2570 διαϐολαῖς
2578 2506 3003 2582 ἓξερεθιζὸμενοι
3093 2505 3369 2582 ἄνθρωποι
3424 2505 3502 2569 είς
3559 2504 3847 2577 πολεμίων,

2213 2595 2425 2672 μᾶλλον
2469 2594 2526 2652 δὲ
2582 2595 2658 2659 εἷς
2714 2597 2920 2672 θηρίων
2983 2596 3121 2671 βίον,
3181 2597 3279 2664 τὴν
3332 2594 3623 2650 πολιτείαν
3677 2592 3843 2653 αὐτοῖς

2212 2688 2655 2759 μεταστήσονται.
2713 2683 2870 2742 Ἀλλ’
2964 2683 3168 2739 ἐκεῖνον
3227 2681 3310 2738 δεῖ
3382 2684 3573 2740 ἑαυτὸν
3634 2684 3837 2754 ἐξαίρειν

2209 2774 2298 2830 καὶ
2320 2774 2715 2850 ἀποχωρίζειν,
2747 2774 2806 2836 ὅς
2835 2772 3100 2844 ἐπίδηλος
3128 2774 3217 2828 καὶ
3259 2779 3378 2835 τοῖς
3416 2767 3597 2848 ἔργοις
3649 2772 3728 2827 καί
3772 2769 3836 2839 τῇ

2209 2863 2354 2936 παρὰ
2401 2864 2615 2918 πάντων
2677 2862 2973 2936 ὀννομασίᾳ
3025 2863 3377 2932 καθέστηκεν.
3435 2887 3462 2914 u
3494 2863 3560 2918 Ἦ
3612 2857 3820 2915 εἷδωλο-

2212 2949 2440 3026 λάτρης.
2474 2974 2504 3004 ιο
2540 2952 2643 3007 Καὶ
2674 2954 2794 3014 πῶς
2847 2947 2924 3005 ἔνι
2977 2947 3213 3027 ἀδελφὸν
3274 2945 3426 3019 ὄντα,
3466 2944 3689 3003 τουτέστι
3727 2962 3807 2996 πι-

2214 3039 2363 3109 στδν,
2396 3040 2531 3095 εἶναι
2574 3037 2989 3114 είδωλολάτρην
3016 3058 3029 3108 ;
3062 3042 3238 3096 Τοῦτο
3272 3035 3441 3109 δηλοῖ
3466 3034 3674 3114 sane?”
3703 3032 3810 3087 ὀνο-

2216 3129 2544 3201 μαζόμενον,
2586 3128 2671 3182 ὅτι
2703 3128 2846 3190 τινες
2886 3128 2976 3182 καὶ
3036 3125 3349 3181 ἐπίστευσαν
3397 3126 3487 3180 καὶ
3535 3127 3638 3180 τῶν
3684 3119 3820 3177 εἰδώ-

449 3221 549 3291 qui
575 3220 758 3274 frater
778 3225 887 3286 est,
913 3219 1025 3273 hoc
1046 3223 1136 3272 est
1152 3218 1367 3284 ﬁdelis,
1387 3234 1515 3272 esse
1548 3198 2055 3272 simulidololatra
2072 3215 2099 3270 ?

2212 3198 2323 3272 λων
2357 3198 2593 3292 εἴχοντο.
2631 3217 2725 3271 Διὸ
2756 3216 2847 3271 καί
2887 3237 3075 3294 φησιν,
3138 3239 3164 3266 u
3199 3213 3467 3294 Ἀδελφός
3517 3212 3836 3294 ὀνομαζόμε-

448 3309 567 3363 Hoc
599 3323 734 3361 eum
758 3306 1052 3378 significat
1077 3306 1175 3377 qui
1193 3307 1377 3361 frater
1392 3305 1585 3361 solum
1604 3304 2099 3370 dicitur.Quidam

452 3396 612 3449 enim
644 3393 1019 3449 crediderant
1051 3400 1109 3447 et
1130 3394 1466 3449 simulacris
1496 3393 1914 3448 adhaerebant:
1948 3393 2101 3449 462

452 3481 588 3536 ideo
619 3498 853 3552 quoque
885 3481 1030 3535 dicit
1056 3497 1069 3535 :
1103 3482 1351 3535 «Frater
1372 3480 1562 3535 dictus
1582 3499 1596 3547 ;
1616 3480 1793 3535 iitalis
1808 3481 2102 3551 siquidem

454 3586 659 3624 revera
690 3584 809 3623 non
842 3574 931 3624 est
954 3568 1156 3624 frater.
1188 3592 1215 3619 α
1250 3568 1398 3633 Quid
1431 3569 1589 3623 enim
1639 3568 1712 3623 ad
1766 3585 1858 3623 me
1894 3569 2106 3624 attinet

452 3658 633 3712 etiam
666 3674 766 3712 eos
797 3657 900 3728 qui
929 3656 1075 3712 foris
1099 3662 1240 3712 sunt
1252 3656 1523 3728 judicare
1548 3656 1576 3710 Ἰ
1608 3678 1635 3705 »ι
1656 3657 2106 3728 Consequenter

454 3762 695 3801 causam
735 3744 930 3799 reddit
959 3762 1065 3801 cur
1094 3762 1214 3800 non
1257 3744 1569 3816 prohibeat
1601 3746 1934 3799 conversari
1967 3762 2102 3801 cum

457 3835 673 3889 Graacis
706 3834 1133 3889 scortatoribus
1163 3840 1265 3889 aut
1293 3833 1481 3888 avaris
1515 3850 1582 3888 ac
1638 3834 1908 3888 caeteris:
1959 3835 2106 3899 Quia

447 3924 767 3995 judicium,
800 3923 1015 3993 inquit,
1048 3922 1120 3977 de
1152 3922 1272 3976 illis
1303 3923 1421 3977 Deo
1452 3922 1918 3993 permittendum
1977 3929 2102 3978 est:

456 4031 566 4069 nos
593 4020 790 4069 autem
821 4014 1034 4069 fratres
1056 4014 1428 4086 corrigimus,
1480 4013 1621 4068 dum
1675 4011 1852 4066 vitam
1899 4028 2105 4066 eorum

457 4103 521 4157 in
535 4104 902 4158 correctione
919 4103 1262 4173 judicamus
1287 4107 1341 4156 et
1365 4102 1838 4157 condemnamus
1864 4117 1876 4154 :
1901 4100 2107 4167 abillis

459 4193 619 4247 enim
658 4192 1061 4247 discessimus.
1096 4214 1124 4240 ‹‹
1159 4192 1270 4246 Eos
1302 4207 1436 4245 vero
1469 4191 1570 4261 qui
1602 4190 1747 4244 foris
1779 4194 1918 4244 sunt
1955 4190 2108 4243 Deus

448 4282 700 4354 judicat.
725 4303 753 4332 ››
779 4281 1003 4337 Deinde
1028 4296 1102 4335 ne
1125 4280 1545 4351 delinquentes
1559 4280 1790 4333 Graecos
1807 4278 2108 4333 existimes

456 4372 753 4426 immunes
784 4370 1015 4425 futuros
1047 4385 1081 4424 a
1114 4368 1429 4440 supplicio,
1451 4367 1779 4421 terribilius
1804 4368 2106 4438 magisque

458 4463 845 4518 metuendum
875 4462 988 4527 illi,
1021 4460 1343 4533 assignavit
1390 4458 1670 4525 tribunal,
1716 4474 1930 4529 nempe
1980 4460 2106 4527 Dei,

2212 3326 2321 3367 νος.
2365 3329 2387 3358 ι
2426 3303 2530 3362 Καὶ
2586 3305 2690 3379 γὰρ
2746 3292 3032 3370 κατὰ-τήν
3087 3301 3345 3373 ἀλήθειαν
3375 3292 3679 3362 ὃτοιοῧτος
3728 3292 3843 3352 οὐδὲ

2211 3394 2401 3456 πιστός
2433 3391 2596 3448 ἐστιν.
2630 3417 2657 3444 ‹‹
2691 3393 2753 3446 Τί
2785 3392 2888 3469 γάρ
2928 3412 3023 3466 μοι
3070 3392 3163 3447 καὶ
3219 3393 3345 3454 τοὺς
3400 3389 3501 3460 ἔξω
3558 3390 3750 3465 κρίνειν
3776 3406 3790 3456 ;
3821 3408 3843 3435 ιι

2215 3483 2418 3538 Λοιπὸν
2474 3483 2573 3551 τήν
2626 3481 2806 3536 αἰτίαν
2864 3480 3010 3557 λέγει
3089 3485 3187 3536 τοῦ
3275 3482 3352 3553 μὴ
3435 3479 3678 3535 κωλύειν
3745 3481 3848 3535 τοῖς

2214 3571 2497 3643 Ἑλλήνων
2565 3573 2788 3647 πόρνοις
2835 3571 2870 3641 ἢ
2929 3570 3284 3633 πλεονέκταις
3347 3571 3382 3641 ἤ
3451 3570 3678 3631 λοιποῖς
3741 3588 3850 3623 συν·

2214 3662 2621 3737 αναμίγνυσθαι.
2679 3663 2824 3730 Ὅτι,
2885 3661 3042 3740 φησὶ,
3096 3663 3195 3730 τήν
3245 3661 3369 3734 περὶ
3424 3659 3603 3715 αὐτῶν
3662 3661 3850 3734 κρίσιν,

2214 3756 2332 3823 Θεῷ
2353 3751 2556 3808 ἐατέον.
2612 3752 2802 3824 Ἡμεῖς
2856 3747 2913 3805 δὲ
2969 3750 3097 3811 τοὺς
3149 3747 3416 3828 ἀδελφοὺς
3471 3746 3852 3823 διορθούμεθα,

2214 3838 2265 3894 ἰν
2297 3845 2377 3912 τῷ
2428 3840 2632 3912 κρίνειν
2690 3841 2778 3894 καὶ
2839 3840 3141 3915 ἀνακρίνειν
3207 3838 3383 3893 αὐτῶν
3434 3839 3526 3893 τὸν
3591 3838 3713 3913 βίον
3776 3833 3854 3891 ἐπὶ

2216 3926 2525 4003 διορθώσει.
2559 3929 2646 3998 Ἐξ
2678 3927 2895 3983 ἐκείνων
2957 3930 3062 4003 γὰρ
3115 3927 3516 4002 ἐχωρίσθημεν.
3570 3948 3593 3977 ι
3626 3927 3770 3987 Τοὺς
3806 3923 3855 3977 δὲ

2214 4014 2533 4088 ἕξωὸΘεὸς
2561 4016 2755 4091 κρίνει.
2789 4041 2817 4068 n
2877 4018 3014 4073 Εἶτα
3069 4014 3163 4069 ’ἱνα
3226 4016 3302 4088 μὴ
3359 4014 3591 4089 νομίσῃς
3652 4019 3856 4088 ἀτιμω-

2219 4107 2417 4181 ρήτους
2447 4100 2658 4168 ἔσεσθαι
2713 4105 2842 4167 τοὺς
2897 4104 3181 4174 Ἕλληνας
3240 4104 3557 4169 πταίοντας,
3618 4099 3859 4179 φοϐερώ-

2215 4213 2370 4268 τερον
2429 4192 2614 4256 αὐτοῖς
2671 4193 2933 4263 ἐπέστησε
2985 4190 3359 4267 δικαστήριον,
3434 4193 3498 4247 τὸ
3550 4197 3652 4247 τοῦ
3711 4190 3854 4249 Θεοῦ.

2216 4307 2245 4337 ι(
2280 4284 2382 4339 Καὶ
2413 4282 2647 4358 ἐξαρεῖτε
2697 4284 2789 4338 τὸν
2844 4284 3105 4358 πονηρόν.
3141 4304 3171 4337 n
3230 4285 3443 4359 Ἥγαγε
3501 4284 3597 4351 τὴν
3664 4304 3857 4359 μαρτυ-

2219 4371 2357 4448 ρίαν,
2390 4368 2599 4434 δεικνὺς
2632 4368 2831 4426 ἄνωθεν
2883 4375 3050 4427 τοῦτο
3101 4374 3577 4445 νενομοθετῆσθαι,
3633 4374 3729 4428 καὶ
3774 4370 3858 4427 οὐκ

2220 4461 2360 4515 εἶναι
2410 4459 2846 4534 καινοτομίαν,ἤ
2876 4465 2965 4516 νῦν
3016 4462 3324 4537 γεγένηται,
3377 4465 3439 4516 τὸ
3498 4459 3731 4536 ἐξαίρειν
3778 4462 3856 4517 τὸν

458 4574 486 4601 ι(
524 4553 714 4607 Etiam
746 4550 974 4606 auferte
1005 4566 1139 4605 eum
1163 4550 1262 4619 qui
1286 4549 1477 4603 malus
1499 4552 1606 4602 est.
1632 4569 1660 4597 »
1685 4547 2099 4603 Testimonium

2223 4549 2458 4624 πονηρὸν
2492 4548 2552 4604 ἐκ
2584 4550 2771 4623 μὲσου.
2803 4550 2878 4605 Τὸ
2909 4547 2987 4620 δὲ,
3039 4573 3068 4602 ‹‹
3109 4550 3195 4618 Ἐξ
3254 4549 3406 4621 ὑμῶν
3454 4548 3654 4621 αὐτῶν,
3687 4576 3714 4601 κ
3771 4547 3860 4605 35-f-

457 4640 705 4695 adduxit
719 4640 1042 4696 ostendens
1056 4638 1215 4710 quod
1238 4653 1496 4708 superne
1524 4636 1673 4690 illud
1688 4637 1980 4691 sancitum
1998 4643 2106 4706 est,

460 4743 571 4782 nec
591 4733 681 4782 est
697 4745 915 4783 novum
937 4733 1299 4799 praeceptum
1322 4731 1424 4780 aut
1441 4741 1601 4780 nunc
1621 4741 1830 4780 recens
1847 4727 2110 4796 promul-

453 4821 679 4889 gatum,
712 4823 814 4871 aut
844 4817 1176 4872 auferretur
1205 4817 1254 4871 is
1285 4816 1385 4887 qui
1417 4815 1611 4870 malus
1642 4822 1732 4870 est
1781 4815 1854 4870 de
1886 4816 2104 4872 medio.

2219 4659 2371 4693 κνυσι
2399 4640 2488 4694 καὶ
2520 4639 2716 4703 αὐτοὺς
2754 4637 2813 4694 ἐκ
2864 4640 3064 4694 τούτου
3122 4635 3535 4711 ὠφελουμένους
3592 4639 3641 4693 εἰ
3699 4659 3857 4715 χωρι-

2219 4734 2416 4792 σθῶσιν
2447 4730 2500 4784 οἱ
2556 4728 2808 4804 πονηροί,
2867 4727 2933 4785 Εἰ
2995 4726 3244 4800 μέλλειὸ
3285 4727 3415 4791 Θεὸς
3465 4726 3696 4790 τούτους
3750 4727 3857 4802 κρί-

2216 4837 2350 4888 νειν,
2383 4817 2698 4893 χωρίσθητε
2723 4817 2813 4872 ἀπ’
2846 4817 3046 4871 αὐτῶν.

455 4906 621 4976 Quod
662 4911 860 4961 autem
892 4905 1075 4970 addit,
1112 4928 1139 4955 ‹‹
1169 4907 1250 4959 Ex
1280 4905 1444 4959 vobis
1474 4904 1640 4975 ipsis,
1689 4926 1718 4953 »
1776 4905 2035 4959 ostendit
2093 4906 2255 4978 ipsos
2315 4925 2550 4980 quoque
2601 4908 2795 4980 juvari
2854 4907 2903 4961 si
2964 4906 3106 4962 mali
3166 4911 3537 4978 separentur.
3594 4905 3653 4960 Si
3714 4907 3858 4961 Deus

453 5001 562 5055 hos
587 4995 968 5071 judicaturus
1001 5000 1109 5059 est,
1141 4992 1497 5066 seperamini
1528 4993 1601 5048 ab
1632 4993 1737 5048 eis.

1102 5091 1327 5147 CAPUT
1363 5091 1460 5145 III.

637 5182 790 5251 Quod
818 5199 928 5237 non
959 5186 1211 5252 oporteat
1241 5180 1436 5235 habere
1466 5178 1588 5234 lites
1610 5196 1673 5234 ac
1690 5178 1926 5251 judicia.
1955 5192 1966 5204 '

531 5376 620 5442 VI,
651 5376 767 5429 1-3.
800 5374 984 5429 Audet
1027 5369 1238 5442 aliquis
1288 5375 1526 5424 vestrum
1579 5371 1861 5437 negotium
1909 5371 2111 5426 habens

458 5479 581 5517 cum
619 5465 791 5518 altero
810 5463 1066 5534 judicari
1109 5461 1207 5516 sub
1255 5458 1495 5528 iniustis,
1537 5464 1589 5511 et
1638 5474 1749 5513 non
1796 5463 1971 5529 magis
2012 5462 2110 5515 sub

459 5550 663 5605 sanctis
685 5551 713 5605 ?
733 5552 813 5605 An
841 5553 1060 5606 nescitis
1091 5548 1240 5619 quod
1258 5548 1434 5603 sancti
1463 5546 1727 5600 mundum
1737 5548 2114 5618 judicabant?

462 5640 537 5694 Et
567 5642 615 5695 si
636 5656 742 5710 per
769 5655 861 5695 vos
882 5640 1176 5707 judicatur
1195 5634 1450 5701 mundus,
1487 5634 1710 5703 indigni
1765 5639 1890 5692 estis
1918 5640 2109 5708 abjec-

2846 5095 3110 5150 ΚΕΦΑΛ.
3154 5092 3224 5146 Γ“.

2417 5181 2544 5258 Περ³
2575 5184 2673 5237 τοῦ
2708 5183 2782 5255 μή
2817 5179 3020 5238 δεῖσθαι
3049 5177 3236 5248 δικῶν,
3268 5181 3360 5235 καὶ
3388 5184 3559 5236 ταῦτα
3588 5179 3677 5235 ἐπὶ

2905 5273 3167 5330 ἀπίστων.

2290 5362 2489 5437 Τολμᾷ
2520 5385 2604 5425 τις
2668 5365 2823 5436 ὑμῶν
2877 5368 3103 5439 πρᾶγμα
3150 5356 3297 5436 ἔγων
3352 5361 3490 5436 πρὸς
3542 5363 3635 5417 τὸν
3689 5361 3860 5439 ἕτερον

2219 5454 2495 5527 κρίνεσθαι
2564 5451 2651 5509 ἐπὶ
2717 5457 2826 5507 τῶν
2912 5449 3084 5507 ἀδίκω
3175 5450 3266 5505 καὶ
3358 5450 3485 5525 οὖχὶ
3582 5450 3671 5507 ἐπὶ

2223 5542 2437 5617 ἁγίων;
2493 5542 2613 5599 Οὐκ
2668 5539 2850 5597 οἴδατε
2909 5542 2992 5596 δτι
3044 5541 3097 5595 οἱ
3148 5539 3300 5616 ἆγιοι
3345 5538 3438 5594 τὸν
3493 5540 3701 5614 κόσμον
3752 5562 3855 5616 κρι-

2219 5634 2402 5686 νοῦσιν
2453 5649 2467 5699 ;
2521 5630 2622 5684 Καὶ
2680 5630 2725 5684 εί
2782 5631 2839 5685 ἐν
2897 5631 3023 5704 ὑμῖν
3076 5627 3312 5701 κρίνεται
3371 5628 3401 5681 ὁ
3454 5628 3684 5701 κόσμος,
3744 5630 3855 5684 ἀνά-

3761 5458 3856 5507 τῶν
