4106 6252
328 380 456 441 705

330 513 443 585 ξιοί
508 512 629 570 ἐστε
686 516 988 590 κριτηρίων
1055 514 1387 592 ἐλαχίστων.

329 601 606 680 ἀγγέλους
637 608 944 679 κρινεῦμεν,
979 607 1177 682 μήτιγε
1203 604 1473 681 βιωτικά’;

406 693 548 766 ’Ὀρα
578 692 663 747 ὅτι
693 692 769 754 ὡς
801 692 888 748 ἐπὶ
921 693 1377 770 ὡμολογημένων
1418 701 1655 750 ποιεῖται
1709 694 1808 761 τήν
1857 712 1992 747 κατ-

332 782 588 857 ηγορίαν,
622 780 714 836 καὶ
745 781 901 846 εὐθὺς
931 781 991 836 ἐκ
1047 783 1359 858 προοιμίων
1419 783 1590 858 Θυμὸν
1642 779 1987 849 ἐνδείκνυται,

328 869 427 924 καὶ
454 868 670 943 τόλμαν
728 868 909 925 καλεῖ.
966 872 1058 925 καὶ
1120 872 1465 947 παρανομίαν
1521 872 1585 927 τὸ
1643 875 1990 948 πρᾶγμα.--

333 960 554 1032 [ΦΩΤ.]
612 958 827 1013 Τούτων
888 957 1084 1027 οὕτως,
1170 960 1326 1038 φησὶ,
1400 962 1539 1016 κατά
1593 961 1656 1016 τὸ
1711 972 1989 1033 προσῆκον

331 1046 608 1126 ἐχόντων,
638 1047 730 1102 καὶ
760 1050 889 1111 τοὺς
924 1048 1021 1122 μὶν
1053 1048 1106 1103 ἐν
1143 1049 1273 1123 ὑμῖν
1306 1047 1575 1129 ἀδελφοὺς
1603 1048 1803 1124 κρίνειν
1835 1046 1990 1121 ἐχόν·

328 1157 445 1191 των
477 1137 577 1205 τήν
608 1133 877 1207 ἐξουσίαν,
920 1136 1011 1192 ἐπὶ
1070 1135 1127 1193 δέ
1184 1137 1311 1200 τοὺς
1368 1137 1467 1208 ἔξω
1520 1142 1683 1194 τοῦτο
1738 1138 1990 1212 πράττειν

332 1223 401 1281 οὗ
427 1223 926 1303 συγχωρουμένων,
958 1225 1145 1300 τολμᾷ
1171 1248 1256 1291 τις
1285 1228 1413 1290 τοὺς
1445 1223 1545 1297 ἔξω
1575 1225 1763 1283 καλεῖν
1804 1225 1992 1302 κριτὰς

333 1315 554 1376 ἑαυτοῖς
583 1313 826 1390 γενέσθαι
897 1316 1048 1388 ὑμῖν,
1108 1317 1200 1371 καὶ
1262 1317 1326 1371 οὐ
1383 1313 1705 1372 καταδύεται
1760 1314 1855 1370 κᾶν
1916 1315 1991 1376 εἰς

341 1401 641 1478 Λογισμυῦς
689 1407 851 1458 τοῦτο
911 1398 1143 1473 λαϐεῖνς
1199 1405 1250 1460 οἱ
1305 1405 1492 1461 πιστοὶ
1542 1406 1669 1467 τοὺς
1726 1404 1991 1466 ἀπίστους

339 1494 550 1555 ἑαυτοῖς
609 1492 889 1548 καθίσουσι
945 1494 1176 1571 κριτάς;
1234 1493 1541 1567 ἐκλέξονται
1603 1493 1660 1551 δὲ
1717 1493 1833 1550 ἀντὶ
1885 1498 1992 1549 τῶν

336 1581 510 1657 ἁγίων
547 1581 676 1644 τοὺς
711 1579 973 1651 ἀδίκους;
1007 1580 1258 1661 σφοδρῶς
1318 1581 1375 1639 δέ
1420 1590 1607 1654 τοῦτο,
1656 1584 1812 1662 φησὶ,
1860 1603 1995 1639 παν-

330 1671 575 1750 ταχόθεν
604 1667 1045 1749 ἀσφαλιζόμενος
1074 1672 1452 1748 περιστέλλειν
1508 1673 1752 1741 ἑαυτοὺς,
1792 1673 1881 1727 καὶ
1916 1672 1993 1744 μή

332 1758 551 1816 διδόναι
577 1766 696 1824 τοῖς
729 1760 983 1824 ἀπίστοις
1015 1756 1193 1832 λαϐὴν
1226 1759 1278 1817 ἐν
1314 1759 1530 1836 μηδενὶ,
1574 1764 1715 1836 μήτε
1768 1758 1993 1830 δικαζο-

335 1848 560 1924 μένους,
595 1852 738 1924 μήτε
766 1848 912 1905 ἄλλο
939 1871 994 1906 τι
1019 1855 1129 1907 τῶν
1160 1850 1296 1926 οὐχὶ
1330 1856 1540 1925 σεμνῶν
1569 1851 1659 1907 καὶ
1707 1850 1994 1926 εἰρηνικῶν

333 1937 365 1995 δ
375 1940 867 2015 ιαπραττομένους.

410 2120 590 2176 Τοῦτο
621 2118 749 2193 γὰρ,
782 2117 908 2174 οὕτε
928 2118 992 2174 τὸ
1031 2116 1203 2193 ὄνομα
1229 2122 1326 2174 τοῦ
1357 2123 1495 2176 Θεοῦ
1549 2118 1991 2198 βλασφημεῖσθαι

337 2206 412 2263 δι’
443 2206 641 2269 αὐτοὺς
669 2208 1084 2282 παρεσκεύαζεν,
1142 2207 1420 2269 κάκείνους
1487 2206 1657 2264 ἐποίει
1714 2210 1850 2282 πρὸς
1896 2207 1990 2263 τὸν

333 2291 521 2371 ἔρωτα
551 2293 943 2368 διανίστασθαι,
972 2297 1062 2352 καὶ
1099 2297 1191 2352 τὸν
1227 2298 1482 2371 θειασμὸν
1529 2305 1629 2367 τῆς
1683 2295 1990 2372 θρησκείας.

340 2409 374 2439 α
413 2385 690 2460 Κρίνεσθαι
719 2382 809 2440 ἐπὶ
843 2390 953 2439 τῶν
998 2386 1221 2461 ἁγίκων.
1259 2410 1280 2438 ι
1343 2384 1420 2443 Οὗ
1478 2390 1694 2462 πρῶτον
1756 2387 1784 2440 6
1842 2381 1996 2440 δικα-

344 2474 571 2548 ζόμενος
630 2478 819 2550 τυχεῖν
885 2473 1167 2550 βούλεται,
1239 2474 1489 2531 τουτέστι
1561 2480 1668 2530 τῶν
1748 2471 1991 2543 δικαίων,

343 2568 513 2620 τοῦτο
543 2561 801 2619 δείκνυσιν
860 2562 1022 2619 αὐτὸν
1083 2563 1149 2619 οὐ
1203 2564 1566 2641 τυγχάνονταο
1628 2561 1807 2619 ἄδικοι
1862 2563 1993 2637 γὰρ,

351 2652 540 2728 φησὶν,
578 2650 724 2708 εὶσίν.
778 2649 936 2724 Πλήν
993 2653 1327 2725 σημειωτέον
1388 2654 1470 2708 ὅτι
1527 2653 1650 2728 περὶ
1706 2650 1991 2724 Ἐλλήνων

358 2738 570 2813 εἴρηται
600 2738 877 2799 δικαστῶν.
910 2765 938 2794 ‹‹
973 2742 1079 2797 Καὶ
1110 2742 1240 2820 οὐχὶ
1263 2741 1480 2798 ἐπὶτῶν
1502 2741 1670 2817 ἁγίων
1698 2761 1712 2812 ;
1748 2766 1775 2793 ››
1804 2740 1996 2815 Τολμᾷ

355 2848 445 2892 τις
475 2829 622 2902 ὑμῶν
677 2836 850 2885 ποιεῖν
903 2835 1151 2887 τοιοῦτον
1219 2835 1487 2908 πρᾶγμα;
1544 2829 1688 2906 ἔχων
1726 2829 1994 2905 κρίνεσθαι

346 2919 487 2993 μετὰ
515 2917 778 2999 ἀδελφοῦ,
810 2921 873 2976 οὐ
902 2922 1139 2997 κρίνεται
1179 2922 1269 2978 ἐπὶ
1321 2929 1429 2978 τῶν
1488 2922 1683 2998 ἁγίων,
1724 2920 1853 2978 ἀλλ’
1907 2921 1993 2977 ἐπὶ

335 3014 448 3064 τῶν
480 3008 808 3082 Ἑλλήνων;
859 3009 1134 3083 ἐδήλωσεν
1198 3013 1292 3087 μὲν
1356 3013 1447 3069 οὖν
1505 3013 1678 3068 αὐτῶν
1729 3033 1792 3068 το
1849 3011 1997 3082 ἀξιό-

333 3117 529 3154 πιστον
556 3099 747 3175 ἁγίους
780 3098 1033 3163 καλέσας·
1096 3107 1215 3158 Ἔτι
1258 3099 1315 3157 δὲ
1369 3102 1632 3175 μειζόνως
1687 3099 1881 3162 αὐτοὺς
1924 3099 1999 3170 ἐξ·

333 3186 502 3262 αίρει.
567 3213 590 3240 ι
656 3190 763 3246 Τὸν
822 3190 1031 3263 κόσμον
1082 3191 1207 3267 γὰρ,
1266 3191 1422 3268 φησὶ,
1483 3192 1786 3267 κρινοῦσιν,
1824 3215 1846 3242 ι
1899 3189 1998 3246 οὐκ

338 3275 497 3331 αὐτοὶ

331 3366 548 3440 Κύριος
603 3371 818 3442 κρινεῖ),
886 3367 1032 3424 ἀλλά
1113 3369 1525 3443 κατακρίνοντες
1600 3369 1691 3423 τὸν
1766 3368 1991 3443 κόσμον.

333 3456 682 3523 Πῶς;”οταν
710 3456 864 3512 αὐτοὶ
909 3455 1188 3533 ἅνθρωποι
1248 3454 1393 3521 ὄντες
1453 3459 1811 3530 ὁμοιοπαθεῖς
1860 3459 1995 3531 ἡμῖν

329 3544 427 3597 καί
456 3543 800 3617 ἐπίστευσαν,
848 3545 937 3600 καὶ
997 3548 1245 3625 χρηστὴν
1297 3543 1633 3616 ἐπεδείξαντο
1689 3544 1992 3604 πολιτείαν.

332 3635 465 3690 Των
508 3633 585 3706 μή
617 3637 883 3689 τοιούτων
926 3634 1230 3710 γενομένων
1290 3635 1393 3710 ἆρα
1449 3635 1549 3690 οὐκ
1606 3632 1819 3690 ἔσονται
1874 3655 1997 3691 κατ⁸

331 3720 535 3795 ήγοροι
567 3738 581 3788 ;
616 3716 971 3796 διελέγχουσι
1020 3721 1125 3798 γὰρ
1183 3725 1356 3797 ἡμᾶς,
1411 3723 1494 3777 ὅτι
1554 3721 1616 3776 οὐ
1668 3722 1805 3777 κατά
1842 3720 1998 3777 ἀσθέ-

330 3828 474 3862 νειον
537 3808 773 3887 φύσεως,
839 3809 984 3866 ἀλλά
1041 3810 1181 3866 κατά
1237 3811 1503 3886 ῥᾳθυμίαν
1563 3812 1985 3884 ἡμαρτήσαμεν.

332 3900 507 3973 Ὅπερ
559 3898 839 3978 ἐμφαίνων
891 3900 1098 3977 ἐπάγει·
1154 3926 1182 3954 ‹‹
1216 3901 1320 3958 Καὶ
1370 3900 1421 3955 εἴ
1476 3899 1530 3956 ἐν
1579 3901 1706 3974 ὑμῖν
1758 3902 1994 3977 κρίνετοι

335 3987 368 4041 6
394 3986 626 4059 κόσμος.
650 4012 679 4040 n
712 3987 829 4047 Οὐκ
854 3989 1027 4060 εἶπεν,
1055 3990 1168 4055 Ὑφ’
1201 3990 1377 4063 ὑμῶν,
1409 3988 1556 4057 ἀλλ’,
1605 4010 1627 4039 ι
1661 3991 1748 4045 Ἐν
1780 3989 1929 4062 ὑμῖν,
1964 4013 1993 4041 ››

334 4072 609 4131 τουτέστι.
633 4075 710 4129 Δι’
739 4075 914 4148 ὑμῶν.
941 4079 1107 4134 ‹‹’⁷Οτι
1133 4076 1190 4130 οἱ
1215 4075 1385 4150 ἆγιοι.
1411 4100 1440 4128 ››
1464 4076 1552 4146 Ἐξ
1568 4075 1746 4132 αὐτῶν
1769 4076 1991 4153 γυμνῶν

334 4166 449 4215 τῶν
506 4160 791 4235 ὀνομάτων
848 4164 1092 4234 ποξεῖται
1150 4171 1249 4234 τῆς
1303 4164 1533 4239 κρίσεως
1590 4165 1652 4219 τὸ
1712 4164 1992 4243 διάφορον,

336 4249 468 4313 τοὺς
503 4251 597 4324 μέν
619 4250 864 4323 ἀδίκους,
896 4252 1026 4317 τοὺς
1074 4252 1132 4309 δὲ
1188 4255 1379 4330 ἁγίους
1432 4252 1636 4312 καλῶν.
1696 4277 1723 4304 ‹‹
1758 4252 1993 4323 Ἀνάξιοί

336 4338 459 4395 ἐστε
488 4339 789 4415 κριτηρίων
849 4340 1177 4416 ἐλαχίστων.
1213 4365 1243 4395 ››
1301 4342 1573 4417 Αἷσχύνη,
1623 4341 1810 4419 φησὶν,
1867 4341 1996 4415 ὑμῖν

336 4426 455 4482 ἐστι
486 4433 608 4485 τοῖς
638 4428 840 4505 κρίνειν
871 4431 961 4486 τὸν
989 4432 1197 4505 κόσμον
1257 4427 1551 4504 μέλλουσι,
1602 4430 1665 4485 τὸ
1720 4430 1993 4505 κρίνεσθαι

335 4516 395 4572 ἐν
421 4522 543 4578 τοῖς
574 4517 814 4574 εὐτελέσι
843 4520 934 4574 καὶ
960 4518 1174 4583 ἀδίκοις
1217 4519 1524 4597 κριτηρίοις
1573 4524 1681 4573 τῶν
1731 4518 1990 4573 ἀπίστων.

1284 383 1697 447 COMMENT.
1742 383 1821 443 IN
1864 379 2117 441 EPIST.
2167 378 2191 437 Ι
2235 380 2339 439 AD
2381 380 2748 442 CORlNTH.

1483 516 1597 575 Οὐκ
1653 511 1833 570 οἴδατε
1900 511 1985 566 ὅτι

2103 511 2323 567 tissimis
2341 513 2597 582 judiciis.
2637 517 2729 569 An
2759 519 2978 573 nescitis
3009 520 3157 589 quod
3182 521 3406 589 angelos
3461 522 3747 591 judicabi-

3632 387 3746 450 706

2097 618 2238 669 mus,
2273 603 2473 657 nedum
2502 605 2784 661 mundana
2805 607 2833 660 Σ)

2168 694 2312 749 Vide
2347 696 2506 765 quod
2545 697 2617 751 de
2646 697 2825 753 rebus
2855 717 2987 770 quae
3010 700 3140 771 jam
3172 702 3234 755 in
3284 703 3556 758 confesso
3606 711 3751 760 sunt

2095 781 2274 839 faciat
2302 787 2765 856 accusationem,
2802 789 3124 860 statimque
3156 797 3227 846 ab
3258 791 3429 847 initio
3461 793 3612 849 iram
3643 794 3751 850 de-

2097 877 2411 942 monstret,
2436 879 2495 928 et
2509 891 2635 929 rem
2662 876 2851 947 ipsam
2864 884 3030 932 vocat
3049 894 3261 933 ausum
3283 895 3350 934 ac
3384 880 3528 952 legis
3557 886 3752 936 trans-

2098 962 2484 1034 gressionem.
2522 995 2587 1005 —
2610 965 2731 1033 His,
2751 965 2966 1036 inquit,
2998 967 3081 1023 ita
3124 968 3355 1023 docenti
3388 970 3564 1025 modo
3597 988 3755 1026 com-

2099 1050 2329 1122 positis,
2364 1058 2429 1106 ut
2458 1053 2725 1109 habeatis
2756 1061 3106 1126 potestatem
3129 1057 3443 1128 judicandi
3468 1059 3755 1130 aliquose

2097 1140 2380 1196 fratribus
2411 1142 2512 1213 qui
2532 1142 2691 1197 inter
2710 1159 2808 1199 vos
2831 1151 2990 1211 sunt,
3010 1162 3129 1200 non
3180 1146 3610 1216 permittamini
3643 1164 3753 1203 au-

2100 1235 2219 1284 tem
2241 1230 2400 1285 idem
2419 1231 2619 1286 facere
2638 1248 2776 1305 erga
2797 1250 2897 1287 eos
2919 1234 3020 1304 qui
3043 1233 3189 1289 foris
3219 1240 3380 1304 sunt,
3430 1236 3609 1291 audet
3638 1237 3753 1292 ali-

2102 1318 2234 1389 quis
2258 1325 2571 1376 extraneos
2601 1338 2809 1377 vocare
2841 1338 2907 1376 ac
2935 1322 3071 1377 illos
3090 1322 3255 1378 vobis
3279 1323 3424 1395 ipsis
3446 1327 3749 1395 praeﬁcere

2094 1406 2328 1477 judices
2351 1413 2409 1463 et
2429 1425 2551 1463 non
2574 1410 2961 1466 confunditur
2991 1411 3051 1467 id
3073 1411 3164 1466 vel
3206 1413 3404 1467 animo
3439 1415 3749 1485 concipere

2100 1500 2166 1549 ut
2183 1495 2388 1552 ﬁdeles
2414 1497 2524 1552 sibi
2548 1498 2941 1571 ipsisjudices
2964 1501 3333 1556 constituant
3352 1502 3625 1558 inﬁdeles
3645 1503 3672 1557 ‘?
3692 1509 3750 1558 et

2100 1602 2206 1656 pro
2229 1586 2451 1641 sanctis
2482 1586 2737 1659 injustos
2770 1590 3185 1645 constituant?
3213 1593 3366 1646 463
3399 1591 3519 1647 IIoc
3551 1599 3748 1648 autem

2100 1675 2485 1731 vehementer
2540 1676 2939 1749 undequaque
2999 1681 3335 1735 communit
3385 1684 3450 1735 ut
3520 1681 3748 1753 seipsos

2103 1769 2537 1840 comprimant;
2569 1786 2679 1825 nec
2701 1770 3026 1826 incredulis
3056 1772 3117 1828 in
3148 1772 3353 1843 quavis
3380 1790 3444 1829 re
3477 1773 3620 1829 dent
3647 1791 3745 1830 ac-

2103 1857 2413 1923 casionem,
2438 1874 2633 1930 neque
2665 1858 2803 1915 dum
2812 1859 3186 1932 judicantur,
3212 1863 3561 1933 nequedum
3583 1864 3745 1920 aliud

2102 1946 2408 2017 quippiam
2441 1963 2646 2002 eorum
2678 1965 2809 2019 quas
2841 1966 2965 2004 non
2996 1950 3139 2005 satis
3168 1950 3420 2007 honesta
3450 1957 3591 2007 sunt
3645 1956 3751 2008 aut

2099 2035 2351 2107 paciﬁca
2378 2042 2742 2108 perpetrant:

2171 2126 2316 2180 Nam
2346 2125 2459 2182 hoc
2479 2127 2654 2182 modo
2685 2127 2984 2185 efﬁciebat
3002 2134 3069 2184 ut
3086 2134 3328 2202 propter
3346 2131 3508 2202 ipsos
3531 2148 3750 2188 nomen

2100 2214 2201 2269 Dei
2224 2216 2505 2271 conviciis
2533 2233 2655 2272 non
2677 2217 3080 2273 incesseretur
3104 2235 3117 2272 :
3148 2224 3205 2274 et
3225 2220 3440 2293 agebat
3460 2226 3525 2276 ut
3555 2221 3644 2276 illi
3673 2221 3750 2277 ad

2099 2302 2404 2376 religionis
2436 2321 2701 2361 amorem
2731 2311 2791 2360 et
2818 2306 3085 2362 afﬂatum
3105 2308 3517 2364 incitarentur.
3543 2309 3747 2364 «Judi-

2099 2393 2220 2446 cari
2247 2392 2355 2448 sub
2381 2393 2641 2466 injustis.
2675 2415 2703 2445 »
2735 2393 2901 2459 Quod
2930 2395 3191 2465 primum
3221 2398 3459 2468 assequi
3490 2398 3653 2469 cupit
3689 2398 3740 2453 is

2099 2480 2198 2551 qui
2224 2480 2548 2552 judicatur,
2581 2497 2795 2552 nempe
2816 2481 3052 2553 judices
3075 2482 3291 2553 justos,
3324 2484 3435 2539 hoc
3474 2485 3734 2540 ostendit

2097 2566 2269 2621 illum
2296 2583 2415 2622 non
2438 2567 2673 2637 assequi
2699 2584 2712 2623 :
2740 2582 2879 2621 nam
2901 2567 3107 2638 injusti
3131 2574 3288 2636 sunt,
3310 2568 3544 2641 {inquit
3577 2573 3736 2625 Atta-

2099 2672 2238 2711 men
2260 2655 2680 2712 advertendem
2710 2660 2800 2710 est
2828 2655 2988 2727 quod
3017 2655 3088 2711 de
3121 2657 3335 2711 Graecis
3366 2657 3589 2712 dictum
3649 2662 3742 2714 est

2091 2744 2418 2817 judicibus.
2458 2768 2486 2796 ‹‹
2517 2747 2587 2800 Et
2615 2762 2735 2801 non
2761 2744 2948 2817 magis
2979 2744 3086 2800 sub
3120 2746 3393 2801 sanctis?
3437 2768 3467 2798 ››
3526 2747 3741 2815 Audet,

2101 2834 2316 2906 inquit,
2350 2834 2645 2907 quispiam
2676 2834 3020 2907 hujusmodi
3053 2851 3177 2889 rem
3217 2836 3471 2907 operari,
3503 2843 3569 2891 ut
3608 2854 3743 2893 cum

2100 2923 2317 2979 habeat
2328 2924 2587 2996 judicari
2611 2941 2745 2980 cum
2767 2923 2970 2991 fratre,
2994 2940 3115 2978 non
3136 2923 3445 2995 judicetur
3465 2926 3572 2980 sub
3605 2942 3745 2981 san—

2101 3011 2231 3079 ctis,
2257 3011 2361 3067 sed
2383 3010 2493 3066 sub
2517 3011 2732 3067 Graecis
2756 3011 2783 3066 δῖ
2807 3012 3164 3083 Signiﬁcavit
3186 3012 3383 3083 itaque
3405 3012 3467 3067 id
3494 3013 3651 3084 quod
3683 3014 3745 3069 in

2102 3101 2187 3157 eis
2219 3099 2334 3155 ﬁde
2366 3100 2611 3172 dignum
2643 3106 2789 3167 erat,
2818 3116 2949 3154 cum
2986 3105 3221 3155 sanctos
3253 3101 3506 3155 vocavit:
3551 3102 3744 3157 adhuc

2102 3193 2301 3244 autem
2335 3187 2521 3260 magis
2551 3204 2652 3243 eos
2682 3187 2916 3243 extollit
2944 3188 3187 3243 dicens:
3223 3210 3250 3237 ‹‹
3286 3188 3563 3243 Mundum
3589 3189 3748 3260 judi-

597 3280 900 3352 καθήμενοι
974 3279 1066 3334 καὶ
1139 3279 1436 3355 κρίνοντες,
1514 3276 1691 3356 ἄπαγε
1777 3280 1829 3352 (6
1901 3279 1992 3354 γὰρ

2106 3276 2346 3345 cabunt,
2379 3298 2406 3326 »
2439 3275 2690 3348 nonipsi
2714 3275 2955 3347 quidem
2971 3276 3245 3331 sedentes
3264 3282 3368 3333 aut
3380 3276 3745 3348 judicantes,

2104 3364 2259 3420 absit
2283 3383 2296 3419 :
2319 3365 2603 3420 Dominus
2624 3365 2784 3419 enim
2809 3370 2899 3420 est
2918 3365 3016 3436 qui
3034 3365 3266 3434 judicat
3291 3383 3303 3419 :
3329 3366 3433 3420 sed
3456 3365 3748 3421 mundum

2104 3454 2589 3510 condemnantes.
2611 3453 2915 3519 Quomodo
2936 3454 2964 3508 ‘I
3012 3456 3162 3510 Dum
3194 3454 3306 3527 ipsi
3340 3455 3440 3526 qui
3472 3455 3749 3510 homines

2104 3548 2292 3610 erant,
2319 3548 2376 3596 et
2406 3542 2682 3598 similiter
2711 3548 2777 3597 ut
2808 3560 2917 3597 nos
2947 3542 3364 3598 affectionibus
3396 3543 3659 3612 obnoxii,
3693 3547 3751 3597 et

2102 3630 2504 3699 crediderunt,
2537 3636 2594 3687 et
2623 3631 2870 3703 probam
2901 3631 3309 3703 praestiterunt
3346 3632 3746 3687 conversatio-

2102 3737 2240 3775 nem
2271 3737 2284 3776 :
2319 3736 2519 3775 annon
2551 3725 2924 3775 accusatores
2981 3721 3171 3774 nostri
3224 3726 3402 3775 erunt
3449 3722 3549 3791 qui
3603 3721 3747 3775 tales

2104 3809 2294 3864 effecti
2323 3825 2441 3863 non
2467 3825 2672 3863 sumus
2691 3809 2719 3862 ‘2
2741 3808 3113 3864 Convincunt
3133 3808 3290 3863 enim
3314 3825 3423 3862 nos
3448 3807 3606 3879 quod
3628 3825 3749 3863 non

2102 3902 2328 3952 naturae
2361 3895 2791 3964 imbecillitate,
2827 3896 2928 3950 sed
2960 3897 3232 3952 socordia
3289 3897 3747 3968 pecoaverimus.

2102 3984 2265 4050 Quod
2295 3984 2618 4038 ostendens
2641 3984 2946 4057 subjungit
2975 4001 2988 4038 :
3024 4007 3051 4034 «
3083 3986 3153 4038 Et
3183 3985 3229 4039 si
3259 4002 3366 4056 per
3396 4001 3495 4040 vos
3515 3985 3748 4057 judica-

2103 4078 2199 4126 tur
2230 4070 2505 4126 mundus.
2529 4093 2555 4120 ››
2584 4071 2710 4124 Νοιι
2737 4070 2900 4138 dicit,
2926 4070 3163 4139 avobis,
3206 4072 3310 4126 sed
3361 4094 3389 4121 (ί
3421 4073 3534 4127 Per
3563 4090 3681 4128 vos.
3717 4095 3745 4123 »

2103 4162 2246 4215 Nam
2274 4156 2325 4212 ἐδ
2359 4156 2486 4230 ὕμῖν
2520 4158 2751 4230 capitur
2779 4175 2884 4231 pro
2917 4153 2988 4210 δι’
3018 4156 3190 4230 ὐμῶν.
3226 4183 3253 4210 ‹‹
3287 4161 3451 4225 Quod
3473 4163 3680 4217 sancti.
3718 4184 3747 4212 ››

2102 4250 2183 4302 Ex
2201 4247 2347 4320 ipsis
2364 4246 2540 4302 nudis
2557 4247 2902 4303 nominibus
2925 4247 3138 4319 judicii
3164 4249 3305 4304 facit
3319 4250 3742 4320 diversitatem,

2101 4338 2237 4392 illos
2268 4336 2510 4409 quidem
2541 4353 2756 4393 vocans
2785 4337 3061 4409 injustas,
3094 4337 3204 4393 hos
3235 4345 3435 4394 autem
3484 4346 3742 4395 sanctos.

2104 4449 2134 4479 ‹‹
2159 4427 2389 4498 Indigni
2424 4429 2567 4481 estis
2594 4426 2859 4482 minimis
2882 4427 3145 4498 judiciis.
3185 4450 3212 4477 ››
3246 4428 3485 4497 Pudori,
3527 4429 3744 4500 inquit,

2103 4520 2266 4574 vobis
2289 4525 2396 4589 est,
2421 4524 2505 4588 ut,
2535 4519 2636 4590 qui
2658 4518 2951 4574 mundum
2969 4519 3294 4591 judicaturi
3327 4520 3493 4586 estis,
3527 4520 3587 4574 in
3648 4522 3747 4576 ab-

340 4630 368 4656 «‹
402 4612 521 4662 Ὁτι
578 4604 844 4685 ἀγγέλους
906 4613 1204 4684 κρινοῦκεν·
1237 4633 1267 4661 ››
1328 4606 1631 4685 Ἀγγέλους
1689 4606 1816 4668 τοὺς
1876 4604 1992 4662 δαί-

2103 4609 2272 4682 jectis
2292 4624 2359 4663 ac
2386 4608 2627 4681 injustis
2649 4608 3747 4682 incredulorumjudiciisjudicemini.

343 4692 519 4765 μονάς
552 4716 709 4773 φησι,
739 4697 920 4760 καθὼς
967 4696 1058 4752 καὶ
1090 4697 1118 4751 ὁ
1149 4697 1377 4772 Χριστὸς
1436 4694 1610 4772 ἔλεγε.
1674 4720 1701 4747 ‹‹
1734 4700 1821 4768 Τῷ
1879 4693 1993 4751 δια-

339 4778 499 4855 ϐόλῳ
530 4783 619 4837 καὶ
644 4788 762 4845 τοῖς
792 4782 1051 4861 ἀγγέλοις
1077 4784 1262 4845 αὐτοῦ,
1298 4808 1326 4837 ››
1354 4789 1478 4847 Πῶς
1521 4783 1577 4839 δέ
1628 4782 1821 4846 αὐτοὺς
1868 4804 1986 4858 κρι-

336 4874 571 4943 νοῦμεν;
601 4873 766 4930 Ὀταν
796 4874 1102 4947 ἀσώματοι,
1144 4872 1367 4929 ἔλαττον
1427 4876 1588 4948 ἡμῶν
1635 4877 1743 4928 τῶν
1793 4893 1988 4947 σαρκο-

341 4960 659 5036 φορούντων
711 4956 932 5037 ἔχοντες
990 4962 1271 5037 εῦρεθῶσι,
1328 4960 1494 5017 πλέον
1552 4962 1988 5037 κατακρίνονται,

336 5049 511 5105 Ὀταν
568 5046 627 5104 δὲ
683 5048 951 5125 ἀγγέλους
1032 5056 1343 5127 κρινοῦμεν,
1429 5051 1584 5123 πόσῳ
1640 5060 1700 5127 γε
1760 5052 1992 5127 βιωτικά

339 5135 681 5213 πράγματα;
732 5173 800 5182 --
841 5137 1088 5203 Ἄλλως.
1148 5143 1360 5215 [ΦΩΤ.]
1418 5140 1483 5197 Εἰ
1538 5138 1807 5216 ἀγγέλους
1864 5139 1989 5202 τοὺς

337 5225 759 5290 ἐκπεπτωκότας
818 5237 918 5299 τῆς
1002 5228 1207 5292 οἴκείας
1262 5230 1487 5300 τάξεως,
1565 5230 1792 5303 γνώμης
1854 5226 1990 5290 ἰδίας

341 5316 649 5392 μοχθηρίᾳ,
695 5319 772 5381 εἷς
822 5319 1056 5383 τοῦτους
1114 5324 1426 5394 κρινοῦμεν,
1494 5319 1621 5389 ἤτοι
1677 5317 1992 5395 ἐλέγξομεν,

338 5404 496 5460 αὐτοὶ
577 5407 712 5478 μετὰ
789 5408 1044 5481 σώματος
1120 5407 1289 5477 ὅντες,
1366 5406 1450 5463 ὅτι
1542 5405 1742 5462 ἐκτῖνοι
1816 5408 1993 5486 χωρὶς

336 5493 598 5568 σώματος
674 5491 847 5568 ὄντες,
921 5499 1011 5553 τὸν
1088 5496 1292 5553 οἰκεῖον
1371 5495 1577 5571 θεσμὸά
1649 5495 1750 5551 οὐκ
1800 5494 1995 5573 ἐτήρη.

409 5666 457 5705 εί
490 5669 513 5690 ⁶
545 5669 746 5724 Matth.
784 5687 910 5737 xxv,
942 5672 1029 5725 41.

2107 4722 2133 4749 (ι
2167 4698 2331 4765 Quod
2363 4698 2604 4770 angelos
2627 4697 3077 4771 judicabimus‘?
3110 4721 3137 4747 »
3170 4700 3426 4773 Angelos
3444 4704 3613 4755 vocat
3630 4700 3749 4755 dae-

2106 4805 2334 4855 mones,
2350 4786 2853 4858 quemadmodum
2873 4792 2930 4841 et
2947 4787 3213 4843 Christus
3236 4789 3507 4845 dicebat:
3542 4812 3569 4839 «
3604 4789 3745 4846 Dia-

2097 4876 2232 4932 bolo
2257 4882 2311 4931 et
2337 4875 2562 4948 angelis
2585 4875 2766 4947 ejus8|
2783 4877 2856 4930 ’.ιι
2886 4876 3190 4941 Quomodo
3204 4883 3403 4934 autem
3423 4878 3748 4951 ipsosjudi-

2101 4965 2365 5020 cabimus
2387 4963 2415 5018 ‘l
2438 4966 2579 5018 Cum
2609 4963 2724 5035 ipsi
2748 4963 2849 5035 qui
2869 4970 3009 5019 sunt
3037 4965 3396 5039 incorporei,
3436 4967 3747 5022 inferiores

2100 5054 2271 5109 nobis
2298 5052 2519 5107 inventi
2551 5052 2775 5107 fuerint
2804 5054 2903 5124 qui
2946 5072 3188 5111 carnem
3247 5056 3746 5124 circumferimns,

2102 5143 2359 5214 amplius
2392 5141 2888 5197 condemnentur.
2914 5144 3059 5199 Cum
3103 5151 3298 5201 autem
3320 5144 3561 5216 angelos
3582 5145 3750 5215 judi-

2103 5230 2291 5287 caturi
2314 5230 2519 5296 simus,
2536 5234 2757 5300 quanto
2771 5232 2958 5304 magis
2974 5251 3069 5288 res
3087 5234 3419 5288 mundanas
3432 5233 3459 5286 ‘?
3484 5262 3545 5272 -
3563 5232 3749 5286 Aliud.

2106 5322 2162 5376 Si
2186 5319 2429 5391 angelos
2452 5318 2553 5389 qui
2593 5320 2845 5391 prOpriaa
2870 5323 3088 5378 mentis
3122 5323 3405 5393 pravitate
3448 5321 3520 5376 ab
3537 5320 3748 5377 ordine

2105 5426 2211 5465 suo
2239 5406 2604 5475 exciderunt,
2630 5408 2679 5462 si
2719 5409 2829 5463 hos
2855 5409 3261 5482 judicabimus
3301 5416 3403 5466 aut
3428 5426 3746 5483 arguemus

2105 5497 2205 5569 qui
2228 5511 2478 5568 corpora
2493 5494 2779 5552 habemus
2803 5513 2817 5552 :
2843 5498 2982 5568 quia
2998 5497 3086 5554 illi
3111 5499 3458 5571 corporibus
3475 5504 3746 5555 carentes
