4106 6252
420 306 534 366 707

1526 303 1942 366 (ECUMENII
1992 301 2298 364 TRICCIE
2338 303 2720 366 EPISCOPI.

3716 304 3827 363 708

410 453 582 493 suam
605 453 725 491 non
744 440 1058 490 servarunt
1094 434 1306 507 legem,
1344 451 1454 491 nos
1496 442 1696 491 autem
1743 435 2050 490 secundun

2186 455 2303 504 σαν,
2358 436 2523 509 ἡμεῖς
2577 433 2633 489 δὲ
2691 434 2827 490 κατὰ
2883 433 3013 489 τοὺς
3073 431 3321 496 δοθέντας
3383 436 3519 506 ἡμῖν
3584 433 3692 488 ὑπό
3741 433 3831 489 τού

416 524 583 582 datas
612 526 782 580 nobis
812 542 847 580 a
879 523 1125 579 Domino
1157 524 1336 597 leges,
1371 522 1525 579 404
1570 524 1770 594 (etiam
1802 522 1922 578 illis
1963 540 2072 579 nos

412 614 871 687 impotentibus)
906 613 1236 668 conversati
1271 630 1474 668 sumus
1502 629 1514 667 :
1543 608 1590 667 si
1639 630 1776 686 ergo
1809 610 1944 668 illos
1975 626 2070 668 ar-

416 717 685 778 guemus,
701 710 761 759 et
782 703 1187 759 inexcusabile
1214 703 1647 759 constituemus
1666 702 1905 758 illorum
1940 720 2071 775 pec-

418 800 639 863 catum,
675 800 895 865 quanto
923 790 1110 864 magis
1142 791 1343 848 idonei
1376 806 1582 848 sumus
1616 791 1716 862 qui
1772 792 2069 847 humanas

422 880 1238 939 contentionesdissolvamus
1260 887 1614 954 mutuasque
1633 882 1786 936 inter
1806 898 1914 935 nos
1936 895 2070 936 cau-

424 990 517 1029 sas
535 991 599 1029 ac
622 972 756 1027 lites
768 970 955 1042 '?quod
980 969 1026 1025 si
1041 971 1304 1026 nondum
1330 969 1423 1025 his
1444 987 1575 1042 qum
1597 968 1753 1026 dicta
1774 976 1914 1025 sunt
1932 984 2065 1042 per-

423 1064 779 1131 suademini,
814 1064 917 1118 sed
948 1063 1143 1118 adhuc
1184 1061 1488 1117 existimas
1549 1060 1854 1116 infirmum
1935 1074 2065 1114 esse

417 1150 788 1209 credentium
811 1148 1109 1223 judicium
1142 1164 1209 1206 ac
1241 1150 1566 1206 invalidum
1626 1148 1699 1206 ad
1758 1167 1967 1206 causas
2007 1155 2065 1205 et

414 1240 848 1305 contentiones,
909 1255 1040 1309 quas
1101 1240 1258 1293 inter
1314 1252 1414 1293 vos
1464 1242 1621 1307 sunt,
1655 1234 2063 1293 dissolvendas

412 1328 689 1381 Attamen
722 1325 954 1379 etiamsi
988 1324 1143 1379 inter
1171 1338 1271 1378 Vos
1302 1324 1525 1379 fuerint
1556 1323 1779 1378 inﬁrmi
1815 1329 1871 1377 et
1918 1338 2061 1378 con-

409 1415 620 1487 tempti
652 1413 880 1483 fideles,
914 1414 1136 1485 quique
1166 1428 1286 1468 non
1320 1414 1811 1485 possuntjustum
1835 1413 2058 1468 intelli-

410 1502 877 1576 gerejudicium,
894 1503 1111 1559 melius
1126 1506 1323 1559 tamen
1344 1508 1433 1557 est
1458 1500 1566 1557 hos
1584 1500 2058 1574 sederejudices,

410 1594 647 1665 quando
671 1592 835 1648 vobis
852 1607 1095 1648 necesse
1117 1590 1295 1647 fuerit
1320 1588 1620 1647 mundana
1641 1590 1858 1646 habere
1883 1590 2057 1663 judi-

409 1682 519 1752 cia,
539 1696 719 1753 quam
738 1698 836 1736 vos
860 1681 1021 1753 ipsos
1043 1680 1371 1735 incredulis
1406 1678 1639 1735 tradere
1660 1679 1720 1733 in
1737 1679 2055 1750 judicium.

408 1773 685 1844 Abjectos
716 1774 917 1825 autem
951 1785 1057 1825 seu
1087 1774 1459 1840 contemptus
1491 1768 1632 1835 dixi,
1666 1768 1880 1839 inquit,
1913 1785 2059 1823 con-

406 1861 668 1917 fundens
697 1877 799 1914 vos
832 1875 900 1914 ac
930 1856 1315 1930 pudefaciens
1343 1873 1356 1911 :
1392 1857 1673 1928 quoniam
1706 1856 1878 1911 multi
1919 1864 2060 1913 sunt

410 1954 509 2023 qui
532 1955 783 2023 possunt
808 1964 1018 2004 causas
1038 1956 1095 2003 et
1117 1948 1552 2016 contentiones,
1578 1960 1708 2018 quae
1734 1953 1875 2003 sunt
1903 1946 2060 2004 inter

409 2059 529 2107 vos,
555 2040 899 2096 dissolvere.
922 2039 981 2093 ld
1006 2040 1165 2094 enim
1185 2039 1457 2094 maximaa
1479 2036 1849 2092 verecundiae
1886 2044 1944 2092 et
1972 2038 2058 2092 vi-

409 2124 804 2202 tuperationis
826 2132 935 2194 est,
972 2126 1021 2183 si
1044 2140 1121 2182 ne
1162 2140 1320 2183 unus
1369 2122 1609 2197 quidem
1649 2126 1807 2182 inter
1837 2139 1938 2181 eos
1971 2144 2059 2183 sa-

408 2218 579 2291 piens
595 2214 785 2289 sitqui
805 2217 967 2289 juste
1008 2217 1197 2288 possit
1220 2216 1381 2271 inter
1403 2214 1823 2273 dissentientes
1845 2216 2057 2273 fratres

403 2307 697 2379 judicare.
726 2306 928 2361 Varias
950 2313 1147 2362 autem
1168 2306 1337 2378 ponit
1358 2306 1746 2379 probationes
1767 2305 1925 2378 quod
1936 2318 2059 2361 non

412 2401 683 2466 oporteat
706 2394 930 2451 relictis
949 2393 1225 2450 ﬁdelibus
1254 2394 1327 2450 ad
1359 2393 1621 2450 tribunal
1642 2393 1928 2452 accedere
1954 2394 2058 2452 in-

412 2484 814 2541 credulorum.
838 2484 1102 2540 Primum
1128 2482 1370 2555 quidem
1398 2482 1540 2555 quia
1570 2499 1727 2539 nunc
1750 2499 1884 2539 cum
1918 2483 2060 2538 ﬁde-

404 2567 495 2630 les
516 2590 722 2632 sumus
743 2573 1221 2646 nonjudicamus
1242 2571 1397 2643 illos,
1417 2586 1552 2628 cum
1579 2572 1698 2628 sint
1738 2571 2053 2629 increduli.

413 2666 429 2700 ί
466 2664 615 2729 Quid
648 2665 830 2732 enim,
867 2665 1081 2735 inquit,
1112 2662 1186 2718 ad
1220 2676 1311 2717 me
1344 2663 1556 2718 attinet
1586 2664 1765 2717 etiam
1798 2676 1898 2717 eos
1954 2661 2056 2732 qui

406 2751 549 2808 foris
572 2754 1019 2825 suntjudicare.
1045 2773 1073 2801 »
1127 2754 1309 2817 Quam
1357 2767 1637 2823 magnum
1672 2767 1808 2823 ergo
1837 2766 2058 2822 oppro-

410 2840 605 2895 brium
621 2836 1413 2911 estabincredulisjudicari
1461 2838 1702 2894 fideles!
1736 2839 2003 2894 Secundo
2038 2856 2053 2895 :

412 2928 467 2983 Si
484 2928 571 2983 illi
591 2929 831 3000 quidem
846 2929 903 2983 in
904 2927 1051 3001 justi
1072 2926 1331 2990 sunt,isti
1350 2942 1486 2982 vero
1501 2928 1943 2999 sancti;quanta
1959 2927 2057 2983 de-

408 3018 633 3073 mentia
646 3023 734 3073 est
750 3018 972 3073 relictis
997 3017 1214 3071 sanctis
1233 3032 1469 3071 currere
1491 3015 1565 3072 ad
1591 3016 2053 3088 injustos,idque

397 3126 534 3164 cum
558 3110 796 3181 assequi
820 3107 1484 3181 cupiantquodjustum
1537 3107 1670 3163 est?
1716 3108 1911 3163 Tertio
1947 3124 1960 3162 :
1993 3108 2050 3162 Si

2185 524 2384 596 Κυρίου
2457 525 2689 597 νόμους,
2763 521 2945 579 καίτοι
3032 518 3294 578 κάκείνων
3396 519 3833 594 ιπηρεαζόντων,

2183 610 2674 685 ἐπολιτευσάμεθα.
2754 610 2819 670 Εἴ
2892 606 2985 667 οὖν
3061 607 3297 672 ἐκείνους
3369 606 3691 685 ἓλέγξομεν,
3752 612 3836 667 καὶ

2184 699 2602 776 ἇναπολόγητον
2705 700 2892 765 αὐτοῖς
2992 699 3439 776 καταστησόμεθα
3523 699 3589 755 τὸ
3668 699 3841 775 ἀμάρ-

2177 810 2351 864 τημα,
2380 789 2536 864 πόσῳ
2578 788 2791 865 μᾶλλόν
2844 786 3003 865 ἔσμεν
3063 787 3239 846 ίκανοὶ
3294 789 3361 845 τὰ
3418 786 3669 865 βιωτικὰ
3726 786 3841 846 δια-

2178 878 2337 935 λῦσαι
2366 878 2827 959 φιλονεικήματα,
2857 879 2947 936 καί
2990 881 3090 943 τὰς
3133 881 3270 953 πρὸς
3329 874 3631 951 ἀλλήλους
3687 877 3836 943 δίκας

2175 968 2264 1025 καὶ
2297 966 2479 1045 ἔριδας
2514 990 2527 1040 ;
2562 968 2625 1028 Εί
2684 966 2732 1025 δ’
2789 969 2944 1025 οὔπω
2999 976 3115 1032 τοῖς
3181 968 3494 1044 εῗρημένοις
3559 968 3836 1027 δυσωπεῖ-

2176 1060 2285 1131 σθε,
2329 1056 2453 1115 ἀλλ’
2522 1054 2599 1115 ἔτι
2655 1057 2906 1132 νομίζετε
2966 1059 3051 1115 ὅτι
3111 1060 3222 1115 τῶν
3279 1064 3489 1114 πιστῶν
3556 1058 3627 1116 τὸ
3688 1056 3836 1115 δικι-

2175 1151 2396 1226 σττςριον
2468 1144 2684 1214 ἀσθενές
2759 1147 2869 1203 ἔστι
2942 1148 3033 1204 καὶ
3108 1146 3372 1204 ἀδύνατον
3451 1145 3531 1211 είς
3615 1150 3682 1204 τὸ
3723 1144 3838 1204 δια-

2172 1236 2322 1294 λύειν
2348 1235 2444 1300 τὰς
2475 1234 2624 1300 δίκας
2683 1234 2812 1311 ύμῖν
2862 1235 2947 1293 καί
2995 1236 3088 1300 τὰς
3132 1235 3489 1314 φιλονεικίας·
3558 1234 3697 1293 ἀλλ’
3746 1234 3833 1293 οὖν

2173 1327 2224 1382 εἷ’
2246 1327 2335 1382 καί
2376 1325 2636 1395 ἀσθενεῖς,
2692 1328 2813 1391 καθ’
2879 1327 3019 1400 ὑμᾶς
3076 1324 3166 1382 καὶ
3225 1323 3649 1399 ἐξουθενημίνοι
3711 1326 3834 1382 ὦσιν

2170 1417 2221 1471 οἱ
2296 1415 2504 1487 πιστοὶ,
2579 1416 2667 1471 καὶ
2742 1411 2997 1471 ἀδύνατοι
3074 1412 3306 1470 συνιδεῖν
3401 1411 3837 1501 δικαιοκρισίαη
3911 1477 3921 1485 _

2169 1505 2388 1580 ἄμεινόν
2431 1506 2542 1561 ἔστι
2572 1508 2803 1568 τούτους
2856 1503 3095 1575 καθίζειν
3147 1501 3425 1575 δικαστὰς,
3475 1503 3617 1561 ὅταν
3672 1500 3836 1581 ἔχητε

2171 1594 2354 1670 χρείαν
2390 1592 2663 1670 βιωτικῶν
2695 1592 3021 1669 κριτηρίων,
3054 1593 3089 1661 ἤ
3119 1597 3238 1653 τοῖς
3297 1590 3556 1656 ἆπίστοις
3612 1594 3836 1657 ἑαυτοὺς

2169 1681 2245 1744 είς
2275 1681 2449 1755 κρίσιν
2482 1676 2776 1736 ἐκδιδόναι.
2826 1678 3319 1753 Ἐξουθενημένους
3371 1675 3429 1734 δὶ
3485 1677 3683 1749 εἷπον,
3725 1700 3828 1758 φη-

2168 1769 2272 1839 σὶν,
2306 1764 2574 1845 ίντρὲπων
2611 1770 2751 1843 ὑμᾶς
2782 1768 2873 1824 καί
2928 1766 3227 1847 αἰσχύνων,
3269 1765 3384 1824 ἐπεὶ
3430 1765 3658 1825 πολλοί
3700 1768 3831 1825 tiam

2170 1853 2412 1915 διαλύειν
2465 1856 2517 1913 ἐν
2579 1858 2707 1930 ὑμῖν
2763 1854 2916 1920 δίκας
2971 1855 3258 1933 ῒσχύοντες
3302 1857 3394 1913 καὶ
3458 1856 3829 1937 φιλονεικίας.

2171 1949 2353 2017 ιΙόσης
2382 1948 2484 2022 γὰρ
2513 1947 2612 2001 οὐκ
2640 1946 2782 2002 ἔστιν
2815 1946 3047 2022 αίχύνης
3073 1946 3162 2001 καὶ
3201 1944 3610 2021 καταγνώσεως
3641 1951 3824 2016 τοῦτο,

2168 2036 2213 2091 εἰ
2245 2036 2342 2092 οὐκ
2375 2030 2447 2091 ἔνι
2480 2036 2645 2116 σοφὸς
2673 2033 2725 2090 ἐν
2779 2036 2930 2109 ὑμῖν,
2984 2035 3170 2112 φησὶν,
3222 2032 3345 2089 οὐδὲ
3392 2036 3490 2102 εἷς,
3543 2036 3615 2093 ὃς
3667 2033 3827 2105 δυνή-

2168 2144 2312 2181 σεται
2365 2123 2649 2180 δικαιῶσαι
2706 2123 2807 2179 ἀνᾶ
2866 2123 3025 2197 μέσον
3085 2120 3331 2203 ἀδελφῶν
3393 2122 3823 2199 δικαζομένωνς

2168 2214 2469 2291 Διαφόρους
2502 2208 2559 2269 δὶ
2585 2209 2889 2284 ἀποδείξεις
2947 2210 3133 2284 τίθησι
3186 2214 3285 2268 τοῦ
3344 2212 3419 2286 μὴ
3482 2210 3598 2268 δεῖν
3661 2232 3819 2269 κειται

2168 2300 2428 2368 λιπόντας
2454 2301 2581 2367 τοὺς
2611 2303 2859 2370 πιστοὺς,
2892 2301 2979 2359 ἐπὶ
3009 2303 3071 2357 τὸ
3127 2308 3235 2357 τῶν
3281 2301 3528 2357 ἀπίστων
3588 2299 3819 2379 βαδίζειν

2166 2396 2468 2469 κριτήριον.
2503 2398 2727 2468 Πρῶτον
2768 2394 2884 2466 μὲν,
2937 2392 3022 2447 δτι
3073 2392 3237 2465 ἡμεῖς
3292 2395 3386 2445 νῦν
3443 2389 3510 2446 οὗ
3570 2391 3818 2468 κρίνομεν

2166 2479 2402 2544 ὶκείνους
2436 2481 2487 2537 οἱ
2516 2482 2700 2538 πιστοί
2730 2482 2858 2542 τοὺς
2896 2480 3174 2542 ἀπίστους.
3206 2504 3233 2533 ιι
3255 2480 3324 2537 Τί
3354 2479 3458 2556 γάρ
3494 2500 3618 2553 μοι,
3666 2479 3812 2559 φησί,

2161 2571 2414 2635 καὶτοὺς
2443 2565 2543 2641 ἔξω
2590 2571 2828 2647 κρίνειν;
2864 2594 2891 2623 ››
2951 2573 3075 2632 Πῶς
3136 2566 3198 2623 ού
3247 2569 3382 2643 μέγα
3436 2563 3656 2631 ὄνειδος
3712 2567 3807 2622 ὑπὸ

2162 2666 2271 2718 τῶν
2300 2661 2542 2720 ἀπίστων
2571 2661 2840 2740 κρίνεσθαί
2898 2660 3025 2726 τοὺς
3081 2658 3351 2730 πιστούς;
3413 2658 3688 2735 Δεύτερον*
3742 2657 3800 2716 Εἰ

2165 2752 2217 2806 οἱ
2246 2752 2341 2825 μὶν
2373 2749 2575 2821 ἄδικοι,
2608 2754 2661 2807 οἱ
2703 2750 2761 2808 δὶ
2815 2748 2986 2827 ἅγιοι,
3036 2752 3156 2814 πῶς
3213 2749 3311 2804 οὐκ
3368 2743 3512 2804 ἔασιν
3571 2748 3792 2820 ἠλίθιον,

2164 2837 2537 2896 καταλιπόντα
2562 2842 2690 2902 τοὺς
2719 2836 2929 2910 ἀτίους,
2976 2836 3065 2895 ἐπὶ
3121 2835 3247 2899 τοὺς
3296 2835 3515 2901 ἀδίκους
3565 2837 3780 2911 τρέχειν,

2162 2928 2252 2983 καὶ
2280 2932 2471 2997 ταῦτα,
2500 2932 2686 3004 τυχεῖν
2729 2927 3027 2998 ἐλπίζοντα
3062 2928 3159 2983 τοῦ
3190 2923 3406 2982 δικαίου
3433 2944 3447 2993 ;
3492 2925 3683 2999 Τρίτον.
3714 2919 3771 2978 Εἴ

2163 3018 2215 3072 οἱ
2246 3017 2395 3095 ἃγιοι
2426 3016 2516 3074 τδν
2547 3017 2755 3093 κόσμον
2788 3016 3068 3092 ἐλίγξουσι
3114 3014 3209 3073 καὶ
3257 3011 3638 3089 ἇναπόδριοτον
3686 3010 3773 3064 αὒ-

2161 3113 2280 3169 τοῖς
2309 3105 2598 3178 τήνδίκην
2658 3107 3178 3182 παρασκευάσουσιν,
3228 3102 3309 3183 ἐφ’
3361 3102 3448 3166 οἷς
3489 3109 3586 3172 τῆς
3628 3100 3781 3168 αὖτῆς

399 3192 587 3253 sancti
609 3194 899 3253 mundum
917 3203 1165 3269 arguent
1181 3214 1246 3252 ac
1262 3194 1664 3253 inevitabilem
1686 3210 1892 3252 eorum
1915 3212 2049 3254 cau-

2161 3197 2371 3273 φύσεως
2399 3194 2566 3265 δντες,
2596 3196 2811 3259 καὶτὰς
2857 3193 3050 3270 ἀρετὰς
3094 3195 3449 3270 πράττοντες,
3502 3191 3603 3249 οὐκ
3642 3186 3793 3265 ἔσχον

392 3304 518 3342 sam
537 3286 818 3351 efﬁcient,
848 3304 916 3341 eo
934 3286 1092 3357 quod
1111 3303 1247 3341 cum
1272 3286 1541 3359 ejusdem
1576 3292 1777 3342 essent
1797 3292 2045 3355 naturas,

392 3381 450 3431 et
467 3378 712 3432 virtutes
730 3381 1143 3448 operarentur,
1164 3392 1284 3431 non
1298 3375 1640 3431 habuerunt
1660 3393 1761 3431 eos
1783 3377 2047 3433 imitato-

387 3481 483 3520 res
507 3482 655 3535 quos
669 3465 994 3537 arguebant
1015 3482 1027 3519 :
1045 3471 1265 3535 quanto
1285 3463 1471 3537 magis
1492 3469 1767 3537 potentes
1787 3470 1926 3520 sunt
1942 3467 2043 3537 qui

392 3552 548 3611 inter
579 3552 727 3610 duos
753 3554 958 3610 arbitri
991 3554 1113 3610 sint
1169 3571 1236 3609 ac
1282 3553 1608 3627 judicent?
1666 3557 1884 3621 Quarto
1921 3573 1933 3610 :
1986 3556 2039 3611 Si

392 3649 666 3715 potentes
696 3661 901 3700 sumus
930 3645 1031 3716 qui
1065 3650 1123 3699 et
1152 3643 1414 3718 angelos,
1470 3642 1529 3698 id
1576 3648 1682 3708 est,
1744 3644 2043 3699 daamones

393 3730 775 3805 incorporeas
806 3750 1142 3805 arguamus,
1161 3737 1383 3804 quanto
1398 3730 1583 3805 magis
1610 3728 1747 3787 illos
1771 3733 1871 3804 qui
1891 3733 2044 3804 ejus-

392 3816 528 3877 dem
559 3823 867 3880 nobiscum
903 3829 1129 3879 naturae
1162 3826 1321 3890 sunt,
1355 3820 1743 3894 ejusdemque
1792 3823 2040 3877 rationis

388 3908 616 3967 vivendi
640 3913 666 3967 ‘2
696 3911 912 3978 Quinto
940 3930 952 3966 :
986 3912 1175 3967 Etiam
1209 3911 1255 3966 si
1290 3926 1409 3967 non
1440 3917 1683 3983 possent
1730 3910 2040 3967 credentes

388 3997 556 4056 litem
576 3996 1039 4070 dissolvere,hoc
1056 4008 1254 4056 tamen
1273 3999 1448 4056 modo
1484 3998 1698 4055 melius
1744 4005 1900 4056 esset
1930 4001 2039 4056 sub

389 4084 742 4159 eisjudicari
760 4107 937 4162 quam
954 4086 1445 4145 subinﬁdelibus.
1487 4089 1576 4144 Ad
1606 4088 1821 4157 haec,si
1871 4107 2039 4146 mun-

389 4179 552 4247 dum,
576 4174 1160 4252 inquit,judicamus,
1181 4192 1377 4233 annon
1414 4174 1724 4252 indignum
1751 4184 1841 4235 est
1869 4186 1934 4235 ut
1964 4181 2036 4236 ab

389 4264 1122 4340 incredulisjudicemini'?
1140 4266 1283 4322 Nam
1307 4264 1415 4321 hoc
1452 4266 1745 4338 signiﬁcat
1761 4285 1894 4323 cum
1916 4268 2033 4325 ait:

389 4378 415 4406 ι(
450 4356 519 4411 Et
540 4356 587 4411 si
613 4374 720 4429 per
740 4353 1157 4428 vosjudicatur
1174 4354 1453 4423 mundus,
1489 4352 1713 4427 indigni
1758 4354 1899 4411 estis
1930 4355 2037 4413 ab-

378 4442 729 4517 jectissimis
751 4444 1021 4518 judiciis.
1052 4468 1080 4495 ››
1116 4440 1221 4499 Ubi
1253 4449 1451 4500 autem
1485 4450 1569 4498 tot
1590 4446 1852 4500 rationes
1874 4446 2035 4501 addi-

2162 3289 2538 3363 μιμουμὲνους
2566 3290 2693 3352 τοὺς
2752 3287 3183 3369 ἐλεγχομένους,
3230 3285 3386 3359 πόσῳ
3444 3282 3664 3358 μᾶλλόν
3708 3282 3797 3337 sla:

2158 3375 2518 3454 δυνατώτεροι
2575 3378 2877 3454 ἀναμεταξὺ
2937 3372 3033 3433 δύο
3089 3374 3324 3445 δικάζειν
3415 3374 3508 3428 καὶ
3564 3372 3802 3448 κρίνεινς

2150 3468 2444 3545 Τέταρτον·
2508 3465 2571 3526 Ei
2630 3462 2893 3544 ἀγγέλους
2950 3467 3079 3531 τοὺς
3159 3463 3486 3539 ἀσωμάτους
3548 3458 3804 3538 δαίμονας

2153 3553 2403 3632 ἐλέγχειν
2434 3554 2593 3631 ἐσμὶν
2634 3552 2872 3630 δυνατοὶ,
2904 3555 3059 3630 πόσῳ
3107 3555 3320 3629 μᾶλλον
3364 3552 3493 3616 τοὺς
3544 3552 3804 3632 ὁμοφυεῖς

2150 3644 2239 3701 καὶ
2271 3645 2674 3720 ὁμοδιαίτους;
2717 3648 2990 3721 Πέμπτονο
3022 3644 3087 3705 El
3128 3642 3217 3700 καὶ
3254 3646 3329 3718 μή
3363 3642 3558 3722 ἴσχυον
3609 3645 3667 3698 οἱ
3715 3658 3799 3698 πι-

2153 3735 2269 3790 στοὶ
2302 3734 2557 3807 δικάζειν,
2606 3738 2822 3810 ἄμεινον
2877 3737 2943 3806 ἦν
2991 3735 3082 3791 καὶ
3129 3734 3328 3802 οὕτως,
3381 3731 3469 3788 ἐπὶ
3525 3733 3713 3787 αὐτῶν
3765 3730 3797 3799 ἣ

2150 3822 2235 3879 ἐπὶ
2277 3829 2387 3881 τῶν
2454 3825 2693 3882 ἀπίστων
2747 3826 3042 3900 κρίνεσθαι.
3103 3823 3206 3881 Καὶ
3262 3822 3400 3897 πρὸς
3451 3821 3697 3886 τοῦτοιςν
3756 3816 3798 3874 εἶ

2146 3913 2239 3967 τὸν
2271 3914 2476 3987 κόσμον
2527 3912 2807 3988 κρίνομεν,
2860 3912 3015 3994 φησὶ,
3071 3916 3188 3975 πῶς
3237 3910 3335 3966 οὐκ
3390 3903 3533 3965 ἔστιν
3587 3909 3799 3994 ἀνάξιον

2151 3998 2302 4071 ὑμῶν
2330 4002 2605 4077 κρίνεσθαι
2636 4003 2738 4058 ὑπὸ
2780 3993 2888 4058 τῶν
2940 4002 3223 4072 ἆπίστωνς
3270 4002 3431 4057 τοῦτο
3480 3995 3584 4074 γὰρ
3631 3993 3802 4070 δηλοῖ

2149 4086 2237 4146 διὰ
2265 4094 2363 4148 τοῦ
2390 4089 2579 4148 εἶπεῖν·
2618 4117 2646 4145 «
2692 4090 2795 4149 Καὶ
2837 4092 2882 4147 εί
2935 4090 2987 4146 ὲν
3052 4091 3181 4164 ὑμῖν
3240 4089 3479 4166 κρίνεται
3511 4088 3539 4143 ὁ
3571 4087 3801 4161 κόσμος,

2146 4180 2350 4252 ἀνάξιοί
2382 4179 2499 4236 ἐστε
2546 4181 2842 4257 κριτηρίων
2894 4176 3227 4258 ἐλαχίστων.
3263 4202 3290 4231 ›ι
3322 4174 3587 4254 “agnati:
3619 4174 3679 4233 δὲ
3708 4177 3801 4236 τὰς

2143 4268 2408 4330 τοσαύτας
2471 4267 2796 4343 ἀποδείξεις,
2854 4269 2935 4325 δτι
2988 4268 3050 4324 ού
3093 4267 3176 4324 δεῖ
3223 4266 3497 4344 κρίνεσθαι
3528 4260 3617 4321 ἐπὶ
3676 4264 3802 4322 ἇπί·

2146 4378 2308 4429 στων,
2343 4355 2430 4413 ἐπὶ
2466 4357 2523 4414 τὸ
2552 4358 2888 4433 τελειότερον
2921 4355 3105 4435 ἀνάγει
3131 4357 3221 4411 τὸν
3279 4354 3465 4432 λόγον,
3507 4354 3600 4410 καὶ
3644 4377 3801 4428 φησι,

2142 4444 2215 4503 Τί
2238 4443 2383 4521 λίγω
2406 4446 2488 4501 ὅτι
2522 4446 2584 4501 οὐ
2618 4442 2703 4501 δεῖ
2730 4446 3006 4521 κρίνεσθαι
3036 4445 3179 4519 ύμᾶς
3203 4442 3289 4500 ἐπὶ
3321 4443 3563 4500 ἀπίστων
3591 4460 3605 4513 ;
3638 4441 3798 4516 ἄμει-

386 4533 471 4590 dit
501 4536 819 4607 probantes
850 4552 968 4591 non
1000 4540 1273 4607 oportere
1309 4532 1381 4587 ab
1416 4532 2035 4604 incredulisjudicari,

2161 4556 2237 4591 ρον
2265 4534 2357 4605 ἧν,
2394 4532 2535 4610 μὴδέ
2565 4534 2653 4590 ἐπὶ
2683 4540 2907 4604 πιστῶν,
2946 4534 3091 4591 ἀλλᾶ
3122 4529 3322 4607 πολλῷ
3361 4531 3606 4608 ἄμεινον,
3663 4528 3803 4606 μηδὲ

386 4624 458 4679 ad
483 4624 540 4679 id
563 4623 721 4696 quod
742 4624 1060 4697 perfectius
1083 4628 1173 4679 est
1207 4640 1545 4679 sermonem
1594 4622 1849 4691 reducit,
1885 4623 2038 4682 465

386 4718 443 4767 et
473 4713 589 4768 ait:
622 4713 771 4778 Quid
803 4713 933 4769 dico
965 4731 1085 4768 non
1118 4718 1390 4784 oportere
1424 4729 1520 4766 vos
1579 4710 1651 4766 ab
1713 4711 2040 4770 incredulis

378 4798 640 4873 judicari
666 4803 693 4855 ‘2
724 4800 938 4857 melius
966 4806 1123 4857 esset
1150 4818 1224 4856 ne
1256 4818 1290 4855 ει
1338 4799 1719 4855 credentibus
1773 4802 2037 4875 quidem,

386 4888 489 4945 sed
508 4887 695 4946 multo
719 4889 933 4946 melius
953 4887 1150 4945 nullas
1168 4891 1436 4944 intervos
1453 4886 1673 4944 habere
1710 4887 1862 4945 lites.
1894 4892 2036 4948 Nam

388 4977 650 5051 idipsum
673 4984 878 5034 mutuo
894 4994 1174 5034 accusare
1197 4997 1265 5033 ac
1287 4974 1560 5049 querelas
1577 4977 1820 5047 habere,
1844 4979 2038 5051 dejec-

384 5068 465 5125 tio
489 5069 666 5125 vestri
685 5074 792 5125 est.
818 5067 1116 5140 Optimum
1142 5068 1340 5138 itaque
1364 5072 1519 5123 esset
1564 5070 1630 5123 ut
1673 5085 1849 5124 nemo
1880 5071 2037 5142 inju-

378 5156 529 5216 riam
560 5159 868 5232 irrogaret,
896 5162 997 5213 aut
1029 5156 1209 5212 etiam
1241 5155 1464 5229 injuria
1513 5154 1851 5212 afﬁceretur
1886 5176 1900 5213 :
1950 5159 2031 5215 ita

379 5248 539 5304 enim
570 5247 905 5306 communis
936 5249 1093 5302 esset
1122 5243 1389 5299 omnium
1415 5244 1601 5300 virtus
1631 5263 1697 5301 ac
1732 5246 1917 5302 salus.
1964 5248 2026 5305 Si

378 5356 513 5394 vero
546 5356 787 5396 necesse
821 5343 908 5394 est
938 5341 1003 5392 ut
1031 5333 1286 5391 alterum
1310 5334 1572 5403 accedat,
1594 5335 1917 5409 eligibilius
1941 5344 2032 5394 est

2153 4620 2306 4687 δίκας
2336 4620 2483 4699 ἔχειν
2547 4624 2685 4702 πρὸς
2724 4620 3036 4697 ἀλλήλους.
3081 4621 3225 4682 Αὐτὸ
3272 4622 3373 4699 γὰρ
3419 4620 3484 4677 τὸ
3530 4620 3802 4677 αἰτιᾶσθαι

2150 4709 2299 4775 ὅλως
2330 4709 2642 4784 ἀλλήλους,
2676 4715 2901 4788 ἥττημα
2932 4710 3085 4788 ὑμῶν
3120 4714 3557 4786 ἐστινσἋριστον
3585 4710 3679 4783 μὲν
3710 4708 3800 4765 ούν

2151 4798 2358 4875 μηδένα
2419 4805 2560 4878 μήτε
2616 4800 2821 4859 ἀδικεῖν
2882 4807 3022 4877 μήτε
3073 4799 3397 4860 ἀδικεῖσθαι.
3455 4798 3646 4864 Οὕτως
3703 4801 3802 4875 γὰρ

2145 4892 2303 4962 κοινή
2333 4892 2549 4949 πάντων
2582 4890 2649 4963 ἦν
2682 4896 2718 4964 ἢ
2749 4890 2914 4970 ἄρετή
2947 4893 3036 4949 καὶ
3068 4894 3103 4964 ἡ
3137 4892 3400 4968 σωτηρία.
3437 4887 3509 4949 El
3540 4888 3598 4945 δὶ
3657 4884 3799 4944 δυεῖν

2145 4980 2349 5055 ἀνάγκη
2380 4980 2602 5057 θάτερον
2660 4981 3016 5059 α’ίρετώτερον
3069 4987 3169 5038 τοῦ
3214 4980 3418 5038 ἀδικεῖν
3474 4980 3557 5054 τῷ
3598 4976 3803 5034 ἀδικεῖ-

2146 5070 2285 5129 σθαι.
2316 5069 2387 5125 Τὸ
2422 5071 2517 5145 μὲν
2550 5068 2653 5149 γὰρ
2685 5068 2945 5128 ἱκϐάλλει
2976 5077 3078 5143 τῆς
3113 5067 3416 5145 βασιλείας,
3449 5072 3513 5125 τὸ
3544 5062 3604 5123 δὲ
3661 5088 3797 5141 προ-

2144 5157 2280 5229 ξενεῖ
2310 5158 2503 5230 αὐτήν.
2535 5159 2602 5216 Εἴ
2634 5158 2690 5215 δὲ
2723 5159 2786 5216 ού
2821 5161 2988 5235 μόνον
3046 5158 3156 5236 οὐχ
3184 5157 3419 5235 αἱρεῖσθε
3471 5154 3795 5223 ἀδικεῖσθαι,

2140 5243 2287 5302 ἆλλᾶ
2336 5248 2422 5303 καὶ
2483 5245 2743 5322 ἀδικεῖτε,
2795 5252 2885 5305 καὶ
2940 5250 3067 5305 τότε
3120 5247 3388 5329 ἀδελφοὺς
3434 5267 3525 5323 καὶ
3582 5242 3792 5318 δμοπῖ-

2140 5357 2320 5407 σοους,
2355 5337 2429 5399 εἷς
2461 5338 2576 5393 οἷον
2606 5336 2734 5412 ὑμῖν
2766 5340 2834 5394 τὰ
2862 5345 2961 5410 τῆς
2989 5337 3260 5415 τιμωρίας
3293 5337 3542 5414 χωρήσει
3567 5352 3581 5402 ;

382 5427 665 5497 iujuriam
696 5429 818 5502 pati
849 5444 1027 5500 quam
1059 5425 1224 5482 illam
1256 5427 1539 5496 irrogare.
1577 5422 1884 5497 Siquidem
1916 5426 2027 5485 hoc
2053 5446 2084 5485 e
2115 5444 2296 5502 regno
2329 5428 2514 5500 ejicit,
2548 5428 2697 5486 illud
2727 5438 2927 5487 autem
2960 5431 3158 5503 ipsum
3214 5427 3511 5485 conciliat.
3573 5421 3791 5488 Quodsi

384 5531 503 5570 non
533 5518 710 5572 modo
742 5535 863 5572 non
894 5516 1109 5590 eligitis
1140 5514 1421 5588 injuriam
1455 5513 1748 5587 accipere,
1777 5513 1880 5572 sed
1913 5523 1971 5573 et
2001 5518 2169 5575 illam
2200 5517 2495 5590 irrogatis,
2528 5517 2706 5590 idque
2739 5521 3019 5577 adversus
3051 5519 3262 5575 fratres
3293 5522 3352 5574 et
3379 5516 3480 5588 qui
3525 5512 3789 5579 eiusdem

385 5612 523 5661 sunt
554 5605 713 5673 ﬁdei,
745 5612 1031 5675 quantum
1061 5606 1225 5660 vobis
1256 5605 1317 5659 id
1349 5604 1421 5659 ad
1449 5620 1653 5676 pmnas
1683 5605 1857 5661 cedet
1889 5607 2167 5679 supplicii
2196 5607 2207 5662 Σ
