4106 6252
292 323 416 387 709

1288 320 1689 385 COMMENT.
1736 319 1815 383 IN
1859 320 2107 384 EPIBT.
2153 323 2178 384 Ι
2222 323 2326 384 AD
2369 323 2732 386 αοιιιΝΤΗ.

3592 328 3710 391 710

370 454 617 512 Βιωτικὰ
679 455 774 528 μὶν
829 453 923 508 οὗν
979 454 1237 529 κριτήρια
1291 451 1382 510 εὰν
1435 451 1627 529 ἓχητε,
1685 469 1810 516 τους
1868 452 1952 523 ἐξ-

2138 452 2231 523 Vl,
2266 457 2376 514 4-6.
2409 478 2437 506 ‹‹
2471 457 2765 514 Mundana
2793 457 2972 529 igitur
3016 456 3064 513 si
3113 458 3440 515 habueritis
3460 459 3709 531 judicia,

295 541 702 616 ουθενημὲνους
804 541 858 597 εν
957 545 1028 616 τῇ
1141 541 1444 615 Ἐκκλησία
1514 540 1742 604 τούτους
1817 552 1951 606 καθά

298 633 458 704 ίζετε.
519 632 663 707 Πρὸς
722 628 989 708 ἄντροπήν
1051 633 1205 707 ὑμῶν
1273 630 1442 709 λεγω.
1504 632 1694 694 Οὖτως
1747 631 1847 687 οὐκ
1876 627 1948 686 ἔνι

295 721 352 778 ἰν
416 723 544 795 ὑμῖν
604 720 771 798 σοφὸς
829 718 956 776 οὐδὲ
1013 720 1116 787 εἷς,
1200 719 1260 784 ὅς
1319 718 1611 792 δυνήσεται
1678 718 1949 793 διακριναι

294 810 564 886 ἅναμέσον
638 815 735 867 τοῦ
809 806 1049 885 ἀδελφοῦ
1139 811 1366 880 αὐτοὺς
1472 810 1616 866 ἀλλὰ
1715 807 1950 883 ἀδελφὸς

298 905 440 978 μετὰ
466 900 707 979 ἀδελφοῦ
736 900 994 978 κρίνεται,
1026 902 1115 958 καὶ
1144 907 1306 957 τοῦτο
1337 898 1425 956 ἐπὶ
1457 899 1717 958 ἀπίστων.

370 994 526 1068 [ΤΟΥ
563 992 832 1065 ΑΥἸὉΥ.]
863 988 1150 1048 Teo-rictu:
1183 990 1273 1047 ἑὰν
1328 991 1502 1046 αὐτῶν
1536 991 1728 1070 χρείαν
1761 986 1951 1065 ἔχητε,

296 1081 388 1137 ἐὰν
443 1080 645 1158 ἀνάγκη
706 1078 845 1135 εἶναι
905 1081 1037 1136 αὐτὰ
1086 1080 1140 1137 ἰν
1200 1081 1351 1155 ὑμῖν,
1409 1079 1495 1136 ἰὰν
1548 1080 1641 1156 δὲῃ
1690 1086 1952 1149 συστῆναι

296 1173 456 1228 αὐτὰ.
488 1171 587 1225 Καὶ
644 1173 679 1240 ἡ
741 1170 837 1243 μὶν
897 1168 1201 1249 πρόχειρος
1257 1168 1431 1225 ἔννοιά
1480 1186 1539 1224 τε
1594 1169 1683 1224 καὶ
1711 1169 1954 1238 σύνταξις

296 1262 462 1335 αὕτη,
502 1257 584 1317 ἔνι
639 1258 698 1316 δι
751 1260 843 1317 καὶ
905 1260 1200 1338 βαθῦτερον
1255 1258 1356 1332 τήν
1412 1282 1472 1316 τε
1528 1259 1670 1331 λέξιν
1708 1258 1954 1315 διελόντα

300 1348 556 1421 συνιδεῖν,
587 1351 676 1406 καὶ
724 1352 786 1406 τὸ
831 1351 1015 1422 νόημα
1074 1351 1386 1419 ἀναπτύξαι.
1439 1374 1466 1402 ιι
1498 1349 1640 1410 Τοὺς
1672 1347 1952 1423 ἐξουθενη-

307 1442 500 1515 μὲνους
533 1439 585 1495 εν
635 1442 705 1513 τῇ
754 1439 1075 1512 Ἐκκλησία.
1115 1463 1136 1491 ιι
1199 1441 1295 1497 Ἐκ
1329 1437 1640 1512 περιουσίας
1675 1441 1818 1510 ἡμᾶς
1846 1442 1951 1492 τῶν

299 1529 490 1604 ἔξωθεν
522 1527 888 1604 δικαστηρίων
945 1529 1250 1598 ἀποστῆσαι
1312 1524 1593 1605 βούλεται,
1631 1529 1721 1583 καὶ
1770 1546 1977 1607 φησιν,·

297 1623 459 1695 Ἔχει
510 1635 595 1680 τις
652 1619 872 1679 πάντως
930 1618 1103 1673 simi:
1163 1616 1248 1673 δτι
1306 1619 1407 1673 οὐκ
1462 1614 1535 1672 ἔνι
1596 1617 1761 1692 σοφός
1790 1636 1873 1680 τις
1905 1617 1957 1673 ἐν

292 1713 366 1783 τῇ
428 1706 731 1779 Ἐκκλησία
786 1708 817 1763 ὁ
876 1704 1144 1782 διακρῖναι
1202 1703 1540 1779 δυνάμενοςς
1600 1707 1647 1761 εἰ
1703 1702 1808 1782 γὰρ
1865 1720 1957 1777 καὶ

291 1800 435 1856 κατὰ
461 1796 555 1854 τίιν
590 1794 742 1872 ὑμῶν
774 1795 942 1873 λόγον
970 1797 1074 1852 οὐκ
1124 1792 1201 1852 ἔνι
1260 1797 1447 1873 σοφὸς,
1479 1797 1605 1858 τοὺς
1638 1794 1947 1870 ἑξουθενου·

297 1889 495 1963 μένους
531 1882 743 1962 μᾶλλον
773 1891 875 1957 τῆς
926 1883 1256 1957 Ἐκκλησίας
1303 1884 1430 1957 ἢτοι
1473 1884 1601 1949 τοὺς
1644 1882 1949 1941 εὖτελεστέ-

296 2001 449 2055 ρους,
482 1977 738 2041 δικαστὰς
795 1974 1060 2047 καθίζετε,
1117 1974 1291 2052 ἤγουν
1346 1977 1532 2054 κριτὰς
1563 1978 1598 2046 ἢ
1640 1978 1767 2040 τοὺς
1826 1976 1956 2033 ἀπί-

292 2088 477 2131 στους.
515 2091 544 2119 ιι
580 2064 719 2143 "pb:
750 2067 1015 2141 ἐντροπὴν
1046 2068 1198 2140 ὑμῶν
1229 2064 1399 2142 λέγω.
1437 2091 1466 2120 n
1502 2068 1644 2141 Ηρὸς
1685 2068 1747 2122 τὸ
1780 2062 1958 2143 ἐντρέ-

291 2160 415 2232 cm,
446 2152 633 2235 φησὶν,
669 2156 833 2229 ὑμᾶς,
864 2154 955 2210 καὶ
987 2152 1050 2210 ἐκ
1077 2154 1389 2229 περιουσίας
1437 2153 1646 2211 ἀνελεῖν
1679 2155 1831 2229 ὑμῶν
1862 2155 1955 2217 τὰς

290 2248 617 2324 προφάσεις,
672 2247 826 2329 εἶπον
859 2241 968 2298 δεῖν
1025 2245 1156 2307 τοὺς
1212 2242 1671 2317 ἐξουθενημένους
1701 2244 1959 2334 καθίζειν,

289 2333 409 2390 ἐπεὶ
463 2331 567 2409 ἄρα
618 2328 882 2402 τοσαύτη,
939 2333 1098 2406 φησὶ,
1159 2336 1353 2393 σπάνις
1413 2337 1593 2408 σοφῶν
1642 2335 1769 2406 παρ’
1803 2328 1955 2405 ὑμῖνί

293 2425 370 2485 ὡς
426 2422 556 2485 τοὺς
615 2422 1074 2494 ἐξουθενημένους
1134 2420 1538 2495 ἀναγκασθῆναι
1587 2422 1804 2485 καθίσαι
1836 2440 1959 2495 κρι-

294 2513 417 2575 τᾶς.
450 2534 480 2565 ιι
513 2513 802 2585 ’Δναμέσον
855 2514 953 2566 τοῦ
1011 2508 1253 2588 ἀδελφοῦ
1284 2509 1474 2568 αὐτοῦ.
1510 2534 1537 2562 ››
1569 2510 1685 2567 Τοῦ
1716 2507 1959 2588 ἂδελφοῦ

298 2602 629 2676 προσίθηκε,
683 2600 845 2656 τοῦτο
897 2598 1202 2681 σημαίνων,
1261 2598 1369 2668 ὅτι,
1426 2599 1614 2678 φησὶν,
1650 2597 1701 2654 ἐν
1745 2598 1955 2675 ᾤπρὸς

308 2689 548 2767 ἀδελφόν
577 2688 711 2744 ἐστιν
740 2691 776 2759 ἡ
806 2686 954 2760 δίκη,
1016 2686 1141 2744 οὐδε
1193 2686 1415 2758 πολλῆς
1470 2687 1629 2763 χρεία
1675 2694 1754 2762 τῷ
1799 2708 1954 2762 μεσια

310 2778 524 2834 τεύοντι
580 2777 846 2841 ποικιλίας
906 2777 997 2832 καὶ
1053 2774 1333 2848 εἰδήσεως,
1362 2780 1463 2843 τῆς
1502 2775 1807 2855 ἀδελφικῆς
1834 2776 1956 2832 δια-

307 2870 508 2932 θέσεως
563 2865 743 2923 πολλὰ
800 2867 1260 2943 συμπραττούσης
1317 2867 1453 2942 πρὸς
1510 2868 1611 2938 τήν
1663 2867 1818 2922 λύσιν
1854 2875 1955 2938 τῆς

296 2956 657 3035 οιλονεικίας.
691 2980 721 3009 ‹‹
751 2954 1020 3032 Ἀδελφὸς
1077 2955 1211 3031 μετὰ
1264 2955 1524 3036 ἀδελφοῦ.
1565 2981 1584 3007 ι
1623 2955 1863 3012 Διπλοῦν
1890 2957 1955 3012 τὸ

289 3046 480 3103 κακόν.
517 3045 580 3104 Et
632 3047 740 3124 γὰρ
797 3047 887 3101 καὶ
941 3044 1071 3101 αὐτὸ
1126 3046 1192 3101 τὸ
1249 3044 1524 3120 κρίνεσθαι
1553 3042 1787 3125 ἀδελφὸν
1816 3045 1953 3121 πρὸς

290 3135 530 3215 ἀδελφὸν
585 3138 771 3207 κακὸν,
832 3137 987 3211 πόσῳ
1049 3134 1263 3210 μᾶλλον
1327 3137 1372 3190 εἰ
1427 3135 1518 3191 καὶ
1568 3135 1657 3191 ἐπὶ
1705 3137 1947 3191 ἀπίστων

288 3226 540 3301 κρίνεσθε
562 3241 578 3294 ;

355 3312 503 3386 ’Ἤδη
540 3315 635 3389 μὲν
671 3313 767 3369 οὖν
824 3310 975 3374 ὅλως
1023 3312 1250 3385 ἥττημα
1309 3312 1437 3385 ὑμῖν
1496 3309 1660 3380 ἐστιν,
1713 3310 1951 3388 δτικρίο

292 3422 437 3479 ματα
469 3398 631 3480 ἔχετε
692 3404 812 3478 μεθ’
868 3404 1096 3458 ἑαυτῶν.
1160 3400 1313 3456 Διατῑ
1382 3400 1514 3476 οὐχὶ
1577 3399 1791 3475 μᾶλλον
1832 3398 1954 3456 ἀδι-

286 3496 512 3561 κεῖσθε;
583 3491 737 3549 Διατί
818 3490 946 3567 οὐχί
1039 3486 1253 3564 μᾶλλον
1319 3490 1737 3567 ἀποστερεῖσθες
1807 3489 1951 3546 ἀλλὰ

295 3585 454 3656 ὑμεῖς
515 3580 778 3652 ἀδικεῖτε,
835 3580 927 3635 καὶ
986 3580 1355 3654 ἀποστερεῖτε,
1414 3576 1506 3634 καὶ
1564 3582 1729 3634 ταῦτα
1787 3576 1950 3634 ἀδελ-

294 3690 454 3734 φους.

307 3730 318 3749 ⁸
366 3730 518 3816 Μετὰ
544 3758 673 3821 τοὺς
705 3756 960 3821 δικαστὰς
1014 3759 1265 3832 ἀμεῖψαι,
1324 3757 1521 3813 λοιπὸν
1581 3754 1669 3811 καὶ
1718 3755 1850 3812 αὐτὸ
1887 3757 1950 3813 τὸ

296 3848 445 3910 ὅλως
505 3848 776 3922 κρίνεσθαι
834 3841 1165 3915 διαϐάλλεις
1224 3847 1448 3918 ἥττημα
1506 3844 1687 3900 καλῶν
1714 3847 1776 3900 τὸ
1809 3851 1950 3917 πρᾶο

293 3958 431 4014 γμα,
456 3937 553 3992 καὶ
585 3933 828 3999 δικαίως.
863 3936 1117 3990 Ἢττᾶται
1165 3935 1268 4010 γὰρ
1325 3935 1394 4006 τῇ
1425 3934 1589 4010 ὀργῇ,
1647 3932 1677 3987 ὀ
1725 3932 1947 4004 ἐπεξιὼν

292 4028 372 4099 τῷ
432 4024 746 4097 ἠδικηκότι.
809 4026 897 4084 Ἐν
956 4028 1038 4097 τῷ
1109 4018 1260 4102 ἔχειν
1314 4025 1411 4086 τὰς
1479 4022 1704 4096 κρίσεις,
1761 4024 1948 4100 φησὶν,

290 4118 530 4185 ἡττᾶσθε
585 4120 666 4189 τῷ
723 4113 882 4170 πάθει
942 4120 1040 4183 τῆς
1101 4113 1271 4188 ὀργῆς
1326 4112 1417 4167 καὶ
1462 4114 1561 4181 τῆς
1590 4110 1948 4189 φιλονεικίας,

291 4204 515 4281 ἔχοντες
570 4204 668 4268 τὰς
720 4202 923 4279 κρίσεις
983 4200 1065 4257 ἅττ’
1120 4200 1469 4280 ἀμφοτερων.
1536 4220 1558 4252 ε
1610 4201 1759 4256 Διατί
1820 4200 1951 4280 οὐχὶ

297 4291 517 4368 μᾶλλον
548 4291 854 4361 ἆδικεὶσθε;
884 4316 914 4345 ››
978 4289 1349 4347 Πολλαπλοῦν
1378 4290 1441 4345 τὸ
1484 4283 1757 4364 ἔγκλημα.
1792 4293 1948 4363 Πρῶ·

289 4404 386 4439 τον
414 4385 481 4439 τὸ
514 4385 589 4457 μὴ
618 4382 795 4462 φέρειν
829 4378 1206 4455 ἀδικούμενον.
1241 4381 1498 4457 Δεύτερον
1544 4381 1607 4436 τὸ
1635 4382 1798 4436 αὐτὸν
1829 4377 1953 4435 ἄδι-

288 4478 430 4527 κεῖν’
460 4472 645 4548 τρίτον
694 4471 779 4541 τὸ,
830 4471 921 4526 καὶ
973 4466 1207 4550 ἀδελφὸν
1255 4469 1483 4527 ἀδικειν.
1520 4498 1586 4513 ·-
1619 4471 1951 4543 [ΟΙΚΟΥΜ.]

2065 566 2090 597 ιι
2118 544 2218 616 qui
2240 547 2566 617 contempti
2588 552 2729 602 sunt
2758 547 2820 601 in
2852 546 3112 603 Ecclesia
3133 563 3233 603 eos
3254 549 3712 606 constituite.Ad

2058 657 2086 685 ιι
2115 635 2589 691 erubescentiam
2617 640 2873 691 vestram
2902 636 3054 692 dico.
3081 636 3240 692 Adeo
3270 654 3392 691 non
3423 643 3514 693 est
3556 638 3718 694 inter

2062 736 2087 777 ε
2114 741 2212 779 vos
2235 740 2310 779 ne
2331 740 2487 779 unus
2509 725 2753 796 quidem
2778 726 3015 796 sapiens
3047 726 3149 796 qui
3171 726 3360 797 possit
3385 726 3713 799 dijudicare

2062 834 2091 862 ιι
2112 813 2270 867 inter
2295 812 2507 869 fratres
2537 815 2719 870 suos?
2747 814 2851 870 sed
2888 815 3072 869 frater
3100 826 3236 870 cum
3278 814 3456 871 fratre
3480 815 3710 887 judicio

2066 920 2087 950 ι
2114 902 2441 968 contendit,
2470 902 2648 972 idque
2674 903 2782 958 sub
2805 903 3169 959 inﬁdelibus.
3205 923 3234 953 »

2133 991 2251 1045 Hoc
2281 991 2329 1044 si
2360 991 2624 1062 ipsorum
2674 994 3089 1048 necessitatem
3135 992 3486 1062 habueritis,
3520 994 3567 1049 si
3611 1010 3712 1049 ne-

2061 1094 2226 1134 cesse
2260 1079 2335 1132 sit
2391 1085 2455 1133 ut
2513 1096 2582 1136 ea
2641 1080 2761 1135 sint
2814 1081 2973 1136 inter
3026 1098 3149 1147 vos,
3181 1082 3230 1137 si
3261 1099 3410 1153 opus
3440 1083 3621 1138 fuerit
3649 1100 3720 1138 ea

2061 1170 2441 1226 constituere.
2464 1172 2534 1225 Et
2555 1171 2681 1226 hanc
2703 1172 2946 1241 quidem
2969 1170 3367 1243 intelligentia
3389 1188 3456 1226 ac
3483 1172 3720 1227 ordina-

2064 1260 2143 1315 tio
2174 1259 2366 1315 facilis
2397 1265 2504 1315 est.
2538 1262 2740 1316 Potest
2772 1266 2971 1316 autem
3002 1266 3061 1315 et
3088 1260 3442 1332 profundius
3472 1261 3718 1316 distinc-

2062 1349 2137 1403 tis
2186 1349 2546 1405 dictionibus
2590 1350 2844 1422 intelligi
2891 1367 3219 1422 sensusque
3277 1351 3514 1422 aperiri.
3542 1372 3572 1401 «
3606 1351 3715 1415 Qui

2063 1438 2388 1509 contempti
2418 1444 2558 1493 sunt
2586 1439 2650 1493 in
2706 1439 2990 1495 Ecclesia.
3024 1463 3053 1490 ι»
3114 1442 3194 1494 Ex
3235 1440 3560 1495 abundanti
3591 1440 3720 1495 vult

2067 1541 2175 1584 nos
2205 1529 2277 1584 ab
2309 1530 2567 1584 externis
2594 1529 2899 1585 discedere
2921 1529 3190 1601 judiciis,
3236 1536 3293 1584 et
3340 1530 3457 1587 ait:
3518 1531 3719 1585 Potest

2066 1619 2360 1689 quispiam
2393 1618 2638 1674 omnino
2697 1618 2893 1674 dicere
2951 1618 3113 1689 quod
3161 1634 3283 1674 non
3313 1619 3391 1673 sit
3419 1619 3715 1691 quispiam

2066 1708 2303 1779 sapiens
2331 1707 2392 1762 in
2421 1707 2686 1763 Ecclesia
2725 1708 2843 1763 sive
2895 1709 3350 1781 congregatione
3399 1709 3501 1778 qui
3533 1709 3720 1780 possit

2067 1795 2392 1868 dijudicare
2412 1796 2439 1851 ?
2468 1797 2711 1851 Etiamsi
2735 1797 2910 1868 juxta
2932 1802 3195 1853 vestrum
3228 1814 3564 1853 sermonem
3596 1814 3716 1854 non

2067 1886 2145 1941 sit
2164 1887 2541 1957 sapiens,eos
2563 1887 2758 1957 potius
2791 1887 2891 1958 qui
2921 1889 3248 1958 contempti
3283 1887 3401 1942 sint
3431 1888 3493 1942 in
3516 1888 3715 1943 Eccle-

2066 1975 2239 2044 sia,id
2270 1982 2377 2043 est,
2399 1975 2754 2047 abjectiores
2784 1977 3129 2032 constituite
3159 1976 3356 2033 litium
3387 1976 3715 2049 dirempto-

2063 2081 2159 2120 res
2191 2065 2310 2120 sive
2333 2064 2568 2136 judice:
2599 2080 2779 2136 quam
2836 2065 3129 2120 infideles.
3175 2086 3204 2115 «
3238 2065 3325 2120 Ad
3357 2065 3716 2121 erubescen-

2064 2154 2208 2209 tiam
2235 2159 2490 2209 vestram
2520 2153 2673 2220 dico,
2701 2176 2730 2205 »
2762 2162 2830 2209 ut
2859 2154 3239 2222 confundam,
3272 2154 3487 2225 inquit,
3513 2171 3633 2222 vos,
3658 2159 3720 2210 et

2065 2259 2136 2298 ex
2167 2243 2494 2299 abundanti
2525 2243 2729 2299 tollam
2749 2250 2971 2300 vestros
2992 2244 3457 2315 prtetextus,dixi
3490 2252 3722 2317 oporte-

2064 2346 2127 2389 re
2158 2333 2422 2405 abjectos
2470 2334 2852 2390 constituere.
2887 2335 3381 2406 Quandoquidem
3423 2342 3590 2392 tanta
3627 2343 3718 2392 est

2064 2423 2222 2494 apud
2251 2438 2350 2478 vos
2381 2422 2743 2494 sapientium
2772 2424 3009 2490 raritas,
3033 2430 3101 2479 ut
3127 2440 3227 2479 eos
3257 2425 3356 2495 qui
3390 2426 3716 2497 contempti

2065 2518 2206 2568 sunt
2233 2527 2478 2568 necesse
2504 2511 2582 2567 sit
2599 2511 2962 2568 constituere
2975 2512 3234 2585 judices.
3263 2533 3284 2561 ι
3314 2513 3474 2569 Inter
3501 2514 3714 2569 fratres

2067 2618 2224 2658 suos.
2258 2622 2288 2652 »
2320 2599 2562 2656 Addidit
2614 2600 2762 2656 inter
2787 2605 2981 2670 fatres,
3014 2601 3126 2657 hoc
3158 2600 3501 2673 signiﬁcans
3555 2602 3713 2672 quod

2065 2706 2199 2747 cum
2256 2706 2395 2763 erga
2449 2689 2694 2745 fratrem
2752 2689 2831 2744 sit
2888 2704 3086 2757 causa,
3146 2705 3270 2744 non
3329 2689 3442 2745 erit
3489 2690 3712 2745 arbitro

2063 2779 2401 2835 necessaria
2429 2779 2591 2834 varia
2635 2794 2837 2833 rerum
2877 2779 3156 2851 cognitio,
3203 2780 3418 2834 affectu
3451 2778 3713 2834 fraterno

2063 2869 2320 2924 multum
2344 2868 2660 2939 adjuvante
2693 2868 2766 2923 ad
2799 2868 3204 2923 contentionis
3233 2866 3716 2938 diremptionem.

2064 2978 2090 3009 ιι
2126 2960 2329 3013 Frater
2350 2974 2485 3013 cum
2505 2957 2708 3012 fratre.
2734 2974 2759 3001 η
2785 2956 3007 3028 Duplex
3033 2963 3123 3013 est
3148 2956 3373 3012 malum
3397 2958 3551 3013 466
3575 2959 3719 3012 Nam

2065 3047 2113 3102 si
2144 3047 2323 3103 etiam
2344 3047 2457 3101 hoc
2484 3045 2709 3101 malum
2743 3050 2831 3100 est
2860 3051 2928 3100 ut
2954 3045 3136 3100 frater
3164 3044 3443 3100 adversus
3471 3045 3718 3102 fratrem

2055 3136 2379 3208 judicetur,
2413 3139 2634 3207 quanto
2694 3134 2881 3206 magis
2913 3133 2960 3187 si
2993 3134 3174 3188 etiam
3229 3133 3337 3189 sub
3370 3133 3715 3190 infidelibus

2053 3225 2408 3297 judicemini
2424 3224 2453 3279 ‘2

2129 3316 2221 3382 VI,
2245 3318 2298 3381 7,
2326 3316 2374 3368 8.
2402 3335 2430 3365 ιι
2457 3316 2659 3383 itaque
2690 3314 2801 3369 hoc
2823 3314 2952 3385 jam
2982 3312 3230 3369 omnino
3261 3312 3514 3384 dejectio
3547 3312 3713 3369 vobis

2060 3425 2085 3456 ε
2113 3402 2387 3474 est,quod
2398 3402 2629 3474 judicia
2649 3402 2807 3458 inter
2826 3419 2929 3457 vos
2947 3402 3358 3458 habeatis.Cur
3375 3417 3496 3456 non
3514 3402 3714 3474 potius

2056 3516 2083 3544 ιι
2112 3493 2392 3565 injuriam
2414 3493 2727 3565 patimini?
2749 3494 2865 3548 Cur
2884 3510 3006 3549 non
3027 3493 3223 3564 potius
3246 3492 3533 3548 damnum
3555 3493 3712 3548 accio

2059 3583 2245 3655 «pitis
2266 3582 2293 3638 ?
2322 3586 2446 3639 Imo
2476 3600 2579 3638 vos
2609 3583 2895 3655 injuriam
2925 3582 3143 3649 facitis,
3178 3586 3235 3637 et
3266 3583 3484 3639 damno
3524 3581 3712 3638 affici-

2061 3694 2088 3723 ιι
2114 3673 2209 3739 tis,
2239 3672 2420 3743 idque
2449 3673 2687 3727 fratres.
2722 3694 2750 3722 »ι

2130 3765 2449 3832 Postquam
2481 3761 2554 3816 ad
2576 3760 2813 3832 judices
2846 3760 3050 3815 retulit
3071 3759 3231 3829 quod
3263 3776 3364 3815 eos
3394 3776 3715 3815 concerne-

2057 3852 2194 3919 bat;
2230 3851 2511 3921 deinceps
2543 3866 2659 3919 quo
2693 3849 2889 3920 ipsum
2922 3850 3167 3904 omnino
3191 3848 3449 3919 judicari
3481 3848 3711 3919 vitupe-

2057 3945 2169 4006 rat,
2227 3956 2354 3994 rem
2403 3939 2594 4008 ipsam
2655 3953 2872 3992 vocans
2933 3936 3351 4009 dejectionem,
3386 3942 3444 3992 et
3471 3937 3707 4000 merito,

2058 4045 2165 4101 per
2194 4028 2345 4083 iram
2370 4026 2529 4081 enim
2557 4025 2839 4097 dejicitur
2866 4040 2935 4082 ac
2964 4026 3238 4092 vincitur,
3260 4026 3360 4095 qui
3385 4041 3521 4080 eum
3553 4025 3714 4081 inse-

2059 4118 2263 4190 quitur
2279 4132 2315 4172 a
2335 4132 2452 4188 quo
2478 4116 2725 4170 affectus
2746 4120 2835 4170 est
2852 4114 3171 4185 injuria.ln
3195 4131 3285 4179 eo,
3315 4114 3530 4185 inquit,
3556 4115 3715 4186 quod

2051 4207 2279 4280 judicia
2309 4205 2562 4271 habetis,
2583 4203 2655 4259 ab
2678 4204 2783 4258 iraa
2805 4203 3324 4272 contentionisque
3346 4204 3565 4258 affoctu
3586 4203 3716 4258 vin-

2060 4294 2288 4361 cimini,
2313 4294 2431 4348 sive
2463 4292 2573 4348 sub
2607 4293 2701 4347 his
2731 4293 2848 4347 sive
2878 4291 2986 4347 sub
3020 4291 3140 4347 illis
3163 4291 3393 4361 judicia
3422 4291 3713 4350 habeatis.

2066 4406 2085 4433 ε
2123 4384 2238 4438 Cur
2267 4398 2387 4438 non
2434 4382 2632 4454 potius
2674 4381 2961 4453 injuriam
3002 4380 3300 4451 patimini.
3336 4402 3364 4429 »
3406 4379 3714 4451 Multiplex

2062 4479 2152 4529 est
2178 4473 2480 4528 delictum.
2514 4472 2801 4540 Primum,
2835 4470 2990 4542 quod
3036 4486 3170 4526 eum
3203 4487 3323 4527 non
3373 4470 3578 4525 feratis
3611 4486 3713 4541 qui

290 4562 382 4625 Ὣς
440 4561 487 4616 εἰ
546 4562 716 4633 εἶπεν,
772 4559 950 4614 Καλὸν
1012 4559 1129 4631 μὲν,
1186 4566 1249 4614 τὸ
1324 4560 1466 4632 μήτε
1522 4556 1746 4627 ἀδικειν,
1809 4561 1948 4632 μήτε

2068 4562 2238 4617 infert
2259 4562 2565 4634 injuriam.
2591 4561 2949 4627 Secundum,
2974 4560 3132 4630 quod
3156 4560 3236 4630 inj
3248 4560 3439 4614 uriam
3459 4558 3712 4616 faciatis.

289 4648 621 4719 ἀδικεῖσθαι,
651 4647 705 4704 εν
738 4647 941 4723 αἱρέσει
973 4645 1053 4716 δι,
1087 4646 1310 4722 βέλτιον
1337 4648 1400 4703 τὸ
1433 4644 1757 4711 ἀδικεῖσθαι.

2061 4651 2322 4705 Tertium
2354 4649 2514 4720 quod
2544 4650 2725 4705 etiam
2769 4648 3015 4705 fratrem
3065 4647 3289 4719 injuria
3318 4647 3615 4703 efﬁciatis.
3648 4678 3717 4689 —-

296 4746 371 4798 Ac
405 4742 455 4796 si
488 4739 768 4796 dixisset:
802 4741 1030 4812 Bonum
1060 4733 1303 4812 quidem
1334 4744 1490 4794 esset
1520 4753 1715 4809 neque
1774 4736 2059 4812 injuriam
2124 4739 2327 4795 facere
2378 4754 2573 4810 neque
2630 4738 2855 4810 injuria
2883 4737 3059 4793 afﬁci.
3098 4739 3162 4792 In
3191 4737 3483 4794 electione
3515 4743 3717 4794 autem

294 4813 516 4870 melius
546 4820 638 4867 est
666 4812 889 4884 injuria
917 4808 1094 4867 affici;

365 4910 437 4966 Ἢ
497 4907 597 4964 οὐκ
648 4905 830 4963 οἳόατε
904 4908 988 4962 δτι
1073 4903 1253 4962 ἄδικοι
1342 4905 1623 4981 βασιλείαν
1698 4910 1832 4962 Θεοῦ
1886 4906 1948 4962 οὐ

295 4997 823 5074 κληρονομήσουσις
918 4998 1009 5066 Μὴ
1111 4996 1407 5052 πλανᾶσθε.
1509 4994 1647 5053 Οῧτε
1727 4996 1949 5071 πόρνοι,

297 5084 420 5142 οὔτε
478 5083 905 5160 ε’δωλολάτραι,
990 5080 1115 5141 οὔτε
1202 5084 1421 5159 μοιχοὶ,
1496 5080 1624 5139 οὔτε
1686 5082 1951 5158 μαλακοὶ,

300 5177 423 5233 οὔτε
496 5176 891 5252 ἀρσενοκοῖται,
985 5174 1111 5230 οὕτε
1201 5171 1454 5244 κλέπται,
1525 5171 1648 5230 οὔτε
1692 5173 1951 5241 ,πλεονὲο

297 5286 438 5337 κται,
497 5266 621 5322 οὔτε
690 5262 937 5337 μέθυσοι,
1014 5262 1077 5320 οὐ
1154 5260 1428 5338 λοίδοροι,
1504 5262 1616 5338 οὐχ
1689 5264 1952 5340 ἅρπαγες,

299 5354 582 5431 βασιλείαν
693 5357 828 5410 Θεοῦ
937 5353 1450 5427 κληρονομήσουσι.
1574 5352 1677 5410 Καὶ
1787 5345 1957 5409 ταῦτά

293 5464 429 5508 τινες
502 5444 623 5513 ἦτε.
707 5439 886 5499 Ἀλλᾶ
961 5438 1358 5507 ἀπελούσασθε,
1418 5435 1565 5496 ἀλλὰ
1637 5442 1952 5519 ἡγιάσθητε,

297 5533 422 5591 ἀλλ’
492 5531 852 5599 ἐδικαιώθητε
937 5528 987 5585 ἐν
1089 5533 1171 5601 τῷ
1273 5528 1503 5603 ὁνόματ.
1577 5533 1675 5584 τοῦ
1754 5530 1957 5605 Κυρίου

300 5627 507 5694 ,ιησοῖυ
583 5620 671 5676 καὶ
751 5617 803 5673 ἐν
878 5624 958 5691 τῷ
1036 5619 1305 5692 υνεοόματι
1392 5622 1490 5672 τοῦ
1564 5622 1698 5674 Θεοῦ
1774 5622 1957 5693 ἡμῶν.

2132 4910 2221 4966 VI.
2246 4913 2401 4965 9-11.
2429 4934 2453 4961 ιι
2484 4910 2575 4965 An
2608 4909 2853 4964 nescitis
2883 4907 3043 4979 quod
3074 4907 3359 4979 injuriam
3390 4908 3718 4964 inferentes

2062 5022 2089 5051 ιι
2115 4999 2279 5070 regni
2302 4999 2401 5053 Dei
2426 4997 2834 5053 haereditatem
2857 5015 2979 5053 non
3000 4998 3342 5069 accipient?
3373 5000 3453 5053 Ne
3482 4998 3715 5052 erretis.

2063 5111 2090 5139 ιι
2114 5091 2314 5159 Neque
2341 5092 2718 5155 scortatores,
2740 5104 2934 5159 neque
2956 5087 3306 5154 idololatria,
3330 5101 3523 5155 neque
3545 5084 3717 5140 adul-

2065 5198 2093 5227 ιι
2119 5176 2249 5242 teri,
2284 5192 2476 5246 neque
2505 5176 2740 5243 molles,
2772 5192 2966 5248 neque
3009 5176 3112 5247 qui
3145 5175 3549 5231 concumbunt
3579 5189 3715 5228 cum

2068 5288 2095 5318 ιι
2118 5265 2623 5336 masculis,neque
2644 5266 2830 5334 fures,
2853 5283 3045 5338 neque
3070 5265 3449 5335 avari,neque
3472 5262 3715 5332 ebriosi,

2067 5379 2093 5407 ιι
2118 5371 2312 5426 neque
2333 5355 2771 5421 convitiatores,
2796 5371 2989 5425 neque
3011 5353 3444 5426 rapaces,regni
3469 5351 3572 5406 Dei
3597 5352 3720 5406 has-

2068 5467 2094 5497 ιι
2113 5443 2427 5499 reditatem
2447 5442 2958 5515 accipient.Atque
2980 5444 3106 5498 haec
3130 5441 3309 5497 eratis
3326 5440 3590 5512 quidam,
3614 5440 3719 5497 sed

2075 5553 2096 5582 ι
2117 5532 2301 5588 abluti
2317 5532 2589 5602 estis,sed
2604 5533 2950 5588 sanctiﬁcati
2966 5530 3557 5603 estis,sedjustiﬁcati
3573 5530 3716 5586 estis

2068 5644 2095 5675 «
2111 5634 2218 5694 per
2230 5632 2450 5677 nomen
2464 5623 2700 5678 Domini
2714 5624 2851 5678 Jesu
2867 5628 3043 5694 etper
3055 5622 3340 5693 Spiritum
3356 5621 3454 5677 Dei
3471 5621 3715 5678 nostri.»
