4106 6252
453 288 568 348 ’711

1534 280 1950 344 (ECUMENII
1994 280 2297 343 TRICCAE
2344 282 2710 346 EPISCOPI.

3731 299 3838 357 ’712

522 420 864 473 Sermonem
919 416 1100 472 minis
1151 415 1366 471 clausit
1438 415 1499 469 in
1558 431 1627 469 eo
1697 412 1853 483 quod
1909 413 2055 468 dixit

2280 412 2376 475 Εἰς
2433 412 2667 485 ἀπειλήν
2709 417 3013 474 συνέκλεισε
3061 421 3151 475 τὸν
3210 419 3395 496 λόγον,
3440 422 3488 478 ἐν
3546 430 3630 498 τῷ
3663 424 3840 483 εἰπεῖν’

446 530 473 558 (ι
504 508 790 579 Injuriam
825 506 1149 562 inferentes
1190 506 1351 578 regni
1403 505 1506 561 Dei
1536 503 1940 559 haereditatem
1972 521 2094 559 non

445 600 756 670 accipient.
784 620 812 647 »
835 629 901 638 --
928 619 957 647 ιι
984 600 1063 653 Ne
1087 598 1352 653 erretis.»
1377 596 1579 651 Innuit
1600 596 1695 650 hic
1717 594 1899 650 fuisse
1921 612 2095 664 quos-

445 688 581 744 dam
611 687 768 760 apud
801 705 900 743 eos
932 688 1032 759 qui
1063 687 1372 743 dicerent:
1406 686 1705 758 Benignus
1737 690 1827 739 est
1851 691 2005 739 Deus
2035 690 2094 739 et

445 779 725 835 omnibus
754 779 1025 851 ignoscit,
1046 795 1114 834 ac
1135 778 1197 833 in
1227 794 1473 849 regnum
1506 777 1790 832 ccelorum
1822 774 2093 830 introdu-

440 868 521 923 cit
537 869 714 923 etiam
734 872 1073 938 peccatores
1095 883 1164 921 ex
1186 866 1568 938 benignitatis
1590 864 1989 920 abundantia:
2009 864 2094 918 ait

443 974 578 1030 ergo
608 975 621 1014 :
656 959 734 1012 Ne
764 958 890 1012 haec
945 956 1213 1011 dicentes
1270 972 1337 1011 ac
1396 961 1704 1027 sperantes
1736 954 1967 1008 erretis.
2001 953 2088 1007 Si-

441 1047 682 1117 quidem
713 1045 773 1101 id
803 1061 1007 1101 revera
1035 1062 1202 1100 error
1257 1049 1365 1110 est,
1424 1043 1581 1099 bona
1611 1058 1848 1113 sperare
1879 1047 1938 1097 et
1967 1057 2089 1096 non

439 1135 694 1206 assequi.
755 1158 782 1185 «ι
816 1136 1015 1205 Neque
1076 1139 1453 1189 scortatores.
1501 1154 1524 1182 ι
1587 1132 1763 1187 Illum
1818 1131 2091 1203 designat

438 1232 824 1282 scortatorem
857 1226 928 1280 de
988 1242 1103 1295 quo
1163 1225 1348 1296 prius,
1401 1224 1534 1279 ideo
1593 1223 1788 1278 etiam.
1832 1241 1853 1271 ι
1888 1224 2086 1291 Neque

438 1320 792 1370 scortatores
824 1336 851 1365 »
884 1315 1077 1386 primo
1107 1314 1236 1369 loco
1268 1313 1485 1384 posuit.

510 1405 659 1459 407
723 1405 986 1474 «Neque
1046 1402 1261 1458 ebriosi
1318 1418 1511 1473 neque
1567 1401 2012 1457 conviciatores.
2052 1421 2082 1452 »

432 1494 617 1558 Quam
649 1492 720 1547 ob
752 1508 992 1549 causam
1023 1492 1293 1548 ebriosos
1334 1509 1402 1547 ac
1434 1491 1855 1547 conviciatores
1886 1489 2084 1561 posuit

427 1588 564 1654 post
591 1581 894 1637 adulteros
925 1587 984 1637 et
1004 1581 1350 1637 idololatras
1371 1598 1439 1636 ac
1464 1579 1926 1635 concumbentes
1947 1595 2083 1634 cum

427 1671 756 1727 masculis?
785 1672 1075 1736 Quoniam
1107 1678 1166 1726 et
1185 1670 1452 1725 Christus
1484 1686 1621 1724 eum
1654 1669 1753 1739 qui
1779 1690 1807 1717 «
1839 1669 2017 1723 Fatue
2053 1689 2081 1716 »

2206 523 2231 554 α
2248 502 2316 558 Oi
2333 498 2514 557 ἄδικοι
2534 503 2813 578 βασιλείαν
2830 512 2963 563 Θεοῦ
2977 508 3040 563 οὗ
3055 507 3560 584 κληρονομήσουσι.
3584 538 3613 565 ))
3634 540 3741 567 -‹‹
3760 518 3841 586 Μὴ

2201 590 2494 648 πλανᾶσθε.
2525 617 2554 645 ››
2607 596 2868 651 Ἐνταῦθα
2917 597 3228 670 αἰνίττεται,
3261 602 3349 656 ὃτι
3403 603 3539 671 ἦσαν
3594 605 3722 680 παρ’
3753 606 3844 660 αὐ-

2198 684 2315 743 τοῖς
2370 701 2512 744 τινες
2562 681 2835 759 λέγοντες·
2900 685 3301 763 Φιλάνθρωπὸς
3358 688 3497 745 ἐστιν
3532 693 3562 746 ὁ
3595 694 3723 754 Θεὸς
3764 695 3844 747 καὶ

2201 775 2482 843 συγχωρεῖ
2510 776 2663 842 πᾶσι,
2714 773 2804 828 καὶ
2863 774 2942 840 εἷς
2989 778 3090 846 τήν
3148 778 3430 853 βασιλείαν
3461 780 3700 860 εἰσφέρει
3728 782 3846 845 τοὺς

2199 857 2565 948 ἁμαρτωλοὺς
2598 857 2688 916 διὰ
2746 861 2965 933 πλῆθος
3020 868 3421 942 χρηστότητος,
3448 870 3538 924 καί
3560 857 3730 948 ’φησί-
3762 873 3845 941 Μὴ

2196 945 2471 1036 πλανᾶσθε
2526 954 2694 1005 ταῦτα
2752 951 3005 1028 λέγοντες
3061 955 3152 1010 καὶ
3208 955 3543 1027 ἐλπίζοντες.
3587 945 3713 1017 *Καὶ
3753 961 3846 1036 γὰρ

2196 1029 2367 1098 ὅντως
2431 1035 2609 1109 πλάνη
2679 1038 2792 1096 ἐστὶ
2852 1043 2938 1111 τὸ,
3004 1046 3224 1123 χρηστά
3287 1045 3644 1118 ἐλπίσαντας,
3710 1029 3847 1104 ἄλλα

2196 1123 2393 1198 εὑρεῖν.
2447 1150 2476 1179 ιι
2509 1125 2643 1184 Οὔτε
2692 1131 2907 1206 πόρνοι.
2939 1156 2969 1185 ι»
3023 1166 3092 1176 —-
3151 1137 3477 1212 [OIKOUL]
3508 1139 3615 1194 Τὸν
3644 1159 3847 1211 πεπορ-

2193 1215 2419 1270 νευκότα
2476 1214 2676 1274 ἐκεῖνον
2734 1219 3046 1283 αἰνίττεται.
3108 1226 3202 1280 Διὸ
3254 1227 3346 1281 καὶ
3393 1232 3621 1303 πρῶτον
3650 1231 3848 1284 τέθεικε

2190 1302 2277 1373 τὸ,
2310 1301 2439 1360 οὔτε
2468 1306 2684 1381 πόρνοι.

2266 1416 2291 1446 ι
2325 1390 2463 1450 Οὔτε
2522 1395 2768 1470 μέθυσοι,
2829 1399 2890 1455 οὐ
2952 1400 3218 1478 λοίδοροι.
3257 1428 3285 1456 ››
3319 1406 3385 1462 Τί
3433 1402 3500 1477 δή
3559 1428 3699 1462 ποτε
3726 1408 3847 1472 τοὺς

2196 1481 2458 1554 μεθύσους
2489 1485 2582 1539 καὶ
2611 1484 2919 1563 λοιδόρους,
2979 1493 3115 1565 μετά
3173 1497 3282 1549 τῶν
3316 1499 3538 1569 μοιχῶν
3573 1496 3669 1550 καὶ
3698 1499 3849 1566 ἡται-

2191 1573 2439 1645 ρηκὸτων
2471 1574 2562 1628 καὶ
2608 1573 3029 1654 είδωλολατρῶν
3080 1581 3323 1652 τέθεικε;
3382 1587 3613 1659 Πρῶτον
3648 1584 3741 1659 μὶν
3770 1584 3845 1640 ὅτι

2189 1660 2278 1714 καὶ
2312 1661 2340 1715 ὁ
2379 1662 2621 1734 Χριστὸς
2675 1665 2767 1720 τὸν
2827 1666 3070 1737 εἰπόντα,
3106 1693 3135 1721 ‹‹
3165 1671 3383 1748 Μωρὸν,
3420 1696 3448 1724 ››
3480 1667 3691 1749 ἔνοχον
3741 1675 3849 1729 εἷπε

431 1760 674 1829 diceret,
708 1760 1031 1815 obnoxium
1052 1761 1340 1833 gehennae
1362 1759 1616 1814 asseruit
1635 1757 1772 1822 8’,et
1797 1756 1983 1812 Judaei
2009 1773 2069 1811 ex

2187 1749 2429 1824 γεέννης.
2465 1752 2559 1806 Καί
2594 1751 2849 1812 Ἰουδαῖοι
2910 1755 2988 1828 δὲ,
3048 1757 3108 1814 ἐκ
3153 1767 3256 1831 τῆς
3298 1758 3467 1834 μέθης
3498 1762 3579 1825 εἷς
3626 1761 3851 1819 εἰδωλο-

431 1852 933 1906 comessationeac
947 1850 1230 1906 ebrietate
1245 1848 1708 1904 inidololatriam
1720 1845 2077 1902 venerunt”.

431 1942 654 1996 Deinde
706 1941 789 1995 ait
837 1941 996 2011 quod
1046 1940 1105 1993 hi
1159 1957 1368 1995 omnes
1396 1955 1577 2011 regno
1606 1939 1847 1992 interim
1900 1936 2078 1992 ecclo-

429 2046 561 2084 rum
586 2029 866 2084 excidunt
891 2045 903 2083 :
927 2035 1207 2084 cmterum
1231 2028 1656 2100 suppliciorum
1678 2026 2078 2082 diversitatem

426 2118 488 2172 in
518 2119 785 2175 futurum
814 2135 1260 2189 cognoscemus.
1292 2140 1319 2168 «
1350 2121 1536 2187 Atque
1583 2117 1709 2171 hinc
1736 2115 1913 2171 eratis
1945 2116 2080 2186 qui-

426 2207 582 2263 dam.
615 2228 643 2257 »
703 2212 855 2279 Haec,
912 2208 1126 2279 inquit,
1186 2207 1358 2262 multi
1410 2205 1757 2262 habebatis:
1810 2210 1870 2260 et
1899 2204 2074 2260 eratis

427 2297 671 2367 quidam
702 2297 829 2352 haec
858 2297 1168 2353 habentes.
1208 2320 1229 2346 ι
1265 2294 1377 2353 Sed
1434 2295 1620 2351 abluti
1651 2293 1814 2350 estis.
1854 2316 1881 2343 ››
1907 2295 2073 2349 Post-

427 2386 669 2443 modum
701 2388 919 2443 Christi
952 2387 1242 2443 beneﬁcia
1288 2391 1580 2442 recenset.
1612 2385 1825 2454 Eratis,
1859 2384 2073 2455 inquit,

428 2493 559 2547 quas
591 2477 875 2548 praedicta
906 2483 1063 2546 sunt,
1097 2477 1199 2533 sed
1231 2493 1412 2548 puros
1459 2493 1561 2530 vos
1591 2474 1851 2530 reddidit
1878 2473 2074 2527 Chris-

426 2572 521 2621 tus
548 2583 560 2621 :
594 2583 704 2622 nec
734 2566 795 2621 id
829 2567 1044 2634 solum,
1076 2583 1280 2622 verum
1311 2566 1491 2621 etiam
1532 2564 1936 2627 sanctiﬁcavit,
1969 2579 2075 2618 ne-

424 2671 537 2725 que
566 2656 680 2711 hoc
712 2661 965 2721 tantum,
999 2655 1103 2710 sed
1134 2660 1193 2709 et
1238 2653 1606 2725 justiﬁcavit.
1648 2676 1676 2702 (ι
1712 2654 1823 2706 Per
1851 2667 2073 2705 nomen

421 2742 659 2796 Domini
688 2744 844 2798 Jesu.
880 2764 909 2793 »
937 2742 1008 2796 Et
1033 2743 1182 2807 haec,
1214 2741 1429 2812 inquit,
1461 2740 1664 2795 omnia
1691 2739 1858 2795 vobis
1888 2739 2074 2793 conti-

419 2840 632 2908 gerunt
653 2852 759 2905 per
779 2851 999 2889 nomen
1021 2831 1238 2887 Christi
1265 2838 1323 2887 et
1342 2849 1449 2904 per
1464 2830 1745 2902 Spiritum
1776 2834 2067 2884 sanctum.

420 2928 498 2980 Pe
529 2924 849 2989 Christum,
882 2924 1150 2994 inquam,
1184 2926 1240 2976 et
1295 2937 1401 2993 per
1447 2919 1733 2991 Spiritum
1763 2934 1776 2972 :
1814 2934 1934 2973 non
1965 2934 2070 2989 per

422 3015 580 3069 hunc
609 3018 711 3069 aut
739 3029 846 3084 per
874 3012 1047 3068 illum
1075 3028 1088 3066 :
1122 3011 1385 3084 ipsorum
1447 3008 1799 3082 praepositos
1828 3023 2066 3063 rursum

422 3104 763 3177 designans,
793 3103 1092 3175 sapientes
1131 3118 1200 3157 ac
1228 3101 1460 3157 divites.

491 3196 578 3261 VI,
611 3196 825 3248 12-14.‹‹
844 3192 1055 3248 Omnia
1074 3191 1220 3247 mihi
1238 3192 1443 3260 licent,
1474 3196 1535 3246 at
1554 3208 1672 3246 non
1694 3190 1896 3246 omnia
1921 3207 2067 3245 con-

419 3303 443 3334 α
470 3282 931 3337 ducunt.0mnia
950 3282 1095 3336 mihi
1119 3281 1388 3349 licent,at
1412 3296 1516 3352 ego
1547 3296 1668 3335 non
1698 3279 1931 3352 redigar
1961 3279 2068 3335 sub

417 3392 445 3421 «
474 3370 657 3425 ullius
688 3374 1062 3440 potestatem.
1082 3370 1244 3423 Escae
1276 3368 1491 3433 alvo,et
1519 3368 1684 3422 alvus
1710 3368 1882 3423 escis.
1913 3369 2069 3423 Deus

418 3481 446 3509 ‹‹
479 3464 677 3513 autem
711 3463 767 3512 et
796 3458 949 3512 hanc
979 3462 1038 3512 et
1066 3456 1201 3512 illas
1224 3456 1504 3511 abolebit.
1531 3457 1754 3527 Corpus
1779 3473 1914 3512 vero
1946 3473 2067 3511 non

423 3570 449 3597 ‹‹
487 3552 712 3618 stupro,
745 3546 849 3601 sed
906 3546 1177 3613 Domino,
1209 3551 1268 3599 et
1297 3544 1581 3600 Dominus
1627 3547 1878 3615 corpori.
1913 3546 2066 3600 Deus

428 3655 450 3684 ι
485 3640 683 3691 autem
715 3640 773 3689 et
804 3635 1119 3689 Dominum
1153 3633 1475 3702 suscitavit,
1508 3638 1568 3688 et
1615 3650 1726 3689 nos
1756 3634 2066 3689 suscitabit

421 3747 450 3776 «
483 3742 591 3796 per
615 3724 943 3796 potentiam
975 3739 1162 3778 suam.
1195 3741 1222 3773 ο

485 3907 567 3963 Ad
598 3907 780 3963 alium
811 3907 1087 3963 affectum
1110 3905 1395 3961 transfert
1421 3921 1785 3965 sermonem,
1818 3908 1877 3958 et
1906 3904 2064 3959 inve-

411 3996 573 4051 hitur
600 3997 664 4051 in
696 4014 796 4053 eos
830 3996 931 4066 qui
962 3995 1113 4068 gula;
1131 3994 1316 4049 dediti
1339 4000 1499 4050 sunt.
1525 3995 1773 4050 Licitum
1800 3993 1947 4048 mihi
1971 3998 2062 4049 est

410 4084 593 4139 Tdere
625 4101 692 4139 ac
720 4085 945 4149 bibere,
967 4100 1171 4138 verum
1193 4083 1306 4139 hoc
1326 4100 1447 4138 non
1469 4082 1748 4139 conducit
1776 4083 1891 4136 nisi
1922 4099 2057 4138 cum

409 4172 815 4228 mediocritate
871 4173 1087 4228 facere.
1150 4194 1179 4221 «
1212 4174 1286 4227 At
1342 4188 1447 4244 ego
1500 4188 1621 4226 non
1678 4170 1915 4243 redigar
1945 4170 2055 4226 sub

409 4261 591 4316 ullius
652 4267 1024 4333 potestatem.
1068 4282 1096 4311 »
1158 4260 1461 4327 Dominus,
1524 4261 1741 4330 inquit,
1801 4277 1933 4315 sum
1989 4265 2058 4315 ut

407 4354 576 4406 edam
610 4368 677 4406 ac
704 4350 903 4406 bibam
931 4366 943 4403 :
976 4366 1179 4405 verum
1210 4350 1259 4404 si
1294 4349 1388 4405 his
1418 4366 1538 4404 non
1573 4355 1801 4403 servata
1825 4350 2055 4404 medio-

408 4440 616 4495 critate
636 4440 932 4511 meipsum
964 4439 1286 4508 tradidero,
1304 4439 1517 4493 horum
1536 4455 1738 4492 servus
1760 4438 2049 4503 inveniar,

2192 1837 2442 1915 λατρείαν
2502 1841 2695 1911 ἦλθον.
2755 1846 3002 1919 Ἔπειτα,
3051 1850 3236 1926 φησὶν,
3285 1849 3369 1904 δτι
3428 1852 3581 1906 οὗτοι
3640 1854 3847 1926 πάντες,

2188 1928 2322 1993 τέως
2348 1938 2448 2002 τῆς
2482 1931 2758 2008 βασιλείας
2817 1934 3137 1994 ἐκπίπτουσι
3187 1944 3293 1995 τῶν
3338 1942 3608 2015 οὐρανῶν.
3651 1945 3847 2001 Λοιπὸν

2191 2015 2248 2073 δὲ
2275 2022 2338 2075 τὸ
2376 2025 2483 2076 τῶν
2539 2029 2821 2099 τιμωριῶν
2881 2023 3140 2106 διάφορον
3200 2027 3311 2084 ἐκεῖ
3363 2031 3655 2105 εἰσόμεθα.
3691 2057 3719 2086 κ
3749 2034 3843 2092 Καὶ

2187 2108 2353 2164 ταῦτά
2379 2131 2523 2174 τινες
2553 2112 2668 2181 ἦτε.
2707 2136 2733 2166 ι)
2764 2118 2962 2185 Ταῦτα,
3023 2117 3209 2194 φησὶν,
3262 2119 3440 2195 εἲχετε
3486 2119 3731 2195 πολλοὶ,
3761 2124 3843 2178 καὶ

2187 2198 2287 2267 ἧτέ
2343 2220 2484 2265 τινες
2538 2205 2704 2259 ταῦτα
2760 2200 3002 2279 ἔχοντες.
3063 2232 3091 2259 ο(
3143 2207 3319 2264 Ἀλλά
3373 2208 3838 2278 ἀπελούσασθε.»

2184 2289 2388 2343 Λοιπὸν
2442 2291 2536 2353 τὰς
2594 2289 2897 2368 εὐεργεσίας
2953 2293 3243 2374 καταλέγει
3290 2299 3388 2353 τοῦ
3418 2300 3688 2375 Χριστοῦ.
3720 2304 3840 2359 Ἤτε

2185 2377 2311 2454 γὰρ,
2342 2379 2498 2456 φησὶ,
2554 2380 2621 2436 τὰ
2681 2381 2967 2456 εἰρημένα,
3024 2383 3174 2441 ἀλλὰ
3218 2388 3491 2462 καθαροὺς
3523 2386 3781 2461 ἐποίησεν
3809 2392 3835 2446 ὁ

2184 2468 2443 2540 Χριστός.
2512 2466 2613 2523 Καὶ
2682 2469 2742 2525 οὐ
2808 2476 2971 2528 τοῦτο
3034 2495 3223 2547 μονον,
3280 2474 3428 2531 ἀλλά
3474 2477 3566 2532 καὶ
3598 2478 3830 2553 ἡγίασεν.

2185 2556 2282 2608 Καὶ
2323 2556 2387 2627 οὐ
2422 2556 2588 2628 μόνον
2621 2562 2805 2627 τοῦτο,
2862 2560 3009 2617 ἀλλά
3063 2562 3155 2618 καὶ
3212 2561 3551 2623 ἐδικαίωσεν.
3587 2590 3613 2620 α
3650 2569 3734 2625 Ἐν
3758 2571 3828 2639 τῷ

2183 2643 2410 2735 ὀνόματι
2478 2650 2576 2701 τοῦ
2641 2647 2841 2723 Κυρίου
2907 2651 3108 2721 Ἰησοῦ.
3157 2678 3179 2705 ιι
3251 2655 3357 2712 Καὶ
3422 2661 3614 2724 ταῦτα,
3679 2658 3818 2735 φησί,

2179 2733 2352 2820 πάντα
2406 2735 2636 2811 ὑπῆρξεν
2685 2737 2837 2810 ὑμῖν,
2885 2738 2937 2795 ἐν
2985 2745 3064 2813 τῷ
3094 2741 3323 2818 ὀνόματι
3351 2749 3450 2800 τοῦ
3478 2733 3707 2820 Χριστοῧ
3734 2745 3813 2802 καί

2179 2819 2232 2876 ἐν
2262 2826 2340 2893 τῷ
2370 2823 2507 2898 ἁγίῳ
2543 2824 2837 2898 ηνεῦματι,
2871 2830 3015 2898 οἷον,
3071 2828 3159 2886 διὰ
3209 2838 3308 2889 τοῦ
3355 2835 3584 2910 Χριστοῦ
3607 2836 3692 2889 καὶ
3718 2839 3804 2890 τοῦ

2180 2909 2512 2984 Πνεύματος.
2545 2914 2622 2971 0'3
2669 2912 2759 2969 διὰ
2807 2915 2966 2972 τοῦδε
3021 2917 3059 2989 ἤ
3115 2919 3298 2992 τοῦδε,
3328 2909 3453 2984 τοὺς
3477 2929 3793 2997 προεστῶτας

2179 3000 2354 3054 αὐτῶν
2409 3000 2574 3058 πάλιν
2639 3004 3036 3082 αῗνιττὸμενος,
3088 3008 3216 3073 τοὺς
3266 3011 3459 3089 σοφοὺς
3510 3012 3597 3067 καὶ
3633 3010 3794 3067 πλου-

2181 3089 2352 3152 σίους.

2251 3180 2431 3235 Πάντα
2499 3202 2595 3254 μοι
2650 3177 2869 3256 ἔξεστιν,

2175 3266 2358 3324 Πάντα
2426 3291 2520 3344 μοι
2622 3269 2837 3346 ἔξεστιν,

2964 3185 3093 3243 ἀλλ’
3171 3188 3234 3244 οὗ
3300 3192 3479 3247 πάντα
3543 3190 3814 3268 συμφέρει.

2935 3273 3063 3332 ἀλλ’
3131 3277 3231 3335 οὐκ
3295 3279 3405 3355 ἐγὼ
3481 3278 3821 3353 ἐξουσιασθή-

2174 3369 2344 3430 σομαι
2405 3357 2507 3414 ὑπό
2566 3382 2734 3424 τινος.
2797 3363 2875 3420 Τά
2936 3366 3205 3440 βρώματα
3258 3372 3327 3443 τῇ
3385 3368 3596 3442 κοιλίᾳ,
3656 3372 3747 3426 καὶ
3790 3373 3823 3440 ἡ

2173 3443 2357 3499 κοιλία
2412 3454 2529 3510 τοῖς
2591 3449 2896 3525 βρώμασιν,
2958 3454 2987 3508 ὁ
3047 3451 3104 3510 δὲ
3165 3457 3295 3519 Θεὸς
3355 3457 3445 3512 καὶ
3501 3459 3711 3530 ταύτην
3743 3445 3825 3515 χιιιἰ

2171 3540 2339 3625 ταᾷτα
2394 3541 2745 3615 καταργήσει,
2798 3543 2868 3597 Τὸ
2953 3540 3013 3599 δὲ
3091 3550 3251 3619 σῶμα
3326 3548 3391 3603 οὐ
3448 3552 3520 3623 τῇ
3582 3552 3827 3625 πορνείᾳ,

2171 3621 2423 3698 ἀλλάτῷ
2465 3627 2676 3704 Κυρίῳ,
2736 3629 2827 3684 καὶ
2884 3631 2913 3686 ὁ
2972 3631 3167 3708 Κύριος
3219 3641 3299 3709 τῷ
3352 3621 3593 3710 σώματι.
3655 3621 3717 3698 Ὁ
3774 3621 3826 3697 δὲ

2171 3712 2298 3804 Θεὸς
2329 3717 2533 3772 καὶτὸν
2568 3719 2765 3793 Κύριον
2796 3721 3007 3797 ἤγειρε,
3037 3723 3125 3779 καί
3164 3727 3312 3799 ἡμᾷς
3343 3726 3574 3804 ἐξεγερεῖ
3604 3727 3698 3786 διὰ
3725 3734 3822 3802 τῆς

2171 3799 2447 3877 δυνάμιως
2480 3806 2665 3864 αὐτοῦ.

2239 3898 2562 3959 Μεταϐαίνει
2619 3902 2680 3961 δὲ
2734 3908 2870 3981 πρὸς
2929 3906 3112 3985 ἕτερον
3172 3913 3366 3983 πάθος,
3398 3915 3487 3970 καὶ
3540 3918 3826 3975 ἀποτείνε-

2164 4010 2250 4045 ται
2316 3993 2451 4048 κατὰ
2517 3998 2626 4049 τῶν
2692 3997 3136 4079 γαστριμάργων.
3205 4003 3414 4074 Ἔξεστί
3485 4026 3583 4079 μοι
3631 4015 3827 4085 φαγεῖν

2164 4079 2255 4134 καὶ
2302 4088 2465 4151 πιεῖν,
2513 4079 2653 4171 ἀλλ’
2712 4084 2774 4140 οὗ
2833 4090 3095 4166 συμφέρει
3149 4092 3287 4163 μετὰ
3341 4093 3605 4171 ἀμετρίας
3644 4079 3825 4153 ero—Gtc

2163 4175 2356 4225 ποιεῖν.
2387 4194 2415 4223 ‹‹
2450 4169 2604 4227 Ἀλλ’
2653 4173 2754 4229 οὐκ
2784 4172 2895 4250 ἐγὼ
2926 4175 3416 4254 ἐξουσιασθησομαι
3449 4169 3555 4239 ὑπό
3587 4207 3754 4249 τινος.
3795 4211 3823 4239 ››

2162 4256 2364 4330 Κύριός
2420 4257 2557 4330 εἰμι,
2618 4260 2777 4332 φησὶ,
2831 4266 2929 4317 τοῦ
2987 4271 3177 4341 φαγεῖν
3235 4269 3328 4322 καὶ
3375 4274 3538 4325 πιεῖνο
3572 4269 3821 4328 ἀλλ’έάν

2161 4342 2302 4400 ἐκδῶ
2331 4344 2565 4419 ἐμαυτὸν
2619 4348 2835 4413 τούτοις
2895 4353 3168 4425 ἀμέτρως,
3225 4353 3425 4421 δοῦλος
3483 4359 3667 4416 αὐτῶν
3705 4362 3818 4417 ἀντὶ

2160 4433 2361 4507 Κυρίου
2395 4435 2779 4510 εὑρεθήσομαι,
2811 4441 2899 4496 καὶ
2934 4439 3215 4499 δουλεύσω
3243 4444 3449 4508 αὐτοῖς.
3489 4472 3511 4499 ι
3548 4453 3644 4503 Ὧν
3694 4452 3817 4525 γὰρ,

407 4545 538 4582 cum
573 4529 807 4583 Domini
840 4544 1070 4583 servum
1104 4543 1233 4583 esse
1292 4532 1610 4599 oporteret,
1643 4532 1701 4581 et
1730 4526 1823 4581 his
1853 4527 2046 4580 inser-

2180 4522 2312 4592 ›ησὶ,
2363 4522 2492 4609 Θεὸς
2547 4527 2580 4594 ἡ
2635 4525 2842 4587 κοιλία,
2879 4552 2907 4580 ››
2960 4535 3261 4606 Τοιγαροῦν
3318 4533 3419 4590 οὐκ
3465 4501 3818 4609 ἐξουσιιιιίλθίξΣ

406 4619 559 4671 viam
582 4618 734 4671 sicut
754 4616 895 4671 alibi
918 4614 1125 4671 dicit“
1144 4634 1156 4669 :
1178 4639 1203 4666 «
1229 4617 1487 4681 Quorum
1509 4615 1665 4670 Deus
1688 4620 1890 4668 venter
1906 4620 2047 4670 est.»

408 4706 609 4777 Itaque
638 4721 759 4760 non
784 4704 1019 4777 redigar
1050 4705 1156 4760 sub
1188 4704 1402 4760 horum
1432 4709 1806 4775 potestatem.
1831 4725 1858 4753 «
1893 4705 2053 4758 Esca:

406 4794 558 4850 alvo.
594 4816 622 4843 »
654 4795 829 4849 Escas
859 4794 973 4849 hoc
1032 4793 1161 4849 loco
1219 4792 1480 4864 appellat
1534 4791 1913 4861 edacitatem,
1947 4808 2053 4847 seu

406 4881 832 4954 inexplebilem
870 4880 1081 4937 edendi
1115 4881 1492 4947 aviditatem;
1543 4880 1734 4936 alvum
1769 4898 1902 4935 vero
1932 4881 2051 4937 sive

403 4970 797 5027 ventriculum
850 4969 1320 5041 gastrimargiam
1378 4969 1497 5023 sive
1526 4969 1900 5037 gulositatem
1929 4987 2049 5025 non

404 5063 600 5133 ipsum
645 5065 929 5115 ventrem.
961 5089 1030 5097 —-
1059 5058 1241 5112 Aliud.
1304 5059 1359 5113 Si
1414 5074 1581 5113 escas
1610 5063 1879 5129 oporteat
1907 5059 2050 5113 sim-

399 5151 638 5222 pliciter
668 5149 1017 5205 alimentum
1040 5146 1393 5220 intelligere,
1413 5146 1685 5201 etalvum
1712 5152 2051 5219 receptacu~

399 5241 526 5297 lum
556 5239 824 5297 ciborum
856 5255 869 5292 :
907 5237 1124 5293 melius
1154 5241 1245 5293 est
1282 5241 1348 5291 ut
1398 5236 1457 5291 id
1488 5236 1645 5308 quod
1672 5236 2051 5309 subjungitur

402 5331 475 5386 ad
506 5330 852 5387 vaticinium
883 5326 1065 5383 futuri
1098 5325 1299 5382 seaculi
1330 5326 1690 5397 accipiatur:
1719 5341 1787 5381 ac
1816 5326 1866 5380 si
1894 5325 2049 5381 dice-

399 5423 510 5474 ret.
540 5420 692 5474 Deus
717 5424 915 5474 autem
943 5420 1002 5472 et
1029 5416 1185 5471 hanc
1210 5420 1271 5470 et
1295 5414 1429 5471 illas
1452 5413 1749 5481 abolebit;
1784 5414 1895 5469 hoc
1919 5420 2043 5470 est:

2154 4631 2321 4683 σομαι
2357 4608 2460 4667 ὑπό
2488 4633 2636 4676 τινος
2683 4616 2911 4672 τούτων.
2974 4643 3002 4671 ‹‹
3034 4620 3114 4675 Τἀ
3147 4622 3419 4698 βρώματα
3449 4627 3518 4698 τῇ
3550 4608 3816 4698 κοιλίᾳ.»

2159 4698 2439 4787 βρώματα
2493 4698 2740 4773 ἐνταῦθα,
2797 4705 2898 4774 τήν
2952 4703 3301 4786 ἀδδηφαγίαν
3359 4711 3520 4787 φησί.
3585 4712 3812 4770 Κοιλίαν

2160 4782 2237 4853 δὲ,
2268 4788 2367 4855 τὴν
2402 4788 2861 4867 γαστριμαργίαν,
2920 4793 2982 4848 οὐ
3033 4782 3135 4865 τὴν
3176 4782 3433 4873 γαστέρα.
3466 4832 3536 4842 --
3565 4800 3814 4865 Ἄλλως.

2160 4876 2375 4965 [ΦΩΤ.]
2405 4877 2469 4934 Εἰ
2505 4878 2600 4965 μὲν
2632 4878 2824 4945 ἁπλῶς
2869 4882 3134 4958 βρώματα
3162 4886 3262 4954 τήν
3293 4890 3503 4965 τροφὴν
3538 4886 3626 4945 δεῖ
3656 4890 3815 4947 ἐκλα-

2159 4958 2295 5036 ϐεῖν,
2326 4965 2417 5019 καὶ
2445 4963 2657 5020 κοιλίαν
2709 4970 2810 5038 τὴν
2872 4969 3162 5048 ὑποδοχὴν
3210 4958 3556 5047 τῶννσιτίων,
3589 4976 3812 5053 ἄμεινον

2158 5052 2235 5116 εἰς
2285 5054 2676 5130 προαγόρευσιν
2730 5062 2828 5113 τοῦ
2888 5058 3191 5131 μέλλοντος
3251 5061 3563 5140 ἐκδέχεσθαι
3614 5052 3682 5124 τὸ
3720 5068 3813 5125 ἐπ·-

2156 5146 2444 5222 αγόμενον,
2474 5150 2611 5202 οἷονο
2644 5149 2703 5203 ⁸0
2734 5147 2791 5204 δὲ
2822 5152 2951 5214 Θεὸς
2970 5154 3062 5208 καὶ
3088 5154 3291 5227 ταύτην
3311 5158 3398 5212 καὶ
3421 5163 3593 5215 ταῦτα
3614 5181 3809 5237 καταρ-

2157 5236 2340 5308 γήσει,
2405 5236 2700 5308 τουτέστιν,
2768 5239 2944 5296 ’Δλλά
3008 5247 3175 5298 ταῦτα
3266 5245 3318 5300 ἐν
3384 5250 3454 5319 τῇ
3527 5248 3808 5306 ἀναστάσει

2155 5322 2293 5400 ἀργὰ
2347 5325 2436 5378 καὶ
2496 5322 2751 5403 ἄχρηστα
2806 5324 2975 5400 ἔσται,
3035 5331 3111 5394 εἰς
3165 5334 3463 5412 ἀφθαρσίαν
3524 5340 3677 5410 ἡμᾶς
3715 5343 3811 5395 τοῦ

2153 5418 2287 5469 Θεοῦ
2355 5423 2922 5496 μεταστοιχειοῦντος,
2984 5422 3058 5484 ὡς
3108 5424 3251 5496 μήτε
3303 5433 3516 5502 τροφῆς
3580 5425 3807 5503 δεῖσθαι,

468 5582 517 5618 8³
542 5585 742 5638 Matth.
775 5601 829 5653 ν,
854 5588 942 5638 22.
1018 5585 1064 5619 ⁸³
1095 5544 1276 5638 Exod.
1309 5597 1484 5649 χχχιι,
1522 5582 1544 5636 1
1583 5598 1707 5651 seq.
1782 5580 1829 5615 ⁸⁴
1859 5581 2069 5653 Philip]

2180 5599 2227 5650 ll,
2264 5586 2347 5637 19.
