4106 6252
244 377 367 436 ’113

1243 374 1637 436 COMMENT.
1685 375 1764 435 IN
1811 373 2064 435 EPIST.
2109 374 2134 434 Ι
2176 376 2282 435 AD
2325 377 2698 439 CORINTH.

3555 377 3679 441 ἰιι

251 511 395 584 μήτε
424 510 570 584 πρὸς
605 506 894 584 ὑποδοχὴν
949 509 1130 564 σιτίων
1185 509 1416 586 γαστρὸς
1473 507 1910 580 παρασκευάζον-

2024 507 2135 562 Sed
2148 509 2497 566 hm0463in
2509 513 2942 567 resurrectione
2958 511 3144 567 otiosa
3158 510 3673 569 eruntetinutilia:

247 621 366 661 τος.
401 598 504 656 Καὶ
561 596 647 669 εἷή
706 596 766 653 ἄν
831 599 918 654 καὶ
979 599 1008 654 6
1062 601 1189 661 νοῦς
1241 601 1360 667 νοῦ,
1412 621 1438 648 ‹‹
1504 596 1585 654 Τὰ
1647 596 1912 674 βρώματα

249 693 322 762 τῇ
354 686 566 758 κοιλίᾳ,
625 687 715 741 καὶ
746 689 782 755 ἡ
827 684 1016 742 κοιλία
1069 692 1185 748 τοῖς
1247 687 1520 761 βρώμασι.
1554 704 1581 734 ι)
1637 688 1908 746 τοιοῦτος’

251 774 583 847 Ἀλλήλων,
614 777 802 851 φησὶν,
844 770 985 831 ἔστιν
1041 775 1345 850 ἐρεθιστικὰ
1391 776 1480 829 καὶ
1529 772 1910 844 ἐπιζητητικά.

250 869 330 924 Ἥ
359 886 416 921 τε
445 866 548 941 γὰρ
579 863 633 920 ἐν
661 866 731 938 τῇ
763 863 953 936 κοιλίᾳ
996 861 1168 940 ὄρεξις
1221 864 1468 934 ἐπιζητεῖ
1513 863 1581 917 τὰ
1635 861 1794 928 σιτία,
1845 864 1912 917 τά

252 977 312 1010 τε
345 954 607 1022 σιτίατὴν
641 951 694 1007 ἐν
753 954 892 1026 ἡμῖν
945 951 1110 1009 πάλιν
1172 949 1343 1027 ὄρεξιν
1398 951 1622 1027 ἐρεθίζει
1680 951 1768 1006 καὶ
1827 947 1911 1005 δι-

256 1045 476 1120 εγείρει.
511 1044 568 1098 Ὀ
600 1040 658 1098 δὲ
715 1044 868 1115 Θεὸς,
921 1043 1109 1118 φησὶν,
1170 1040 1333 1120 ἄμφω
1393 1042 1443 1097 ἐν
1503 1045 1571 1114 τῇ
1629 1039 1909 1095 ἀναστάσει

254 1135 395 1209 ἀργὰ
426 1134 515 1188 καὶ
547 1132 805 1211 ἄχρηστα
835 1130 1128 1201 ἀποδείξει.
1177 1131 1253 1188 Οὐ
1307 1133 1418 1206 χρὴ
1474 1133 1563 1186 οὖν
1625 1131 1748 1203 περὶ
1800 1134 1906 1184 τῶν

260 1222 580 1296 μελλόντων
616 1217 824 1276 ἔσεσθαι
854 1221 1148 1297 ἀχρήστων
1184 1221 1305 1277 λίαν
1350 1219 1686 1290 σπουδάζειν.
1738 1219 1802 1275 Ei
1853 1217 1910 1272 δὲ

257 1312 527 1386 βρώματα
560 1310 654 1382 μὲν
705 1310 767 1364 τὸ
824 1310 1111 1385 ἀκόρεστον
1156 1315 1264 1364 τῶν
1318 1309 1643 1384 βρωμάτων,
1692 1307 1907 1362 κοιλίαν

256 1397 315 1455 δὲ
367 1402 464 1468 τὴν
519 1396 826 1469 ἀπληστίαν
885 1407 986 1469 τῆς
1042 1398 1254 1462 κοιλίας
1323 1398 1679 1472 ἐκληψόμεοα
1736 1393 1910 1469 (οὐδὲν

252 1491 358 1565 γὰρ
387 1487 588 1544 κωλύει
637 1493 804 1542 ταῦτα
861 1486 1161 1559 δηλοῦσθαι
1222 1488 1326 1544 ὑπὸ
1383 1491 1489 1543 τῶν
1548 1486 1786 1560 λέξεων),
1843 1486 1907 1540 οὐ

248 1577 705 1652 προαγορεύσεως
737 1569 933 1631 ἔννοιαν
988 1573 1179 1630 δίδωσι
1228 1577 1288 1630 τὸ
1346 1575 1702 1649 ἐπαγόμενον,
1762 1571 1907 1629 ἀλλὰ

247 1661 468 1738 μᾶλλον
502 1664 634 1740 ἀρᾶς
683 1663 772 1718 καὶ
820 1661 1000 1734 δίκης.
1060 1665 1402 1740 Καταργήσει
1452 1661 1605 1730 αὐτὰ,
1656 1661 1843 1736 φησὶν,
1877 1661 1903 1714 6

245 1751 400 1821 Θεὸς,
433 1752 692 1807 ἀπελάσει
724 1757 893 1807 ταῦτα
921 1752 1010 1830 ἀφ’
1061 1755 1243 1826 ἡμῶν,
1292 1748 1533 1824 ὲκδιώξει
1586 1753 1684 1820 τήν
1729 1747 1902 1819 ἀδδη-

2022 597 2138 652 Deo
2172 615 2282 653 nos
2311 599 2385 654 ad
2417 600 2927 671 incorruptionem
2956 601 3370 668 transferente,
3392 606 3458 654 ut
3478 615 3674 672 neque

2021 687 2150 742 cibo
2168 705 2318 759 opus
2339 689 2433 750 sit.
2453 705 2646 761 neque
2664 687 2739 744 ad
2757 690 3025 745 ciborum
3043 689 3446 760 receptionem
3467 695 3673 744 venter

2018 784 2405 847 praeparetur.
2456 781 2656 834 Potest
2713 795 2962 850 quoque,
3008 781 3136 851 ejus
3195 778 3353 851 quod
3409 779 3666 833 dicitur:

2019 886 2045 912 α
2081 867 2241 922 Εεοω
2274 867 2399 923 alvo
2433 873 2490 922 et
2519 868 2684 924 alvus
2717 869 2890 935 escis,
2929 891 2956 918 ››
2989 869 3124 922 talis
3155 884 3284 922 esse
3325 865 3666 922 intellectus

2018 955 2103 1026 (ut
2132 952 2317 1010 κοιλία
2366 975 2471 1029 pro
2527 964 2728 1013 ventre
2783 957 3095 1029 sumatur).
3145 958 3300 1029 Haec,
3353 958 3568 1028 inquit,
3605 973 3664 1011 se

2016 1051 2222 1100 mutuo
2250 1046 2490 1102 irritant
2519 1053 2578 1101 et
2629 1053 2932 1119 expetunt.
2967 1047 3097 1120 Ipse
3147 1048 3307 1103 enim
3339 1046 3456 1101 cibi
3489 1063 3670 1118 appe—

2019 1135 2158 1190 titus
2191 1136 2292 1206 qui
2324 1137 2386 1191 in
2417 1135 2748 1192 ventriculo
2783 1145 2871 1192 est
2919 1137 3206 1192 alimenta
3233 1135 3506 1206 requirit,
3537 1152 3672 1189 rur—

2018 1239 2268 1293 sumque
2313 1224 2442 1296 ipsa
2473 1225 2758 1282 alimenta
2789 1224 3116 1296 appetitum
3151 1224 3251 1294 qui
3285 1223 3344 1277 in
3375 1223 3550 1276 nobis
3582 1227 3670 1276 est

2016 1311 2253 1365 irritant
2269 1316 2328 1367 et
2348 1313 2622 1367 excitant.
2651 1312 2802 1368 Deus
2829 1318 3027 1368 autem
3053 1319 3299 1382 utraque
3323 1312 3384 1366 in
3406 1327 3669 1366 resurre-

2015 1399 2212 1454 ctione
2235 1401 2426 1456 otiosa
2447 1419 2512 1456 ac
2537 1401 2774 1456 inutilia
2796 1402 3034 1457 efficiet.
3059 1403 3182 1456 Non
3209 1406 3442 1472 oportet
3465 1401 3663 1470 itaque

2015 1487 2086 1542 de
2118 1488 2211 1543 his
2242 1507 2372 1560 qua:
2404 1491 2602 1545 futura
2632 1496 2770 1545 sunt
2801 1490 3056 1551 inutilia,
3085 1491 3264 1544 nimis
3296 1505 3423 1544 esse
3447 1488 3664 1544 sollici-

2015 1579 2123 1629 tos.
2162 1575 2217 1629 Si
2268 1593 2400 1632 vero
2452 1595 2558 1649 per
2611 1595 2776 1634 escas
2828 1577 3341 1633 insatiabilitatem
3393 1577 3661 1633 ciborum

2013 1664 2506 1730 intellexerimus,
2541 1685 2646 1739 per
2675 1667 2870 1722 alvum
2920 1673 3115 1723 autem
3148 1668 3368 1722 ventris
3400 1665 3666 1737 inexple-

2011 1753 2304 1810 bilitatem
2356 1753 2530 1824 (nihil
2578 1757 2737 1812 enim
2798 1757 3076 1829 prohibet
3124 1758 3268 1828 quin
3317 1757 3442 1812 haec
3492 1756 3664 1811 dictis

245 1841 450 1918 φαγίαν
482 1841 572 1895 καί
629 1841 1089 1918 γαστριμαργίαν,
1149 1839 1467 1915 ἐλευθέρους
1513 1841 1719 1895 τούτων
1767 1839 1898 1894 ἀπο·

2024 1843 2422 1912 signiﬁcentur
2443 1845 2827 1916 dictionibus)
2846 1845 2972 1917 jam
2997 1846 3055 1901 id
3080 1845 3238 1916 quod
3270 1846 3539 1917 sequitur
3557 1863 3664 1917 per

247 1928 406 2000 δείξει
434 1934 546 1986 τῶν
581 1935 780 1986 κακῶν.
826 1931 890 1986 Ei
943 1928 1001 1986 δὲ
1051 1929 1185 2005 ἀράς
1234 1929 1416 1986 αὐτοῖς
1468 1928 1760 2006 ἐπάγομεν,
1820 1949 1911 2001 καὶ

247 2018 474 2080 ἑαυτοὺς
514 2019 725 2073 τούτων
777 2019 1230 2107 ἐλευθερωθῆναι.
1265 2018 1564 2094 εὐχόμεθα,
1613 2021 1732 2079 πῶς
1779 2016 1909 2091 οὐχὶ

249 2104 675 2181 βδελυξάμεθα;
728 2132 756 2160 ‹‹
791 2109 892 2164 Καὶ
925 2107 960 2177 ἢ
995 2107 1183 2162 κοιλία
1219 2104 1350 2169 ’τοῖς
1401 2107 1708 2182 βρώμασιν,
1744 2130 1772 2157 ››
1821 2105 1907 2167 Ὧς

244 2196 289 2250 εἰ
326 2197 494 2262 εἶπεν,
526 2197 589 2251 Ἰ]
624 2193 936 2273 ἀδδηφαγία
967 2195 1151 2274 φιλίαν
1182 2191 1299 2270 ἔχει
1349 2197 1487 2270 πρὸς
1535 2197 1634 2265 τὴν
1688 2214 1910 2270 γαστρι-

246 2285 502 2362 μαργίαν,
566 2283 787 2355 κάκείνη
849 2285 988 2358 πρὸς
1075 2284 1309 2356 ἐκείνην,
1393 2283 1481 2336 καὶ
1568 2283 1630 2338 οὐ
1690 2280 1910 2336 δόναται

237 2379 432 2444 ταῦτα,
464 2374 602 2448 πρὸς
628 2375 722 2428 τὸν
758 2374 998 2450 Χριστὸν
1049 2376 1198 2447 ἡμᾶς
1243 2373 1568 2448 ἀπαγαγεῖν,
1616 2369 1745 2426 ἀλλ’
1789 2371 1907 2425 ἑαυ-

238 2468 362 2524 ταῖς
419 2461 846 2536 παραπέμπουσι
906 2463 1035 2526 τοὺς
1086 2461 1446 2535 πειθομένους
1503 2459 1712 2533 αὐταῖς,
1771 2459 1906 2530 αὕτη

243 2553 385 2626 πρὸς
417 2549 648 2622 ἐκείνην,
680 2551 901 2621 κάκείνη
965 2551 1103 2626 πρὸς
1150 2550 1373 2621 ταύτην.
1425 2549 1522 2604 Καὶ
1570 2549 1771 2618 ταύτην
1819 2546 1910 2602 καὶ

249 2645 429 2696 ταζιτα
458 2645 804 2714 καταργήσει.
838 2641 915 2698 Οὐ
964 2643 1062 2711 τὴν
1121 2641 1350 2718 γαστέρα
1399 2638 1567 2714 λέγει,
1618 2635 1761 2693 ἀλλά
1807 2639 1907 2708 τήν

265 2728 553 2801 ἀμετρίαν’
589 2726 711 2784 οὐδὲ
755 2729 850 2798 τήν
912 2730 1146 2809 τροφὴν,
1206 2726 1353 2782 ἀλλὰ
1404 2729 1503 2797 τήν
1559 2728 1786 2806 τρυφήν.
1841 2725 1909 2782 Τί

268 2815 329 2871 δέ
361 2815 471 2871 ἐστι
501 2817 581 2886 τὸ,
614 2843 639 2868 ‹‹
673 2820 1010 2896 Καταργήσει
1038 2837 1053 2887 ;
1085 2841 1113 2871 ››
1148 2819 1302 2880 Τινὲς
1337 2816 1433 2891 μὲν
1486 2838 1613 2893 φασι
1665 2813 1906 2890 προαγό-

258 2926 448 2980 ρευσιν
477 2909 605 2960 εἶναι
635 2910 729 2961 τοῦ
763 2907 1068 2982 μέλλοντος
1105 2906 1328 2974 αἰῶνος,
1361 2905 1442 2960 ὅτι
1477 2899 1574 2959 οὸκ
1602 2899 1743 2959 ἔστιν
1798 2900 1908 2970 ἐκεῖ

253 3000 448 3072 φαγεῖν
481 2997 568 3049 καὶ
607 3002 769 3052 πιεῖν.
831 2997 894 3052 Ei
946 2993 1004 3051 δὲ
1061 2996 1120 3050 τὸ
1181 2996 1486 3069 σύμμετθον
1548 2988 1664 3069 ἔχει
1723 2992 1903 3056 τέλος,

253 3083 456 3156 πολλῷ
489 3083 703 3158 μᾶλλον
738 3087 800 3140 τὸ
840 3084 1093 3160 ἄμετρον.
1154 3086 1305 3146 Τινὲς
1355 3081 1412 3138 δὲ
1454 3104 1609 3162 φασιν
1665 3081 1748 3138 ὅτι
1803 3083 1905 3150 τὴν

250 3174 564 3248 παραίνεσιν
625 3173 768 3250 εὐχῇ
826 3173 1233 3251 ἐπεσφράγισεν,
1291 3172 1407 3228 ἀντὶ
1465 3177 1581 3241 τοῦ,
1638 3171 1697 3226 ἄν
1771 3191 1904 3226 ποτε

2021 1932 2361 1988 vaticinium
2393 1949 2513 1988 non
2543 1933 2848 2006 accipitur,
2883 1935 2987 1989 sed
3017 1935 3213 2006 potius
3261 1953 3366 2006 per
3391 1951 3660 1990 exsecra-

2022 2023 2246 2077 tionem
2301 2028 2360 2076 et
2405 2041 2660 2094 pmnam.
2712 2026 2867 2093 Haec,
2917 2025 3129 2096 inquit,
3181 2026 3333 2079 Deus
3382 2023 3663 2086 abolebit,

2022 2112 2250 2167 auferet
2281 2111 2406 2166 haec
2435 2129 2471 2167 a
2509 2111 2718 2169 nobis:
2767 2114 3059 2186 propellet
3089 2113 3440 2169 edacitatem
3477 2118 3536 2167 et
3563 2130 3664 2186 ga-

2023 2201 2418 2273 strimargiam
2446 2217 2459 2255 :
2489 2202 2581 2256 his
2613 2202 2788 2258 malis
2819 2220 2928 2258 nos
2978 2203 3198 2257 efficiet
3228 2202 3465 2257 liberos.
3501 2197 3667 2266 Quod

2022 2289 2070 2343 si
2119 2289 2239 2343 illis
2289 2291 2724 2346 exsecrationes
2778 2292 3102 2356 aiTerimus,
3137 2297 3196 2346 et
3241 2292 3311 2345 ab
3363 2291 3508 2362 ipsis
3557 2308 3664 2345 nos

2020 2377 2259 2433 liberari
2292 2395 2625 2450 precamur,
2659 2380 2956 2450 quomodo
2990 2397 3107 2434 non
3141 2380 3665 2435 abominabimur?

2022 2488 2049 2515 «
2083 2468 2150 2521 Et
2198 2467 2362 2522 alvus
2411 2468 2583 2522 escis.
2635 2489 2662 2516 »
2714 2469 3015 2537 Tanquam
3061 2468 3342 2522 dixisset:
3396 2468 3664 2522 Edacitas

2021 2572 2284 2611 amorem
2315 2556 2494 2611 habet
2515 2556 2588 2611 ad
2609 2557 3104 2629 gastrimargiam,
3131 2562 3187 2609 et
3213 2557 3338 2609 haec
3361 2555 3434 2611 ad
3460 2556 3623 2610 illam
3651 2573 3663 2610 :

2019 2663 2128 2701 nec
2149 2652 2400 2718 possunt
2420 2647 2546 2701 haec
2563 2647 2637 2702 ad
2650 2647 2946 2701 Christum
2971 2664 3079 2702 nos
3101 2647 3506 2701 transmittere
3532 2645 3665 2700 :sed

2019 2735 2093 2790 ad
2117 2752 2178 2790 se
2202 2736 2451 2790 invicem
2478 2735 2723 2790 mittunt
2744 2753 2844 2790 eos
2868 2736 2966 2808 qui
2991 2735 3133 2807 ipsis
3157 2736 3426 2798 credunt,
3451 2751 3664 2804 nempe

2018 2825 2124 2879 illa
2170 2824 2244 2878 ad
2294 2826 2447 2880 hanc
2502 2830 2558 2879 et
2606 2825 2732 2880 haec
2779 2823 2854 2880 ad
2897 2824 3081 2879 illam.
3116 2827 3185 2878 Et
3235 2825 3386 2879 hanc
3440 2829 3499 2879 et
3527 2823 3662 2877 illas

2019 2913 2297 2968 abolebit.
2332 2916 2457 2968 Non
2487 2919 2749 2969 ventrem
2785 2913 2947 2980 dicit,
2982 2913 3083 2968 sed
3129 2913 3615 2968 immodicitatem
3645 2928 3658 2966 :

2017 3019 2212 3074 neque
2243 3003 2460 3069 cibum,
2487 3003 2590 3058 sed
2613 3002 2874 3058 delicias.
2903 3003 3051 3066 Quid
3085 3009 3173 3057 est
3204 3009 3422 3070 autem,
3452 3025 3478 3050 «
3504 3001 3658 3056 Abo-

2016 3089 2209 3144 lebit"?
2242 3113 2268 3139 η
2301 3091 2550 3154 Quidam
2581 3091 2789 3145 dicunt
2815 3091 3159 3145 vaticinium
3190 3107 3316 3146 csse
3347 3090 3528 3144 futuri
3559 3107 3660 3143 sa}-

2018 3179 2157 3248 culi,
2182 3179 2339 3249 quod
2372 3179 2452 3232 ibi
2503 3196 2624 3234 non
2655 3179 2960 3251 contingat
3008 3179 3183 3234 edere
3214 3184 3316 3234 aut
3345 3178 3564 3232 bibere.
3601 3178 3659 3233 Si

247 3264 336 3318 καὶ
362 3263 594 3334 ταύτην,
646 3264 820 3338 ⁴ἤγουν
872 3265 971 3332 τὴν
1012 3263 1296 3340 ἀμετρίαν,
1348 3262 1436 3316 καὶ
1484 3267 1672 3333 ταῦτα,
1728 3261 1898 3339 ἤγουν

2024 3238 2218 3322 autem
2247 3267 2304 3322 id
2337 3268 2494 3338 quod
2526 3267 2768 3322 modum
2801 3238 2993 3323 servat
3023 3269 3203 3324 finem
3246 3268 3442 3333 habet,
3475 3267 3662 3322 multo

247 3355 347 3422 τὴν
376 3355 590 3426 τρυφὴν
621 3353 650 3407 ὁ
683 3353 812 3414 Θεὸς
845 3355 1191 3429 καταργήσει.
1233 3378 1251 3403 ι
1288 3353 1360 3409 Τὸ
1409 3349 1465 3406 δὲ
1512 3356 1670 3424 σῶμα
1722 3351 1782 3405 οὐ
1835 3354 1904 3424 τῇ

246 3443 497 3516 πορνείᾳ.
537 3468 557 3492 ι
604 3445 714 3497 Ἵνα
765 3443 839 3515 μή
901 3444 1134 3516 νομίσῃς
1191 3441 1274 3497 ὅτι
1313 3442 1374 3496 τὸ
1433 3445 1591 3512 σῶμα
1648 3439 1906 3514 ᾐτιάσατο

249 3533 473 3587 κοιλίαν
540 3531 731 3601 εἰπὼν,
791 3529 1055 3588 δείκνυσιν
1095 3535 1177 3587 ὅτι
1232 3533 1293 3587 οὒ
1339 3531 1401 3587 τὸ
1462 3537 1619 3604 σῶμα
1651 3528 1701 3584 ἐν
1736 3530 1912 3585 αἰτία-

254 3645 358 3693 σει,
392 3620 523 3677 ἀλλ’
554 3624 590 3692 ἡ
622 3623 1042 3696 γαστριμαργία.
1099 3624 1176 3679 Τὸ
1214 3622 1317 3696 γὰρ
1371 3626 1551 3694 σῶμα,
1611 3625 1798 3694 φησὶν,
1848 3617 1908 3673 οὐ

256 3709 349 3766 διὰ
377 3716 544 3766 τοῦτο
576 3711 904 3780 πέπλασται,
943 3710 1035 3766 ’ίνα
1094 3717 1266 3788 τρυφᾷ
1328 3709 1414 3765 καὶ
1474 3708 1533 3764 ἐκ
1584 3708 1780 3763 τούτου
1836 3709 1912 3772 εἰς

255 3801 515 3876 πορνείαν
550 3799 809 3874 ἐκπίπτῃ,
863 3799 989 3856 ἀλλ’
1044 3799 1129 3854 ’ἱνα
1181 3805 1260 3870 τῷ
1317 3801 1533 3873 Χριστῷ
1579 3795 1776 3867 ἕπηται
1836 3796 1912 3859 ὡς

258 3887 372 3944 ὄντι
405 3890 574 3945 αὐτοῦ
631 3889 866 3965 κεφαλῇ,
919 3890 1007 3944 καὶ
1053 3891 1146 3944 ἳνα
1176 3891 1203 3943 6
1236 3889 1470 3955 Χριστὸς
1521 3887 1666 3960 αὐτῷ
1715 3887 1913 3942 ἐπίκει-

251 4000 365 4034 ται.
430 3976 763 4034 Ἀκόλουοον
815 3974 874 4032 δὲ
904 3978 970 4047 ἦν
1019 3977 1210 4048 εἰπεῖν,
1252 3977 1329 4034 Τὸ
1389 3973 1446 4030 δὲ
1505 3980 1662 4048 σῶμα
1722 3977 1785 4030 οὐ
1841 3978 1912 4048 τῇ

254 4069 442 4145 τρυφῇ
494 4067 586 4120 καὶ
645 4069 714 4140 τῇ
771 4067 1178 4142 γαστριμαργίᾳ
1231 4063 1706 4140 ἀποκεκλήρωται,
1768 4061 1913 4118 ἀλλὰ

253 4161 426 4212 τοῦτο
459 4157 762 4227 σιωπήσας,
803 4157 904 4225 τήν
962 4154 1283 4228 τικτομένην
1317 4153 1376 4208 ἐκ
1410 4152 1616 4210 τούτων
1666 4153 1916 4228 πορνείαν

261 4247 440 4313 εἶπεν,
499 4241 707 4304 δεικνὺς
765 4245 826 4300 τὸ
905 4241 1253 4317 ἀποτέλεσμα
1303 4245 1400 4312 τῆς
1461 4240 1914 4320 γαστριμαργίας,

258 4337 369 4406 δτι,
411 4334 568 4413 φησί,
600 4333 819 4409 πορνεία
850 4333 1014 4390 ἐστίν.
1051 4357 1078 4384 ››
1137 4332 1198 4390 Ὁ
1247 4329 1305 4387 δὲ
1361 4333 1489 4394 Θεὸς
1539 4331 1627 4386 καὶ
1670 4332 1761 4386 τὸν
1813 4330 1919 4384 Κό-

261 4447 380 4500 ριον
434 4424 676 4501 ἤγειρεν.
716 4449 744 4476 ››
807 4425 926 4480 Ἔτι
985 4420 1204 4492 νηπίοις
1264 4421 1432 4491 οὖσιν,
1491 4416 1596 4477 ἔδει
1653 4441 1920 4496 συγκατα-

261 4511 498 4584 Βαίνειν,
528 4513 617 4568 καὶ
651 4514 784 4588 πρὸς
811 4515 912 4584 τήν
957 4513 1264 4583 νηπιότητα
1321 4511 1498 4566 αὐτῶν
1552 4505 1766 4566 λαλεῖν.
1823 4509 1918 4577 Μὴ

2018 3358 2206 3429 magis
2224 3357 2382 3428 quod
2405 3357 2577 3411 modo
2597 3363 2776 3412 caret.
2797 3359 3046 3423 Quidam
3070 3364 3269 3414 autem
3287 3357 3486 3412 dicunt
3509 3356 3667 3427 quod

2021 3446 2488 3502 admonitionem
2509 3447 2852 3517 precatione
2875 3448 3192 3503 concludat
3212 3465 3226 3502 :
3245 3464 3312 3503 ac
3336 3448 3382 3502 si
3410 3447 3664 3502 diceret:

2023 3537 2256 3590 Utinam
2283 3541 2340 3589 et
2361 3537 2535 3602 hanc,
2559 3536 2832 3592 videlicet
2857 3536 3436 3605 immediocritatem,
3459 3543 3517 3590 et
3535 3536 3662 3602 has,

2021 3641 2236 3696 nempe
2269 3625 2534 3692 delicias,
2567 3626 2720 3679 Deus
2751 3626 2989 3681 aboleat
3019 3626 3030 3680 ἔ
3066 3649 3092 3676 ‹‹
3125 3627 3350 3697 Corpus
3379 3643 3512 3680 vero
3545 3641 3664 3679 non

2021 3720 2245 3785 stupro.
2274 3733 2298 3763 ι)
2319 3715 2398 3768 Ne
2421 3713 2792 3768 existimares
2815 3715 2973 3783 quod
2995 3731 3208 3784 corpus
3225 3719 3529 3769 accusaret
3549 3732 3664 3783 quo

2021 3803 2216 3857 alvum
2246 3801 2761 3868 diceret,ostendit
2781 3801 2936 3872 quod
2969 3819 3181 3872 corpus
3209 3803 3270 3856 in
3291 3802 3666 3856 accusatione

2023 3905 2142 3944 non
2176 3887 2374 3949 fuerit,
2410 3886 2512 3942 sed
2543 3887 2971 3958 gastrimargia.
3005 3889 3147 3942 Nam
3185 3904 3418 3958 corpus,
3451 3887 3667 3958 inquit,

2023 3995 2142 4032 non
2166 3977 2238 4032 ob
2263 3976 2320 4030 id
2343 3978 2663 4030 formatum
2688 3982 2776 4030 est
2795 3983 2860 4031 ut
2881 3978 3114 4032 deliciis
3141 3979 3438 4043 serviat,et
3461 3994 3528 4031 ex
3559 3978 3671 4032 hoc

2024 4065 2083 4118 in
2101 4069 2394 4134 stuprum,
2411 4061 2769 4130 excidat,sed
2784 4064 3156 4119 utChristum
3171 4071 3452 4136 tanquam
3468 4081 3669 4121 verum

2025 4159 2200 4224 caput
2215 4168 2387 4206 suum
2408 4157 2691 4221 sequatur
2708 4169 2719 4208 :
2738 4158 2920 4223 utque
2934 4153 3324 4225 Christusipsi
3341 4154 3671 4222 immineat,

2028 4257 2379 4313 semperque
2402 4240 2557 4296 adsit
2575 4242 2956 4312 Consequens
2974 4248 3171 4296 autem
3191 4247 3394 4297 eratut
3410 4243 3634 4299 diceret
3659 4262 3670 4298 :

2027 4332 2251 4403 Corpus
2281 4348 2418 4385 vero
2451 4347 2572 4385 non
2619 4332 3042 4404 gastrimargiaa
3085 4338 3185 4388 aut
3233 4332 3463 4388 deliciis
3494 4333 3677 4388 desti-

2029 4427 2236 4476 natum
2260 4420 2530 4485 est,469
2555 4419 2659 4475 sed
2682 4421 2791 4477 hoc
2814 4421 3318 4492 relicto,stuprum
3344 4421 3491 4476 dixit
3520 4423 3678 4492 quod

2032 4527 2100 4565 ex
2130 4509 2223 4564 his
2245 4510 2872 4582 generatur,eli'ectum
2904 4509 3223 4565 ostendens
3253 4511 3680 4583 gastrimargiaa

262 4583 582 4674 θυροϐηθῇς
613 4583 964 4662 ἀκούσαςῗὸτι
995 4601 1023 4654 6
1078 4600 1207 4662 Θεὸς
1255 4599 1346 4654 τὸν
1395 4597 1627 4671 Χριστὸν
1681 4598 1913 4674 ἤγειρεν.

2034 4602 2134 4673 qui
2158 4607 2246 4656 est
2268 4607 2559 4672 stuprum.
2589 4623 2615 4650 «
2639 4602 2790 4656 Deus
2822 4606 3020 4657 autem
3056 4607 3114 4656 et
3143 4603 3460 4658 Dominum
3492 4605 3681 4659 susci-

266 4689 348 4747 Οὖ
397 4691 499 4764 γαρ
559 4685 748 4758 ἐπειδή
801 4688 901 4743 οὐκ
949 4688 1178 4766 ’ἰσχυσεν
1237 4687 1424 4742 ἑαυτὸν
1484 4686 1704 4764 ἐγεῖραι,
1763 4684 1924 4740 τοῦτό

266 4779 655 4858 φησιν.Αὐτὸς
684 4778 788 4854 γὰρ
846 4779 914 4849 ἦν
975 4781 1003 4833 6
1067 4777 1272 4854 λέγων,
1337 4803 1356 4827 ι
1395 4775 1601 4831 Λόσατε
1659 4777 1750 4830 τὸν
1800 4775 1926 4828 ναὸν

263 4873 460 4924 τοῦτον
488 4868 578 4922 καὶ
609 4866 662 4922 ἐν
697 4867 874 4942 τρισὶν
902 4866 1138 4942 ἡμέραις
1193 4866 1364 4942 ἐγερῶ
1417 4865 1594 4920 αὐτόν·
1629 4890 1657 4917 ››
1705 4864 1793 4918 καὶ
1843 4865 1924 4933 τὸ,

269 4983 296 5009 ιι
329 4956 608 5027 Ἐξουσίαν
642 4951 760 5035 ἔχω
792 4962 961 5020 θεῖναι
1019 4958 1117 5024 τὴν
1178 4958 1362 5031 ψυχήν
1429 4975 1533 5027 μου
1592 4953 1681 5008 καὶ
1739 4947 1927 5008 λαϐεῖν

271 5045 444 5114 αὐτην
505 5069 534 5096 ››
561 5045 666 5101 Καὶ
701 5044 778 5107 εἷς
812 5045 908 5107 τὰς
938 5043 1165 5119 Πράξεις
1212 5042 1410 5122 λέγειν,
1454 5070 1480 5097 ‹‹
1507 5044 1609 5106 Οἷς
1656 5043 1745 5099 καὶ
1794 5063 1929 5117 παρ-

277 5135 500 5206 έστησεν
535 5133 723 5190 ἑαυτὸν
761 5137 947 5204 ζῶντα.
986 5158 1013 5185 υ
1073 5130 1236 5190 Ἀλλ’
1286 5135 1313 5186 6
1345 5131 1691 5194 Ἀπόστολος
1729 5131 1818 5186 καὶ
1866 5132 1932 5186 τὰ

275 5228 372 5279 τοῦ
404 5224 536 5280 Υῖοῦ
584 5227 662 5296 τῷ
721 5223 888 5298 Πατρῖ
955 5222 1260 5296 λογίζεται,
1314 5222 1402 5277 καὶ
1451 5221 1516 5276 τὰ
1569 5219 1666 5275 τοῧ
1727 5222 1932 5296 Πατρὸς

276 5317 360 5386 τῷ
387 5313 522 5386 Υἳῷ.
569 5313 639 5368 ’Λ
698 5311 798 5387 γὰρ
833 5313 861 5366 6
894 5313 1080 5386 Πατὴρ
1137 5317 1306 5380 ποιεῖ,
1362 5314 1531 5365 ταῦτα
1586 5311 1675 5364 καὶ
1735 5312 1762 5364 6
1815 5311 1933 5372 Υἱὸς

278 5408 450 5460 ποιεῖ.
519 5401 624 5459 Καὶ
687 5403 834 5474 ἡμᾶς
890 5401 1138 5477 ἐξεγερεῖ.
1197 5400 1266 5457 Ei
1339 5400 1429 5455 οὗν
1486 5397 1642 5472 ἐσμεν
1703 5402 1937 5474 Χριστοῦ

280 5491 450 5569 μέλῃ,
547 5491 730 5565 ὥσπερ
789 5489 879 5545 καὶ
935 5489 1122 5563 ἐσμὲν,
1182 5495 1280 5560 τῆς
1335 5487 1578 5565 κεφαλῆς
1635 5489 1938 5564 ἐγερΟείο-ης

345 5673 391 5710 ⁸⁵
424 5675 600 5731 Joan.
635 5689 692 5740 ιι,
727 5672 810 5727 19,
889 5669 941 5707 ⁸⁸
973 5673 1138 5728 Joan.
1173 5688 1226 5740 Χ,
1263 5674 1348 5726 18.
1425 5669 1473 5704 ⁸⁷
1502 5673 1626 5727 Act.
1663 5689 1700 5742 ι,
1733 5674 1786 5727 3.

526 5785 788 5842 ΡΑτειοι..
838 5783 949 5843 Gn.
997 5779 1269 5850 CXVIII.

2036 4691 2197 4746 tavit.
2225 4712 2251 4739 ››
2275 4691 2418 4744 Cum
2451 4689 2643 4744 adhuc
2680 4689 3034 4762 insipientes
3063 4695 3282 4758 essent,
3315 4692 3679 4748 condescen-

2037 4779 2298 4835 dendum
2323 4777 2433 4833 fuit
2455 4784 2514 4833 et
2533 4777 2603 4833 ad
2624 4795 2829 4833 eorum
2853 4779 3258 4850 insipientiam
3283 4797 3350 4835 ac
3371 4780 3683 4838 infantiam

2038 4866 2513 4938 loquendum.Ne
2528 4865 2783 4921 turberis
2797 4867 3045 4922 audiens
3061 4869 3219 4942 quod
3233 4870 3686 4928 DeusChristum

2042 4959 2399 5014 excitaverit.
2435 4959 2632 5027 Neque
2677 4957 2837 5012 enim
2887 4958 2998 5014 hoc
3043 4959 3186 5016 dicit
3237 4961 3394 5032 quod
3428 4963 3688 5033 seipsum

2043 5048 2296 5103 excitare
2351 5063 2471 5101 non
2531 5046 2811 5116 potuerit.
2855 5047 3160 5117 Siquidem
3218 5048 3343 5120 ipse
3405 5057 3532 5105 erat
3589 5051 3690 5120 qui

2043 5136 2314 5191 dicebat:
2342 5156 2369 5183 «
2403 5134 2618 5190 Solvite
2643 5135 2932 5206 templum
2963 5136 3076 5191 hoc
3109 5142 3168 5190 et
3197 5137 3256 5190 in
3279 5137 3465 5192 tribus
3483 5138 3692 5193 diebus

2045 5225 2268 5296 erigam
2289 5224 2484 5295 ipsum
2500 5221 2671 5292 ὤνιοι
2686 5239 2922 5279 rursum
2941 5241 2954 5278 :
2971 5247 2998 5274 «
3015 5226 3372 5280 Potestatem
3391 5225 3578 5280 habeo
3597 5244 3695 5298 po-

2047 5313 2227 5369 nendi
2243 5312 2503 5367 animam
2517 5328 2709 5368 meam
2727 5313 3141 5368 etresumendi
3161 5313 3700 5384 ipsam“,»etinAc—
3750 5299 3756 5303 l

2049 5401 2124 5455 tis
2137 5399 2306 5454 dicit:
2327 5422 2353 5448 «
2377 5398 2598 5463 Quibus
2615 5399 2884 5454 exhibuit
2899 5399 3161 5470 seipsum
3174 5399 3464 5456 viventem
3478 5386 3702 5459 87.nSed

2052 5479 2371 5561 Apostolus
2418 5505 2549 5558 quae
2581 5487 2714 5542 Filii
2764 5494 2904 5544 sunt
2950 5489 3107 5544 Patri
3157 5488 3454 5560 attribuit,
3482 5497 3541 5548 et
3569 5511 3704 5566 quin

3409 5785 3486 5843 23
