4106 6252
465 391 582 450 715

1593 385 2016 450 CECUMENII
2059 385 2368 449 TlllCCuE
2416 386 2788 449 EPISCOPI.

3748 388 3854 445 716

468 522 667 578 Patris
688 526 828 576 sunt
846 521 1014 575 Filio.
1035 521 1180 575 Nam
1199 536 1329 592 quae
1356 522 1528 576 Pater
1547 521 1842 590 facit,haac
1859 526 1918 577 et
1932 520 2111 575 Filius

2232 515 2402 588 δῆλον
2433 518 2507 581 ὡς
2548 518 2998 589 συναναστήσεται
3028 517 3089 573 τὸ
3129 516 3326 573 λοιπὸν
3362 520 3542 591 σῶμα.
3577 541 3607 568 ‹‹
3639 518 3741 572 Ani:
3765 526 3857 588 τῆς

466 610 694 678 facit,et
714 626 821 665 nos
846 608 1305 665 resuscitabit.Si
1322 626 1457 682 ergo
1477 627 1682 666 sumus
1699 609 1913 664 Christi
1936 625 2119 664 mem-

466 700 771 771 bra,sicuti
787 707 945 757 certe
960 702 1579 771 sumus,manifestum
1592 707 1682 757 est
1694 701 1851 772 quod
1866 701 2117 756 excitato

468 790 683 862 capite,
734 789 1033 861 reliquum
1082 806 1200 844 una
1250 807 1463 862 corpus
1517 789 1888 845 excitabitur.
1925 810 1953 838 «
2006 790 2120 844 Per

466 878 800 950 potentiam
833 895 1022 933 suam.
1054 900 1082 928 »
1116 879 1255 951 Ejus
1301 878 1458 950 quod
1489 879 1550 934 in
1582 895 1858 934 sermone
1889 877 2120 933 creditu

470 966 713 1022 difficile
745 973 891 1033 erat,
924 984 1031 1039 per
1060 968 1159 1022 Dei
1196 969 1523 1039 potentiam
1556 968 1736 1023 fidem
1765 967 1926 1035 facit,
1960 965 2120 1036 quod

2226 604 2508 681 δυνάμεως
2539 606 2727 663 αὐτοῦ.
2759 630 2788 661 ιι
2821 608 2900 664 Τὸ
2928 611 3025 662 τοῦ
3073 605 3242 680 λόγου
3300 607 3586 675 ἀπίθανον,
3640 604 3728 660 διὰ
3770 615 3861 677 τῆς

2227 693 2507 771 δυνάμεως
2528 701 2627 752 τοῦ
2675 701 2808 752 Θεοῦ
2852 701 3273 765 πιστοποιεῖται,
3317 696 3445 769 ὅπερ
3500 695 3583 757 εἷς
3630 697 3730 764 τήν
3773 703 3861 751 τοῦ

2226 787 2463 859 Χριστοῦ
2537 786 2817 841 ἀνάστασιν
2892 784 2953 840 οὗ
3025 784 3256 840 τέθεικεν
3354 783 3619 861 (ἐγεγόνει
3718 787 3858 861 γὰρ),

2227 872 2355 929 ἀλλ’
2386 874 2473 929 ἐπὶ
2502 881 2604 944 τῆς
2635 877 2797 948 ἡμῶν
2857 873 3218 943 ἀναστάσεως,
3259 870 3349 926 *ἶνα
3396 873 3470 946 μή
3531 872 3861 946 άπιστῶμεν,

2228 963 2319 1018 καὶ
2347 962 2442 1017 ’ἱνα
2478 962 2606 1026 τοὺς
2637 964 3020 1041 ἀντιλέγοντας
3053 961 3406 1036 ἐπιστομίσῃ.

469 1055 543 1111 ad
571 1055 786 1111 Christi
834 1056 1331 1111 resurrectionem
1383 1073 1504 1111 non
1536 1056 1752 1127 posuit,
1779 1056 1906 1126 jam
1946 1055 2106 1109 enim
2164 1052 2320 1109 facta
2377 1059 2520 1122 erat,
2581 1055 2684 1109 sed
2738 1059 2981 1126 prapter
3036 1057 3302 1108 nostram
3335 1053 3863 1109 resurrectionem:

469 1162 544 1200 ne
567 1145 858 1201 increduli
881 1145 1088 1211 simus,
1115 1151 1174 1200 et
1194 1153 1257 1200 ut
1278 1146 1824 1201 contradicentibus
1846 1144 2115 1199 obstruat
2142 1159 2267 1198 ora.

540 1245 633 1312 VI,
669 1245 855 1298 16-18.
883 1247 973 1300 Αη
1003 1242 1226 1298 nescitis
1270 1243 1418 1314 quod
1447 1260 1678 1314 corpora
1723 1249 1902 1298 vestra
1940 1258 2113 1297 mem-

473 1334 573 1388 bra
597 1332 711 1388 sint
737 1332 987 1387 Christi?
1018 1335 1159 1389 Num
1196 1333 1375 1402 igitur
1405 1334 1599 1389 tollens
1645 1332 1887 1388 membra
1912 1330 2118 1387 Christi

472 1424 678 1492 faciam
706 1424 873 1477 scorti
910 1423 1149 1477 membra
1178 1424 1206 1476 ?
1230 1423 1406 1478 Absit.
1441 1424 1531 1478 An
1578 1423 1800 1479 nescitis
1844 1423 1992 1496 quod
2022 1424 2121 1494 qui

475 1511 862 1581 agglutinatur
905 1518 1083 1565 scorto
1135 1528 1306 1566 unum
1354 1527 1548 1582 corpus
1596 1516 1720 1567 est?
1749 1516 1929 1569 Erunt
1974 1514 2121 1567 enim

469 1602 597 1667 duo,
625 1600 895 1671 inquit,in
921 1615 1138 1655 carnem
1160 1617 1349 1655 unam.
1376 1602 1451 1655 At
1472 1604 1570 1672 qui
1590 1603 1980 1671 agglutinatur
2008 1604 2121 1657 Do-

466 1691 614 1744 mino
644 1705 786 1744 unus
831 1688 1063 1759 spiritus
1111 1696 1205 1745 est.
1248 1692 1444 1759 Fugite
1488 1694 1898 1746 scortationem.
1954 1692 2122 1746 Omne

460 1785 753 1849 peccatum
782 1777 1144 1849 quodcunque
1163 1780 1359 1847 fecerit
1388 1779 1571 1846 homo,
1598 1785 1760 1833 extra
1789 1796 1987 1850 corpus
2008 1784 2126 1834 est:

472 1866 568 1921 sed
594 1868 693 1936 qui
721 1872 1021 1931 scortntur,
1056 1864 1117 1920 in
1140 1868 1435 1936 proprium
1465 1883 1659 1937 corpus
1682 1872 1897 1938 peccat.

546 2043 633 2099 Ad
646 2043 1017 2114 praemissam
1031 2042 1676 2100 reditadhortationem
1695 2062 1825 2116 quin
1845 2045 2125 2101 adversus

474 2132 900 2189 scortationem
933 2136 1076 2189 erat.
1112 2131 1254 2188 Vide
1287 2137 1487 2187 autem
1528 2134 1685 2203 quod
1718 2150 1837 2189 non
1869 2133 2122 2190 dixerit:

472 2221 732 2276 Membra
760 2218 976 2274 Christi
990 2219 1240 2292 jungam
1274 2220 1594 2289 meretrici,
1622 2222 1724 2276 sed
1747 2222 1907 2292 quod
1938 2221 2126 2278 horri-

472 2309 655 2364 bilius
686 2312 832 2377 erat,
865 2324 1081 2380 nempe
1112 2308 1323 2364 tollere
1356 2325 1390 2365 a
1426 2309 1657 2365 Christo
1700 2309 1909 2365 eadem
1937 2310 2124 2381 ipsius

473 2397 764 2465 membra,
800 2401 858 2452 et
905 2397 1143 2453 efficere
1171 2404 1237 2453 ut
1280 2397 1401 2453 sint
1428 2399 1645 2454 scorti:
1682 2419 1707 2450 α
1740 2399 1928 2453 Erunt
1965 2398 2123 2453 enim

475 2487 614 2556 duo,
649 2487 864 2558 inquit,
897 2486 960 2541 in
1004 2503 1245 2542 carnem
1286 2504 1488 2543 unam.
1524 2510 1552 2538 »
1595 2487 1682 2542 Ad
1714 2487 2123 2542 testimonium

473 2575 898 2632 adducitvetus
919 2578 1386 2631 Testamentum.
1408 2577 1713 2642 Quomodo
1732 2581 1929 2631 autem
1953 2580 2129 2631 erunt

475 2666 594 2722 sive
624 2666 969 2735 redigentur
994 2666 1060 2720 in
1092 2682 1336 2720 carnem
1380 2681 1565 2721 unam
1587 2665 1615 2719 ‘I
1642 2665 1934 2729 Quoniam
1963 2681 2124 2720 com-

474 2755 673 2811 mistio
702 2771 824 2810 non
872 2755 1164 2827 permittit
1202 2754 1350 2809 duos
1400 2770 1532 2809 esse
1580 2755 1749 2822 duos,
1784 2754 1887 2810 sed
1936 2770 2123 2808 unum

475 2843 694 2910 efficit;
728 2849 787 2898 et
812 2843 1097 2913 quoniam
1118 2842 1389 2897 membra
1408 2843 1625 2897 Christi
1654 2848 1792 2897 sunt
1820 2842 1996 2898 homo
2020 2842 2122 2913 qui

474 2937 668 2988 scorto
697 2932 920 3000 unitur,
955 2932 1043 2986 illi
1088 2931 1351 3004 seipsum
1382 2932 1535 3000 unit,
1567 2931 1904 3003 Christique
1930 2948 2122 2986 mem-

475 3023 581 3077 bra
609 3027 983 3093 conspurcat.
1003 3021 1073 3075 Et
1100 3037 1442 3093 quanquam
1466 3022 1527 3075 in
1556 3036 1691 3075 vero
1724 3037 1959 3092 quoque
1982 3037 2117 3076 con-

467 3110 633 3184 jugio
662 3092 949 3166 uniantur
991 3111 1144 3165 410
1197 3092 1313 3165 duo
1362 3109 1424 3164 in
1464 3124 1704 3165 carnem
1753 3126 1956 3177 unam,
1986 3111 2114 3182 pari
2145 3092 2189 3160 C

476 3206 675 3255 tamen
708 3199 883 3254 modo
915 3199 1093 3253 etiam
1138 3199 1353 3253 accidit
1384 3198 1442 3252 in
1483 3198 1691 3254 infami
1725 3200 2111 3258 scortatione.

477 3310 505 3337 α
540 3290 613 3340 At
645 3288 745 3357 qui
793 3286 1194 3358 agglutinetur
1235 3287 1505 3341 Domino.
1562 3312 1583 3336 -
1636 3287 1777 3341 Vide
1823 3289 2119 3358 quomodo

479 3375 700 3446 apertis
726 3374 1071 3428 nominibus
1097 3375 1273 3428 scorti
1297 3381 1354 3429 et
1374 3374 1610 3439 Christi,
1634 3376 1920 3446 producat
1947 3394 2120 3433 accu-

481 3460 1054 3525 sationem,reddens
1075 3462 1266 3531 ipsam
1287 3462 1634 3533 graviorem.
1654 3466 1856 3518 «Unus
1879 3465 2120 3536 spiritus

483 3556 625 3605 est.»
644 3549 819 3618 Talis,
839 3549 1170 3620 inquit,etsi
1188 3566 1431 3621 corpore
1449 3551 2120 3624 circumdetur,spiritus

482 3645 682 3695 tamen
713 3638 987 3706 efficitur,
1019 3656 1091 3694 ex
1120 3638 1232 3693 hoc
1281 3639 1469 3694 solum
1505 3639 1661 3711 quod
1700 3639 1849 3695 nihil
1883 3643 2120 3699 carnale

481 3732 779 3800 Operatur.
810 3759 880 3767 -—
910 3728 1029 3782 Alio
1056 3727 1233 3782 modo.
1267 3730 1386 3783 Aut
1415 3728 1553 3798 quia
1582 3746 1689 3800 per
1708 3730 1971 3786 medium
1993 3731 2120 3804 Spi-

463 3817 644 3872 ritum
678 3820 948 3871 sanctum
973 3817 1089 3871 Deo
1120 3815 1628 3890 conjungitur,qui
1652 3835 1758 3889 per
1778 3819 2115 3890 spiritualia

461 3922 643 3978 opera
690 3905 801 3977 ipsi
852 3904 1271 3977 agglutinetur.
1307 3937 1374 3948 —-
1404 3906 1533 3962 Alio
1583 3909 1759 3963 modo.
1808 3909 1991 3964 Unius
2023 3915 2112 3965 est

455 3996 697 4066 speciei,
729 3994 975 4050 omnino
1007 3995 1334 4067 spiritualis
1366 3995 1625 4052 efficitur
1653 4000 1875 4055 unione
1906 4000 1979 4055 ad
2004 4001 2111 4055 Do-

454 4084 711 4150 minum,
735 4100 857 4139 non
878 4085 1198 4140 attrahitur
1217 4085 1556 4141 carnalibus
1575 4087 2107 4160 aﬂ'ectibus,neque

445 4172 744 4228 scinditur
766 4173 827 4228 in
845 4172 1093 4244 duplum
1113 4174 1546 4244 quiddam,Deo
1570 4177 1830 4232 serviens
1849 4183 1907 4232 et
1925 4195 2107 4233 mam-

450 4261 780 4325 monaa,sed
798 4262 1003 4316 unitus
1016 4262 1261 4316 omnino
1277 4266 1670 4335 est,totusque
1685 4265 2032 4336 spiritualis,
2046 4267 2107 4321 in

442 4349 687 4420 spiritus
703 4350 991 4406 unitatem
1012 4350 1319 4406 adductus.
1342 4374 1369 4401 ‹‹
1391 4352 1576 4407 Omne
1595 4359 1903 4424 peccatum
1919 4356 2103 4428 quod-

2155 1741 2201 1806 B

2301 1238 2416 1297 Οὖκ
2445 1237 2632 1295 οἶδατε
2661 1240 2747 1295 ’ὀτι
2797 1237 2864 1294 τά
2921 1239 3148 1310 σώματα
3208 1237 3362 1311 ὑμῶν
3424 1236 3570 1312 μέλη
3648 1242 3866 1313 Χριστοῦ

2227 1326 2416 1399 ἔστιν,
2476 1326 2606 1404 ἃρας
2666 1329 2758 1383 οὗν
2821 1329 2889 1383 τά
2957 1326 3099 1400 μέλη
3166 1331 3270 1382 τοῦ
3340 1330 3586 1401 Χριστοῦ
3661 1329 3866 1396 ποιήσω

2227 1416 2434 1492 πόρνης
2481 1416 2669 1490 μέλη;
2713 1417 2807 1486 Μὴ
2871 1417 3102 1491 γένοιτο.
3168 1417 3233 1471 Ἦ
3302 1416 3403 1470 οὐκ
3470 1413 3665 1470 οἴδατε
3730 1414 3865 1471 ὅτιό

2228 1486 2619 1580 κολλώμενος.
2666 1509 2736 1580 τῇ
2813 1486 2990 1582 πόρνῃ
3049 1503 3101 1561 ἕν
3158 1507 3319 1578 σῶμά
3376 1503 3563 1573 ἐστιν;
3627 1511 3867 1561 ’Ἔσονται

2228 1598 2354 1671 γὰρ,
2387 1595 2571 1674 φησὶν,
2606 1596 2658 1650 οἱ
2702 1594 2797 1650 δύο
2855 1594 2931 1657 εἰς
2984 1595 3152 1669 σάρκα
3214 1594 3361 1668 μίαν.
3418 1594 3481 1651 Ὁ
3542 1591 3605 1648 ὃὶ
3662 1591 3866 1649 κολλώ-

2235 1707 2393 1760 μενος
2460 1690 2539 1757 τῷ
2605 1686 2791 1760 Κυρίῳ
2883 1683 2936 1740 ἔν
3005 1685 3217 1758 πνεῦμά
3271 1683 3405 1742 ἐστι.
3477 1682 3722 1759 Φεῦγετε
3781 1684 3866 1751 τήν

2229 1773 2499 1850 πορνείαν.
2571 1778 2677 1828 Πᾶν
2734 1774 3035 1849 ἁμάρτημα
3100 1772 3130 1828 ὅ
3207 1772 3293 1828 ἐὰν
3358 1774 3576 1847 ποιήσῃ
3675 1772 3866 1847 άνθρω·

2226 1884 2353 1932 πος,
2392 1861 2546 1925 ἐκτὸς
2602 1866 2701 1918 τοῦ
2757 1862 3014 1935 σώματός
3073 1860 3240 1932 ἔστιν,
3276 1861 3304 1916 ὁ
3345 1858 3402 1916 δὲ
3457 1862 3744 1936 πορνεύων
3801 1860 3866 1922 εἰς

2226 1951 2289 2006 τὸ
2320 1949 2461 2006 ἴδιον
2496 1956 2655 2025 σῶμα
2684 1950 3000 2027 ἁμαρτάνει.

2299 2039 2473 2098 Πάλιν
2505 2040 2594 2095 ἐπὶ
2623 2042 2724 2110 τήν
2772 2039 3137 2114 προκειμένην
3192 2038 3329 2109 ἦλθε
3385 2039 3725 2115 παραίνεσιν,
3775 2040 3860 2107 τὴν

2226 2130 2361 2185 κατὰ
2392 2129 2661 2204 πορνείας.
2691 2132 2829 2205 Ὅρα
2859 2127 2937 2198 δὲ,
2970 2129 3072 2184 οὐκ
3094 2130 3214 2184 εἶπε
3242 2129 3322 2186 Τὰ
3391 2127 3541 2202 μέλη
3591 2133 3690 2184 τοῦ
3738 2129 3860 2202 Χρι-

2226 2222 2356 2274 στοῦ
2387 2218 2555 2289 ζεύξω
2585 2218 2777 2293 πόρνῃ,
2808 2215 2937 2274 ἀλλ’
2994 2216 3125 2292 ὅπερ
3170 2218 3239 2286 ἦν
3280 2214 3582 2292 φρικῶδες,
3638 2218 3702 2273 τὸ
3753 2220 3860 2293 ἆραι

2224 2308 2293 2363 τὰ
2321 2309 2512 2362 ἑαυτοῦ
2541 2307 2685 2380 μέλη
2713 2312 2792 2380 τῷ
2851 2307 2989 2362 εἶναι
3045 2309 3283 2380 Χριστοῦ
3320 2306 3409 2361 καὶ
3468 2314 3702 2377 ποιῆσαι
3740 2309 3862 2360 εἶναι

2226 2396 2454 2469 πόρνηςο
2491 2418 2518 2446 ‹‹
2559 2396 2816 2451 Ἔσονται
2874 2395 3001 2469 γὰρ,
3059 2393 3244 2473 φησὶν,
3305 2394 3357 2449 οἱ
3419 2390 3515 2448 δύο
3583 2394 3658 2456 εἷς
3714 2395 3862 2470 σάρκα

2233 2483 2386 2557 μίαν.
2426 2505 2455 2537 n
2488 2483 2583 2547 Εἷς
2636 2485 2937 2559 μαρτυρίαν
2980 2483 3131 2563 φέρει
3183 2483 3282 2551 τήν
3323 2481 3602 2540 Παλαιάν.
3659 2488 3773 2544 Πῶς
3816 2479 3863 2536 δὲ

2227 2569 2440 2628 ἔσονται
2471 2572 2547 2633 εἷς
2601 2574 2771 2649 σάρκα
2820 2572 2992 2646 μίαν;
3041 2574 3227 2642 Ὀτιή
3262 2570 3487 2635 σύνοδος
3540 2572 3645 2628 οὐκ
3692 2572 3858 2646 ἀφίησι

2225 2663 2352 2725 τοὺς
2384 2660 2481 2717 δύο
2511 2662 2650 2717 εἶναι
2684 2659 2803 2735 δύο,
2835 2660 2964 2717 ἀλλ’
2989 2657 3085 2716 ἕνα
3111 2667 3281 2717 ποιεῖ.
3328 2659 3563 2730 Ἐπειδῆ
3600 2661 3731 2736 μέλη
3772 2665 3854 2715 τοῦ

2228 2753 2472 2823 Χριστοῦ
2517 2748 2659 2804 ἐστιν
2689 2751 2717 2804 ὁ
2746 2750 3031 2824 ἅνθρωπος
3080 2749 3365 2823 ἓνούμενος
3411 2753 3480 2823 τῇ
3528 2752 3717 2825 πόρνῃ,
3758 2750 3855 2804 ἑνοῖ

2226 2838 2415 2893 ἑαυτὸν
2447 2836 2584 2913 αὐτῇ
2611 2839 2703 2893 καὶ
2754 2839 2952 2912 μιαίνει
3001 2839 3067 2894 τὶ
3128 2838 3270 2912 μέλη
3336 2844 3604 2914 Χριστοῦ.
3654 2839 3713 2895 ΕΞ
3755 2838 3839 2911 γάρ

2224 2927 2316 2982 καὶ
2347 2927 2423 2990 εἷς
2452 2928 2544 2983 τὸν
2577 2926 2841 2999 ἀληθινὸν
2872 2928 3049 3002 γάμον
3083 2930 3325 2984 ὲνοῦνται
3359 2929 3413 2984 οἱ
3468 2927 3559 2984 δύο
3590 2929 3656 2989 εἷς
3681 2937 3829 3000 σάρκα

2229 3015 2378 3090 μίαν,
2410 3015 2532 3072 ἀλλ’
2567 3017 2776 3090 ὁμοίως
2807 3017 2898 3072 καὶ
2951 3016 3027 3079 εἷς
3073 3018 3172 3086 τήν
3233 3012 3658 3088 διαϐεϐλημένην
3704 3032 3825 3083 πορ-

2225 3104 2385 3162 νείαν.
2427 3129 2448 3157 ι
2481 3107 2543 3163 Ὀ
2575 3103 2632 3161 δὲ
2686 3104 3048 3179 κολλώμενος
3094 3111 3174 3177 τῷ
3233 3106 3436 3181 Κυρίῳ.
3475 3130 3502 3157 υ
3556 3109 3689 3182 Ὅρα
3733 3107 3835 3162 πῶς

2234 3193 2323 3251 διὰ
2352 3201 2573 3273 γυμνῶν
2602 3200 2711 3252 τῶν
2744 3196 3029 3269 ὀνομάτων
3065 3203 3167 3266 τῆς
3221 3196 3424 3271 πόρνης
3463 3196 3555 3251 καὶ
3610 3200 3697 3252 τοῖ’
3730 3195 3846 3259 X9"

2232 3289 2381 3356 στοῦ,
2435 3285 2660 3362 προάγει
2716 3285 2815 3353 τὴν
2870 3283 3228 3360 κατηγορίαν,
3302 3284 3634 3341 δεινοποιῖυν
3686 3282 3853 3354 αὐτήν.

2235 3398 2264 3426 α
2292 3378 2390 3429 Ἕν
2418 3373 2626 3446 πνεῦμά
2655 3373 2819 3429 ἐστιν.
2857 3397 2885 3426 ››
2915 3374 2977 3431 Ὁ
3022 3378 3293 3441 τοιοῦτος,
3353 3374 3513 3453 φησί,
3582 3375 3674 3430 κᾶν
3721 3379 3859 3446 σῶμα

2229 3464 2552 3536 περίκειται,
2580 3468 2793 3536 πνεῦμα
2839 3462 3067 3538 γίνεται,
3110 3463 3277 3535 μόνον
3328 3468 3408 3536 τῷ
3470 3462 3650 3537 μηδὲν
3708 3467 3861 3519 ποιεῖν

2231 3555 2505 3629 σαρκικὸν.
2540 3585 2604 3597 α·-
2634 3551 2880 3615 ἈΑλως
2933 3554 3269 3628 [ΟΙΚΟΥΜ.]
3315 3554 3383 3611 Ἥ
3437 3553 3521 3608 δτι
3580 3553 3671 3611 διὰ
3720 3554 3865 3627 μέσου

2228 3648 2326 3699 τοῦ
2356 3643 2510 3718 ἁγίου
2542 3643 2856 3715 Πνεύματος
2889 3643 3211 3698 συνάπτεται
3266 3643 3345 3715 τῷ
3401 3645 3653 3718 Χριστῷ,
3714 3663 3868 3716 προσ-

2213 3732 2587 3806 ,κολλώμενος
2635 3731 2783 3804 αὐτῷ
2840 3729 2929 3786 διὰ
2986 3735 3093 3786 τῶν
3147 3736 3524 3805 πνευματικῶν
3590 3733 3780 3809 ἔργων.
3811 3765 3869 3774 -

2227 3821 2476 3885 ’¹Αλλως.
2544 3822 2750 3897 [ΦΩΤ.]
2847 3820 3146 3891 Μονοειδής
3202 3821 3364 3892 ἐστιν,
3418 3816 3601 3885 ’ὅλως
3684 3823 3869 3899 γίνεται

2227 3913 2616 3985 πνευματικὸς,
2686 3913 2756 3984 τῇ
2823 3911 2960 3984 πρὸς
3034 3912 3127 3964 τὸν
3204 3910 3403 3986 Κύριον
3475 3910 3694 3968 ἒνώσει.
3767 3911 3868 3969 Οὐκ

2227 4000 2533 4076 ὲπισῦρεται
2565 4001 2632 4056 τὰ
2661 3999 2889 4076 σαρκικᾶ
2935 3996 3106 4070 πάθη,
3170 3997 3297 4055 οὐδὲ
3350 4000 3605 4076 σχίζεται
3662 4000 3736 4065 εἷς
3790 3997 3861 4054 δι-

2222 4092 2403 4164 πλόην
2429 4093 2568 4161 τινὰ,
2601 4095 2715 4162 Θεῷ
2754 4086 3027 4145 δουλεύων
3081 4089 3173 4144 καὶ
3235 4094 3490 4164 μαμωνᾷ,
3540 4089 3680 4147 ἀλλ’
3732 4091 3864 4149 ὅλως

2223 4183 2418 4243 ἒνιαῖός
2451 4181 2561 4236 ἐστι
2593 4180 2683 4235 καὶ
2714 4179 2844 4240 ὅλος
2897 4181 3285 4252 πνευματικὸς,
3338 4179 3415 4244 είς
3456 4180 3696 4252 ἑνότητα
3748 4202 3864 4235 συν-

2220 4270 2489 4347 αγόμενος
2526 4268 2855 4342 πνεύματος.
2906 4292 2935 4320 ‹‹
2970 4274 3078 4324 Πᾶν
3126 4268 3427 4343 ἁμάρτημα
3457 4269 3488 4324 ὅ
3517 4266 3615 4323 ἐὲν
3673 4270 3864 4341 ποιήσῃ

2220 4357 2523 4432 ἄνθρωπος,
2555 4357 2706 4420 ἐκτὸς
2725 4361 2822 4412 τοῦ
2856 4357 3111 4431 σώματός
3143 4355 3303 4413 ἐστιν.
3339 4381 3368 4409 ››
3410 4357 3535 4414 Ἐπὶ
3576 4366 3689 4429 τῆς
3736 4376 3862 4431 mp-

439 4454 673 4510 cunque
703 4438 915 4495 iecerit
935 4440 1134 4507 homo,
1161 4445 1324 4495 extra
1353 4457 1567 4512 corpus
1598 4449 1705 4497 est.
1736 4467 1756 4494 ι
1787 4445 1848 4497 In
1883 4452 2097 4501 scorta-

2222 4448 2381 4517 νείας,
2414 4446 2600 4525 φησὶν,
2633 4445 2761 4501 ὅλον
2791 4445 3083 4520 μολύνεται
3111 4445 3174 4501 τὸ
3205 4451 3384 4519 σῶμα.
3428 4448 3585 4511 Ὅθεν
3648 4448 3735 4503 καὶ
3784 4445 3861 4500 ἐπὶ

438 4526 622 4596 tione,
657 4528 875 4599 inquit,
904 4534 1094 4583 totum
1122 4545 1338 4601 corpus
1360 4538 1827 4602 conspurcatur:
1856 4538 2095 4605 prapter

437 4615 597 4685 quod
620 4616 801 4671 etiam
826 4616 1009 4672 moris
1032 4622 1124 4672 est
1146 4622 1214 4672 ut
1236 4617 1335 4687 qui
1358 4619 1596 4673 scortati
1620 4626 1760 4675 sunt
1779 4621 1853 4675 ad
1876 4621 2093 4679 balnea

437 4707 697 4755 currant.
735 4702 1042 4758 Homicida
1070 4720 1206 4759 vero
1239 4709 1297 4759 et
1325 4711 1525 4776 raptor
1555 4722 1766 4762 manus
1800 4708 2094 4767 duntaxat

437 4789 897 4844 commaculant.
931 4792 1097 4855 Quod
1128 4798 1328 4847 autem
1367 4792 1530 4862 dicit,
1564 4816 1592 4843 ‹‹
1627 4795 1827 4867 Fugite
1869 4805 2091 4854 scorta-

437 4875 683 4945 tionem,
718 4899 746 4927 ››
781 4878 1111 4935 studiosam
1142 4881 1415 4952 designat
1445 4882 1849 4939 evitationem.
1881 4917 1948 4927 —
1979 4889 2094 4944 Aut

433 4964 576 5036 quia
588 4970 804 5021 caetera
818 4967 956 5022 vitia
979 4984 1050 5021 ex
1071 4969 1257 5024 animi
1272 4970 1743 5044 uniuscujusque
1761 4976 2093 5045 procedunt

431 5053 768 5121 alfectibus,
790 5059 994 5126 utpote
1017 5055 1119 5110 ira:
1143 5056 1205 5110 in
1238 5057 1556 5129 homicida,
1584 5060 1779 5116 inanis
1800 5062 2003 5134 gloriae
2026 5066 2089 5122 in

430 5144 524 5199 his
555 5144 657 5215 qui
701 5143 992 5200 ditescere
1043 5144 1328 5216 cupiunt;
1362 5149 1640 5204 scortatio
1675 5166 1807 5205 vero
1855 5168 1927 5206 ex
1960 5153 2088 5225 ipso

426 5249 672 5304 corpore
695 5233 890 5289 fontes
913 5233 1004 5288 sui
1028 5232 1623 5292 habetardoris.Rem
1649 5245 1847 5294 autem
1874 5257 2088 5314 augere

423 5323 639 5393 noluit,
673 5324 960 5396 quoniam
1011 5322 1083 5378 de
1115 5322 1322 5380 eodem
1372 5326 1683 5397 praamissa
1715 5334 1803 5383 est
1851 5330 1923 5385 ab
1958 5333 2088 5406 ipso

431 5413 784 5470 exhortatio.
818 5414 1022 5485 Neque
1054 5414 1215 5468 enim
1247 5416 1448 5470 omnia
1480 5417 1727 5472 omnino
1761 5422 1995 5476 excedit
2025 5423 2087 5479 in

426 5500 711 5568 pravitate
747 5502 1051 5559 scortatio.
1085 5502 1293 5559 Plures
1319 5503 1429 5559 hac
1453 5504 1523 5559 de
1556 5522 1620 5560 re
1655 5506 1818 5562 dedit
1844 5509 2089 5583 iterpre-

430 5587 685 5643 tationes
701 5590 912 5646 beatus
935 5592 1289 5648 Severianus
1312 5593 1808 5666 quinquagesimo
1834 5600 2087 5671 septimo

429 5674 752 5747 volumine,
777 5695 1049 5734 sermone
1070 5681 1267 5747 tertio,
1294 5682 1486 5753 capite
1500 5681 1731 5738 decimo
1757 5703 1913 5743 nono
1936 5690 2087 5747 hanc

2205 4534 2471 4614 βαλανεῖα
2508 4536 2724 4612 τρέχειν
2757 4533 2874 4597 ἔθος
2913 4541 3030 4597 τοῖς
3058 4535 3436 4610 πορνεύσασιν.
3468 4541 3527 4593 Ὁ
3557 4533 3624 4591 δέ
3673 4559 3731 4611 γε
3775 4536 3857 4591 άν-

2201 4625 2467 4703 δροφόνος
2494 4625 2586 4679 καὶ
2617 4624 2812 4700 ἅρπαξ,
2851 4629 3014 4700 χεῖρα
3074 4622 3370 4698 μολύνουσι
3428 4625 3617 4699 μόνον.
3677 4626 3749 4683 Τὸ
3780 4623 3848 4692 δὲ,

2202 4741 2229 4768 ‹‹
2266 4715 2498 4790 Φεύγετε
2524 4715 2627 4784 τήν
2670 4712 2944 4787 πορνείαν,
3006 4714 3111 4783 τήν
3165 4712 3301 4785 μετὰ
3352 4711 3598 4783 σπουδῆς
3655 4712 3849 4769 ἀποδο-

2201 4807 2310 4882 χὴν
2341 4800 2524 4874 δηλοῖ.
2558 4804 2987 4876 —[01K01‘M-]
3018 4803 3086 4859 Ἦ
3132 4800 3216 4857 ὅτι
3264 4801 3332 4856 τὰ
3378 4799 3552 4857 λοιπᾶ
3603 4804 3847 4880 ἀμαρττε-

2204 4912 2345 4964 ματα
2401 4891 2491 4945 καὶ
2549 4890 2609 4946 ἐκ
2662 4893 2904 4966 ψυχικοῦ
2961 4890 3164 4954 πάθους
3217 4889 3445 4967 γίνεται,
3507 4891 3627 4946 οἷον
3683 4891 3843 4965 ὀργῆς

2199 4978 2286 5036 ἐπὶ
2328 4976 2688 5056 ἀνδροφόνου,
2743 4975 3047 5049 κενοδοξίας
3105 4977 3193 5033 ἐπὶ
3246 4979 3356 5034 τῶν
3415 4978 3682 5035 πλουτεῖν
3742 4978 3844 5033 ἐθε·

2201 5071 2428 5128 λόντων.
2470 5072 2533 5128 Ἢ
2569 5068 2625 5126 δέ
2645 5092 2710 5146 γε
2739 5071 2963 5145 πορνεία
2992 5071 3043 5142 ἐξ
3102 5071 3267 5127 αὑτοῦ
3312 5075 3411 5127 τοῦ
3449 5073 3710 5146 σώματος
3756 5073 3844 5131 τάς

2196 5164 2375 5239 πηγὰς
2398 5157 2514 5238 ἔχει
2545 5168 2646 5232 τῆς
2704 5161 3012 5235 ἐπιθυμίας,
3061 5162 3280 5238 Ἐξᾶραι
3332 5160 3390 5217 δὲ
3436 5159 3732 5232 ἠϐουλήθη
3784 5159 3844 5214 τὸ

2197 5257 2444 5326 πρᾶγμα,
2476 5249 2662 5320 ἐπειδή
2714 5251 2837 5325 περὶ
2904 5250 3070 5306 αὐτοῦ
3118 5252 3406 5327 πρόκειται
3467 5252 3616 5324 αὖτῷ
3648 5254 3682 5320 ἡ
3713 5269 3844 5324 παρ-

2196 5341 2420 5404 αίνεσις.
2454 5341 2531 5399 Οὐ
2571 5341 2675 5417 γὰρ
2726 5342 2939 5404 πάντως
2988 5339 3202 5396 πάντων
3265 5346 3451 5416 χεῖρον
3512 5342 3546 5410 ἡ
3605 5338 3838 5412 πορνεία.

2197 5432 2362 5487 Εἶπεν
2422 5431 2497 5492 εἷς
2551 5431 2715 5487 τοῦτο
2790 5429 3015 5494 πλείους
3098 5431 3412 5505 ἑρμηνείας,
3474 5431 3503 5484 ὁ
3562 5427 3615 5483 ἐν
3670 5426 3839 5503 ἁγίοις

2197 5519 2550 5591 Σευηριανὸς,
2582 5518 2766 5594 τεύχει
2800 5524 2897 5588 νζ¹,
2929 5518 3083 5595 λόγω
3130 5520 3197 5595 γ’,
3253 5516 3533 5596 κεφαλαίῳ
3584 5515 3671 5583 ιϐ’,
3715 5513 3838 5569 ταῦο

2191 5628 2291 5677 την
2321 5627 2378 5662 τε
2421 5606 2586 5677 αὐτὴν
2642 5607 2808 5662 εἰπὼν
2868 5612 2964 5663 τοῦ
3023 5608 3442 5682 Χρυσοστόμου,
3489 5605 3578 5662 καὶ
3635 5601 3828 5671 ἄλλην·

2192 5697 2337 5765 θΟτι,
2367 5694 2555 5772 φησὶν,
2589 5696 2616 5749 ὁ
2644 5697 2944 5771 πορνεύων,
2978 5695 3054 5759 εἰς
3084 5696 3185 5764 τήν
3245 5693 3387 5751 ἰδίαν
3434 5694 3708 5757 σύστασιν,
3748 5687 3836 5743 καὶ
