4106 6252
310 432 434 490 ’117

1239 432 1654 494 COMMEN'I‘.
1703 431 1782 490 IN
1828 390 2082 490 EPlST.
2131 427 2155 485 1
2201 426 2302 485 AD
2344 427 2713 487 comma.

3612 429 3733 488 718

314 561 403 626 είς
435 563 606 632 αὐτὴν
638 565 742 632 τήν
795 567 892 618 τοῦ
949 565 1203 638 σώματος
1259 569 1356 621 τοῦ
1414 565 1756 638 ἀνθρωπείου
1813 584 1977 618 κατα-

2106 579 2284 634 ιρδᾶηι
2316 563 2519 620 dicens
2552 582 2681 620 esse
2711 566 3112 636 Chrysostomi
3141 582 3154 619 :
3185 569 3244 619 et
3271 565 3626 630 aliam.Quia
3661 566 3736 634 is,

321 655 527 720 σκευὴν
565 649 916 725 πλημμελεῖ,
971 648 1263 728 ἐνυϐρίζων
1323 655 1398 718 εἰς
1450 654 1513 709 τὸ
1571 657 1669 708 τοῦ
1727 653 1981 725 σώματος

323 744 493 812 ἡμῶν
518 741 893 815 ἐργαστήριον.
933 743 1038 797 Καὶ
1080 742 1276 811 ἂλλὴν·
1332 745 1454 813 ’Ὁτι
1511 747 1671 814 σῶμα
1717 743 1982 815 Χριστοῦ,

323 831 422 886 καὶ
460 829 602 904 μέλη
673 835 908 903 Χριστοῦ
967 830 1108 886 ἐστιν
1143 833 1170 886 6
1212 830 1515 906 ἄνθρωπος.
1573 833 1636 889 Ὁ
1694 832 1786 885 οὖν
1817 830 1891 892 εἰς
1920 829 1983 884 τὸ

326 917 476 975 ἴδιον
501 925 659 993 σῶμα
686 917 1063 993 πλημμελῶν,
1094 920 1170 983 εἷς
1214 921 1450 996 Χριστὸν
1505 917 1856 992 πλημμελεῖ,
1886 919 1985 986 τήν

327 1007 578 1086 κεφαλήν
622 1011 806 1081 ἡμῶν,
867 1007 930 1063 οῦ
977 1010 1066 1064 καὶ
1123 1011 1246 1071 ναός
1305 1008 1418 1064 ἐστι
1469 1009 1532 1064 τὸ
1589 1012 1770 1081 σῶμα.
1833 1006 1988 1064 Μετᾶ

326 1103 553 1153 πάντων
585 1097 873 1152 καὶταῦτα
931 1096 1073 1169 δέξαι
1129 1098 1176 1154 εί
1239 1097 1450 1174 βούλει·
1512 1097 1728 1172 Ἐξᾶραι
1789 1093 1989 1171 βουλὸ-

332 1208 497 1260 μενος
527 1187 588 1241 τὸ
617 1193 717 1256 τῆς
760 1187 1008 1262 πορνείας
1065 1189 1386 1262 ἁμάρτημα,
1445 1188 1695 1242 τοιοῦτόν
1752 1207 1871 1240 τινα
1903 1180 1988 1239 λέ-

328 1299 420 1352 γει
481 1277 709 1346 σκοπὸν,
770 1277 854 1331 ὅτι
914 1275 1122 1352 μυρίων
1182 1276 1332 1346 ἄξιος
1390 1275 1985 1352 τιμωριῶνὸπὸρνος.

326 1363 398 1419 ⁸0
432 1363 536 1439 γὰρ
565 1365 661 1417 τοῦ
697 1359 988 1436 μολυσμοῦ
1033 1368 1131 1417 τοῦ
1164 1362 1368 1418 οἰκείου
1403 1363 1662 1434 σώματοσ
1696 1361 1772 1434 μὴ
1804 1356 1986 1434 φειδὸ-

343 1473 526 1526 μενος,
581 1455 700 1515 πῶς
755 1449 932 1507 ἄλλοι)
992 1453 1234 1529 φείσαιτο
1272 1471 1285 1520 ;
1323 1458 1382 1508 Ὁ
1410 1452 1511 1526 γὰρ
1571 1452 1744 1522 ἑαυτῷ
1799 1447 1986 1515 κακὸς,

335 1540 448 1596 τίνι
478 1539 680 1617 ἀγαθός
713 1560 726 1610 ;

411 1711 516 1768 Καὶ
615 1708 846 1772 ἄλλως.
927 1712 1233 1786 Γέγραπται
1302 1710 1426 1784 περὶ
1489 1713 1586 1763 τοῦ
1643 1704 1838 1780 ἀνδρὸς
1898 1704 1988 1760 καὶ

333 1807 441 1871 τῆς
468 1800 746 1876 γυναικὸς,
783 1826 809 1853 ‹‹
843 1801 1096 1856 Ἔσονται
1158 1800 1210 1854 οἱ
1272 1797 1366 1854 δύο
1427 1798 1503 1862 εἷς
1559 1796 1728 1871 σάρκα
1780 1795 1928 1869 μίαν.
1960 1818 1987 1845 ››

2087 651 2411 723 inquit,qui
2444 659 2757 708 scortatur.
2791 653 2850 708 in
2885 653 3186 724 propriam
3219 658 3424 724 peccat
3454 653 3739 708 substan—

2091 741 2235 795 tiam
2268 745 2324 795 et
2351 741 2409 794 in
2442 741 2631 812 ipsam
2691 741 2934 796 humani
2967 740 3233 812 corporis
3290 741 3732 806 formationem,

2091 829 2374 900 injuriam
2407 846 2688 885 exercens
2719 831 2781 884 in
2813 829 3078 901 corporis
3113 829 3298 884 nostri
3340 829 3739 884 officinam.Et

2093 921 2328 974 tertiam
2353 937 2366 973 :
2391 920 2537 984 Quia
2557 937 2772 992 corpus
2803 919 3019 974 Christi
3047 925 3105 974 et
3125 919 3395 974 membra
3415 919 3593 974 homo
3624 924 3734 985 est,

2096 1008 2196 1079 qui
2230 1010 2289 1063 in
2322 1011 2625 1081 proprium
2658 1015 2862 1080 peccat
2891 1009 3203 1081 corpus,in
3234 1009 3532 1063 Christum
3562 1012 3740 1079 caput

2094 1104 2363 1153 nostrum
2395 1105 2618 1170 peccat,
2652 1099 2822 1170 cujus
2853 1100 3030 1154 etiam
3064 1098 3350 1170 templum
3383 1104 3472 1152 est
3502 1114 3735 1168 corpus.

2093 1188 2255 1242 Inter
2284 1189 2485 1242 omnia
2514 1205 2648 1243 vero
2681 1194 2740 1242 et
2769 1189 2894 1242 hinc
2942 1187 3143 1258 accipe
3174 1187 3220 1240 si
3256 1185 3484 1256 placet:
3519 1186 3735 1240 Volens

2094 1277 2470 1332 scortationis
2489 1294 2701 1348 augere
2716 1275 3232 1348 peccatum,talem
3250 1275 3592 1346 quempiam
3614 1291 3737 1329 sco-

2095 1381 2236 1436 pum
2271 1365 2467 1428 habet,
2522 1382 2736 1437 nempe
2791 1365 2947 1436 quod
2987 1365 3319 1419 innumeris
3378 1363 3589 1435 dignus
3648 1366 3739 1418 est

2097 1458 2388 1508 scortator
2417 1454 2725 1525 suppliciis
2758 1471 2771 1508 :
2808 1454 2907 1524 qui
2941 1454 3099 1508 enim
3132 1470 3248 1507 non
3280 1452 3540 1508 abstinet
3568 1469 3601 1506 a
3630 1451 3737 1507 fua-

2095 1541 2288 1596 dando
2320 1543 2558 1613 proprio
2593 1559 2858 1613 corpore,
2894 1541 3192 1613 quomodo
3226 1541 3297 1596 ab
3330 1541 3445 1596 alio
3477 1541 3739 1596 abstine-

2097 1629 2232 1685 bit?
2263 1633 2404 1686 Nam
2439 1633 2538 1703 qui
2571 1633 2682 1686 sibi
2716 1648 2974 1703 nequam
3008 1636 3117 1702 est,
3151 1632 3243 1687 cui
3272 1631 3465 1687 bonus
3497 1631 3655 1687 erit?

2165 1720 2296 1775 Alio
2348 1737 2565 1791 quoque
2619 1722 2801 1776 modd.
2863 1722 3160 1792 Scriptum
3218 1726 3308 1776 est
3365 1721 3439 1776 de
3506 1722 3627 1775 viro
3684 1724 3742 1775 et

2098 1809 2348 1864 muliere
2377 1826 2389 1863 :
2422 1812 2567 1865 471
2634 1833 2662 1860 ‹‹
2722 1813 2906 1864 Erunt
2935 1810 3050 1865 duo
3082 1810 3144 1864 in
3202 1825 3438 1865 carnem
3471 1827 3672 1865 unam.
3709 1831 3737 1858 »

331 1891 398 1946 ”()
453 1887 546 1944 οὖν
610 1889 687 1962 μὴ
744 1887 900 1962 νόμῳ
958 1888 1418 1964 ἐπιτετραμμένος
1477 1885 1568 1941 λαὶ
1623 1887 1753 1957 θείῳ
1802 1883 1986 1960 γάμῳ,

2106 1897 2204 1961 Qui
2233 1914 2367 1969 ergo
2414 1915 2533 1952 non
2578 1899 2706 1970 lege
2755 1899 3037 1953 divinisve
3086 1898 3438 1970 conjunctus
3490 1904 3580 1953 est
3625 1915 3740 1953 nu-

336 1977 487 2034 ἇλλᾶ
516 1977 816 2050 πορνεύων,
851 1975 968 2033 δέον
998 1975 1144 2054 ἔχειν
1202 1978 1386 2051 τίμιον
1435 1975 1606 2052 γάμον
1654 1974 1745 2029 καὶ
1801 1973 1990 2041 κοίτην

337 2068 624 2141 ἀμίαντον,
687 2068 746 2123 ἐκ
799 2074 901 2137 τῆς
955 2068 1207 2143 πορνείας
1248 2065 1339 2122 καί
1392 2073 1491 2135 τῆς
1558 2059 1696 2119 ἔνθεν
1756 2062 1990 2135 ἀκαθαρ·

338 2156 484 2224 σίας,
544 2152 818 2232 ἐνυϐρίζει
863 2157 957 2211 τὸν
1010 2158 1184 2230 γάμον
1212 2156 1302 2211 καὶ
1355 2156 1455 2223 τὴν
1511 2157 1760 2230 γυναῖκα.
1818 2154 1876 2208 '0
1936 2148 1992 2204 δὲ

337 2250 506 2302 τοῦτο
538 2251 734 2316 ποιῶν,
768 2244 848 2306 εἷς
881 2243 1019 2300 ἴδιον
1063 2250 1231 2318 ,σῶμα
1285 2244 1599 2319 ἁμαρτάνει,
1631 2241 1709 2303 είς
1763 2241 1861 2308 τήν
1891 2261 1989 2314 γυ-

340 2341 504 2390 ναῖκα
535 2335 884 2409 ἁμαρτάνων,
918 2334 1040 2404 ἥτις
1095 2331 1148 2388 ἓν
1202 2334 1362 2407 σῶμά
1418 2331 1531 2386 ἐστι
1585 2330 1717 2403 μετὰ
1771 2334 1868 2385 τοῦ
1898 2329 1993 2382 ἆν-

342 2423 492 2499 δρός.
530 2424 626 2481 Καὶ
653 2424 813 2497 σῶμά
845 2423 956 2479 ἐστι
987 2427 1084 2479 τοῦ
1116 2420 1330 2498 ἀνδρὸς,
1373 2421 1505 2485 καθὸ
1561 2417 1772 2493 πλευρᾶ
1828 2417 1990 2472 αὐτοῦ

342 2513 486 2568 ἐστιν
518 2513 608 2567 καὶ
638 2511 687 2582 ἐξ
723 2515 893 2567 αύτοῦ
945 2510 1182 2590 ἐλήφθη.
1239 2513 1356 2580 Τὴν
1420 2507 1730 2565 τελευταίαν
1785 2506 1990 2578 νομίξω

340 2598 648 2669 καλλίστην
677 2600 836 2654 εἶναι·
871 2597 1143 2668 ἀνελλιπῆ
1187 2599 1292 2675 γὰρ
1342 2599 1443 2667 τὴν
1496 2599 1594 2652 τοῦ
1646 2594 1816 2671 ῥητοῦ
1875 2590 1990 2646 διά-

345 2709 502 2743 νοιαν
533 2691 708 2758 σώζει.
759 2689 1082 2764 Εύρίσκεται
1125 2689 1227 2764 γὰρ
1286 2686 1480 2750 οὕτως·
1534 2691 1645 2742 Ιιᾶν
1693 2682 1993 2758 ἁμάρτημα

349 2779 378 2832 '6
407 2777 468 2831 ἂν
497 2779 663 2852 πράξῃ
692 2775 993 2854 ἄνθρωπος,
1027 2777 1180 2840 ἐκτός
1235 2776 1348 2833 ἐστι
1376 2784 1478 2846 τῆς
1535 2776 1672 2845 πρὸς
1737 2775 1836 2842 τήν
1892 2796 1991 2850 γυ-

346 2872 504 2921 ναῖκα
561 2865 790 2940 ἐπιμίξει
849 2867 1134 2944 παροινίας
1169 2913 1184 2939 ,
1242 2867 1334 2921 καὶ
1391 2863 1720 2941 ἀκαθαρσίας
1756 2907 1768 2920 .
1826 2863 1888 2919 Ὁ
1935 2859 1992 2916 δὲ

335 2956 610 3028 πορνεύων
643 3000 658 3027 ,
718 2958 794 3020 εἷς
845 2960 945 3028 τήν
1001 2963 1230 3033 γυναῖκα
1281 2954 1597 3031 ἁμαρτάνει,
1662 2952 1992 3026 ἀκαθαρσίας

334 3047 509 3115 αὐτὴν
570 3046 928 3119 ἀναπιμπλᾶς
979 3046 1069 3101 καὶ
1110 3045 1501 3123 αἰσχρότητος.
1533 3044 1630 3097 Καὶ
1681 3047 1778 3097 τοῦ
1837 3041 1990 3116 ἁγίου

336 3135 660 3199 Ἀθανασίου
721 3136 833 3191 ἐστῖ
895 3136 1030 3210 πρὸς
1086 3135 1304 3196 τούτοις
1366 3135 1558 3187 ἅπασιν
1607 3129 1882 3205 ἑρμηνεία,
1936 3128 1987 3183 ἐν

337 3229 420 3295 τῷ
479 3225 609 3300 Περὶ
668 3228 870 3298 σεμνοῦ
926 3224 1104 3300 γάμου
1141 3267 1157 3294 ,
1214 3223 1305 3277 καὶ
1363 3223 1499 3295 πρὸς
1563 3219 1779 3282 τούτοις
1833 3216 1986 3278 ὅλοις

340 3316 688 3387 ἡρμήνευσεν
722 3313 916 3374 οὕτως’
961 3314 1102 3388 Πρὸς
1150 3306 1533 3385 ἁϐροδιαίτους
1568 3310 1656 3364 καὶ
1714 3306 1985 3387 φιλοσάρ-

335 3425 472 3466 κους
505 3404 730 3481 γράφων
762 3404 791 3457 6
822 3401 1058 3473 Παῦλος,
1118 3405 1187 3475 τῇ
1241 3399 1416 3455 αὐτῶν
1476 3397 1804 3476 φιλοσαρκίᾳ
1861 3417 1988 3450 συν-

335 3497 490 3570 εργῷ
511 3491 788 3568 ἐχρήσατο
819 3492 956 3567 πρὸς
1013 3493 1111 3560 τήν
1166 3497 1266 3559 τῆς
1321 3488 1573 3564 πορνείας
1639 3487 1988 3561 παραίτησιν,

335 3585 508 3637 τοῦτο
540 3580 739 3656 λέγων,
772 3579 856 3635 ὅτι
887 3582 953 3634 τὰ
981 3577 1152 3634 λοιπᾶ
1206 3579 1573 3652 ἁμαρτήματα
1629 3577 1812 3651 ψυχὴν
1870 3573 1990 3629 ἀδι-

332 3678 451 3742 κεῖ,
483 3672 572 3726 καὶ
605 3671 682 3733 είς
731 3670 897 3740 αὐτὴν
957 3669 1128 3744 μόνην
1187 3670 1286 3738 τὴν
1351 3661 1563 3742 βλάϐην
1616 3664 1986 3740 παραπίμπειι

338 3763 374 3816 6
409 3757 466 3816 δὲ
495 3782 554 3837 γε
610 3758 911 3836 πορνεύων.
967 3758 1058 3813 σὺν
1087 3761 1154 3830 τῇ
1188 3759 1343 3834 ψυχῇ
1397 3756 1484 3810 καὶ
1543 3755 1606 3809 τὸ
1665 3759 1824 3827 σῶμα
1872 3752 1990 3809 ἀδι-

334 3855 452 3919 κεῖ,
484 3850 713 3925 φθείρων
751 3849 882 3904 αὐτὸ
936 3847 1025 3903 καὶ
1083 3844 1422 3918 ἐκδυναμῶν,
1473 3843 1564 3899 καὶ
1616 3845 1706 3898 τὸν
1754 3845 1990 3919 ψυχικὸν

338 3940 439 3993 καὶ
477 3939 704 4008 ζωτικὸν
732 3940 1001 4013 καθαιρῶν
1047 3937 1226 4004 τόνον,
1258 3934 1332 3994 ὡς
1393 3932 1441 3988 εί
1497 3933 1665 3988 εἶπεν·
1734 3933 1996 3988 Φείσασθε

338 4027 450 4084 κᾶν
479 4031 576 4081 τοῦ
653 4027 908 4100 σώματος
968 4027 1120 4099 ὑμῶν
1177 4024 1206 4078 ’ὸ
1262 4021 1544 4096 περιέπετε
1595 4021 1685 4076 καὶ
1741 4021 1992 4090 θάλπετε,

341 4118 445 4172 καὶ
524 4122 586 4172 οῦ
645 4118 902 4192 πρόνοιαν
963 4115 1230 4183 πλείστην
1287 4114 1541 4167 ποιεῖσθε.
1580 4144 1644 4153 -
1677 4113 1833 4184 [ΤΟΥ
1881 4115 1993 4166 ΑΤ-

340 4209 529 4280 ΤΟὶ’.]
559 4208 620 4262 Τί
651 4209 742 4262 οὗν
773 4229 787 4277 ;
824 4209 852 4261 6
884 4206 1106 4284 φθόνος,
1147 4203 1332 4282 φησὶν,
1375 4201 1436 4257 ού
1496 4203 1648 4272 τήκει
1700 4201 1760 4255 τὸ
1797 4205 1994 4271 σῶμας

341 4297 406 4352 τί
441 4295 532 4350 οὖν
565 4297 733 4368 μόνην
764 4298 864 4365 τὴν
921 4292 1172 4368 πορνείαν
1229 4295 1390 4347 τοῦτο
1423 4291 1526 4366 φὴς
1583 4295 1758 4344 ποιεῖν
1791 4308 1804 4357 ;
1867 4289 1994 4343 Λίαν

340 4386 612 4464 ἀσφαλῶς
669 4385 810 4441 εἶπεν
886 4386 914 4440 6
996 4379 1354 4442 Ἀπόστολος.
1427 4381 1570 4451 Φησὶ
1631 4379 1752 4454 γὰρ.
1811 4403 1839 4432 ‹‹
1891 4381 1999 4435 Πᾶν

343 4478 658 4550 ἁμάρτημα
679 4477 706 4530 ’ὁ
740 4474 825 4530 ἐὰν
860 4474 1080 4544 ποιήσει
1111 4470 1412 4545 ἄνθρωπος,
1469 4467 1619 4530 ἐκτὸς
1666 4472 1762 4522 τοῦ
1821 4470 2001 4542 σώμα-

338 4563 447 4627 τός
501 4564 717 4620 ἐστιν’»
779 4565 806 4618 6
864 4560 922 4617 δὲ
1004 4560 1198 4638 φθόνος
1258 4559 1320 4613 οὔ
1375 4557 1577 4633 γίνεται
1635 4557 1762 4633 παρ’
1818 4560 1998 4630 ἡμῶν,

2099 1987 2370 2057 ptiis,sed
2401 1988 2820 2055 scortatur,ubi
2854 2005 3001 2060 opus
3032 1992 3190 2042 esset
3211 1987 3623 2042 honorandum
3642 1987 3742 2041 ha-

2099 2075 2238 2129 bere
2287 2075 2648 2130 connubium
2709 2081 3022 2147 torumque
3081 2075 3531 2130 immaculatum
3568 2075 3634 2139 δδ,
3669 2091 3740 2129 ex

2101 2165 2457 2219 scortatione
2506 2170 2564 2220 et
2594 2165 2973 2220 immunditia
3003 2182 3132 2236 quae
3165 2163 3304 2218 inde
3353 2164 3621 2235 provenit
3648 2163 3738 2218 in-

2092 2253 2256 2324 juria
2307 2253 2494 2308 afficit
2543 2255 2780 2324 nuptias
2832 2260 2890 2309 et
2942 2270 3209 2308 uxorem.
3243 2253 3350 2318 Qui
3399 2258 3598 2308 autem
3631 2253 3742 2306 hoc

2099 2342 2329 2408 facit,in
2352 2342 2652 2413 proprium
2678 2359 2889 2413 corpus
2909 2342 3224 2412 delinquit,
3248 2342 3389 2395 dum
3416 2342 3476 2394 in
3497 2358 3742 2396 uxorem

2101 2429 2416 2500 delinquit,
2452 2446 2581 2500 quae
2613 2447 2798 2485 unum
2833 2445 3046 2500 corpus
3106 2435 3193 2484 est
3224 2445 3359 2483 cum
3417 2429 3574 2496 viro;
3625 2429 3743 2482 imo

2101 2536 2313 2590 corpus
2337 2520 2442 2573 viri
2477 2525 2566 2576 est
2589 2536 2657 2574 ea
2679 2521 2906 2574 ratione
2926 2536 3044 2590 qua
3067 2519 3252 2590 ipsius
3273 2519 3430 2574 latus
3463 2524 3551 2573 est
3583 2525 3641 2573 et
3671 2519 3742 2573 ab

2101 2625 2169 2663 eo
2203 2615 2457 2680 sumpta.
2491 2610 2710 2664 Harum
2763 2608 3325 2680 interpretationum
3381 2611 3742 2678 postremam

2100 2697 2355 2751 arbitror
2407 2713 2534 2751 esse
2592 2697 3076 2769 pulcherrimam.
3129 2697 3327 2750 Servat
3363 2697 3522 2750 enim
3577 2695 3741 2749 verbi

2101 2785 2481 2852 sententiam,
2513 2787 2596 2840 sic
2627 2791 2692 2841 ut
2719 2786 2869 2840 nihil
2901 2786 2989 2840 illi
3022 2785 3196 2854 desit,
3229 2785 3500 2856 nihilque
3549 2785 3738 2839 abun-

2101 2873 2218 2928 det.
2253 2876 2397 2930 Nam
2430 2876 2542 2930 hoc
2587 2876 2764 2930 modo
2797 2875 3112 2930 deducitur
3145 2891 3157 2929 :
3191 2877 3378 2930 Omne
3433 2879 3743 2945 peccatum

2100 2964 2496 3034 quodcunque
2527 2964 2735 3019 fecerit
2763 2963 3121 3031 homo,illud
3151 2963 3494 3034 operabitur
3519 2963 3744 3033 absque

2100 3053 2461 3108 contumelia
2478 3069 2544 3107 ac
2565 3053 2940 3108 immunditia
2969 3069 3099 3123 quae
3135 3052 3200 3106 fit
3229 3052 3289 3105 in
3323 3067 3606 3105 uxorem:
3641 3049 3742 3120 qui

2101 3147 2298 3197 autem
2332 3143 2715 3208 scortatur,in
2747 3158 2993 3197 uxorem
3025 3139 3641 3212 peccat,immunditia
3676 3155 3745 3194 ac

2103 3231 2466 3302 turpitudine
2499 3232 2688 3303 ipsam
2723 3231 2978 3302 replens.
3007 3231 3224 3285 Prmter
3249 3230 3372 3284 haec
3403 3229 3602 3283 omnia
3631 3227 3748 3281 divi

2102 3337 2337 3390 quoquc
2368 3321 2673 3375 Athanasii
2706 3321 2882 3376 datur
2907 3319 3342 3390 interpretatio,
3376 3317 3477 3388 qui
3511 3317 3572 3371 in
3598 3315 3748 3370 libro

2097 3411 2170 3465 De
2197 3413 2520 3467 venerandis
2544 3410 2944 3481 nuptiis,ultra
2973 3410 3086 3465 ista
3108 3409 3313 3464 omnia
3339 3408 3422 3463 ita
3451 3407 3748 3477 interpre-

2098 3501 2254 3553 tatus
2270 3505 2358 3553 est
2376 3516 2387 3552 :
2406 3499 2491 3553 Ad
2513 3498 2798 3553 delicatos
2816 3514 2882 3552 ac
2898 3496 3300 3568 volnptuarios
3317 3494 3586 3550 scribens
3608 3495 3753 3548 Pau-

2098 3587 2192 3642 lus
2222 3589 2442 3642 auxilio
2501 3587 2888 3659 voluptuariae
2921 3603 3126 3641 eorum
3180 3586 3309 3639 vita;
3351 3600 3497 3639 usus
3555 3587 3643 3637 est
3676 3580 3749 3635 ad

2100 3677 2474 3732 scorta7ionis
2515 3676 3083 3748 depulsionem,hoc
3117 3671 3508 3743 dicens,quod
3537 3676 3751 3726 ctetera

2105 3772 2347 3836 peccata
2367 3766 2630 3820 animam
2656 3765 2876 3835 injuria
2897 3763 3324 3829 afficiunt,etin
3347 3761 3534 3816 solam
3558 3760 3745 3829 ipsam

2105 3859 2530 3909 nocumentum
2545 3853 2992 3918 transmittunt;
3020 3852 3120 3922 qui
3143 3867 3276 3905 vero
3304 3855 3750 3913 scortatur,cor-

2103 3960 2215 4014 pus
2234 3959 2352 3997 una
2375 3958 2509 3996 cum
2531 3942 2734 3996 anima
2747 3940 3580 4010 afﬁcitinjuria,corrumpens
3601 3934 3752 3989 illud

2106 4047 2173 4086 ac
2206 4030 2546 4094 debilitans,
2584 4035 2642 4083 et
2691 4029 3012 4084 animalem
3071 4045 3138 4082 ac
3179 4025 3419 4082 vitalem
3477 4024 3756 4080 auferens

2105 4120 2471 4192 vigorem.Ac
2506 4119 2554 4173 si
2587 4118 2836 4174 dixisset
2869 4134 2881 4170 :
2915 4117 3146 4172 Parcite
3181 4116 3270 4172 vel
3302 4114 3532 4186 corpori
3562 4118 3754 4168 vestro

2109 4208 2268 4281 quod
2299 4207 2567 4262 excolitis
2599 4224 2666 4262 ac
2686 4207 2984 4274 fovetis,et
3013 4206 3184 4277 cujus
3208 4221 3503 4261 summam
3527 4202 3759 4257 habetis

2108 4297 2422 4353 rationem.
2452 4327 2520 4336 -—
2553 4295 2700 4362 Quid
2733 4295 2912 4368 ergo?
2942 4311 3141 4349 annon
3177 4299 3234 4348 et
3273 4291 3494 4347 invidia
3546 4307 3762 4361 corpus

2111 4385 2544 4442 macerat?cur
2592 4402 2729 4456 ergo
2779 4385 2966 4440 solam
2999 4382 3424 4438 scortationem
3472 4380 3621 4435 dicis
3651 4379 3763 4434 hoc

2109 4477 2303 4532 facere
2325 4476 2352 4530 ?
2377 4476 2556 4530 Caute
2589 4474 2912 4529 admodum
2943 4473 3178 4528 locutus
3201 4477 3292 4526 est
3322 4469 3664 4541 Apostolus.
3690 4471 3764 4521 At

2113 4565 2275 4620 enim
2309 4589 2336 4616 «
2367 4565 2554 4619 Omne
2587 4569 2892 4635 peccatum
2917 4561 3316 4633 quodcunque
3347 4559 3555 4614 fecerit
3585 4557 3762 4612 homo

340 4653 820 4731 ἀλλ’ἐνγργεῖται
880 4651 957 4713 είς
1016 4652 1183 4723 ἡμᾶς·
1250 4647 1538 4724 πάσχομεν
1594 4646 1717 4721 γὰρ,
1778 4645 1994 4702 ἀλλ’οὖ

2113 4660 2276 4709 extra
2305 4670 2518 4725 c0rpus
2552 4658 2683 4716 est;
2716 4675 2742 4702 υ
2777 4651 2998 4706 invidia
3028 4667 3161 4704 vero
3216 4666 3332 4703 non
3368 4649 3435 4703 ﬁt
3477 4664 3512 4703 a
3565 4646 3762 4712 nobis,

344 4747 624 4814 ποιοῦμεν
653 4744 747 4797 τὸν
779 4741 993 4818 φθόνον,
1026 4738 1116 4792 καὶ
1145 4738 1312 4798 πάθος
1363 4735 1524 4808 ἐστὶν,
1576 4732 1704 4788 ἀλλ’
1734 4735 1831 4790 οὐκ
1860 4736 2008 4813 ἐνέρπ

348 4855 502 4911 γεια,
533 4832 656 4908 περῖ
688 4829 950 4906 ἐνεργείας
992 4825 1048 4882 δὲ
1075 4831 1163 4881 νῦν
1221 4827 1249 4880 6
1307 4823 1476 4900 λόγος
1532 4828 1610 4895 τῷ
1667 4825 2007 4900 Ἀποστόλῳ·

353 4924 496 5004 φησὶ
529 4923 651 4998 γὰρ,
685 4946 712 4974 ‹‹
752 4925 859 4974 Πᾶν
891 4919 1192 4992 ἁμάρτημα
1223 4916 1251 4969 ὸ
1285 4913 1370 4969 ἐὰν
1398 4915 1603 4987 ποιήσῃ
1637 4913 1946 4988 οίνθρωπος-
1985 4943 2012 4969 ››

355 5001 431 5068 οὐ
467 5020 576 5084 μην
606 5010 730 5086 περῖ
789 5007 1116 5072 πάθους.-
1144 5001 1373 5064 ’Ἄλλως
1435 5003 1650 5074 [ΦΩΤ.]
1720 5002 1861 5058 Αὐτὸ
1918 5028 2014 5079 με-

362 5102 510 5178 ρίζει
538 5099 601 5155 τὸ
626 5097 770 5153 ’ίδιον
800 5101 982 5170 σῶμα,
1009 5094 1101 5150 καὶ
1133 5093 1210 5154 εἷς
1241 5093 1451 5159 ἑαυτὸν,
1479 5087 1607 5144 ἀλλ’
1657 5089 1755 5145 οὐκ
1776 5093 1851 5155 εἷς
1884 5092 1939 5149 ἅ)
1959 5093 2016 5149 λ’

356 5192 462 5248 λον
495 5191 598 5259 τήν
627 5187 837 5243 ἀδικίαν
886 5182 1270 5248 ἐπιδείκνυται,
1333 5179 1464 5254 ὅπερ
1523 5178 1604 5233 ἐπ’
1671 5179 1851 5235 οὐδενί
1906 5190 2015 5238 τῶν

357 5279 553 5336 ἄλλων
599 5275 740 5332 ἔστιν
787 5277 958 5350 εύρεῖν
1017 5271 1446 5345 ἀμαοτημάίτων.
1510 5270 1706 5329 Πάντες
1761 5270 1860 5346 γὰρ
1920 5272 2019 5331 ἄλ-

359 5370 497 5431 λους
535 5367 870 5442 βλάπτοντες
939 5362 1358 5437 ἁμαρτάνουσιν,
1390 5358 1418 5411 6
1449 5352 1506 5410 δὲ
1562 5359 1863 5431 πορνεύων,
1897 5362 2021 5416 ἑαυ-

355 5460 452 5516 τὸν
489 5455 751 5534 βλάπτων
781 5453 870 5509 καὶ
900 5455 1234 5508 κακοποιῶν.
1271 5479 1339 5490 -
1371 5443 1622 5507 Ἄλλως.
1659 5447 1722 5503 Ἥ
1752 5445 2016 5527 ἐπαγωγή

361 5549 604 5606 δείκνυσι
632 5549 734 5616 τήν
766 5541 969 5601 ἔννοιαν
999 5545 1097 5597 τοῦ
1127 5537 1564 5615 προτεταγμένοι)
1608 5537 1776 5606 αὐτῆς
1827 5539 2018 5612 ῥητοῦ·

430 5703 479 5739 ⁸⁸
506 5701 688 5758 Hebr.
717 5716 842 5766 xm,
874 5700 926 5754 4.

2120 4744 2224 4798 sed
2254 4743 2314 4796 in
2343 4760 2449 4796 nos
2472 4741 2746 4796 eftl‘citur.
2782 4741 3046 4795 Patimur
3075 4739 3238 4794 enim
3285 4744 3342 4793 et
3367 4753 3488 4791 non
3537 4736 3766 4808 agimus

2123 4831 2425 4895 invidiam,
2459 4831 2775 4901 passioque
2805 4834 2894 4883 est
2923 4833 2980 4883 et
3010 4845 3131 4882 non
3158 4828 3310 4884 actio
3343 4843 3538 4881 :nunc
3571 4830 3768 4880 autem

2124 4921 2196 4976 de
2219 4920 2448 4976 actione
2464 4935 2800 4974 sermonem
2823 4917 2962 4972 facit
2975 4917 3378 4989 Apostolus,et
3392 4929 3769 4986 nequaquam

2125 5009 2197 5065 de
2224 5008 2623 5082 passione.Ait
2646 5007 2802 5062 enim
2828 5024 2840 5062 :
2873 5029 2900 5057 ‹‹
2922 5008 3106 5062 Omne
3139 5011 3446 5078 peccatum
3471 5002 3771 5073 quodcun-

2127 5115 2240 5169 que
2271 5098 2476 5152 fecerit
2505 5097 2736 5150 homo.»
2773 5125 2841 5136 —
2873 5095 3005 5150 Alio
3034 5095 3422 5165 modonsum
3454 5106 3625 5145 suum
3650 5104 3773 5142 cor-

2127 5203 2237 5259 pus
2269 5185 2495 5252 dividit,
2528 5191 2586 5240 et
2634 5185 2692 5238 in
2744 5185 3005 5256 seipsum
3042 5201 3160 5239 non
3213 5183 3274 5236 in
3307 5182 3492 5236 alium
3540 5181 3774 5232 exercet

2129 5275 2502 5348 injustitiam,
2538 5273 2695 5344 quod
2728 5273 2797 5328 de
2826 5273 2992 5327 nullo
3024 5273 3278 5327 aliorum
3306 5269 3603 5324 invenitur
3633 5281 3772 5336 pec-

2130 5365 2641 5421 catorum.0mnes
2670 5363 2828 5418 enim
2850 5362 2983 5418 aliis
3006 5367 3432 5416 nocumentum
3463 5354 3772 5411 inferendo

2130 5459 2379 5527 peccant
2417 5470 2428 5506 :
2471 5453 2570 5523 qui
2603 5470 2740 5507 vero
2773 5457 3069 5506 scortatur
3099 5449 3211 5505 sibi
3245 5449 3358 5520 ipsi
3389 5444 3777 5516 nocet,malo-

2136 5561 2248 5616 que
2281 5543 2485 5598 afﬁcit.
2521 5574 2590 5582 —
2618 5542 2751 5598 Alio
2779 5541 2959 5596 'modo.
2986 5538 3270 5595 Deductio
3302 5536 3593 5610 praamissi
3618 5534 3777 5590 verbi
