4106 6252
481 384 599 445 ’719

1598 379 2010 447 (ΕΟΟΜΕΝΠ
2052 379 2092 437 Ἰ

2202 375 2359 439 ΒΟᾸΕ
2400 375 2754 441 EPISCOPI
3711 383 3801 442 720

468 516 647 573 talem
677 514 939 573 ostendit
967 531 1096 570 esse
1130 513 1534 573 intellectum:
1563 516 1631 572 In
1662 513 1967 586 proprium
1984 527 2086 569 cor

2219 507 2479 577 τοιαύτην
2511 509 2666 565 εἶναι·
2701 506 2795 571 Eli;
2838 506 2901 565 τὸ
2959 502 3098 561 ἴδιον
3153 509 3308 580 σῶμα
3367 506 3654 582 ἁμαρτάνει,
3699 514 3795 567 οἷον

478 621 589 677 pus
619 610 844 676 peccat,
877 604 1031 660 472
1064 605 1176 661 hoc
1206 608 1315 673 est,
1349 603 1409 661 in
1436 604 1633 676 ipsum
1665 604 1969 675 proprium
2002 602 2116 656 Do-

478 695 629 751 mini
660 694 1131 766 corpus.Etenim
1161 694 1504 767 subjungit:
1541 716 1565 745 ε
1585 702 1675 749 Au
1692 693 1937 750 nescitis
1958 689 2115 763 quod

471 799 721 855 corpora
745 788 936 839 vestra
966 782 1255 853 templum
1288 789 1428 839 sunt
1451 783 1705 854 Spiritus
1738 782 1929 838 sancti
1956 797 1971 841 ;
1998 802 2024 829 ››
2059 785 2115 834 et

472 889 709 928 rursum
734 889 747 926 :
768 893 797 922 «
829 873 899 927 Et
916 888 1036 929 non
1065 873 1206 928 estis
1226 872 1401 927 vestri
1427 871 1585 945 juris
1611 889 1624 939 ;
1659 878 1717 927 et
1737 870 1911 942 paulo
1935 874 2072 925 ante
2099 884 2113 922 :

469 982 498 1012 ιι
533 962 621 1015 An
653 960 897 1017 nescitis
937 959 1096 1030 quod
1126 976 1376 1030 corpora
1426 967 1620 1015 vestra
1652 959 1919 1016 membra
1975 962 2116 1013 sunt

467 1048 729 1105 Christi?
760 1064 1197 1119 nrursumque:
1232 1070 1259 1099 «
1292 1050 1442 1105 Num
1473 1048 1652 1120 igitur
1684 1048 1898 1104 tollens
1926 1063 2114 1103 mem-

465 1137 572 1197 bra
598 1136 915 1195 Christi...?
944 1160 971 1185 υ
1011 1138 1216 1209 Itaque
1248 1137 1299 1191 is
1330 1138 1432 1209 qui
1464 1137 1851 1205 scortatur,in
1874 1136 2114 1208 propria

461 1225 679 1285 Christi
737 1225 1005 1283 membra
1063 1231 1121 1281 et
1169 1226 1231 1281 in
1287 1227 1474 1298 ipsius
1522 1243 1737 1298 corpus
1794 1225 2111 1296 delinquit.

461 1313 612 1380 Quid
632 1330 770 1387 ergo
786 1313 814 1368 ?
834 1313 1063 1384 inquit:
1090 1314 1192 1385 qui
1214 1314 1276 1370 in
1294 1314 1528 1371 caeteris
1545 1314 1904 1386 delinquunt
1928 1311 2108 1375 vitiis,

460 1418 663 1460 annon
692 1408 751 1459 et
780 1403 893 1474 ipsi
915 1402 1089 1474 juxta
1119 1402 1398 1460 eumdem
1430 1418 1770 1459 sermonem
1803 1402 1863 1457 in
1893 1400 2108 1456 Christi

459 1508 673 1564 corpus
694 1490 1095 1563 delinquunt?
1114 1494 1183 1547 Et
1208 1492 1463 1549 dicimus
1487 1491 1646 1563 quod
1669 1508 1790 1547 non
1813 1508 1882 1547 eo
1907 1490 2105 1547 modo.

460 1582 807 1652 Quanquam
829 1579 988 1637 enim
1013 1580 1064 1635 is
1087 1580 1186 1652 qui
1209 1580 1569 1650 furatur,aut
1591 1579 1690 1652 qui
1716 1579 2106 1637 homicidium

457 1669 912 1741 committit,per
938 1668 1184 1740 aliquod
1207 1668 1545 1726 membrum
1575 1668 2104 1741 peccatumfaciat,

457 1766 517 1817 at
537 1776 656 1817 non
678 1760 873 1831 ipsum
898 1759 1257 1828 membrum,
1284 1759 1387 1816 sed
1409 1765 1573 1815 extra
1599 1764 1658 1814 et
1681 1759 1743 1814 in
1766 1759 2105 1830 quempiam

456 1848 641 1904 alium
663 1853 944 1919 operatur
964 1848 1189 1903 malum
1212 1864 1227 1903 :
1252 1848 1353 1919 qui
1376 1864 1509 1904 vero
1528 1852 1955 1918 scortatur,per
1977 1846 2106 1919 ipsa

456 1953 691 2008 quoque
722 1936 989 1993 membra
1019 1936 1175 1993 sicut
1197 1943 1256 1993 et
1286 1937 1463 2004 illi,et
1492 1937 1554 1994 in
1577 1952 1685 1993 sua
1716 1936 1981 1993 membra
2008 1942 2101 1992 to-

410 2054 415 2059 -
454 2031 700 2094 tumque
712 2041 926 2095 corpus
940 2029 1368 2081 nocumentum
1383 2031 1440 2081 et
1462 2025 1521 2079 in
1521 2024 1544 2096 j
1554 2025 1745 2081 uriam
1760 2026 2097 2081 committit.

453 2143 522 2156 —-
535 2113 977 2170 Alzomodo.Non
990 2112 1278 2178 dixit,Per
1288 2130 1503 2186 corpus
1519 2113 1911 2187 peccat,quod
1928 2114 2100 2173 multi

453 2202 884 2271 existimantes,
941 2203 1246 2275 negotium
1296 2201 1602 2259 facessunt
1651 2202 2097 2275 interpretibus,

456 2290 560 2347 sed
587 2313 608 2341 ι
630 2292 695 2347 In
722 2291 1026 2363 proprium
1047 2307 1260 2362 corpus
1277 2297 1535 2363 peccat,»
1562 2291 1621 2347 in
1643 2292 1838 2363 ipsum
1855 2291 2096 2357 labitur,

453 2379 651 2451 ipsum
680 2380 1177 2451 inquinat,ipsum
1208 2378 1405 2435 reddit
1430 2379 1869 2437 detestandum.
1907 2379 2095 2434 Veluti

454 2470 503 2525 ei
537 2470 670 2540 quis
702 2469 893 2526 dicat:
913 2468 1163 2535 Quidam
1195 2469 1460 2542 seipsum
1489 2469 1710 2542 injuria
1738 2469 1923 2525 afﬁcit
1951 2469 2094 2525 dum

449 2558 703 2614 alterum
734 2563 904 2631 putat
932 2558 1153 2630 injuria
1180 2557 1440 2615 afﬁcere.
1466 2560 1630 2615 Nunc
1661 2559 1820 2615 enim
1852 2558 2096 2630 respicit

451 2647 713 2718 Apostoli
744 2663 939 2703 sermo
965 2663 1083 2702 non
1102 2646 1462 2718 supplicium
1484 2647 1643 2718 quod
1672 2651 1880 2718 postea
1900 2649 2095 2717 sequi-

447 2742 542 2791 tur
572 2741 906 2807 peccatum,
938 2735 1043 2792 sed
1073 2735 1357 2807 iujuriam
1388 2751 1521 2807 quas
1550 2735 1613 2790 in
1657 2735 1786 2806 ipso
1818 2751 1996 2807 opere
2028 2738 2095 2792 ﬁt

445 2825 678 2896 corpori
711 2842 783 2883 ex
812 2824 973 2881 coitu
1019 2839 1273 2881 venerea
1307 2840 1321 2880 :
1362 2824 1474 2881 hoc
1518 2829 1628 2893 est,
1685 2823 2088 2883 fmdationem.

450 2913 754 2986 Siquidem
780 2914 881 2987 qui
915 2913 1305 2970 homicidium
1337 2912 1851 2986 perpetrat,alium
1880 2914 2091 2970 interi-

446 3003 587 3058 mit:
622 3004 723 3074 qui
755 3020 893 3060 vero
925 3007 1220 3061 scortatur
1249 3002 1514 3075 seipsum
1542 3002 1766 3075 injuria
1795 3002 1997 3060 afﬁcit.
2022 3005 2092 3059 Et

445 3092 548 3163 qui
579 3098 794 3149 caetera
820 3098 1100 3165 operatur
1130 3092 1460 3164 peccata,in
1491 3091 1609 3149 alia
1629 3098 2091 3164 operatur,scor-

442 3184 600 3236 tator
628 3187 823 3238 sutem
849 3181 1111 3253 seipsum
1142 3180 1463 3252 pudefacit,
1497 3181 1758 3254 seipsum
1789 3182 2086 3253 inquinat.

448 3268 612 3325 Unde
643 3270 822 3328 etiam
853 3270 1198 3339 abluuntur,
1231 3286 1300 3325 eo
1331 3269 1491 3341 quod
1520 3269 1843 3328 fceditatem
1874 3271 2092 3329 intelli—

445 3363 671 3428 gant.et
698 3358 1130 3416 absurditatem
1157 3358 1599 3415 abominantur.
1618 3360 1851 3417 Etenim
1876 3366 2092 3417 caetera

444 3444 738 3503 delictain
753 3462 888 3503 eum
901 3446 1083 3505 etiam
1103 3446 1549 3518 respiciuntqui
1566 3447 1789 3519 injuria
1801 3447 2087 3519 afﬁcitur;

443 3535 555 3591 hoc
584 3541 785 3594 autem
814 3535 877 3592 in
906 3551 1045 3592 eum
1076 3535 1179 3607 qui
1209 3534 1397 3591 afﬁcit
1424 3535 1898 3606 injuria.Caetera
1927 3544 2090 3597 extra

442 3641 657 3697 corpus
672 3621 1235 3690 suntfacientis,hoc
1249 3620 1526 3695 inquinat
1539 3621 2087 3698 ipsumiacientem.

439 3714 505 3771 In
535 3712 767 3770 caeteris
789 3712 941 3771 alios
974 3711 1198 3784 injuria
1226 3710 1434 3779 afﬁcit,
1469 3711 1531 3768 in
1561 3713 1921 3769 scortatione
1954 3731 2087 3773 vero

442 3803 728 3874 seipsum.

510 3892 676 3957 Quod
705 3890 755 3948 si
788 3891 1118 3950 secundum
1149 3889 1372 3962 aperiri
1396 3889 1502 3945 tibi
1525 3889 1671 3947 velis
1693 3891 2085 3962 ostium,con-

438 3980 635 4037 sidera
655 3980 973 4052 quod,cum
994 3980 1339 4051 frequenter
1360 3979 1588 4037 homini
1614 3979 1907 4039 laboranti
1930 3982 2087 4039 defe-

441 4075 539 4127 ctu
569 4077 671 4127 aut
699 4070 915 4127 delicto
937 4069 1094 4141 quod
1125 4068 1295 4125 venia
1314 4067 1561 4143 dignum
1583 4070 2084 4137 est,adhortantes

441 4159 741 4217 dicamus:
762 4190 834 4202 —
848 4159 1068 4219 Frater.
1091 4157 1329 4214 discede
1344 4156 1417 4213 ab
1433 4158 1543 4213 hoc
1564 4158 1772 4216 morbo
1795 4160 1892 4231 qui
1918 4177 1999 4218 cas
2008 4167 2086 4218 te-

439 4248 521 4306 ris
547 4247 826 4306 omnibus
856 4248 1025 4320 pejor
1042 4251 1225 4313 est,--
1254 4262 1375 4305 non
1405 4246 1565 4318 quod
1585 4264 1795 4306 omnes
1817 4250 2081 4322 excedat,

438 4338 543 4395 sed
574 4337 733 4409 quod
764 4337 837 4394 ab
867 4336 971 4393 illo
1001 4351 1239 4407 quoque
1270 4334 1521 4393 velimus
1552 4335 1750 4409 ipsum
1777 4340 2040 4410 separari
2065 4354 2079 4396 :

432 4427 585 4485 forte
660 4427 840 4484 etiam
896 4424 1219 4497 Apostolus
1273 4424 1348 4480 de
1404 4429 1609 4496 stupro
1675 4425 1788 4482 hoc
1845 4427 2082 4497 dixerit,

433 4522 494 4572 et
510 4517 757 4588 cupiens
773 4532 911 4573 eum
930 4515 1031 4588 qui
1047 4513 1205 4586 apud
1220 4512 1557 4570 Corinthios
1579 4520 1871 4571 scortatus
1888 4516 2082 4575 fuerat

433 4611 661 4662 castum
694 4621 845 4672 esse,
888 4604 950 4661 in
981 4604 1136 4662 hanc
1166 4602 1611 4673 erupitvocem.

504 4693 563 4749 Si
592 4710 731 4751 vero
763 4699 821 4751 et
876 4694 1141 4757 tertium,
1186 4692 1341 4749 47³
1381 4690 1649 4764 intelligo
1705 4692 1865 4763 quod
1922 4695 2076 4752 sicut

434 4780 485 4837 is
516 4782 616 4853 qui
641 4782 902 4840 triticum
923 4787 1026 4839 aut
1049 4780 1211 4839 aliud
1234 4796 1437 4837 semen
1460 4779 1522 4836 in
1543 4796 1706 4838 mare
1729 4782 1987 4854 projicit,
2010 4785 2073 4840 in

432 4885 639 4927 semen
670 4874 895 4945 peccat,
928 4869 1253 4940 prohibens
1287 4868 1484 4940 ipsum
1515 4883 1590 4923 ne
1633 4868 1708 4925 ad
1737 4871 2074 4944 generatio-

430 4975 571 5016 nem
600 4957 918 5030 procedat:
951 4956 1034 5014 ita
1055 4962 1113 5013 et
1138 4957 1243 5028 qui
1274 4972 1448 5013 suum
1480 4972 1683 5015 semen
1714 4957 1778 5015 in
1810 4964 2072 5015 scortum

431 5047 760 5120 projicit,in
781 5045 1089 5119 proprium
1112 5060 1326 5117 corpus
1350 5049 1556 5116 peccat
1579 5062 1592 5113 ;
1626 5051 1887 5103 scortum
1909 5049 2071 5107 enim

429 5155 551 5195 non
572 5136 768 5196 solum
790 5134 1083 5194 interimit
1104 5133 1264 5207 quod
1283 5134 1645 5207 peperit,sed
1666 5134 2071 5207 impedimen-

426 5232 552 5285 tum
592 5226 769 5287 etiam
800 5226 969 5299 ponit
997 5241 1073 5282 ne
1098 5223 1310 5298 pariat.

494 5316 662 5382 Quod
704 5318 754 5374 si
811 5318 991 5377 etiam
1060 5319 1362 5388 quartum,
1428 5312 1763 5387 intelligere
1840 5323 2074 5388 oportet

422 5405 580 5474 quod
606 5422 677 5463 ea
726 5413 893 5479 parte
923 5423 1043 5478 qua
1089 5404 1229 5479 agit,
1262 5404 1440 5462 etiam
1471 5403 1717 5476 patitur.
1764 5404 2071 5478 Siquidem

417 5490 536 5549 nisi
566 5511 779 5564 passus
809 5502 1119 5562 esset,non
1141 5494 1524 5560 deﬁuxisset;
1558 5493 1712 5564 quod
1750 5493 1799 5550 si
1824 5494 2073 5552 deﬂuxit

417 5587 731 5653 corruptus
763 5591 895 5639 est:
939 5585 987 5639 si
1021 5589 1227 5639 autem
1272 5588 1588 5653 corruptus
1627 5587 1733 5649 sst,
1786 5583 2068 5655 injuriam

417 5670 665 5741 accepit.
702 5671 963 5744 Denique
996 5673 1058 5728 in
1085 5672 1254 5727 nulla
1282 5671 1401 5727 alia
1421 5670 1766 5742 operatione
1796 5689 1975 5742 quam
2006 5675 2067 5731 in

2220 594 2297 658 είς
2331 596 2485 663 αὐτὸ,
2518 595 2676 673 φησὶ,
2731 597 2793 650 τὸ
2853 592 2995 650 ἴδιον
3047 599 3143 653 τοῦ
3197 596 3461 653 Δεσπότου
3511 602 3671 670 σῶμα.
3715 601 3799 658 Καὶ

2217 685 2321 763 γὶρ
2353 684 2560 760 ἐπάγει.
2596 708 2624 737 ‹‹
2655 686 2727 741 Ἥ
2777 683 2877 742 οὐκ
2936 682 3121 741 οἴδατε
3176 683 3257 741 δτι
3316 685 3380 743 τὰ
3421 686 3627 759 σώματα
3676 688 3796 760 ὑμῶν

2217 774 2340 836 ναὸς
2368 776 2467 829 τοῦ
2497 772 2659 847 ἁγίου
2690 772 3001 845 ΙΙνεύματος
3032 772 3141 832 ἔστι
3167 791 3181 842 ;
3217 797 3244 824 »
3292 775 3380 830 καὶ
3445 774 3617 829 πάλιν·
3669 801 3691 826 ‹‹
3720 778 3798 834 Καὶ

2219 860 2318 917 οὐκ
2345 860 2461 916 ἐστὶ
2487 861 2706 917 ἑαυτῶν·
2744 884 2773 913 ››
2820 860 2910 916 καὶ
2967 862 3074 935 πρὸ
3133 862 3386 937 βραχέος·
3445 885 3471 911 κ
3502 862 3611 920 Ούκ
3660 860 3802 919 οἴδατε

2220 949 2301 1006 ὅτι
2368 949 2435 1004 τὰ
2488 947 2713 1022 σώματα
2772 948 2925 1022 ὑμῶν
2986 947 3132 1021 μὲλη
3200 950 3432 1023 Χριστοῦ
3488 947 3689 1020 ἐστις»
3735 950 3803 1005 καὶ

2216 1035 2402 1095 πάλιν³
2444 1060 2471 1088 ι(
2508 1038 2678 1113 Ἀρας
2710 1037 2801 1095 οὗν
2830 1038 2900 1092 τά
2932 1036 3072 1112 μὲλη
3113 1041 3213 1092 τοῦ
3256 1041 3554 1111 Χριστοῦ...
3587 1056 3601 1107 ;
3632 1045 3805 1096 »Ὥστε

2218 1129 2246 1183 ὁ
2277 1127 2579 1203 πορνεύων,
2608 1127 2685 1191 είς
2711 1126 2779 1185 τὰ
2812 1124 2921 1181 ἴδια
2956 1123 3097 1199 μέλη
3140 1131 3233 1181 τοῦ
3281 1127 3506 1200 Χριστοῦ
3557 1126 3639 1181 καὶ
3668 1127 3731 1191 εἷς
3757 1128 3802 1181 τὸ

2218 1222 2376 1289 σῶμα
2408 1216 2575 1275 αὐτοῦ
2628 1213 2976 1289 πλημμελεῖ.
3006 1214 3073 1272 Τί
3105 1216 3194 1270 οῦν
3231 1234 3244 1285 ;
3296 1215 3455 1294 φησίν
3532 1217 3593 1273 Οἱ
3646 1214 3805 1281 λοιπὰς

2214 1306 2679 1382 πλημμελοῦντες
2709 1310 2978 1386 ἁμαρτίας
3023 1309 3153 1383 οὐχὶ
3209 1309 3342 1365 κατά
3370 1313 3551 1364 τοῦτον
3597 1308 3677 1364 τὸν
3726 1308 3803 1363 λό-

2212 1419 2305 1474 γον
2339 1399 2429 1454 καὶ
2469 1400 2625 1456 αὐτοὶ
2678 1400 2754 1463 εἷς
2809 1401 2874 1456 τὸ
2928 1405 3026 1476 τοῦ
3080 1402 3322 1476 Χριστοῦ
3383 1404 3534 1473 σῶμα
3587 1397 3805 1472 πλημμε-

2215 1484 2370 1541 λοῦσι
2404 1509 2420 1560 ;
2455 1489 2550 1543 Καὶ
2582 1510 2783 1564 φαμεν,
2815 1488 2897 1544 ὅτι
2931 1489 3037 1563 οὐχ
3094 1489 3290 1551 οὕτως.
3348 1488 3412 1543 Εί
3460 1488 3559 1563 γὰρ
3611 1488 3688 1544 καὶ
3734 1484 3803 1543 διὰ

2212 1597 2360 1638 τινος
2420 1576 2623 1650 μέλους
2668 1580 2701 1632 ἁ
2767 1575 3018 1633 κλέπτων
3066 1577 3100 1646 ἢ
3157 1575 3397 1655 φονεύων
3444 1577 3536 1645 τὴν
3583 1573 3804 1650 ἁμαρτίαν

2211 1670 2378 1733 ποιεῖ,
2409 1665 2537 1723 ἀλλ’
2567 1666 2697 1742 οὒχῖ
2729 1667 2804 1731 είς
2834 1666 2898 1723 τὸ
2935 1667 3102 1723 αὐτοῦ
3137 1663 3333 1738 μὲλοσ,
3365 1663 3485 1722 ἀλλ’
3529 1664 3687 1734 ἐκτὸς,
3733 1663 3803 1718 καὶ

2210 1754 2287 1817 εἷς
2320 1754 2490 1813 ἄλλον
2520 1759 2642 1812 τινὰ
2687 1763 3002 1833 κακουργεῖ.
3059 1757 3121 1813 Ὀ
3168 1754 3230 1812 δὲ
3286 1754 3573 1831 πορνεύων.
3609 1754 3689 1809 καὶ
3734 1750 3803 1807 διὰ

2212 1848 2318 1901 τῶν
2346 1845 2548 1917 μελῶν,
2582 1844 2763 1918 ὥςπερ
2815 1845 3036 1920 ἐκεῖνοι,
3065 1846 3155 1901 καὶ
3189 1845 3270 1908 εἰς
3300 1845 3453 1901 αὐτον
3490 1845 3552 1900 τὰ
3581 1842 3705 1917 μὲλη
3731 1842 3799 1897 καὶ

2212 1931 2342 1988 δλον
2371 1934 2433 1990 τό
2483 1939 2644 2008 σῶμα
2696 1937 2796 2006 τήν
2829 1930 3045 2011 βλάϐην
3104 1934 3198 1991 καὶ
3250 1937 3347 2005 τὴν
3404 1931 3600 1990 ἀδικίαν
3643 1928 3799 1988 ἐπιδεί-

2210 2042 2385 2081 κνυσι.

2281 2109 2526 2177 Ἄλλως.
2562 2111 2677 2172 Οὐκ
2733 2115 2874 2180 εἷπε,
2924 2113 3023 2171 Διᾶ
3066 2116 3163 2171 τοῦ
3220 2117 3470 2186 σῶματος
3523 2110 3794 2186 ἁμαρτάνει,

2209 2198 2341 2272 ὅπερ
2425 2203 2480 2256 oi.
2537 2200 2744 2260 πολλοὶ
2800 2203 3140 2277 νομίζοντες,
3204 2203 3493 2278 πράγματα
3538 2200 3793 2275 παρέχουσι

2207 2295 2325 2352 τοῖς
2373 2291 2786 2366 ἑρμηνεύουσιν,
2844 2290 2993 2361 ἀλλ’,
3055 2290 3145 2353 Εἷς
3206 2291 3340 2348 αὐτὸ
3398 2289 3685 2365 ἁμαρτάνει,
3735 2286 3793 2347 είς

2205 2378 2336 2437 αὐτὸ
2368 2378 2624 2454 σφαλλει,
2656 2381 2788 2438 αὐτὸ
2822 2379 3072 2455 μολύνει,
3122 2380 3259 2437 αὐτὸ
3314 2380 3491 2457 ἐναγὲς
3538 2377 3790 2457 ἀποφαίνει·

2204 2469 2281 2532 ὡς
2313 2468 2374 2524 ἂν
2396 2490 2479 2532 τις
2509 2468 2676 2541 εἴποι,
2705 2472 2768 2528 Ὀ
2799 2467 2948 2526 δεῖνα
2978 2471 3162 2527 ἑαυτὸν
3195 2465 3428 2545 ὑϐρίζει,
3475 2467 3628 2526 ἄλλον
3652 2466 3792 2521 δοκῶν

2206 2553 2460 2632 ὑϐρίζει..
2493 2563 2599 2617 Νῦν
2629 2561 2731 2634 γάρ
2767 2557 2957 2634 βλέπει
2986 2564 3068 2632 τῷ
3123 2558 3456 2632 Ἀποστόλῳ
3501 2560 3527 2613 ὁ
3555 2555 3710 2633 λόγος,
3744 2554 3791 2608 οὗ

2201 2647 2337 2717 πρὸς
2366 2648 2466 2716 τήν
2501 2650 2635 2721 μετά
2659 2652 2826 2704 ταῦτα
2853 2650 3129 2722 ἒψομὲνην
3158 2649 3248 2721 τῷ
3307 2648 3633 2725 ἁμαρτήματι
3656 2662 3791 2716 τιμω-

2202 2735 2344 2808 ρίαν,
2373 2734 2519 2794 ἀλλά
2538 2738 2674 2812 πρὸς
2705 2739 2805 2807 τὴν
2825 2735 2877 2791 ἐν
2899 2741 2967 2811 τῇ
2999 2737 3187 2813 πράξει
3224 2734 3509 2815 γινομένην
3528 2741 3593 2809 τῷ
3620 2733 3784 2805 σώματι

2201 2823 2261 2881 tu
2288 2826 2384 2893 τῆς
2408 2823 2736 2899 συμπλοκῆς
2792 2821 2970 2901 ὕϐριν,
3029 2823 3252 2883 τοτέστι
3308 2828 3400 2883 τὸν
3460 2820 3701 2901 μολυσμόν.
3729 2819 3774 2874 '0

2203 2914 2297 2986 μὶν
2327 2915 2428 2993 γὰρ
2446 2937 2538 2992 φον
2552 2917 2711 2986 εύων,
2733 2915 2904 2975 ἄλλον
2925 2917 3159 2995 φονεύει,
3183 2917 3218 2971 ὁ
3255 2915 3315 2974 δὶ
3344 2915 3601 2992 πορνεύων,
3618 2908 3761 2995 ἑαυτρν

2196 2999 2527 3078 καθυϐρίζει.
2590 3008 2690 3065 Καὶ
2747 3006 2775 3061 ό
2829 3007 2898 3061 τὰ
2940 2994 3099 3062 γᾶλλα
3154 3006 3477 3081 πταίσματα
3520 2999 3659 3075 δρῶν,
3700 2994 3760 3057 εἷς

2196 3090 2343 3151 ἄλλα
2375 3090 2497 3168 δρᾷ,
2529 3096 2557 3150 ὁ
2590 3091 2647 3151 δὶ
2679 3093 2981 3170 λαγνεύων,
3011 3095 3207 3150 ἑαυτὸτ
3241 3094 3590 3170 καταισχύνει,
3624 3085 3768 3143 ὶαυτδν

2201 3188 2419 3256 μιαίνει.
2449 3186 2606 3247 Ὅθεν
2662 3182 2753 3241 καί
2804 3181 3190 3253 ἀπολούονται,
3258 3187 3353 3240 τὸν
3416 3179 3664 3257 μολυσμὸν
3714 3173 3783 3228 ἒν-

2196 3277 2487 3336 νοοῦντες.
2542 3273 2633 3329 καὶ
2682 3274 2783 3342 τὴν
2841 3273 3067 3330 ἀτοπίαν
3132 3269 3573 3348 βδελυττόμενοι.
3629 3263 3787 3337 Τὲμὶν

2196 3363 2300 3437 γὰρ
2329 3359 2476 3418 ἄλλα
2529 3359 3018 3436 πλημμελήματα,
3061 3361 3153 3416 καὶ
3204 3363 3290 3428 εἰς
3344 3363 3433 3419 τὸν
3490 3354 3789 3426 ἀδικούμενον

2198 3448 2411 3526 βϐἑπει,
2441 3457 2604 3509 τοῦτο
2635 3450 2713 3522 δὲ,
2754 3452 2832 3515 είς
2862 3452 2956 3510 τὸν
2986 3450 3339 3513 ἀδικοῦντνα.
3370 3453 3451 3511 Τὰ
3497 3448 3628 3506 ἄλλα
3676 3443 3796 3505 ἐκτὸς

2194 3545 2291 3597 τοῦ
2321 3540 2573 3616 σώματός
2597 3540 2711 3598 ἐστι
2734 3545 2832 3597 τοῦ
2861 3539 3121 3617 δρῶντος,
3168 3548 3342 3602 τοῦτο
3395 3541 3449 3601 δὲ
3500 3541 3585 3597 τὸν
3630 3533 3800 3606 δρῶντα

2197 3628 2443 3701 μολύνει.
2477 3630 2581 3688 Καὶ
2612 3629 2665 3686 ἰν
2702 3631 2796 3704 μὶν
2850 3635 2968 3693 τοῖς
3026 3627 3255 3701 ἄλλοις,
3304 3630 3514 3694 ἄλλους
3563 3620 3799 3693 danai,“

2195 3718 2252 3777 δὶ
2279 3720 2346 3794 τῄ
2374 3720 2621 3795 πορνείᾳ,
2657 3721 2870 3779 ἑαυτόν.

2264 3883 2329 3941 Εἰ
2359 3881 2418 3941 δὶ
2448 3882 2699 3959 δευτέραν
2733 3883 2925 3960 βούλει
2976 3905 3062 3942 σοι
3112 3883 3401 3963 ἀνοιγῆναι
3459 3883 3632 3956 θύραν,
3660 3876 3802 3935 ἐννόει

2191 3972 2275 4029 ὅτι
2305 3971 2493 4044 ἐπειδὴ
2525 3972 2803 4038 πολλάκις
2833 3974 3104 4049 ἀνθρώπῳ
3162 3972 3227 4033 οὗ
3288 3974 3613 4052 συγγνώμης
3642 3973 3798 4043 μεῖζον

2189 4056 2369 4138 ἔχὸντι
2425 4060 2719 4136 ἐλάττωμα
2753 4104 2768 4133 ,
2823 4067 3212 4138 παραινοῦντες
3276 4063 3528 4139 λέγομεν·
3584 4055 3801 4135 Ἀδελφέο

2188 4151 2460 4222 ἀπόστηθι
2485 4154 2684 4208 τούτου
2720 4155 2817 4207 τοῦ
2876 4153 3209 4226 νοσήματος,
3271 4152 3434 4210 τοῦτο
3485 4149 3681 4204 πάντων
3707 4140 3802 4200 ἐστὶ

2186 4241 2376 4297 κάκιον
2415 4241 2540 4314 (οὐκ
2576 4238 2765 4312 ἐπειδὴ
2824 4240 3000 4296 πάντα
3053 4235 3394 4316 ὑπερϐαίνει,
3429 4237 3552 4295 ἀλλ’
3595 4237 3673 4291 δτι
3721 4230 3801 4286 κά-

2185 4330 2367 4389 κείνου
2406 4329 2566 4387 αὐτὸν
2594 4329 2907 4405 ἀπαλλάξαι
2946 4329 3304 4406 βουλόμεθα)·
3363 4332 3439 4400 μὴ
3506 4346 3633 4386 ποτε
3678 4318 3799 4378 καὶὸ

2187 4419 2524 4483 ’Λπόστολος
2577 4418 2667 4476 ἐπὶ
2720 4426 2820 4493 τῆς
2867 4419 3117 4496 πορνείας
3172 4423 3341 4475 τοῦτο
3391 4416 3513 4498 ἔφη.
3573 4415 3673 4473 Τὸν
3719 4409 3802 4486 γὰρ

2184 4512 2552 4588 πορνεύσαντα
2587 4513 2736 4587 παρά
2763 4510 3070 4587 Κορινθίοις
3099 4510 3436 4590 σωφρονίσαι
3472 4504 3800 4585 βουλόμενος.

2106 4594 2153 4665 D
2181 4603 2383 4673 ταύτην
2416 4598 2607 4679 ἔρρηξε
2628 4604 2729 4673 τὴν
2758 4602 2967 4683 φωνήν.

2255 4694 2319 4750 Εἰ
2352 4688 2410 4750 δε
2447 4691 2537 4747 καὶ
2563 4681 2778 4766 τρίτην,
2817 4688 2986 4747 ἐννόει
3041 4690 3125 4745 ὅτι
3176 4687 3360 4764 ὥσπερ
3393 4687 3422 4744 ὁ
3456 4686 3530 4749 είς
3563 4681 3800 4751 θάλασσαν

2185 4786 2330 4838 σῖτον
2359 4780 2395 4850 ἢ
2426 4778 2604 4853 ἕτερον
2632 4779 2838 4856 ῥίπτων
2874 4777 3111 4854 σπέρμα,
3158 4777 3234 4839 είς
3264 4777 3360 4834 τὸν
3420 4774 3615 4850 σπόρον
3646 4771 3802 4856 ἁμαρέ

2181 4872 2347 4941 τάνει,
2378 4868 2612 4927 κωλύων
2634 4854 2802 4928 αὐτὸν
2851 4869 2930 4933 είς
2988 4868 3229 4947 γέννησιν
3290 4865 3495 4939 ἐλθεῖν,
3535 4864 3699 4923 οὕτως
3724 4854 3799 4947 καί

2184 4964 2213 5018 ὁ
2267 4961 2343 5017 εἷς
2395 4960 2608 5036 δταίραν
2696 4960 2898 5038 ῥίπτων
2950 4943 3015 5016 τό
3073 4959 3264 5017 ἑαυτοῦ
3333 4956 3569 5031 σπέρμα⁹
3623 4951 3694 5015 εἷς
3750 4943 3799 5038 τὸ

2183 5050 2382 5107 οἰκεῖον
2418 5054 2577 5123 σῶμα
2605 5035 2926 5125 ἁμαρτάνει,
2959 5048 3170 5121 ἐκείνης
3201 5045 3263 5102 οὐ
3321 5046 3516 5121 τεχθὲν
3573 5035 3798 5114 ἀναιρού-

2184 5159 2282 5210 σης
2315 5139 2498 5212 μόνον,
2532 5135 2679 5196 ἀλλα
2708 5138 2800 5194 καὶ
2828 5139 3091 5214 τεχθῆναι
3122 5131 3472 5205 κωλυούσης.

2252 5320 2314 5377 Ei
2346 5315 2403 5374 δὲ
2468 5317 2556 5375 καὶ
2608 5319 2896 5394 τετάρτην,
2943 5316 3141 5376 ἐννοεῖν
3191 5315 3332 5391 χρὴ,
3396 5313 3480 5370 ὅτι
3519 5312 3554 5382 ἦ
3586 5307 3697 5384 δρᾷ,
3725 5298 3803 5357 καὶ

2179 5407 2405 5482 πάσχει.
2440 5408 2506 5466 Εἴ
2559 5408 2655 5481 μὶν
2713 5408 2815 5484 γὰρ
2874 5406 2950 5480 μὴ
3008 5405 3223 5476 ἔπαθεν,
3285 5403 3392 5460 οὐκ
3448 5401 3508 5458 ἃν
3564 5395 3801 5484 ἔρρευσεν-

2181 5496 2246 5556 Εἰ
2304 5493 2362 5553 δὶ
2410 5494 2675 5573 ἔῤῥευσεν,
2760 5482 2989 5579 ἐιρθάρη.
3051 5495 3115 5554 Et
3174 5492 3227 5550 δὲ
3285 5482 3800 5579 ἐφθάρημῦϐρῖσξθη·

2182 5585 2408 5658 Ἀμέλει
2440 5569 2546 5640 ἀπ’
2604 5569 2837 5659 οὐδεμιᾷ
2898 5569 3066 5661 ⁷ἂὶλλῃ
3154 5569 3343 5657 πράξει
3421 5580 3457 5649 ἢ
3541 5574 3627 5634 ἐπὶ
3676 5569 3797 5661 illim

2178 5678 2247 5747 τῇ
2280 5671 2477 5749 ἀνδρὸς
2536 5675 2671 5750 πρὸς
2727 5678 2951 5749 γυναῖκα
3010 5659 3219 5745 συνόδῳ
3274 5667 3515 5745 λέγεται,
3566 5659 3797 5741 ἐφθάρθαι
