4106 6252
357 265 482 324 721

363 397 474 465 τήν
558 397 830 471 παρθένον
923 398 1014 453 καὶ
1118 398 1211 454 τὸν

1332 265 1726 327 COMMENT.
1774 266 1864 326 IN
1909 259 2160 323 EPIST.
2207 262 2231 322 Ι
2275 263 2380 323 AD
2423 263 2792 325 CORINTH.
3659 270 3792 330 722

1682 396 2011 472 πειραθένται

2142 397 2248 450 viri
2289 413 2421 452 cum
2475 398 2724 453 muliere
2757 399 3195 466 commistione,
3255 399 3472 456 dicitur
3503 419 3605 457 eos
3653 419 3786 461 esse

2133 493 2440 558 corruptos
2456 488 2556 558 qui
2574 488 2862 560 virginem
2876 494 2977 544 aut
2990 489 3501 547 adolescentulum
3523 495 3782 565 aggressi

1308 418 1426 454 νεαν
1437 419 1582 454 ισκον

438 692 503 749 Ei
537 689 593 747 δὲ
621 691 713 748 καὶ
745 693 1024 765 πέμπτην,
1057 693 1225 748 ἐννόει
1256 693 1338 748 ὅτι
1386 698 1467 766 τῷ
1523 695 1697 770 πόρνῃ
1755 716 2017 775 συνερχο-

365 783 536 853 μὲνῳ,
569 781 615 836 εἰ
645 782 868 856 τεχθείη
929 778 1172 847 παιδίον,
1204 779 1282 844 εἷς
1329 780 1582 856 πορνείαν
1643 783 2016 862 ἀνατρέφεται,

361 870 453 924 καὶ
487 871 514 923 ὁ
548 870 690 943 ὁρῶν
728 871 862 945 μετὰ
890 875 1060 926 ταῦτα
1089 868 1250 940 λέξει·
1301 871 1514 934 ’Όντως
1570 871 1756 927 ἑαυτὸν
1817 870 2018 934 ἐκεῖνος

358 955 645 1028 ἠδίκησεν.
676 956 819 1014 Ἰδοὺ
849 958 949 1034 γὰρ
1007 959 1070 1014 τὸ
1101 957 1335 1035 σπέρμα,
1371 956 1586 1032 μᾶλλον
1620 956 1686 1030 δὴ
1745 961 1806 1016 τὸ
1857 965 2017 1036 σῶμα

361 1045 535 1102 αὐτοῦ
565 1047 838 1122 πορνεύει.

434 1138 501 1194 Ei
536 1136 593 1193 δὲ
623 1139 714 1194 καὶ
745 1138 932 1209 ἓκτην,
984 1137 1273 1212 ἐπίστησον
1324 1142 1407 1198 ὅτι
1455 1142 1499 1198 εἰ
1533 1139 1702 1218 δούλῃ
1761 1163 1844 1204 τις
1898 1163 2014 1198 κοι-

361 1230 650 1298 νωνήσειν,
683 1227 882 1285 δοῦλον
916 1226 1062 1285 ἔσται
1092 1232 1156 1286 τὸ
1195 1230 1538 1305 τικτόμενον.
1602 1234 1726 1294 Πῶς
1783 1229 1875 1287 οὗν
1918 1231 2015 1287 ούκ

364 1315 442 1378 εἷς
475 1318 656 1374 ἑαυτὸν
685 1319 1004 1394 ἁμαρτάνει,
1038 1320 1065 1374 6
1097 1317 1294 1375 δοῦλον
1325 1318 1643 1392 σπουδάζων
1673 1323 1846 1377 τεκεῖν
1881 1341 1894 1390 ;

431 1607 492 1662 Εἰ
526 1603 582 1660 δὲ
612 1605 702 1660 καὶ
735 1603 1002 1677 ἑϐδόμην.
1047 1605 1144 1681 ὅρα
1176 1608 1260 1663 ὅτι
1290 1607 1381 1663 καὶ
1431 1610 1492 1663 τὸ
1543 1610 1861 1681 τικτόμειον
1892 1607 2010 1664 ἀδι-

350 1701 552 1764 κεῖται,
585 1695 742 1758 νόθον
793 1693 1154 1768 καλούμενον,
1209 1697 1296 1752 καὶ
1361 1694 1555 1769 ἄτιμον
1609 1702 1890 1774 πανταχοῦ
1921 1721 2007 1776 γι-

2134 581 2290 629 sunt.

2205 682 2261 736 Si
2315 698 2450 738 vero
2509 689 2566 738 et
2625 685 2921 754 quintum,
3004 684 3268 758 intellige
3329 687 3486 758 quod
3545 688 3595 742 is
3673 690 3774 760 qui

2130 777 2324 826 scorto
2351 772 2810 844 congreditur,si
2844 773 3134 829 infantem
3164 781 3424 847 generet,
3450 777 3523 831 ad
3551 784 3773 834 scorta-

2128 860 2352 915 tionem
2384 861 2618 930 crescit,
2652 867 2709 917 et
2739 863 2837 933 qui
2869 867 3076 934 postea
3106 862 3334 932 viderit,
3370 863 3526 920 dicet
3559 882 3572 920 :
3622 866 3774 922 Vere

2127 949 2228 1004 ille
2260 950 2522 1020 seipsum
2556 951 2779 1023 injuria
2805 951 3021 1006 affecit.
3055 952 3201 1008 Ecce
3234 969 3370 1027 ergo
3404 969 3630 1020 semen,
3653 955 3772 1012 imo

2126 1039 2322 1110 potius
2354 1057 2526 1095 suum
2559 1041 2743 1112 ipsius
2776 1057 2991 1112 corpus
3021 1046 3389 1114 constuprat.

2195 1139 2359 1193 Puod
2409 1139 2454 1193 si
2505 1146 2732 1196 sextam
2782 1159 3021 1212 quoque
3070 1141 3624 1213 interpretationem
3671 1146 3772 1200 de-

2125 1227 2370 1297 sideras,
2391 1229 2798 1285 animadverte
2830 1230 2989 1300 quod
3021 1231 3068 1285 si
3103 1231 3234 1301 quis
3265 1231 3496 1286 ancillae
3524 1235 3773 1289 commi-

2125 1322 2377 1381 sceatur,
2412 1319 2460 1371 is
2521 1335 2697 1388 quem
2729 1319 2833 1373 illa
2888 1320 3081 1391 pariet
3112 1337 3313 1374 servus
3345 1320 3457 1374 erit
3489 1338 3502 1375 :
3563 1339 3764 1378 annon

2122 1421 2258 1476 ergo
2293 1406 2352 1460 in
2385 1405 2647 1477 seipsum
2689 1413 2893 1478 peccat
2923 1409 3023 1480 qui
3075 1425 3306 1464 servum
3339 1409 3536 1465 studet
3589 1427 3764 1483 gene-

2120 1509 2252 1548 rare
2270 1493 2297 1549 ?

2192 1592 2246 1646 Si
2280 1609 2415 1646 vero
2448 1579 2615 1663 optas
2647 1599 2706 1647 et
2735 1593 3073 1664 septimam,
3108 1593 3239 1649 vide
3299 1596 3458 1666 quod
3486 1597 3536 1652 is
3585 1599 3761 1653 etiam

2121 1681 2220 1751 qui
2252 1687 2570 1752 generatur
2600 1681 2822 1753 injuria
2853 1682 3271 1744 afﬁcitur,cum
3306 1686 3527 1742 nothus
3557 1687 3762 1758 appel-

349 1763 610 1856 νόμενον.
665 1784 778 1839 Κᾶν
838 1782 889 1837 ἐν
947 1763 1347 1860 βόυΛευτηρίῳ,
1415 1763 1508 1840 κύὶν
1565 1785 1616 1840 ἐν
1677 1763 2010 1860 δίκαστηρίῳ

2145 1776 2276 1823 etur
2315 1775 2372 1822 et
2399 1769 2621 1839 ubique
2680 1770 2944 1826 locorum
2979 1773 3056 1826 sit
3086 1772 3353 1844 abjectus
3389 1791 3402 1828 :
3437 1779 3494 1828 et
3523 1776 3645 1830 sive
3704 1777 3765 1830 in

356 1870 779 1939 δὲυιεῖσελθεῖν,
813 1867 1157 1931 ἐκϐάλλεται.
1210 1875 1289 1930 Δι’
1328 1873 1389 1929 οὗ
1443 1877 1534 1930 καὶ
1592 1877 1620 1930 6
1673 1878 2009 1953 φυτευσάμε-

354 1983 452 2026 νος
482 1959 848 2017 συναπολαύει
895 1969 1000 2032 τῆσ
1031 1962 1318 2039 αἰσχύνης.
1378 1965 1719 2038 Ὑπόμνῃμα
1747 1966 1850 2043 γὰρ
1911 1973 2009 2036 τῆς

354 2052 560 2116 οἰκείας
594 2051 848 2130 λαγνείας
879 2053 1184 2115 γατὲλιπεν,

425 2238 490 2292 Εἰ
560 2235 618 2292 δὲ
669 2237 761 2292 καὶ
821 2234 1039 2312 ὀγδόην,
1116 2236 1414 2312 δοκίμασον
1466 2241 1530 2295 τὸ
1612 2242 2006 2317 ῥηθησόμενον·

346 2323 580 2394 Ἐπειδὴ
615 2326 643 2379 ὀ
674 2325 954 2399 πορνεύων
1002 2323 1054 2381 ἔν
1115 2328 1250 2400 πρὸς
1309 2329 1407 2397 τὴν
1465 2329 1827 2402 πορνεύουσαν
1860 2331 2011 2404 γίνε-

352 2433 466 2484 ται,
501 2414 528 2467 6
554 2414 622 2469 τά
651 2413 826 2468 οἰκεῖα
861 2411 1006 2488 μέλη
1049 2422 1215 2486 ποιῶ,
1251 2416 1392 2489 μὲλη
1448 2417 1680 2491 πόρνης,
1714 2417 1790 2481 εἵς
1821 2421 2006 2475 ἑαυτὸν

356 2506 440 2572 τῷ
469 2498 587 2556 ὄντι
638 2502 956 2577 ἁμαρτάνει.
1019 2505 1182 2577 Φόνῳ
1245 2506 1339 2578 μὲν
1371 2507 1474 2581 γὰρ
1535 2503 1591 2560 εὖ
1645 2507 1788 2569 τινὲς
1843 2507 2010 2582 ἐχρή-

367 2609 553 2656 σαντο,
581 2591 650 2651 ὡς
683 2593 886 2660 Μωσῆς
912 2592 1003 2646 καὶ
1037 2593 1244 2657 Φινεὲς,
1277 2595 1368 2650 καὶ
1401 2594 1561 2669 ὅργῇ,
1595 2596 1668 2656 ὡς
1701 2596 1900 2672 Πέτρος
1919 2602 2008 2656 καὶ

374 2676 612 2749 Παῦλος,
641 2680 852 2751 πορνείᾳ
893 2678 950 2735 δὲ
981 2678 1160 2744 οὐδεὶς
1189 2683 1412 2738 πώποτε
1441 2681 1718 2759 ἐχρήσατο
1752 2685 1828 2741 εὖ.

439 2872 502 2927 Εἰ
531 2871 698 2928 δὲκαὶ
751 2875 990 2947 ἐννάτην,
1051 2877 1242 2934 ἐννόει·
1279 2879 1500 2951 Ἐπειδὴ
1560 2888 1722 2956 σῶμα
1783 2881 1836 2940 ἓν
1869 2883 2006 2940 ἐστιν

359 2965 394 3030 ἡ
455 2961 778 3034 Ἐκκλησία,
813 2963 927 3021 ὁδὶ
977 2969 1098 3023 καθ’
1154 2969 1227 3031 εἷς
1287 2966 1552 3040 ἀλλήλων
1615 2971 1780 3046 μὲλη·
1815 2975 1842 3028 6
1873 2993 2012 3047 πορ-

359 3055 552 3123 νεύων,
584 3054 661 3117 εἷς
693 3057 893 3117 πάντας
953 3057 1270 3133 ἁμαρτάνει.
1327 3061 1639 3137 ’Λνατρέχει
1688 3063 1792 3138 γὰρ
1842 3065 2008 3120 αὐτοῦ

357 3141 421 3196 τὸ
448 3141 674 3217 σφάλμα
703 3141 793 3196 ἐπὶ
826 3143 890 3199 τὸ
936 3152 1034 3214 τῆς
1098 3145 1427 3218 Ἐκκλησίας
1489 3148 1794 3225 πλήρωμα,
1827 3153 1889 3206 οὗ
1920 3153 2008 3207 καὶ

355 3230 658 3300 ἐκκοπῆναι
690 3235 850 3289 αὐτὸν
885 3238 1230 3310 προσέταξεν,
1254 3235 1358 3300 ἕως
1389 3238 1449 3292 ἂν
1485 3243 1816 3315 μετανοήσῃ,

431 3320 497 3377 Εἰ
526 3318 585 3376 δὲ
612 3323 701 3376 καὶ
734 3319 960 3394 δεκάτην
1013 3325 1226 3400 βούλει,
1259 3326 1485 3402 λεχθείη
1541 3328 1618 3395 ἂν,
1677 3331 1759 3384 δτι
1819 3330 2005 3400 ἐπειδὴ

353 3409 408 3463 οἱ
440 3409 596 3483 νόμῳ
632 3415 732 3466 τοῦ
767 3413 958 3486 τιμίου
1013 3415 1191 3488 γάμυυ
1249 3417 1539 3486 συνιόντες,
1598 3412 1648 3472 ἔν
1711 3440 1870 3492 σωμα
1920 3422 2081 3516 γί--ς⁴

353 3519 542 3553 νονται
573 3507 627 3569 (‹‹
659 3503 910 3556 Ἔσονται
945 3503 1071 3578 γὰρ,
1105 3504 1260 3579 φησὶ,
1293 3506 1344 3559 οἱ
1369 3503 1464 3560 δύο
1496 3507 1572 3570 εἴς
1602 3508 1771 3582 σάρκα
1800 3507 1924 3581 μίαν
1979 3533 2009 3562 ι)

358 3591 456 3643 Διὸ
487 3591 601 3655 καὶ,
635 3613 664 3642 ‹‹
696 3592 757 3646 Ἦ
800 3594 936 3667 γυνὴ
965 3599 1062 3647 τοῦ
1095 3591 1236 3648 ῒδίου
1269 3597 1525 3668 σώματος
1568 3598 1668 3653 ούκ
1697 3597 2009 3670 ἐξουσιάζει,

357 3677 492 3733 ἀλλ’
523 3680 682 3754 ἀνὴρ,
717 3681 975 3742 ὡσαύτως
1013 3683 1102 3738 καὶ
1159 3685 1186 3737 ὁ
1245 3685 1401 3759 ἀνὴρ·
1438 3691 1504 3758 n)
1562 3688 1784 3750 εἰκότως
1815 3691 1842 3744 6
1873 3704 2011 3766 πορ-

357 3767 532 3822 νεύων
573 3769 668 3841 μὲν
703 3769 862 3843 ἀνὴρ,
910 3771 986 3834 εἷς
1041 3775 1140 3843 τὴν
1195 3777 1460 3848 γαμετὴν,
1516 3776 1788 3833 τουτέστιν
1845 3779 1920 3840 είς
1949 3781 2011 3834 τὸ

360 3855 505 3912 ἴδιον
556 3863 716 3930 σῶμα
790 3861 1105 3933 ἁμαρτάνει.
1165 3861 1437 3921 Ὡσαύτως
1475 3865 1566 3919 καὶ
1597 3868 1630 3935 ἡ
1664 3869 1821 3942 γυνή.
1887 3868 2011 3924 Ἐπὶ

364 3947 506 4021 μόνῃ
537 3949 636 4021 γὰρ
667 3947 831 4021 ταύτῃ
869 3953 937 4023 τῇ
997 3951 1238 4024 ἁμαρτίᾳ
1290 3954 1460 4026 νόμον
1517 3953 1665 4009 ἔθετο
1698 3957 1725 4009 6
1757 3958 2010 4028 Χριστὸς,

361 4038 691 4113 χωρίξεσθαι
717 4039 912 4102 αὐτοὺς
945 4042 1036 4096 ἀπ’
1063 4041 1350 4114 ἀλλήλων.
1383 4068 1412 4097 ‹‹
1446 4045 1539 4108 Εἰς
1567 4047 1629 4100 τὸ
1661 4044 1799 4101 ἴδιον
1854 4051 2012 4119 σῶμα

360 4130 681 4199 ἁμαρτάνει.
740 4152 768 4181 ››
829 4128 1111 4204 Τουτὲστι,
1170 4133 1234 4185 τὸ
1289 4130 1430 4186 ἴδιον
1492 4138 1650 4208 σῶμα
1710 4136 2008 4210 ἀκάθαρτον

359 4222 532 4273 ποιεῖ.

438 4308 505 4362 Ἥ
569 4307 667 4361 ούκ
715 4304 896 4362 οἷ’δατε
953 4305 1054 4362 ’ὅτι
1118 4310 1180 4363 τὸ
1265 4315 1424 4382 σῶμα
1481 4312 1631 4384 ὑμῶν
1668 4357 1681 4379 ,
1738 4314 1863 4375 ναὸς
1914 4316 2011 4368 τοῦ

363 4396 420 4450 ἐν
480 4397 606 4468 ὑμῖν
672 4396 830 4470 ἁγίου
911 4399 1221 4469 Πνεύματός
1302 4397 1466 4468 ἐστιν,
1548 4402 1612 4454 οὗ
1697 4397 1851 4476 ἔχετε
1905 4402 2010 4457 ἀπὸ

363 4489 502 4540 Θεοῦ
536 4531 550 4556 ,
602 4485 691 4538 καὶ
747 4484 845 4539 ούκ
903 4484 1020 4540 ἐστὲ
1077 4487 1310 4542 ἐαυτῶνο
1371 4490 1717 4564 ἠγοράσθητε
1771 4491 1869 4564 γὰρ
1927 4512 2012 4544 τι-

369 4579 480 4644 μῆς
512 4593 526 4641 ς
563 4572 828 4644 Δοξάσατε
857 4570 923 4642 δὴ
985 4574 1078 4628 τὸν
1135 4575 1262 4630 Θεὸν
1321 4575 1371 4630 ἐν
1427 4581 1507 4648 τῷ
1560 4579 1772 4650 σώματι
1836 4579 2007 4651 ὑμῶν,

365 4659 457 4714 καὶ
492 4659 542 4713 ἐν
575 4664 654 4730 τῷ
684 4659 950 4732 πνεύματι
982 4660 1158 4732 ὑμῶν,
1189 4659 1344 4716 ἅτινά
1374 4661 1485 4717 ἐστι
1515 4668 1611 4718 τοῦ
1641 4669 1796 4723 Θεοῦ.

441 4749 542 4805 Καὶ
563 4754 642 4819 τῷ
677 4752 891 4822 μεγέθει
939 4757 1039 4818 τῆς
1072 4747 1300 4824 δωρεᾶς,
1344 4751 1433 4807 καὶ
1463 4757 1530 4826 τῇ
1590 4753 1710 4824 ἀξίᾳ
1767 4758 1864 4808 τοῦ
1925 4751 2010 4808 δε-

2119 1859 2432 1914 consilium
2466 1859 2583 1913 sive
2629 1860 2688 1914 in
2714 1860 3009 1932 judicium
3041 1862 3268 1934 ingredi
3303 1869 3588 1934 oporteat,
3623 1865 3768 1937 abji-

2118 1948 2271 2002 citur
2305 1965 2316 2002 :
2352 1949 2509 2020 quod
2541 1949 2589 2003 is
2622 1949 2800 2004 etiam
2836 1950 2936 2021 qui
2993 1952 3294 2022 generavit
3322 1953 3617 2024 particeps
3678 1959 3768 2008 est

2116 2036 2360 2109 pudoris
2388 2054 2398 2088 :
2433 2053 2568 2093 nam
2603 2038 3077 2094 recordationem
3109 2041 3362 2114 proprias
3393 2040 3604 2114 accipit
3635 2041 3766 2096 libi-

2117 2125 2296 2180 dinis.

2189 2222 2353 2288 Quod
2385 2222 2432 2276 si
2464 2228 2727 2278 octavam
2762 2240 2999 2295 quoque
3032 2227 3222 2296 cupis,
3263 2227 3576 2283 considera
3607 2228 3764 2300 quod

2119 2311 2333 2366 dicturi
2366 2329 2590 2373 sumus.
2621 2329 2836 2384 nempe
2868 2313 3026 2384 quod
3058 2315 3105 2369 is
3129 2316 3228 2387 qui
3261 2321 3553 2372 scortatur
3577 2334 3765 2374 unum

2119 2416 2252 2454 cum
2287 2405 2479 2454 scorto
2503 2399 3028 2472 efficitur,propria
3053 2403 3319 2460 membre
3340 2404 3563 2460 faciens
3586 2407 3763 2462 scorti

2117 2487 2423 2554 membra;
2459 2493 2517 2541 et
2546 2489 2628 2542 ita
2656 2505 2789 2542 vere
2823 2490 2884 2543 in
2913 2490 3174 2560 seipsum
3206 2498 3430 2562 peccat.
3461 2494 3764 2564 Siquidem

2118 2577 2392 2632 nonnulli
2425 2577 2586 2632 caede
2620 2582 2760 2632 sunt
2811 2577 2960 2633 bene
2993 2580 3105 2645 usi,
3140 2585 3206 2634 ut
3262 2582 3449 2636 Moses
3502 2597 3568 2637 ac
3626 2582 3764 2636 Phi-

2118 2682 2262 2720 nees
2290 2666 2370 2733 ⁸⁰;
2406 2671 2465 2722 et
2501 2668 2682 2734 ira,ut
2711 2668 2919 2722 Petrus
2953 2673 3010 2722 et
3036 2668 3253 2724 Paulus
3284 2669 3361 2726 ὀε
3396 2675 3598 2742 stupro
3628 2687 3764 2725 vero

2119 2755 2320 2810 nullus
2351 2770 2616 2826 unquam
2645 2754 2797 2810 bene
2838 2772 2982 2811 usus
3014 2761 3121 2811 est.

2193 2862 2248 2916 Si
2272 2877 2405 2918 vero
2427 2867 2486 2917 et
2504 2862 3071 2929 nonam,considera
3091 2863 3249 2936 quod
3273 2865 3414 2936 quia
3435 2881 3622 2922 unum
3644 2881 3770 2922 cor-

2120 2967 2230 3022 pus
2261 2957 2351 3006 est
2379 2951 2891 3023 Ecclesia,singuli
2921 2958 3117 3008 autem
3152 2954 3252 3010 alii
3288 2954 3543 3010 aliorum
3575 2971 3768 3010 mem-

2119 3039 2226 3094 bra
2255 3040 2295 3075 ⁹¹
2337 3057 2349 3094 :
2384 3041 2484 3110 qui
2517 3040 2901 3107 scortatur,in
2935 3057 3143 3096 omnes
3173 3047 3381 3112 peccat
3411 3059 3424 3097 :
3475 3044 3768 3112 percurrit

2120 3129 2280 3183 enim
2313 3129 2441 3200 ejus
2472 3128 2672 3200 lapsus
2705 3128 2778 3184 ad
2809 3128 3086 3184 Ecclesia)
3117 3129 3619 3200 plenitudinem,a
3649 3146 3764 3200 qua

2120 3219 2297 3273 etiam
2329 3233 2604 3289 separare
2637 3235 2698 3272 se
2729 3217 3048 3272 destinavit
3078 3219 3264 3275 donec
3296 3218 3692 3290 resipisceret.

2188 3306 2351 3372 Quod
2373 3306 2422 3362 si
2455 3306 2824 3363 etdecimam
2855 3307 3182 3374 desideres,
3208 3308 3324 3364 dici
3349 3308 3576 3380 poterit
3599 3309 3762 3379 quod

2121 3413 2255 3451 cum
2288 3397 2345 3450 hi
2371 3397 2470 3468 qui
2507 3397 2632 3469 lege
2663 3397 2997 3453 honorandi
3051 3397 3336 3453 connubii
3377 3397 3762 3466 conveniunt,

2119 3502 2305 3541 unum
2334 3486 2480 3542 ﬁant
2507 3503 2722 3558 corpus
2751 3487 2912 3557 (nam
2944 3488 3372 3560 Erunt,inquit,
3394 3487 3510 3544 duo
3541 3487 3602 3543 in
3634 3504 3761 3543 car-

2120 3591 2258 3630 nem
2286 3592 2487 3630 unam.
2522 3575 2657 3631 Ideo
2690 3575 2869 3630 etiam
2901 3593 3048 3632 uxor
3072 3576 3296 3648 proprii
3337 3576 3602 3646 corporis
3658 3593 3760 3648 po-

2123 3667 2395 3718 testatem
2428 3681 2545 3719 non
2573 3663 2882 3733 habet,sed
2912 3664 3036 3720 vir:
3065 3665 3338 3720 similiter
3364 3665 3539 3719 etiam
3566 3665 3654 3718 vir
3674 3665 3761 3734 9’),

2122 3753 2334 3807 merito
2361 3752 2448 3807 vir
2495 3753 2594 3823 qui
2628 3759 2942 3818 scortatur,
3001 3753 3062 3808 in
3095 3769 3356 3820 uxorem,
3393 3752 3501 3807 hoc
3561 3758 3667 3817 est,
3702 3753 3760 3807 in

2122 3842 2429 3912 proprium
2461 3858 2672 3912 corpus
2704 3847 2944 3912 peccat;
2980 3841 3256 3896 similiter
3285 3846 3344 3895 et
3373 3857 3519 3897 uxor
3549 3856 3561 3894 :
3609 3841 3766 3897 474

2122 3946 2260 3986 nam
2294 3930 2354 3983 in
2389 3931 2513 3984 solo
2548 3930 2658 3984 hoc
2693 3935 2930 4000 peccato
2963 3930 3153 4002 legem
3183 3929 3382 4001 posuit
3410 3929 3675 3984 Christus
3697 3930 3763 3999 ³³,

2125 4020 2171 4074 si
2204 4035 2239 4073 a
2269 4035 2328 4072 se
2349 4018 2604 4072 invicem
2631 4023 3100 4090 separarentur.-
3129 4019 3192 4072 In
3223 4018 3528 4098 proprium
3551 4034 3767 4090 corpus

2125 4115 2348 4180 peccat.
2377 4130 2404 4158 ››
2439 4109 2558 4164 Hoc
2590 4113 2699 4178 est,
2728 4108 3035 4181 proprium
3068 4125 3282 4180 corpus
3315 4108 3511 4165 reddit
3567 4109 3763 4180 impu-

2125 4215 2277 4253 rum.

2197 4306 2290 4372 Vl,
2326 4307 2410 4370 19,
2443 4308 2529 4360 20.
2566 4327 2594 4354 «
2628 4307 2717 4360 An
2778 4304 3018 4359 nescitis
3050 4304 3210 4374 quod
3234 4321 3449 4375 corpus
3505 4309 3765 4360 vestrum

2129 4417 2151 4445 α
2190 4395 2478 4465 templum
2507 4401 2598 4449 est
2627 4393 2951 4449 habitantis
2982 4393 3043 4448 in
3075 4393 3236 4450 vobis
3267 4394 3519 4464 Spiritus
3552 4394 3763 4456 sancti,

2127 4508 2150 4532 υ
2183 4501 2356 4554 quem
2377 4483 2605 4539 habetis
2619 4499 2652 4538 a
2672 4485 3003 4550 Deo,etnon
3021 4483 3160 4537 estis
3178 4482 3556 4553 vestrijuris?
3573 4483 3765 4552 Empti

2128 4596 2154 4622 ‹‹
2185 4573 2343 4627 enim
2363 4573 2504 4626 estis
2526 4571 3216 4642 pretio.Glorit‘icatejam
3231 4570 3413 4626 Deum
3440 4571 3498 4624 in
3522 4583 3765 4640 corpore

2128 4684 2155 4710 «
2185 4667 2374 4716 vestro
2415 4667 2475 4716 et
2504 4661 2565 4715 in
2597 4661 2809 4731 spiritu
2841 4665 3053 4726 vestro,
3087 4676 3217 4728 quin
3249 4667 3387 4714 sunt
3426 4659 3550 4717 Dei.
3585 4681 3613 4708 υ

2199 4753 2278 4805 Ex
2296 4750 2434 4805 doni
2460 4749 2864 4821 magnitudine
2889 4753 2948 4802 et
2963 4748 3090 4818 ejus
3112 4749 3211 4818 qui
3236 4748 3397 4804 dedit
3419 4749 3765 4820 dignitatem

365 4837 610 4900 ὂωκότος
669 4845 978 4896 καταπτοεῖ.
1071 4844 1286 4912 Πνεῦμα
1341 4842 1441 4916 γὰρ
1502 4845 1535 4911 ἡ
1571 4841 1766 4917 δωρεά.
1827 4845 2011 4918 Ἔχετε

2136 4841 2403 4897 deterret.
2437 4819 2580 4894 Nam
2626 4839 2866 4908 spiritus
2893 4835 3116 4892 donum
3148 4845 3273 4893 est:
3308 4819 3537 4894 habetis
3569 4845 3766 4895 autem

365 4926 426 4982 δὲ
457 4931 618 4982 τοῦτο
649 4927 756 4982 ἀπὸ
787 4932 942 4986 Θεοῦ.
977 4929 1036 4984 Ὁ
1069 4929 1174 5001 γὰρ
1235 4926 1487 4992 δεδωκὼς
1555 4931 1684 4986 αὐτὸ
1742 4933 1892 4998 Θεὸς,
1925 4933 2017 4986 καὶ

363 5016 531 5070 οἰκῶν
565 5015 620 5070 ἐν
648 5021 728 5087 τῷ
757 5021 873 5087 ναῷ
900 5020 997 5071 τοῦ
1027 5021 1185 5085 Θεοῦ,
1223 5019 1496 5073 τουτέστιν
1551 5017 1604 5073 ἐν
1663 5025 1742 5092 τῷ
1803 5022 2016 5093 σώματι

363 5107 543 5177 ὑμῶν.
577 5130 602 5156 «
643 5106 738 5160 Καὶ
759 5105 862 5159 οὐκ
891 5104 1009 5160 ἐστέ
1037 5106 1261 5164 ἑαυτῶν.
1295 5131 1324 5160 ››
1358 5108 1437 5165 Οὐ
1466 5109 1528 5162 τὸ
1560 5109 1901 5180 αὐτεξούσιον
1929 5110 2018 5164 ἀν·

361 5200 528 5268 αιρεῖ,
561 5192 708 5249 ἀλλὰ
739 5195 845 5247 τῶν
877 5198 1060 5248 κακῶν
1083 5194 1326 5268 πράξεων
1361 5195 1626 5272 ἀπείργει.
1660 5199 1780 5255 Ὀτι
1816 5199 2017 5252 Δεσπό-

356 5306 482 5352 την,
516 5283 700 5360 φησὶν,
739 5281 913 5357 ἔχετε,
945 5282 1035 5337 καὶ
1064 5281 1218 5338 οὐδὲν
1251 5277 1405 5358 ἔχετε
1436 5281 1592 5354 ἴδιον,
1627 5283 1752 5340 οὐδὲ
1797 5285 1925 5341 αὐτὸ
1956 5287 2017 5341 τὸ

362 5376 546 5443 σῶμα.
578 5395 605 5422 ιι
637 5370 1008 5444 Ἠγοράσθητε
1035 5373 1138 5445 γὰρ
1166 5379 1361 5444 τιμῆς,
1388 5396 1416 5424 ››
1447 5373 1524 5444 τῷ
1555 5373 1744 5446 αἶ’ματι
1773 5379 1868 5430 τοῦ
1891 5375 2016 5428 Υὶου

365 5461 555 5529 αὐτοῦ,
587 5456 736 5520 ὄντες
790 5459 893 5513 ὑπὸ
923 5461 1022 5527 τήν
1056 5459 1292 5532 ἐξουσίαν
1321 5465 1418 5515 τοῦ
1479 5467 1712 5520 Σατανᾶ,
1773 5487 1800 5512 ‹‹
1853 5462 2019 5531 Δοξά-

440 5577 490 5612 δθ
521 5579 691 5634 Num.
724 5594 852 5645 xxv,
899 5577 917 5632 1
958 5593 1124 5647 seqq.

364 5672 423 5737 τ,
457 5670 550 5722 28.

1202 5577 1252 5612 ⁹⁰
1281 5581 1405 5632 Act.
1436 5596 1486 5646 v,
1528 5583 1558 5633 5
1617 5596 1798 5650 seqq,
1845 5597 1959 5649 xm,
2002 5583 2090 5635 11.

2128 4931 2283 4985 hunc
2315 4947 2349 4984 ει
2383 4931 2518 4984 Deo.
2554 4931 2710 4983 Deus
2740 4928 2899 4983 enim
2930 4934 3020 4985 est
3049 4928 3150 4999 qui
3183 4928 3364 4992 dedit,
3390 4935 3449 4982 et
3475 4929 3574 4998 qui
3597 4927 3765 4984 habi-

2127 5026 2210 5074 tat
2241 5020 2304 5073 in
2336 5018 2553 5088 templo
2589 5018 2830 5072 Dei.hoc
2862 5023 2971 5083 est,
3004 5019 3066 5072 in
3097 5034 3343 5088 corpore
3373 5024 3586 5071 vestro.
3625 5038 3647 5065 ι
3699 5019 3770 5070 Et

2126 5126 2247 5163 non
2273 5108 2414 5162 estis
2439 5107 2797 5175 vestrijuris.
2827 5127 2854 5156 »
2877 5109 3000 5162 Non
3026 5107 3387 5177 tollitipsam
3409 5105 3767 5172 libertatem,

2129 5197 2231 5250 sed
2261 5213 2295 5251 a
2326 5196 2497 5250 malis
2529 5201 2689 5249 arcet
2716 5195 3016 5264 operibus.
3048 5196 3386 5259 Dominum,
3418 5193 3633 5262 inquit,
3663 5193 3770 5248 ha-

2127 5286 2278 5340 betis
2311 5291 2592 5354 tanquam
2626 5284 2865 5346 servi,et
2896 5283 3045 5338 nihil
3077 5282 3306 5337 habetis
3338 5280 3667 5351 proprium,
3692 5297 3768 5335 ne

2127 5375 2324 5445 ipsum
2356 5373 2596 5443 quidem
2632 5388 2902 5444 corpus.«
2938 5372 3130 5440 Empti
3165 5386 3325 5440 enim
3350 5368 3490 5423 estis
3519 5369 3764 5439 pretio,»

2128 5479 2344 5533 nempe
2379 5461 2664 5532 sanguine
2697 5461 2822 5514 Filii
2857 5460 3064 5531 ipsius,
3095 5475 3226 5512 cum
3280 5456 3503 5511 redacti
3561 5457 3770 5512 essetis

2167 5578 2212 5614 9⁸
2247 5581 2413 5634 Rom.
2476 5582 2575 5643 xu,
2622 5581 2674 5630 5.
2752 5575 2850 5631 πῐ
2907 5576 3034 5630 Cur.
3069 5592 3164 5644 vn,
3225 5576 3276 5629 4.
3355 5573 3400 5609 '3
3455 5575 3654 5631 Matth.
3711 5580 3766 5647 5,
