4106 6252
339 226 458 289 723

1458 218 1889 281 (ECUMENII
1931 216 2236 278 ’l‘lthCE
2279 219 2664 283 EPISCOPI.

3650 216 3771 277 724

340 359 449 417 sub
482 362 836 431 potestatem
863 357 1114 411 Satanae.
1149 378 1175 405 «ι
1202 354 1533 410 Gloriﬁcate
1557 355 1683 425 jam
1716 355 1921 408 Deum.
1953 375 1973 402 ι

2108 369 2221 404 τατε
2289 348 2354 421 δὴ
2432 354 2525 407 τὸν
2579 352 2731 407 Θεόνο
2786 374 2815 403 »
2873 351 3024 406 Ἐπεὶ
3089 352 3179 405 οὖν
3232 349 3604 428 ἠγοράσθητε
3666 348 3772 404 ὑπὸ

338 446 829 517 Quandoquidem
852 444 1034 515 empti
1053 445 1197 499 estis
1219 460 1254 499 a
1279 442 1752 516 Deo,gloriﬁcate
1782 442 1980 514 ipsum

341 553 449 608 per
469 537 626 592 bona
645 534 946 607 opera.Ait
967 533 1125 588 enim
1153 549 1166 588 :
1192 556 1219 583 α
1246 532 1596 588 Utvidentes
1618 532 1777 587 bona
1805 548 1986 603 opera

339 623 877 698 vestragloriﬁcent
889 623 1120 677 Patrem
1136 625 1391 675 vestrum
1408 621 1506 692 qui
1526 621 1586 675 in
1600 620 1763 675 cmlis
1777 626 1866 675 est
1881 619 1981 675 Μ.»

341 747 408 757 -
435 738 461 764 ‹‹
487 716 555 768 Et
576 714 637 768 in
660 711 870 784 spiritu
893 716 1106 766 vestro.
1125 732 1153 758 »
1179 711 1296 764 Hoc
1320 708 1524 763 dicens
1547 709 1804 764 ostendit
1826 707 1985 780 quod

342 818 463 859 non
496 802 621 858 solo
653 816 898 873 corpore
928 800 1128 872 fugere
1160 803 1430 870 oporteat
1458 804 1751 870 stuprum,
1794 797 1896 853 sed
1928 804 1987 853 et

344 892 578 964 spiritu,
596 891 654 946 id
678 896 787 958 est,
810 889 1044 945 anima:
1068 894 1134 943 ut
1149 904 1342 958 neque
1363 892 1563 942 mente
1588 887 1691 942 fiat
1712 887 1985 958 pollutio.

343 982 441 1038 Ait
487 982 697 1036 enim:
734 1002 762 1029 ‹‹
819 978 1167 1048 Quicunque
1198 977 1495 1048 aspexerit
1549 976 1864 1031 mulierem
1911 976 1985 1031 ad

343 1068 1032 1142 concupiscendum,jam
1065 1083 1199 1122 cum
1223 1082 1293 1120 ea
1313 1064 1671 1120 adulterium
1689 1065 1989 1120 commisit

344 1161 407 1216 in
438 1159 615 1216 corde
646 1175 751 1213 suo
799 1158 862 1211 ⁸⁸.
893 1177 915 1208 ι
954 1178 981 1206 ι(
1013 1157 1151 1222 Qum
1186 1159 1325 1210 sunt
1353 1154 1476 1209 Dei.
1538 1176 1566 1205 »
1624 1155 1989 1226 Frequenter

346 1250 421 1307 ad
437 1248 779 1305 memoriam
794 1246 1025 1302 reducit
1046 1244 1203 1316 quod
1235 1260 1353 1298 non
1388 1243 1575 1299 simus
1596 1245 1785 1299 nostri
1808 1245 1987 1316 juris,

344 1339 450 1395 sed
483 1337 591 1393 sub
625 1336 872 1391 Domino
905 1335 1110 1389 simus.
1148 1334 1265 1388 Hoc
1296 1332 1514 1388 indicat
1548 1350 1560 1387 :
1598 1355 1625 1383 «
1656 1334 1794 1399 Quas
1853 1341 1991 1389 sunt

341 1428 465 1494 Dei,
504 1450 525 1476 ι
563 1431 621 1481 et
645 1441 763 1480 non
792 1423 956 1479 vobis
982 1422 1242 1495 prepria.

987 1539 1220 1593 CAPUT
1260 1539 1352 1592 IV.

529 1660 678 1717 475
715 1660 786 1714 De
813 1656 1025 1729 nuptiis
1054 1663 1107 1712 et
1136 1657 1410 1712 viduitate
1438 1673 1503 1713 ac
1535 1658 1812 1711 caelibatu.

424 1778 1005 1847 νΙΙ,1.4.‹‹Οωῑει“ιιιῐι
1021 1775 1092 1830 de
1115 1774 1329 1846 quibus
1344 1775 1666 1846 scripsistis
1687 1774 1996 1847 mihi,pul-

348 1892 380 1921 α
395 1869 603 1923 chrum
616 1864 940 1922 esthomini
953 1864 1267 1918 mulierem
1280 1880 1397 1917 non
1409 1864 1997 1936 attingere.Attamen

359 1977 382 2007 ι
414 1962 655 2029 propter
670 1960 875 2025 stupro
893 1952 1326 2019 vitanda,suam
1350 1952 1601 2023 quisque
1624 1968 1863 2007 uxorem
1891 1953 1997 2009 ha-

353 2065 382 2093 ‹‹
414 2044 637 2112 beat,et
660 2057 831 2096 suum
851 2053 1103 2111 quisque
1130 2039 1317 2093 virum
1340 2039 1761 2095 habeat.Uxori
1783 2041 1869 2095 vir
1894 2040 1997 2096 de-

356 2155 378 2182 ι
415 2131 601 2186 bitam
633 2129 842 2184 reddat
870 2128 1336 2183 benevolentiam
1364 2146 1377 2182 :
1412 2128 1689 2184 similiter
1717 2136 1915 2185 autem
1939 2135 1998 2186 et

350 2242 381 2273 ‹‹
408 2238 557 2275 uxor
576 2220 881 2274 viro.Uxor
900 2218 1123 2291 proprii
1146 2219 1411 2289 corporis
1424 2219 1526 2290 jus
1547 2236 1665 2275 non
1688 2219 1996 2289 habet,sed

351 2332 382 2360 κ
412 2308 811 2365 vir.Similiter
824 2313 1023 2363 autem
1045 2312 1099 2361 et
1127 2307 1214 2361 vir
1231 2308 1452 2380 proprii
1476 2309 1740 2381 corporis
1753 2310 1855 2382 jus
1877 2326 1995 2365 non

350 2421 379 2449 α
412 2398 610 2465 habet,
643 2397 748 2452 sed
781 2414 947 2452 uxor.
984 2417 1011 2444 ››

419 2576 789 2646 Scripserant
856 2573 1055 2645 Paulo,
1089 2579 1289 2629 utrum
1346 2578 1647 2646 oporteret
1685 2575 1756 2629 ab
1814 2591 1995 2630 uxore

351 2664 902 2731 abstinere,annon.
938 2686 964 2712 ‹‹
1003 2662 1325 2718 Pulchrum
1360 2669 1448 2718 est
1500 2663 1747 2717 homini.
1779 2685 1805 2712 ›ι
1860 2664 1994 2718 Pul-

361 2754 592 2819 chrum,
627 2753 844 2824 inquit,
874 2758 965 2807 est
993 2757 1052 2806 et
1079 2753 1363 2807 eximium
1394 2758 1462 2807 ut
1513 2752 1827 2808 mulierem
1877 2769 1997 2807 om-

354 2842 497 2896 nino
528 2858 649 2896 non
679 2841 929 2913 attingat
960 2857 973 2894 :
1006 2841 1165 2911 quod
1191 2848 1389 2895 autem
1437 2856 1709 2896 securum
1738 2846 1827 2896 est
1855 2847 1914 2896 et
1937 2842 1998 2896 in

359 2937 649 2993 auxilium
680 2936 1077 2993 imbecillitati
1106 2944 1323 2993 nostrae
1354 2938 1558 2993 datum
1589 2941 1772 3005 est,nt
1797 2938 1884 2992 vir
1912 2938 1997 2993 le~

351 3028 557 3101 gitima
589 3033 790 3084 utatur
819 3045 1021 3097 uxore,
1057 3034 1114 3084 et
1141 3046 1292 3085 uxor
1316 3030 1579 3103 legitimo
1619 3035 1820 3085 utatur
1849 3030 1992 3085 viro.

2022 1720 2074 1785 B

2090 446 2249 511 Θεοῦ,
2284 440 2543 512 δοξάσατε
2573 443 2736 498 αὐτὸν
2770 440 2860 497 διὰ
2914 447 3171 517 χρηστῶν
3195 443 3474 514 πράξεων.
3504 466 3535 493 ι(
3572 442 3771 496 “Om”:

2089 529 2211 605 γὰρ,
2246 531 2433 607 φησὶν,
2467 533 2698 605 ὁρῶντες
2746 533 2813 586 τὰ
2869 530 3012 586 καλά
3064 531 3215 603 ὑμῶν
3270 526 3424 604 ἔργα,
3489 526 3774 597 δοξάσωσι

2089 619 2180 675 τὸν
2214 621 2426 696 Πατέρα
2462 621 2614 693 ὑμῶν
2659 620 2753 675 τὸν
2784 620 2836 674 ἐν
2862 626 2981 681 τοῖς
3034 620 3301 693 οὐρανοῖς.
3334 644 3361 669 ι»
3394 651 3476 661 -
3516 644 3540 669 ι
3582 617 3696 674 Καὶ
3725 616 3777 671 ἐν

2089 712 2169 780 τῷ
2201 709 2472 782 πνεύματι
2506 710 2680 783 ὑμῶν.
2718 733 2745 761 ››
2805 712 2982 767 Τοῦτο
3037 708 3203 764 εἰπὼν
3264 705 3553 763 δείκνυσιν
3591 708 3680 761 ὅτι
3712 706 3777 760 οὗ

2094 797 2255 871 μόνον
2290 799 2506 872 σώματι
2564 800 2678 877 χρή
2739 798 2955 878 φεύγειν
3006 799 3107 868 τήν
3147 796 3430 873 πορνείαν,
3471 795 3641 852 ἀλλά
3683 795 3781 850 καὶ

2090 887 2379 960 πνεύματι,
2402 885 2577 962 ἤγουν
2632 890 2703 961 τῇ
2733 890 2913 965 ψυχῇ,
2972 892 3052 959 τῷ
3116 883 3256 960 μηδὲ
3309 887 3455 941 κατὰ
3520 882 3784 939 διάνοιαν

2093 974 2449 1049 μολύνεσθαι.
2481 1000 2509 1029 ι(
2540 978 2614 1039 Ος
2663 978 2769 1051 γάρ
2829 977 2914 1047 ἂν,
2973 976 3161 1055 φῃσῖν,
3219 970 3480 1050 ἐμϐλέψῃ
3531 973 3687 1048 πρὸς
3720 973 3785 1027 τὸ

2092 1063 2449 1138 ἐπιθυμῆσαι,
2498 1062 2608 1137 ἤδη
2643 1065 2965 1140 ἐμοιχευσεν
3022 1064 3074 1119 ἐν
3124 1068 3194 1138 τῇ
3246 1062 3449 1139 καρδίᾳ
3511 1063 3721 1118 αὐτοῦ.
3758 1085 3783 1113 ν

2099 1176 2126 1207 ι
2178 1154 2368 1211 Ἃτινά
2424 1152 2537 1209 ἐστι
2591 1158 2689 1209 τοῦ
2746 1158 2898 1211 θεοῦ.
2934 1178 2962 1206 ››
3022 1158 3244 1228 Συχνῶς
3324 1153 3771 1226 ἀναμιμνήσκει

2093 1243 2177 1298 ὅτι
2209 1242 2307 1298 οὐκ
2330 1241 2487 1316 ἐσμὲν
2519 1244 2742 1313 ἑαυτῶν,
2776 1241 2903 1298 ἀλλ’
2960 1243 3063 1297 ὑπὸ
3123 1241 3395 1309 Δεσπότην
3443 1241 3795 1314 τελοῦμεν.-

2095 1335 2273 1390 Τοῦτο
2307 1328 2493 1403 δηλοῖ,
2531 1356 2555 1386 ιι
2598 1333 2793 1389 ’Ἁτινά
2830 1331 2943 1387 ἐστι
2972 1336 3068 1387 τοῦ
3098 1336 3255 1401 Θεοῦ,
3289 1356 3316 1383 ››
3375 1331 3472 1387 καὶ
3512 1330 3635 1407 οὐχ
3669 1333 3769 1387 ἒαυ

2094 1442 2225 1479 των.

2738 1546 2999 1598 ΚΕΦΑΛ.
3032 1549 3103 1596 Δ.

2313 1655 2443 1729 Περὶ
2474 1654 2656 1730 γάμου
2685 1653 2776 1709 καὶ
2825 1654 3054 1733 χηρείας
3121 1653 3212 1709 καὶ
3271 1654 3546 1728 ἀγαμίας.

2174 1769 2309 1847 Περὶ
2356 1768 2414 1825 δὲ
2468 1772 2542 1825 ὧν
2602 1769 2867 1846 ἐγράψατέ
2926 1792 3047 1845 μοι,
3105 1769 3274 1827 καλὸν
3327 1771 3624 1846 ἀνθρώπῳ
3686 1795 3782 1849 γυ-

2103 1861 2291 1922 ναικὸς
2351 1861 2426 1932 μὴ
2506 1862 2785 1923 ἅπτεσθαι.
2847 1860 2944 1915 Διᾶ
3012 1858 3071 1915 δὲ
3133 1860 3230 1922 τὰς
3297 1862 3591 1936 πορνείας,
3659 1860 3782 1917 ἔκα-

2106 1969 2229 2011 στος
2294 1951 2397 2017 τήν
2453 1950 2645 2005 ἑαυτοῦ
2699 1955 2924 2023 γυναῖκα
2980 1949 3152 2023 ἐχέτω
3188 1991 3202 2015 ,
3260 1950 3350 2004 καὶ
3408 1949 3636 2021 ἐπάστη
3682 1951 3777 2006 τὸν

2106 2035 2242 2093 ἴδιον
2292 2035 2454 2114 ἄνδρα
2512 2037 2706 2114 ἒχέτω.
2762 2041 2847 2104 Τῆ
2898 2039 3114 2114 γυναικὶ
3172 2041 3200 2094 6
3256 2040 3392 2115 ἀνὴρ
3444 2044 3560 2112 τὴν
3620 2039 3781 2118 ὄφει-

2106 2123 2343 2201 λομὲνην
2409 2125 2618 2184 εὔνοιαν
2704 2126 3063 2197 ἀποδιδότω,
3145 2132 3355 2203 ὁμοίως
3440 2128 3505 2186 δὲ
3585 2132 3686 2188 καὶ
3740 2134 3774 2202 ἡ

2106 2217 2242 2294 γυνή
2300 2215 2381 2288 τῷ
2437 2213 2613 2289 ἀνδρί.
2676 2218 2741 2274 Ἥ
2792 2217 2930 2291 γυνή
2979 2221 3076 2272 τοῦ
3135 2216 3279 2273 ἰδίου
3338 2219 3608 2288 σώματος
3671 2218 3775 2274 οὐκ

2105 2303 2420 2377 ἐξουσιάζει,
2478 2304 2603 2361 ἀλλ’
2663 2306 2691 2360 6
2742 2305 2902 2377 ἀνήρ.
2963 2307 3206 2379 Ὁμοίως
3267 2304 3325 2361 δὲ
3378 2307 3471 2362 καὶ
3537 2310 3566 2363 ὁ
3632 2309 3768 2379 ἀνὴρ

2103 2399 2202 2451 τοῦ
2277 2391 2418 2449 ἰδίου
2520 2396 2775 2468 σώματος
2876 2396 2980 2450 οὐχ
3079 2395 3397 2466 ἐξουσιάζει,
3494 2396 3630 2453 ἀλλ’
3729 2400 3762 2465 ἡ

2104 2486 2259 2559 γυνή·

2178 2575 2452 2649 Ἒγραψαν
2483 2578 2561 2646 τῷ
2611 2572 2815 2647 Παύλῳ
2846 2572 2896 2629 εἴ
2941 2571 3023 2630 δεῖ
3080 2573 3372 2651 ἀπέχεσθαι
3436 2577 3753 2653 γυναικόςῆ

2108 2660 2192 2720 οὗ.
2226 2688 2253 2715 ‹‹
2281 2662 2459 2720 Καλὸν
2493 2664 2784 2738 ἀνθρώπῳ.
2824 2687 2851 2716 ω
2888 2664 2958 2718 Τὸ
2987 2664 3082 2737 μὲν
3112 2664 3279 2719 καλὸν
3311 2665 3405 2720 καὶ
3466 2667 3748 2742 ὑπερέχον,

2109 2751 2294 2832 φησῖν,
2326 2745 2436 2807 ἔστι
2466 2752 2550 2821 τὸ,
2584 2751 2730 2814 ὅλως
2779 2753 2856 2824 μή
2911 2753 3166 2808 ἅπτεσθαι
3224 2754 3495 2827 γυναικός.
3566 2756 3637 2812 Τὸ
3692 2752 3743 2807 δὲ

2110 2839 2345 2913 ἀσφαλὲς
2375 2839 2465 2894 καὶ
2501 2840 2738 2916 βοηθοῦν
2769 2843 2839 2914 τῇ
2881 2840 3125 2912 ἀσθενείᾳ
3154 2843 3338 2915 ἡμῶν,
3393 2844 3475 2903 τὸ.
3523 2843 3731 2914 νομίμῳ

2107 2929 2411 3003 κεχρῆσθαι
2430 2928 2668 3002 γυναικὶ,
2704 2930 2795 2983 καὶ
2826 2929 2908 2997 τὸ,
2943 2927 3172 3002 νομίμῳ
3227 2938 3523 3006 κεχρῆσθαι
3565 2927 3726 3003 ἀνδρί.

2115 3042 2134 3067 ι
2175 3016 2273 3071 Διά
2312 3014 2369 3071 δὲ
2419 3016 2514 3078 τὰς
2573 3016 2851 3092 πορνείας,
2888 3042 2910 3070 ι
2975 3015 3125 3089 Αὕτη
3157 3021 3193 3089 ἡ
3223 3026 3324 3089 τῆς
3356 3022 3739 3095 συγχωρήσεως

353 3093 382 3167 ξ
412 3122 678 3173 Attamen
712 3124 953 3189 propter
982 3093 1187 3190 stupra
1214 3093 1467 3175 vitanda.
1498 3141 1525 3169 »
1549 3121 1680 3175 Haec
1712 3120 1841 3191 ipsa
1869 3137 1994 3191 per-

2108 3104 2268 3173 αἰτία,
2303 3105 2377 3167 εἰς
2436 3104 2744 3180 ἐγκράτειαν
2793 3106 3120 3182 παρακαλεῖ.
3154 3133 3182 3159 ‹‹
3217 3109 3325 3177 Τήν
3388 3109 3748 3185 ὀφειλομένην

352 3207 655 3262 missionis
687 3224 864 3263 causa
894 3207 969 3262 ad
997 3210 1421 3265 continentiam
1447 3209 1850 3266 adhortatum:
1885 3211 1994 3264 De-

350 3296 532 3351 bitam
593 3297 1086 3353 benevolentiam.
1132 3320 1160 3348 ››
1209 3300 1476 3355 Ostendit
1528 3300 1997 3356 benevolentiam

355 3384 623 3439 debitum
657 3401 807 3452 esse,
842 3391 986 3456 puta
1016 3386 1362 3441 ﬁdelitatem
1395 3404 1463 3442 ac
1511 3395 1782 3443 mutuum
1833 3406 1996 3445 amo-

354 3477 572 3542 rem,et
612 3488 729 3527 non
760 3475 944 3544 gratis
975 3474 1259 3528 exhiberi.
1304 3498 1331 3525 ‹‹
1383 3476 1667 3530 Similiter
1696 3483 1893 3531 autem
1943 3482 2003 3532 et

354 3562 442 3615 vir
472 3561 562 3615 sui
595 3561 861 3632 corporis
882 3562 984 3632 jus
1041 3578 1159 3617 non
1190 3561 1388 3619 habet.
1426 3585 1453 3612 ››
1510 3565 1998 3636 Quandoquidem

356 3647 605 3714 dixerat,
641 3671 668 3699 «
701 3649 967 3705 Debitam
1000 3650 1491 3718 benevolentiam,
1526 3674 1546 3701 ι
1580 3653 2000 3725 interpretatus

357 3744 448 3793 est
479 3755 750 3810 quasnam
782 3739 885 3795 illa
916 3741 1023 3797 sit:
1062 3741 1216 3809 Haec,
1249 3741 1461 3812 inquit,
1494 3747 1580 3795 est
1611 3741 1768 3813 quod
1807 3759 2000 3814 neque

354 3827 444 3882 vir
473 3844 667 3900 neque
699 3846 847 3884 uxor
875 3830 964 3884 sui
996 3831 1259 3902 corporis
1282 3832 1384 3903 jus
1416 3832 1653 3900 habent,
1689 3833 1792 3888 sed
1823 3834 2000 3904 hujus

349 3918 452 3989 jus
482 3918 633 3974 alter
662 3919 858 3975 habet.
899 3920 1136 3975 Videtur
1162 3928 1358 3977 autem
1407 3922 1815 3979 benevolentia
1872 3942 2000 3981 esse

358 4009 717 4076 amicitia,et
747 4010 998 4065 maxime
1029 4010 1350 4067 benevolus
1382 4012 1574 4068 ﬁdelis
1606 4015 1853 4069 amicus.
1889 4017 2000 4070 Ve-

358 4112 489 4150 rum
523 4114 700 4168 quam
732 4098 806 4153 ob
837 4114 1077 4154 causam
1110 4100 1169 4153 in
1201 4100 1336 4155 aliis
1357 4101 1491 4173 plus
1516 4102 1721 4157 tribuit
1744 4104 1998 4169 viro,ubi

357 4184 430 4239 de
462 4186 831 4259 subjectione
892 4192 951 4241 et
978 4194 1270 4258 potestate
1330 4189 1439 4261 ipsi
1475 4208 1670 4246 sermo
1702 4199 1810 4253 est,
1843 4210 2001 4249 nunc

355 4287 553 4336 autem
586 4279 985 4350 aequalitatem
1018 4278 1222 4334 dedit?
1253 4283 1320 4333 Et
1349 4279 1602 4336 dicimus
1625 4282 1783 4352 quod
1814 4282 1895 4337 ibi
1928 4282 1998 4337 de

353 4369 639 4442 primario
668 4369 782 4440 ipsi
815 4384 1012 4423 sermo
1045 4374 1314 4435 est,nunc
1344 4386 1479 4424 vero
1512 4370 1584 4424 de
1612 4371 1995 4440 continentia,

353 4459 417 4514 in
447 4475 567 4530 qua
594 4464 807 4514 neuter
834 4457 970 4529 plus
1000 4462 1104 4512 aut
1132 4458 1329 4511 minus
1361 4458 1578 4514 habere
1610 4459 1804 4515 debet.

430 4550 667 4613 Vll,5.7.
699 4571 717 4595 -
742 4548 820 4601 Ne
837 4546 1660 4612 fraudetisvosiuvicem,nisi
1680 4549 1727 4603 si
1751 4549 1894 4620 quid
1926 4566 1995 4604 ex

353 4658 382 4687 «
410 4651 704 4691 consensu
724 4634 795 4689 ad
814 4639 1141 4705 tempus,ut
1160 4635 1403 4707 vaeetisj
1414 4637 1463 4707 ej
1475 4637 1613 4691 unio
1636 4638 1958 4693 etorationi
1980 4656 1993 4692 :

351 4745 381 4773 «ι
404 4739 762 4793 rursumque
776 4723 836 4776 in
849 4738 1031 4777 unum
1048 4723 1512 4789 conveniatis,ne
1531 4731 1716 4780 tentet
1728 4743 1825 4780 vos
1840 4726 1996 4782 Sata-

349 4834 379 4862 «
405 4828 512 4867 nas
541 4816 782 4883 prepter
811 4810 1332 4881 intemperantiam
1363 4816 1765 4869 vestram.lloc
1795 4820 1995 4870 autem

349 4920 377 4948 ‹‹
403 4898 536 4954 dico
569 4915 640 4953 ex
673 4897 1213 4969 permissione,non
1243 4915 1313 4953 ex
1346 4907 1641 4972 prmeepto
1672 4903 1824 4956 476
1853 4905 1994 4958 Nam

348 5010 377 5038 «
405 5002 683 5061 cuperem
707 5001 913 5040 omnes
935 4986 1206 5041 homines
1229 5004 1359 5042 esse
1381 4995 1445 5043 ut
1458 5006 1562 5061 ego
1585 4990 1710 5061 ipse
1724 4992 1996 5047 sum.Sed

351 5097 374 5125 ι
405 5077 814 5148 unusquisque
836 5075 1141 5147 proprium
1163 5076 1384 5131 donum
1408 5077 1664 5133 habetex
1679 5081 1794 5134 Deo
1814 5096 1826 5135 :
1844 5097 1996 5136 unus

344 5189 374 5218 «
410 5168 653 5239 quidem
687 5167 790 5232 sic,
820 5164 977 5220 alius
1009 5181 1141 5219 vero
1173 5166 1278 5220 sic.
1316 5190 1344 5215 υ

419 5258 557 5313 Vide
598 5256 757 5328 quod
788 5261 848 5311 et
877 5255 971 5311 hic
1001 5271 1237 5327 quoque
1268 5254 1532 5313 debitum
1579 5261 2000 5333 significaverit

348 5346 527 5401 verbo
562 5370 589 5395 ‹‹
614 5345 910 5402 Fraudare
944 5367 971 5396 »ι
1001 5376 1069 5385 —-
1101 5367 1129 5395 «
1163 5343 1283 5399 Nisi
1316 5345 1363 5399 si
1388 5348 1529 5417 quid
1553 5365 1621 5403 ex
1643 5365 1993 5407 consensu.»

422 5492 467 5528 υ
495 5492 696 5549 Matth.
729 5512 779 5562 ν,
815 5494 900 5550 16.
978 5493 1025 5529 νδ
1054 5494 1197 5551 ibid.
1231 5498 1321 5555 28.

2023 4457 2070 4521 D

2105 3191 2336 3250 εὔνοιαν.
2370 3192 2636 3264 »Ἔδειξε
2695 3194 2861 3270 χρέος
2914 3195 3074 3251 οὖσαν
3130 3197 3230 3265 τήν
3299 3193 3538 3265 εὔνοιαν,
3589 3195 3751 3273 ἤγουν

2104 3284 2203 3351 τὴν
2235 3282 2414 3338 πίστιν
2448 3285 2536 3337 ιιαὶ
2564 3304 2661 3352 την
2710 3281 2948 3360 ἀγάπην,
2981 3284 3071 3340 καὶ
3131 3286 3193 3341 οὑ
3246 3282 3454 3357 δωρεὰν
3521 3306 3755 3362 παρεχο-

2108 3372 2299 3445 μένην.
2350 3397 2377 3424 ‹‹
2410 3372 2652 3447 Ὁμοίως
2712 3370 2769 3427 δὲ
2798 3375 2884 3428 καὶ
2922 3375 2950 3429 ὁ
2983 3375 3117 3450 ἀνὴρ
3148 3379 3243 3429 τοῦ
3303 3372 3446 3430 ἰδίου
3504 3377 3760 3449 σώματος

2107 3460 2206 3523 οὐκ
2233 3459 2549 3532 ἐξουσιάζει.
2585 3487 2607 3516 ι
2676 3459 2898 3532 Ἐπειδὴ
2959 3463 3103 3532 εἷπε,
3161 3489 3187 3515 ‹‹
3222 3464 3330 3533 Τὴν
3390 3463 3757 3537 ὀφειλομένην

2105 3545 2338 3617 εὔνοιαν,
2372 3574 2399 3602 ››
2431 3552 2744 3626 ἡρμήνευσε
2768 3551 2898 3605 ποία
2930 3550 3089 3610 ἐστίν.
3135 3552 3311 3623 Αὕτη,
3369 3552 3556 3629 φησίν·
3620 3552 3760 3612 Οὔτε

2106 3637 2263 3713 ἀνὴρ,
2296 3636 2420 3694 οὔτε
2475 3639 2606 3714 γυνὴ
2662 3643 2760 3694 τοῦ
2819 3636 2961 3694 ἰδίου
3016 3645 3271 3713 σῶματος
3330 3641 3761 3714 ἐξουσιάζουσιν,

2105 3726 2251 3783 ἀλλὰ
2280 3730 2378 3798 τὴν
2402 3729 2596 3784 τούτου
2626 3727 2870 3798 ἐξουσίαν
2920 3731 2948 3785 ὁ
2979 3727 3163 3805 ἕτερος
3217 3725 3355 3810 ἔχει.
3418 3732 3519 3789 Καὶ
3574 3731 3761 3807 φαίνε-

2103 3836 2192 3871 ται
2226 3815 2411 3872 εὔνοια
2459 3821 2493 3887 ἡ
2554 3816 2736 3895 φιλία,
2793 3817 3143 3882 εὐνούστατος
3173 3821 3201 3875 ὁ
3235 3821 3425 3883 πιστὸς
3477 3821 3663 3897 φίλος.
3697 3821 3760 3879 Τί

2107 3902 2174 3976 δή
2206 3927 2338 3962 ποτε
2368 3904 2427 3961 δὲ
2453 3905 2505 3961 ἐν
2544 3908 2637 3980 μὲν
2668 3913 2782 3970 τοῖς
2815 3907 3011 3970 ἄλλοις
3039 3910 3102 3963 τὸ
3135 3908 3300 3965 πλέον
3330 3908 3522 3965 δίδωσι
3552 3916 3631 3981 τῷ
3665 3912 3760 3965 ἀν-

2107 3992 2192 4069 δρί
2219 3993 2341 4051 ἔνθα
2370 3997 2494 4071 περί
2528 3996 2804 4071 ὑποταγῆς
2834 3998 2926 4052 καὶ
2985 3997 3223 4068 ἐξουσίας
3280 4000 3308 4053 ὁ
3356 3997 3527 4074 λόγος
3585 4001 3755 4072 αὐτῷ,

2104 4089 2195 4139 νῦν
2227 4082 2283 4139 δὲ
2313 4087 2411 4153 τήν
2447 4085 2672 4156 ἰσότητα
2702 4083 2870 4141 ἔδωκε
2906 4105 2920 4153 ;
2955 4088 3051 4140 Καὶ
3087 4108 3286 4163 φαμεν,
3336 4087 3420 4142 ὅτι
3479 4087 3593 4143 ἐκεῖ
3632 4090 3752 4160 μὲν,

2105 4175 2225 4249 περῖ
2277 4179 2372 4229 τοῦ
2431 4174 2664 4250 ἀρχικοῦ
2698 4176 2725 4230 6
2757 4173 2921 4251 λόγος
2950 4175 3119 4248 αὐτῷ,
3171 4181 3262 4231 νῦν
3318 4173 3395 4244 δὲ,
3454 4180 3580 4253 περὶ
3634 4200 3753 4234 σιυ-

2103 4264 2396 4342 φροσύνης,
2429 4263 2479 4317 ἐν
2628 4260 2809 4328 οὐδεὶς
2859 4266 2921 4320 τὸ
2976 4268 3143 4320 πλέον
3189 4266 3223 4336 ἢ
3253 4267 3316 4322 τὸ
3346 4264 3571 4323 ἔλαττον
3606 4266 3752 4344 ἔχειν

2105 4352 2334 4430 ὀφείλει.

2175 4555 2267 4624 Μὴ
2302 4553 2647 4629 ἀποστερεῖτε
2702 4553 3012 4627 ἀλλήλους,
3058 4555 3104 4611 εί
3140 4559 3214 4629 μή
3272 4579 3325 4612 τι
3385 4558 3446 4612 ἂν
3504 4558 3565 4615 ἐκ
3615 4582 3756 4633 συμ-

2105 4641 2288 4716 φώνου
2344 4644 2479 4718 πρὸς
2559 4644 2745 4718 καιρὸν
2791 4688 2804 4712 ,
2874 4643 2959 4699 ἵνα
3018 4645 3331 4720 σχολάςητε
3381 4651 3448 4720 τῇ
3509 4650 3751 4720 νηστείᾳ,

2103 4727 2194 4780 καὶ
2260 4730 2327 4799 τῇ
2378 4732 2660 4802 προσευχῇ
2697 4771 2711 4796 ,
2772 4728 2862 4783 καὶ
2913 4730 3078 4785 πάλιν
3140 4730 3427 4786 ἐπιτοαυτὸ
3480 4733 3752 4809 συνέρχη-

2105 4817 2244 4885 σθε,
2294 4813 2383 4870 ἵνα
2441 4818 2518 4889 μή
2578 4818 2806 4890 πειράζῃ
2867 4818 3006 4888 ὑμᾶς
3058 4819 3090 4872 ἀ
3147 4825 3387 4882 Σατανᾶς
3421 4864 3436 4890 ,
3495 4818 3586 4876 διὰ
3652 4825 3749 4890 τήν

2105 4904 2360 4980 ἀκρασίαν
2420 4905 2592 4978 ὑμῶν.
2650 4908 2825 4963 Τοῦτο
2893 4903 2949 4960 δὲ
3009 4907 3155 4981 λέγω
3211 4910 3346 4962 κατὰ
3396 4913 3750 4986 συγγνώμην,

2106 4993 2168 5049 οὐ
2227 4996 2344 5049 κατ’
2403 4993 2689 5069 ἐπιταγήν
2768 4993 2912 5059 θέλω
2985 4996 3087 5071 γὰρ
3180 4998 3379 5059 πάντας
3432 4998 3750 5073 ἀνθρώπους

2107 5082 2348 5144 εἶναιώς
2377 5084 2467 5138 καὶ
2526 5082 2780 5156 ἐμαυτὸν,
2837 5080 2963 5138 ἀλλ’
3028 5080 3251 5146 ἕκαστος
3305 5083 3447 5141 ἴδιον
3504 5091 3752 5163 χάρισμα

2105 5168 2223 5248 ἔχει
2264 5173 2323 5227 ἐκ
2352 5177 2509 5241 Θεοῦ,
2542 5171 2601 5237 ὅς
2628 5172 2721 5244 μὶν
2755 5169 2952 5239 οὕτως,
2984 5173 3045 5233 ’ὸς
3076 5169 3135 5227 δὲ
3165 5173 3355 5237 οὕτως.

2176 5262 2309 5335 Ὅρα
2340 5263 2431 5316 καὶ
2463 5259 2593 5330 ὧδε,
2644 5261 2705 5316 τὸ
2738 5259 2899 5335 χρέος
2958 5264 3227 5335 σημανθέν
3277 5270 3357 5338 τῷ
3414 5265 3620 5340 ῥήματι
3652 5276 3747 5337 τῆς

2104 5349 2558 5425 ἀποστερήσεως.
2620 5375 2649 5404 ι(
2705 5349 2767 5406 Εἰ
2831 5350 2907 5422 μή
2961 5370 3012 5404 τι
3067 5350 3127 5406 ἂν
3188 5352 3249 5407 ἐκ
3308 5357 3603 5433 συμφώνου
3645 5400 3658 5412 .
3722 5380 3746 5405 ››
