4106 6252
323 306 450 368 725

331 439 432 505 Μὴ
481 434 903 512 ἐγκρατευέσθω,
971 435 1126 504 φησὶ,
1185 433 1427 507 θάτερος,
1485 435 1707 508 θατέρου
1745 436 1818 506 μή
1857 435 1980 508 βου·
2016 439 2066 503 Α

333 523 600 597 λοίεένου,
628 526 703 596 μή
738 545 854 584 πως
885 523 1137 595 πορνείας
1171 526 1395 599 γενηται
1427 524 1684 599 πρόξενος
1716 529 1794 595 τῷ
1827 522 1993 598 ἱτέρῳ

341 613 498 689 μέρει
532 616 566 682 ἡ
600 612 902 687 ἐγκράτεια.
941 637 966 662 ι(
999 613 1141 684 Πρὸς
1191 608 1401 683 καιρόν.
1439 637 1466 662 ι)
1523 609 1801 679 Τουτέστι,
1858 613 1994 666 κατὰ

339 703 534 777 καιρὸν
567 702 660 757 τὸν
693 703 1062 776 προσήκοντα.
1098 700 1356 775 Εὐκαιρία
1387 698 1444 756 δέ
1491 700 1634 756 ἐστιν
1683 701 1926 776 ἀποχῆς,
1956 703 1991 771 ὴ

336 791 567 861 νηστεία
597 789 685 844 καί
718 793 752 860 ἡ
785 791 1093 864 προσευχή.
1126 794 1299 845 Τοῦτο
1359 789 1436 860 δέ,
1499 792 1684 869 φησὶν,
1745 789 1806 844 οὐ
1863 788 1992 851 τους

339 879 597 942 συνόντας
640 879 880 956 γυναικί,
922 876 1178 953 εὔχεσθαι
1207 881 1241 950 ἢ
1273 879 1546 950 νηστεῦειν
1579 878 1831 948 κωλύων,
1870 876 1995 933 ἀλλ’

336 971 494 1033 ’ὁπως
524 971 560 1038 ἡ
597 967 735 1043 εὖχή
785 969 878 1022 καὶ
929 969 964 1036 ἡ
1015 967 1235 1038 νηστεία
1296 965 1691 1043 σπουδαιοτέρα
1746 966 1988 1043 γὲνηται·

334 1059 638 1132 ’Λπέχεσθε
666 1058 793 1133 γὰρ,
828 1057 1014 1131 φησὶν,
1057 1055 1152 1110 ἵνα
1209 1058 1525 1135 σχολάσητε
1553 1057 1620 1131 τῇ
1653 1055 1874 1127 νηστείᾳ
1902 1056 1990 1110 καὶ

329 1151 402 1219 τῇ
435 1149 747 1224 προσευχῆ,
784 1144 861 1207 ὠς
892 1152 990 1214 τῆς
1049 1146 1246 1218 μίξεως
1306 1144 1573 1221 ἀσχολίαν
1608 1145 1706 1200 οὐκ
1753 1145 1992 1219 ἀκαθαρ-

335 1235 458 1296 σίας
507 1235 804 1304 ποιούσης,
867 1233 1063 1307 μίξεως
1133 1233 1191 1289 δὲ
1245 1241 1346 1303 τῆς
1395 1235 1530 1308 πρὸς
1585 1237 1684 1304 τὴν
1744 1233 1990 1307 νομίμην

335 1329 588 1400 γυναῖκα.
646 1349 666 1374 ι
703 1323 801 1378 Διά
860 1325 958 1392 τήν
1021 1322 1279 1396 ἀκρασίαν
1341 1321 1513 1396 ὕμῶν.
1557 1348 1585 1374 ι)
1642 1329 1756 1378 Ἵνα
1817 1322 1991 1396 μάθῃς

339 1413 426 1468 δτι
459 1411 565 1487 οὐχ
593 1413 622 1466 6
657 1407 918 1474 διάϐολος
972 1411 1131 1484 μόνος
1190 1411 1363 1473 αἴτιος
1393 1419 1492 1481 τῆς
1522 1411 1798 1484 πορνείας,
1844 1409 1992 1466 ἀλλὰ

340 1503 432 1557 καὶ
486 1505 521 1571 ἡ
581 1505 742 1573 ἡμῶν
804 1501 1050 1576 ἀκρασία,
1095 1501 1304 1576 ἐπάγει,
1363 1527 1390 1553 ‹‹
1423 1502 1521 1556 Διά
1579 1504 1675 1572 τήν
1733 1500 1990 1576 ἀκρασίαν

337 1592 516 1664 ὑμῶν,
549 1616 576 1641 ››
611 1587 820 1652 δεικνὺς
853 1589 997 1646 ἔνθεν
1039 1589 1278 1663 μᾶλλον,
1309 1590 1344 1660 ἢ
1378 1589 1437 1646 ἐκ
1462 1595 1558 1646 τοῦ
1605 1586 1868 1646 διαϐόλου
1901 1591 1989 1665 γί-

330 1692 518 1744 νεσθαι
578 1679 935 1756 πειρασμοὺς,
998 1704 1025 1731 ‹‹
1062 1680 1139 1737 Οὐ
1192 1682 1309 1735 κατ’
1367 1679 1650 1754 ἐπιταγήν.
1685 1704 1712 1731 ››
1747 1713 1812 1722 -
1845 1682 1862 1753 [
1895 1682 1988 1735 ΟΙ-

1311 303 1708 364 COMMENT.
1754 306 1840 365 ΙΝ
1889 304 2134 364 EPIST.
2182 305 2204 364 Ι
2249 306 2355 364 AD
2400 303 2767 366 CORINTH.

3626 303 3744 362 726

2099 439 2178 491 Ne
2209 437 2536 504 contineat,
2571 437 2783 507 inquit,
2817 436 2964 490 alter
2995 435 3235 490 nolente
3266 434 3473 499 altero,
3509 450 3582 489 ne
3623 451 3740 505 quo

2101 526 2276 580 modo
2299 527 2692 598 temperantia
2709 525 2963 580 sitalteri
2981 524 3130 596 parti
3151 540 3331 579 causa
3355 525 3563 596 stupri.
3601 544 3620 572 ι
3655 524 3743 578 Ad

2101 620 2354 686 tempus.
2391 639 2417 664 ››
2452 616 2570 670 Hoc
2601 620 2709 680 est,
2744 614 3116 668 convenienti
3165 619 3452 684 tempore.
3501 613 3741 669 Occasio

2101 711 2297 760 autem
2329 691 2668 760 abstinendi
2697 703 3109 774 estjejunium
3142 709 3200 757 et
3229 703 3438 757 oratio.
3482 704 3600 757 Hoc
3633 718 3742 757 au-

2101 800 2216 849 tem
2251 795 2414 858 dicit,
2449 812 2568 850 non
2600 793 2923 865 prohibens
2971 809 3072 846 eos
3121 791 3222 862 qui
3281 791 3745 846 commiscentur

2099 901 2233 939 cum
2261 883 2734 955 uxorejejunare
2761 881 3144 952 autprecari:
3192 879 3294 935 sed
3347 885 3412 934 ut
3443 879 3742 950 jejunium

2098 989 2166 1028 ac
2198 973 2386 1028 oratio
2413 971 2738 1027 studiosius
2762 970 2884 1024 ﬁat.
2909 971 3052 1024 Nam
3098 968 3412 1034 abstinete,
3437 966 3652 1038 inquit,
3682 972 3747 1020 ut

2097 1062 2315 1116 vacetis
2333 1061 2570 1133 jejunio
2594 1066 2652 1114 et
2673 1059 2928 1114 orationi
2960 1075 2972 1112 :
2997 1075 3072 1112 ne
3103 1056 3376 1112 videlicet
3406 1056 3742 1127 occupatio-

2099 1167 2237 1205 nem
2269 1156 2475 1205 causet
2507 1149 2821 1220 impuritas
2849 1147 3282 1203 commistionis
3314 1162 3448 1200 cum
3480 1145 3746 1217 legitima

2097 1256 2300 1295 uxore.
2335 1262 2362 1288 «
2398 1241 2646 1310 Propter
2675 1236 3196 1308 intemperantiam
3254 1239 3531 1289 vestram.
3587 1255 3614 1282 ››
3676 1234 3747 1287 Ut

2099 1329 2294 1384 discas
2317 1327 2474 1399 quod
2498 1344 2617 1382 non
2641 1326 2802 1381 solus
2826 1325 3099 1380 diabolus
3117 1323 3306 1396 stupri
3330 1339 3508 1378 causa
3531 1323 3624 1390 sit,
3642 1321 3746 1377 sed

2099 1419 2277 1473 etiam
2311 1423 2517 1472 nostra
2549 1414 3026 1486 intemperantia,
3061 1412 3384 1484 subjungit,
3420 1432 3447 1459 «
3501 1415 3750 1482 Propter

2098 1506 2625 1578 intemperantiam
2658 1510 2911 1559 vestram
2939 1519 2952 1556 :
2987 1525 3014 1552 »
3047 1502 3369 1556 ostendens
3401 1500 3539 1554 hinc
3561 1499 3747 1570 magis

2097 1613 2275 1668 quam
2309 1611 2378 1650 ex
2409 1594 2645 1649 diabolo
2677 1593 2818 1647 oriri
2853 1592 3232 1646 tentationes.
3269 1612 3296 1640 «
3329 1591 3455 1645 Non
3498 1606 3565 1642 ex
3596 1605 3744 1659 prm-

2097 1691 2286 1756 cepto.
2325 1705 2348 1734 ν
2386 1685 2584 1753 Neque
2615 1682 2773 1736 enim
2825 1681 2997 1746 sicut,
3050 1702 3079 1728 «
3137 1681 3261 1734 Non
3315 1677 3586 1743 occides;
3621 1678 3745 1730 Non

333 1771 552 1827 ΚΟΥΜ.
582 1769 702 1845 ]Οὖ
734 1769 840 1843 γὰρ
871 1769 1051 1843 ὥσπερ
1073 1769 1157 1839 τὸ,
1181 1794 1209 1820 ‹‹
1233 1770 1310 1826 Οὐ
1344 1769 1682 1843 μοιχεύσεις,
1704 1768 1781 1825 Οὐ
1801 1767 1978 1844 φονεύ

2099 1773 2460 1830 adulterium
2493 1771 2850 1837 committes,
2886 1791 2914 1819 υ
2947 1770 3028 1823 ita
3051 1785 3212 1822 nunc
3271 1783 3506 1838 quoque
3559 1781 3634 1820 ne
3685 1782 3745 1820 se

332 1878 468 1924 σεις,
501 1883 529 1908 υ
562 1855 671 1928 ἤδη
705 1858 794 1912 καὶ
838 1857 900 1912 τὸ
954 1860 1028 1930 μή
1084 1858 1398 1931 ἀποστερεῖν
1457 1855 1743 1926 ἀλλήλους
1796 1855 1981 1911 ἐπιτα-

331 1950 405 2023 γή
441 1947 523 2008 τίς
555 1945 691 2014 ἐστι,
748 1947 838 2000 καὶ
897 1945 1173 2009 ἐπαινετὸς
1206 1949 1234 2002 6
1265 1951 1424 2002 τοῦτο
1456 1951 1628 2002 ποιῶν
1687 1947 1762 2010 ὡς
1816 1945 1981 2018 νόμον

329 2034 586 2110 πληρῶν.
671 2035 814 2090 Κατά
893 2036 1246 2112 συγγνώμην,
1340 2035 1496 2113 φησὶ,
1580 2040 1746 2090 τοῦτο
1808 2035 1979 2103 εἶπον,

329 2118 672 2200 συγκαταϐὰς
722 2126 789 2196 τῇ
850 2123 1091 2194 ἀσθενείᾳ
1145 2124 1322 2197 ὐμῶν,
1386 2123 1484 2178 οὐκ
1541 2122 1828 2178 ἐπιτάσσω.
1888 2125 1976 2192 Μὴ

331 2214 702 2287 ἀποστερεῖτε,
755 2209 903 2266 ἀλλά
943 2211 1206 2286 μακάριος
1266 2213 1293 2266 6
1349 2212 1825 2287 ἐγκρατευόμενος.
1889 2213 1983 2267 Ἐκ

329 2300 386 2358 δὲ
405 2307 504 2357 τοῦ
547 2302 744 2370 εἰπεῖν,
805 2302 1162 2377 συγγνώμην,
1195 2298 1388 2374 ἔδειξεν
1423 2301 1508 2356 ὅτι
1565 2301 1654 2355 καὶ
1710 2322 1982 2374 κατεγνω-

332 2389 529 2465 σμένον
585 2391 810 2460 πράττει
880 2393 1130 2464 πρᾶγμα,
1162 2391 1190 2444 6
1226 2389 1390 2463 μόνον
1447 2388 1497 2444 ἐν
1548 2394 1616 2463 τῇ
1647 2388 1863 2460 νηστείᾳ
1891 2385 1981 2442 καὶ

331 2486 401 2556 τῇ
455 2485 740 2556 προσευχῇ
800 2480 1168 2558 ἀπεχόμενος
1238 2506 1264 2532 α
1322 2481 1468 2536 Εἶναι
1526 2481 1602 2541 ὡς
1661 2479 1914 2551 ἐμαυτόν.
1953 2504 1974 2529 ι

334 2573 501 2634 Ἔνθα
530 2569 787 2644 δυσχερὲς
843 2569 1115 2624 ἐπιτάσσει
1173 2574 1423 2644 πρᾶγμα,
1481 2570 1669 2625 ἑαυτὸν
1719 2568 1770 2624 ἐν
1834 2567 1980 2643 μέσῳ

344 2657 516 2729 φέρει.
547 2681 574 2707 α
605 2654 758 2711 Ἀλλ’
783 2653 1010 2718 ἕκαστος
1058 2653 1198 2710 ἴδιον
1243 2658 1488 2730 χάρισμα
1521 2653 1636 2731 ἔχει
1670 2655 1728 2710 ἐκ
1760 2661 1913 2714 Θεοῦ.
1950 2680 1977 2707 ››

347 2741 563 2813 Ἐπειδὴ
623 2741 815 2822 σφόδρα
898 2745 1074 2799 αὐτῶν
1148 2746 1522 2821 κατηγόρησεν
1578 2745 1767 2815 εἳπὼν,
1826 2747 1974 2814 «Mr,

342 2853 459 2892 πως
514 2836 732 2907 πειράζῃ
813 2834 954 2907 ὑμᾶς
1013 2833 1040 2887 6
1104 2837 1345 2895 Σατανᾶς
1423 2831 1511 2888 ὂιά
1565 2836 1663 2903 τὴν
1721 2833 1977 2908 ἀκρασίαν

336 2921 506 2993 ὑμῶν,
540 2944 568 2973 ››
653 2927 743 2976 νῦν
826 2919 1115 2992 σπουδάζει
1201 2925 1696 2997 παραμυθήσασθαι
1757 2924 1977 2985 αὐτούς,

329 3009 594 3082 Παρθενος
620 3011 689 3080 ἦν
720 3012 748 3066 6
783 3009 1020 3081 Παῦλος,
1051 3011 1141 3065 καὶ
1201 3009 1386 3081 ἐπειδὴ
1425 3011 1562 3080 εἷπε,
1604 3037 1629 3063 (ι
1661 3012 1815 3068 Θὲλω
1845 3012 1978 3065 πάν-

325 3119 418 3160 τας
450 3100 588 3154 εἶναι
623 3100 700 3162 ὡς
751 3099 878 3176 ἐγὼ,
914 3123 938 3152 »
977 3100 1133 3176 φησὶ,
1190 3101 1253 3155 τὸ
1315 3106 1494 3174 μεῖναι
1550 3103 1838 3175 παρθένον,
1871 3101 1976 3176 χά-

2095 1861 2661 1927 fraudentinvicem,
2679 1863 3040 1930 prmeeptum
3063 1856 3306 1927 aliquod
3345 1861 3454 1923 est,
3476 1860 3543 1909 ut
3570 1853 3744 1908 laude

2091 1951 2304 2023 dignus
2338 1950 2416 2004 sit
2445 1949 2545 2020 qui
2577 1949 2689 2003 hoc
2720 1948 2857 2020 agit,
2890 1952 3174 2018 tanquam
3196 1946 3382 2016 legem
3401 1943 3732 2014 complens.

2089 2043 2172 2097 Ex
2194 2038 2611 2111 permissione,
2637 2038 2849 2108 inquit,
2869 2036 2980 2090 hoc
3001 2035 3144 2101 dixi,
3192 2033 3510 2088 demittens
3534 2048 3629 2087 me
3660 2031 3734 2086 ad

2091 2128 2610 2185 imbelicillitatem
2641 2131 2915 2181 vestram.
2951 2127 3075 2179 Non
3099 2123 3284 2195 jubeo
3315 2139 3389 2176 ne
3420 2119 3731 2184 fraudetis,

2092 2219 2194 2274 sed
2225 2218 2432 2273 beatus
2464 2223 2553 2272 est
2582 2217 2683 2287 qui
2714 2216 2999 2271 continet.
3033 2213 3113 2269 Ex
3159 2214 3272 2268 hoc
3330 2217 3528 2266 autem
3577 2208 3735 2280 quod

2091 2307 2236 2362 dicit
2265 2305 2612 2378 συγγνώμην,
2645 2304 2703 2359 id
2750 2310 2859 2371 est,
2916 2305 3332 2373 permissionem
3383 2305 3485 2355 aut
3539 2299 3735 2370 potius

2089 2399 2324 2460 veniam,
2356 2394 2616 2449 ostendit
2636 2411 2770 2448 eum
2790 2393 2982 2447 facere
3004 2391 3410 2447 damnandum
3434 2405 3603 2460 opus,
3633 2387 3734 2458 qui

2092 2485 2284 2540 solum
2311 2484 2572 2539 abstinet
2591 2480 3138 2553 cumjejunandum
3161 2485 3253 2534 est
3273 2484 3374 2533 aut
3416 2476 3731 2532 orandum.

2093 2597 2118 2622 ‹‹
2151 2575 2221 2628 Ut
2251 2589 2354 2645 ego
2387 2571 2512 2643 ipse
2544 2587 2696 2626 sum.
2731 2592 2758 2619 ››
2793 2569 2898 2624 Ubi
2931 2584 3058 2623 rem
3107 2567 3362 2638 imponit
3409 2563 3734 2627 difficilem,

2091 2664 2354 2734 seipsum
2378 2663 2440 2717 in
2464 2661 2801 2732 exemplum
2826 2659 3122 2732 proponit.
3171 2656 3282 2712 Sed
3321 2655 3736 2724 unusquisque

2088 2751 2394 2823 proprium
2415 2736 2592 2804 habet
2607 2749 2850 2804 donum.
2871 2771 2898 2796 ››
2921 2745 3210 2811 Quoniam
3231 2744 3613 2798 vehementer
3635 2757 3736 2794 eos

2090 2844 2469 2894 accusaverat
2490 2838 2694 2892 dicens
2720 2853 2731 2890 :
2759 2858 2786 2885 ‹‹
2812 2838 2890 2891 Ne
2922 2839 3110 2890 tentet
3134 2850 3232 2888 vos
3281 2833 3527 2886 Satanas
3553 2845 3733 2900 prop-

2091 2934 2180 2982 ter
2210 2927 2734 2998 intemperantiam
2766 2931 3042 2991 vestram,
3076 2947 3103 2973 »
3139 2921 3336 2978 studet
3360 2937 3520 2976 nunc
3573 2919 3734 2989 ipsos

2091 3018 2411 3074 consolari.
2476 3018 2644 3089 Virgo
2699 3023 2825 3070 erat
2880 3014 3144 3070 Paulus:
3206 3019 3264 3066 et
3320 3011 3459 3083 quia
3483 3011 3734 3076 dixerat,

2093 3130 2120 3156 ‹‹
2156 3109 2444 3178 Cuperem
2473 3121 2680 3160 omnes
2713 3121 2840 3159 esse
2873 3109 2938 3157 ut
2967 3119 3072 3175 ego
3107 3119 3274 3168 sum;
3330 3123 3356 3149 ››
3403 3099 3548 3154 dicit
3577 3115 3735 3152 nunc

328 3209 496 3265 ρισμα
540 3189 680 3244 εἶναι
739 3189 845 3244 ἀπὸ
872 3193 969 3245 τοῦ
1002 3193 1160 3260 Θεοῦ,
1209 3187 1308 3244 οὐκ
1364 3187 1550 3258 ἐπειδή
1577 3192 1673 3259 τῆς
1705 3192 1975 3264 ἡμετερας

2092 3195 2248 3266 quod
2275 3211 2513 3249 manere
2532 3194 2818 3264 virginem
2841 3191 3064 3246 donum
3115 3190 3215 3244 Dei
3267 3194 3392 3255 est;
3425 3204 3545 3242 non
3579 3186 3735 3256 quod

328 3280 388 3336 οὗ
421 3279 593 3336 δεῖται
650 3279 890 3352 σπουδῆς
947 3283 1008 3338 τὸ
1039 3289 1290 3359 πράγμαο
1323 3283 1454 3337 αὐτὸ
1485 3285 1588 3356 γάρ
1631 3283 1691 3336 τὸ
1740 3282 1977 3352 ἀξιωθῆ-

326 3387 415 3420 ναι
448 3365 812 3441 χαρίσματος,
844 3365 1029 3422 πολλά
1058 3372 1225 3438 κοπιᾷ
1280 3386 1384 3428 τις’
1441 3365 1570 3421 ἀλλ’
1627 3369 1700 3427 ὡς
1761 3365 1974 3439 εἷ’ρηται

325 3454 730 3525 παραμυθεῖται
795 3451 988 3514 αὐτοὺς
1049 3453 1180 3527 ὑπὲρ
1218 3460 1319 3522 τῆς
1377 3447 1602 3528 ὕϐρεως.
1665 3477 1691 3504 ‹‹
1725 3455 1825 3517 ’Ός
1883 3453 1976 3526 μὲν

325 3541 522 3605 οὕτως,
563 3542 622 3602 ’ὸς
654 3538 711 3595 δὲ
769 3540 961 3604 οὕτως.
999 3567 1027 3593 ››
1084 3543 1181 3603 ’Ός
1241 3543 1338 3615 μὲν
1395 3541 1485 3596 καὶ
1544 3539 1822 3603 παντελῶς
1872 3543 1972 3597 ἀπ-

323 3631 509 3704 έχεται
543 3630 762 3702 μίξεως,
796 3630 854 3693 ’ὀς
885 3628 942 3685 δὲ
970 3629 1100 3705 ἄχρι
1127 3637 1225 3700 τῆς
1254 3638 1496 3706 γαμετῆς
1521 3631 1756 3688 ἵσταται.

394 3920 548 3994 Δὲγω
607 3918 662 3975 δὲ
733 3926 852 3982 τοῖς
905 3920 1159 3996 ἀγάμοις,
1213 3921 1303 3975 καὶ
1346 3926 1467 3984 ταῖς
1512 3923 1740 4000 χήραις,
1800 3921 1967 3976 καλὸν

319 4007 508 4071 αὐτοῖς
560 4007 696 4071 ἐςτιν
755 4009 843 4063 ἐάν
929 4029 1182 4082 μεινωσιν
1269 4009 1344 4072 ὡς
1418 4009 1592 4086 κάγὼ.
1649 4009 1709 4065 Ei
1770 4007 1825 4064 δὲ
1873 4009 1970 4065 οὐκ

866 4100 1274 4174 γαμησάτωσαν
1317 4142 1330 4155 .
1409 4102 1669 4173 Κρεῖσσον
1723 4101 1824 4173 γάρ
1858 4098 1967 4154 ἐστι

318 4194 587 4260 γαμῆσαι,
620 4187 654 4256 ἢ
687 4189 1004 4263 πυροῦσθαι.

320 4097 731 4172 ἐγκρατεύονται
768 4142 782 4167 ,

395 4364 730 4438 [ΘΕΟΔΩΡ.]
759 4361 964 4438 Ἕὸειξε
1005 4363 1172 4419 πάλιν
1232 4364 1419 4419 ἑαυτὸν
1451 4370 1551 4433 τῆς
1601 4369 1709 4418 τῶν
1737 4362 1961 4440 ἀγάμων

323 4446 350 4468 ν
711 4453 722 4472 ι
926 4453 939 4472 ν
1051 4453 1064 4472 ς
1148 4450 1173 4470 ν
1407 4456 1419 4472 ι
1613 4451 1631 4470 ι.
1916 4457 1937 4467 ..

319 4472 447 4506 οντα
479 4473 808 4528 συμμοριας.
869 4457 946 4512 Ου
1003 4474 1106 4528 γαρ
1139 4475 1197 4507 αν
1225 4473 1308 4515 τις
1359 4453 1520 4507 αυτὸν
1585 4451 1811 4512 εικότως
1845 4472 1964 4513 ταις

2095 3301 2190 3339 res
2222 3290 2423 3338 nostro
2455 3299 2576 3337 non
2609 3286 2776 3354 egeat
2799 3281 2992 3335 studio
3019 3297 3032 3336 :
3057 3279 3309 3334 multum
3329 3277 3487 3332 enim
3506 3276 3738 3330 laborat

2094 3373 2389 3445 quispiam
2410 3372 2469 3426 in
2484 3372 2593 3427 hoc
2612 3370 3204 3443 utdignushabeatur
3225 3367 3409 3422 dono:
3442 3365 3545 3420 sed
3573 3366 3733 3436 quia,

2092 3467 2159 3516 ut
2180 3462 2399 3517 dictum
2420 3468 2528 3531 est,
2549 3460 2893 3517 consolatur
2906 3476 3006 3515 eos
3028 3458 3100 3512 de
3125 3457 3504 3530 imprOperio.
3527 3476 3547 3504 ιι
3575 3457 3735 3510 Unus

2091 3551 2328 3622 quidem
2353 3553 2458 3617 sic,
2491 3550 2643 3606 alius
2675 3567 2808 3605 vero
2840 3550 2946 3605 sic.
2982 3572 3009 3598 ››
3045 3549 3147 3603 Hic
3180 3547 3419 3618 quidem
3444 3546 3734 3618 penitusa

2088 3640 2504 3696 commistione
2535 3639 2816 3706 abstinet,
2849 3638 2948 3692 ille
2981 3654 3115 3691 vero
3149 3637 3253 3703 sic,
3308 3641 3374 3690 ut
3428 3633 3501 3688 ad
3550 3633 3729 3688 aliam

2085 3747 2206 3786 non
2236 3729 2480 3784 accedat
2509 3745 2685 3798 quam
2716 3743 2982 3782 uxorem.

2154 3925 2303 3978 477
2341 3923 2457 3989 VlI,
2490 3925 2542 3990 8,
2577 3925 2628 3975 9.
2692 3922 2824 3975 Dico
2879 3927 3064 3974 autem
3118 3920 3492 3988 inconjugatis
3550 3924 3601 3971 et
3641 3918 3728 3970 17i-

2083 4011 2207 4066 duis
2241 4028 2253 4065 :
2289 4013 2486 4066 bonum
2516 4009 2592 4064 eis
2623 4015 2700 4063 est
2756 4011 2804 4063 si
2852 4009 3262 4078 permanserint
3317 4009 3456 4061 sicut
3513 4013 3564 4060 et
3607 4022 3724 4075 ego.

2081 4101 2238 4168 Quod
2282 4101 2330 4154 si
2384 4115 2494 4153 non
2547 4100 2845 4164 continent,
2892 4096 3229 4151 contrahant
3287 4095 3724 4162 matrimonium,

2079 4207 2206 4244 nam
2238 4189 2430 4244 melius
2461 4194 2537 4243 est
2567 4185 2983 4242 matrimonium
3009 4185 3334 4240 contrahere
3391 4201 3556 4255 quam
3612 4187 3722 4240 uri.

2151 4372 2404 4424 Rursum
2438 4368 2702 4439 seipsum
2735 4364 2997 4421 ostendit
3021 4379 3150 4419 esse
3209 4364 3281 4418 de
3340 4361 3722 4418 multitudine

2077 4474 2281 4512 eorum
2314 4457 2414 4527 qui
2447 4455 2746 4528 conjugati
2769 4470 2889 4509 non
2914 4459 3055 4508 sunt
3078 4469 3090 4507 :
3116 4468 3308 4522 neque
3334 4453 3493 4507 enim
3513 4453 3723 4507 merito

321 4541 685 4615 χηρευούσαις
744 4541 1002 4596 ἐντάττοι·
1061 4539 1269 4601 νεανίας
1321 4540 1425 4616 γὰρ
1458 4537 1531 4592 ὢν
1565 4533 1642 4594 ἔτι
1672 4545 1771 4607 τῆς
1825 4537 1970 4609 κλή-

2092 4547 2391 4617 Ῑιιίεειιιειιη
2420 4545 2614 4616 ipsum
2650 4544 2804 4598 inter
2835 4542 3040 4597 viduas
3071 4541 3380 4612 producet,
3411 4557 3546 4596 cum
3577 4541 3722 4595 ado-

323 4652 460 4694 σεως
493 4633 724 4701 ἠξιώθη.
759 4629 970 4702 Μηδεῖς
1003 4626 1060 4684 δὲ
1105 4628 1264 4684 αὐτὸν
1325 4625 1518 4682 οἰέσθω
1548 4628 1647 4696 τὴν
1680 4625 1776 4699 μὶν
1833 4628 1964 4702 ἀγα-

327 4719 452 4794 μίαν
484 4726 601 4782 τοῖς
633 4718 879 4793 ἀνδράσι,
910 4721 1012 4788 τὴν
1071 4715 1128 4772 δὶ
1169 4717 1302 4790 μετά
1331 4717 1421 4771 τὸν
1449 4715 1622 4792 γάμον
1657 4715 1968 4789 ἐγκράτειαν

324 4815 445 4874 ταῖς
471 4810 677 4884 γυναιξὶ
717 4808 906 4882 μόναις
946 4809 1284 4878 νομοθετεῖν,
1341 4803 1430 4860 διὰ
1483 4806 1546 4860 τὸ
1605 4805 1795 4873 εἰπεῖν,
1853 4810 1970 4867 τοῖς

327 4903 587 4976 ἀγάμοις,
619 4899 765 4971 ἤτοι,
799 4906 916 4962 τοῖς
945 4895 1192 4972 ἀνδράσι,
1225 4897 1315 4952 καὶ
1372 4903 1489 4958 ταῖς
1518 4898 1744 4970 χήραις,
1776 4895 1970 4971 ⁸ἤγουν,

327 4996 443 5051 ταῖς
500 4987 780 5064 γυναιξίν.
833 4987 1145 5066 Ἀμφότεροι
1202 4987 1305 5060 γάρ
1363 4983 1610 5058 ἑκάτερον
1665 4981 1968 5038 ἐκπαιδεύει

326 5076 503 5152 γένος,
536 5078 625 5131 καὶ
655 5079 754 5147 τήν
785 5075 1044 5153 ἀγαμίαν,
1085 5073 1174 5129 καὶ
1229 5075 1328 5141 τήν
1365 5071 1498 5145 μετά
1527 5073 1616 5127 τὸν
1675 5073 1848 5147 γάμον
1882 5070 1969 5145 ἐγ-

325 5167 576 5241 κράτειαν
610 5173 709 5235 τῆς
763 5165 1017 5240 χηρείας.
1085 5186 1111 5213 ι(
1146 5160 1209 5217 Εἰ
1269 5157 1325 5214 δέ
1378 5159 1478 5214 οὐκ
1535 5158 1969 5235 ἐγκρατεύονται,

325 5257 758 5334 γαμησάτωσαν.
793 5278 818 5304 ››
872 5255 1012 5327 Ὅρα
1041 5251 1253 5328 σοφίαν·
1284 5250 1375 5304 καὶ
1433 5248 1686 5322 βελτίονα
1734 5245 1971 5302 δείκνυσι

321 5349 419 5416 τήν
455 5344 790 5419 ἐγκράτειαν,
823 5342 914 5396 καὶ
946 5341 1050 5395 οὒκ
1078 5338 1360 5414 ἀναγκάζει
1398 5337 1489 5392 τὸν
1550 5339 1625 5409 μὴ
1683 5337 1968 5413 φθάνοντα,

325 5435 590 5496 δεδοικὼς
654 5435 728 5507 μή
789 5455 842 5489 τι
907 5436 1090 5505 μεῖζον
1164 5429 1512 5503 παράπτωμα
1543 5427 1780 5503 γενηται.
1842 5431 1968 5486 «Ἢ

327 5525 652 5598 πυροῦσθαι.
688 5547 707 5572 1
770 5519 1049 5589 Ἐνέφηνεν
1100 5517 1198 5587 ὅση
1252 5523 1352 5584 τῆς
1386 5515 1674 5588 ἐπιθυμίας
1705 5519 1740 5586 ἡ
1767 5537 1969 5591 τυραν-

327 5614 432 5673 νίς.
469 5611 531 5670 Εί
568 5610 812 5680 πολλήν,
879 5607 1066 5683 φησὶν,
1129 5603 1405 5679 ὑπομένῃς
1469 5604 1585 5680 βίαν
1640 5604 1728 5659 καὶ
1788 5605 1973 5680 πόρω-

2078 4637 2310 4692 lescens
2333 4634 2525 4689 adhuc
2543 4633 2722 4687 fuerit
2743 4648 2877 4687 cum
2899 4630 3202 4685 vocatione
3238 4629 3450 4702 dignus
3483 4629 3718 4685 habitus

2080 4732 2187 4780 est.
2213 4727 2393 4778 Porro
2418 4739 2592 4778 nemo
2615 4721 2917 4778 existimet
2937 4721 3134 4792 ipsum
3169 4719 3306 4774 viris
3355 4724 3611 4774 statuere
3643 4737 3717 4774 ne

2079 4813 2433 4870 contrahant
2463 4810 2933 4875 matrimonium,
2966 4809 3316 4864 mulieribus
3347 4826 3482 4865 vero
3504 4815 3570 4864 ut
3589 4814 3722 4880 post

2079 4907 2410 4959 contractas
2429 4899 2668 4971 nuptias
2685 4899 2909 4954 etTectaa
2927 4897 3116 4953 vidum
3161 4898 3519 4967 abstineant,
3552 4915 3620 4952 ex
3654 4915 3720 4952 eo

2081 4991 2237 5063 quod
2259 4991 2342 5045 ait
2359 4993 2474 5048 τοῖς
2506 4987 2766 5061 ἀγάμοις,
2783 4987 2841 5041 id
2856 4991 2985 5055 {est,
3004 5004 3125 5042 non
3157 4989 3487 5060 conjugatis
3507 5004 3721 5059 genere

2078 5081 2430 5146 masculino,
2473 5094 2688 5148 nempe
2735 5077 2912 5130 viris:
2938 5081 2996 5130 et
3029 5080 3149 5138 ταῖς
3177 5078 3399 5148 χήραις,
3420 5076 3479 5130 id
3502 5083 3609 5141 est,
3642 5077 3722 5128 vi-

2079 5169 2212 5224 duis
2229 5169 2534 5231 feminino,
2551 5172 2693 5238 puta
2711 5165 2969 5220 feminis.
2982 5165 3043 5219 ln
3061 5172 3311 5234 utroque
3326 5165 3483 5219 enim
3499 5170 3720 5218 utrum-

2081 5275 2194 5328 que
2227 5256 2468 5310 instruit
2498 5271 2704 5327 genus,
2739 5259 2797 5307 et
2827 5253 2900 5307 de
2931 5253 3293 5307 abstinentia
3341 5269 3375 5306 a
3421 5253 3720 5323 conjugio,

2081 5354 2138 5400 et
2160 5346 2230 5399 de
2253 5343 2621 5399 continentia
2646 5342 2706 5396 in
2722 5341 3003 5395 viduitate
3027 5346 3160 5411 post
3205 5346 3538 5395 contractas
3569 5357 3722 5412 nup-

2081 5433 2212 5488 tias.
2253 5455 2277 5484 ι
2309 5432 2474 5497 Quod
2505 5432 2551 5485 si
2584 5448 2702 5485 non
2736 5430 3064 5495 continent,
3123 5429 3476 5483 contrahant
3525 5430 3724 5484 matri-

2082 5521 2370 5576 monium.
2408 5544 2434 5569 ››
2471 5518 2608 5576 Vide
2645 5517 3042 5590 prudentiam.
3104 5517 3406 5572 Meliorem
3464 5518 3723 5574 ostendit

2083 5610 2536 5676 continentiam,
2568 5624 2677 5663 nec
2707 5613 2906 5662 tamen
2937 5607 3092 5678 cogit
3148 5623 3280 5662 eum
3341 5608 3440 5678 qui
3487 5607 3558 5662 ad
3590 5623 3719 5662 eam
