4106 6252
346 292 468 352 ’117
1469 285 1885 351 (ΕΟΠΜΕΝΙΙ
1927 288 2048 349 TR]

2164 289 2237 349 Αἰ
2277 284 2631 351 EPISGOPI
2790 284 2795 287 “
3664 285 3793 344 728

356 439 478 482 non
507 424 811 496 pertingit,
842 423 1064 479 veritus
1092 439 1168 478 ne
1202 423 1395 494 major
1440 421 1659 492 aliquis
1703 422 2007 494 contingat
2036 430 2048 490 ι

2162 440 2193 473 ην
2248 417 2603 495 ἀπαλλάγηθι
2680 419 2772 475 καὶ
2830 419 3106 499 γάμησον,
3171 420 3246 493 μὴ
3306 439 3437 475 ποτε
3497 437 3793 493 περιτρα-

354 514 580 587 lapsus.
613 535 643 566 α
672 514 863 580 Quam
893 513 1005 568 uri.
1043 534 1071 561 υ
1101 511 1373 567 Ostendit
1400 517 1621 583 quanta
1649 511 1728 568 sit
1782 528 2005 568 concu-
2112 513 2246 583 πῇς,

356 604 665 676 piscentias
696 602 988 675 tyrannis.
1022 601 1080 655 Si
1137 600 1414 668 multam,
1467 601 1682 670 inquit,
1742 601 2003 655 sustines

355 693 713 758 violentiam,
749 706 1150 761 magnumque
1181 689 1475 757 ardorem,
1501 689 1753 744 liberare
1784 706 1851 744 ac
1880 705 2005 745 ma-

358 782 710 839 trimonium
741 780 1051 848 contrahe,
1082 778 1400 849 nequando
1433 778 1735 832 evertaris.

2182 794 2315 854 Τοῖς
2346 789 2404 846 δὶ
2456 791 2800 868 γεγαμηκόσι
2856 786 3223 867 παραγγίλλω
3281 789 3383 844 οὐκ
3435 788 3590 864 ἐγὼ,
3661 784 3802 842 an‘

431 881 550 946 VII,
586 883 672 946 10,
708 882 793 932 lt.
825 878 891 933 At
921 877 1230 948 conjugatis
1250 877 1540 947 praecipio,
1596 891 1709 930 non
1759 891 1859 945 ego
1916 874 2009 928 sed

2187 880 2402 955 Κύριος,
2476 883 2704 956 γυναῖκα
2778 878 2884 934 ἀπο
2962 875 3152 954 ἆνδρος
3226 880 3307 951 μή
3387 882 3797 956 χωρισθῆναι.

364 971 629 1026 Dominus
662 984 674 1022 :
707 982 853 1022 umor
880 983 914 1021 a
943 967 1062 1021 viro
1088 981 1200 1020 non
1230 968 1543 1039 separetur.
1583 963 1741 1030 Quod
1775 965 1823 1019 si
1842 966 2009 1018 etiam

2162 972 2241 1026 ἰὰν
2290 966 2348 1025 δὲ
2383 969 2475 1023 καὶ
2532 969 2807 1048 χωρισθῇ,
2880 966 3083 1042 μενέτω
3143 964 3381 1043 ἄγαμος,
3437 966 3473 1036 ἢ
3539 965 3634 1038 τῷ
3701 965 3801 1019 ἆν-

364 1064 622 1130 separata
647 1057 840 1126 fuerit,
871 1059 1092 1110 maneat
1117 1053 1376 1124 innupta,
1440 1060 1538 1108 aut
1582 1055 1708 1108 viro
1771 1053 2009 1106 reconci-

2162 1060 2204 1113 υἱ
2260 1055 2685 1134 καταλλαγήτω.
2763 1056 2861 1111 Καὶ
2947 1051 3113 1130 ἄνδρα
3174 1058 3405 1133 γυναῖκα
3464 1057 3552 1129 μή
3628 1054 3802 1134 ἀφιέο

367 1150 550 1203 ttetur.
582 1148 654 1201 Et
681 1148 770 1200 vir
794 1160 1023 1200 umorem
1052 1159 1164 1198 non
1194 1143 1461 1197 dimittat.
2116 1168 2226 1207 ναι,

432 1244 723 1310 Quoniam
739 1242 930 1314 legem
954 1238 1270 1295 manifeste
1295 1254 1329 1294 a
1347 1238 1597 1294 Domino
1618 1238 1870 1312 positam
1890 1236 2010 1292 dic-

2188 1233 2413 1305 Ἐπειδή
2473 1236 2656 1310 ῥητῶς
2709 1235 2885 1308 νόμου
2945 1235 3049 1289 ὑπὸ
3104 1237 3201 1289 τοῦ
3260 1233 3459 1309 Κυρίου
3522 1232 3805 1290 τεθέντος

361 1340 530 1389 turus
563 1337 671 1402 est,
695 1337 1013 1403 propterea
1042 1329 1126 1384 ait
1159 1345 1171 1384 :
1235 1350 1265 1379 «
1327 1330 1453 1384 Non
1516 1345 1619 1399 ego
1676 1327 1779 1384 sed
1812 1325 2011 1382 Domi-

2162 1326 2299 1404 ἱγειν
2336 1322 2553 1400 μέλλει,
2587 1323 2676 1380 διὰ
2731 1330 2891 1381 τοῦτο
2923 1346 3113 1402 φησιν,
3180 1347 3203 1375 ιι
3236 1325 3354 1383 Οὐκ
3414 1323 3555 1402 ἐγὼ,
3596 1321 3742 1380 ἀλλ’
3775 1324 3804 1378 6

362 1440 495 1478 nus.
531 1443 558 1472 »
594 1423 731 1486 Quas
763 1426 852 1475 est
881 1426 1079 1474 autem
1110 1418 1206 1474 lex
1229 1417 1258 1473 ‘t
1290 1416 1373 1473 Ne
1403 1417 1505 1473 fiat
1536 1417 1766 1479 divisio,
1799 1416 1915 1472 nisi
1946 1415 2009 1469 in

2162 1418 2391 1496 κύριος.»
2448 1414 2694 1478 Τίςδὶὸ
2750 1417 2963 1492 νόμος;
3021 1419 3130 1472 Τοῦ
3191 1417 3267 1489 μὴ
3323 1415 3578 1490 γίνεσθαι
3648 1411 3809 1468 διαί-

367 1526 546 1568 causa
573 1509 782 1581 stupri.
814 1509 885 1562 Et
917 1506 1159 1579 quidem
1217 1522 1287 1562 ea
1345 1523 1475 1578 quae
1532 1505 1817 1578 praedicta
1874 1508 2015 1560 sunt

2162 1529 2264 1564 εσιν
2293 1506 2563 1583 παρεκτὸς
2621 1503 2790 1582 λόγου
2841 1504 3124 1581 πορνείας.
3171 1505 3277 1563 Καὶ
3307 1506 3371 1559 τὰ
3406 1504 3500 1578 μὶν
3568 1498 3809 1579 ἔμπρο-

369 1614 711 1673 quanquam
729 1596 1014 1653 Dominus
1037 1611 1314 1666 expresse
1339 1612 1458 1650 non
1487 1595 1717 1663 dixerit,
1750 1601 2012 1650 attamen

2162 1609 2242 1664 θεν
2276 1595 2561 1672 εἰρημένα,
2592 1594 2637 1651 εί
2672 1596 2748 1672 μή
2779 1592 2870 1650 καὶ
2921 1592 3180 1669 ὀνομαστὶ
3239 1594 3266 1648 6
3330 1592 3541 1670 Κῦριος
3613 1593 3804 1660 εἶπεν,

368 1689 482 1763 ipsi
517 1688 765 1744 Domino
797 1685 1112 1741 convenire
1144 1685 1437 1753 videntur,
1472 1688 1573 1739 aut
1610 1701 1718 1755 per
1773 1699 1860 1750 se,
1913 1686 2015 1739 aut

2162 1706 2277 1758 μως
2309 1684 2399 1740 καὶ
2457 1684 2605 1757 αὖτῷ
2670 1688 2748 1756 τῷ
2806 1686 2990 1759 Κυριῳ
3038 1681 3225 1746 καλῶς
3281 1679 3428 1760 ἔχειν
3487 1678 3663 1739 δοκεῖ
3721 1679 3805 1753 τῷ

369 1796 476 1853 per
507 1795 572 1834 os
602 1774 770 1832 Pauli
800 1775 1089 1847 loquenti.
1123 1776 1337 1829 Verum
1369 1773 1654 1844 quoniam
1677 1772 1918 1828 verbum
1944 1771 2013 1828 de

2167 1770 2414 1860 αλοῦντι,
2453 1770 2620 1848 ἤγουν
2649 1770 2795 1845 αὖτῷ
2820 1776 2899 1844 τῷ
2929 1771 3115 1847 Κυρίῳ
3142 1776 3223 1843 τῷ
3254 1768 3342 1827 διὰ
3369 1775 3468 1827 τοῦ
3498 1771 3806 1844 στόματος

368 1867 742 1942 separatione
768 1865 967 1937 palam
996 1862 1243 1919 tradidit
1299 1863 1606 1930 Dominus,
1666 1861 1799 1917 ideo
1848 1861 2012 1929 dicit,

2162 1859 2346 1918 Ιαὺλου
2376 1860 2658 1919 λαλοῦντι.
2695 1860 2847 1930 Πλὴν
2879 1858 3065 1930 ἐπειδή
3098 1860 3161 1916 τὸ
3192 1864 3289 1916 τοῦ
3334 1865 3651 1936 χωρισμοῦ
3685 1859 3802 1937 ρη-

369 1982 398 2009 ‹‹
422 1959 547 2012 Non
572 1954 810 2028 ego,sed
832 1954 1139 2009 Dominus.
1165 1974 1192 2002 »
1218 1954 1379 2008 Hanc
1402 1952 1603 2022 itaque
1617 1951 2016 2006 differentiam

2162 1958 2255 2017 ὦς,
2280 1953 2354 2014 ὥς
2387 1950 2625 2028 εἴρηται,
2649 1952 2677 2006 6
2701 1950 2900 2026 Κύριος
2930 1948 3232 2026 παρέδωκε,
3262 1951 3461 2007 τούτου
3492 1951 3617 2031 χεὶρ
3630 1974 3678 2005 ιν
3698 1973 3807 2030 φη-

374 2044 600 2100 habent
626 2067 652 2094 α
685 2045 824 2114 Ego,
858 2063 887 2091 »
917 2047 976 2097 et
1006 2062 1033 2091 ‹‹
1067 2042 1192 2096 Non
1225 2056 1354 2112 ego,
1389 2062 1418 2088 »
1448 2045 1516 2095 ut
1546 2039 1599 2094 ei
1628 2038 1786 2111 quod
1818 2039 2019 2094 Domi-

2164 2043 2229 2111 ὶν,
2253 2066 2280 2093 ‹‹
2315 2040 2429 2099 Οὔκ
2448 2038 2575 2117 ἐγὼ,
2599 2038 2726 2095 ἀλλ’
2747 2043 2776 2096 6
2804 2040 3025 2117 Κύριος.
3052 2065 3080 2093 ››
3106 2042 3267 2096 ’Ώστε
3285 2040 3368 2110 τὸ,
3404 2065 3425 2091 α
3452 2042 3595 2115 Εγὸ,
3628 2065 3659 2093 ››
3683 2040 3806 2110 καὶ,

378 2151 492 2191 nus
521 2134 669 2188 dixit
699 2132 913 2187 serviat
942 2154 969 2181 «
1003 2132 1129 2186 Non
1161 2145 1288 2203 ego,
1323 2151 1351 2180 »
1400 2129 1471 2185 de
1519 2129 1636 2184 alio
1692 2145 1828 2185 vero
1878 2128 2023 2183 dicit

2176 2131 2294 2188 Οὐκ
2313 2128 2440 2206 ἐγὼ,
2467 2128 2715 2199 »ταύτην
2740 2126 2859 2207 ἔχει
2879 2131 2977 2199 τὴν
2996 2126 3278 2205 διαφοράν·
3310 2130 3393 2184 τὸ.
3420 2129 3595 2186 Εἶπεν
3617 2131 3648 2185 6
3688 2129 3804 2186 K6—

383 2248 411 2275 «
434 2225 576 2298 Ego.
604 2245 632 2273 ››
651 2226 719 2276 Et
740 2238 815 2277 ne
840 2234 971 2292 quae
996 2219 1185 2293 ipsius
1211 2225 1351 2274 sunt
1398 2219 1660 2274 humana
1707 2235 1837 2275 esse
1867 2218 2025 2273 exis-

2162 2242 2272 2290 ηιος,
2322 2219 2495 2297 λέγει,
2556 2245 2584 2272 ‹‹
2638 2220 2753 2279 Οὐκ
2811 2220 2974 2296 Ἐγώ’
3008 2244 3036 2273 ››
3097 2220 3162 2275 τὸ
3211 2217 3267 2274 δὲ
3323 2216 3538 2297 ἕτερον,
3606 2221 3803 2301 φησὶν,

385 2314 580 2381 times,
601 2311 906 2383 subjungit
925 2308 1176 2365 inferius
1201 2325 1213 2362 :
1240 2329 1267 2358 «
1293 2308 1515 2380 Opinor
1539 2313 1737 2364 autem
1779 2306 1936 2379 quod
1969 2312 2028 2362 et

2162 2336 2163 2363 :
2196 2310 2359 2386 Ἐγώ.
2393 2334 2420 2361 ››
2452 2310 2562 2368 Ἵνα
2591 2309 2695 2386 γὰρ
2724 2311 2798 2383 μὴ
2831 2309 2897 2363 τὰ
2928 2308 3097 2365 αὐτοῦ
3127 2308 3431 2385 ἀνθρώπινα
3462 2308 3611 2365 εἶναι
3643 2308 3778 2383 νομί
3786 2342 3803 2352 -

382 2418 488 2476 ego
521 2400 803 2474 Spiritum
835 2397 939 2454 Dei
971 2397 1242 2453 habeam.
1279 2417 1307 2446 »
1333 2427 1401 2439 —-
1451 2418 1478 2447 «
1539 2396 1705 2462 Quod
1753 2397 1802 2451 si
1849 2397 2027 2452 etiam

2162 2422 2251 2473 ῃς,
2282 2397 2465 2476 ἐπάγει
2496 2400 2812 2474 κατωτὲρω,
2846 2422 2875 2450 ‹‹
2907 2400 3061 2454 Δοκῶ
3103 2395 3161 2454 δὲ
3190 2399 3341 2474 κάγὼ
3400 2403 3631 2474 Πνεῦμα
3663 2403 3802 2454 Θεοῦ

383 2496 657 2564 separata
679 2488 874 2545 fuerit.
900 2508 928 2537 ››
953 2487 1180 2553 Melius,
1213 2484 1428 2561 inquit,
1477 2492 1567 2541 est
1594 2491 1660 2540 ut
1706 2501 1827 2541 non
1860 2502 2028 2557 sepa-

2162 2488 2308 2565 χειν.
2341 2520 2407 2539 -μ-
2445 2511 2468 2542 ι
2499 2488 2621 2544 Ἐὰν
2642 2485 2699 2543 δὲ
2715 2488 2801 2542 καὶ
2837 2489 3112 2567 χωρισθῇ.
3138 2511 3166 2539 ››
3199 2486 3448 2544 Κάλλιον
3485 2501 3612 2562 μεν,
3638 2488 3795 2568 φησί,

380 2586 585 2637 retur:
619 2578 778 2651 quod
815 2579 862 2634 si
895 2579 1076 2633 etiam
1108 2581 1380 2647 separata
1409 2576 1608 2643 fuerit,
1640 2582 1877 2631 maneat
1926 2578 2030 2631 ha-

2162 2579 2201 2633 :o
2262 2578 2339 2650 μὴ
2426 2581 2786 2655 χωρισθῆναι.
2865 2576 2926 2632 Ei
2985 2574 3042 2633 δὲ
3095 2578 3184 2632 καὶ
3245 2581 3523 2653 χωρισθῇ,
3584 2577 3791 2650 μενέτω

382 2669 532 2725 bens
562 2670 776 2735 virum,
810 2666 962 2721 478
995 2666 1103 2720 etsi
1162 2681 1285 2719 non
1344 2664 1783 2732 commistione,
1832 2670 2030 2720 tamen

2162 2662 2343 2745 ἷχουσα
2372 2667 2464 2722 τὸν
2515 2663 2703 2742 ἄνδρα,
2739 2664 2784 2722 εί
2841 2664 2932 2720 καὶ
2984 2666 3060 2739 μὴ
3121 2668 3190 2740 τῇ
3245 2667 3412 2740 μίξει,
3466 2670 3539 2739 τῇ
3600 2667 3788 2740 μέντοι

388 2759 625 2825 affectu,
657 2758 742 2811 sic
767 2760 833 2809 ut
858 2770 978 2809 non
1010 2753 1266 2808 adducat
1295 2753 1412 2807 sive
1444 2753 1729 2826 adjungat
1779 2752 1889 2807 sibi
1948 2752 2036 2806 vi-

2162 2757 2377 2813 itaOéoat
2412 2801 2428 2826 ,
2506 2757 2594 2811 καὶ
2668 2760 2748 2828 τῷ
2807 2756 2884 2830 μή
2944 2754 3309 2833 ἐπεισαγαγεῖν
3369 2752 3534 2831 ἄνδρα
3585 2753 3779 2832 ἕτερον.

389 2864 523 2902 rum
556 2846 757 2901 alium.
794 2866 821 2893 ‹‹
854 2844 1108 2898 Uxorem
1139 2858 1261 2897 non
1294 2840 1573 2896 dimittat.
1611 2862 1638 2890 »
1670 2841 1788 2896 Nisi
1852 2842 2033 2913 quip-

2162 2872 2174 2897 ‹
2209 2849 2437 2901 Γυναῖκα
2473 2845 2549 2919 μὴ
2583 2844 2814 2922 ἀφιέναι.
2848 2869 2875 2895 ››
2908 2845 2971 2902 Εἰ
3007 2847 3081 2919 μή
3117 2868 3169 2901 τι
3202 2843 3291 2900 ἐπὶ
3323 2844 3473 2922 λόγῳ
3516 2844 3766 2917 πορνείας.

390 2936 550 3010 piam
582 2932 900 2990 accesserit
930 2932 992 2987 in
1022 2947 1199 2987 causa
1230 2931 1441 3002 stupri.
1475 2931 1620 2986 Nam
1650 2930 1777 2986 haec
1818 2930 2035 2987 Christi

2162 2938 2318 2999 )ἰ’›τος
2346 2935 2451 3015 γὰρ
2484 2935 2513 2991 6
2541 2938 2640 2990 τοῦ
2668 2935 2905 3009 Χριστοῦ
2938 2934 3131 3011 νόμος.

388 3025 486 3081 lex
517 3030 624 3081 est.

459 3121 586 3190 VII,
615 3120 701 3188 ~l2,
738 3122 823 3189 14,
848 3119 1092 3193 Reliquis
1104 3124 1295 3225 putem
1317 3135 1415 3189 ego
1440 3119 1710 3184 dico,non
1731 3118 1991 3174 Dominus
2015 3136 2034 3174 :
2076 3155 2120 3225 ο

393 3214 453 3268 Si
484 3212 605 3283 quis
631 3212 810 3280 frater
837 3225 1066 3263 uxorem
1098 3207 1296 3263 habeat
1334 3207 1627 3276 inﬁdelem,
1677 3213 1729 3262 et
1789 3207 1900 3262 haec
1947 3224 2034 3263 as-

396 3301 631 3355 sentitur
660 3304 721 3351 ut
750 3296 956 3350 habitet
984 3313 1106 3350 cum
1136 3296 1253 3363 illo,
1284 3312 1352 3349 ne
1381 3296 1624 3352 dimittat
1646 3313 1784 3353 eam.
1808 3297 1875 3352 Et
1896 3313 2045 3352 uteor

2218 3115 2347 3175 Τοῖς
2376 3108 2433 3167 δὲ
2462 3109 2712 3180 λοιππῖς,
2774 3107 2880 3187 ἐγὼ
2936 3109 3104 3186 λέγω,
3138 3108 3248 3186 οὐχ
3276 3109 3303 3164 ὁ
3337 3111 3556 3184 Κύριος·
3606 3104 3674 3166 Ei
3700 3125 3781 3167 τις

2148 3197 2382 3279 ἀδελφὸς
2469 3203 2699 3275 γυναῖκα
2756 3194 2872 3274 ἔχει
2931 3197 3156 3255 ἄπιστον
3192 3244 3207 3268 ,
3262 3199 3353 3256 καὶ
3412 3196 3551 3269 αὗτὴ
3614 3218 3790 3253 συνευ-

2151 3287 2300 3346 δοκεῖ
2359 3288 2525 3346 οἰκεῖν
2615 3289 2733 3364 μετ’
2787 3289 2986 3361 αὐτοῦ,
3049 3290 3125 3361 μή
3184 3289 3386 3370 ἀφιέτω
3448 3289 3643 3360 αὐτὴν,
3704 3285 3798 3343 Καί

2150 3380 2289 3457 γυνὴ
2347 3378 2469 3448 ἥτις
2525 3376 2640 3455 ἔχει
2697 3375 2867 3454 ἄνδρα
2922 3375 3172 3453 ἄπιστον,
3241 3378 3330 3433 καὶ
3384 3377 3548 3442 αὐτὸς
3615 3399 3801 3435 συνευσ-

2152 3466 2302 3523 δοκεῖ
2349 3467 2514 3523 οἰκεῖν
2554 3467 2673 3543 μετ’
2727 3466 2914 3537 αὐτῆς,
2976 3468 3052 3539 μὴ
3112 3464 3318 3545 ἀφιέτω
3375 3467 3561 3523 αὐτὸν.
3623 3466 3808 3547 Ἡγία-

2151 3580 2271 3614 σται
2325 3557 2428 3636 γὰρ
2482 3557 2510 3613 6
2567 3558 2703 3635 ἀνὴρ
2762 3558 2791 3612 6
2845 3556 3069 3618 ἄπιστος
3134 3556 3187 3612 ἐν
3263 3560 3332 3632 τῇ
3386 3558 3650 3633 γυναικί·
3716 3555 3807 3614 καὶ

2151 3648 2404 3721 ἡγίασται
2435 3646 2469 3716 ἠ
2499 3652 2631 3723 γυνή
2662 3646 2696 3716 ἡ
2729 3645 2954 3708 ἄπιστος
2986 3645 3038 3701 ἐν
3068 3650 3149 3720 τῷ
3177 3644 3351 3720 ἀνδρί.

2221 3738 2333 3793 Ἵνα
2366 3737 2442 3810 μὴ
2470 3732 2872 3791 διασπασθῶσιν
2915 3736 2968 3790 ol
3024 3736 3218 3812 γάμοι,
3270 3736 3361 3790 καί
3417 3734 3613 3792 λοιπὸν
3679 3759 3808 3811 συγ-

2154 3826 2365 3903 χύσεως
2413 3827 2505 3882 καὶ
2573 3833 2822 3902 ταραχῆς
2878 3826 2969 3881 καὶ
3027 3824 3196 3880 οἷ’κων
3255 3828 3528 3901 ἂναροπῆς
3584 3828 3807 3897 αἰτίαὴ

2152 3912 2394 3974 εὐσέϐεια
2422 3922 2543 3983 τοῖς
2572 3913 2809 3981 πολλοῖς
2862 3919 3116 3991 νομισοῇ,
3173 3911 3262 3972 διὰ
3287 3922 3450 3974 τοῦτο
3481 3920 3608 3982 τοὺς
3675 3920 3812 3999 φθά-

2154 4026 2342 4071 σαντας
2399 4005 2648 4069 ἀπίστοις
2707 4008 2990 4076 συνοικεῖν,
3057 4003 3267 4061 κωλύοι
3326 4003 3675 4085 διαιρεῖσθαι.
3740 4005 3811 4063 Οὐ

2152 4099 2255 4172 γὰρ
2312 4096 2437 4172 περὶ
2493 4100 2601 4151 τῶν
2635 4097 2805 4169 μήπω
2835 4093 3233 4173 γεγαμηκότων
3286 4100 3454 4152 ταῦτα
3500 4100 3812 4171 νομοθετεῖ,

2155 4187 2302 4244 ἀλλᾶ
2331 4187 2592 4261 περὶτῶν
2633 4187 2949 4262 φθασάντων
2990 4193 3185 4264 γῆμαι.
3245 4186 3317 4241 Οὐ
3375 4187 3479 4265 γὰρ
3538 4189 3715 4260 εἶπεν,
3749 4188 3815 4248 Ei

2154 4299 2240 4339 τις
2271 4275 2527 4353 βούλεται
2569 4271 2757 4334 λαϐεῖν
2818 4276 3068 4346 ἄπιστον,
3116 4273 3273 4345 ἀλλ’,
3329 4302 3357 4328 ‹‹
3390 4275 3458 4334 E'i
3489 4299 3574 4343 τις
3602 4272 3752 4360 ἔχει,
3784 4302 3810 4329 ››

2158 4366 2261 4422 Καὶ
2314 4365 2415 4441 γὰρ
2474 4359 2770 4419 συνέϐαινεν
2832 4362 3162 4441 ἀνδρογνόνου
3207 4359 3379 4434 ὄντος,
3438 4363 3532 4422 ἕνα
3588 4359 3812 4426 tcto-:55-

408 4449 797 4522 Contingebat
827 4448 986 4503 enim
1016 4446 1077 4501 in
1109 4446 1385 4520 conjugio
1427 4453 1494 4502 ut
1544 4464 1701 4503 unus
1758 4450 2046 4518 crederet,

2162 4476 2271 4523 σαι,
2304 4454 2522 4530 θάτερον
2556 4451 2613 4509 δὲ
2644 4452 2694 4509 ἐν
2720 4453 2942 4525 ἀπιστίᾳ
2973 4458 3172 4527 μεῖναι.
3206 4479 3233 4506 ‹‹
3267 4456 3427 4532 Ἔχει
3485 4454 3749 4518 ἄπιστον,
3785 4482 3811 4509 ι»

409 4540 560 4596 alter
587 4555 723 4594 vero
756 4538 817 4593 in
849 4537 1268 4593 incredulitate
1324 4543 1719 4608 permaneret.
1783 4561 1810 4588 ‹‹
1872 4539 2048 4595 Habet

2164 4541 2233 4599 Τί
2259 4544 2351 4597 οὗν
2400 4541 2445 4596 εί
2502 4538 2554 4596 ἐν
2608 4540 2833 4615 πορνείᾳ
2880 4538 3002 4617 ἁλῷ
3060 4545 3096 4613 ἡ
3153 4542 3312 4618 γυνή,
3365 4531 3585 4620 ἀφεῖναι
3643 4545 3814 4618 αὐτὴν

410 4627 736 4684 inﬁdelem.
772 4649 801 4678 ιο
831 4625 981 4692 Quid
1013 4641 1148 4696 ergo
1169 4624 1198 4680 Υ
1227 4625 1275 4680 si
1294 4625 1355 4680 in
1379 4631 1581 4698 stupro
1594 4627 1865 4699 capiatur
1884 4644 2048 4696 uxor,

2164 4630 2568 4706 ἐπιτέτραπται⁸
2602 4631 2648 4687 εί
2680 4628 2737 4686 δὶ
2768 4626 3014 4699 ἄπιστος,
3057 4629 3153 4685 οὐκ
3202 4625 3280 4687 ἔτι
3311 4648 3333 4695 ,⁸
3386 4633 3566 4689 καίτοι
3629 4641 3817 4712 χεῖρον

409 4716 762 4789 permissum
793 4720 885 4771 est
910 4715 1099 4786 ipsam
1131 4713 1451 4780 dimittere,
1484 4716 1532 4770 si
1562 4731 1698 4771 vero
1731 4716 1809 4771 sit
1838 4717 2048 4772 inﬁde-

2163 4720 2199 4789 ἡ
2234 4716 2480 4775 ἀπιστία.
2512 4722 2706 4794 Πεῖρον
2740 4718 2859 4793 μὲν,
2891 4715 3019 4772 ἀλλ’
3057 4716 3142 4772 ἐπὶ
3176 4725 3275 4788 τῆς
3332 4717 3540 4791 πόρνης
3601 4721 3814 4797 ὁμολο.

400 3402 521 3457 qua:
548 3385 706 3439 habet
733 3386 913 3439 virum
945 3383 1241 3451 inﬁdelem,
1274 3389 1325 3437 et
1354 3385 1400 3438 is
1428 3383 1725 3438 assentitur
1751 3390 1811 3439 ut
1838 3384 2045 3440 habitet

356 3490 358 3492 '
402 3491 523 3529 cum
553 3490 637 3538 ea,
668 3488 736 3525 ne
766 3471 1017 3525 dimittat
1050 3471 1229 3525 illum.
1264 3470 1649 3539 Sanctiﬁcatus
1674 3477 1749 3528 est
1788 3474 1931 3527 enim
1960 3475 2047 3528 vir

403 3560 646 3633 inﬁdelis
666 3575 774 3631 per
803 3573 1030 3613 umorem
1061 3574 1073 3611 :
1107 3564 1157 3612 et
1178 3561 1525 3632 sanctiﬁcata
1554 3566 1628 3614 est
1660 3575 1803 3614 uxor
1850 3562 2044 3631 inﬁde-

406 3649 473 3706 lis
486 3666 590 3720 per
618 3650 821 3703 virum.

475 3740 555 3793 Ne
585 3736 943 3792 divellantur
971 3734 1248 3807 conjugia
1276 3752 1288 3789 :
1322 3738 1380 3789 et
1410 3736 1493 3791 ita
1550 3735 1917 3793 confusionis
1977 3754 2044 3793 ac

403 3825 780 3893 turbationis,
800 3825 1232 3895 domorumque
1250 3824 1577 3880 eversionis
1619 3843 1799 3889 causa
1821 3843 1854 3881 a
1876 3826 2043 3899 vulgo

397 3915 701 3988 judicetur
730 3913 830 3969 Dei
861 3912 1076 3983 cultus,
1110 3918 1425 3984 propterea
1454 3914 1731 3985 prohibet
1788 3911 1888 3971 eos
1946 3918 2046 3987 qui

403 4006 560 4062 nacti
593 4010 733 4061 sunt
761 4002 1053 4071 infideles,
1079 4019 1154 4058 ne
1172 4019 1205 4058 a
1227 4002 1665 4061 cohabitatione
1688 4004 2043 4064 dividantur.

407 4097 603 4165 Neque
626 4094 784 4148 enim
817 4093 889 4148 de
920 4092 1014 4146 his
1045 4091 1233 4163 legem
1266 4093 1591 4165 statuitqui
1613 4094 1882 4150 nondum
1907 4111 2046 4150 con-

408 4188 716 4238 traxerunt
732 4180 1314 4248 matrimonium,sed
1343 4181 1416 4237 de
1436 4181 1529 4237 his
1551 4184 1649 4254 qui
1673 4181 1749 4239 ad
1769 4185 1903 4257 conj
1916 4185 2049 4257 ugia

399 4275 526 4345 jam
558 4276 972 4344 pervenerunt.
1005 4269 1308 4340 Siquidem
1360 4286 1481 4325 non
1541 4271 1735 4326 dixit:
1799 4272 1854 4326 Si
1914 4274 2048 4344 quis

407 4362 528 4417 vult
558 4361 826 4433 accipere
857 4356 1182 4421 inﬁdelem,
1244 4357 1347 4412 sed
1408 4380 1434 4408 ‹‹
1492 4359 1549 4413 Si
1608 4361 1741 4431 quis
1785 4359 1982 4417 habet.
2016 4382 2044 4412 »

410 4805 505 4869 lis,
538 4820 660 4858 non
691 4803 876 4858 licet?
906 4802 1083 4874 Atqui
1113 4803 1282 4876 pejor
1332 4809 1422 4858 est
1476 4804 1819 4861 infidelitas.
1881 4807 2055 4879 Pejor

412 4892 654 4966 quidem
685 4898 794 4959 est,
828 4890 930 4945 sed
961 4891 1023 4946 in
1055 4891 1326 4947 adultera
1346 4899 1551 4965 aperta
1573 4901 1661 4949 est
1711 4895 1956 4961 malitia,
1990 4896 2052 4952 in

408 4982 640 5039 infideli
678 4995 812 5036 vero
844 4981 1179 5052 ignorantia
1209 4982 1404 5052 potius
1438 4982 1640 5038 subest
1669 5001 1846 5055 quam
1880 4985 2055 5041 mali-

408 5075 510 5129 tia.
544 5074 683 5127 Erat
714 5085 950 5142 quoque
988 5069 1308 5125 verisimile
1368 5087 1498 5126 eam
1553 5079 1938 5144 cessaturam,
1998 5081 2054 5131 et

409 5163 565 5235 quod
597 5160 1011 5216 inﬁdelitatem
1040 5157 1409 5229 relinqueret
1438 5160 1599 5232 (nam
1632 5166 1689 5217 et
1744 5163 1855 5218 hoc
1914 5163 2055 5219 dicit

405 5254 531 5325 ipse
554 5250 774 5307 Paulus
800 5267 813 5304 :
838 5247 989 5314 Quid
1010 5248 1170 5302 enim
1196 5247 1373 5319 nosti,
1396 5266 1569 5315 uxor,
1591 5266 1666 5305 an
1687 5251 1878 5306 virum
1928 5269 2055 5308 ser-

405 5341 567 5396 vabis
581 5341 627 5411 ?)
649 5340 697 5395 si
720 5338 933 5395 saltem
953 5336 1281 5393 assentitur
1301 5336 1375 5393 ad
1397 5338 1879 5398 cohabitandum.
1912 5363 1939 5392 ‹‹
1986 5343 2057 5397 Ει

408 5430 534 5483 haec
546 5430 887 5485 assentitur.
908 5450 935 5478 η
952 5426 1395 5499 Sivult,inquit.
1411 5428 1575 5493 Quod
1619 5429 1779 5486 enim
1812 5430 2054 5503 dispen-

408 5516 573 5571 dium
596 5519 753 5573 estsi
777 5517 890 5573 ﬂde
911 5517 1089 5572 unius
1110 5517 1296 5589 partis
1322 5517 1555 5574 sincera
1567 5524 1897 5593 manentes,
1918 5536 2053 5593 spes

410 5605 568 5659 bona
585 5604 662 5658 sit
673 5605 831 5680 quod
844 5605 1103 5675 infidelis
1120 5610 1385 5677 tempore
1402 5607 1730 5664 mutabitur
1744 5613 1809 5666 ut
1822 5609 2053 5671 credat?

2165 4805 2409 4884 γουμὲνη
2442 4804 2583 4862 ἐστιν
2616 4810 2650 4877 ἡ
2687 4807 2948 4882 πονηρία,
2990 4805 3079 4861 ἐπὶ
3138 4803 3198 4861 δὲ
3229 4813 3331 4878 τῆς
3363 4804 3590 4864 ἀπίστου
3628 4809 3816 4885 ἄγνοια

2167 4892 2382 4969 μᾶλλόν
2410 4893 2574 4964 ἐστιν,
2632 4896 2667 4967 ἢ
2726 4894 2983 4969 πονηρία,
3044 4893 3113 4964 ἢν
3168 4895 3260 4950 καὶ
3318 4898 3585 4966 παυθῆναι
3646 4899 3809 4963 εἰκός·

2162 4987 2323 5039 τοῦτο
2353 4983 2454 5061 γὰρ
2483 4982 2574 5039 καὶ
2607 4983 2766 5046 αὐτός
2799 5002 2950 5063 φησι·
2986 5008 3012 5037 ‹‹
3044 4984 3105 5038 Τί
3162 4983 3269 5060 γὰρ
3322 4981 3494 5054 οἶδας,
3552 4987 3733 5065 γύναι,
3767 4988 3812 5045 εἷ

2162 5074 2254 5127 τὸν
2280 5069 2447 5147 ἄνδρα
2476 5073 2669 5136 σώσεις
2693 5092 2708 5143 ς
2731 5096 2758 5125 ›ι
2781 5072 2944 5146 μόνον
2974 5072 3062 5128 ἑὰν
3094 5070 3409 5129 συνευδοκεῖ
3436 5074 3626 5137 οἰκεῖν.
3662 5104 3689 5130 ιι
3715 5081 3808 5134 Καὶ

2163 5159 2299 5232 αὖτὴ
2332 5158 2661 5219 συνευδοκεῖ,
2698 5185 2727 5213 »
2761 5160 2822 5219 Εί
2874 5163 3153 5239 βούλεται,
3214 5162 3368 5241 φησί.
3426 5164 3494 5222 Τί
3547 5166 3648 5245 γάρ
3705 5169 3809 5223 ἐστι

2167 5246 2397 5327 βλάϐος,
2432 5250 2478 5307 εί
2533 5258 2633 5322 τῆς
2688 5251 2922 5314 πίστεως
2975 5254 3071 5306 τοῦ
3131 5252 3247 5315 ἑνὸς
3307 5250 3502 5328 μέρους
3561 5256 3808 5333 ἀκεραίου

2166 5344 2459 5416 μενούσης,
2502 5341 2662 5406 ἐλπὶς
2715 5340 2798 5416 εἴη
2859 5343 3101 5423 χρηστὴ,
3157 5343 3248 5399 καὶ
3305 5345 3397 5399 τὸν
3454 5342 3680 5402 ἄπιστον
3736 5353 3808 5421 τῷ

2162 5430 2348 5506 χρόνῳ
2410 5427 2788 5506 μεταϐαλόντα
2840 5436 3169 5501 πιστεῦσαις
3236 5456 3264 5483 (‹
3295 5434 3388 5501 Μὴ
3456 5434 3661 5515 ἀφιέτω
3720 5436 3807 5492 αὖ·

2160 5521 2283 5590 τήν.
2318 5541 2344 5572 ι
2383 5522 2442 5578 Et
2475 5520 2502 5575 6
2532 5517 2887 5594 κολλώμενος
2943 5524 3011 5598 τῇ
3051 5518 3226 5597 πόρνῃ
3270 5517 3323 5576 ἔν
3365 5525 3526 5596 σῶμα
3582 5524 3803 5602 γίνεται,

2161 5608 2688 5683 καὶὸκολλώμενος
2741 5610 2808 5683 τῇ
2841 5609 3051 5682 ἆπιστῳ
3083 5604 3345 5682 δηλονότι
3402 5607 3458 5666 ἓν
3517 5617 3678 5689 σῶμα
3731 5612 3807 5691 γί-
