4106 6252
428 319 543 378 ’131

1550 321 1973 383 OECUMENII
2021 322 2326 383 ΤιιιΟΟιΕ
2368 323 2744 387 EPISCOPI.

3729 326 3839 384 732

439 473 467 500 «
489 452 716 506 Nonest
730 452 993 508 servituti
1014 453 1316 525 subjectus
1332 453 1532 510 frater.
1555 476 1582 504 α
1603 453 1769 519 Quod
1818 454 1867 508 si
1897 453 2076 509 etiam

2193 474 2220 502 ‹‹
2255 452 2331 508 Οὐ
2365 449 2706 510 δεδούλωται
2746 457 2775 511 ὁ
2806 454 3063 536 ἀδελφός.
3098 481 3126 509 ››
3182 456 3245 512 hi
3294 454 3350 510 δὲ
3397 457 3483 510 καὶ
3536 455 3662 519 καθ’
3720 455 3841 509 ἑκά-

436 540 498 593 in
518 540 644 595 dies
658 548 878 613 pugnat
892 544 1329 609 autcontendit,
1350 543 1554 599 volens
1572 550 1629 599 te
1650 543 1723 599 ad
1745 559 1912 598 suam
1950 543 2079 597 inﬁ-

438 629 744 685 delitatem
767 632 1109 702 pertrahere
1137 650 1149 687 :
1174 634 1285 687 hoc
1306 650 1540 705 quoque
1565 633 1738 688 modo
1782 647 2075 705 separare.

430 720 557 773 Non
578 719 736 775 enim
750 720 823 775 ad
845 722 1253 793 hujuscemodi
1267 740 1362 777 res
1389 722 1690 794 subjectus
1707 738 1769 777 es
1788 722 2076 785 servituti,

428 808 681 863 utetiam
698 810 1322 883 pugnantemjferasEt
1337 812 1716 868 manifestum
1734 811 1991 882 estquod
2005 808 2077 864 de

433 913 629 969 pugna
644 915 774 969 quae
790 900 1004 953 accidit
1018 900 1442 971 loquitur,cum
1461 901 1791 973 subjungit:
1818 920 1845 951 ε
1857 901 1922 953 In
1934 915 2076 970 pace

436 989 667 1044 vocavit
694 1006 804 1044 nos
834 990 1013 1059 Deus,
1050 1012 1073 1041 ν
1112 992 1223 1048 hoc
1253 998 1361 1062 est,
1389 997 1455 1047 ut
1483 992 1543 1046 in
1574 1008 1717 1064 pace
1773 991 2076 1063 degamus,

442 1084 499 1132 et
520 1095 640 1133 non
663 1079 739 1134 sit
761 1080 913 1134 inter
936 1098 1044 1136 nos
1069 1081 1381 1137 dissidium
1404 1088 1505 1137 aut
1537 1098 1745 1152 pagna.
1789 1080 2075 1145 Quoniam

435 1166 614 1240 igitur
640 1174 863 1241 pugnat
894 1176 952 1224 et
977 1170 1220 1239 rixatur,
1253 1177 1567 1243 propterea
1585 1170 1807 1225 bonum
1831 1176 1918 1223 est
1936 1168 2079 1223 libe-

434 1257 613 1313 rari.«
632 1259 757 1312 Non
776 1264 865 1312 est
882 1259 1147 1313 servituti
1166 1260 1470 1331 subjectus
1487 1259 1668 1314 frater
1686 1264 1789 1313 aut
1822 1273 1990 1312 soror
2016 1256 2078 1310 in

435 1344 800 1414 hujusmodi.
824 1366 852 1396 »
881 1351 1001 1400 Non
1022 1346 1218 1416 habet,
1238 1348 1452 1419 inquit,
1474 1347 1667 1401 ﬁdelis
1702 1345 1947 1400 maritus
1979 1348 2080 1398 aut

431 1450 587 1488 uxor
608 1450 743 1489 cum
766 1434 1041 1491 ﬁdelibus
1065 1452 1195 1492 eam
1218 1438 1632 1493 necessitatem
1656 1451 1787 1507 quae
1810 1433 2080 1488 imminet

436 1523 489 1577 ei
514 1539 650 1577 cum
674 1523 970 1579 ﬁdelibus.
992 1525 1076 1579 lbi
1103 1526 1261 1581 enim
1281 1525 1446 1581 nullo
1464 1525 1637 1581 modo
1657 1523 1878 1593 absque
1901 1536 2080 1576 causa

431 1613 843 1669 fornicationis
857 1614 1116 1670 licetase
1132 1621 1336 1672 mutuo
1351 1633 1452 1672 eos
1474 1616 1575 1687 qui
1609 1612 1910 1686 conjuncti
1942 1616 2080 1666 sunt

434 1704 719 1775 separari.
754 1704 859 1758 Hic
888 1721 1024 1759 vero
1057 1704 1105 1758 si
1137 1705 1460 1760 assenserit
1485 1703 1727 1775 quidem
1776 1718 1912 1772 pars
1943 1699 2075 1753 inﬁ-

439 1791 590 1847 delis
629 1798 695 1847 ut
724 1793 951 1848 habitet
979 1810 1114 1849 cum
1144 1794 1328 1861 ﬁdeli,
1386 1797 1619 1864 oportet
1674 1807 1794 1845 non
1853 1788 2077 1843 solvere

437 1882 802 1953 conjugium,
819 1882 867 1936 si
884 1898 1019 1937 vero
1033 1882 1346 1937 dissidium
1370 1881 1617 1936 moverit
1638 1896 1703 1934 ac
1720 1878 2078 1932 solutionem

435 1970 541 2024 illa
572 1970 800 2038 fecerit,
832 1988 952 2026 non
986 1976 1076 2026 est
1103 1971 1369 2026 servituti
1400 1970 1701 2040 subjectus
1759 1966 1952 2022 ﬁdelis
2017 1969 2081 2019 ut

434 2074 555 2112 non
590 2064 935 2131 separetur:
967 2059 1070 2114 sed
1100 2059 1252 2114 liber
1278 2065 1368 2114 est
1395 2064 1462 2115 ut
1491 2058 1594 2114 illa
1632 2055 2080 2113 matrimonium

436 2149 700 2204 solvente
722 2150 899 2204 etiam
923 2150 1050 2222 ipse
1075 2156 1401 2222 separetur.
1425 2154 1699 2206 Attamen
1730 2162 2079 2218 quanquam

437 2237 588 2291 liber
609 2238 704 2305 sit,
722 2244 788 2293 ut
807 2246 1049 2311 prOpter
1066 2240 1387 2295 incredulaa
1413 2239 1724 2295 dissidium
1750 2238 1935 2292 solvat
1947 2252 2081 2290 con-

430 2328 670 2400 jugium
698 2345 711 2382 :
736 2330 922 2383 multo
949 2336 1147 2385 tamen
1171 2330 1386 2385 melius
1408 2331 1671 2385 facturus
1690 2333 1797 2396 est,
1820 2326 1868 2381 si
1891 2324 2085 2380 soluta

441 2418 820 2473 contentione
840 2436 948 2490 per
969 2436 1172 2490 pacem
1195 2419 1468 2491 bonaque
1490 2434 1688 2491 opera,
1707 2432 1824 2471 non
1846 2413 2087 2469 solverit

439 2507 906 2563 matrimonium.
938 2530 965 2557 ‹‹
1000 2510 1143 2564 Nam
1174 2510 1234 2563 in
1265 2525 1408 2581 pace
1429 2507 1654 2563 vocavit
1682 2524 1791 2561 nos
1820 2506 1993 2559 Deus.
2050 2521 2082 2552 ››

427 2597 566 2666 Hoc,
602 2598 1057 2672 inquit,signum
1089 2606 1178 2656 est
1209 2601 1573 2655 vocationem
1602 2602 1862 2653 nostram
1895 2608 2023 2648 esse
2050 2609 2085 2647 ε.

442 2688 582 2755 Deo,
619 2688 667 2745 si
700 2704 836 2761 erga
864 2705 1069 2743 omnes
1101 2696 1388 2759 quantum
1417 2690 1475 2742 in
1506 2687 1679 2742 nobis
1709 2691 1800 2740 est
1851 2680 2083 2754 paciﬁci

440 2776 648 2831 simus.
681 2779 751 2831 Et
781 2777 918 2832 huic
974 2778 1451 2849 interpretationi
1519 2776 1821 2832 conforme
1880 2775 1970 2826 est
2026 2769 2086 2823 id

440 2865 600 2935 (μιοά
630 2867 934 2937 sequitur:
967 2887 989 2916 ι
1024 2867 1174 2932 Quid
1205 2867 1361 2922 enim
1394 2867 1572 2930 nosti,
1604 2880 1771 2928 uxor,
1798 2878 1873 2917 an
1894 2860 2084 2914 virum

440 2954 664 3010 salvum
695 2956 919 3012 facies?
950 2980 977 3007 »
1008 2962 1248 3028 propter
1280 2956 1598 3011 maximam
1629 2953 1703 3009 ad
1728 2952 1919 3024 ipsam
1944 2964 2087 3002 con-

440 3042 823 3102 formitatem.

512 3133 626 3199 VII,
663 3134 750 3201 46,
793 3137 880 3188 17.
912 3135 1062 3205 Quid
1087 3138 1232 3190 enim
1261 3138 1428 3202 nosti,
1460 3151 1624 3198 uxor,
1670 3150 1740 3188 an
1773 3134 1952 3186 virum
1972 3127 2081 3182 sal-

2188 560 2319 611 στην
2348 543 2556 618 ἡμέραν
2599 544 2852 601 πυκτεύει
2906 547 2998 600 καὶ
3061 547 3316 621 μάχεται,
3381 544 3726 617 βουλόμενός
3786 565 3839 598 σε

2186 630 2322 706 πρὸς
2351 635 2452 700 τήν
2482 634 2674 689 ἑαυτοῦ
2723 635 2971 690 ἀπιστίαν
3033 634 3280 705 ἑλκύσαι,
3337 636 3426 689 καὶ
3486 634 3667 693 οὕτως
3726 652 3839 708 χω.

2188 720 2423 794 ρίσοητι.
2465 722 2541 779 Οὐ
2574 724 2676 799 γὰρ
2709 721 3067 793 δεδούλωσαι,
3111 724 3296 803 φησὶν,
3357 723 3433 785 είς
3477 724 3544 777 τὰ
3594 720 3838 803 τοιαῦτα,

2188 807 2446 865 ὥστεκαὶ
2479 813 2794 888 μαχόμενον
2829 801 3132 888 βαστάζεινί
3193 813 3295 870 Καὶ
3347 809 3517 882 δῆλον
3574 812 3668 866 ’ὁτι
3719 801 3839 886 περῖ

2190 897 2376 973 μάχης
2405 900 2700 975 γενομένης
2731 900 2902 977 λέγει,
2954 900 3007 973 ἐξ
3039 901 3114 955 ὧν
3140 900 3351 978 ἐπάγει·
3381 924 3410 953 ι(
3444 903 3533 958 Ἐν
3567 898 3629 955 δὲ
3663 900 3844 975 εἲρτςνῃ

2186 985 2453 1058 κέκληκεν
2485 992 2633 1064 ἡμᾶς
2661 992 2689 1046 6
2719 991 2871 1053 Θεός⁶
2908 1016 2937 1043 υ
2977 990 3274 1061 τουτέστιν,
3323 988 3419 1045 ἵνα
3448 988 3844 1065 εἷρηνεύωμεν,

2185 1076 2377 1149 καὶμὴ
2413 1077 2464 1132 ἐν
2502 1080 2629 1151 ὑμῖν
2657 1078 2694 1154 ἦ
2725 1078 2907 1141 στάσις
2944 1080 2979 1149 ἢ
3018 1081 3196 1155 μάχη.
3231 1077 3386 1137 Ἐπεὶ
3435 1078 3532 1132 οὗν
3585 1077 3843 1152 μάχεται,

2189 1165 2277 1221 διὰ
2332 1173 2495 1225 τοῦτο
2554 1168 2939 1246 ἀπαλλαγῆναι
2998 1170 3191 1230 καλόν.
3250 1195 3277 1222 (ι
3313 1169 3387 1227 Οὐ
3442 1166 3844 1225 δεδούλωταιό

2186 1254 2421 1333 ἀδελφὸς
2445 1258 2480 1328 ἢ
2512 1261 2547 1329 ἡ
2576 1256 2786 1339 ἀδελφὴ
2820 1259 2872 1315 έν
2905 1265 3022 1321 τοῖς
3050 1261 3346 1325 τοιούτοις.
3381 1285 3408 1312 »ι
3439 1259 3560 1318 Οὐκ
3581 1253 3707 1334 ἔχει
3738 1258 3847 1312 ἀνά-

2184 1365 2344 1420 γκην,
2405 1345 2594 1419 φησὶν,
2649 1348 2677 1402 6
2719 1347 2910 1410 πιστὸς
2958 1349 3057 1419 ἢῆ
3089 1350 3256 1418 πιστὴ
3314 1348 3366 1404 ἐν
3419 1353 3539 1409 τοῖς
3599 1347 3847 1406 ἀπίστοις

2183 1434 2467 1505 τοιαύτην,
2501 1433 2594 1490 ο⁹ία
2623 1437 2773 1509 αὖτῷ
2803 1436 3065 1492 ἐπίκειται
3124 1438 3209 1493 ἐπὶ
3250 1443 3356 1493 τῶν
3411 1441 3656 1494 πιστῶν.
3710 1436 3849 1492 Ἐκεῖ

2190 1522 2283 1594 μὲν
2322 1522 2425 1598 γάρ
2469 1525 2629 1579 παντῖ
2687 1525 2899 1600 τρόπῳ,
2948 1525 3123 1601 χωρὶς
3183 1525 3353 1604 λόγου
3407 1527 3700 1601 πορνείας,
3757 1525 3848 1579 οὐκ

2188 1608 2385 1680 ἔξεστιν
2417 1611 2509 1667 ἀπ’
2549 1610 2817 1683 ἀλλήλων
2870 1615 2997 1677 τοὺς
3058 1613 3413 1694 συναφθέντας
3471 1616 3845 1689 χωρισθῆναι’

2186 1698 2411 1755 ἐνταῦθα
2470 1699 2553 1770 δὲ,
2609 1699 2669 1756 ἄν
2726 1703 2823 1776 μὶν
2881 1700 3177 1779 συνευδοκῇ
3232 1704 3294 1759 τὸ
3378 1701 3616 1759 ἃπιστον
3689 1704 3845 1778 μέρος

2112 1829 2156 1893 Β
2185 1794 2264 1860 τῷ
2295 1795 2471 1862 πιστῷ
2520 1796 2809 1861 συνοικεῖν,
2870 1789 2955 1847 δεῖ
3022 1793 3098 1865 μὴ
3158 1791 3307 1848 λύειν
3355 1794 3419 1849 τὸ
3476 1793 3841 1849 συνοικέσιον.

2198 1876 2224 1893 ,ι
2331 1876 2375 1893 α.
2636 1882 2684 1893 ,μ
2897 1880 2912 1893 .
3034 1884 3046 1893 .
3220 1883 3231 1893 .
3403 1882 3418 1893 .
3486 1887 3510 1893 _
3794 1885 3820 1893 _

2188 1876 2248 1933 ἄν
2328 1876 2385 1933 δὲ
2460 1882 2747 1954 στασιάζῃ,
2823 1880 2914 1936 καὶ
2988 1884 3090 1952 τὴν
3165 1883 3321 1937 λύσιν
3400 1882 3616 1945 ἐκεῖνος
3694 1885 3844 1955 ποιῇ,

2188 1967 2252 2022 οὐ
2312 1964 2644 2025 δεδούλωται
2708 1971 2736 2024 ὁ
2796 1969 2987 2032 πιστὸς
3044 1971 3120 2033 εἰς
3174 1972 3237 2026 τὸ
3316 1973 3391 2043 μὴ
3470 1978 3844 2047 χωρισθῆναι,

2188 2055 2316 2112 ἀλλ’
2388 2056 2673 2132 ἐλεύθερός
2747 2057 2911 2128 ἔστιν,
2988 2059 3188 2115 ἐκείνου
3266 2059 3491 2122 λύοντο(
3585 2062 3683 2116 τὸν
3754 2064 3845 2136 γά-

2193 2165 2316 2217 μον,
2359 2144 2450 2199 καὶ
2511 2145 2673 2209 αὐτὸς
2736 2145 3107 2214 διαναστῆναι.
3170 2148 3346 2220 Πλὴν,
3404 2149 3607 2229 φησῖν,
3664 2151 3710 2205 εἰ
3761 2150 3841 2205 καὶ

2187 2232 2467 2309 ἐλεύθερός
2521 2233 2632 2290 ἐστι
2712 2236 2775 2291 τὸ
2860 2237 3184 2293 συνοικέσιον
3253 2234 3341 2293 διὰ
3394 2240 3495 2307 τὴν
3558 2244 3666 2294 τοῦ
3723 2240 3839 2294 Σιττί-

2190 2343 2317 2377 στου
2393 2324 2574 2378 στάσιν
2653 2323 2825 2397 λύειν,
2903 2324 3030 2382 ἀλλ’
3103 2325 3322 2399 ἄμεινον
3397 2325 3609 2400 πολλῷ
3684 2330 3835 2399 ποιήο

2191 2432 2293 2481 σει,
2346 2413 2391 2467 εί
2446 2413 2546 2482 τὴν
2601 2408 2713 2489 ἔριν
2791 2414 2978 2490 εἰρήνῃ
3037 2413 3128 2470 καὶ
3193 2415 3579 2491 καλοκαγαθίᾳ
3660 2416 3833 2483 λύσας,

2193 2502 2269 2574 μή
2304 2499 2457 2556 λύσει
2485 2502 2578 2556 τὸν
2638 2504 2841 2578 γάμον.
2895 2504 3042 2561 «'Ev
3100 2505 3202 2580 γάρ
3261 2504 3476 2581 εἰρήνῃ,
3537 2507 3700 2581 φησὶ,
3754 2507 3832 2561 κέ-

2189 2589 2391 2662 κληκεν
2442 2593 2650 2664 ἡμᾶςὸ
2684 2593 2834 2654 Θεός.
2872 2616 2892 2643 ι
2954 2596 3126 2648 Τοῦτο
3184 2595 3311 2669 γάρ,
3370 2595 3527 2672 φησὶ,
3591 2597 3681 2650 καὶ
3738 2603 3827 2665 τῆς

2189 2677 2440 2749 κλήσεως
2515 2683 2615 2745 τῆς
2718 2681 2823 2736 ἀπὸ
2925 2684 3059 2736 Θεοῦ
3162 2686 3414 2756 σημεῖον,
3490 2683 3554 2737 τὸ
3635 2684 3826 2760 εἰρηνι-

2190 2766 2320 2830 κοὺς
2380 2769 2505 2822 ὅσον
2557 2768 2619 2823 τὸ
2678 2768 2727 2841 ἐξ
2781 2771 2939 2843 ἡμῶν
3028 2769 3165 2844 πρὸς
3233 2770 3436 2833 πάντας
3495 2772 3652 2828 εἶναι.
3727 2772 3819 2829 Καῖ

2189 2854 2252 2909 τὸ
2284 2854 2472 2931 ἐφεξῆς
2503 2852 2581 2928 δὲ,
2607 2880 2634 2908 ‹‹
2669 2856 2736 2913 Τί
2762 2857 2862 2932 γὰρ
2897 2852 3071 2925 οἶδας,
3103 2857 3281 2933 γύναι,
3310 2881 3338 2907 ››
3369 2858 3459 2913 καὶ
3492 2858 3627 2929 ἑξῆς,
3658 2858 3807 2929 ταῦτῃ

2193 2940 2403 3013 συνᾴδει
2442 2946 2513 3017 τῇ
2574 2944 2837 3021 ἑρμηνείᾳ
2895 2941 2983 2999 διά
3032 2951 3134 3010 τῆς
3188 2945 3328 3021 πρὸς
3373 2944 3530 3014 αὐτὴν
3583 2944 3801 3018 μάλιστα

2191 3030 2538 3096 ἀκολουθίας.

2260 3120 2318 3175 Τί
2374 3122 2477 3196 γάρ
2536 3118 2708 3193 οἶδας,
2768 3121 2948 3199 γύναι,
3010 3122 3055 3177 εἰ
3111 3122 3202 3178 τὸν
3272 3120 3443 3197 ἄνδρα
3506 3123 3725 3192 σώσεις,
3775 3121 3811 3191 οἲ,

438 3239 564 3277 vum
591 3222 763 3292 facies
790 3227 819 3278 ?
846 3230 942 3278 aut
972 3224 1071 3294 qui
1098 3224 1267 3292 nosti,
1300 3228 1406 3291 vir,
1466 3241 1539 3279 an
1594 3239 1825 3277 uxorem
1871 3219 2077 3274 salvam

2193 3211 2238 3266 τί
2299 3208 2470 3280 οἶδας,
2531 3212 2673 3287 ἆνερ,
2733 3211 2779 3267 εἰ
2850 3212 2949 3279 τήν
3032 3214 3264 3286 γυναῖκα
3346 3213 3538 3274 σώσεις
3590 3213 3627 3283 ἢ
3687 3213 3757 3286 μή
3806 3231 3820 3277 ;

436 3314 607 3380 facies
633 3314 868 3366 annon?
931 3315 1309 3384 Unusquisque
1365 3320 1427 3367 ut
1486 3312 1595 3383 ipsi
1651 3312 1838 3366 divisit
1896 3310 2030 3363 Deus
2059 3323 2077 3359 :

436 3402 811 3469 unusquisque
841 3407 901 3454 ut
933 3401 1111 3470 ipsum
1137 3404 1353 3456 vocavit
1384 3403 1661 3465 Dominus,
1688 3403 1768 3455 ita
1798 3398 2078 3455 ambulet:

437 3493 487 3542 ει
516 3489 592 3543 sic
620 3489 680 3541 in
711 3489 946 3543 ccclesiis
977 3490 1223 3544 omnibus
1263 3490 1447 3544 doceo.

508 3575 597 3630 Ad
628 3575 688 3629 id
718 3592 954 3631 rursum
1010 3578 1257 3647 accedit,
1316 3584 1515 3632 utrum
1565 3574 1957 3632 dimittendus
2005 3575 2081 3629 sit

437 3664 697 3719 inﬁdelis
722 3665 823 3736 qui
846 3665 970 3720 vult
992 3682 1255 3733 manere,
1278 3683 1388 3722 nec
1419 3666 1732 3722 dissidium
1777 3669 1991 3729 movet,
2026 3669 2085 3718 et

438 3754 519 3809 ait
545 3772 557 3808 :
587 3755 643 3809 Si
671 3754 983 3810 dissidium
1007 3772 1126 3811 non
1151 3762 1380 3811 moveat
1399 3756 1710 3812 adversum
1744 3761 1819 3819 te,
1843 3758 2081 3808 maneto

440 3860 575 3899 cum
599 3844 749 3915 ipso.
777 3845 1107 3900 Verisimile
1131 3846 1290 3901 enim
1313 3853 1402 3901 est
1423 3844 1583 3917 quod
1612 3845 1896 3916 temporis
1928 3842 2074 3899 48]

438 3948 753 4004 progressu
785 3933 980 4004 ipsum
1029 3951 1265 4005 quoque
1320 3935 1544 3990 salvum
1600 3933 1802 4001 facies,
1863 3932 2083 3987 factum

441 4022 706 4093 ejusdem
766 4028 959 4078 tecum
1014 4024 1220 4092 animi,
1275 4024 1576 4095 faciesque
1636 4024 1894 4078 ﬁdelem.
1937 4021 2083 4075 Vide

442 4118 639 4166 autem
671 4111 829 4182 quod
861 4129 978 4167 non
1011 4114 1191 4186 exigit
1219 4119 1284 4168 ut
1313 4113 1373 4168 id
1432 4112 1769 4168 necessario
1830 4112 1950 4178 ﬁat,
2010 4127 2084 4165 ne

439 4217 610 4273 grave
641 4217 790 4256 onus
820 4202 1103 4273 imponat,
1132 4203 1235 4258 sed
1267 4203 1449 4259 futuri
1468 4200 1888 4257 incertitudinc
1908 4206 1967 4256 et
1982 4217 2082 4255 ne-

442 4291 779 4347 cessitatem
801 4291 1041 4360 ademit,
1067 4291 1205 4346 etid
1232 4290 1459 4347 curavit
1501 4308 1575 4346 ne
1606 4290 1732 4345 haec
1763 4289 2085 4345 necessitas

443 4381 516 4436 ad
546 4381 1025 4453 desperationem
1083 4380 1359 4436 suaderet
1411 4386 1514 4434 aut
1571 4386 1803 4450 torpere
1844 4380 2082 4433 faceret.

447 4491 468 4517 σ
507 4474 731 4527 Annon.
769 4492 793 4519 κ
830 4470 1025 4542 Usque
1056 4470 1129 4525 ad
1160 4469 1218 4524 id
1248 4468 1491 4523 verbum
1525 4491 1548 4517 ι·
1588 4470 1816 4531 Annon,
1844 4465 2086 4537 uperfe-

2184 3301 2391 3373 ἑκάστῳ
2446 3300 2521 3362 ὠς
2605 3300 2848 3375 ἐμέρισεν
2903 3301 2931 3355 6
2980 3302 3132 3371 Θεὸς,
3241 3297 3464 3356 ’ἑκαστον
3569 3300 3650 3363 ὦς
3744 3320 3823 3355 κε-

2183 3387 2386 3460 κληκεν
2443 3389 2470 3443 6
2530 3388 2747 3464 Κύριος,
2806 3389 2978 3451 οὕτως
3037 3389 3423 3463 περιπατείτω.
3498 3389 3599 3444 Καὶ
3666 3386 3827 3452 οὕτως

2183 3479 2235 3534 έν
2262 3485 2382 3538 ταῖς
2415 3478 2765 3549 Ἐκκλησίαις
2804 3480 2999 3544 πάσαις
3030 3478 3408 3554 διατάσσομαι.

2260 3567 2429 3624 Ηάλιν
2463 3571 2598 3644 πρός
2629 3570 2718 3624 τὸν
2764 3568 2970 3647 ἀφιέναι
3032 3569 3209 3644 μένειν
3261 3568 3493 3633 θέλοντα
3548 3571 3648 3625 τὸν
3716 3568 3836 3625 ἂπι-

2187 3679 2313 3714 στον
2403 3657 2543 3731 μηδὲ
2617 3660 2971 3730 στασιάζοντα
3050 3654 3409 3732 μεταϐέϐηκε,
3485 3659 3579 3715 καί
3662 3679 3837 3739 φησιν’

2188 3745 2249 3803 Εἰ
2280 3748 2357 3819 μὴ
2387 3745 2759 3818 διαστασιάζοι
2787 3749 2925 3823 πρὸς
2956 3748 3033 3813 σὲ,
3073 3749 3195 3820 μένε
3257 3749 3372 3823 μετ’
3420 3749 3613 3805 αὐτοῦ.
3689 3750 3845 3812 Εἰκὸς

2188 3839 2292 3914 γάρ
2322 3845 2400 3912 τῷ
2430 3842 2620 3916 χρόνῳ
2649 3843 2740 3897 καὶ
2772 3843 2964 3906 σώσεις
3008 3843 3170 3898 αὐτὸν
3222 3837 3701 3916 συμϐουλεύοντα,
3763 3844 3846 3899 καὶ

2188 3929 2377 3984 πιστὸν
2407 3932 2684 4001 ποιήσεις.
2717 3932 2853 4006 *Ορα
2885 3928 2942 3986 δὲ
2993 3935 3110 3994 πῶς
3167 3930 3267 3986 οὐκ
3321 3929 3372 3985 έν
3413 3930 3620 4006 ἀνάγκῃ
3688 3937 3844 3988 τοῦτο

2189 4019 2435 4093 γενέσθαι
2468 4018 2768 4094 ἀπῄτησεν,
2800 4020 2891 4074 ἳνα
2928 4020 3004 4093 μή
3042 4020 3207 4094 βάρος
3239 4019 3422 4093 ἐπιθῇ,
3469 4017 3616 4075 ἀλλὶ
3648 4027 3722 4097 τῇ
3752 4026 3843 4078 τοῦ

2195 4103 2500 4178 μέλλοντος
2573 4105 2777 4179 ἀδηλίᾳ
2851 4108 2940 4163 καὶ
3015 4109 3113 4176 τὴν
3190 4108 3423 4186 ἀνάγκην
3500 4107 3707 4184 ἐξεῖλε,
3758 4111 3841 4167 καὶ

2188 4194 2390 4267 ταύτην
2474 4197 2551 4270 μή
2629 4196 2936 4272 ἄπογνῶναι
3010 4199 3101 4253 καὶ
3175 4196 3497 4274 ἒνναρκῆσαι
3596 4197 3844 4275 συμϐου-

2194 4283 2476 4353 λεόουσαν,
2536 4286 2952 4360 παρεσκεύασεν.
3014 4311 3041 4338 ‹‹
3102 4287 3172 4344 ἸΙ
3233 4289 3335 4358 μή.
3408 4312 3435 4339 ι)
3491 4289 3640 4350 Ἕως
3730 4295 3844 4357 τοῦ,

2192 4396 2219 4424 ‹‹
2263 4373 2330 4428 ’Ἠ
2413 4373 2513 4446 μὴ,
2558 4395 2583 4425 ι
2663 4373 2836 4444 στίξον
2908 4373 3120 4430 τελείαν
3193 4378 3452 4450 στιγμὴν,
3521 4375 3613 4433 ’ίνα
3752 4380 3845 4434 0'3-

2191 4483 2322 4523 τως.
2350 4462 2423 4519 ’Ἢ
2454 4462 2506 4516 τί
2538 4459 2715 4533 οἶδας,
2748 4461 2888 4536 ἄνερ,
2923 4463 2971 4519 ei
3000 4465 3098 4533 τήν
3131 4469 3362 4539 γυναῖκα
3421 4467 3615 4529 σώσεις
3648 4469 3687 4538 ἦ
3726 4471 3800 4540 μή
3827 4486 3839 4536 ;

441 4566 593 4615 ctam
618 4561 928 4632 producito
964 4560 1427 4622 distinctionem,
1479 4563 1546 4612 ut
1593 4556 1670 4610 sit
1701 4556 1796 4611 hic
1828 4572 2036 4609 sensus
2067 4571 2079 4608 :

2193 4550 2452 4621 τουτέστι,
2489 4552 2654 4606 Πόθεν
2688 4549 2837 4614 οἶδας
2870 4552 2915 4607 εί
2949 4551 3140 4616 σώσεις
3169 4554 3205 4622 ἦ
3242 4553 3316 4627 μὴ
3353 4554 3585 4623 σώσεις;
3631 4553 3837 4628 ἄδηλον

441 4651 554 4704 Aut
583 4650 683 4720 qui
715 4649 892 4717 nosti,
924 4649 1028 4710 vir.
1086 4654 1286 4703 utrum
1346 4662 1592 4701 uxorem
1649 4644 1869 4700 salvam
1902 4643 2083 4698 facies

443 4739 685 4794 annon?
716 4740 835 4793 Hoc
866 4744 974 4805 est,
1008 4737 1171 4793 Unde
1200 4736 1353 4791 nosti
1386 4742 1585 4791 utrum
1615 4735 1833 4790 salvam
1878 4733 2079 4799 facies,

442 4843 639 4883 annon
672 4827 892 4881 salvam
924 4827 1104 4881 facies
1124 4827 1151 4880 ‘?
1183 4828 1479 4881 Incertum
1515 4831 1603 4879 est
1627 4824 1789 4879 enim
1820 4821 1962 4894 quid
1990 4822 2084 4876 fu-

439 4923 639 4972 turum
671 4916 798 4988 conj
810 4916 1030 4987 ugium.

511 5007 744 5061 Etenim
778 5006 825 5060 si
858 5005 1081 5060 salvam
1114 5022 1233 5059 non
1281 5006 1511 5071 feceris,
1565 5004 1795 5058 nullum
1827 5002 2083 5074 accipies

438 5096 906 5152 detrimentum:
943 5094 989 5147 si
1022 5109 1157 5148 vero
1191 5094 1411 5148 salvam
1471 5092 1705 5160 feceris,
1760 5097 1818 5146 et
1854 5090 2083 5160 juvabis

440 5183 978 5255 etipsejuvaberis.
1007 5205 1035 5233 ‹‹
1061 5182 1386 5253 Unicuique
1410 5181 1604 5253 utipsi
1627 5181 1824 5235 divisit
1851 5185 2017 5234 Deus.
2051 5200 2079 5229 »

438 5273 743 5345 Siquidem
770 5273 931 5328 solus
963 5272 1089 5343 ipse
1122 5271 1287 5325 novit
1315 5270 1457 5341 quid
1482 5269 1626 5324 utile
1657 5270 1752 5337 sit,
1787 5273 1845 5322 et
1884 5274 2083 5323 utrum

437 5364 624 5435 magis
658 5361 998 5419 conferebat
1028 5365 1095 5415 ut
1123 5359 1194 5415 ab
1251 5359 1420 5413 initio
1480 5357 1672 5413 ﬁdelis
1731 5358 2082 5428 conjunctus

439 5458 594 5506 esset
625 5453 850 5507 inﬁdeli
883 5470 956 5507 an
992 5450 1174 5506 ﬁdeli.
1211 5449 1445 5503 Etenim
1473 5448 1533 5502 in
1566 5448 1919 5518 quihusdam
1943 5464 2084 5502 con-

439 5539 694 5594 ducebat
722 5547 788 5594 ut
817 5539 1207 5611 ﬁdelisiﬁdeli
1244 5537 1613 5593 cohabitaret
1642 5552 1710 5591 ac
1730 5537 2085 5606 conjunctus

440 5632 616 5693 esset,
650 5628 709 5681 in
741 5629 1097 5698 quibusdam
1133 5645 1265 5682 vero
1299 5633 1365 5682 ut
1395 5627 1590 5682 ﬁdelis
1621 5626 1878 5681 inﬁdeli:
1915 5631 1972 5680 et
2003 5626 2083 5681 ita

2192 4641 2297 4714 γὰρ
2326 4642 2389 4696 τὸ
2422 4640 2652 4713 μέλων·
2703 4639 2916 4713 ἀδήλου
2971 4640 3028 4698 δὲ
3082 4639 3260 4712 ὄντος,
3316 4643 3379 4699 οὐ
3412 4642 3496 4699 δεῖ
3541 4642 3696 4701 λύειν
3752 4648 3836 4701 τὸν

2190 4730 2368 4806 γάμον
2378 4775 2391 4788 .

2263 4998 2357 5067 Μὴ
2391 4998 2579 5067 σώζων
2614 4998 2709 5071 μὲν
2742 4998 2847 5074 γὰρ
2880 4996 2979 5053 οὐκ
3026 4992 3293 5069 ἐϐλάϐης,
3349 4999 3539 5068 σώζων
3592 4997 3651 5055 δὲ
3700 5002 3835 5077 ὡσε-

2192 5085 2391 5157 λήθης.
2451 5086 2758 5160 «Ἐκᾶστῳ
2816 5086 2889 5149 ὡς
2948 5084 3193 5160 ἐμέρισεν
3252 5087 3280 5141 6
3339 5086 3543 5148 Θεός.»
3599 5089 3679 5145 Τὸ
3734 5090 3832 5164 γᾶρ

2191 5177 2464 5255 συμφέρον
2519 5176 2681 5238 αὐτὸς
2745 5177 2906 5250 μόνος
2962 5173 3097 5245 οἶδε,
3156 5176 3246 5230 καὶ
3330 5176 3557 5250 πότερον
3627 5176 3835 5251 μᾶλλον

2194 5264 2486 5334 συνετέλει,
2525 5266 2617 5321 τὸν
2660 5266 2851 5321 πιστὸν
2910 5264 2961 5339 ἐξ
3021 5265 3203 5340 ἀρχῆς
3239 5263 3450 5338 ἀπίστῳ
3508 5269 3832 5344 συναιρθῆναι.

2191 5352 2228 5423 ἤ
2257 5357 2451 5423 πιστῷ.
2489 5354 2604 5407 Ἐπ’
2634 5352 2790 5407 ἐνίων
2843 5354 2938 5426 μὲν
2991 5354 3093 5429 γὰρ
3136 5353 3383 5430 συνέφερε
3429 5354 3619 5409 πιστὸν
3665 5358 3834 5424 πιστῷ

2193 5446 2482 5508 συνοικεῖν,
2513 5443 2602 5496 καὶ
2638 5445 2905 5520 συνήφθη·
2936 5441 3020 5496 ἐπ’
3069 5442 3225 5497 ένίων
3279 5439 3336 5497 δὲ
3364 5444 3555 5498 πιστὸν
3608 5444 3830 5513 ἀπίστῳ,

2190 5530 2283 5585 καὶ
2312 5528 2525 5604 γέγονεν
2557 5527 2748 5590 οὕτως,
2788 5529 2884 5583 Καὶ
2941 5529 3147 5584 τούτων
3204 5525 3382 5590 οὐδείς
3442 5529 3580 5584 ἐστιν
3635 5530 3827 5595 ἱκανὸς,

2194 5616 2424 5675 συνιδεῖν
2457 5616 2550 5679 τὰς
2582 5616 2777 5688 αἰτίας,
2805 5616 2952 5687 πλὴν
2982 5622 3079 5673 τοῦ
3120 5616 3264 5672 οὕτω
3319 5614 3699 5691 διαταξαμένου
3742 5618 3827 5672 καὶ
