4106 6252
209 340 337 402 733
1209 339 1619 402 COMMENT.
1669 341 1746 400 IN
1793 338 1911 399 ΕΡ]

2023 346 2047 399 ¹.
2092 342 2117 403 Ι
2161 344 2265 402 AD
2309 345 2673 405 CO'dIN'fH.
3539 342 3654 401 734

223 473 569 549 μερίσαντος
603 476 763 539 Θεοῦ,
793 472 884 528 καὶ
923 471 1254 534 καλέσαντος
1286 472 1514 547 Κυρίου.
1547 473 1612 528 Εἰ
1635 469 1692 526 δὲ
1722 472 1748 527 ὁ
1777 472 1907 535 Θεὸς

2023 474 2236 530 factum
2268 477 2451 533 est.Et
2480 479 2692 532 horum
2714 494 2921 533 causas
2949 494 3123 533 nemo
3152 476 3401 533 idoneus
3433 481 3522 532 est
3551 476 3653 547 qui

225 564 320 621 καὶ
352 566 381 620 ὁ
411 563 620 638 Κυριος
648 562 745 622 τὰς
774 560 1031 623 τοιαύτας
1079 561 1364 640 συναφείας
1423 559 1572 632 ἔταξε
1627 561 1714 615 καί
1768 561 1897 634 ἐμέ-

2023 573 2323 639 :ognoscat
2352 569 2468 623 nisi
2502 570 2627 640 ipse
2648 570 2798 623 Deus
2817 569 2915 639 qui
2931 570 3014 623 ita
3035 568 3408 639 disposuitac
3429 567 3648 635 divisit,

236 675 354 731 ρισε
381 653 522 707 κατᾶ
551 652 616 706 τὸ
649 650 874 706 ἑκάστου
908 649 1207 728 συμφέρον,
1258 651 1359 706 οὐκ
1410 649 1617 729 ὀφείλει
1650 651 1677 704 ὁ
1710 650 1899 712 πιστὸς

2023 663 2067 711 εει
2092 658 2378 713 Dominus
2403 660 2502 730 qui
2527 659 2941 724 vocavit.Quod
2966 659 3012 713 si
3054 660 3209 714 Deus
3247 675 3315 713 ac
3364 659 3651 713 Dominus

239 744 458 814 ἀπίστῳ
498 739 783 818 συναφθεὶς
839 737 1152 817 δυσφορεῖν,
1213 737 1249 807 ἢ
1306 737 1537 813 ἀγωνίαν
1597 736 1686 791 καί
1744 736 1898 793 λύσιν

240 832 523 903 ἐπιζητεῖν
559 872 575 897 ,
654 826 802 883 ἀλλά
888 828 1065 890 καθὼς
1151 826 1357 899 ἐκλήθη
1422 826 1669 896 ἕκαστος,
1725 827 1904 898 τούτῳ

241 921 498 996 ἐμμένειν
553 917 644 971 καὶ
675 920 1128 990 συμπεριπατεῖν.
1159 917 1217 973 Ὀ
1249 916 1353 991 γὰρ
1384 916 1711 990 Σευηριανὸς
1763 913 1901 971 ἐστι·

243 1012 331 1082 ξεν
386 1006 580 1068 οὕτως.
641 1004 705 1063 Εἰ
763 1003 864 1080 γὰρ
926 1004 1003 1077 μή
1064 1003 1238 1065 οὕτως
1296 1005 1479 1078 στίξῃς
1534 1004 1901 1079 ἀσυνάρτητον

246 1100 434 1176 ἔλεγεν
472 1100 613 1154 εἶναι
644 1098 743 1166 τὴν
778 1094 1044 1168 σύνταξιν.
1078 1092 1262 1156 Οὕτως
1292 1116 1373 1163 σε,
1430 1097 1593 1174 φησὶν
1622 1094 1900 1169 ἐρμέρισεν

246 1191 277 1245 ὁ
311 1188 444 1248 Θεὸς
474 1185 565 1242 καὶ
594 1185 773 1248 οὕτως
830 1182 1115 1254 κέκληκεν,
1170 1185 1304 1257 μετά
1357 1184 1609 1257 γυναικὸς
1648 1183 1682 1253 ἢ
1715 1180 1905 1257 ἀνδρὸς

246 1280 506 1335 ἀπίστου·
540 1274 731 1352 στέργε
758 1277 1045 1351 τοιγαροῦν
1101 1274 1195 1328 τὸν
1255 1273 1457 1350 γάμον,
1510 1274 1601 1329 καὶ
1665 1274 1740 1346 μή
1782 1271 1902 1327 δια-

250 1366 431 1442 λύσῃς
459 1366 557 1435 τὴν
589 1365 798 1419 πίστιν.
831 1384 852 1414 ι
887 1363 1077 1424 Οὕτως
1100 1360 1150 1416 ἐν
1178 1368 1297 1425 ταῖς
1329 1361 1679 1433 Ἐκκλησίαις
1709 1362 1903 1425 πάσαις

255 1455 637 1528 διατάσσομαι.
670 1476 700 1505 ››
733 1454 911 1509 Τοῦτο
944 1451 1155 1527 ἐπάγει,
1181 1450 1267 1506 ’ίνα
1291 1456 1370 1525 τῷ
1392 1457 1545 1526 σχεῖν
1575 1451 1665 1506 καί
1696 1447 1903 1513 ἄλλους

252 1544 554 1605 κοινωνοὺς
606 1540 697 1596 καὶ
775 1537 951 1602 ἄλλας
1036 1538 1367 1611 Ἐκκλησίας
1403 1581 1418 1607 ,
1502 1539 1904 1617 προθυμότεροι

250 1634 383 1711 περὶ
411 1635 513 1703 τὴν
545 1631 788 1700 ὑπακοὴν
820 1630 1101 1707 γένωνται.

2008 746 2351 818 hujusmodi
2373 764 2483 803 con
2482 748 2828 819 junctiones
2850 747 3236 818 disposuit,ac
3257 746 3454 801 divisit
3478 748 3650 818 juxta

2009 837 2297 908 cujusque
2326 838 2667 905 utilitatem,
2700 855 2817 893 non
2852 837 3027 893 debet
3057 837 3250 892 ﬁdelis
3294 839 3650 907 conjunctus

2009 925 2240 980 infideli
2291 927 2545 996 graviter
2573 927 2727 983 ferre
2759 932 2858 983 aut
2915 927 3144 983 anxiari
3176 932 3234 981 et
3290 926 3651 981 solutionem

2009 1016 2313 1085 requirere
2349 1033 2360 1070 :
2394 1017 2498 1072 sed
2524 1017 2677 1073 sicut
2726 1017 3136 1089 unusquisque
3167 1022 3406 1073 vocatus
3446 1022 3556 1084 est,
3589 1016 3653 1069 in

2010 1103 2122 1158 hoc
2154 1111 2502 1175 permaneat
2529 1122 2597 1162 ac
2641 1107 2941 1178 procedat.
2975 1105 3324 1163 Severianus
3351 1106 3511 1160 enim
3568 1105 3652 1159 ita

2010 1192 2306 1249 distinxit:
2336 1211 2474 1250 nam
2506 1196 2553 1249 si
2581 1196 2663 1250 ita
2692 1211 2811 1250 non
2840 1193 3649 1267 distinguas,in00mpositam

2011 1282 2157 1337 dixit
2184 1299 2312 1338 esse
2339 1282 2800 1340 ordinationem.
2825 1284 3154 1354 Ita.inquit,
3183 1288 3239 1338 te
3273 1281 3468 1337 divisit
3498 1283 3651 1336 Deus

2013 1376 2071 1426 et
2100 1372 2183 1426 ita
2214 1373 2436 1427 vocavit
2494 1389 2629 1427 cum
2660 1388 2846 1427 uxore
2897 1378 3000 1428 aut
3023 1373 3148 1427 viro
3202 1371 3428 1426 inﬁdeli
3464 1387 3477 1424 :
3518 1386 3652 1426 ama

2012 1460 2190 1533 igitur
2218 1462 2559 1534 conjugium
2593 1478 2706 1517 nec
2735 1462 2912 1517 ﬁdem
2943 1461 3250 1517 dissolvas.
3286 1482 3314 1511 «
3340 1462 3425 1515 Ita
3453 1460 3515 1514 in
3545 1462 3656 1515 Ec-

2013 1550 2210 1605 clesiis
2244 1550 2522 1605 omnibus
2554 1550 2784 1605 ordino.
2823 1573 2850 1600 ››
2878 1552 2997 1606 Hoc
3029 1555 3227 1605 autem
3259 1548 3655 1621 subjungit,ut

2015 1655 2084 1694 ex
2115 1640 2227 1694 hoc
2258 1639 2418 1710 quod
2457 1639 2607 1694 alios
2638 1655 2874 1710 quoque
2905 1640 3164 1694 habeant
3194 1638 3386 1694 socios
3417 1644 3475 1692 et
3503 1637 3654 1692 alias

2015 1727 2319 1791 ecclesias,
2352 1728 2747 1799 promptiores
2779 1727 2925 1782 ﬁant
2954 1727 3029 1782 ad
3059 1726 3482 1782 obedientiam.

328 1812 803 1906 Περιτετμημένος
896 1832 981 1874 τις
1059 1812 1268 1906 ἐκλήθη
1305 1854 1318 1879 ,
1406 1811 1483 1884 μὴ
1568 1809 1902 1874 ἐπισπάσθωι

2091 1816 2206 1882 Vll,
2224 1817 2414 1872 18-20.
2442 1837 2468 1868 σι
2501 1815 2863 1871 Circumcisus
2892 1815 3170 1886 quispiam
3198 1822 3417 1870 vocatus
3439 1820 3653 1881 est,non

248 1908 343 1963 Ἐν
430 1897 767 1978 ἀκροϐυστίᾳ
849 1921 931 1963 τις
1009 1897 1241 1970 ἐκλήθη,
1322 1901 1398 1973 μή
1473 1898 1905 1974 παριτεμνέσθω.

245 1997 261 2016 ε
635 1993 650 2011 \
758 1988 830 2009 ’ἧς
933 1988 948 2007 9
1195 1988 1210 2007 \
1370 1990 1384 2008 9
1798 1985 1870 2010 ἀἱ

266 2001 314 2051 Η
380 2013 658 2069 περιτομη
717 2001 869 2046 ουοεν
931 2010 1064 2058 εστι,
1122 2009 1213 2044 και
1268 1991 1303 2058 ἡ
1360 1983 1689 2055 ακροϐυστία
1754 2006 1908 2044 ουοεν

247 2083 419 2153 ἐστιν,
455 2079 601 2137 ἀλλά
628 2081 862 2156 τήρησις
921 2075 1153 2133 ἐντολῶν
1216 2082 1371 2136 Θεοῦ.
1431 2079 1698 2140 Ἕκαστος
1754 2077 1806 2133 ἐν
1837 2081 1907 2152 τῇ

248 2171 452 2244 κλήσει
550 2169 785 2241 ἐκλήθη,
817 2168 866 2224 ἐν
890 2167 1058 2243 ταύτῃ
1093 2168 1317 2241 μενέτω.

328 2261 525 2329 Πάλιν,
566 2258 725 2339 φησί,
757 2258 1229 2332 περιτετμημένος
1259 2255 1523 2328 ἐκλήθης,
1558 2260 1634 2330 μή
1672 2255 1907 2313 ἐπισπῶ.

253 2384 324 2395 -
362 2353 381 2424 [
414 2355 571 2405 ΦΩΤ.
604 2351 622 2421 ]
650 2349 713 2406 Ὀ
744 2346 897 2423 ἅγιος
934 2347 1247 2425 Ἐπιφάνιος
1289 2344 1453 2401 τοῦτό
1486 2366 1669 2420 φησιν,
1702 2346 1785 2399 δτι
1820 2342 1910 2399 διά

254 2460 411 2504 τινος
453 2437 737 2511 θεραπείας
766 2441 1210 2513 φαρμακευτικῆς
1267 2430 1488 2489 δύναταί
1545 2455 1629 2496 τις
1682 2441 1906 2503 ποιῆσαι

259 2531 354 2586 τὸν
389 2528 757 2602 ἐμπερίτομον
786 2521 1142 2600 ἀκρόϐυστον,
1173 2525 1262 2579 καὶ
1295 2524 1379 2578 ὅτι
1408 2522 1611 2595 ταύτης
1652 2532 1754 2594 τῆς
1783 2524 1905 2579 ἐπι-

262 2618 416 2679 νοίας
436 2621 649 2692 πρῶτος
677 2614 896 2691 εὑρετὴς
939 2614 1157 2689 γέγονεν
1209 2614 1396 2670 Ἡσαῦ.
1457 2614 1556 2668 Διά
1611 2611 1769 2669 τοῦτό
1801 2635 1907 2690 φη-

276 2727 360 2760 σιν
391 2707 419 2759 ὁ
441 2703 586 2765 Θεός·
613 2727 640 2754 α
658 2704 760 2760 Τὸν
779 2703 947 2759 Ἥσαῦ
979 2701 1231 2774 ἐμίσησα.
1260 2726 1286 2752 ››
1309 2734 1377 2744 -
1409 2725 1438 2752 ‹‹
1471 2703 1557 2758 Ἐν
1577 2697 1910 2775 ἀκροϐυστίᾳ

278 2814 367 2856 τις
387 2790 613 2863 ἐκλήθη,
646 2793 717 2864 μὴ
749 2788 1167 2866 περιτεμνέσθω.
1205 2813 1231 2841 υ
1262 2823 1331 2832 —
1369 2811 1389 2838 ι
1419 2791 1744 2863 [ΟΙΚΟΥΜ.
1778 2791 1908 2864 ]Εἷ-

270 2879 371 2943 κδς
403 2882 504 2959 γὰρ
535 2880 635 2936 ἀπὸ
665 2900 807 2941 τινος
835 2878 1117 2954 θεραπείας
1151 2875 1402 2943 δύνασθαι
1450 2879 1525 2940 εἰς
1580 2880 1642 2933 τὸ
1674 2879 1905 2955 ἀρχαῖον

270 2968 582 3025 ἐπανελθεῖν
614 2971 714 3040 τὴν
747 2968 1080 3044 περιτομήν,
1111 2967 1201 3023 καὶ
1233 2967 1369 3042 πρὸς
1396 2967 1562 3037 αὐτὴν
1591 2969 1907 3044 ἀνατρέχειν

262 3059 355 3115 καί
384 3062 716 3139 καυχᾶσθαι.
741 3059 831 3115 Ἐν
854 3051 1204 3132 ἀκροϐυστίᾳ,
1226 3057 1406 3135 φησὶν,
1438 3054 1698 3127 ἐκλήθης,
1725 3056 1850 3130 μένε
1878 3059 1907 3113 ὃ

259 3152 331 3207 εἴ.
365 3148 504 3207 Οὔτε
537 3149 694 3224 γὰρὴ
735 3149 1010 3222 περιτομή
1041 3148 1179 3223 πρὸς
1207 3147 1477 3223 σωτηρίαν
1506 3144 1906 3221 συμϐάλλεται,

258 3235 386 3293 οὔτε
410 3240 446 3308 ἡ
475 3209 816 3313 ἀκροϐυστία·
860 3209 1205 3311 λυμαίνεται.
1235 3209 1390 3300 Ἑνὸς
1420 3237 1525 3311 γὰρ
1553 3237 1716 3312 χρεία
1750 3237 1910 3311 μόνον
1937 3209 1980 3270 C

258 3332 361 3383 τοῦ
390 3326 643 3401 πληροῦν
669 3326 765 3387 τάς
788 3324 1039 3388 ἐντολάς·
1061 3359 1128 3368 -—
1160 3328 1351 3400 [ΦΩΤ.
1387 3328 1405 3399 ]
1438 3325 1541 3382 Καὶ
1589 3328 1624 3395 ἡ
1678 3324 1917 3403 ὠφέλεια

264 3415 357 3471 διὰ
383 3418 488 3485 τήν
515 3418 751 3491 τήρησιν
790 3422 890 3485 τῆς
948 3414 1175 3484 ἐντολῆς
1215 3416 1542 3491 περιγίνεται
1575 3415 1784 3488 ὁμοίως
1822 3416 1914 3471 καὶ

258 3509 331 3580 τῇ
359 3508 637 3581 περιτομῇ
677 3505 770 3559 καί
827 3507 894 3578 τῇ
952 3500 1302 3579 ἀκροϐυστίᾳ.
1373 3505 1493 3561 Τῶν
1551 3504 1655 3579 γὰρ
1714 3503 1767 3559 ἐν
1825 3505 1916 3559 ἀν-

258 3595 504 3669 θρώποις
537 3592 804 3666 πράξεων,
839 3594 894 3648 αἱ
928 3593 1022 3666 μὲν
1050 3594 1168 3647 καθ’
1227 3591 1390 3655 αὐτας
1444 3588 1634 3672 ἔχουσι
1672 3594 1734 3648 τὸ
1766 3595 1914 3669 χρή-

262 3704 448 3757 σιμον,
484 3683 575 3739 καὶ
608 3682 652 3738 εἷ
688 3682 765 3757 μή
797 3682 927 3737 ὦσιν
959 3680 1185 3752 ἐντολῆς
1227 3682 1532 3755 ήρτημέναι
1574 3682 1741 3751 θείας,
1796 3683 1914 3738 οἷον

259 3775 298 3843 ἡ
331 3770 650 3843 δικαιοσύνη
690 3772 781 3827 καὶ
848 3771 915 3826 τὰ
974 3771 1160 3845 ὅμοια·
1218 3772 1272 3825 αἱ
1321 3768 1379 3826 δέ
1439 3767 1528 3825 διά
1585 3771 1757 3844 μόνην
1812 3771 1913 3840 τὴν

260 3860 513 3929 ἐντολὴν,
547 3860 620 3922 ὡς
650 3860 717 3914 τά
745 3858 973 3914 πλεῖστα
1003 3864 1111 3915 τῶν
1144 3858 1195 3913 ἐν
1229 3863 1307 3931 τῷ
1335 3860 1511 3932 νόμῳ.

333 3948 543 4012 Δοῦλος
593 3949 859 4021 ἐκλήθης,
948 3952 1025 4023 μή
1101 3970 1185 4004 σοι
1251 3948 1480 4023 μελέτω·
1544 3948 1671 4005 ἀλλ’
1728 3948 1776 4004 εί
1822 3949 1915 4004 καὶ

261 4037 491 4095 δύνασαι
593 4037 874 4115 ἐλεύθερος
994 4037 1261 4114 γενέσθαι,
1367 4035 1580 4110 μᾶλλον
1683 4044 1914 4113 χρῆσαι.

258 4130 323 4187 Ὀ
392 4128 495 4205 γὰρ
563 4127 617 4184 ἐν
693 4127 881 4204 Κυρίῳ
954 4128 1183 4198 κληθεὶς
1259 4123 1477 4196 δοῦλος,
1554 4123 1916 4201 ἀπελεύθερος

261 4218 471 4292 Κυρίου
546 4217 708 4274 ἐστίν.
784 4215 1025 4290 Ὁμοίως
1124 4216 1216 4271 καί
1314 4217 1342 4270 ὁ
1445 4214 1725 4291 ἐλεύθερος
1782 4213 1918 4286 κλη-

262 4307 397 4368 θείς.
480 4303 678 4366 δοῦλός
762 4303 875 4361 ἐστι
958 4306 1217 4381 Χριστοῦ.
1327 4306 1510 4378 Τιμῆς
1595 4303 1916 4378 ἠγοράσθη-

259 4415 319 4450 τε
355 4437 371 4462 ,
426 4396 502 4467 μή
562 4394 769 4469 γίνεσθε
818 4391 1010 4449 δοῦλοι
1063 4392 1386 4469 ἀνθρώπων.
1447 4395 1709 4454 Ἕκαστος
1766 4393 1820 4447 ἐν
1871 4392 1917 4464 ᾧ

261 4482 499 4554 ἐκλήθη,
533 4480 781 4558 ἀδελφοί,
840 4481 892 4536 ἐν
946 4482 1127 4555 τούτῳ
1187 4484 1391 4555 μενέτω
1445 4481 1589 4555 παρά
1644 4485 1722 4551 τῷ
1779 4484 1915 4552 Θεῷ,

338 4570 515 4628 Παλιν
557 4574 593 4642 ἡ
661 4571 799 4640 αὐτὴ
858 4564 1171 4645 συμϐουλὴ,
1203 4571 1266 4626 τὸ
1296 4571 1346 4625 ἐν
1374 4576 1491 4631 τοῖς
1546 4568 1730 4632 αὐτοῖς
1762 4571 1914 4636 εἶναι,
1949 4570 1998 4636 D

264 4662 317 4717 ἐν
349 4661 435 4725 οἷς
464 4659 673 4731 ἐκλήθη
704 4681 809 4721 τις.
840 4659 910 4717 Εἰ
954 4656 1150 4722 δοῦλος
1192 4653 1266 4713 ὤν
1294 4657 1564 4729 ἐκλήθης,
1625 4660 1701 4731 μὴ
1756 4660 1920 4730 θορυ-

262 4744 387 4817 ϐοὖ,
422 4747 483 4804 οὗ
506 4746 824 4821 λυμαίνεται
854 4747 992 4823 πρὸς
1030 4749 1132 4818 τὴν
1195 4747 1373 4802 πίστιν
1433 4749 1467 4816 ἡ
1541 4744 1781 4804 δουλεία.
1815 4744 1917 4803 Καὶ

261 4839 525 4892 τοσοῦτον
553 4835 615 4891 οὗ
645 4834 990 4909 λυμαίνεται,
1023 4834 1107 4890 ὅτι
1151 4835 1197 4890 εἰ
1249 4834 1336 4891 καὶ
1370 4832 1586 4890 δύνασαι
1619 4831 1914 4910 ἐλευτερω-

264 4934 450 4996 θῆναι,
487 4924 699 4997 μᾶλλον
756 4927 868 5003 χρὴ
939 4944 997 4979 σε
1050 4921 1348 4980 δουλεύειν.
1409 4923 1598 4986 Οὕτως
1655 4921 1782 4978 οὐδὲ
1839 4922 1916 4985 εἷς

261 5015 416 5073 ἔσται
441 5037 524 5070 σοι
556 5015 616 5070 ἐκ
669 5021 769 5084 τῆς
831 5011 1052 5077 δολείας
1112 5011 1480 5088 ἐμποδισμύς.
1540 5046 1608 5056 —-
1666 5010 1914 5075 Ἀλλως.

263 5107 469 5181 [ΦΩΤ.
497 5107 515 5179 ]
543 5106 659 5161 Ἵνα
692 5106 769 5177 μή
800 5108 916 5165 τοῖς
939 5104 1164 5166 δούλοις
1190 5103 1453 5177 ἐμπόδιον
1486 5105 1622 5179 πρὸς
1654 5106 1753 5173 τήν
1778 5102 1919 5158 εὐσε-

263 5192 410 5251 ϐειαν
444 5197 481 5265 ἡ
516 5192 738 5248 δουλεία
781 5196 1046 5266 νομισθῇ,
1098 5190 1368 5269 διαρρήδη
1403 5193 1584 5272 φησὶν,
1617 5190 1702 5247 ὅτι
1753 5196 1917 5247 τοῦτο

261 5285 521 5340 τοσοῦτον
544 5280 739 5358 ἀπέχει
764 5285 861 5336 τοῦ
892 5278 1148 5355 ἐμποδὼν
1177 5281 1329 5351 εἶναι,
1354 5279 1492 5337 ὥστε
1523 5279 1642 5337 οὔδέ
1677 5281 1728 5336 ἐν
1759 5300 1918 5357 φρον-

298 5374 346 5397 tu
430 5376 456 5397 ν
581 5371 607 5390 *ι
639 5379 661 5390 υ
796 5372 810 5389 ι
914 5373 926 5391 ν
980 5380 1040 5408 ορ
1230 5375 1243 5393 \
1361 5374 1373 5391 ε
1536 5367 1546 5390 I
1600 5377 1607 5383 -

258 5396 370 5432 τιοι
403 5396 540 5431 ειναι
577 5390 660 5428 οει
693 5393 813 5446 περι
871 5393 1062 5441 αυτην
1104 5398 1128 5426 ι
1163 5375 1252 5443 Μη
1312 5392 1417 5449 γαρ
1478 5371 1693 5447 μελετω
1752 5392 1908 5441 σοι,ι

260 5468 447 5544 φησίν,
483 5462 615 5520 ἀλλ’
647 5460 783 5516 εἶναι
813 5460 901 5516 καὶ
934 5459 1157 5517 δύνασαι
1201 5459 1291 5517 δια
1347 5483 1494 5525 τινος
1552 5458 1791 5532 σπουδῆς
1824 5462 1915 5516 καὶ

327 5623 373 5659 ’³
402 5622 554 5678 Gen.
587 5633 723 5682 xxv,
754 5619 861 5685 25;
894 5617 1061 5671 Rom.
1094 5620 1172 5683 ix,
1210 5619 1296 5673 10.

2015 1914 2255 1963 accersat
2274 1909 2620 1977 praeputium
2652 1923 2667 1962 :
2698 1909 2759 1961 in
2775 1909 3056 1976 praeputio
3111 1906 3253 1961 alius
3280 1912 3501 1961 vocatus
3556 1911 3655 1971 est,

2014 2012 2124 2050 non
2153 1995 2600 2050 circumcidatur.
2634 1995 2985 2051 Circumcisio
3031 1993 3177 2048 nihil
3207 2000 3304 2059 est,
3349 2000 3400 2048 et
3439 2008 3660 2063 praepu-

2017 2088 2155 2140 tium
2184 2085 2328 2139 nihil
2355 2084 2557 2152 est,sed
2590 2085 2890 2140 observatio
2913 2090 3321 2155 praeceptmum
3352 2085 3658 2139 Dei.Unus—

2015 2176 2246 2243 quisque
2274 2175 2332 2226 in
2361 2189 2425 2227 ea
2453 2175 2746 2229 vocatione
2767 2179 2988 2229 maneat
3015 2175 3075 2228 in
3104 2189 3217 2243 qua
3235 2178 3460 2228 vocatus
3489 2178 3584 2226 est-

2086 2262 2621 2332 Praatereajnquit,
2646 2263 3033 2317 circumcisus
3062 2268 3304 2317 vocatus
3337 2279 3420 2329 es,
3452 2277 3528 2317 ne
3559 2278 3660 2317 ac-

2017 2366 2214 2406 cersas
2233 2350 2862 2421 praeputium—Divus
2884 2351 3248 2421 Epiphanius
3269 2350 3537 2421 ait,quod
3555 2367 3661 2422 per

2016 2439 2281 2510 aliquam
2297 2438 2719 2493 medicinalem
2736 2454 2938 2493 curam
2970 2443 3166 2509 potest
3194 2439 3490 2510 quispiam
3520 2456 3656 2494 eum

2018 2527 2119 2599 qui
2150 2526 2537 2583 circumcisus
2569 2532 2659 2581 est
2694 2526 2889 2581 facere
2918 2527 3337 2598 prmputiatum
3370 2543 3383 2582 :
3413 2526 3566 2582 482
3601 2532 3658 2581 et

2017 2616 2176 2688 quod
2206 2616 2384 2687 hujus
2416 2615 2648 2671 consilii
2708 2615 2936 2687 primus
2967 2616 3237 2670 inventor
3293 2616 3406 2671 fuit
3461 2616 3610 2671 Esau
3641 2632 3655 2669 :

2017 2710 2075 2760 et
2104 2710 2419 2777 propterea
2448 2705 2594 2760 dixit
2626 2706 2776 2760 Deus
2809 2721 2823 2759 :
2860 2725 2887 2754 ‹‹
2919 2706 3071 2760 Esau
3127 2704 3264 2760 odio
3311 2705 3491 2760 habui
3521 2703 3588 2758 οδ.
3625 2727 3653 2755 ››

2015 2825 2084 2835 ..-
2115 2814 2143 2842 ‹‹
2175 2795 2240 2847 In
2273 2794 2561 2865 prasputio
2592 2793 2745 2849 alius
2773 2799 3013 2849 vocatus
3052 2799 3161 2860 est,
3194 2810 3313 2849 non
3344 2794 3655 2850 circumci-

2018 2883 2209 2937 datur.
2244 2904 2273 2931 »
2308 2912 2371 2921 —
2406 2881 2735 2937 Verisimile
2767 2887 2856 2947 est
2884 2882 3081 2953 aliqua
3111 2899 3253 2938 cura
3301 2883 3428 2937 fieri
3483 2899 3656 2954 posse

2016 2976 2082 3025 ut
2112 2975 2441 3025 revertatur
2472 2969 2844 3025 circumcisio
2876 2970 2937 3025 in
2967 2970 3027 3024 id
3057 2970 3215 3041 quod
3245 2971 3388 3025 olim
3421 2977 3566 3037 erat,
3598 2977 3656 3026 et

2018 3058 2093 3114 ad
2118 3059 2309 3129 ipsam
2342 3058 2474 3128 quis
2505 3063 2773 3113 recurrat
2799 3074 2867 3112 ac
2898 3058 3201 3130 glorietur.
3234 3060 3301 3113 In
3339 3059 3654 3130 praeputio,

2021 3147 2481 3218 inquit,vocatus
2510 3163 2775 3213 es,mane
2798 3146 2859 3201 in
2889 3163 2958 3201 eo
2991 3147 3149 3217 quod
3179 3150 3466 3219 es.Neque
3497 3148 3656 3202 enim

2022 3236 2250 3291 confert
2278 3236 2352 3291 ad
2382 3236 2636 3292 salutem
2668 3236 3061 3303 circumcisio,
3089 3253 3281 3307 neque
3311 3236 3479 3292 obest
3507 3253 3655 3308 pra:-

2022 3327 2273 3398 putium.
2318 3327 2620 3397 Siquidem
2650 3328 2760 3382 hoc
2785 3344 2905 3382 uno
2932 3343 3080 3398 opus
3102 3334 3191 3382 est
3224 3334 3287 3383 ut
3316 3329 3660 3400 complean-

2023 3422 2120 3469 tur
2133 3421 2519 3486 praecepta.—
2540 3412 2722 3487 Etper
2735 3416 3207 3473 observationem
3225 3424 3658 3489 praeceptorum

2022 3505 2231 3560 eadem
2262 3504 2490 3562 accedit
2517 3506 2744 3562 utilitas
2773 3507 3212 3563 circumcisioni
3237 3514 3295 3562 et
3347 3509 3657 3579 prmputio.

2024 3594 2187 3649 Inter
2217 3610 2397 3665 opera
2426 3611 2685 3666 namque
2714 3595 2995 3661 humana,
3027 3596 3300 3667 quaedam
3332 3614 3400 3651 ex
3449 3598 3662 3669 seipsis

2021 3683 2177 3739 bona
2208 3691 2365 3753 sunt,
2397 3685 2629 3740 etiamsi
2655 3692 2950 3756 praecepto
2983 3703 3103 3741 non
3134 3691 3412 3756 aptentur
3441 3687 3660 3754 divino,

2021 3773 2200 3828 veluti
2232 3780 2321 3829 est
2366 3774 2602 3844 justitia
2631 3789 2701 3827 ac
2759 3774 3024 3829 similia:
3081 3774 3199 3829 alia
3228 3791 3363 3829 vero
3420 3780 3664 3845 propter

2022 3862 2214 3917 solum
2246 3868 2629 3933 praeceptum,
2661 3861 2863 3931 qualia
2892 3867 3032 3916 sunt
3060 3862 3249 3917 multa
3277 3862 3338 3916 in
3367 3863 3515 3934 lege.

2093 3950 2606 4015 VII,2l—24.Servus
2629 3956 2849 4004 vocatus
2877 3965 3023 4015 es,ne
3049 3953 3121 4004 sit
3152 3950 3258 4004 tibi
3286 3967 3428 4005 curae
3453 3968 3466 4005 :
3498 3953 3663 4021 quin—

2022 4038 2189 4094 etiam
2231 4042 2279 4093 si
2301 4044 2460 4108 potes
2488 4037 2612 4106 ﬁeri
2655 4037 2813 4105 liber,
2855 4040 3046 4108 potius
3070 4043 3239 4095 utere.
3291 4042 3430 4095 Nam
3475 4042 3575 4111 qui
3603 4044 3662 4095 in

2022 4126 2257 4184 Domino
2285 4133 2509 4182 vocatus
2541 4131 2616 4181 est
2643 4143 2828 4182 servus
2860 4127 3081 4182 libertus
3114 4128 3328 4183 Domini
3365 4136 3480 4195 est;
3508 4130 3663 4184 simi-

2024 4217 2152 4273 liter
2181 4224 2234 4272 et
2263 4219 2360 4287 qui
2390 4215 2529 4271 liber
2554 4222 2772 4270 vocatus
2802 4221 3087 4278 est,servus
3116 4222 3192 4272 est
3222 4217 3442 4272 Christi.
3476 4220 3662 4272 Pretio

2022 4307 2190 4377 empti
2218 4304 2438 4371 estis,ne
2466 4305 2788 4373 efﬁciamini
2805 4305 2944 4360 servi
2966 4304 3269 4360 hominum.
3283 4307 3661 4377 Unusquisque

2023 4397 2081 4449 in
2112 4410 2171 4449 eo
2201 4396 2260 4449 in
2288 4410 2397 4466 quo
2421 4401 2644 4449 vocatus
2673 4396 3010 4464 est,fratres,
3041 4395 3102 4448 in
3133 4394 3233 4449 hoc
3261 4402 3481 4450 maneat
3509 4397 3661 4466 apud

2024 4484 2208 4539 Deum.

2101 4572 2264 4628 Idem
2293 4588 2500 4628 rursus
2531 4571 2847 4627 consilium
2881 4577 3210 4644 est,nempe
3231 4578 3297 4628 ut
3321 4575 3382 4628 in
3414 4574 3489 4629 iis
3510 4574 3666 4646 quis-

2027 4678 2142 4733 que
2184 4666 2530 4741 permaneat
2584 4661 2646 4715 in
2707 4660 2921 4732 quibus
2951 4667 3189 4717 vocatus
3248 4668 3335 4717 est
3413 4664 3469 4719 Si
3528 4681 3663 4721 cum

2028 4767 2230 4806 servus
2264 4767 2424 4805 esses
2450 4756 2690 4805 vocatus
2709 4766 2873 4815 es,ne
2906 4751 3162 4806 tui-beris
3186 4770 3198 4808 :
3235 4769 3358 4808 non
3378 4754 3563 4810 ofﬁcit
3592 4754 3665 4810 ad

2028 4839 2206 4894 iidem
2265 4838 2533 4903 servitus,
2592 4838 2857 4909 adeoque
2920 4855 3041 4894 non
3084 4840 3271 4897 ofﬁcit
3302 4848 3366 4897 ut
3405 4843 3583 4899 etiam
3616 4845 3664 4899 si

2026 4946 2232 5001 posses
2265 4929 2391 4984 ﬁeri
2420 4929 2589 4995 liber,
2628 4929 2813 5001 magis
2845 4931 3118 5000 expediat
3150 4932 3253 4987 tibi
3287 4934 3526 4990 servire.
3582 4937 3669 4991 Ita

2026 5018 2260 5073 nullum
2320 5017 2425 5072 tibi
2482 5019 2787 5089 proveniet
2838 5035 2869 5073 e
2927 5022 3207 5076 servitute
3272 5023 3666 5095 impedimen-

2026 5114 2171 5162 tum.
2205 5140 2276 5147 —
2304 5107 2494 5163 Aliud.
2529 5108 2607 5161 Ne
2640 5107 2821 5161 servis
2851 5108 3225 5165 existimetur
3279 5113 3353 5166 ad
3384 5114 3665 5183 pietatem

2026 5196 2395 5250 obstaculum
2429 5211 2557 5249 esse
2597 5195 2865 5257 servitus,
2894 5198 3109 5268 palam,
3140 5199 3356 5270 inquit,
3390 5206 3475 5255 est
3507 5202 3666 5272 quod

2025 5285 2135 5339 hoc
2166 5283 2311 5339 adeo
2344 5300 2465 5338 non
2494 5288 2737 5355 priestat
2780 5285 3302 5356 impedimentum,
3360 5295 3425 5343 ut
3470 5306 3663 5361 neque

2024 5373 2203 5444 hujus
2224 5388 2427 5427 curam
2459 5371 2676 5427 habere
2708 5379 2999 5443 oporteat,
3032 5375 3114 5429 ait
3147 5376 3305 5430 enim
3341 5394 3353 5431 :
3385 5399 3414 5426 ‹‹
3451 5380 3530 5433 Ne
3589 5380 3664 5434 sit

2022 5461 2130 5515 tibi
2161 5478 2356 5528 cura);
2394 5486 2413 5513 ι
2452 5446 2781 5532 quinetiam
2813 5462 2860 5516 si
2910 5468 3078 5533 potes
3118 5464 3319 5534 aliquo
3370 5468 3564 5522 studio
3596 5486 3665 5525 ac
