4106 6252
463 352 582 414 735

1541 355 1956 451 CECUMENII
2002 353 2302 416 TRlCCIE
2345 352 2694 416 EPISCOPI

3764 354 3881 415 736

469 506 612 545 cura
642 489 767 545 fieri
800 489 953 544 liber
977 505 989 543 :
1014 489 1144 544 sine
1166 489 1363 553 hoc,et
1381 490 1576 561 potius
1599 495 1765 545 utere
1786 490 2063 546 servitute
2089 506 2102 545 :

2237 485 2536 560 ;πιμεΑείας
2619 485 2898 560 ἐλεύθερος
2980 480 3245 562 γενέσθαι,
3305 478 3365 538 ἔα
3406 486 3571 540 τοῦτο
3638 484 3737 539 καὶ
3794 486 3886 540 χες

469 584 526 634 et
553 594 746 649 neque
767 578 854 633 ita
877 578 938 633 in
963 577 1084 633 ullo
1106 578 1222 633 eris
1247 578 1443 633 minor
1465 579 1709 633 domino
1736 596 1748 633 :
1781 580 2115 634 communis

468 669 627 723 enim
675 667 902 722 domini
936 667 1186 722 libertus
1220 684 1281 721 es
1345 669 1496 723 sieut
1529 674 1584 722 et
1640 667 1741 723 ille
1812 668 2115 740 Siquidem

469 755 806 812 communis
840 755 1073 811 Domini
1107 772 1310 812 servus
1340 773 1404 812 es
1436 758 1587 811 sicut
1618 764 1671 812 et
1706 758 1805 812 ille
1849 773 2116 813 rursum-

470 862 585 918 que
617 845 865 901 libertus
896 846 1049 901 sicut
1088 846 1208 900 ille.
1244 846 1395 911 Quid
1427 860 1563 919 ergo
1600 862 1803 901 curam
1856 847 2012 919 geris
2042 847 2115 902 de

477 934 771 1006 corporali
804 935 1104 1003 servitute,
1134 951 1264 1006 quac
1286 950 1481 1007 neque
1511 942 1568 989 te
1598 936 1897 1003 diminuit,
1923 949 2117 1007 neque

478 1026 531 1081 ei
563 1025 658 1080 cui
693 1026 943 1079 servitur
968 1025 1162 1095 majus
1193 1025 1497 1096 quidpiam
1530 1024 1728 1080 addit:
1763 1024 1865 1079 sed
1898 1029 2121 1080 utrum-

478 1130 591 1185 que
624 1113 697 1169 ad
727 1113 980 1184 aequalia
1010 1114 1427 1184 consequenda
1456 1113 1701 1185 praemia
1729 1114 1881 1168 nihil
1911 1113 2117 1170 officit.

476 1226 503 1255 (ι
530 1206 665 1259 Nam
694 1203 795 1273 qui
827 1202 890 1257 in
936 1202 1187 1258 Domino
1238 1208 1475 1257 vocatus
1508 1208 1598 1257 est
1647 1217 1866 1259 servus.
1898 1224 1927 1253 π
1961 1202 2119 1259 48.

471 1294 538 1347 In
569 1292 664 1359 iis,
698 1291 914 1362 inquit.
949 1305 1081 1362 Quas
1111 1291 1410 1346 Christum
1440 1298 1810 1347 concernunt
1861 1292 2120 1363 mquales

476 1381 618 1436 estis
648 1387 710 1434 tu
741 1385 999 1451 tuusque
1032 1379 1328 1435 dominus.

549 1472 693 1526 Nam
724 1475 782 1525 et
811 1469 912 1524 ille
963 1470 1181 1524 Christi
1215 1486 1418 1526 servus
1466 1477 1554 1526 est
1584 1486 1599 1526 :
1637 1473 1781 1542 quin
1832 1472 2029 1544 potius
2060 1475 2123 1525 tu

474 1561 726 1616 fortasse
764 1559 897 1631 plus
929 1559 1354 1624 habes,Christi
1387 1562 1547 1616 enim
1577 1561 1825 1616 libertus
1856 1560 2124 1632 es,siqui-

479 1651 615 1705 dem
647 1650 772 1720 ipse
833 1654 891 1703 te
921 1649 1081 1703 omni
1143 1650 1437 1720 spirituali
1492 1650 1769 1705 servitute
1828 1649 2118 1705 liberavit.

478 1742 696 1794 Tamen
753 1754 824 1793 ex
871 1753 1082 1792 vocum
1143 1738 1511 1793 abundantia
1550 1739 1674 1793 vult
1719 1740 2121 1809 mqualitatem

2222 593 2402 650 χρησο
2437 574 2648 648 μᾶλλον
2688 580 2754 648 τῇ
2788 572 3025 646 δουλείᾳ.
3061 568 3192 630 Οὐδ’
3220 572 3395 634 οὕτως
3423 571 3583 628 οὐδὲν
3616 570 3881 628 ἐλπτοῦέ

2222 684 2308 718 σαι
2346 667 2443 718 τοῦ
2498 662 2781 721 δεσπότου.
2821 660 3213 735 Ἀπελεύθερος
3261 660 3387 740 γὰρ,
3445 658 3640 734 ὥσπερ
3699 664 3882 716 κάκεῖ.

2219 773 2330 817 νος,
2358 757 2452 809 τοῦ
2481 751 2665 808 κοινοῖ)
2690 754 2979 810 Δεσπότου.
3005 749 3210 813 Δοῦλος
3243 751 3337 825 μὲν
3362 751 3462 827 γὰρ
3494 750 3546 805 εἶ
3558 753 3667 805 τοῦ
3699 755 3884 805 nemo?)

2223 841 2498 899 Δεσπότου
2533 886 2547 910 ,
2601 840 2784 916 ὥσπερ
2836 840 3099 911 ἒάκεῖνος,
3146 840 3236 895 καὶ
3275 838 3648 914 ἀπελεῦτερος
3696 839 3887 908 πάλιν,

2224 933 2405 1007 ὥσπερ
2434 931 2654 993 ἐκεῖνος.
2681 931 2745 987 Τί
2780 931 2871 986 οὗν
2901 951 2983 985 σοι
3026 936 3127 1000 τῆς
3182 937 3500 1005 σωματικῆς
3537 928 3711 1004 μέλει
3778 925 3891 983 δουο

2223 1021 2394 1089 λείας,
2443 1027 2545 1091 τῆς
2578 1023 2718 1094 μήτε
2771 1020 2830 1075 σὶ
2888 1019 3240 1091 ἐλαττούσης,
3280 1019 3419 1092 μήτε
3477 1024 3559 1091 τῷ
3622 1016 3888 1074 δουλευο-

2228 1109 2369 1183 μίνῳ
2428 1109 2610 1183 μείζόν
2666 1129 2717 1163 τι
2774 1106 3181 1185 προστιθείσης,
3233 1105 3362 1163 ἀλλ’
3420 1108 3660 1182 ἑκάτερα
3724 1105 3887 1180 μηδὲν

2225 1199 2297 1261 είς
2330 1199 2393 1254 τὸ
2420 1203 2608 1274 τυχεῖν
2637 1202 2744 1253 τῶν
2784 1196 2914 1259 ῗςων
2944 1193 3450 1273 παραϐλαπτούσης
3485 1214 3497 1265 ;
3539 1220 3570 1249 ‹‹
3606 1196 3670 1251 ⁸0
3703 1197 3811 1271 γαρ
3841 1196 3889 1250 ἓν

2224 1288 2415 1361 Κυρίῳ
2442 1288 2668 1359 κληθεὶς
2697 1285 2916 1350 δοῦλος.
2950 1311 2978 1340 ιι
3014 1289 3103 1344 Ἐν
3134 1293 3250 1349 τοῖς
3279 1288 3415 1343 κατὰ
3436 1288 3710 1363 Χριστὸν²
3737 1287 3892 1368 φησὶ,

2224 1378 2562 1456 πράγμασιν,
2592 1375 2702 1431 ἴσοι
2734 1373 2872 1435 ἐστὶ.
2905 1374 2967 1431 σὺ
2998 1375 3087 1431 καὶ
3121 1377 3148 1431 ὁ
3181 1375 3449 1449 δεσπότης
3479 1378 3507 1432 ὁ
3542 1377 3670 1440 σὸς.

2297 1467 2550 1527 Κάκεῖνος
2579 1466 2684 1541 γὰρ
2715 1462 2913 1527 δοῦλος
2953 1467 3190 1541 Χριστοῦ
3247 1463 3379 1522 ἔστι.
3443 1467 3520 1523 Σὺ
3599 1464 3667 1522 δὲ
3728 1469 3890 1542 τάχα,

2224 1554 2379 1634 φησὶ,
2419 1556 2509 1610 καὶ
2567 1557 2733 1610 πλέον
2792 1552 2960 1630 ἔχεις.
3022 1552 3415 1629 Ἀπελεῦθερος
3467 1555 3577 1632 γὰρ
3646 1554 3702 1612 εἲ
3760 1558 3892 1630 Χρι-

2225 1650 2373 1702 στοῦ.
2408 1646 2586 1708 Αὑτδς
2612 1645 2715 1718 γὰρ
2765 1665 2822 1699 σε
2853 1648 3032 1714 ποὶσης
3088 1649 3289 1714 νοητῆς
3344 1642 3606 1708 δουλείας
3668 1645 3893 1715 ἠλευθέ-

2226 1746 2417 1811 ρωσεν.
2448 1734 2640 1806 ’Ὁμως
2671 1732 2731 1787 ἐκ
2774 1739 2875 1802 τῆς
2933 1733 3243 1807 περιουσίας
3297 1738 3402 1789 τῶν
3464 1732 3684 1808 λέξεων
3748 1733 3892 1798 θέλει

478 1828 793 1884 ostendere
826 1828 976 1882 servi
1010 1832 1067 1881 et
1090 1827 1318 1882 domini
1346 1844 1359 1895 ;
1385 1828 1666 1898 quoniam
1692 1844 1898 1883 omnes
1918 1827 2118 1883 liberti

2237 1820 2396 1895 δεῖξαι
2451 1822 2514 1877 τὸ
2571 1821 2685 1876 ἴσον
2743 1820 2949 1877 δούλου
3007 1822 3097 1876 καὶ
3156 1816 3442 1892 δεσπότου,
3506 1820 3634 1879 ἐπεὶ
3702 1823 3891 1884 πάντες

2238 1913 2252 1926 .
2334 1912 2352 1926 ς
2411 1912 2452 1926 .-
2567 1910 2580 1926 .
2673 1912 2683 1926 .
2750 1909 2764 1926 ς
2963 1912 3006 1926 υ
3169 1913 3194 1925 -
3381 1913 3431 1926 -.
3509 1913 3523 1926 .
3660 1914 3713 1926 ...

480 1935 684 1974 sumus
713 1918 946 1983 Christi,
982 1917 1309 1972 secundum
1342 1919 1499 1988 quod
1530 1934 1638 1973 nos
1668 1918 1938 1974 liberavit
1967 1937 2000 1975 a
2030 1925 2122 1991 ty-

476 2007 727 2061 rannide
761 2007 1026 2073 Satanae;
1062 2013 1120 2060 et
1151 2006 1299 2060 servi
1333 2006 1544 2062 Christi
1581 2024 1593 2061 :
1646 2023 1784 2062 nam
1826 2024 1960 2063 cum
2012 2026 2121 2065 nos

477 2095 838 2151 reddidisset
882 2096 1022 2150 inde
1053 2095 1293 2163 liberos,
1349 2097 1455 2152 sub
1513 2099 1821 2169 proprium
1878 2098 2122 2154 adduxit

479 2200 750 2255 regnum.
786 2204 813 2233 ‹‹
877 2184 1074 2239 Pretio
1109 2186 1289 2257 empti
1324 2186 1486 2251 estis,
1524 2209 1552 2236 »
1585 2203 1800 2260 nempe
1833 2188 2122 2260 sanguine

484 2273 779 2346 Unigeniti
802 2274 1020 2344 ipsius;
1040 2274 1187 2329 emit
1217 2274 1375 2329 enim
1399 2291 1508 2332 nos
1539 2277 1691 2332 Deus
1719 2284 1776 2333 et
1795 2279 2022 2334 Pater.«
2043 2278 2121 2333 Ne

486 2363 826 2419 efﬁciamini
889 2365 1037 2419 servi
1086 2363 1418 2421 hominum.
1484 2386 1511 2415 »
1571 2366 1850 2439 Superius
1925 2367 2118 2423 dixit:

485 2477 513 2505 α
538 2454 849 2520 Quoniam,
908 2455 955 2509 si
987 2460 1155 2526 potes
1187 2455 1312 2509 ﬁeri
1372 2455 1542 2525 liber,
1588 2457 1785 2528 potius
1841 2461 2007 2513 utere
2043 2474 2057 2523 ;
2097 2478 2118 2507 ι

483 2544 578 2598 hic
606 2546 803 2599 autem
831 2543 971 2599 dicit
997 2560 1009 2597 :
1038 2546 1165 2599 «Ne
1198 2544 1539 2600 efﬂciamini
1565 2546 1713 2601 servi
1735 2547 2065 2603 hominum.
2094 2568 2122 2597 »

483 2635 630 2688 Nam
660 2632 773 2687 hoc
812 2637 870 2687 et
899 2632 1104 2687 liberis
1133 2638 1371 2703 aptatur
1400 2639 1458 2688 et
1488 2635 1803 2700 servis.Qui
1837 2636 1992 2691 enim
2025 2635 2125 2690 do-

490 2723 651 2776 mino
682 2721 866 2793 impia
898 2726 957 2775 et
1011 2720 1269 2776 absurda
1291 2722 1522 2793 jubenti
1583 2738 1705 2778 non
1758 2729 1945 2795 paret,
2003 2741 2125 2780 non

492 2810 749 2865 efﬁcitur
797 2825 998 2864 servus
1054 2810 1385 2880 hominum,
1446 2809 1675 2867 etiamsi
1729 2813 1835 2867 sub
1859 2813 2001 2885 jugo
2051 2815 2127 2868 sit

488 2899 786 2954 servitutis
811 2917 824 2955 :
857 2899 992 2954 talis
1022 2898 1132 2953 fuit
1159 2900 1393 2970 Ioseph.
1419 2901 1526 2965 Qui
1556 2916 1691 2955 vero
1723 2908 1964 2974 propter
1992 2919 2124 2958 mu-

486 3004 631 3043 nera
661 2993 762 3043 aut
791 2988 1011 3043 ventris
1039 2988 1457 3059 expletionem,
1490 2990 1832 3047 hominibus
1866 3010 1926 3048 se
1985 2994 2127 3048 sub-

478 3078 614 3150 jicit
645 3078 719 3133 ad
749 3077 1007 3133 absurda
1037 3079 1392 3146 ministeria,
1427 3096 1629 3136 servus
1662 3088 1751 3137 est
1792 3082 2125 3150 hominum,

485 3183 844 3238 quamquam
904 3167 1057 3222 liber
1115 3182 1244 3223 esse
1299 3170 1602 3225 videatur:
1663 3171 1813 3227 hanc
1855 3174 2129 3245 prohibet

485 3257 848 3323 servitutem,
904 3272 1024 3311 non
1058 3274 1187 3312 eam
1240 3274 1369 3328 qua)
1422 3264 1705 3316 consueta
1736 3266 1824 3315 est
1880 3267 1935 3316 et
1958 3263 2129 3335 juxta

491 3346 649 3416 leges
680 3345 989 3400 humanas.
1027 3347 1168 3400 Nam
1202 3346 1311 3401 hac
1334 3349 1611 3402 servitute
1634 3349 1967 3421 subjectum
2000 3368 2130 3407 esse

492 3439 549 3487 et
580 3432 994 3502 obtemperare
1025 3433 1244 3504 ubique
1275 3435 1575 3490 admonet.

562 3520 681 3589 VII,
713 3522 893 3573 23-28.
930 3523 1004 3574 De
1058 3521 1367 3591 virginibus
1396 3531 1574 3579 autem
1624 3534 1963 3597 praceptum
2020 3530 2127 3583 Do-

488 3611 627 3664 mini
649 3624 760 3663 non
791 3609 983 3675 habeo,
1016 3611 1307 3665 consilium
1338 3617 1520 3667 tamen
1551 3613 1619 3668 do
1668 3620 1931 3685 tanquam
1969 3618 2129 3673 mise-

489 3698 787 3754 ricordiam
847 3706 1165 3754 consecutus
1222 3716 1255 3754 a
1316 3702 1567 3771 Domino,
1617 3711 1679 3757 ut
1731 3720 1889 3759 essem
1933 3705 2126 3776 ﬁdelis.

488 3789 738 3845 Arbitror
754 3790 930 3857 igitur
950 3788 1048 3843 hoc
1071 3789 1267 3843 bonum
1291 3805 1400 3846 esse
1420 3791 1485 3845 ob
1499 3796 1827 3861 praesentem
1847 3797 2133 3851 necessita-

491 3878 764 3930 tem.Nam
788 3875 989 3930 bonum
1008 3882 1085 3930 est
1109 3877 1318 3931 homini
1345 3881 1423 3933 sic
1442 3879 1849 3950 esse.Alligatus
1870 3896 1921 3935 es
1941 3884 2129 3950 umori,

488 3981 559 4020 ne
587 3979 813 4034 quaeras
841 3962 1204 4029 solutionem;
1223 3967 1430 4023 solutus
1462 3984 1514 4023 es
1530 3969 1597 4024 ab
1627 3984 1893 4039 umoremc
1918 3988 2132 4042 quaeras

492 4056 1077 4109 uxorem.Attamen.si
1096 4056 1321 4111 duxeris
1342 4072 1704 4126 uxoremmon
1720 4066 1999 4130 peccasti;
2019 4066 2067 4116 et
2086 4065 2134 4119 si

492 4145 743 4213 nupserit
772 4142 950 4212 virgo,
984 4158 1094 4197 non
1119 4148 1369 4215 peccavit
1411 4162 1424 4200 :
1456 4150 1812 4217 afﬂirtionem
1861 4155 2043 4207 tamen
2075 4153 2131 4207 in

495 4249 660 4287 carne
689 4232 967 4287 habebunt
998 4233 1333 4302 hujusmodi.
1370 4237 1483 4303 Ego
1514 4242 1697 4292 autem
1747 4240 1898 4295 vobis
1938 4256 2128 4310 parco.

560 4322 848 4388 Quoniam
880 4323 954 4378 ad
985 4324 1270 4395 majorem
1302 4326 1459 4379 venit
1489 4325 2029 4396 doctrinam,timet
2060 4331 2132 4386 i1-

488 4415 609 4471 lam
661 4430 808 4486 pure
840 4415 1133 4487 nudisque
1178 4415 1371 4472 verbis
1409 4416 1643 4490 jubere,
1677 4436 1878 4477 casum
1913 4425 2131 4480 veritus

495 4522 700 4560 eorum
733 4505 832 4575 qui
883 4506 1361 4577 aggrederentur,
1421 4508 1639 4563 idcirco
1671 4527 1790 4565 non
1851 4517 2130 4583 tanquam

2229 1910 2580 1988 ἀπελεύθεροί
2632 1912 2690 1966 τέ
2747 1909 2903 1983 ἐσμεν
2962 1912 3195 1986 Χριστοῦ
3229 1956 3242 1980 ,
3309 1913 3440 1968 καθὸ
3499 1913 3888 1988 ἠλευθέρωσεν

2227 2004 2372 2073 ἡμᾶς
2400 2005 2502 2066 τῆς
2564 1999 2877 2077 τυραννίδος
2931 2003 3027 2056 τοῦ
3071 2008 3283 2057 Σατανὶ
3345 2000 3438 2056 καὶ
3503 1998 3715 2058 δοῦλοι
3758 2004 3888 2079 Χρι-

2228 2088 2375 2162 στοῦ,
2409 2088 2594 2160 ἐπειδή
2655 2089 2851 2146 ἐκεῖθεν
2906 2088 3295 2167 ἐλευθερώσας,
3356 2091 3459 2146 ὑπὸ
3514 2092 3625 2161 τήν
3690 2090 3886 2147 οἰκείαν

2226 2178 2405 2258 ἤγαγε
2464 2178 2771 2256 βασιλείαν.
2843 2181 3075 2254 «Τιμῆς
3132 2179 3500 2257 ἠγοράσθητε.
3538 2206 3570 2233 »ι
3635 2187 3731 2255 Τῷ
3786 2183 3880 2256 γὰρ

2230 2268 2417 2342 ανματι
2474 2272 2573 2324 τοῦ
2653 2270 2991 2347 Μονογενοῢς
3072 2268 3257 2338 αὐτοῦ,
3317 2269 3591 2347 ἠγόρασεν
3648 2272 3801 2344 ἡμᾶς
3855 2272 3881 2324 ὁ

2229 2359 2358 2420 Θεὸς
2386 2359 2473 2412 καὶ
2506 2358 2714 2434 Πατήρ.
2772 2380 2800 2410 ‹‹
2836 2358 2924 2429 Μὴ
2981 2357 3189 2436 γίνεσθε
3241 2356 3430 2414 δοῦλοι
3488 2359 3819 2434 ἀνθρώπων.
3851 2382 3877 2409 ιο

2226 2452 2374 2505 ’Ἃνω
2406 2449 2571 2519 εἶπεν,
2626 2475 2652 2501 α
2684 2449 2809 2508 Ἐὰν
2870 2449 2960 2505 καὶ
2992 2446 3213 2505 δύνασαι
3270 2447 3552 2525 ἐλεύθερος
3613 2450 3874 2528 γενέσθαι,

2233 2538 2445 2613 μᾶλλον
2477 2546 2705 2615 χρῆσαι·
2738 2563 2766 2592 ››
2809 2536 3034 2604 ἐνταῦθα
3087 2537 3144 2595 δὲ
3193 2538 3358 2615 λέγει,
3420 2564 3449 2591 ‹‹
3511 2541 3609 2609 Μή
3670 2540 3866 2615 γίνεσθε

2232 2627 2421 2685 δοῦλοι
2452 2627 2772 2703 ἀνθρώπων.
2808 2655 2835 2682 ι)
2865 2631 3042 2688 Τοῦτο
3067 2632 3172 2708 γὰρ
3213 2632 3298 2686 καὶ
3361 2631 3499 2707 πρὸς
3562 2628 3866 2705 ἐλευθέρους

2230 2720 2320 2777 καὶ
2378 2720 2515 2796 πρὸς
2572 2718 2803 2785 δούλους
2887 2721 3135 2795 ἁρμόζει,
3191 2722 3253 2779 Ὁ
3309 2724 3409 2796 γὰρ
3477 2724 3558 2790 τῷ
3641 2718 3856 2793 δεσπότῃ

2231 2808 2406 2867 ἄτοπα
2457 2809 2548 2866 καὶ
2580 2806 2747 2885 ἀσεϐῇ
2806 2810 3144 2868 ἐπιτάττοντι
3205 2811 3281 2883 μὴ
3342 2809 3523 2878 ενκων,
3557 2810 3618 2865 οὗ
3669 2810 3853 2886 γίνεται

2233 2898 2432 2963 δοῦλος
2464 2899 2786 2975 ἀνθρώπων,
2818 2899 2912 2956 κ’ἁν
2955 2900 3055 2956 ὑπὸ
3113 2901 3270 2976 ζυγὸν
3330 2900 3366 2976 ᾖ
3417 2897 3669 2961 δουλείας.
3728 2900 3844 2953 T0:-

2234 2990 2392 3053 οὗτος
2422 2992 2485 3060 ἦν
2520 2991 2547 3046 ὁ
2579 2989 2803 3067 Ἰωσὴφ.
2835 2988 2896 3048 Ὁ
2928 2987 2985 3044 δὲ
3026 2986 3114 3044 διὰ
3166 2986 3340 3063 δῶρα,
3372 2987 3409 3059 ἢ
3442 2984 3832 3066 γαστριμαργίαν

2236 3080 2526 3154 ὑπουργῶν
2608 3079 2913 3154 ἀνθρώποις
3004 3080 3140 3152 πρὸς
3235 3077 3472 3140 ἀτόπους
3549 3075 3848 3151 ὑπηρεσίας,

2239 3166 2436 3229 δοῦλός
2467 3166 2608 3223 ἐστιν
2667 3167 2983 3244 ἀνθρώπων,
3040 3168 3137 3223 κᾶν
3188 3164 3473 3242 ἐλεύοερος
3532 3167 3665 3222 εἶναι
3716 3158 3862 3237 δοκῇ.

2239 3258 2454 3328 Ταύτην
2511 3257 2836 3331 ἀπαγορεύει
2893 3258 2992 3326 τήν
3050 3253 3301 3311 δουλείαν
3338 3300 3352 3327 ,
3395 3257 3461 3311 οὗ
3508 3256 3611 3326 τήν
3676 3253 3869 3321 συνήθη

2232 3345 2320 3403 καὶ
2357 3343 2776 3419 νενομισμένην.
2833 3345 3041 3418 Ἐκείνῃ
3068 3345 3169 3421 γὰρ
3235 3348 3303 3410 τῆ
3366 3341 3586 3415 δουλείᾳ
3648 3341 3865 3398 ὑποτατ-

2234 3436 2415 3491 σεσθαι
2444 3433 2534 3490 καὶ
2567 3433 2730 3489 εἴκειν
2761 3437 3043 3509 πανταχοῦ
3072 3440 3340 3509 παραινεῖ.

2303 3524 2430 3599 Περὶ
2493 3520 2550 3579 δὲ
2631 3526 2739 3578 τῶν
2800 3521 3071 3598 παρθένων
3153 3518 3412 3597 ἐπιταγὴν
3491 3520 3708 3594 Κυρίου
3789 3516 3875 3572 οὐκ

2232 3609 2369 3692 ἔχω,
2396 3613 2621 3689 γνώμην
2654 3608 2709 3667 δὲ
2766 3608 2965 3684 δίδωμι
3024 3611 3097 3673 ὡς
3150 3609 3456 3683 ἠλεημένος
3515 3608 3622 3665 ὐπὸ
3691 3607 3875 3685 Κυρίου

2231 3705 2423 3767 πιστὸς
2477 3705 2657 3760 εἶναι.
2721 3701 2946 3775 Νομίζω
3002 3702 3094 3757 οὗν
3146 3706 3307 3756 τοῦτο
3362 3700 3529 3756 καλὸν
3589 3701 3875 3776 ὑπάρχειν,

2233 3789 2321 3847 διὰ
2386 3793 2485 3862 τὴν
2546 3789 2837 3847 ἐνεστῶσαν
2917 3790 3181 3867 ἀνάγκην,
3241 3788 3324 3846 δτι
3376 3786 3544 3845 καλὸν
3615 3788 3878 3864 ἀνθρώπῳ

2232 3883 2294 3938 τὸ
2334 3883 2508 3945 οὕτως
2564 3881 2718 3940 εἶναι.
2785 3876 3000 3935 Δέδεσαι
3057 3880 3292 3955 γυναικὶ,
3358 3880 3432 3951 μή
3497 3880 3651 3947 ζήτει
3714 3877 3877 3933 λῦσιψ

2233 3968 2459 4026 λέλυσαι
2517 3967 2623 4025 ἀπὸ
2697 3968 2971 4045 γυναικὸς,
3059 3970 3135 4042 μή
3246 3969 3394 4038 ζήτει
3451 3971 3711 4042 γυναῖκα·
3762 3962 3875 4021 Ἐὰν

2234 4058 2290 4116 δὲ
2346 4058 2437 4114 καὶ
2494 4061 2705 4134 γήμῃς,
2777 4058 2886 4133 οὐχ
2938 4058 3203 4131 ἥμαρτες,
3291 4054 3380 4109 καὶ
3451 4052 3545 4108 ἒᾶν
3627 4054 3791 4128 γήμῃ
3842 4052 3872 4117 ᾗ

2233 4148 2519 4225 παρθένος,
2579 4150 2691 4224 οὐχ
2770 4146 3002 4222 ἥμαρτε.
3091 4143 3285 4221 Θλίψιν
3349 4140 3406 4200 δὲ
3487 4143 3541 4199 ἐν
3597 4148 3669 4218 τῇ
3731 4141 3874 4217 σαρκῖ

2234 4235 2437 4309 ἕξουσιν
2472 4238 2523 4293 οἱ
2543 4241 2807 4295 τοιοῦτοι.
2839 4237 2983 4311 Ἐγὼ
3015 4230 3070 4290 δὶ
3098 4236 3248 4308 ὑμῶν
3281 4230 3560 4314 φείδομαι.

2306 4324 2529 4393 Ἐπειδὴ
2611 4326 2686 4387 εἷς
2772 4325 2993 4398 μείζονα
3067 4323 3395 4405 φιλοσοφίαν
3451 4318 3705 4399 ἔρχεται,
3786 4342 3875 4399 φο·

2234 4411 2407 4470 δεῖται
2466 4414 2597 4470 αὐτὸ
2674 4416 2923 4490 καθαρῶς
3018 4411 3311 4483 ἐπιτάξαι,
3393 4412 3491 4482 τήν
3575 4409 3873 4489 ἀποτυχίαν

2234 4510 2342 4560 τῶν
2378 4505 2672 4579 μετιόντων
2705 4501 2984 4565 δεδοικώς.
3020 4502 3116 4559 Διά
3171 4506 3332 4558 τοῦτο
3395 4497 3505 4576 οὐχ
3562 4499 3637 4561 ὡς
3702 4498 3877 4556 ἐπιτα-

493 4599 878 4665 prmceptum,
913 4595 1015 4648 sed
1057 4594 1224 4665 quasi
1270 4596 1584 4652 consilium
1630 4579 2003 4656 traditillud.
2067 4635 2126 4643 —

2239 4599 2359 4674 γὴν,
2384 4592 2510 4650 ἀλλ’
2542 4596 2614 4656 ὡς
2648 4588 2965 4668 συμϐουλὴν
2997 4589 3187 4648 δίδωσι
3228 4625 3295 4633 -
3324 4590 3639 4666 [ΟΙΚΟΥΜ.
3674 4592 3696 4662 ]
3729 4590 3805 4645 Τὰ
3829 4584 3876 4640 δὲ

496 4683 631 4736 Haec
664 4688 862 4736 autem
896 4699 1026 4753 quas
1054 4683 1124 4738 de
1157 4683 1478 4757 virginibus
1509 4686 2017 4762 sunt,diligentius
2050 4692 2134 4748 in-

498 4776 855 4840 terpretatus
886 4777 993 4839 est,
1026 4778 1090 4826 ut.
1121 4774 1221 4842 qui
1255 4770 1483 4847 integro
1524 4776 1820 4835 volumine
1871 4783 2133 4837 exactius

497 4859 607 4912 hac
639 4858 709 4912 de
743 4874 804 4911 re
837 4860 1267 4927 disseruerit,et
1297 4862 1375 4919 ibi
1406 4864 1823 4925 animadverte.
1852 4870 1966 4942 Ego
1998 4884 2132 4926 vero

497 4962 629 5017 quas
660 4946 848 5018 gratia
888 4945 987 5001 Dei
1037 4957 1341 5007 assecutus
1399 4967 1529 5009 sum
1587 4958 1932 5031 conscripsi.
1981 4959 2135 5016 484

498 5060 523 5085 (ι
550 5037 851 5107 Tanquam
883 5036 1348 5095 misericordiam
1374 5052 1725 5101 consecutus
1755 5060 1789 5102 a
1810 5048 2078 5105 Domino.
2108 5073 2134 5100 »

500 5124 1205 5197 Misericordiamﬁnquit,
1240 5137 1593 5189 consecutus
1614 5142 1677 5190 ut
1697 5151 1887 5191 essem
1921 5138 2136 5206 ﬁdelis,

497 5222 640 5289 puta
672 5233 865 5287 prmco
927 5232 1031 5270 seu
1081 5219 1484 5287 concionator,
1545 5220 1828 5296 datorque
1879 5228 2134 5284 consilii.

501 5329 528 5356 ‹‹
563 5306 831 5361 Arbitror
862 5305 1040 5379 igitur
1059 5307 1170 5361 hoc
1202 5307 1424 5365 bonum
1458 5328 1643 5367 esse.»
1674 5314 1809 5369 Vide
1836 5332 1970 5388 ergo
1994 5334 2139 5388 quo-

503 5396 677 5450 modo
697 5402 1362 5470 temperetprasceptum
1386 5416 1456 5455 ex
1478 5403 1828 5463 necessitate
1849 5408 2137 5462 exortum.

506 5504 533 5531 ‹‹
560 5484 885 5551 Arbitror,»
909 5486 1124 5557 inquit,
1142 5487 1423 5557 quidnam
1442 5488 1470 5544 ‘?
1490 5490 1646 5560 quod
1670 5491 1888 5548 bonum
1917 5496 1991 5549 sit
2014 5496 2139 5549 sine

506 5569 780 5641 conjugio
812 5582 1214 5645 esse,pr0pter
1235 5572 1612 5635 difﬁcultates
1643 5599 1772 5651 qua:
1796 5582 1857 5636 in
1890 5600 1957 5637 eo
1983 5588 2141 5651 sunt,

509 5656 783 5728 malaque
815 5662 1177 5731 nuptiarum.
1214 5687 1241 5714 ‹‹
1285 5665 1367 5721 Ob
1427 5674 1780 5741 praesentem
1831 5672 2147 5727 necessita-

2242 4687 2501 4761 περὶτῶν
2550 4686 2822 4759 παρθένων
2887 4677 3015 4736 τάδε
3071 4676 3466 4755 ἐμμελέστερον
3523 4679 3878 4755 ἡρμήνευσεν,

2242 4778 2315 4837 ὡς
2351 4774 2401 4830 ἐν
2467 4767 2787 4846 μονοϐίϐλῳ
2847 4767 3223 4846 ἀκριϐέστερον
3256 4769 3381 4844 περὲ
3436 4769 3633 4823 τούτου
3695 4763 3872 4823 διαλα-

2244 4863 2374 4933 ϐών,
2406 4861 2493 4919 καί
2524 4861 2635 4918 ἐκεῖ
2671 4862 2931 4938 πρόσχες.
2974 4861 3119 4933 Ἐγὼ
3153 4858 3210 4913 δὲ
3237 4858 3303 4913 τὸ.
3352 4858 3537 4934 χάριτι
3595 4861 3733 4912 Θεοῦ
3794 4856 3875 4909 ἐπ-

2244 4953 2472 5009 ελτὸντα
2508 4974 2600 5025 μοι
2633 4946 2859 5027 ἔγραψα.
2923 4974 2950 5001 ‹‹
2985 4948 3072 5009 Ὠς
3102 4946 3414 5020 ἠλεημένος
3462 4946 3565 5000 ὑπὸ
3616 4946 3830 5020 Κυρίου.
3854 4965 3875 4989 η

2243 5038 2605 5113 Ἠλεημένος,
2641 5036 2827 5117 φησὶν,
2861 5034 2935 5097 είς
2966 5034 3027 5090 τὸ
3081 5034 3219 5088 εἶναι
3278 5033 3488 5101 πιστὸς,
3550 5033 3664 5087 οἷον
3721 5029 3875 5103 κῆρυξ

2245 5126 2336 5184 καὶ
2394 5124 2775 5206 γνωμοδότης.
2834 5150 2860 5177 ‹‹
2921 5121 3149 5196 Νομίζω
3197 5120 3287 5177 οὖν
3341 5124 3501 5176 τοῦτο
3568 5117 3738 5175 καλὸν
3796 5118 3882 5171 ὕπ-

2248 5219 2457 5295 ἇρχειν.
2490 5243 2517 5270 ››
2548 5218 2683 5293 Ὅρα
2713 5214 2877 5271 πάλιν
2928 5219 3044 5277 πῶς
3074 5215 3174 5283 τὴν
3232 5211 3283 5283 ἐξ
3340 5211 3581 5288 ἀνάγκης
3633 5207 3875 5279 ἐπιταγήν

2247 5310 2491 5379 κολάζει.
2536 5333 2560 5363 α
2604 5307 2852 5381 Νομίζω,
2890 5331 2916 5357 ››
2953 5303 3106 5382 φησί.
3139 5303 3200 5357 Τί
3235 5324 3248 5371 ;
3280 5302 3300 5322 ’⁵
3330 5304 3427 5360 Οτι
3457 5300 3626 5357 καλὸν
3658 5302 3719 5355 τὸ
3771 5299 3875 5353 ἄνευ

2248 5401 2432 5478 γάμου
2465 5396 2616 5466 εἶναι,
2652 5392 2739 5451 διὰ
2781 5394 2875 5459 τὰς
2928 5393 2981 5450 ἐν
3014 5390 3158 5463 αὖτῷ
3190 5388 3502 5459 δυσκολίας,
3531 5387 3620 5445 καὶ
3679 5389 3745 5443 τὰ
3794 5386 3877 5439 τοῦ

2252 5490 2435 5567 γάμου
2464 5487 2620 5543 κατά.
2657 5512 2682 5538 α
2718 5485 2815 5541 Διὰ
2837 5485 2936 5552 τήν
2962 5481 3250 5537 ἐνεστῶσαν
3311 5478 3563 5554 ἀνάγκην.
3598 5502 3627 5529 ››
3658 5510 3728 5521 --
3754 5469 3874 5531 ’Ἀλ-

2251 5560 2388 5640 λωής.
2422 5577 2639 5650 [ΦΩΤ,]
2693 5575 2800 5631 Τὸν
2857 5569 3102 5647 διωγμὸν
3154 5570 3311 5642 οἶμαι
3370 5566 3542 5643 λίγειν
3594 5565 3752 5622 αὐτὸν
3805 5560 3874 5615 ἒν-

2251 5669 2437 5739 ταῦθα,
2459 5668 2550 5722 τὸν
2581 5664 2685 5721 ἀπὸ
2720 5667 2826 5719 τῶν
2882 5661 3122 5717 ἀπίστων
3177 5661 3297 5723 τοῖς
3350 5662 3561 5719 πιστοῖς
3618 5655 3873 5711 ἐπανατει-
