4106 6252
272 375 392 437 Ἱ3Ἱ

1249 378 1671 442 COMMENT.
1720 380 1797 441 ΙΝ
1847 376 2095 441 EPIST.
2138 376 2162 438 Ι
2206 378 2311 441 AD
2356 380 2731 444 GORINTH.

3580 382 3698 447 738

277 505 534 577 νόμενον,
600 508 690 564 καὶ
761 506 854 570 τὰς
914 505 1090 572 ἄλλας
1156 506 1411 584 ἔπηρείας
1494 509 1584 565 καὶ
1649 509 1941 576 κακώσεις,

2062 515 2198 567 tem.
2234 533 2262 563 »
2295 511 2476 567 Aliud.
2502 513 2726 584 Opinor
2751 530 2886 570 eum
2915 514 3025 573 hoc
3054 514 3183 575 loco
3214 518 3693 587 persecutionem

284 592 351 658 ἃς
383 595 676 668 ὑπέμενον.
737 601 912 654 Τοῦτο
970 598 1073 672 γὰρ
1134 595 1433 655 ἀκόλουθον
1494 597 1786 653 ἐνεστῶσαν
1818 597 1950 653 ἀνά-

283 705 425 758 γκην
457 683 619 741 αὐτὸν
668 683 881 743 καλεῖν.
943 684 1166 756 Ἐπειδὴ
1225 686 1327 762 γὰρ
1384 685 1696 760 παραίνεσιν
1727 684 1946 758 ὑψηλὴν

286 774 383 830 καὶ
418 772 663 849 μεγάλην
719 775 958 846 ἠθέλησε
1014 779 1368 847 ποιήσασθαι,
1417 777 1554 850 μετά
1583 777 1949 849 περιστάσεως

288 860 471 936 ἔδοξεν
528 863 696 935 αὐτὴν
757 865 1016 942 εἰσάγειν.
1078 866 1280 932 Καλὸν,
1342 865 1528 945 φησὶν,
1571 868 1605 934 ἡ
1663 865 1946 939 παρθενία,

287 954 383 1008 καὶ
451 950 542 1008 διὰ
604 955 705 1022 τὴν
769 954 1067 1011 ἐνεστῶσαν
1145 959 1252 1011 τῶν
1352 958 1667 1031 πειρασμῶν
1737 953 1937 1031 φοράν.

289 1042 455 1113 Ῥᾷον
514 1042 617 1119 γὰρ
674 1043 766 1100 καὶ
824 1042 1172 1117 ἀκοπώτερον
1227 1044 1428 1114 ταύτην
1488 1042 1795 1116 οἷ’σομεν,ἢ
1849 1065 1945 1117 γυ-

293 1136 485 1197 ναῖκας
528 1134 619 1189 καὶ
650 1133 808 1187 τέκνα
865 1131 920 1189 ἦν
972 1130 1241 1208 διωγμοῖς
1294 1132 1384 1190 καὶ
1419 1132 1640 1206 μυρίαις
1665 1134 1946 1188 ταλαιπω-

293 1219 441 1295 ρίαις
542 1221 987 1294 συνεπαγόμενοι.
1091 1224 1611 1297 Καταμεριζομένης
1694 1223 1794 1297 γὰρ
1869 1221 1947 1283 εἷς

288 1307 480 1367 πολλὰ
511 1309 656 1380 πάθη
714 1317 814 1379 τῆς
872 1314 1085 1386 ψυχῆς,
1144 1311 1195 1366 ἐν
1254 1312 1520 1389 ἀφορήτῳ
1549 1315 1701 1382 κακῷ
1733 1310 1944 1386 ἀνάγκη

290 1392 798 1468 καταϐαπτισθῆναι
852 1402 945 1455 τὸν
1003 1400 1304 1474 ἄνθρωπον·
1371 1400 1537 1473 μόνον
1568 1397 1625 1454 δὲ
1674 1397 1823 1468 ὄντα,
1856 1413 1949 1468 καὶ

291 1492 415 1550 τοῖς
456 1486 648 1562 ἑτέρων
681 1489 872 1545 πάθεσι
936 1491 1010 1562 μή
1070 1491 1568 1563 κατατεμνόμενον,
1597 1488 1817 1562 εὐχερὲς
1847 1495 1947 1557 τῆς

287 1581 399 1631 τῶν
450 1581 629 1634 κακῶν
685 1578 1081 1654 ὑπερανασχεῖν
1159 1578 1471 1654 τρικυμίας.
1533 1578 1669 1637 Εἶτα
1721 1577 1809 1634 ’ἰνα
1870 1580 1945 1650 μή

281 1685 367 1726 τις
432 1662 583 1741 εἷ’πῃ·
652 1666 864 1724 Οὐκοῦν
932 1668 1022 1723 καὶ
1084 1669 1111 1722 ὁ
1169 1667 1375 1747 φθάσας
1453 1666 1617 1743 γάμῳ
1680 1673 1947 1735 κοινωνῆ-

281 1773 396 1824 σαι,
452 1753 679 1827 ἄμεινον
745 1757 970 1827 ποιήσει
1030 1753 1178 1811 λύων
1248 1756 1342 1814 τὸν
1412 1755 1617 1831 γάμον,
1684 1753 1951 1844 ἐπήγαγε,

2052 600 2271 668 dicere,
2304 617 2434 671 quze
2467 602 2539 659 ab
2571 602 2893 659 incredulis
2939 604 3361 662 intendebatur
3391 606 3694 675 fidelibus,

2051 695 2411 761 craterasque
2434 692 2877 762 persecutiones
2902 698 2959 749 et
2979 692 3332 750 afﬂictiones
3353 712 3499 765 quas
3523 697 3694 751 susti-

2054 777 2294 835 nebant.
2328 781 2472 834 Nam
2501 796 2873 851 consequens
2906 787 3031 839 erat
3055 786 3122 838 ut
3149 782 3262 838 hoc
3293 789 3693 854 vocaretprae-

2054 872 2283 923 sentem
2313 868 2746 925 necessitatem.
2777 870 2921 926 Cum
2953 870 3112 927 enim
3141 870 3456 928 sublimem
3488 888 3556 928 ac
3580 888 3697 927 ma-

2051 973 2227 1029 gnam
2258 958 2542 1015 voluisset
2588 959 2821 1017 tradere
2868 959 3361 1024 admonitionem,
3404 961 3564 1019 visus
3607 968 3696 1019 est

2053 1047 2218 1124 illam
2238 1065 2306 1104 ex
2325 1049 2607 1120 temporis
2625 1050 3072 1107 circumstantia
3092 1049 3405 1108 deducere.
3428 1052 3586 1109 Bona
3602 1068 3697 1108 res

2053 1138 2270 1208 inquit,
2303 1144 2395 1194 est
2423 1139 2725 1212 virginitas
2755 1140 2830 1197 ob
2864 1144 3220 1211 praesentem
3255 1157 3489 1211 quoque
3517 1141 3699 1199 afﬂic-

2055 1226 2283 1282 tionum
2307 1226 2614 1298 impetum.
2640 1230 2781 1285 Nam
2798 1228 3033 1286 facilius
3051 1234 3110 1283 et
3129 1228 3258 1285 sine
3279 1229 3695 1301 defatigatione

2054 1315 2213 1370 hunc
2241 1315 2520 1385 feremus,
2554 1334 2733 1387 quam
2764 1318 2812 1373 si
2845 1334 3058 1374 uxores
3089 1334 3155 1373 ac
3204 1317 3360 1374 ﬁlios
3391 1319 3451 1375 in
3492 1335 3695 1390 perse-

2053 1404 2879 1477 cutionibus,innumerisque
2900 1406 3156 1464 miseriis
3179 1405 3494 1478 adjunctos
3517 1407 3695 1465 liabe-

2055 1509 2278 1549 remus.
2312 1493 2637 1563 Siquidem,
2671 1494 2859 1551 divisa
2888 1495 2949 1549 in
2980 1495 3169 1551 varios
3200 1496 3446 1551 allectus
3477 1497 3696 1563 anima,

2056 1598 2300 1638 necesse
2330 1588 2512 1638 estut
2556 1584 2732 1639 homo
2764 1583 2825 1638 in
2874 1583 3035 1640 malo
3075 1583 3434 1639 intolerabili
3466 1584 3700 1640 demer-

2055 1677 2262 1743 gatur:
2303 1687 2439 1727 cum
2494 1677 2692 1727 tamen
2745 1673 2793 1729 si
2846 1672 3008 1729 solus
3057 1678 3233 1741 esset,
3284 1690 3393 1730 nec
3442 1673 3695 1730 aliorum

2058 1776 2292 1830 quoque
2324 1761 2869 1831 perturbationibus
2901 1763 3387 1831 contunderetur,
3418 1762 3589 1819 facile
3612 1780 3702 1820 es-

280 1846 379 1914 Μή
448 1842 678 1919 γένοιτο.
749 1848 925 1903 Τοῦτο
990 1847 1091 1922 γὰρ
1178 1843 1347 1916 δηλοῖ
1412 1843 1501 1901 διὰ
1591 1850 1687 1901 τοῦ
1755 1842 1947 1918 εἰπεῖν,

364 1932 511 1956 Αῐθκγ
805 1943 813 1953 ι
950 1935 965 1953 \
1039 1937 1103 1956 νΙ
1248 1935 1309 1956 \I
1547 1932 1700 1956 ’|\\9
1753 1933 1777 1953 ﬂ
1906 1955 1911 1956 ν

2062 1853 2146 1905 set
2163 1849 2455 1905 malorum
2477 1850 2727 1909 tolerare
2747 1850 3090 1922 procellam.
3115 1850 3337 1907 Deinde
3360 1868 3433 1908 ne
3457 1853 3590 1924 quis
3607 1852 3699 1908 di-

289 1958 313 1989 c
353 1932 571 1991 Δεδισαι
602 1943 838 2010 γυναικί,
896 1935 973 2008 μή
1037 1937 1188 2005 ζήτει
1248 1935 1425 1993 λύσιν.
1454 1956 1482 1991 ιι
1547 1932 1700 1992 Ἀλλ’
1741 1933 1947 2009 ὥσπερ,

292 2024 484 2101 φησίν,
513 2026 542 2080 ὁ
570 2021 858 2098 δεδεμένος
914 2025 1015 2082 οὐκ
1072 2023 1282 2103 ὀφείλει
1342 2023 1499 2081 λύσιν
1539 2029 1740 2095 ζητεῖν,
1773 2022 1948 2086 οὕτως

291 2109 422 2167 οὐδὲ
478 2113 507 2166 ὁ
565 2110 867 2185 λελυμένος
928 2110 1122 2184 δεσμὸν
1182 2113 1354 2183 ἑαυτῷ
1410 2109 1617 2189 ὀφείλει
1655 2116 1942 2187 περινοεῖν.

287 2205 370 2261 Ἰὸ
425 2201 504 2272 δὲ,
566 2228 595 2255 ιι
624 2201 885 2273 ΛέΛυσαι,
920 2226 948 2254 ››
1009 2200 1184 2277 διχῶς
1243 2196 1383 2257 ἔστιν
1438 2195 1708 2270 ἐκλαϐεῖν,
1864 2199 1946 2254 ὅτι

285 2292 460 2352 υῧπω
514 2290 663 2358 ὅλως
720 2289 932 2362 idiom,
976 2289 1013 2361 ἤ
1059 2292 1143 2348 ’ὁτι
1201 2290 1392 2354 Λυθείς
1424 2290 1517 2364 ἀφ’
1547 2291 1608 2345 οὗ
1641 2289 1824 2360 ἐδέθης
1856 2286 1946 2343 δεο

291 2386 460 2456 σμοῦ,
494 2381 592 2439 οὐκ
622 2378 861 2458 ὀφείλεις
902 2380 1063 2453 ἄλλῳ
1111 2381 1363 2458 γυναικὸς
1413 2377 1599 2451 δεσμῷ
1628 2377 1792 2433 πάλιν
1824 2400 1950 2433 συν-

294 2472 542 2542 δεθῆναι.
603 2494 631 2524 ιι
686 2472 773 2541 Μή
840 2472 992 2541 ζήτει
1050 2468 1207 2526 λύσιν
1287 2494 1307 2521 ι
1367 2465 1591 2537 Ἐπειδὴ
1654 2468 1767 2524 εἶπε
1823 2467 1948 2542 περὶ

293 2559 608 2635 παρθενίας,
665 2556 926 2621 δεδοικὼς
982 2558 1179 2618 αὐτοὺς
1236 2557 1312 2619 ὡς
1371 2555 1729 2631 ἀστηρίκτους
1788 2558 1950 2629 μήτι

301 2644 673 2724 θορυϐηθῶσι,
723 2647 1000 2723 συντρίχει
1057 2646 1150 2702 τὸν
1210 2646 1411 2721 γάμον.
1470 2641 1695 2716 Συνᾷδει
1744 2642 1802 2700 δὲ
1830 2648 1949 2707 τοῖς

310 2736 427 2793 ἄνω
478 2733 788 2810 εἷρημένοις.
879 2736 1043 2792 Λύσιν
1124 2735 1227 2811 γὰρ
1308 2734 1553 2804 ἐνταῦθα,
1614 2734 1676 2789 οὐ
1734 2740 1830 2803 τῆν
1890 2732 1953 2789 ἐκ

316 2824 629 2901 συμφωνίας
674 2824 893 2903 ἆποχὴν
970 2831 1072 2895 τῆς
1158 2824 1355 2897 μίξεως
1423 2821 1589 2898 λέγει,
1648 2820 1796 2879 ἀλλὰ
1848 2823 1948 2892 τὴν

304 2915 453 2989 παρᾶ
506 2914 725 2989 γνώμην
782 2915 876 2971 καὶ
942 2913 1069 2972 ἄνευ
1145 2913 1313 2989 λόγου
1369 2914 1645 2988 πορνείας,
1704 2910 1948 2968 διάλυσιν

293 3009 395 3060 τοῦ
447 3002 922 3079 συναλλάγματος*
982 3004 1045 3058 τὸ
1104 3000 1183 3076 δὲ,
1246 3004 1504 3076 μένοντος
1554 3006 1651 3057 τοῦ
1689 2999 1949 3077 ἀνδρογύ-

290 3115 389 3150 νου
455 3094 816 3169 παρθενεύειν,
880 3093 1073 3154 καλόν.
1147 3117 1175 3147 ιι
1209 3094 1332 3150 Ἐὰν
1402 3090 1460 3148 δὲ
1524 3092 1615 3150 καὶ
1678 3093 1884 3167 γήμῃς.
1920 3115 1948 3142 ››

290 3183 735 3262 Ἐπιδιορθοῦται
793 3186 945 3257 αὐτὸ,
1000 3186 1064 3244 τὸ
1121 3186 1339 3248 ἀσθενὲς
1394 3189 1500 3240 τῶν
1551 3185 1830 3258 ἀκροατῶν
1861 3180 1949 3239 δε·-

291 3274 515 3344 δοικὼς,
541 3276 618 3339 ὡς
651 3276 714 3331 οὐ
747 3277 1077 3353 χωρούντων
1108 3278 1209 3346 τήν
1237 3272 1548 3352 παρθενίαν.

2058 1941 2191 1992 cat:
2225 1938 2408 2010 Igitur
2452 1939 2629 1995 etiam
2657 1939 2709 1994 is
2760 1940 2861 2010 qui
2899 1957 2966 1995 eo
3016 1940 3281 2011 pervenit
3308 1946 3374 1997 ut
3402 1942 3697 2013 particeps

2048 2026 2177 2097 jam
2209 2028 2286 2082 sit
2305 2027 2586 2100 conjugii,
2611 2028 2827 2084 melius
2850 2029 3023 2084 faciet
3054 2029 3101 2086 si
3128 2029 3316 2086 solvat
3335 2030 3698 2102 conjugium,

2059 2116 2400 2190 subjungit:
2436 2120 2817 2189 Nequaquam
2846 2136 2858 2183 ;
2892 2120 3003 2173 hoc
3047 2119 3206 2174 enim
3238 2120 3534 2192 significat
3562 2138 3695 2175 cum

2058 2205 2237 2261 dicit:
2287 2228 2316 2259 «
2365 2207 2654 2279 Alligatus
2703 2224 2765 2264 es
2813 2208 3002 2275 uxori,
3051 2225 3127 2265 ne
3177 2225 3409 2279 quaeras
3449 2209 3697 2264 solutio-

2056 2310 2217 2350 nem.
2251 2317 2279 2345 n
2313 2295 2425 2351 Sed
2455 2294 2978 2366 quemadmodum,
3012 2297 3229 2367 inquit,
3278 2297 3379 2367 qui
3423 2297 3699 2369 alligatus

2059 2387 2148 2438 est
2178 2399 2300 2439 non
2330 2383 2507 2438 debet
2536 2400 2804 2453 quaerere
2835 2384 3308 2453 solutionem,ita
3337 2385 3385 2439 is
3409 2386 3511 2456 qui
3544 2385 3702 2441 solu-

2059 2477 2152 2528 tus
2186 2476 2274 2529 est
2303 2487 2425 2528 non
2455 2470 2633 2527 debet
2659 2471 2773 2527 sibi
2805 2473 2920 2543 ipsi
2942 2473 3245 2529 vinculum
3275 2472 3570 2529 adducere
3604 2478 3706 2529 aut

2059 2560 2453 2619 comminisci.
2487 2559 2653 2626 Quod
2696 2566 2897 2617 autem
2928 2560 3011 2615 ait
3039 2577 3052 2615 :
3092 2584 3110 2608 -
3149 2560 3388 2617 Solutus
3420 2576 3503 2629 es,
3536 2584 3564 2611 »
3597 2563 3703 2619 du-

2057 2651 2292 2723 pliciter
2321 2655 2514 2722 potest
2543 2650 2834 2722 intelligi:
2869 2649 2962 2706 vel
3002 2650 3143 2720 quia
3189 2649 3455 2707 nondum
3490 2650 3704 2722 ligatus

2059 2756 2322 2812 unquam
2354 2739 2539 2806 fuisti,
2570 2739 2661 2794 vel
2699 2739 2840 2810 quia
2880 2739 3111 2797 solutus
3142 2755 3203 2794 es
3236 2756 3271 2794 a
3317 2739 3550 2795 vinculo
3584 2757 3700 2810 quo

2058 2830 2272 2902 ligatus
2301 2845 2477 2886 eras:
2509 2845 2632 2884 non
2681 2827 2860 2885 debes
2906 2844 3041 2900 ergo
3091 2828 3303 2885 iterato
3343 2829 3543 2886 uxoris
3574 2828 3702 2885 vin-

2060 2919 2193 2976 culo
2224 2918 2510 2991 colligari.
2536 2940 2565 2969 ιι
2588 2920 2669 2975 Ne
2691 2934 2922 2988 quaeras
2953 2917 3331 2973 solutionem.
3360 2940 3390 2969 »
3410 2918 3702 2983 Quoniam

2060 3008 2132 3065 de
2158 3008 2491 3080 virginitate
2520 3007 2752 3063 locutus
2779 3013 2925 3074 erat,
2950 3007 3170 3063 veritus
3195 3024 3270 3063 ne
3296 3007 3384 3063 illi
3418 3013 3702 3079 tanquam

2058 3110 2180 3151 non
2212 3094 2369 3149 ﬁrmi
2399 3094 2462 3149 in
2491 3093 2691 3163 aliquo
2721 3092 3124 3161 turbarentur,
3157 3092 3336 3150 simul
3367 3092 3547 3149 etiam
3569 3108 3704 3149 con-

2050 3182 2286 3253 jugium
2316 3181 2567 3248 inducit,
2600 3186 2660 3236 et
2705 3180 3090 3239 conformiter
3136 3180 3400 3252 loquitur
3442 3181 3536 3237 his
3567 3197 3697 3252 quae

1989 3257 2031 3321 (ἶ
2062 3288 2241 3343 supra
2269 3270 2428 3329 dicta
2467 3274 2627 3327 sunt.
2660 3271 2806 3326 Nam
2859 3269 3216 3327 solutionem
3264 3269 3376 3327 hoc
3415 3269 3545 3326 loco
3575 3286 3698 3326 non

285 3375 462 3427 vocat
490 3369 930 3440 separationem
961 3384 996 3427 a
1026 3367 1440 3425 commistione
1473 3371 1678 3422 mutuo
1732 3378 2027 3420 consensu
2055 3361 2273 3418 factam
2302 3378 2316 3417 :
2350 3359 2454 3416 sed
2503 3364 2718 3431 praeter
2748 3359 3040 3419 consortis
3070 3359 3454 3427 voluntatem,
3487 3366 3545 3415 et
3577 3376 3697 3415 non

291 3456 739 3517 subexsistente
787 3473 966 3514 causa
1019 3457 1209 3528 stupri
1256 3455 1515 3527 conjugii
1563 3453 2059 3511 dissolutionem:
2093 3455 2154 3507 at
2196 3450 2446 3507 durante
2499 3449 2774 3507 ccelibatu
2806 3464 3041 3507 servare
3089 3449 3484 3522 virginitatem
3515 3450 3703 3506 bone.-

286 3552 449 3602 stum
481 3552 593 3603 est.
627 3568 658 3598 «
689 3549 965 3605 Attamen
992 3546 1040 3601 si
1071 3545 1311 3604 duxeris
1340 3560 1607 3612 uxorem,
1636 3560 1758 3600 non
1804 3541 2083 3614 peccasti.
2116 3562 2144 3591 »
2176 3540 2430 3612 Corrigit
2475 3545 2534 3596 et
2563 3538 2843 3610 explanat
2873 3537 3033 3609 quod
3080 3538 3306 3597 dictum
3337 3545 3446 3609 est,
3480 3540 3700 3596 veritus

289 3634 632 3692 auditorum
662 3634 1153 3704 imbecillitatem,
1186 3639 1252 3691 ut
1277 3632 1381 3704 qui
1410 3649 1532 3689 non
1562 3630 1877 3704 capiebant
1903 3630 2318 3703 virginitatem.

366 3719 617 3785 Ἄλλως.
677 3723 888 3795 [ΦΩΤ.]
946 3723 1039 3791 Τὸ,
1098 3746 1126 3774 ιι
1161 3720 1284 3781 Ἐὰν
1340 3717 1398 3774 δὲ
1452 3719 1542 3777 καὶ
1591 3721 1805 3794 γήμῃς,
1837 3717 1947 3796 οὐχ

289 3808 562 3886 ἥμαρτες,
597 3834 626 3865 ι)
691 3811 782 3869 καὶ
848 3810 1063 3888 ἑφεξῆς,
1131 3816 1248 3873 τοῖς
1316 3809 1429 3868 ἅνω
1486 3811 1606 3865 καθ’
1649 3803 1948 3885 ὑπερϐατὸν

296 3899 641 3970 συπακτὲον,
700 3901 839 3957 οἷον·
876 3900 1060 3959 Καλὸν
1117 3900 1389 3975 ἀνθρώπῳ
1444 3899 1506 3954 τὸ
1556 3898 1730 3960 οὕτως
1781 3898 1944 3952 εἶναι.

292 3988 445 4046 Ἐὰν·
505 3984 566 4047 δί
623 3991 716 4045 καί
771 3990 960 4064 γήμῃς
1027 3989 1139 4064 οὐχ
1203 3987 1472 4062 ἥμαρτες,
1529 3987 1617 4042 καὶ
1675 3987 1819 4056 ἑξῆς.
1868 3984 1945 4044 Οὐ

291 4077 396 4151 γὰρ
428 4074 514 4134 δεῖ
542 4078 823 4135 συνάπτειν
853 4077 986 4133 αὐτὸ
1042 4083 1142 4149 τῷ,
1203 4102 1231 4131 ιι
1271 4076 1506 4134 Λὲλυσαι
1537 4078 1643 4132 ἀπὸ
1670 4076 1948 4152 γυναικὸς,

299 4168 380 4240 μή
413 4168 566 4238 ζήτει
597 4173 845 4244 γυναῖκα,
880 4168 1001 4225 Ἐὰν
1036 4164 1095 4223 δὲ
1149 4168 1239 4223 καὶ
1270 4169 1455 4244 γήμῃς
1486 4168 1598 4241 οὐχ
1625 4169 1883 4241 ἥμαρτες.
1919 4188 1948 4219 ››

298 4257 529 4328 Πρῶτον
590 4256 688 4330 μὲν
742 4256 867 4333 γὰρ,
925 4254 1296 4319 ἆνακόλουθος
1355 4255 1499 4311 οὕτω
1559 4250 1947 4327 λαμϐανομένη

300 4349 337 4415 ἡ
369 4339 571 4402 ἔννοια.
604 4345 670 4402 Τί
724 4345 828 4421 γὰρ
877 4350 956 4418 τῷ
1011 4345 1355 4421 γεγαμηκότι
1384 4342 1492 4415 ἤδη
1525 4344 1614 4400 καὶ
1646 4341 1950 4401 διαλυθεντι

301 4436 571 4510 προσήκει
637 4432 832 4510 λέγειν,
905 4456 928 4485 ι
982 4435 1104 4492 Ἐὰν
1166 4432 1222 4490 δὲ
1285 4433 1376 4490 καὶ
1434 4435 1664 4508 γήμῃς
1698 4458 1725 4486 ››
1778 4437 1952 4490 Τοῦτο

299 4524 403 4598 γὰρ
459 4529 576 4588 τοῖς
637 4526 807 4596 μήπω
864 4522 1237 4598 γεγαμηκόσιν
1298 4520 1586 4597 ἁρμόδιον.
1617 4524 1843 4580 Ἔπειτα
1873 4519 1951 4589 δὲ,

298 4613 394 4669 καὶ
475 4612 611 4686 μέγα
680 4612 823 4669 ἐστὶν
894 4612 1221 4687 ἁμάρτημα,
1300 4611 1600 4684 λυσάμενον
1674 4611 1781 4669 ἀπὸ
1854 4617 1955 4679 τῆς

301 4701 571 4778 γυναικὸς,
638 4698 817 4772 ἄλλην
917 4703 1217 4778 γήμασθαι’
1285 4698 1424 4757 ὥστε
1518 4699 1616 4757 οὐκ
1717 4699 1959 4777 ἐγχωρεῖ

307 4790 484 4856 οὕτως
513 4791 745 4865 συνάψαι
773 4792 836 4848 τὸ
868 4790 1100 4866 χωρίον,
1143 4787 1272 4845 ἀλλ’
1320 4791 1394 4853 ὡς
1424 4786 1687 4865 πρότερον
1721 4788 1953 4863 εἷ’ρηται.

312 4881 415 4936 Καὶ
448 4879 550 4955 γὰρ
598 4878 690 4937 καὶ
736 4880 843 4954 πρὸ
897 4878 1091 4955 ὀλίγου
1159 4878 1343 4953 φησὶν,
1376 4901 1404 4933 ιι
1442 4878 1567 4935 Ἐἆν
1610 4874 1669 4932 δὶ
1718 4876 1809 4933 καὶ
1840 4896 1961 4951 χω-

312 4970 494 5044 ρισθῇ,
529 4967 737 5041 μενέτω
766 4970 1001 5044 ἄγαμος.
1037 4991 1066 5020 ››
1121 4966 1220 5024 Διά
1263 4987 1322 5021 τε
1371 4967 1464 5023 οὗν
1495 4967 1561 5023 τὰ
1588 4967 1961 5041 προειρημένα

313 5055 491 5113 καὶτὸ
518 5060 607 5112 νῦν
640 5056 952 5132 εἰρημένον,
1003 5053 1095 5110 ’ίνα
1157 5056 1233 5130 μὴ
1295 5054 1503 5112 ἐναντία
1555 5056 1730 5128 ἑαυτῷ
1786 5053 1960 5132 λέγειν

311 5141 468 5220 δόξῃ,
497 5147 617 5211 καθ’
674 5139 973 5222 ὑπερϐατὸν
1034 5143 1373 5201 συντακτέον.
1441 5143 1505 5202 Ei‘
1562 5142 1621 5200 δὲ
1677 5145 1762 5213 τὸ,
1797 5170 1824 5197 ιι
1860 5143 1961 5199 Λέ-

310 5232 497 5303 λυσαι,
532 5258 562 5287 ››
616 5233 739 5311 οόχῖ
798 5234 938 5310 πρὸς
993 5233 1122 5297 τοὺς
1177 5233 1546 5308 συναφθέντας,
1606 5234 1722 5289 εἶτα
1773 5230 1966 5289 διαλυ-

308 5322 495 5386 θέντας
542 5322 816 5393 ἀκούσεις,
870 5322 999 5379 ἀλλ’
1054 5321 1245 5385 ἁπλῶς
1296 5323 1431 5398 πρὸς
1482 5323 1611 5383 τοὺς
1665 5325 1740 5396 μή
1775 5321 1965 5379 συνελ-

312 5412 500 5478 θόντας
546 5410 695 5476 ὅλως
751 5410 827 5475 εἷς
884 5412 1064 5486 γάμου
1116 5412 1430 5483 κοινωνίαν,
1463 5409 1608 5468 ἀλλὰ
1635 5410 1968 5484 λελυμίνους

312 5500 472 5566 ὄντας
514 5505 614 5557 τοῦ
661 5500 920 5558 τοιούτου
970 5498 1196 5574 δεσμοῦ,
1248 5500 1488 5576 ἆγχωρεῖ
1534 5501 1625 5555 καὶ
1662 5501 1798 5556 κατὰ
1827 5500 1969 5557 πόδα

311 5594 347 5663 ἡ
380 5589 793 5665 σύνταξις.ι‹Καὶ
823 5587 912 5645 ἐὰν
947 5591 1108 5664 γήμῃ
1150 5593 1185 5658 ἡ
1242 5587 1648 5668 παρθένος,οὐχ
1677 5590 1905 5665 ἥμαρτε.
1939 5612 1967 5641 ››

313 5676 592 5756 Παρθένον
644 5676 872 5733 ἐνταῦθα
928 5698 1092 5751 φησιν
1141 5677 1204 5732 οὐ
1254 5678 1354 5746 τήν
1414 5677 1791 5755 ἀφιερωμὲνην
1829 5681 1968 5750 Θεῷ,

2130 3719 2280 3775 485
2313 3718 2507 3775 Aliud.
2530 3717 2695 3783 Quod
2726 3718 2963 3786 dicitur,
2999 3739 3027 3769 ιι
3055 3719 3331 3775 Attamen
3365 3718 3411 3774 si
3459 3719 3699 3776 duxeris

2058 3825 2456 3875 uxorem,non
2478 3807 2734 3879 peccasti
2762 3830 2789 3859 ιι
2816 3812 2875 3862 et
2898 3813 3133 3874 caatera,
3166 3807 3576 3878 superioribus
3597 3826 3704 3877 per

2059 3899 2428 3971 hyperbaton
2472 3898 2890 3970 conjungenda
2941 3902 3099 3961 sunt,
3140 3903 3320 3968 puta:
3356 3898 3581 3954 Bonum
3612 3904 3705 3954 est

2059 3988 2286 4044 homini
2320 3988 2403 4043 sic
2434 4004 2564 4043 esse
2594 4005 2607 4042 :
2641 3992 2903 4045 attamen
2935 3987 2984 4041 si
3011 3986 3249 4042 duxeris
3280 4002 3547 4055 uxorem,
3579 4004 3702 4043 non

2060 4077 2315 4147 peccasti
2344 4092 2357 4142 ;
2392 4081 2501 4131 etc.
2535 4091 2730 4146 neque
2762 4075 2921 4130 enim
2948 4074 3227 4146 conjungi
3259 4073 3435 4130 debet
3467 4092 3602 4130 cum
3634 4093 3702 4131 eo

2063 4164 2223 4235 quod
2252 4165 2506 4221 dicitur:
2540 4185 2569 4214 «
2619 4163 2857 4219 Solutus
2887 4179 2950 4218 es
3001 4162 3074 4217 ab
3122 4179 3325 4230 uxore,
3358 4180 3431 4218 ne
3472 4182 3703 4235 quaeras

2062 4258 2607 4311 uxorem.Attamen
2630 4252 2677 4308 si
2701 4252 2939 4308 duxeris
2961 4268 3226 4317 uxorem,
3246 4268 3366 4307 non
3390 4254 3702 4323 peccasti.»

2065 4343 2329 4399 Primum
2362 4341 2628 4413 quidem,
2658 4357 2778 4397 non
2808 4346 2970 4397 recte
3021 4341 3409 4411 consequitur
3438 4350 3710 4413 sumptus

2066 4432 2178 4487 hoc
2207 4431 2384 4487 modo
2428 4430 2789 4487 intellectus.
2820 4430 2971 4494 Quid
3010 4429 3170 4484 enim
3221 4430 3492 4484 convenit
3523 4430 3574 4485 ei
3607 4429 3710 4501 qui

2061 4522 2190 4594 jam
2211 4520 2460 4579 duxerat
2485 4525 2545 4575 et
2563 4520 2793 4576 solutus
2816 4524 2905 4574 est
2923 4517 3118 4573 dicere
3144 4533 3157 4573 :
3182 4538 3211 4566 ‹‹
3233 4520 3507 4574 Attamen
3529 4518 3577 4572 si
3598 4518 3709 4575 du-

2067 4609 2225 4666 xeris
2255 4625 2500 4664 uxorem
2521 4608 2548 4664 ‘I
2570 4629 2599 4658 »
2630 4609 2775 4663 Nam
2806 4606 2917 4663 hoc
2946 4605 3019 4659 iis
3048 4609 3286 4675 aptatur
3314 4606 3413 4675 qui
3443 4605 3710 4662 nondum

2069 4714 2319 4754 uxorem
2349 4698 2670 4754 duxerunt.
2704 4694 2928 4751 Deinde
2959 4709 3093 4749 vero
3141 4709 3419 4764 magnum
3448 4700 3542 4750 est
3569 4711 3707 4766 pec-

2072 4793 2291 4856 catum,
2324 4786 2373 4841 si
2405 4787 2454 4841 is
2486 4785 2587 4856 qui
2618 4784 2847 4841 solutus
2879 4787 2967 4839 est
2987 4781 3060 4837 ab
3090 4799 3272 4838 uxore
3302 4781 3483 4839 aliam
3512 4782 3710 4840 ducat.

2070 4876 2273 4947 Itaque
2305 4892 2425 4933 non
2454 4878 2650 4945 potest
2677 4889 2746 4929 eo
2774 4872 2947 4929 modo
2977 4870 3258 4944 conjungi
3289 4873 3713 4943 particula,sed

2073 4966 2225 5023 sicut
2255 4965 2418 5036 prius
2456 4962 2679 5020 dictum
2726 4967 2833 5018 est.
2884 4963 3029 5017 Nam
3077 4966 3136 5016 et
3180 4962 3357 5032 paulo
3404 4969 3541 5018 ante
3590 4962 3710 5018 ait:

2071 5078 2101 5108 ι(
2133 5053 2298 5122 Quod
2329 5054 2376 5111 si
2409 5052 2587 5109 etiam
2613 5055 2885 5122 separata
2912 5050 3112 5118 fuerit,
3135 5057 3376 5108 maneat
3406 5052 3711 5122 innupta.»

2072 5147 2319 5214 Propter
2349 5142 2454 5199 illa
2483 5141 2661 5212 igitur
2691 5156 2821 5210 quae
2852 5138 3010 5195 dicta
3038 5144 3197 5205 sunt,
3228 5139 3408 5195 etiam
3451 5155 3715 5210 prmsens

2072 5232 2338 5298 verbum,
2362 5247 2436 5285 ne
2469 5229 2581 5285 sibi
2613 5228 2911 5284 contraria
2941 5227 3140 5283 dicere
3168 5227 3456 5293 videatur,
3479 5244 3586 5299 per
3615 5228 3718 5298 hy—

2074 5320 2361 5393 perbaton
2413 5317 2897 5392 conjungendum
2949 5322 3056 5374 est.
3099 5316 3263 5380 Quod
3306 5316 3354 5372 si
3394 5315 3715 5374 dictionem

2076 5431 2105 5461 «
2138 5408 2372 5466 Solutus
2403 5424 2488 5477 es,
2521 5430 2549 5458 »
2583 5423 2703 5463 non
2734 5405 2810 5463 ad
2857 5422 2958 5462 eos
2990 5405 3090 5477 qui
3122 5405 3426 5474 conjuncti
3454 5405 3718 5476 fuerunt,

2077 5506 2134 5558 et
2162 5497 2376 5556 deinde
2408 5497 2586 5554 soluti
2618 5502 2775 5563 sunt,
2808 5494 3105 5562 retuleris,
3137 5493 3241 5551 sed
3271 5494 3625 5567 simpliciter
3648 5495 3723 5553 ad

2078 5606 2179 5647 eos
2192 5588 2293 5660 qui
2307 5586 2553 5644 omnino
2566 5603 2687 5641 non
2701 5582 3189 5641 conveneruntad
3205 5584 3723 5658 participationem

2078 5676 2360 5749 conjugii,
2394 5674 2496 5732 sed
2519 5676 2593 5731 ab
2625 5672 2966 5746 bujusmodi
2990 5671 3225 5731 vinculo
3257 5672 3429 5731 liberi
3456 5678 3516 5731 et
3544 5673 3724 5733 soluti
