4106 6252
449 329 567 392 739

1569 328 1813 390 (ECUM
1824 327 1950 386 ENI
1992 325 2302 387 TRICCAS
2346 324 2719 386 EPISCOPI.

3751 334 3873 392 740

449 473 608 536 sunt,
642 467 839 523 locum
870 466 1047 523 habet
1078 483 1209 538 quae
1255 465 1456 520 statim
1492 480 1622 519 sese
1654 464 1826 518 offert
1856 463 2095 518 ordina-

2210 454 2357 512 ἀλλὰ
2386 460 2485 527 τήν
2517 459 2728 533 ἄγαμον
2777 459 2963 534 κόρην.
3027 461 3115 523 Ὠς
3168 463 3263 538 ἦγε
3318 462 3697 541 ἀφιερωθεῖσα
3729 472 3873 538 Θεῷ,

452 557 553 612 tio.
581 578 608 605 ‹‹
636 557 705 611 Et
725 556 774 610 si
798 555 1068 627 nupserit
1089 556 1271 626 virgo,
1296 570 1415 609 non
1438 552 1720 625 peccavit.
1746 574 1773 602 ››
1800 550 2095 623 Virginem

453 647 566 701 hoc
598 645 724 701 loco
744 644 1006 716 appellat
1028 661 1148 699 non
1171 660 1301 699 eam
1325 659 1455 714 qua:
1486 644 1599 697 Deo
1622 646 1968 696 consecrata
1991 645 2100 722 est,

455 734 557 789 sed
590 734 904 805 innuptam
937 732 1219 805 puellam.
1253 734 1397 787 Nam
1443 748 1573 802 quas
1607 731 1723 785 Deo
1754 734 2101 783 consecrata

453 829 545 878 est
574 823 622 877 si
654 822 943 893 nupserit,
976 821 1208 876 Christo
1239 820 1435 875 reddit
1464 819 1800 874 adulterum
1837 833 1971 871 eum
2003 815 2098 871 cui

451 913 643 967 nubit.
678 933 706 961 «
738 911 1141 967 Afﬂictionem
1166 916 1361 965 tamen
1384 910 1445 963 in
1468 925 1645 963 carne
1665 906 2094 962 habebunthu-

442 1001 729 1074 jusmodi.
766 1022 795 1051 »
824 1001 931 1064 Qui
962 1001 1432 1066 matrimonium,
1466 998 1684 1069 inquit,
1717 995 2094 1060 contrahunt,

449 1090 835 1147 afﬂictionem
868 1089 1171 1146 habebunt
1191 1088 1265 1143 ob
1287 1104 1569 1143 mmrores
1600 1086 1701 1157 qui
1726 1086 1787 1140 in
1818 1084 2092 1156 conjugio

451 1187 609 1237 sunt.
645 1204 671 1230 ‹‹
704 1180 821 1251 Ego
852 1185 1051 1234 autem
1095 1178 1262 1234 vobis
1294 1194 1492 1250 parco,
1537 1199 1564 1225 ››
1615 1182 1896 1246 tanquam
1930 1174 2089 1241 ﬁliis,

2206 546 2256 600 εἷ’
2282 548 2464 623 γήμῃ,
2515 548 2717 625 μοιχὸν
2774 546 3017 624 ἐπιφέρει
3071 550 3151 623 τῷ
3208 553 3527 626 Χριστῷ,ᾧ
3560 554 3873 633 νενύμοευ-

2209 658 2318 691 τςιι.
2379 662 2405 687 ‹‹
2438 635 2637 711 Θλίψιν
2692 635 2749 692 δὲ
2800 633 2976 707 ἕξουσι
3028 643 3099 712 τῇ
3157 642 3335 717 σαρκί.
3374 665 3397 695 ι
3432 644 3494 696 Οἱ
3523 650 3869 720 γαμοῦντες,

2210 724 2362 805 φησῗ,
2396 724 2579 799 θλίψιν
2624 723 2823 799 ἕξουσι,
2884 724 2973 782 διὰ
3028 730 3125 791 τὰς
3178 727 3229 783 ἐν
3284 734 3366 803 τῷ
3418 732 3593 806 γάμῳ
3656 731 3862 793 λύπας.

2211 838 2238 866 (ι
2269 815 2410 887 Ἐγὼ
2468 812 2545 882 δὲ,
2605 815 2761 893 φησὶ,
2821 812 3080 891 φείδομαι
3144 818 3323 890 ὑμῶν,
3356 842 3383 870 ››
3416 819 3491 881 ὡς
3517 818 3761 890 τέκνων,
3789 822 3875 875 καὶ

2209 901 2485 978 βούλομαι
2536 900 2851 979 ἐλευθέρους
2910 906 3047 960 εἶναι
3105 905 3193 961 καὶ
3240 905 3508 970 ἀλύπους.
3570 911 3736 970 Τέως
3778 910 3871 985 γὰρ

2204 992 2255 1047 ἐν
2313 989 2534 1065 δεσμοῖς
2586 994 2907 1068 τυγχάνετε.
2968 1018 2997 1046 ‹‹
3059 991 3275 1050 Δέδεσαι
3341 997 3468 1073 γὰρ,
3528 997 3705 1075 φησὶ,
3775 1021 3871 1071 γυ-

2200 1081 2361 1138 ναικί.
2397 1106 2425 1134 ››
2457 1082 2591 1139 Εἶτα
2642 1084 2732 1137 καὶ
2769 1083 2973 1139 ἑαυτῶν
3030 1085 3132 1140 ούκ
3182 1086 3619 1157 ἐξουσιάζουσιν,
3655 1088 3737 1150 ὡς
3769 1087 3869 1143 ἄνω

2200 1169 2384 1247 φησίν.

452 1275 512 1325 et
542 1270 715 1340 cupio
747 1284 845 1322 vos
876 1267 1097 1322 liberos
1127 1282 1258 1322 esse
1287 1282 1355 1321 ac
1387 1266 1514 1321 sine
1559 1280 1831 1319 mmrore.
1866 1261 2108 1317 Interim
2138 1276 2396 1331 namque
2446 1261 2508 1316 in
2539 1260 2792 1317 vinculis
2832 1264 2993 1319 estis.
3028 1263 3122 1318 Ait
3170 1264 3329 1319 enim
3362 1282 3376 1319 :
3410 1289 3438 1316 ι(
3475 1267 3785 1339 Alligatus
3816 1284 3876 1322 es

448 1358 637 1414 uxori.
673 1381 701 1408 »
733 1357 955 1415 Deinde
987 1357 1164 1411 etiam
1196 1373 1316 1411 non
1347 1360 1486 1410 sunt
1514 1355 1605 1409 sui
1629 1352 1805 1425 juris,
1838 1357 1904 1407 ut
1934 1350 2209 1422 superius
2240 1348 2409 1404 dixit.

521 1447 637 1510 VII,
670 1447 861 1500 29-31.
915 1446 1179 1501 Caeterum
1228 1445 1369 1499 illud
1414 1442 1559 1511 dico,
1608 1446 1832 1512 fratres,
1864 1447 2088 1521 tempus

449 1539 795 1591 contractum
824 1539 906 1589 est
925 1551 944 1588 :
974 1540 1215 1605 superest
1243 1541 1304 1588 ut
1351 1535 1449 1603 qui
1478 1533 1687 1587 habent
1728 1546 1947 1596 uxores,
1978 1531 2090 1585 sint

2267 1439 2441 1493 Τοῦτο
2517 1433 2574 1490 δὲ
2646 1458 2814 1516 φημι,
2890 1436 3141 1518 ἀδελφοὶ,
3207 1442 3290 1496 ’ὁτι
3367 1444 3393 1497 6
3471 1444 3680 1518 καιρὸς
3750 1465 3882 1498 συν-

2197 1521 2527 1597 εσταλμένος
2591 1526 2654 1581 τὸ
2722 1524 2918 1582 λοιπόν
2984 1526 3146 1598 ἐστιν,
3198 1528 3292 1586 ’ίνα
3350 1532 3443 1586 καὶ
3511 1534 3572 1586 οἱ
3645 1527 3876 1612 ἔχοντες

450 1631 715 1694 tanquam
746 1640 855 1678 non
887 1623 1125 1677 habeant
1151 1639 1169 1676 :
1200 1630 1252 1677 et
1282 1621 1382 1691 qui
1402 1623 1651 1691 plorant,
1684 1627 1949 1689 tanquam
1978 1634 2090 1673 non

2208 1617 2474 1686 γυναῖκας,
2542 1612 2617 1674 ὡς
2676 1614 2752 1687 μὴ
2814 1608 3036 1690 ἔχοντες
3094 1617 3253 1688 ὦσιν,
3308 1618 3401 1673 καὶ
3462 1621 3515 1674 οἱ
3578 1608 3875 1680 κλαίοντες

448 1714 704 1783 plorent:
738 1718 791 1766 et
822 1713 919 1781 qui
948 1711 1209 1780 gaudent,
1244 1718 1511 1779 tanquam
1557 1725 1667 1763 non
1697 1708 1976 1778 gaudeant
1997 1723 2015 1760 :
2044 1712 2095 1760 et

2208 1701 2278 1762 ὡς
2340 1702 2415 1774 μή
2476 1698 2783 1771 κλαίοντες,
2838 1703 2929 1758 καὶ
2982 1705 3034 1759 οἱ
3090 1705 3378 1781 χαίροντες
3433 1708 3510 1769 ὡς
3585 1710 3670 1782 μὴ
3750 1708 3876 1784 χαί-

453 1802 552 1871 qui
579 1806 785 1869 emunt,
817 1806 1082 1869 tanquam
1112 1815 1224 1853 non
1262 1798 1624 1869 possideant:
1657 1803 1709 1851 et
1735 1796 1835 1866 qui
1863 1801 2097 1851 utuntur

451 1889 655 1945 mundo
683 1889 805 1956 hoc,
841 1896 1107 1957 tanquam
1146 1903 1259 1943 non
1310 1887 1628 1941 abutantur.
1665 1887 1915 1940 Prwterit
1953 1886 2097 1940 enim

451 1978 669 2033 habitus
697 1978 893 2032 mundi
922 1978 1106 2047 hujus.

523 2156 815 2221 Quoniam
846 2155 1030 2211 dixit:
1065 2178 1093 2205 «
1126 2154 1527 2209 Afﬂictionem
1581 2160 1780 2210 tamen
1810 2154 1871 2208 in
1919 2170 2097 2208 carne

454 2245 778 2311 habebunt,
817 2268 839 2296 ι
874 2262 949 2301 ne
983 2246 1117 2316 quis
1158 2245 1353 2301 dicat:
1385 2246 1561 2316 Atqui
1611 2245 1789 2300 etiam
1819 2244 2096 2316 volupta-

456 2340 574 2389 tem
600 2333 922 2400 habebunt,
948 2351 1021 2389 ex
1052 2339 1353 2389 contracto
1386 2338 1653 2406 tempore
1684 2340 1935 2389 conatur
1956 2350 2099 2404 pras-

457 2423 727 2479 scindere
779 2423 934 2478 486
989 2424 1371 2495 voluptatem.
1418 2425 1741 2495 Propterea
1786 2424 1913 2479 ait:
1960 2424 2096 2478 Dico

456 2512 613 2584 quod
643 2511 1029 2567 afﬂictionem
1079 2511 1402 2579 habebunt,
1436 2513 1718 2583 quoniam
1767 2528 1959 2583 neque
2000 2529 2098 2567 vo-

452 2601 741 2672 luptatem
772 2602 991 2656 habere
1023 2608 1272 2673 possunt
1302 2601 1375 2656 ob
1407 2601 1466 2655 id
1497 2601 1654 2671 quod
1682 2607 1916 2672 tempus
1950 2601 2096 2656 adeo

452 2696 820 2746 contractum
861 2692 939 2745 sit
981 2696 1039 2744 et
1082 2689 1156 2744 ad
1210 2689 1666 2745 dissolutionem
1714 2695 1937 2760 urgeat.
1969 2691 2096 2744 lam

453 2780 615 2834 enim
646 2778 1144 2851 appropinquavit
1183 2794 1427 2850 regnum
1462 2778 1695 2846 Christi,
1731 2784 1787 2832 et
1816 2778 2098 2849 deinceps

453 2868 528 2923 ad
560 2884 696 2922 eum
727 2867 982 2939 migrare
1005 2866 1308 2938 jubemur.
1333 2888 1360 2917 (ι
1387 2866 1514 2920 Sint
1538 2872 1828 2937 tanquam
1858 2882 1978 2921 non
2000 2866 2100 2921 ha-

453 2955 651 3011 beant.
685 2978 713 3007 »
745 2958 868 3021 Quo
898 2962 1069 3028 pacto
1120 2956 1248 3011 ﬁeri
1297 2960 1493 3027 potest
1540 2961 1603 3010 ut
1651 2954 1772 3011 sint
1816 2961 2095 3026 tanquam

2201 1810 2408 1863 ροντες,
2510 1790 2600 1846 καὶ
2675 1793 2726 1846 οἱ
2801 1793 3160 1869 ἀγοράζοντες
3236 1797 3314 1861 ὡς
3404 1799 3481 1872 μή
3596 1795 3872 1874 κατέχον-

2199 1900 2311 1947 τες,
2380 1880 2471 1934 καὶ
2536 1881 2590 1934 οἱ
2655 1882 2934 1956 χρώμενοι
3002 1888 3083 1954 τῷ
3146 1886 3344 1959 κόσμῳ
3401 1885 3594 1959 τούτῳ
3658 1887 3741 1951 ὡς
3795 1888 3868 1960 μή

2201 1970 2644 2047 καταχρώμενοι.
2702 1970 2936 2046 Ιῐαράγει
2992 1992 3095 2048 γαρ
3151 1973 3216 2028 τὸ
3276 1981 3472 2052 σχῆμα
3514 1980 3625 2031 τοῦ
3656 1977 3867 2049 κόσμου

2201 2058 2420 2116 τούτου.

2274 2146 2502 2219 Ἐπειδή
2550 2150 2698 2205 εἶπεν
2760 2151 2844 2205 ὅτι
2896 2149 3080 2225 θλίψιν
3113 2155 3180 2225 τῇ
3214 2152 3369 2227 σαρκὶ
3397 2151 3644 2223 ἕξουσιν,
3678 2155 3767 2209 ἳνα
3793 2156 3864 2227 μή

2201 2259 2286 2302 τις
2315 2236 2467 2313 εἴπῃ,
2509 2235 2686 2293 Ἀλλὰ
2732 2240 2822 2293 καὶ
2872 2237 3099 2311 ἡδονὴν,
3152 2239 3212 2296 ἐκ
3264 2245 3360 2296 τοῦ
3423 2242 3865 2317 συνεσταλμένου

2204 2332 2397 2402 καιροῦ
2427 2333 2676 2403 πειρᾶται
2707 2329 2772 2384 τὰ
2800 2335 2901 2398 τῆς
2950 2326 3157 2399 ἡδονῆς
3210 2330 3529 2403 ὑποτεμεῖν.
3574 2332 3680 2387 Διὰ
3708 2331 3862 2388 τοῦτό

2205 2435 2359 2497 (Mar
2396 2416 2574 2493 Λέγω,
2628 2417 2712 2473 ὅτι
2760 2416 2945 2492 θλίψιν
2998 2415 3229 2488 ἕξουσιν,
3260 2417 3451 2489 ἐπειδὴ
3489 2423 3639 2494 μήτε
3669 2419 3861 2490 ἡδονήν

2205 2505 2449 2562 δύνανται
2507 2505 2677 2582 ἔχειν,
2731 2512 2814 2579 τῷ
2866 2508 2962 2563 τὸν
3019 2509 3206 2583 καιρὸν
3265 2508 3411 2565 οὓτω
3479 2508 3853 2580 συνεστάλθαι,

2203 2598 2294 2652 καὶ
2324 2597 2461 2671 πρὸς
2494 2593 2648 2650 λύσιν
2700 2595 3021 2671 ἐπειγεσθαι.
3081 2595 3225 2668 ’Ἠδη
3282 2600 3383 2673 γὰρ
3435 2598 3669 2677 ¹ἤγγικεν
3694 2602 3727 2670 ἡ
3758 2600 3851 2674 βα-

2207 2683 2383 2740 σιλεία
2410 2683 2507 2740 τοῖ’)
2536 2686 2796 2760 Χριστοῦ,
2825 2685 2916 2740 καὶ
2949 2684 3147 2741 λοιπὸν
3177 2684 3488 2761 ἀποδημεῖν
3517 2689 3657 2763 πρὸς
3685 2688 3839 2743 αὐτὸν

2204 2774 2557 2846 κελευόμεθα.
2592 2798 2621 2826 ‹‹
2644 2775 2730 2836 Ὦς
2765 2775 2839 2848 μὴ
2900 2772 3119 2849 ἔχοντες
3175 2776 3298 2832 ὦσι.
3331 2798 3363 2829 ιι
3397 2781 3522 2841 Πῶς
3549 2775 3600 2831 δ’
3628 2777 3684 2832 ἂν
3711 2775 3833 2829 ὦσιν

2206 2864 2282 2925 ὡς
2318 2864 2394 2936 μὴ
2426 2857 2647 2938 ἔχοντες
2674 2882 2687 2932 ;
2718 2864 2808 2919 Ἑν
2837 2867 2916 2935 τῷ
2967 2864 3045 2937 μή
3081 2863 3379 2920 ὑπακούειν
3414 2865 3595 2928 αὐταῖς
3617 2865 3689 2923 εἷς
3730 2864 3820 2923 τᾶς

2211 2952 2398 3027 μωρὰς
2432 2957 2531 3008 τοῦ
2578 2952 2796 3025 κόσμου
2852 2950 3164 3026 ἐπιθυμίας.
3196 2987 3266 2996 —
3298 2954 3616 3027 [OIKOI‘M.]
3644 2957 3707 3007 Ἤ
3733 2948 3811 3005 ὅτι

454 3062 575 3100 non
606 3045 909 3101 habeant?
940 3046 1005 3101 1n
1038 3046 1148 3101 hoc
1180 3045 1338 3117 quod
1366 3045 1511 3116 ipsis
1542 3061 1663 3101 non
1694 3044 2095 3116 obsequantur

2208 3042 2298 3097 καὶ
2327 3042 2452 3115 περὶ
2502 3044 2601 3111 τὴν
2661 3041 2801 3115 μίξιν
2860 3042 3135 3119 ἐγκρατεῖς
3189 3044 3329 3099 εἶναι
3384 3041 3651 3119 βούλεται,
3686 3038 3828 3095 «Καὶ

454 3133 528 3189 ad
560 3134 771 3189 stultas
794 3135 999 3189 mundi
1025 3134 1536 3205 concupiscentias
1561 3150 1574 3201 ;
1599 3139 1701 3190 aut
1730 3135 1889 3205 quod
1919 3134 2099 3190 etiam

455 3223 621 3295 cupit
647 3229 713 3277 ut
743 3223 901 3278 circa
931 3223 1406 3278 commistionem
1429 3222 1794 3279 abstinentes
1815 3224 1954 3278 sint.
1980 3246 2008 3274 «
2032 3226 2102 3278 Et

457 3312 555 3381 qui
590 3312 848 3382 plorant,
883 3317 1168 3382 tanquam
1199 3328 1319 3366 non
1348 3311 1603 3381 plorent.
1638 3334 1667 3361 »
1699 3313 1782 3367 0b
1812 3313 2098 3384 temporis

456 3394 826 3466 brevitatem,
858 3400 1074 3469 inquit,
1099 3400 1301 3455 omnia
1322 3416 1453 3469 quae
1474 3400 1782 3455 nonnullis
1804 3401 1863 3455 in
1888 3417 2101 3473 magna

459 3492 598 3542 sunt
627 3504 787 3555 cura,
823 3486 1106 3542 debemus
1136 3487 1353 3542 ducere
1402 3493 1681 3557 tanquam
1715 3504 1834 3542 non
1861 3495 2096 3544 essent:

458 3580 516 3630 et
546 3575 629 3630 ita
657 3575 875 3631 habere
923 3592 1170 3631 uxorem
1203 3581 1261 3631 et
1305 3576 1561 3646 gaudere
1604 3592 1671 3631 ac
1702 3576 1921 3648 lugere.
1953 3577 2098 3633 Cum

459 3664 618 3718 enim
646 3665 707 3718 in
759 3664 1091 3735 propinquo
1123 3664 1201 3720 sit
1246 3681 1427 3732 mors,
1459 3664 1603 3734 quid
1646 3680 1794 3735 Opus
1827 3671 1915 3719 est
1946 3682 2097 3737 prmo

460 3754 729 3809 sentibus
751 3771 884 3809 cum
907 3770 1106 3809 amore
1129 3754 1480 3810 immorari?
1496 3755 1584 3809 vel
1606 3754 1943 3810 existimare
1970 3771 2099 3810 esse

450 3845 791 3918 conjugium
810 3850 913 3901 aut
930 3845 1174 3900 omnino
1200 3845 1422 3901 mundo
1441 3845 1570 3900 uti?
1586 3867 1614 3895 «
1638 3847 1705 3900 Et
1728 3845 1830 3916 qui
1850 3850 2101 3900 utuntur

450 3933 562 3988 hoc
593 3935 839 4003 mundo,
890 3940 1176 4005 tanquam
1222 3951 1344 3989 non
1396 3934 1738 3990 abutantur.
1774 3956 1802 3984 »
1834 3934 2098 3990 Abusum

449 4021 594 4077 dicit
622 4023 875 4077 nimium
907 4023 992 4077 uti
1019 4023 1320 4078 mundana
1352 4023 1652 4094 voluptate
1672 4028 1816 4095 puta
1844 4023 2097 4092 deliciis,

449 4112 666 4167 divitiis
696 4129 763 4167 ac
792 4112 1092 4184 voluptate
1135 4129 1240 4168 seu
1270 4112 1521 4184 imperio
1557 4130 1569 4165 :
1604 4112 1946 4185 signiﬁcans
1987 4112 2098 4167 hoc

450 4218 578 4257 esse
610 4218 729 4257 non
757 4202 841 4257 uti
875 4218 944 4256 eo
993 4202 1147 4257 sicut
1175 4202 1363 4257 decet.
1396 4203 1597 4272 Neque
1628 4201 1788 4256 enim
1832 4201 1907 4256 ob
1946 4202 2006 4256 id
2036 4203 2097 4257 in

446 4290 739 4347 mundum
774 4291 1012 4346 adducti
1047 4307 1251 4345 sumus
1278 4295 1344 4344 ut
1373 4290 1499 4344 haac
1524 4289 1832 4344 faciamus.
1859 4292 2003 4345 Nam
2037 4290 2097 4345 in

447 4379 622 4435 bonis
653 4379 933 4450 operibus
955 4379 1133 4434 creati
1160 4378 1500 4442 sumus.Qui
1524 4394 1660 4449 ergo
1685 4378 1776 4432 his
1795 4378 1856 4432 in
1879 4379 2093 4449 quibus

441 4468 733 4524 formatus
754 4474 843 4524 est
860 4468 1289 4533 relictis,etiam
1310 4467 1428 4522 alio
1452 4466 1625 4521 modo
1639 4467 1825 4521 utitur
1845 4469 2087 4538 mundo,

443 4557 709 4612 abutitur
736 4558 888 4627 ipso.
925 4578 952 4609 α
982 4556 1251 4612 Prasterit
1282 4555 1443 4610 enim
1475 4554 1710 4610 habitus
1743 4556 1947 4611 mundi
1981 4557 2093 4612 hu-

440 4646 560 4715 jus.
598 4668 624 4695 »
652 4647 885 4701 Transit
917 4653 975 4702 et
1009 4648 1189 4701 finem
1220 4645 1417 4711 habet,
1451 4645 1665 4715 inquit,
1700 4646 1958 4701 mundus
1989 4648 2091 4717 qui

448 4747 609 4786 nunc
655 4732 905 4787 videtur.
940 4733 1090 4797 Quid
1144 4749 1280 4804 ergo
1329 4731 1417 4786 illi
1462 4731 1765 4787 adhaerere
1819 4748 1965 4803 opus
2005 4739 2096 4788 est

448 4818 609 4890 quod
633 4818 974 4876 dissolvitur
992 4820 1020 4875 ‘t
1046 4822 1321 4877 Habitum
1350 4827 1549 4877 autem
1582 4820 1750 4885 dixit,
1774 4822 2094 4878 ostendens

2210 3130 2263 3186 οἱ
2292 3128 2595 3195 κλαίοντες.
2634 3155 2654 3181 ιι
2692 3131 2790 3185 Διά
2815 3132 2915 3199 τήν
2946 3136 3044 3186 τοῦ
3074 3136 3267 3207 καιροῦ
3304 3132 3653 3211 βραχύτητα,
3679 3130 3842 3185 πάντα

2204 3220 2257 3275 ἐν
2290 3217 2499 3294 σπουδῇ
2537 3224 2628 3274 νῦν
2660 3219 2977 3295 ὑπάρχοντά
3030 3241 3195 3288 τισιν,
3247 3222 3323 3283 ὡς
3364 3222 3469 3277 οὐκ
3496 3217 3645 3290 ὄντα,
3674 3217 3847 3299 φησὶν,

2205 3308 2498 3388 ὀφείλομεν
2560 3310 2826 3385 ἡγεῖσθαι,
2887 3309 2977 3365 καὶ
3035 3311 3097 3365 τὸ
3155 3304 3304 3385 ἔχειν
3358 3316 3607 3387 γυναῖκα,
3667 3307 3847 3364 καὶτὸ

2204 3401 2437 3475 χαέρειν,
2502 3399 2592 3454 καὶ
2665 3399 2730 3455 τὸ
2806 3402 3111 3457 Λυπεῖσθαι.
3189 3402 3353 3458 Ὅταν
3430 3400 3537 3477 γὰρ
3604 3398 3764 3475 ἐγγὺς
3825 3397 3851 3451 ὁ

2205 3487 2453 3557 θάνατος,
2492 3487 2545 3541 τί
2577 3484 2659 3541 δεῖ
2713 3493 2828 3550 τοῖς
2858 3486 2966 3542 ὧδε
3020 3487 3458 3568 ἐμφιλοχωρεῖν,
3488 3489 3580 3543 καὶ
3609 3486 3853 3561 νομίζειν

2206 3575 2339 3629 εἶναι
2368 3576 2546 3652 γάμον
2602 3576 2693 3631 καὶ
2747 3575 3064 3652 ἂγορασίας,
3121 3578 3158 3648 ἢ
3214 3578 3277 3632 τὸ
3335 3576 3481 3639 ὅλως
3511 3579 3757 3652 χρᾶσθαι
3783 3578 3856 3645 τῷ

2204 3664 2437 3736 κόσμῳς
2470 3688 2497 3716 cc
2534 3665 2631 3719 Καὶ
2664 3665 2716 3719 οἱ
2747 3666 3030 3741 χρώμενοι
3077 3670 3159 3738 τῷ
3210 3665 3402 3739 κόσμῳ
3430 3666 3635 3739 τούτῳ,
3669 3667 3747 3728 ὡς
3783 3664 3855 3738 μὴ

2204 3753 2642 3831 καταχρώμενοι,
2703 3776 2730 3806 ››
2788 3754 2861 3809 Τὸ
2913 3754 3049 3809 πάνυ
3104 3758 3173 3829 τῇ
3232 3758 3475 3829 κοσμικῇ
3524 3753 3857 3819 ἀπολαύσει,

2206 3842 2324 3896 οἷον
2372 3845 2549 3920 τρυφῇ
2607 3842 2695 3896 καὶ
2754 3842 2980 3916 πλούτῳ
3036 3844 3127 3898 καὶ
3185 3842 3467 3915 δυναστείᾳ
3525 3852 3858 3923 κεχρῆσθαι,

2203 3931 2555 4007 παράχρησιν
2612 3931 2789 4005 καλεῖ,
2849 3931 3096 3991 τουτέστι
3124 3936 3186 3990 τὸ
3221 3938 3300 4009 μὴ
3354 3938 3666 4011 κεχρῆσθαι
3726 3936 3865 4005 αὐτῷ

2204 4022 2383 4085 καθὼς
2440 4023 2635 4097 πρέπει
2692 4023 2998 4096 σημαίνων.
3054 4024 3133 4082 Οὐ
3195 4025 3302 4101 γὰρ
3362 4022 3452 4079 διὰ
3506 4029 3678 4080 τοῦτο
3736 4044 3868 4099 παρ·

2203 4113 2462 4186 ήχθημεν
2493 4110 2570 4173 εἰς
2616 4112 2710 4167 τὸν
2766 4115 2995 4186 κόσμον,
3026 4114 3113 4169 ἳνα
3163 4118 3332 4169 ταῦτα
3361 4115 3719 4189 πράττωμεν.
3752 4112 3864 4171 Ἐπ’

2205 4194 2389 4275 ἔργοις
2445 4201 2549 4276 γὰρ
2606 4200 2826 4276 ἀγαθοῖς
2900 4200 3214 4276 ἐκτίσμεθα·
3274 4204 3335 4261 Ὁ
3396 4202 3489 4258 οὖν
3547 4205 3616 4258 τὰ
3679 4201 3739 4259 ἐν
3792 4203 3866 4262 οἷς

2203 4286 2447 4357 ἐπλάσθη
2509 4287 2682 4366 ἀφεῖς,
2737 4290 2827 4343 καὶ
2894 4290 3090 4365 ἑτέρως
3154 4296 3236 4363 τῷ
3301 4312 3495 4365 κόσμῳ
3553 4292 3863 4367 χρώμενος,

2202 4384 2552 4453 παραχρᾶται
2611 4379 2781 4452 αὐτῷ.
2842 4405 2870 4433 ‹‹
2934 4384 3175 4460 Παράγει
3231 4383 3336 4458 γὰρ
3390 4383 3455 4438 τὸ
3514 4389 3722 4457 σχῆμα
3773 4384 3859 4437 τοῦ

2198 4467 2410 4541 κόσμου
2440 4467 2657 4523 τούτου.
2693 4492 2722 4520 ››
2784 4471 3121 4546 Παρὲρχεται
3178 4472 3270 4526 καὶ
3317 4469 3480 4533 τέλος
3505 4471 3633 4541 ἕξει,
3669 4472 3853 4551 φησὶν,

2204 4559 2233 4612 ὁ
2264 4558 2470 4630 κόσμος
2503 4559 2530 4612 6
2558 4562 2651 4613 νῦν
2710 4560 3008 4634 ὁρώμενος.
3045 4560 3115 4618 Τί
3173 4560 3313 4629 οὗν;
3365 4556 3585 4637 ἔχεσθαι
3637 4558 3727 4616 δεῖ
3766 4562 3855 4617 τοῦ

2206 4645 2515 4720 λυομένους
2576 4654 2779 4723 Σχῆμα
2837 4646 2894 4703 δὲ
2952 4651 3094 4705 εἶπεν
3146 4648 3425 4728 ἐμφαίνων
3486 4648 3620 4725 ἄχρι
3682 4649 3855 4725 ὄψεως

2206 4736 2343 4790 εἶναι
2401 4737 2469 4790 τὰ
2524 4741 2625 4791 τοῦ
2676 4737 2941 4815 παρόντος
2998 4739 3235 4813 κόσμου,
3291 4738 3381 4794 καὶ
3445 4738 3547 4794 οὐκ
3602 4732 3756 4813 ἔχειν
3809 4757 3855 4791 τι

2208 4823 2442 4899 μόνιμον
2540 4821 2784 4900 βέϐαιον,

447 4909 511 4963 in
542 4915 860 4980 prospectu
892 4915 1121 4965 tantum
1154 4927 1282 4966 esse
1314 4927 1444 4981 quae
1473 4909 1651 4979 hujus
1681 4910 1889 4965 mundi
1922 4918 2078 4979 sunt,
2110 4931 2220 4970 nec
2249 4916 2575 4987 quidquam
2602 4918 2817 4974 habere
2851 4919 3120 4975 durabile
3152 4925 3255 4975 aut
3285 4921 3542 4975 ﬁrmum.

518 5008 637 5073 VII,
667 5008 863 5064 22-34.
898 5010 1070 5078 Cupio
1113 5015 1298 5063 autem
1342 5025 1433 5064 vos
1482 5008 1682 5077 absque
1726 5008 2097 5066 sollicitudine

446 5114 574 5154 esse.
611 5098 717 5162 Qui
746 5097 934 5153 calebs
964 5104 1042 5153 est
1073 5104 1229 5153 curat
1257 5115 1319 5153 ea
1349 5113 1470 5167 quae
1511 5104 1638 5152 sunt
1683 5100 1922 5164 Domini,
1956 5115 2096 5167 quo-

451 5188 606 5242 modo
631 5187 945 5258 placiturus
991 5187 1064 5242 sit
1094 5189 1349 5242 Domino.
1400 5188 1507 5251 Qui
1532 5192 1715 5240 autem
1763 5186 1925 5241 ducrit
1954 5205 2094 5244 uxo-

444 5293 581 5345 rem,
614 5284 771 5332 curat
801 5295 863 5332 ea
894 5293 1018 5349 quae
1060 5282 1185 5332 sunt
1212 5277 1426 5342 mundi,
1477 5276 1746 5345 quomodo
1782 5275 2095 5345 placiturus

446 5367 516 5420 sit
546 5369 733 5421 uxori.
768 5368 955 5422 Divisa
984 5373 1061 5423 est
1091 5367 1389 5437 conjugata
1418 5381 1451 5419 a
1479 5366 1714 5433 virgine.
1750 5366 1876 5428 Quae
1907 5368 2093 5425 caelebs

449 5458 527 5505 est
557 5460 713 5508 curat
738 5472 804 5509 ea
850 5471 972 5525 quae
1000 5462 1127 5512 sunt
1175 5454 1414 5519 Domini,
1447 5460 1509 5507 ut
1551 5455 1621 5508 sit
1662 5460 1850 5508 sancta
1888 5462 1941 5510 et
1970 5472 2090 5511 cor-

443 5554 583 5608 pore
611 5547 662 5594 et
689 5545 891 5612 spiritu
911 5562 929 5598 :
960 5560 1083 5615 quae
1129 5562 1254 5601 vero
1284 5547 1473 5614 nupsit
1499 5545 1639 5608 viro,
1672 5550 1829 5597 curat
1876 5561 1940 5599 ea
1971 5562 2091 5617 qua

452 5634 581 5683 sunt
610 5631 820 5698 mundi,
852 5634 1121 5701 quomodo
1144 5635 1427 5703 placitura
1454 5631 1527 5687 sit
1557 5631 1697 5685 viro.

2277 5009 2431 5067 Θέλω
2490 5009 2548 5067 δὲ
2610 5014 2751 5088 ὑμᾶς
2830 5014 3168 5091 ἀμερίμνους
3252 5017 3410 5073 εἶναι.
3491 5016 3557 5072 Ὃ
3641 5013 3852 5091 ἄγαμος

2209 5105 2448 5174 μεριμνᾷ
2521 5102 2588 5156 τὰ
2644 5108 2739 5158 τοῦ
2793 5106 3024 5179 Κυρίου,
3083 5108 3200 5167 πῶς
3260 5105 3438 5179 ἀρέσει
3503 5108 3582 5176 τῷ
3649 5105 3844 5179 Κυρίιιν

2206 5190 2234 5242 ὁ
2339 5187 2396 5244 δὲ
2467 5193 2719 5266 γαμήσας
2798 5198 3031 5269 μεριμνᾷ
3102 5194 3169 5248 τὰ
3258 5197 3356 5249 τοῦ
3429 5193 3667 5266 κόσμου,
3741 5196 3850 5251 πῶς

2204 5277 2381 5353 ἇρέσει
2455 5282 2525 5354 τῇ
2601 5281 2837 5357 γυναικί.
2917 5282 3256 5356 Μεμὲρισται
3331 5284 3365 5351 ἡ
3442 5282 3579 5358 γυνὴ
3658 5282 3747 5336 καὶ
3816 5282 3845 5347 ἦ

2203 5366 2481 5442 παρθένος.
2556 5369 2618 5426 Ἥ
2698 5367 2910 5445 ἄγαμος
2990 5375 3224 5445 μεριμνᾷ
3323 5370 3392 5426 τὲ
3463 5375 3561 5424 τοῦ
3631 5370 3844 5447 Κυρίου,

2200 5456 2289 5511 ἳνα
2362 5455 2400 5531 ᾖ
2484 5457 2608 5533 ἁγία
2692 5460 2783 5513 καὶ
2868 5461 3082 5532 σώματι
3165 5459 3253 5515 καὶ
3334 5459 3620 5533 πνεύματι·
3684 5462 3717 5528 ἡ
3792 5454 3842 5511 δὲ

2200 5548 2514 5620 γαμήσασα,
2575 5552 2814 5623 μεριμνᾷ
2867 5548 2935 5603 τὰ
2986 5553 3084 5603 τοῦ
3140 5549 3372 5621 κόσμου,
3419 5553 3536 5609 πῶς
3569 5547 3841 5622 ἀρέσειτῷ

2198 5631 2381 5709 ἀνδρί.
