4106 6252
240 380 362 438 141
1224 375 1648 438 COMMENT.
1695 373 1770 434 IN
1815 373 2057 432 EPIST.
2107 375 2128 434 ι
2174 377 2275 435 AD
2322 380 2690 446 COBIN'I‘H.
3553 400 3673 456 742

256 514 384 573 ΙΙῶς
455 507 530 564 δι’
591 510 654 564 ἄν
711 508 898 582 εἷήμεν
936 511 1274 584 ἀμέριμνοι,
1343 509 1387 564 εἰ
1453 507 1658 582 ἄγαμοι
1717 505 1955 577 ὧμενς⁴

2103 510 2407 602 Quomodo
2439 521 2637 571 autem
2664 518 2886 590 absque
2945 523 3351 581 sollicitudine
3385 545 3514 582 esse
3573 549 3679 602 po-

257 600 370 660 Τὰς
401 599 506 675 γὰρ
539 599 810 671 κοσμικὰς
861 595 1168 676 φροντίδας,
1225 598 1307 660 τίς
1362 598 1586 670 ἀγνοεῖς
1620 619 1648 646 ‹‹
1680 595 1742 650 '0
1791 590 1929 666 ἄγα-

2069 599 2368 664 erimus,si
2393 620 2514 658 non
2545 607 2730 662 simus
2768 613 3105 684 conjugati?
3142 616 3282 679 Quis
3311 617 3470 672 enim
3503 590 3674 675 curas

270 709 373 762 μος
411 691 653 758 μεριμνᾷ
693 686 760 740 τὰ
817 687 911 741 τοῦ
972 687 1198 760 Κυρίου.
1260 711 1288 738 ››
1337 687 1475 760 “Ope
1530 687 1646 744 πῶς
1708 685 1776 754 τῇ
1827 687 1928 748 τῆς

2069 695 2271 758 gnorat
2293 693 2662 750 mundanas?
2692 719 2720 746 ‹‹
2745 699 2851 762 Qui
2875 701 3089 757 caelebs
3112 709 3200 758 est
3229 713 3394 760 curat
3444 724 3513 762 ea
3543 725 3676 778 qua)

269 778 548 852 μερίμνης
579 773 810 854 διαιρορᾷ
838 775 927 829 ἐπὶ
970 776 1259 850 παρθενίαν
1317 772 1642 846 παρακαλεῖ.
1700 770 1774 825 Τὸ
1824 769 1928 845 γὰρ

2069 782 2177 831 unt
2205 780 2457 835 Domini.
2494 804 2522 832 »
2559 784 2696 839 Vide
2727 791 3022 857 quomodo
3057 808 3161 861 per
3195 811 3350 848 cura:
3403 769 3682 852 diﬂ‘eren-

271 868 342 923 τὰ
371 871 467 922 τοῦ
522 865 726 939 Κυρίου
790 869 1082 938 μεριμνᾷν,
1142 865 1244 919 οὐκ
1294 858 1404 918 ἔστι
1469 863 1726 936 μέριμνα,
1787 857 1932 912 ἀλλά

2069 865 2178 920 iam
2198 868 2344 922 487
2373 870 2445 924 ad
2463 872 2859 944 virginitatem
2880 857 3246 935 adhortetur.
3297 885 3439 937 Nam
3473 901 3678 942 curare

275 954 544 1029 σωτηρία.
577 955 735 1017 ’Ὸθεν
767 953 880 1008 ἄνω
928 952 1101 1028 λέγει,
1164 975 1183 1002 ιι
1218 952 1371 1008 Θέλω
1429 950 1486 1006 δὶ
1540 948 1683 1024 ὕμᾶς
1740 947 1930 1023 ἀμερί-

2071 970 2106 1007 a
2137 972 2267 1025 quae
2301 959 2532 1015 Domini
2566 970 2722 1028 sunt,
2757 982 2875 1019 non
2911 973 2999 1022 est
3029 969 3350 1025 sollicitum
3388 990 3538 1042 esse,
3574 975 3678 1029 sed

283 1066 452 1120 μνους
514 1044 671 1098 εἶναι.
710 1067 737 1094 υ
768 1077 835 1087 -
888 1069 910 1094 τε
942 1041 1275 1118 Μεμὲρισται
1331 1045 1367 1111 ἡ
1424 1041 1562 1116 γυνή
1613 1039 1701 1092 καὶ
1731 1039 1764 1107 ἠ
1800 1055 1932 1110 παρ-

2074 1050 2126 1097 st
2143 1045 2324 1102 salus.
2352 1050 2478 1105 Und
2501 1055 2772 1123 superius
2805 1057 2981 1112 dicit:
3018 1082 3045 1108 ‹‹
3081 1060 3262 1130 Cupio
3319 1039 3535 1118 autem—
3575 1083 3676 1119 vos

274 1134 447 1194 θένος.
482 1158 509 1184 ››
548 1130 879 1206 [ΟΙΚΟΥΜ.]
903 1165 970 1174 -
1001 1133 1360 1205 Μεμέρισται,
1409 1130 1704 1196 τουτέστιν,
1739 1126 1802 1180 οὐ
1829 1127 1927 1194 τήν

2077 1131 2676 1224 bsquesollicitudine
2692 1161 2841 1199 esse.
2862 1171 2882 1198 ι
2904 1177 2970 1186 ——
2993 1126 3217 1203 IDivisa
3248 1156 3336 1204 est
3362 1152 3679 1224 conjugata

278 1225 450 1292 αὐτὴν
482 1220 671 1296 ἔχουσι
703 1218 984 1299 φροντίδα,
1019 1219 1165 1276 ἀλλά
1206 1215 1600 1294 μεμερισμέναι
1655 1215 1758 1270 εἶσὶ
1814 1219 1932 1274 ταῖς

2069 1263 2071 1269 τ
2103 1221 2343 1292 Virgine.
2383 1248 2410 1274 »
2447 1250 2474 1276 «
2509 1229 2702 1286 Divisa
2733 1240 2841 1297 est,
2872 1256 2900 1282 ››
2933 1234 3042 1289 hoc
3074 1242 3183 1302 est,
3235 1254 3355 1292 non
3405 1215 3676 1294 eamdem

278 1309 564 1373 σπουδαῖς.
641 1311 700 1366 Ἣ
787 1311 882 1382 μὲν
956 1310 1058 1386 γὰρ
1133 1308 1422 1384 παρθένος,
1498 1307 1653 1386 φησὶ,
1730 1305 1796 1359 τὰ
1835 1306 1931 1357 τοῖ’)

2069 1309 2257 1399 tabent
2283 1331 2507 1384 curam,
2542 1320 2649 1373 sed
2681 1323 2890 1377 studiis
2923 1325 3122 1380 divisas
3163 1333 3320 1381 sunt.
3373 1329 3676 1399 Siquidem

275 1401 480 1476 Κυρίου
541 1403 800 1472 μεριμνᾷ,
853 1395 1009 1472 ’ίναῇ
1044 1398 1258 1472 σώματι
1318 1398 1409 1452 καὶ
1459 1393 1727 1468 πνεύματι
1785 1393 1931 1464 ἁγία,

2071 1398 2216 1470 irgo,
2235 1401 2447 1472 inquit,
2471 1414 2638 1462 curat
2660 1425 2726 1464 ea
2749 1429 2879 1481 quas
2904 1419 3041 1467 sunt
3060 1415 3315 1481 Domini,
3339 1423 3405 1470 ut
3434 1434 3678 1488 corpore

279 1492 491 1563 σώματι
527 1489 621 1562 μὲν
655 1485 746 1541 διὰ
795 1487 894 1555 τήν
954 1487 1185 1563 ἁγνείαν,
1246 1485 1513 1558 πνεύματι
1573 1481 1630 1538 δὲ
1689 1479 1778 1536 ὃιά
1835 1481 1935 1548 τὴν

2078 1494 2097 1542 ι
2145 1491 2354 1560 spiritu
2409 1502 2612 1550 sancta
2669 1479 2789 1552 siti
2851 1517 3096 1572 corpore
3149 1479 3389 1573 quidem
3439 1479 3682 1577 propter

275 1579 416 1653 πρὸς
456 1577 549 1632 τὸν
614 1575 741 1630 Θεὸν
799 1573 1131 1645 οἰκειότητα,
1192 1575 1282 1630 καὶ
1343 1574 1444 1642 τήν
1502 1571 1776 1640 ἐνοίκησιν
1833 1571 1931 1623 τοῦ

2071 1577 2387 1645 astitatem,
2422 1584 2634 1654 spiritu
2663 1603 2797 1643 vero
2828 1571 3069 1661 propter
3106 1571 3571 1650 familiaritatem
3605 1595 3680 1651 ad

269 1665 634 1742 παρακλήτου
705 1664 1040 1737 Πνιόματος.
1099 1687 1122 1717 ι
1176 1670 1235 1720 Ἡ
1297 1660 1353 1717 δὲ
1408 1663 1475 1716 τά
1540 1665 1637 1715 τοῦ
1721 1659 1932 1730 κόσμου

2069 1672 2244 1735 leum,
2278 1678 2335 1725 et
2356 1673 2605 1744 Spiritus
2627 1659 2910 1749 paracleti
2939 1659 3458 1740 inhabitationem.
3483 1708 3512 1736 «
3536 1688 3673 1751 Quas

270 1760 538 1832 μεριμνᾷ.
573 1778 600 1806 υ
634 1751 818 1828 Ἀνδρὶ
861 1754 964 1829 γὰρ
1023 1753 1207 1828 ἀρέσαι
1270 1750 1553 1827 βούλεται.
1610 1751 1785 1841 Ἴσως.
1829 1746 1932 1822 γὰρ

2073 1773 2172 1812 ero
2204 1762 2406 1831 nupsit
2439 1764 2581 1833 viro,
2614 1774 2780 1823 curat
2805 1786 2872 1824 ea
2890 1788 3020 1841 quas
3038 1773 3243 1827 mundi
3267 1781 3423 1829 sunt.
3453 1797 3480 1823 »
3531 1777 3674 1830 Nam

267 1848 363 1902 καὶ
395 1843 629 1906 εῧοπτος
664 1845 798 1898 εἶναι
833 1842 1114 1918 βούλεται,
1145 1842 1234 1897 καὶ
1267 1840 1539 1915 οἰκουρὸς,
1563 1838 1654 1893 καὶ
1682 1835 1822 1911 μηδὲ
1849 1841 1928 1906 τῷ

2072 1846 2158 1900 iro
2191 1848 2424 1918 placere
2454 1855 2632 1924 cupit.
2671 1835 2957 1914 Fortassis
2975 1861 3135 1915 enim
3159 1863 3407 1932 pulchra
3436 1870 3677 1934 aspectu

277 1933 528 2008 δεομένῳ
585 1930 836 1988 ἁπλοῦσα
890 1938 1054 2008 χεῖρα
1118 1930 1529 2012 φιλάνθρωπον.
1590 1932 1822 1982 Γυναῖκα
1871 1921 1929 1977 δὲ

2069 1952 2173 1990 :sse
2205 1938 2346 2006 vult,
2381 1947 2438 1995 et
2467 1942 2679 2000 domus
2710 1963 2913 2002 curam
2952 1949 3199 2019 habens,
3234 1968 3343 2006 nec
3391 1952 3680 2025 indigenti

273 2046 436 2106 φησι,
465 2025 567 2093 τὴν
595 2025 989 2100 γεγαμηκυῖαν.

2069 2026 2360 2099 ιεηὶειιειηει
2392 2034 2638 2106 porrigit
2663 2053 2926 2092 manum.
2966 2039 3141 2095 Vocat
3198 2047 3396 2096 autem
3452 2024 3684 2115 γυναῖκα

349 2309 526 2362 Τοῦτο
558 2299 618 2357 δί
661 2299 802 2375 πρὸς
857 2299 920 2353 τὸ
985 2297 1140 2369 ὑμῶν
1196 2295 1372 2350 αὐτῶν
1434 2294 1707 2370 συμφέρον
1769 2295 1934 2370 λέγω,

285 2396 390 2471 οὖγ
458 2391 554 2446 ’ἱνα
635 2388 843 2466 βρόχον
909 2387 1038 2458 ὑμῖν
1106 2379 1378 2454 ἐπιϐάλω,
1447 2382 1592 2438 ἀλλά
1680 2385 1812 2459 πρὸς
1875 2385 1938 2438 τὸ

281 2471 570 2557 εὔσχημον
628 2478 719 2533 καὶ
779 2471 1138 2550 εὐπρόσεδρον
1225 2477 1306 2544 τῷ
1380 2471 1564 2545 Κυρίῳ
1637 2472 1939 2545 ἀπερισπά-

282 2594 453 2634 στως.
518 2570 585 2626 Ei
657 2563 714 2622 δέ
777 2585 860 2626 τις
953 2564 1292 2638 ἀσχημονεῖν
1355 2559 1445 2615 ἐπὶ
1514 2561 1612 2628 τήν
1681 2561 1940 2636 παρθένον

297 2663 469 2715 αὐτοῦ
540 2656 764 2730 νομίζει,
859 2654 948 2708 ἐὰν
1023 2651 1060 2726 ᾖ
1141 2649 1475 2724 ὑπέρακμος,

309 2748 518 2826 ὀρείλει
551 2747 794 2822 γίνεσθαι,
855 2744 884 2798 ὃ
937 2740 1105 2809 θέλει,
1153 2741 1402 2808 ποιείτω,
1462 2740 1572 2813 οὐχ
1627 2739 1943 2815 ἁμαρτάνει,

1579 2651 1669 2704 καὶ
1769 2650 1945 2714 οὓτως

307 2836 659 2912 γαμείτωσαν.

380 2925 517 2987 Τοὺς
549 2923 602 2979 δὲ
640 2923 763 2998 περὶ
822 2921 1113 2998 παρθενίας
1178 2917 1399 2993 λόγους,
1456 2917 1642 2997 φησὶν,
1704 2918 1946 2989 ἓκίνησα,

289 3020 456 3072 τοῦτο
491 3016 617 3086 ὑμῖν
649 3011 941 3089 συμφέρειν
1000 3007 1180 3081 εἴόὼς,
1238 3009 1351 3087 οὐχ
1402 3008 1486 3062 ἳνα
1545 3006 1604 3064 δέ
1660 3009 1947 3084 ἀναγκάσω

289 3106 431 3178 ὑμᾶς
500 3103 589 3158 καί
651 3098 908 3160 θέλοντας
967 3099 1056 3154 καὶ
1122 3100 1196 3170 μή
1249 3097 1507 3159 Θέλοντας
1581 3096 1945 3171 παρθενεύειν.

289 3196 406 3263 Τὴν
437 3195 538 3268 γὰρ
570 3191 808 3266 ἀνάγκην
856 3189 1062 3265 βρόχον
1113 3185 1292 3242 καλεῖ.
1337 3187 1500 3260 Ὁρᾷς
1563 3192 1679 3246 πῶς
1741 3183 1948 3240 δέδοικε

291 3282 508 3337 τέλειόν
535 3302 588 3336 τι
636 3278 920 3349 ἐπιτάξαι;
981 3303 1006 3328 «ι
1041 3273 1217 3332 ’Λλλά
1271 3275 1408 3351 πρὸς
1462 3275 1524 3329 τὸ
1584 3271 1886 3350 εὔσχημον.
1921 3297 1946 3325 ι)

294 3374 362 3430 Τί
408 3373 516 3448 γὰρ
574 3369 842 3445 παρθένου
908 3369 997 3423 καὶ
1052 3371 1152 3433 τῆς
1210 3367 1468 3437 τοιαύτης
1524 3365 1806 3426 πολιτείας
1863 3365 1953 3419 καὶ

293 3469 446 3532 ζωῆς
501 3459 1048 3533 εὖσχημονέστερον;
1099 3481 1127 3509 ‹‹
1157 3456 1261 3512 Καὶ
1305 3453 1662 3530 εὐπρύσεδρον
1709 3459 1788 3526 τῷ
1843 3459 1951 3511 Κυ-

293 3552 424 3627 ρίῳ.
459 3574 488 3603 ››
523 3549 595 3603 Οὖ
626 3549 731 3623 γὰρ
764 3547 932 3622 λέγω,
965 3547 1120 3626 φησὶ,
1176 3551 1362 3613 ταῦτα,
1427 3544 1504 3599 ἱνα
1567 3545 1770 3620 βρόχον
1825 3548 1953 3620 ὑμῖν

302 3643 394 3697 καὶ
431 3639 666 3714 ἀνάγκην
697 3633 966 3706 ἐπιϐαλω,
1033 3635 1179 3691 ἀλλά
1235 3636 1368 3709 πρὸς
1427 3636 1491 3690 τὸ
1531 3633 1811 3710 εὔσχημον
1867 3636 1956 3691 καὶ

302 3730 724 3803 ἀπερισπάστως
785 3722 1139 3800 εὖπρὸσεόρον
1194 3728 1272 3795 τῷ
1328 3723 1511 3798 Κυρίῳ
1543 3724 1760 3799 ἀγαγεῖν
1819 3726 1958 3797 ὑμᾶς

313 3817 680 3894 βουλόμενος.
709 3818 863 3872 Ἐστι
897 3812 954 3869 δὲ
1011 3811 1394 3887 εὐπρόσεδρον,
1447 3813 1510 3866 τὸ
1558 3813 1798 3888 εὐχερῶς
1853 3835 1956 3868 πα-

310 3907 545 3984 ραμένον
597 3905 632 3974 ἢ
689 3902 978 3975 διηνεκῶς,
1055 3902 1488 3977 ἁμετεωρίστως,
1567 3902 1958 3979 ἀφροντίστως.

309 4023 337 4050 «
379 3997 437 4053 Ei
473 3993 530 4050 δέ
556 4015 638 4056 τις
693 3994 1052 4067 ἀσχημονεῖν.
1091 4015 1117 4041 ››
1182 3990 1459 4054 Ἀσθένεια
1503 3991 1711 4069 φύσεως
1757 3993 1962 4066 ἀνθρώ-

307 4107 414 4142 που
443 4087 507 4140 τὸ
537 4082 776 4156 νομίζειν
815 4082 1179 4157 ἀσχημονεῖν,
1242 4078 1360 4156 εθίγε
1406 4084 1505 4148 τήν
1553 4081 1744 4135 ἑαυτοῦ
1803 4084 1964 4153 Θυγα-

306 4177 440 4251 τέρα
480 4174 736 4249 φυλάττει
770 4174 1060 4246 παρθένον,
1090 4171 1180 4226 καὶ
1211 4175 1328 4242 Θεῷ
1384 4170 1619 4245 ἀφιεροῖ.
1655 4203 1718 4213 -—
1753 4171 1963 4256 [ΦΩῬ.]

311 4266 376 4323 Ei
409 4263 466 4320 δέ
495 4285 601 4334 τις,
628 4263 815 4338 φησὶν,
843 4259 1241 4334 ἀσχημοσύνην
1301 4259 1514 4331 νομίζει
1564 4260 1742 4336 φέρειν
1797 4259 1962 4330 αὐτῷ,

315 4351 600 4409 ἀνέκδοτον
632 4352 798 4426 γάμῳ
830 4348 1119 4427 φυλάττειν
1149 4347 1290 4402 οἳκοι
1351 4348 1448 4414 τήν
1504 4347 1770 4423 θυγατέρα
1827 4368 1962 4421 παρ·

312 4443 650 4512 θενεῦουσαν,
683 4441 774 4494 καὶ
835 4439 1006 4493 οἳεται
1063 4435 1205 4492 οὕτω
1266 4435 1480 4508 μᾶλλον
1543 4434 1780 4511 ὀφείλειν
1827 4436 1962 4512 γίνευ

312 4545 457 4601 σθαι,
507 4531 620 4585 οἶον
674 4526 940 4597 ἐκδοῦναι,
1000 4552 1027 4578 ‹‹
1097 4526 1329 4582 Ηοιείτω
1387 4526 1416 4578 ὅ
1455 4523 1621 4580 ϐέλει.
1658 4547 1683 4578 υ
1729 4525 1804 4581 Οὐ
1862 4526 1965 4599 γάρ

2047 2130 2177 2170 eam
2209 2134 2338 2187 qua“:
2369 2119 2491 2175 viro
2523 2129 2708 2194 nupta
2738 2132 2848 2195 est,
2880 2144 3094 2199 nempe
3123 2145 3370 2184 uxorem
3404 2131 3524 2186 sive
3543 2149 3689 2187 con-

2039 2205 2330 2275 jugatam.

2125 2317 2145 2341 «ι
2185 2296 2301 2362 VII,
2336 2300 2424 2364 35,
2458 2302 2546 2357 36.
2581 2303 2698 2357 Hoc
2729 2310 2928 2360 autem
2961 2307 3034 2362 ad
3065 2307 3124 2362 id
3148 2309 3305 2379 quod
3338 2311 3500 2364 vobis
3547 2328 3689 2366 con-

2051 2402 2078 2430 ‹‹
2108 2381 2364 2439 ducibile
2397 2393 2485 2440 est
2511 2388 2664 2457 dico,
2700 2408 2817 2446 non
2845 2394 2930 2447 uti
2987 2395 3268 2464 laqueum
3329 2398 3488 2452 vobis
3549 2399 3693 2470 inji-

2056 2491 2082 2520 ιε
2112 2470 2286 2538 ciam,
2322 2473 2424 2527 sed
2456 2475 2530 2529 ad
2561 2476 2618 2530 id
2652 2479 2808 2547 quod
2843 2480 3128 2536 decorum
3161 2488 3250 2537 est
3294 2491 3351 2538 et
3398 2485 3692 2539 indivulse

2054 2580 2082 2609 «
2117 2558 2364 2615 Domino
2395 2562 2706 2620 adharens
2725 2567 2946 2637 absque
2960 2569 3502 2627 ulladistractione.
3527 2573 3691 2636 Quod

2055 2669 2081 2696 κ
2115 2648 2164 2702 si
2196 2650 2328 2719 quis
2360 2651 2708 2708 indecorum
2735 2655 2942 2727 virgini
2973 2675 3094 2712 sum
3124 2663 3310 2729 putat,
3371 2661 3418 2714 si
3477 2666 3693 2731 praete-

2055 2758 2084 2786 ‹‹
2117 2746 2244 2794 reat
2267 2741 2530 2797 nubendi
2563 2749 2813 2816 tempus,
2850 2751 2906 2800 et
2937 2747 3021 2801 sic
3054 2753 3285 2819 oportet
3318 2749 3480 2803 ﬁeri:
3537 2749 3694 2819 quod

2057 2853 2085 2880 ‹‹
2117 2830 2239 2884 vult
2265 2832 2463 2900 faciat,
2492 2851 2610 2889 non
2642 2843 2869 2906 peccat,
2903 2836 3156 2893 elocent.
3195 2861 3222 2887 »
3686 2886 3692 2893 ε

2129 2921 2462 2990 Sermones,
2480 2923 2694 2994 inquit,
2713 2925 2784 2979 de
2799 2926 3133 2998 virginitate
3150 2929 3326 2996 movi,
3371 2929 3566 2984 sciens
3589 2929 3699 2983 hoc

2058 3008 2221 3063 vobis
2243 3010 2388 3065 utile
2421 3027 2548 3065 esse
2581 3029 2593 3065 :
2645 3029 2766 3066 non
2813 3020 3011 3068 autem
3062 3021 3128 3069 ut
3157 3032 3361 3087 cogam
3391 3033 3494 3070 vos
3527 3022 3582 3069 et
3609 3032 3700 3068 vo—

2059 3095 2250 3151 lentes
2272 3103 2329 3152 et
2353 3099 2624 3154 nolentes
2652 3101 2711 3154 in
2742 3102 3075 3173 virginitate
3119 3103 3353 3174 degere.
3380 3103 3701 3158 Necessita-

2063 3191 2178 3239 tem
2198 3186 2356 3240 enim
2381 3188 2856 3259 vocatlaqueum.
2890 3190 3089 3245 Viden’
3139 3208 3318 3262 quam
3363 3193 3568 3246 timeat
3599 3189 3702 3245 ali-

2061 3274 2202 3344 quid
2234 3275 2560 3346 perfectum
2583 3278 2903 3349 praecipere
2923 3280 2951 3333 ‘?
2973 3302 2997 3327 ‹‹
3025 3279 3134 3334 Sed
3157 3281 3305 3335 adid
3335 3280 3492 3351 quod
3524 3280 3703 3334 deco-

2059 3380 2192 3417 rum
2225 3370 2333 3418 est.
2367 3388 2390 3412 »
2425 3365 2573 3430 Quid
2605 3367 2765 3422 enim
2794 3368 3017 3440 virgine
3051 3375 3108 3423 et
3137 3370 3239 3423 tali
3270 3370 3386 3424 vita
3437 3386 3502 3424 ac
3559 3386 3704 3424 con-

2060 3454 2390 3509 versatione
2421 3457 2606 3527 magis
2636 3456 2915 3512 decorum
2941 3458 2968 3512 ‘?
2999 3482 3025 3508 ‹‹
3047 3461 3115 3513 Et
3137 3459 3427 3514 indivulse
3453 3458 3704 3514 Domino

2063 3543 2394 3598 adhmrens.
2430 3567 2456 3593 ››
2487 3547 2635 3608 Non,
2671 3547 2885 3617 inquit,
2919 3548 3045 3602 haac
3078 3548 3209 3602 dico
3241 3554 3308 3603 ut
3337 3548 3615 3619 laqueum
3651 3551 3711 3600 et

2064 3635 2478 3688 necessilatem
2510 3635 2677 3690 vobis
2699 3637 2986 3708 injiciam,
3023 3637 3125 3692 sed
3159 3637 3362 3692 volens
3411 3637 3705 3692 adducere

2064 3728 2130 3776 ut
2185 3723 2395 3778 decore
2456 3731 2512 3779 et
2568 3725 2914 3781 indistracte
2971 3743 3037 3781 ac
3096 3727 3388 3781 indivulse
3457 3727 3708 3781 Domino

2066 3811 2440 3867 adhmreatis.
2507 3815 2609 3867 Est
2694 3821 2891 3869 autem
2974 3811 3354 3888 εὐπρόσεδρον,
3439 3819 3711 3884 prompte

2067 3901 2156 3955 vel
2214 3902 2494 3955 continue
2553 3919 2914 3972 permanens
2971 3905 3099 3958 sine
3158 3903 3412 3957 elatione
3461 3908 3515 3956 et
3547 3918 3708 3956 cura.

2067 4013 2093 4039 ‹‹
2131 3990 2294 4053 Quod
2328 3989 2374 4042 si
2407 3989 2540 4058 quis
2570 3989 2940 4046 indecorum.
2969 4009 2998 4042 ι)
3040 3994 3122 4045 Ex
3150 3998 3378 4046 naturae
3439 3991 3714 4045 humanas

2068 4078 2474 4132 imbecillitate
2499 4079 2786 4148 provenit,
2811 4085 2876 4134 ut
2896 4079 3028 4150 quis
3073 4079 3420 4135 indecorum
3454 4079 3713 4134 arbitre-

2070 4172 2164 4219 tur
2186 4167 2234 4220 si
2263 4166 2447 4221 ﬁliam
2467 4183 2632 4222 suam
2658 4173 2849 4222 servet
2868 4169 3154 4240 virginem
3178 4185 3245 4223 ac
3293 4170 3410 4223 Deo
3457 4169 3710 4223 dedicet.

2071 4255 2128 4307 Si
2159 4255 2312 4324 quis,
2346 4256 2559 4326 inquit,
2592 4256 2916 4311 arbitratur
2949 4258 3074 4312 ﬁeri
3143 4257 3254 4312 sibi
3313 4257 3374 4312 in
3434 4256 3711 4322 dedecus,

2073 4344 2230 4414 quod
2253 4345 2551 4401 illocatam
2574 4352 2765 4400 servet
2782 4346 2938 4401 domi
2963 4345 3146 4400 filiam
3171 4346 3231 4399 in
3249 4345 3581 4417 virginitate
3609 4345 3709 4399 de-

2071 4438 2328 4504 gentem,
2363 4439 2422 4489 et
2452 4436 2533 4489 ita
2563 4436 2759 4506 potius
2792 4436 2917 4490 ﬁeri
2949 4435 3164 4490 debere
3195 4439 3362 4506 putat
3388 4439 3454 4488 ut
3500 4432 3710 4498 elocet,

2075 4541 2103 4572 «
2137 4523 2334 4578 Faciat
2363 4523 2521 4593 quod
2552 4523 2696 4579 vult.
2731 4546 2760 4574 »
2793 4527 2991 4594 Neque
3024 4524 3181 4578 enim
3214 4522 3526 4593 prohibita;
3575 4525 3715 4575 sunt

313 4620 623 4677 κεκώλυται
655 4620 682 4673 ὁ
714 4617 890 4694 γάμος
1110 4614 1320 4688 γένοιτο
1347 4617 1406 4685 l),
1457 4615 1504 4670 εἰ
1550 4614 1639 4670 καὶ
1693 4613 1955 4688 ὑψηλότε-

2075 4611 2322 4680 nuptiaa,
2355 4611 2603 4665 minime
2627 4613 2915 4683 gentium,
2939 4627 3280 4682 quanquam
3305 4610 3619 4664 sublimior
3639 4609 3716 4663 sit

314 4711 472 4784 ρονὴ
513 4707 792 4780 παρθενία.
853 4706 1016 4758 ’Ὡστε
1076 4702 1123 4756 εἴ
1183 4703 1494 4776 βούλονται,
1553 4702 1960 4777 ἐκγαμείτωσαν

315 4799 508 4863 αὐτὰς,
541 4795 694 4872 φησί.
728 4793 794 4849 Ei
827 4789 884 4846 δέ
923 4811 1005 4852 τις
1053 4787 1274 4861 ἕστηκεν
1336 4790 1386 4844 ἐν
1433 4792 1598 4862 ταύτῃ
1647 4795 1716 4864 τῇ
1767 4791 1961 4867 γνώμῃ

312 4886 553 4961 ἑδραῖος,
580 4882 705 4952 ἦτοι
737 4881 815 4945 εἷς
842 4881 906 4936 τὸ
969 4882 1043 4953 μή
1078 4879 1363 4954 έκγαμίσαι
1414 4881 1606 4948 αὐτὴν,
1659 4882 1734 4952 μὴ
1784 4887 1960 4935 ποιῶν

310 4981 474 5031 τοῦτο
531 4975 607 5038 ὡς
664 4972 716 5042 έξ
772 4972 1006 5045 ἀνάγκης
1064 4969 1152 5023 καὶ
1217 4968 1322 5023 ἀπὸ
1379 4969 1554 5042 νόμου
1610 4968 1965 5044 κωλυόμενος

316 5068 370 5138 (ὁ
409 5065 514 5142 γὰρ
553 5063 696 5118 οὓτω
727 5065 885 5115 τοῦτο
918 5062 1110 5128 ποιῶν,
1162 5057 1285 5113 λίαν
1337 5059 1674 5132 ἁμαρτάνει)·
1727 5060 1812 5113 έάν
1871 5061 1960 5115 οὗν

307 5177 391 5217 τις
419 5159 586 5210 τοῦτο
618 5151 692 5213 ὠς
730 5152 805 5222 μὴ
839 5146 982 5223 ἔχων
1035 5147 1278 5223 ἀνάγκην
1334 5150 1490 5220 ποιῇ,
1550 5147 1678 5202 ἀλλ’
1736 5147 1810 5209 ὡς
1869 5150 1962 5203 κός

313 5266 428 5320 pro;
487 5243 580 5314 μὲν
642 5238 716 5293 ὢν
767 5237 1023 5312 ἑκατέρου
1083 5233 1396 5306 θελήματος
1456 5235 1561 5288 ἀπὸ
1612 5242 1708 5290 τοῦ
1766 5237 1960 5309 νόμου,

310 5334 470 5392 αὐτὸς
504 5329 561 5386 δὲ
591 5327 944 5402 αἱρετώτερον
1004 5323 1201 5397 κρίνων
1253 5325 1314 5378 τὸ
1371 5323 1446 5395 μή
1491 5323 1824 5398 έκγαμίζειν,
1872 5327 1960 5380 καὶ

311 5425 470 5484 οὗτος
512 5417 701 5478 καλῶς
760 5419 912 5470 ποιεῖ
967 5411 1251 5492 φυλάττων
1311 5413 1568 5485 παρθένον
1629 5413 1714 5468 καὶ
1772 5415 1961 5490 ἀμέρι,

313 5534 445 5584 μνον
479 5511 580 5578 τὴν
616 5508 808 5561 ἑαυτοῦ
840 5502 1125 5578 θυγατέρα·
1151 5502 1376 5558 Δέναται
1405 5499 1462 5556 δὲ
1489 5503 1574 5567 τὸ.
1609 5527 1636 5554 α
1672 5505 1764 5572 Μὴ
1815 5499 1960 5582 ἔχῶν

304 5604 564 5674 ἀνάγκην,
598 5622 624 5646 η
657 5595 746 5649 καὶ
780 5591 964 5653 αλλως
994 5589 1145 5646 οὐδὲν
1171 5594 1334 5659 ⁹ἧττον
1361 5590 1576 5653 οἰκείως
1601 5589 1960 5670 έκληιρθῆναι,

301 5694 421 5746 οἴω
456 5690 535 5762 μή
597 5681 1040 5758 ἀναγκαζόμενος
1079 5681 1143 5734 τὸ
1192 5680 1430 5734 ἐναντίον
1485 5687 1659 5735 ποιεῖν
1712 5682 1814 5736 ὑπὸ
1862 5691 1961 5752 τῆς

2074 4703 2396 4773 virginitas.
2432 4706 2633 4774 Itaque
2665 4705 2712 4758 si
2741 4705 2964 4771 volunt,
2998 4704 3232 4759 elocent
3265 4705 3443 4774 ipsas,
3496 4703 3712 4774 inquit.

2075 4796 2226 4849 488
2252 4797 2306 4850 Si
2328 4798 2610 4868 veroquis
2633 4803 2748 4852 stat
2770 4798 2831 4851 in
2882 4798 2989 4852 hac
3039 4797 3338 4852 sententia
3387 4796 3616 4862 firmus,
3649 4801 3717 4850 ut

2076 4902 2194 4939 non
2220 4886 2409 4940 elocet
2426 4886 2636 4956 ipsam,
2659 4903 2779 4940 non
2801 4885 2861 4940 id
2883 4902 3062 4957 agens
3109 4891 3391 4956 tanquam
3414 4902 3482 4940 ex
3515 4902 3716 4940 neces-

2075 4975 2267 5040 sitate,
2294 4982 2350 5030 et
2371 4992 2406 5029 a
2428 4975 2552 5043 lege
2575 4975 2908 5045 prohibitus
2956 4975 3118 5046 (nam
3171 4976 3269 5047 qui
3305 4976 3385 5030 ita
3411 4976 3521 5029 hoc
3552 4974 3712 5042 facit,

2074 5064 2458 5118 vehementer
2479 5064 2655 5133 errat)
2684 5080 2696 5128 ;
2723 5063 2928 5134 siquis
2959 5081 3094 5136 ergo
3146 5069 3430 5135 tanquam
3456 5081 3578 5116 non
3612 5079 3714 5116 ne-

2073 5152 2348 5205 cessitate
2380 5157 2616 5205 coactus
2649 5151 2757 5206 hoc
2788 5151 2984 5217 faciat,
3019 5152 3121 5206 sed
3169 5153 3336 5222 quasi
3405 5151 3716 5218 utriusque

2073 5239 2305 5292 consilii
2338 5239 2618 5294 dominus
2648 5257 2683 5295 a
2708 5240 2835 5312 lege
2866 5242 3260 5295 constitutus:
3295 5241 3418 5309 ipse
3451 5254 3585 5292 vero
3609 5238 3714 5306 ju-

2073 5329 2278 5382 dicans
2310 5327 2629 5399 eligibilius
2661 5346 2789 5384 esse
2821 5346 2941 5384 non
2974 5329 3205 5384 elocare
3243 5344 3255 5380 :
3290 5334 3347 5382 et
3403 5325 3498 5381 hic
3558 5326 3712 5381 bene

2071 5417 2230 5486 facit,
2266 5433 2432 5472 suam
2467 5417 2650 5472 filiam
2684 5435 2924 5474 servans
2956 5418 3248 5489 virginem
3280 5422 3336 5471 et
3368 5416 3497 5470 sine
3547 5433 3710 5471 cura.

2073 5509 2272 5562 Potest
2292 5514 2487 5562 autem
2513 5509 2670 5578 quod
2693 5508 2910 5564 dicitur
2932 5528 2946 5568 :
2969 5531 2994 5556 ‹‹
3023 5509 3147 5562 Non
3180 5507 3404 5561 habens
3449 5507 3715 5562 necessi-

2073 5603 2276 5663 tatem,
2312 5619 2339 5645 »
2365 5597 2482 5652 alio
2509 5615 2744 5669 quoque
2771 5598 2946 5652 modo
2972 5613 3080 5652 nec
3100 5597 3298 5653 minus
3347 5597 3584 5668 proprie
3616 5613 3717 5651 ac-

2073 5686 2210 5757 cipi,
2230 5687 2338 5741 hoc
2363 5691 2488 5741 est:
2514 5687 2621 5752 Qui
2651 5703 2769 5742 non
2793 5687 3020 5758 cogitur
3041 5703 3073 5741 ει
3107 5686 3228 5741 ﬁlia
3258 5691 3322 5741 ut
3353 5685 3715 5740 contrarium
