4106 6252
323 370 454 430 745

325 507 463 582 θὲρα
553 504 698 561 ἐστὶν
776 506 820 580 ᾧ
905 506 1051 570 θέλει
1131 508 1472 581 γαμηθῆναι,

331 596 462 671 ρίῳ.
556 596 955 671 Μακαριωτὲρα
1036 592 1093 651 δὲ
1176 596 1316 651 ἐστιν
1393 595 1480 651 ἐάν
1569 595 1743 660 οὕτως
1814 596 1995 674 μείνῃ,

327 687 471 741 κατὰ
548 688 649 754 τήν
738 685 876 759 ἐμὴν
940 686 1186 762 γνώμην.
1251 691 1404 741 Δοκῶ
1453 685 1509 741 δὲ
1567 689 1721 762 γάγὼ
1778 692 1995 761 Πνεῦμα

338 779 481 830 Θεοῦ
510 769 682 850 ἔχειν.

407 863 578 935 Νόμῳ
604 860 754 937 λέγει
785 866 866 934 τῷ
897 863 1021 939 περί
1074 868 1183 918 τῶν
1236 869 1478 939 μοιχῶν,
1524 865 1569 937 ᾧ
1599 869 1886 941 κατέχεται
1920 866 1997 930 εἰς

327 953 394 1007 τὸ
432 953 509 1025 μή
560 951 950 1025 συμπλακῆναι
1010 953 1194 1025 ὲτεεῳ.
1231 954 1327 1007 Διὰ
1356 958 1523 1008 τοῦτο
1578 955 1717 1021 εἷπε,
1772 980 1799 1007 ‹‹
1837 952 1995 1010 Δέδε-

324 1060 443 1094 ται.
485 1062 513 1089 n
548 1040 643 1092 Καὶ
686 1037 740 1092 ἐν
793 1042 874 1111 τῷ
934 1038 1121 1108 εἰπεῖν,
1182 1063 1211 1091 ‹‹
1245 1036 1484 1107 Δέδεται,
1515 1064 1542 1091 ››
1604 1039 1862 1095 δείκνυσιν
1910 1041 1993 1096 ὅτι

332 1129 363 1184 ὁ
402 1129 480 1201 μή
516 1126 844 1203 ἐγγαμίζων,
881 1135 1129 1203 κρεῖσσον
1159 1134 1327 1199 ποιεῖ,
1370 1126 1573 1201 δεσμοῦ
1630 1130 1800 1200 αὐτ-ἦν
1835 1130 1993 1185 ἐλευ-

328 1219 522 1293 θερῶν.
559 1241 586 1269 ι(
614 1215 907 1292 Ἐλευθέρα
936 1218 1080 1272 ἐστὶν
1114 1217 1160 1289 ᾦ
1192 1220 1332 1281 οὲκει
1364 1226 1707 1293 γαμηθῆναι.
1744 1243 1768 1273 ι
1799 1220 1991 1276 Ἠλευ-

332 1305 567 1379 θέρωται
588 1305 690 1380 γάρ
719 1312 816 1361 τοῦ
848 1308 1068 1381 πρώτου
1091 1306 1293 1381 δεσμοῦ
1311 1309 1401 1363 καὶ
1429 1309 1601 1382 νόμου
1622 1309 1713 1364 καὶ
1745 1307 1987 1366 λέλυται.

328 1397 521 1455 Εἰπὼν
553 1394 608 1451 δὲ
638 1396 722 1452 ὅτι
755 1395 947 1468 ἐλύθη,
981 1399 1339 1474 προτρέπεται
1379 1400 1454 1472 μή
1488 1398 1654 1454 πάλιν
1688 1407 1867 1476 γῆμαι
1898 1400 1989 1455 καὶ

338 1482 577 1555 δεθῆναι.
631 1508 656 1540 α
694 1486 871 1542 Μόνον
917 1487 969 1541 ἐν
1033 1488 1243 1564 Κυρίῳ.
1290 1512 1317 1539 ››
1351 1489 1504 1559 Πλὴν
1572 1490 1707 1562 μετά
1764 1510 1988 1567 σωφρο-

334 1582 525 1647 σύνης,
585 1575 757 1654 φησὶ,
818 1577 908 1631 καὶ
964 1578 1336 1651 κοσμιότητος
1382 1578 1606 1652 νομίμῳ
1664 1579 1849 1655 γάμῳ,
1902 1579 1990 1633 ἐπὶ

334 1662 705 1736 παιδοποιίᾳ,
764 1666 854 1720 καὶ
912 1667 1231 1740 προστασίᾳ,
1295 1669 1369 1740 μὴ
1430 1665 1518 1722 διὰ
1576 1668 1746 1730 πάθος
1801 1669 1991 1732 ἐπεθυ-

332 1753 487 1828 μίας.
530 1755 732 1811 «Κατὰ
784 1756 884 1823 τήν
941 1755 1079 1828 ἐμὴν
1138 1758 1391 1832 γνώμην.
1430 1781 1456 1808 n
1517 1760 1629 1813 Ἵνα
1687 1758 1763 1830 μὴ
1821 1757 1988 1832 ἀνάγ-

326 1864 435 1913 κην
486 1844 550 1899 τὸ
604 1849 828 1920 πρᾶγμα
881 1846 1136 1921 νομίσῃς,
1199 1846 1353 1923 φησί.
1417 1871 1444 1899 ‹‹
1476 1849 1627 1904 Κατά
1686 1850 1786 1917 τὴν
1847 1847 1983 1921 ἐμήν
2022 1889 2064 1953 Β

430 1934 441 1953 ρ
713 1936 779 1953 η..
967 1935 980 1953 ν
1038 1936 1049 1953 η
1270 1936 1282 1953 ν
1607 1936 1621 1953 κ
1807 1936 1821 1953 ς
1937 1940 1948 1953 .

331 1934 590 2009 γνώμην.
626 1958 654 1985 ››
713 1936 876 1991 ’Ὅσον
963 1935 1071 2009 ἐγὼ
1153 1936 1431 2008 γινώσκω,
1493 1936 1647 2012 φησὶ,
1698 1936 1833 1991 κατὰ
1890 1940 1989 2006 τὴν

332 2022 477 2095 ἐμὴν
506 2023 817 2097 παραίνεσιν
871 2023 961 2078 καὶ
1018 2019 1357 2097 συμϐουκὴν,
1417 2024 1479 2079 οὐ
1533 2026 1669 2080 κατά
1720 2046 1839 2081 τινα
1896 2047 1989 2080 νο-

337 2111 599 2185 μοθεσίας
649 2112 909 2189 ἀνάγκην.
968 2116 1104 2170 Εἶτα
1157 2112 1250 2169 ’ίνα
1283 2116 1359 2186 μή
1415 2135 1498 2177 τις
1555 2113 1705 2189 ε’ίπῃ,
1775 2115 1987 2173 Οὐκοῦν

334 2202 379 2256 εἰ
415 2204 492 2275 μὴ
526 2198 638 2257 ἔστι
689 2202 1003 2276 νομοθεσία,
1058 2226 1109 2259 τι
1168 2206 1279 2281 χρὴ
1331 2204 1476 2265 ὅλως
1531 2207 1651 2261 τινὰ
1698 2207 1836 2261 κατὰ
1890 2208 1988 2274 τὴν

332 2292 645 2367 παραίνεσιν
729 2298 953 2362 ποιεῖν;
1038 2292 1325 2370 ἐπήγαγεν,
1398 2295 1481 2349 ὅτι
1544 2295 1646 2351 Καὶ
1704 2293 1870 2351 ταῧτα
1929 2297 1988 2350 ἐκ

333 2385 435 2437 τοῦ
482 2383 755 2457 παναγίου
813 2385 1121 2455 Πνεύματος
1176 2389 1590 2460 παραινοῦμεν,
1652 2382 1701 2439 ei
1755 2385 1844 2439 καὶ
1907 2386 1983 2457 μὴ

336 2472 412 2533 είς
442 2472 614 2546 νόμου
646 2471 908 2547 ἀνάγκην,
942 2471 1034 2528 διὰ
1062 2474 1161 2541 τὴν
1193 2472 1465 2529 ἀσθένειαν
1517 2474 1687 2546 ὑμῶν,
1720 2475 1819 2542 τήν
1848 2494 1986 2545 συμ-

336 2556 549 2631 ϐουλὴν
577 2560 996 2637 κατακλείομεν·
1034 2588 1060 2617 ιι
1094 2568 1248 2620 Δοκῶ
1306 2561 1363 2618 δὲ
1390 2562 1540 2637 κάγώ
1602 2568 1821 2636 Πνεῦμα
1852 2568 1985 2619 Θεοῦ

340 2649 513 2725 ἷχειν.
555 2658 725 2707 η”ινα
792 2655 985 2724 μήτις
1017 2653 1219 2728 νομίσῃ
1279 2655 1376 2716 τὰς
1429 2651 1683 2715 τοιαύτας
1742 2648 1986 2725 συμϐου-

349 2736 475 2801 λίας
512 2740 720 2795 Πιῦλου
774 2742 906 2798 εἶναι
962 2743 1049 2797 καὶ
1111 2740 1200 2796 διὰ
1252 2746 1414 2796 τοῦτο
1472 2741 1836 2817 ἀνθρωπίιας,
1889 2740 1985 2796 ἐπ-

352 2826 482 2901 άγει.
510 2829 588 2884 ὅτι
624 2854 648 2881 «ι
679 2836 895 2904 Πνεῦμα
928 2830 1060 2887 Θεοῦ
1092 2830 1228 2906 ἔχω,
1255 2856 1283 2883 ››
1333 2828 1565 2900 δεικνὺς,
1600 2832 1681 2887 ὅτι
1750 2833 1988 2904 Νομοθε-

346 2917 471 2985 aiat,
505 2918 603 2973 εἰσί
658 2924 755 2975 τοῦ
810 2920 1173 2997 Ιίαρακλήτου
1208 2964 1223 2991 ,
1276 2920 1378 2977 οὐκ
1444 2920 1591 2993 ἐμαί.
1654 2920 1877 2989 Πολλὴν
1930 2920 1987 2976 δὲ

333 3010 835 3089 ταπεινοφροσῦνην
868 3009 1223 3078 ἐνδείκνυται,
1259 3011 1344 3079 τὸ,
1405 3033 1429 3059 ‹‹
1486 3014 1660 3078 Δοκῶ,
1704 3032 1729 3062 ι
1788 3009 1983 3085 λέγων·

325 3095 632 3171 τουτέστιν,
665 3100 965 3175 ἸΙγοῦμαι,
1001 3104 1241 3159 ὑπονοῶ.

975 3378 1233 3435 ΚΕΦΑΛ.
1276 3379 1340 3434 Ε.

324 3464 459 3541 Περῖ
518 3465 784 3547 διαφορᾶς
832 3464 1181 3542 ἐδεσμάτων,
1233 3467 1322 3523 καὶ
1371 3466 1591 3537 ἀποχῆς
1659 3466 1983 3541 δαιμονικοῦ

978 3552 1337 3627 σεϐάσματος.

402 3647 531 3719 Περὶ
614 3645 672 3701 δὲ
744 3652 850 3702 τῶν
929 3645 1307 3702 εἰδωλοθύτων
1365 3645 1586 3720 οἴδαμεν
1646 3648 1731 3703 ὅτι
1788 3648 1983 3710 πάντες

323 3739 532 3812 γνῶσιν
612 3731 835 3811 ἔχομεν,
922 3737 985 3793 Ἦ
1062 3741 1263 3813 γνῶσις
1320 3742 1525 3816 φυσιοῖ,
1584 3739 1618 3807 ἠ
1680 3734 1738 3792 δὶ
1793 3738 1977 3808 ἀγάπη

329 3821 641 3896 οἰκοδομεῖ.
722 3825 782 3881 Εἰ
868 3822 924 3880 δὲ
977 3847 1062 3888 τις
1116 3824 1266 3881 δοκεῖ
1322 3824 1513 3881 εἰδέναι
1571 3847 1644 3894 τι,
1714 3824 1839 3881 οὐδέ
1894 3848 1981 3882 πω

328 3911 487 3968 οὐδὲν
516 3910 768 3991 ἔγνωκεν,
805 3915 984 3978 καθὼς
1049 3912 1132 3970 δεῖ
1157 3921 1376 3991 γνῶναι·
1438 3916 1501 3973 Εἰ
1557 3913 1613 3971 δέ
1666 3937 1749 3978 τις
1799 3916 1980 3994 ἀγαπᾷ

325 4005 422 4059 τὸν
454 4005 607 4072 Θεὸν,
641 4004 799 4067 οὗτος
829 4001 1095 4082 ἔγνωσται
1128 4006 1216 4061 ὑπ’
1258 4007 1443 4062 αὐτοῦ.

404 4094 467 4151 ἹΙ
496 4094 645 4149 αἰτία
699 4101 797 4164 τῆς
826 4099 935 4150 τῶν
987 4092 1364 4150 εἰδωλοθύτων
1415 4094 1757 4166 ἐπιπλήξεως
1816 4094 1977 4166 αὕτη·

327 4183 485 4245 Τινὲς
534 4180 682 4245 ὄντες
728 4184 850 4260 περὶ
880 4185 982 4253 τήν
1012 4183 1191 4240 πίστιν
1246 4184 1469 4256 τέλειοι,
1497 4185 1586 4239 καὶ
1635 4182 1836 4247 εἰδότες
1894 4184 1979 4240 ὅτι

332 4274 398 4329 οὗ
428 4273 494 4328 τὰ
523 4272 952 4348 εἶσπορευόμενα
998 4280 1176 4329 κοινοῖ
1230 4277 1322 4330 τὸν
1381 4274 1689 4352 ἄνθρωπον,
1748 4274 1837 4330 καὶ
1894 4270 1976 4329 ὅτι

328 4364 399 4421 τά
422 4360 630 4420 είδωλα
658 4363 793 4435 εὗλα
821 4364 910 4421 καὶ
945 4363 1088 4420 λίθοι
1147 4364 1273 4420 ὅντα
1331 4363 1483 4421 οὐδὲν
1544 4365 1696 4436 εἰσιν,
1749 4364 1980 4421 ἀδιαφό-

331 4471 441 4528 ρως
475 4452 526 4507 ἐν
557 4457 673 4515 τοῖς
736 4459 952 4527 μιαροῖς
1014 4457 1122 4508 τῶν
1172 4450 1417 4509 εἰδώλων
1479 4451 1651 4515 οἷ’κοις
1698 4452 1976 4523 εἰσιόντες,

331 4548 588 4618 μετεῖχον
642 4546 751 4597 τῶν
836 4541 1009 4598 ἐκεῖσε
1062 4548 1388 4616 τραπεζῶν,
1450 4544 1538 4598 καὶ
1599 4541 1976 4599 εἶδωλοθότων

1313 373 1722 437 ΟΟΜΜΕΝΤ.
1771 376 1848 436 IN
1898 373 2140 436 EPIST.
2188 377 2211 436 Ι
2258 379 2361 437 AD
2406 375 2777 438 CORINTH.

3630 379 3749 440 746

1554 509 1712 581 μόνον
1774 507 1826 564 ἂν
1886 511 1983 566 Ku-

2104 512 2297 579 nubat,
2330 514 2489 568 modo
2520 515 2578 568 in
2623 515 2885 569 Domino:
2947 512 3155 567 beatior
3212 520 3392 568 tamen
3450 522 3527 569 est
3578 517 3624 568 si
3680 517 3758 570 sic

2099 606 2493 673 permanserit.
2516 605 2689 673 juxta
2713 619 2892 657 meam
2922 605 3271 658 sententiam.
3304 604 3514 675 Opinor
3574 611 3756 661 autem

2103 694 2253 762 quod
2283 700 2337 747 et
2368 695 2480 763 ipse
2513 694 2787 763 Spiritum
2823 691 2917 747 Dei
2942 694 3192 748 habeam.

2179 871 2383 942 Legem
2418 871 2562 926 dicit
2592 888 2723 942 qum
2755 871 2826 925 de
2857 870 3143 925 adulteris
3194 870 3315 925 lata
3344 876 3453 934 est,
3478 888 3594 941 qua
3609 872 3754 926 reti-

2104 960 2423 1019 neturhoc.
2443 976 2517 1015 ne
2532 961 2701 1015 alteri
2721 960 3195 1015 commisceatur.
3213 962 3534 1031 Propterea
3561 960 3749 1016 dixit:

2106 1070 2133 1098 «ι
2170 1049 2367 1119 Ligata
2399 1054 2507 1104 est.
2546 1070 2570 1099 υ
2606 1052 2804 1120 Etper
2857 1050 2970 1104 hoc
3026 1050 3184 1118 quod
3234 1050 3418 1103 dixit:
3482 1071 3507 1099 α
3555 1050 3755 1121 Ligata

2104 1143 2211 1205 est,
2240 1160 2266 1186 ››
2291 1138 2551 1193 ostendit
2578 1139 2734 1209 quod
2757 1138 2856 1208 qui
2882 1155 3002 1194 non
3024 1139 3213 1193 elocat
3253 1144 3507 1208 nuptum
3537 1140 3751 1194 melius

2100 1227 2261 1291 facit,
2292 1228 2542 1283 vinculis
2576 1229 2764 1299 ipsam
2796 1228 3079 1283 liberans.
3114 1251 3141 1277 «
3178 1228 3383 1282 Libera
3414 1233 3505 1282 est
3535 1233 3600 1281 ut
3655 1227 3750 1282 cui

2100 1318 2223 1371 vult
2252 1317 2455 1372 nubat.
2496 1340 2523 1365 »
2556 1318 2825 1372 Liberata
2852 1324 2942 1372 est
2971 1317 3162 1389 primo
3194 1316 3428 1371 vinculo
3475 1333 3543 1371 ac
3599 1317 3747 1389 lege,

2102 1412 2159 1461 et
2177 1406 2370 1461 soluta
2396 1411 2502 1461 est.
2522 1407 2943 1462 Dicensautem
2960 1406 3115 1477 quod
3150 1407 3346 1461 soluta
3390 1411 3500 1473 est,
3534 1404 3749 1461 adhor-

2103 1502 2259 1550 tatur
2290 1512 2365 1550 ne
2396 1512 2632 1551 rursum
2660 1496 2846 1550 nubat
2876 1512 2943 1550 ac
2974 1496 3209 1567 ligetur.
3244 1516 3272 1545 «
3313 1495 3484 1550 Modo
3518 1496 3578 1549 in
3632 1496 3746 1549 Do-

2101 1586 2283 1640 mino.
2307 1607 2334 1635 »
2354 1588 2627 1640 Attamen
2645 1602 2779 1640 cum
2821 1584 3356 1655 modestia.inquit,
3382 1601 3447 1640 ac
3469 1584 3745 1640 decentia

2099 1675 2378 1747 legitimis
2403 1675 2691 1747 jungatur
2721 1675 2945 1745 nuptiis
2977 1674 3049 1728 ob
3084 1674 3268 1745 prolis
3302 1674 3741 1745 susceptionem

2100 1770 2159 1819 et
2190 1764 2624 1827 educationem,
2659 1780 2777 1819 non
2824 1780 2893 1818 ex
2950 1766 3166 1819 alTectu
3224 1763 3741 1834 concupiscenlim.

2100 1875 2127 1904 «
2153 1854 2322 1909 Juxta
2346 1870 2536 1909 meam
2557 1853 2935 1908 sententiam.
2966 1876 2990 1900 ι»
3014 1854 3091 1907 Ne
3111 1869 3233 1907 rem
3258 1852 3559 1908 existimes
3610 1867 3740 1908 esse

2098 1944 2539 2009 necessitatem,
2566 1944 2667 1999 ait.
2702 1965 2728 1991 (ι
2760 1943 2933 1997 Juxta
2988 1959 3183 1998 meam
3242 1942 3599 1997 sententiam
3634 1959 3650 1997 :
3710 1963 3738 1991 »

2096 2033 2250 2088 490
2283 2038 2571 2103 quantum
2605 2048 2708 2105 ego
2743 2032 2903 2086 valeo
2936 2031 3270 2103 concipere,
3313 2037 3599 2103 quantum
3636 2045 3738 2103 ego

2093 2122 2426 2194 intelligere
2458 2138 2700 2195 possum
2726 2139 2740 2187 ;
2764 2122 2936 2193 juxta
2968 2137 3163 2177 meam
3189 2120 3659 2177 admonitionem
3684 2126 3741 2177 et

2094 2211 2431 2279 consilium,
2456 2229 2577 2267 non
2595 2228 2663 2268 ex
2691 2212 3045 2267 necessitate
3071 2210 3481 2282 legislationis.
3515 2210 3738 2266 Deinde

2094 2316 2169 2355 ne
2197 2300 2330 2369 quis
2352 2301 2509 2354 dicat
2535 2317 2547 2354 :
2578 2300 2632 2353 Si
2657 2316 2791 2371 ergo
2814 2316 2936 2355 non
2953 2304 3043 2353 est
3065 2316 3133 2353 ea
3181 2298 3253 2353 de
3304 2316 3365 2353 re
3417 2299 3734 2371 legislatio,

2093 2406 2198 2444 cur
2223 2396 2455 2460 Oportet
2486 2405 2843 2459 quemquam
2877 2388 3121 2442 omnino
3147 2388 3317 2458 juxta
3348 2394 3506 2443 tuam
3530 2388 3736 2443 admo-

2092 2481 2388 2535 nitionum
2419 2495 2591 2549 agere
2620 2478 2647 2534 ?
2677 2478 2983 2549 subjunxit
3014 2495 3027 2531 :
3073 2476 3260 2532 Etiam
3318 2478 3466 2543 hazc,
3520 2479 3736 2549 inquit,

2084 2570 2257 2642 juxta
2288 2568 2731 2625 sanctissimum
2762 2567 3043 2638 Spiritum
3075 2567 3504 2622 admonemus:
3538 2584 3735 2637 quan-

2094 2676 2273 2732 quam
2295 2659 2368 2713 ob
2390 2665 2642 2714 vestram
2671 2657 3139 2714 imbecillitatem
3167 2656 3482 2712 consilium
3501 2656 3572 2711 ad
3592 2656 3740 2729 legis

2093 2747 2506 2803 necessitatem
2528 2763 2646 2800 non
2669 2745 3059 2800 declinemus.
3079 2743 3343 2815 «Opinor
3365 2748 3559 2798 autem
3582 2742 3741 2813 quod

2094 2843 2152 2890 et
2181 2835 2305 2906 ipse
2337 2834 2619 2905 Spiritum
2656 2832 2754 2887 Dei
2788 2831 3057 2886 habeam.
3093 2832 3217 2885 nNe
3239 2830 3374 2901 quis
3395 2829 3741 2901 hujusmodi

2095 2924 2344 2980 consilia
2375 2940 2504 2979 esse
2536 2923 2701 2978 Pauli
2733 2922 3055 2985 existimet,
3088 2926 3145 2976 et
3174 2921 3257 2976 ita
3288 2922 3569 2984 humana,
3604 2918 3749 2977 sub-

2088 3015 2286 3087 jungit
2319 3031 2331 3069 :
2369 3034 2396 3063 ‹‹
2428 3012 2710 3083 Spiritum
2741 3011 2843 3066 Dei
2899 3011 3111 3077 habeo,
3162 3033 3189 3060 ››
3252 3025 3320 3065 ac
3380 3010 3427 3064 si
3472 3010 3745 3067 diceret:

2096 3104 2517 3177 Legislationes
2550 3109 2689 3157 sunt
2722 3100 3030 3168 Paracleti,
3091 3117 3213 3155 non
3270 3116 3440 3155 meas.
3498 3099 3743 3156 Multam

2095 3200 2295 3249 autem
2325 3192 2693 3247 demonstrat
2720 3187 3075 3244 modestiam
3106 3188 3312 3242 dicens
3372 3210 3399 3237 α
3435 3186 3678 3257 Opinor,
3712 3206 3742 3235 ιο

2014 3268 2058 3331 C
2100 3282 2212 3338 hoc
2242 3287 2351 3347 est,
2385 3279 2680 3349 existimo,
2717 3278 2992 3334 arbitror.

2753 3368 2983 3423 CAPUT
3016 3367 3079 3425 V.

2202 3464 2277 3517 De
2307 3464 2623 3517 diversitate
2652 3460 2915 3527 ciborum,
2950 3465 3003 3513 et
3033 3458 3366 3513 abstinentia
3395 3474 3430 3513 a
3460 3457 3613 3513 cuitu

2753 3550 3080 3604 dzmonum.
3142 3616 3145 3619 _

2162 3652 2309 3720 VllI,
2345 3656 2395 3719 1,
2430 3654 2481 3706 3.
2518 3652 2777 3706 Ceterum
2809 3649 2875 3704 de
2906 3649 2991 3703 his
3022 3664 3142 3718 qua
3172 3648 3338 3702 idolis
3385 3648 3744 3703 immolantur

2090 3746 2338 3799 novimus
2370 3742 2517 3811 quod
2546 3756 2726 3795 omnes
2780 3740 3069 3794 scientiam
3125 3737 3439 3793 habeamus.
3499 3738 3744 3791 Scientia

2089 3836 2270 3902 inﬂat.
2294 3831 2518 3886 dilectio
2539 3846 2666 3884 vero
2685 3828 2942 3895 aediﬁcat.
2969 3826 3123 3891 Quod
3143 3829 3189 3881 si
3214 3828 3336 3896 quis
3360 3826 3467 3880 sibi
3525 3824 3748 3879 videtur

2091 3920 2307 3989 aliquid
2327 3934 2496 3984 nosse,
2523 3917 2765 3971 nondum
2813 3915 3117 3983 quidquam
3171 3916 3325 3968 novit
3354 3914 3495 3967 sicut
3533 3918 3746 3982 oportet

2088 4026 2260 4065 nosse.
2288 4011 2364 4063 At
2388 4009 2434 4061 si
2455 4008 2579 4076 quis
2598 4004 2784 4074 diligit
2808 4006 3001 4070 Deum,
3027 4003 3116 4058 hic
3142 4004 3388 4072 cognitus
3429 4007 3507 4056 est
3529 4002 3597 4056 ab
3620 4000 3744 4059 illo.

2160 4099 2349 4154 Causa
2378 4094 2803 4167 increpationis
2834 4093 2905 4148 de
2938 4093 3031 4147 his
3071 4109 3203 4164 quae
3262 4090 3440 4145 idolis
3499 4090 3744 4147 fuerant

2090 4189 2416 4253 immolata,
2441 4192 2568 4242 erat
2586 4184 2713 4241 haec
2734 4200 2746 4240 :
2767 4182 3047 4239 Nonnulli
3086 4182 3149 4237 in
3170 4182 3285 4237 ﬁde
3306 4181 3574 4252 perfecti,
3602 4196 3741 4237 cum

2089 4278 2311 4334 scirent
2332 4292 2400 4331 ea
2431 4291 2562 4347 qua)
2594 4271 3032 4345 ingrediuntur,
3052 4288 3174 4326 non
3201 4286 3573 4327 communem
3593 4268 3740 4324 red-

2090 4367 2229 4423 dere
2255 4372 2357 4422 aut
2378 4364 2763 4435 coinquinare
2788 4362 3093 4417 hominem
3113 4359 3238 4401 9L"
3264 4375 3278 4413 :
3308 4364 3365 4414 et
3394 4357 3738 4427 simulacra,

2090 4473 2224 4513 cum
2256 4456 2416 4529 ligna
2447 4454 2566 4509 sint
2596 4458 2656 4508 et
2680 4452 2929 4524 lapides,
2963 4449 3113 4505 nihil
3145 4464 3297 4515 esse,
3334 4448 3452 4503 sive
3511 4446 3739 4502 nullius

2090 4564 2219 4603 esse
2252 4545 2535 4602 momenti
2563 4561 2575 4599 :
2610 4543 3021 4599 indilferenter
3052 4541 3111 4595 in
3142 4539 3406 4609 impuras
3437 4536 3738 4592 idolorum

328 4631 604 4710 ἐγεύοντο.
637 4634 813 4688 Τοῦτο
845 4630 903 4687 δὲ
930 4633 1018 4686 καὶ
1047 4632 1242 4696 αὐτοὺς
1269 4631 1395 4693 τοὺς
1424 4631 1667 4695 τελείους
1721 4627 1977 4690 ἔϐλαπτε.

2098 4638 2299 4693 domos
2330 4635 2749 4708 ingredientes,
2789 4631 3106 4704 participes
3164 4643 3507 4685 mensarum
3570 4628 3742 4681 erant

330 4722 618 4794 Δαιμόνιον
696 4722 798 4796 γάρ
875 4719 1197 4777 ἐκοινώνουν
1280 4720 1606 4797 τραπέζαις,
1692 4723 1781 4777 καὶ
1852 4722 1980 4784 τοὺς

330 4807 715 4884 ἆτελεστὲρους
750 4803 1044 4866 ἔϐλαπτον.
1102 4808 1242 4867 Οὐδὲ
1297 4812 1400 4885 γὰρ
1456 4811 1707 4880 ἐξήταζον
1767 4812 1981 4883 μεθ’ἦς

326 4904 502 4955 ταῦτα
560 4905 776 4956 ποιοῦσι
849 4901 1103 4976 γνώμης,
1162 4900 1307 4956 ἀλλὰ
1358 4902 1419 4955 τὸ
1467 4901 1757 4978 γινόμενον
1816 4903 1978 4974 μόνον

334 4996 591 5069 ὁρῶντες,
646 5014 914 5072 προῳασιν
968 4986 1276 5065 ἐλάμϐανον
1325 4988 1724 5062 εῗδωλοθοτεῖν,
1785 4992 1858 5054 ὡς
1888 4992 1977 5048 καὶ

329 5089 443 5142 τῶν
474 5084 696 5140 τελείων
728 5083 861 5138 κατὰ
891 5082 1060 5153 τιμὴν
1100 5085 1207 5135 τῶν
1261 5077 1507 5135 εἰδώλων
1565 5080 1976 5137 κοινωνούντων

324 5180 436 5231 τῶν
466 5172 637 5229 ἐκεῖσε
694 5175 996 5245 τραπεζῶν,
1055 5195 1084 5223 ‹‹
1146 5166 1385 5243 ΟῨδαμεθ
1445 5169 1529 5225 ὅτι
1596 5171 1788 5232 πάντες
1838 5176 1977 5249 γνῶ-

327 5286 413 5321 σιν
466 5262 692 5339 ἔχομεν,
730 5286 756 5313 ››
812 5260 960 5336 Μέγα
1017 5257 1272 5337 ἐφρόνουν
1308 5307 1322 5332 ,
1384 5259 1460 5320 ὡς
1506 5264 1698 5335 γνῶσιν
1757 5256 1977 5335 ἔχοντες

325 5358 483 5411 Θεοῦ.
532 5352 627 5407 Διὸ
680 5349 902 5407 ἐδόκουν
942 5347 1082 5423 μηδέ
1134 5347 1638 5427 παραφυλάττεσθαι
1701 5350 1770 5404 τά
1826 5347 1976 5404 εἴδω-

324 5442 553 5509 λὸθυτα.
587 5442 799 5512 Ταύτην
831 5440 922 5495 οὗν
953 5441 1053 5508 τήν
1080 5444 1280 5515 γνῶσιν
1338 5440 1522 5506 κοινήν
1564 5440 1773 5495 πάντων
1808 5442 1972 5516 λέγει·

325 5557 355 5588 α
388 5532 591 5594 Πάντες
621 5532 725 5609 γάρ
756 5524 958 5605 ἔχομεν
981 5528 1183 5599 ταύτην
1216 5549 1314 5599 την
1344 5528 1567 5605 γνῶσιν.
1601 5551 1631 5582 »
1662 5534 1832 5585 Τοῦτο
1883 5528 1977 5586 λί-

320 5645 433 5701 γων
463 5623 714 5697 καθαιρεῖ
736 5620 912 5676 αὐτῶν
939 5618 1002 5674 τὸ
1032 5617 1310 5699 φρόνημα.
1336 5641 1367 5674 ιι
1396 5619 1464 5675 Ἦ
1484 5622 1685 5699 γνῶσις
1708 5624 1914 5694 φυσιοῖ.
1947 5645 1976 5673 ››

395 5740 527 5784 ενι-⁸⁸
555 5739 761 5800 Matth.
793 5754 883 5811 tv,
916 5740 1004 5796 tl.

652 5860 922 5917 PATR()L.
966 5854 1078 5916 Gn.
1125 5852 1383 5917 CXVIII.

2092 4743 2222 4798 qua:
2251 4726 2331 4780 ibi
2390 4725 2861 4796 apponebantur,
2922 4728 2981 4775 et
3036 4719 3372 4774 simulacris
3434 4715 3741 4771 immolata

2090 4815 2424 4887 gustabunt.
2452 4816 2568 4869 Hoc
2585 4821 2782 4869 autem
2807 4812 2950 4882 ipsis
2970 4825 3205 4882 quoque
3257 4807 3533 4879 perfectis
3565 4821 3737 4861 noce-

2090 4906 2211 4973 bat,
2241 4923 2375 4961 nam
2399 4920 2737 4959 mensarum
2762 4903 3097 4957 daemonum
3128 4898 3443 4970 participes
3467 4902 3634 4951 erant
3652 4911 3664 4959 ;
3682 4899 3741 4949 et

2091 4993 2453 5066 imperfectis
2470 4991 2781 5050 nocebant.
2806 5006 3000 5062 neque
3022 4989 3182 5044 enim
3216 4987 3303 5041 illi
3350 4984 3738 5056 requirebant

2092 5101 2206 5154 quo
2232 5085 2355 5139 haec
2386 5084 2651 5138 facerent
2679 5081 2879 5136 animo
2910 5096 2923 5134 :
2958 5078 3063 5134 sed
3093 5078 3314 5133 factum
3363 5081 3595 5130 tantum
3647 5069 3737 5125 in-

2088 5179 2344 5231 tuentes.
2379 5172 2753 5227 occasionem
2784 5168 3100 5224 sumebant
3132 5167 3306 5222 idolis
3357 5158 3734 5227 immolandi,

2089 5280 2155 5318 ac
2179 5266 2226 5317 si
2250 5262 2492 5333 perfecti
2518 5263 2578 5315 in
2600 5261 2885 5315 honorem
2936 5258 3228 5313 idolorum
3275 5252 3593 5325 participes
3625 5248 3738 5303 ἢθη

2088 5358 2224 5407 rent
2249 5368 2586 5406 mensarum
2609 5366 2739 5421 quin
2764 5349 2843 5403 ibi
2866 5345 3348 5418 apponebantur:
3377 5362 3400 5391 σι
3455 5338 3736 5395 Novimus

2089 5441 2247 5513 quod
2295 5458 2504 5497 omnes
2550 5439 2859 5496 scientiam
2907 5436 3252 5491 habeamus.
3281 5454 3308 5482 ››
3336 5431 3481 5485 491
3522 5433 3739 5500 Super-

2087 5532 2330 5589 biebant
2352 5537 2634 5602 tanquam
2658 5528 2759 5584 Dei
2778 5524 3086 5583 scientiam
3110 5522 3429 5588 habentes;
3457 5519 3589 5575 ideo
3615 5514 3743 5589 opi-

2084 5622 2385 5680 nabantur
2415 5637 2538 5677 non
2600 5635 2728 5675 esse
2787 5614 3104 5674 devitanda
3161 5630 3293 5686 quae
3339 5610 3517 5675 idolis
3570 5611 3745 5669 erant

3414 5847 3502 5916 ιι
