4106 6252
418 370 422 375 ⁴
449 364 562 422 747

1566 352 1982 415 CECUMENII
2027 353 2330 415 TRICtl-E
2379 356 2731 420 EPI‘SCOPI

3744 365 3859 423 748

447 496 775 553 immolata.
792 496 953 550 Hanc
965 508 1102 565 ergo
1114 489 1792 548 communemdicitesse
1822 490 2080 547 omnium

2205 487 2302 542 Καὶ
2334 488 2530 565 ἑτέρως
2557 491 2739 548 αὐτῶν
2778 488 3117 551 καταϐάλλει
3140 496 3204 551 τὸ
3242 494 3489 572 φύσημα,
3519 494 3749 559 δεικνὺς
3772 500 3869 568 τήν

449 586 756 642 scientiam
769 625 782 639 .
804 607 822 630 -
841 583 1061 639 Omnes
1077 583 1235 637 enim
1257 581 1566 637 scientiam
1582 580 1723 635 hanc
1739 579 2045 637 habemus.
2062 601 2089 628 ››

450 677 569 730 Hoc
590 675 795 730 dicens
816 672 1228 728 tollitillorum
1249 671 1586 728 elationem.
1626 693 1652 719 ‹‹
1710 670 1967 727 Scientia
1997 670 2091 724 in-

449 766 573 824 ﬂat.
607 792 627 814 ι
666 766 793 822 Alio
824 782 1061 837 quoque
1093 764 1267 819 modo
1292 764 1445 818 tollit
1474 763 1714 819 illorum
1744 764 2089 829 elationem,

451 858 770 912 ostendens
800 855 1110 911 scientiam
1140 854 1364 925 absque
1396 853 1715 909 dilectione
1747 869 1867 908 non
1899 852 2093 907 solum

402 993 408 999 .
451 945 855 1015 nihiljuvare,
884 960 1084 999 verum
1143 944 1322 998 etiam
1379 958 1643 997 nocere:
1702 958 1840 996 nam
1902 940 2089 1004 inﬂat,

452 1036 686 1106 inquit;
720 1034 957 1089 dilectio
984 1049 1122 1088 vero
1151 1049 1181 1087 ο
1222 1032 1453 1087 diverso
1514 1030 1770 1086 aediﬁcat
1827 1030 2094 1085 membra

450 1141 583 1195 quae
600 1125 908 1179 occasione
936 1122 1261 1178 inﬂationis
1284 1138 1352 1176 ex
1379 1121 1627 1177 scientia
1669 1120 2091 1176 subexistentis

450 1212 683 1284 ahjecta
712 1218 771 1267 et
801 1212 1056 1267 dissecta
1088 1218 1275 1268 erant.
1302 1233 1329 1261 ‹‹
1363 1211 1525 1266 Sicut
1544 1216 1778 1281 oportet
1817 1226 2019 1265 nosse.
2062 1232 2090 1258 η

452 1303 708 1357 Rursum
732 1301 847 1356 alio
881 1301 1056 1357 modo
1088 1299 1248 1371 ipsos
1272 1298 1529 1371 corripit.
1570 1301 1695 1354 Non
1727 1299 1944 1360 solum,
2000 1298 2089 1352 in-

450 1392 598 1464 quit,
625 1392 958 1447 communis
975 1390 1225 1445 scientia
1245 1389 1416 1445 inﬂat
1458 1406 1593 1444 cum
1632 1394 1719 1443 est
1749 1389 1876 1443 sine
1908 1388 2090 1443 dilec-

448 1481 968 1551 tionezsedneque
1008 1480 1270 1550 perfecta
1308 1478 1929 1549 est,quemadmodum
1961 1493 2090 1533 esse

447 1577 698 1643 oportet.
718 1571 863 1627 Acsi
882 1569 1418 1626 diceretzNondum
1457 1566 1783 1639 quidquam
1831 1567 2089 1638 perfecte

448 1660 657 1727 nostis,
678 1676 1021 1731 quanquam
1039 1676 1214 1715 nosse
1229 1656 1551 1713 videamini
1575 1673 1786 1727 ;quare
1809 1672 1945 1727 ergo
1968 1661 2092 1710 tan-

445 1755 572 1805 tum
592 1750 948 1805 extollimini
966 1753 988 1805 ?
1008 1752 1134 1804 Non
1158 1755 1386 1805 tantum
1407 1746 1479 1803 de
1498 1747 1591 1803 his
1612 1763 1743 1817 quas
1764 1745 2092 1817 {proposita

2203 582 2403 654 γνῶσιν
2435 581 2612 655 χωρὶς
2632 581 2852 659 ἀγάπης
2885 582 2948 640 οὐ
2982 585 3148 658 μόνον
3193 585 3293 641 οὐκ
3347 585 3702 664 ὠφελοῦσαν,
3730 589 3870 644 ἀλλὰ

2203 671 2293 722 καὶ
2345 666 2717 742 βλάπτουσαν.
2784 678 2987 728 Φυσιοῖ
3039 673 3167 749 γὰρ,
3224 674 3409 751 φησὶν,
3460 677 3497 743 ἡ
3558 673 3624 730 δὲ
3686 675 3864 750 ἀγάπη

2202 757 2514 812 τούναντίον
2541 757 2829 834 οἰκοδομεῖ
2862 760 2929 815 τὰ
2976 756 3385 832 καταϐληθὲντα
3428 762 3517 817 καί
3572 765 3868 838 σχισοὲντα

2202 848 2466 923 προφάσει
2498 856 2598 916 τῆς
2629 848 2716 903 ἐπὶ
2758 853 2827 922 τῇ
2883 851 3079 922 γνώσει
3136 852 3452 929 φυσιώσεως
3483 853 3667 925 μὲλη.
3707 878 3737 905 α
3769 860 3868 909 Κα-

2204 936 2311 999 θὼς
2346 935 2429 992 δεῖ
2474 943 2702 1015 γνῶναι.
2733 962 2763 991 ››
2821 937 2993 996 Πάλιν
3038 939 3234 1014 ἑτέρως
3288 940 3485 1005 αὐτοὺς
3545 941 3864 1000 συστελλει.

2202 1025 2279 1083 Οὐ
2314 1026 2723 1107 μόνον,φησίν,
2790 1030 2824 1097 ἡ
2881 1034 3080 1103 γνῶσις
3138 1033 3295 1100 κοινή
3353 1030 3465 1086 ἔστι
3522 1032 3623 1086 καὶ
3683 1039 3869 1109 φυσιοῖ

2204 1116 2415 1189 ἀγάπης
2470 1117 2601 1171 οὖσα
2678 1117 2878 1195 χωρ’ς,
2919 1115 3207 1174 ἀλλὀὐδὶ
3256 1117 3439 1175 τελεία
3498 1118 3625 1176 ἐστὶ
3687 1124 3867 1185 καθὼς

2205 1204 2343 1259 εἶναι
2377 1201 2457 1259 iiii
2514 1203 2874 1278 ώσεῖἓλῖγεν·
2921 1204 3092 1264 Οὔπω
3149 1205 3303 1263 ὠδὶν
3360 1202 3570 1283 ἔγνωτε
3631 1208 3863 1275 τέλειον.

2205 1294 2253 1349 εἴ
2281 1295 2368 1351 καῖ
2403 1293 2631 1365 δοκεῖτε,
2652 1296 2743 1351 καὶ
2774 1295 2864 1351 διὰ
2893 1298 2944 1353 τί
2971 1303 3232 1355 τοσοῦτον
3265 1300 3549 1376 ἑπαῖρεσθε
3575 1323 3591 1370 ;
3632 1301 3717 1359 03
3746 1302 3866 1378 περὶ

2202 1388 2309 1439 τῶν
2330 1387 2709 1459 προκαιμὲνων
2730 1383 2787 1441 ὃὶ
2813 1385 2998 1459 μόνον,
3029 1386 3277 1444 ἀλλὰκαὶ
3307 1391 3431 1465 περί
3461 1393 3701 1461 παντὸς,
3735 1391 3869 1467 πρά·

2201 1494 2433 1547 γματος,
2465 1475 2570 1531 οὐκ
2599 1474 2772 1532 ἔνεστι
2803 1480 2895 1530 νῦν
2923 1499 3123 1555 γνωσις
3151 1476 3353 1534 τελεία.
3389 1479 3580 1536 Εἰπὼν
3617 1477 3704 1545 δὶ,
3739 1505 3771 1533 α
3802 1481 3863 1539 El

2206 1559 2263 1617 δέ
2311 1584 2395 1627 τις
2445 1562 2624 1639 ἀγαπᾷ
2679 1565 2773 1620 τὸν
2831 1567 2958 1622 Θεὸν
2992 1609 3007 1637 ,
3042 1590 3071 1619 »
3128 1564 3390 1623 δείκνυτιν
3469 1570 3586 1624 ἀπὸ
3650 1569 3865 1645 ἀγάπης

2204 1650 2565 1727 ἐγγινομένην
2595 1655 2695 1725 τήν
2712 1652 2923 1711 τελείαν
2958 1660 3179 1731 γνῶσιν.
3218 1680 3246 1710 ι(
3274 1657 3343 1714 Εἴ
3391 1679 3474 1720 τις
3500 1659 3641 1734 γὰρ,
3676 1662 3862 1737 φησῖν,

2203 1742 2387 1817 ἀγαπᾷ
2415 1744 2504 1798 τὸν
2533 1743 2688 1800 Θεόν.
2725 1768 2752 1794 u
2787 1744 2885 1799 Καὶ
2924 1744 3043 1819 ὅρα·
3075 1745 3175 1801 οὐκ
3194 1747 3339 1802 εἶπεν
3374 1744 3503 1803 οὐδὲ
3533 1748 3748 1816 οὕτως,
3780 1749 3862 1805 δτι

448 1845 609 1906 sunt,
637 1838 742 1894 sed
772 1854 965 1910 neque
996 1838 1068 1894 de
1099 1838 1223 1893 ulla
1252 1854 1315 1893 re
1346 1853 1503 1892 nunc
1535 1835 1797 1906 perfecta
1826 1840 1916 1889 est
1945 1834 2080 1889 noti-

2206 1838 2240 1887 Γ
2248 1833 2459 1887 ινώσκει
2506 1832 2658 1903 Θεὸν,
2697 1833 2850 1902 ἀλλ’,
2881 1865 2909 1887 «
2943 1835 3245 1911 Ἑγνωσθαι
3279 1838 3382 1893 ὑπὸ
3411 1841 3549 1893 Θεοῦ
3588 1862 3623 1890 ››
3670 1839 3857 1914 (ταύτῃ

446 1930 548 1985 tia.
570 1929 784 1986 Dicens
802 1937 999 1986 autem
1026 1946 1038 1984 :
1064 1953 1091 1980 ‹‹
1116 1932 1189 1984 At
1211 1928 1258 1983 si
1278 1928 1412 1998 quis
1456 1927 1648 1999 diligit
1693 1927 1898 1993 Deum,
1933 1947 1962 1975 ››
1992 1942 2090 1981 os-

446 2020 641 2075 tendit
669 2038 705 2076 a
733 2021 1049 2076 dilectione
1080 2018 1401 2090 perfectam
1434 2016 1575 2072 oriri
1620 2016 1951 2081 scientiam,
2011 2016 2094 2071 ait

451 2109 611 2164 enim
645 2125 660 2164 :
698 2131 725 2159 ‹‹
757 2108 814 2163 Si
845 2108 978 2179 quis
1005 2107 1199 2180 diligit
1230 2107 1434 2162 Deum.
1467 2128 1495 2155 »
1528 2107 1599 2161 Et
1626 2105 1756 2159 vide
1800 2104 1958 2176 quod
2016 2120 2090 2159 ne

446 2198 532 2254 ita
553 2197 792 2269 quidem
815 2197 974 2253 dicat
997 2196 1156 2269 quod
1177 2196 1482 2269 cognoscit
1505 2196 1706 2251 Deum.
1732 2194 1871 2249 sed:
1909 2215 1934 2246 ιι
1984 2194 2092 2250 Co-

446 2288 646 2361 gnitus
677 2294 767 2343 est
794 2304 828 2343 a
860 2288 975 2342 Deo
1002 2304 1015 2354 ;
1048 2309 1075 2335 ››
1110 2302 1217 2359 per
1247 2286 1356 2341 hoc
1417 2284 1846 2358 impossibilem
1888 2288 2089 2339 osten-

446 2376 594 2434 dens
628 2377 1119 2450 perfectissimam
1153 2377 1452 2437 notitiam.
1487 2381 1545 2430 et
1574 2375 1840 2446 ipsorum
1873 2372 2089 2428 tollens

2201 1919 2464 1978 ἀδύνατον
2548 1923 2963 1994 κατασκευάζων
3032 1927 3133 1994 τὴν
3202 1925 3557 1999 τελειοτάτην
3659 1933 3857 2005 γνῶσιν

2200 2011 2291 2067 καὶ
2329 2010 2599 2086 καθαιρῶν
2655 2011 2833 2067 αὐτῶν
2883 2014 2946 2069 τὸ
3004 2014 3222 2088 οἴημαγ
3274 2015 3310 2085 ἢ
3368 2016 3453 2072 ὅτι
3500 2016 3856 2095 ἐγνωσμένος

2199 2101 2345 2174 παρὰ
2387 2105 2523 2157 Θεοῦ
2577 2103 2818 2172 ἀξιοῦται
2876 2103 3298 2179 ἀποκαλύψεως,
3331 2105 3405 2169 ὠς
3464 2107 3646 2173 αὐτὸς
3703 2127 3852 2187 φησι·

2206 2216 2226 2242 ι
2267 2191 2363 2247 Καὶ
2406 2190 2638 2260 ἤκουσεν
2695 2191 2909 2267 ἄρῥητα
2964 2194 3204 2270 ῥήματα,
3243 2192 3277 2251 ἃ
3306 2195 3405 2251 οὐκ
3460 2197 3582 2268 ἐξὸν
3646 2199 3854 2275 ἀνθρώ·

2199 2300 2288 2351 πῳ
2316 2277 2579 2351 λαλῆσαι,
2614 2303 2638 2332 n
2670 2285 2831 2335 τοῦτο
2870 2278 3080 2352 δηλῶν·
3140 2285 3330 2346 ’Ὀστις
3383 2280 3501 2359 ἔχει
3558 2289 3670 2356 τῆν
3722 2287 3847 2363 ἀγα-

2201 2388 2302 2438 πη,
2337 2366 2541 2431 ἐκεῖνος
2596 2367 3043 2427 ἀποκαλύπτεται
3070 2373 3169 2440 τήν
3226 2372 3570 2449 τελειοτέραν
3630 2381 3845 2453 γνῶσιν.

444 2467 850 2539 supercilium.
881 2470 993 2523 Aut
1021 2467 1162 2539 quia
1192 2466 1240 2521 is
1272 2465 1370 2536 qui
1403 2482 1438 2520 a
1467 2465 1585 2520 Deo
1638 2464 1907 2531 cognitus
1966 2467 2075 2529 est,
2111 2458 2323 2532 dignus
2349 2458 2604 2515 habetur
2632 2461 3025 2527 revelatione;
3058 2463 3209 2520 sicut
3238 2464 3363 2535 ipse
3393 2465 3496 2529 ait,
3531 2467 3613 2522 de
3661 2469 3842 2539 seipse

444 2558 731 2630 loquens:
764 2580 792 2607 ι(
825 2558 895 2613 Et
922 2557 1144 2613 audivit
1171 2571 1388 2612 arcana
1419 2554 1597 2609 verba
1624 2570 1755 2624 quas
1789 2552 1875 2608 fas
1906 2567 2027 2607 non
2058 2555 2149 2604 est
2177 2548 2405 2604 homini
2436 2548 2598 2621 loqui
2627 2550 2712 2617 ’9;
2745 2572 2773 2602 »
2806 2549 2919 2608 hoc
2975 2552 3318 2626 significans
3382 2554 3545 2627 quod
3608 2555 3838 2613 habenti

443 2646 823 2702 dilectionem
861 2646 1175 2717 perfectior
1202 2645 1495 2700 revelatur
1524 2642 1795 2698 scientia.

519 2748 663 2815 Vlll,
695 2748 749 2811 4,
782 2750 827 2802 7.
875 2748 950 2800 De
997 2761 1089 2801 esu
1118 2746 1292 2813 igitur
1320 2759 1511 2798 eorum
1540 2757 1661 2811 quae
1700 2740 1865 2795 idolis
1892 2738 2088 2794 immo-

448 2837 656 2902 lantur,
687 2837 937 2890 novimus
966 2834 1115 2904 quod
1143 2834 1285 2888 nihil
1312 2835 1383 2887 sit
1413 2831 1621 2886 idolum
1652 2833 1711 2884 in
1758 2828 2000 2884 mundo:
2034 2834 2088 2884 et

444 2925 592 2996 quod
621 2924 808 2979 nullus
836 2923 909 2979 sit
940 2925 1079 2978 Deus
1108 2922 1251 2977 alius
1281 2921 1391 2977 nisi
1420 2936 1579 2976 unus.
1613 2921 1753 2975 Nam
1799 2921 1923 2975 licet
1975 2920 2088 2975 sint

398 3012 415 3050 ε
445 3016 544 3085 qui
563 3013 824 3069 dicantur
843 3012 945 3080 dii,
968 3015 1080 3069 sive
1102 3014 1156 3067 in
1178 3012 1309 3067 caelo
1357 3010 1469 3067 sive
1510 3012 1568 3063 in
1608 3016 1754 3064 terra
1781 3008 2087 3079 :quomodo

2269 2733 2397 2807 Περὶ
2454 2738 2554 2800 τῆς
2615 2737 2873 2810 βρώσεως
2941 2738 3032 2794 οὗν
3085 2742 3193 2795 τῶν
3254 2736 3661 2811 εἰδωλοθύτων,
3695 2740 3831 2798 οῖδα-

2200 2843 2293 2897 μιν
2349 2824 2433 2878 ὅτι
2503 2821 2654 2881 οὐδὲν
2704 2824 2935 2882 εἴδωλον
2993 2827 3045 2882 ἰν
3104 2829 3321 2902 κόσμῳ,
3380 2832 3472 2884 καὶ
3527 2831 3611 2885 δτι
3666 2828 3827 2891 οὐδεὶς

2197 2913 2327 2973 Θεὸς
2359 2912 2564 2989 ἓτερος,
2597 2914 2643 2969 εἰ
2676 2916 2753 2988 μή
2787 2916 2885 2977 εἷς.
2931 2916 3034 2974 Καὶ
3090 2918 3191 2991 γὰρ
3250 2915 3402 2993 εἴπερ
3457 2919 3553 2975 είσί
3608 2919 3810 2993 λεγόμε-

2197 3022 2281 3056 νοι
2313 3002 2449 3071 θεοὶ,
2506 3003 2615 3057 ε’ἰτε
2671 3003 2724 3058 iv
2770 3005 3010 3080 οὐρανῷ,
3044 3005 3151 3061 εἴτε
3178 3004 3266 3061 ἐπὶ
3316 3015 3420 3077 τῆς
3470 3009 3576 3080 γῆς,
3633 3004 3797 3079 ὥσπερ

443 3102 571 3156 sunt
600 3103 683 3157 dii
706 3102 867 3156 multi
897 3108 947 3156 et
978 3102 1191 3156 domini
1241 3098 1406 3155 multi
1439 3117 1451 3153 :
1502 3099 1662 3153 nobis
1714 3105 1894 3153 tamen
1942 3114 2080 3154 unus

2196 3092 2298 3148 εἰσὶ
2331 3096 2439 3157 θεοὶ
2473 3092 2681 3150 πολλοί
2729 3097 2819 3151 καὶ
2878 3098 3056 3171 κύριοι
3122 3095 3353 3167 πολλοὶ,
3386 3096 3504 3154 ἀλλ’
3556 3098 3681 3172 ἡμῖν
3731 3097 3802 3157 εἷς

422 3198 519 3246 -εει
548 3192 707 3255 Deus,
741 3193 856 3261 ipse
885 3193 1049 3245 Pater
1077 3208 1145 3245 ea:
1174 3207 1281 3261 quo
1312 3191 1497 3245 omnia
1538 3195 1587 3243 et
1642 3204 1740 3244 nos
1797 3190 1855 3243 in
1901 3189 2083 3253 illum,

444 3285 495 3333 et
526 3296 667 3334 unus
696 3281 962 3335 Dominus
990 3282 1142 3335 Jesus
1174 3280 1441 3346 Christus,
1470 3295 1567 3349 per
1591 3294 1755 3347 quem
1801 3278 1985 3332 omnia
2036 3283 2087 3333 et

442 3384 539 3423 nos
562 3384 666 3437 per
698 3368 896 3423 illum:
926 3368 1016 3423 sed
1053 3384 1163 3422 non
1203 3371 1261 3422 in
1291 3368 1540 3422 omnibus
1570 3374 1646 3422 est
1674 3368 1920 3422 scientia.

518 3543 591 3599 Ut
618 3541 760 3614 quid
791 3542 1001 3599 cristas
1028 3542 1251 3615 erigitis
1272 3542 1300 3597 ?
1328 3558 1449 3597 non
1478 3547 1672 3597 vestra
1730 3548 1816 3597 est
1874 3542 2086 3614 hujus-

437 3631 608 3688 modi
630 3632 886 3706 cognitio
912 3632 1068 3706 quod
1088 3649 1164 3688 ne
1190 3633 1309 3688 sint
1329 3634 1569 3703 quidem
1605 3632 1785 3700 idola,
1831 3632 1942 3689 hoc
1973 3639 2082 3701 est,

446 3722 596 3778 nihil
618 3722 758 3787 sint,
787 3722 1011 3779 nullius
1035 3723 1156 3778 sint
1176 3722 1485 3792 momenti,
1510 3721 1653 3793 quid
1693 3722 1852 3777 enim
1884 3730 2085 3780 essent

445 3812 606 3881 ligna
637 3816 696 3867 et
724 3811 953 3883 lapides
973 3812 1000 3867 ?
1029 3829 1238 3868 omnes
1268 3812 1378 3867 hoc
1408 3811 1679 3870 novimus
1713 3818 1771 3866 et
1806 3828 1927 3868 non
1983 3829 2082 3868 vos

436 3902 568 3957 soli.
593 3901 655 3956 In
687 3902 1144 3958 mundoidolum
1170 3904 1323 3959 492
1353 3902 1504 3957 nihil
1554 3908 1680 3968 est;
1717 3901 1828 3959 hoc
1855 3909 1965 3969 est,
1997 3902 2083 3959 ni-

401 3989 520 4045 .hil
549 4007 755 4045 eorum
789 4007 919 4063 qua:
940 3998 1079 4047 sunt
1107 3992 1168 4046 in
1189 3992 1410 4048 mundo
1441 3998 1532 4047 est
1555 3991 1799 4057 idolum,
1828 3991 2078 4048 sedvani

431 4080 653 4134 inventi
686 4081 903 4136 effictio
932 4088 1023 4137 est
1052 4088 1109 4136 et
1142 4082 1484 4154 imaginatio
1511 4099 1523 4137 :
1559 4081 1690 4137 ideo
1723 4082 1783 4136 in
1816 4082 1957 4138 solis
1973 4083 2076 4138 ho-

408 4186 562 4225 rrum
596 4171 895 4227 mentibus
936 4172 1230 4228 idolorum
1261 4172 1594 4228 substantia
1624 4173 1825 4228 sedem
1876 4173 2074 4248 habet,

408 4276 560 4315 ~cum
593 4260 653 4316 in
685 4262 851 4317 nullo
910 4263 1027 4317 alio
1080 4262 1312 4334 possint
1366 4262 1584 4319 habere
1642 4263 2072 4320 exsistenliam.

428 4370 458 4399 «
489 4352 559 4405 Et
596 4352 755 4421 quod
785 4352 988 4407 nullus
1022 4352 1099 4406 sit
1130 4352 1283 4406 Deus
1312 4350 1486 4406 alius.
1523 4371 1547 4402 ι
1585 4352 1704 4407 Hoc
1734 4353 1806 4407 ad
1832 4353 1965 4407 illos
1992 4354 2077 4408 di-

2195 3183 2324 3244 Θεὸς
2373 3184 2401 3238 ὁ
2436 3186 2620 3259 Πατὴρ
2673 3184 2722 3255 ἐξ
2784 3187 2846 3240 οὗ
2889 3187 2956 3242 τὶ
3002 3187 3199 3257 πάντα,
3259 3187 3348 3243 καὶ
3406 3191 3567 3260 ἡμεῖς
3624 3188 3695 3249 εἷς
3729 3186 3814 3241 αὖ·

2192 3274 2308 3341 τὸν,
2367 3274 2458 3329 καὶ
2543 3275 2620 3337 εἶς
2688 3277 2890 3351 Κύριος
2954 3278 3169 3348 Ἰησοῦς
3226 3279 3476 3354 Χριστὸς,
3537 3275 3609 3332 δι’
3664 3278 3721 3333 οὗ
3767 3279 3827 3332 τα

2193 3362 2366 3418 πάντα
2417 3363 2510 3419 καὶ
2567 3365 2719 3433 ὴνεῖς
2769 3362 2840 3420 δι’
2894 3366 3085 3437 αὐτοῦ,
3138 3366 3264 3423 ἀλλ’
3321 3367 3420 3423 οὐκ
3475 3367 3530 3423 iv
3584 3372 3743 3425 πᾶσιν
3794 3368 3827 3435 ἡ

2192 3456 2391 3527 γνῶσις
3694 3460 3705 3466 ’

2262 3542 2332 3598 Τί
2364 3543 2499 3619 μέγα
2534 3549 2804 3623 φρονεῖτες
2828 3562 2854 3613 ς
2911 3545 3038 3621 Οὐχ
3068 3545 3239 3620 ὑμῶν,
3272 3546 3433 3623 φησὶν
3489 3546 3526 3615 ἡ
3572 3545 3834 3618 εἷδησιςὴ

2189 3630 2419 3701 τοιαύτη
2456 3632 2618 3704 μόνον
2656 3634 2718 3688 τὸ
2773 3630 2965 3689 εἰδίναι
3005 3637 3091 3691 ὅτι
3149 3633 3273 3690 οὐδὲ
3328 3632 3441 3690 ἔστι
3495 3636 3566 3691 τὰ
3616 3634 3837 3703 εἴδωλα,

2192 3720 2304 3775 ἀντὶ
2329 3725 2447 3784 τοῦ.
2480 3718 2632 3776 οὐδὲν
2666 3722 2825 3792 ἐστιν,
2877 3720 3095 3785 οὐδενός
3144 3724 3275 3779 εἰσιν
3330 3722 3472 3794 ἄξια.
3529 3723 3594 3782 Τί
3632 3728 3738 3801 γὰρ
3784 3724 3839 3779 ἃν

2190 3807 2374 3880 ε’ίησαν
2407 3810 2541 3881 ξύλα
2597 3812 2687 3866 καὶ
2744 3810 2941 3881 λίθοις
2998 3813 3201 3876 Πάντες
3253 3817 3416 3869 τοῦτο
3468 3813 3837 3889 γινώσκομεν,

2190 3899 2279 3954 καὶ
2312 3899 2421 3978 οὐχ
2452 3899 2609 3972 ὑμεῖς
2645 3901 2821 3974 μόνοι.
2851 3934 2921 3945 —
2952 3904 3167 3976 [ΦΩΤ.]
3201 3904 3288 3960 Ἐν
3341 3903 3539 3977 κόσμῳ
3595 3903 3834 3960 εἶ’διυλον

2190 3985 2340 4042 οὐδέν
2377 3989 2509 4045 ἐστι.
2543 3992 2853 4059 Τουτὲστιν,
2885 3989 3037 4047 οὐδὲν
3068 3990 3181 4047 ἐστι
3215 3996 3323 4048 τῶν
3353 3991 3404 4047 iv
3435 3991 3634 4066 κόσμῳ
3668 3994 3833 4051 ὅντων

2167 4078 2247 4132 ’τὸ
2304 4075 2558 4151 εἴδωλον,
2620 4078 2862 4142 ἐπινοίας
2920 4076 2978 4136 δὶ
3039 4080 3268 4154 ματαίας
3316 4079 3702 4156 ἆναπλασμὸς,
3749 4081 3829 4137 καὶ

2186 4164 2551 4230 ἀνατύπωσις.
2587 4168 2681 4224 Διὸ
2715 4167 2767 4223 iv
2800 4189 2992 4241 μοναις
3048 4176 3165 4231 ταῖς
3220 4170 3427 4227 τούτων
3485 4168 3759 4235 διανοίαις
3795 4173 3825 4239 ἠ

2183 4259 2294 4311 τῶν
2326 4254 2571 4312 εἰδώλων
2606 4257 2830 4330 ὕπαρξις
2869 4255 3110 4333 ἵδρυται,
3143 4258 3195 4313 iv
3230 4258 3389 4332 ἄλλῳ
3440 4257 3621 4316 οὐδενὶ
3686 4260 3830 4316 Sava-

2187 4345 2362 4418 μὲνων
2393 4345 2540 4421 ἔχειν
2584 4347 2683 4415 τὴν
2736 4346 3047 4405 ὑπόστασιν.
3099 4373 3127 4402 (ι
3163 4348 3266 4405 Καὶ
3323 4350 3406 4404 ὅτι
3464 4347 3645 4413 ούδεῗς
3706 4351 3826 4411 Θεὸς

427 4440 581 4495 citur
606 4441 706 4511 qui
732 4441 1155 4497 existimabant
1178 4441 1336 4513 ligna
1360 4440 1487 4513 ipsa
1511 4448 1568 4497 et
1606 4441 1834 4512 lapides
1881 4442 2072 4498 idolo-

2194 4433 2383 4508 ἕτερος.
2415 4462 2437 4490 ι
2473 4438 2648 4492 Τοῦτο
2679 4437 2814 4510 πρὸς
2853 4438 2980 4500 τοὺς
3024 4439 3351 4512 νομίζοντας
3400 4438 3532 4495 αὗτᾶ
3587 4441 3658 4496 τὰ
3700 4442 3825 4511 ξύλα

423 4544 579 4597 rum,
611 4529 874 4599 aliquam
906 4529 1124 4585 habere
1185 4529 1531 4600 potentiam.
1566 4551 1594 4579 «
1650 4528 1771 4584 Nisi
1830 4546 2004 4586 unus.
2040 4553 2068 4580 ››

424 4615 512 4671 Ad
544 4617 680 4671 illos
713 4617 823 4672 hoc
853 4618 1128 4689 dirigitur
1157 4618 1255 4688 qui
1288 4617 1689 4689 opinabantur
1718 4618 1946 4673 divinas
1968 4618 2070 4673 ali-

425 4721 572 4773 quas
592 4705 840 4761 virtutes
862 4708 1095 4778 assequi
1122 4714 1346 4763 statuas
1364 4706 1684 4762 idolorum.
1716 4729 1743 4758 ‹‹
1767 4709 1908 4763 Nam
1932 4707 2071 4762 licet

425 4792 548 4847 sint
577 4794 678 4864 qui
711 4794 987 4852 dicantur
1011 4797 1113 4851 dii.
1142 4818 1168 4848 ιι
1207 4796 1495 4862 Quoniam
1530 4796 1713 4853 dixit:
1774 4819 1801 4847 «
1860 4796 2068 4852 Nullus

421 4879 574 4935 alius
606 4888 696 4937 est
718 4883 893 4950 Deus,
922 4908 948 4934 ››
981 4886 1473 4942 existimabantur
1509 4893 1707 4942 autem
1731 4885 1885 4957 apud
1908 4886 2067 4940 Gras-

413 4976 518 5027 ‘cos
550 4972 651 5027 alii
676 4989 803 5029 esse
844 4974 945 5041 dii,
979 4992 1054 5030 ne
1084 4977 1395 5033 manifeste
1428 4977 1766 5032 Grmcorum
1796 4975 2064 5047 opinioni

418 5063 575 5132 (qum
635 5063 745 5118 etsi
804 5079 1053 5120 erronea
1109 5072 1253 5131 erat,
1315 5072 1576 5122 attamen
1652 5064 2061 5137 praevaluerat)

420 5157 622 5222 aperte
653 5154 991 5209 contrarius
1022 5170 1149 5210 esse
1184 5154 1473 5222 videatur,
1503 5155 1630 5211 vide
1664 5154 1806 5226 quid
1859 5155 2017 5211 dicat
2045 5171 2060 5208 :

402 5263 445 5289 ει(
479 5242 584 5307 Qui
623 5243 922 5300 dicuntur.
957 5267 986 5295 ››
1014 5245 1083 5298 Et
1112 5243 1262 5299 bene
1296 5268 1323 5295 «
1358 5245 1465 5311 Qui
1498 5244 1811 5310 dicuntur;
1876 5265 1899 5295 ν
1951 5261 2058 5299 ne-

412 5345 527 5400 que
558 5332 718 5389 enim
738 5340 878 5390 sunt
906 5334 1192 5391 absolute.
1230 5336 1373 5390 Nam
1432 5342 1534 5390 aut
1592 5341 1729 5390 sunt
1789 5335 1848 5389 in
1887 5334 2055 5402 cmlo,

422 5427 567 5489 puta
586 5422 676 5478 sol
697 5430 757 5479 et
781 5425 943 5481 luna:
975 5430 1080 5481 aut
1109 5425 1170 5480 in
1197 5424 1587 5497 terra,quales
1609 5425 1765 5497 apud
1788 5440 1887 5482 eos
1918 5430 2057 5481 sunt

399 5504 642 5567 heroes.
664 5513 1287 5588 Quanquamigiturin
1302 5515 1448 5571 caelo
1494 5520 1554 5571 et
1589 5514 1650 5570 in
1674 5520 1830 5570 terra
1869 5514 2054 5570 Grsaci

475 5662 517 5698 θ’
545 5665 595 5720 Il
620 5665 749 5723 Cor.
783 5686 883 5739 ιιι,
912 5673 946 5727 ι

634 5856 677 5896 ἐτι

2177 4524 2267 4579 καὶ
2297 4525 2425 4587 τοὺς
2463 4524 2652 4589 λίθους
2681 4531 2788 4581 τῶν
2817 4524 3065 4583 εἷδώλων
3113 4527 3260 4602 ἔχειν
3312 4531 3434 4584 τινὰ
3487 4529 3675 4606 ίσχύν,
3711 4555 3739 4583 κ
3769 4527 3825 4586 El

2182 4614 2260 4685 μή
2294 4615 2394 4677 εἷς.
2424 4641 2444 4668 ι
2472 4619 2640 4670 Τοῦτο
2673 4618 2811 4691 πρὸς
2840 4615 2965 4679 τοὺς
3012 4618 3333 4690 νομίζοντας
3390 4616 3535 4689 δυνά,
3558 4640 3650 4681 εις
3681 4618 3821 4677 τινὰς

2179 4703 2323 4766 θείας
2352 4703 2680 4780 παρέπεσθαι
2729 4710 2846 4767 τοῖς
2902 4711 3011 4762 τῶν
3069 4706 3315 4764 εἶδώλων
3371 4708 3604 4778 ξοάνοις,
3668 4736 3696 4762 (ι
3732 4707 3820 4764 Καὶ

2176 4795 2281 4872 γὰρ
2313 4792 2467 4868 ε’ίπερ
2494 4794 2596 4850 εἰσὶ
2629 4794 2913 4870 λεγόμενοι
2945 4796 3079 4853 Θεοί.
3117 4821 3144 4848 ››
3192 4794 3412 4867 Ἐπειδή
3459 4798 3627 4868 εἶπεν,
3663 4824 3691 4851 ‹‹
3721 4797 3821 4856 Οὖ-

2176 4879 2285 4946 δεῖς
2316 4885 2468 4947 Θεὸς,
2503 4910 2524 4937 ι
2562 4883 2876 4957 ἐνομίζοντο
2918 4882 2973 4940 δὲ
3024 4886 3151 4960 παρ’
3206 4883 3476 4956 Ἕλλησιν
3526 4886 3691 4956 εἶναι,
3737 4886 3819 4941 ἳνα

2177 4974 2254 5045 μὴ
2286 4976 2355 5047 τῇ
2389 4976 2584 5050 φανερᾷ
2617 4970 2744 5047 δόξῃ
2790 4977 2897 5029 τῶν
2929 4970 3215 5044 Ἑλλήνων
3274 4977 3342 5047 τῇ
3400 4972 3815 5051 «animam,

2172 5062 2447 5136 κρατούσῃ
2507 5059 2566 5116 δὲ
2596 5060 2773 5136 ὅμως,
2806 5060 3175 5118 ἐναντιοῦσθαι
3208 5060 3336 5137 δόξῃ
3396 5064 3497 5139 ὅρα
3550 5066 3608 5121 τί
3665 5085 3812 5144 φησι.

2174 5176 2202 5205 ι(
2239 5151 2559 5225 Λεγόμενοι.
2590 5149 2828 5214 »Καλῶς
2857 5152 2940 5220 τὸ,
2965 5175 2995 5205 ‹‹
3024 5152 3345 5226 Λεγόμενοι.
3371 5175 3400 5205 »
3426 5152 3544 5210 Οὐκ
3569 5152 3671 5210 εἶσὶ
3693 5155 3810 5232 γὰρ.

2170 5241 2292 5301 Εἰσὶ
2323 5241 2427 5317 γάρ
2460 5240 2513 5296 iv
2547 5242 2787 5317 οὐρανῷ,
2836 5245 2953 5299 οἷον
3019 5243 3180 5310 ἣλιος
3210 5245 3301 5299 καὶ
3345 5244 3573 5316 σελήνη*
3604 5245 3690 5301 ἐπὶ
3720 5250 3813 5319 γῆς

2170 5327 2225 5385 δὲ
2255 5331 2307 5385 οἱ
2338 5332 2465 5403 παρ’
2497 5330 2681 5391 αὐτοῖς
2713 5333 2911 5401 ἥρωες.
2957 5332 3025 5390 Ei
3078 5333 3179 5406 γὰρ
3234 5332 3287 5387 iv
3337 5331 3552 5408 οὖρανῷ
3589 5334 3679 5390 καὶ
3729 5332 3806 5388 ἐπὶ

2166 5427 2271 5497 γῆς
2301 5416 2504 5497 ἔχωσιν
2536 5421 2587 5476 οἱ
2634 5418 2907 5491 ’Έλληνες
2939 5421 3186 5485 πολλοὺς
3218 5423 3372 5486 θεοὺς
3426 5424 3515 5479 καὶ
3567 5422 3804 5499 κυρίους,

2165 5508 2295 5567 ἀλλ’
2344 5512 2480 5583 ἡμῖν
2513 5510 2593 5574 εἷς
2624 5510 2776 5574 Θεός.
2813 5536 2841 5564 (ι
2882 5510 3026 5571 Θεοί.
3054 5536 3083 5564 ››
3139 5510 3285 5583 Φησὶ
3314 5514 3438 5591 γὰρ,
3500 5513 3628 5577 τοὺς
3656 5509 3804 5591 ἀγγέ-
