4106 6252
448 386 564 446 ’151

1547 370 1959 433 tEGUMENll
2003 369 2309 432 TRICCIE
2350 373 2709 436 EPISCUPI

3771 368 3894 427 ’152

453 536 626 594 usque
671 518 745 574 ad
793 515 892 572 hoc
947 519 1176 583 tempus,
1237 516 1504 581 tanquam
1549 507 1713 563 idolis
1757 506 2099 563 immolatum

2223 502 2287 568 ὥς
2347 504 2711 565 εἰδωλόθυτον
2792 504 3080 573 ἐσθίουσιν,
3140 503 3231 561 καὶ
3288 505 3324 575 ἠ
3393 500 3721 573 συνείδησις
3786 502 3896 557 αὖ·

452 613 666 670 edunt:
695 615 748 665 et
778 605 1118 663 conscientia
1164 600 1388 657 illorum
1431 616 1555 655 cum
1601 602 1673 655 sit
1718 601 1943 667 inﬁrma
1974 597 2108 669 pol-

454 704 652 758 luitur.
686 699 860 768 Atqui
903 711 1023 751 esca
1069 708 1165 747 nos
1212 708 1322 746 non
1370 689 1707 745 commendat
1755 690 1901 743 Deo:
1931 703 2105 758 neque

450 793 499 848 si
526 789 893 847 comedamus,
944 782 1165 855 aliquid
1209 782 1367 837 nobis
1410 782 1603 849 magni
1649 779 1895 834 accedit:
1930 793 2104 848 neque

450 886 501 940 si
530 899 639 937 non
670 879 1034 941 comedamus,
1066 874 1369 945 quidquam
1395 873 1553 927 nobis
1581 871 1746 925 deest.

529 972 742 1027 Dicens
773 991 800 1019 ‹‹
854 963 1217 1028 Nonnulli,-»
1262 979 1381 1016 non
1431 960 1772 1015 manifestat
1816 958 1997 1029 ipsos,
2028 973 2103 1014 ne

458 1061 715 1133 amplius
738 1076 839 1114 eos
870 1053 1224 1128 pudefaciat.
1250 1074 1279 1101 ‹.
1315 1052 1508 1121 Usque
1535 1049 1608 1104 ad
1641 1048 1750 1103 hoc
1783 1054 2036 1118 tempus.
2074 1072 2095 1100 ι

458 1152 634 1207 Vides
659 1166 775 1204 non
800 1162 1008 1202 omnes
1039 1158 1214 1198 nosse
1246 1139 1401 1212 quod
1434 1139 1587 1193 nihil
1620 1139 1740 1192 sint
1770 1135 1974 1191 idola?
1998 1137 2102 1191 De-

458 1242 640 1312 nique
671 1237 911 1309 quidam
945 1234 1017 1289 ad
1051 1232 1160 1287 hoc
1192 1246 1379 1299 usque
1414 1236 1666 1299 tempus,
1694 1226 1750 1281 id
1783 1232 1890 1293 est,
1925 1226 2105 1280 etiam

457 1336 773 1404 postquam
805 1323 1208 1385 crediderunt,
1234 1319 1410 1374 idolis
1432 1317 1738 1372 immolata
1771 1316 1955 1371 edunt
1982 1322 2107 1370 tan-

458 1436 638 1492 quam
671 1416 847 1473 idolis
894 1412 1223 1469 immolata.
1256 1410 1366 1464 hoc
1415 1414 1521 1466 est.
1556 1422 1626 1462 ea
1672 1412 1873 1462 mente
1903 1421 2017 1477 qua
2049 1409 2108 1459 et

459 1507 664 1576 Graeci,
698 1514 980 1577 tanquam
1028 1499 1439 1557 existimantes
1482 1496 1642 1551 idola
1689 1495 1919 1567 aliquid
1949 1510 2102 1550 esse.

461 1598 609 1665 Quia
639 1612 775 1669 ergo
809 1593 1109 1649 infirmam
1141 1606 1207 1646 ac
1238 1588 1496 1644 debilem
1532 1585 1755 1641 habent
1784 1585 2103 1641 conscien-

460 1690 627 1756 tiam,
660 1686 1010 1759 polluuntur
1045 1682 1310 1744 edentes,
1343 1692 1686 1749 quanquam
1725 1674 1949 1746 alioqui
1980 1689 2102 1729 non

462 1778 892 1852 polluerentur.
926 1771 1082 1828 494
1110 1771 1299 1835 Quare
1344 1771 1544 1822 autem
1583 1765 1624 1818 ii
1669 1764 1771 1834 qui
1802 1764 2102 1819 infirmam

2209 600 2317 652 τῶν
2360 599 2587 671 ἀσθενής
2645 600 2781 656 οὗσα
2841 596 3153 672 μολῦνεται.
3216 600 3423 671 Βρῶμα
3479 591 3537 651 δὲ
3597 595 3771 668 ἡμᾶς
3832 591 3896 649 οὗ

2212 688 2506 762 παρίστησι
2558 695 2639 763 τῷ
2696 693 2833 763 Θεῷ.
2901 688 3040 747 Οὔτε
3118 687 3223 763 γὶρ
3281 684 3368 740 ἐὰν
3452 684 3741 760 φάγωμεν
3801 703 3896 738 πε-

2214 779 2558 853 ρισσεύομεν,
2618 777 2741 835 οὔτε
2821 778 2907 833 ἐάν
2994 778 3070 851 μὴ
3151 777 3414 855 φάγωμεν
3471 771 3896 849 ὑστερούμεθα.

2283 977 2487 1048 Λεγων,
2519 996 2547 1023 ι(
2582 971 2755 1039 Τινὶς,
2790 994 2815 1024 ι
2875 970 2975 1026 οὐκ
3006 969 3383 1027 ἀποκαλύπτει
3412 965 3645 1031 αὐτοῦς,
3681 967 3781 1019 ἳνα
3819 966 3895 1037 μή

2213 1059 2736 1135 ἀναισχυντοτέρους
2781 1062 3015 1135 ποιῆτῃ.
3070 1083 3099 1112 α
3145 1062 3291 1122 Ἕως
3339 1055 3477 1133 ἄρτι.
3517 1080 3545 1107 »
3588 1056 3782 1127 Ὁρᾷς
3814 1055 3895 1108 ὅτι

2214 1147 2276 1202 οὗ
2320 1151 2513 1211 παντες
2560 1147 2737 1204 ἴσασιν
2789 1150 2874 1205 ὅτι
2927 1148 3079 1204 οὐδέν
3113 1147 3223 1204 ἐστι
3272 1148 3341 1204 τὶ
3390 1144 3605 1201 εἴδωλα
3638 1165 3655 1213 ;
3691 1142 3898 1216 ἀμέλει

2210 1233 2315 1299 ἓως
2348 1239 2465 1313 ἄρτι
2497 1240 2663 1306 τινὲς,
2717 1239 2984 1303 τουτέστι,
3043 1243 3133 1293 καί
3190 1238 3324 1309 μετά
3370 1237 3434 1292 τὸ
3466 1238 3810 1302 πιστεῦσαι,
3836 1235 3901 1289 τὰ

2213 1325 2552 1392 εἰδωλόθυτα
2610 1330 2684 1391 ὡς
2742 1325 3084 1392 εἰδωλόθυτα
3134 1327 3391 1397 ἐσθίουσι,
3449 1329 3725 1381 τουτέστι
3766 1324 3906 1395 μετά

2211 1423 2312 1487 τῆς
2344 1418 2517 1489 αὐτῆς
2543 1419 2773 1493 γνώμης
2809 1420 2922 1486 μεθ’
2952 1421 3018 1487 ἧς
3048 1417 3137 1473 καὶ
3171 1418 3225 1472 οἰ
3255 1414 3551 1487 Ἕλληνες,
3590 1415 3678 1477 ὡς
3719 1411 3909 1492 ἧγοῦ-

2218 1526 2372 1580 μενοι
2425 1508 2562 1562 εἷναί
2615 1530 2668 1564 τι
2721 1508 2789 1563 τὶ
2843 1504 3070 1562 ε’δωλι.
3104 1506 3258 1565 Ἐπεὶ
3289 1504 3379 1560 οὖν
3408 1504 3617 1571 ἀσθενῆ
3670 1513 3774 1557 καὶ
3810 1522 3907 1557 σα-

2215 1595 2379 1672 σθράν
2428 1592 2617 1672 ἔχουσι
2668 1599 2769 1666 τήν
2826 1593 3153 1667 συνείδησιν,
3217 1592 3545 1670 μολόνονται
3581 1590 3905 1663 ἐσθίοντες,

2215 1683 2259 1739 εἰ
2291 1684 2382 1740 καί
2417 1687 2493 1758 μή
2526 1684 2884 1759 ἐμολύνοντο.
2919 1685 3016 1742 Διά
3061 1684 3117 1739 τί
3169 1681 3227 1740 δὲ
3281 1685 3357 1757 μὴ
3413 1679 3649 1758 ἔχοντες
3685 1683 3901 1749 ἀσθενῆ

2210 1779 2310 1847 τήν
2342 1774 2672 1849 συνείδησιν,
2701 1776 2801 1832 οὐκ
2829 1774 3165 1849 ἐμολῦνοντο
3190 1795 3206 1848 ;
3227 1777 3349 1832 Ὅτι
3376 1773 3475 1827 οὐκ
3505 1771 3618 1826 εἰσί
3647 1793 3708 1827 τι
3746 1769 3901 1833 ὅλως

458 1884 580 1923 non
618 1865 844 1921 habent
886 1858 1331 1925 conscientiam,
1366 1872 1485 1911 non
1534 1852 1930 1926 polluuntur?
1958 1853 2104 1918 Quia

2223 1868 2277 1924 τά
2349 1867 2576 1938 εἲδωλα,
2649 1866 2802 1925 οὐδέν
2859 1866 3016 1941 εἰσιν,
3093 1864 3312 1927 οὐδενὸς
3376 1863 3518 1934 ἄξια,
3584 1861 3903 1941 ἀνωφελῆ.

461 1957 705 2014 omnino
729 1969 849 2009 non
868 1955 1008 2006 sunt
1029 1946 1356 2020 quidquam
1378 1943 1557 2009 idola,
1580 1942 1735 1998 nihil
1755 1948 1916 2010 sunt,
1939 1941 2106 1998 nullo

465 2047 647 2118 digna
696 2047 856 2107 sunt,
889 2037 1128 2094 inutilia
1179 2039 1337 2091 sunt.
1374 2056 1402 2085 ‹‹
1435 2033 1612 2104 Atqui
1662 2048 1797 2089 esca
1837 2048 1948 2088 nos
1987 2047 2109 2087 non

462 2130 843 2191 commendat
873 2133 1009 2184 Deo.
1037 2148 1066 2177 »
1098 2127 1178 2181 Ne
1209 2124 1370 2196 quod
1394 2121 1715 2178 verisimile
1747 2128 1839 2178 est
1870 2122 2108 2178 dicant:

463 2224 580 2296 Ego
611 2235 760 2293 pura
791 2216 900 2273 edo
932 2213 1319 2278 conscientia,
1352 2218 1412 2268 et
1451 2212 1595 2284 quid
1634 2212 1780 2267 mihi
1810 2229 1968 2269 cura;
1999 2217 2108 2281 est,

463 2311 513 2366 si
564 2309 698 2381 quis
749 2322 818 2362 ex
867 2303 1277 2360 imbecillitate
1330 2301 1591 2373 patiatur
1637 2300 2113 2357 oﬂ'endiculum?

466 2398 727 2456 ostendit
775 2396 934 2469 quod
982 2396 1177 2467 ipsum
1227 2408 1463 2466 quoque
1515 2392 1689 2449 edere
1734 2399 2019 2465 tanquam
2050 2392 2113 2447 in

465 2495 873 2562 contemptum
898 2486 1191 2543 idolorum
1209 2484 1360 2541 nihil
1379 2490 1620 2557 prmstat
1643 2484 2115 2557 egregium.Nam

461 2582 572 2638 etsi
608 2580 893 2653 injuriam
925 2593 1047 2633 non
1078 2576 1349 2647 accipiat,
1377 2574 1592 2645 inquit,
1618 2574 1802 2629 frater
1829 2572 1930 2644 qui
1954 2572 2116 2627 inﬁr-

461 2688 596 2730 mus
627 2676 735 2736 est,
769 2685 845 2724 ne
878 2668 961 2723 ita
991 2666 1233 2738 quidem
1269 2663 1495 2733 aliquid
1540 2679 1745 2718 eorum
1777 2678 1909 2732 quas
1942 2660 2115 2716 laude

471 2762 650 2833 digna
675 2764 816 2816 sunt
840 2756 1107 2813 elleceris
1133 2772 1147 2810 :
1181 2760 1282 2811 aut
1304 2770 1434 2824 quas
1462 2753 1524 2807 in
1552 2767 1801 2825 regnum
1832 2750 2115 2807 cmlorum

468 2850 753 2905 inducere
804 2846 894 2901 vel
921 2844 1339 2901 commendare
1375 2841 1623 2913 possint.
1657 2840 1807 2905 Quid
1840 2839 1997 2894 enim
2031 2844 2121 2896 est

468 2939 642 2995 edere
666 2944 769 2993 aut
794 2952 915 2991 non
938 2934 1113 2990 edere
1138 2934 1165 2988 Τ
1192 2954 1213 2981 ι
1241 2932 1537 3003 Siquidem
1566 2946 1759 3000 neque
1784 2929 1829 2984 si
1851 2929 2122 2986 comeda-

458 3045 614 3095 mus,
654 3026 883 3100 aliquid
915 3024 1088 3080 nobis
1120 3022 1316 3092 magni
1363 3019 1608 3077 accedit.
1645 3042 1672 3068 ››
1709 3019 1825 3075 Ηοο
1858 3024 1966 3087 est,
1998 3036 2121 3075 non

461 3117 609 3194 grati
628 3133 835 3173 sumus
851 3113 1008 3187 apud
1026 3119 1204 3169 Deum
1222 3118 1501 3182 tanquam
1524 3108 1716 3181 magni
1735 3108 1963 3180 aliquid
1984 3126 2126 3180 pras-

470 3207 823 3265 stiterimus.
847 3211 907 3260 et
928 3202 1250 3260 crescimus
1281 3201 1342 3255 in
1371 3199 1563 3255 laude.
1592 3199 1682 3254 Illi
1717 3199 1875 3255 enim
1909 3215 1979 3253 ex
2009 3198 2121 3255 hoc

2217 1980 2248 2009 ‹‹
2280 1961 2483 2033 Βρῶμα
2541 1953 2598 2012 δὲ
2648 1958 2796 2030 ἡμᾶς
2844 1953 2905 2010 οὖ
2954 1952 3247 2030 παρίστησι
3276 1956 3354 2025 τῷ
3383 1956 3523 2024 Θεῷ.
3559 1975 3589 2003 ιι
3626 1952 3761 2008 Ἵνα
3795 1951 3895 2025 μή,

2214 2047 2309 2101 οἰα
2348 2046 2511 2116 εἰκὸς,
2572 2044 2816 2102 εἴπωσιν·
2858 2044 3002 2120 Ἐγὼ
3056 2045 3267 2117 καθαρᾷ
3325 2041 3485 2098 ἑστίω
3544 2038 3898 2111 συνειδήσει,

2213 2134 2304 2190 καὶ
2332 2134 2385 2190 τί
2419 2156 2511 2209 μοι
2547 2132 2701 2209 μέλει
2755 2131 2810 2190 εἶ’
2832 2155 2914 2197 τις
2972 2131 3043 2188 δι’
3099 2132 3367 2197 ἀσθένειαν
3416 2127 3898 2200 σκανδαλίζεταις

2215 2221 2481 2280 δείκνυσιν
2516 2224 2599 2279 δτι
2629 2223 2720 2279 καὶ
2771 2222 2901 2278 αὐτὸ
2958 2221 3020 2278 τὸ
3075 2226 3261 2299 φαγεῖν
3294 2220 3371 2283 ὡς
3399 2217 3488 2276 έπί
3520 2220 3895 2299 κατεφρονή-

2216 2333 2295 2367 σει
2325 2316 2433 2368 τῶν
2463 2309 2731 2379 εἰδώλων,
2786 2308 2942 2367 οὐδὲν
3003 2310 3247 2385 γενναῖόν
3305 2307 3443 2365 ἐστι.
3506 2307 3617 2364 Κᾶν
3665 2309 3780 2385 γὰρ
3818 2309 3891 2380 μή

2216 2398 2489 2471 ἠδικεῖτο,
2522 2423 2709 2479 φησιν,
2768 2402 2796 2455 6
2843 2397 3078 2474 ἀδελφὸς
3132 2398 3362 2468 ἀσθενῆς
3408 2396 3509 2466 ὢν,
3545 2396 3682 2454 οὐδὲ
3714 2396 3893 2459 οὕτως

2217 2511 2270 2545 τι
2326 2495 2434 2546 τῶν
2487 2488 2892 2564 ἐπαινουμένων
2947 2488 3167 2555 ἐποίεις,
3199 2485 3235 2558 ἤ
3285 2491 3392 2543 τῶν
3458 2486 3539 2549 εἰς
3595 2486 3891 2562 βασιλείαν

2217 2584 2315 2635 τοῦ
2347 2584 2482 2636 Θεοῦ
2511 2581 2821 2658 εἰσαγαγεῖν
2873 2578 2964 2635 καὶ
3022 2584 3365 2650 παραστῆσαι
3419 2573 3771 2651 δυναμένων.
3828 2576 3888 2632 Τί

2219 2667 2319 2743 γάρ
2344 2668 2454 2724 ἐστι
2487 2675 2677 2744 φαγεῖν
2709 2668 2800 2724 καί
2835 2670 2910 2742 μὴ
2942 2673 3133 2746 φαγεῖν
3161 2685 3175 2737 ;
3210 2692 3235 2719 ι(
3261 2664 3401 2725 Οὕτε
3429 2666 3530 2743 γὰρ
3564 2666 3655 2721 ἐὰν
3690 2669 3883 2744 φάγω-

2225 2776 2319 2831 μεν
2380 2758 2857 2832 περισσεύομεν.»
2913 2756 3228 2826 Τουτέστιν,
3259 2753 3679 2831 Εῦδοκιμ)ῦμεν
3730 2756 3879 2830 παρὰ

2222 2850 2340 2919 Θεῷ
2370 2846 2445 2910 ὡς
2500 2847 2640 2927 μέγα
2692 2869 2745 2904 τι
2805 2847 3190 2918 πεποιηκότες,
3247 2846 3338 2902 καὶ
3393 2846 3775 2921 περισσεύομεν
3808 2845 3864 2899 έν

2224 2935 2451 3009 ἐπαίνῳ.
2513 2931 2911 3011 Ἑνηϐρῦνεντο
2968 2938 3075 3011 γὰρ
3130 2934 3329 2991 ἐκεῖνοι
3386 2932 3467 2991 ὲπί
3520 2933 3698 3003 τούτῳ,
3757 2932 3854 2985 καί

2228 3023 2493 3081 δείκνυσιν
2551 3025 2747 3089 αὐτοὺς
2806 3023 2958 3082 οὐδὲν
3012 3029 3330 3088 ποιοῦντας.
3397 3048 3420 3079 ι
3466 3019 3592 3080 Οὔτε
3645 3020 3731 3075 ἐέν
3766 3020 3849 3095 μή

2227 3114 2882 3192 φάγωμενῦστεροῦμεθα.
2917 3138 2947 3167 ››
3002 3115 3319 3185 Τουτέστιν,
3375 3110 3763 3186 Ἐλαττυῦμεθα
3804 3107 3859 3166 ἒν

2230 3202 2455 3278 ἐπαίνῳ.

474 3295 913 3353 extollebantur
946 3309 959 3347 :
993 3299 1052 3347 et
1098 3289 1360 3346 ostendit
1417 3305 1516 3344 eos
1546 3288 1696 3344 nihil
1727 3305 1797 3343 ex
1844 3304 1914 3343 ea
1955 3305 2020 3345 re
2074 3291 2286 3352 facere.
2321 3318 2351 3346 ‹‹
2397 3296 2597 3367 Neque
2646 3295 2695 3351 si
2753 3312 2877 3353 non
2907 3294 3310 3366 comedamus,
3352 3295 3682 3368 quidquam
3709 3293 3885 3350 nobis

474 3384 662 3440 deest.
697 3406 724 3432 ››
756 3382 877 3436 Hoc
907 3386 1014 3443 est,
1050 3397 1168 3435 non
1199 3377 1512 3434 inferiores
1541 3379 1600 3432 in
1637 3377 1810 3433 laude
1842 3393 2069 3434 sumus.

553 3473 698 3543 VIII,
730 3474 887 3529 9-42.
918 3470 1026 3527 Sed
1052 3471 1229 3525 videte
1276 3484 1346 3523 ne
1373 3483 1482 3538 quo
1529 3467 1692 3523 modo
1730 3474 1976 3538 potestas
2005 3469 2111 3527 haec

2300 3470 2539 3530 Βλέπετε
2595 3470 2655 3530 δὶ
2714 3475 2790 3549 μή
2846 3494 2964 3537 πως
3019 3475 3055 3544 ἡ
3110 3471 3325 3546 ἐξουσία
3382 3472 3535 3546 ὑμῶν
3576 3470 3718 3543 αὕτη
3749 3471 3891 3548 πρό-

474 3570 656 3621 cestra
685 3559 1014 3633 offendicula
1063 3562 1161 3628 ﬁat
1207 3560 1275 3613 iis
1318 3558 1416 3628 qui
1463 3555 1673 3627 inﬁrmi
1717 3563 1862 3613 sunt.
1909 3560 2120 3615 Etenim

475 3657 525 3710 si
552 3654 677 3725 quis
705 3650 1051 3721 conspemeiit
1094 3654 1144 3703 te
1173 3648 1277 3718 qui
1324 3645 1483 3702 habes
1530 3648 1837 3717 scientiam,
1869 3647 1931 3703 in
1961 3649 2121 3720 epulo

476 3743 759 3800 idolorum
788 3739 1211 3804 accumbentem,
1244 3752 1427 3792 nonne
1478 3738 1811 3793 conscientia
1853 3738 1971 3808 ejus
1999 3754 2120 3795 cum

476 3837 725 3905 inﬁrmus
756 3831 848 3897 sit,
883 3829 1251 3899 adiﬁcabitur
1278 3827 1352 3883 ad
1380 3827 1645 3883 edendum
1674 3843 1798 3899 quae
1825 3827 1990 3884 idolis
2014 3830 2119 3884 im-

476 3925 686 3981 molata
713 3923 887 3978 sunt?
915 3922 987 3975 Et
1028 3919 1236 3990 peribit
1282 3915 1383 3988 qui
1428 3919 1679 3986 inﬁrmus
1725 3923 1801 3974 est
1847 3920 2025 3988 frater
2052 3921 2121 3976 ob

476 4022 629 4070 tuam
657 4014 961 4078 scientiam,
985 4014 1217 4080 propter
1258 4024 1417 4079 quem
1465 4007 1709 4064 Christus
1737 4015 1981 4065 mortuus
2022 4016 2118 4065 est.

473 4104 564 4159 Sic
593 4108 777 4157 autem
798 4106 1090 4171 peccantes
1132 4100 1191 4151 in
1236 4099 1461 4166 fratres,
1510 4105 1563 4151 et
1587 4100 1957 4167 percutientes
1985 4114 2118 4154 con-

474 4193 758 4249 scientiam
786 4190 1009 4244 illorum
1042 4190 1336 4257 inﬁrmam,
1367 4188 1427 4241 in
1459 4186 1730 4242 Christum
1754 4191 2011 4258 peccatis.

548 4281 844 4338 Terrentis
895 4295 1090 4335 sermo
1141 4282 1248 4333 est.
1284 4298 1311 4327 κ
1345 4278 1424 4332 Ne
1474 4293 1590 4348 quo
1637 4277 1814 4333 modo
1859 4282 2120 4349 potestas

478 4374 623 4428 hinc.
658 4392 687 4421 »
745 4370 872 4425 Non
930 4367 1098 4435 dixit,
1154 4366 1430 4434 Scientia,
1481 4370 1581 4421 aut
1627 4366 1956 4435 Perfectio;
1991 4367 2119 4435 sed,

479 4485 507 4513 κ
543 4464 831 4531 Potestas,
866 4482 895 4510 »
926 4458 1085 4530 quod
1115 4455 1506 4512 immodestia:
1539 4460 1629 4511 est
1657 4461 1714 4511 et
1742 4459 2116 4531 arrogantiae.

480 4573 505 4605 α
540 4548 907 4609 Oﬂ'endiculo
939 4548 1062 4615 flat,
1098 4569 1124 4597 »
1176 4546 1287 4601 hoc
1335 4551 1443 4607 est,
1477 4545 1795 4600 offensioni
1848 4552 1904 4601 et
1948 4563 2117 4602 ever-

475 4641 649 4696 sioni.
681 4639 894 4696 Dicens
927 4642 1127 4693 autem
1152 4653 1165 4690 :
1192 4657 1219 4685 «
1254 4634 1330 4691 lis
1352 4635 1453 4705 qui
1484 4634 1708 4689 infirmi
1741 4640 1899 4703 sunt,
1933 4657 1961 4685 ‹‹
1994 4651 2117 4690 car-

468 4729 557 4799 pit
585 4730 747 4800 ipsos
773 4727 930 4798 quod
954 4742 1027 4781 ne
1051 4726 1306 4782 infirmis
1328 4724 1569 4796 quidem
1593 4730 1906 4795 parcerent
1926 4725 2116 4781 fratri-

472 4819 606 4882 bus,
638 4818 854 4889 quibus
903 4816 1215 4887 oportebat
1266 4815 1445 4869 etiam
1494 4829 1738 4868 manum
1788 4814 2111 4887 porrigere.

472 4931 500 4959 ‹‹
534 4910 608 4964 Te
642 4907 740 4979 qui
775 4905 958 4962 habes
988 4904 1317 4961 scientiam.
1356 4927 1384 4955 »
1418 4905 1493 4959 Te
1525 4903 1649 4974 qui,
1679 4908 1746 4957 ut
1775 4902 1946 4966 dicis,
1979 4920 2117 4975 per-

468 5000 660 5055 fectus
692 5015 774 5054 es.
809 5018 837 5046 «
871 4998 1073 5051 Nonne
1116 4994 1480 5051 conscientia
1523 4993 1671 5063 ejus.
1710 5016 1731 5042 ι
1768 4996 1983 5048 Annon
2013 5009 2114 5048 oc-

468 5091 773 5145 casionem
802 5091 995 5142 sumet
1014 5091 1082 5141 ut
1110 5085 1246 5139 edat
1268 5101 1397 5155 quae
1428 5082 1603 5137 idolis
1626 5089 1765 5138 sunt
1785 5083 2112 5155 immolata,

466 5196 603 5236 cum
622 5185 820 5234 tamen
848 5181 1015 5246 putet
1033 5173 1191 5229 idola
1210 5171 1437 5243 aliquid
1459 5188 1589 5227 esse
1609 5172 1637 5226 εἰ
1658 5173 1870 5228 Dicens
1892 5180 2110 5242 autem,

465 5291 494 5321 ι(
525 5265 953 5329 zEdilicabitur,
1017 5287 1044 5314 ››
1096 5262 1357 5318 ostendit
1405 5260 1561 5332 quod
1611 5261 1991 5319 imbecillitas
2042 5262 2113 5318 il-

462 5358 581 5414 lius
612 5358 800 5431 magis
831 5354 1157 5429 augebitur.
1192 5376 1220 5403 «
1254 5353 1324 5407 Et
1350 5351 1568 5424 peribit
1594 5351 1696 5423 qui
1729 5352 2003 5408 inﬁrmus
2023 5358 2115 5409 est

460 5446 664 5502 frater.
700 5467 725 5496 ι
765 5447 1008 5518 Fietque
1040 5450 1141 5500 tua
1168 5442 1455 5517 perfectio
1497 5440 1668 5498 alteri
1715 5441 1946 5499 occasio
1977 5458 2110 5516 per-

467 5533 733 5592 ditionis.
766 5534 914 5592 495
954 5557 980 5610 σε
1006 5535 1256 5606 Propter
1304 5548 1483 5605 quem
1532 5530 1800 5589 Christus
1840 5539 2111 5590 mortuus

464 5628 571 5684 est.
608 5645 634 5673 ››
666 5624 955 5692 Christus,
989 5624 1207 5697 inquit,
1238 5638 1434 5696 neque
1466 5621 1615 5680 mori
1646 5638 1753 5696 pro
1783 5622 1913 5696 ipso
1944 5639 2109 5681 recu-

460 5709 631 5785 savit,
654 5716 719 5772 tu
745 5726 882 5769 vero
904 5727 1100 5789 neque
1120 5711 1194 5769 ad
1215 5711 1486 5769 ciborum
1517 5711 1913 5785 quorumdam
1933 5711 2110 5770 absti-

2226 3581 2452 3636 σκομμα
2507 3561 2730 3637 γένηται
2787 3568 2906 3628 τοῖς
2987 3563 3322 3628 ἀσθενοῦσιν.
3407 3562 3532 3619 Ἐὰν
3611 3561 3719 3638 γὰρ
3816 3582 3898 3625 τις

2227 3646 2315 3725 ἴδῃ
2374 3671 2434 3706 σε
2480 3650 2572 3706 τὸν
2623 3644 2819 3728 ἔχοντα
2901 3656 3101 3729 γνῶσιν
3183 3649 3234 3707 ἒν
3311 3647 3583 3723 εἰδωλείῳ
3634 3650 3900 3706 κατακείο

2228 3761 2413 3814 μενον,
2468 3742 2602 3822 οὐχὶ
2659 3744 2694 3812 ἡ
2751 3738 3058 3814 συνείδησις
3142 3740 3306 3798 αὐτοῦ
3388 3740 3640 3804 ἀσθενοῦς
3721 3739 3898 3805 ὄντος

2226 3827 2722 3904 οἰκοδομηθήσεται
2799 3832 2876 3893 εἰς
2955 3832 3019 3887 τὸ
3101 3831 3168 3886 τὰ
3242 3827 3579 3895 εἰδωλόθυτα
3634 3828 3899 3900 ἐσθίεινς

2224 3919 2315 3975 καὶ
2373 3917 2658 3977 ἀπολεῖται
2717 3921 2746 3976 6
2795 3920 3031 3976 ἀσθενῶν
3089 3917 3326 3998 ἀδελφὸς
3358 3918 3447 3975 ἐπὶ
3475 3922 3545 3993 τῇ
3675 3919 3901 3992 γνώσει

2228 4006 2299 4064 δι’
2357 4005 2414 4064 ὅν
2472 4011 2700 4087 Χριστὸς
2748 4008 3024 4067 ἀπέθανεν.
3093 4007 3284 4071 Οὕτως
3360 4007 3418 4063 δὲ
3474 4007 3904 4082 ἁμαρτάνοντες

2228 4098 2303 4160 εἰς
2367 4100 2497 4162 τοὺς
2592 4096 2886 4174 ἀδελφοὺς,
2978 4098 3069 4154 καὶ
3158 4098 3455 4160 τύπτοντες
3538 4096 3715 4152 αὐτῶν
3775 4099 3902 4169 τῆν

2228 4187 2527 4259 συνείδησιν
2608 4191 2956 4259 ἀσθενοῦσαν,
3044 4189 3123 4254 εἰς
3204 4188 3440 4264 Χριστὸν
3522 4185 3902 4262 ἁμαρτάνετε.

2298 4277 2619 4344 Φοϐοῦντος
2650 4278 2677 4334 6
2710 4278 2897 4355 λόγος.
2931 4303 2960 4332 α
2993 4280 3081 4350 Μή
3140 4299 3257 4341 πως
3315 4280 3351 4348 ἡ
3412 4276 3622 4348 ἐξουσία
3649 4275 3820 4345 αὕτη.
3874 4301 3900 4329 n

2225 4368 2343 4427 Οὐκ
2380 4369 2550 4439 εἶπεν,
2603 4368 2666 4427 Ἥ
2721 4372 2947 4446 γνῶσις,
2996 4365 3057 4440 ἤ,
3112 4373 3175 4425 Ἦ
3232 4365 3538 4439 τελειότης,
3570 4363 3719 4433 ἀλλ’,
3756 4392 3777 4415 ι
3822 4367 3900 4425 Ἦ

2225 4457 2459 4532 ἐξουσία,
2515 4481 2536 4512 ι
2598 4459 2732 4535 ’ὀπερ
2808 4457 3133 4533 προπετείας
3209 4454 3323 4513 ἐστί
3395 4456 3486 4512 καὶ
3561 4454 3900 4524 ἀλαζονείας

2229 4547 2464 4622 μᾶλλον.
2520 4573 2549 4601 ‹‹
2604 4549 2948 4622 Πρόσκομμα
2993 4543 3237 4625 γένηται.
3285 4570 3314 4596 ιι
3363 4541 3899 4601 Τουτὲστισχάνδα-

2224 4636 2345 4708 λον,
2401 4639 2771 4715 καταστροφή.
2831 4637 3017 4693 Εἰπὼν
3072 4632 3149 4706 δὲ,
3221 4659 3251 4689 ι(
3294 4637 3430 4697 Τοῖς
3484 4635 3815 4701 ἀσθενοῦσιν,
3855 4659 3890 4686 ιο

2223 4726 2458 4783 αἰτιᾶται
2506 4726 2721 4797 αὐτοὺς,
2772 4725 2856 4782 ὅτι
2907 4723 3033 4781 οὐδὲ
3082 4729 3191 4780 τῶν
3239 4722 3611 4789 ἀσθενούντων
3664 4720 3889 4797 φείδον-

2223 4837 2310 4873 ται
2360 4814 2634 4897 ἀδελφῶν,
2686 4817 2771 4879 οἶς
2822 4812 2929 4871 ἔδει
2977 4814 3067 4870 καὶ
3116 4819 3281 4891 χεῖρα
3330 4809 3558 4891 ὀρέγειν,
3607 4837 3638 4865 (ι
3669 4813 3740 4867 Σὶ
3790 4813 3891 4869 τὸν

2225 4906 2422 4981 ἔχοντα
2490 4910 2713 4984 γνῶσιν.
2762 4931 2784 4961 ι
2844 4905 2968 4970 Τὸν,
3035 4903 3110 4967 ὡς
3172 4903 3377 4979 λέγεις,
3446 4901 3659 4958 τέλειον
3726 4897 3885 4961 ὄντα.

2232 5022 2253 5047 α
2278 4994 2418 5071 Οὐχὶ
2450 4998 2485 5064 ἡ
2520 4992 2823 5066 συνείδησις
2869 4993 3056 5049 αὖτοῦ.
3096 5017 3124 5044 ››
3173 4994 3290 5051 Οὐκ
3333 4994 3456 5069 ἆρα,
3490 5013 3675 5070 φησιν,
3706 4993 3886 5070 deop—

2228 5086 2337 5158 μῆν
2368 5079 2513 5159 λόϐῂ
2546 5084 2767 5148 ἐσθείειν
2795 5083 2862 5139 τά
2903 5081 3263 5150 εἰδωλόθυτα,
3293 5084 3383 5137 καὶ
3416 5079 3627 5146 οἴεσθαι
3658 5083 3799 5138 εἷναί
3823 5102 3882 5137 τι

2222 5173 2290 5228 τὶ
2321 5170 2563 5242 ε’ῗδωλα;
2618 5172 2799 5229 Εἰπὼν
2843 5169 2923 5239 δὲ,
2973 5197 3000 5223 ‹‹
3029 5168 3570 5244 Οἳκοδομηθήσεται,
3606 5198 3629 5225 ι
3669 5167 3879 5225 δείκνυ-

2223 5284 2307 5317 σιν
2355 5263 2440 5318 ὂτι
2496 5262 2584 5318 ἐπὶ
2645 5261 2835 5318 πλεῖον
2892 5260 3055 5317 οὖτοῦ
3108 5263 3143 5331 ἡ
3203 5260 3447 5326 ἀσθένεια
3491 5260 3883 5333 αὐξηθήσεται.

2224 5377 2251 5405 ι(
2286 5352 2385 5407 Καὶ
2433 5349 2719 5407 ἀπολεῖται
2768 5353 2796 5408 6
2844 5351 3079 5407 ἀσθενῶν
3123 5348 3381 5431 ἀδελφός.
3416 5375 3445 5403 »
3496 5351 3603 5408 Καὶ
3653 5352 3889 5426 γενήσε-

2219 5462 2309 5498 ται
2336 5440 2607 5520 πρόφασις
2652 5443 2688 5511 ἡ
2734 5442 2803 5510 σή
2846 5440 3129 5511 τελειότης
3175 5441 3343 5517 ἑτέρῳ
3395 5437 3699 5504 ἀπωλείας,
3734 5467 3763 5494 ι(
3798 5444 3885 5498 Δι’

2220 5532 2280 5587 ὅν
2326 5531 2565 5607 Χριστὸς
2609 5528 2886 5596 ἀπέθανεν.
2934 5554 2964 5584 ιι
3017 5529 3122 5588 Καὶ
3172 5530 3202 5586 6
3249 5531 3346 5604 μὶν
3392 5531 3646 5607 Χριστὸς,
3689 5531 3884 5610 φησὶν,

2222 5617 2348 5678 οὐδὲ
2377 5619 2664 5687 ἀποθανεῖν
2718 5620 2850 5697 ὑπὶρ
2901 5618 3066 5677 αὐτοῦ
3111 5620 3490 5697 παρῃτήσατο,
3540 5619 3605 5675 σὺ
3656 5617 3717 5677 δί
3754 5616 3880 5678 οῦδὲ

2219 5706 2343 5788 ὅχρι
2428 5710 2741 5793 βρωμάτων
2820 5709 3045 5787 ἀποχῆς
3122 5701 3592 5788 συγκαταϐαίνεις,
3639 5708 3735 5768 ἵνα
3794 5706 3877 5784 μὴ
