4106 6252
267 397 393 456 758

1284 385 1691 449 COMMENT.
1738 384 1817 445 IN
1862 380 2109 443 EPIST.
2146 382 2170 442 Ῑ
2215 382 2319 443 AD
2362 381 2730 443 CORINTH.

3576 381 3694 441 734

281 523 745 597 σκανδαλίζησαι,
782 550 801 575 α
838 523 941 582 Καὶ
990 523 1287 584 τύπτοντες
1335 519 1513 576 αὑτῶν
1557 521 1656 588 τήν
1694 513 1933 586 συνείδη-

2055 517 2321 572 nentiam
2344 522 2459 571 tete
2483 515 2765 582 demittis,
2784 533 2857 570 ne
2872 515 3294 571 ot‘fendiculum
3310 516 3697 587 patiatur.«Et

281 639 387 673 σιν.
424 637 453 667 n
486 615 607 670 Οὐκ
637 614 776 679 εἶπε,
826 608 1313 682 Σκανδαλίζοντες,
1367 606 1515 666 ἀλλὰ
1542 608 1605 664 τὸ
1636 601 1937 680 ὠμότερον,

278 732 311 759 ‹‹
348 706 678 767 Τύπτοντες.
715 728 743 755 ››
794 704 859 757 Τί
919 703 1022 776 γᾶρ
1080 701 1362 775 ὠμότερον
1396 703 1492 754 τοῦ
1522 696 1815 754 τῦπτοντος
1847 695 1936 749 τὸν

279 795 479 863 ἀετθίνῆ
514 813 529 863 ;
600 818 629 845 ‹‹
666 792 760 856 Ei:
808 792 1036 866 Χριστὸν
1085 791 1440 865 ἁμαρτάνετε,
1477 811 1504 836 »ι
1546 789 1667 845 Πῶς
1701 783 1775 843 ε’,ς
1808 803 1937 856 XI“-

282 888 410 942 στὸν
470 883 757 952 πταίομεν,
817 882 1208 955 ἁμαρτάνοντες
1293 877 1367 938 εἰς
1444 875 1571 935 τοὺς
1630 869 1937 948 ἀδελφούς

279 981 409 1036 ua;
438 994 449 1032 :
485 972 567 1027 ὅτι
599 974 670 1027 τα
698 975 805 1026 τῶν
836 970 1079 1035 οἷκετιίν,
1122 968 1198 1029 ὡς
1254 965 1552 1036 Δεσπότης,
1586 963 1940 1018 οἰκειοποιεῖ-

276 1083 388 1119 ται·
424 1062 514 1117 καὶ
547 1062 629 1115 ὅτι
682 1060 758 1121 εἷς
819 1078 981 1132 σωμα
1038 1056 1201 1111 αὐτοῦ
1257 1054 1506 1110 τελοῦσιν
1538 1052 1589 1108 οἱ
1621 1049 1938 1122 πληττόμε-

272 1174 387 1217 νοι,
421 1150 512 1206 καὶ
568 1151 598 1204 ὅ
652 1149 854 1210 ἐκεῖνος
913 1146 1002 1201 διὰ
1058 1152 1158 1214 τῆς
1217 1143 1419 1205 οἰκείας
1448 1143 1773 1217 κατώρθωσε
1804 1160 1938 1219 σφα-

272 1250 404 1318 γῆς,
465 1240 528 1295 σὺ
576 1238 665 1293 διὰ
721 1238 1017 1314 βρώματος
1075 1232 1380 1295 καταλύεις.
1439 1232 1539 1289 Καὶ
1571 1230 1623 1285 τί
1648 1231 1842 1306 γένοιτ’
1874 1226 1935 1282 ἂν

272 1332 475 1388 τούτου
506 1327 857 1407 ἀλογώτερον
888 1346 902 1395 ;

360 1514 553 1588 Διόπερ
654 1510 701 1568 εἰ
790 1509 987 1586 βρῶμα
1074 1503 1414 1576 σκανδαλίζει
1526 1504 1617 1559 τὸν
1698 1499 1931 1579 ἀδελφόν

282 1626 416 1677 μου,
472 1603 538 1657 οὗ
600 1603 673 1674 μή
737 1605 897 1680 φάγω
969 1596 1098 1671 κρέα
1176 1596 1250 1659 εἰς
1315 1595 1406 1650 τὸν
1461 1593 1654 1655 αἰῶνα,
1711 1592 1797 1647 ’ἱνα
1856 1593 1931 1663 μή

272 1693 369 1749 τὸν
430 1689 665 1771 ἀδελφόν
753 1679 862 1761 μου
952 1683 1321 1742 σκανδαλίσω.
1417 1685 1532 1740 Οὐκ
1615 1681 1729 1755 εἰμὶ
1796 1679 1935 1736 ἀπό-

274 1780 519 1849 στολοςς
582 1779 681 1834 οὐκ
734 1777 849 1852 εῗμὶ
933 1774 1252 1848 ἐλεύθεροςς
1311 1772 1442 1853 οὐχὶ
1528 1773 1738 1842 Ἰησοῦν
1796 1773 1934 1844 Χρι-

2048 607 2450 680 percutientes
2494 606 2920 664 conscientiam
2970 607 3230 663 illorum.
3266 630 3293 657 »
3326 609 3452 663 Non
3497 606 3691 665 dixit:

2046 697 2484 753 OtTendiculum
2526 705 2852 769 ponentes;
2887 697 3007 753 sed.
3045 697 3202 767 quod
3247 696 3546 751 crudelius
3579 702 3690 765 est,

2048 809 2074 835 α
2108 789 2533 843 Percutientes.
2576 813 2599 834 υ
2633 788 2781 852 Quid
2816 788 2972 842 enim
3006 804 3075 841 eo
3107 787 3407 842 crudelius
3440 794 3549 844 est.
3589 788 3688 858 qui

2045 878 2349 933 intirmum
2384 878 2653 933 verberat
2678 879 2702 933 ’2
2725 905 2746 925 ιι
2778 880 2839 932 In
2865 878 3158 932 Christum
3187 878 3460 948 peccatis.
3482 898 3505 927 ιι
3536 879 3689 941 Quo-

2045 967 2291 1022 modoiu
2308 966 2599 1021 Christum
2624 968 2878 1022 labimur
2895 968 3102 1022 cumin
3120 969 3328 1021 fratres
3350 965 3694 1037 peccamus?

2044 1060 2402 1125 Quomodo?
2434 1062 2571 1130 quia
2608 1067 2888 1131 tauquam
2913 1061 3199 1115 Dominus
3232 1076 3337 1113 sua
3367 1059 3531 1114 ducit
3561 1075 3689 1129 qua)

2045 1168 2351 1207 servorum
2383 1159 2542 1220 sunt,
2568 1151 2800 1224 sibique
2831 1152 3107 1210 vindicat.
3134 1157 3192 1205 et
3215 1151 3354 1221 quia
3380 1150 3453 1205 ad
3478 1166 3691 1222 corpus

2044 1240 2174 1311 ejus
2205 1250 2527 1297 censentur
2556 1243 2654 1312 qui
2691 1242 3138 1313 percutiuntur:
3173 1247 3230 1294 et
3262 1239 3418 1311 quod
3451 1240 3551 1293 ille
3584 1255 3692 1295 sua

2042 1338 2233 1385 morte
2266 1332 2545 1402 provexit,
2581 1331 2692 1386 hoc
2730 1338 2787 1385 tu
2821 1347 2925 1401 per
2955 1346 3148 1385 escam
3195 1329 3467 1384 dissolvis
3497 1346 3510 1383 :
3545 1327 3689 1399 quid

2041 1425 2239 1476 autem
2274 1420 2399 1474 ﬁeri
2434 1426 2626 1491 potest
2656 1420 2764 1475 hac
2796 1436 2858 1473 re
2888 1420 3202 1474 absurdius
3224 1418 3252 1473 Ἰ

2116 1510 2266 1572 VllI,
2304 1511 2400 1575 l3;
2438 1510 2529 1577 IX,
2566 1511 2615 1574 1,
2646 1517 2699 1563 2.
2733 1511 3077 1578 Quapropter
3121 1510 3168 1562 si
3205 1523 3323 1563 esca
3353 1506 3685 1579 oﬂ’endiculo

2042 1605 2118 1655 est
2146 1600 2316 1668 fratri
2344 1614 2482 1665 meo,
2532 1614 2881 1669 nequaquam
2914 1614 3097 1653 uescar
3144 1599 3401 1652 carnibus
3432 1600 3489 1651 in
3518 1603 3685 1654 arter-

2040 1706 2195 1755 num,
2227 1706 2295 1743 ne
2350 1688 2524 1758 fratri
2580 1705 2696 1744 meo
2751 1692 2853 1744 sim
2910 1690 3265 1759 offendicula.
3329 1696 3522 1743 Annon
3568 1704 3689 1743 sum

2044 1779 2371 1849 apostolus?
2400 1782 2593 1833 Annon
2650 1794 2768 1832 sum
2823 1778 3008 1833 liber?
3046 1794 3233 1832 annon
3288 1780 3468 1833 Jesum
3523 1779 3689 1833 Chri-

276 1872 405 1927 στὸν
454 1871 549 1925 τὸν
607 1869 807 1938 Κύριον
868 1867 1029 1940 ἡμῶν
1086 1866 1338 1939 impexa;
1390 1862 1450 1917 οὑ
1501 1861 1562 1916 τὸ
1609 1855 1763 1935 ἔργον
1827 1880 1932 1932 μου

2044 1876 2183 1925 stum
2240 1870 2531 1924 Dominum
2583 1874 2830 1923 nostrum
2877 1869 3044 1923 vidi?
3096 1884 3282 1922 annon
3331 1885 3466 1938 opus
3513 1885 3692 1923 meum

275 1964 439 2036 ὑμεῖς
497 1960 613 2016 ἐστε
673 1958 726 2016 ἐν
787 1957 1008 2032 Κυρίῳς
1064 1955 1136 2014 Ei
1194 1952 1389 2015 ἄλλοις
1449 1951 1555 2007 οὐκ
1625 1952 1739 2025 εἰμὶ
1799 1951 1938 2006 ἀπό-

273 2050 499 2119 στολος,
563 2047 710 2105 ἀλλᾶ
763 2069 827 2122 γε
886 2046 1011 2119 ὑμῖν
1079 2046 1215 2117 εἶμι.
1275 2044 1338 2101 Ἡ
1389 2042 1490 2119 γὰρ
1550 2040 1780 2122 σφρᾳγὶς
1836 2046 1934 2110 τῆς

269 2141 415 2217 ἐμῆς
450 2137 769 2207 ἀποστολῆς
804 2138 960 2209 ὑμεῖς
988 2133 1107 2191 ἐστε
1138 2133 1189 2189 ἐν
1219 2132 1426 2209 Κυρίῳ.

343 2233 522 2288 Τοῦτο
575 2226 817 2302 μάλιστα
872 2224 1095 2299 ἀρίστου
1152 2220 1504 2291 διδασκάλου,
1540 2221 1601 2276 τὸ
1650 2220 1701 2293 ἐξ
1741 2220 1934 2275 ἑαυτοῦ

270 2318 574 2377 παιδεύειν.
608 2318 814 2390 Ὑμεῖς,
866 2312 1046 2391 φησὶν,
1108 2310 1237 2367 οὐδὲ
1288 2308 1666 2374 εἰδωλοθύτων
1706 2313 1812 2364 τῶν
1843 2308 1936 2362 καὶ

272 2407 468 2470 ἄλλως
525 2403 987 2481 ἀπηγορευμένων
1041 2399 1305 2483 φείδεσθε,
1369 2400 1501 2473 ὑπὲρ
1531 2401 1629 2453 τοῦ
1664 2397 1739 2469 μή
1774 2418 1933 2452 σκαν-

276 2497 501 2555 δαλίσαι
559 2493 816 2567 ἀδελφόν.
876 2490 1021 2567 Ἐγὼ
1093 2489 1151 2548 δὲ
1206 2490 1259 2545 τί
1309 2488 1451 2566 λίγω
1512 2484 1931 2558 εἰδωλοθύτων;

280 2584 415 2644 οὑδὲ
446 2583 621 2642 ὰλλου
650 2582 709 2639 ἂν
761 2580 1012 2658 ἀψαίμην
1067 2579 1263 2648 κεέως,
1296 2578 1341 2633 εἰ
1388 2576 1447 2632 ἐκ
1476 2576 1673 2634 τούτου
1706 2573 1932 2631 σκανδα-

285 2676 501 2745 λίζεταί
556 2695 657 2735 τις.
706 2674 767 2732 Ἡ
825 2669 884 2727 δὲ
940 2670 1264 2745 παραίτησῗς
1335 2690 1462 2740 μου,
1521 2664 1669 2722 ἔσται
1718 2665 1930 2721 αἰωνίαο

300 2789 323 2815 α
361 2764 443 2822 0-3
476 2765 549 2835 μή
583 2768 732 2839 φάγω
781 2759 929 2834 κρέα,
961 2761 1148 2841 φησὶν,
1181 2759 1256 2820 εἷς
1286 2759 1375 2812 τὸν
1410 2757 1603 2814 αἰῶνα.
1644 2781 1672 2807 ››
1706 2752 1929 2823 Ἐπειδή

292 2856 392 2929 γαρ
426 2852 583 2911 εἶπεν.
617 2875 646 2903 ι(
686 2852 743 2907 ΕΤ
798 2852 996 2926 βρῶμα
1047 2847 1390 2917 σκανδαλίζει
1416 2849 1507 2902 τὸν
1535 2844 1768 2927 ἀδελφόν
1802 2867 1928 2918 μου,

279 2942 343 2998 οὗ
373 2944 451 3015 μὴ
486 2941 636 3015 φάγω
665 2941 795 3015 κρέα
826 2940 902 3001 εἷς
953 2940 1044 2993 τὸν
1093 2939 1287 3007 αἰῶνα,
1325 2963 1344 2987 ι-
1378 2937 1467 2991 ’ίνει
1500 2938 1574 3009 μή
1609 2958 1691 2998 τις
1722 2936 1927 3011 νομίσῃ

271 3033 357 3087 δτι
422 3030 716 3108 φιλοτεμία
774 3029 1036 3105 ῥημάτων
1096 3028 1234 3097 αὓτη
1295 3024 1416 3099 (Οὐκ
1445 3025 1633 3101 ἇνγάρ
1665 3022 1930 3101 καὶέργῳ

269 3127 441 3178 ταῦτα
496 3120 835 3196 ἐπλήρωσε),
893 3118 1245 3194 ἀναγκάζεται
1331 3114 1526 3171 λοιπὸν
1585 3113 1753 3184 δεῖξαι
1809 3118 1929 3176 πῶς

2044 1974 2136 2015 vos
2165 1959 2294 2013 estis
2315 1957 2375 2013 in
2393 1958 2621 2012 Domino
2640 1960 2667 2011 ?
2685 1959 2745 2014 Si
2768 1960 2981 2013 cwteris
3006 1974 3115 2013 non
3144 1973 3266 2012 sum
3296 1960 3603 2027 apostolus,
3633 1965 3692 2012 at

2040 2064 2170 2103 sane
2199 2048 2346 2103 vobis
2372 2063 2512 2115 sum,
2543 2047 2814 2118 siquidem
2839 2045 3089 2116 sigillum
3109 2047 3447 2117 apostolatus
3467 2046 3573 2103 mei
3593 2062 3688 2101 vos

2041 2141 2168 2194 estis
2190 2155 2295 2209 per
2314 2140 2627 2193 Dominum.

2114 2228 2176 2282 tn
2202 2227 2373 2298 longe
2406 2228 2613 2299 optimi
2639 2228 3021 2298 praeceptoris
3045 2232 3134 2281 est
3154 2243 3187 2281 a
3212 2228 3466 2297 propriis
3490 2227 3682 2298 operi-

2041 2318 2151 2373 bus
2183 2317 2497 2371 instruere.
2534 2318 2668 2381 Vos,
2689 2316 2904 2386 inquit,
2933 2332 3005 2370 ne
3038 2316 3109 2370 ab
3142 2316 3233 2371 his
3261 2316 3502 2386 quidem
3536 2321 3683 2371 temo

2040 2406 2261 2480 peratis
2293 2422 2425 2477 quas
2457 2404 2633 2459 idolis
2676 2404 2984 2459 immolata
3032 2411 3187 2471 sunt,
3236 2421 3307 2460 ne
3358 2404 3525 2459 fratri
3557 2406 3685 2461 sitis

2039 2496 2419 2557 oﬁ‘endiculo.
2455 2512 2585 2567 quas
2638 2496 2817 2550 etiam
2858 2495 3083 2565 alioqui
3126 2495 3305 2549 vetita
3353 2501 3540 2549 sunt:
3575 2512 3680 2563 ego

2036 2603 2195 2653 vero,
2220 2586 2361 2657 quid
2386 2585 2514 2640 dico
2538 2584 2714 2639 idolis
2740 2584 3050 2639 immolata
3069 2584 3096 2639 εἰ
3124 2585 3321 2654 Neque
3351 2583 3531 2639 aliam
3560 2584 3681 2639 ullo

2036 2678 2213 2734 modo
2233 2691 2472 2732 carnem
2495 2674 2856 2745 attingam,si
2877 2674 3170 2744 quispiam
3190 2689 3259 2729 ex
3279 2675 3387 2727 hoc
3404 2673 3587 2727 sumit
3602 2672 3683 2729 of-

2036 2767 2490 2834 fendiculum,et
2507 2766 2631 2820 haec
2651 2781 2783 2821 mea
2798 2763 3130 2819 observatio
3151 2764 3261 2818 erit
3278 2763 3679 2833 sempiterna:

2036 2886 2061 2912 (ι
2089 2862 2494 2931 Nequaquam.
2517 2858 2678 2930 inqui
2691 2865 2726 2919 t,
2746 2874 2946 2913 vescar
2961 2857 3238 2911 carnibus
3256 2857 3315 2911 in
3330 2862 3617 2910 mternum
3630 2876 3678 2908 .››

2034 2950 2099 3005 Et
2134 2948 2414 3020 quoniam
2447 2947 2714 3001 dixerat:
2748 2946 2805 3001 Si
2839 2963 2972 3001 esca
3007 2945 3365 3000 ot‘l'endiculo
3394 2952 3484 2999 est
3510 2944 3678 2999 fratri

2033 3051 2165 3090 meo
2200 3050 2575 3105 nequaquam
2608 3050 2807 3088 vescar
2837 3032 3115 3088 carnibus
3147 3033 3205 3086 in
3238 3038 3527 3086 aeternum
3557 3048 3572 3085 :
3600 3047 3675 3085 ne

2033 3124 2166 3194 quis
2200 3124 2565 3178 existimaret
2591 3124 2744 3177 hanc
2772 3122 3021 3194 gloriam
3056 3127 3285 3177 tantum
3311 3137 3441 3175 esse
3472 3119 3677 3174 verbo-

268 3211 359 3265 καὶ
416 3216 525 3265 τῶν
586 3210 1098 3284 συγκεἋωρημένων
1173 3204 1440 3280 ἀπέσχετο
1504 3205 1635 3279 ὑπὲρ
1692 3208 1788 3257 τοῦ
1849 3205 1925 3277 μὴ

2044 3229 2192 3278 rum,
2220 3218 2278 3266 et
2306 3212 2465 3282 quod
2495 3212 2619 3267 huic
2644 3211 2809 3267 nullo
2832 3210 3006 3266 modo
3028 3226 3205 3283 Opere
3225 3209 3584 3281 compleret:
3607 3208 3679 3263 ad

270 3298 627 3357 σκανδαλίσαι
684 3298 854 3360 τινάς.
914 3297 974 3351 Τί
1040 3297 1143 3372 γάρ
1198 3294 1369 3369 λέγω.
1428 3293 1585 3375 φησὶ,
1642 3292 1762 3369 περὶ
1819 3297 1926 3348 τῶν

271 3388 698 3459 είδωλοθότων;
760 3388 939 3447 Αὖτοῦ
995 3391 1092 3443 τοῖ’)
1151 3390 1232 3461 Χρ
1260 3390 1388 3441 στοῦ
1445 3384 1808 3457 ἐπιτάξαντος,
1842 3385 1933 3437 τὸν

271 3480 615 3553 κηρύσσοντα
692 3479 752 3534 ἐκ
825 3475 920 3533 τοὺ
998 3475 1337 3549 Εὑαγγελίου
1412 3474 1627 3543 ἐσθίειν,
1687 3470 1933 3530 τουτέστι

274 3570 424 3644 παρᾶ
453 3574 561 3624 τῶν
610 3564 1089 3641 μαθητευομένων,
1122 3563 1382 3636 εἰλομην,
1410 3563 1456 3617 εἰ
1485 3559 1621 3632 δὲοι,
1650 3560 1742 3616 καὶ
1777 3560 1933 3635 λιμῷ

279 3662 575 3737 φθαρῆναι,
606 3658 696 3712 καὶ
742 3654 912 3729 μηδὲν
968 3656 1093 3727 παρ’
1154 3653 1306 3725 ὑμῶν
1367 3646 1575 3707 Ααϐεῖν·
1614 3650 1711 3707 οὐκ
1741 3648 1927 3719 ἐπειδὴ

277 3748 618 3824 παρεχοντές
651 3767 769 3818 μοι,
803 3746 957 3821 φησὶ,
1016 3739 1453 3813 σκανδαλίζεσθε,
1487 3738 1614 3796 ἀλλ’
1643 3740 1738 3794 ἳνα
1765 3737 1933 3795 πλέον

277 3835 668 3909 οἱκοδομῆσθε,
724 3834 954 3906 ὁρῶντές
1008 3854 1075 3905 με
1131 3829 1403 3887 ἀδάπανον
1456 3826 1584 3885 ὄντα
1616 3830 1765 3901 ὑμῖν.
1799 3831 1932 3883 Ὥσ-

274 3949 355 3993 τε,
381 3926 538 4007 φησῖ,
570 3924 660 3979 καὶ
714 3923 885 3997 νόμου
940 3921 1087 3979 θείου
1145 3919 1534 3993 ἐπιτρέποντός
1584 3939 1679 3990 μοι
1712 3912 1933 3989 λαμϐα-

274 4001 406 4084 νειν,
440 4013 531 4070 διὰ
557 4016 657 4085 τὴν
687 4014 839 4083 ὑμῶν
901 4008 1203 4083 οἰκοδομὴν
1273 4005 1429 4065 οὐδὲν
1482 4004 1707 4080 εἰδόμην
1742 4001 1928 4061 λαϐεῖν

274 4103 401 4175 παρ’
437 4100 615 4174 ὑμῶν,
674 4096 818 4153 ἀλλὰ
868 4102 989 4158 ταῖς
1047 4096 1203 4171 χερσί
1268 4115 1375 4166 μαι)
1431 4092 1663 4147 ἐκοπίων
1708 4090 1933 4166 ἐργαζό-

280 4211 444 4264 μενος
503 4188 595 4243 καὶ
625 4186 1084 4266 ἀπο-τρεφόμενος.
1143 4180 1281 4239 Ἰδοὺ
1332 4181 1465 4244 τὲως
1499 4178 1768 4251 ἀπέδειξεν
1796 4178 1935 4250 ἀληο

279 4280 471 4335 θεόων·
530 4275 728 4334 λοιπὸν
786 4272 841 4330 δὶ
897 4274 990 4330 καὶ
1047 4271 1188 4330 ἀλλο
1241 4272 1643 4340 κατασκευάζει,
1703 4268 1774 4325 lsi
1804 4268 1931 4343 ἐγὼ,

278 4370 470 4445 φησὶν,
530 4365 723 4433 οὕτως,
789 4366 945 4437 ὑμεῖς
1021 4360 1148 4418 οὐδὶ
1204 4359 1586 4423 εἰδωλοθύτων
1644 4359 1931 4433 ἀπέχεσθε,

279 4459 419 4531 πρὸς
449 4457 512 4512 τὸ
574 4457 649 4528 μὴ
709 4455 837 4514 τοὺς
897 4453 1130 4512 ἀσθενεῖς
1183 4456 1291 4506 τῶν
1350 4447 1601 4526 ἀδελφῶν
1641 4445 1935 4504 σκανδαλί-

279 4556 413 4620 (etv,
451 4543 666 4619 μᾶλλον
699 4541 757 4599 δὲ
802 4540 1126 4599 ἀπολλύειν.
1186 4538 1421 4595 Πολλῶν
1473 4538 1533 4594 δὲ
1590 4535 1796 4613 στίχων
1835 4557 1930 4591 πε-

279 4637 526 4714 ριεκτική
588 4635 730 4690 ἐστιν
790 4634 825 4700 ἠ
887 4629 1058 4686 ἔννοια
1114 4636 1214 4698 τῆς
1270 4634 1658 4705 παραγραοξῆς,
1714 4624 1803 4679 καὶ
1849 4624 1933 4680 ἐκ·

276 4727 510 4782 τείνεται
531 4720 634 4784 ἔως
658 4725 775 4790 τοῦ,
796 4746 823 4771 ‹‹
851 4716 1170 4794 Ἐλεύθερος
1194 4716 1268 4773 ὢν
1293 4716 1353 4772 ἐκ
1372 4720 1606 4774 πάντων.
1634 4739 1662 4767 »
1686 4746 1752 4757 --
1782 4739 1804 4767 α
1826 4715 1938 4770 Οὐκ

277 4816 393 4888 εἶμῖ
425 4811 777 4880 ἀπὸστολό;;
816 4834 841 4861 η
878 4810 1011 4866 Εἶτα
1045 4805 1133 4863 ’ἶνα
1195 4808 1274 4883 μή
1334 4803 1594 4881 λέγωσιν,
1640 4805 1727 4862 ὅτι
1759 4803 1815 4858 hi
1847 4803 1936 4859 καὶ

275 4899 516 4960 ἐϐούλου
573 4894 782 4967 λαϐεῖν,
845 4898 945 4953 οὐκ
1002 4896 1125 4967 ἐξῆν
1186 4917 1292 4966 σοι,
1354 4893 1443 4952 διὰ
1496 4900 1656 4951 τοῦτο
1716 4893 1828 4950 οὐδ’
1862 4896 1935 4953 εἷύ

281 4998 488 5073 ληιξας,
514 4997 632 5051 Ἰνα
659 4993 736 5059 τί,
772 4990 958 5072 φησὶν,
990 4992 1087 5046 οὑκ
1147 4990 1270 5061 ἐξῆν
1331 5011 1463 5064 μοι;
1498 4992 1549 5045 οἱ
1601 4988 1766 5045 ἄλλοι
1798 4989 1934 5046 ἀπό-

277 5084 475 5145 στολοι
507 5085 570 5141 οὑ
598 5086 885 5162 τρέφονται
931 5082 991 5137 ἐκ
1044 5085 1142 5137 τοῦ
1206 5078 1588 5156 Εὑαγγελίου;
1622 5081 1745 5150 Ναὶ,
1779 5082 1936 5160 φησί,

276 5179 337 5235 τί
395 5175 529 5246 οὖνς
588 5173 695 5250 ἐγὼ
751 5172 849 5228 οὐκ
901 5172 1017 5246 εῗμὶ
1077 5170 1390 5233 ἀπόστολος
1450 5171 1522 5233 ὠς
1566 5170 1802 5241 ἐκεῖνοις
1836 5174 1937 5230 οὑκ

276 5269 389 5342 εἰμὶ
425 5265 707 5336 ἐλεύθερος
734 5282 749 5331 ;
798 5263 1070 5329 τουτὲστι,
1117 5262 1209 5328 Μὴ
1270 5260 1375 5317 ὑπό
1406 5261 1526 5314 τινά
1556 5259 1671 5332 εἶμι
1702 5261 1790 5316 τὸν
1823 5282 1935 5316 κω·-

278 5356 477 5415 λὺοντά
510 5376 580 5430 με
608 5348 835 5418 λαϐεῖνς
871 5354 1006 5409 Εἶτα
1028 5349 1121 5406 ’ἱνα
1161 5354 1236 5426 μή
1289 5350 1542 5427 λέγωσιν,
1574 5350 1657 5407 ὅτι
1689 5352 1743 5407 οἱ
1770 5349 1935 5407 ἄλλοι

275 5442 582 5503 ἀπόστολοι
627 5439 796 5498 πλέον
847 5438 1059 5515 ἔχουσι.
1114 5440 1176 5495 τὸ
1220 5441 1311 5495 τὸν
1362 5446 1590 5515 Χριστον
1642 5440 1932 5515 ἑωρακέναι

276 5539 362 5593 καὶ
422 5534 930 5609 συναναστραφῆναι
986 5528 1154 5601 αὐτῷ,
1216 5529 1420 5604 ἐπάγει·
1466 5554 1493 5581 (ς
1526 5529 1671 5606 Οὐχὶ
1722 5533 1930 5597 Ἰησοῦν

278 5626 505 5703 Χριστὸν
537 5622 631 5678 τὸν
664 5622 865 5695 Κύριον
897 5620 1057 5703 ἡμῶν
1104 5618 1356 5694 ἓώρακα;
1394 5643 1421 5670 ››
1471 5619 1631 5674 ’Ὡστε
1690 5616 1831 5691 μηδὲ
1878 5619 1929 5674 ἐν

277 5702 455 5793 τούτῳ
516 5708 746 5771 ἔλαττόν
825 5729 876 5764 τι
962 5702 1079 5783 ἔχει
1136 5713 1241 5764 τῶν
1319 5706 1530 5781 λοιπῷν
1588 5707 1928 5771 ἀποστόλων.

2044 3303 2157 3358 hoc
2187 3306 2622 3372 consequenter
2651 3300 2927 3372 adigitur.
2958 3305 3025 3355 ut
3072 3299 3347 3354 ostendat
3388 3296 3684 3370 quomodo

2042 3391 2116 3448 ab
2148 3391 2240 3447 his
2270 3407 2507 3462 quoque
2538 3390 2865 3446 abstineret
2894 3405 3024 3460 quas
3070 3389 3361 3460 permissa
3389 3393 3580 3454 erant,
3610 3403 3688 3444 ne

2044 3480 2345 3555 aliquibus
2376 3485 2533 3537 esset
2569 3480 2950 3536 oti‘endiculo.
2984 3479 3135 3545 Quid
3186 3478 3339 3537 dico.
3373 3478 3588 3549 inquit,
3618 3476 3691 3533 de

2042 3572 2136 3629 his
2168 3588 2301 3643 quae
2326 3570 2500 3627 idolis
2523 3578 2662 3625 sunt
2682 3569 3033 3627 immolata?
3053 3570 3197 3625 Cum
3220 3568 3698 3638 Lhristusjusse-

2042 3661 2120 3715 rit
2164 3668 2229 3716 ut
2275 3660 2376 3732 qui
2427 3660 2796 3732 praedicaret,
2849 3660 2923 3715 de
2970 3660 3282 3732 Evangelia
3323 3659 3543 3723 ederet,
3577 3658 3690 3714 hoc

2044 3755 2152 3813 est,
2210 3749 2282 3804 ab
2331 3749 2424 3803 his
2470 3750 2569 3820 qui
2625 3750 2914 3805 docentur
2961 3749 3311 3805 alimentum
3370 3748 3685 3818 acciperet,

2044 3838 2215 3911 elegi,
2249 3838 2297 3892 si
2328 3854 2476 3908 opus
2509 3842 2683 3902 esset,
2716 3838 2870 3893 fame
2914 3838 3131 3908 perire,
3165 3842 3223 3891 et
3266 3836 3417 3891 nihil
3454 3852 3490 3890 a
3516 3834 3687 3889 vobis

2042 3927 2310 3997 accipere
2344 3942 2357 3979 :
2389 3942 2509 3979 non
2538 3926 2694 3995 quod
2724 3942 2823 3981 vos
2856 3926 2996 3980 mihi
3044 3926 3379 3997 praebentes
3410 3923 3685 3979 offenda-

2042 4015 2211 4077 mini,
2244 4014 2456 4085 inquit,
2489 4013 2593 4068 sed
2625 4019 2689 4068 ut
2713 4015 2969 4086 amplius
3013 4013 3412 4082 aedificemini,
3445 4011 3685 4083 conspi-

2041 4103 2269 4159 cientes
2300 4101 2458 4173 quod
2488 4102 2616 4157 sine
2650 4109 2891 4174 sumptu
2920 4102 3082 4157 vobis
3113 4101 3449 4174 praedicem.
3482 4102 3686 4172 Itaque

2043 4208 2178 4250 cum
2209 4192 2304 4246 lex
2334 4207 2571 4263 quoque
2619 4190 2818 4246 divina
2847 4192 3001 4247 496
3034 4191 3179 4247 mihi
3212 4191 3503 4262 permittit
3530 4191 3685 4246 acci-

2044 4297 2204 4355 pere,
2228 4287 2467 4353 propter
2482 4282 2656 4337 vestri
2671 4280 3126 4337 aedificationem
3141 4280 3371 4336 decrevi
3386 4280 3536 4335 nihil
3550 4296 3583 4335 a
3595 4296 3689 4336 vo-

2042 4370 2134 4426 bis
2156 4372 2423 4442 accipere
2438 4371 2541 4426 sed
2556 4371 2898 4427 laborabam
2914 4370 3188 4425 manibus
3204 4370 3350 4425 meis
3363 4385 3618 4441 operans
3634 4375 3693 4426 et

2042 4477 2136 4517 me
2155 4461 2337 4517 alens.
2353 4464 2495 4517 Ecce
2514 4462 2755 4518 interim
2773 4462 3031 4517 ostendit
3046 4478 3107 4517 se
3120 4477 3255 4516 vera
3268 4461 3467 4516 dicere
3478 4465 3692 4532 etprm-

2045 4556 2203 4606 stare
2234 4568 2364 4622 quas
2395 4552 2647 4608 dicebat.
2683 4552 2972 4624 Deinceps
3002 4568 3137 4606 vero
3175 4551 3353 4607 etiam
3394 4549 3555 4606 aliud
3589 4565 3695 4621 pa-

2048 4646 2155 4695 rat.
2190 4642 2333 4696 Cum
2368 4657 2496 4714 ego,
2530 4642 2743 4713 inquit,
2768 4643 2851 4699 ita
2881 4642 3123 4715 egerim,
3147 4658 3245 4696 vos
3279 4658 3472 4711 neque
3502 4639 3573 4693 ab
3597 4639 3691 4695 his

2046 4744 2177 4799 quae
2209 4727 2385 4783 idolis
2417 4734 2558 4784 sunt
2601 4730 2908 4785 immolata
2945 4730 3281 4799 abstinetis,
3329 4745 3404 4785 ne
3436 4728 3690 4785 infirmis

2044 4815 2326 4872 fratribus
2383 4818 2513 4873 sitis
2578 4818 2959 4885 oﬁ'endiculo,
3019 4819 3138 4875 imo
3202 4819 3484 4891 perdatis.
3544 4818 3689 4874 Mul-

2045 4910 2136 4960 tos
2167 4912 2364 4961 autem
2395 4923 2598 4962 versus
2621 4908 3483 4983 comprehenditintelligentia
3512 4908 3690 4977 hujus

2047 4996 2377 5058 sententiae,
2402 5001 2461 5049 et
2488 4996 2563 5051 ad
2593 5013 2727 5052 eum
2752 5013 2940 5067 usque
2964 4997 3155 5053 locum
3180 4999 3554 5070 protenditur
3574 5015 3689 5067 quo

2045 5084 2162 5140 ait:
2200 5104 2223 5135 α
2258 5086 2400 5140 Cum
2432 5084 2585 5142 liber
2611 5102 2803 5143 essem
2836 5104 2903 5142 ex
2934 5088 3231 5144 omnibus.
3267 5109 3295 5136 υ
3322 5120 3387 5129 .-
3418 5110 3444 5137 ‹‹
3480 5090 3694 5143 Annon

2048 5190 2175 5228 sum
2200 5174 2524 5244 apostolus.
2554 5197 2579 5221 υ
2605 5175 2927 5245 Deindene
2957 5176 3191 5234 dicant:
3218 5176 3409 5234 Etiam
3443 5175 3491 5229 si
3517 5174 3694 5229 velles

2044 5263 2334 5335 accipere,
2368 5280 2488 5320 non
2520 5263 2626 5320 tibi
2678 5265 3180 5337 liceretqpmpter
3224 5265 3335 5319 hoc
3378 5279 3496 5320 non
3527 5279 3691 5319 acce-

2044 5352 2179 5425 pisti
2209 5370 2221 5406 :
2256 5354 2326 5409 Ut
2357 5352 2517 5424 quid.
2544 5354 2758 5424 inquit,
2783 5370 2903 5410 non
2936 5355 3076 5411 mihi
3104 5355 3307 5409 liceret
3328 5352 3565 5408 '?nonne
3586 5352 3690 5408 alii

2043 5444 2295 5514 apostoli
2317 5444 2555 5500 aluntur
2586 5461 2655 5499 ex
2688 5445 2997 5517 Evangelio
3018 5445 3045 5499 ἰ)
3070 5444 3297 5513 Utique.
3334 5443 3481 5509 Quid
3505 5458 3639 5515 ergo
3660 5444 3689 5500 Ἰ

2042 5550 2241 5589 annon
2276 5550 2408 5588 sum
2456 5550 2560 5607 ego
2596 5534 2899 5605 apostolus
2947 5534 3099 5590 sicut
3148 5533 3280 5588 illi?
3310 5536 3522 5588 Annon
3552 5550 3685 5589 sum

2040 5625 2237 5681 liber?
2270 5625 2389 5682 Hoc
2418 5632 2525 5687 est,
2552 5642 2695 5682 num
2725 5626 2903 5681 alicui
2936 5625 3221 5699 subjicior
3241 5626 3342 5698 qui
3366 5642 3457 5680 me
3477 5625 3680 5697 probi-

2039 5716 2177 5771 beat
2205 5716 2472 5788 accipere
2491 5714 2520 5771 ‘I
2550 5715 2933 5772 Postmodum
2960 5732 3033 5772 ne
3063 5715 3265 5774 dicant
3293 5715 3450 5787 quod
3482 5714 3678 5772 caateri
