4068 6254
427 315 553 401 75s
1514 309 1943 375 (EGUMENII
1991 306 2094 366 TR

2207 305 2297 366 ΗΕ
2341 302 2719 367 EPISCOPI.
3737 298 3854 360 756

433 419 683 526 apostoli
730 446 1048 506 sublimius
1093 447 1321 522 aliquid
1351 447 1628 513 habeant,
1661 460 1879 518 nempe
1920 443 2079 517 quod

2207 464 2223 493 ι
2255 441 2528 517 Ἐσχατον
2559 439 2683 516 γὰρ’
2718 438 2874 514 φησὶ»
2928 435 3167 526 “ﬁt”?
3213 434 3443 510 ὡσπῳεὶ
3478 437 3597 526 ντῷ
3654 431 3858 526 ξηρῷ-

435 541 731 599 Christum
749 541 1089 597 viderintiet
1103 557 1236 594 cum
1253 555 1321 593 eo
1341 538 1667 594 conversati
1688 543 1826 604 sint,
1849 536 2090 605 subjun-

439 621 559 706 Qit:
598 656 623 679 ιι
658 634 874 685 Annon
904 631 1103 685 Jesuiu
1138 630 1432 685 Christum
1468 627 1782 684 Dominum
1816 632 2092 682 nostmm

439 722 555 777 vidi
584 720 611 776 ?
642 744 669 771 »
702 723 786 777 Ita
814 736 888 775 ne
922 720 982 774 in
1023 720 1135 775 hoc
1176 719 1417 791 quidem
1464 718 1708 774 inferior
1740 723 1831 773 est
1860 716 2093 772 caeteris

441 811 728 883 apostolis
752 809 780 865 ‘I
808 811 905 864 Ait
947 809 1106 864 enim
1138 825 1151 863 :
1185 832 1210 856 «ι
1264 810 1568 864 Postremo
1619 808 1888 863 omnium
1932 805 2094 860 velut

441 901 703 959 abortivo
734 900 893 954 visus
925 904 1016 954 est
1040 909 1098 953 et
1120 898 1283 954 mihi.
1309 930 1377 939 —
1400 920 1428 947 ‹‹
1464 907 1677 952 Annon
1711 913 1860 968 opus
1894 911 2092 951 meum

438 1008 541 1046 vos
572 990 716 1045 estis
742 990 802 1044 in
833 989 1083 1045 Domino
1104 987 1131 1042 ?
1164 1010 1190 1037 »
1221 987 1446 1044 Deinde
1476 1003 1550 1042 ne
1581 987 1785 1043 dicant
1810 1003 1823 1041 :
1850 984 2091 1040 Etiamsi

441 1081 523 1137 sis
554 1080 879 1153 apostolus.
913 1078 1148 1134 nullum
1198 1083 1399 1132 tamen
1448 1093 1598 1149 opus
1628 1075 2088 1132 demonstrasti:

438 1169 742 1235 Quomodo
766 1169 794 1223 ?
824 1166 1058 1238 inquit;
1084 1190 1110 1215 η
1139 1183 1341 1223 annon
1366 1184 1515 1238 opus
1534 1182 1731 1223 meum
1760 1182 1860 1221 vos
1877 1162 2086 1220 estis?»

438 1260 551 1316 hoc
607 1265 718 1328 est,
777 1274 979 1313 annon
1038 1257 1442 1329 operationem
1516 1256 1785 1329 apostolo
1852 1255 2090 1327 dignam

442 1348 681 1405 exhibui
725 1347 868 1404 dum
915 1364 1015 1403 vos
1066 1345 1521 1403 converterem?
1550 1346 1707 1417 quod
1739 1345 1801 1400 in
1840 1344 2089 1401 Domino

442 1454 551 1512 per
578 1438 876 1495 Christum
909 1443 1188 1509 operatus
1222 1452 1371 1491 sum.
1397 1460 1424 1485 «ι
1456 1435 1511 1493 Si
1545 1436 1775 1491 caeteris
1804 1451 1925 1490 non
1959 1449 2090 1489 sum

444 1527 768 1600 apostolus.
803 1547 832 1576 »
867 1526 1041 1597 Atqui
1066 1542 1324 1598 possem,
1357 1525 1574 1597 inquit,
1607 1525 1802 1582 dicere
1834 1524 1990 1595 quod
2017 1522 2088 1578 ab

443 1617 770 1675 Jerusalem
797 1622 856 1671 et
876 1615 1516 1686 circumadjacentibus
1537 1614 1682 1671 locis
1712 1630 1901 1684 usque
1924 1612 1999 1668 ad
2022 1611 2089 1667 ll-

442 1708 696 1780 lyricum
726 1705 1096 1779 impleverim
1129 1704 1503 1778 Evangelium
1529 1703 1744 1759 Christi
1766 1702 1809 1769 ³,
1845 1701 1947 1758 sed
1977 1701 2089 1757 hoc

441 1796 681 1852 interim
718 1809 837 1850 non
870 1794 1042 1849 dico:
1074 1808 1275 1848 nonne
1322 1797 1517 1848 vester
1561 1791 1752 1847 factus
1783 1806 1912 1846 sum
1948 1805 2090 1862 apo-

445 1884 633 1942 stolus
656 1886 685 1941 7
706 1906 732 1935 »
760 1884 902 1941 Nam
936 1883 985 1938 si
1018 1882 1274 1938 aliorum
1305 1897 1426 1937 non
1459 1897 1613 1951 sum,
1634 1886 1695 1936 at
1723 1884 1916 1936 vester
1940 1880 2088 1935 inte-

439 1975 555 2031 rim
584 1991 716 2030 sum
741 1990 754 2040 ;
781 1973 883 2029 sed
910 1976 1109 2028 tamen
1135 1972 1286 2027 nihil
1304 1987 1339 2027 a
1356 1971 1520 2026 vobis
1542 1971 1763 2043 accepi.
1789 1972 1908 2027 Hoc
1931 1971 2089 2027 enim

441 2068 670 2137 spectat
684 2061 1118 2133 sermonisejus
1132 2061 1435 2117 conclusio
1452 2078 1466 2127 ;
1482 2061 1641 2118 unde
1654 2061 1737 2116 ait
1754 2076 1766 2115 :
1782 2061 2089 2135 oSigillum

2204 552 2354 605 ματι.
2390 530 2541 608 ὥοθη
2576 532 2806 601 κάμοί.»
2829 562 2896 572 -
2927 527 3034 585 «(υῦ
3054 528 3117 582 τὸ
3138 520 3296 603 ἔργον
3332 546 3433 597 μου
3462 525 3640 595 ὑμεῖς
3669 522 3788 577 ἐστε
3809 522 3859 577 ἐν

2199 623 2426 696 Κυρίῳς
2463 646 2489 672 ››
2526 620 2655 677 Εἶτα
2709 619 2799 675 ἳνα
2860 621 2934 693 μή
2995 616 3243 691 λέγωσιν,
3297 616 3360 673 Ei
3416 615 3516 670 καὶ
3549 612 3865 676 ἀπόστολος

2226 711 2246 733 ν
2340 708 2411 727 nu
2530 712 2547 740 Δ
2988 704 3119 739 ’λ’-Ιν
3281 709 3305 721 ~
3374 724 3385 736 _
3554 703 3568 724 ι
3606 722 3620 734 ε
3749 702 3772 738 ’9
3844 705 3860 722 ι

2200 731 2265 779 ει,
2297 729 2449 765 ουοεν
2487 731 2670 783 μεντοι
2722 704 2874 785 ἔργον
2917 707 3192 776 ἐπεοειςω,
3225 712 3346 767 Πως
3374 750 3387 774 ,
3420 724 3601 782 φησιν
3654 727 3685 754 ‹‹
3718 724 3777 758 ο.)
3805 723 3866 758 το

2198 800 2358 878 ἔργον
2395 822 2499 875 μου
2532 800 2686 873 ὑμεῖς
2719 798 2874 869 ista;
2910 824 2938 850 ››
2958 798 3255 864 τουτέστιν,
3289 795 3404 854 Οὐκ
3442 792 3719 872 ἐργασίαν
3746 793 3870 851 ἀπο-

2200 891 2417 953 στόλοις
2476 890 2783 966 πρέπουσαν
2838 887 3193 962 ἐπεδειξάμην
3247 886 3323 948 εἷς
3383 887 3558 958 ὑμᾶς,
3617 883 3871 958 ἐπιστρέ-

2208 985 2309 1057 ψας
2375 981 2552 1053 ὑμᾶςς
2612 979 2746 1054 ὅπερ
2797 978 2849 1033 ἐν
2903 978 3090 1052 Κυρίῳ
3148 974 3236 1032 διὰ
3290 979 3548 1053 Χριστοῦ
3582 972 3867 1051 πέπραχε.

2205 1092 2226 1119 ι
2265 1069 2327 1127 Ei
2385 1068 2580 1132 ἄλλοις
2640 1071 2740 1124 οὐκ
2805 1067 2917 1140 εἰμὶ
2979 1065 3305 1129 ἀπόστολος.
3338 1088 3366 1117 ››
3415 1063 3648 1133 Καίτοι,
3681 1062 3867 1143 φησίν,

2198 1158 2363 1232 ἔξεστί
2420 1180 2515 1235 μοι
2571 1159 2748 1236 λέγειν
2800 1157 2881 1213 ὅτι
2943 1156 3048 1213 ἀπὸ
3108 1152 3472 1230 Ἰερουσαλὴμ
3534 1151 3641 1207 καὶ
3682 1148 3869 1222 κύκλῳ

2202 1249 2367 1329 μέχρι
2397 1254 2494 1305 τοῦ
2552 1247 2865 1322 Ἰλλυρικοῦ
2922 1246 3264 1321 πεπλήρωκα
3291 1245 3355 1299 τὸ
3390 1242 3746 1317 ὴύαγγέλιον
3776 1245 3872 1296 τοῦ

2196 1328 2458 1414 Χριστοῦ,
2521 1337 2666 1395 ἀλλὰ
2721 1339 2858 1398 τέως
2916 1335 2976 1392 οὖ
3036 1334 3202 1414 λέγῳ·
3282 1335 3356 1406 μή
3413 1333 3518 1389 κᾶν
3586 1332 3754 1407 ὑμῶν
3812 1328 3870 1386 οὗ

2198 1429 2392 1508 γέγονα
2451 1430 2800 1497 ἀπόστολοςς
2863 1425 2925 1484 Ei
2981 1426 3085 1502 γάρ
3145 1423 3331 1481 ἀλλων
3387 1422 3490 1479 οὐκ
3524 1421 3682 1495 εἰμὶ,
3717 1421 3870 1495 ὑμῶν

2194 1519 2331 1581 τέως
2371 1518 2504 1591 εἶμί,
2539 1517 2695 1576 Ἀλλ’
2752 1516 2906 1590 ὅμως
2936 1514 3091 1572 οὐδὲν
3149 1515 3276 1589 παρ’
3310 1514 3461 1587 ὑμῶν
3493 1511 3745 1589 ἐληφα.
3782 1509 3869 1571 Εἰς

2195 1615 2355 1666 τοῦτο
2413 1610 2517 1682 γὰρ
2577 1610 2677 1683 ὁρᾷ
2707 1607 2769 1664 τὸ
2802 1604 3145 1679 ἀποτέλεσμα
3198 1605 3366 1677 αὐτῷ.
3401 1629 3428 1655 ‹‹
3461 1604 3645 1660 Ὅθεν
3680 1600 3864 1675 φησίν,

2198 1724 2225 1751 ‹‹
2256 1700 2319 1756 Ἥ
2354 1698 2580 1779 σφραγὶς
2610 1705 2710 1766 τῆς
2742 1696 2878 1771 ἐμῆς
2909 1693 3227 1764 ἀποστολῆς
3263 1694 3418 1768 ὑμεῖς
3438 1691 3595 1750 ἐστε.
3632 1716 3663 1744 n
3699 1694 3865 1748 Τουτ-

2198 1786 2360 1857 ἐστιν,
2420 1787 2482 1846 Ei
2544 1785 2803 1863 βούλεταί
2857 1807 2942 1848 τις
3002 1790 3193 1861 μαθεῖν
3246 1785 3291 1841 εἰ
3343 1782 3458 1856 εἷμί
3511 1782 3863 1843 ἀπόστολος,

2203 1878 2341 1951 ὑμᾶς
2373 1877 2449 1939 εἷς
2496 1873 2770 1947 ἀπόδειξιν
2828 1870 3244 1951 προϐάλλομαι.
3309 1873 3490 1929 Πάντα
3520 1873 3638 1948 γαρ
3670 1870 3741 1926 τὰ
3774 1872 3864 1924 τοῦ

2203 1966 2511 2024 ἀποστόλου
2568 1967 2621 2022 ἐν
2680 1967 2806 2040 ὑμῖν
2865 1964 3247 2038 ἐπεδειξάμην,
3302 1962 3392 2018 καὶ
3451 1965 3676 2035 σημεῖα
3707 1963 3862 2031 nonf-

2201 2078 2316 2126 σας,
2374 2056 2466 2112 καὶ
2526 2053 2742 2130 διδάξας
2797 2057 2896 2126 τὴν
2963 2054 3166 2122 πίστιν,
3220 2053 3312 2108 καὶ
3367 2048 3676 2113 κινδύνους
3735 2051 3865 2107 ὑπο-

442 2151 810 2225 apostolatus
830 2151 945 2206 mei
962 2167 1062 2206 vos
1080 2151 1241 2207 estis.
1263 2172 1292 2199 »
1312 2151 1430 2207 Hoc
1448 2155 1557 2218 est,
1578 2150 1626 2205 si
1648 2149 1770 2205 vult
1792 2150 2089 2222 quispiam

2207 2145 2409 2221 μείνας,
2439 2146 2529 2202 καὶ
2591 2145 2709 2223 βίον
2766 2143 3138 2216 ἀνεπίληπτον
3195 2140 3483 2216 ἐπιδείξας.
3540 2143 3739 2199 Ταῦτα
3767 2137 3859 2216 γὰρ

442 2254 798 2313 cognoscere
857 2239 1049 2295 simne
1097 2240 1423 2312 apostolus,
1466 2257 1566 2295 vos
1618 2240 1693 2295 ad
1750 2239 2089 2296 evidentem

2207 2236 2285 2293 καὶ
2316 2236 2383 2293 τὰ
2411 2240 2632 2291 τοιαῦτα
2659 2234 2940 2314 σφραγίζει
2988 2233 3080 2289 καὶ
3129 2233 3353 2288 ἐκτυποῖ
3379 2233 3471 2287 καὶ
3502 2227 3859 2288 ἀποδεικνύει

442 2329 854 2405 probationem
888 2345 1175 2403 propono.
1194 2331 1336 2386 Nam
1357 2345 1727 2403 quaecunque
1747 2328 1822 2384 ad
1851 2333 2089 2401 aposto-

2207 2325 2526 2383 ἰπόστολον.
3486 2379 3490 2383 .

441 2420 629 2477 latum
661 2424 953 2492 spectant,
985 2419 1048 2475 in
1079 2418 1243 2475 vobis
1292 2419 1530 2477 exhibui
1566 2437 1579 2476 :
1614 2424 1673 2476 et
1716 2420 1883 2494 signa
1929 2418 2176 2485 faciens,
2210 2424 2269 2475 et
2307 2419 2487 2475 fidem
2535 2417 2778 2485 docens,
2810 2422 2869 2474 et
2915 2415 3181 2491 pericula
3227 2413 3558 2484 sustinens,
3593 2418 3655 2468 et
3684 2412 3855 2467 vitam

444 2509 861 2566 demonstrans
913 2509 1298 2582 inculpatum.
1357 2509 1492 2564 Haec
1549 2508 1709 2565 enim
1763 2509 1999 2579 aliaque
2055 2507 2397 2580 hujusmodi
2456 2508 2807 2581 insigniunt,
2857 2512 2915 2562 et
2970 2505 3259 2579 efﬂigiant
3312 2521 3380 2561 ac
3439 2504 3854 2562 demonstrant

443 2599 798 2674 apostolum.

515 2689 661 2745 491
699 2690 794 2751 IX.
824 2689 858 2743 3
894 2691 948 2744 6.
981 2690 1103 2744 Mea
1126 2690 1404 2759 responsio
1449 2690 1602 2759 apud
1627 2703 1713 2743 eos
1745 2689 1845 2758 qui
1872 2703 1957 2742 me
1994 2689 2085 2741 in-

445 2785 722 2844 terrogant
754 2779 872 2833 hzrc
902 2785 999 2833 est.
1027 2780 1230 2833 Annon
1262 2777 1516 2832 habemus
1536 2784 1862 2848 potestatem
1894 2777 2092 2831 edendi

442 2880 507 2921 ac
567 2867 842 2922 bibendi?
900 2870 1097 2922 Annon
1155 2867 1414 2921 habemus
1475 2872 1801 2936 potestatem
1854 2881 2091 2921 sororem

446 2955 736 3011 mulierem
795 2957 1258 3014 circumclurendi.
1311 2957 1767 3026 quemadmodum
1816 2962 1866 3011 et
1911 2971 1971 3009 cn
1991 2957 2095 3010 teri

443 3043 685 3118 apostoli
716 3051 766 3100 et
793 3047 996 3115 fratres
1038 3043 1265 3101 Domini
1293 3051 1346 3100 et
1376 3044 1582 3116 Cephas
1604 3048 1631 3101 ?
1661 3048 1767 3100 Aut
1811 3043 1963 3100 solus
1992 3060 2091 3115 ego

448 3140 501 3191 et
530 3134 812 3191 Barnabas
839 3150 949 3191 non
980 3135 1237 3190 habemus
1260 3141 1584 3206 potestatem
1630 3150 1740 3189 non
1770 3134 2041 3205 operand:
2066 3136 2095 3189 ?

2268 2687 2325 2741 Ἥ
2389 2686 2495 2757 ἐμή
2555 2684 2831 2763 ἀπολογία
2914 2690 3033 2747 τοῖς
3117 2684 3216 2758 ἐμὲ
3279 2682 3663 2758 ἀνακρίνουσιν
3716 2678 3840 2749 αὕτη

2202 2773 2334 2832 ἐστί.
2400 2776 2494 2843 Μὴ
2551 2775 2651 2833 οὐκ
2707 2774 2908 2851 ἔχομεν
2969 2774 3208 2845 ἐξουσίαν
3268 2778 3459 2852 φαγεῖν
3518 2772 3612 2829 καί
3667 2774 3833 2836 meis;

2208 2866 2284 2939 μὴ
2352 2865 2452 2920 οὐκ
2533 2860 2735 2940 ἔχομεν
2831 2864 3073 2935 ἐξουσίαν
3171 2861 3416 2943 ἀδελφὴν
3473 2868 3686 2936 γυναῖκα
3733 2876 3823 2910 πε-

2206 2957 2434 3031 ριάγειν,
2488 2955 2562 3015 ὡς
2617 2955 2709 3009 καὶ
2767 2956 2819 3010 οἳ
2880 2956 3065 3009 λοιποὶ
3124 2942 3424 3008 ἀπόστολοι
3467 2951 3544 3004 καί
3586 2942 3807 3001 aliaal-

2201 3044 2293 3123 φοὶ
2324 3048 2420 3100 τοῦ
2454 3044 2651 3120 Κυρίου
2681 3043 2769 3099 καὶ
2832 3047 3019 3118 Κηιρᾶς
3043 3045 3073 3102 ἳ
3129 3045 3195 3101 Ἣ
3249 3043 3416 3115 μόνος
3440 3039 3541 3114 ἐγὼ
3563 3036 3650 3092 καὶ
3679 3037 3811 3107 Βαρ-

2201 3129 2411 3202 νάϐας;
2467 3134 2565 3189 οὐκ
2634 3128 2835 3209 ἔχομεν
2896 3134 3139 3205 ἐξουσίαν
3197 3137 3297 3189 τοῦ
3359 3134 3435 3204 μὴ
3494 3127 3824 3207 ἐργὲιζεπθαιῖ

514 3223 688 3296 Apud
735 3240 838 3280 eos
886 3224 1164 3281 videlicet
1210 3225 1311 3296 qui
1362 3230 1640 3297 quierunt
1688 3225 1838 3281 scire
1868 3226 1932 3280 in
1979 3240 2096 3295 quo

2279 3226 2411 3288 Τοῖς
2442 3229 2668 3296 ζητοῦσι
2731 3225 2916 3299 μαθεῖν
2977 3223 3142 3278 πόθεν
3196 3218 3453 3290 δηλονότι
3501 3219 3571 3274 τὰ
3591 3219 3687 3273 τοῦ
3712 3215 3838 3270 ἄπο-

447 3313 813 3370 ostenderim
845 3314 1014 3385 signa
1042 3315 1318 3384 apostoli,
1350 3320 1452 3370 aut
1496 3314 1654 3387 quod
1704 3315 1832 3370 sine
1865 3319 2100 3386 sumptu

454 3402 836 3474 Evangelium
868 3401 1335 3474 prmdicaverim,
1362 3419 1463 3457 vos
1502 3404 1565 3457 in
1606 3403 2015 3459 testimonium
2046 3406 2105 3458 et

458 3492 864 3548 ostensionem
911 3507 1225 3563 propono:
1276 3508 1413 3546 nam
1469 3493 1583 3548 hoc
1629 3497 1738 3559 est,
1775 3491 1933 3564 quod
1982 3493 2099 3559 ait;

459 3592 487 3630 τι
521 3582 648 3635 Mea
674 3580 985 3652 responsio
1016 3580 1170 3652 apud
1204 3596 1304 3636 eos
1333 3580 1433 3650 qui
1458 3597 1553 3636 me
1583 3581 1950 3653 interrogant
1977 3581 2104 3637 haec

456 3674 565 3736 est,
599 3690 627 3720 »
662 3685 878 3741 nempe
908 3668 1275 3742 apostolatus
1308 3669 1381 3726 ad
1412 3687 1512 3726 vos
1566 3669 1684 3725 sive
1717 3670 1934 3742 legatio
1968 3687 2105 3743 erga

454 3778 573 3817 vos.
607 3763 821 3817 Annon
873 3760 1185 3830 habebam,
1237 3760 1453 3833 inquit,
1486 3766 1841 3834 potestatem
1887 3754 2102 3818 edendi

453 3868 521 3909 ac
550 3850 791 3908 bibendi
816 3850 888 3906 ab
919 3850 1011 3905 his
1043 3850 1144 3921 qui
1179 3850 1591 3907 docebantur?
1619 3867 1757 3907 nam
1789 3851 1901 3908 hoc
1929 3852 2100 3908 Chri-

455 3946 579 3998 stus
603 3941 805 4013 jussit.
830 3939 943 3996 Sed
968 3945 1167 3996 tamen
1199 3957 1269 3997 ea
1296 3957 1359 3997 re
1385 3941 1668 4001 abstinui.
1703 3957 1781 3996 ne
1810 3941 1977 3997 vobis
2007 3940 2099 3996 ul-

452 4031 578 4086 lam
609 4030 974 4102 praeberetur
1002 4029 1450 4087 oll‘endiculum.
1487 4052 1514 4081 «
1558 4034 1773 4086 Annon
1813 4031 2103 4089 habemus

454 4118 808 4197 potestatem
824 4135 1087 4174 sororem
1102 4120 1434 4175 mulierem.
1450 4160 1462 4174 .
1477 4156 1486 4166 -
1501 4120 1530 4176 ?
1548 4142 1572 4168 ››
1586 4121 1802 4176 Divites
1822 4121 2102 4177 mulieres

456 4226 587 4281 quae
619 4208 1015 4275 crediderant,
1048 4208 1338 4279 quosdam
1371 4210 1777 4280 sequebantur
1805 4209 2101 4281 apostolo-

454 4311 586 4355 rum
598 4343 611 4368 ,
634 4299 695 4354 in
714 4298 1084 4355 necessarios
1099 4314 1303 4354 eorum
1317 4315 1459 4353 usus
1474 4300 1922 4371 suppeditantes
1939 4317 1951 4355 :
1967 4299 2105 4356 util-

455 4388 496 4444 li
515 4389 796 4459 deinceps
815 4387 1045 4458 abjecta
1058 4387 1129 4443 de
1142 4387 1254 4443 hoc
1268 4386 1810 4454 sollicitudine,soli
1829 4394 2105 4444 vacarent

455 4476 882 4550 prmdicationi.
913 4476 1051 4531 Vide
1083 4483 1280 4532 autem
1313 4475 1469 4547 quod
1501 4477 1905 4548 apostolorum
1936 4495 2104 4551 cory-

454 4567 693 4639 phaeum
714 4583 753 4621 n
783 4566 1100 4621 .vissimum
1129 4565 1343 4636 posuit,
1369 4565 1479 4621 hoc
1500 4566 1834 4637 designans.
1852 4568 2101 4641 thuid,

457 4620 926 4728 inquitcaateros
940 4654 1070 4711 dico
1082 4620 1322 4711 ?Annon
1339 4655 1463 4727 ipse
1476 4620 1687 4711 Petrus
1703 4620 2107 4713 hocfaciebat'i
2136 4620 2182 4682 ι)

464 4767 491 4794 ‹‹
525 4750 592 4799 l:.t
614 4745 827 4800 fratres
854 4745 1111 4800 Domini.
1142 4768 1162 4793 ιι
1190 4744 1423 4801 Fratres
1444 4745 1676 4801 Domini
1706 4746 1848 4802 dicit
1879 4762 1980 4801 eos
2003 4747 2103 4819 qui

459 4833 673 4890 fratres
691 4835 820 4905 ejus
833 4834 1351 4900 existimabantur;
1366 4852 1505 4890 nam
1520 4837 1801 4907 quoniam
1820 4837 1903 4891 ita
1913 4837 2109 4910 appel-

461 4922 945 4993 labantur,etiam
960 4922 1265 4995 ipsejuxta
1276 4941 1653 4981 communem
1668 4926 2011 4997 opinionem
2028 4926 2108 4981 lo-

461 5019 633 5070 cutus
654 5012 876 5078 est.Qui
902 5012 1011 5068 ﬁlii
1030 5019 1199 5068 erant
1212 5014 1450 5087 Joseph,
1475 5031 1542 5070 eo
1560 5015 1718 5087 quod
1737 5015 1832 5071 hic
1853 5015 2104 5088 despon-

460 5110 691 5164 saverat
707 5106 816 5161 sibi
837 5106 937 5161 Dei
961 5107 1201 5161 Matrem
1228 5123 1241 5160 :
1266 5123 1479 5179 nempe
1500 5107 1749 5163 Jacobus
1772 5107 2106 5181 Hierosoly—

458 5213 693 5253 morum
712 5195 1264 5268 episcopusJoseph
1289 5196 1495 5251 eodem
1516 5213 1647 5252 cum
1668 5204 1831 5269 patre
1850 5197 2107 5270 appella-

459 5291 552 5341 tus
576 5285 837 5350 nomine,
866 5291 923 5340 et
944 5284 1145 5340 Simon
1169 5301 1237 5340 ac
1255 5285 1454 5342 Judas.
1481 5308 1505 5334 ‹‹
1533 5288 1649 5355 Ego
1675 5292 1731 5341 et
1752 5288 2097 5341 Barnabas:

459 5376 662 5431 Sciens
694 5374 1021 5431 Barnabam
1054 5373 1165 5428 sibi
1190 5374 1416 5431 socium
1440 5391 1567 5429 esse
1601 5376 1660 5429 in
1681 5375 1794 5430 hoc
1821 5375 2016 5432 studio
2040 5392 2106 5431 ac

461 5464 730 5538 diligenti
761 5464 1157 5531 observantia,
1182 5471 1325 5536 puta
1353 5464 1511 5535 quod
1540 5465 1668 5520 sine
1699 5470 1939 5538 sumptu
1961 5482 2108 5537 prae-

502 5643 554 5722 ι⁸
581 5644 750 5702 Rom.
780 5661 870 5717 xv,
900 5645 989 5700 49.

2206 3314 2408 3369 στόλου
2438 3317 2643 3385 σημεῖα
2673 3309 3050 3384 ἐπεδειξάμην,
3110 3312 3145 3381 ἢ
3204 3309 3287 3367 ὅτι
3318 3306 3595 3365 ἀδάπανον
3630 3301 3842 3379 ἐκήρυξα

2207 3403 2270 3460 τ’)
2330 3400 2690 3481 Εὐαγγὲλιον,
2755 3403 2895 3474 ὑμᾶς
2952 3400 3028 3464 εἲς
3091 3399 3385 3474 μαρτυρίαν
3441 3397 3535 3453 καὶ
3582 3393 3844 3467 ἆποδειξιν

2208 3488 2622 3565 προϐάλλομαι.
2683 3494 2858 3549 Τοῦτο
2917 3491 3025 3566 γὰρ
3078 3490 3239 3557 ἐστιν,
3271 3489 3391 3546 «Ἦ
3424 3487 3532 3554 ἐμὴ
3584 3484 3849 3558 ἀπολογία

2206 3586 2323 3643 τοῖς
2372 3581 2468 3654 ἐμὲ
2526 3580 2893 3656 ἀνακρίνουσιν
2948 3581 3082 3652 αὕτη
3136 3578 3247 3635 ἐστί
3278 3604 3306 3631 ›ι
3337 3578 3644 3645 τουτέστιν,
3677 3577 3745 3633 Ἠ
3788 3571 3855 3632 εἷς

2212 3670 2349 3744 ὑμᾶς
2379 3671 2684 3740 ἀποστολή.
2744 3669 2859 3727 Οὐκ
2915 3670 3092 3745 εἶχον,
3149 3668 3330 3747 φησὶν,
3390 3666 3637 3740 ἐξουσίαν
3681 3665 3853 3743 φαγεῖν

2209 3760 2303 3814 καὶ
2334 3764 2475 3815 πιεῖν
2515 3759 2576 3815 ἐκ
2602 3764 2709 3814 τῶν
2766 3757 3253 3833 μαθητευομένων;
3303 3760 3477 3814 Τοῦτο
3527 3756 3639 3831 γάρ
3676 3757 3704 3811 ὁ
3737 3756 3861 3827 Χρι-

2213 3849 2340 3912 στὸς
2371 3847 2668 3905 ἐκέλευσεν.
2720 3846 2879 3905 Ἀλλ’
2939 3847 3093 3920 ὅμως
3144 3846 3340 3902 τούτου
3396 3845 3756 3921 ἀπεσχόμην,
3786 3838 3865 3896 διᾶ

2208 3936 2271 3994 τὸ
2308 3940 2382 4011 μή
2434 3958 2556 3993 σκακ
2570 3936 2893 4007 δαλισοῆναι
2947 3937 3107 4010 ὑμᾶς.
3163 3961 3190 3989 ‹‹
3223 3936 3315 4003 Μὴ
3348 3934 3446 3990 οὐκ
3477 3931 3694 4010 ἔχομεν
3726 3932 3864 4003 ἐξου-

2210 4028 2323 4083 σίαν
2380 4025 2621 4103 ἀδελφῆν
2680 4031 2951 4104 γυναῖκας
2986 4050 3015 4079 ››
3071 4027 3138 4084 Ai
3193 4023 3421 4100 εὔποροι
3476 4030 3734 4100 γυναῖκες
3779 4041 3860 4076 πι-

2210 4111 2513 4186 στεύουσαι,
2566 4115 2909 4187 ἠκολούθουν
2965 4115 3130 4180 ἐνίοις
3214 4119 3321 4170 τῶν
3378 4111 3735 4181 ἀποστόλων,
3790 4109 3857 4172 είς

2210 4209 2305 4270 τὰς
2359 4206 2643 4283 ἀναγκαίας
2693 4204 2870 4263 αὐτῶν
2919 4206 3110 4280 χρείας
3158 4207 3525 4282 χορηγοῦσαιο
3561 4202 3641 4264 ὡς
3676 4199 3861 4258 αὐτοῦς

2210 4298 2405 4355 λοιπὸν
2435 4297 2594 4361 ὄντας
2624 4296 2748 4373 περὶ
2778 4297 2979 4352 τούτου
3009 4297 3368 4371 ἀμερίμνους,
3404 4295 3555 4369 μόνῳ
3583 4298 3670 4366 τῷ
3700 4288 3859 4366 κηρύ-

2207 4409 2376 4465 γμσιτι
2410 4385 2864 4463 ἀπασχολεῖσθαι.
2888 4388 3024 4463 Ὅρα
3055 4383 3112 4442 δέ
3141 4386 3223 4442 ὃτι
3245 4387 3339 4440 τὸν
3368 4389 3675 4461 κορυφαῖον
3707 4377 3857 4455 ἔσχα-

2207 4499 2298 4533 τον
2330 4478 2537 4540 τέθεικε
2564 4480 2725 4532 τοῦτο
2756 4476 3149 4550 αἰνιττόμενος·
3185 4475 3285 4533 Καὶ
3314 4475 3390 4543 τί,
3423 4474 3580 4554 φησὶ,
3612 4474 3746 4534 τοὺς
3776 4466 3859 4526 άλ-

2212 4567 2344 4630 λους
2374 4564 2522 4645 λέγω
2548 4586 2561 4638 ;
2595 4567 2753 4629 αὐτὸς
2788 4568 2814 4622 ὁ
2849 4567 3050 4642 Πέτρος
3081 4565 3142 4621 οὖ
3173 4569 3334 4621 τοῦτο
3365 4564 3536 4620 ἐποίει
3564 4584 3580 4633 ς
3613 4589 3643 4616 ‹‹
3680 4564 3780 4621 Καὶ
3812 4558 3856 4614 oi

2213 4654 2440 4734 ἀδελφοὶ
2470 4659 2568 4712 τοῦ
2602 4656 2825 4733 Κυρίου.
2855 4682 2880 4709 n
2914 4655 3209 4734 Ἀδελφοὺς
3237 4660 3333 4712 τοῦ
3366 4654 3594 4729 Κυρίου,
3616 4655 3749 4717 τοὺς
3777 4670 3852 4705 νο·

2220 4745 2501 4820 μισθέντας
2528 4743 2795 4825 ἀδελφοὺς
2852 4746 3016 4803 αὐτοῖο
3073 4744 3242 4821 λέγει.
3297 4741 3522 4815 Ἐπειδὴ
3554 4746 3661 4821 γὰρ
3693 4744 3854 4802 οὕτως

2216 4835 2615 4916 ἐχρημάτιζον,
2645 4839 2737 4893 καὶ
2769 4836 2927 4900 αὐτὸς
2958 4836 3097 4893 κατᾶ
3138 4837 3238 4905 τὴν
3284 4839 3471 4907 κοινὴν
3507 4833 3667 4910 δόξαν
3698 4838 3853 4892 εἶπεν.

2216 4922 2432 4986 Οἶτινές
2466 4925 2597 4981 εἰσιν
2650 4924 2758 4982 υἱοῖ
2806 4926 3030 5002 Ἰωσὴφ,
3085 4922 3173 4980 διὰ
3225 4925 3325 4994 τὴν
3371 4924 3507 4999 πρὸς
3538 4925 3640 4994 τήν
3670 4919 3853 4982 Θεοτό-

2215 5034 2308 5069 κον
2377 5014 2686 5088 μνηστείαν,
2748 5010 3005 5077 Ἰάκωϐος
3087 5014 3382 5077 ἐπίσκοπος
3437 5014 3852 5090 Ἱεροσολύμων,

2215 5103 2419 5181 Ἰωσήφ
2477 5105 2772 5177 ὁμώνυμος
2828 5109 2905 5178 τῷ
2975 5104 3160 5177 πατρὶ,
3234 5106 3421 5176 Σίμων
3496 5105 3588 5161 καὶ
3639 5099 3853 5163 Ἰούδας.

2218 5217 2245 5245 ‹‹
2275 5195 2421 5270 Ἐγὼ
2454 5196 2541 5249 καὶ
2575 5189 2880 5271 Βαρνάϐας.
2924 5218 2951 5245 ››
3001 5191 3179 5258 Εἰδὼς
3225 5195 3317 5252 τὸν
3350 5190 3632 5271 Βαρνάϐαν
3664 5212 3851 5251 κοινω-

2214 5289 2418 5339 νοῦντα
2478 5284 2621 5356 αὐτῷ
2676 5292 2776 5355 τῆς
2833 5279 3106 5360 ἀκριϐείας
3161 5284 3380 5357 ταύτης,
3443 5287 3616 5365 ἤγουν
3649 5287 3710 5341 τὸ
3740 5288 3849 5339 ἄνευ

2217 5372 2461 5445 δαπάνης
2513 5373 2822 5450 κηρύττειν,
2879 5374 2967 5430 καὶ
3054 5396 3113 5450 γε
3188 5373 3428 5449 ἐξουσίαν
3485 5373 3632 5456 ἔχων
3691 5375 3851 5430 ποιεῖν

2217 5461 2410 5534 οὕτως,
2471 5462 2568 5520 οὐκ
2625 5463 2939 5540 ἀπέκρυψεν.
3000 5487 3029 5517 ‹‹
3087 5463 3197 5521 Οὐκ
3256 5460 3444 5541 ἔχουεν
3504 5466 3740 5538 ἐξουσίαν
3764 5464 3850 5519 τοῦ
