4068 6254
203 385 328 446 157

1223 389 1633 451 COMMENT.
1679 389 1756 450 IN
1803 391 2053 453 EPIST.
2100 396 2125 454 Ῑ
2170 397 2271 454 AD
2315 395 2678 458 CORINTH.

3536 401 3570 456 7
3577 399 3654 458 53

218 517 303 592 μῆ
331 517 665 593 ἐργάζεσθαι
691 539 705 589 ;
731 543 759 572 »
789 523 901 577 Τοῦ
931 523 997 577 τὰ
1016 520 1154 594 πρὸς
1182 522 1391 600 τροφὴν
1422 521 1515 578 καὶ
1565 520 1872 598 αὐτάρκειαι

2003 525 2248 595 dicaret,
2281 545 2415 588 cum
2445 533 2801 603 potestatem
2832 529 3081 585 haberet
3104 530 3186 584 ita
3215 530 3493 598 faciendi,
3519 547 3649 590 :non

221 611 331 667 ἀπὸ
359 612 463 664 τοῦ
494 610 853 687 κηρύγματος
898 611 1211 686 πορίζεσθκι
1243 632 1258 680 ;
1312 609 1442 668 ἀλλ’
1480 613 1633 686 ὅμως
1663 610 1883 687 ἔχοντες

220 701 492 772 ἐξουσίαν.
526 701 592 753 ού
647 702 915 778 χρῶμεθκ
942 706 1009 771 τῇ
1057 701 1292 772 ἐξουσίᾳ,
1325 701 1415 756 ἳνα
1468 701 1680 773 μὶλλον
1742 705 1881 774 ὑμᾶς

226 789 636 866 ὡφελῆσωμεν,
671 786 937 844 αδὲπενον
993 790 1353 862 κηρύσσοντες
1407 790 1470 846 τό
1532 790 1879 869 [εὐαγγέλιον.

222 879 299 937 Ε“’
329 877 387 935 δὲ
413 883 575 933 τούτο
620 877 815 945 δῆλον,
849 878 932 934 ὅτι
966 879 1008 933 ε’
1042 880 1132 934 καὶ
1164 878 1410 954 συνῄδειν
1450 878 1883 954 σκινδαλιζομέ-

220 990 354 1029 νους
390 969 533 1038 ὑμᾶς
576 964 752 1022 ἕνεκεν
807 968 1174 1049 κρεοφαγίας,
1223 967 1401 1023 καίτοι
1460 970 1744 1024 ἀκώλυτον
1802 971 1880 1037 ὃν,

220 1058 326 1114 οὐκ
384 1056 443 1111 ἂν
495 1055 693 1135 ἔφαγον
754 1058 828 1118 εἰς
894 1059 985 1113 τὸν
1037 1059 1226 1128 αἰῶνα,
1281 1059 1372 1114 ἳνα
1433 1061 1508 1132 μή
1578 1058 1881 1115 σκανδάλου

219 1149 488 1222 πρόξενος
537 1146 804 1224 γενοίμην
886 1151 966 1218 τῷ
1019 1145 1258 1222 ἀδελτρῷο
1319 1151 1474 1222 πόσῳ
1523 1149 1737 1222 μᾶλλον
1801 1147 1883 1204 δεῖ

221 1235 586 1317 φυλάττεσθαι
623 1235 764 1308 ὑμᾶς
823 1236 929 1292 ἀπὸ
985 1241 1090 1292 τῶν
1149 1234 1528 1301 εἰδωλοθύτων
1565 1258 1580 1307 ;
1613 1237 1682 1294 δι’
1710 1240 1783 1292 ὧν
1818 1239 1878 1293 οὐ

225 1327 395 1401 μόνον
424 1327 477 1380 οἱ
509 1322 737 1401 ἀδελφοὶ
790 1323 1259 1396 σκανδαλίζονται,
1293 1325 1438 1382 ἀλλὰ
1467 1329 1553 1382 καὶ
1605 1328 1700 1390 τάς
1755 1349 1882 1382 σον-

222 1413 464 1486 ειῖήσεις
498 1415 817 1488 μολύνουσι.
857 1417 932 1472 Τὸ
969 1414 1049 1485 δὲ,
1087 1442 1107 1466 ι
1144 1419 1214 1472 "H
1253 1418 1417 1489 μόνος
1448 1415 1558 1490 ἐγὼ
1614 1418 1704 1472 καὶ
1741 1421 1876 1493 Βαρ-

219 1500 392 1565 νάἵας
431 1504 525 1559 ούκ
581 1502 784 1578 ἔχομεν
848 1504 1089 1575 ἐξουσίαν
1146 1509 1244 1560 τοῦ
1307 1508 1382 1579 μὴ
1442 1505 1754 1581 ἐργάζεσθαι
1799 1527 1812 1576 ;
1851 1531 1875 1560 n

220 1591 550 1669 οἰκειότερόν
580 1593 691 1650 ἐστι
722 1601 822 1664 τῆς
880 1592 1076 1664 λέξεως
1137 1595 1316 1658 οὕτως
1377 1591 1645 1650 ἐκλαϐεῖν·
1680 1598 1746 1653 Οἱ
1782 1599 1875 1670 μὲν

218 1685 314 1740 οὖν
374 1683 560 1754 ἄλλοι,
620 1681 807 1756 φησὶν,
861 1683 1181 1752 ἀπόστολοι,
1250 1684 1488 1758 ἐξοτσίαν
1548 1681 1738 1765 ἔχουσι
1799 1689 1874 1761 μή

218 1774 567 1850 ἐργάζεσθαι,
625 1770 766 1846 μγ,δέ
814 1778 1008 1844 κοπιᾷν
1058 1779 1178 1835 ταῖς
1231 1777 1440 1850 χερσίν,
1502 1774 1630 1830 ἀλλ’
1674 1775 1733 1830 ἐκ
1772 1781 1878 1831 τῶν

1992 617 2325 672 occultavit.
2363 641 2389 667 ‹‹
2439 620 2564 674 Non
2615 617 2902 674 habemus
2946 622 3298 688 potestatem
3346 633 3466 672 non
3499 634 3644 689 ope-

1989 706 2209 762 randi?
2241 729 2265 755 -›
2313 709 2427 763 Hoc
2453 714 2560 770 est.
2595 714 2659 762 ut
2687 724 2721 761 a
2753 706 3168 777 praidicatione
3191 707 3644 776 suppeditaren~

1992 802 2075 851 tui
2145 797 2318 851 nobis
2349 815 2481 868 quin
2514 797 2586 850 ad
2637 806 2848 852 Victum
2885 796 3229 850 sufﬁcerent
3260 796 3285 848 ’ἰ
3305 796 3404 849 sed
3440 803 3637 851 tamen

1991 903 2124 940 cum
2159 887 2335 941 talem
2363 887 2715 941 haberemus
2744 892 3112 957 potestatem,
3149 902 3265 938 non
3311 902 3514 938 sumus
3546 887 3636 941 usi

1989 982 2282 1047 potestale
2335 983 2401 1030 ut
2448 977 2634 1047 magis
2683 993 2782 1030 vos
2831 976 3197 1043 juvaremus,
3259 974 3636 1045 Evangelium

1991 1065 2119 1118 sine
2144 1072 2383 1134 sumplu
2415 1065 2825 1135 prindicantes.
2847 1064 3010 1128 Quod
3045 1063 3090 1116 si
3120 1064 3229 1118 hoc
3262 1069 3343 1116 Ita
3367 1069 3475 1127 est,
3509 1080 3633 1118 ma-

1989 1152 2270 1207 nifestum
2296 1163 2387 1208 est
2410 1153 2567 1224 quod
2602 1155 2648 1207 si
2682 1171 2781 1207 vos
2815 1153 3205 1216 intelliget-em
3265 1167 3500 1206 sumere
3559 1151 3640 1208 oi-

1987 1242 2350 1297 fendiculum
2381 1243 2454 1297 ob
2488 1259 2651 1300 esum
2681 1243 2971 1296 carnium.
3008 1241 3104 1312 qui
3148 1247 3349 1295 tamen
3398 1257 3515 1294 non
3549 1246 3641 1296 est

1987 1333 2344 1403 prohibitus,
2388 1349 2764 1404 nequaquam
2800 1332 2884 1386 eis
2914 1347 3184 1386 vescerer
3227 1331 3287 1385 in
3346 1337 3637 1386 internum

1987 1420 2154 1476 fratri
2179 1439 2355 1478 causa
2379 1423 2578 1478 ﬁerem
2603 1421 2980 1476 oll'eudiculi:
3009 1425 3231 1491 quanto
3257 1421 3438 1492 magis
3460 1420 3638 1474 absti-

1987 1529 2129 1566 nere
2158 1529 2258 1566 vos
2287 1517 2520 1582 oportet
2551 1510 2623 1564 ab
2655 1510 2746 1564 liis
2775 1527 2906 1580 qum
2933 1517 3070 1565 sunt
3103 1509 3276 1562 idolis
3301 1509 3630 1575 immolata,

1987 1601 2140 1656 498
2173 1617 2278 1672 per
2307 1617 2437 1670 quin
2462 1617 2578 1654 non
2609 1599 2798 1654 solum
2826 1600 3036 1653 fratres
3069 1598 3490 1653 offendiculum
3525 1615 3632 1669 pa-

1987 1691 2236 1756 tiuntur,
2269 1690 2370 1744 sed
2402 1695 2457 1744 et
2489 1688 2884 1744 conscientias
2907 1686 3228 1758 polluunt‘?
3249 1687 3411 1752 Quod
3433 1693 3628 1742 tamen

1986 1781 2100 1835 ait:
2122 1799 2146 1829 ιι
2169 1778 2457 1834 Autsolus
2479 1794 2583 1849 ego
2608 1784 2664 1831 et
2687 1776 2982 1832 Barnabas
3003 1793 3121 1830 non
3139 1774 3421 1830 habemus
3441 1783 3630 1847 potes—

219 1861 619 1920 διακονούντων
663 1863 850 1922 αὐτοῖς
901 1863 1204 1938 τρέφεσθαι·
1249 1864 1359 1942 ἐγὼ
1409 1861 1466 1920 δὲ
1521 1865 1612 1919 καὶ
1671 1867 1872 1941 Βαρνά-

1988 1873 2163 1924 tatem
2183 1885 2302 1924 non
2326 1866 2918 1940 operandi.»propius
2939 1866 3012 1920 ad
3031 1865 3632 1937 verbumitaaccipia—

220 1948 341 2019 ϐας,
391 1954 468 2014 ὡς
529 1951 793 2032 φαίνεται,
846 1952 1032 2029 φησὶν,
1094 1952 1193 2008 οὐκ
1245 1948 1448 2028 ἔχαομεν
1501 1953 1738 2024 ἐξουσίαν
1798 1957 1874 2026 μὴ

221 2042 562 2116 ἐργάζεσθαι,
597 2040 726 2097 ἀλλ’
778 2040 981 2117 ἀνάγκῃ
1015 2047 1132 2104 ταῖς
1192 2043 1348 2118 χερσὶ
1401 2047 1732 2111 κοπιῶντας,
1779 2043 1874 2099 οὕ-

215 2151 325 2193 τως
381 2131 598 2194 ἑαυτοῖς
652 2131 721 2184 τὰ
781 2130 916 2205 πρὸς
971 2131 1070 2199 τήν
1121 2130 1402 2207 ἀναγκαίαν
1463 2131 1652 2208 χρείαν
1707 2133 1871 2208 ἐπαρ-

213 2239 327 2276 κιιν
367 2240 381 2290 ;

276 2503 372 2564 Τίς
440 2502 792 2578 στρατεύεται
848 2501 1010 2566 ἰδίοις
1069 2506 1333 2579 ὀψωνίοις
1391 2506 1569 2574 ποτὲς
1626 2507 1711 2570 τίς
1769 2529 1863 2584 φυ-

217 2591 358 2646 νιύει
411 2591 730 2663 ἀμπελῶνα,
809 2593 900 2648 καὶ
993 2592 1052 2648 ἐκ
1129 2599 1226 2649 τοῦ
1275 2599 1485 2670 καρποῦ
1541 2595 1710 2653 αὐτού
1767 2597 1868 2654 οὐκ

225 2677 506 2748 hmani.
561 2683 644 2742 τίς
693 2684 977 2755 ποιμαίνει
1035 2683 1292 2758 ποίμνῒιντ
1352 2686 1441 2740 δαὶ
1501 2685 1560 2740 ἐκ
1613 2691 1712 2741 τοῦ
1764 2688 1862 2763 γαῖ’

223 2765 437 2830 λακτος
467 2776 565 2837 τῆς
593 2770 819 2843 ποίμνης
853 2774 959 2827 ούκ
988 2773 1150 2828 ἐσθίει
1183 2793 1196 2842 ;

302 2856 416 2923 Τίς,
475 2859 618 2934 φησί,
668 2863 1113 2936 στρατευόμενος,
1175 2862 1388 2928 θ”κοοεν
1443 2864 1712 2945 τρέφεται,
1774 2867 1861 2921 καὶ

223 2946 322 3000 οὐκ
377 2944 435 3000 ἐκ
487 2955 585 3016 τῆς
646 2949 966 3024 στρατείας;
1025 2952 1116 3006 καὶ
1175 2957 1335 3008 τοῦτο
1393 2944 1563 3031 λέγει,
1628 2951 1863 3015 «Ἰδίοις

215 3033 492 3109 ὀψωνίοις.
533 3062 560 3087 ‹‹
599 3037 791 3100 Καλῶς
851 3037 994 3095 δὲτὸ
1052 3045 1148 3095 τοῦ
1208 3043 1545 3116 στρατιώτου
1594 3044 1856 3117 πρότερον

211 3127 433 3181 τέθεικε.
471 3129 655 3184 Τοῦτο
685 3129 787 3204 γὰρ
847 3127 1111 3205 ἁρμόδιον
1139 3135 1206 3205 τῇ
1250 3131 1531 3206 ἀποστολῇ
1593 3131 1680 3188 διὰ
1739 3134 1862 3198 τοὺς

211 3213 262 3269 ἐν
313 3215 452 3290 αὐτῇ
509 3216 813 3288 κινδύνους,
871 3219 960 3274 καὶ
1024 3221 1117 3275 τὸν
1179 3221 1426 3296 πόλεμον
1482 3228 1588 3278 τῶν
1646 3227 1856 3292 νοητῶν

1984 1956 2759 2029 tur:ltaque,inquit,caateri
2774 1955 3022 2026 apostoli
3044 1959 3393 2024 potestatem
3409 1955 3632 2010 habent

1985 2065 2106 2104 non
2131 2046 2417 2119 cperandi
2439 2061 2631 2116 neque
2651 2044 2958 2100 laborandi
2979 2043 3634 2109 manibus,sedutalan-

1983 2143 2080 2194 tur
2109 2155 2179 2194 ex
2195 2137 2286 2193 his
2300 2153 2430 2207 quae
2445 2136 2557 2191 sibi
2577 2135 3031 2199 ministrantur;
3059 2149 3162 2206 ego
3179 2149 3316 2188 vero
3342 2134 3632 2189 etBarna-

1979 2229 2179 2292 bas,ut
2198 2231 2463 2298 apparet,
2485 2241 2605 2280 non
2637 2223 2924 2280 habemus
2961 2227 3316 2296 potestatem
3343 2238 3464 2278 non
3487 2239 3627 2294 ope-

1979 2315 2282 2383 randi,sed
2303 2313 2704 2370 necessarium
2719 2311 3632 2379 estutmanibuslaborantes,ita

1978 2408 2151 2465 nobis
2175 2405 2623 2478 suppeditemus
2645 2422 2776 2476 quas
2798 2405 2872 2459 ad
2890 2421 3062 2458 usum
3085 2409 3225 2458 sunt
3252 2403 3628 2459 necessaria?

2051 2497 2141 2565 IX,
2175 2502 2226 2553 7.
2279 2495 2409 2561 Quis
2467 2496 2670 2550 militat
2721 2494 2834 2548 suis
2863 2493 3102 2548 obsoniis
3139 2509 3381 2564 unquam
3413 2492 3440 2548 ?
3495 2495 3625 2558 Quis

1969 2589 2196 2661 plantat
2226 2589 2439 2642 vineam
2469 2591 2519 2640 et
2549 2585 2614 2639 de
2642 2587 2832 2649 fructu
2862 2583 2980 2652 ejus
3007 2598 3118 2636 non
3148 2584 3317 2636 edit?
3345 2583 3450 2638 Aut
3499 2585 3622 2652 quis

1966 2680 2151 2752 pascit
2179 2692 2416 2747 gregem,
2447 2681 2498 2730 et
2527 2675 2592 2730 de
2623 2675 2762 2729 lacte
2786 2673 2972 2742 gregis
3009 2687 3118 2726 non
3148 2672 3264 2726 edit
3291 2673 3319 2724 Σ)

2044 2860 2205 2925 Quis,
2230 2858 2443 2930 inquit.
2482 2857 2656 2912 miles
2695 2872 2729 2910 a
2751 2855 2926 2910 domo
2959 2869 3065 2908 sua
3087 2853 3268 2907 alitur
3307 2855 3366 2907 et
3395 2867 3516 2907 non
3549 2867 3622 2908 ex

1975 2948 2234 3004 militia?
2265 2951 2333 3002 Et
2385 2949 2496 3002 hoc
2552 2952 2642 3000 est
2693 2945 2852 3015 quod
2881 2944 2964 2997 ait
2999 2960 3012 2998 :
3053 2967 3072 2989 α
3110 2942 3241 2997 Suis
3275 2940 3558 2996 obsoniis.
3589 2960 3618 2990 »

1973 3041 2128 3095 Bene
2159 3044 2356 3093 autem
2394 3036 2596 3091 militis
2629 3035 2969 3105 exemplum
3007 3033 3170 3103 prius
3205 3032 3445 3103 posuit:
3483 3047 3619 3085 nam

1972 3128 2032 3183 id
2065 3133 2267 3198 aptum
2300 3131 2389 3180 est
2425 3123 2781 3195 apostolatui
2825 3127 3065 3193 propter
3114 3137 3182 3176 ea
3232 3137 3364 3190 qum
3397 3122 3457 3174 in
3490 3119 3618 3190 ipso

1973 3213 2687 3287 suntpericulaetbellum
2704 3210 3199 3266 intellectualium
3214 3209 3617 3264 inimicorum.

320 3269 324 3270 ν
400 3269 452 3290 γλ.
513 3269 813 3288 .-η-μην,
1035 3269 1108 3275 -ν-
1185 3269 1420 3296 mm,“-
1492 3269 1582 3278 -ιν-
1657 3269 1854 3292 www.-

207 3302 439 3378 ἐχθρῶν.
504 3329 532 3356 ‹‹
561 3308 654 3369 Τίς
713 3307 928 3384 φυτεύει
985 3309 1286 3382 ἀμπελῶνα
1319 3329 1332 3379 ;
1367 3335 1395 3363 ››
1451 3314 1629 3368 Ταῦτα
1682 3311 1854 3367 πάντα

1988 3330 1999 3355 ‹
2017 3306 2155 3368 Quis
2187 3305 2417 3376 plantat
2436 3303 2670 3356 vineam
2690 3301 2718 3356 ‘2
2733 3324 2757 3349 η
2773 3302 2907 3356 Haec
2921 3301 3123 3355 omnia
3140 3315 3303 3354 exem
3314 3298 3412 3370 pla
3423 3303 3618 3354 osten-

205 3393 270 3448 τὰ
319 3391 761 3472 παραδείγματαί
825 3394 1059 3453 δείκνυσι
1119 3402 1322 3475 χρῆναι
1373 3403 1462 3455 τὸν
1523 3398 1850 3456 διδάσκαλον

1988 3396 2114 3450 lunt
2140 3399 2412 3466 oportere
2473 3396 2898 3464 praeceptorem
2925 3389 3003 3446 ali
3025 3389 3098 3446 ab
3139 3390 3232 3444 his
3265 3389 3365 3460 qui
3399 3387 3613 3444 docen~

204 3481 401 3537 ἐκτῶν
450 3487 902 3559 μαθητευομένων
959 3488 1169 3560 ἐσθίειν,
1206 3489 1385 3564 ὥσπερ
1442 3490 1534 3545 τὸν
1586 3491 1855 3565 στρατιώ-

1989 3502 2080 3549 ur,
2113 3482 2614 3556 quemadmodum
2655 3480 2905 3536 militem
2953 3497 3020 3536 ex
3064 3479 3300 3544 militia,
3351 3483 3410 3534 et
3437 3477 3609 3534 illum

207 3593 306 3641 την
364 3570 425 3626 ἐκ
479 3580 580 3642 τῆς
637 3576 938 3649 στρατείας,
997 3576 1085 3631 καὶ
1150 3578 1241 3632 τὶν
1301 3577 1632 3656 φυτεύσαντα
1687 3578 1860 3652 ἀμπε-

1988 3576 2065 3648 [ui
2093 3573 2628 3646 plantavitvineam
2661 3587 2731 3626 ex
2762 3571 2924 3626 illius
2945 3570 3160 3638 fructu,
3191 3573 3608 3641 pastoremque

204 3657 359 3716 λῶνα
389 3658 450 3716 ἐκ
477 3666 574 3716 τοῖ’)
614 3667 826 3735 καρποῦ
882 3665 1068 3731 αὐτοῦ,
1121 3667 1210 3720 καὶ
1263 3667 1355 3721 τὸν
1384 3668 1620 3738 ποιμένα
1676 3666 1735 3722 ἐκ
1763 3667 1859 3721 τοῦ

209 3756 310 3818 τῆς
341 3749 579 3824 ποίμνης
636 3752 930 3828 γάλακτος.
983 3751 1143 3808 Ἀλλ’
1173 3754 1348 3828 ὅμως,
1408 3757 1561 3833 φησί,
1617 3756 1708 3810 καὶ
1763 3761 1860 3811 τοῦ

213 3834 426 3894 δικπίου
455 3845 620 3895 τοῦτο
657 3841 1020 3915 βουλομένοτ,
1068 3844 1155 3898 καὶ
1197 3849 1292 3898 τοῦ
1328 3845 1523 3918 Κυρίου
1582 3843 1865 3900 κελεύσαν-

211 3949 330 3996 τος,
355 3929 464 4004 ἐγὼ
494 3928 783 3992 ἀδαπάνως
815 3933 942 4004 ὑμῖν
1001 3931 1252 4004 ἐκήρυξα,
1283 3935 1373 3988 ἳνα
1408 3937 1481 4006 μὴ
1538 3955 1656 3988 τινα
1711 3957 1864 3990 σκαν-

212 4015 446 4074 δαλίσω.
503 4019 650 4094 Ἐγὼ
728 4027 1014 4096 τοιγαροῦν
1075 4024 1164 4076 καὶ
1229 4028 1334 4077 τῶν
1389 4023 1864 4099 ἐπιτετραμμένων

213 4108 570 4186 ἀπεσχόμην,
602 4105 689 4163 διὰ
755 4111 853 4177 τῆν
912 4110 1168 4182 ὑμετέραν
1227 4109 1548 4184 οἰκοδομήν.
1595 4115 1774 4187 Ὑμεῖς
1812 4111 1868 4167 δὲ

213 4194 337 4250 οὐδὲ
383 4193 763 4252 εἰδωλοθύτων
791 4197 1055 4272 ἀπέχεσθε
1085 4195 1173 4254 διὰ
1202 4201 1264 4254 τὸ
1295 4202 1370 4272 μή
1423 4200 1684 4277 βλάπτειν
1743 4201 1872 4263 τοὺς

213 4281 502 4364 ἀδελφούς.
561 4286 734 4344 Οὗτος
786 4286 889 4361 γὰρ
922 4287 1181 4351 ὁσκοπός
1214 4287 1356 4344 ἐστιν
1412 4289 1560 4361 αύτῷ
1603 4291 1680 4353 εἲς
1738 4289 1868 4345 ὅλον

212 4377 374 4428 τοῦτο
421 4375 484 4429 τὸ
545 4375 776 4451 χωρίον.
833 4399 864 4428 ‹‹
915 4377 1007 4439 Τίς
1057 4377 1271 4458 φυτεύει
1331 4378 1634 4452 ἀμπελῶνα
1666 4397 1681 4448 ;
1716 4403 1744 4430 »
1778 4380 1872 4435 Ἐκ

214 4467 310 4518 τοῦ
363 4465 716 4537 ἀμπελῶνος,
778 4465 869 4520 τὸν
926 4465 977 4519 ὲν
1007 4469 1077 4539 τῇ
1108 4465 1398 4532 ἀποστολῆ
1457 4469 1621 4524 πόνον
1682 4465 1867 4537 δηλοῖ.

221 4574 243 4604 ι
277 4555 346 4608 'll
412 4553 496 4614 τίς
551 4553 832 4626 ποιμαίνει
890 4554 1193 4628 ποίμνηνς
1247 4579 1274 4606 ››
1331 4557 1428 4613 Διᾶ
1481 4559 1580 4624 τῆς
1634 4558 1874 4630 ποίμνης

1968 3684 1998 3723 e
2031 3666 2182 3720 lacte
2211 3665 2422 3736 gregis.
2456 3665 2525 3716 Et
2555 3668 2753 3716 tamen
2785 3677 3127 3732 quanquam
3160 3666 3212 3714 et
3237 3660 3609 3730 inquitasjn-

1969 3756 2116 3828 quit,
2159 3754 2269 3808 hoc
2322 3752 2603 3821 requirat,
2640 3757 2696 3805 et
2747 3751 3033 3805 Dominus
3091 3750 3173 3804 ita
3196 3749 3467 3820 jusserit,
3503 3764 3606 3818 ego

1971 3844 2097 3900 sine
2121 3847 2358 3911 sumptu
2381 3840 2544 3894 vobis
2568 3839 2896 3910 praedicavi.
2924 3856 2998 3894 ne
3022 3855 3210 3894 essem
3234 3839 3395 3892 vobis
3430 3836 3611 3891 oifen-

1971 3931 2188 3988 diculo.
2223 3933 2336 4001 Ego
2367 3931 2545 4000 igutur
2574 3928 2749 3982 etiam
2781 3927 2854 3980 ab
2892 3928 2983 3982 his
3014 3927 3270 3982 abstinui
3297 3944 3428 3997 qum
3459 3941 3610 3980 con-

1972 4037 2138 4078 cessa
2168 4026 2357 4083 erant,
2393 4023 2632 4088 propter
2682 4022 2935 4069 vestram
2962 4015 3414 4070 nidiﬁcationem
3450 4033 3462 4070 :
3515 4031 3615 4070 vos

1973 4115 2169 4166 autem
2188 4123 2378 4178 neque
2395 4106 2466 4160 ab
2493 4106 2728 4175 hisquae
2754 4103 2928 4157 idolis
2951 4103 3257 4158 immolata
3279 4110 3418 4158 sunt
3441 4103 3618 4159 absti-

1974 4201 2148 4261 netis.
2169 4215 2243 4254 ne
2261 4197 2541 4254 fratribus
2571 4201 2995 4251 nocumentum
3020 4195 3306 4250 inferatis.
3330 4197 3472 4251 Nam
3502 4201 3621 4251 tota

1975 4292 2087 4348 hac
2120 4294 2285 4361 parte
2335 4287 2432 4342 hic
2482 4287 2613 4358 ejus
2664 4302 2878 4358 scopus
2911 4291 3017 4340 est.
3059 4309 3077 4332 ιι
3107 4284 3246 4350 Quis
3282 4285 3510 4356 plantat
3538 4285 3625 4340 vi-

1978 4393 2152 4434 neam
2174 4377 2249 4432 ‘?»
2283 4377 2394 4431 Per
2423 4375 2652 4430 vineam
2677 4373 2972 4446 signiﬁcat
3019 4372 3280 4427 laborem
3308 4373 3409 4443 qui
3441 4377 3526 4427 est
3561 4373 3622 4428 in

1979 4467 2335 4540 apostolatu.
2363 4467 2477 4520 Aut
2506 4464 2639 4536 quis
2670 4464 2860 4535 pascit
2881 4479 3114 4537 gregem
3135 4463 3164 4518 ‘2
3197 4484 3225 4510 »
3249 4465 3359 4518 Per
3383 4478 3620 4536 gregem

1980 4559 2275 4634 significat
2315 4556 2646 4612 doctrinam
2684 4561 2741 4610 et
2788 4555 3088 4628 providam
3125 4554 3617 4627 gubernationem

216 4639 387 4712 δηλοῖ
414 4643 515 4711 τήν
552 4639 792 4718 διδαχὴν
835 4645 929 4698 καὶ
985 4645 1084 4713 τήν
1146 4641 1480 4718 κηδεμονίαν
1538 4647 1636 4715 τήν
1699 4645 1750 4700 ἐν
1803 4649 1870 4718 τῇ

1988 4666 2112 4721 qum
2146 4653 2236 4704 est
2259 4648 2320 4702 in
2344 4646 2702 4719 apostolatu.

219 4729 528 4804 ἀποστολῇ.

292 4841 383 4909 Μὴ
436 4841 572 4895 κατὰ
626 4839 911 4913 ἄνθρωπον
958 4845 1125 4897 ταῦτα
1169 4841 1327 4898 λαλῶ
1361 4844 1440 4913 ;ἣ
1503 4843 1638 4924 ούχί
1695 4842 1785 4897 καὶ
1843 4844 1872 4897 ὁ

218 4930 390 5000 νόμος
419 4934 625 5000 ταῦτας
658 4933 745 4988 Ἑν
777 4931 880 5006 γὰρ
918 4936 996 5004 τῷ
1055 4931 1291 4994 Μωσέως
1342 4932 1496 5004 νόμῳ
1552 4934 1870 5008 γέγραπται,

219 5017 301 5077 Ού
353 5021 620 5097 φιμώσεις
684 5021 810 5096 βοῦν
871 5019 1142 5079 ἀλοῶντα.
1195 5023 1286 5092 Mi,
1343 5027 1450 5076 τῶν
1514 5023 1656 5098 βοῶν
1720 5021 1873 5094 μέλει

214 5118 297 5185 τῷ
356 5117 506 5186 Θεῷ;
567 5115 638 5170 'll
721 5112 790 5169 δι’
867 5117 1014 5186 ἡμᾶς
1069 5116 1284 5177 πάντως
1341 5114 1536 5191 λέγεις
1592 5117 1668 5172 Δι’
1727 5119 1876 5188 ἡμᾶς

223 5204 324 5278 γὰρ
412 5202 618 5282 ἐγράφη
714 5203 797 5257 δτι
851 5201 936 5258 ἐπ’
994 5201 1182 5258 ἐλπίδι
1241 5203 1449 5283 ὀφειλει
1519 5206 1546 5259 ὁ
1604 5206 1874 5280 ἀροτριῶν

224 5293 480 5368 ἀροτριᾷν
517 5335 532 5360 ,
591 5293 679 5346 καὶ
740 5293 768 5348 ὁ
831 5291 1009 5346 ἀλοῶν
1069 5299 1167 5362 τῆς
1225 5292 1452 5356 ἐλπίδος
1525 5293 1688 5350 αύτοῦ
1749 5316 1878 5368 μετ-

231 5380 377 5461 έχειν
412 5381 496 5436 ἐπ’
527 5378 734 5437 ἐλπίδι.

294 5468 522 5542 Ἐπειδὴ
585 5470 649 5524 τὸ
728 5470 1008 5546 τρέφεσθαι
1098 5472 1155 5525 ἐκ
1246 5475 1357 5526 τῶν
1427 5472 1881 5546 μαθητευομένων

230 5555 413 5634 ἔδειξε,
473 5560 566 5615 καὶ
621 5563 731 5614 τῶν
791 5558 999 5615 λοιπῶν
1055 5560 1375 5615 ἀποστόλων
1433 5563 1568 5618 εῖναι
1615 5564 1716 5634 τὴν
1775 5583 1888 5617 κοι-

219 5654 318 5724 νήν
353 5653 641 5732 συνήθειαν
675 5653 840 5705 τοῦτο
885 5648 1199 5724 βούλεσθαι,
1230 5647 1426 5705 λοιπὸν
1459 5651 1549 5706 καὶ
1609 5653 1715 5709 ἀπὸ
1747 5659 1887 5730 Γρα-

218 5749 386 5824 φικῆς
432 5739 734 5818 μαρτυρίας
763 5737 906 5802 θέλει
951 5741 1108 5793 τοῦτο
1157 5740 1549 5806 πιστώσασθαι,
1609 5743 1693 5797 καῖ
1733 5763 1882 5819 φησι·

2057 4847 2146 4911 IX,
2182 4847 2233 4899 8.
2274 4845 2355 4899 10.
2390 4847 2532 4900 Num
2580 4843 2872 4898 secundum
2919 4842 3192 4896 hominem
3222 4842 3332 4898 hac
3389 4842 3627 4914 loquor?

1984 4952 2168 4991 annon
2227 4941 2278 4990 et
2339 4935 2429 4989 lea:
2489 4933 2677 4988 eadem
2733 4932 2930 4986 dicit?
2975 4935 3193 4987 Etenim
3246 4934 3303 4986 in
3345 4935 3483 4988 Mosi
3514 4933 3626 5002 lege

1985 5025 2253 5096 scriptum
2282 5030 2396 5080 est:
2431 5025 2548 5078 Non
2579 5021 2861 5076 obturabis
2892 5038 2946 5076 os
2998 5023 3119 5076 bovi
3151 5024 3458 5076 trituranti.
3495 5024 3630 5076 Num

1989 5117 2143 5170 bores
2169 5131 2311 5168 curae
2355 5120 2480 5168 sunt
2514 5115 2668 5168 Deo?
2715 5113 2780 5166 In
2838 5113 2936 5168 hoc
2975 5119 3210 5182 propter
3257 5128 3353 5166 nos
3411 5113 3633 5166 omnino

1988 5206 2124 5259 dicit
2154 5207 2182 5259 ἶ)
2216 5209 2447 5273 Propter
2479 5218 2575 5257 nos
2625 5200 2771 5255 enim
2801 5204 3067 5271 scriptum
3094 5208 3168 5256 est
3198 5200 3346 5270 quod
3372 5200 3562 5252 debeat
3591 5201 3636 5253 is

1989 5294 2092 5366 qui
2121 5299 2245 5347 arat
2277 5293 2373 5346 sub
2404 5309 2494 5361 spe
2516 5308 2697 5356 arare,
2721 5297 2773 5344 et
2804 5293 2902 5360 qui
2934 5292 3181 5356 triturat,
3212 5288 3331 5357 spei
3371 5303 3479 5341 suae
3504 5303 3637 5357 par-

1995 5385 2165 5452 ticeps
2195 5399 2302 5437 esse
2327 5383 2423 5436 sub
2455 5399 2568 5452 spe.

2066 5473 2217 5528 499
2251 5472 2537 5537 Quoniam
2571 5469 2815 5524 alendos
2838 5484 2966 5524 esse
3015 5466 3275 5521 ostendit
3304 5465 3374 5522 ab
3412 5466 3505 5521 bis
3537 5469 3637 5540 qui

1996 5565 2302 5624 docentur.
2337 5561 2613 5633 quodque
2644 5560 2754 5614 hoc
2802 5559 2886 5614 ita
2914 5558 3011 5624 sit,
3051 5556 3259 5612 suadet
3284 5565 3634 5617 cmlerorum

1997 5652 2400 5725 apostolorum
2431 5649 2765 5707 communis
2788 5647 3176 5716 consuetudo,
3201 5656 3634 5721 consequenter

1999 5743 2173 5799 etiam
2199 5744 2308 5799 hoc
2341 5760 2372 5799 a
2405 5742 2719 5814 Scriptura
2736 5725 3680 5799 testimonio'vult"confirmare."
