4068 6254
397 367 521 427 759

1521 359 1949 425 GCUMENII
1992 355 2298 417 TRICUE
2340 356 2689 420 EPISCOPI

3709 362 3822 422 ’160

401 505 462 556 et
480 499 565 556 ait
593 517 606 556 :
642 521 669 549 «
704 500 852 554 Num
884 497 1213 554 secundum
1242 498 1545 554 hominem
1576 497 1703 553 haec
1732 496 1948 568 loquor
1975 495 2045 550 τι»

2172 513 2202 539 κ
2239 490 2332 559 Μή
2364 489 2501 546 κατὰ
2530 486 2813 562 ἄνθρωπον
2853 496 3019 549 ταῦτα
3076 490 3236 551 λαλῶ
3269 512 3284 565 ;
3317 518 3347 548 ιι
3398 489 3681 561 τουτὲστι,
3738 497 3824 567 Μὴ

403 592 517 647 hoc
566 595 672 644 est.
734 591 883 644 Num
938 589 1132 644 solum
1186 588 1417 644 videtur
1475 589 1585 645 hoc
1659 586 2061 646 hominibus?

405 683 520 736 Aut
551 680 943 734 humanorum
968 684 1196 733 tantum
1227 679 1630 751 exemplorum
1657 694 1896 750 possum
1921 694 2056 732 con-

404 769 640 826 ﬁrmare
673 769 900 822 ratione
933 767 1190 823 ‘IAnnon
1223 776 1281 824 et
1304 769 1392 822 lex
1413 769 1617 824 eadem
1643 769 1879 824 dicit?«
1913 770 2059 823 Num

407 859 583 914 boves
618 875 773 913 cura:
797 863 938 912 sunt
958 859 1074 912 Deo
1097 858 1124 913 ?
1146 879 1169 906 ιο
1206 861 1284 914 Ne
1308 859 1442 929 quis
1477 858 1633 914 dicat
1652 877 1664 913 :
1683 861 1752 912 Et
1773 874 2056 928 quorsum

408 949 730 1003 adductum
761 953 852 1002 est
876 947 1033 1017 quod
1067 947 1138 1002 de
1162 947 1350 1002 bobus
1372 948 1594 1003 dictum
1617 955 1704 1003 est
1724 948 2057 1004 ?ait:«l\'um

408 1037 587 1092 boves
618 1053 774 1092 curm
807 1043 948 1092 sunt
977 1037 1092 1090 Deo
1119 1037 1147 1093 ?
1171 1059 1196 1084 υ
1231 1039 1443 1093 Curam
1479 1040 1686 1108 utique
1725 1038 1877 1109 gerit
1931 1037 2058 1107 ipse

410 1127 589 1182 etiam
611 1126 682 1181 de
714 1125 992 1193 brutis,at
1019 1141 1137 1180 non
1172 1126 1254 1181 ita
1284 1132 1349 1180 ut
1396 1132 1639 1198 propter
1685 1128 1814 1198 ipsa
1867 1125 2058 1198 legem

409 1232 646 1290 qnoque
675 1216 973 1288 posuisset
999 1233 1012 1270 :
1035 1215 1134 1270 sed
1161 1232 1266 1287 per
1287 1216 1399 1270 hoc
1420 1216 1542 1270 vult
1582 1232 1688 1270 nos
1741 1215 2056 1279 instruere,

411 1305 569 1376 quod
601 1304 938 1359 laborantes
970 1319 1089 1359 non
1122 1304 1339 1360 frustra
1361 1304 1721 1370 laboremus,
1744 1305 1845 1359 sed
1879 1321 1947 1358 ex
1971 1303 2056 1359 la-

411 1393 659 1449 boribus
685 1393 878 1450 alendi
905 1410 1128 1449 sumus.
1149 1395 1354 1466 Itaque
1382 1401 1439 1450 et
1469 1411 1575 1467 ego
1619 1396 1718 1466 qui
1776 1394 2056 1461 laboravi,

412 1482 624 1552 dignus
649 1500 776 1539 sum
814 1484 915 1554 qui
948 1500 982 1538 a
1011 1482 1173 1538 vobis
1196 1484 1340 1538 alar.
1376 1505 1405 1534 ‹‹
1427 1487 1517 1540 An
1541 1485 1650 1539 hoc
1683 1490 1924 1556 propter
1950 1499 2059 1538 nos

411 1574 656 1629 omnino
679 1573 824 1628 dicit
848 1577 866 1626 .r’
899 1594 927 1622 »
950 1573 1224 1634 Omnino.
1251 1573 1308 1628 id
1332 1579 1440 1635 est,
1474 1581 1538 1628 ut
1568 1574 1627 1628 in
1656 1574 1926 1629 confesso
1951 1579 2059 1642 est,

413 1664 692 1720 omnibus
740 1663 932 1718 modis
978 1683 1008 1716 (ι
1049 1664 1196 1729 Quia
1253 1664 1361 1719 sub
1411 1680 1514 1735 spe
1543 1663 1741 1718 debet.
1779 1686 1805 1711 ››
1837 1664 2063 1718 Insistit

411 1759 580 1826 tropo
611 1754 710 1824 qui
745 1755 818 1809 de
850 1752 1038 1807 bobus
1060 1759 1167 1808 est.
1192 1753 1340 1818 Quia
1361 1752 1928 1823 prmceptor,inquit.
1959 1751 2063 1806 de-

2163 584 2278 640 τοῖς
2302 578 2612 653 ἀνθρώποις
2650 581 2814 652 μόνον
2863 586 3026 638 τοῦτο
3059 579 3226 644 δοκεῖ.
3261 583 3294 654 ἢ
3354 584 3404 655 ἐξ
3461 586 3826 660 ἀνθρωπίνων

2165 665 2630 743 παραίειγμάτων
2659 675 2820 725 τοῦτο
2852 666 2968 745 ἔχω
3002 681 3265 740 συστῆσαι
3316 679 3392 746 τῷ
3449 673 3620 748 λόγῳ
3655 696 3671 744 ;
3705 676 3830 751 οὐχὶ

2165 758 2254 811 καὶ
2288 758 2316 811 ὁ
2346 759 2515 830 νόμος
2545 764 2714 814 ταῦτα
2747 761 2888 833 λέγει
2923 780 2937 829 ;
2973 786 3001 813 ‹‹
3034 764 3125 830 Μὴ
3159 767 3266 817 τῶν
3320 765 3462 837 βοῶν
3533 763 3699 836 μέλει
3755 771 3829 837 τῷ

2169 847 2285 917 Θεῷ
2320 866 2334 915 ;
2368 870 2398 899 »
2429 851 2544 902 Ἵνα
2580 850 2655 920 μὴ
2692 871 2772 910 τις
2803 849 2947 924 ε”πῖιο
2981 852 3081 909 Καὶ
3115 851 3166 907 τί
3206 852 3373 922 ἀνῆκε
3399 854 3543 928 πὲδς
3593 855 3660 908 τὸ
3691 876 3833 929 π9⁰’

2170 936 2419 1008 κείμενον
2447 937 2507 993 τὸ
2539 938 2661 1012 περὶ
2701 944 2807 994 τῶν
2842 941 2986 1014 βοῶν
3020 963 3035 1008 ς
3082 943 3237 1019 φησὲ,
3292 965 3322 994 ‹‹
3355 944 3444 1011 Μὴ
3505 948 3626 997 τῶν
3686 946 3828 1018 βοῶν

2173 1023 2331 1096 μέλει
2369 1031 2450 1098 τῷ
2477 1032 2591 1097 Θεῷ
2626 1047 2639 1097 ;
2676 1051 2700 1079 ιι
2733 1027 2902 1085 Μὲλει
2938 1030 3034 1103 μὲν
3077 1032 3182 1108 γὰρ
3212 1030 3357 1104 αὐτῷ
3387 1033 3476 1087 καὶ
3535 1033 3672 1108 περὶ
3727 1036 3832 1090 τῶν

2169 1115 2351 1184 ζώων,
2385 1115 2496 1196 οὐχ
2527 1117 2703 1180 οὕτως
2735 1115 2793 1174 δέ
2823 1119 2898 1181 ὡς
2930 1121 3020 1174 καὶ
3073 1122 3242 1194 νόμον
3303 1120 3374 1176 δι’
3425 1123 3640 1186 αὐτοὺς
3695 1126 3837 1181 τι.θέ-

2171 1225 2276 1260 ναι.
2331 1204 2465 1261 ’Λλλ
2517 1207 2576 1262 ἐκ
2603 1209 2798 1264 τούτου
2831 1206 3113 1266 παιδεῦσαι
3167 1214 3314 1283 ἡμᾶς
3377 1213 3654 1288 βούλεται
3712 1215 3834 1280 τοὺς

2169 1296 2478 1356 κοπιῶντας
2514 1298 2590 1367 μὴ
2646 1298 2924 1368 ἀνονήτως
2980 1302 3198 1372 κοπιᾷν,
3257 1299 3404 1357 ἀλλὰ
3440 1303 3749 1381 τρέφεσθαι
3786 1304 3841 1360 ἐκ

2165 1387 2272 1436 τῶν
2313 1383 2515 1439 πόνων.
2572 1387 2722 1442 Ἐπεὶ
2773 1387 2866 1444 οὖν
2898 1390 2985 1444 καὶ
3019 1389 3128 1463 ἐγὼ
3187 1391 3244 1452 ὃς
3279 1391 3568 1462 ἐκοπίασα,
3635 1391 3839 1455 δίκαιος

2169 1472 2320 1545 ἤμην
2352 1474 2657 1552 τρέξεσοαι.
2693 1502 2719 1528 ‹‹
2756 1481 2824 1535 ’Ἠ
2860 1477 2932 1532 δι’
2961 1481 3109 1552 ἡμᾶς
3139 1479 3356 1545 πάντως
3403 1481 3563 1559 λέγει
3603 1501 3619 1552 ;
3654 1507 3685 1536 ι)
3743 1485 3836 1559 Τὸ,

2171 1589 2196 1614 α
2230 1563 2461 1632 πάντως,
2487 1587 2516 1615 ι)
2540 1565 2613 1627 ὡς
2638 1566 2719 1622 ἐπῗ
2747 1565 3200 1646 ὁμολογουμένου
3225 1571 3381 1648 quoi,
3403 1572 3690 1642 τουτέστι,
3713 1578 3836 1629 πᾶσι

2167 1652 2412 1727 τρόποις.
2432 1677 2460 1704 ‹‹
2487 1655 2607 1710 ’Ὁτι
2625 1653 2710 1710 ἐπ’
2735 1652 2920 1712 ἐλπίδι
2944 1655 3174 1730 ὀφείλει.
3201 1683 3228 1708 n
3253 1658 3632 1734 Ἐπέμετνετῇ
3660 1665 3834 1735 τροπῇ

2169 1747 2275 1798 τῶν
2305 1743 2471 1815 βοῶν.
2504 1744 2627 1800 *Οτι
2668 1745 2695 1799 ὁ
2728 1741 3074 1808 διδάσκαλος.
3111 1747 3296 1826 φῃσῖν,
3331 1749 3547 1825 ὀφείλει
3589 1755 3705 1804 τῶν
3738 1751 3834 1806 πός

409 1843 511 1899 bet
539 1842 954 1914 repensionem
971 1841 1189 1896 habere
1219 1841 1513 1907 laborum,
1547 1857 1667 1896 non
1699 1841 1856 1912 quod
1897 1840 2056 1895 nulla

2167 1853 2269 1886 νων
2299 1826 2446 1911 ἔχειν
2478 1828 2732 1906 ἀμοιϐὰς,
2787 1835 2920 1910 οὐχὶ
2979 1835 3060 1913 ἐφ’
3118 1837 3226 1910 ὅτῳ
3286 1835 3453 1910 μηδὶν
3519 1843 3830 1917 περαιτέρω

415 1931 685 1987 ulteriori
704 1931 992 1985 fruiturus
1019 1931 1096 1984 sit
1124 1929 1538 1995 retributione,
1572 1929 1674 1984 sed
1705 1930 1862 2000 quod
1893 1945 2059 2002 spem

411 2021 627 2078 habeat
643 2025 776 2091 post
796 2020 949 2075 hanc
967 2019 1355 2091 temporalem
1385 2035 1740 2091 parvamque
1763 2020 2064 2092 repensio-

413 2125 552 2165 nem
576 2109 755 2164 etiam
770 2113 991 2163 eterna
1008 2125 1074 2163 ac
1098 2108 1575 2180 supernaturalia
1597 2109 1858 2165 nancisci
1882 2109 2057 2164 bona.

415 2201 558 2254 Nam
593 2205 652 2254 et
681 2198 792 2255 hoc
819 2198 1117 2272 signiﬁcat
1145 2197 1304 2270 quod
1326 2198 1688 2272 subjungitzu
1722 2201 1792 2255 Et
1821 2200 1920 2272 qui
1955 2199 2060 2254 tri-

415 2294 593 2355 turat,
628 2289 752 2360 spei
777 2305 897 2342 sum
919 2288 1214 2360 particeps
1245 2303 1374 2343 esse
1406 2287 1514 2344 sub
1548 2304 1671 2361 spe.
1697 2310 1726 2339 »
1761 2289 2062 2361 Siquidem

417 2378 670 2449 apostoli
703 2393 867 2451 spem
893 2376 1192 2433 habebant
1217 2377 1373 2448 quod
1397 2377 1470 2433 ab
1503 2377 1595 2433 his
1626 2377 1726 2448 qui
1760 2377 2061 2435 doceban-

418 2473 514 2525 tur
530 2471 1040 2539 consequerentur
1051 2467 1400 2539 obsequium
1423 2483 1540 2538 quo
1553 2467 1628 2523 ali
1641 2473 1841 2524 mentu
1853 2485 1906 2524 m
1922 2468 2062 2524 sub-

417 2558 878 2620 ministraretur,
930 2561 990 2611 et
1046 2555 1588 2628 consequebantur.
1621 2557 1799 2628 Atqui
1831 2573 1953 2612 non
2001 2557 2061 2612 id

417 2653 542 2703 erat
572 2647 716 2719 ipsis
749 2662 883 2719 spes
899 2645 1095 2701 ﬁnalis
1121 2663 1135 2707 ;
1169 2645 1273 2702 sed
1301 2645 1410 2701 hac
1441 2663 1543 2717 spe
1573 2645 1838 2700 fruentes
1869 2647 2061 2714 majo-

414 2753 539 2793 rem
571 2737 765 2791 adhuc
796 2734 1219 2806 exspectabant
1246 2751 1314 2790 ac
1345 2733 1681 2806 sperabant.
1716 2735 1836 2790 Hoc
1862 2742 2062 2792 autem

412 2829 514 2894 ait,
537 2825 696 2896 quod
727 2825 877 2879 nihil
925 2823 1289 2896 impediebat
1317 2823 1649 2880 futurorum
1682 2841 1846 2896 spem
1870 2841 1938 2880 ac
1969 2842 2063 2880 re-

411 2915 795 2971 tributionem
821 2913 1136 2978 bonorum,
1185 2914 1448 2985 acceptio
1476 2913 1790 2969 ministerii
1824 2931 1940 2986 quo
1988 2914 2062 2970 ab

418 3007 512 3063 his
568 3005 668 3078 qui
700 3005 1069 3060 docebantur
1096 3003 1384 3060 alimenta
1413 3003 2058 3062 subministrabantur:

415 3098 555 3152 hinc
583 3095 928 3166 signiﬁcans
949 3093 1110 3166 quod
1133 3095 1292 3150 Licet
1312 3094 1462 3150 nihil
1487 3093 1774 3166 impediat
1801 3095 2061 3152 futuram

411 3185 887 3250 retributionem,
920 3201 956 3240 a
981 3183 1289 3285 discipulis
1332 3184 1428 3285 hic
1458 3184 1726 3257 accipere
1750 3185 2056 3256 alimenta,
2089 3219 2132 3285 Ο

417 3291 538 3331 non
566 3280 766 3330 tamen
815 3274 1038 3344 accepi,
1062 3273 1276 3344 inquit.
1309 3273 1590 3330 Plurimis
1634 3280 1831 3330 autem
1864 3277 2058 3332 modis

421 3365 635 3420 nititur
659 3369 924 3418 astruere
992 3363 1152 3432 quod
1199 3363 1444 3417 vetitum
1495 3380 1615 3418 non
1679 3364 1878 3433 fuerit,
1939 3372 2064 3420 tum

421 3457 664 3526 propter
693 3450 754 3504 id
785 3449 944 3523 quod
974 3449 1197 3504 dictum
1227 3455 1334 3515 est,
1371 3456 1496 3504 tum
1545 3467 1620 3504 ne
1680 3451 1804 3522 ipse
1834 3453 1944 3507 hac
2001 3470 2064 3508 re

420 3540 751 3607 abstinens,
773 3538 1128 3594 calumniari
1159 3555 1258 3594 eos
1279 3539 1578 3595 videretur
1598 3541 1699 3610 qui
1721 3541 2061 3598 utebantur.

422 3652 451 3682 «
483 3632 556 3684 Et
583 3629 685 3701 qui
720 3629 975 3694 triturat,
1011 3629 1135 3700 spei
1161 3645 1300 3685 sum.
1338 3650 1361 3679 ι(
1396 3629 1557 3684 Idem
1588 3647 1824 3686 rursum
1859 3637 2062 3704 tropus

418 3725 525 3775 est.
561 3741 590 3770 ‹‹
612 3721 680 3775 Et
699 3718 801 3790 qui
824 3718 1434 3790 triturat.inquit.spei
1469 3736 1588 3773 suae
1613 3721 1909 3793 particeps
1933 3737 2062 3777 esse

415 3809 523 3866 sub
555 3825 679 3880 spe.
718 3831 744 3856 υ
777 3807 1066 3873 Quoniam
1089 3808 1248 3863 enim
1283 3809 1332 3862 is
1364 3811 1463 3879 qui
1496 3817 1626 3865 arat
1656 3810 1718 3864 in
1751 3827 1853 3882 spe
1912 3816 2060 3880 arat,

412 3901 522 3956 hac
545 3899 722 3956 etiam
759 3916 862 3972 spe
893 3899 1005 3953 frui
1041 3897 1220 3953 debet
1249 3899 1348 3971 qui
1396 3899 1773 3971 postmodum
1803 3901 2058 3968 triturat,

407 4007 537 4061 quae
573 3989 848 4060 sperabat
875 3988 1014 4042 «tum
1048 3994 1261 4043 araret.
1293 3989 1430 4053 Qua)
1475 3996 1566 4044 est
1613 3995 1808 4045 autem
1871 4007 2004 4062 spes
2033 3990 2061 4046 Ἰ

407 4071 562 4127 500
594 4086 808 4140 nempe
837 4070 994 4140 quod
1028 4071 1323 4141 particeps
1349 4072 1460 4124 erit
1481 4071 1798 4126 fructuum.
1833 4073 2059 4128 Deinde

408 4159 593 4224 addit,
629 4182 654 4208 ‹‹
689 4159 803 4213 Sub
839 4175 960 4229 spe.
997 4179 1024 4208 ››
1051 4160 1128 4213 Ne
1162 4159 1295 4230 quis
1324 4160 1481 4214 enim
1515 4160 1710 4215 dicat:
1738 4163 2058 4218 Tantorum

409 4265 543 4320 ergo
569 4248 836 4303 laborum
874 4264 1022 4319 quos
1045 4249 1343 4303 sustinent
1371 4250 1644 4320 apostoli,
1679 4249 1804 4305 haec
1845 4245 1936 4306 est
1964 4269 2058 4308 re-

413 4340 678 4402 tributio,
714 4346 856 4411 puta
877 4339 1052 4394 edere
1075 4339 1102 4394 ?
1132 4339 1361 4393 addidit
1391 4363 1416 4389 ‹‹
1452 4340 1568 4394 Sub
1602 4357 1725 4412 spe,
1762 4364 1789 4390 ››
1823 4343 1936 4398 hoc
1969 4349 2058 4401 est

407 4445 508 4499 spe
537 4428 775 4500 quidem
799 4429 1132 4482 futurorum
1157 4427 1451 4483 bonorum
1477 4427 1750 4484 laborant
1778 4432 2053 4502 apostoli,

405 4523 666 4572 attamen
689 4523 923 4588 oportet
942 4533 1177 4588 quoque
1204 4517 1341 4571 hinc
1361 4519 1419 4573 in
1441 4519 1810 4587 refrigerium
1836 4521 2053 4576 habere

2169 1919 2515 1992 ἀπολαύσειν,
2547 1922 2678 1979 ἀλλ’
2711 1923 2792 2003 ἐφ’
2845 1925 2890 1998 ᾧ
2951 1923 3148 1982 ἐλπίδα
3210 1925 3358 2007 ἔχειν
3423 1931 3570 2000 μετά
3628 1929 3828 1999 ταύτην

2164 2013 2231 2080 τή
2303 2013 2632 2089 πρόσκαιρον
2709 2015 2798 2070 καὶ
2862 2016 3122 2092 βραχεῖαν
3175 2015 3505 2088 ἀπόλαυσιν,
3573 2019 3668 2074 καὶ
3727 2023 3827 2076 τῶν

2169 2101 2404 2157 αἰωνίων
2445 2103 2534 2158 καὶ
2597 2104 2885 2181 ὑπερφυῶν
2942 2112 3130 2180 τυχεῖν
3190 2107 3425 2182 ἀγαθῶν.
3487 2112 3675 2166 Τοῦτο
3732 2110 3826 2184 γὰρ

2169 2187 2336 2261 δηλοῖ
2362 2193 2446 2261 τὸ,
2479 2217 2506 2244 ‹‹
2540 2196 2643 2250 Καὶ
2674 2194 2702 2250 ὁ
2734 2191 2914 2250 ἀλοῶν
2957 2201 3055 2265 τῆς
3087 2193 3309 2260 ἐλπίδος
3357 2198 3534 2254 αὐτοῦ
3574 2198 3824 2274 μετέχειν

2170 2279 2252 2335 ἐπ’
2283 2277 2489 2338 ἐλπίδι.
2525 2306 2553 2333 ››
2585 2284 2698 2352 Τῆς
2745 2283 2847 2359 γὰρ
2900 2281 3178 2350 διακονίας
3243 2286 3300 2340 οἱ
3358 2285 3676 2344 ἀπόστολοι
3731 2295 3828 2356 τῆς

2169 2369 2256 2425 ἐπὶ
2285 2373 2353 2444 τῇ
2387 2368 2653 2449 διατροφῇ
2687 2370 2884 2428 ἐλπίδα
2926 2376 3081 2450 εἶχον
3139 2376 3286 2448 παρά
3338 2379 3447 2431 τῶν
3514 2389 3821 2452 μαθητευο-

2171 2460 2348 2532 μένων
2377 2461 2686 2536 τυγχάνειν,
2720 2461 2809 2516 καὶ
2849 2461 3171 2540 ἐτύγχανον.
3205 2463 3282 2522 Οὐ
3317 2464 3504 2540 μέντοι
3541 2488 3610 2541 γε
3666 2472 3817 2522 τοῦτο

2166 2549 2230 2616 ἦν
2263 2547 2448 2610 αὐτοῖς
2481 2551 2514 2618 ἡ
2547 2547 2731 2604 τελεία
2761 2548 2941 2618 ἐλπὶς,
2981 2549 3126 2607 ἀλλά
3179 2551 3380 2624 ταύτης
3442 2552 3812 2618 ἀπολαύοντες

2167 2641 2264 2704 τῆς
2296 2634 2542 2701 ἐλπίδος,
2574 2633 2654 2693 ἔτι
2697 2639 2760 2694 τὰ
2815 2640 3038 2712 μείζονα
3093 2639 3451 2717 ἐκαροδόκουν
3513 2645 3609 2699 καὶ
3659 2644 3810 2714 ἤλπι-

2168 2730 2281 2795 ζον.
2312 2729 2485 2781 ’1ὀῦτο
2528 2723 2586 2782 δέ
2643 2749 2827 2804 φησιν,
2883 2730 2964 2784 ὅτι
3023 2728 3194 2786 Οὐδὲν
3252 2731 3508 2790 ἐνέκοπτε
3562 2737 3657 2805 τήν
3705 2737 3801 2789 τῶν

2171 2812 2489 2887 μελλόντων
2550 2815 2746 2874 ἐλπίδα
2801 2820 2887 2873 καὶ
2948 2820 3248 2877 ἀπόλαυσιν
3279 2825 3314 2892 ἡ
3348 2826 3448 2888 τῇς
3509 2826 3648 2899 παρὶ
3694 2827 3788 2878 τῶν

2167 2906 2627 2978 μαθητευομὲνων
2659 2906 2748 2963 ἐπὶ
2777 2913 2845 2982 τῇ
2895 2914 3070 2988 τροφῇ
3133 2911 3432 2987 ὑπηρεσίας
3483 2914 3772 2972 ἀπόλαυσις·

2168 2991 2405 3058 ἐντεῦθεν
2455 2992 2667 3067 δηλῶν,
2726 2998 2802 3060 ὡς
2861 2999 3052 3057 Καίτοι
3113 2999 3282 3073 μηδὲν
3337 3000 3578 3076 ἐμποδὼν
3631 2999 3763 3064 ὄντος

2167 3085 2304 3155 πρὸς
2360 3084 2458 3152 τήν
2516 3084 2715 3150 ἐκεῖθεν
2775 3087 3075 3144 ἀπόλαυσιν
3157 3095 3251 3146 τοῦ
3329 3093 3605 3169 τρέφεσθαι
3649 3091 3777 3165 περὶ

2169 3177 2278 3227 τῶν
2313 3175 2598 3245 μαθητῶν,
2653 3175 2804 3248 ὅμως
2836 3177 2945 3252 οὐχ
2976 3176 3229 3251 εἱλόμην.
3289 3179 3518 3237 Πλείοσι
3573 3180 3628 3238 δὲ
3676 3181 3786 3237 abab

2169 3259 2594 3338 ἐπιχειρήμασιν
2624 3264 2911 3322 ἀκώλυτον
2943 3268 3002 3323 ὃν
3060 3271 3466 3343 κατασκευάζει,
3525 3269 3620 3328 διά
3668 3293 3720 3327 τε
3742 3271 3796 3326 τὸ

2171 3350 2479 3424 εἰρημένον,
2509 3353 2598 3408 καὶ
2627 3353 2714 3408 ’ἱνα
2773 3355 2849 3428 μὴ
2911 3355 3256 3431 ἀπεχόμενος
3310 3359 3497 3427 αὐτὸς,
3559 3361 3684 3425 τοὺς
3717 3360 3800 3417 αλ-

2170 3437 2300 3503 λους
2333 3439 2465 3516 δόζῃ
2499 3443 2824 3518 χρωμένους
2856 3444 2908 3500 ἐν
2939 3441 3175 3520 διαϐολῇ
3207 3468 3315 3502 τινι
3343 3450 3628 3522 καθιστᾷν.
3660 3476 3687 3502 ‹‹
3718 3449 3803 3506 Καὶ

2167 3531 2195 3584 ὁ
2224 3528 2404 3586 ἀλοῶν
2431 3539 2529 3600 τῆς
2560 3531 2783 3596 ἐλπίδος
2842 3558 2868 3585 n
2899 3536 2959 3591 ἸΙ
2992 3535 3127 3606 αὗτή
3160 3535 3323 3592 πάλιν
3363 3542 3570 3612 τροπή.
3607 3567 3640 3594 ιι
3667 3542 3753 3597 Καὶ
3781 3539 3805 3596 ὁ

2168 3618 2368 3689 ἀλοῶν,
2402 3621 2556 3701 φησὶ,
2583 3629 2680 3691 τῆς
2701 3621 2926 3687 ἒλπίδος
2958 3624 3122 3681 αὐτοῦ
3157 3627 3406 3707 μετέχειν
3428 3626 3512 3684 ἐπ’
3544 3628 3750 3686 ἐλπίδι.
3779 3652 3805 3681 ιι

2165 3705 2389 3780 Ἐπειδη
2423 3710 2526 3785 γὰρ
2559 3711 2587 3766 ὁ
2619 3711 2908 3786 ἀροτριῶν,
2948 3713 3032 3769 ἐπ’
3064 3713 3248 3770 ἐλπίδι
3290 3705 3561 3794 ἀροτριᾷ,
3619 3719 3808 3789 ταῦτης

2164 3805 2264 3866 τῆς
2294 3797 2514 3862 ἐλπίδος
2549 3799 2744 3857 λοιπὸν
2792 3801 2880 3858 καὶ
2915 3805 2942 3858 ὁ
2975 3803 3154 3861 ἀλοῶν
3216 3807 3422 3884 ὀφειλει
3483 3808 3808 3873 ἀπολαῦσαι,

2185 3887 2195 3902 ς
2281 3885 2306 3906 ,ρ
2540 3887 2553 3904 ιι
2656 3895 2680 3905 ..
2732 3891 2743 3901 .
2923 3897 2948 3908 ..

2164 3890 2231 3956 ἦν
2271 3886 2504 3956 ηλπισεν
2537 3910 2586 3944 εν
2615 3911 2693 3961 τῳ
2727 3910 3002 3966 αροτριᾳν.
3038 3895 3130 3956 Τίς
3164 3891 3220 3950 δέ
3261 3898 3294 3964 ἡ
3354 3894 3511 3960 ἐλπίς
3547 3917 3561 3968 ;
3622 3903 3694 3956 τὸ
3725 3921 3814 3974 με·

2161 3973 2419 4034 ταλαϐεῖν
2453 3977 2710 4049 δηλονόςι
2767 3987 2875 4037 τῶν
2937 3988 3180 4058 καρπῶν.
3241 3987 3372 4041 Εἶτα
3427 3973 3809 4062 προστίθησιν,

2165 4092 2191 4119 ‹‹
2227 4069 2343 4122 Ἐπ’
2375 4066 2578 4125 ἐλπίδι.
2616 4095 2643 4120 ››
2676 4071 2791 4125 Ἵνα
2846 4073 2945 4146 γὰρ
3008 4076 3083 4145 μή
3139 4096 3222 4137 τις
3253 4073 3404 4151 εἶ’πῃ,
3445 4083 3564 4134 Τῶν
3614 4080 3810 4137 τοσου-

2161 4178 2268 4210 των
2305 4163 2397 4213 οὖν
2433 4160 2616 4214 πόνων
2653 4161 2726 4215 ὧν
2762 4161 3128 4234 ὑπομένουσιν
3182 4166 3234 4219 οἱ
3294 4167 3623 4239 ἀπόστολοι,
3683 4171 3806 4239 αὕτη

2163 4247 2302 4327 ἐστὶν
2337 4251 2370 4316 ἡ
2433 4244 2667 4322 ἀμοιϐὴ,
2721 4250 2784 4304 τὸ
2838 4250 3030 4316 ἐσθίειν
3088 4256 3441 4327 προσέθηκεν,
3488 4283 3516 4310 ‹‹
3553 4260 3685 4316 Ἐπ’
3734 4258 3811 4315 ἐλ-

2162 4325 2300 4382 πίδι.
2336 4353 2362 4378 ››
2413 4330 2723 4398 Τουτέστιν,
2787 4329 2869 4384 ἐπ’
2927 4325 3139 4388 ἐλπίδι.
3173 4335 3265 4407 μὶν
3321 4342 3430 4392 τῶν
3497 4337 3809 4410 μελλόντων

2162 4416 2370 4488 ἀγαθῶν
2424 4418 2476 4471 οἱ
2533 4418 2835 4475 ἀπόστολοι
2895 4424 3187 4497 μοχθοῦσι,
3230 4423 3376 4494 πλὴν
3439 4423 3522 4483 δεῖ
3576 4431 3674 4484 καὶ
3731 4431 3807 4485 ἐν·

2160 4509 2339 4570 τεῦοεν
2372 4501 2518 4582 ἕίειν
2551 4512 2883 4586 παραψυχὴν
2915 4513 3016 4579 τήν
3060 4515 3206 4588 παρὰ
3262 4519 3369 4571 τῶν
3433 4517 3805 4592 μαθητευομὲ·

406 4613 728 4675 sumptum,
765 4606 836 4661 ab
869 4605 960 4660 his
977 4605 1077 4676 qui
1112 4606 1764 4662 docentur.iiocautem
1791 4609 2052 4666 ostendit

2167 4617 2262 4649 νων
2297 4599 2588 4672 χορηγίαν.
2623 4603 2794 4656 Τοῦτο
2827 4599 2884 4656 δὲ
2911 4597 3096 4671 δηλοῖ,
3143 4604 3226 4659 ὅτι
3279 4603 3368 4660 ἐπὶ
3423 4610 3492 4679 τῇ
3528 4589 3804 4684 μελλοάσῇ

403 4692 561 4762 quod
593 4694 700 4747 sub
730 4694 928 4749 futura
959 4711 1060 4765 spe
1093 4695 1442 4766 participem
1465 4712 1595 4751 esse
1619 4702 1890 4768 Oporteat
1909 4699 2044 4754 alte-

404 4781 527 4835 rius
554 4797 790 4852 quoque
822 4783 969 4854 spei,
1003 4783 1113 4838 hoc
1133 4788 1241 4849 est,
1275 4784 1545 4840 alimenti
1577 4802 1644 4840 ac
1673 4793 2046 4845 caaterorum.

476 4870 569 4933 ΙΧ,
603 4873 690 4937 ii,
722 4873 806 4924 12.
841 4871 903 4926 Si
929 4887 1026 4926 nos
1068 4873 1218 4928 vobis
1273 4873 1598 4943 spiritantia
1642 4878 2045 4945 seminavimus,

402 4977 660 5032 magnum
691 4967 768 5015 est
804 4964 849 5015 si
878 4977 974 5016 nos
1023 4963 1275 5018 carnalia
1305 4970 1484 5020 vestra
1538 4968 1916 5022 messuerimus
1936 4967 1963 5021 ?
1988 4969 2050 5024 Si

401 5052 501 5105 alii
523 5053 810 5122 potestatis
841 5067 972 5119 erga
1015 5068 1104 5107 vos
1128 5054 1435 5123 participes
1463 5061 1608 5122 sunt,
1641 5072 1740 5110 cur
1795 5073 1902 5111 non
1944 5074 2045 5128 po-

400 5141 510 5196 tius
563 5158 662 5198 nos
699 5143 727 5195 Σ)
783 5143 960 5212 Atqui
1017 5157 1130 5196 non
1175 5145 1261 5197 usi
1315 5159 1497 5198 sumus
1549 5151 1816 5214 potestate
1875 5148 1981 5201 ista
2032 5163 2045 5202 :

393 5231 488 5285 sed
522 5234 708 5287 omnia
745 5232 1062 5301 suﬂ'erimus
1112 5247 1180 5285 ne
1233 5232 1384 5302 quod
1435 5233 1830 5303 o/I‘cndiculum
1862 5236 2049 5293 demus

398 5321 703 5392 Evangelia
744 5321 967 5377 Christi.

471 5409 692 5465 Deinde
723 5409 884 5465 aliud
908 5427 1144 5482 quoque
1178 5410 1339 5466 dicit.
1375 5417 1441 5466 ut
1469 5413 1746 5469 ostendat
1776 5421 2047 5486 oportere

401 5505 826 5568 praeceptorem
858 5501 956 5554 ali.
992 5502 1118 5555 Non
1141 5506 1204 5555 ut
1231 5500 1470 5563 similia.
1514 5503 2048 5574 inquit,pr¢ebeatis

402 5585 496 5641 his
517 5603 649 5655 qum
672 5590 1156 5661 accepistisNam
1179 5592 1228 5646 si
1253 5609 1360 5648 nos
1387 5593 1721 5667 spiritualia
1740 5597 1802 5652 in
1835 5614 1932 5653 vos
1955 5615 2048 5656 se-

403 5673 783 5741 minavimus,
816 5677 928 5734 hoc
959 5678 1541 5752 est,praabuimus.an
1572 5700 1853 5757 magnum
1884 5693 1974 5744 est
1998 5687 2047 5745 si

2157 4682 2344 4741 ἐλπίδι
2411 4684 2493 4742 δεῖ
2549 4689 2798 4764 μετέχειν
2879 4690 2968 4746 καὶ
3028 4692 3208 4769 ἑτέρας
3264 4693 3508 4764 ἐλπίδος,
3565 4682 3806 4756 τουτέστι

2156 4782 2368 4849 τροφῆς
2397 4777 2489 4831 καὶ
2519 4782 2626 4832 τῶν
2657 4777 2886 4834 λοιπῶν.

2228 4873 2293 4931 El
2353 4877 2514 4948 ἡμεῖς
2569 4877 2696 4951 ὑμῖν
2745 4879 2810 4933 τὰ
2869 4883 3202 4954 πνευματικά
3261 4881 3613 4960 ἐσπείραμεν,
3674 4890 3802 4962 μέγα

2158 4964 2203 5018 εί
2265 4966 2431 5038 ἡμεῖς
2490 4965 2645 5038 ὑμῶν
2703 4969 2769 5024 τὰ
2825 4971 3054 5046 σαρκικᾶ
3111 4974 3441 5050 θερίσομεν;
3520 4977 3584 5034 Εἰ
3645 4976 3801 5035 ἄλλοι

2158 5059 2256 5121 τῆς
2361 5053 2601 5124 ἐξουσίας
2710 5059 2860 5131 ὑμῶν
2967 5062 3316 5137 μετέχουσιν,
3424 5063 3484 5120 οὐ
3593 5067 3796 5142 μᾶλλον

2159 5145 2358 5214 ἡμεῖς;
2423 5142 2583 5201 Ἀλλ’
2662 5144 2759 5203 οὒκ
2817 5148 3170 5224 ἐχρησάμεθα
3225 5157 3294 5225 τῇ
3349 5152 3569 5229 ἐξουσίᾳ
3622 5157 3795 5229 ταύτῃ,

2157 5230 2303 5288 ἀλλὰ
2359 5235 2534 5290 πάντα
2610 5238 2891 5314 στέγομεν,
2939 5239 3029 5295 ’ίνα
3090 5244 3166 5317 μὴ
3227 5241 3463 5319 ἐγκοπήν
3521 5267 3643 5302 τινα
3697 5245 3798 5302 δῶο

2161 5343 2255 5395 μεν
2291 5323 2361 5394 τῴ
2399 5323 2712 5400 Εὐαγγελίῳ
2740 5327 2834 5383 τοῦ
2861 5330 3118 5405 Χριστοῦ.

2230 5421 2365 5475 Εἶτα
2388 5423 2475 5477 καὶ
2508 5422 2650 5480 ἄλλο
2685 5424 2856 5503 λέγει,
2890 5425 3098 5492 δεικνὺς
3158 5427 3266 5486 δεῖν
3325 5432 3416 5486 τὸν
3474 5430 3787 5490 διδάσκαλον

2155 5508 2460 5590 τρένρεσοαι,
2496 5513 2567 5568 Οὐ
2591 5515 2692 5591 γὰρ
2725 5516 2912 5587 ὅμοια,
2943 5520 3128 5596 φησὶν,
3171 5542 3244 5575 ων
3300 5517 3609 5595 λαμϐάνετε
3662 5542 3786 5595 πσρ-

2158 5597 2332 5679 ἐχετε.
2368 5601 2433 5660 Εἰ
2459 5604 2560 5680 γὰρ
2601 5607 2763 5677 ἡμεῖς
2794 5606 2860 5662 τὰ
2898 5611 3235 5683 πνευματικά
3286 5611 3361 5674 εἰς
3420 5613 3560 5687 ὑμᾶς
3619 5610 3785 5670 ἐσπεί-

2158 5708 2347 5764 ραμεν,
2404 5692 2700 5767 τουτέστι,
2759 5714 3128 5774 παρεσχομεν,
3192 5701 3329 5778 μὲγα
3387 5700 3526 5758 ἐστὶν
3585 5703 3674 5757 ἐὰν
3723 5698 3783 5754 τὰ
