4068 6254
203 381 325 444 τοι
372 478 375 479 ί

1205 378 1616 441 OOMMENT.
1664 380 1745 440 IN
1793 380 2040 443 EPIST.
2088 384 2111 443 l
2157 384 2259 444 AD
2304 386 2667 449 CORINTH.

3518 393 3633 453 762

216 510 458 590 σαρκικᾶ
513 506 824 586 “Gaium;
884 511 1219 587 πνευματικᾶ
1275 509 1374 581 τὴν
1434 509 1615 566 πίστιν
1674 507 1873 589 λέγων,

1992 517 2253 574 carnalia
2281 520 2639 593 accipiamus
2658 522 2686 578 ?
2707 523 3041 595 spiritualia
3068 523 3272 580 dicens
3301 524 3477 582 ﬁdem
3508 542 3635 583 car-

217 603 453 679 σαρκικὰ
486 600 545 658 εὶ
568 604 669 671 τήν
704 603 929 683 τροφήν,
992 627 1019 655 ‹‹
1066 600 1131 660 Ei
1188 599 1350 657 ἃλλοι
1409 608 1507 670 τῆς
1552 598 1809 671 ἐξουσῖας.
1845 624 1873 653 »

216 694 399 768 Δηλοῖ
454 714 609 757 τινας
664 694 998 761 ἀπατεῶνας,
1053 697 1381 768 κρατοῦντας
1440 691 1637 759 αἰνῶν,
1693 690 1781 746 καῖ
1815 694 1876 749 οὗ

221 786 393 859 μόνον
422 785 551 858 παρ’
585 782 771 844 αὐτοῖς
822 782 1121 852 ἐσθίοντας,
1181 780 1329 837 ἀλλὰ
1383 783 1477 837 καὶ
1546 781 1877 854 ἐξουσιάζον-

216 896 316 936 τας
338 874 533 929 αὐτῶν.
575 874 636 930 Ei.
673 875 768 931 οἷκ
817 873 1040 942 ἐκεῖνοι,
1101 873 1256 945 ῳησὶ,
1295 880 1395 940 τῆς
1453 873 1694 946 ἐξουσίας
1749 892 1877 944 μετ-

218 966 450 1041 ἐχουσιν
482 964 532 1019 ἐν
566 968 644 1034 τῷ
694 961 882 1038 ἂρχειν
945 964 1122 1036 ὑμῶν,
1180 962 1278 1017 οὐκ
1336 964 1438 1037 ἄρα
1501 965 1665 1034 ἡμεῖς
1723 962 1879 1033 ἐσμεν

223 1050 432 1109 δίκαιοι
469 1050 688 1125 μᾶλλον
721 1055 886 1108 τοῦτο
937 1057 1152 1121 ποιεῖνς
1190 1077 1209 1101 ι
1274 1049 1431 1109 Ἀλλ’
1489 1053 1590 1107 οὐκ
1640 1050 1880 1126 ἐχρησά.

223 1146 365 1217 μεθα
396 1146 466 1215 τῇ
501 1140 713 1215 ἐξουσίᾳ
761 1141 951 1215 ταύτῃ.
986 1165 1015 1193 ››
1073 1142 1235 1218 Ὁρᾷς
1289 1146 1399 1196 ποῦ
1448 1138 1767 1198 ἀποδίδοται
1817 1141 1880 1197 τὸ

218 1230 599 1306 συμπέρασμα
645 1234 743 1284 τοῦ
800 1231 1078 1302 νοήματος
1134 1247 1148 1298 ;
1210 1229 1275 1287 Εἰ
1322 1231 1420 1305 γὰρ
1476 1230 1565 1285 καὶ
1632 1231 1699 1300 ἦν
1763 1251 1876 1302 μοι,

218 1322 418 1399 φησὶν,
452 1319 665 1391 ἐξουσία
696 1324 791 1375 τοῦ
826 1314 1122 1392 λαμϐάνειν
1151 1321 1277 1392 παρ’
1328 1320 1501 1393 ὑμῶν,
1553 1320 1629 1384 ὡς
1682 1316 1881 1376 ἁποδέ-

221 1408 437 1465 δειλται
478 1403 539 1465 ἔτι
585 1430 645 1465 τε
682 1406 779 1464 του
831 1412 999 1466 ταῦτα
1046 1415 1221 1465 ποιεῖν
1270 1408 1399 1471 τοὺς
1458 1407 1689 1470 λοιποὺς
1739 1410 1880 1466 ἀπο-

228 1499 485 1565 στόλους,
521 1499 610 1553 καὶ
648 1498 698 1572 ἐξ
756 1500 829 1553 ὧν
884 1498 1195 1573 παρεθέμην
1249 1496 1729 1574 παραδειγμάτων,
1789 1500 1881 1554 καὶ

220 1593 323 1646 τοῦ
353 1590 529 1662 νόμου
564 1588 824 1653 Μωσέως·
854 1590 1009 1660 ὅμως
1041 1585 1191 1645 οὐδὲν
1244 1587 1466 1667 ε’ίληιρα,
1508 1586 1767 1652 δεδοικὼς
1802 1591 1877 1663 μή

216 1679 387 1735 τοῦτὸ
410 1697 558 1739 τινας
589 1678 798 1756 ἐγκόψῃ
866 1680 1001 1754 πρὸς
1054 1680 1152 1747 τήν
1212 1679 1413 1734 πίστιν.
1476 1679 1539 1736 Εἰ
1597 1678 1688 1735 οὖν
1748 1678 1880 1755 ἐγὼ,

217 1768 357 1845 φτ,σῖ
390 1772 576 1835 (τοῦτο
606 1769 709 1844 γὰρ
743 1766 1001 1843 βοῦλεται
1043 1769 1105 1823 τὸ
1164 1768 1389 1841 νόημα),
1423 1769 1513 1823 καὶ
1542 1773 1648 1824 τῶν
1697 1769 1879 1825 ἐπιτε-

1993 608 2153 663 nalia
2183 626 2317 665 vero
2350 612 2719 669 alimentum.
2748 614 2854 668 «Si
2878 613 2980 667 alii
3012 616 3337 685 potestatis.
3373 617 3638 674 uindicat

1988 700 2275 770 quosdam
2319 701 2670 773 impostores
2702 704 2800 774 qui
2831 704 2989 774 ipsos
3021 704 3197 758 veluti
3229 706 3633 776 possidebant:

1988 805 2097 845 nec
2130 790 2321 845 solum
2353 792 2507 863 apud
2536 809 2636 847 eos
2691 792 2982 848 edebant:
3019 794 3121 849 sed
3171 801 3229 849 et
3277 802 3631 866 potestatem

1989 894 2127 951 erga
2157 880 2315 950 ipsos
2347 880 2643 936 habebant
2670 882 2726 937 Si
2758 883 2934 949 igitur
2967 882 3298 954 illi.inquit.
3324 888 3628 955 potestatis

1989 987 2126 1043 erga
2154 988 2254 1027 vos
2286 973 2605 1045 participes
2636 979 2795 1041 sunt,
2828 974 2908 1029 ita
2940 982 3005 1029 ut
3032 976 3193 1030 vobis
3225 975 3629 1035 dominentur:

1990 1076 2145 1116 anne
2176 1077 2383 1117 sumus
2412 1079 2520 1117 nos
2552 1063 2747 1118 idonei
2781 1065 2878 1136 qui
2914 1065 3099 1137 magis
3146 1065 3258 1120 hoc
3287 1067 3573 1123 faciamus
3602 1067 3630 1123 εἰ

1997 1172 2017 1200 ι
2053 1152 2228 1222 Atqui
2253 1168 2371 1207 non
2402 1153 2492 1207 usi
2525 1169 2730 1208 sumus
2764 1160 3054 1226 potestate
3085 1154 3212 1208 ista.
3252 1176 3281 1205 δ)
3318 1155 3491 1210 \‘ides
3533 1156 3635 1212 ubi

1990 1240 2200 1297 reddat
2227 1243 2316 1297 sui
2374 1243 2586 1298 intenti
2645 1244 3129 1299 conclusionem?
3159 1246 3388 1300 Etenim
3442 1262 3629 1316 quan-

1991 1347 2167 1403 quam
2201 1347 2571 1395 conceSsum,
2602 1333 2814 1403 inquit.
2848 1334 2991 1388 mihi
3025 1340 3152 1389 erat
3180 1341 3246 1389 ut
3274 1351 3308 1388 a
3336 1335 3498 1390 vobis
3530 1353 3629 1392 ac-

1991 1421 2271 1491 ciperem,
2300 1421 2481 1477 veluti
2504 1422 2972 1478 demonstratum
3001 1430 3108 1493 est,
3132 1430 3255 1478 tum
3284 1440 3351 1480 ex
3384 1442 3451 1479 eo
3474 1426 3632 1497 quod

1990 1509 2072 1564 ita
2098 1509 2320 1566 faciant
2347 1511 2544 1565 caeteri
2577 1512 2852 1582 apostoli,
2887 1520 3008 1567 tum
3052 1529 3122 1568 ex
3179 1514 3467 1587 exemplis
3500 1532 3631 1585 quae

1990 1600 2293 1671 proposui,
2322 1605 2447 1655 tum
2480 1616 2548 1654 ex
2579 1601 2704 1673 lege
2729 1601 2867 1656 Mosi
2905 1618 2919 1662 ς
2947 1602 3097 1656 nihil
3149 1607 3349 1657 tamen
3407 1605 3630 1676 accepi,

1991 1690 2208 1745 timens
2239 1707 2311 1745 ne
2340 1690 2450 1746 hoc
2481 1691 2713 1762 aliquos
2763 1691 3092 1746 offenderet
3132 1692 3291 1747 circa
3336 1692 3511 1747 fidem
3543 1710 3556 1759 ;
3585 1695 3634 1749 si

1991 1796 2127 1846 ergo
2161 1795 2266 1853 ego
2299 1782 2459 1850 (nam
2492 1780 2602 1835 hoc
2635 1781 2821 1850 ipsius
2852 1782 3146 1836 intentum
3189 1780 3298 1852 est)
3332 1782 3507 1837 etiam
3541 1783 3633 1837 his

214 1858 549 1932 τραμμένων
581 1858 865 1932 ἀπέχομαι
916 1854 1007 1912 διὰ
1056 1858 1118 1912 τὸ
1173 1859 1248 1930 μὴ
1296 1856 1650 1914 σκανδαλίσαι
1707 1859 1871 1922 τινας,

1992 1887 2120 1942 qum
2153 1871 2443 1941 permissa
2474 1876 2614 1926 sunt
2642 1871 2930 1929 abstineo,
2956 1888 3031 1925 ne
3049 1872 3281 1942 aliquos
3312 1872 3632 1941 oﬂ'endam,

214 1951 338 2008 πῶς
376 1947 535 2021 ὑμεῖς
568 1944 694 2001 οὐδὲ
720 1950 828 2000 τῶν
862 1941 1237 2002 εἰδωλοθύτων
1268 1945 1536 2021 ἀπέχεσθε
1591 1948 1681 2002 καὶ
1731 1946 1876 2009 ὅλως

215 2033 717 2110 ἀπηγορευμένων,
777 2034 910 2111 ὑπὶρ
975 2040 1073 2090 τοῦ
1138 2036 1214 2107 μή
1297 2033 1672 2107 σιανδαλίζειν
1758 2035 1883 2100 τοὺς

216 2126 647 2197 ἀσθενεστέρους
676 2128 783 2180 τῶν
819 2121 1067 2203 ἀδελφῶν
1105 2142 1120 2195 ;
1183 2147 1211 2176 ‹‹
1242 2127 1326 2200 Τῇ
1367 2125 1581 2200 ἐξουσίᾳ
1626 2126 1819 2204 ταύτῃ.
1851 2151 1879 2180 ››

217 2213 545 2284 Τουτέστιν,
578 2210 749 2272 Οὐδὲν
781 2215 928 2289 παρά
956 2233 1100 2275 τινος
1158 2209 1377 2272 ἔλαϐον.
1435 2240 1454 2266 ι
1492 2216 1667 2274 Ἀλλὰ
1714 2220 1885 2272 πάντα

222 2305 508 2380 στέγομεν.
545 2326 574 2354 υ
607 2306 721 2358 Ἵνα
751 2302 858 2379 γὰρ
891 2305 967 2375 μή
1007 2322 1089 2365 τις
1120 2301 1264 2378 εἴπῃ.
1323 2305 1447 2363 Ὅτι
1499 2305 1597 2360 οὐκ
1634 2299 1881 2381 ἔχρῃζες,

227 2392 322 2450 διὰ
350 2396 515 2449 τοῦτο
547 2390 647 2448 οὐκ
676 2385 891 2461 ἔλαϐες,
926 2391 1140 2466 ἐπάγει,
1191 2420 1216 2445 ιι
1248 2392 1427 2450 Ἀλλὰ
1479 2394 1653 2449 πάντα
1693 2393 1886 2470 στεγο-

230 2504 354 2559 μεν,
397 2506 426 2534 »
460 2481 575 2537 οἷον
631 2485 839 2549 πεῖναν,
870 2479 960 2536 καὶ
1020 2477 1200 2555 δίψαν,
1257 2480 1348 2537 καὶ
1404 2478 1740 2557 γυμνότητα,
1791 2479 1886 2538 ’ίνα

235 2573 404 2646 μόνον
441 2574 516 2646 μή
581 2592 663 2633 τις
721 2570 927 2646 ἐγκοπή
976 2569 1217 2647 γένηταν
1278 2574 1553 2628 τουτὲστιν
1581 2575 1886 2649 ἠτυχοῦσα

236 2656 494 2729 ἀναϐολή
524 2662 656 2734 πρὸς
680 2662 741 2717 τὸ
773 2658 1111 2736 Εὐαγγὲλιον
1142 2660 1231 2716 καὶ
1259 2661 1322 2716 τὸ
1352 2663 1632 2736 κήρυγμα.

325 2751 448 2805 Οὐκ
498 2745 670 2804 οἴδατε
717 2749 798 2806 ὅτι
855 2750 907 2805 οἱ
965 2749 1033 2805 τὰ
1087 2750 1206 2824 ἰερὰ
1258 2749 1614 2824 ἐργαζόμενοι
1674 2750 1735 2807 ἐκ
1789 2756 1886 2807 τοῖ’)

251 2839 403 2913 ἱεροῦ
476 2838 803 2910 ἐσθίουσια;
904 2840 958 2895 οἱ
1055 2844 1136 2912 τῷ
1228 2841 1597 2916 θυσιαστηρῗῳ
1716 2860 1885 2917 προσ-

227 2927 555 3003 εδρεόοντες,
607 2934 687 3002 τῷ
746 2928 1116 3005 θυσιαστηρίῳ
1201 2931 1626 3007 συμμερίζονται
1676 2951 1690 3000 ;
1776 2930 1886 2990 0°3-

221 3040 331 3081 τως
399 3018 489 3072 καὶ
555 3018 584 3073 ὁ
661 3018 856 3094 Κύριος
926 3015 1152 3089 διέταξε,
1221 3025 1339 3081 τοῖς
1403 3021 1466 3075 τὸ
1548 3019 1887 3098 Εὐαγγὲλιον

219 3105 711 3184 καταγγέλλουσιν,
775 3107 837 3163 ἐκ
888 3111 987 3163 τοῖ’)
1048 3108 1400 3185 Εὐαγγελίου
1455 3114 1575 3185 ζῇν.
1636 3110 1782 3186 Ἐγὼ
1826 3108 1885 3165 δὲ

220 3193 397 3253 οὐδενέ
430 3196 758 3272 ἐχρησάμην
790 3195 1017 3255 τούτων

290 3285 383 3352 Μὴ
416 3283 695 3356 ἀρκεσθεῗς
726 3288 842 3347 τοῖς
873 3286 1136 3360 πρώτοις,
1162 3284 1251 3340 καὶ
1290 3281 1448 3356 ἕτερα
1507 3285 1720 3365 ἐπάγει.
1775 3285 1879 3342 δει-

215 3375 345 3436 κνὺς
377 3373 453 3435 ὡς
485 3372 608 3443 ἐξῆν
637 3373 792 3445 αὐτῷ
823 3374 975 3445 παρὰ
1027 3378 1135 3429 τῶν
1198 3376 1455 3447 μαθητῶν
1517 3370 1726 3442 λαϐεῖν,
1785 3376 1878 3433 καί

220 3484 409 3545 φησιν·
442 3488 470 3513 ‹‹
506 3462 575 3519 Οἱ
606 3462 673 3519 tit
702 3463 821 3537 ἱερὰ
852 3462 1232 3540 ἐργαζόμενοι,
1268 3487 1297 3513 ››
1328 3465 1634 3534 Τουτέστιν,
1668 3468 1721 3521 οἱ
1772 3488 1879 3523 πα-

220 3555 555 3631 ραμένοντες
583 3556 663 3624 τῷ
692 3553 824 3626 ἱερῷ
854 3554 945 3608 καὶ
975 3555 1072 3616 τας
1108 3553 1159 3608 ἐν
1192 3554 1340 3626 αὗτῷ
1373 3553 1717 3629 λειτουργίας
1738 3556 1879 3614 ἐκτε-

214 3643 445 3703 λοῦντες
480 3644 647 3718 ἱερεῖς
678 3662 737 3698 τε
765 3642 854 3697 καὶ
890 3648 1130 3700 Λευῖται.
1167 3668 1187 3693 α
1224 3644 1322 3701 Ἐκ
1348 3648 1445 3700 τοῦ
1472 3646 1625 3722 ἱτροῦ
1666 3645 1875 3703 ἐσθίου-

214 3756 323 3793 σιν,
360 3757 387 3783 η
415 3732 529 3791 Οὐκ
552 3733 724 3796 εἶπεν,
757 3735 853 3789 Ἐει
876 3737 984 3788 τῶν
1009 3733 1441 3812 προσφερόντων,
1458 3732 1551 3790 ’ἶνα
1584 3739 1722 3809 μήτε
1748 3736 1875 3801 τοὺς

208 3818 605 3899 λαμϐάνοντας
664 3820 934 3897 εὖτελίσῃ,
1006 3824 1145 3895 μήτε
1199 3822 1321 3886 eoi»;
1374 3822 1626 3888 διδόντας
1685 3824 1875 3903 ἐπάρῃ,

220 3913 376 3982 ἀλλ’,
412 3937 439 3965 ‹‹
474 3914 571 3967 Ἐκ
598 3915 695 3966 τοῦ
724 3910 896 3986 ἱεροῦ,
931 3934 959 3962 »
1001 3910 1186 3991 φησίν.
1227 3936 1254 3963 α
1288 3914 1356 3969 Οἱ
1384 3915 1465 3985 τῷ
1506 3914 1876 3991 θυσιαστηρίῳ

218 3999 697 4079 προσεδρευοντες.
744 4024 772 4051 υ
809 4033 873 4043 -
910 4002 1238 4076 [ΟΙΚυΥΜ.]
1274 4002 1411 4074 Ἱερᾶ
1444 4005 1538 4075 μὲν
1580 4003 1879 4078 ἐργαζομέ-

186 4106 344 4156 ’νους
374 4091 502 4153 τοὺς
537 4091 759 4152 Λευ¹ιτας
792 4091 981 4168 φησὶν,
1013 4088 1072 4143 οἳ
1103 4090 1171 4146 τὰ
1210 4087 1495 4148 ἐπιδέκατα
1537 4090 1871 4166 ἐλάμϐαιον.

224 4180 611 4255 Θυσιαστηρίῳ
643 4176 699 4234 δὲ
731 4175 1192 4255 προσεδρεύοντας
1222 4182 1349 4242 τοὺς
1378 4181 1574 4257 ἱερέας,
1600 4183 1653 4236 οἳ
1683 4181 1743 4238 ἐκ
1766 4189 1875 4240 τῶν

218 4272 484 4345 θυμάτων
506 4270 659 4345 εἶχον
686 4269 1065 4347 ἀερ-ιιρτςματα.
1094 4292 1118 4323 α
1153 4272 1246 4341 Τῷ
1266 4271 1634 4346 θυσιαστηρίῳ
1666 4293 1878 4345 συμμε-

220 4364 491 4436 ρίζονται.
515 4386 540 4411 η
568 4359 682 4416 Ιιάλ
695 4382 736 4413 ιν
759 4361 845 4415 καὶ
871 4356 980 4415 ὧδε
1003 4361 1094 4415 τὸν
1119 4361 1279 4417 αὐτὸν
1292 4363 1410 4418 εἷπε
1428 4363 1745 4438 τρόπον,()ὗ
1774 4366 1875 4438 γὰρ

221 4453 392 4521 εἶπεν,
423 4453 522 4507 Ἐκ
558 4453 666 4505 τῶν
699 4450 941 4506 θυόντων
974 4445 1373 4525 λαμϐάνουσιν,
1404 4450 1553 4522 ἄλλ’,
1601 4478 1619 4503 ι
1656 4455 1754 4511 Ἐκ
1780 4460 1877 4510 τοῦ

221 4539 637 4612 θυσιαστηρίου.
700 4561 729 4591 n
791 4539 925 4613 μετὰ
981 4539 1084 4614 γὰρ
1141 4539 1203 4595 τὸ
1257 4543 1710 4616 προσενεχθῆναι,
1777 4545 1877 4600 οὐκ

1989 1961 2286 2031 quomodo
2313 1977 2412 2016 vos
2442 1977 2516 2015 ne
2549 1960 2619 2015 ab
2661 1960 3007 2032 idolothytis
3046 1961 3287 2032 quidem
3318 1962 3631 2019 abstinetis

1991 2066 2121 2121 quae
2154 2050 2399 2106 omnino
2429 2050 2607 2106 vetita
2634 2055 2789 2112 sunt,
2825 2049 3408 2107 neimbecillioribus
3437 2051 3633 2108 fratri-

1988 2144 2098 2199 bus
2129 2144 2486 2201 ofTendiculo
2515 2144 2661 2208 sitis,
2700 2166 2727 2195 «
2760 2146 3055 2201 Potestate
3106 2145 3239 2200 ista.
3275 2166 3303 2195 »
3362 2146 3480 2202 Hoc
3521 2150 3629 2213 est,

1988 2233 2140 2289 nihil
2169 2251 2203 2289 a
2234 2250 2532 2305 quoquam
2566 2234 2787 2305 accepi.
2829 2256 2855 2283 «
2893 2234 3003 2289 Sed
3036 2234 3237 2290 omnia
3267 2234 3630 2291 offerimus.»

1989 2327 2069 2381 Ne
2102 2324 2261 2378 enim
2287 2324 2419 2395 quis
2452 2323 2611 2378 dicat
2645 2340 2657 2376 :
2686 2326 2810 2379 Non
2845 2324 3078 2396 egebas,
3140 2330 3456 2395 propterea
3510 2340 3631 2379 non

1989 2414 2290 2486 accepisti,
2319 2413 2702 2485 subjungitzu
2731 2412 2841 2467 Sed
2863 2414 3062 2468 omnia
3093 2414 3638 2485 suil'erimus,»puta

1990 2504 2210 2572 famen,
2243 2503 2387 2561 501
2426 2502 2607 2561 sitim.
2650 2501 2982 2557 nuditatem
3018 2517 3030 2556 :
3068 2501 3259 2557 solum
3284 2518 3357 2557 ne
3389 2519 3507 2573 qua
3529 2503 3635 2559 ﬁat

1990 2593 2258 2655 offensio,
2294 2593 2405 2649 hoc
2436 2598 2544 2658 est,
2579 2609 2651 2647 ne
2679 2591 2821 2664 quid
2878 2596 3210 2648 remoretur
3256 2591 3637 2663 Evangelium

1991 2705 2059 2744 ac
2087 2685 2598 2759 pra‘dicationem.

2061 2778 2152 2835 IX.
2190 2779 2273 2832 13.
2308 2778 2390 2832 li.
2426 2779 2514 2831 An
2544 2773 2766 2829 nescitis
2817 2774 2967 2846 quod
3020 2775 3063 2827 ii
3092 2775 3191 2845 qui
3216 2788 3375 2828 sacra
3403 2788 3633 2842 operan-

1992 2876 2101 2928 tur.
2136 2883 2204 2922 e1:
2235 2866 2430 2935 templo
2462 2866 2630 2919 edunt
2651 2866 2680 2918 Ρ
2709 2865 2814 2929 Qui
2852 2864 3021 2917 altari
3059 2865 3337 2927 assistunt,
3370 2879 3482 2917 una
3511 2878 3633 2918 cum
3686 2922 3689 2925 ,

1990 2959 2164 3013 altari
2187 2962 2407 3028 partem
2442 2956 2765 3025 arcipiunt?
2792 2955 2878 3009 Ita
2933 2960 2983 3008 et
3018 2954 3270 3009 Dominus
3328 2952 3632 3020 ordinavit,

1992 3055 2051 3102 ut
2081 3049 2179 3118 qui
2215 3045 2568 3113 Evangelium
2598 3045 2959 3098 annuntiant.
2994 3059 3061 3097 ea:
3084 3042 3389 3112 lzvangelio
3419 3044 3630 3097 vivant.

1992 3139 2108 3207 Ego
2139 3142 2321 3190 tamen
2348 3134 2499 3188 nuilo
2532 3133 2727 3187 horum
2757 3147 2883 3186 usus
2903 3147 3042 3187 sum.

2060 3295 2363 3352 Prioribus
2386 3311 2504 3350 non
2528 3299 2861 3353 contentus,
2896 3292 3014 3349 alia
3034 3308 3271 3364 quoque
3301 3291 3631 3361 subiungit:

1990 3386 2312 3443 ostendens
2344 3384 2499 3456 quod
2532 3384 2641 3438 sibi
2676 3383 2901 3438 licitum
2938 3387 3124 3437 erata
3156 3382 3462 3455 discipulis
3488 3379 3636 3436 acci-

1988 3493 2153 3551 pere,
2187 3482 2247 3532 et
2274 3476 2358 3530 ait
2390 3491 2402 3529 :
2438 3496 2467 3525 «
2498 3474 2603 3540 Qui
2640 3491 2806 3530 sacra
2827 3480 3168 3545 operantur.
3203 3492 3227 3521 κ
3265 3473 3383 3529 Hoc
3414 3473 3631 3543 estqui

1988 3568 2049 3623 in
2076 3564 2295 3639 templo
2327 3569 2697 3636 permanent.
2731 3569 2787 3619 et
2819 3579 3069 3617 munera
3099 3579 3230 3633 quas
3263 3562 3322 3617 in
3356 3579 3425 3618 eo
3483 3560 3636 3617 ﬁunt

1990 3662 2414 3726 exsequuntur,
2475 3670 2690 3725 nempe
2752 3652 3087 3708 sacerdotes
3118 3658 3177 3706 et
3226 3653 3451 3708 Levitas.
3495 3673 3522 3701 «
3555 3656 3635 3707 Ex

1987 3746 2211 3819 templo
2243 3746 2443 3801 edunt.
2478 3766 2506 3793 υ
2536 3746 2660 3800 Non
2693 3745 2888 3799 dixit:
2922 3745 3001 3798 De
3034 3744 3125 3797 his
3147 3744 3246 3814 qui
3277 3743 3634 3807 offerunt,ne

1988 3836 2075 3890 vel
2104 3835 2464 3905 accipientes
2484 3834 2861 3904 deprimeret,
2891 3833 2977 3888 vel
3004 3832 3393 3887 oﬂ‘erentibus
3423 3832 3632 3886 cristas

1990 3924 2257 3995 erigeret,
2293 3923 2416 3977 sed.
2442 3944 2469 3971 ‹‹
2505 3924 2581 3975 Ex
2616 3922 2855 3993 templo,
2887 3943 2913 3968 »
2951 3922 3049 3976 ait.
3086 3944 3112 3971 «
3146 3922 3253 3986 Qui
3287 3921 3459 3974 altari
3481 3920 3632 3975 assi-

1988 4019 2170 4070 stunt.
2205 4034 2230 4060 η
2266 4012 2440 4066 Sacra
2470 4010 2709 4081 quidem
2743 4016 3057 4080 operantes
3080 4009 3223 4065 dicit
3249 4010 3491 4072 Levitas,
3526 4012 3629 4082 qui

1988 4102 2248 4158 decimas
2274 4099 2679 4170 accipiebant:
2706 4099 2875 4153 altari
2902 4116 3034 4154 vero
3065 4100 3412 4154 assistentes
3436 4115 3633 4153 sacer—

1987 4190 2281 4260 dotes,qui
2307 4204 2375 4243 ea
2400 4186 2691 4242 habebant
2709 4204 2839 4259 quae
2867 4187 3232 4242 tollebantur
3248 4204 3282 4242 a
3303 4187 3631 4243 sacrificiis.

1994 4304 2019 4335 ι
2052 4283 2177 4338 Una
2198 4297 2329 4337 cum
2354 4279 2524 4334 altari
2557 4285 2784 4350 partem
2806 4279 3157 4350 accipiunt.»
3172 4280 3423 4334 Rursum
3450 4285 3508 4333 et
3540 4279 3635 4334 hic

1988 4372 2196 4428 eodem
2226 4378 2394 4441 tropo
2430 4370 2661 4425 locutus
2700 4369 3125 4441 est.Siquidem
3161 4385 3280 4424 non
3339 4368 3525 4423 dixit:
3552 4370 3634 4424 Ex

1987 4465 2201 4535 bisqui
2234 4463 2550 4518 immolant
2594 4462 2912 4534 accipiunt,
2974 4461 3099 4524 sed,
3160 4482 3189 4509 «
3236 4461 3315 4515 Ex
3372 4460 3626 4515 altari.»

1984 4557 2308 4627 Postquam
2326 4553 2481 4607 enim
2508 4552 2660 4608 facta
2684 4552 3184 4622 eratoblatio,jam
3210 4567 3331 4606 non
3359 4551 3488 4621 ejus
3505 4556 3633 4606 erat

221 4628 303 4689 ἔτι
338 4636 435 4689 τοῦ
465 4631 924 4708 προσενέγκαντός
978 4629 1145 4697 iactv,
1178 4628 1324 4687 ἀλλὰ
1364 4637 1459 4687 τοῦ
1492 4634 1639 4707 ἱεροῦ
1663 4635 1753 4697 καὶ
1784 4640 1879 4691 τοῦ

1992 4644 2089 4716 qui
2121 4623 2437 4707 obtulerat,
2471 4641 2574 4697 scd
2603 4642 2806 4714 templi
2840 4646 2896 4695 et
2934 4641 3155 4696 altaris.
3183 4642 3251 4696 Et
3279 4639 3432 4695 bene
3462 4640 3631 4695 dixit:

226 4720 637 4796 θυσιαστηρίου.
673 4719 873 4782 Καλῶς
905 4721 990 4793 τὸ,
1056 4743 1081 4775 ι
1114 4722 1569 4797 Συμμερῖζονται.
1607 4748 1635 4776 ››
1667 4725 1747 4783 Τὰ
1780 4725 1872 4800 μὲν

224 4813 331 4890 γὰρ
360 4811 797 4886 ὁλοκαυτώματα
827 4809 1058 4889 ἐγίνετο,
1089 4811 1179 4865 καί
1208 4812 1277 4882 ἦν
1332 4812 1501 4886 μόνου
1548 4819 1646 4870 τοῦ
1695 4826 1879 4880 θυσια-

224 4903 477 4977 στηρίου.
515 4900 619 4958 Καὶ
651 4900 712 4957 ἐκ
736 4905 846 4956 τῶν
879 4900 1160 4975 θυομένων
1193 4899 1272 4972 δὲ,
1312 4904 1374 4959 τὸ
1418 4904 1514 4976 μὶν
1546 4905 1679 4978 αἷμα
1708 4926 1871 4982 προσ·

227 4996 418 5072 εχεῖτο
437 4996 515 5064 τῷ
549 4991 937 5067 θυσιαστηρίῳ,
968 4991 1059 5046 καὶ
1087 4991 1151 5047 τὸ
1174 4993 1332 5068 στέαρ
1364 4992 1643 5066 ἰθυμιᾶτο.
1671 4998 1792 5051 Τῶν
1825 4994 1881 5052 δὲ

228 5084 412 5155 κρεῶν
440 5080 731 5159 ἆφαίρημσὶ
756 5100 807 5134 τι
864 5075 1165 5151 ἐλάμϐανεν
1225 5082 1253 5135 ὁ
1296 5080 1492 5157 ἱερεὺς,
1526 5083 1641 5139 οἷον
1669 5085 1759 5140 τὸν
1794 5082 1882 5141 δε-

229 5172 345 5245 ξιὸν
380 5170 650 5247 βραχίονα
669 5169 760 5223 καὶ
787 5169 850 5223 τὸ
881 5168 1191 5239 στηθύνιον,
1213 5170 1302 5225 καὶ
1332 5169 1396 5226 τι)
1422 5164 1693 5249 ἔνυστρον.
1727 5200 1754 5225 ‹‹
1781 5172 1883 5232 Οὕ-

223 5281 336 5323 τως
365 5258 455 5313 καί
492 5259 519 5313 ὁ
553 5258 775 5329 Κύριος.
809 5280 839 5310 υ
870 5258 1082 5323 Οὕτως,
1116 5255 1293 5325 οὐδὲν,
1327 5261 1482 5340 φησὶ,
1511 5260 1680 5332 ξένον,
1736 5261 1882 5318 ἅλλα

220 5353 293 5420 τῇ
355 5346 573 5417 Παλαιᾷ
626 5344 917 5418 ἑπόμενος,
979 5345 1136 5403 οὐδὲν
1194 5355 1541 5422 καινοτομῶν
1627 5351 1877 5422 ἐποίησα.

218 5440 365 5513 ’Όρα
397 5434 472 5497 δὲ.
510 5436 571 5492 τὸ
636 5436 892 5511 μέγιστον
936 5432 1166 5515 ἔσχατον
1230 5437 1485 5502 τέθεικεν.
1548 5464 1575 5492 (ι
1632 5444 1730 5498 Ἐκ
1783 5445 1880 5496 τοῦ

222 5525 565 5602 Εὑαγγελίου
599 5528 717 5598 ζῇν.
753 5548 783 5577 ››
818 5525 1118 5600 Καθώσπερ
1151 5525 1264 5583 ἐκεῖ
1293 5528 1394 5584 οὐκ
1422 5528 1593 5586 εἶπεν.
1629 5531 1725 5588 Ἐκ
1770 5536 1878 5586 τῶν

220 5615 717 5694 προσενεγκάντων,
750 5612 899 5682 ἀλλ’,
931 5640 959 5666 ‹‹
995 5616 1090 5674 Ἐκ
1118 5620 1215 5673 to?)
1246 5618 1395 5692 ἱεροῦ
1447 5618 1537 5674 καὶ
1566 5622 1663 5674 τοῦ
1695 5630 1880 5685 θυσια-

228 5705 480 5782 στηρίου.
513 5724 539 5758 ι
578 5701 751 5766 οὕτως
781 5702 872 5757 καὶ
904 5701 1011 5759 ὧδε
1042 5702 1140 5760 οὐκ
1164 5703 1570 5778 εἴπεν,Ἐκτῶν
1596 5713 1881 5784 μαθητῶν,

1991 4757 2017 4783 ‹‹
2055 4734 2179 4790 Una
2209 4737 2433 4803 partem
2468 4730 3133 4802 accipiunt.»Siquidem
3156 4729 3635 4787 holocautomata

1992 4824 2215 4880 flebant
2245 4827 2301 4876 et
2334 4838 2404 4875 ea
2425 4822 2609 4876 solius
2636 4826 2805 4877 erant
2835 4821 3039 4877 altaris
3065 4840 3075 4877 :
3102 4838 3276 4894 porro
3296 4837 3366 4876 ex
3382 4821 3636 4878 victimis

1993 4912 2231 4985 sanguis
2262 4911 2498 4983 quidem
2529 4911 2699 4966 altari
2728 4911 3061 4975 cedebat,et
3081 4912 3262 4984 adeps
3291 4912 3638 4969 immolabao

1991 5007 2088 5057 tur
2117 5018 2129 5056 :
2163 5001 2480 5072 quamdam
2512 5017 2646 5055 vero
2678 5000 2944 5056 carnium
2979 5000 3342 5057 oblationem
3382 5001 3638 5072 accipie-

1991 5091 2093 5146 bat
2121 5090 2413 5151 sacerdos,
2442 5095 2642 5162 utpote
2673 5090 2942 5145 dextrum
2962 5090 3292 5155 brachium,
3324 5096 3635 5162 pectuscu-

1992 5179 2113 5234 lum
2148 5179 2265 5233 sive
2299 5177 2560 5233 medium
2593 5179 2849 5250 pectoris
2879 5185 2937 5235 et
2964 5196 3194 5236 armum
3216 5180 3637 5236 dextrummlta

1992 5274 2050 5323 et
2080 5267 2383 5323 Dominus.
2422 5290 2440 5317 ι
2480 5269 2583 5332 Ita,
2603 5268 2773 5331 nihil,
2799 5269 3011 5340 inquit,
3037 5286 3274 5335 novum,
3308 5268 3410 5323 sed
3440 5274 3638 5324 vetera

1993 5356 2587 5421 secutus,nihilnovi
2616 5357 2856 5414 molitus
2918 5374 3069 5413 sum.
3118 5356 3441 5412 Considera
3497 5372 3633 5414 vero

1990 5446 2146 5516 quod
2180 5450 2438 5515 pstremo
2472 5445 2729 5514 posuerit
2764 5444 2919 5517 quod
2951 5445 3275 5505 maximum
3299 5450 3462 5499 erat:
3498 5466 3526 5495 «
3553 5446 3641 5503 Ex

1990 5535 2303 5610 Evangelio
2337 5536 2547 5592 vivant.
2585 5557 2612 5584 ››
2647 5537 2809 5593 Sicut
2837 5536 2919 5593 ibi
2949 5554 3071 5594 non
3091 5537 3341 5602 dixerat,
3378 5560 3404 5586 »
3430 5538 3514 5594 Ex
3545 5537 3638 5594 his

1992 5626 2091 5699 qui
2125 5624 2483 5696 obtulerant,
2520 5648 2545 5672 ››
2579 5626 2682 5682 sed
2721 5646 2740 5672 ι
2774 5628 2859 5685 Ex
2889 5627 3112 5701 templo
3146 5632 3204 5683 et
3248 5645 3319 5685 ex
3371 5627 3542 5684 altari
3568 5642 3583 5695 ;
3606 5647 3631 5679 ι

1991 5716 2073 5771 ita
2105 5720 2165 5771 et
2193 5713 2289 5770 hic
2319 5730 2439 5771 non
2472 5715 2649 5771 dixit:
2680 5717 2763 5773 Ex
2778 5716 3107 5789 discipulis,
3134 5717 3254 5785 sed,
3295 5737 3316 5761 η
3348 5718 3430 5774 Ex
3454 5718 3639 5775 Evan-
