4068 6254
349 279 465 341 783

1469 277 1895 340 CICUMENII
1939 274 2248 338 ΤΒΙοοΕ
2292 277 2648 340 EPISCOPI

3653 277 3771 339 764

352 429 526 505 gelio.
553 451 581 480 »
613 428 684 484 Et
711 427 860 484 bene
894 426 996 496 ait,
1028 427 1243 496 vivere,
1279 428 1600 485 ostendens
1649 427 1807 501 quod
1850 427 2002 484 nihil

2123 406 2266 466 ἀλλ’.
2305 434 2325 461 ι
2359 413 2456 467 Ἐκ
2482 413 2580 466 τοῦ
2611 407 2971 505 βύαγγελίου.
3009 435 3036 461 ››
3067 408 3261 505 ΚαλΔῶς
3291 409 3345 466 BI
3373 409 3445 466 τὸ
3479 413 3606 482 ζῇν,
3665 405 3774 466 διι-

356 520 514 576 aliud
543 519 713 574 liceat
735 519 1003 590 accipere
1027 524 1242 590 praeter
1257 518 1604 573 alimentum
1628 524 1688 573 et
1707 519 2003 574 vestitum.

351 633 378 659 ι(
436 609 608 664 Nullo
664 609 876 663 horum
937 625 1080 662 usus
1134 624 1284 662 sum.
1348 629 1376 658 »
1427 609 1669 664 Horum.
1704 609 2005 679 quorum?

351 699 760 770 exemplorum
793 715 922 769 qum
953 697 1094 753 dixi.
1121 697 1266 770 legis
1291 702 1348 752 et
1376 697 1817 752 ordinationum
1843 698 2003 753 Chri-

351 791 422 845 sti
454 805 465 843 ;
498 788 658 858 quod
690 793 958 858 Oporteat
988 787 1255 858 accipere
1276 795 1693 860 praeceptores,
1727 794 1786 843 et
1815 788 2003 845 vivere

350 895 420 934 ex
451 879 545 934 his
569 877 668 948 qui
703 877 1009 933 docentur.

423 1058 576 1115 502
603 1058 775 1122 IX,15
813 1058 1236 1128 18.0uanquam
1267 1074 1378 1113 non
1410 1057 1523 1114 haec
1550 1059 1749 1130 srripsi
1805 1064 1867 1113 ut
1922 1059 2005 1114 ita

350 1151 449 1218 ﬁat
470 1149 526 1201 in
552 1163 652 1202 me.
685 1147 875 1202 Melius
891 1149 1034 1201 enim
1051 1153 1128 1202 est
1159 1147 1296 1201 mihi
1319 1149 1479 1213 mori,
1512 1163 1678 1218 quam
1707 1153 1768 1202 ut
1792 1147 2000 1218 gloria-

353 1239 556 1292 tionem
584 1253 756 1291 meam
786 1235 992 1308 aliquis
1010 1238 1225 1290 inanem
1257 1236 1472 1292 reddat.
1503 1238 1714 1292 Etenim
1744 1240 1793 1292 si
1822 1239 2003 1292 Evan-

353 1328 559 1398 gelium
600 1327 913 1396 praedicem,
946 1343 1056 1383 non
1103 1334 1180 1382 est
1237 1328 1385 1399 quod
1441 1328 1678 1396 glorier:
1721 1330 2004 1383 neressitas

355 1421 497 1475 enim
528 1418 664 1472 mihi
694 1419 982 1473 incumbit.
1024 1419 1115 1473 Vae
1152 1425 1333 1473 autem
1365 1418 1504 1472 mihi
1528 1425 1603 1473 est
1621 1421 1732 1474 nisi
1752 1420 2001 1488 Evange~

359 1510 493 1563 lium
520 1511 835 1579 prazdicem.
871 1510 1006 1564 Nam
1035 1512 1082 1563 si
1120 1509 1401 1564 ultroneus
1433 1509 1534 1562 hoc
1574 1512 1796 1579 faciam,
1853 1526 2005 1580 prae-

359 1600 528 1654 mium
561 1599 752 1658 habeo.
773 1601 820 1655 si
840 1605 1019 1653 autem
1053 1615 1162 1652 non
1193 1598 1842 1669 ultroneusdispensatio
1864 1597 2006 1653 mihi

357 1689 643 1741 commissa
699 1691 794 1740 est.
858 1686 1014 1751 Quod
1042 1687 1219 1754 igitur
1250 1686 1384 1739 mihi
1418 1688 1711 1756 prmmium
1743 1693 1819 1740 est
1849 1687 1878 1740 ?
1940 1687 2006 1740 Ut

2111 501 2236 564 κνὺς
2273 503 2355 558 ὃτι
2393 501 2542 557 οὐδὲν
2597 496 2795 572 ἔξεστιν
2854 500 2996 557 ἄλλο
3049 495 3366 573 λαμϐάνειν,
3435 498 3593 568 πλήν
3653 521 3777 575 τρο-

2110 597 2223 670 φῶν
2255 594 2344 647 καὶ
2399 590 2718 665 ἐνδόματος.
2781 617 2806 642 ιι
2844 590 3034 649 Οὐδενὶ
3091 590 3417 664 ἐχρησάμην
3475 591 3716 648 τούτων,
3749 615 3774 642 n

3328 681 3352 697 ν

2111 683 2355 753 Τούτων,
2389 683 2593 746 ποίωνς
2625 685 2748 737 Τῶν
2803 678 3261 757 παραδειγμάτων
3318 681 3388 734 ὧν
3449 683 3637 748 εἷπον,
3685 685 3776 734 τοῦ

2107 778 2302 842 νόμου,
2362 778 2466 827 τῶν
2555 771 2932 843 ἐπιταγμάτων
3021 774 3116 826 τοῖ’)
3182 775 3442 840 Χριστοῦ,
3511 768 3604 823 ὅτι
3673 773 3778 844 χρὴ

2111 857 2413 934 λαμϐάνειν
2448 861 2576 922 τοὺς
2637 857 3022 926 διδασκάλους,
3081 858 3171 914 καὶ
3228 863 3324 932 ζῇν
3383 859 3450 913 ἐκ
3516 863 3634 913 τῶν
3691 879 3783 932 p1-

2114 950 2514 1024 θητευομένων,

2183 1059 2299 1116 Οὐκ
2357 1056 2568 1135 ἔγραψα
2621 1055 2679 1112 δὲ
2743 1059 2911 1110 ταῦτα
2981 1055 3074 1110 ’ἱνα
3155 1055 3331 1118 οὕτως
3409 1053 3655 1129 γένηται
3735 1052 3784 1109 ἐν

2111 1144 2255 1217 ἐμοί.
2321 1143 2494 1202 Καλὸν
2567 1147 2669 1222 γάρ
2757 1145 2852 1218 μοί
2937 1141 3151 1215 μᾶλλον
3235 1143 3562 1213 ἀποθανεῖν,
3634 1141 3672 1212 ἢ
3729 1141 3786 1199 τὸ

2111 1235 2381 1310 καύχημά
2451 1256 2556 1310 μου
2613 1235 2702 1290 ἳνα
2758 1255 2842 1295 τις
2895 1233 3125 1305 κενώσῃ.
3211 1232 3334 1287 Ἐὰν
3423 1231 3541 1308 γὰρ

2109 1326 2440 1400 γελζζωμαι,
2501 1323 2599 1378 οὐκ
2679 1317 2793 1380 ἔστι
2853 1321 2944 1397 μοί
3013 1321 3301 1395 καύχημα·
3372 1320 3633 1396 ’ἀνάγκη
3693 1321 3790 1395 γάρ

2115 1436 2209 1490 μοι
2267 1414 2553 1469 ἐπίκειται.
2613 1413 2748 1470 Οὐαὶ
2808 1412 2864 1466 δὲ
2925 1410 3020 1484 μοί
3077 1410 3244 1479 ἐστιν,
3304 1409 3392 1465 ἐὰν
3464 1412 3549 1483 μή
3631 1409 3788 1481 εὐαγ-

2107 1504 2437 1581 γελίζωμαι.
2503 1503 2566 1559 Εἰ
2622 1503 2724 1577 γὰρ
2784 1501 2921 1557 ἑκὼν
2976 1503 3140 1557 τοῦτο
3227 1501 3479 1575 πράσσω,
3593 1499 3788 1574 μισθὸν

2108 1589 2244 1668 ἔχω’
2279 1594 2325 1648 εἰ
2359 1590 2416 1648 δὲ
2463 1592 2632 1660 ἄκων,
2694 1589 3012 1664 οἰκονομίαν
3073 1589 3462 1662 πεπίστευμαι.
3529 1589 3639 1652 Τίς
3696 1590 3782 1642 οἶν

2113 1685 2208 1756 μοί
2267 1683 2377 1739 ἐστι
2427 1683 2668 1752 μισθόςς
2746 1684 2863 1738 Ἵνα
2914 1680 3432 1757 εὐαγγελιζόμενος,
3498 1677 3782 1734 ἀδάπανον

3627 1231 3789 1303 εὐαγ-

358 1793 477 1831 cum
509 1774 892 1843 evangelizem,
926 1775 1045 1830 sine
1073 1782 1296 1845 sumptu
1328 1791 1536 1845 ponam
1565 1775 1768 1831 Christi
1816 1776 1998 1830 Evan-

2123 1775 2268 1844 θήσω
2347 1772 2408 1828 τὸ
2493 1769 2831 1849 Εὐαγγὲλιον
2918 1774 3021 1826 τοῦ
3103 1771 3366 1844 Χριστοϋ,
3423 1769 3508 1830 εἷς
3581 1765 3648 1821 τὰ
3712 1766 3784 1839 μή

354 1867 579 1934 gelium,
612 1881 725 1920 non
782 1864 1055 1919 abutendo
1086 1869 1358 1934 potestate
1386 1880 1505 1919 mea
1533 1866 1591 1918 in
1624 1864 1996 1933 Evangelium.

429 2050 509 2102 Ne
530 2049 852 2118 opinentur
870 2045 996 2102 haec
1019 2062 1153 2100 eum
1168 2050 1480 2118 propterea
1501 2046 1809 2118 scripsisse
1832 2047 2001 2119 quasi

350 2138 476 2209 jam
505 2135 678 2190 vellet
706 2135 766 2190 in
799 2141 1100 2207 posterum
1125 2135 1414 2206 accipere,
1439 2135 1679 2208 corrigit
1707 2136 1838 2191 hoc.
1875 2137 2000 2192 Non

360 2225 592 2296 scripsi,
627 2224 841 2296 inquit,
876 2225 1021 2291 haec,
1052 2231 1118 2279 ut
1147 2224 1228 2279 ita
1258 2223 1361 2280 ﬁat
1390 2225 1449 2280 in
1484 2241 1598 2292 me,
1657 2232 1798 2297 puta
1850 2225 2002 2282 sicut

353 2315 630 2386 exempla
659 2314 990 2386 requirunt,
1018 2313 1170 2369 sicut
1199 2314 1620 2386 Dominijussa
1649 2315 1998 2387 disponunt,

357 2420 572 2476 nempe
603 2409 668 2460 ut
697 2405 1002 2475 accipiam.
1025 2425 1052 2453 ‹‹
1086 2404 1292 2459 Melius
1316 2405 1473 2460 enim
1498 2410 1588 2461 est
1612 2405 1760 2462 mihi
1793 2404 2000 2461 mori.»

359 2494 500 2549 Vide
532 2511 664 2550 cum
697 2500 923 2566 quanta
979 2494 1352 2550 vehementia
1401 2495 1655 2567 refugiat
1708 2496 1998 2568 accipere.

353 2585 579 2651 Melius,
614 2584 828 2655 inquit,
863 2590 953 2638 est
983 2585 1130 2639 mihi
1165 2584 1338 2641 mori.
1375 2600 1590 2655 nempe
1613 2585 1788 2647 fame,
1823 2601 2001 2656 quam

356 2681 422 2730 ut
451 2675 645 2729 inanis
669 2681 727 2729 et
753 2689 902 2729 vana
919 2673 1020 2728 ﬁat
1049 2673 1323 2744 gloriatio
1355 2689 1486 2744 quae
1518 2674 1590 2728 de
1615 2674 1726 2729 hac
1773 2689 1835 2728 re
1889 2679 2001 2729 est.

357 2765 436 2820 Ne
468 2764 600 2835 quis
623 2763 780 2818 enim
801 2763 957 2817 dicat
971 2762 1126 2834 quod
1146 2779 1278 2817 cum
1302 2778 1421 2816 non
1458 2762 2005 2833 accipiat,tristatur

360 2869 500 2907 sane
527 2859 586 2907 et
616 2852 866 2924 graviter
891 2851 1004 2907 fert
1035 2850 1194 2922 quod
1226 2867 1346 2905 non
1376 2851 1781 2923 accipiat,rem
1812 2852 2001 2923 ipsam

356 2947 523 2996 vocat
577 2939 1014 3013 gloriationem.
1048 2938 1372 2994 ostendens
1403 2939 1682 3014 gaudium
1734 2947 1791 2995 et
1813 2942 2000 2998 animi

355 3030 720 3086 alacritatem
746 3045 922 3100 super
947 3045 1014 3085 eo
1037 3029 1195 3101 quod
1217 3029 1561 3094 fiebatQuis
1575 3031 1735 3086 enim
1766 3030 2002 3088 inanem

2115 1865 2561 1940 καταχρήσασθαι
2591 1865 2660 1928 τῇ
2692 1860 2903 1934 ἐξουσίᾳ
2935 1881 3041 1935 μου
3071 1859 3125 1916 ἐν
3155 1865 3233 1933 τῷ
3264 1857 3630 1936 Εὐαγγελίῳ.

2184 2048 2296 2106 ’Ὶνα
2328 2047 2403 2120 μὴ
2436 2044 2706 2113 νομίσωσι
2765 2040 2854 2098 διὰ
2908 2046 3071 2100 τοῦτο
3128 2041 3291 2099 αὐτὸν
3343 2044 3523 2096 ταῦτα
3582 2058 3786 2115 γεγρα-

2113 2136 2340 2216 φηκέναι
2374 2135 2450 2196 ὡς
2493 2133 2833 2209 βουλόμενον
2887 2130 3088 2206 ἀπάρτι
3134 2135 3232 2186 τοῦ
3281 2129 3496 2187 λοιποῦ
3552 2123 3778 2216 loide-

2114 2214 2246 2294 νειν,
2277 2220 2591 2299 διορθοῦται
2624 2221 2772 2276 αὐτό.
2831 2245 2858 2272 α
2896 2220 3012 2277 Οὐκ
3071 2218 3281 2296 ἔγραψα
3326 2223 3504 2274 ταῦτα
3548 2217 3644 2273 ’ἱνα
3692 2214 3782 2273 0’5-

2113 2335 2246 2380 τως,
2277 2312 2432 2392 φησὶ,
2462 2313 2680 2387 γενηται
2714 2310 2766 2366 ἐν
2798 2309 2948 2383 ἐμοὶ,
2985 2332 3013 2360 »
3043 2309 3316 2366 τουτέστιν
3353 2309 3428 2372 ὡς
3482 2310 3556 2365 τὰ
3607 2322 3779 2380 παρα-

2117 2403 2382 2482 δείγματα
2451 2401 2730 2480 βούλεται,
2793 2401 2868 2462 ὠς
2930 2401 2985 2455 αἱ
3044 2404 3140 2456 τοῦ
3199 2399 3403 2476 Κυρίου
3485 2397 3770 2468 διατάξεις,

2117 2492 2347 2551 οἶονῗνα
2377 2488 2667 2564 λαμϐάνω.
2740 2489 2982 2550 «Καλὸν
3039 2492 3144 2565 γάρ
3201 2510 3296 2561 μοι
3359 2487 3581 2563 μᾶλλον
3639 2488 3766 2543 ἁπο-

2117 2591 2316 2652 θανεῖν.
2355 2611 2373 2634 ι
2430 2587 2574 2659 Ἦρα
2632 2583 2768 2656 μετὰ
2827 2582 3000 2648 πόσης
3055 2581 3118 2636 τὸ
3179 2575 3368 2637 λαϐεῖν
3429 2579 3760 2658 διακροῦεται

2116 2674 2507 2754 σφοδρότητος.
2543 2701 2568 2726 ι‹
2608 2673 2788 2729 Καλόν
2822 2694 2938 2747 μοι,
2972 2673 3127 2749 φησῖ.
3155 2670 3370 2745 μᾶλλον
3397 2673 3690 2728 ἀποθανεῖν.
3729 2695 3752 2719 κ

2118 2768 2233 2820 οἷον
2267 2764 2442 2838 λιμῷ,
2473 2764 2508 2834 ἢ
2535 2763 2625 2817 ’ἱνα
2653 2765 2863 2834 κενωθῇ
2915 2762 3007 2817 καὶ
3069 2762 3292 2834 μάταιόν
3359 2782 3465 2832 μου
3518 2763 3576 2816 τὸ
3622 2761 3740 2831 ὑπὲρ

2115 2857 2310 2912 τούτου
2341 2857 2566 2929 γενηται
2593 2853 2878 2929 καύχημα.
2907 2857 3018 2908 Ἵνα
3068 2853 3171 2927 γὰρ
3235 2854 3312 2927 μή
3365 2875 3445 2912 τις
3478 2852 3619 2925 λέγῃ,
3652 2848 3720 2902 ὅτι

2118 2947 2181 3005 Ei
2222 2945 2312 3001 καὶ
2375 2946 2449 3017 μή
2509 2938 2802 3014 λαμϐάνει,
2859 2945 3057 3015 ἀθυμεῖ
3115 2943 3299 3017 μεντοι
3359 2941 3440 2997 καὶ
3489 2938 3720 3010 ἀδημονεῖ

2117 3037 2199 3110 ἐφ’
2246 3038 2328 3098 οἷς
2387 3033 2448 3090 οὐ
2501 3028 2791 3106 λαμϐάνει,
2849 3032 3115 3108 καύχημα
3175 3032 3236 3086 τὸ
3296 3037 3522 3109 πρᾶγμα
3566 3027 3726 3094 καλεῖ,

354 3121 696 3177 redditurus
727 3126 885 3177 esset
917 3121 1081 3175 Pauli
1139 3120 1552 3192 gloriationem
1585 3121 1741 3188 ?Qui
1774 3122 2001 3194 aliquid

2123 3125 2327 3188 δεικνὺς
2355 3127 2455 3196 τήν
2487 3124 2620 3199 ὑπὲρ
2677 3127 2775 3177 τοῦ
2830 3122 3122 3197 γινομένου
3177 3121 3352 3197 χαρὰν
3415 3120 3505 3176 καὶ
3564 3119 3746 3194 προθο-

362 3210 474 3283 ipsi
499 3208 902 3266 contribueret
922 3208 994 3264 ad
1015 3210 1415 3283 Evangelium.
1442 3232 1471 3260 ‹‹
1501 3211 1731 3267 Etenim
1755 3212 1802 3267 si
1826 3212 2006 3268 Evan-

364 3300 586 3372 gelium
624 3297 959 3370 praedicem.
980 3299 1196 3371 inquit.
1228 3317 1349 3356 non
1380 3305 1470 3355 est
1494 3300 1652 3371 quod
1708 3301 1947 3374 glorier.
1980 3321 2010 3351 »

366 3387 517 3454 Quid
543 3393 634 3442 est
680 3387 898 3458 ergoin
933 3404 1050 3457 quo
1081 3388 1356 3460 glorieris
1389 3388 1416 3445 Ἰ
1469 3394 1672 3460 posset
1716 3389 2013 3460 quispiam

365 3478 480 3551 ipsi
513 3477 730 3532 dicere.
757 3475 1106 3549 Subjungit:
1137 3478 1208 3533 Ut
1239 3477 1299 3532 id
1330 3478 1586 3533 efficiam
1608 3495 1724 3548 quo
1755 3480 2018 3551 Evange-

372 3568 521 3624 lium
554 3567 682 3622 sine
715 3572 954 3638 sumptu
985 3567 1235 3631 sit.Quid
1259 3584 1394 3636 ergo
1418 3568 1445 3623 ‘?
1465 3585 1541 3622 an
1573 3568 1685 3622 hoc
1715 3569 1908 3638 majus
1929 3573 2019 3624 est

377 3674 552 3730 quam
586 3645 966 3729 Evangelium
1027 3657 1348 3728 pradicare
1378 3657 1405 3713 Ἰ
1453 3673 1832 3730 nequaquam
1867 3674 1880 3712 :
1916 3657 2020 3714 sed

375 3746 684 3804 definitum
714 3751 804 3800 est
834 3751 899 3799 ut
937 3761 1004 3800 ex
1036 3746 1326 3817 Evangelii
1361 3746 1780 3818 praedicatione
1802 3747 2014 3802 alerer:

376 3836 533 3908 quod
555 3842 752 3890 autem
779 3835 907 3890 sine
931 3841 1172 3906 sumptu
1194 3835 1305 3891 hoc
1335 3835 1547 3891 faciam
1579 3852 1726 3906 opus
1759 3841 1849 3891 est
1873 3853 2018 3891 mem

372 3925 765 3982 liberalitatis.
801 3947 828 3973 «
856 3927 979 3980 Non
1011 3931 1102 3980 est
1127 3925 1284 3997 quod
1314 3925 1546 3997 glorier.
1561 3925 2020 3982 »Gloriationem

375 4017 535 4071 enim
581 4015 726 4071 dicit
754 4020 821 4071 ut
851 4015 976 4086 ipse
1007 4032 1075 4070 ex
1118 4015 1359 4086 prepria
1388 4014 1742 4071 liberalitate
1776 4016 1833 4071 id
1868 4033 2019 4087 prte-

375 4110 491 4160 stet
521 4122 534 4160 :
560 4121 698 4160 nam
730 4121 845 4175 quo
879 4104 1112 4160 Domini
1135 4111 1495 4177 praeceptum
1515 4111 1794 4178 tanquam
1827 4106 2021 4162 ﬁdelis

377 4211 578 4249 servus
631 4199 1006 4266 exsequatur,
1040 4209 1158 4248 non
1209 4194 1509 4250 existimat
1537 4193 1610 4248 ad
1662 4211 1834 4250 suum
1865 4212 2022 4265 prae-

378 4284 606 4341 clarum
635 4285 868 4341 facinus
894 4283 1216 4356 pertinere.
1249 4283 1484 4338 Audivit
1521 4282 1680 4339 enim
1705 4284 2020 4340 Dominum

377 4375 881 4442 dicentem,«Cum
907 4373 1166 4431 feceritis
1188 4374 1386 4428 omnia
1409 4389 1539 4445 qua)
1561 4379 1857 4446 praecepta
1887 4381 2026 4431 sunt

377 4466 766 4524 vobis.dicite:
796 4465 948 4521 Servi
974 4463 1215 4519 inutiles
1248 4479 1473 4529 sumus,
1507 4463 1664 4536 quod
1705 4464 2020 4520 debuimus

377 4556 570 4612 facere
601 4555 849 4611 fecimus
872 4555 952 4607 ‘.»
983 4554 1120 4619 Quae
1143 4569 1280 4625 ergo
1311 4552 1579 4626 gloriatio
1611 4554 1659 4608 si
1681 4554 1898 4610 factum
1931 4561 2022 4611 est

382 4642 538 4714 quod
571 4642 697 4697 fieri
731 4642 993 4713 oportuit
1010 4641 1068 4696 Ἱιι
1087 4641 1419 4698 Necessitas
1439 4642 1599 4697 enim
1621 4643 1767 4698 mihi
1791 4643 2020 4701 incum-

380 4730 485 4786 bit.
522 4752 550 4781 »
577 4731 866 4797 Quoniam
890 4731 1156 4787 Christus
1179 4731 1620 4804 prmcepit.«Vze
1651 4739 1846 4788 autem
1872 4734 2017 4790 mihi

383 4825 472 4877 est
492 4820 606 4875 nisi
632 4820 1007 4893 Evangelium
1037 4821 1374 4893 praedicem.
1394 4822 1579 4878 n508
1601 4823 2020 4896 Transgredior

382 4911 538 4968 enim
600 4909 833 4966 Domini
889 4916 1202 4983 praecepta.
1237 4912 1434 4966 «Nam
1486 4910 1533 4965 si
1562 4910 1872 4969 ultroneus
1909 4913 2020 4968 hoc

375 4999 944 5072 faciam,»quidnam
971 5000 998 5056 ?
1025 5006 1087 5055 ut
1105 5001 1288 5074 gratis
1314 5017 1531 5072 ponam
1557 4999 1676 5057 sive
1705 5001 2022 5072 praedicem

377 5091 777 5166 Evangelium,
816 5112 842 5142 α
871 5090 1186 5146 Praemium
1211 5091 1395 5146 habeo
1420 5109 1433 5147 :
1461 5113 1489 5141 ››
1514 5091 1655 5161 quia
1678 5107 1813 5146 cum
1847 5091 2024 5148 etiam

376 5182 716 5254 permiserit
746 5181 1032 5237 Dominus
1058 5188 1358 5253 sumptum
1381 5181 1671 5253 accipere.
1704 5197 1824 5236 non
1857 5198 2025 5237 acce-

379 5273 454 5342 pi.
492 5304 556 5313 —
589 5277 700 5328 Aut
732 5271 832 5327 hoc
861 5272 1192 5328 modo.l\’am
1218 5271 1262 5325 si
1289 5271 1664 5342 Evangelium
1701 5271 2023 5342 praedicare

378 5363 492 5418 mei
520 5363 937 5419 essetomnino
963 5361 1228 5420 liberalis
1246 5361 1452 5421 animi.
1477 5366 1536 5416 et
1566 5358 1728 5417 nulla
1759 5361 1899 5417 mihi
1935 5361 2026 5416 in-

376 5451 682 5508 cumberet
738 5453 1028 5510 Dominici
1088 5451 1367 5524 praecepti
1412 5451 1487 5507 ad
1522 5450 1634 5506 hoc
1673 5449 2022 5519 necessitas,

450 5602 471 5635 ‘
499 5584 631 5656 Luc.
669 5617 796 5672 m1,
834 5607 918 5656 10.

2120 3215 2269 3290 μίαν.
2336 3215 2430 3278 Τίς
2486 3212 2588 3288 γὰρ
2649 3210 2864 3285 ἤμελλε
2900 3215 3125 3267 κενῶσαι
3181 3210 3244 3265 τὸ
3298 3210 3571 3285 καύχημα
3624 3203 3755 3265 [11'5-

2118 3303 2256 3374 λου;
2331 3305 2392 3362 Ὁ
2468 3303 2724 3376 παρέχων
2799 3322 2853 3355 τι
2929 3301 3079 3372 αὐτῷ
3156 3298 3232 3363 εἶς
3304 3299 3369 3354 τὸ
3423 3297 3757 3372 Εὐαγγελιον.

2125 3419 2153 3447 ι(
2184 3394 2305 3449 Ἐὰν
2336 3393 2437 3467 γὰρ
2470 3387 2930 3464 εὐαγγελίζωμαι,
2965 3389 3152 3466 φησὶν,
3185 3387 3282 3444 οὐκ
3324 3382 3438 3443 ἔστι
3490 3409 3588 3458 μοι
3641 3383 3764 3440 καύ-

2123 3502 2302 3558 χημα.
2341 3505 2368 3533 ››
2399 3482 2466 3538 Τί
2499 3483 2588 3536 οὖν
2621 3477 2728 3534 ἐστί
2763 3498 2849 3533 σοι
2898 3479 3208 3553 καύχημας
3269 3475 3413 3533 ε’ίποι
3472 3497 3559 3538 τις
3606 3476 3763 3544 αὐτῷ·

2122 3570 2326 3646 ἐπάγει,
2388 3569 2467 3627 Τὸ
2535 3566 2804 3624 ὀδὰπανον
2889 3569 3115 3635 ποιῆσαι
3168 3567 3231 3622 τὸ
3289 3564 3662 3643 Εὐαγγέλιονπ
3706 3559 3768 3619 Τί

2124 3659 2252 3727 οὖν;
2309 3664 2470 3715 τοῦτο
2531 3663 2628 3714 τοῦ
2686 3655 3125 3731 εὐαγγελίζεσθαι
3183 3661 3417 3729 μεῖζον;
3478 3655 3772 3728 Οὐμενοῦν,

2125 3748 2270 3806 ἀλλὰ
2327 3750 2389 3805 τὸ
2469 3747 2908 3822 εὐαγγελίζεσθαι
2993 3746 3260 3820 opt-10m,
3347 3745 3770 3819 ἐπιτέτραμμαι”

2122 3850 2186 3895 τὸ
2242 3836 2298 3893 δὲ
2350 3835 2664 3897 ἀδαπάνως.
2720 3837 2859 3908 ἐμῆς
2931 3834 3254 3916 φιλοτιμίας
3338 3830 3512 3909 ἔργος.
3578 3857 3599 3884 ι
3663 3832 3771 3891 Οὐκ

2125 3923 2236 3984 ἔστι
2267 3948 2360 4003 μοι
2393 3927 2680 4001 καύχημα.
2715 3949 2743 3976 »
2785 3957 2854 3968 --
2911 3928 3201 3999 [ΟΙΚΟΥΜ
3232 3926 3250 3998 ]
3307 3926 3592 4002 Καύχημα
3650 3921 3769 3996 γὰρ.

2126 4018 2313 4092 φησὶν,
2373 4016 2402 4072 6'
2455 4016 2616 4077 αὐτὸς
2668 4013 2718 4086 ἐξ
2776 4014 2979 4076 οἰκείας
3067 4012 3385 4088 φιλοτιμίας
3476 4008 3768 4067 ἐπιδείκνυ-

2125 4128 2235 4174 ται,
2282 4109 2385 4177 τὴν
2445 4103 2502 4161 ὃὶ
2560 4105 2891 4172 Δεσποτικήν
2952 4103 3209 4178 ἐπιναγήν
3279 4103 3354 4166 ὡς
3419 4098 3620 4163 δοῦλος
3685 4121 3765 4155 πι-

2129 4198 2275 4265 στὸς,
2335 4195 2396 4251 οὐ
2454 4193 2813 4269 λογιζόμενος
2867 4193 3059 4249 εἷκεῖον
3136 4193 3487 4268 κατόρθωμα.
3541 4193 3771 4248 ’Ἤκουσε

2128 4292 2232 4368 γὰρ
2278 4293 2375 4345 τοῦ
2437 4288 2707 4345 Δεσπότου
2767 4287 3041 4363 λὲγοντος·
3102 4308 3124 4336 ι
3172 4290 3329 4340 Ὅταν
3389 4285 3566 4340 πάντα
3627 4285 3776 4352 ποιή-

2129 4401 2283 4452 σητε,
2344 4379 2550 4452 λέγετε,
2596 4379 2679 4432 δτι
2729 4379 2979 4456 Ἀχρεῖοι
3029 4373 3218 4432 δοῦλοί
3267 4374 3451 4448 ἐσμεν,
3485 4375 3515 4429 δ
3545 4373 3777 4452 ὠφείλο-

2134 4491 2228 4543 μεν
2274 4475 2525 4538 ποιῆσαι,
2585 4468 2984 4539 πεποιήκαμεν.
3021 4489 3050 4518 ››
3109 4469 3274 4521 Ποῖον
3330 4464 3421 4519 οὗν
3488 4465 3772 4542 καύχημα,

2127 4558 2188 4614 τὸ
2235 4558 2373 4613 κατὰ
2428 4555 2594 4633 χρὲος
2669 4556 2999 4633 γινόμενονς
3077 4576 3108 4604 ‹‹
3183 4554 3418 4627 Ἀνάγκη
3495 4553 3604 4627 γάρ
3682 4569 3769 4624 μοι

2127 4647 2414 4718 ἐπίκειται,
2522 4669 2544 4697 ι
2627 4642 2812 4713 ἐπειδὴ
2843 4643 3070 4718 Χριστὸς
3145 4640 3464 4698 ἐνετείλατο.
3543 4665 3572 4693 ‹‹
3649 4636 3776 4697 Οὐαὶ

2130 4735 2187 4794 δέ
2242 4737 2336 4811 μοί
2411 4737 2572 4801 ἔστιν,
2652 4735 2742 4790 ἐὰν
2823 4735 2898 4807 μὴ
2978 4729 3444 4810 εὐαγγελίζωμαιο
3490 4754 3518 4783 ››
3598 4735 3776 4803 Παρα⁶

2130 4823 2297 4884 ϐαίνω
2329 4827 2431 4906 γὰρ
2460 4827 2554 4888 τὰς
2585 4823 2809 4886 ἐντολὰς
2864 4826 2962 4878 τοῦ
3021 4821 3247 4897 Κυρίου.
3305 4845 3334 4873 ‹‹
3369 4818 3436 4877 Eii
3483 4821 3588 4894 γὰρ
3646 4819 3773 4874 ἑκὼν

2129 4922 2288 4974 τοῦτο
2339 4917 2564 4988 πράσσω
2623 4937 2647 4969 ι
2709 4919 2930 4987 (ποῖον;
2991 4912 3052 4967 τὸ
3110 4909 3380 4967 ἀδάπανον
3436 4909 3646 4973 τιθὲναι
3710 4906 3767 4961 τὸ

2131 5004 2502 5082 Εὐαγγὲλιον),
2565 5028 2592 5056 ‹‹
2629 5005 2820 5075 μισθὸν
2889 5001 3028 5079 ἔχω,
3063 5024 3091 5052 »
3148 5000 3234 5058 ὅτι
3287 5021 3376 5054 και
3430 5002 3527 5054 τοῦ
3583 4997 3776 5071 Κυρίου

2133 5091 2433 5168 λαμϐάνειν
2494 5094 2901 5167 ἐπιτρέψαντος,
2961 5091 3060 5147 οὐκ
3105 5089 3331 5170 εἷ’ληφα.
3365 5121 3433 5132 -
3462 5091 3533 5144 ’Ἠ
3583 5087 3772 5145 οὕτως·

2134 5187 2197 5244 Εἰ
2229 5187 2331 5259 γὰρ
2385 5186 2448 5240 τὸ
2499 5183 2787 5258 κηρύσσειν
2839 5184 2903 5238 τὸ
2957 5179 3313 5255 Εὐαγγὲλιον,
3368 5185 3466 5247 τῆς
3517 5177 3655 5248 ἐμῆς
3710 5174 3770 5242 ἦν

2134 5275 2280 5336 ὅλως
2312 5273 2653 5352 φιλοτιμίας,
2685 5274 2773 5328 καὶ
2810 5269 3041 5343 οὐδεμία
3073 5291 3168 5342 μοι
3200 5269 3403 5342 ἀνάγκη
3438 5266 3498 5323 ἐκ
3537 5269 3637 5334 τῆς
3684 5273 3770 5320 Δε-

2134 5372 2400 5432 σποτικῆς
2431 5360 2658 5428 ἐντολῆς
2707 5362 2974 5426 ἐπέκειτο,
3027 5359 3253 5420 εἷκίτως
3309 5357 3398 5411 ἐπὶ
3462 5355 3638 5427 τούτῳ
3697 5373 3775 5426 pt-

2135 5456 2260 5519 σθὸν
2301 5452 2463 5527 μεγαν
2496 5451 2754 5524 ἤλπιζον,
2775 5451 2866 5508 καὶ
2907 5451 3032 5520 δξῆν
3069 5470 3162 5521 μοι
3193 5448 3278 5509 ὡς⁴
3327 5444 3414 5501 ἐπὶ
3484 5441 3607 5516 ἰδίῳ
3653 5460 3768 5496 κατ-
