4068 6254
297 487 588 564 ορθὼματι
659 491 982 564 καυχᾶσθαι.
1041 487 1106 546 Εἰ
1201 485 1271 545 δὶ,
1316 488 1390 552 ὡς

296 578 609 642 πιστευθεὶς
687 579 777 634 καὶ
879 579 1116 653 ἀνέγκην
1171 573 1317 653 ἔχων
1408 579 1734 652 ὑπηρετεῖν,
1801 584 1962 634 τοῦτο

299 669 555 743 πράσσιυ,
589 668 690 725 ούκ
719 665 800 725 ἔτι
832 667 1027 743 ὅμοιος
1089 670 1117 724 ὁ
1178 669 1370 743 μισθὸς
1425 666 1638 738 ἕπεται,
1673 666 1790 724 οὐδ’
1820 668 1960 726 ἔστιν

299 759 395 815 ἐπὶ
435 759 613 831 τούτῳ
643 763 975 832 καυχᾶσθαι.
1013 756 1133 815 Ἑπῖ
1163 758 1267 812 τίνι
1328 755 1420 813 οὖν
1483 758 1596 814 ἐστι
1648 759 1902 833 λαμπρὸς
1936 760 1962 814 ὁ

303 849 502 925 μισθὸς
527 849 616 903 καὶ
650 849 713 903 τὸ
743 848 1011 924 καύχημτ
1058 848 1222 927 ;Ἐφ’
1282 848 1328 918 ᾧ
1380 848 1670 920 κηρύσσειν
1735 850 1828 921 μὲν
1886 850 1961 910 ὡς

297 938 655 1016 προσετάγην
691 939 754 994 τὸ
791 936 1136 1013 Εὗαγγέλιον,
1190 935 1358 1012 μηδέν
1408 936 1465 992 δὶ
1524 937 1584 993 ἐκ
1639 943 1736 994 τοῦ
1791 939 1961 1010 κηρύ-

299 1051 541 1108 γματος,
580 1025 712 1102 μηδ’
741 1028 867 1083 ’ὀσον
936 1027 1144 1100 ἁποζῇν
1187 1022 1506 1099 λαμϐάνειν,
1559 1026 1706 1084 ἀλλὰ
1753 1025 1959 1083 damni.

296 1142 413 1183 νωπτ
439 1119 529 1175 καὶ
565 1115 770 1186 δωρεάν
806 1119 1094 1193 ὑπηρετεῖν
1145 1121 1213 1190 τῇ
1247 1114 1518 1189 διακονίᾳ.
1561 1141 1587 1171 α
1631 1119 1698 1174 Εἴ
1735 1115 1789 1173 δὲ
1817 1116 1962 1174 ἄκων

298 1207 762 1287 εύαγγελίζομαι.
802 1233 824 1261 ι
859 1208 1042 1263 ’Ἀκων
1075 1203 1130 1262 δὲ
1161 1204 1330 1283 λέγει,
1363 1208 1448 1263 ὃτι
1481 1207 1580 1262 ούκ
1612 1207 1777 1264 αὐτοῦ
1800 1206 1958 1284 ἔργον

299 1303 336 1370 ἡ
409 1296 701 1376 φιλοτιμία
751 1300 848 1353 τοῦ
905 1296 1283 1374 κηρύγματος,
1345 1293 1490 1352 ἀλλὰ
1561 1301 1657 1352 τοῦ
1717 1301 1960 1376 Xylin-:0"):

298 1389 561 1465 ἐπιταγή.
597 1387 713 1445 Ούκ
741 1387 907 1453 ε’πεν,
940 1385 1050 1442 Οόκ
1079 1383 1194 1460 ἔχω
1236 1386 1450 1459 μισθὸν,
1505 1386 1579 1448 ὡς
1638 1384 1772 1451 ἂνω,
1830 1373 1959 1443 ἀλλ’

300 1474 692 1549 «Ὀῖκονομίαν
723 1475 1101 1551 πεπίστευμαι·
1162 1500 1190 1526 ››
1249 1472 1456 1540 δεικνὺς
1513 1477 1595 1531 ὅτι
1655 1477 1746 1531 καὶ
1795 1481 1958 1534 τοῦτο

302 1569 519 1644 μισθὸς,
578 1565 704 1622 ἀλλ’
763 1566 875 1642 οὐχ
932 1566 1052 1628 οἶος
1108 1563 1328 1630 ἐκεῖνος,
1358 1565 1421 1620 τὸ
1464 1562 1756 1628 ἀδαπάνως
1786 1566 1959 1641 κηρύ-

292 1657 403 1729 ξαι.
438 1689 507 1699 -
545 1656 613 1712 "ll
677 1652 873 1716 οὕτως.
934 1653 1284 1730 [ΟΙΚΟΥΜ.]
1345 1652 1407 1708 Ei
1452 1655 1546 1727 μέν
1605 1653 1740 1709 ἑκὼν
1795 1659 1956 1710 τοῦτο

293 1745 552 1821 πράσσω,
591 1743 653 1798 τὸ
688 1739 957 1798 ἀδάπανον
987 1741 1191 1806 τιθέναι
1245 1744 1307 1797 τὸ
1370 1739 1726 1816 Εὖαγγέλιον,
1764 1745 1954 1816 μισθὸν

1299 355 1715 421 COMMENT.
1765 358 1840 418 IN
1883 357 2185 422 EPISTJ
2229 360 2332 419 AD
2364 357 2733 421 CORINTH.

1459 485 1735 544 διακονίαν
1781 510 1950 546 κατα-

2073 493 2283 550 merito
2313 497 2556 565 propter
2584 492 2696 550 hoc
2726 507 3008 565 magnum
3038 507 3335 564 sperarem
3376 488 3711 562 praemium,

3595 351 3715 414 766

2071 590 2130 638 et
2159 584 2364 639 liceret
2398 583 2540 638 mihi
2577 590 2856 654 tanquam
2891 582 2950 635 in
2983 582 3218 653 proprio
3253 597 3428 652 opere
3480 581 3708 653 egregio

2068 673 2308 745 gloriari
2347 673 2402 727 Si
2423 689 2554 727 vero
2583 672 2758 727 veluti
2787 671 3126 727 concredito
3158 670 3299 724 mihi
3355 670 3706 738 ministerio,

2069 763 2489 818 etnecessitalte
2508 762 2883 816 ministrandi
2901 760 3332 815 subexsistente
3348 759 3706 824 hocfaciam,

2061 853 2187 923 jam
2221 869 2340 906 non
2374 852 2568 907 simile
2604 851 2872 922 sequitur
2902 851 3234 921 prmmium,
3270 866 3460 922 neque
3492 851 3709 906 licetin

2069 942 2178 999 hoc
2209 941 2468 1012 gloriari.
2503 943 2568 996 In
2599 957 2714 1014 quo
2747 957 2882 1013 ergo
2915 945 3005 994 est
3038 939 3324 1011 praeclara
3380 955 3607 994 merces
3654 944 3714 994 et

2067 1032 2338 1105 gloriatio
2361 1032 2388 1088 ‘2
2420 1035 2482 1089 In
2516 1050 2583 1087 eo
2617 1032 2773 1104 quod
2807 1049 2938 1087 cum
2965 1031 3347 1104 Evangelium
3403 1037 3469 1086 ut
3503 1033 3708 1102 jussus

2070 1139 2198 1178 sum
2231 1122 2693 1194 prmdicaverim.
2727 1121 2880 1177 nihil
2913 1129 3108 1176 tamen
3161 1136 3229 1177 ex
3286 1120 3706 1192 praedicatione

2068 1215 2417 1286 acceperim.
2453 1231 2526 1270 ne
2559 1222 2786 1270 tantum
2820 1215 3062 1287 quidem
3093 1221 3160 1270 ut
3188 1213 3326 1268 inde
3357 1214 3546 1268 vivere
3569 1230 3706 1286 pos-

2069 1321 2194 1360 sem
2230 1322 2242 1358 :
2277 1303 2380 1359 sed
2409 1305 2537 1360 sine
2556 1311 2796 1376 sumptu
2827 1311 2884 1358 et
2911 1304 3091 1376 gratis
3119 1319 3314 1360 meum
3339 1302 3707 1359 exhibuerim

2066 1393 2490 1450 ministerium.
2516 1419 2540 1440 ια
2575 1394 2629 1449 Si
2653 1401 2849 1450 autem
2874 1410 2993 1448 non
3010 1393 3315 1448 ultroneus
3347 1413 3374 1440 ››
3397 1394 3511 1445 Νοη
3531 1392 3710 1448 ultro-

2065 1499 2204 1539 nius
2235 1482 2396 1548 dicit,
2430 1482 2571 1552 quia
2603 1498 2722 1537 non
2755 1499 2926 1537 suum
2953 1499 3101 1552 opus
3133 1487 3223 1537 est
3252 1481 3449 1536 oblata
3478 1481 3709 1536 exhibi-

2067 1574 2147 1628 tio
2181 1572 2641 1645 praedicationis.
2705 1572 2807 1627 sed
2867 1572 3080 1627 Christi
3140 1578 3522 1644 prmceptum.
3581 1576 3710 1630 Non

2065 1661 2250 1718 dixit:
2285 1663 2410 1717 Non
2440 1661 2628 1719 habeo
2660 1661 2992 1733 praemium,
3027 1662 3180 1716 sicut
3239 1661 3552 1733 superius;
3604 1658 3709 1714 sed

2067 1773 2094 1801 ιι
2127 1751 2500 1822 Dispensatio
2557 1751 2703 1806 mihi
2761 1752 3074 1808 commissa
3133 1756 3265 1817 est;
3328 1772 3354 1800 ››
3387 1750 3707 1806 ostendens

291 1833 439 1909 ἔχω.
474 1832 537 1889 Εἰ
572 1829 629 1888 δὲ
648 1831 819 1901 ἄκων,
855 1829 979 1886 οὐδὲ
1007 1830 1180 1894 οὕτως
1213 1829 1557 1910 σφάλλομαι,
1584 1833 1650 1890 Τί
1683 1831 1748 1902 δή
1783 1853 1954 1903 ποτε;

2071 1840 2222 1912 quod
2252 1841 2427 1896 etiam
2463 1840 2576 1896 hoc
2605 1841 2913 1911 praemium
2944 1840 3158 1897 habeat
3191 1857 3204 1896 :
3238 1840 3342 1897 sed
3373 1857 3492 1897 non
3533 1841 3709 1911 quale

293 1922 620 1994 οἶκονομίαν
681 1922 788 2000 γᾶρ
833 1919 1224 1997 πεπίστευμαι.
1284 1919 1421 1984 Τοὺς
1486 1919 1544 1978 δὲ
1592 1922 1850 1994 τοιαύτην
1885 1921 1960 1978 οἷ-

301 2011 565 2086 κονομέαν
624 2007 1110 2084 πεπιστευμένους,
1166 2006 1337 2083 ἔξεστι
1402 2005 1720 2085 λαμϐάνειν.
1767 2012 1828 2070 Ὁ
1855 2014 1955 2089 γὰρ

297 2104 512 2178 Κύριος
543 2098 840 2176 προσέταξε
880 2105 1001 2164 τοῖς
1055 2101 1117 2156 τὸ
1158 2098 1497 2173 Εὖαγγέλιον
1564 2100 1956 2177 κηρύσσουσιν,

297 2192 348 2266 ἐξ
384 2191 554 2249 αὐτοῦ
586 2190 807 2248 ἐσθίειν.
841 2187 954 2247 Τοῖ’)
986 2187 1064 2259 δὲ,
1098 2188 1238 2244 ἑκὼο
1268 2190 1357 2245 καὶ
1423 2186 1594 2261 ἄκων,
1650 2188 1785 2261 αὕτη
1838 2187 1956 2247 δια-

294 2285 458 2363 φορά·
521 2282 658 2339 ἑκὼν
726 2281 820 2354 μὶν
854 2324 870 2348 ,
940 2276 1062 2344 ἔνθα
1113 2280 1204 2335 καὶ
1279 2277 1551 2359 λογισμὸς
1623 2279 1956 2340 συνευδοκεῖ,

294 2367 521 2448 ἀϐαρῶς
553 2370 730 2450 φέρων
761 2370 852 2426 καὶ
885 2369 1096 2445 χαίρων
1126 2369 1214 2426 ἐπὶ
1258 2375 1337 2443 τῷ
1369 2371 1664 2448 γινομένῳ·
1697 2370 1840 2426 ἄκων
1875 2369 1951 2440 δὲ,

295 2459 426 2528 ἔνθα
469 2463 604 2536 μετᾶ
661 2461 781 2536 βίας
837 2459 928 2516 καὶ
993 2459 1234 2534 ἀνάγκης
1291 2457 1387 2515 τοῦ
1462 2459 1737 2537 λογισμοῦ
1793 2464 1954 2516 τοῦτο

300 2554 555 2626 πράσσει.
589 2575 617 2602 ‹‹
649 2550 744 2608 Τίς
806 2549 897 2605 οὖν
962 2548 1055 2624 μοί
1110 2547 1250 2604 ἐστιν
1312 2549 1340 2604 ὁ
1401 2550 1592 2624 μισθός
1621 2569 1635 2619 ς
1665 2575 1690 2601 ιο
1728 2547 1950 2619 Ἐπειδῆ

307 2642 534 2720 ἀσαφῶς
577 2639 800 2713 εἰρήκει,
860 2637 1050 2695 ἑαυτὸν
1106 2637 1415 2714 ἑρμηνεύει,
1474 2644 1630 2694 ποῖον
1690 2637 1836 2711 αὐτῷ
1889 2639 1952 2694 τὸ

281 2726 607 2802 ”καύχημα.
647 2751 674 2778 ι‹
728 2728 814 2791 Εἷς
869 2728 933 2782 τὸ
995 2729 1070 2800 μὴ
1139 2729 1584 2802 καταχρήσασθαι
1615 2731 1682 2800 τῇ
1741 2727 1954 2798 ἐξουσίᾳ

320 2838 452 2890 μου.
491 2840 514 2866 a
548 2817 808 2890 Ἐξουσῖαν
855 2815 1006 2895 λέγει
1074 2820 1383 2892 πανταχοῦ,
1427 2814 1635 2879 δεικνὺς
1694 2816 1776 2872 ὅτι
1830 2815 1953 2876 οὐδὲ

308 2907 360 2960 οἳ
406 2901 766 2976 λαμϐάνοντες
836 2903 1194 2987 σφάλλονται.
1255 2905 1533 2976 Ἔξουσίαν
1599 2908 1701 2980 γὰρ
1759 2901 1948 2982 ἔχουσι

292 2999 395 3049 τοῦ
427 2989 628 3051 λιιῦεἷν.
660 2998 796 3072 Ὅρα
827 2993 886 3052 δὲ
913 2997 1012 3064 τήν
1071 2990 1348 3068 ἀκρίϐειαν
1401 2995 1586 3059 αὐτοῦ,
1649 2995 1731 3050 ὅτι
1786 2995 1952 3052 κατεὶ-

291 3104 498 3160 γρησεν
523 3082 707 3155 λαλεῖ,
739 3087 838 3153 τήν
874 3084 1022 3147 ὅλως
1053 3091 1274 3160 χρῆσιν,
1315 3087 1431 3139 οἷον
1462 3085 1524 3140 τὸ
1556 3082 1704 3147 ὅλως
1737 3081 1948 3155 λαϐεῖν,

291 3174 356 3231 τὸ
389 3173 588 3236 ἄλλοις
616 3174 844 3246 ἀληθῶς
875 3175 1278 3251 ἀναμάρτητον,
1336 3177 1547 3248 ἡγεῖται
1604 3175 1768 3238 αὐτὸς
1821 3176 1946 3231 ἑαυ-

2069 1930 2172 1996 ibi,
2206 1946 2422 2002 nempe
2459 1931 2520 1984 in
2546 1930 2922 2002 praedicando
2944 1930 3070 1986 sine
3093 1935 3355 2001 sumptu.
3386 1961 3452 1971 —
3475 1931 3589 1988 Aut
3608 1931 3706 1985 hoc

2069 2019 2650 2091 modo—Siquidem
2689 2019 3000 2075 ultroneus
3048 2019 3158 2075 hoc
3211 2019 3445 2086 faciam,
3481 2023 3548 2076 ut
3579 2020 3707 2074 sine

2069 2113 2310 2180 sumptu
2340 2125 2555 2180 ponam
2587 2109 2992 2181 Evangelium,
3024 2109 3336 2181 praemium
3384 2108 3571 2164 habeo
3608 2128 3620 2162 ι
3657 2108 3707 2163 si

2065 2215 2199 2255 vero
2212 2215 2332 2253 non
2345 2199 3284 2272 ultroneus,nequeitadelinquo.
3309 2197 3708 2264 Quamobrem

2066 2288 2440 2358 Dispensatio
2472 2288 2627 2346 enim
2660 2289 2805 2344 mihi
2834 2289 3153 2344 commissa
3183 2294 3289 2344 est.
3351 2289 3451 2343 His
3508 2294 3706 2345 autem

2066 2377 2281 2449 quibus
2310 2377 2654 2446 hujusmodi
2678 2379 3042 2448 dispensatio
3069 2385 3390 2433 commissa
3420 2383 3509 2432 est
3563 2377 3705 2434 licet

2065 2466 2354 2536 accipere.
2378 2465 2523 2521 Nam
2550 2467 2837 2521 Dominus
2859 2467 3043 2537 jussit
3073 2472 3137 2521 ut
3165 2466 3266 2538 qui
3324 2466 3702 2538 Evangelium

2062 2555 2535 2627 praedicarentex
2554 2572 2622 2610 eo
2654 2555 2918 2610 ederent.
2954 2556 3112 2611 Inter
3141 2555 3478 2610 ultroneum
3501 2561 3700 2609 autem

2063 2650 2121 2700 et
2149 2661 2270 2700 non
2301 2645 2636 2700 ultroneum
2670 2645 2794 2700 hmo
2825 2649 2916 2698 est
2942 2645 3297 2706 differentia,
3333 2645 3488 2714 quod
3512 2644 3698 2700 ultro-

2062 2751 2209 2790 neus
2233 2733 2472 2806 quidem
2504 2735 2601 2788 ubi
2633 2735 2850 2789 mentis
2881 2736 3131 2790 assentit
3159 2734 3702 2800 consideratiomon

2060 2823 2176 2878 fert
2201 2825 2471 2894 graviter.
2506 2823 2605 2880 sed
2637 2824 2852 2895 gaudet
2884 2824 2943 2878 in
2977 2840 3043 2879 eo
3075 2823 3232 2896 quod
3290 2824 3482 2894 agitur
3513 2839 3527 2877 ε
3579 2839 3699 2878 non

2060 2912 2369 2968 ultroneus
2401 2928 2533 2967 vero
2565 2912 2802 2968 dicitur.
2830 2913 2927 2967 ubi
2951 2929 3084 2968 cum
3109 2933 3122 2958 κ
3141 2912 3384 2966 iolentia
3407 2917 3464 2967 et
3494 2927 3701 2966 neces-

2062 3002 2233 3056 sitate
2264 3001 2512 3055 rationis
2543 3001 2654 3058 hoc
2680 3001 2838 3056 facit.
2879 3026 2896 3047 -
2933 3001 3095 3065 Quod
3129 3001 3305 3072 igitur
3358 3001 3504 3056 mihi
3561 3017 3705 3071 prte-

2062 3090 2245 3144 mium
2269 3089 2296 3145 ?
2323 3115 2342 3137 υ
2374 3091 2661 3156 Quoniam
2687 3090 2934 3148 obscure
2957 3091 3205 3158 dixerat,
3227 3090 3491 3161 seipsum
3524 3091 3702 3144 inter-

2059 3185 2628 3252 pretaturqumnam
2646 3180 3154 3252 sibiglorialiosit,
3176 3201 3199 3230 α
3243 3182 3368 3235 Non
3401 3179 3700 3235 abutendo

288 3268 372 3334 τῷ
398 3244 722 3330 ἐπιϐλαϐὶς,
755 3263 865 3320 οὐκ
894 3244 990 3326 ὡς’
1029 3244 1320 3340 βλαϐερὸν,
1380 3244 1508 3320 ἀλλ’
1560 3265 1746 3319 ἑαυτὸν
1786 3263 1944 3338 ἀκρι-

2071 3244 2509 3340 meapotestate.
2536 3289 2565 3318 ››
2583 3244 2936 3325 Potestatem
2949 3269 3172 3342 ubique
3185 3268 3348 3334 dicit,
3383 3269 3705 3327 ostendens

289 3348 500 3422 ὅὶζιυν.
534 3355 625 3410 Ἐν
683 3357 764 3424 τῷ
821 3350 1169 3431 Εὗαγγελίῳ,
1228 3351 1551 3428 προσέθηκε,
1609 3350 1817 3416 δεικνὺς
1859 3355 1951 3409 τὸν

292 3440 622 3499 διδάσκοντα
653 3441 895 3518 ὀρείλειν
925 3436 1245 3515 λαμϐάνειν,
1278 3441 1368 3496 τὸν
1430 3441 1520 3496 καὶ
1577 3445 1860 3514 ποιοῦντα,
1892 3442 1954 3498 οὐ

297 3534 410 3608 μήν
443 3533 650 3587 καὶτὸν
683 3531 971 3609 ἀργοῦντα.

2063 3359 2216 3430 quod
2236 3374 2431 3428 neque
2445 3359 2505 3415 hi
2542 3359 2900 3432 delinquunt
2920 3361 3019 3432 qui
3042 3360 3362 3431 accipiunt,
3388 3376 3528 3416 nam
3553 3361 3707 3416 acci-

2062 3447 2263 3520 piendi
2299 3454 2649 3519 potestatem
2683 3449 2924 3504 habent.
2959 3449 3281 3504 Considera
3327 3466 3464 3504 vero
3520 3450 3707 3520 ipsius

2067 3543 2331 3592 exactam
2355 3537 2744 3612 diligentiam.
2766 3538 2910 3595 Nam
2941 3539 3191 3595 abusum
3242 3546 3409 3594 vocat
3437 3539 3707 3611 qualem-

299 3640 540 3696 cunque
572 3639 766 3688 usum,
801 3638 1014 3695 nempe
1072 3629 1380 3694 utcunque
1413 3622 1705 3696 accipere,
1741 3629 1798 3678 et
1827 3624 1984 3696 quod
2013 3641 2216 3681 revera
2249 3625 2382 3680 aliis
2415 3634 2721 3698 peccatum
2753 3644 2874 3683 non
2934 3628 3184 3695 inducit,
3245 3629 3544 3684 existimat
3597 3615 3738 3683 sibi-

298 3714 580 3772 nocivum
613 3729 775 3769 esse:
812 3728 930 3769 non
963 3712 1121 3786 quod
1149 3713 1422 3768 nocivum
1450 3713 1545 3781 sit,
1580 3713 1682 3768 sed
1714 3714 1976 3786 seipsum
2006 3715 2325 3787 diligenter
2356 3717 2692 3788 explorans.
2736 3717 2977 3773 Addidit
3028 3725 3226 3774 autem
3282 3721 3340 3772 in
3386 3718 3707 3787 Evangelia,

302 3803 628 3860 ostendens
659 3818 792 3858 eum
826 3803 926 3874 qui
959 3803 1131 3859 docet
1159 3802 1373 3858 debere
1405 3803 1692 3874 accipere.
1725 3819 1939 3875 nempe
1971 3805 2072 3878 qui
2100 3804 2346 3868 laborat,
2383 3823 2500 3860 non
2533 3823 2663 3862 eum
2701 3808 2797 3879 qui
2831 3807 3055 3862 otiosus
3087 3813 3193 3861 est.

351 3889 701 3966 ·Ἐλεύθερος
762 3891 863 3967 γΞιρ
921 3886 994 3944 ὢν
1062 3889 1122 3945 ἐκ
1172 3890 1415 3957 πάντων,
1482 3893 1641 3944 πᾶσιν
1726 3891 1958 3963 ἐμαυτὸν

301 3978 614 4046 ἐδούλωσα,
670 3977 764 4033 ’ίνα
817 3977 944 4040 τοὺς
1003 3977 1254 4040 πλείονας
1311 3975 1594 4053 κερδήσω.
1656 3979 1759 4036 Καὶ
1843 3978 1960 4056 ἐγε·

301 4072 486 4144 νόμην
545 4075 666 4131 τοῖς
726 4066 1014 4131 Ἰουδαίοις
1065 4069 1140 4131 ὡς
1201 4065 1486 4136 Ἰουδαῖος,
1529 4068 1618 4123 ἳνκ
1672 4067 1964 4132 Ἰουδαίους

301 4159 731 4239 κερδήσω,τοῖς
800 4159 904 4215 ὑπὸ
933 4158 1102 4231 νόμον
1163 4159 1239 4220 ὡς
1300 4158 1402 4214 ὑπὸ
1467 4159 1656 4232 νόμον,
1709 4156 1800 4213 ἵνα
1836 4157 1962 4220 τοὺς

308 4252 417 4307 ὑπὸ
445 4251 616 4322 νόμον
672 4245 947 4320 κερδήσω,
1007 4251 1124 4309 τοῖς
1186 4247 1412 4320 ἀνόμοις
1468 4248 1544 4309 ὡς
1601 4247 1825 4322 ἂνομος,
1887 4249 1962 4320 μὴ

309 4338 386 4397 ὢν
448 4341 650 4411 ἄνομος
706 4341 844 4411 Θεῷ,
902 4334 1031 4392 ἀλλ’
1107 4331 1333 4409 ἔννομος
1403 4341 1650 4412 Χριστῷτ
1699 4337 1787 4392 ἳνα
1841 4358 1969 4412 κερ-

310 4428 468 4500 δήσω
571 4428 826 4500 ἆνᾶμους.
923 4424 1222 4501 Ἐγενόμην
1303 4430 1419 4486 τοῖς
1528 4424 1796 4482 ἀσθενέσιν
1891 4427 1964 4489 ὡς

2143 3894 2762 3960 5041Χ,1923.Νηηι
2781 3911 2900 3949 cum
2944 3895 3011 3948 ab
3059 3897 3307 3951 omnibus
3357 3895 3492 3949 liber
3522 3910 3708 3963 essem,

2074 3984 2321 4037 omnibus
2338 3985 2598 4053 meipsum
2611 3999 2819 4038 servum
2841 3986 3040 4051 feci.ut
3060 3985 3246 4053 plures
3279 3985 3660 4052 lucrifacerem
3694 3999 3707 4039 :

2074 4077 2124 4126 et
2143 4073 2324 4140 factus
2344 4087 2461 4125 sum
2481 4072 2685 4127 Judazis
2706 4075 2866 4142 quasi
2883 4073 3190 4140 Judaaus,ut
3234 4072 3457 4128 Iudaeos
3489 4073 3716 4141 lucrifa—

2075 4177 2247 4214 cerem
2281 4176 2294 4214 :
2329 4163 2396 4216 iis
2425 4164 2522 4231 qui
2547 4162 2642 4215 sub
2677 4163 2792 4230 lege
2821 4168 2979 4216 erant
3008 4164 3169 4232 quasi
3197 4163 3294 4217 sub
3324 4162 3460 4232 lege.
3517 4169 3579 4218 ut
3627 4178 3714 4218 eos

2075 4251 2172 4320 qui
2191 4250 2288 4303 sub
2313 4250 2426 4320 lege
2448 4256 2605 4304 erant
2629 4249 3038 4318 lucrifacerem:
3066 4253 3133 4305 iis
3155 4249 3255 4322 qui
3273 4253 3390 4306 sine
3414 4252 3529 4320 lcge
3558 4249 3716 4306 erant

2076 4341 2236 4410 quasi
2263 4341 2377 4394 sine
2409 4340 2542 4408 lege.
2577 4357 2696 4395 cum
2722 4341 2829 4394 Deo
2885 4356 2993 4395 non
3050 4356 3211 4396 essem
3267 4342 3384 4396 sine
3441 4341 3575 4410 lege,
3625 4341 3718 4395 sed

2075 4428 2173 4483 sub
2205 4429 2319 4497 lege
2347 4427 2576 4496 Christi,
2600 4435 2659 4484 ut
2683 4445 2768 4483 eos
2789 4431 2887 4500 qui
2928 4429 3046 4484 sine
3087 4430 3203 4497 lege
3231 4435 3387 4483 erant
3419 4429 3716 4496 lucriface-

308 4520 564 4586 ἀσθενῆς,
629 4517 720 4571 ’ἱνα
773 4515 905 4580 τοὺς
961 4515 1200 4579 ἀσθενεῖς
1281 4512 1553 4589 κερδήσω.
1637 4517 1770 4577 Τοῖς
1836 4518 1958 4569 πᾶσι

2077 4535 2210 4572 rem.
2237 4519 2434 4572 Factus
2453 4534 2571 4572 sum
2610 4518 2843 4587 infirmis
2878 4520 3037 4590 quasi
3077 4519 3346 4589 inﬁrmus,
3380 4523 3440 4572 ul
3470 4521 3717 4587 inﬁrmos
3746 4519 3756 4522 ’

307 4607 509 4685 γέγονα
564 4606 629 4660 τὰ
682 4609 857 4661 πάντα
889 4650 904 4672 ,
963 4602 1054 4658 ἳνα
1104 4603 1321 4666 πάντως
1357 4602 1503 4664 τινὰς
1568 4603 1750 4658 σώσω.
1790 4606 1964 4660 Τοῦτο

307 4694 367 4755 8E
397 4701 546 4754 ποιῶ
577 4693 667 4751 διὰ
723 4694 785 4750 τὸ
843 4688 1198 4769 Εὐαγγέλιον,
1261 4689 1356 4746 ’ἱνα
1413 4693 1770 4768 συγκοινωνὸς
1798 4691 1964 4748 αὐτοῦ

303 4786 574 4866 γένωμαι.

372 4879 456 4935 Τὸ
488 4874 654 4932 πλέον
689 4872 859 4950 λέγει,
893 4871 977 4928 ὅτι
1006 4870 1084 4928 Ού
1121 4871 1287 4942 μόνον
1356 4871 1458 4927 ούκ
1517 4866 1742 4943 ἔλαϐον,
1781 4869 1960 4927 καίτοι

305 4967 552 5038 ὶξουσὶαι
587 4962 754 5031 ἔλων,
787 4959 934 5019 ἀλλὰ
990 4960 1080 5016 καὶ
1119 4958 1398 5036 ἐλεύθερος
1463 4958 1557 5030 ὤν,
1623 4961 1711 5016 καὶ
1768 4957 1962 5034 μηδενὶ

314 5057 675 5128 ὑποκείμενος
710 5098 724 5122 ,
783 5053 922 5109 ὶκὼν
979 5049 1215 5123 ἐμαυτὸν
1269 5046 1557 5105 ἐδούλωσα
1589 5094 1602 5119 ,
1642 5051 1736 5106 ἳνα
1801 5050 1961 5106 σώσω

309 5143 582 5210 πολλούς.
617 5147 794 5201 Τοῦτο
849 5138 1035 5212 δηλοῖ,
1095 5138 1224 5203 τους
1279 5136 1551 5200 πλείονας.
1593 5163 1617 5194 α
1675 5141 1790 5196 ’Ίνα
1835 5139 1964 5203 τοὺς

307 5236 574 5296 πλείονας
632 5229 903 5306 κερδήσω.
965 5253 992 5279 ››
1057 5226 1216 5289 Εἶδες
1274 5229 1490 5303 ἀγάπην
1526 5249 1539 5297 ;
1573 5225 1761 5303 κέρδος
1817 5225 1959 5284 ’ἰδιον

308 5331 531 5400 ἡγεῖται
563 5323 662 5390 τήν
693 5320 888 5390 ἑτέρων
942 5317 1242 5389 σωτηρίαν.
1279 5341 1306 5369 ιι
1371 5315 1467 5374 Καὶ
1524 5315 1790 5394 ἐγενόμην
1845 5322 1961 5379 τοῖς

309 5412 605 5474 Ἰουδαίοις
639 5411 712 5472 ὡς
743 5405 1027 5468 Ἰουδαῖος.
1068 5430 1094 5457 ››
1128 5407 1331 5464 Λοιπὸν
1391 5404 1544 5481 λέγει
1573 5407 1698 5468 τοὺς
1727 5406 1961 5480 τρόπους

311 5512 418 5574 τῆς
452 5499 727 5560 δουλείας.
757 5497 873 5556 Ούκ
910 5496 1026 5551 εἶπε
1055 5492 1134 5563 δὲ,
1191 5491 1457 5557 Ἰουδαῖος
1488 5493 1778 5574 ἐγενόμην,
1810 5493 1958 5562 ἀλλ’,

316 5617 348 5648 α
379 5593 468 5654 Ὠς
499 5585 786 5656 Ἰουδαῖος,
820 5610 848 5637 υ
877 5583 969 5640 ἳνα
1015 5580 1160 5659 δείξῃ
1189 5584 1273 5641 ὅτι
1314 5584 1601 5659 οῗκονομία
1654 5587 1720 5656 ἦν
1751 5586 1814 5640 τὸ
1871 5607 1960 5662 γιο

312 5684 568 5759 νόμενον.
607 5679 744 5737 Πότε
774 5675 831 5733 δὶ
860 5674 1076 5751 γέγονεν
1108 5675 1186 5736 ὡς
1221 5672 1533 5744 Ἰουδαῖοςς
1585 5675 1750 5733 Ὅταν
1805 5695 1961 5752 περι.

2077 4609 2470 4676 ὴιονίίανσιέηι.
2505 4608 2768 4663 Omnibus
2797 4610 2983 4662 omnia
3011 4611 3197 4675 factus
3234 4625 3376 4674 sum,
3409 4609 3716 4663 utomm‘no

2073 4697 2288 4768 aliquos
2342 4697 2518 4752 salvos
2565 4701 2821 4766 facerem.
2880 4700 2992 4753 Hoc
3050 4704 3232 4753 autem.
3284 4700 3433 4767 facio
3487 4703 3718 4770 prapter

2072 4788 2452 4856 Evangelium,
2485 4793 2544 4841 ut
2574 4786 2740 4842 simul
2766 4786 3044 4857 particeps
3074 4787 3228 4843 illius
3254 4791 3402 4856 ﬁam.

2145 4876 2284 4932 Plus
2297 4875 2555 4946 estquod
2569 4875 2729 4930 dicit.
2748 4877 2874 4932 Non
2890 4877 3100 4940 solum,
3120 4878 3461 4949 inquit,non
3493 4879 3716 4951 accepi,

2074 4981 2207 5021 cum
2240 4971 2588 5036 potestatem
2620 4965 2898 5021 haberem
2931 4982 2942 5020 :
2976 4983 3176 5021 verum
3210 4968 3389 5024 etiarn
3411 4984 3543 5024 cum
3568 4967 3718 5022 liber

2074 5069 2288 5119 essein,
2321 5053 2588 5124 nullique
2649 5053 2974 5121 subjectus,
3034 5054 3237 5110 volens
3295 5072 3362 5111 ac
3401 5055 3714 5111 ultroneus

2072 5143 2364 5214 meipsum
2397 5159 2626 5196 servum
2660 5143 2793 5211 feci,
2825 5149 2889 5197 ut
2919 5145 3138 5200 multos
3197 5145 3384 5200 salvos
3433 5145 3709 5199 facerem.

2072 5234 2210 5287 Nam
2249 5232 2357 5287 hoc
2389 5232 2682 5303 significat
2715 5233 2939 5298 Plures,
2976 5249 3108 5288 cum
3141 5235 3241 5296 ait,
3302 5253 3327 5283 ιι
3388 5233 3459 5288 Ut
3513 5233 3712 5302 plures

2074 5319 2501 5376 lucrifacerem.
2524 5341 2545 5370 »
2573 5320 2741 5374 Vides
2766 5321 3146 5376 dilectionem
3171 5322 3197 5375 '?
3219 5320 3523 5392 proprium
3550 5321 3712 5376 ducit

2071 5408 2300 5466 lucrum
2330 5409 2581 5464 aliorum
2609 5409 2860 5464 aliorum
2897 5409 3168 5465 salutem.
3204 5431 3232 5458 α
3268 5411 3335 5463 Et
3364 5408 3552 5464 factus
3576 5429 3708 5468 sum

2069 5499 2284 5556 Judaais
2308 5500 2475 5573 quasi
2497 5499 2750 5556 Judaeus.
2778 5521 2804 5548 »
2835 5501 3277 5571 Consequenter
3328 5500 3535 5556 modos
3563 5501 3709 5559 dicit

2073 5588 2437 5646 servitutis.N
2445 5606 2519 5644 on
2534 5588 2679 5645 dicit
2692 5588 2946 5646 :Judaeus
2958 5587 3146 5644 factus
3159 5604 3312 5656 sum,
3347 5588 3472 5657 sed,
3487 5613 3516 5641 ‹‹
3531 5592 3707 5658 Quasi

2071 5677 2328 5748 ludens,
2361 5701 2387 5728 τι
2420 5678 2787 5757 ιιιοείθῐιᾶοῒ
2827 5676 2980 5750 quod
3043 5677 3503 5750 dispensationis
3556 5699 3704 5756 opus
