4068 6254
390 337 507 398 707

1512 338 1935 402 CECUMENII
1981 334 2283 396 TBIOC/E
2323 335 2677 399 EPISCOPI

3700 349 3818 411 768

391 480 536 533 erat.
569 477 814 542 Quando
871 482 1071 537 autem
1127 477 1317 536 factus
1378 485 1467 536 est
1523 477 1693 552 quasi
1742 473 1979 536 Judmus
2008 472 2037 529 εἰ

2157 469 2307 544 ἑτεμε
2334 472 2630 547 Τιμόθεον,
2671 474 2798 532 ὅταν
2859 475 3212 552 ἁγνισάμενος
3271 477 3442 555 elo-ﬁs:
3480 477 3543 536 ἐν
3577 486 3659 554 τῷ
3691 481 3824 557 ἱερῷ

395 565 641 632 Quando
664 567 1034 623 Timotheum
1056 568 1432 625 circumcidit
1451 569 1510 635 ⁸;
1567 567 1804 643 quando
1835 565 2040 639 puriﬁ-

394 664 560 714 catus
586 659 870 730 templum
895 659 1200 732 ingressus
1222 665 1312 715 est
1332 677 1465 716 cum
1486 661 1579 716 his
1602 660 1702 730 qui
1745 658 2044 714 habebant

389 754 590 803 votum
608 750 648 800 ⁸.
685 750 753 804 Ut
770 749 928 804 enim
954 766 1054 805 eos
1077 751 1175 822 qui
1200 767 1331 806 vere
1353 749 1537 807 Judmi
1563 755 1732 806 erant
1753 767 1821 804 ac
1863 747 2039 804 fidem

389 838 761 904 transferret,
797 839 987 894 tactus
1017 846 1109 896 est
1142 841 1310 911 quasi
1366 839 1624 896 Judaeus.
1680 837 1984 904 Quomodo
2013 836 2041 891 ?

392 928 506 984 nisi
537 927 695 982 enim
733 927 1227 994 circumcidisset,
1253 934 1307 984 et
1333 928 1681 999 puriﬁcatus
1713 927 1940 991 fuisset,
1973 941 2042 980 ac

395 1015 614 1071 Iudaeis
637 1017 1031 1088 persuasisset
1054 1018 1162 1092 legi
1189 1034 1252 1073 se
1286 1017 1612 1082 adhaerere,
1662 1031 2040 1090 nequaquam

398 1104 472 1160 ad
503 1121 635 1159 eum
668 1105 1096 1162 accessissent:
1132 1106 1251 1161 imo
1284 1122 1416 1162 cum
1450 1121 1518 1160 eo
1570 1111 1854 1178 tanquam
1907 1118 2042 1159 cum

395 1199 663 1266 apostata
680 1194 782 1266 qui
799 1209 963 1251 suam
989 1194 1177 1268 legem
1197 1194 1552 1267 reliquisset,
1569 1193 1642 1249 de
1668 1192 2044 1248 sermonibus

395 1283 636 1354 quidem
665 1283 1246 1340 communicassent:
1280 1299 1396 1357 quo
1428 1289 1625 1339 autem
1654 1280 1829 1337 modo
1851 1282 2044 1336 salvos

391 1373 586 1430 facere
614 1373 772 1444 ipsos
802 1375 1116 1447 potuisset,
1149 1374 1250 1444 qui
1283 1389 1477 1448 neque
1505 1372 1916 1438 accessissent,
1939 1371 2043 1428 dc-

394 1481 506 1536 que
535 1464 662 1533 ejus
695 1463 1026 1520 doctrinam
1059 1464 1389 1531 audissent,
1423 1463 1528 1520 sed
1587 1470 1871 1538 tanquam
1918 1477 2042 1517 rem

394 1553 856 1610 abominandam
873 1570 1008 1610 eum
1025 1553 1375 1611 duxissent?
1394 1585 1462 1596 —-
1479 1553 1612 1610 Alio
1630 1555 1810 1609 modo.
1837 1553 2046 1608 Factus

399 1649 489 1699 est
516 1644 733 1700 Judazis
766 1645 933 1716 quasi
964 1644 1223 1712 Judmus,
1251 1643 1489 1715 quando
1521 1644 1581 1697 in
1611 1642 1830 1713 templo
1884 1641 2047 1712 puri-

402 1732 611 1789 ﬁcatus
644 1739 753 1800 est,
785 1737 844 1786 et
873 1733 1101 1789 hostias
1133 1732 1367 1796 obtulit,
1401 1747 1469 1786 ac
1497 1730 1871 1786 Timotheum
1929 1730 2046 1784 cir-

2156 563 2291 634 μετᾶ
2314 567 2420 618 τῶν
2462 563 2700 639 ἐχόντων
2732 566 2835 636 τὴν
2894 567 3082 642 εὐχήν.
3136 571 3252 627 Ἵνα
3310 571 3411 647 γὰρ
3478 569 3624 632 τοὺς
3665 567 3822 636 ὄντας

2152 649 2376 720 ἀληθεῖς
2414 653 2706 715 Ἰουδαίους
2742 659 3081 732 μεταστήσῃ,
3115 658 3316 734 ἐγένετο
3375 661 3454 722 ὡς
3529 659 3820 725 Ἰουδαῖος.

2151 746 2275 798 Πῶς
2309 762 2323 811 ;
2364 745 2484 800 Ὃτι
2515 745 2561 799 εἰ
2597 746 2672 816 μή
2696 745 2983 820 περτέτεμε
3015 745 3146 820 μηδ’
3183 749 3430 819 ἡγνῖσθη,
3478 751 3583 805 καὶ
3622 751 3677 806 ἐν
3707 754 3824 808 τοῦ.

2151 854 2228 905 τῳ
2260 830 2464 889 ἔπεισεν
2500 833 2804 898 Ἰουδαίους
2855 838 2939 893 ὃτι
2969 833 3152 914 ἔχεται
3193 845 3294 896 τοῦ
3349 843 3568 914 νόμου,
3634 845 3744 899 οὐκ
3771 842 3826 898 ἄν

2151 922 2464 995 προσῆλθον
2497 925 2665 996 αὐτῷ,
2699 927 2786 981 καὶ
2819 927 2891 989 ὡς
2924 928 3218 1003 ἀποστάτῃ.
3275 928 3398 986 οὐδὲ
3447 930 3658 1008 λόγων
3690 933 3832 990 ἐκοι-

2148 1013 2412 1084 νώνησαν.
2473 1018 2592 1076 ΙΙῶς
2646 1012 2704 1069 δί
2759 1017 2821 1086 ἧν
2867 1022 3041 1073 σῶσαι
3097 1019 3222 1080 τοὺς
3259 1018 3401 1093 μηδέ
3453 1023 3833 1096 προσιόντας,

2157 1099 2296 1174 μηδὲ
2327 1102 2620 1164 ἁκο·5οντας
2652 1110 2751 1173 τῆς
2785 1105 2950 1160 αὐτοῦ
2982 1103 3238 1180 διδαχῆς.
3283 1107 3405 1164 αλλ’
3468 1111 3560 1171 ὡς
3633 1109 3834 1184 βδέλυ.

2150 1211 2264 1265 γμα
2322 1191 2484 1246 αὐτὸν
2533 1192 2922 1266 ἡ-(ουμένουςς
2973 1228 3040 1239 -—
3117 1195 3362 1260 Ἄλλως.
3424 1201 3833 1276 [ΙΣΙΔΩΡΟΥ.]

2150 1282 2164 1304 ,
2202 1290 2207 1296 .
2256 1279 2270 1310 ε
2309 1302 2326 1311 ο
2521 1286 2542 1298 υ
2631 1283 2641 1302 ι
2748 1281 2770 1300 κ
2817 1283 2829 1300 ο
2992 1285 3007 1305 ε
3236 1283 3260 1303 κ
3302 1292 3319 1302 ι
3646 1288 3663 1308 9
3799 1296 3823 1308 .-

2173 1288 2395 1358 ι·.γ;ν;.το
2454 1302 2570 1343 τοις
2649 1289 2914 1346 ιουοαιοις
2977 1305 3051 1347 ως
3115 1287 3404 1355 Ἰουοαιος,
3468 1289 3576 1344 δτι
3641 1311 3695 1344 εν
3757 1312 3835 1364 τῳ

2151 1370 2284 1447 ἱερῷ
2314 1370 2579 1444 ἡγνίσατο
2617 1373 2705 1426 καὶ
2740 1369 2912 1438 ἔθυσε,
2968 1374 3058 1430 καὶ
3111 1379 3418 1450 περιτεμὼν
3481 1379 3585 1433 τὸν
3659 1380 3838 1453 Τιμό-

2153 1462 2292 1530 Θεον,
2322 1458 2610 1524 Ἰουδαίοις
2638 1465 2894 1542 πέπομφε
2941 1459 3291 1534 διδάσκαλον,
3350 1463 3440 1522 διὰ
3502 1478 3832 1544 περιτομῆς

2153 1551 2253 1617 τήν
2313 1551 2618 1623 περιτομήν
2671 1552 2924 1627 ἀναιρων.
2985 1556 3078 1612 Διὸ
3136 1555 3237 1610 οὐκ
3287 1557 3460 1627 εἶπεν,
3528 1557 3834 1632 Ἰουδαῖος,

2155 1638 2307 1706 ἀλλ’,
2339 1663 2366 1689 «
2391 1639 2479 1702 Ὠς
2513 1637 2840 1702 Ἰουδαῖος.»
2867 1674 2927 1686 —
2952 1667 2979 1693 «
3006 1645 3139 1706 Τοῖς
3183 1644 3404 1717 ἀνόμοις
3424 1647 3505 1711 ὡς
3522 1646 3768 1723 ἄνομος.
3804 1673 3833 1702 ιι

2155 1729 2287 1785 “Οτε
2316 1728 2632 1797 Ἀθηναίοις
2667 1729 3032 1809 δημηγορῶν,
3065 1733 3164 1790 οὐκ
3195 1735 3300 1790 ἀπὸ
3330 1743 3677 1816 προφητῶν,
3712 1737 3835 1797 οὐδὲ

400 1821 727 1882 cumcisum
759 1821 976 1876 Judaeis
1007 1821 1068 1875 in
1101 1825 1526 1892 praeceptorem
1559 1819 1740 1886 misit,
1801 1819 2046 1874 circum-

2160 1817 2266 1873 ἀπὸ
2296 1822 2394 1872 τοῦ
2423 1818 2599 1891 νόμου
2631 1817 2917 1898 διελέχθη,
2950 1820 3077 1878 ἀλλ’
3126 1825 3231 1879 ἀπὸ
3291 1826 3487 1900 βωμοῦ
3551 1829 3662 1898 τὴν
3693 1850 3836 1904 παρ-

396 1911 620 1966 cisione
651 1909 868 1965 tollens
919 1909 1456 1966 circumcisionem.
1487 1907 1712 1963 Idcirco
1735 1923 1854 1964 non
1876 1907 2044 1974 dixit,

394 1999 654 2066 Judmus,
689 1998 792 2054 sed
825 2019 848 2048 α
882 1998 1060 2063 Quasi
1091 1997 1350 2054 Iudaeus.
1385 2019 1414 2048 ››
1448 2027 1513 2039 -
1546 2019 1575 2046 ‹‹
1634 1997 1712 2052 Iis
1771 1997 1874 2070 qui
1917 1997 2050 2052 sine

393 2089 522 2160 lege
555 2094 725 2142 erant
755 2089 924 2159 quasi
947 2088 1075 2142 sine
1109 2087 1258 2160 lege.
1294 2110 1322 2137 ››
1354 2085 1600 2153 Quando
1625 2101 1630 2104 ·
1655 2086 1812 2159 apud
1867 2087 2051 2145 Athe-

2163 1905 2358 1961 αίνεσιν
2395 1905 2713 1980 ἐποιήσατο,
2745 1909 2851 1966 ἀπὸ
2911 1915 3020 1966 τῶν
3057 1911 3274 1968 οἰκείων
3343 1913 3546 1978 αὐτοὺς
3622 1913 3832 1993 δογμά-

2149 2016 2257 2050 των
2296 1996 2672 2072 χειρούμενος,
2700 1993 2790 2055 ὅτε
2815 1999 2964 2076 εὗρεν
3016 2001 3066 2055 ἐν
3123 2006 3202 2074 τῷ
3263 2003 3466 2078 βωμῷ,
3507 2004 3612 2061 καὶ
3676 2005 3826 2071 ὅστις

2151 2084 2236 2156 εἶή
2275 2089 2554 2161 ἄγνωστος
2584 2088 2733 2151 Θεός.

393 2177 633 2234 nienses
662 2177 1012 2232 concionem
1042 2177 1272 2233 habens
1300 2177 1344 2243 ",
1374 2193 1496 2232 non
1536 2192 1604 2232 ex
1657 2176 1784 2246 lege
1841 2193 2040 2248 neque
2098 2193 2167 2232 cx
2221 2178 2529 2249 prOphetis
2581 2179 2921 2252 disputavit,
2970 2182 3076 2238 sed
3105 2183 3179 2238 ab
3206 2201 3310 2240 ara
3339 2187 3826 2246 exhortationem

395 2267 696 2325 contexit:
728 2283 763 2323 a
791 2267 1049 2340 propriis
1079 2266 1373 2340 dogmatis
1404 2281 1505 2322 eos
1527 2266 1956 2336 manuducens,
1991 2266 2232 2338 quando
2263 2268 2444 2324 etiam
2476 2268 2536 2325 in
2596 2284 2699 2325 ara
2749 2270 2971 2328 invenit
3027 2272 3304 2345 quisnam
3357 2282 3518 2332 esset
3584 2277 3817 2351 ignotus

397 2359 571 2414 Deus.

470 2446 621 2502 50‘!
647 2445 784 2502 Ideo
810 2461 930 2502 non
963 2443 1114 2503 dixit
1139 2445 1495 2519 simpliciter
1519 2462 1533 2500 :
1554 2446 1695 2502 Sine
1733 2445 1884 2520 lege,
1940 2445 2046 2502 sed

401 2555 420 2583 ι
456 2535 633 2604 Quasi
665 2535 795 2594 sine
830 2534 978 2610 lege.
1009 2557 1038 2585 ιι
1073 2536 1216 2593 Cum
1251 2541 1451 2593 autem
1483 2536 1596 2591 ait:
1641 2558 1668 2584 α
1729 2536 1873 2591 Cum
1927 2536 2045 2591 Deo

395 2642 515 2684 non
547 2643 737 2683 essem
772 2631 901 2681 sine
936 2626 1082 2699 lege,
1115 2625 1219 2681 sed
1253 2625 1360 2680 sub
1391 2626 1516 2698 lcge
1572 2623 1810 2690 Christi,
1869 2643 1895 2666 τι
1945 2628 2049 2681 aut

394 2716 565 2788 quasi
592 2715 665 2772 de
688 2731 751 2770 re
774 2715 1142 2772 indil‘l‘erenti
1166 2714 1317 2769 dixit
1340 2731 1354 2768 :
1378 2731 1515 2768 nam
1535 2730 1671 2769 cum
1700 2728 1818 2767 una
1849 2713 1928 2768 sit
1955 2728 2046 2767 es-

395 2807 606 2867 sentia,
640 2805 808 2860 nulla
836 2812 928 2859 est
957 2803 1296 2858 differentia
1320 2818 1335 2867 ;
1360 2809 1463 2858 aut
1483 2803 1531 2857 si
1554 2802 1614 2857 id
1637 2808 1909 2860 coactum
1933 2801 2046 2856 exi-

395 2896 625 2962 stimas,
652 2895 764 2950 hoc
795 2895 1012 2966 opinor
1040 2909 1176 2949 eum
1209 2892 1494 2955 indicare.
1530 2891 1689 2964 quod
1715 2908 1834 2948 non
1855 2890 2047 2949 solum

396 2984 970 3054 converseturjuxta
999 2983 1211 3056 legem.
1246 2999 1376 3054 qum
1409 2998 1444 3036 a
1469 2980 1826 3053 quibusdam
1889 2979 2048 3036 Patri

397 3073 732 3141 ascribitur,
752 3079 808 3129 et
831 3071 1156 3130 secundum
1183 3088 1386 3128 eorum
1413 3071 1513 3144 qui
1541 3070 1848 3126 discebant
1890 3068 2052 3125 habi—

395 3163 660 3219 tudinem
673 3179 813 3228 ,non
825 3161 1152 3220 secundum
1169 3163 1298 3230 ejus
1311 3162 1409 3236 qui
1428 3159 2049 3232 tradiditdignitatem,

395 3253 722 3309 infantibus
756 3252 941 3326 magis
972 3251 1324 3322 aptabatur:
1385 3266 1590 3307 verum
1648 3251 1827 3306 etiam
1872 3250 2046 3320 juxta

399 3341 700 3397 cmlestem
722 3356 790 3395 ac
807 3339 1129 3412 perfectam
1151 3340 1366 3395 Christi
1390 3338 1731 3412 legem.Non
1745 3338 1873 3394 sine
1894 3339 2042 3409 lege.

396 3429 593 3502 quoad
646 3434 906 3484 veterem
966 3428 1191 3500 legem;
1248 3428 1352 3482 sed
1409 3434 1470 3482 et
1527 3426 1638 3483 sub
1669 3426 1817 3500 lege.
1851 3427 2046 3498 quoad

397 3516 943 3585 Evangelium.Non
967 3522 1134 3572 extra
1151 3515 1472 3589 legem.sed
1512 3517 1692 3572 etiam
1744 3516 1804 3572 in
1836 3516 2043 3588 gratia.

396 3612 522 3663 Non
553 3606 824 3662 commisi
857 3610 1127 3677 stuprum
1161 3612 1403 3678 propter
1432 3605 1621 3677 legem
1658 3621 1672 3659 :
1704 3605 1808 3660 sed
1852 3621 2048 3676 neque

395 3705 612 3762 lascive
645 3703 892 3761 intuitus
924 3720 1076 3766 sum,
1111 3709 1355 3775 propter
1384 3702 1765 3774 Evangelium
1820 3702 1862 3760 ⁸.
1923 3707 2049 3760 Non

399 3797 610 3858 occidi,
643 3801 885 3868 prapter
913 3796 1189 3853 timorem
1217 3813 1232 3861 ;
1268 3795 1372 3850 sed
1404 3799 1462 3850 et
1491 3794 1640 3850 iram
1698 3794 2046 3866 expugnavi,

394 3886 1309 3961 propteramorem.Siquidemis
1335 3884 1435 3957 qui
1479 3889 1736 3940 veterem
1776 3884 2046 3952 servavit,

396 3993 514 4034 non
548 3982 674 4032 erat
704 3977 832 4032 sine
857 3977 1019 4045 lege;
1055 3975 1152 4047 qui
1186 3979 1384 4030 autem
1415 3988 1650 4041 novam,
1713 3980 1840 4029 erat
1869 3973 2048 4029 etiam

401 4067 506 4123 sub
539 4065 664 4134 lege
694 4065 931 4121 Christi.
958 4065 1091 4120 Haec
1127 4069 1325 4120 autem
1376 4061 1539 4128 dicit,
1569 4078 1690 4119 non
1717 4062 2050 4119 attribueus

397 4155 556 4212 Patri
591 4155 799 4227 legem,
834 4154 980 4211 Filio
1013 4170 1149 4208 vero
1180 4153 1600 4224 Evangelium;
1635 4151 1738 4206 sed
1765 4152 1839 4207 ad
1896 4153 2049 4226 vulgi

399 4246 800 4318 suspicionem
834 4249 894 4301 et
923 4243 1262 4316 opinionem
1280 4242 1627 4314 respiciens.
1653 4242 1867 4298 Omnia
1888 4243 2048 4298 enim

398 4351 530 4407 qua:
557 4335 746 4390 Patris
776 4340 936 4394 sunt.
971 4334 1153 4390 etiam
1183 4331 1314 4388 Filii
1375 4336 1552 4396 sunt;
1613 4335 1674 4386 et
1729 4347 1861 4401 quae
1917 4331 2048 4387 Filii

400 4424 1100 4488 sunt,etiaml’atrissunt
1127 4420 1170 4475 θ.
1205 4451 1275 4461 -
1316 4419 1444 4477 Alio
1482 4421 1666 4476 modo.
1699 4420 1953 4480 Iudaeos.
1987 4425 2054 4476 ut

399 4515 784 4581 arbitror,eos
809 4513 1068 4585 appellat
1093 4511 1191 4582 qui
1215 4509 1482 4568 nondum
1502 4508 1915 4575 crediderant;
1941 4510 2051 4566 sub

399 4606 526 4678 lege
540 4611 736 4662 autem
757 4603 894 4660 illos
915 4602 1061 4658 dicit
1082 4601 1181 4675 qui
1203 4599 1579 4674 Evangelium
1603 4597 1844 4670 quidem
1859 4614 2052 4654 susce-

399 4675 627 4768 perant,
661 4694 853 4750 adhuc
885 4700 1082 4749 tamen
1141 4691 1287 4764 legis
1347 4688 1760 4744 observatione
1819 4687 2045 4757 alligati
2079 4675 2121 4739 D

401 4788 589 4841 erant.
623 4785 766 4838 Nam
797 4787 857 4836 et
884 4786 1124 4854 propter
1144 4780 1253 4836 hos
1275 4782 1334 4834 et
1355 4782 1596 4852 propter
1612 4776 1768 4844 illos,
1793 4776 2044 4850 legalem

399 4870 874 4946 puriﬁcationem
893 4868 1318 4941 Hierosolymis
1357 4867 1726 4924 sustinuitet
1771 4866 1831 4922 in
1866 4866 2045 4938 Lyca-

399 4962 499 5019 nia
528 4961 899 5018 Timotheum
930 4958 1319 5024 circumcidit,
1339 4958 1442 5014 sed
1465 4962 1523 5012 et
1543 4956 1661 5013 alia
1707 4955 2044 5023 innumera,

401 5051 848 5126 dispensatione
880 5049 1136 5121 quadam
1159 5053 1436 5122 operatus
1464 5051 1573 5104 est.
1599 5076 1662 5086 —
1688 5044 1816 5101 Alio
1864 5045 2042 5100 modo.

399 5165 427 5193 «
463 5143 538 5197 lis
569 5141 670 5215 qui
702 5139 811 5197 sub
840 5138 968 5212 lege
1001 5141 1186 5194 erant.
1225 5159 1252 5184 >2
1283 5137 1399 5193 Sub
1430 5136 1557 5208 lege
1589 5134 1735 5190 dicit
1789 5151 1890 5190 eos
1943 5135 2045 5208 qui

399 5249 467 5289 ex
487 5231 706 5288 Judaeis
732 5228 1126 5287 crediderant.
1152 5227 1343 5284 adhuc
1368 5232 1565 5282 tamen
1611 5222 1724 5296 legi
1779 5223 2047 5279 adhaere-

395 5322 555 5378 bant.
592 5320 836 5387 Quando
868 5325 1066 5375 autem
1096 5316 1286 5374 factus
1337 5323 1426 5372 est
1475 5313 1642 5387 quasi
1701 5312 1808 5367 sub
1865 5312 1992 5381 lege
2019 5313 2049 5368 ἰ’

399 5411 636 5480 quando
669 5410 817 5467 dixit
837 5410 888 5464 ei
909 5409 1196 5466 Jacobus:
1226 5431 1246 5455 -
1270 5405 1471 5470 Vides,
1494 5406 1694 5468 trater,
1736 5407 1882 5474 quot
1914 5401 2049 5458 mil-

396 5497 480 5556 lia
508 5499 630 5555 sint
657 5499 759 5571 qui
785 5497 1191 5564 crediderunt,
1223 5500 1285 5552 et
1323 5510 1536 5552 omnes
1595 5495 1738 5550 sunt
1795 5489 2047 5548 studiosi

2232 2444 2326 2501 Διὸ
2355 2445 2458 2501 οὐκ
2487 2447 2661 2512 εἶπεν,
2693 2447 2951 2520 Ἀνομος,
2983 2447 3132 2516 ἀλλ’,
3189 2475 3217 2503 α
3269 2453 3359 2514 Ὦς
3419 2451 3658 2528 ἄνομος.
3689 2478 3716 2507 υ
3747 2458 3811 2514 Τὸ

2157 2529 2235 2598 δὶ,
2263 2556 2293 2586 ‹‹
2334 2535 2422 2601 Μὴ
2456 2529 2530 2589 ὧν
2572 2536 2778 2608 ἃνομος
2833 2542 2974 2610 Θεῷ,
3035 2537 3163 2596 ἀλλ’
3215 2539 3442 2614 ἔννομος
3503 2549 3745 2619 Χριστῷ,
3781 2569 3800 2596 ι

2153 2620 2191 2691 ἤ
2245 2624 2320 2687 ὡς
2375 2622 2672 2703 ἀδιᾶιξορον
2732 2628 2885 2683 εἶπεν
2940 2628 3053 2703 (ἐπὶ
3112 2633 3216 2704 γὰρ
3278 2637 3409 2706 μιᾶς
3484 2637 3670 2699 οὐσίας
3713 2635 3802 2692 οὐκ

2155 2706 2266 2768 ἔστι
2300 2710 2577 2790 διαφορὰ),
2622 2716 2659 2784 ἤ
2716 2717 2764 2771 εἰ
2820 2723 2985 2778 τοῦτο
3040 2716 3396 2795 βεϐιασμένον
3463 2727 3595 2798 ἡγῇ,
3650 2727 3792 2799 οἶμαι

2157 2805 2318 2857 τοῦτο
2353 2803 2603 2877 μηνύειν,
2632 2806 2694 2859 τὸ
2751 2807 2828 2881 μή
2871 2807 3031 2878 μόνον
3061 2810 3198 2865 κατὰ
3252 2812 3425 2884 νόμον
3485 2815 3779 2870 πεπολιτεῦο

2159 2903 2280 2954 σθαι
2309 2891 2398 2946 τὸν
2440 2896 2520 2964 τῷ
2555 2895 2722 2968 ΙΙατρὶ
2773 2897 2917 2967 ποιρά
2975 2918 3137 2954 τινων
3206 2901 3636 2983 ἐπιγραφόμενα,
3686 2898 3764 2954 κκῖ

2160 2978 2251 3036 διὰ
2278 2981 2377 3048 τὴν
2408 2978 2514 3052 ἕξιν
2542 2987 2649 3037 τῶν
2685 2985 3078 3056 μανθανόντων,
3109 2988 3172 3042 οὐ
3228 2987 3319 3044 διὰ
3380 2978 3466 3060 τῆν
3517 2991 3650 3061 ἀξῖαν
3676 2989 3760 3044 τοῦ

2161 3066 2500 3135 δεδωκότος,
2555 3072 2778 3142 νηπίοις
2847 3075 3062 3147 μᾶλλον
3119 3079 3451 3152 ἀρμόζοντα,
3513 3080 3648 3136 am
3691 3078 3774 3134 ιαὶ

2161 3161 2296 3215 κατὰ
2331 3162 2424 3216 τὸν
2455 3165 2551 3218 τοῦ
2604 3163 2842 3237 Χριστοῦ
2900 3166 3150 3238 οὐράνιον
3206 3169 3296 3225 καὶ
3353 3170 3564 3226 τέλειον
3618 3171 3789 3242 νόμον.

2162 3248 2278 3309 Οὔκ
2306 3247 2509 3325 ἄνομος
2539 3254 2677 3308 κατὰ
2704 3254 2798 3308 τὸν
2837 3257 3073 3311 παλαιὸν
3099 3257 3293 3330 νόμον,
3325 3257 3474 3318 ἀλλὰ
3530 3261 3626 3316 καὶ
3670 3257 3798 3316 ἒννο-

2164 3361 2265 3412 μος
2296 3341 2433 3396 κατᾶ
2460 3341 2522 3396 τὸ
2553 3341 2916 3420 Εὖαγγὲλιον.
2968 3345 3083 3402 Οὐκ
3133 3343 3235 3419 ἔξω
3291 3351 3388 3406 τοῦ
3437 3351 3641 3422 νόμου,
3670 3348 3801 3409 (illi

2156 3430 2241 3485 κατ
2279 3427 2408 3486 ε”σω
2439 3437 2539 3492 τοῖς
2568 3431 2642 3486 γά
2911 3435 2926 3456 '
3025 3437 3050 3490 ὲ
3168 3444 3170 3447 ’
3439 3441 3454 3459 ‘
3538 3443 3551 3458 “
3672 3443 3684 3461 ’

2233 3476 2243 3483 .
2315 3475 2322 3482 .
2391 3515 2399 3516 7
2497 3476 2506 3498 ,
2591 3474 2606 3486 .
2648 3453 2820 3508 ριτος.
2867 3454 2971 3490 ουκ
3058 3438 3324 3509 pot/Jun
3376 3437 3466 3497 δια
3497 3463 3593 3498 τον
3627 3461 3801 3516 νομον,

2157 3516 2286 3608 ἀλλ’
2315 3515 2612 3608 οὐδεεῗδον
2641 3519 2964 3608 ἀκολάστως
3018 3524 3110 3581 διὰ
3163 3529 3226 3584 τὸ
3283 3529 3645 3608 Εὖαγγέλιον.
3698 3515 3807 3588 Οὐκ

2159 3607 2416 3685 ἐφόνευσα
2448 3605 2537 3663 διὰ
2565 3609 2656 3666 τὸν
2709 3607 2903 3689 φόϐον,
2957 3612 3106 3671 ἀλλᾶ
3169 3617 3257 3671 καὶ
3316 3605 3484 3694 ὀργῆς
3540 3620 3806 3698 ἐκρεὶτησα

2159 3693 2249 3751 διὰ
2285 3697 2378 3752 τὸν
2436 3699 2626 3758 πόθον,
2689 3700 2750 3756 Ὀ
2809 3702 2905 3774 μὶν
2954 3704 3059 3778 γὰρ
3116 3705 3208 3760 τὸν
3258 3693 3490 3764 παλαιὸν
3550 3693 3805 3791 φυλάξας,

2158 3787 2259 3843 οὐκ
2284 3789 2351 3858 ἦν
2381 3789 2581 3862 ἄνομος
2612 3793 2767 3847 Θεοῦ⁶
2801 3792 2830 3846 ὁ
2870 3789 2928 3848 δὲ
2972 3793 3064 3850 τὸν
3091 3794 3234 3862 νέον,
3277 3794 3387 3851 ἔστι
3445 3800 3535 3853 καὶ
3565 3787 3810 3871 ⁷ἔννομος

2159 3879 2419 3951 Χριστοῦ.
2450 3880 2632 3936 Ταῦτα
2675 3877 2733 3934 δὲ.
2789 3902 2980 3961 φησιν,
3039 3882 3140 3938 οὐκ
3187 3884 3520 3957 ἀποκληρῶν
3585 3892 3685 3962 μὶν
3735 3891 3809 3959 τῷ

2158 3967 2327 4043 Πατρὶ
2355 3967 2448 4022 τὸν
2499 3968 2696 4043 νόμον,
2748 3973 2830 4040 τῷ
2882 3971 2994 4043 Υἱῷ
3025 3970 3084 4026 δὲ
3137 3973 3200 4029 τὸ
3242 3974 3606 4050 Εὐαγγὲλιον,
3673 3975 3810 4034 ἀλλᾶ

2157 4057 2295 4132 πρὸς
2318 4059 2418 4126 τήν
2445 4061 2555 4114 τῶν
2615 4056 2844 4114 πολλῶν
2903 4060 3162 4117 ὑπόνοιαν
3211 4063 3303 4118 καὶ
3361 4062 3515 4136 δόξαν
3571 4067 3804 4146 ἀφορῶν.

2159 4145 2335 4201 Πάντα
2366 4146 2471 4224 γὰρ
2510 4148 2578 4202 τὰ
2606 4151 2703 4202 τοῖ’)
2734 4148 2965 4218 Πατρὸς,
2995 4154 3093 4205 τοῦ
3126 4152 3254 4206 Υἱοῦ
3311 4151 3446 4224 ἐστι,
3503 4158 3594 4212 καὶ
3621 4145 3692 4214 τὰ
3718 4158 3802 4212 τοῦ

2160 4238 2308 4308 Υἱοῦ,
2350 4243 2447 4294 τοῦ
2479 4240 2712 4315 Πατρός.
2739 4274 2811 4285 -
2841 4241 3088 4307 ἈλΛως.
3114 4246 3452 4322 [ΘΕΟΔΩΡ]
3489 4247 3802 4318 Ἰουδαίους,

2159 4328 2236 4389 ὡς
2288 4330 2468 4398 οἶμαι,
2526 4328 2657 4393 τοὺς
2717 4327 2950 4402 μηδέπω
3015 4336 3436 4392 πεπιστευκότος
3493 4339 3680 4395 καλεῖο
3713 4341 3807 4396 ὑπὸ

2155 4417 2328 4489 νόμον
2362 4413 2441 4485 δὶ,
2496 4417 2623 4480 τοὺς
2681 4417 2744 4475 τό
2802 4419 3138 4497 Εὐαγγέλιον
3181 4424 3277 4496 μὶν
3336 4422 3684 4502 δεξαμένους,
3735 4426 3804 4486 ἔτι

2157 4503 2216 4562 δὲ
2243 4510 2312 4579 τῇ
2368 4510 2466 4562 τοῦ
2523 4507 2697 4580 νόμου
2753 4507 2973 4588 φυλακῇ
3032 4510 3515 4587 προσδεδεμένους.
3565 4521 3669 4576 Καὶ
3726 4518 3807 4575 διᾶ

2156 4595 2384 4657 τούτους
2425 4597 2620 4673 γάρτοι
2678 4598 2769 4652 καὶ
2819 4595 2889 4653 δι’
2956 4598 3216 4668 ἐκείνους,
3275 4606 3362 4660 ναὶ
3423 4613 3522 4674 τῆς
3573 4615 3806 4684 νομικῆς

2154 4685 2465 4758 καθάρσεως
2524 4684 2576 4741 ἐν
2645 4685 3056 4760 Ἱεροσολύμοις
3110 4691 3397 4768 ἠνέσχετο,
3471 4695 3562 4750 καὶ
3621 4696 3677 4753 ἐν
3739 4698 3799 4769 τῇ

2153 4774 2433 4846 Λυκαονία
2459 4775 2551 4829 τὸν
2609 4776 2875 4848 Τιμόθεον
2931 4777 3238 4854 περιέτεμε,
3303 4783 3393 4837 καὶ
3433 4781 3578 4840 ἃλλα
3638 4788 3799 4861 μυρία

2153 4862 2511 4940 παραπλήσια
2541 4863 2921 4938 ᾦκονόμησεν.
2962 4898 3031 4911 —-
3073 4866 3322 4932 Ἄλλως.
3357 4897 3386 4923 ‹‹
3413 4875 3545 4938 Τοῖς
3579 4877 3682 4933 ὑπὸ
3710 4875 3792 4931 νά.

2159 4973 2260 5025 μον
2288 4975 2318 5007 ι)
2363 4954 2493 5009 Ὑπὸ
2546 4953 2610 5008 νό
2756 4953 2814 5010 λέ
2861 4975 2881 4998 ε
3035 4956 3048 4974 “
3136 4957 3188 5013 δι’
3239 4961 3254 4982 ’
3316 4958 3379 4996 ·“

2271 4998 2279 5006 .
2619 4975 2722 5027 μον
2795 4976 2930 5032 ..γ-ι,
2968 4977 3096 5018 τους
3166 4985 3189 5029 ς
3257 4962 3516 5017 locoalio»:
3575 4967 3794 5023 πιστεύ-

2155 5063 2370 5113 σαντας,
2423 5038 2502 5098 ἔτι
2560 5039 2619 5133 δὲ
2673 5042 2771 5100 τοῦ
2823 5045 2998 5117 νόμου
3032 5046 3349 5122 ἐχομένους.
3390 5053 3528 5108 Πότε
3567 5053 3623 5111 δὲ
3651 5057 3797 5133 γέγο.

2153 5153 2238 5188 νεν
2268 5133 2343 5194 ὡς
2378 5133 2481 5188 ὑπὸ
2510 5131 2682 5205 νόμον
2717 5135 2852 5203 ς’ὀτε
2913 5134 3067 5192 εἶπον
3116 5135 3268 5211 αὐτῷ
3322 5140 3376 5194 οἱ
3427 5143 3570 5222 ἀμφὶ
3614 5131 3800 5203 Ίᾶκωο

2155 5215 2273 5277 εον·
2311 5245 2340 5275 ‹‹
2361 5223 2545 5296 Ὁρᾷς,
2577 5221 2800 5303 ἀδελφὶ,
2837 5224 3000 5278 πόσαι
3036 5225 3296 5302 μυριάδες
3324 5215 3478 5286 εἰσὶνῖ
3503 5215 3556 5288 oi
3591 5234 3794 5292 πιστεύ-

2155 5331 2358 5376 σαντες,
2390 5312 2479 5366 καὶ
2511 5313 2706 5375 πάντες
2765 5312 2870 5368 εἶσὶ
2904 5312 3152 5385 ζηλωταὶ
3209 5323 3305 5372 τοῦ
3363 5321 3538 5393 νόμου
3570 5346 3636 5391 μ
3669 5324 3794 5383 Τότε

2154 5402 2260 5476 γὰρ
2283 5401 2509 5476 ἡγνίσθη
2544 5400 2616 5456 δι’
2647 5400 2862 5467 αὐτούς.
2923 5405 3060 5479 Ὅρα
3120 5403 3177 5461 δὲ
3228 5409 3508 5466 πανταχοῦ
3566 5415 3648 5481 τὸ,
3701 5415 3790 5483 ὡς,

2154 5489 2544 5565 προσγείμενον
2583 5535 2598 5564 ,
2673 5491 2763 5546 ἳνα
2843 5491 2989 5569 δείξῃ
3067 5491 3154 5550 ὅτι
3207 5496 3568 5572 οἴκονομικῶς
3637 5508 3792 5559 ταῦτα

472 5679 496 5713 δ
524 5681 651 5736 Aot.
684 5697 800 5748 xvr,
833 5681 883 5735 3.
920 5678 942 5713 ⁸
975 5683 1100 5736 Act.
1135 5694 1252 5745 xxi,
1284 5679 1372 5735 26.
1405 5677 1430 5712 "
1460 5682 1586 5738 Act.
1620 5697 1754 5752 ινιτ,
1787 5683 1877 5739 23.
1909 5681 1934 5719 ⁸
1961 5683 2046 5740 Ma

2157 5726 2162 5739 .
2196 5700 2246 5738 v.
2275 5684 2337 5740 21
2374 5701 2497 5759 seq.
2531 5684 2554 5721 '
2581 5684 2744 5742 Joan.
2781 5701 2918 5756 xvu,
2964 5687 3047 5743 lo.
