4068 6254
275 346 314 402 1
327 344 418 405 69

296 478 567 558 γίγονιν.
600 515 673 525 -
694 482 943 546 Ἄλλως.
970 506 998 536 α
1030 486 1161 546 Τοῖς
1187 484 1414 557 ἀνόμοις
1432 483 1508 545 ὡς
1531 480 1754 558 ἄνομος.
1785 508 1813 535 ››
1832 480 1985 543 ’Δνό-

318 592 461 649 μους
500 570 683 651 λέγει,
715 573 845 636 τους
882 574 959 647 μή
991 570 1147 635 ὄντας
1181 572 1283 629 ὑπὸ
1340 574 1431 629 τὸν
1492 572 1734 636 Μωσέως
1792 574 1988 648 νόμον,

325 666 455 728 τοῦς
508 666 559 738 ἐξ
622 668 813 737 ἐθνῶν,
893 667 978 729 οἶς
1059 668 1150 722 καὶ
1239 667 1400 730 αὐτὸς
1487 666 1785 741 ἐπιφοιτῶν
1864 688 1988 743 σδγ-

321 754 612 814 κατέϐαινε
642 762 712 830 τῇ
774 757 1015 829 ἀσθενείᾳ
1076 757 1277 823 αὐτῶν,
1335 758 1426 813 καὶ
1484 755 1671 813 πολλὰ
1725 763 1833 812 τῶν
1894 778 1993 830 με·

328 846 521 923 γάλων
583 845 870 921 δογμάτων
936 845 1034 901 οὔκ
1090 846 1383 927 ἐξέφαινεν,
1433 844 1593 908 εἰδὼς
1654 846 1850 909 αὐτοὺς
1912 846 1987 921 μή

925 667 951 689 ιν
1062 688 1065 689 ν
1135 668 1147 684 ι

893 689 978 729 οις
1059 688 1150 722 και

330 937 731 1014 βαστάζοντας.
795 936 985 1000 Οὖτως
1051 935 1165 1005 οῦν,
1240 937 1427 1016 φησὶν,
1504 935 1766 1015 ἐγενόμην
1852 937 1991 1007 πρὸς

331 1026 661 1088 αύτοῦς,ώς
704 1028 779 1097 μή
831 1022 905 1079 ὣν
963 1026 1067 1080 ὑπὸ
1123 1025 1251 1088 τοὺς
1314 1027 1515 1099 νόμους
1573 1030 1670 1081 τοῦ
1731 1028 1989 1100 Χριστοῦ.

321 1115 651 1189 ἹΙνίκαγὲρ
685 1115 819 1188 πρὸς
872 1116 1191 1185 Ἀθηναίους
1250 1112 1606 1190 ἐδημηγόρει,
1663 1115 1725 1169 οὐ
1783 1119 1990 1188 τρανῶς

327 1206 408 1267 ὡς
444 1206 562 1279 περῖ
598 1209 732 1259 Θεοῦ
787 1202 1070 1281 διειλέχθη
1138 1205 1205 1259 τὰ
1257 1209 1354 1259 τοῦ
1415 1208 1674 1276 Χριστοῦ,
1736 1203 1861 1259 ἀλλ’
1918 1204 1993 1265 ὼς

325 1294 461 1366 περὶ
490 1296 783 1369 ἀνθρώπου
822 1293 1009 1368 ψιλοῦ.
1068 1292 1208 1351 03δέ
1269 1294 1373 1371 γὰρ
1433 1292 1681 1369 ἐχώρουν
1742 1294 1990 1348 τοιοῦτόν

325 1407 384 1441 τι
419 1384 658 1440 ἀκούειν.
690 1383 1019 1454 Ὑπενόησαν
1050 1384 1152 1457 γὰρ
1205 1381 1264 1437 ἂν
1326 1384 1485 1437 αὐτὸν
1544 1379 1636 1437 ἕνα
1682 1387 1792 1436 τῶν
1849 1380 1991 1455 πσρᾶ

339 1475 495 1553 σφίσι
540 1476 1041 1545 τεθεοποιημένων,
1104 1474 1221 1536 οἷος
1253 1473 1280 1526 ὁ
1312 1469 1609 1547 Ἡρακλῆς.
1670 1472 1699 1526 ὁ
1757 1468 1995 1538 Ἀσκλη-

333 1564 492 1629 π.ὸς,
524 1560 613 1616 καὶ
645 1562 697 1615 οἱ
741 1561 951 1617 λοιποί.
1016 1587 1041 1613 ‹‹
1080 1562 1168 1629 Μὴ
1218 1557 1289 1614 ὢν
1350 1559 1551 1633 ἄνομος
1598 1565 1732 1631 Θεῷ.
1772 1582 1798 1611 n
1864 1562 1993 1614 Εἶτα

329 1652 435 1708 ἳνα
470 1653 547 1723 μὴ
589 1650 822 1726 νομίσῃς
884 1646 1198 1723 μεταϐολὴν
1256 1650 1484 1725 γνώμης
1540 1647 1837 1726 γεγονέναι,
1900 1648 1995 1703 έπ-

332 1742 481 1815 ἀγει,
520 1766 547 1791 ι(
584 1741 676 1807 Μὴ
709 1737 784 1794 ὢν
818 1738 1021 1811 ἃνομος
1070 1744 1205 1811 Θεῷ,
1242 1763 1270 1793 ››
1328 1739 1600 1794 τουτέστιν
1643 1737 1766 1793 ἄνευ
1810 1738 1994 1811 νόμων

332 1832 498 1897 Θεοῦ,
555 1827 683 1885 ἀλλ’
741 1822 971 1903 ἔννομος
1025 1832 1269 1903 Χριστῷ,
1321 1853 1347 1883 ι
1406 1828 1701 1898 τουτέστιν,
1760 1822 1993 1901 ἔννομος

1292 350 1699 412 ΟΟΜΜΕΝΤ.
1749 350 1826 411 ΙΝ
1873 347 2120 411 EPIST.
2169 352 2189 411 Ι
2235 354 2337 413 AD
2385 354 2754 417 COBINTH.

2013 536 2065 601 A

3635 360 3753 419 7Ἷο

2100 492 2423 547 sectatores
2457 490 2602 565 legis
2637 492 2699 548 '°.
2734 514 2763 544 »
2795 498 2956 550 Tunc
2988 492 3149 549 enim
3180 498 3424 567 propter
3451 494 3614 568 ipsos
3644 510 3750 567 pu-

2099 576 2361 635 rificatus
2381 588 2471 636 est
2500 582 2640 638 Vide
2664 588 2862 638 autem
2882 582 3039 655 quod
3063 583 3281 655 ubique
3295 585 3641 655 adJunctnm
3662 585 3740 640 sit

2098 691 2124 717 ιι
2160 668 2359 737 Quasi,
2388 694 2408 718 ι
2438 677 2502 725 ut
2523 672 2797 728 ostendat
2817 673 2976 743 quod
2997 674 3121 727 hanc
3144 674 3574 745 dispensatorie
3590 675 3746 729 facta

2100 758 2239 813 sint.
2274 791 2329 800 —
2354 760 2494 816 Αιὶο
2516 763 2696 817 modo.
2722 788 2747 812 ‹‹
2770 764 2847 818 lis
2870 762 2970 834 qui
3016 763 3141 819 sine
3198 764 3323 836 lege
3374 772 3538 820 erant
3572 764 3743 837 quasi

2100 849 2225 904 sine
2260 850 2404 923 lege.
2442 873 2469 901 »
2507 852 2643 908 Sine
2676 853 2801 926 lege
2828 853 2970 909 dicit
3000 870 3099 909 eos
3130 854 3230 926 qui
3262 872 3382 910 non
3414 862 3585 910 erant
3636 854 3746 909 sub

2100 935 2225 1007 lege
2261 939 2423 1005 Mosi,
2460 957 2673 1011 nempe
2706 942 2805 1012 qui
2839 959 2868 996 e
2900 943 3174 1013 gentibus
3207 950 3375 997 erant
3408 960 3419 996 :
3466 943 3539 997 ad
3598 959 3751 1013 quos

2099 1027 2277 1081 etiam
2302 1045 2434 1083 cum
2457 1032 2785 1098 accederet,
2810 1032 3050 1087 demisit
3070 1049 3132 1086 se
3154 1033 3227 1087 ad
3252 1049 3455 1087 eorum
3485 1031 3747 1086 imbecil-

2100 1115 2351 1185 litatem,
2383 1120 2689 1193 multaque
2723 1138 2933 1193 magna
2963 1123 3235 1195 dogmata
3266 1123 3520 1190 reticuit,
3556 1122 3752 1176 sciens

2101 1222 2202 1260 eos
2233 1206 2386 1261 ferre
2418 1225 2535 1263 non
2571 1226 2761 1279 posse.
2798 1213 2880 1266 lta
2911 1228 3047 1283 ergo
3080 1211 3271 1266 factus
3315 1228 3476 1279 sum,
3538 1210 3754 1280 inquit,

2101 1294 2256 1365 apud
2291 1296 2445 1363 Illos,
2474 1304 2754 1369 tanquam
2781 1300 2887 1355 sub
2912 1301 3123 1355 Christi
3149 1300 3374 1372 legibus
3398 1316 3518 1354 non
3538 1315 3754 1354 essem.

2098 1386 2240 1439 Cum
2274 1388 2431 1441 enim
2465 1388 2620 1459 apud
2652 1391 3041 1445 Athenienses
3092 1392 3570 1455 concionaretur,
3630 1406 3751 1444 non

2101 1474 2359 1545 palmam
2391 1493 2460 1531 ea
2490 1494 2620 1548 quae
2654 1480 2867 1534 Christi
2901 1486 3070 1534 erant
3100 1479 3400 1539 disseruit.
3457 1477 3627 1550 quasi
3683 1476 3753 1533 de

2101 1562 2219 1618 Deo
2252 1564 2521 1637 loquens.
2551 1568 2705 1623 506
2737 1568 2841 1623 sed
2880 1570 3048 1640 quasi
3107 1570 3178 1624 de
3242 1568 3400 1624 nudo
3458 1568 3702 1623 homine
3739 1583 3753 1621 :

2100 1667 2293 1724 neque
2318 1655 2473 1710 enim
2494 1673 2738 1728 capaces
2761 1667 2948 1723 erant,
2989 1666 3053 1713 ut
3100 1659 3215 1714 tale
3242 1658 3555 1730 quippium
3590 1655 3757 1712 audi-

2101 1748 2233 1794 rent
2273 1742 2735 1815 Suspicabantur
2748 1763 3003 1818 namque
3024 1764 3159 1802 eum
3174 1747 3343 1818 quasi
3363 1763 3547 1801 unum
3565 1761 3765 1801 eorum

2103 1831 2201 1900 (illi
2221 1834 2378 1903 αρυά
2403 1834 2563 1905 ipsos
2586 1837 2740 1891 inter
2760 1837 2906 1892 duos
2930 1837 3097 1893 relati
3123 1845 3313 1897 erant,
3338 1837 3547 1909 quales
3587 1839 3758 1891 erant

335 1918 613 1993 ὗπᾶρχων
648 1922 913 1994 Χριστοῦ.
947 1917 1300 1991 Σημειωτέον
1358 1916 1414 1973 δὲ
1464 1920 1527 1973 τὸ
1586 1916 1770 1993 ῥητὸν,
1824 1940 1851 1969 ιι
1883 1916 1999 1973 Οὐκ

2114 1921 2387 1990 Herodes,
2407 1923 2710 1997 Asclepius
2724 1942 2791 1981 ac
2805 1927 3022 1981 caeteri.
3042 1949 3071 1976 «
3097 1928 3239 1981 Cum
3273 1928 3387 1981 Deo
3415 1943 3534 1981 non
3561 1941 3754 1981 essem

335 2007 458 2082 ἑῖμὶ
492 2008 697 2081 ἄνομος
729 2011 883 2077 Θεοῦ,
915 2005 1043 2063 ἀλλ’
1074 2003 1321 2081 ἔννομος,
1356 2031 1385 2059 ››
1415 2006 1504 2062 καὶ
1536 2007 1653 2062 ἀντὶ
1682 2010 1777 2062 τοῦ
1798 2006 1992 2077 εἰπεῖν,

339 2102 480 2154 Θεοῦ
511 2100 697 2171 (τοῦτο
728 2097 826 2172 γὰρ
858 2100 893 2167 ἡ
924 2094 1265 2168 ἀκολουθία),
1294 2099 1434 2167 εἶπε,
1460 2122 1487 2149 ‹‹
1516 2098 1767 2170 Χριστοῦ.
1794 2122 1822 2149 ››
1856 2097 1995 2173 Ἄρα

336 2187 576 2263 Χριστὸς
634 2188 662 2242 ὁ
713 2188 863 2249 Θεός.
930 2212 952 2238 ιι
1012 2190 1146 2250 Τοῖς
1199 2184 1470 2251 ἀσθενέσιν
1531 2188 1605 2249 ὡς
1665 2187 1912 2257 ἀσθενής.
1964 2209 1994 2238 ιο

338 2277 443 2333 Καὶ
478 2273 607 2331 οὐδὲ
641 2275 810 2352 μέχρι
840 2275 1046 2330 τούτων
1076 2272 1259 2347 ἔστην,
1300 2276 1487 2355 φησίν,
1547 2272 1691 2330 ἀλλᾶ
1734 2276 1821 2330 καὶ
1879 2278 1995 2337 τοῖς

338 2366 586 2430 ἀσθενέσι
620 2366 745 2439 περὶ
785 2367 888 2435 τήν
944 2365 1124 2420 πίστιν
1183 2364 1442 2427 ὡσαύτως
1495 2365 1720 2433 ἀσθενής
1776 2362 1996 2442 γέγονα.

348 2460 475 2519 Πῶς
500 2456 602 2530 γὰρ
635 2456 741 2510 οὐκ
769 2455 837 2524 ἦν
871 2453 1043 2517 οὕτως
1101 2453 1223 2509 ὅταν
1281 2450 1619 2529 δημηγορῶν
1679 2452 1739 2507 οὐ
1787 2452 1997 2527 τρανῶς

340 2548 421 2611 ὦς
451 2547 578 2619 περὶ
608 2550 739 2602 Θεοῦ
775 2550 873 2601 τοῦ
905 2547 1032 2600 Υῖοῦ
1078 2545 1169 2599 καὶ
1227 2547 1322 2598 τοῦ
1382 2543 1694 2617 Πνεύματος
1746 2541 1999 2615 ἐμνημό-

352 2635 755 2705 νευενςΚαὶέν
778 2638 847 2709 τῇ
880 2635 1016 2709 πρὸς
1074 2634 1403 2707 Ῥωμαίους,
1461 2634 1551 2688 ὅτε
1609 2634 1733 2695 τοὺς
1796 2631 1999 2705 διακρι-

361 2726 630 2799 νομένους
658 2733 833 2806 φαγεῖν
886 2727 1017 2803 κρέα
1076 2724 1165 2781 διὰ
1221 2728 1320 2796 τήν
1382 2726 1537 2781 ἐνίων
1592 2730 1763 2800 κρεῶν
1822 2746 1999 2800 παρα·

371 2820 623 2887 τήρησιν,
671 2820 871 2873 τούτων
927 2822 995 2891 τῇ
1052 2817 1292 2889 ἀσθενείᾳ
1349 2811 1811 2893 συγκαταϐαίνων,
1877 2812 2000 2871 οὔτε

360 2905 529 2967 αύτὸς
584 2906 791 2970 τούτοις
852 2907 1102 2981 ἐπετίμα,
1156 2906 1247 2960 καὶ
1303 2905 1435 2967 τοὺς
1493 2902 1698 2966 ἄλλους
1759 2900 1998 2979 ὄχλησιν

349 2995 547 3056 αὐτοῖς
606 2995 824 3072 ἐπάγειν
883 2995 1135 3051 ἐκώλυεν.
1203 3018 1230 3047 ι(
1290 2997 1427 3056 Τοῖς
1493 2998 1620 3048 πᾶσι
1681 2992 1881 3070 γέγονα
1937 2994 2003 3047 τὰ

344 3084 543 3142 πάντα.
580 3106 610 3139 ιι
644 3087 745 3143 Καὶ
781 3086 1064 3158 συντόμως
1122 3085 1313 3139 εἰπεῖν⁹
1370 3087 1501 3144 Τοῖς
1552 3086 1684 3137 πᾶσι
1742 3080 1944 3157 γέγονα
1974 3079 2004 3135 ὅ

344 3174 510 3243 ἦσαν,
582 3175 706 3229 οὔτε
763 3177 963 3235 πάντας
1023 3176 1215 3244 σώζειν
1283 3169 1602 3247 προσδοκῶν
1664 3173 1718 3240 ,ἦ
1784 3172 1887 3246 γὰρ
1945 3168 2004 3224 ἄν

2111 2008 2238 2063 sine
2258 2008 2766 2083 1ege.»Deindene
2791 2014 3089 2069 sententia
3118 2014 3508 2069 mutationem
3540 2014 3755 2069 factam

2114 2114 2242 2153 esse
2268 2100 2592 2169 existimes,
2626 2102 2929 2177 subjungit
2966 2120 2977 2157 :
3014 2126 3041 2154 «
3078 2104 3222 2158 Cum
3256 2105 3373 2158 Deo
3406 2120 3525 2158 non
3566 2118 3759 2157 essem

2113 2187 2239 2242 sine
2270 2188 2417 2261 lege,
2454 2213 2481 2237 ››
2512 2190 2623 2247 hoc
2654 2198 2761 2259 est,
2798 2193 2925 2248 sine
2958 2193 3094 2263 Dei,
3126 2192 3487 2260 legibus,sed
3509 2191 3616 2247 sub
3636 2192 3763 2264 lege

2109 2276 2343 2331 Christi.
2368 2278 2785 2335 Adnotandum
2812 2288 3121 2338 estautem
3173 2283 3283 2337 hoc
3332 2282 3555 2337 dictum
3590 2298 3601 2336 :
3636 2284 3765 2335 Non

2112 2380 2243 2418 sum
2275 2367 2402 2421 sine
2434 2366 2581 2439 lege,
2612 2368 2717 2423 sed
2747 2370 2857 2425 sub
2892 2370 3037 2441 lege.
3072 2372 3213 2425 Nam
3245 2388 3379 2426 cum
3414 2377 3570 2426 esset
3619 2385 3761 2425 con-

2113 2470 2369 2525 sequens
2400 2461 2464 2510 ut
2495 2456 2897 2531 subjungeret,
2934 2458 3056 2521 Dei,
3093 2458 3241 2513 dixit
3267 2459 3488 2515 Christi.
3549 2460 3753 2530 Itaque

2111 2543 2377 2599 Christus
2410 2545 2565 2601 Dens
2596 2552 2705 2603 est.
2746 2566 2766 2593 α
2801 2546 3059 2602 Infirmis
3091 2548 3258 2617 quasi
3306 2546 3596 2603 infirmus.
3636 2571 3661 2596 n
3694 2549 3763 2602 Et

2111 2649 2306 2703 neque
2329 2634 2388 2688 in
2413 2635 2523 2701 his,
2549 2635 3093 2707 inquit,terminum
3114 2636 3310 2708 posui,
3363 2653 3562 2692 verum
3597 2636 3764 2691 infir-

2113 2723 2227 2777 mis
2259 2741 2495 2796 quoque
2529 2726 2587 2779 in
2621 2725 2731 2781 {ide
2754 2726 2942 2781 factus
2974 2744 3105 2783 sum
3138 2726 3415 2782 similiter
3460 2727 3760 2782 inﬁrmus.

2114 2814 2327 2867 Annon
2352 2813 2433 2868 ita
2465 2830 2525 2868 se
2557 2814 2771 2869 habeat
2801 2815 3039 2886 quando
3096 2815 3447 2870 concionem
3503 2814 3756 2881 habens,

2113 2900 2244 2954 Filii
2278 2917 2344 2956 ac
2378 2902 2627 2973 Spiritus
2657 2904 3023 2958 mentionem
3056 2903 3329 2967 faciebat,
3380 2920 3501 2959 non
3557 2909 3768 2975 aperte

2115 2996 2397 3063 tanquam
2430 2992 2501 3047 de
2528 2993 2640 3046 Deo
2665 2992 2913 3064 loquens
2930 2993 2957 3046 ‘?
2979 2994 3046 3047 Et
3066 2993 3126 3047 in
3146 2992 3400 3064 Epistola
3421 2992 3495 3048 ad
3544 2995 3761 3048 Roma-

2115 3096 2223 3134 nos
2246 3080 2599 3150 quibusdam
2613 3081 2691 3151 dij
2705 3081 3078 3136 udicantibus
3090 3080 3264 3135 edere
3282 3087 3763 3151 carnes,propter

2118 3168 2585 3225 observationem
2621 3169 3013 3241 quarumdam
3072 3170 3364 3234 carnium,
3421 3169 3496 3224 ad
3553 3170 3761 3223 horum

349 3264 455 3317 οὐκ
484 3266 550 3333 ἦν
584 3264 759 3328 οῦτως
790 3263 1143 3336 Θαυμαστὸν),
1178 3260 1303 3316 ἀλλ’
1332 3261 1419 3315 ’ἱνα
1450 3260 1538 3315 καὶ
1573 3259 1794 3334 ὀλίγους
1823 3260 2002 3315 σώσω.

2120 3257 2527 3313 inﬁrmitatem
2554 3276 2683 3314 sese
2706 3258 3044 3315 demittens.
3067 3275 3262 3330 neque
3286 3260 3392 3314 hos
3411 3258 3763 3331 objurgavit,

341 3353 417 3407 Τὸ
450 3350 531 3422 δὲ,
565 3378 591 3404 «
628 3354 868 3420 πάντως,
906 3378 933 3403 ››
964 3352 1052 3406 καὶ
1095 3351 1231 3427 πρὸς
1289 3350 1611 3425 προτροπῆν
1666 3354 1840 3403 κεῖται
1898 3352 2007 3403 τῶν

342 3443 756 3515 κηρυσσόντων.
818 3448 1017 3515 Ὥσπερ
1068 3443 1195 3515 γαρ,
1256 3438 1413 3518 φησί,
1496 3438 1700 3500 πάντας
1770 3439 2006 3503 σωθῆναι

348 3528 639 3605 δυσχερὲς,
674 3529 821 3586 οὕτω
850 3531 939 3586 καὶ
968 3530 1031 3585 τὸ
1067 3530 1142 3601 μὴ
1202 3528 1405 3591 πάντας
1453 3529 1716 3595 σωθῆναι.
1771 3551 1797 3578 ι(
1829 3529 2007 3584 Τοῦτο

345 3617 409 3675 δὲ
438 3625 584 3675 ποιῶ
612 3616 703 3674 διὰ
734 3621 797 3675 τὸ
832 3617 1183 3695 Εὺαγγέλιον.
1220 3640 1249 3669 ››
1304 3615 1644 3691 Εὐαγγέλιόν
1690 3637 1842 3695 φησι,
1881 3616 2009 3677 τοὺς

350 3706 445 3763 διὰ
473 3712 569 3764 τοῦ
601 3706 940 3784 Εὗαγγελίου
973 3710 1353 3780 σωζομένους,
1387 3704 1461 3767 ὡς
1499 3703 1587 3760 καί
1648 3703 1756 3759 ἂνω
1805 3700 2007 3780 ἔλεγεν,

354 3823 385 3851 ι(
419 3800 514 3854 Ἐκ
541 3802 640 3853 τοῦ
681 3794 1032 3874 Εὐαγγελίου
1064 3800 1184 3869 ζῇν,
1218 3819 1246 3848 ››
1278 3796 1581 3863 τουτέστιν,
1610 3791 1668 3848 ἐκ
1700 3794 1807 3848 τών
1861 3794 2010 3866 αὐτῷ

354 3889 816 3947 πεπιστευκότων.
876 3894 1044 3944 Τοῦτο
1096 3886 1153 3944 δὲ
1211 3892 1375 3956 ποιῶ,
1446 3884 1533 3941 διὰ
1588 3884 1715 3949 τοὺς
1798 3885 1858 3941 ἐκ
1912 3888 2007 3940 τοῦ

354 3981 709 4061 Εὖαγγελίου
741 3983 1147 4043 πιστεύσαντας.
1182 3987 1294 4036 Ἵνα
1325 3977 1565 4048 δυνηθῶ,
1598 3978 1753 4056 φησὶ,
1805 3997 2009 4033 κοινω-

354 4085 517 4147 νῆσαι
549 4081 737 4141 σῦτοῖς
766 4081 873 4133 τῶν
907 4074 1281 4148 ἀποκειμένων
1310 4072 1494 4134 αὐτοῖς
1526 4070 1767 4146 ἀγαθῶν,
1836 4070 2013 4125 πάντα

358 4167 594 4239 ἐποίησα
625 4168 714 4222 καὶ
746 4170 912 4221 ποιῶ.
944 4165 1087 4239 ’Όρα
1124 4160 1618 4237 ταπεινοφροσύνης
1677 4154 2009 4234 ὑπερϐολήν.

357 4262 539 4314 Ταῦτα
572 4255 629 4312 δὲ
661 4255 867 4333 ἔλεγεν,
900 4254 999 4309 οὐκ
1030 4249 1215 4320 ἐπειδὴ
1256 4254 1432 4324 μισθῷ
1459 4272 1566 4305 τινι
1596 4252 1761 4304 ταῦτα
1817 4243 2014 4321 ἔπρατ-

357 4367 473 4414 τεν,
505 4345 632 4402 ἀλλ’
659 4347 751 4401 ἳνα
781 4344 1015 4405 ἐκείνους
1048 4341 1409 4410 ἐπισπάσηται,
1440 4340 1609 4394 πάντα
1651 4342 1825 4394 ποιεῖν
1880 4338 2011 4412 ὑπὲρ

356 4439 460 4506 τῆς
490 4441 596 4491 τῶν
630 4433 881 4513 ἀδελφῶν
928 4428 1253 4504 οἰκοδομῆς,
1305 4430 1378 4491 ὡς
1426 4428 1515 4484 καὶ
1564 4426 1763 4489 ἐκεῖνος
1818 4425 2009 4482 ἐποίει⁶

2123 3348 2223 3404 sed
2256 3355 2314 3403 et
2338 3350 2487 3404 alios
2520 3350 2663 3421 ipsis
2696 3366 2823 3406 esse
2855 3350 3138 3406 molestos
3161 3350 3466 3422 prohibuit
3490 3352 3551 3404 ¹¹.
3582 3370 3606 3399 ι
3634 3350 3769 3405 Om-

2117 3438 2293 3493 nibus
2324 3439 2525 3495 omnia
2553 3440 2741 3495 factus
2774 3456 2926 3496 sum.
2988 3462 3015 3491 »
3076 3441 3144 3496 Ut
3201 3440 3456 3496 breviter
3521 3439 3769 3495 dicam:

2119 3528 2406 3586 Omnibus
2423 3535 2607 3586 tactus
2631 3546 2761 3586 sum
2786 3530 2843 3586 id
2864 3530 3022 3603 quod
3045 3547 3229 3596 eram,
3252 3547 3361 3587 nec
3390 3536 3590 3587 tamen
3645 3544 3774 3584 om-

2120 3633 2228 3673 nes
2250 3618 2440 3674 salvos
2460 3620 2651 3675 facere
2670 3623 3158 3691 sperans(revera
3184 3620 3341 3675 enim
3365 3619 3450 3675 sic
3472 3635 3591 3674 non
3623 3617 3769 3673 adeo

2120 3705 2541 3763 admirandum
2558 3707 2867 3780 esset),sed
2882 3714 2947 3762 ut
2966 3708 3053 3762 vel
3080 3725 3299 3779 paucos
3323 3708 3514 3763 salvos
3527 3706 3763 3761 faciam.

2121 3796 2286 3863 Quod
2318 3804 2514 3854 autem
2548 3798 2667 3853 ait:
2701 3821 2727 3847 (ι
2763 3798 3070 3864 Omnino,»
3105 3798 3283 3852 etiam
3305 3797 3378 3852 ad
3409 3796 3767 3851 exhortatio-

2122 3904 2258 3944 nem
2290 3888 2739 3959 praadicantium
2774 3889 3033 3959 ponitur.
3076 3886 3588 3952 Quemadmodum
3608 3884 3768 3940 enim

2122 3992 2352 4043 omnes,
2386 3975 2601 4045 inquit,
2662 3975 2852 4029 salvos
2911 3976 3107 4030 facere
3162 3981 3319 4031 esset
3366 3973 3631 4041 difﬁcile,
3691 3973 3775 4028 ita

2123 4080 2356 4135 quoque
2390 4064 2517 4118 ﬁeri
2550 4080 2667 4119 non
2699 4063 2871 4118 facile
2901 4069 3097 4135 potest
3127 4070 3191 4118 ut
3222 4064 3373 4119 nulli
3409 4062 3551 4118 salvi
3602 4062 3767 4118 fiant.

2123 4155 2281 4208 «Hoc
2297 4158 2494 4209 autem
2508 4152 2657 4208 facio
2670 4159 2911 4225 propter
2926 4153 3329 4227 Evangelium.
3350 4178 3370 4204 ι
3401 4151 3773 4226 Evangelium

2124 4244 2614 4316 diciteosquiper
2634 4243 3013 4317 Evangelium
3028 4244 3174 4299 salvi
3203 4244 3379 4299 (lunt:
3406 4245 3559 4300 sicut
3592 4244 3768 4300 etiam

2123 4342 2299 4392 antea
2326 4334 2476 4389 dixit
2509 4351 2521 4388 :
2559 4358 2585 4385 «
2620 4336 2698 4390 Ex
2730 4335 3041 4407 Evangelio
3074 4334 3288 4401 vivere,
3325 4354 3349 4386 ι
3386 4334 3497 4389 hoc
3529 4340 3638 4399 est,
3700 4350 3772 4391 ex

2123 4426 2216 4481 his
2247 4424 2347 4497 qui
2379 4424 2491 4497 ipsi
2524 4423 2925 4480 crediderunt.
2963 4428 3081 4479 Hoc
3112 4429 3312 4479 autem
3344 4423 3494 4478 facio
3526 4429 3772 4495 propter

361 4546 466 4588 eos
500 4528 599 4600 qui
632 4544 703 4583 ex
733 4525 1042 4599 Evangelio
1069 4522 1470 4579 crediderunt.
1527 4521 1599 4576 Ut
1654 4520 1898 4592 possim,
1959 4519 2170 4591 inquit,
2233 4533 2368 4572 cum
2424 4516 2569 4588 ipsis
2628 4515 2922 4588 particeps
2977 4515 3105 4570 fieri
3164 4514 3565 4586 repositorum
3620 4513 3768 4586 ipsis

360 4618 679 4681 bonorum,
707 4616 907 4672 omnia
936 4614 1047 4670 feci
1080 4619 1137 4669 et
1167 4612 1337 4669 facio.
1371 4610 1515 4667 Vide
1549 4609 1851 4665 modestius
1882 4606 2366 4680 magnitudinem.
2397 4607 2529 4661 Haec
2582 4612 2779 4661 autem
2840 4605 3091 4673 dicebat,
3151 4620 3270 4660 non
3330 4602 3490 4675 quod
3537 4602 3610 4659 ob
3662 4604 3772 4658 ali-

364 4706 525 4779 quod
555 4707 866 4779 przemium
899 4704 1024 4759 haec
1056 4702 1275 4759 faceret
1307 4718 1319 4756 :
1355 4700 1459 4757 sed
1488 4707 1554 4755 ut
1584 4699 1718 4754 illos
1740 4699 2083 4766 attraheret,
2117 4714 2233 4768 quo
2265 4697 2465 4753 omnia
2495 4696 2757 4751 facerent
2789 4712 2891 4768 pro
2909 4696 3157 4750 fratrum
3180 4692 3594 4763 mdiﬁcatione,
3619 4696 3772 4749 sicut

366 4804 427 4852 et
460 4797 586 4868 ipse
612 4796 887 4853 faciebat.

444 5004 553 5061 Ούκ
610 5001 796 5058 οῗδατε
850 5002 932 5056 ὅτι
992 5001 1043 5053 ot
1102 5000 1153 5053 ὲν
1216 4996 1419 5069 σταδίῳ
1476 4998 1764 5073 τρέχοντες
1824 4996 2093 5068 πάντεςυ

372 5095 468 5168 μέν
530 5092 840 5168 τρέιουσιν,
932 5092 1009 5151 εἷς
1096 5086 1151 5143 δὲ
1237 5082 1505 5161 λαμϐένει
1560 5088 1622 5141 τὸ
1685 5082 1937 5161 βραϐεῖον
1996 5108 2012 5157 ;

366 5182 557 5245 Οῦτως
584 5180 809 5259 τρέχετέ
852 5179 940 5233 ἳνα
995 5171 1362 5247 καταλάϐητε.
1427 5179 1533 5238 Hi;
1597 5177 1625 5230 ὁ
1681 5174 2017 5251 ἀγωνιζόμε-

364 5294 476 5336 νος.
536 5271 714 5327 πέντα
768 5266 1163 5344 ἐγκρατεύεται.
1239 5267 1475 5321 Ἐκεῖνοι
1564 5264 1658 5337 μέν

367 5361 602 5440 φθαρτὸν
670 5358 923 5437 στέφανον
980 5351 1248 5423 λάϐωσιν,
1322 5357 1485 5428 ἡμεῖς
1576 5352 1632 5408 Si
1717 5352 2011 5430 ἄφθαρτον.

367 5453 511 5527 Ἐγὼ
541 5448 719 5505 τοίνυν
751 5446 921 5509 οὕτως
977 5445 1184 5523 τρέχω,
1245 5444 1321 5506 ὡς
1377 5444 1481 5499 οὐκ
1526 5440 1773 5515 ἀδήλως
1833 5443 2011 5508 οὕτως

365 5538 639 5612 πυκτεύω,
698 5538 771 5599 ὡς
825 5536 926 5591 οὑκ
998 5532 1127 5610 ἀέρα
1212 5530 1406 5610 δέρων,
1490 5531 1615 5587 ἀλλ’
1705 5533 2013 5602 ὑπωπιάζω

439 5656 491 5695 ⁸ο
522 5659 644 5713 Act.
680 5658 797 5721 xxi,
830 5655 918 5707 20.
955 5654 996 5689 “
1032 5653 1199 5719 Rom,
1223 5667 1338 5717 xxv,
1372 5652 1396 5703 l
1434 5665 1558 5720 seq.

1755 5265 1849 5319 οὗν
1920 5266 2014 5320 ἳνα

2198 5023 2224 5050 ‹‹
2244 5002 2526 5067 ΙΧ,24-27,
2543 5006 2632 5054 An
2644 5000 2890 5055 nescitis
2909 5001 3067 5071 quod
3084 5003 3182 5073 qui
3200 5003 3259 5057 in
3301 5004 3474 5058 statio
3502 5004 3768 5065 currunt,

2127 5115 2152 5139 α
2170 5106 2379 5144 omnes
2396 5088 2637 5160 quidem
2654 5090 3034 5151 currunt.sed
3048 5108 3199 5147 unus
3213 5093 3429 5163 accipit
3443 5087 3774 5162 praemium?

2126 5201 2153 5229 ‹‹
2169 5179 2261 5234 Sic
2282 5180 2500 5233 currite
2517 5184 2584 5235 ut
2606 5180 3429 5251 comprehendatis.Quisquis
3442 5197 3510 5234 an
3524 5186 3639 5234 tem
3654 5193 3774 5233 cer-

2123 5291 2151 5317 «
2178 5274 2261 5323 tat
2287 5269 2532 5324 omnino
2558 5275 2897 5338 temperans
2921 5276 3030 5324 est.
3056 5270 3147 5325 llli
3173 5270 3467 5340 siquidem
3486 5275 3551 5323 ut
3572 5282 3773 5322 corru-

2126 5380 2153 5407 ιι
2168 5356 2436 5428 ptibilem
2452 5372 2729 5412 coronam
2746 5358 3179 5429 accipiant,nos
3192 5375 3325 5413 vero
3353 5356 3776 5427 incorruptibi-

2127 5470 2154 5497 α
2169 5447 2431 5519 lem.Ego
2446 5447 2645 5517 itaque
2660 5446 2744 5502 sic
2759 5464 2952 5514 curro,
2978 5454 3173 5503 utnon
3188 5449 3334 5505 501
3359 5448 3419 5503 in
3434 5447 3729 5503 incertum
3756 5459 3773 5501 :

2124 5555 2142 5584 ι
2163 5536 2250 5591 sic
2266 5535 2526 5609 pugilem
2538 5551 2795 5607 ago,non
2808 5536 2967 5593 velut
2982 5553 3180 5594 aerem
3191 5537 3414 5595 feriens
3434 5555 3446 5593 :
3466 5537 3569 5594 sed
3583 5536 3691 5594 sub
3691 5535 3777 5608 ji—
