  <div class='ocr_page' id='page_1' title='image "/cluster/home/n/w/nwhite01/storage/ocr_20150623/118/mdp.39015078384297/393.png"; bbox 0 0 4068 6254; ppageno 0'>
   <div class='ocr_carea' id='block_1_1' title="bbox 409 356 517 445">
    <p class='ocr_par' dir='ltr' id='par_1_1' title="bbox 409 356 517 445">
     <span class='ocr_line' id='line_1_1' title="bbox 409 356 517 445; baseline 0.028 -3"><span class='ocrx_word' id='word_1_1' title='bbox 409 356 517 445; x_wconf 67' lang='grc' dir='ltr'>ῆι</span> 
     </span>
    </p>
   </div>
   <div class='ocr_carea' id='block_1_2' title="bbox 1527 374 2676 475">
    <p class='ocr_par' dir='ltr' id='par_1_2' title="bbox 1527 374 2676 475">
     <span class='ocr_line' id='line_1_2' title="bbox 1527 374 2676 475; baseline 0.003 -35"><span class='ocrx_word' id='word_1_2' title='bbox 1527 377 1875 441; x_wconf 77' lang='lat' dir='ltr'>(ECUMEN</span> <span class='ocrx_word' id='word_1_3' title='bbox 1884 376 1933 437; x_wconf 88' lang='lat' dir='ltr'>II</span> <span class='ocrx_word' id='word_1_4' title='bbox 1976 374 2289 475; x_wconf 46' lang='lat' dir='ltr'>TRICQA</span> <span class='ocrx_word' id='word_1_5' title='bbox 2328 377 2676 469; x_wconf 68' lang='lat' dir='ltr'>EPISCOPl</span> 
     </span>
    </p>
   </div>
   <div class='ocr_carea' id='block_1_3' title="bbox 3710 368 3821 461">
    <p class='ocr_par' dir='ltr' id='par_1_3' title="bbox 3710 368 3821 461">
     <span class='ocr_line' id='line_1_3' title="bbox 3710 368 3821 461; baseline 0.018 -23"><span class='ocrx_word' id='word_1_6' title='bbox 3710 368 3821 461; x_wconf 60' lang='grc' dir='ltr'>ηε</span> 
     </span>
    </p>
   </div>
   <div class='ocr_carea' id='block_1_4' title="bbox 408 476 2036 592">
    <p class='ocr_par' dir='ltr' id='par_1_4' title="bbox 408 480 2036 588">
     <span class='ocr_line' id='line_1_4' title="bbox 408 480 2036 588; baseline -0.006 -13"><span class='ocrx_word' id='word_1_7' title='bbox 408 505 491 575; x_wconf 67' lang='lat' dir='ltr'>cio</span> <span class='ocrx_word' id='word_1_8' title='bbox 507 487 701 588; x_wconf 69' lang='lat' dir='ltr'>corpus</span> <span class='ocrx_word' id='word_1_9' title='bbox 716 532 897 572; x_wconf 83' lang='lat' dir='ltr'>meum</span> <span class='ocrx_word' id='word_1_10' title='bbox 918 522 969 571; x_wconf 85' lang='lat' dir='ltr'>et</span> <span class='ocrx_word' id='word_1_11' title='bbox 992 480 1053 569; x_wconf 69' lang='lat' dir='ltr'>iii</span> <span class='ocrx_word' id='word_1_12' title='bbox 1062 513 1604 584; x_wconf 77' lang='lat' dir='ltr'>servitutem‘redigo,</span> <span class='ocrx_word' id='word_1_13' title='bbox 1638 528 1707 567; x_wconf 86' lang='lat' dir='ltr'>ne</span> <span class='ocrx_word' id='word_1_14' title='bbox 1727 527 1836 584; x_wconf 87' lang='lat' dir='ltr'>quo</span> <span class='ocrx_word' id='word_1_15' title='bbox 1884 508 2036 566; x_wconf 83' lang='lat' dir='ltr'>modc</span> 
     </span>
    </p>
   </div>
   <div class='ocr_carea' id='block_1_5' title="bbox 2147 476 3832 592">
    <p class='ocr_par' dir='ltr' id='par_1_5' title="bbox 2147 476 3832 592">
     <span class='ocr_line' id='line_1_5' title="bbox 2147 476 3832 592; baseline 0.007 -28"><span class='ocrx_word' id='word_1_16' title='bbox 2147 496 2272 582; x_wconf 59' lang='lat' dir='ltr'>pou</span> <span class='ocrx_word' id='word_1_17' title='bbox 2326 482 2408 567; x_wconf 47' lang='grc' dir='ltr'>τὸ.</span> <span class='ocrx_word' id='word_1_18' title='bbox 2447 516 2607 585; x_wconf 70' lang='grc' dir='ltr'>σῶμα</span> <span class='ocrx_word' id='word_1_19' title='bbox 2660 516 2751 569; x_wconf 84' lang='grc' dir='ltr'>καὶ</span> <span class='ocrx_word' id='word_1_20' title='bbox 2809 511 3179 592; x_wconf 79' lang='grc' dir='ltr'>δουλαγωγῶ,</span> <span class='ocrx_word' id='word_1_21' title='bbox 3238 516 3314 590; x_wconf 78' lang='grc' dir='ltr'>μή</span> <span class='ocrx_word' id='word_1_22' title='bbox 3417 534 3593 577; x_wconf 53' lang='grc' dir='ltr'>πωςη</span> <span class='ocrx_word' id='word_1_23' title='bbox 3639 476 3832 575; x_wconf 54' lang='lat' dir='ltr'>altat:</span> 
     </span>
    </p>
   </div>
   <div class='ocr_carea' id='block_1_6' title="bbox 407 601 2051 680">
    <p class='ocr_par' dir='ltr' id='par_1_6' title="bbox 407 601 2051 680">
     <span class='ocr_line' id='line_1_6' title="bbox 407 601 2051 680; baseline -0.005 -17"><span class='ocrx_word' id='word_1_24' title='bbox 407 612 525 680; x_wconf 76' lang='lat' dir='ltr'>ﬁat,</span> <span class='ocrx_word' id='word_1_25' title='bbox 547 613 607 662; x_wconf 82' lang='lat' dir='ltr'>ut</span> <span class='ocrx_word' id='word_1_26' title='bbox 630 623 751 663; x_wconf 87' lang='lat' dir='ltr'>cum</span> <span class='ocrx_word' id='word_1_27' title='bbox 776 605 902 661; x_wconf 82' lang='lat' dir='ltr'>aliis</span> <span class='ocrx_word' id='word_1_28' title='bbox 918 606 1337 677; x_wconf 65' lang='lat' dir='ltr'>praedicaverim</span> <span class='ocrx_word' id='word_1_29' title='bbox 1365 605 1478 675; x_wconf 83' lang='lat' dir='ltr'>ipse</span> <span class='ocrx_word' id='word_1_30' title='bbox 1517 604 1780 675; x_wconf 78' lang='lat' dir='ltr'>reprobus</span> <span class='ocrx_word' id='word_1_31' title='bbox 1816 601 2051 672; x_wconf 80' lang='lat' dir='ltr'>efﬁciar.</span> 
     </span>
    </p>
   </div>
   <div class='ocr_carea' id='block_1_7' title="bbox 480 692 2057 769">
    <p class='ocr_par' dir='ltr' id='par_1_7' title="bbox 480 692 2057 769">
     <span class='ocr_line' id='line_1_7' title="bbox 480 692 2057 769; baseline -0.004 -16"><span class='ocrx_word' id='word_1_32' title='bbox 480 699 801 769; x_wconf 81' lang='lat' dir='ltr'>Postquam</span> <span class='ocrx_word' id='word_1_33' title='bbox 832 696 1091 751; x_wconf 78' lang='lat' dir='ltr'>ostendit</span> <span class='ocrx_word' id='word_1_34' title='bbox 1119 702 1389 767; x_wconf 75' lang='lat' dir='ltr'>oportere</span> <span class='ocrx_word' id='word_1_35' title='bbox 1423 694 1735 750; x_wconf 73' lang='lat' dir='ltr'>demittere</span> <span class='ocrx_word' id='word_1_36' title='bbox 1767 709 1828 747; x_wconf 91' lang='lat' dir='ltr'>se</span> <span class='ocrx_word' id='word_1_37' title='bbox 1859 692 1933 747; x_wconf 91' lang='lat' dir='ltr'>ad</span> <span class='ocrx_word' id='word_1_38' title='bbox 1963 693 2057 747; x_wconf 89' lang='lat' dir='ltr'>in-</span> 
     </span>
    </p>
   </div>
   <div class='ocr_carea' id='block_1_8' title="bbox 411 781 2050 855">
    <p class='ocr_par' dir='ltr' id='par_1_8' title="bbox 411 781 2050 855">
     <span class='ocr_line' id='line_1_8' title="bbox 411 781 2050 855; baseline -0.005 -12"><span class='ocrx_word' id='word_1_39' title='bbox 411 788 638 854; x_wconf 80' lang='lat' dir='ltr'>ﬁrmos,</span> <span class='ocrx_word' id='word_1_40' title='bbox 670 785 970 841; x_wconf 81' lang='lat' dir='ltr'>dicendo:</span> <span class='ocrx_word' id='word_1_41' title='bbox 1030 808 1059 834; x_wconf 87' lang='lat'><strong>«</strong></span> <span class='ocrx_word' id='word_1_42' title='bbox 1114 786 1324 840; x_wconf 80' lang='lat' dir='ltr'>Factus</span> <span class='ocrx_word' id='word_1_43' title='bbox 1382 801 1513 839; x_wconf 83' lang='lat' dir='ltr'>sum</span> <span class='ocrx_word' id='word_1_44' title='bbox 1572 783 1739 855; x_wconf 90' lang='lat' dir='ltr'>quasi</span> <span class='ocrx_word' id='word_1_45' title='bbox 1794 781 2050 846; x_wconf 67' lang='lat' dir='ltr'>Judarus,</span> 
     </span>
    </p>
   </div>
   <div class='ocr_carea' id='block_1_9' title="bbox 411 871 2052 949">
    <p class='ocr_par' dir='ltr' id='par_1_9' title="bbox 411 871 2052 949">
     <span class='ocr_line' id='line_1_9' title="bbox 411 871 2052 949; baseline -0.006 -17"><span class='ocrx_word' id='word_1_46' title='bbox 411 877 580 949; x_wconf 89' lang='lat' dir='ltr'>quasi</span> <span class='ocrx_word' id='word_1_47' title='bbox 614 876 742 931; x_wconf 87' lang='lat' dir='ltr'>sine</span> <span class='ocrx_word' id='word_1_48' title='bbox 775 875 923 947; x_wconf 79' lang='lat' dir='ltr'>lege,</span> <span class='ocrx_word' id='word_1_49' title='bbox 957 874 1125 945; x_wconf 89' lang='lat' dir='ltr'>quasi</span> <span class='ocrx_word' id='word_1_50' title='bbox 1151 874 1447 933; x_wconf 80' lang='lat' dir='ltr'>infirmus,</span> <span class='ocrx_word' id='word_1_51' title='bbox 1478 896 1503 921; x_wconf 80' lang='grc'><strong>››</strong></span> <span class='ocrx_word' id='word_1_52' title='bbox 1542 880 1609 926; x_wconf 92' lang='lat' dir='ltr'>ut</span> <span class='ocrx_word' id='word_1_53' title='bbox 1655 888 1755 926; x_wconf 88' lang='lat' dir='ltr'>eos</span> <span class='ocrx_word' id='word_1_54' title='bbox 1788 871 1887 941; x_wconf 87' lang='lat' dir='ltr'>qui</span> <span class='ocrx_word' id='word_1_55' title='bbox 1919 884 2052 923; x_wconf 88' lang='lat' dir='ltr'>vere</span> 
     </span>
    </p>
   </div>
   <div class='ocr_carea' id='block_1_10' title="bbox 408 961 2050 1031">
    <p class='ocr_par' dir='ltr' id='par_1_10' title="bbox 408 961 2050 1031">
     <span class='ocr_line' id='line_1_10' title="bbox 408 961 2050 1031; baseline -0.004 -12"><span class='ocrx_word' id='word_1_56' title='bbox 408 965 558 1020; x_wconf 80' lang='lat' dir='ltr'>tales</span> <span class='ocrx_word' id='word_1_57' title='bbox 589 975 759 1018; x_wconf 88' lang='lat' dir='ltr'>erant</span> <span class='ocrx_word' id='word_1_58' title='bbox 788 964 978 1019; x_wconf 86' lang='lat' dir='ltr'>salvos</span> <span class='ocrx_word' id='word_1_59' title='bbox 1007 963 1264 1018; x_wconf 86' lang='lat' dir='ltr'>facerem</span> <span class='ocrx_word' id='word_1_60' title='bbox 1297 980 1308 1016; x_wconf 92' lang='lat'><strong>:</strong></span> <span class='ocrx_word' id='word_1_61' title='bbox 1345 962 1624 1031; x_wconf 78' lang='lat' dir='ltr'>deinceps</span> <span class='ocrx_word' id='word_1_62' title='bbox 1684 961 1879 1014; x_wconf 90' lang='lat' dir='ltr'>acrius</span> <span class='ocrx_word' id='word_1_63' title='bbox 1914 974 2050 1012; x_wconf 88' lang='lat' dir='ltr'>cum</span> 
     </span>
    </p>
   </div>
   <div class='ocr_carea' id='block_1_11' title="bbox 408 1051 2051 1123">
    <p class='ocr_par' dir='ltr' id='par_1_11' title="bbox 408 1051 2051 1123">
     <span class='ocr_line' id='line_1_11' title="bbox 408 1051 2051 1123; baseline -0.005 -12"><span class='ocrx_word' id='word_1_64' title='bbox 408 1056 494 1111; x_wconf 91' lang='lat' dir='ltr'>eis</span> <span class='ocrx_word' id='word_1_65' title='bbox 513 1055 766 1111; x_wconf 88' lang='lat' dir='ltr'>disserit.</span> <span class='ocrx_word' id='word_1_66' title='bbox 796 1055 913 1109; x_wconf 85' lang='lat' dir='ltr'>Hoc</span> <span class='ocrx_word' id='word_1_67' title='bbox 934 1060 1131 1109; x_wconf 88' lang='lat' dir='ltr'>autem</span> <span class='ocrx_word' id='word_1_68' title='bbox 1164 1053 1498 1123; x_wconf 81' lang='lat' dir='ltr'>exemplum</span> <span class='ocrx_word' id='word_1_69' title='bbox 1557 1051 1774 1122; x_wconf 83' lang='lat' dir='ltr'>posuit,</span> <span class='ocrx_word' id='word_1_70' title='bbox 1800 1066 1919 1103; x_wconf 90' lang='lat' dir='ltr'>non</span> <span class='ocrx_word' id='word_1_71' title='bbox 1951 1064 2051 1103; x_wconf 89' lang='lat' dir='ltr'>v0-</span> 
     </span>
    </p>
   </div>
   <div class='ocr_carea' id='block_1_12' title="bbox 402 1137 2045 1200">
    <p class='ocr_par' dir='ltr' id='par_1_12' title="bbox 402 1137 2045 1200">
     <span class='ocr_line' id='line_1_12' title="bbox 402 1137 2045 1200; baseline -0.005 -1"><span class='ocrx_word' id='word_1_72' title='bbox 402 1144 537 1200; x_wconf 89' lang='lat' dir='ltr'>lens</span> <span class='ocrx_word' id='word_1_73' title='bbox 568 1144 881 1199; x_wconf 90' lang='lat' dir='ltr'>ostendere</span> <span class='ocrx_word' id='word_1_74' title='bbox 916 1160 976 1198; x_wconf 88' lang='lat' dir='ltr'>se</span> <span class='ocrx_word' id='word_1_75' title='bbox 1010 1143 1201 1197; x_wconf 88' lang='lat' dir='ltr'>solum</span> <span class='ocrx_word' id='word_1_76' title='bbox 1225 1159 1293 1197; x_wconf 75' lang='lat' dir='ltr'>ex</span> <span class='ocrx_word' id='word_1_77' title='bbox 1323 1141 1603 1196; x_wconf 87' lang='lat' dir='ltr'>omnibus</span> <span class='ocrx_word' id='word_1_78' title='bbox 1635 1138 1898 1194; x_wconf 80' lang='lat' dir='ltr'>futurum</span> <span class='ocrx_word' id='word_1_79' title='bbox 1919 1137 2045 1192; x_wconf 88' lang='lat' dir='ltr'>sal-</span> 
     </span>
    </p>
   </div>
   <div class='ocr_carea' id='block_1_13' title="bbox 398 1226 2049 1301">
    <p class='ocr_par' dir='ltr' id='par_1_13' title="bbox 398 1226 2049 1301">
     <span class='ocr_line' id='line_1_13' title="bbox 398 1226 2049 1301; baseline -0.004 -14"><span class='ocrx_word' id='word_1_80' title='bbox 398 1252 532 1289; x_wconf 88' lang='lat' dir='ltr'>vum</span> <span class='ocrx_word' id='word_1_81' title='bbox 570 1251 583 1287; x_wconf 88' lang='lat'><strong>:</strong></span> <span class='ocrx_word' id='word_1_82' title='bbox 616 1232 815 1288; x_wconf 84' lang='lat' dir='ltr'>absit:</span> <span class='ocrx_word' id='word_1_83' title='bbox 851 1232 954 1287; x_wconf 90' lang='lat' dir='ltr'>sed</span> <span class='ocrx_word' id='word_1_84' title='bbox 1003 1230 1327 1287; x_wconf 90' lang='lat' dir='ltr'>ostendens</span> <span class='ocrx_word' id='word_1_85' title='bbox 1385 1230 1544 1301; x_wconf 91' lang='lat' dir='ltr'>quod</span> <span class='ocrx_word' id='word_1_86' title='bbox 1600 1228 1743 1283; x_wconf 89' lang='lat' dir='ltr'>satis</span> <span class='ocrx_word' id='word_1_87' title='bbox 1799 1244 1920 1282; x_wconf 89' lang='lat' dir='ltr'>non</span> <span class='ocrx_word' id='word_1_88' title='bbox 1970 1226 2049 1281; x_wconf 90' lang='lat' dir='ltr'>sit</span> 
     </span>
    </p>
   </div>
   <div class='ocr_carea' id='block_1_14' title="bbox 396 1322 2040 1385">
    <p class='ocr_par' dir='ltr' id='par_1_14' title="bbox 396 1322 2040 1385">
     <span class='ocr_line' id='line_1_14' title="bbox 396 1322 2040 1385; baseline -0.004 -5"><span class='ocrx_word' id='word_1_89' title='bbox 396 1325 640 1380; x_wconf 84' lang='lat' dir='ltr'>credere</span> <span class='ocrx_word' id='word_1_90' title='bbox 671 1330 923 1385; x_wconf 87' lang='lat' dir='ltr'>tantum,</span> <span class='ocrx_word' id='word_1_91' title='bbox 959 1323 1113 1378; x_wconf 87' lang='lat' dir='ltr'>sicut</span> <span class='ocrx_word' id='word_1_92' title='bbox 1142 1338 1251 1377; x_wconf 85' lang='lat' dir='ltr'>nec</span> <span class='ocrx_word' id='word_1_93' title='bbox 1284 1322 1403 1376; x_wconf 86' lang='lat' dir='ltr'>illis</span> <span class='ocrx_word' id='word_1_94' title='bbox 1434 1322 1575 1376; x_wconf 84' lang='lat' dir='ltr'>satis</span> <span class='ocrx_word' id='word_1_95' title='bbox 1635 1325 1726 1374; x_wconf 90' lang='lat' dir='ltr'>est</span> <span class='ocrx_word' id='word_1_96' title='bbox 1781 1334 2040 1381; x_wconf 84' lang='lat' dir='ltr'>currere,</span> 
     </span>
    </p>
   </div>
   <div class='ocr_carea' id='block_1_15' title="bbox 398 1405 2041 1485">
    <p class='ocr_par' dir='ltr' id='par_1_15' title="bbox 398 1405 2041 1485">
     <span class='ocr_line' id='line_1_15' title="bbox 398 1405 2041 1485; baseline -0.004 -17"><span class='ocrx_word' id='word_1_97' title='bbox 398 1413 499 1469; x_wconf 89' lang='lat' dir='ltr'>sed</span> <span class='ocrx_word' id='word_1_98' title='bbox 533 1419 767 1484; x_wconf 83' lang='lat' dir='ltr'>oportet</span> <span class='ocrx_word' id='word_1_99' title='bbox 797 1412 1142 1485; x_wconf 72' lang='lat' dir='ltr'>diligentem</span> <span class='ocrx_word' id='word_1_100' title='bbox 1171 1429 1239 1467; x_wconf 91' lang='lat' dir='ltr'>ac</span> <span class='ocrx_word' id='word_1_101' title='bbox 1266 1410 1539 1466; x_wconf 87' lang='lat' dir='ltr'>sedulum</span> <span class='ocrx_word' id='word_1_102' title='bbox 1573 1425 1723 1470; x_wconf 85' lang='lat' dir='ltr'>esse.</span> <span class='ocrx_word' id='word_1_103' title='bbox 1748 1424 1935 1479; x_wconf 89' lang='lat' dir='ltr'>usque</span> <span class='ocrx_word' id='word_1_104' title='bbox 1966 1405 2041 1461; x_wconf 90' lang='lat' dir='ltr'>ad</span> 
     </span>
    </p>
   </div>
   <div class='ocr_carea' id='block_1_16' title="bbox 395 1500 2040 1576">
    <p class='ocr_par' dir='ltr' id='par_1_16' title="bbox 395 1500 2040 1576">
     <span class='ocr_line' id='line_1_16' title="bbox 395 1500 2040 1576; baseline -0.005 -17"><span class='ocrx_word' id='word_1_105' title='bbox 395 1504 625 1576; x_wconf 62' lang='lat' dir='ltr'>praemii</span> <span class='ocrx_word' id='word_1_106' title='bbox 686 1502 804 1558; x_wconf 86' lang='lat' dir='ltr'>sive</span> <span class='ocrx_word' id='word_1_107' title='bbox 862 1514 1094 1558; x_wconf 74' lang='lat' dir='ltr'>c&#39;oronm</span> <span class='ocrx_word' id='word_1_108' title='bbox 1153 1502 1595 1574; x_wconf 84' lang='lat' dir='ltr'>perceptionem</span> <span class='ocrx_word' id='word_1_109' title='bbox 1690 1500 2040 1568; x_wconf 85' lang='lat' dir='ltr'>Quanquam</span> 
     </span>
    </p>
   </div>
   <div class='ocr_carea' id='block_1_17' title="bbox 398 1586 2038 1664">
    <p class='ocr_par' dir='ltr' id='par_1_17' title="bbox 398 1586 2038 1664">
     <span class='ocr_line' id='line_1_17' title="bbox 398 1586 2038 1664; baseline -0.004 -16"><span class='ocrx_word' id='word_1_110' title='bbox 398 1594 554 1648; x_wconf 88' lang='lat' dir='ltr'>enim</span> <span class='ocrx_word' id='word_1_111' title='bbox 575 1592 967 1664; x_wconf 82' lang='lat' dir='ltr'>ﬁdei,inquit.</span> <span class='ocrx_word' id='word_1_112' title='bbox 991 1592 1260 1647; x_wconf 88' lang='lat' dir='ltr'>notitiam</span> <span class='ocrx_word' id='word_1_113' title='bbox 1307 1589 1556 1656; x_wconf 79' lang='lat' dir='ltr'>habetis,</span> <span class='ocrx_word' id='word_1_114' title='bbox 1610 1589 1723 1644; x_wconf 86' lang='lat' dir='ltr'>nisi</span> <span class='ocrx_word' id='word_1_115' title='bbox 1758 1604 1886 1642; x_wconf 88' lang='lat' dir='ltr'>eam</span> <span class='ocrx_word' id='word_1_116' title='bbox 1920 1586 2038 1641; x_wconf 86' lang='lat' dir='ltr'>fra-</span> 
     </span>
    </p>
   </div>
   <div class='ocr_carea' id='block_1_18' title="bbox 393 1676 2037 1753">
    <p class='ocr_par' dir='ltr' id='par_1_18' title="bbox 393 1676 2037 1753">
     <span class='ocr_line' id='line_1_18' title="bbox 393 1676 2037 1753; baseline -0.004 -16"><span class='ocrx_word' id='word_1_117' title='bbox 393 1688 551 1739; x_wconf 87' lang='lat' dir='ltr'>trum</span> <span class='ocrx_word' id='word_1_118' title='bbox 570 1678 1839 1753; x_wconf 58' lang='lat' dir='ltr'>dilectionijunxeritisiiihilproderitvobis</span> <span class='ocrx_word' id='word_1_119' title='bbox 1891 1676 2037 1731; x_wconf 88' lang='lat' dir='ltr'>Nam</span> 
     </span>
    </p>
   </div>
   <div class='ocr_carea' id='block_1_19' title="bbox 391 1766 2033 1844">
    <p class='ocr_par' dir='ltr' id='par_1_19' title="bbox 391 1766 2033 1844">
     <span class='ocr_line' id='line_1_19' title="bbox 391 1766 2033 1844; baseline -0.004 -19"><span class='ocrx_word' id='word_1_120' title='bbox 391 1771 454 1826; x_wconf 91' lang='lat' dir='ltr'>in</span> <span class='ocrx_word' id='word_1_121' title='bbox 479 1771 887 1844; x_wconf 89' lang='lat' dir='ltr'>superioribus</span> <span class='ocrx_word' id='word_1_122' title='bbox 912 1788 1147 1843; x_wconf 90' lang='lat' dir='ltr'>quoque</span> <span class='ocrx_word' id='word_1_123' title='bbox 1169 1770 1327 1825; x_wconf 91' lang='lat' dir='ltr'>hunc</span> <span class='ocrx_word' id='word_1_124' title='bbox 1361 1784 1697 1824; x_wconf 85' lang='lat' dir='ltr'>sermonem</span> <span class='ocrx_word' id='word_1_125' title='bbox 1730 1766 2033 1838; x_wconf 72' lang='lat' dir='ltr'>explicuit.</span> 
     </span>
    </p>
   </div>
   <div class='ocr_carea' id='block_1_20' title="bbox 390 1854 2035 1932">
    <p class='ocr_par' dir='ltr' id='par_1_20' title="bbox 390 1854 2035 1932">
     <span class='ocr_line' id='line_1_20' title="bbox 390 1854 2035 1932; baseline -0.004 -17"><span class='ocrx_word' id='word_1_126' title='bbox 390 1883 418 1911; x_wconf 87' lang='lat'><strong>«</strong></span> <span class='ocrx_word' id='word_1_127' title='bbox 443 1860 538 1917; x_wconf 86' lang='lat' dir='ltr'>Sic</span> <span class='ocrx_word' id='word_1_128' title='bbox 553 1862 772 1917; x_wconf 84' lang='lat' dir='ltr'>currite</span> <span class='ocrx_word' id='word_1_129' title='bbox 794 1866 862 1916; x_wconf 88' lang='lat' dir='ltr'>ut</span> <span class='ocrx_word' id='word_1_130' title='bbox 886 1858 1424 1932; x_wconf 88' lang='lat' dir='ltr'>comprehendatis.</span> <span class='ocrx_word' id='word_1_131' title='bbox 1455 1882 1478 1910; x_wconf 73' lang='grc' dir='ltr'><strong><em>ι</em></strong></span> <span class='ocrx_word' id='word_1_132' title='bbox 1514 1858 1718 1928; x_wconf 83' lang='lat' dir='ltr'>Itaque</span> <span class='ocrx_word' id='word_1_133' title='bbox 1768 1854 2035 1911; x_wconf 90' lang='lat' dir='ltr'>nondum</span> 
     </span>
    </p>
   </div>
   <div class='ocr_carea' id='block_1_21' title="bbox 389 1944 2035 2021">
    <p class='ocr_par' dir='ltr' id='par_1_21' title="bbox 389 1944 2035 2021">
     <span class='ocr_line' id='line_1_21' title="bbox 389 1944 2035 2021; baseline -0.003 -16"><span class='ocrx_word' id='word_1_134' title='bbox 389 1950 969 2021; x_wconf 85' lang='lat' dir='ltr'>comprehenderant</span> <span class='ocrx_word' id='word_1_135' title='bbox 999 1972 1025 1998; x_wconf 83' lang='lat'><strong>«</strong></span> <span class='ocrx_word' id='word_1_136' title='bbox 1058 1949 1339 2018; x_wconf 84' lang='lat' dir='ltr'>Quisquis</span> <span class='ocrx_word' id='word_1_137' title='bbox 1369 1952 1564 2002; x_wconf 89' lang='lat' dir='ltr'>autem</span> <span class='ocrx_word' id='word_1_138' title='bbox 1599 1950 1803 2001; x_wconf 86' lang='lat' dir='ltr'>certat.</span> <span class='ocrx_word' id='word_1_139' title='bbox 1840 1967 1867 1994; x_wconf 81' lang='grc'>››</span> <span class='ocrx_word' id='word_1_140' title='bbox 1921 1944 2035 2000; x_wconf 88' lang='lat' dir='ltr'>Do-</span> 
     </span>
    </p>
   </div>
   <div class='ocr_carea' id='block_1_22' title="bbox 391 2035 2035 2112">
    <p class='ocr_par' dir='ltr' id='par_1_22' title="bbox 391 2035 2035 2112">
     <span class='ocr_line' id='line_1_22' title="bbox 391 2035 2035 2112; baseline -0.003 -19"><span class='ocrx_word' id='word_1_141' title='bbox 391 2044 486 2093; x_wconf 92' lang='lat' dir='ltr'>cet</span> <span class='ocrx_word' id='word_1_142' title='bbox 515 2040 693 2093; x_wconf 85' lang='lat' dir='ltr'>etiam</span> <span class='ocrx_word' id='word_1_143' title='bbox 726 2038 967 2093; x_wconf 90' lang='lat' dir='ltr'>modum</span> <span class='ocrx_word' id='word_1_144' title='bbox 1000 2054 1115 2107; x_wconf 91' lang='lat' dir='ltr'>quo</span> <span class='ocrx_word' id='word_1_145' title='bbox 1161 2036 1362 2112; x_wconf 85' lang='lat' dir='ltr'>possit</span> <span class='ocrx_word' id='word_1_146' title='bbox 1420 2035 1715 2107; x_wconf 86' lang='lat' dir='ltr'>quispiam</span> <span class='ocrx_word' id='word_1_147' title='bbox 1766 2049 2035 2104; x_wconf 86' lang='lat' dir='ltr'>compre-</span> 
     </span>
    </p>
   </div>
   <div class='ocr_carea' id='block_1_23' title="bbox 394 2125 2036 2199">
    <p class='ocr_par' dir='ltr' id='par_1_23' title="bbox 394 2125 2036 2199">
     <span class='ocr_line' id='line_1_23' title="bbox 394 2125 2036 2199; baseline -0.002 -17"><span class='ocrx_word' id='word_1_148' title='bbox 394 2127 676 2182; x_wconf 88' lang='lat' dir='ltr'>hendere.</span> <span class='ocrx_word' id='word_1_149' title='bbox 739 2150 767 2178; x_wconf 85' lang='lat'><strong>«</strong></span> <span class='ocrx_word' id='word_1_150' title='bbox 826 2127 1079 2182; x_wconf 90' lang='lat' dir='ltr'>Omnino</span> <span class='ocrx_word' id='word_1_151' title='bbox 1140 2133 1476 2199; x_wconf 87' lang='lat' dir='ltr'>temperans</span> <span class='ocrx_word' id='word_1_152' title='bbox 1535 2130 1643 2181; x_wconf 89' lang='lat' dir='ltr'>est.</span> <span class='ocrx_word' id='word_1_153' title='bbox 1733 2125 1851 2179; x_wconf 82' lang='lat' dir='ltr'>Hoc</span> <span class='ocrx_word' id='word_1_154' title='bbox 1927 2128 2036 2195; x_wconf 88' lang='lat' dir='ltr'>est,</span> 
     </span>
    </p>
   </div>
   <div class='ocr_carea' id='block_1_24' title="bbox 391 2214 2031 2288">
    <p class='ocr_par' dir='ltr' id='par_1_24' title="bbox 391 2214 2031 2288">
     <span class='ocr_line' id='line_1_24' title="bbox 391 2214 2031 2288; baseline -0.003 -16"><span class='ocrx_word' id='word_1_155' title='bbox 391 2216 522 2272; x_wconf 85' lang='lat' dir='ltr'>Non</span> <span class='ocrx_word' id='word_1_156' title='bbox 553 2216 943 2288; x_wconf 89' lang='lat' dir='ltr'>aliquousque</span> <span class='ocrx_word' id='word_1_157' title='bbox 975 2222 1266 2287; x_wconf 88' lang='lat' dir='ltr'>temperat</span> <span class='ocrx_word' id='word_1_158' title='bbox 1322 2222 1379 2270; x_wconf 89' lang='lat' dir='ltr'>et</span> <span class='ocrx_word' id='word_1_159' title='bbox 1436 2214 1831 2287; x_wconf 86' lang='lat' dir='ltr'>aliquonsque</span> <span class='ocrx_word' id='word_1_160' title='bbox 1887 2230 2031 2268; x_wconf 91' lang='lat' dir='ltr'>non.</span> 
     </span>
    </p>
   </div>
   <div class='ocr_carea' id='block_1_25' title="bbox 391 2303 2034 2371">
    <p class='ocr_par' dir='ltr' id='par_1_25' title="bbox 391 2303 2034 2371">
     <span class='ocr_line' id='line_1_25' title="bbox 391 2303 2034 2371; baseline -0.002 -10"><span class='ocrx_word' id='word_1_161' title='bbox 391 2306 536 2361; x_wconf 86' lang='lat' dir='ltr'>Nam</span> <span class='ocrx_word' id='word_1_162' title='bbox 569 2306 681 2361; x_wconf 87' lang='lat' dir='ltr'>hoc</span> <span class='ocrx_word' id='word_1_163' title='bbox 710 2321 843 2360; x_wconf 85' lang='lat' dir='ltr'>vere</span> <span class='ocrx_word' id='word_1_164' title='bbox 900 2309 1126 2361; x_wconf 89' lang='lat' dir='ltr'>certare</span> <span class='ocrx_word' id='word_1_165' title='bbox 1187 2309 1295 2371; x_wconf 90' lang='lat' dir='ltr'>est,</span> <span class='ocrx_word' id='word_1_166' title='bbox 1357 2310 1705 2360; x_wconf 88' lang='lat' dir='ltr'>cunctarum</span> <span class='ocrx_word' id='word_1_167' title='bbox 1752 2303 2034 2358; x_wconf 89' lang='lat' dir='ltr'>virtutum</span> 
     </span>
    </p>
   </div>
   <div class='ocr_carea' id='block_1_26' title="bbox 390 2384 2038 2468">
    <p class='ocr_par' dir='ltr' id='par_1_26' title="bbox 390 2384 2038 2468">
     <span class='ocr_line' id='line_1_26' title="bbox 390 2384 2038 2468; baseline -0.002 -17"><span class='ocrx_word' id='word_1_168' title='bbox 390 2408 447 2451; x_wconf 82' lang='lat' dir='ltr'>et</span> <span class='ocrx_word' id='word_1_169' title='bbox 477 2384 908 2468; x_wconf 59' lang='lat' dir='ltr'>praceptorum</span> <span class='ocrx_word' id='word_1_170' title='bbox 940 2396 1349 2452; x_wconf 87' lang='lat' dir='ltr'>observantem</span> <span class='ocrx_word' id='word_1_171' title='bbox 1382 2411 1533 2460; x_wconf 88' lang='lat' dir='ltr'>esse,</span> <span class='ocrx_word' id='word_1_172' title='bbox 1571 2400 1628 2449; x_wconf 87' lang='lat' dir='ltr'>et</span> <span class='ocrx_word' id='word_1_173' title='bbox 1657 2393 1728 2450; x_wconf 88' lang='lat' dir='ltr'>ab</span> <span class='ocrx_word' id='word_1_174' title='bbox 1759 2391 2038 2448; x_wconf 86' lang='lat' dir='ltr'>omnibus</span> 
     </span>
    </p>
   </div>
   <div class='ocr_carea' id='block_1_27' title="bbox 385 2483 2040 2541">
    <p class='ocr_par' dir='ltr' id='par_1_27' title="bbox 385 2483 2040 2541">
     <span class='ocr_line' id='line_1_27' title="bbox 385 2483 2040 2541; baseline -0.004 0"><span class='ocrx_word' id='word_1_175' title='bbox 385 2486 562 2541; x_wconf 87' lang='lat' dir='ltr'>malis</span> <span class='ocrx_word' id='word_1_176' title='bbox 594 2491 651 2540; x_wconf 92' lang='lat' dir='ltr'>et</span> <span class='ocrx_word' id='word_1_177' title='bbox 678 2485 995 2541; x_wconf 88' lang='lat' dir='ltr'>contrariis</span> <span class='ocrx_word' id='word_1_178' title='bbox 1025 2485 1321 2540; x_wconf 89' lang='lat' dir='ltr'>abstinere</span> <span class='ocrx_word' id='word_1_179' title='bbox 1351 2500 1363 2538; x_wconf 92' lang='lat'>:</span> <span class='ocrx_word' id='word_1_180' title='bbox 1398 2483 1493 2540; x_wconf 89' lang='lat' dir='ltr'>hic</span> <span class='ocrx_word' id='word_1_181' title='bbox 1524 2483 1686 2539; x_wconf 90' lang='lat' dir='ltr'>enim</span> <span class='ocrx_word' id='word_1_182' title='bbox 1719 2498 1890 2538; x_wconf 88' lang='lat' dir='ltr'>verus</span> <span class='ocrx_word' id='word_1_183' title='bbox 1950 2486 2040 2538; x_wconf 87' lang='lat' dir='ltr'>est</span> 
     </span>
    </p>
   </div>
   <div class='ocr_carea' id='block_1_28' title="bbox 387 2573 2038 2649">
    <p class='ocr_par' dir='ltr' id='par_1_28' title="bbox 387 2573 2038 2649">
     <span class='ocr_line' id='line_1_28' title="bbox 387 2573 2038 2649; baseline -0.002 -19"><span class='ocrx_word' id='word_1_184' title='bbox 387 2574 570 2649; x_wconf 80' lang='lat' dir='ltr'>pugil.</span> <span class='ocrx_word' id='word_1_185' title='bbox 608 2599 626 2623; x_wconf 84' lang='lat'><strong>-</strong></span> <span class='ocrx_word' id='word_1_186' title='bbox 667 2576 739 2632; x_wconf 90' lang='lat' dir='ltr'>Ut</span> <span class='ocrx_word' id='word_1_187' title='bbox 768 2575 1216 2647; x_wconf 90' lang='lat' dir='ltr'>corruptibilem</span> <span class='ocrx_word' id='word_1_188' title='bbox 1245 2590 1527 2630; x_wconf 89' lang='lat' dir='ltr'>coronam</span> <span class='ocrx_word' id='word_1_189' title='bbox 1559 2573 1872 2645; x_wconf 86' lang='lat' dir='ltr'>accipiant.</span> <span class='ocrx_word' id='word_1_190' title='bbox 1910 2594 1938 2621; x_wconf 84' lang='grc'>››</span> <span class='ocrx_word' id='word_1_191' title='bbox 1958 2574 2038 2627; x_wconf 82' lang='lat' dir='ltr'><strong>Ex</strong></span> 
     </span>
    </p>
   </div>
   <div class='ocr_carea' id='block_1_29' title="bbox 388 2660 2036 2736">
    <p class='ocr_par' dir='ltr' id='par_1_29' title="bbox 388 2660 2036 2736">
     <span class='ocr_line' id='line_1_29' title="bbox 388 2660 2036 2736; baseline -0.003 -16"><span class='ocrx_word' id='word_1_192' title='bbox 388 2665 830 2736; x_wconf 85' lang='lat' dir='ltr'>comparatione</span> <span class='ocrx_word' id='word_1_193' title='bbox 861 2664 943 2719; x_wconf 83' lang='lat' dir='ltr'>ad</span> <span class='ocrx_word' id='word_1_194' title='bbox 968 2664 1029 2719; x_wconf 88' lang='lat' dir='ltr'>id</span> <span class='ocrx_word' id='word_1_195' title='bbox 1065 2663 1223 2731; x_wconf 90' lang='lat' dir='ltr'>quod</span> <span class='ocrx_word' id='word_1_196' title='bbox 1255 2663 1457 2717; x_wconf 89' lang='lat' dir='ltr'>minus</span> <span class='ocrx_word' id='word_1_197' title='bbox 1482 2668 1571 2716; x_wconf 90' lang='lat' dir='ltr'>est</span> <span class='ocrx_word' id='word_1_198' title='bbox 1592 2678 1717 2716; x_wconf 89' lang='lat' dir='ltr'>rem</span> <span class='ocrx_word' id='word_1_199' title='bbox 1748 2667 1942 2733; x_wconf 80' lang='lat' dir='ltr'>auget.</span> <span class='ocrx_word' id='word_1_200' title='bbox 1979 2660 2036 2715; x_wconf 87' lang='lat' dir='ltr'>Si</span> 
     </span>
    </p>
   </div>
   <div class='ocr_carea' id='block_1_30' title="bbox 389 2752 2039 2828">
    <p class='ocr_par' dir='ltr' id='par_1_30' title="bbox 389 2752 2039 2828">
     <span class='ocr_line' id='line_1_30' title="bbox 389 2752 2039 2828; baseline -0.002 -18"><span class='ocrx_word' id='word_1_201' title='bbox 389 2755 449 2810; x_wconf 91' lang='lat' dir='ltr'>hi</span> <span class='ocrx_word' id='word_1_202' title='bbox 482 2756 805 2828; x_wconf 89' lang='lat' dir='ltr'>inquit,qui</span> <span class='ocrx_word' id='word_1_203' title='bbox 823 2755 879 2809; x_wconf 91' lang='lat' dir='ltr'>in</span> <span class='ocrx_word' id='word_1_204' title='bbox 901 2754 1092 2809; x_wconf 89' lang='lat' dir='ltr'>stadio</span> <span class='ocrx_word' id='word_1_205' title='bbox 1107 2752 1611 2809; x_wconf 89' lang='lat' dir='ltr'>certant.omnino</span> <span class='ocrx_word' id='word_1_206' title='bbox 1637 2758 2039 2821; x_wconf 88' lang='lat' dir='ltr'>temperantes</span> 
     </span>
    </p>
   </div>
   <div class='ocr_carea' id='block_1_31' title="bbox 391 2839 2039 2913">
    <p class='ocr_par' dir='ltr' id='par_1_31' title="bbox 391 2839 2039 2913">
     <span class='ocr_line' id='line_1_31' title="bbox 391 2839 2039 2913; baseline -0.002 -15"><span class='ocrx_word' id='word_1_207' title='bbox 391 2852 531 2899; x_wconf 84' lang='lat' dir='ltr'>sunt</span> <span class='ocrx_word' id='word_1_208' title='bbox 559 2861 633 2899; x_wconf 88' lang='lat' dir='ltr'>ne</span> <span class='ocrx_word' id='word_1_209' title='bbox 665 2843 1074 2898; x_wconf 85' lang='lat' dir='ltr'>fortitudinem</span> <span class='ocrx_word' id='word_1_210' title='bbox 1124 2847 1530 2913; x_wconf 87' lang='lat' dir='ltr'>corrumpant,</span> <span class='ocrx_word' id='word_1_211' title='bbox 1592 2839 2039 2911; x_wconf 85' lang='lat' dir='ltr'>corruptibilem</span> 
     </span>
    </p>
   </div>
   <div class='ocr_carea' id='block_1_32' title="bbox 390 2928 2035 3003">
    <p class='ocr_par' dir='ltr' id='par_1_32' title="bbox 390 2928 2035 3003">
     <span class='ocr_line' id='line_1_32' title="bbox 390 2928 2035 3003; baseline -0.003 -16"><span class='ocrx_word' id='word_1_212' title='bbox 390 2939 631 3003; x_wconf 89' lang='lat' dir='ltr'>optante</span> <span class='ocrx_word' id='word_1_213' title='bbox 647 2931 1253 3002; x_wconf 87' lang='lat' dir='ltr'>coronam,quomodo</span> <span class='ocrx_word' id='word_1_214' title='bbox 1273 2948 1378 2985; x_wconf 89' lang='lat' dir='ltr'>nos</span> <span class='ocrx_word' id='word_1_215' title='bbox 1394 2931 1491 3001; x_wconf 87' lang='lat' dir='ltr'>qui</span> <span class='ocrx_word' id='word_1_216' title='bbox 1520 2928 2035 3001; x_wconf 84' lang='lat' dir='ltr'>incorruptibilem</span> 
     </span>
    </p>
   </div>
   <div class='ocr_carea' id='block_1_33' title="bbox 388 3019 2041 3095">
    <p class='ocr_par' dir='ltr' id='par_1_33' title="bbox 388 3019 2041 3095">
     <span class='ocr_line' id='line_1_33' title="bbox 388 3019 2041 3095; baseline -0.003 -18"><span class='ocrx_word' id='word_1_217' title='bbox 388 3029 802 3095; x_wconf 83' lang='lat' dir='ltr'>exspectamus</span> <span class='ocrx_word' id='word_1_218' title='bbox 831 3039 947 3077; x_wconf 90' lang='lat' dir='ltr'>non</span> <span class='ocrx_word' id='word_1_219' title='bbox 984 3020 1168 3077; x_wconf 89' lang='lat' dir='ltr'>multo</span> <span class='ocrx_word' id='word_1_220' title='bbox 1200 3019 1388 3093; x_wconf 86' lang='lat' dir='ltr'>magis</span> <span class='ocrx_word' id='word_1_221' title='bbox 1419 3019 1491 3074; x_wconf 88' lang='lat' dir='ltr'>ab</span> <span class='ocrx_word' id='word_1_222' title='bbox 1514 3019 1791 3074; x_wconf 88' lang='lat' dir='ltr'>omnibus</span> <span class='ocrx_word' id='word_1_223' title='bbox 1819 3019 2041 3073; x_wconf 83' lang='lat' dir='ltr'>nocivis</span> 
     </span>
    </p>
   </div>
   <div class='ocr_carea' id='block_1_34' title="bbox 385 3109 2040 3185">
    <p class='ocr_par' dir='ltr' id='par_1_34' title="bbox 385 3109 2040 3185">
     <span class='ocr_line' id='line_1_34' title="bbox 385 3109 2040 3185; baseline -0.002 -18"><span class='ocrx_word' id='word_1_224' title='bbox 385 3112 841 3169; x_wconf 82' lang='lat' dir='ltr'>abstinebimus.</span> <span class='ocrx_word' id='word_1_225' title='bbox 873 3135 895 3159; x_wconf 75' lang='grc' dir='ltr'>ιι</span> <span class='ocrx_word' id='word_1_226' title='bbox 926 3113 1041 3185; x_wconf 84' lang='lat' dir='ltr'>Ego</span> <span class='ocrx_word' id='word_1_227' title='bbox 1074 3113 1295 3183; x_wconf 89' lang='lat' dir='ltr'>itaque.</span> <span class='ocrx_word' id='word_1_228' title='bbox 1332 3132 1359 3161; x_wconf 72' lang='grc' dir='ltr'>ι»</span> <span class='ocrx_word' id='word_1_229' title='bbox 1395 3109 1664 3181; x_wconf 88' lang='lat' dir='ltr'>Seipsum</span> <span class='ocrx_word' id='word_1_230' title='bbox 1722 3115 1930 3180; x_wconf 84' lang='lat' dir='ltr'>postea</span> <span class='ocrx_word' id='word_1_231' title='bbox 1978 3109 2040 3163; x_wconf 92' lang='lat' dir='ltr'>in</span> 
     </span>
    </p>
   </div>
   <div class='ocr_carea' id='block_1_35' title="bbox 386 3198 2036 3275">
    <p class='ocr_par' dir='ltr' id='par_1_35' title="bbox 386 3198 2036 3275">
     <span class='ocr_line' id='line_1_35' title="bbox 386 3198 2036 3275; baseline -0.002 -19"><span class='ocrx_word' id='word_1_232' title='bbox 386 3204 724 3275; x_wconf 86' lang='lat' dir='ltr'>exemplum</span> <span class='ocrx_word' id='word_1_233' title='bbox 756 3202 999 3275; x_wconf 81' lang='lat' dir='ltr'>profert.</span> <span class='ocrx_word' id='word_1_234' title='bbox 1034 3209 1092 3257; x_wconf 89' lang='lat' dir='ltr'>et</span> <span class='ocrx_word' id='word_1_235' title='bbox 1118 3201 1376 3273; x_wconf 88' lang='lat' dir='ltr'>optimus</span> <span class='ocrx_word' id='word_1_236' title='bbox 1409 3199 1503 3255; x_wconf 90' lang='lat' dir='ltr'>hic</span> <span class='ocrx_word' id='word_1_237' title='bbox 1535 3198 1785 3254; x_wconf 88' lang='lat' dir='ltr'>docendi</span> <span class='ocrx_word' id='word_1_238' title='bbox 1824 3198 2036 3254; x_wconf 89' lang='lat' dir='ltr'>modus</span> 
     </span>
    </p>
   </div>
   <div class='ocr_carea' id='block_1_36' title="bbox 388 3288 2030 3364">
    <p class='ocr_par' dir='ltr' id='par_1_36' title="bbox 388 3288 2030 3364">
     <span class='ocr_line' id='line_1_36' title="bbox 388 3288 2030 3364; baseline -0.001 -19"><span class='ocrx_word' id='word_1_239' title='bbox 388 3300 477 3347; x_wconf 87' lang='lat' dir='ltr'>est</span> <span class='ocrx_word' id='word_1_240' title='bbox 501 3310 534 3347; x_wconf 72' lang='grc' dir='ltr'>ει</span> <span class='ocrx_word' id='word_1_241' title='bbox 564 3294 759 3364; x_wconf 82' lang='lat' dir='ltr'>seipso</span> <span class='ocrx_word' id='word_1_242' title='bbox 793 3292 1065 3363; x_wconf 85' lang='lat' dir='ltr'>exempla</span> <span class='ocrx_word' id='word_1_243' title='bbox 1105 3290 1365 3346; x_wconf 89' lang='lat' dir='ltr'>invenire</span> <span class='ocrx_word' id='word_1_244' title='bbox 1417 3290 1752 3361; x_wconf 84' lang='lat' dir='ltr'>Egoitaque</span> <span class='ocrx_word' id='word_1_245' title='bbox 1771 3288 2030 3360; x_wconf 89' lang='lat' dir='ltr'>pruden-</span> 
     </span>
    </p>
   </div>
   <div class='ocr_carea' id='block_1_37' title="bbox 382 3378 2031 3453">
    <p class='ocr_par' dir='ltr' id='par_1_37' title="bbox 382 3378 2031 3453">
     <span class='ocr_line' id='line_1_37' title="bbox 382 3378 2031 3453; baseline -0.001 -19"><span class='ocrx_word' id='word_1_246' title='bbox 382 3381 471 3453; x_wconf 81' lang='lat' dir='ltr'>tia</span> <span class='ocrx_word' id='word_1_247' title='bbox 488 3381 634 3436; x_wconf 90' lang='lat' dir='ltr'>duce</span> <span class='ocrx_word' id='word_1_248' title='bbox 657 3397 851 3443; x_wconf 84' lang='lat' dir='ltr'>curro,</span> <span class='ocrx_word' id='word_1_249' title='bbox 875 3397 995 3435; x_wconf 89' lang='lat' dir='ltr'>non</span> <span class='ocrx_word' id='word_1_250' title='bbox 1022 3380 1081 3434; x_wconf 89' lang='lat' dir='ltr'>in</span> <span class='ocrx_word' id='word_1_251' title='bbox 1106 3379 1421 3444; x_wconf 88' lang='lat' dir='ltr'>incertum,</span> <span class='ocrx_word' id='word_1_252' title='bbox 1459 3378 1568 3433; x_wconf 87' lang='lat' dir='ltr'>hoc</span> <span class='ocrx_word' id='word_1_253' title='bbox 1620 3386 1727 3445; x_wconf 86' lang='lat' dir='ltr'>est,</span> <span class='ocrx_word' id='word_1_254' title='bbox 1761 3394 1879 3432; x_wconf 90' lang='lat' dir='ltr'>non</span> <span class='ocrx_word' id='word_1_255' title='bbox 1911 3378 2031 3433; x_wconf 88' lang='lat' dir='ltr'>fru-</span> 
     </span>
    </p>
   </div>
   <div class='ocr_carea' id='block_1_38' title="bbox 380 3466 2033 3536">
    <p class='ocr_par' dir='ltr' id='par_1_38' title="bbox 380 3466 2033 3536">
     <span class='ocr_line' id='line_1_38' title="bbox 380 3466 2033 3536; baseline 0 -14"><span class='ocrx_word' id='word_1_256' title='bbox 380 3472 513 3523; x_wconf 85' lang='lat' dir='ltr'>&#39;stra</span> <span class='ocrx_word' id='word_1_257' title='bbox 544 3474 601 3522; x_wconf 87' lang='lat' dir='ltr'>et</span> <span class='ocrx_word' id='word_1_258' title='bbox 631 3469 690 3522; x_wconf 90' lang='lat' dir='ltr'>in</span> <span class='ocrx_word' id='word_1_259' title='bbox 725 3484 960 3530; x_wconf 87' lang='lat' dir='ltr'>vanum,</span> <span class='ocrx_word' id='word_1_260' title='bbox 995 3474 1051 3521; x_wconf 90' lang='lat' dir='ltr'>et</span> <span class='ocrx_word' id='word_1_261' title='bbox 1080 3467 1153 3521; x_wconf 88' lang='lat' dir='ltr'>ad</span> <span class='ocrx_word' id='word_1_262' title='bbox 1185 3467 1416 3521; x_wconf 90' lang='lat' dir='ltr'>nullum</span> <span class='ocrx_word' id='word_1_263' title='bbox 1453 3483 1719 3536; x_wconf 89' lang='lat' dir='ltr'>scopum,</span> <span class='ocrx_word' id='word_1_264' title='bbox 1756 3466 1909 3521; x_wconf 83' lang='lat' dir='ltr'>sicut</span> <span class='ocrx_word' id='word_1_265' title='bbox 1935 3482 2033 3522; x_wconf 88' lang='lat' dir='ltr'>vos</span> 
     </span>
    </p>
   </div>
   <div class='ocr_carea' id='block_1_39' title="bbox 387 3554 2032 3628">
    <p class='ocr_par' dir='ltr' id='par_1_39' title="bbox 387 3554 2032 3628">
     <span class='ocr_line' id='line_1_39' title="bbox 387 3554 2032 3628; baseline -0.001 -16"><span class='ocrx_word' id='word_1_266' title='bbox 387 3558 487 3628; x_wconf 89' lang='lat' dir='ltr'>qui</span> <span class='ocrx_word' id='word_1_267' title='bbox 520 3557 581 3610; x_wconf 89' lang='lat' dir='ltr'>in</span> <span class='ocrx_word' id='word_1_268' title='bbox 614 3573 829 3611; x_wconf 86' lang='lat' dir='ltr'>vanum</span> <span class='ocrx_word' id='word_1_269' title='bbox 861 3556 1117 3611; x_wconf 83' lang='lat' dir='ltr'>curritis.</span> <span class='ocrx_word' id='word_1_270' title='bbox 1152 3555 1289 3620; x_wconf 80' lang='lat' dir='ltr'>Quae</span> <span class='ocrx_word' id='word_1_271' title='bbox 1312 3555 1469 3610; x_wconf 89' lang='lat' dir='ltr'>enim</span> <span class='ocrx_word' id='word_1_272' title='bbox 1495 3554 1658 3609; x_wconf 89' lang='lat' dir='ltr'>vobis</span> <span class='ocrx_word' id='word_1_273' title='bbox 1708 3554 1932 3609; x_wconf 87' lang='lat' dir='ltr'>utilitas</span> <span class='ocrx_word' id='word_1_274' title='bbox 1963 3571 2032 3610; x_wconf 84' lang='lat' dir='ltr'>ex</span> 
     </span>
    </p>
   </div>
   <div class='ocr_carea' id='block_1_40' title="bbox 384 3642 2031 3716">
    <p class='ocr_par' dir='ltr' id='par_1_40' title="bbox 384 3642 2031 3716">
     <span class='ocr_line' id='line_1_40' title="bbox 384 3642 2031 3716; baseline -0.002 -16"><span class='ocrx_word' id='word_1_275' title='bbox 384 3662 453 3700; x_wconf 92' lang='lat' dir='ltr'>eo</span> <span class='ocrx_word' id='word_1_276' title='bbox 481 3644 640 3716; x_wconf 92' lang='lat' dir='ltr'>quod</span> <span class='ocrx_word' id='word_1_277' title='bbox 670 3651 951 3716; x_wconf 90' lang='lat' dir='ltr'>tanquam</span> <span class='ocrx_word' id='word_1_278' title='bbox 984 3643 1409 3716; x_wconf 83' lang='lat' dir='ltr'>perfectionem</span> <span class='ocrx_word' id='word_1_279' title='bbox 1444 3648 1810 3698; x_wconf 85' lang='lat' dir='ltr'>ostentantes</span> <span class='ocrx_word' id='word_1_280' title='bbox 1842 3642 2031 3698; x_wconf 89' lang='lat' dir='ltr'>idolo-</span> 
     </span>
    </p>
   </div>
   <div class='ocr_carea' id='block_1_41' title="bbox 386 3730 2030 3806">
    <p class='ocr_par' dir='ltr' id='par_1_41' title="bbox 386 3730 2030 3806">
     <span class='ocr_line' id='line_1_41' title="bbox 386 3730 2030 3806; baseline -0.001 -18"><span class='ocrx_word' id='word_1_281' title='bbox 386 3734 552 3806; x_wconf 87' lang='lat' dir='ltr'>thyta</span> <span class='ocrx_word' id='word_1_282' title='bbox 578 3733 787 3802; x_wconf 88' lang='lat' dir='ltr'>edatis,</span> <span class='ocrx_word' id='word_1_283' title='bbox 819 3750 953 3789; x_wconf 90' lang='lat' dir='ltr'>cum</span> <span class='ocrx_word' id='word_1_284' title='bbox 1010 3734 1135 3789; x_wconf 75' lang='lat' dir='ltr'>hmc</span> <span class='ocrx_word' id='word_1_285' title='bbox 1192 3737 1407 3800; x_wconf 85' lang='lat' dir='ltr'>vestra,</span> <span class='ocrx_word' id='word_1_286' title='bbox 1468 3731 1684 3803; x_wconf 82' lang='lat' dir='ltr'>inquit,</span> <span class='ocrx_word' id='word_1_287' title='bbox 1746 3730 2030 3803; x_wconf 82' lang='lat' dir='ltr'>perfectio</span> 
     </span>
    </p>
   </div>
   <div class='ocr_carea' id='block_1_42' title="bbox 385 3821 2030 3896">
    <p class='ocr_par' dir='ltr' id='par_1_42' title="bbox 385 3821 2030 3896">
     <span class='ocr_line' id='line_1_42' title="bbox 385 3821 2030 3896; baseline -0.002 -17"><span class='ocrx_word' id='word_1_288' title='bbox 385 3823 551 3880; x_wconf 86' lang='lat' dir='ltr'>fratri</span> <span class='ocrx_word' id='word_1_289' title='bbox 584 3823 835 3880; x_wconf 86' lang='lat' dir='ltr'>noceat?</span> <span class='ocrx_word' id='word_1_290' title='bbox 879 3826 953 3879; x_wconf 84' lang='lat' dir='ltr'>At</span> <span class='ocrx_word' id='word_1_291' title='bbox 983 3840 1101 3878; x_wconf 91' lang='lat' dir='ltr'>non</span> <span class='ocrx_word' id='word_1_292' title='bbox 1131 3839 1235 3896; x_wconf 90' lang='lat' dir='ltr'>ego</span> <span class='ocrx_word' id='word_1_293' title='bbox 1268 3822 1369 3886; x_wconf 88' lang='lat' dir='ltr'>ita,</span> <span class='ocrx_word' id='word_1_294' title='bbox 1405 3822 1507 3877; x_wconf 90' lang='lat' dir='ltr'>sed</span> <span class='ocrx_word' id='word_1_295' title='bbox 1539 3821 1796 3894; x_wconf 73' lang='lat' dir='ltr'>exigenti</span> <span class='ocrx_word' id='word_1_296' title='bbox 1819 3839 2030 3894; x_wconf 93' lang='lat' dir='ltr'>oppor-</span> 
     </span>
    </p>
   </div>
   <div class='ocr_carea' id='block_1_43' title="bbox 387 3912 2030 3980">
    <p class='ocr_par' dir='ltr' id='par_1_43' title="bbox 387 3912 2030 3980">
     <span class='ocr_line' id='line_1_43' title="bbox 387 3912 2030 3980; baseline -0.001 -12"><span class='ocrx_word' id='word_1_297' title='bbox 387 3915 635 3969; x_wconf 89' lang='lat' dir='ltr'>tunitate</span> <span class='ocrx_word' id='word_1_298' title='bbox 664 3913 841 3969; x_wconf 90' lang='lat' dir='ltr'>etiam</span> <span class='ocrx_word' id='word_1_299' title='bbox 874 3914 988 3969; x_wconf 91' lang='lat' dir='ltr'>mei</span> <span class='ocrx_word' id='word_1_300' title='bbox 1021 3912 1382 3967; x_wconf 87' lang='lat' dir='ltr'>demissione</span> <span class='ocrx_word' id='word_1_301' title='bbox 1415 3928 1557 3967; x_wconf 91' lang='lat' dir='ltr'>usus</span> <span class='ocrx_word' id='word_1_302' title='bbox 1588 3927 1740 3980; x_wconf 87' lang='lat' dir='ltr'>sum,</span> <span class='ocrx_word' id='word_1_303' title='bbox 1795 3918 1858 3967; x_wconf 93' lang='lat' dir='ltr'>ut</span> <span class='ocrx_word' id='word_1_304' title='bbox 1906 3928 2030 3967; x_wconf 89' lang='lat' dir='ltr'>om-</span> 
     </span>
    </p>
   </div>
   <div class='ocr_carea' id='block_1_44' title="bbox 384 4001 2029 4075">
    <p class='ocr_par' dir='ltr' id='par_1_44' title="bbox 384 4001 2029 4075">
     <span class='ocr_line' id='line_1_44' title="bbox 384 4001 2029 4075; baseline 0.001 -18"><span class='ocrx_word' id='word_1_305' title='bbox 384 4004 528 4059; x_wconf 88' lang='lat' dir='ltr'>nino</span> <span class='ocrx_word' id='word_1_306' title='bbox 560 4004 794 4075; x_wconf 87' lang='lat' dir='ltr'>aliquos</span> <span class='ocrx_word' id='word_1_307' title='bbox 825 4002 1015 4058; x_wconf 88' lang='lat' dir='ltr'>salvos</span> <span class='ocrx_word' id='word_1_308' title='bbox 1039 4002 1271 4057; x_wconf 90' lang='lat' dir='ltr'>faciam.</span> <span class='ocrx_word' id='word_1_309' title='bbox 1299 4025 1326 4051; x_wconf 86' lang='grc'>‹‹</span> <span class='ocrx_word' id='word_1_310' title='bbox 1360 4002 1486 4057; x_wconf 88' lang='lat' dir='ltr'>Non</span> <span class='ocrx_word' id='word_1_311' title='bbox 1512 4001 1668 4057; x_wconf 88' lang='lat' dir='ltr'>velut</span> <span class='ocrx_word' id='word_1_312' title='bbox 1692 4018 1890 4057; x_wconf 90' lang='lat' dir='ltr'>aerem</span> <span class='ocrx_word' id='word_1_313' title='bbox 1941 4001 2029 4058; x_wconf 63' lang='lat' dir='ltr'>fee</span> 
     </span>
    </p>
   </div>
   <div class='ocr_carea' id='block_1_45' title="bbox 383 4092 2030 4168">
    <p class='ocr_par' dir='ltr' id='par_1_45' title="bbox 383 4092 2030 4168">
     <span class='ocr_line' id='line_1_45' title="bbox 383 4092 2030 4168; baseline 0.001 -20"><span class='ocrx_word' id='word_1_314' title='bbox 383 4095 565 4149; x_wconf 85' lang='lat' dir='ltr'>‘riens.</span> <span class='ocrx_word' id='word_1_315' title='bbox 601 4117 628 4143; x_wconf 84' lang='grc'><strong>››</strong></span> <span class='ocrx_word' id='word_1_316' title='bbox 664 4096 747 4150; x_wconf 87' lang='lat' dir='ltr'>Ita</span> <span class='ocrx_word' id='word_1_317' title='bbox 777 4095 1037 4168; x_wconf 83' lang='lat' dir='ltr'>pugilem</span> <span class='ocrx_word' id='word_1_318' title='bbox 1069 4110 1174 4166; x_wconf 88' lang='lat' dir='ltr'>ago</span> <span class='ocrx_word' id='word_1_319' title='bbox 1199 4099 1255 4149; x_wconf 89' lang='lat' dir='ltr'>et</span> <span class='ocrx_word' id='word_1_320' title='bbox 1284 4100 1465 4153; x_wconf 86' lang='lat' dir='ltr'>certo.</span> <span class='ocrx_word' id='word_1_321' title='bbox 1488 4109 1607 4148; x_wconf 89' lang='lat' dir='ltr'>non</span> <span class='ocrx_word' id='word_1_322' title='bbox 1633 4098 1697 4148; x_wconf 92' lang='lat' dir='ltr'>ut</span> <span class='ocrx_word' id='word_1_323' title='bbox 1715 4109 1914 4150; x_wconf 89' lang='lat' dir='ltr'>aerem</span> <span class='ocrx_word' id='word_1_324' title='bbox 1945 4092 2030 4149; x_wconf 81' lang='lat' dir='ltr'>fe-</span> 
     </span>
    </p>
   </div>
   <div class='ocr_carea' id='block_1_46' title="bbox 378 4182 2026 4255">
    <p class='ocr_par' dir='ltr' id='par_1_46' title="bbox 378 4182 2026 4255">
     <span class='ocr_line' id='line_1_46' title="bbox 378 4182 2026 4255; baseline 0 -17"><span class='ocrx_word' id='word_1_325' title='bbox 378 4184 533 4240; x_wconf 85' lang='lat' dir='ltr'>riam</span> <span class='ocrx_word' id='word_1_326' title='bbox 568 4201 580 4238; x_wconf 92' lang='lat'><strong>:</strong></span> <span class='ocrx_word' id='word_1_327' title='bbox 615 4184 804 4239; x_wconf 86' lang='lat' dir='ltr'>habeo</span> <span class='ocrx_word' id='word_1_328' title='bbox 839 4186 999 4241; x_wconf 89' lang='lat' dir='ltr'>enim</span> <span class='ocrx_word' id='word_1_329' title='bbox 1031 4201 1207 4255; x_wconf 89' lang='lat' dir='ltr'>quem</span> <span class='ocrx_word' id='word_1_330' title='bbox 1239 4182 1449 4238; x_wconf 84' lang='lat' dir='ltr'>feriam</span> <span class='ocrx_word' id='word_1_331' title='bbox 1508 4182 1814 4239; x_wconf 88' lang='lat' dir='ltr'>diabolum</span> <span class='ocrx_word' id='word_1_332' title='bbox 1850 4199 1864 4240; x_wconf 88' lang='lat'><strong>:</strong></span> <span class='ocrx_word' id='word_1_333' title='bbox 1924 4199 2026 4238; x_wconf 91' lang='lat' dir='ltr'>vos</span> 
     </span>
    </p>
   </div>
   <div class='ocr_carea' id='block_1_47' title="bbox 380 4271 2028 4346">
    <p class='ocr_par' dir='ltr' id='par_1_47' title="bbox 380 4271 2028 4346">
     <span class='ocr_line' id='line_1_47' title="bbox 380 4271 2028 4346; baseline -0.001 -18"><span class='ocrx_word' id='word_1_334' title='bbox 380 4278 577 4328; x_wconf 88' lang='lat' dir='ltr'>autem</span> <span class='ocrx_word' id='word_1_335' title='bbox 603 4271 716 4328; x_wconf 86' lang='lat' dir='ltr'>ﬁde</span> <span class='ocrx_word' id='word_1_336' title='bbox 740 4282 1065 4337; x_wconf 87' lang='lat' dir='ltr'>currentes,</span> <span class='ocrx_word' id='word_1_337' title='bbox 1092 4279 1149 4328; x_wconf 91' lang='lat' dir='ltr'>et</span> <span class='ocrx_word' id='word_1_338' title='bbox 1199 4272 1537 4327; x_wconf 85' lang='lat' dir='ltr'>verberibus</span> <span class='ocrx_word' id='word_1_339' title='bbox 1587 4272 1817 4343; x_wconf 81' lang='lat' dir='ltr'>pugiles</span> <span class='ocrx_word' id='word_1_340' title='bbox 1849 4288 2028 4346; x_wconf 84' lang='lat' dir='ltr'>agen-</span> 
     </span>
    </p>
   </div>
   <div class='ocr_carea' id='block_1_48' title="bbox 377 4361 2025 4433">
    <p class='ocr_par' dir='ltr' id='par_1_48' title="bbox 377 4361 2025 4433">
     <span class='ocr_line' id='line_1_48' title="bbox 377 4361 2025 4433; baseline 0 -16"><span class='ocrx_word' id='word_1_341' title='bbox 377 4365 491 4428; x_wconf 81' lang='lat' dir='ltr'>tes,</span> <span class='ocrx_word' id='word_1_342' title='bbox 524 4363 594 4417; x_wconf 84' lang='lat' dir='ltr'>ad</span> <span class='ocrx_word' id='word_1_343' title='bbox 627 4363 776 4418; x_wconf 83' lang='lat' dir='ltr'>nihil</span> <span class='ocrx_word' id='word_1_344' title='bbox 809 4380 1015 4419; x_wconf 88' lang='lat' dir='ltr'>eorum</span> <span class='ocrx_word' id='word_1_345' title='bbox 1046 4379 1175 4433; x_wconf 65' lang='lat' dir='ltr'>quas</span> <span class='ocrx_word' id='word_1_346' title='bbox 1205 4367 1526 4433; x_wconf 89' lang='lat' dir='ltr'>oporteret,</span> <span class='ocrx_word' id='word_1_347' title='bbox 1559 4361 1818 4415; x_wconf 90' lang='lat' dir='ltr'>utimini.</span> <span class='ocrx_word' id='word_1_348' title='bbox 1872 4362 2025 4418; x_wconf 77' lang='lat'>508</span> 
     </span>
    </p>
   </div>
   <div class='ocr_carea' id='block_1_49' title="bbox 384 4451 2030 4525">
    <p class='ocr_par' dir='ltr' id='par_1_49' title="bbox 384 4451 2030 4525">
     <span class='ocr_line' id='line_1_49' title="bbox 384 4451 2030 4525; baseline 0.002 -24"><span class='ocrx_word' id='word_1_349' title='bbox 384 4474 411 4501; x_wconf 74' lang='grc' dir='ltr'>ι(</span> <span class='ocrx_word' id='word_1_350' title='bbox 445 4451 558 4507; x_wconf 90' lang='lat' dir='ltr'>Sed</span> <span class='ocrx_word' id='word_1_351' title='bbox 591 4453 842 4523; x_wconf 78' lang='lat' dir='ltr'>subjicio</span> <span class='ocrx_word' id='word_1_352' title='bbox 878 4470 1093 4525; x_wconf 90' lang='lat' dir='ltr'>corpus</span> <span class='ocrx_word' id='word_1_353' title='bbox 1124 4468 1344 4507; x_wconf 90' lang='lat' dir='ltr'>meum.</span> <span class='ocrx_word' id='word_1_354' title='bbox 1384 4473 1412 4499; x_wconf 78' lang='grc' dir='ltr'>ι»</span> <span class='ocrx_word' id='word_1_355' title='bbox 1444 4451 1571 4505; x_wconf 78' lang='lat' dir='ltr'>Non</span> <span class='ocrx_word' id='word_1_356' title='bbox 1604 4451 1903 4520; x_wconf 85' lang='lat' dir='ltr'>permitto,</span> <span class='ocrx_word' id='word_1_357' title='bbox 1939 4451 2030 4505; x_wconf 88' lang='lat' dir='ltr'>in-</span> 
     </span>
    </p>
   </div>
   <div class='ocr_carea' id='block_1_50' title="bbox 389 4538 2030 4613">
    <p class='ocr_par' dir='ltr' id='par_1_50' title="bbox 389 4538 2030 4613">
     <span class='ocr_line' id='line_1_50' title="bbox 389 4538 2030 4613; baseline 0.001 -21"><span class='ocrx_word' id='word_1_358' title='bbox 389 4540 535 4610; x_wconf 86' lang='lat' dir='ltr'>quit,</span> <span class='ocrx_word' id='word_1_359' title='bbox 568 4543 754 4596; x_wconf 82' lang='lat' dir='ltr'>ventri</span> <span class='ocrx_word' id='word_1_360' title='bbox 787 4548 890 4597; x_wconf 85' lang='lat' dir='ltr'>aut</span> <span class='ocrx_word' id='word_1_361' title='bbox 918 4542 1150 4613; x_wconf 84' lang='lat' dir='ltr'>corpori</span> <span class='ocrx_word' id='word_1_362' title='bbox 1187 4557 1315 4595; x_wconf 84' lang='lat' dir='ltr'>meo</span> <span class='ocrx_word' id='word_1_363' title='bbox 1344 4540 1626 4595; x_wconf 83' lang='lat' dir='ltr'>habenas.</span> <span class='ocrx_word' id='word_1_364' title='bbox 1652 4538 1755 4593; x_wconf 86' lang='lat' dir='ltr'>sed</span> <span class='ocrx_word' id='word_1_365' title='bbox 1787 4556 2030 4596; x_wconf 88' lang='lat' dir='ltr'>coerceo</span> 
     </span>
    </p>
   </div>
   <div class='ocr_carea' id='block_1_51' title="bbox 2106 3198 3263 3276">
    <p class='ocr_par' dir='ltr' id='par_1_51' title="bbox 2106 3198 3263 3276">
     <span class='ocr_line' id='line_1_51' title="bbox 2106 3198 3263 3276; baseline 0.008 -30"><span class='ocrx_word' id='word_1_366' title='bbox 2106 3198 2463 3271; x_wconf 48' lang='lat' dir='ltr'>.10t‘{t1,505v,</span> <span class='ocrx_word' id='word_1_367' title='bbox 2528 3198 2664 3271; x_wconf 77' lang='grc' dir='ltr'>μετᾶ</span> <span class='ocrx_word' id='word_1_368' title='bbox 2722 3199 2981 3275; x_wconf 84' lang='grc' dir='ltr'>γνώσεως</span> <span class='ocrx_word' id='word_1_369' title='bbox 3058 3198 3263 3276; x_wconf 73' lang='grc' dir='ltr'>τρέχω,</span> 
     </span>
    </p>
   </div>
   <div class='ocr_carea' id='block_1_52' title="bbox 2104 3280 3785 3363">
    <p class='ocr_par' dir='ltr' id='par_1_52' title="bbox 2104 3280 3785 3363">
     <span class='ocr_line' id='line_1_52' title="bbox 2104 3280 3785 3363; baseline 0 -27"><span class='ocrx_word' id='word_1_370' title='bbox 2104 3280 2440 3351; x_wconf 79' lang='grc' dir='ltr'>’τουτέστιν,</span> <span class='ocrx_word' id='word_1_371' title='bbox 2512 3285 2615 3341; x_wconf 84' lang='grc' dir='ltr'>οὐκ</span> <span class='ocrx_word' id='word_1_372' title='bbox 2672 3287 2788 3357; x_wconf 74' lang='grc' dir='ltr'>εἶκῆ</span> <span class='ocrx_word' id='word_1_373' title='bbox 2862 3287 2953 3342; x_wconf 85' lang='grc' dir='ltr'>καὶ</span> <span class='ocrx_word' id='word_1_374' title='bbox 3016 3288 3193 3362; x_wconf 85' lang='grc' dir='ltr'>μάτην</span> <span class='ocrx_word' id='word_1_375' title='bbox 3261 3287 3351 3344; x_wconf 81' lang='grc' dir='ltr'>καὶ</span> <span class='ocrx_word' id='word_1_376' title='bbox 3402 3288 3543 3363; x_wconf 83' lang='grc' dir='ltr'>πρὸς</span> <span class='ocrx_word' id='word_1_377' title='bbox 3615 3281 3785 3341; x_wconf 74' lang='grc' dir='ltr'>οὖδὲνα</span> 
     </span>
    </p>
   </div>
   <div class='ocr_carea' id='block_1_53' title="bbox 2163 598 3207 677">
    <p class='ocr_par' dir='ltr' id='par_1_53' title="bbox 2163 598 3207 677">
     <span class='ocr_line' id='line_1_53' title="bbox 2163 598 3207 677; baseline 0.006 -24"><span class='ocrx_word' id='word_1_378' title='bbox 2163 598 2418 676; x_wconf 71' lang='grc' dir='ltr'>κηρῦεας,</span> <span class='ocrx_word' id='word_1_379' title='bbox 2452 598 2613 665; x_wconf 81' lang='grc' dir='ltr'>αὐτὸς</span> <span class='ocrx_word' id='word_1_380' title='bbox 2642 599 2907 677; x_wconf 57' lang='grc' dir='ltr'>ἀδόκιμος</span> <span class='ocrx_word' id='word_1_381' title='bbox 2938 599 3207 677; x_wconf 72' lang='grc' dir='ltr'>γένωμαι.</span> 
     </span>
    </p>
   </div>
   <div class='ocr_carea' id='block_1_54' title="bbox 2235 685 3829 767">
    <p class='ocr_par' dir='ltr' id='par_1_54' title="bbox 2235 685 3829 767">
     <span class='ocr_line' id='line_1_54' title="bbox 2235 685 3829 767; baseline -0.001 -21"><span class='ocrx_word' id='word_1_382' title='bbox 2235 690 2385 746; x_wconf 81' lang='grc' dir='ltr'>Μετᾶ</span> <span class='ocrx_word' id='word_1_383' title='bbox 2410 692 2472 745; x_wconf 86' lang='grc' dir='ltr'>τὸ</span> <span class='ocrx_word' id='word_1_384' title='bbox 2499 688 2667 761; x_wconf 80' lang='grc' dir='ltr'>δεῖξαι</span> <span class='ocrx_word' id='word_1_385' title='bbox 2718 687 2834 746; x_wconf 85' lang='grc' dir='ltr'>δεῖν</span> <span class='ocrx_word' id='word_1_386' title='bbox 2894 685 3334 767; x_wconf 75' lang='grc' dir='ltr'>συγκαταϐαίνειν</span> <span class='ocrx_word' id='word_1_387' title='bbox 3393 696 3533 752; x_wconf 84' lang='grc' dir='ltr'>τοῖς</span> <span class='ocrx_word' id='word_1_388' title='bbox 3598 691 3829 754; x_wconf 66' lang='grc' dir='ltr'>ἀσθενέσι</span> 
     </span>
    </p>
   </div>
   <div class='ocr_carea' id='block_1_55' title="bbox 2162 773 3830 856">
    <p class='ocr_par' dir='ltr' id='par_1_55' title="bbox 2162 773 3830 856">
     <span class='ocr_line' id='line_1_55' title="bbox 2162 773 3830 856; baseline 0.002 -25"><span class='ocrx_word' id='word_1_389' title='bbox 2162 773 2230 831; x_wconf 86' lang='grc' dir='ltr'>δι’</span> <span class='ocrx_word' id='word_1_390' title='bbox 2254 777 2328 832; x_wconf 84' lang='grc' dir='ltr'>ὠν</span> <span class='ocrx_word' id='word_1_391' title='bbox 2362 778 2527 849; x_wconf 68' lang='grc' dir='ltr'>εἶπεν,</span> <span class='ocrx_word' id='word_1_392' title='bbox 2564 805 2593 831; x_wconf 75' lang='grc' dir='ltr'>(ι</span> <span class='ocrx_word' id='word_1_393' title='bbox 2621 781 2917 856; x_wconf 83' lang='grc' dir='ltr'>Ἐγενόμην</span> <span class='ocrx_word' id='word_1_394' title='bbox 2962 782 3037 845; x_wconf 88' lang='grc' dir='ltr'>ὡς</span> <span class='ocrx_word' id='word_1_395' title='bbox 3099 779 3384 850; x_wconf 73' lang='grc' dir='ltr'>Ἰουδαῖος,</span> <span class='ocrx_word' id='word_1_396' title='bbox 3453 778 3543 842; x_wconf 82' lang='grc' dir='ltr'>ὠς</span> <span class='ocrx_word' id='word_1_397' title='bbox 3606 778 3830 853; x_wconf 72' lang='grc' dir='ltr'>ἄνομος,</span> 
     </span>
    </p>
   </div>
   <div class='ocr_carea' id='block_1_56' title="bbox 2160 863 3831 943">
    <p class='ocr_par' dir='ltr' id='par_1_56' title="bbox 2160 863 3831 943">
     <span class='ocr_line' id='line_1_56' title="bbox 2160 863 3831 943; baseline 0.001 -23"><span class='ocrx_word' id='word_1_398' title='bbox 2160 863 2234 928; x_wconf 84' lang='grc' dir='ltr'>ὠς</span> <span class='ocrx_word' id='word_1_399' title='bbox 2263 868 2509 939; x_wconf 75' lang='grc' dir='ltr'>ἁσθενὴς,</span> <span class='ocrx_word' id='word_1_400' title='bbox 2543 893 2570 921; x_wconf 78' lang='lat' dir='ltr'>n</span> <span class='ocrx_word' id='word_1_401' title='bbox 2595 868 2689 925; x_wconf 67' lang='grc' dir='ltr'>’ἕνα</span> <span class='ocrx_word' id='word_1_402' title='bbox 2719 870 2848 933; x_wconf 77' lang='grc' dir='ltr'>τοὺς</span> <span class='ocrx_word' id='word_1_403' title='bbox 2880 869 2934 926; x_wconf 72' lang='grc' dir='ltr'>ἐν</span> <span class='ocrx_word' id='word_1_404' title='bbox 2963 871 3199 943; x_wconf 78' lang='grc' dir='ltr'>ἀληθείᾳ</span> <span class='ocrx_word' id='word_1_405' title='bbox 3231 866 3386 932; x_wconf 78' lang='grc' dir='ltr'>ὄντας</span> <span class='ocrx_word' id='word_1_406' title='bbox 3426 869 3627 932; x_wconf 77' lang='grc' dir='ltr'>οὕτως</span> <span class='ocrx_word' id='word_1_407' title='bbox 3655 870 3831 937; x_wconf 81' lang='grc' dir='ltr'>σώσω,</span> 
     </span>
    </p>
   </div>
   <div class='ocr_carea' id='block_1_57' title="bbox 2158 956 3833 1038">
    <p class='ocr_par' dir='ltr' id='par_1_57' title="bbox 2158 956 3833 1038">
     <span class='ocr_line' id='line_1_57' title="bbox 2158 956 3833 1038; baseline 0.002 -26"><span class='ocrx_word' id='word_1_408' title='bbox 2158 956 2354 1014; x_wconf 80' lang='grc' dir='ltr'>λοιπὸν</span> <span class='ocrx_word' id='word_1_409' title='bbox 2428 960 2876 1038; x_wconf 84' lang='grc' dir='ltr'>πληκτικώτερον</span> <span class='ocrx_word' id='word_1_410' title='bbox 2956 964 3143 1025; x_wconf 83' lang='grc' dir='ltr'>αὐτοῖς</span> <span class='ocrx_word' id='word_1_411' title='bbox 3216 960 3573 1038; x_wconf 70' lang='grc' dir='ltr'>διαλέγεται.</span> <span class='ocrx_word' id='word_1_412' title='bbox 3656 962 3736 1017; x_wconf 87' lang='grc' dir='ltr'>Τὸ</span> <span class='ocrx_word' id='word_1_413' title='bbox 3782 957 3833 1016; x_wconf 74' lang='grc' dir='ltr'>ὂὶ</span> 
     </span>
    </p>
   </div>
   <div class='ocr_carea' id='block_1_58' title="bbox 2155 1044 3835 1124">
    <p class='ocr_par' dir='ltr' id='par_1_58' title="bbox 2155 1044 3835 1124">
     <span class='ocr_line' id='line_1_58' title="bbox 2155 1044 3835 1124; baseline 0.002 -25"><span class='ocrx_word' id='word_1_414' title='bbox 2155 1044 2502 1124; x_wconf 73' lang='grc' dir='ltr'>παράδειγμα</span> <span class='ocrx_word' id='word_1_415' title='bbox 2530 1055 2699 1107; x_wconf 76' lang='grc' dir='ltr'>τοῦτο</span> <span class='ocrx_word' id='word_1_416' title='bbox 2729 1052 2866 1121; x_wconf 85' lang='grc' dir='ltr'>εἷπε,</span> <span class='ocrx_word' id='word_1_417' title='bbox 2899 1051 2961 1106; x_wconf 74' lang='grc' dir='ltr'>οὐ</span> <span class='ocrx_word' id='word_1_418' title='bbox 2993 1048 3160 1122; x_wconf 77' lang='grc' dir='ltr'>δεῖξαι</span> <span class='ocrx_word' id='word_1_419' title='bbox 3190 1050 3364 1107; x_wconf 77' lang='grc' dir='ltr'>θέλων</span> <span class='ocrx_word' id='word_1_420' title='bbox 3428 1052 3526 1105; x_wconf 53' lang='grc' dir='ltr'>ἔτι</span> <span class='ocrx_word' id='word_1_421' title='bbox 3589 1049 3656 1104; x_wconf 85' lang='grc' dir='ltr'>ἐκ</span> <span class='ocrx_word' id='word_1_422' title='bbox 3703 1050 3835 1103; x_wconf 70' lang='grc' dir='ltr'>πάν-</span> 
     </span>
    </p>
   </div>
   <div class='ocr_carea' id='block_1_59' title="bbox 2154 1138 3829 1217">
    <p class='ocr_par' dir='ltr' id='par_1_59' title="bbox 2154 1138 3829 1217">
     <span class='ocr_line' id='line_1_59' title="bbox 2154 1138 3829 1217; baseline 0.001 -25"><span class='ocrx_word' id='word_1_423' title='bbox 2154 1157 2261 1192; x_wconf 75' lang='grc' dir='ltr'>των</span> <span class='ocrx_word' id='word_1_424' title='bbox 2298 1138 2371 1199; x_wconf 59' lang='grc' dir='ltr'>είς</span> <span class='ocrx_word' id='word_1_425' title='bbox 2421 1142 2748 1211; x_wconf 66' lang='grc' dir='ltr'>σωθήσεται,</span> <span class='ocrx_word' id='word_1_426' title='bbox 2810 1138 3029 1217; x_wconf 71' lang='grc' dir='ltr'>ἃπαγεῐ</span> <span class='ocrx_word' id='word_1_427' title='bbox 3089 1139 3235 1196; x_wconf 67' lang='grc' dir='ltr'>ἀλλὰ</span> <span class='ocrx_word' id='word_1_428' title='bbox 3300 1138 3524 1202; x_wconf 73' lang='grc' dir='ltr'>δεικνὺς</span> <span class='ocrx_word' id='word_1_429' title='bbox 3586 1138 3676 1194; x_wconf 80' lang='grc' dir='ltr'>ὅτι</span> <span class='ocrx_word' id='word_1_430' title='bbox 3736 1139 3829 1194; x_wconf 71' lang='grc' dir='ltr'>οὐκ</span> 
     </span>
    </p>
   </div>
   <div class='ocr_carea' id='block_1_60' title="bbox 2152 1225 3832 1306">
    <p class='ocr_par' dir='ltr' id='par_1_60' title="bbox 2152 1225 3832 1306">
     <span class='ocr_line' id='line_1_60' title="bbox 2152 1225 3832 1306; baseline 0.001 -25"><span class='ocrx_word' id='word_1_431' title='bbox 2152 1225 2307 1302; x_wconf 72' lang='grc' dir='ltr'>ἆρκεῒ</span> <span class='ocrx_word' id='word_1_432' title='bbox 2333 1226 2614 1283; x_wconf 77' lang='grc' dir='ltr'>πιστεῦσαι</span> <span class='ocrx_word' id='word_1_433' title='bbox 2650 1229 2831 1304; x_wconf 67' lang='grc' dir='ltr'>μόνον,</span> <span class='ocrx_word' id='word_1_434' title='bbox 2889 1229 3071 1306; x_wconf 78' lang='grc' dir='ltr'>ὥσπερ</span> <span class='ocrx_word' id='word_1_435' title='bbox 3119 1228 3246 1286; x_wconf 72' lang='grc' dir='ltr'>οὖδὶ</span> <span class='ocrx_word' id='word_1_436' title='bbox 3298 1230 3539 1291; x_wconf 70' lang='grc' dir='ltr'>ἐκείνοις</span> <span class='ocrx_word' id='word_1_437' title='bbox 3592 1228 3665 1284; x_wconf 80' lang='grc' dir='ltr'>τὸ</span> <span class='ocrx_word' id='word_1_438' title='bbox 3715 1226 3832 1302; x_wconf 83' lang='grc' dir='ltr'>δρα-</span> 
     </span>
    </p>
   </div>
   <div class='ocr_carea' id='block_1_61' title="bbox 2155 1315 3833 1398">
    <p class='ocr_par' dir='ltr' id='par_1_61' title="bbox 2155 1315 3833 1398">
     <span class='ocr_line' id='line_1_61' title="bbox 2155 1315 3833 1398; baseline 0.001 -28"><span class='ocrx_word' id='word_1_439' title='bbox 2155 1321 2293 1389; x_wconf 74' lang='grc' dir='ltr'>μεῖν,</span> <span class='ocrx_word' id='word_1_440' title='bbox 2327 1317 2471 1372; x_wconf 74' lang='grc' dir='ltr'>ἀλλᾶ</span> <span class='ocrx_word' id='word_1_441' title='bbox 2509 1320 2623 1398; x_wconf 82' lang='grc' dir='ltr'>χρὴ</span> <span class='ocrx_word' id='word_1_442' title='bbox 2652 1315 2971 1388; x_wconf 72' lang='grc' dir='ltr'>σπουδάζειν</span> <span class='ocrx_word' id='word_1_443' title='bbox 3035 1322 3235 1396; x_wconf 65' lang='grc' dir='ltr'>μέχρις</span> <span class='ocrx_word' id='word_1_444' title='bbox 3287 1321 3463 1376; x_wconf 75' lang='grc' dir='ltr'>αὐτοῦ</span> <span class='ocrx_word' id='word_1_445' title='bbox 3522 1323 3636 1374; x_wconf 79' lang='grc' dir='ltr'>τοῦ</span> <span class='ocrx_word' id='word_1_446' title='bbox 3700 1319 3833 1393; x_wconf 75' lang='grc' dir='ltr'>βρα-</span> 
     </span>
    </p>
   </div>
   <div class='ocr_carea' id='block_1_62' title="bbox 2150 1401 3828 1485">
    <p class='ocr_par' dir='ltr' id='par_1_62' title="bbox 2150 1401 3828 1485">
     <span class='ocr_line' id='line_1_62' title="bbox 2150 1401 3828 1485; baseline 0.001 -25"><span class='ocrx_word' id='word_1_447' title='bbox 2150 1401 2322 1478; x_wconf 80' lang='grc' dir='ltr'>ϐείου,</span> <span class='ocrx_word' id='word_1_448' title='bbox 2397 1405 2566 1484; x_wconf 67' lang='grc' dir='ltr'>ἤγουν</span> <span class='ocrx_word' id='word_1_449' title='bbox 2641 1414 2738 1466; x_wconf 73' lang='grc' dir='ltr'>τοῦ</span> <span class='ocrx_word' id='word_1_450' title='bbox 2812 1411 3096 1485; x_wconf 60' lang='grc' dir='ltr'>στεφάνου.</span> <span class='ocrx_word' id='word_1_451' title='bbox 3174 1409 3240 1467; x_wconf 77' lang='grc' dir='ltr'>Εἰ</span> <span class='ocrx_word' id='word_1_452' title='bbox 3313 1410 3422 1485; x_wconf 81' lang='grc' dir='ltr'>γὰρ</span> <span class='ocrx_word' id='word_1_453' title='bbox 3464 1413 3565 1465; x_wconf 84' lang='grc' dir='ltr'>καί</span> <span class='ocrx_word' id='word_1_454' title='bbox 3624 1412 3828 1484; x_wconf 82' lang='grc' dir='ltr'>γνῶσιν</span> 
     </span>
    </p>
   </div>
   <div class='ocr_carea' id='block_1_63' title="bbox 2149 1493 3826 1576">
    <p class='ocr_par' dir='ltr' id='par_1_63' title="bbox 2149 1493 3826 1576">
     <span class='ocr_line' id='line_1_63' title="bbox 2149 1493 3826 1576; baseline -0.001 -25"><span class='ocrx_word' id='word_1_455' title='bbox 2149 1493 2324 1576; x_wconf 74' lang='grc' dir='ltr'>ἔχετε,</span> <span class='ocrx_word' id='word_1_456' title='bbox 2406 1497 2561 1574; x_wconf 59' lang='grc' dir='ltr'>φηστ,</span> <span class='ocrx_word' id='word_1_457' title='bbox 2614 1506 2718 1567; x_wconf 80' lang='grc' dir='ltr'>τῆς</span> <span class='ocrx_word' id='word_1_458' title='bbox 2772 1499 3029 1569; x_wconf 77' lang='grc' dir='ltr'>πίστεως,</span> <span class='ocrx_word' id='word_1_459' title='bbox 3086 1498 3132 1555; x_wconf 74' lang='grc' dir='ltr'>εἰ</span> <span class='ocrx_word' id='word_1_460' title='bbox 3195 1500 3272 1571; x_wconf 81' lang='grc' dir='ltr'><strong>μή</strong></span> <span class='ocrx_word' id='word_1_461' title='bbox 3334 1501 3475 1571; x_wconf 80' lang='grc' dir='ltr'>μετᾶ</span> <span class='ocrx_word' id='word_1_462' title='bbox 3549 1504 3663 1567; x_wconf 72' lang='grc' dir='ltr'>τῆς</span> <span class='ocrx_word' id='word_1_463' title='bbox 3719 1501 3826 1551; x_wconf 81' lang='grc' dir='ltr'>τῶν</span> 
     </span>
    </p>
   </div>
   <div class='ocr_carea' id='block_1_64' title="bbox 2146 1582 3827 1668">
    <p class='ocr_par' dir='ltr' id='par_1_64' title="bbox 2146 1582 3827 1668">
     <span class='ocr_line' id='line_1_64' title="bbox 2146 1582 3827 1668; baseline -0.011 -8"><span class='ocrx_word' id='word_1_464' title='bbox 2146 1582 2397 1663; x_wconf 59' lang='grc' dir='ltr'>ἀδελφῶν</span> <span class='ocrx_word' id='word_1_465' title='bbox 2431 1586 2640 1661; x_wconf 75' lang='grc' dir='ltr'>ἀγάπης</span> <span class='ocrx_word' id='word_1_466' title='bbox 2671 1586 2849 1668; x_wconf 72' lang='grc' dir='ltr'>ἔχετε,</span> <span class='ocrx_word' id='word_1_467' title='bbox 2907 1586 3059 1645; x_wconf 71' lang='grc' dir='ltr'>οὐδὲν</span> <span class='ocrx_word' id='word_1_468' title='bbox 3109 1586 3568 1668; x_wconf 66' lang='grc' dir='ltr'>ὠφεληθήσεσθε.</span> <span class='ocrx_word' id='word_1_469' title='bbox 3625 1590 3827 1642; x_wconf 71' lang='grc' dir='ltr'>Τοῦτον</span> 
     </span>
    </p>
   </div>
   <div class='ocr_carea' id='block_1_65' title="bbox 2143 1673 3826 1755">
    <p class='ocr_par' dir='ltr' id='par_1_65' title="bbox 2143 1673 3826 1755">
     <span class='ocr_line' id='line_1_65' title="bbox 2143 1673 3826 1755; baseline -0.001 -26"><span class='ocrx_word' id='word_1_470' title='bbox 2143 1674 2246 1750; x_wconf 64' lang='grc' dir='ltr'>γὰρ</span> <span class='ocrx_word' id='word_1_471' title='bbox 2276 1675 2366 1731; x_wconf 73' lang='grc' dir='ltr'>καῖ</span> <span class='ocrx_word' id='word_1_472' title='bbox 2399 1677 2509 1730; x_wconf 76' lang='grc' dir='ltr'>ἀνω</span> <span class='ocrx_word' id='word_1_473' title='bbox 2537 1680 2629 1731; x_wconf 85' lang='grc' dir='ltr'>τὸν</span> <span class='ocrx_word' id='word_1_474' title='bbox 2662 1673 2832 1755; x_wconf 81' lang='grc' dir='ltr'>λόγον</span> <span class='ocrx_word' id='word_1_475' title='bbox 2867 1676 3179 1753; x_wconf 67' lang='grc' dir='ltr'>ἐγύμνασεν.</span> <span class='ocrx_word' id='word_1_476' title='bbox 3241 1701 3269 1729; x_wconf 77' lang='grc' dir='ltr'>ι(</span> <span class='ocrx_word' id='word_1_477' title='bbox 3306 1676 3503 1736; x_wconf 71' lang='grc' dir='ltr'>Οὕτως</span> <span class='ocrx_word' id='word_1_478' title='bbox 3568 1677 3826 1753; x_wconf 73' lang='grc' dir='ltr'>τρέχετε,</span> 
     </span>
    </p>
   </div>
   <div class='ocr_carea' id='block_1_66' title="bbox 2141 1756 3816 1843">
    <p class='ocr_par' dir='ltr' id='par_1_66' title="bbox 2141 1756 3816 1843">
     <span class='ocr_line' id='line_1_66' title="bbox 2141 1756 3816 1843; baseline 0.004 -31"><span class='ocrx_word' id='word_1_479' title='bbox 2141 1756 2232 1815; x_wconf 67' lang='grc' dir='ltr'>ἵνα</span> <span class='ocrx_word' id='word_1_480' title='bbox 2288 1757 2656 1834; x_wconf 65' lang='grc' dir='ltr'>καταλάϐητε.</span> <span class='ocrx_word' id='word_1_481' title='bbox 2719 1789 2740 1815; x_wconf 82' lang='grc'><strong>1</strong></span> <span class='ocrx_word' id='word_1_482' title='bbox 2800 1763 2912 1819; x_wconf 75' lang='grc' dir='ltr'>Οὐκ</span> <span class='ocrx_word' id='word_1_483' title='bbox 2967 1765 3070 1839; x_wconf 77' lang='grc' dir='ltr'>ἄρα</span> <span class='ocrx_word' id='word_1_484' title='bbox 3145 1760 3563 1843; x_wconf 71' lang='grc' dir='ltr'>κατειληφότες</span> <span class='ocrx_word' id='word_1_485' title='bbox 3655 1763 3816 1833; x_wconf 74' lang='grc' dir='ltr'>ἦσαν.</span> 
     </span>
    </p>
   </div>
   <div class='ocr_carea' id='block_1_67' title="bbox 2147 1848 3821 1929">
    <p class='ocr_par' dir='ltr' id='par_1_67' title="bbox 2147 1848 3821 1929">
     <span class='ocr_line' id='line_1_67' title="bbox 2147 1848 3821 1929; baseline 0.001 -25"><span class='ocrx_word' id='word_1_486' title='bbox 2147 1872 2176 1902; x_wconf 89' lang='grc'>‹‹</span> <span class='ocrx_word' id='word_1_487' title='bbox 2209 1854 2317 1913; x_wconf 79' lang='grc' dir='ltr'>Πᾶς</span> <span class='ocrx_word' id='word_1_488' title='bbox 2350 1848 2407 1906; x_wconf 74' lang='grc' dir='ltr'>δὲ</span> <span class='ocrx_word' id='word_1_489' title='bbox 2437 1852 2465 1907; x_wconf 81' lang='grc' dir='ltr'>ὁ</span> <span class='ocrx_word' id='word_1_490' title='bbox 2496 1850 2923 1929; x_wconf 81' lang='grc' dir='ltr'>ἀγωνιζόμενος.</span> <span class='ocrx_word' id='word_1_491' title='bbox 2955 1877 2984 1905; x_wconf 76' lang='lat' dir='ltr'>n</span> <span class='ocrx_word' id='word_1_492' title='bbox 3016 1850 3266 1909; x_wconf 77' lang='grc' dir='ltr'>Διδάσκει</span> <span class='ocrx_word' id='word_1_493' title='bbox 3297 1853 3386 1908; x_wconf 79' lang='grc' dir='ltr'>καὶ</span> <span class='ocrx_word' id='word_1_494' title='bbox 3415 1853 3518 1907; x_wconf 83' lang='grc' dir='ltr'>τὸν</span> <span class='ocrx_word' id='word_1_495' title='bbox 3581 1851 3821 1926; x_wconf 81' lang='grc' dir='ltr'>τρόπον.</span> 
     </span>
    </p>
   </div>
   <div class='ocr_carea' id='block_1_68' title="bbox 2146 1937 3816 2023">
    <p class='ocr_par' dir='ltr' id='par_1_68' title="bbox 2146 1937 3816 2023">
     <span class='ocr_line' id='line_1_68' title="bbox 2146 1937 3816 2023; baseline 0.001 -30"><span class='ocrx_word' id='word_1_496' title='bbox 2146 1943 2265 2001; x_wconf 81' lang='grc' dir='ltr'>πῶς</span> <span class='ocrx_word' id='word_1_497' title='bbox 2295 1937 2355 1994; x_wconf 82' lang='grc' dir='ltr'>ἃν</span> <span class='ocrx_word' id='word_1_498' title='bbox 2395 1962 2478 2004; x_wconf 90' lang='grc' dir='ltr'>τις</span> <span class='ocrx_word' id='word_1_499' title='bbox 2535 1938 2862 1998; x_wconf 73' lang='grc' dir='ltr'>καταλάϐοι.</span> <span class='ocrx_word' id='word_1_500' title='bbox 2931 1943 3131 2009; x_wconf 79' lang='grc' dir='ltr'>Πάντα,</span> <span class='ocrx_word' id='word_1_501' title='bbox 3175 1943 3330 2023; x_wconf 83' lang='grc' dir='ltr'>φησὶ,</span> <span class='ocrx_word' id='word_1_502' title='bbox 3391 1940 3816 2020; x_wconf 71' lang='grc' dir='ltr'>ἐγκρατεύεται,</span> 
     </span>
    </p>
   </div>
   <div class='ocr_carea' id='block_1_69' title="bbox 2142 2028 3815 2108">
    <p class='ocr_par' dir='ltr' id='par_1_69' title="bbox 2142 2028 3815 2108">
     <span class='ocr_line' id='line_1_69' title="bbox 2142 2028 3815 2108; baseline -0.001 -24"><span class='ocrx_word' id='word_1_503' title='bbox 2142 2028 2416 2085; x_wconf 71' lang='grc' dir='ltr'>τουτέστιν</span> <span class='ocrx_word' id='word_1_504' title='bbox 2477 2030 2607 2107; x_wconf 79' lang='grc' dir='ltr'>οὐχὶ</span> <span class='ocrx_word' id='word_1_505' title='bbox 2658 2028 2820 2088; x_wconf 81' lang='grc' dir='ltr'>τοῦδε</span> <span class='ocrx_word' id='word_1_506' title='bbox 2876 2033 2971 2107; x_wconf 75' lang='grc' dir='ltr'>μὲν</span> <span class='ocrx_word' id='word_1_507' title='bbox 3028 2030 3326 2108; x_wconf 77' lang='grc' dir='ltr'>ἀντέχεται,</span> <span class='ocrx_word' id='word_1_508' title='bbox 3378 2028 3549 2088; x_wconf 75' lang='grc' dir='ltr'>τοῦδε</span> <span class='ocrx_word' id='word_1_509' title='bbox 3611 2028 3673 2086; x_wconf 78' lang='grc' dir='ltr'>δὲ</span> <span class='ocrx_word' id='word_1_510' title='bbox 3729 2029 3815 2084; x_wconf 65' lang='grc' dir='ltr'>οὔ·</span> 
     </span>
    </p>
   </div>
   <div class='ocr_carea' id='block_1_70' title="bbox 2144 2116 3815 2197">
    <p class='ocr_par' dir='ltr' id='par_1_70' title="bbox 2144 2116 3815 2197">
     <span class='ocr_line' id='line_1_70' title="bbox 2144 2116 3815 2197; baseline 0 -25"><span class='ocrx_word' id='word_1_511' title='bbox 2144 2121 2304 2174; x_wconf 79' lang='grc' dir='ltr'>τοῦτο</span> <span class='ocrx_word' id='word_1_512' title='bbox 2335 2119 2462 2195; x_wconf 66' lang='grc' dir='ltr'>γὰρ,</span> <span class='ocrx_word' id='word_1_513' title='bbox 2502 2122 2565 2176; x_wconf 89' lang='grc' dir='ltr'>τὸ</span> <span class='ocrx_word' id='word_1_514' title='bbox 2623 2116 2794 2185; x_wconf 79' lang='grc' dir='ltr'>ὅντως</span> <span class='ocrx_word' id='word_1_515' title='bbox 2849 2120 3236 2197; x_wconf 76' lang='grc' dir='ltr'>ἀγωνίσασθαι,</span> <span class='ocrx_word' id='word_1_516' title='bbox 3293 2122 3356 2177; x_wconf 88' lang='grc' dir='ltr'>τὸ</span> <span class='ocrx_word' id='word_1_517' title='bbox 3410 2123 3645 2177; x_wconf 82' lang='grc' dir='ltr'>πάντων</span> <span class='ocrx_word' id='word_1_518' title='bbox 3708 2124 3815 2174; x_wconf 78' lang='grc' dir='ltr'>τῶν</span> 
     </span>
    </p>
   </div>
   <div class='ocr_carea' id='block_1_71' title="bbox 2144 2206 3812 2291">
    <p class='ocr_par' dir='ltr' id='par_1_71' title="bbox 2144 2206 3812 2291">
     <span class='ocr_line' id='line_1_71' title="bbox 2144 2206 3812 2291; baseline 0.002 -31"><span class='ocrx_word' id='word_1_519' title='bbox 2144 2206 2351 2282; x_wconf 78' lang='grc' dir='ltr'>ἀρετῶν</span> <span class='ocrx_word' id='word_1_520' title='bbox 2371 2207 2461 2264; x_wconf 86' lang='grc' dir='ltr'>καὶ</span> <span class='ocrx_word' id='word_1_521' title='bbox 2511 2208 2746 2266; x_wconf 77' lang='grc' dir='ltr'>ἐντολῶν</span> <span class='ocrx_word' id='word_1_522' title='bbox 2807 2208 2982 2291; x_wconf 75' lang='grc' dir='ltr'>φύλαξ</span> <span class='ocrx_word' id='word_1_523' title='bbox 3034 2210 3298 2289; x_wconf 74' lang='grc' dir='ltr'>γενέσθαι,</span> <span class='ocrx_word' id='word_1_524' title='bbox 3347 2211 3440 2266; x_wconf 86' lang='grc' dir='ltr'>καὶ</span> <span class='ocrx_word' id='word_1_525' title='bbox 3500 2209 3812 2287; x_wconf 77' lang='grc' dir='ltr'>ἀπέχεσθαι</span> 
     </span>
    </p>
   </div>
   <div class='ocr_carea' id='block_1_72' title="bbox 2142 2296 3813 2374">
    <p class='ocr_par' dir='ltr' id='par_1_72' title="bbox 2142 2296 3813 2374">
     <span class='ocr_line' id='line_1_72' title="bbox 2142 2296 3813 2374; baseline 0.001 -25"><span class='ocrx_word' id='word_1_526' title='bbox 2142 2296 2359 2351; x_wconf 72' lang='grc' dir='ltr'>πάντων</span> <span class='ocrx_word' id='word_1_527' title='bbox 2418 2297 2524 2353; x_wconf 81' lang='grc' dir='ltr'>τῶν</span> <span class='ocrx_word' id='word_1_528' title='bbox 2578 2303 2836 2371; x_wconf 78' lang='grc' dir='ltr'>πονηρῶν</span> <span class='ocrx_word' id='word_1_529' title='bbox 2893 2298 2984 2355; x_wconf 78' lang='grc' dir='ltr'>καὶ</span> <span class='ocrx_word' id='word_1_530' title='bbox 3067 2297 3350 2359; x_wconf 81' lang='grc' dir='ltr'>ἐναντίων.</span> <span class='ocrx_word' id='word_1_531' title='bbox 3435 2299 3626 2361; x_wconf 74' lang='grc' dir='ltr'>Οὗτος</span> <span class='ocrx_word' id='word_1_532' title='bbox 3711 2296 3813 2374; x_wconf 77' lang='grc' dir='ltr'>γὰρ</span> 
     </span>
    </p>
   </div>
   <div class='ocr_carea' id='block_1_73' title="bbox 2148 2383 3805 2471">
    <p class='ocr_par' dir='ltr' id='par_1_73' title="bbox 2148 2383 3805 2471">
     <span class='ocr_line' id='line_1_73' title="bbox 2148 2383 3805 2471; baseline 0.001 -31"><span class='ocrx_word' id='word_1_533' title='bbox 2148 2383 2363 2459; x_wconf 77' lang='grc' dir='ltr'>ἆληθής</span> <span class='ocrx_word' id='word_1_534' title='bbox 2394 2390 2721 2465; x_wconf 68' lang='grc' dir='ltr'>ἀγωνιστής.</span> <span class='ocrx_word' id='word_1_535' title='bbox 2751 2414 2778 2443; x_wconf 79' lang='grc' dir='ltr'>ι(</span> <span class='ocrx_word' id='word_1_536' title='bbox 2800 2394 2913 2448; x_wconf 69' lang='grc' dir='ltr'>*Ινα</span> <span class='ocrx_word' id='word_1_537' title='bbox 2941 2392 3176 2471; x_wconf 79' lang='grc' dir='ltr'>φθαρτὸν</span> <span class='ocrx_word' id='word_1_538' title='bbox 3201 2391 3459 2471; x_wconf 75' lang='grc' dir='ltr'>στέφανον</span> <span class='ocrx_word' id='word_1_539' title='bbox 3483 2385 3754 2447; x_wconf 73' lang='grc' dir='ltr'>λάϐωσιν.</span> <span class='ocrx_word' id='word_1_540' title='bbox 3778 2412 3805 2441; x_wconf 68' lang='lat' dir='ltr'>ii</span> 
     </span>
    </p>
   </div>
   <div class='ocr_carea' id='block_1_74' title="bbox 2146 2476 3798 2558">
    <p class='ocr_par' dir='ltr' id='par_1_74' title="bbox 2146 2476 3798 2558">
     <span class='ocr_line' id='line_1_74' title="bbox 2146 2476 3798 2558; baseline 0.004 -27"><span class='ocrx_word' id='word_1_541' title='bbox 2146 2476 2241 2532; x_wconf 78' lang='grc' dir='ltr'>Ἐκ</span> <span class='ocrx_word' id='word_1_542' title='bbox 2267 2484 2367 2547; x_wconf 76' lang='grc' dir='ltr'>τῆς</span> <span class='ocrx_word' id='word_1_543' title='bbox 2400 2478 2475 2544; x_wconf 83' lang='grc' dir='ltr'>εἰς</span> <span class='ocrx_word' id='word_1_544' title='bbox 2518 2480 2582 2535; x_wconf 87' lang='grc' dir='ltr'>τὸ</span> <span class='ocrx_word' id='word_1_545' title='bbox 2638 2478 2863 2536; x_wconf 80' lang='grc' dir='ltr'>ἔλαττον</span> <span class='ocrx_word' id='word_1_546' title='bbox 2922 2480 3249 2558; x_wconf 75' lang='grc' dir='ltr'>συγκρίσεως</span> <span class='ocrx_word' id='word_1_547' title='bbox 3307 2478 3454 2551; x_wconf 69' lang='grc' dir='ltr'>αὔξει</span> <span class='ocrx_word' id='word_1_548' title='bbox 3503 2479 3569 2536; x_wconf 79' lang='grc' dir='ltr'>τὸ</span> <span class='ocrx_word' id='word_1_549' title='bbox 3629 2483 3798 2555; x_wconf 75' lang='grc' dir='ltr'>πρᾶγ-</span> 
     </span>
    </p>
   </div>
   <div class='ocr_carea' id='block_1_75' title="bbox 2148 2566 3792 2649">
    <p class='ocr_par' dir='ltr' id='par_1_75' title="bbox 2148 2566 3792 2649">
     <span class='ocr_line' id='line_1_75' title="bbox 2148 2566 3792 2649; baseline 0.001 -28"><span class='ocrx_word' id='word_1_550' title='bbox 2148 2587 2243 2638; x_wconf 87' lang='grc' dir='ltr'>μα.</span> <span class='ocrx_word' id='word_1_551' title='bbox 2272 2566 2336 2622; x_wconf 71' lang='lat' dir='ltr'>Li</span> <span class='ocrx_word' id='word_1_552' title='bbox 2369 2568 2419 2623; x_wconf 80' lang='grc' dir='ltr'>οἱ</span> <span class='ocrx_word' id='word_1_553' title='bbox 2447 2568 2867 2645; x_wconf 79' lang='grc' dir='ltr'>ἀγωνιζόμενοι,</span> <span class='ocrx_word' id='word_1_554' title='bbox 2898 2572 3085 2649; x_wconf 78' lang='grc' dir='ltr'>φησὶν,</span> <span class='ocrx_word' id='word_1_555' title='bbox 3131 2571 3184 2627; x_wconf 72' lang='grc' dir='ltr'>ἐν</span> <span class='ocrx_word' id='word_1_556' title='bbox 3235 2574 3315 2643; x_wconf 83' lang='grc' dir='ltr'>τῷ</span> <span class='ocrx_word' id='word_1_557' title='bbox 3369 2569 3580 2643; x_wconf 77' lang='grc' dir='ltr'>σταδίῳ</span> <span class='ocrx_word' id='word_1_558' title='bbox 3628 2569 3792 2623; x_wconf 80' lang='grc' dir='ltr'>πάντα</span> 
     </span>
    </p>
   </div>
   <div class='ocr_carea' id='block_1_76' title="bbox 2147 2652 3785 2736">
    <p class='ocr_par' dir='ltr' id='par_1_76' title="bbox 2147 2652 3785 2736">
     <span class='ocr_line' id='line_1_76' title="bbox 2147 2652 3785 2736; baseline 0 -27"><span class='ocrx_word' id='word_1_559' title='bbox 2147 2652 2586 2731; x_wconf 63' lang='grc' dir='ltr'>ἐγκρατεύονται,</span> <span class='ocrx_word' id='word_1_560' title='bbox 2615 2655 2710 2713; x_wconf 72' lang='grc' dir='ltr'>ἵνα</span> <span class='ocrx_word' id='word_1_561' title='bbox 2744 2659 2821 2733; x_wconf 79' lang='grc' dir='ltr'>μὴ</span> <span class='ocrx_word' id='word_1_562' title='bbox 2850 2661 2951 2731; x_wconf 76' lang='grc' dir='ltr'>τὴν</span> <span class='ocrx_word' id='word_1_563' title='bbox 3010 2659 3172 2736; x_wconf 71' lang='grc' dir='ltr'>ἰσχὺν</span> <span class='ocrx_word' id='word_1_564' title='bbox 3229 2658 3501 2715; x_wconf 73' lang='grc' dir='ltr'>ἐκλῦσωσι</span> <span class='ocrx_word' id='word_1_565' title='bbox 3556 2658 3785 2734; x_wconf 74' lang='grc' dir='ltr'>φθαρτοῦ</span> 
     </span>
    </p>
   </div>
   <div class='ocr_carea' id='block_1_77' title="bbox 2147 2742 3778 2825">
    <p class='ocr_par' dir='ltr' id='par_1_77' title="bbox 2147 2742 3778 2825">
     <span class='ocr_line' id='line_1_77' title="bbox 2147 2742 3778 2825; baseline 0.001 -28"><span class='ocrx_word' id='word_1_566' title='bbox 2147 2742 2419 2820; x_wconf 62' lang='grc' dir='ltr'>ἐφιέμενοι</span> <span class='ocrx_word' id='word_1_567' title='bbox 2454 2747 2738 2825; x_wconf 74' lang='grc' dir='ltr'>στεφάνου,</span> <span class='ocrx_word' id='word_1_568' title='bbox 2789 2753 2906 2811; x_wconf 81' lang='grc' dir='ltr'>πῶς</span> <span class='ocrx_word' id='word_1_569' title='bbox 2962 2751 3128 2823; x_wconf 74' lang='grc' dir='ltr'>ἡμεῖς</span> <span class='ocrx_word' id='word_1_570' title='bbox 3189 2749 3240 2803; x_wconf 82' lang='grc' dir='ltr'>οἱ</span> <span class='ocrx_word' id='word_1_571' title='bbox 3297 2746 3571 2823; x_wconf 76' lang='grc' dir='ltr'>ἄφθαρτον</span> <span class='ocrx_word' id='word_1_572' title='bbox 3624 2765 3778 2823; x_wconf 80' lang='grc' dir='ltr'>προσ-</span> 
     </span>
    </p>
   </div>
   <div class='ocr_carea' id='block_1_78' title="bbox 2147 2828 3765 2913">
    <p class='ocr_par' dir='ltr' id='par_1_78' title="bbox 2147 2828 3765 2913">
     <span class='ocr_line' id='line_1_78' title="bbox 2147 2828 3765 2913; baseline 0.001 -28"><span class='ocrx_word' id='word_1_573' title='bbox 2147 2828 2433 2896; x_wconf 74' lang='grc' dir='ltr'>δοκῶντες.</span> <span class='ocrx_word' id='word_1_574' title='bbox 2467 2836 2571 2891; x_wconf 76' lang='grc' dir='ltr'>οὐκ</span> <span class='ocrx_word' id='word_1_575' title='bbox 2602 2834 2665 2891; x_wconf 78' lang='grc' dir='ltr'>ἄν</span> <span class='ocrx_word' id='word_1_576' title='bbox 2737 2835 2950 2910; x_wconf 71' lang='grc' dir='ltr'>μᾶλλον</span> <span class='ocrx_word' id='word_1_577' title='bbox 3007 2836 3489 2913; x_wconf 77' lang='grc' dir='ltr'>ἐγκρατευσώμεθα</span> <span class='ocrx_word' id='word_1_578' title='bbox 3541 2836 3597 2892; x_wconf 76' lang='grc' dir='ltr'>ἐκ</span> <span class='ocrx_word' id='word_1_579' title='bbox 3647 2835 3765 2888; x_wconf 72' lang='grc' dir='ltr'>πέν-</span> 
     </span>
    </p>
   </div>
   <div class='ocr_carea' id='block_1_79' title="bbox 2144 2922 3744 3002">
    <p class='ocr_par' dir='ltr' id='par_1_79' title="bbox 2144 2922 3744 3002">
     <span class='ocr_line' id='line_1_79' title="bbox 2144 2922 3744 3002; baseline -0.001 -25"><span class='ocrx_word' id='word_1_580' title='bbox 2144 2943 2253 2977; x_wconf 85' lang='grc' dir='ltr'>των</span> <span class='ocrx_word' id='word_1_581' title='bbox 2284 2927 2392 2977; x_wconf 82' lang='grc' dir='ltr'>τῶν</span> <span class='ocrx_word' id='word_1_582' title='bbox 2452 2922 2803 3000; x_wconf 71' lang='grc' dir='ltr'>βλαπτόντων</span> <span class='ocrx_word' id='word_1_583' title='bbox 2834 2946 2849 2997; x_wconf 86' lang='grc'><strong>;</strong></span> <span class='ocrx_word' id='word_1_584' title='bbox 2882 2953 2909 2979; x_wconf 88' lang='grc'><em>‹‹</em></span> <span class='ocrx_word' id='word_1_585' title='bbox 2946 2928 3086 3002; x_wconf 82' lang='grc' dir='ltr'>Ἐγὼ</span> <span class='ocrx_word' id='word_1_586' title='bbox 3115 2927 3321 2983; x_wconf 83' lang='grc' dir='ltr'>τοίνυν.</span> <span class='ocrx_word' id='word_1_587' title='bbox 3355 2951 3384 2980; x_wconf 84' lang='grc'><strong>››</strong></span> <span class='ocrx_word' id='word_1_588' title='bbox 3417 2927 3599 2982; x_wconf 76' lang='grc' dir='ltr'>Λοιπὸν</span> <span class='ocrx_word' id='word_1_589' title='bbox 3631 2924 3744 2978; x_wconf 68' lang='grc' dir='ltr'>ἑαυ-</span> 
     </span>
    </p>
   </div>
   <div class='ocr_carea' id='block_1_80' title="bbox 2145 3012 3747 3096">
    <p class='ocr_par' dir='ltr' id='par_1_80' title="bbox 2145 3012 3747 3096">
     <span class='ocr_line' id='line_1_80' title="bbox 2145 3012 3747 3096; baseline -0.001 -29"><span class='ocrx_word' id='word_1_590' title='bbox 2145 3015 2236 3068; x_wconf 79' lang='grc' dir='ltr'>τὸν</span> <span class='ocrx_word' id='word_1_591' title='bbox 2270 3012 2344 3076; x_wconf 82' lang='grc' dir='ltr'>εἷς</span> <span class='ocrx_word' id='word_1_592' title='bbox 2378 3013 2539 3087; x_wconf 80' lang='grc' dir='ltr'>μέσον</span> <span class='ocrx_word' id='word_1_593' title='bbox 2573 3016 2744 3096; x_wconf 70' lang='grc' dir='ltr'>φέρει·</span> <span class='ocrx_word' id='word_1_594' title='bbox 2795 3017 2953 3083; x_wconf 81' lang='grc' dir='ltr'>οὗτος</span> <span class='ocrx_word' id='word_1_595' title='bbox 3012 3018 3230 3095; x_wconf 81' lang='grc' dir='ltr'>ἄριστος</span> <span class='ocrx_word' id='word_1_596' title='bbox 3286 3017 3481 3093; x_wconf 73' lang='grc' dir='ltr'>τρίπος</span> <span class='ocrx_word' id='word_1_597' title='bbox 3527 3012 3747 3070; x_wconf 80' lang='grc' dir='ltr'>διδασκα-</span> 
     </span>
    </p>
   </div>
   <div class='ocr_carea' id='block_1_81' title="bbox 2146 3100 3757 3184">
    <p class='ocr_par' dir='ltr' id='par_1_81' title="bbox 2146 3100 3757 3184">
     <span class='ocr_line' id='line_1_81' title="bbox 2146 3100 3757 3184; baseline -0.002 -19"><span class='ocrx_word' id='word_1_598' title='bbox 2146 3100 2293 3173; x_wconf 78' lang='grc' dir='ltr'>λίας,</span> <span class='ocrx_word' id='word_1_599' title='bbox 2371 3103 2420 3174; x_wconf 76' lang='grc' dir='ltr'>ἐξ</span> <span class='ocrx_word' id='word_1_600' title='bbox 2496 3105 2689 3162; x_wconf 76' lang='grc' dir='ltr'>ἑαυτοῦ</span> <span class='ocrx_word' id='word_1_601' title='bbox 2764 3108 2937 3181; x_wconf 56' lang='grc' dir='ltr'>εὑρεῖν</span> <span class='ocrx_word' id='word_1_602' title='bbox 3013 3108 3081 3164; x_wconf 71' lang='grc' dir='ltr'>τὰ</span> <span class='ocrx_word' id='word_1_603' title='bbox 3153 3104 3575 3184; x_wconf 75' lang='grc' dir='ltr'>παραδείγματα.</span> 
     </span>
    </p>
   </div>
   <div class='ocr_carea' id='block_1_82' title="bbox 3353 3193 3774 3274">
    <p class='ocr_par' dir='ltr' id='par_1_82' title="bbox 3353 3193 3774 3274">
     <span class='ocr_line' id='line_1_82' title="bbox 3353 3193 3774 3274; baseline 0.002 -21"><span class='ocrx_word' id='word_1_604' title='bbox 3353 3197 3487 3274; x_wconf 76' lang='grc' dir='ltr'>οὐχῖ</span> <span class='ocrx_word' id='word_1_605' title='bbox 3558 3193 3774 3267; x_wconf 64' lang='grc' dir='ltr'>ἀδήλως,</span> 
     </span>
    </p>
   </div>
   <div class='ocr_carea' id='block_1_83' title="bbox 2142 3369 3786 3453">
    <p class='ocr_par' dir='ltr' id='par_1_83' title="bbox 2142 3369 3786 3453">
     <span class='ocr_line' id='line_1_83' title="bbox 2142 3369 3786 3453; baseline 0.003 -27"><span class='ocrx_word' id='word_1_606' title='bbox 2142 3372 2371 3441; x_wconf 83' lang='grc' dir='ltr'>σκοπὸν,</span> <span class='ocrx_word' id='word_1_607' title='bbox 2404 3373 2480 3438; x_wconf 84' lang='grc' dir='ltr'>ὡς</span> <span class='ocrx_word' id='word_1_608' title='bbox 2541 3374 2721 3450; x_wconf 82' lang='grc' dir='ltr'>ὑμεῖς,</span> <span class='ocrx_word' id='word_1_609' title='bbox 2775 3378 2969 3453; x_wconf 73' lang='grc' dir='ltr'>φησὶν,</span> <span class='ocrx_word' id='word_1_610' title='bbox 3027 3377 3079 3432; x_wconf 78' lang='grc' dir='ltr'>οἱ</span> <span class='ocrx_word' id='word_1_611' title='bbox 3132 3376 3306 3453; x_wconf 82' lang='grc' dir='ltr'>μάτην</span> <span class='ocrx_word' id='word_1_612' title='bbox 3364 3379 3676 3452; x_wconf 79' lang='grc' dir='ltr'>τρέχοντες.</span> <span class='ocrx_word' id='word_1_613' title='bbox 3727 3369 3786 3431; x_wconf 80' lang='grc' dir='ltr'>Τί</span> 
     </span>
    </p>
   </div>
   <div class='ocr_carea' id='block_1_84' title="bbox 2138 3461 3791 3545">
    <p class='ocr_par' dir='ltr' id='par_1_84' title="bbox 2138 3461 3791 3545">
     <span class='ocr_line' id='line_1_84' title="bbox 2138 3461 3791 3545; baseline 0 -28"><span class='ocrx_word' id='word_1_614' title='bbox 2138 3461 2240 3537; x_wconf 66' lang='grc' dir='ltr'>γὰρ</span> <span class='ocrx_word' id='word_1_615' title='bbox 2277 3463 2430 3537; x_wconf 78' lang='grc' dir='ltr'>ὑμῖν,</span> <span class='ocrx_word' id='word_1_616' title='bbox 2491 3466 2680 3542; x_wconf 81' lang='grc' dir='ltr'>φησὶν,</span> <span class='ocrx_word' id='word_1_617' title='bbox 2743 3463 2944 3545; x_wconf 74' lang='grc' dir='ltr'>ὄφελος</span> <span class='ocrx_word' id='word_1_618' title='bbox 3001 3466 3063 3522; x_wconf 76' lang='grc' dir='ltr'>ἐκ</span> <span class='ocrx_word' id='word_1_619' title='bbox 3116 3472 3213 3523; x_wconf 78' lang='grc' dir='ltr'>τοῦ</span> <span class='ocrx_word' id='word_1_620' title='bbox 3266 3466 3593 3536; x_wconf 72' lang='grc' dir='ltr'>τελειότητα</span> <span class='ocrx_word' id='word_1_621' title='bbox 3644 3464 3791 3535; x_wconf 74' lang='grc' dir='ltr'>δῆθεν</span> 
     </span>
    </p>
   </div>
   <div class='ocr_carea' id='block_1_85' title="bbox 2141 3548 3793 3630">
    <p class='ocr_par' dir='ltr' id='par_1_85' title="bbox 2141 3548 3793 3630">
     <span class='ocr_line' id='line_1_85' title="bbox 2141 3548 3793 3630; baseline 0.004 -26"><span class='ocrx_word' id='word_1_622' title='bbox 2141 3548 2543 3618; x_wconf 75' lang='grc' dir='ltr'>ἐπιδείκνυσθαι</span> <span class='ocrx_word' id='word_1_623' title='bbox 2603 3554 2657 3611; x_wconf 77' lang='grc' dir='ltr'>ἐν</span> <span class='ocrx_word' id='word_1_624' title='bbox 2718 3561 2799 3630; x_wconf 81' lang='grc' dir='ltr'>τῷ</span> <span class='ocrx_word' id='word_1_625' title='bbox 2855 3557 2926 3612; x_wconf 74' lang='grc' dir='ltr'>τὰ</span> <span class='ocrx_word' id='word_1_626' title='bbox 2981 3553 3321 3621; x_wconf 69' lang='grc' dir='ltr'>εἰδωλόθυτα</span> <span class='ocrx_word' id='word_1_627' title='bbox 3405 3555 3629 3625; x_wconf 77' lang='grc' dir='ltr'>ἐσθίειν,</span> <span class='ocrx_word' id='word_1_628' title='bbox 3687 3556 3793 3624; x_wconf 69' lang='grc' dir='ltr'>ἦτι,</span> 
     </span>
    </p>
   </div>
   <div class='ocr_carea' id='block_1_86' title="bbox 2141 3640 3800 3727">
    <p class='ocr_par' dir='ltr' id='par_1_86' title="bbox 2141 3640 3800 3727">
     <span class='ocr_line' id='line_1_86' title="bbox 2141 3640 3800 3727; baseline 0.005 -33"><span class='ocrx_word' id='word_1_629' title='bbox 2141 3659 2236 3695; x_wconf 89' lang='grc' dir='ltr'>σου</span> <span class='ocrx_word' id='word_1_630' title='bbox 2267 3640 2551 3714; x_wconf 84' lang='grc' dir='ltr'>τελειότης</span> <span class='ocrx_word' id='word_1_631' title='bbox 2586 3643 2819 3721; x_wconf 75' lang='grc' dir='ltr'>βλάπτει</span> <span class='ocrx_word' id='word_1_632' title='bbox 2863 3646 2957 3702; x_wconf 82' lang='grc' dir='ltr'>τὸν</span> <span class='ocrx_word' id='word_1_633' title='bbox 3009 3643 3292 3727; x_wconf 71' lang='grc' dir='ltr'>ἀδελφόνς</span> <span class='ocrx_word' id='word_1_634' title='bbox 3342 3644 3500 3705; x_wconf 81' lang='grc' dir='ltr'>Ἀλλ’</span> <span class='ocrx_word' id='word_1_635' title='bbox 3552 3646 3657 3701; x_wconf 78' lang='grc' dir='ltr'>οὐκ</span> <span class='ocrx_word' id='word_1_636' title='bbox 3705 3641 3800 3719; x_wconf 66' lang='grc' dir='ltr'>ἐγὼ</span> 
     </span>
    </p>
   </div>
   <div class='ocr_carea' id='block_1_87' title="bbox 2141 3730 3789 3815">
    <p class='ocr_par' dir='ltr' id='par_1_87' title="bbox 2141 3730 3789 3815">
     <span class='ocr_line' id='line_1_87' title="bbox 2141 3730 3789 3815; baseline 0.002 -30"><span class='ocrx_word' id='word_1_637' title='bbox 2141 3730 2340 3804; x_wconf 70' lang='grc' dir='ltr'>οὕτως,</span> <span class='ocrx_word' id='word_1_638' title='bbox 2399 3735 2582 3815; x_wconf 81' lang='grc' dir='ltr'>φησ’ν,</span> <span class='ocrx_word' id='word_1_639' title='bbox 2642 3733 2773 3791; x_wconf 85' lang='grc' dir='ltr'>ἀλλ’</span> <span class='ocrx_word' id='word_1_640' title='bbox 2828 3734 2882 3791; x_wconf 73' lang='grc' dir='ltr'>ἐν</span> <span class='ocrx_word' id='word_1_641' title='bbox 2966 3742 3143 3814; x_wconf 77' lang='grc' dir='ltr'>καιρῴ</span> <span class='ocrx_word' id='word_1_642' title='bbox 3225 3736 3316 3793; x_wconf 77' lang='grc' dir='ltr'>καὶ</span> <span class='ocrx_word' id='word_1_643' title='bbox 3401 3730 3789 3812; x_wconf 75' lang='grc' dir='ltr'>συγκαταϐἀσει</span> 
     </span>
    </p>
   </div>
   <div class='ocr_carea' id='block_1_88' title="bbox 2137 3821 3797 3900">
    <p class='ocr_par' dir='ltr' id='par_1_88' title="bbox 2137 3821 3797 3900">
     <span class='ocr_line' id='line_1_88' title="bbox 2137 3821 3797 3900; baseline 0.001 -22"><span class='ocrx_word' id='word_1_644' title='bbox 2137 3821 2439 3899; x_wconf 70' lang='grc' dir='ltr'>κέχρημαι.</span> <span class='ocrx_word' id='word_1_645' title='bbox 2470 3822 2565 3881; x_wconf 66' lang='grc' dir='ltr'>’ἱνα</span> <span class='ocrx_word' id='word_1_646' title='bbox 2598 3826 2815 3890; x_wconf 75' lang='grc' dir='ltr'>πάντως</span> <span class='ocrx_word' id='word_1_647' title='bbox 2845 3825 2999 3890; x_wconf 76' lang='grc' dir='ltr'>τινὰς</span> <span class='ocrx_word' id='word_1_648' title='bbox 3059 3828 3245 3884; x_wconf 85' lang='grc' dir='ltr'>σώσω.</span> <span class='ocrx_word' id='word_1_649' title='bbox 3305 3852 3332 3880; x_wconf 90' lang='grc'><em>‹‹</em></span> <span class='ocrx_word' id='word_1_650' title='bbox 3365 3831 3458 3889; x_wconf 84' lang='grc' dir='ltr'>Ὧς</span> <span class='ocrx_word' id='word_1_651' title='bbox 3513 3825 3618 3883; x_wconf 77' lang='grc' dir='ltr'>οὐκ</span> <span class='ocrx_word' id='word_1_652' title='bbox 3676 3823 3797 3900; x_wconf 82' lang='grc' dir='ltr'>ἀέρα</span> 
     </span>
    </p>
   </div>
   <div class='ocr_carea' id='block_1_89' title="bbox 2140 3911 3793 3992">
    <p class='ocr_par' dir='ltr' id='par_1_89' title="bbox 2140 3911 3793 3992">
     <span class='ocr_line' id='line_1_89' title="bbox 2140 3911 3793 3992; baseline 0 -22"><span class='ocrx_word' id='word_1_653' title='bbox 2140 3911 2331 3990; x_wconf 71' lang='grc' dir='ltr'>δέρων.</span> <span class='ocrx_word' id='word_1_654' title='bbox 2369 3914 2620 3977; x_wconf 75' lang='grc' dir='ltr'>»Οὕτως</span> <span class='ocrx_word' id='word_1_655' title='bbox 2658 3915 2907 3972; x_wconf 78' lang='grc' dir='ltr'>πυκτεύω</span> <span class='ocrx_word' id='word_1_656' title='bbox 2969 3915 3059 3973; x_wconf 83' lang='grc' dir='ltr'>καὶ</span> <span class='ocrx_word' id='word_1_657' title='bbox 3115 3916 3489 3992; x_wconf 76' lang='grc' dir='ltr'>ἀγωνίζομαι,</span> <span class='ocrx_word' id='word_1_658' title='bbox 3547 3918 3662 3992; x_wconf 70' lang='grc' dir='ltr'>οὐχ</span> <span class='ocrx_word' id='word_1_659' title='bbox 3707 3913 3793 3970; x_wconf 67' lang='grc' dir='ltr'>ἵνα</span> 
     </span>
    </p>
   </div>
   <div class='ocr_carea' id='block_1_90' title="bbox 2176 4001 3795 4084">
    <p class='ocr_par' dir='ltr' id='par_1_90' title="bbox 2176 4001 3795 4084">
     <span class='ocr_line' id='line_1_90' title="bbox 2176 4001 3795 4084; baseline 0.002 -26"><span class='ocrx_word' id='word_1_660' title='bbox 2176 4003 2279 4076; x_wconf 72' lang='grc' dir='ltr'>ἑρω</span> <span class='ocrx_word' id='word_1_661' title='bbox 2326 4004 2475 4077; x_wconf 64' lang='grc' dir='ltr'>ἀέρα.</span> <span class='ocrx_word' id='word_1_662' title='bbox 2534 4006 2690 4080; x_wconf 60' lang='lat' dir='ltr'>&quot;Exta</span> <span class='ocrx_word' id='word_1_663' title='bbox 2746 4006 2847 4082; x_wconf 78' lang='grc' dir='ltr'>γὰρ</span> <span class='ocrx_word' id='word_1_664' title='bbox 2904 4006 3028 4062; x_wconf 82' lang='grc' dir='ltr'>τίνα</span> <span class='ocrx_word' id='word_1_665' title='bbox 3096 4002 3281 4084; x_wconf 78' lang='grc' dir='ltr'>δείρω,</span> <span class='ocrx_word' id='word_1_666' title='bbox 3365 4006 3459 4061; x_wconf 86' lang='grc' dir='ltr'>τὸν</span> <span class='ocrx_word' id='word_1_667' title='bbox 3513 4001 3795 4061; x_wconf 76' lang='grc' dir='ltr'>διάϐολον.</span> 
     </span>
    </p>
   </div>
   <div class='ocr_carea' id='block_1_91' title="bbox 2134 4090 3793 4173">
    <p class='ocr_par' dir='ltr' id='par_1_91' title="bbox 2134 4090 3793 4173">
     <span class='ocr_line' id='line_1_91' title="bbox 2134 4090 3793 4173; baseline 0.001 -25"><span class='ocrx_word' id='word_1_668' title='bbox 2134 4095 2314 4165; x_wconf 82' lang='grc' dir='ltr'>Ὑμεῖς</span> <span class='ocrx_word' id='word_1_669' title='bbox 2374 4090 2431 4148; x_wconf 76' lang='grc' dir='ltr'>δὲ</span> <span class='ocrx_word' id='word_1_670' title='bbox 2486 4097 2557 4169; x_wconf 76' lang='grc' dir='ltr'>τῇ</span> <span class='ocrx_word' id='word_1_671' title='bbox 2615 4094 2789 4150; x_wconf 80' lang='grc' dir='ltr'>πίστει</span> <span class='ocrx_word' id='word_1_672' title='bbox 2846 4096 3160 4172; x_wconf 65' lang='grc' dir='ltr'>τρέχοντες,</span> <span class='ocrx_word' id='word_1_673' title='bbox 3218 4094 3309 4150; x_wconf 81' lang='grc' dir='ltr'>καὶ</span> <span class='ocrx_word' id='word_1_674' title='bbox 3361 4099 3484 4158; x_wconf 83' lang='grc' dir='ltr'>τοῖς</span> <span class='ocrx_word' id='word_1_675' title='bbox 3549 4094 3793 4173; x_wconf 76' lang='grc' dir='ltr'>πληγαῖς</span> 
     </span>
    </p>
   </div>
   <div class='ocr_carea' id='block_1_92' title="bbox 2138 4181 3791 4261">
    <p class='ocr_par' dir='ltr' id='par_1_92' title="bbox 2138 4181 3791 4261">
     <span class='ocr_line' id='line_1_92' title="bbox 2138 4181 3791 4261; baseline 0.001 -23"><span class='ocrx_word' id='word_1_676' title='bbox 2138 4182 2518 4246; x_wconf 74' lang='grc' dir='ltr'>πυκτεύοντες.</span> <span class='ocrx_word' id='word_1_677' title='bbox 2551 4182 2628 4245; x_wconf 78' lang='grc' dir='ltr'>εἷς</span> <span class='ocrx_word' id='word_1_678' title='bbox 2661 4181 2813 4240; x_wconf 71' lang='grc' dir='ltr'>οὐδὲν</span> <span class='ocrx_word' id='word_1_679' title='bbox 2856 4183 2976 4240; x_wconf 78' lang='grc' dir='ltr'>δέον</span> <span class='ocrx_word' id='word_1_680' title='bbox 3042 4187 3339 4261; x_wconf 71' lang='grc' dir='ltr'>κέχρησθε.</span> <span class='ocrx_word' id='word_1_681' title='bbox 3374 4208 3400 4238; x_wconf 75' lang='grc' dir='ltr'>ι</span> <span class='ocrx_word' id='word_1_682' title='bbox 3431 4182 3595 4244; x_wconf 79' lang='grc' dir='ltr'>Ἀλλ’</span> <span class='ocrx_word' id='word_1_683' title='bbox 3644 4185 3791 4240; x_wconf 81' lang='grc' dir='ltr'>ὑπω-</span> 
     </span>
    </p>
   </div>
   <div class='ocr_carea' id='block_1_93' title="bbox 2137 4272 3792 4357">
    <p class='ocr_par' dir='ltr' id='par_1_93' title="bbox 2137 4272 3792 4357">
     <span class='ocr_line' id='line_1_93' title="bbox 2137 4272 3792 4357; baseline 0.001 -30"><span class='ocrx_word' id='word_1_684' title='bbox 2137 4272 2317 4341; x_wconf 74' lang='grc' dir='ltr'>πιάζω</span> <span class='ocrx_word' id='word_1_685' title='bbox 2353 4293 2458 4347; x_wconf 89' lang='grc' dir='ltr'>μου</span> <span class='ocrx_word' id='word_1_686' title='bbox 2486 4272 2549 4327; x_wconf 88' lang='grc' dir='ltr'>τὸ</span> <span class='ocrx_word' id='word_1_687' title='bbox 2582 4276 2758 4346; x_wconf 85' lang='grc' dir='ltr'>σῶμα.</span> <span class='ocrx_word' id='word_1_688' title='bbox 2798 4299 2827 4326; x_wconf 73' lang='grc' dir='ltr'>ο»</span> <span class='ocrx_word' id='word_1_689' title='bbox 2853 4272 2968 4333; x_wconf 80' lang='grc' dir='ltr'>Οὐκ</span> <span class='ocrx_word' id='word_1_690' title='bbox 2999 4274 3229 4357; x_wconf 75' lang='grc' dir='ltr'>ἀφίημι,</span> <span class='ocrx_word' id='word_1_691' title='bbox 3278 4273 3435 4353; x_wconf 76' lang='grc' dir='ltr'>φησί,</span> <span class='ocrx_word' id='word_1_692' title='bbox 3491 4277 3563 4349; x_wconf 75' lang='grc' dir='ltr'>τῇ</span> <span class='ocrx_word' id='word_1_693' title='bbox 3606 4273 3792 4353; x_wconf 75' lang='grc' dir='ltr'>γαστρὶ</span> 
     </span>
    </p>
   </div>
   <div class='ocr_carea' id='block_1_94' title="bbox 2137 4361 3795 4442">
    <p class='ocr_par' dir='ltr' id='par_1_94' title="bbox 2137 4361 3795 4442">
     <span class='ocr_line' id='line_1_94' title="bbox 2137 4361 3795 4442; baseline 0.003 -26"><span class='ocrx_word' id='word_1_694' title='bbox 2137 4361 2338 4433; x_wconf 75' lang='grc' dir='ltr'>καὶτῴ</span> <span class='ocrx_word' id='word_1_695' title='bbox 2396 4362 2611 4434; x_wconf 73' lang='grc' dir='ltr'>σώματι</span> <span class='ocrx_word' id='word_1_696' title='bbox 2667 4365 2763 4425; x_wconf 70' lang='grc' dir='ltr'>τὰς</span> <span class='ocrx_word' id='word_1_697' title='bbox 2818 4364 3000 4434; x_wconf 65' lang='grc' dir='ltr'>ἡνίας,</span> <span class='ocrx_word' id='word_1_698' title='bbox 3061 4362 3207 4421; x_wconf 82' lang='grc' dir='ltr'>ἀλλᾶ</span> <span class='ocrx_word' id='word_1_699' title='bbox 3264 4362 3610 4442; x_wconf 72' lang='grc' dir='ltr'>περισφίγγω</span> <span class='ocrx_word' id='word_1_700' title='bbox 3670 4364 3795 4421; x_wconf 67' lang='grc' dir='ltr'>αὐτὸ</span> 
     </span>
    </p>
   </div>
   <div class='ocr_carea' id='block_1_95' title="bbox 2136 4449 3794 4530">
    <p class='ocr_par' dir='ltr' id='par_1_95' title="bbox 2136 4449 3794 4530">
     <span class='ocr_line' id='line_1_95' title="bbox 2136 4449 3794 4530; baseline 0.003 -26"><span class='ocrx_word' id='word_1_701' title='bbox 2136 4451 2224 4505; x_wconf 82' lang='grc' dir='ltr'>καὶ</span> <span class='ocrx_word' id='word_1_702' title='bbox 2261 4449 2570 4507; x_wconf 71' lang='grc' dir='ltr'>ὑποτάσσω.</span> <span class='ocrx_word' id='word_1_703' title='bbox 2604 4452 2779 4508; x_wconf 78' lang='grc' dir='ltr'>Τοῦτο</span> <span class='ocrx_word' id='word_1_704' title='bbox 2835 4453 2937 4529; x_wconf 73' lang='grc' dir='ltr'>γὰρ</span> <span class='ocrx_word' id='word_1_705' title='bbox 2997 4452 3141 4530; x_wconf 70' lang='grc' dir='ltr'>λέγει</span> <span class='ocrx_word' id='word_1_706' title='bbox 3194 4452 3280 4522; x_wconf 87' lang='grc' dir='ltr'>τὸ,</span> <span class='ocrx_word' id='word_1_707' title='bbox 3346 4452 3651 4524; x_wconf 78' lang='grc' dir='ltr'>ὑπωπιάζω</span> <span class='ocrx_word' id='word_1_708' title='bbox 3707 4455 3794 4527; x_wconf 60' lang='grc' dir='ltr'>καῖ</span> 
     </span>
    </p>
   </div>
   <div class='ocr_carea' id='block_1_96' title="bbox 2139 4536 3791 4617">
    <p class='ocr_par' dir='ltr' id='par_1_96' title="bbox 2139 4536 3791 4617">
     <span class='ocr_line' id='line_1_96' title="bbox 2139 4536 3791 4617; baseline 0.004 -26"><span class='ocrx_word' id='word_1_709' title='bbox 2139 4536 2499 4614; x_wconf 70' lang='grc' dir='ltr'>δ’,υλαγωγῶ·</span> <span class='ocrx_word' id='word_1_710' title='bbox 2530 4540 2798 4609; x_wconf 82' lang='grc' dir='ltr'>τουτέστι,</span> <span class='ocrx_word' id='word_1_711' title='bbox 2831 4541 3063 4614; x_wconf 72' lang='grc' dir='ltr'>Δαμάζω</span> <span class='ocrx_word' id='word_1_712' title='bbox 3119 4542 3211 4596; x_wconf 78' lang='grc' dir='ltr'>καὶ</span> <span class='ocrx_word' id='word_1_713' title='bbox 3264 4541 3338 4604; x_wconf 85' lang='grc' dir='ltr'>ὡς</span> <span class='ocrx_word' id='word_1_714' title='bbox 3396 4538 3597 4597; x_wconf 74' lang='grc' dir='ltr'>δοῦλον</span> <span class='ocrx_word' id='word_1_715' title='bbox 3652 4542 3791 4617; x_wconf 77' lang='grc' dir='ltr'>ἄγω.</span> 
     </span>
    </p>
   </div>
   <div class='ocr_carea' id='block_1_97' title="bbox 388 4621 2036 4709">
    <p class='ocr_par' dir='ltr' id='par_1_97' title="bbox 388 4629 2036 4702">
     <span class='ocr_line' id='line_1_97' title="bbox 388 4629 2036 4702; baseline 0.002 -21"><span class='ocrx_word' id='word_1_716' title='bbox 388 4629 539 4683; x_wconf 90' lang='lat' dir='ltr'>illud</span> <span class='ocrx_word' id='word_1_717' title='bbox 570 4639 628 4685; x_wconf 87' lang='lat' dir='ltr'>et</span> <span class='ocrx_word' id='word_1_718' title='bbox 653 4631 945 4702; x_wconf 74' lang='lat' dir='ltr'>subjicio:</span> <span class='ocrx_word' id='word_1_719' title='bbox 981 4648 1117 4686; x_wconf 87' lang='lat' dir='ltr'>nam</span> <span class='ocrx_word' id='word_1_720' title='bbox 1152 4631 1262 4685; x_wconf 88' lang='lat' dir='ltr'>hoc</span> <span class='ocrx_word' id='word_1_721' title='bbox 1289 4629 1400 4684; x_wconf 85' lang='lat' dir='ltr'>sibi</span> <span class='ocrx_word' id='word_1_722' title='bbox 1450 4629 1574 4683; x_wconf 85' lang='lat' dir='ltr'>vult</span> <span class='ocrx_word' id='word_1_723' title='bbox 1607 4643 1620 4682; x_wconf 91' lang='lat'>:</span> <span class='ocrx_word' id='word_1_724' title='bbox 1679 4629 1930 4698; x_wconf 80' lang='lat' dir='ltr'>Subjicio</span> <span class='ocrx_word' id='word_1_725' title='bbox 1985 4636 2036 4685; x_wconf 84' lang='lat' dir='ltr'>et</span> 
     </span>
    </p>
   </div>
   <div class='ocr_carea' id='block_1_98' title="bbox 2147 4621 3790 4709">
    <p class='ocr_par' dir='ltr' id='par_1_98' title="bbox 2147 4622 3790 4709">
     <span class='ocr_line' id='line_1_98' title="bbox 2147 4622 3790 4709; baseline 0.012 -29"><span class='ocrx_word' id='word_1_726' title='bbox 2147 4625 2220 4684; x_wconf 73' lang='grc' dir='ltr'>Οὐ</span> <span class='ocrx_word' id='word_1_727' title='bbox 2253 4627 2356 4705; x_wconf 69' lang='grc' dir='ltr'>γὰρ</span> <span class='ocrx_word' id='word_1_728' title='bbox 2389 4622 2787 4699; x_wconf 69' lang='grc' dir='ltr'>συμϐάλλεται,</span> <span class='ocrx_word' id='word_1_729' title='bbox 2836 4632 2990 4709; x_wconf 77' lang='grc' dir='ltr'>φησὶ,</span> <span class='ocrx_word' id='word_1_730' title='bbox 3054 4630 3148 4705; x_wconf 83' lang='grc' dir='ltr'>μοὶ</span> <span class='ocrx_word' id='word_1_731' title='bbox 3203 4630 3267 4685; x_wconf 83' lang='grc' dir='ltr'>τὸ</span> <span class='ocrx_word' id='word_1_732' title='bbox 3316 4629 3545 4705; x_wconf 63' lang='grc' dir='ltr'>κηρῦξιι</span> <span class='ocrx_word' id='word_1_733' title='bbox 3611 4631 3790 4704; x_wconf 78' lang='grc' dir='ltr'>μένον.</span> 
     </span>
    </p>
   </div>
   <div class='ocr_carea' id='block_1_99' title="bbox 390 4718 2035 4791">
    <p class='ocr_par' dir='ltr' id='par_1_99' title="bbox 390 4718 2035 4791">
     <span class='ocr_line' id='line_1_99' title="bbox 390 4718 2035 4791; baseline 0.002 -19"><span class='ocrx_word' id='word_1_734' title='bbox 390 4719 449 4772; x_wconf 78' lang='lat' dir='ltr'>in</span> <span class='ocrx_word' id='word_1_735' title='bbox 478 4724 790 4775; x_wconf 83' lang='lat' dir='ltr'>servitutem</span> <span class='ocrx_word' id='word_1_736' title='bbox 819 4724 1029 4791; x_wconf 71' lang='lat' dir='ltr'>redigo,</span> <span class='ocrx_word' id='word_1_737' title='bbox 1064 4723 1173 4777; x_wconf 89' lang='lat' dir='ltr'>hoc</span> <span class='ocrx_word' id='word_1_738' title='bbox 1208 4726 1315 4775; x_wconf 87' lang='lat' dir='ltr'>est.</span> <span class='ocrx_word' id='word_1_739' title='bbox 1350 4719 1524 4774; x_wconf 92' lang='lat' dir='ltr'>domo</span> <span class='ocrx_word' id='word_1_740' title='bbox 1555 4735 1623 4774; x_wconf 92' lang='lat' dir='ltr'>ac</span> <span class='ocrx_word' id='word_1_741' title='bbox 1675 4718 1735 4773; x_wconf 92' lang='lat' dir='ltr'>in</span> <span class='ocrx_word' id='word_1_742' title='bbox 1795 4720 2035 4776; x_wconf 85' lang='lat' dir='ltr'>modum</span> 
     </span>
    </p>
   </div>
   <div class='ocr_carea' id='block_1_100' title="bbox 392 4808 2035 4882">
    <p class='ocr_par' dir='ltr' id='par_1_100' title="bbox 392 4808 2035 4882">
     <span class='ocr_line' id='line_1_100' title="bbox 392 4808 2035 4882; baseline 0.002 -20"><span class='ocrx_word' id='word_1_743' title='bbox 392 4808 541 4863; x_wconf 87' lang='lat' dir='ltr'>servi</span> <span class='ocrx_word' id='word_1_744' title='bbox 574 4808 800 4877; x_wconf 81' lang='lat' dir='ltr'>redigo.</span> <span class='ocrx_word' id='word_1_745' title='bbox 841 4811 1040 4881; x_wconf 87' lang='lat' dir='ltr'>Neque</span> <span class='ocrx_word' id='word_1_746' title='bbox 1074 4811 1231 4865; x_wconf 89' lang='lat' dir='ltr'>enim</span> <span class='ocrx_word' id='word_1_747' title='bbox 1262 4808 1783 4881; x_wconf 86' lang='lat' dir='ltr'>prodessetsolum</span> <span class='ocrx_word' id='word_1_748' title='bbox 1819 4810 2035 4882; x_wconf 64' lang='lat' dir='ltr'>praedio</span> 
     </span>
    </p>
   </div>
   <div class='ocr_carea' id='block_1_101' title="bbox 392 4902 2033 4974">
    <p class='ocr_par' dir='ltr' id='par_1_101' title="bbox 392 4902 2033 4974">
     <span class='ocr_line' id='line_1_101' title="bbox 392 4902 2033 4974; baseline 0.003 -20"><span class='ocrx_word' id='word_1_749' title='bbox 392 4916 547 4969; x_wconf 91' lang='lat' dir='ltr'>care,</span> <span class='ocrx_word' id='word_1_750' title='bbox 583 4902 692 4956; x_wconf 90' lang='lat' dir='ltr'>nisi</span> <span class='ocrx_word' id='word_1_751' title='bbox 728 4902 904 4957; x_wconf 89' lang='lat' dir='ltr'>etiam</span> <span class='ocrx_word' id='word_1_752' title='bbox 937 4920 1067 4973; x_wconf 72' lang='lat' dir='ltr'>qua)</span> <span class='ocrx_word' id='word_1_753' title='bbox 1099 4919 1133 4957; x_wconf 90' lang='lat' dir='ltr'>a</span> <span class='ocrx_word' id='word_1_754' title='bbox 1165 4920 1258 4958; x_wconf 88' lang='lat' dir='ltr'>me</span> <span class='ocrx_word' id='word_1_755' title='bbox 1303 4903 1428 4957; x_wconf 83' lang='lat' dir='ltr'>fieri</span> <span class='ocrx_word' id='word_1_756' title='bbox 1488 4909 1736 4973; x_wconf 83' lang='lat' dir='ltr'>possunt</span> <span class='ocrx_word' id='word_1_757' title='bbox 1793 4910 2033 4974; x_wconf 78' lang='lat' dir='ltr'>prmsta-</span> 
     </span>
    </p>
   </div>
   <div class='ocr_carea' id='block_1_102' title="bbox 389 4991 2029 5055">
    <p class='ocr_par' dir='ltr' id='par_1_102' title="bbox 389 4991 2029 5055">
     <span class='ocr_line' id='line_1_102' title="bbox 389 4991 2029 5055; baseline 0.002 -10"><span class='ocrx_word' id='word_1_758' title='bbox 389 5008 538 5049; x_wconf 84' lang='lat' dir='ltr'>rem.</span> <span class='ocrx_word' id='word_1_759' title='bbox 575 4991 708 5046; x_wconf 64' lang='lat' dir='ltr'>Haec</span> <span class='ocrx_word' id='word_1_760' title='bbox 739 4998 935 5046; x_wconf 87' lang='lat' dir='ltr'>autem</span> <span class='ocrx_word' id='word_1_761' title='bbox 968 4992 1193 5053; x_wconf 84' lang='lat' dir='ltr'>dicens,</span> <span class='ocrx_word' id='word_1_762' title='bbox 1224 4992 1424 5047; x_wconf 90' lang='lat' dir='ltr'>innuit</span> <span class='ocrx_word' id='word_1_763' title='bbox 1456 5007 1556 5046; x_wconf 89' lang='lat' dir='ltr'>eos</span> <span class='ocrx_word' id='word_1_764' title='bbox 1571 4992 1752 5046; x_wconf 77' lang='lat' dir='ltr'>ventri</span> <span class='ocrx_word' id='word_1_765' title='bbox 1777 4991 2029 5055; x_wconf 86' lang='lat' dir='ltr'>deditos,</span> 
     </span>
    </p>
   </div>
   <div class='ocr_carea' id='block_1_103' title="bbox 388 5080 2033 5153">
    <p class='ocr_par' dir='ltr' id='par_1_103' title="bbox 388 5080 2033 5153">
     <span class='ocr_line' id='line_1_103' title="bbox 388 5080 2033 5153; baseline 0.001 -16"><span class='ocrx_word' id='word_1_766' title='bbox 388 5080 670 5153; x_wconf 80' lang='lat' dir='ltr'>quodque</span> <span class='ocrx_word' id='word_1_767' title='bbox 683 5096 802 5137; x_wconf 89' lang='lat' dir='ltr'>non</span> <span class='ocrx_word' id='word_1_768' title='bbox 816 5081 958 5136; x_wconf 88' lang='lat' dir='ltr'>satis</span> <span class='ocrx_word' id='word_1_769' title='bbox 971 5081 1056 5136; x_wconf 88' lang='lat' dir='ltr'>eis</span> <span class='ocrx_word' id='word_1_770' title='bbox 1073 5080 1484 5136; x_wconf 89' lang='lat' dir='ltr'>sitcredidisse</span> <span class='ocrx_word' id='word_1_771' title='bbox 1501 5086 1596 5136; x_wconf 90' lang='lat' dir='ltr'>tan</span> <span class='ocrx_word' id='word_1_772' title='bbox 1609 5081 1911 5147; x_wconf 89' lang='lat' dir='ltr'>tum,sicut</span> <span class='ocrx_word' id='word_1_773' title='bbox 1925 5098 2033 5138; x_wconf 90' lang='lat' dir='ltr'>nec</span> 
     </span>
    </p>
   </div>
   <div class='ocr_carea' id='block_1_104' title="bbox 388 5170 2034 5244">
    <p class='ocr_par' dir='ltr' id='par_1_104' title="bbox 388 5170 2034 5244">
     <span class='ocr_line' id='line_1_104' title="bbox 388 5170 2034 5244; baseline 0.001 -19"><span class='ocrx_word' id='word_1_774' title='bbox 388 5171 501 5243; x_wconf 86' lang='lat' dir='ltr'>ipsi</span> <span class='ocrx_word' id='word_1_775' title='bbox 531 5170 887 5243; x_wconf 58' lang='lat' dir='ltr'>praedicasse</span> <span class='ocrx_word' id='word_1_776' title='bbox 913 5186 926 5225; x_wconf 91' lang='lat'>:</span> <span class='ocrx_word' id='word_1_777' title='bbox 959 5170 1071 5225; x_wconf 87' lang='lat' dir='ltr'>nisi</span> <span class='ocrx_word' id='word_1_778' title='bbox 1093 5177 1151 5225; x_wconf 91' lang='lat' dir='ltr'>et</span> <span class='ocrx_word' id='word_1_779' title='bbox 1171 5186 1298 5242; x_wconf 81' lang='lat' dir='ltr'>ego.</span> <span class='ocrx_word' id='word_1_780' title='bbox 1323 5170 1535 5241; x_wconf 88' lang='lat' dir='ltr'>inquit,</span> <span class='ocrx_word' id='word_1_781' title='bbox 1567 5176 1626 5225; x_wconf 88' lang='lat' dir='ltr'>et</span> <span class='ocrx_word' id='word_1_782' title='bbox 1667 5186 1765 5226; x_wconf 85' lang='lat' dir='ltr'>vos</span> <span class='ocrx_word' id='word_1_783' title='bbox 1821 5187 2034 5244; x_wconf 86' lang='lat' dir='ltr'>corpus</span> 
     </span>
    </p>
   </div>
   <div class='ocr_carea' id='block_1_105' title="bbox 390 5259 2031 5333">
    <p class='ocr_par' dir='ltr' id='par_1_105' title="bbox 390 5259 2031 5333">
     <span class='ocr_line' id='line_1_105' title="bbox 390 5259 2031 5333; baseline 0 -16"><span class='ocrx_word' id='word_1_784' title='bbox 390 5261 638 5333; x_wconf 86' lang='lat' dir='ltr'>ejusque</span> <span class='ocrx_word' id='word_1_785' title='bbox 675 5260 1204 5333; x_wconf 89' lang='lat' dir='ltr'>concupiscientias</span> <span class='ocrx_word' id='word_1_786' title='bbox 1224 5260 1286 5314; x_wconf 89' lang='lat' dir='ltr'>in</span> <span class='ocrx_word' id='word_1_787' title='bbox 1304 5260 1647 5315; x_wconf 88' lang='lat' dir='ltr'>servitutem</span> <span class='ocrx_word' id='word_1_788' title='bbox 1674 5259 2031 5332; x_wconf 70' lang='lat' dir='ltr'>red‘gamus.</span> 
     </span>
    </p>
   </div>
   <div class='ocr_carea' id='block_1_106' title="bbox 460 5350 2036 5421">
    <p class='ocr_par' dir='ltr' id='par_1_106' title="bbox 460 5350 2036 5421">
     <span class='ocr_line' id='line_1_106' title="bbox 460 5350 2036 5421; baseline -0.001 -14"><span class='ocrx_word' id='word_1_789' title='bbox 460 5353 529 5421; x_wconf 84' lang='grc' dir='ltr'>Χ,</span> <span class='ocrx_word' id='word_1_790' title='bbox 564 5355 678 5407; x_wconf 77' lang='grc'>1-4.</span> <span class='ocrx_word' id='word_1_791' title='bbox 715 5352 895 5411; x_wconf 81' lang='lat' dir='ltr'>Nolim</span> <span class='ocrx_word' id='word_1_792' title='bbox 925 5358 1107 5406; x_wconf 84' lang='lat' dir='ltr'>autem</span> <span class='ocrx_word' id='word_1_793' title='bbox 1162 5366 1255 5406; x_wconf 85' lang='lat' dir='ltr'>vos</span> <span class='ocrx_word' id='word_1_794' title='bbox 1310 5351 1572 5419; x_wconf 86' lang='lat' dir='ltr'>ignorare</span> <span class='ocrx_word' id='word_1_795' title='bbox 1624 5351 1830 5417; x_wconf 77' lang='lat' dir='ltr'>fratres</span> <span class='ocrx_word' id='word_1_796' title='bbox 1887 5350 2036 5420; x_wconf 87' lang='lat' dir='ltr'>quod</span> 
     </span>
    </p>
   </div>
   <div class='ocr_carea' id='block_1_107' title="bbox 380 5439 2036 5509">
    <p class='ocr_par' dir='ltr' id='par_1_107' title="bbox 380 5439 2036 5509">
     <span class='ocr_line' id='line_1_107' title="bbox 380 5439 2036 5509; baseline -0.001 -14"><span class='ocrx_word' id='word_1_797' title='bbox 380 5448 570 5509; x_wconf 84' lang='lat' dir='ltr'>patres</span> <span class='ocrx_word' id='word_1_798' title='bbox 607 5445 787 5499; x_wconf 80' lang='lat' dir='ltr'>nostri</span> <span class='ocrx_word' id='word_1_799' title='bbox 815 5458 997 5498; x_wconf 87' lang='lat' dir='ltr'>omnes</span> <span class='ocrx_word' id='word_1_800' title='bbox 1027 5441 1128 5497; x_wconf 85' lang='lat' dir='ltr'>sub</span> <span class='ocrx_word' id='word_1_801' title='bbox 1158 5439 1303 5496; x_wconf 86' lang='lat' dir='ltr'>nube</span> <span class='ocrx_word' id='word_1_802' title='bbox 1326 5442 1592 5509; x_wconf 70' lang='lat' dir='ltr'>fuerunt:</span> <span class='ocrx_word' id='word_1_803' title='bbox 1622 5445 1674 5494; x_wconf 87' lang='lat' dir='ltr'>et</span> <span class='ocrx_word' id='word_1_804' title='bbox 1704 5454 1887 5494; x_wconf 90' lang='lat' dir='ltr'>omnes</span> <span class='ocrx_word' id='word_1_805' title='bbox 1930 5456 2036 5509; x_wconf 80' lang='lat' dir='ltr'>per</span> 
     </span>
    </p>
   </div>
   <div class='ocr_carea' id='block_1_108' title="bbox 384 5530 2036 5600">
    <p class='ocr_par' dir='ltr' id='par_1_108' title="bbox 384 5530 2036 5600">
     <span class='ocr_line' id='line_1_108' title="bbox 384 5530 2036 5600; baseline 0.001 -16"><span class='ocrx_word' id='word_1_806' title='bbox 384 5546 538 5585; x_wconf 85' lang='lat' dir='ltr'>mare</span> <span class='ocrx_word' id='word_1_807' title='bbox 592 5534 931 5590; x_wconf 76' lang='lat' dir='ltr'>transierunt</span> <span class='ocrx_word' id='word_1_808' title='bbox 961 5549 982 5589; x_wconf 89' lang='lat'><strong><em>:</em></strong></span> <span class='ocrx_word' id='word_1_809' title='bbox 1038 5538 1090 5587; x_wconf 81' lang='lat' dir='ltr'>et</span> <span class='ocrx_word' id='word_1_810' title='bbox 1133 5546 1314 5587; x_wconf 86' lang='lat' dir='ltr'>omnes</span> <span class='ocrx_word' id='word_1_811' title='bbox 1372 5530 1471 5587; x_wconf 86' lang='lat' dir='ltr'>sub</span> <span class='ocrx_word' id='word_1_812' title='bbox 1517 5531 1702 5587; x_wconf 77' lang='lat' dir='ltr'>Mosen</span> <span class='ocrx_word' id='word_1_813' title='bbox 1766 5530 2036 5600; x_wconf 67' lang='lat' dir='ltr'>baptizari</span> 
     </span>
    </p>
   </div>
   <div class='ocr_carea' id='block_1_109' title="bbox 388 5619 2035 5680">
    <p class='ocr_par' dir='ltr' id='par_1_109' title="bbox 388 5619 2035 5680">
     <span class='ocr_line' id='line_1_109' title="bbox 388 5619 2035 5680; baseline 0.001 -3"><span class='ocrx_word' id='word_1_814' title='bbox 388 5624 517 5677; x_wconf 75' lang='lat' dir='ltr'>sunt</span> <span class='ocrx_word' id='word_1_815' title='bbox 551 5620 613 5675; x_wconf 77' lang='lat' dir='ltr'>in</span> <span class='ocrx_word' id='word_1_816' title='bbox 640 5622 782 5678; x_wconf 81' lang='lat' dir='ltr'>nube</span> <span class='ocrx_word' id='word_1_817' title='bbox 808 5628 861 5680; x_wconf 83' lang='lat' dir='ltr'>et</span> <span class='ocrx_word' id='word_1_818' title='bbox 888 5621 951 5679; x_wconf 78' lang='lat' dir='ltr'>in</span> <span class='ocrx_word' id='word_1_819' title='bbox 979 5623 1127 5679; x_wconf 77' lang='lat' dir='ltr'>mari</span> <span class='ocrx_word' id='word_1_820' title='bbox 1157 5638 1172 5680; x_wconf 88' lang='lat'><strong>:</strong></span> <span class='ocrx_word' id='word_1_821' title='bbox 1205 5627 1257 5678; x_wconf 81' lang='lat' dir='ltr'>et</span> <span class='ocrx_word' id='word_1_822' title='bbox 1310 5635 1493 5678; x_wconf 80' lang='lat' dir='ltr'>omnes</span> <span class='ocrx_word' id='word_1_823' title='bbox 1547 5619 1798 5675; x_wconf 79' lang='lat' dir='ltr'>eumdem</span> <span class='ocrx_word' id='word_1_824' title='bbox 1854 5620 2035 5678; x_wconf 75' lang='lat' dir='ltr'>cibum</span> 
     </span>
    </p>
   </div>
   <div class='ocr_carea' id='block_1_110' title="bbox 387 5707 2035 5782">
    <p class='ocr_par' dir='ltr' id='par_1_110' title="bbox 387 5707 2035 5782">
     <span class='ocr_line' id='line_1_110' title="bbox 387 5707 2035 5782; baseline 0.001 -18"><span class='ocrx_word' id='word_1_825' title='bbox 387 5707 703 5780; x_wconf 64' lang='lat' dir='ltr'>spiritalem</span> <span class='ocrx_word' id='word_1_826' title='bbox 744 5711 1145 5768; x_wconf 77' lang='lat' dir='ltr'>comederunt:</span> <span class='ocrx_word' id='word_1_827' title='bbox 1198 5717 1252 5767; x_wconf 79' lang='lat' dir='ltr'>et</span> <span class='ocrx_word' id='word_1_828' title='bbox 1310 5726 1493 5766; x_wconf 75' lang='lat' dir='ltr'>omnes</span> <span class='ocrx_word' id='word_1_829' title='bbox 1542 5709 1788 5767; x_wconf 74' lang='lat' dir='ltr'>eumdem</span> <span class='ocrx_word' id='word_1_830' title='bbox 1838 5716 2035 5782; x_wconf 80' lang='lat' dir='ltr'>potum</span> 
     </span>
    </p>
   </div>
   <div class='ocr_carea' id='block_1_111' title="bbox 2144 4713 3790 4794">
    <p class='ocr_par' dir='ltr' id='par_1_111' title="bbox 2144 4713 3790 4794">
     <span class='ocr_line' id='line_1_111' title="bbox 2144 4713 3790 4794; baseline 0.002 -24"><span class='ocrx_word' id='word_1_831' title='bbox 2144 4713 2203 4770; x_wconf 80' lang='grc' dir='ltr'>ἄν</span> <span class='ocrx_word' id='word_1_832' title='bbox 2242 4719 2318 4790; x_wconf 74' lang='grc' dir='ltr'>μή</span> <span class='ocrx_word' id='word_1_833' title='bbox 2346 4716 2433 4772; x_wconf 86' lang='grc' dir='ltr'>καὶ</span> <span class='ocrx_word' id='word_1_834' title='bbox 2465 4719 2530 4771; x_wconf 76' lang='grc' dir='ltr'>τὰ</span> <span class='ocrx_word' id='word_1_835' title='bbox 2570 4719 2696 4792; x_wconf 79' lang='grc' dir='ltr'>παρ’</span> <span class='ocrx_word' id='word_1_836' title='bbox 2753 4716 2991 4793; x_wconf 68' lang='grc' dir='ltr'>ἐμαυτοῦ</span> <span class='ocrx_word' id='word_1_837' title='bbox 3049 4719 3441 4794; x_wconf 66' lang='grc' dir='ltr'>παρίσχωμαι.</span> <span class='ocrx_word' id='word_1_838' title='bbox 3499 4723 3681 4776; x_wconf 77' lang='grc' dir='ltr'>Ταῦτα</span> <span class='ocrx_word' id='word_1_839' title='bbox 3734 4719 3790 4775; x_wconf 69' lang='grc' dir='ltr'>δὲ</span> 
     </span>
    </p>
   </div>
   <div class='ocr_carea' id='block_1_112' title="bbox 2145 4803 3789 4884">
    <p class='ocr_par' dir='ltr' id='par_1_112' title="bbox 2145 4803 3789 4884">
     <span class='ocr_line' id='line_1_112' title="bbox 2145 4803 3789 4884; baseline 0.001 -22"><span class='ocrx_word' id='word_1_840' title='bbox 2145 4803 2341 4881; x_wconf 78' lang='grc' dir='ltr'>λέγων,</span> <span class='ocrx_word' id='word_1_841' title='bbox 2400 4806 2691 4863; x_wconf 77' lang='grc' dir='ltr'>αἰνίττεται</span> <span class='ocrx_word' id='word_1_842' title='bbox 2746 4807 2941 4869; x_wconf 78' lang='grc' dir='ltr'>αὐτοὺς</span> <span class='ocrx_word' id='word_1_843' title='bbox 2997 4808 3085 4863; x_wconf 81' lang='grc' dir='ltr'>καὶ</span> <span class='ocrx_word' id='word_1_844' title='bbox 3168 4809 3640 4884; x_wconf 77' lang='grc' dir='ltr'>γαστριμάργους,</span> <span class='ocrx_word' id='word_1_845' title='bbox 3703 4809 3789 4866; x_wconf 65' lang='grc' dir='ltr'>καὶ</span> 
     </span>
    </p>
   </div>
   <div class='ocr_carea' id='block_1_113' title="bbox 2144 4895 3786 4975">
    <p class='ocr_par' dir='ltr' id='par_1_113' title="bbox 2144 4895 3786 4975">
     <span class='ocr_line' id='line_1_113' title="bbox 2144 4895 3786 4975; baseline 0.002 -25"><span class='ocrx_word' id='word_1_846' title='bbox 2144 4895 2224 4950; x_wconf 85' lang='grc' dir='ltr'>’ὁτι</span> <span class='ocrx_word' id='word_1_847' title='bbox 2259 4896 2373 4953; x_wconf 71' lang='grc' dir='ltr'>Οὐκ</span> <span class='ocrx_word' id='word_1_848' title='bbox 2403 4899 2557 4970; x_wconf 69' lang='grc' dir='ltr'>ἀρκεῖ</span> <span class='ocrx_word' id='word_1_849' title='bbox 2590 4897 2716 4971; x_wconf 82' lang='grc' dir='ltr'>ὑμῖν</span> <span class='ocrx_word' id='word_1_850' title='bbox 2747 4897 2810 4952; x_wconf 88' lang='grc' dir='ltr'>τὸ</span> <span class='ocrx_word' id='word_1_851' title='bbox 2849 4902 3129 4953; x_wconf 74' lang='grc' dir='ltr'>πιστεῦσαι</span> <span class='ocrx_word' id='word_1_852' title='bbox 3187 4897 3374 4971; x_wconf 81' lang='grc' dir='ltr'>μόνον,</span> <span class='ocrx_word' id='word_1_853' title='bbox 3429 4896 3617 4975; x_wconf 72' lang='grc' dir='ltr'>ὥσπερ</span> <span class='ocrx_word' id='word_1_854' title='bbox 3668 4897 3786 4955; x_wconf 67' lang='grc' dir='ltr'>οῦδὲ</span> 
     </span>
    </p>
   </div>
   <div class='ocr_carea' id='block_1_114' title="bbox 2144 4983 3788 5063">
    <p class='ocr_par' dir='ltr' id='par_1_114' title="bbox 2144 4983 3788 5063">
     <span class='ocr_line' id='line_1_114' title="bbox 2144 4983 3788 5063; baseline 0.003 -24"><span class='ocrx_word' id='word_1_855' title='bbox 2144 4983 2268 5057; x_wconf 74' lang='grc' dir='ltr'>ἐμοὶ</span> <span class='ocrx_word' id='word_1_856' title='bbox 2298 4985 2362 5041; x_wconf 83' lang='grc' dir='ltr'>τὸ</span> <span class='ocrx_word' id='word_1_857' title='bbox 2392 4985 2643 5061; x_wconf 56' lang='grc' dir='ltr'>κηρύξαι,</span> <span class='ocrx_word' id='word_1_858' title='bbox 2677 4986 2764 5042; x_wconf 70' lang='grc' dir='ltr'>ἓᾶν</span> <span class='ocrx_word' id='word_1_859' title='bbox 2800 4988 2876 5060; x_wconf 78' lang='grc' dir='ltr'>μή</span> <span class='ocrx_word' id='word_1_860' title='bbox 2908 4985 3014 5061; x_wconf 77' lang='grc' dir='ltr'>ἐγὼ</span> <span class='ocrx_word' id='word_1_861' title='bbox 3042 4987 3132 5042; x_wconf 78' lang='grc' dir='ltr'>καὶ</span> <span class='ocrx_word' id='word_1_862' title='bbox 3166 4988 3321 5060; x_wconf 77' lang='grc' dir='ltr'>ὑμεῖς</span> <span class='ocrx_word' id='word_1_863' title='bbox 3375 4988 3467 5042; x_wconf 78' lang='grc' dir='ltr'>καὶ</span> <span class='ocrx_word' id='word_1_864' title='bbox 3515 4990 3581 5044; x_wconf 85' lang='grc' dir='ltr'>τὸ</span> <span class='ocrx_word' id='word_1_865' title='bbox 3632 4992 3788 5063; x_wconf 74' lang='grc' dir='ltr'>σῶμα</span> 
     </span>
    </p>
   </div>
   <div class='ocr_carea' id='block_1_115' title="bbox 2141 5072 3235 5149">
    <p class='ocr_par' dir='ltr' id='par_1_115' title="bbox 2141 5072 3235 5149">
     <span class='ocr_line' id='line_1_115' title="bbox 2141 5072 3235 5149; baseline 0.003 -18"><span class='ocrx_word' id='word_1_866' title='bbox 2141 5075 2231 5131; x_wconf 81' lang='grc' dir='ltr'>καὶ</span> <span class='ocrx_word' id='word_1_867' title='bbox 2259 5074 2356 5139; x_wconf 80' lang='grc' dir='ltr'>τὰς</span> <span class='ocrx_word' id='word_1_868' title='bbox 2386 5073 2677 5149; x_wconf 76' lang='grc' dir='ltr'>ἐπιθυμίας</span> <span class='ocrx_word' id='word_1_869' title='bbox 2701 5075 2866 5133; x_wconf 76' lang='grc' dir='ltr'>αὐτοῦ</span> <span class='ocrx_word' id='word_1_870' title='bbox 2896 5072 3235 5148; x_wconf 77' lang='grc' dir='ltr'>δουλώσητε.</span> 
     </span>
    </p>
   </div>
   <div class='ocr_carea' id='block_1_116' title="bbox 2213 5351 3789 5437">
    <p class='ocr_par' dir='ltr' id='par_1_116' title="bbox 2213 5351 3789 5437">
     <span class='ocr_line' id='line_1_116' title="bbox 2213 5351 3789 5437; baseline -0.001 -27"><span class='ocrx_word' id='word_1_871' title='bbox 2213 5351 2291 5410; x_wconf 71' lang='grc' dir='ltr'>Οὔ</span> <span class='ocrx_word' id='word_1_872' title='bbox 2357 5351 2501 5409; x_wconf 72' lang='grc' dir='ltr'>θέλω</span> <span class='ocrx_word' id='word_1_873' title='bbox 2559 5352 2615 5409; x_wconf 75' lang='grc' dir='ltr'>δὲ</span> <span class='ocrx_word' id='word_1_874' title='bbox 2699 5355 2838 5429; x_wconf 77' lang='grc' dir='ltr'>ὑμᾶς</span> <span class='ocrx_word' id='word_1_875' title='bbox 2923 5356 3161 5431; x_wconf 81' lang='grc' dir='ltr'>ἀγνοεῖν,</span> <span class='ocrx_word' id='word_1_876' title='bbox 3248 5353 3502 5437; x_wconf 75' lang='grc' dir='ltr'>ἀδελφοὶ,</span> <span class='ocrx_word' id='word_1_877' title='bbox 3589 5357 3673 5413; x_wconf 83' lang='grc' dir='ltr'>δτι</span> <span class='ocrx_word' id='word_1_878' title='bbox 3739 5355 3789 5410; x_wconf 74' lang='grc' dir='ltr'>οἱ</span> 
     </span>
    </p>
   </div>
   <div class='ocr_carea' id='block_1_117' title="bbox 2142 5440 3790 5524">
    <p class='ocr_par' dir='ltr' id='par_1_117' title="bbox 2142 5440 3790 5524">
     <span class='ocr_line' id='line_1_117' title="bbox 2142 5440 3790 5524; baseline 0.002 -26"><span class='ocrx_word' id='word_1_879' title='bbox 2142 5440 2366 5516; x_wconf 73' lang='grc' dir='ltr'>πατέρες</span> <span class='ocrx_word' id='word_1_880' title='bbox 2422 5445 2584 5516; x_wconf 76' lang='grc' dir='ltr'>ἡμῶν</span> <span class='ocrx_word' id='word_1_881' title='bbox 2671 5444 2865 5510; x_wconf 71' lang='grc' dir='ltr'>πάντες</span> <span class='ocrx_word' id='word_1_882' title='bbox 2940 5447 3045 5503; x_wconf 83' lang='grc' dir='ltr'>ὑπὸ</span> <span class='ocrx_word' id='word_1_883' title='bbox 3129 5447 3233 5517; x_wconf 78' lang='grc' dir='ltr'>τήν</span> <span class='ocrx_word' id='word_1_884' title='bbox 3313 5444 3551 5524; x_wconf 74' lang='grc' dir='ltr'>νεφέλην</span> <span class='ocrx_word' id='word_1_885' title='bbox 3634 5446 3790 5517; x_wconf 77' lang='grc' dir='ltr'>ἦσαν,</span> 
     </span>
    </p>
   </div>
   <div class='ocr_carea' id='block_1_118' title="bbox 2142 5531 3796 5607">
    <p class='ocr_par' dir='ltr' id='par_1_118' title="bbox 2142 5531 3796 5607">
     <span class='ocr_line' id='line_1_118' title="bbox 2142 5531 3796 5607; baseline 0.001 -19"><span class='ocrx_word' id='word_1_886' title='bbox 2142 5532 2231 5588; x_wconf 82' lang='grc' dir='ltr'>καὶ</span> <span class='ocrx_word' id='word_1_887' title='bbox 2315 5534 2507 5598; x_wconf 82' lang='grc' dir='ltr'>πάντες</span> <span class='ocrx_word' id='word_1_888' title='bbox 2590 5531 2680 5590; x_wconf 76' lang='grc' dir='ltr'>διὰ</span> <span class='ocrx_word' id='word_1_889' title='bbox 2756 5542 2855 5607; x_wconf 79' lang='grc' dir='ltr'>τῆς</span> <span class='ocrx_word' id='word_1_890' title='bbox 2957 5534 3238 5607; x_wconf 77' lang='grc' dir='ltr'>θαλάσσης</span> <span class='ocrx_word' id='word_1_891' title='bbox 3342 5533 3591 5607; x_wconf 79' lang='grc' dir='ltr'>διῆλθον,</span> <span class='ocrx_word' id='word_1_892' title='bbox 3701 5532 3796 5592; x_wconf 75' lang='grc' dir='ltr'>καὶ</span> 
     </span>
    </p>
   </div>
   <div class='ocr_carea' id='block_1_119' title="bbox 2142 5621 3787 5701">
    <p class='ocr_par' dir='ltr' id='par_1_119' title="bbox 2142 5621 3787 5701">
     <span class='ocr_line' id='line_1_119' title="bbox 2142 5621 3787 5701; baseline 0.001 -22"><span class='ocrx_word' id='word_1_893' title='bbox 2142 5621 2339 5687; x_wconf 83' lang='grc' dir='ltr'>πάντες</span> <span class='ocrx_word' id='word_1_894' title='bbox 2392 5621 2470 5687; x_wconf 72' lang='grc' dir='ltr'>εἷς</span> <span class='ocrx_word' id='word_1_895' title='bbox 2524 5624 2614 5681; x_wconf 88' lang='grc' dir='ltr'>τὸν</span> <span class='ocrx_word' id='word_1_896' title='bbox 2680 5629 2888 5696; x_wconf 76' lang='grc' dir='ltr'>Μωσῆν</span> <span class='ocrx_word' id='word_1_897' title='bbox 2970 5621 3330 5684; x_wconf 72' lang='grc' dir='ltr'>ἐϐαπτίσαντο</span> <span class='ocrx_word' id='word_1_898' title='bbox 3394 5623 3475 5683; x_wconf 53' lang='grc' dir='ltr'>ἰν</span> <span class='ocrx_word' id='word_1_899' title='bbox 3549 5628 3621 5701; x_wconf 77' lang='grc' dir='ltr'>τῇ</span> <span class='ocrx_word' id='word_1_900' title='bbox 3708 5643 3787 5681; x_wconf 79' lang='grc' dir='ltr'>νι-</span> 
     </span>
    </p>
   </div>
   <div class='ocr_carea' id='block_1_120' title="bbox 2142 5708 3786 5792">
    <p class='ocr_par' dir='ltr' id='par_1_120' title="bbox 2142 5708 3786 5792">
     <span class='ocr_line' id='line_1_120' title="bbox 2142 5708 3786 5792; baseline 0.001 -24"><span class='ocrx_word' id='word_1_901' title='bbox 2142 5709 2284 5792; x_wconf 70' lang='grc' dir='ltr'>φόλῃ</span> <span class='ocrx_word' id='word_1_902' title='bbox 2339 5713 2431 5769; x_wconf 75' lang='grc' dir='ltr'>καὶ</span> <span class='ocrx_word' id='word_1_903' title='bbox 2478 5711 2529 5768; x_wconf 71' lang='grc' dir='ltr'>ὗν</span> <span class='ocrx_word' id='word_1_904' title='bbox 2579 5716 2651 5788; x_wconf 76' lang='grc' dir='ltr'>τῇ</span> <span class='ocrx_word' id='word_1_905' title='bbox 2723 5711 2992 5792; x_wconf 72' lang='grc' dir='ltr'>θαλάσσῃ.</span> <span class='ocrx_word' id='word_1_906' title='bbox 3065 5713 3166 5774; x_wconf 73' lang='grc' dir='ltr'>Καὶ</span> <span class='ocrx_word' id='word_1_907' title='bbox 3246 5716 3441 5779; x_wconf 77' lang='grc' dir='ltr'>πάντες</span> <span class='ocrx_word' id='word_1_908' title='bbox 3521 5714 3587 5772; x_wconf 71' lang='grc' dir='ltr'>τὸ</span> <span class='ocrx_word' id='word_1_909' title='bbox 3662 5708 3786 5770; x_wconf 75' lang='grc' dir='ltr'>αὗτὸ</span> 
     </span>
    </p>
   </div>
  </div>
