4068 6254
176 356 330 415 ·ἿΊ3

1217 357 1630 420 COMMENT.
1681 357 1755 418 IN
1802 355 2045 418 EPIST.
2096 360 2116 417 Ι
2163 359 2274 419 AD
2319 357 2688 422 CORINTH.

3528 365 3640 424 774

217 492 426 568 βρῶμα
508 494 880 568 πνευματικὸν
938 493 1158 569 ἔφαγον,
1239 491 1330 548 καὶ
1383 491 1578 556 πάντες
1637 494 1698 548 τὸ
1754 492 1886 549 αὖτὸ

2005 499 2310 570 Spir-{talem
2343 501 2614 556 biberunt.
2648 501 2920 558 Biberunt
2945 505 3087 558 enim
3118 503 3185 558 de
3214 504 3464 575 spiritali
3517 521 3639 578 qua

215 583 378 655 πόμα
431 584 799 656 πνευματικὸν
887 577 1063 640 ἔπιον.
1146 584 1366 640 Ἑπινον
1451 581 1556 658 γὰρ
1615 581 1674 638 ἐκ
1731 605 1891 638 πνευ-

223 677 469 745 ματικῆς
529 671 946 744 ἀκολουθούσης
998 668 1216 747 πέτρας.
1276 672 1342 729 Ἡ
1400 669 1459 727 δὲ
1512 671 1681 747 πέτρα
1736 673 1802 743 ἦν
1862 673 1890 727 ὁ

219 761 485 836 Χριστὸς.

304 851 614 928 Καταλέγει
649 849 870 916 λοιπὸν,
903 850 1087 906 πόσων
1133 851 1446 922 ἠξιώθησαν
1497 847 1755 906 ’Ῑουδαΐοι
1785 849 1890 904 ἀπὸ

227 944 370 997 Θεοῦ
404 937 648 1013 δωρεῶν,
693 939 781 994 καὶ
816 935 1053 994 δείκνυσι
1089 940 1221 1012 μετὰ
1248 939 1342 1001 τὰς
1404 937 1608 1013 δωρεὰς
1669 959 1890 1008 ταυτας,

228 1030 366 1091 τοὺς
399 1029 647 1088 πολλοὺς
705 1029 781 1101 μὴ
841 1027 1132 1103 ἆρέσαντας
1189 1033 1323 1096 Θεῷ.
1385 1031 1564 1085 Ταῦτα
1620 1027 1677 1082 δὲ
1735 1049 1889 1106 φησι,

227 1121 462 1186 πείθων,
497 1117 578 1172 ὅτι
609 1120 812 1191 ’Ὠσπερ
844 1116 1079 1178 ἐκείνους
1126 1117 1224 1172 οὐκ
1262 1112 1435 1188 ὤνησε
1494 1119 1557 1172 τὸ
1616 1118 1889 1172 τοσούτων

231 1206 547 1264 ὰπίιλαῦσαι
633 1203 851 1280 δωρεῶν
887 1251 901 1274 ,
962 1205 1150 1276 ἐπειδή
1231 1206 1298 1260 τα
1350 1207 1476 1281 παρ’
1542 1207 1754 1267 ἑαυτοῖς
1813 1206 1889 1280 μὴ

233 1295 496 1372 ἔσχοντο,
531 1295 704 1355 οὕτως
754 1291 878 1349 οὐδὲ
940 1295 1080 1368 ὑμᾶς
1140 1292 1417 1372 ὠφελήσει
1476 1296 1509 1364 ἡ
1579 1293 1758 1358 πίστις
1801 1293 1891 1348 καὶ

233 1389 302 1442 τὸ
363 1381 679 1461 μυστηρίων
737 1383 1047 1439 ἀπολαῦσαι
1103 1389 1511 1459 πνευματικῶν,
1567 1384 1616 1438 εἴ
1669 1387 1744 1456 μὴ
1801 1384 1890 1439 καὶ

233 1476 421 1547 ἀξίους
466 1474 686 1538 ἑαυτοὺς
742 1476 1067 1549 παράσχητε
1119 1480 1220 1544 τῆς
1286 1473 1382 1529 τοῦ
1448 1477 1582 1528 Θεοῦ
1642 1475 1888 1548 χάριτος.

234 1591 266 1620 α
294 1568 418 1623 ’Ότι
450 1567 500 1620 οἱ
532 1565 756 1639 πατέρες
794 1567 955 1638 ἡμῶν
1015 1568 1230 1626 παντες.
1270 1587 1298 1615 ››
1361 1565 1446 1620 Ἐν
1491 1563 1726 1632 τούτοις,
1787 1564 1891 1618 ἀπὸ

224 1667 334 1729 τῆς
382 1651 732 1736 ’παραθέσεως
817 1661 923 1712 τῶν
1008 1654 1286 1728 παλαιῶν,
1364 1653 1644 1711 παιδεῦσαι
1696 1656 1894 1718 αὐτοὺς

230 1748 498 1826 βούλεται
526 1749 593 1803 τὰ
624 1749 998 1824 προσήκοντα,
1053 1745 1259 1810 δεικνὺς
1313 1745 1592 1808 κάκείνους
1650 1745 1889 1820 καθάπερ

1993 605 2080 644 eos
2108 592 2483 646 comitabatur
2504 599 2669 662 petra
2688 611 2710 657 ;
2734 599 2898 662 petra
2927 599 3108 649 autem
3139 601 3256 650 erat
3287 595 3555 650 Christus.

2067 864 2389 920 Enumerat
2411 865 2690 939 deinceps
2707 868 2862 938 quod
2880 869 3052 924 donis
3069 869 3255 925 Judaei
3269 886 3302 925 a
3323 871 3434 924 Deo
3449 871 3642 926 affecti

1995 951 2163 1007 sint:
2198 960 2255 1008 et
2287 956 2549 1010 ostendit
2602 959 2820 1011 multos
2863 975 3066 1013 eorum
3123 960 3298 1014 etiam
3341 967 3474 1031 post
3517 961 3643 1015 haac

1997 1041 2152 1096 dona
2182 1060 2301 1097 non
2336 1044 2626 1114 placuisse
2661 1052 2792 1102 Deo.
2831 1049 2963 1102 Haec
2993 1054 3191 1102 autem
3233 1048 3378 1103 dicit
3421 1049 3642 1103 docens

1997 1131 2344 1201 quod,Sicut
2373 1133 2494 1189 illis
2526 1151 2644 1189 non
2679 1136 2900 1206 profuit
2923 1137 3158 1190 totillos
3188 1137 3367 1191 fuisse
3413 1137 3642 1208 gavisos

1997 1219 2482 1292 donisquoniam
2507 1240 2575 1279 ea
2599 1242 2728 1295 qua:
2755 1226 2814 1278 in
2837 1242 2898 1281 se
2923 1232 3090 1280 erant
3111 1242 3232 1279 non
3257 1226 3639 1296 praestabant,

1997 1310 2077 1364 ita
2109 1327 2302 1381 neque
2333 1312 2494 1366 vobis
2528 1313 2788 1384 proderit
2820 1315 2986 1375 ﬁdes.
3016 1323 3118 1369 aut
3149 1315 3515 1386 spiritalibus
3538 1314 3642 1369 do-

1995 1404 2148 1453 tatos
2181 1416 2309 1454 esse
2342 1403 2661 1471 mysteriis,
2695 1403 2809 1456 nisi
2844 1419 2940 1457 vos
2973 1402 3172 1458 divina
3201 1403 3388 1475 gratia
3433 1403 3641 1474 dignos

1999 1487 2386 1554 prmbueritis.
2425 1512 2452 1538 ‹‹
2511 1490 2676 1555 Quod
2708 1501 2906 1562 patres
2966 1493 3152 1546 nostri
3187 1508 3414 1546 omnes.
3454 1514 3481 1540 »
3534 1493 3645 1546 Per

1997 1575 2122 1631 hrrc
2154 1593 2188 1631 a
2219 1583 2479 1633 veterum
2511 1581 2953 1651 comparatione
2980 1581 3101 1635 vult
3133 1597 3234 1636 eos
3265 1581 3560 1635 instruere
3583 1580 3645 1633 in

1996 1665 2090 1720 his
2123 1682 2252 1736 quae
2285 1669 2667 1737 conveniunt,
2702 1670 3024 1725 ostendens
3054 1671 3189 1726 illos
3230 1687 3466 1741 quoque
3510 1675 3644 1724 tan—

1997 1770 2175 1825 quam
2212 1755 2272 1810 in
2307 1762 2443 1828 typo
2467 1757 2724 1828 quodam
2748 1759 3001 1830 aequalia
3021 1759 3340 1831 accepisse.
3377 1759 3461 1814 lta
3483 1759 3642 1813 enim

221 1833 283 1893 ἒν
351 1858 456 1892 τινι
520 1837 677 1908 τύπῳ
734 1841 842 1890 τῶν
899 1834 1032 1890 ἴσων
1089 1832 1408 1908 ἁξιωθὲντας
1443 1878 1458 1893 .
1533 1835 1720 1898 Οὕτως
1781 1835 1883 1912 γὰρ

2005 1846 2374 1926 convenienti
2430 1847 2699 1918 exemplo
2753 1837 3077 1920 preposito,
3138 1847 3475 1903 inveniebat
3529 1862 3643 1918 quo

223 1926 601 1999 καταλλήλου
625 1928 960 2000 φαινομένου
989 1931 1085 1982 τοῦ
1114 1924 1579 2001 παραδείγματος,
1609 1927 1886 2001 εὑρίσκετο

233 2017 466 2079 δικαίως
517 2016 705 2078 αὐτοῖς
733 2020 1006 2092 παραινῶν
1043 2017 1118 2088 μὴ
1187 2017 1254 2070 τὰ
1309 2016 1477 2089 ὃμοια
1532 2014 1888 2089 πλημμελεῖν

231 2107 326 2162 ἳνα
361 2109 438 2179 μή
481 2106 550 2161 τὰ
605 2105 773 2179 ὅμοια
829 2104 1144 2161 πείσωνται.
1205 2105 1280 2163 Τὸ
1341 2106 1434 2178 μὲν
1496 2104 1586 2160 οὖν
1656 2106 1759 2160 ὑπὸ
1787 2106 1884 2174 την

232 2195 472 2274 νεφέλην
536 2195 736 2256 αὐτοὺς
820 2194 1112 2271 γενέσθαι,
1201 2191 1441 2264 δήλωσις
1517 2195 1582 2263 ἦν
1636 2199 1736 2264 τῆς
1792 2197 1889 2248 τοῦ

239 2287 559 2358 Πνεῦματος
619 2284 873 2363 χάριτος.
962 2282 1234 2345 Ἐκείνους
1317 2303 1375 2337 τε
1431 2283 1536 2358 γὰρ
1594 2285 1628 2352 ἡ
1688 2281 1888 2358 νεφέλη

238 2376 562 2445 σκήζουσα,
591 2382 694 2444 τῆς
746 2377 851 2428 τῶν
907 2371 1222 2448 Αἰγυπτίων
1279 2367 1495 2448 βλάϐης
1552 2371 1892 2442 ἀπήλλαττε,

239 2467 333 2521 καὶ
365 2468 512 2537 ἡμᾶς
609 2463 772 2539 χάρις
800 2466 899 2517 τοῦ
938 2462 1095 2540 ἁγίου
1156 2461 1488 2534 Πνεύματος,
1547 2468 1646 2530 τῆς
1696 2459 1894 2536 δαιμο-

241 2560 408 2622 νικῆς
435 2551 630 2627 ἐξαίρει
658 2552 870 2613 κακίας.
929 2554 1002 2606 Τὸ
1066 2547 1122 2606 δὲ
1171 2549 1260 2604 διὰ
1311 2557 1412 2618 τῆς
1471 2547 1747 2619 θαλάσσης
1801 2549 1893 2604 αὖ·

245 2643 381 2702 τοὺς
441 2640 690 2711 διελθεῖν,
747 2637 894 2696 ἔοικε
971 2641 1107 2696 κατὰ
1188 2645 1350 2696 τοῦτο
1408 2647 1525 2702 τοῖς
1577 2640 1891 2713 ἡμετέροις.

250 2737 438 2808 Ὅπερ
502 2734 601 2810 γαρ
653 2735 865 2797 ἐκείνοις
917 2735 952 2803 ἡ
1009 2732 1098 2788 διὰ
1153 2736 1251 2802 τῆς
1319 2733 1594 2804 θαλάσσης
1653 2736 1894 2809 παρέσχε

261 2818 531 2892 διάϐασις,
585 2829 684 2877 τῶν
765 2825 860 2896 μὲν
961 2821 1244 2895 πολεμίων
1344 2823 1540 2885 αὐτοὺς
1617 2823 1895 2884 παντελῶς

247 2909 629 2982 ἀπαλλάξασα,
663 2908 887 2988 βεϐαίαν
919 2909 975 2967 δὲ
1029 2917 1124 2966 τοῦ
1173 2909 1374 2967 λοιποῦ
1432 2915 1530 2980 την
1587 2907 1894 2986 ἐλευθερίαν

244 2999 644 3075 δωρησαμένη,
717 3006 879 3057 τοῦτο
937 3005 1072 3073 ⁵ἡμῖν
1161 3002 1298 3074 πρὸς
1372 3001 1496 3062 τοὺς
1595 3003 1896 3074 ἡμετέρους

240 3089 482 3164 ἐχθροὺς
512 3090 638 3152 τοὺς
674 3089 962 3162 δαίμονας,
1012 3089 1074 3145 τὸ
1135 3089 1415 3164 βάπτισμα
1471 3088 1675 3163 γέγονε.
1710 3089 1787 3144 Τὸ
1821 3087 1896 3159 δὲ,

243 3207 274 3231 υι
308 3179 405 3239 Εἷς
437 3180 528 3234 τὸν
563 3185 765 3248 Μωσῆν
804 3173 1156 3234 ἐϐαπτίσαντο
1201 3177 1252 3232 ἐν
1281 3182 1348 3251 τῇ
1381 3177 1578 3254 νεφέλῃ
1627 3179 1715 3232 καὶ
1745 3178 1798 3231 ἐν
1829 3181 1897 3250 τῇ

241 3266 518 3342 θαλάσσῃ.
579 3293 609 3320 ››
695 3267 946 3340 σημαίνει
1002 3267 1084 3322 ὅτι
1141 3267 1383 3341 καθεὶπερ
1438 3267 1629 3321 ἐκεῖνοι
1686 3265 1894 3322 τούτων

1344 2823 1540 2885 αὐτοὺς

235 3356 503 3434 τυχόντες
546 3356 852 3438 ὑπέσχοντο
907 3363 1023 3420 τοῖς
1091 3359 1407 3420 Μωσαῖκοῖς
1467 3356 1660 3429 νόμοις
1717 3357 1894 3430 βιοῦν,

239 3447 396 3503 οὕτω
425 3458 516 3502 και
547 3451 714 3522 ἡμεῖς
763 3447 816 3502 ἐν
864 3451 944 3519 τῷ
979 3447 1310 3523 βαπτίσματι
1368 3448 1430 3502 τὸ
1484 3453 1584 3514 τῆς
1624 3445 1895 3509 υἱοθεσίας

237 3539 610 3611 κομιζόμενοι
667 3540 902 3609 πνεῦμα,
963 3538 1232 3606 συνθήκας
1291 3535 1378 3590 καὶ
1429 3533 1733 3609 ὁμολογίας
1755 3535 1896 3590 τιθέ-

199 3639 211 3648 "
246 3630 388 3701 μεθα
417 3633 513 3682 τοῦ
541 3627 676 3682 κατὰ
713 3627 808 3688 τὰς
839 3624 1064 3688 ἐντολὰς
1117 3624 1354 3700 Χριστοῦ
1417 3629 1534 3698 ζῇν,
1567 3622 1748 3700 ὥσπερ
1804 3625 1894 3680 καὶ

240 3719 297 3773 οἱ
331 3715 590 3775 Ἰουδαῖοι
623 3718 780 3773 εἷπον
814 3716 950 3791 πρὸς
985 3719 1212 3785 Μωσῆν,
1245 3717 1327 3769 ὅτι
1361 3713 1432 3771 Ei’
1454 3736 1508 3769 τι
1537 3717 1672 3787 ἡμῖν
1707 3717 1736 3769 ὁ
1766 3716 1895 3776 Θεὸς

241 3807 393 3884 εἶ’πῃ,
427 3809 752 3879 ποιήσομεν,
801 3807 933 3879 μετὰ
985 3813 1082 3874 την
1147 3799 1392 3859 διάϐασιν
1457 3811 1558 3872 τῆς
1615 3807 1893 3880 Ἐρυθρᾶς.

240 3923 272 3951 ι(
307 3899 440 3953 Ὑπὸ
487 3897 586 3965 τήν
613 3894 865 3964 νεφέλην.
902 3920 928 3960 ν
971 3896 1126 3972 Λέγει
1157 3894 1260 3969 γὰρ
1318 3896 1345 3948 ὁ
1405 3891 1589 3949 Δαυΐδ·
1650 3919 1677 3946 ‹‹
1710 3895 1898 3950 Διεπέ-

239 4009 374 4045 τασε
404 3987 633 4064 νεφέλην
669 3986 745 4048 εἷς
775 3985 976 4054 σκέπην
1025 3985 1228 4054 αὐτοῖς,
1286 3985 1373 4038 καὶ
1433 3989 1540 4058 πῦρ
1597 3987 1693 4039 τοῦ
1724 3983 1897 4062 φωτί-

240 4099 333 4133 σαι
365 4077 562 4138 αὐτοὺς
590 4079 688 4146 τὴν
712 4075 898 4130 νύκτα.
935 4098 962 4127 ››
999 4107 1064 4116 -
1096 4098 1124 4126 ‹‹
1157 4074 1250 4134 Εἰς
1278 4075 1370 4128 τὸν
1401 4081 1640 4143 Μωυσῆν
1675 4070 1894 4129 ἐϐαπτί-

243 4189 432 4224 σαντο.
467 4194 488 4222 ι
582 4169 840 4224 Τουτέστι
927 4168 1006 4236 τῷ
1093 4168 1278 4218 Μωσεῖ
1371 4162 1730 4232 ἐκοινώνησαν
1817 4169 1896 4235 τῷ

249 4260 570 4333 βαπτισμῷ.
604 4251 824 4322 Ἐπειδή
854 4255 956 4328 γὰρ
994 4253 1057 4308 τὸ
1113 4253 1394 4327 βάπτισμα
1441 4260 1712 4308 κοινωνεῖν
1748 4255 1898 4326 ἡμᾶς

242 4351 400 4402 ποιεῖ
437 4349 515 4418 τῷ
573 4343 787 4409 θανάτῳ
842 4346 940 4396 τοῦ
998 4342 1253 4412 Χριστοῦ,
1309 4343 1370 4396 τὸ
1422 4345 1527 4396 τῶν
1585 4342 1762 4397 αὐτῶν
1821 4343 1894 4396 ὧν

242 4438 401 4493 εἶπον
489 4435 776 4506 θαυμάτων
881 4437 1214 4498 κοινωνῆσαι
1297 4429 1612 4495 Ἰουδαίους,
1701 4433 1895 4504 βαπτι-

244 4547 360 4599 σμα
399 4521 576 4579 καλεῖ.
642 4522 1040 4597 Βοῦλεταιγὶρ
1071 4521 1163 4576 τὸν
1221 4520 1390 4574 τύπον
1453 4519 1614 4595 ἐγγὺς
1673 4521 1895 4598 ἀγαγεῖν

881 4437 1214 4498 κοινωνῆσαι

1999 1924 2168 2007 paeto
2202 1935 2412 1990 merito
2460 1938 2619 2007 ipsos
2667 1936 3082 1992 adhortaretur
3111 1953 3185 1992 ne
3238 1938 3299 1991 in
3350 1935 3646 1991 similibus

2000 2023 2438 2097 delinquerent,
2469 2032 2536 2081 ut
2577 2043 2696 2081 non
2744 2026 2964 2081 similia
2995 2042 3228 2098 quoque
3278 2031 3642 2097 paterentur.

2001 2115 2111 2168 Eos
2141 2115 2340 2186 itaque
2369 2115 2476 2170 sub
2510 2116 2666 2171 nube
2697 2116 2901 2180 fuisse,
2927 2115 3326 2172 manilestatio
3360 2121 3487 2170 erat
3513 2129 3648 2186 gra-

2003 2203 2098 2258 tiaa
2130 2205 2392 2274 spiritus.
2429 2204 2733 2276 Siquidem
2765 2205 2952 2261 nubes
2985 2205 3115 2260 illos
3148 2204 3512 2260 obumbrans
3572 2202 3642 2259 ab

2001 2293 2402 2364 Egyptiorum
2434 2300 2793 2350 nocumento
2825 2294 3133 2356 liberabat,
3164 2301 3218 2348 et
3251 2311 3360 2348 nos
3391 2293 3645 2364 Spiritus

2003 2382 2194 2436 sancti
2237 2384 2424 2452 gratia
2475 2398 2509 2438 a
2555 2382 2921 2438 daemoniaca
2966 2382 3180 2437 liberat
3227 2382 3474 2437 malitia.
3536 2383 3648 2435 Per

2003 2487 2164 2526 mare
2197 2487 2329 2525 vero
2375 2472 2535 2540 ipsos
2567 2471 2896 2537 transiisse,
2959 2472 3179 2525 nostris
3210 2471 3385 2525 rebus
3444 2471 3505 2524 in
3538 2470 3649 2524 hoc

2004 2561 2275 2631 congruit
2307 2576 2321 2614 :
2354 2577 2491 2615 nam
2525 2561 2682 2630 quod
2714 2561 2834 2614 illis
2866 2560 3119 2631 praebuit
3147 2576 3252 2631 per
3280 2575 3438 2614 mare
3489 2565 3650 2613 tran-

2005 2650 2253 2705 situsab
2288 2650 2544 2705 inimicis
2572 2651 2815 2706 omnino
2848 2651 3109 2705 liberans
3141 2657 3198 2704 et
3221 2650 3457 2704 ﬂrmaln
3481 2648 3649 2703 dein-

2005 2756 2142 2810 ceps
2173 2739 2416 2794 tradens
2451 2740 2803 2795 libertatem.
2868 2741 2984 2794 Hoc
3016 2739 3186 2794 nobis
3245 2755 3383 2812 erga
3413 2745 3648 2793 nostros

2006 2830 2279 2884 inimicos
2313 2845 2524 2901 nempe
2569 2829 2892 2892 dwmones,
2928 2831 3146 2884 factum
3205 2836 3294 2884 est
3332 2828 3646 2900 baptisma.

2008 2919 2159 2975 509
2187 2918 2352 2983 Quod
2409 2925 2608 2973 autem
2662 2918 2768 2974 sub
2804 2923 3005 2974 Mosen
3055 2917 3332 2988 baptizati
3393 2922 3532 2972 sunt
3588 2916 3650 2970 in

2008 3008 2164 3062 nube
2199 3014 2258 3062 et
2307 3009 2369 3062 in
2427 3009 2598 3071 mari,
2633 3008 2926 3080 signiﬁcat
2981 3006 3138 3077 quod
3171 3007 3323 3061 sicut
3378 3006 3466 3058 illi
3529 3005 3655 3058 haec

2009 3096 2286 3160 assecuti,
2321 3095 2569 3168 polliciti
2613 3101 2751 3150 sunt
2784 3111 2844 3149 se
2877 3095 3143 3149 Mosaicis
3176 3094 3401 3166 legibus
3433 3095 3658 3164 paritu-

2007 3201 2144 3239 ros:
2180 3185 2261 3239 ita
2292 3191 2350 3240 et
2378 3202 2487 3239 nos
2522 3186 2580 3238 in
2615 3184 3241 3256 baptismate,spiritus
3273 3183 3654 3254 adoptionem

2008 3274 2390 3346 accipientes,
2441 3281 2611 3346 pacta
2644 3281 2702 3329 et
2757 3291 3064 3329 assensum
3099 3273 3434 3345 praebemus
3483 3272 3656 3342 juxta

1970 3362 2221 3416 'Christi
2276 3369 2572 3433 prmcepta
2624 3379 2734 3416 nos
2790 3362 3093 3416 victuros:
3154 3360 3306 3415 sicut
3365 3366 3424 3415 et
3469 3358 3655 3415 Judaei

2007 3458 2142 3524 post
2173 3453 2489 3508 transitum
2522 3452 2707 3508 maris
2738 3451 2921 3508 Rubri
2957 3451 3238 3507 dixerunt
3299 3450 3373 3506 ad
3426 3449 3654 3506 Mosen.

2010 3565 2037 3593 «
2070 3542 2126 3597 Si
2159 3542 2300 3613 quid
2332 3542 2549 3597 dixerit
2580 3542 2750 3597 nobis
2783 3542 2957 3610 Deus,
2989 3541 3278 3596 faciemus
3310 3545 3445 3611 post
3499 3545 3655 3594 tran-

2009 3631 2188 3686 situm
2247 3632 2427 3686 maris
2476 3630 2658 3686 Rubri
2692 3633 2754 3684 η.
2824 3653 2947 3680 »--
2983 3653 3004 3678 «ι
3067 3630 3184 3684 Sub
3244 3629 3422 3684 nube.
3475 3651 3502 3679 »
3565 3629 3661 3684 Ait

2009 3721 2168 3775 enim
2202 3720 2422 3775 David:
2461 3744 2480 3768 α
2520 3719 2813 3791 Expandit
2860 3719 3081 3774 nubem
3115 3719 3176 3772 in
3231 3717 3658 3788 protectionem

2008 3810 2112 3873 eis,
2140 3815 2198 3864 et
2223 3809 2415 3881 ignem
2452 3814 2516 3863 ut
2549 3809 2916 3862 illuminaret
2942 3825 3042 3862 eos
3066 3813 3240 3861 nocte
3267 3805 3367 3858 ‘3.»
3391 3836 3459 3847 --
3485 3827 3512 3853 ‹‹
3543 3804 3658 3859 Sub

2007 3900 2209 3953 Mosen
2241 3896 2518 3968 baptizati
2565 3903 2724 3964 sunt,
2762 3917 2789 3944 ››
2816 3893 2892 3955 εἷς
2930 3895 3022 3948 τὸν
3073 3897 3328 3960 Μωΰσῆνο
3386 3894 3497 3949 hoc
3547 3898 3655 3963 est,

2008 3987 2167 4058 quod
2200 3987 2344 4040 Mosi
2406 3986 3005 4040 communicaverunt
3037 3983 3097 4037 in
3155 3982 3472 4054 baptismo.
3506 3982 3660 4046 Quo-

2007 4077 2168 4130 niam
2202 4075 2361 4131 enim
2394 4074 2688 4146 baptisma
2710 4073 3064 4145 participare
3092 4089 3200 4127 nos
3222 4071 3362 4126 facit
3382 4072 3442 4126 in
3469 4076 3654 4128 morte

2006 4166 2240 4231 Christi,
2275 4165 2572 4236 baptisma
2621 4163 2765 4218 dicit
2823 4162 2980 4233 quod
3012 4161 3197 4216 Judaei
3255 4162 3467 4215 horum
3528 4176 3658 4231 quae

2009 4255 2268 4311 diximus
2301 4253 2728 4309 miraculorum
2789 4251 3108 4323 participes
3140 4251 3276 4305 facti
3336 4249 3471 4303 sint.
3527 4249 3664 4302 Vult

2010 4360 2269 4415 namque
2293 4350 2496 4415 typum
2524 4339 2753 4396 veritati
2775 4340 3110 4412 proximum
3135 4338 3410 4392 reddere:
3439 4336 3658 4390 idcirco

2009 4433 2185 4488 etiam
2220 4431 2425 4487 eodem
2449 4429 2626 4485 verbo
2658 4447 2801 4485 usus
2829 4436 2938 4494 est,
2985 4426 3302 4482 transitum
3334 4443 3439 4498 per
3495 4439 3658 4479 mare

2009 4523 2318 4594 appellans
2351 4523 2665 4593 baptisma.
2703 4517 3022 4592 Baptizavit
3053 4523 3110 4571 et
3140 4523 3276 4571 ante
3311 4517 3418 4569 hoc
3473 4518 3658 4569 Moses

239 4624 346 4684 τῆς
390 4611 672 4684 ἀληθείας.
709 4612 801 4665 Διὸ
849 4612 939 4666 καὶ
996 4614 1076 4682 τῷ
1133 4608 1282 4678 αὐτῷ
1336 4609 1542 4683 ῥήματι
1600 4606 1893 4684 ἐχρήσατο,

2009 4615 2072 4668 in
2104 4613 2260 4667 nube
2292 4619 2349 4668 et
2409 4611 2554 4666 mari
2589 4627 2602 4664 :
2640 4616 2813 4680 typus
2872 4607 3030 4662 enim
3066 4612 3210 4673 erat,
3246 4604 3417 4659 sicuti
3478 4601 3659 4657 Paulo

240 4709 343 4773 την
376 4702 666 4759 κοινωνίαν
698 4708 797 4767 τῆς
840 4699 892 4753 ἐν
948 4701 1016 4770 τῇ
1072 4697 1314 4772 θαλάσσῃ
1377 4695 1561 4751 διόδου
1621 4698 1901 4772 βάπτισμα

242 4793 583 4869 προσειπών.
620 4824 685 4834 ---
718 4789 1121 4863 [l'PHl‘OPIOl‘
1152 4788 1288 4843 ΤΟΥ
1310 4788 1441 4844 QEO
1463 4788 1718 4860 \01‘01‘.J
1751 4783 1906 4844 Ἐϐσί.

243 4905 403 4939 πτισε
427 4885 663 4950 Μωυσῆς
693 4880 785 4936 καὶ
819 4879 924 4953 πρὸ
953 4876 1150 4932 τούτου
1182 4875 1232 4931 ἐν
1261 4875 1461 4950 νεφέλῃ
1511 4878 1602 4931 καὶ
1634 4875 1900 4954 θαλάσσῃ.

243 4971 428 5032 Τόπος
460 4969 515 5026 δὲ
556 4974 642 5040 ἦν,
693 4970 767 5032 ὡς
824 4966 914 5022 καὶ
974 4963 1172 5038 υαόλῳ
1234 4963 1473 5034 δοκεῖ,ἡ
1506 4965 1745 5021 θάλασσα
1803 4974 1902 5024 τοῦ

245 5059 468 5129 ὕδατος,
499 5062 533 5129 ἡ
565 5058 764 5134 νεφέλη
795 5061 892 5112 τοῦ
949 5057 1285 5129 Πνεῦμκτος,
1315 5054 1376 5110 τὰ
1435 5056 1608 5128 μάννα
1670 5062 1768 5112 τοῦ
1799 5062 1900 5124 τῆς

247 5156 392 5222 ζωῆς
427 5149 612 5225 ἄρτου,
653 5151 714 5204 τὸ
757 5148 910 5219 πόμα
953 5150 1052 5200 τοῦ
1103 5145 1251 5200 θείου
1282 5145 1553 5218 πᾶματος.
1588 5181 1656 5190 -
1688 5149 1896 5221 [ΦΩΓ]

239 5242 334 5303 Ei;
392 5239 616 5305 έιεῖνον,
701 5237 886 5318 φησῖν,
944 5237 1249 5315 ἀφορῶντες
1332 5237 1421 5290 καὶ
1507 5236 1896 5311 θαρῥήσαντες,

237 5329 455 5406 ἀφῆκαν
510 5325 731 5387 ἑαυτοὺς
806 5328 886 5396 τῷ
933 5323 1211 5395 θαλασσίῳ
1278 5323 1475 5396 ῥείθρῳ
1519 5324 1892 5399 βαπτίζεσθαι.

235 5419 374 5474 Εἶτα
433 5417 524 5473 καὶ
583 5417 685 5471 ὑπὸ
741 5421 840 5483 τῆς
895 5411 1126 5491 νεφέλης
1184 5411 1449 5474 ὡσαὸτως
1514 5410 1708 5486 ἐκείνῳ
1764 5436 1892 5471 κατ-

235 5507 663 5574 ακολουθοῦντες
722 5501 1054 5572 ἐσκιαζοντο.
1122 5499 1184 5558 Εἰ
1223 5501 1327 5577 γὰρ
1372 5501 1462 5557 καὶ
1492 5505 1568 5578 μὴ
1601 5507 1680 5575 τῷ
1737 5503 1891 5560 ὕδατι

238 5594 624 5676 δκαλὺφθησαν
656 5640 673 5668 ,
729 5591 856 5649 ἀλλ’
915 5590 1006 5646 οὖν
1060 5589 1116 5646 ἐν
1185 5589 1372 5662 ἰκείνῳ
1435 5595 1514 5662 τῷ
1565 5592 1738 5668 χώρῳ
1795 5598 1893 5650 τοῦ

315 5730 357 5764 ³⁸
391 5725 579 5783 Exod.
612 5739 762 5789 xxw,
797 5724 848 5777 3.
929 5719 970 5754 ¹³
999 5717 1153 5775 Psal.
1189 5735 1293 5785 σιν,
1331 5719 1424 5773 39.

2013 4719 2247 4773 quoque
2280 4701 2512 4754 videtur
2546 4716 2558 4753 :
2618 4715 2802 4756 mare.
2837 4713 3004 4767 aqua:
3042 4712 3054 4748 :
3117 4697 3324 4762 nubes,
3369 4693 3610 4765 spiritus
3644 4708 3657 4747 :

2016 4809 2256 4849 manna.
2286 4789 2457 4862 panis
2491 4789 2619 4842 vitm
2647 4804 2660 4841 :
2687 4794 2880 4858 potus,
2911 4785 3088 4840 divini
3116 4783 3333 4856 poculi.
3369 4785 3432 4837 1n
3465 4783 3656 4849 illum,

2020 4881 2235 4951 inquit,
2269 4880 2571 4934 intuentes
2606 4883 2661 4931 et
2691 4874 3059 4931 conﬁdentes
3091 4873 3495 4946 permiserunt
3551 4871 3662 4927 sei-

2015 4991 2151 5045 psos
2186 4972 2432 5028 marinis
2465 4969 2740 5024 ﬁuctibus
2772 4968 3072 5039 baptizari.
3115 4967 3332 5022 Deinde
3366 4966 3474 5020 sub
3502 4964 3658 5019 nube

2013 5079 2248 5134 quoque
2263 5061 2535 5116 similiter
2549 5059 2717 5112 illum
2732 5057 3164 5127 subsequentes
3178 5062 3452 5126 tanquam
3465 5053 3664 5108 umbra

2014 5151 2736 5224 tegebantur.Quanquam
2771 5146 2929 5201 enim
2956 5163 3112 5218 aqua
3139 5162 3259 5200 non
3293 5145 3412 5200 sint
3443 5141 3654 5213 operti,

2010 5245 2270 5294 attamen
2305 5255 2370 5294 eo
2403 5253 2572 5307 aqum
2604 5235 2791 5306 spatio
2824 5233 3264 5304 gradiebantur,
3296 5232 3358 5284 in
3391 5247 3506 5300 quo
3549 5245 3660 5284 ne-

2009 5345 2172 5384 cesse
2204 5333 2294 5383 est
2325 5343 2425 5382 eos
2465 5326 2566 5397 qui
2614 5329 3028 5396 pertranseant
3076 5323 3211 5376 totis
3243 5320 3414 5391 aquis
3464 5318 3658 5390 bapti-

2005 5418 2117 5474 zari
2154 5417 2272 5472 sive
2307 5415 2591 5486 demergi,
2642 5431 2798 5485 aqua
2827 5429 2996 5468 suam
3029 5415 3295 5488 servante
3358 5415 3660 5464 naturam.

2005 5506 2183 5562 «Sub
2218 5507 2416 5562 Mosen
2470 5503 2753 5576 baptizati
2803 5508 2962 5566 sunt,
2998 5522 3026 5550 η
3079 5499 3296 5571 inquit.
3355 5498 3661 5571 Siquidem

2003 5595 2202 5652 intuiti
2265 5593 2506 5652 illumin
2534 5593 2717 5648 maris
2757 5591 3078 5646 divisiones
3135 5591 3490 5662 ingressum,
3523 5588 3664 5644 imii-
