  <div class='ocr_page' id='page_1' title='image "/cluster/home/n/w/nwhite01/storage/ocr_20150623/118/mdp.39015078384297/395.png"; bbox 0 0 4068 6254; ppageno 0'>
   <div class='ocr_carea' id='block_1_1' title="bbox 490 331 610 391">
    <p class='ocr_par' dir='ltr' id='par_1_1' title="bbox 490 331 610 391">
     <span class='ocr_line' id='line_1_1' title="bbox 490 331 610 391; baseline 0.017 -2"><span class='ocrx_word' id='word_1_1' title='bbox 490 331 610 391; x_wconf 75' lang='lat'><strong>115</strong></span> 
     </span>
    </p>
   </div>
   <div class='ocr_carea' id='block_1_2' title="bbox 1632 320 2791 390">
    <p class='ocr_par' dir='ltr' id='par_1_2' title="bbox 1632 320 2791 390">
     <span class='ocr_line' id='line_1_2' title="bbox 1632 320 2791 390; baseline -0.007 0"><span class='ocrx_word' id='word_1_2' title='bbox 1632 324 2042 390; x_wconf 75' lang='lat' dir='ltr'><strong>CECUMENII</strong></span> <span class='ocrx_word' id='word_1_3' title='bbox 2089 320 2394 384; x_wconf 71' lang='grc' dir='ltr'><strong>ΤΜοοΕ</strong></span> <span class='ocrx_word' id='word_1_4' title='bbox 2439 320 2791 384; x_wconf 80' lang='lat' dir='ltr'><strong>EPISCOPI</strong></span> 
     </span>
    </p>
   </div>
   <div class='ocr_carea' id='block_1_3' title="bbox 3792 328 3900 387">
    <p class='ocr_par' dir='ltr' id='par_1_3' title="bbox 3792 328 3900 387">
     <span class='ocr_line' id='line_1_3' title="bbox 3792 328 3900 387; baseline 0 0"><span class='ocrx_word' id='word_1_5' title='bbox 3792 328 3900 387; x_wconf 68' lang='grc'><strong>’176</strong></span> 
     </span>
    </p>
   </div>
   <div class='ocr_carea' id='block_1_4' title="bbox 497 453 2144 540">
    <p class='ocr_par' dir='ltr' id='par_1_4' title="bbox 497 466 2144 540">
     <span class='ocr_line' id='line_1_4' title="bbox 497 466 2144 540; baseline -0.001 -16"><span class='ocrx_word' id='word_1_6' title='bbox 497 469 605 523; x_wconf 87' lang='lat' dir='ltr'><strong>tati</strong></span> <span class='ocrx_word' id='word_1_7' title='bbox 637 473 823 524; x_wconf 83' lang='lat' dir='ltr'><strong>sunt:</strong></span> <span class='ocrx_word' id='word_1_8' title='bbox 873 468 1051 539; x_wconf 83' lang='lat' dir='ltr'><strong>huius</strong></span> <span class='ocrx_word' id='word_1_9' title='bbox 1107 468 1309 540; x_wconf 81' lang='lat' dir='ltr'><strong>itaque</strong></span> <span class='ocrx_word' id='word_1_10' title='bbox 1346 468 1432 523; x_wconf 86' lang='lat' dir='ltr'><strong>rei</strong></span> <span class='ocrx_word' id='word_1_11' title='bbox 1492 472 1774 540; x_wconf 91' lang='lat' dir='ltr'><strong>tanquam</strong></span> <span class='ocrx_word' id='word_1_12' title='bbox 1825 466 2144 540; x_wconf 82' lang='lat' dir='ltr'><strong>primarius</strong></span> 
     </span>
    </p>
   </div>
   <div class='ocr_carea' id='block_1_5' title="bbox 2252 453 3903 540">
    <p class='ocr_par' dir='ltr' id='par_1_5' title="bbox 2260 453 3903 537">
     <span class='ocr_line' id='line_1_5' title="bbox 2260 453 3903 537; baseline 0.002 -27"><span class='ocrx_word' id='word_1_13' title='bbox 2260 453 2453 518; x_wconf 72' lang='grc' dir='ltr'>ὕδατος</span> <span class='ocrx_word' id='word_1_14' title='bbox 2509 456 2791 531; x_wconf 73' lang='grc' dir='ltr'><strong>γεγονότες</strong></span> <span class='ocrx_word' id='word_1_15' title='bbox 2876 456 3223 532; x_wconf 75' lang='grc' dir='ltr'><strong>ἐπορεύοντο,</strong></span> <span class='ocrx_word' id='word_1_16' title='bbox 3304 457 3358 513; x_wconf 66' lang='grc' dir='ltr'>ἐν</span> <span class='ocrx_word' id='word_1_17' title='bbox 3416 458 3464 532; x_wconf 81' lang='grc' dir='ltr'>ᾦ</span> <span class='ocrx_word' id='word_1_18' title='bbox 3510 457 3739 537; x_wconf 76' lang='grc' dir='ltr'>ἀνάγκη</span> <span class='ocrx_word' id='word_1_19' title='bbox 3792 458 3903 523; x_wconf 68' lang='grc' dir='ltr'>τοὺς</span> 
     </span>
    </p>
   </div>
   <div class='ocr_carea' id='block_1_6' title="bbox 503 557 2145 615">
    <p class='ocr_par' dir='ltr' id='par_1_6' title="bbox 503 557 2145 615">
     <span class='ocr_line' id='line_1_6' title="bbox 503 557 2145 615; baseline -0.003 -2"><span class='ocrx_word' id='word_1_20' title='bbox 503 558 588 613; x_wconf 88' lang='lat' dir='ltr'><strong>eis</strong></span> <span class='ocrx_word' id='word_1_21' title='bbox 628 558 745 613; x_wconf 80' lang='lat' dir='ltr'><strong>dux</strong></span> <span class='ocrx_word' id='word_1_22' title='bbox 777 558 966 614; x_wconf 81' lang='lat' dir='ltr'><strong>factus</strong></span> <span class='ocrx_word' id='word_1_23' title='bbox 997 563 1087 614; x_wconf 89' lang='lat' dir='ltr'><strong>est</strong></span> <span class='ocrx_word' id='word_1_24' title='bbox 1116 559 1326 614; x_wconf 84' lang='lat' dir='ltr'><strong>Moses.</strong></span> <span class='ocrx_word' id='word_1_25' title='bbox 1369 580 1392 610; x_wconf 75' lang='grc' dir='ltr'><strong>ε</strong></span> <span class='ocrx_word' id='word_1_26' title='bbox 1431 559 1489 614; x_wconf 93' lang='lat' dir='ltr'><strong>ln</strong></span> <span class='ocrx_word' id='word_1_27' title='bbox 1518 558 1676 614; x_wconf 88' lang='lat' dir='ltr'><strong>nube</strong></span> <span class='ocrx_word' id='word_1_28' title='bbox 1724 564 1786 614; x_wconf 92' lang='lat' dir='ltr'><strong>et</strong></span> <span class='ocrx_word' id='word_1_29' title='bbox 1812 557 1873 613; x_wconf 91' lang='lat' dir='ltr'><strong>in</strong></span> <span class='ocrx_word' id='word_1_30' title='bbox 1912 557 2083 615; x_wconf 87' lang='lat' dir='ltr'><strong>mari.</strong></span> <span class='ocrx_word' id='word_1_31' title='bbox 2116 578 2145 608; x_wconf 77' lang='grc' dir='ltr'>ιο</span> 
     </span>
    </p>
   </div>
   <div class='ocr_carea' id='block_1_7' title="bbox 502 647 2152 721">
    <p class='ocr_par' dir='ltr' id='par_1_7' title="bbox 502 647 2152 721">
     <span class='ocr_line' id='line_1_7' title="bbox 502 647 2152 721; baseline 0 -18"><span class='ocrx_word' id='word_1_32' title='bbox 502 647 687 703; x_wconf 86' lang='lat' dir='ltr'><strong>Simul</strong></span> <span class='ocrx_word' id='word_1_33' title='bbox 721 648 878 703; x_wconf 87' lang='lat' dir='ltr'><strong>enim</strong></span> <span class='ocrx_word' id='word_1_34' title='bbox 912 664 1045 704; x_wconf 89' lang='lat' dir='ltr'><strong>cum</strong></span> <span class='ocrx_word' id='word_1_35' title='bbox 1078 650 1234 704; x_wconf 85' lang='lat' dir='ltr'><strong>Mose</strong></span> <span class='ocrx_word' id='word_1_36' title='bbox 1259 655 1538 720; x_wconf 88' lang='lat' dir='ltr'><strong>tanquam</strong></span> <span class='ocrx_word' id='word_1_37' title='bbox 1571 647 1782 704; x_wconf 89' lang='lat' dir='ltr'><strong>umbra</strong></span> <span class='ocrx_word' id='word_1_38' title='bbox 1804 647 2152 721; x_wconf 77' lang='lat' dir='ltr'><strong>tegebantur</strong></span> 
     </span>
    </p>
   </div>
   <div class='ocr_carea' id='block_1_8' title="bbox 503 739 2147 811">
    <p class='ocr_par' dir='ltr' id='par_1_8' title="bbox 503 739 2147 811">
     <span class='ocr_line' id='line_1_8' title="bbox 503 739 2147 811; baseline -0.001 -17"><span class='ocrx_word' id='word_1_39' title='bbox 503 746 562 794; x_wconf 89' lang='lat' dir='ltr'><strong>et</strong></span> <span class='ocrx_word' id='word_1_40' title='bbox 617 740 797 795; x_wconf 80' lang='lat' dir='ltr'><strong>simul</strong></span> <span class='ocrx_word' id='word_1_41' title='bbox 845 757 981 796; x_wconf 89' lang='lat' dir='ltr'><strong>cum</strong></span> <span class='ocrx_word' id='word_1_42' title='bbox 1040 741 1195 797; x_wconf 89' lang='lat' dir='ltr'><strong>Mose</strong></span> <span class='ocrx_word' id='word_1_43' title='bbox 1252 740 1439 795; x_wconf 86' lang='lat' dir='ltr'><strong>diviso</strong></span> <span class='ocrx_word' id='word_1_44' title='bbox 1497 741 1645 796; x_wconf 87' lang='lat' dir='ltr'><strong>mari</strong></span> <span class='ocrx_word' id='word_1_45' title='bbox 1704 739 2147 811; x_wconf 75' lang='lat' dir='ltr'><strong>gradiebantur.</strong></span> 
     </span>
    </p>
   </div>
   <div class='ocr_carea' id='block_1_9' title="bbox 506 829 2151 901">
    <p class='ocr_par' dir='ltr' id='par_1_9' title="bbox 506 829 2151 901">
     <span class='ocr_line' id='line_1_9' title="bbox 506 829 2151 901; baseline -0.002 -17"><span class='ocrx_word' id='word_1_46' title='bbox 506 848 529 876; x_wconf 74' lang='grc' dir='ltr'>α</span> <span class='ocrx_word' id='word_1_47' title='bbox 564 829 848 885; x_wconf 88' lang='lat' dir='ltr'><strong>Eumdem</strong></span> <span class='ocrx_word' id='word_1_48' title='bbox 881 829 1081 885; x_wconf 89' lang='lat' dir='ltr'><strong>cibum</strong></span> <span class='ocrx_word' id='word_1_49' title='bbox 1112 829 1446 901; x_wconf 71' lang='lat' dir='ltr'><strong>spiritalem</strong></span> <span class='ocrx_word' id='word_1_50' title='bbox 1480 852 1504 878; x_wconf 76' lang='grc' dir='ltr'>»ι</span> <span class='ocrx_word' id='word_1_51' title='bbox 1531 830 1870 901; x_wconf 86' lang='lat' dir='ltr'><strong>Spiritalem</strong></span> <span class='ocrx_word' id='word_1_52' title='bbox 1894 834 2063 885; x_wconf 80' lang='lat' dir='ltr'><strong>vocat</strong></span> <span class='ocrx_word' id='word_1_53' title='bbox 2091 832 2151 883; x_wconf 89' lang='lat' dir='ltr'><strong>et</strong></span> 
     </span>
    </p>
   </div>
   <div class='ocr_carea' id='block_1_10' title="bbox 500 918 2152 991">
    <p class='ocr_par' dir='ltr' id='par_1_10' title="bbox 500 918 2152 991">
     <span class='ocr_line' id='line_1_10' title="bbox 500 918 2152 991; baseline -0.001 -16"><span class='ocrx_word' id='word_1_54' title='bbox 500 919 699 975; x_wconf 91' lang='lat' dir='ltr'><strong>cibum</strong></span> <span class='ocrx_word' id='word_1_55' title='bbox 724 926 782 975; x_wconf 92' lang='lat' dir='ltr'><strong>et</strong></span> <span class='ocrx_word' id='word_1_56' title='bbox 804 925 1105 991; x_wconf 75' lang='lat' dir='ltr'><strong>potumeo</strong></span> <span class='ocrx_word' id='word_1_57' title='bbox 1130 918 1287 990; x_wconf 89' lang='lat' dir='ltr'><strong>quod</strong></span> <span class='ocrx_word' id='word_1_58' title='bbox 1311 927 1632 990; x_wconf 88' lang='lat' dir='ltr'><strong>utrumque</strong></span> <span class='ocrx_word' id='word_1_59' title='bbox 1655 918 1906 990; x_wconf 75' lang='lat' dir='ltr'><strong>Spiritus</strong></span> <span class='ocrx_word' id='word_1_60' title='bbox 1932 933 2152 974; x_wconf 84' lang='lat' dir='ltr'><strong>arcana</strong></span> 
     </span>
    </p>
   </div>
   <div class='ocr_carea' id='block_1_11' title="bbox 503 1007 2149 1080">
    <p class='ocr_par' dir='ltr' id='par_1_11' title="bbox 503 1007 2149 1080">
     <span class='ocr_line' id='line_1_11' title="bbox 503 1007 2149 1080; baseline -0.001 -16"><span class='ocrx_word' id='word_1_61' title='bbox 503 1025 610 1064; x_wconf 85' lang='lat' dir='ltr'><strong>sua</strong></span> <span class='ocrx_word' id='word_1_62' title='bbox 640 1008 905 1079; x_wconf 87' lang='lat' dir='ltr'><strong>potentia</strong></span> <span class='ocrx_word' id='word_1_63' title='bbox 954 1025 1059 1080; x_wconf 89' lang='lat' dir='ltr'><strong>per</strong></span> <span class='ocrx_word' id='word_1_64' title='bbox 1090 1010 1285 1064; x_wconf 86' lang='lat' dir='ltr'><strong>Mosen</strong></span> <span class='ocrx_word' id='word_1_65' title='bbox 1340 1007 1573 1063; x_wconf 90' lang='lat' dir='ltr'><strong>dederit</strong></span> <span class='ocrx_word' id='word_1_66' title='bbox 1603 1024 1616 1061; x_wconf 88' lang='lat'><strong>:</strong></span> <span class='ocrx_word' id='word_1_67' title='bbox 1652 1007 1797 1062; x_wconf 84' lang='lat' dir='ltr'><strong>dicit</strong></span> <span class='ocrx_word' id='word_1_68' title='bbox 1824 1014 2021 1062; x_wconf 89' lang='lat' dir='ltr'><strong>autem</strong></span> <span class='ocrx_word' id='word_1_69' title='bbox 2077 1007 2149 1063; x_wconf 86' lang='lat' dir='ltr'><strong>de</strong></span> 
     </span>
    </p>
   </div>
   <div class='ocr_carea' id='block_1_12' title="bbox 499 1094 2143 1168">
    <p class='ocr_par' dir='ltr' id='par_1_12' title="bbox 499 1094 2143 1168">
     <span class='ocr_line' id='line_1_12' title="bbox 499 1094 2143 1168; baseline -0.002 -15"><span class='ocrx_word' id='word_1_70' title='bbox 499 1114 719 1153; x_wconf 85' lang='lat' dir='ltr'><strong>manna</strong></span> <span class='ocrx_word' id='word_1_71' title='bbox 750 1104 807 1153; x_wconf 92' lang='lat' dir='ltr'><strong>et</strong></span> <span class='ocrx_word' id='word_1_72' title='bbox 835 1098 1115 1153; x_wconf 89' lang='lat' dir='ltr'><strong>carnibus</strong></span> <span class='ocrx_word' id='word_1_73' title='bbox 1155 1104 1215 1152; x_wconf 91' lang='lat' dir='ltr'><strong>et</strong></span> <span class='ocrx_word' id='word_1_74' title='bbox 1259 1097 1330 1152; x_wconf 91' lang='lat' dir='ltr'><strong>de</strong></span> <span class='ocrx_word' id='word_1_75' title='bbox 1360 1114 1535 1168; x_wconf 88' lang='lat' dir='ltr'><strong>aqua,</strong></span> <span class='ocrx_word' id='word_1_76' title='bbox 1595 1121 1613 1145; x_wconf 80' lang='grc' dir='ltr'>σ</span> <span class='ocrx_word' id='word_1_77' title='bbox 1666 1094 2083 1161; x_wconf 90' lang='lat' dir='ltr'><strong>Comederunt,</strong></span> <span class='ocrx_word' id='word_1_78' title='bbox 2117 1118 2143 1145; x_wconf 84' lang='lat'><strong>»</strong></span> 
     </span>
    </p>
   </div>
   <div class='ocr_carea' id='block_1_13' title="bbox 500 1185 2149 1259">
    <p class='ocr_par' dir='ltr' id='par_1_13' title="bbox 500 1185 2149 1259">
     <span class='ocr_line' id='line_1_13' title="bbox 500 1185 2149 1259; baseline -0.001 -17"><span class='ocrx_word' id='word_1_79' title='bbox 500 1204 721 1259; x_wconf 86' lang='lat' dir='ltr'><strong>nempe</strong></span> <span class='ocrx_word' id='word_1_80' title='bbox 752 1204 992 1255; x_wconf 87' lang='lat' dir='ltr'><strong>manna,</strong></span> <span class='ocrx_word' id='word_1_81' title='bbox 1022 1187 1174 1242; x_wconf 81' lang='lat' dir='ltr'><strong>sicut</strong></span> <span class='ocrx_word' id='word_1_82' title='bbox 1205 1204 1311 1242; x_wconf 89' lang='lat' dir='ltr'><strong>nos</strong></span> <span class='ocrx_word' id='word_1_83' title='bbox 1343 1203 1557 1258; x_wconf 69' lang='lat' dir='ltr'><strong>corpus</strong></span> <span class='ocrx_word' id='word_1_84' title='bbox 1587 1185 1824 1241; x_wconf 88' lang='lat' dir='ltr'><strong>Christi.</strong></span> <span class='ocrx_word' id='word_1_85' title='bbox 1876 1210 1902 1235; x_wconf 82' lang='lat'>«</span> <span class='ocrx_word' id='word_1_86' title='bbox 1938 1188 2149 1241; x_wconf 90' lang='lat' dir='ltr'><strong>Potum</strong></span> 
     </span>
    </p>
   </div>
   <div class='ocr_carea' id='block_1_14' title="bbox 501 1275 2152 1349">
    <p class='ocr_par' dir='ltr' id='par_1_14' title="bbox 501 1275 2152 1349">
     <span class='ocr_line' id='line_1_14' title="bbox 501 1275 2152 1349; baseline -0.002 -15"><span class='ocrx_word' id='word_1_87' title='bbox 501 1277 849 1349; x_wconf 82' lang='lat' dir='ltr'><strong>spiritalem.</strong></span> <span class='ocrx_word' id='word_1_88' title='bbox 891 1301 911 1326; x_wconf 78' lang='grc' dir='ltr'><strong>ι</strong></span> <span class='ocrx_word' id='word_1_89' title='bbox 974 1277 1093 1332; x_wconf 81' lang='lat' dir='ltr'><strong>Hoc</strong></span> <span class='ocrx_word' id='word_1_90' title='bbox 1125 1282 1231 1340; x_wconf 90' lang='lat' dir='ltr'><strong>est,</strong></span> <span class='ocrx_word' id='word_1_91' title='bbox 1268 1292 1484 1348; x_wconf 90' lang='lat' dir='ltr'><strong>aquam</strong></span> <span class='ocrx_word' id='word_1_92' title='bbox 1545 1292 1575 1331; x_wconf 91' lang='lat' dir='ltr'><strong>e</strong></span> <span class='ocrx_word' id='word_1_93' title='bbox 1606 1292 1751 1348; x_wconf 90' lang='lat' dir='ltr'><strong>rupe</strong></span> <span class='ocrx_word' id='word_1_94' title='bbox 1807 1275 1928 1331; x_wconf 89' lang='lat' dir='ltr'><strong>sive</strong></span> <span class='ocrx_word' id='word_1_95' title='bbox 1984 1280 2152 1346; x_wconf 86' lang='lat' dir='ltr'><strong>petra</strong></span> 
     </span>
    </p>
   </div>
   <div class='ocr_carea' id='block_1_15' title="bbox 501 1362 2151 1438">
    <p class='ocr_par' dir='ltr' id='par_1_15' title="bbox 501 1362 2151 1438">
     <span class='ocr_line' id='line_1_15' title="bbox 501 1362 2151 1438; baseline -0.001 -18"><span class='ocrx_word' id='word_1_96' title='bbox 501 1364 1451 1438; x_wconf 90' lang='lat' dir='ltr'><strong>scaturientem,quemadmodum</strong></span> <span class='ocrx_word' id='word_1_97' title='bbox 1480 1381 1590 1420; x_wconf 91' lang='lat' dir='ltr'><strong>nos</strong></span> <span class='ocrx_word' id='word_1_98' title='bbox 1620 1365 1967 1437; x_wconf 72' lang='lat' dir='ltr'><strong>sanguinem</strong></span> <span class='ocrx_word' id='word_1_99' title='bbox 1992 1362 2151 1418; x_wconf 87' lang='lat' dir='ltr'><strong>Chri-</strong></span> 
     </span>
    </p>
   </div>
   <div class='ocr_carea' id='block_1_16' title="bbox 502 1455 2149 1528">
    <p class='ocr_par' dir='ltr' id='par_1_16' title="bbox 502 1455 2149 1528">
     <span class='ocr_line' id='line_1_16' title="bbox 502 1455 2149 1528; baseline -0.002 -16"><span class='ocrx_word' id='word_1_100' title='bbox 502 1456 597 1512; x_wconf 91' lang='lat' dir='ltr'><strong>sti.</strong></span> <span class='ocrx_word' id='word_1_101' title='bbox 632 1455 979 1528; x_wconf 83' lang='lat' dir='ltr'><strong>Quanquam</strong></span> <span class='ocrx_word' id='word_1_102' title='bbox 1006 1456 1162 1511; x_wconf 86' lang='lat' dir='ltr'><strong>enim</strong></span> <span class='ocrx_word' id='word_1_103' title='bbox 1196 1455 1509 1510; x_wconf 89' lang='lat' dir='ltr'><strong>sensibilia</strong></span> <span class='ocrx_word' id='word_1_104' title='bbox 1538 1470 1773 1527; x_wconf 89' lang='lat' dir='ltr'><strong>quoque</strong></span> <span class='ocrx_word' id='word_1_105' title='bbox 1806 1459 1977 1510; x_wconf 89' lang='lat' dir='ltr'><strong>erant</strong></span> <span class='ocrx_word' id='word_1_106' title='bbox 2017 1469 2149 1525; x_wconf 66' lang='lat' dir='ltr'><strong>quae</strong></span> 
     </span>
    </p>
   </div>
   <div class='ocr_carea' id='block_1_17' title="bbox 500 1544 2152 1617">
    <p class='ocr_par' dir='ltr' id='par_1_17' title="bbox 500 1544 2152 1617">
     <span class='ocr_line' id='line_1_17' title="bbox 500 1544 2152 1617; baseline -0.003 -16"><span class='ocrx_word' id='word_1_107' title='bbox 500 1544 621 1601; x_wconf 82' lang='lat' dir='ltr'><strong>illis</strong></span> <span class='ocrx_word' id='word_1_108' title='bbox 651 1545 1091 1617; x_wconf 72' lang='lat' dir='ltr'><strong>praebebantur,</strong></span> <span class='ocrx_word' id='word_1_109' title='bbox 1150 1545 1303 1601; x_wconf 78' lang='lat' dir='ltr'><strong>5I0</strong></span> <span class='ocrx_word' id='word_1_110' title='bbox 1345 1553 1543 1600; x_wconf 77' lang='lat' dir='ltr'><strong>tamen</strong></span> <span class='ocrx_word' id='word_1_111' title='bbox 1596 1544 1987 1617; x_wconf 86' lang='lat' dir='ltr'><strong>spiritualiler</strong></span> <span class='ocrx_word' id='word_1_112' title='bbox 2040 1549 2152 1597; x_wconf 84' lang='lat' dir='ltr'><strong>tra-</strong></span> 
     </span>
    </p>
   </div>
   <div class='ocr_carea' id='block_1_18' title="bbox 502 1633 2151 1708">
    <p class='ocr_par' dir='ltr' id='par_1_18' title="bbox 502 1633 2151 1708">
     <span class='ocr_line' id='line_1_18' title="bbox 502 1633 2151 1708; baseline -0.002 -18"><span class='ocrx_word' id='word_1_113' title='bbox 502 1634 797 1691; x_wconf 89' lang='lat' dir='ltr'><strong>debantur</strong></span> <span class='ocrx_word' id='word_1_114' title='bbox 822 1653 835 1689; x_wconf 90' lang='lat'><strong>:</strong></span> <span class='ocrx_word' id='word_1_115' title='bbox 860 1652 1053 1708; x_wconf 91' lang='lat' dir='ltr'><strong>neque</strong></span> <span class='ocrx_word' id='word_1_116' title='bbox 1085 1635 1244 1690; x_wconf 91' lang='lat' dir='ltr'><strong>enim</strong></span> <span class='ocrx_word' id='word_1_117' title='bbox 1279 1642 1508 1691; x_wconf 70' lang='lat' dir='ltr'><strong>naturze</strong></span> <span class='ocrx_word' id='word_1_118' title='bbox 1531 1633 1855 1690; x_wconf 80' lang='lat' dir='ltr'><strong>conformis</strong></span> <span class='ocrx_word' id='word_1_119' title='bbox 1882 1638 2010 1689; x_wconf 84' lang='lat' dir='ltr'><strong>erat</strong></span> <span class='ocrx_word' id='word_1_120' title='bbox 2032 1637 2151 1687; x_wconf 88' lang='lat' dir='ltr'><strong>tra-</strong></span> 
     </span>
    </p>
   </div>
   <div class='ocr_carea' id='block_1_19' title="bbox 502 1721 2150 1797">
    <p class='ocr_par' dir='ltr' id='par_1_19' title="bbox 502 1721 2150 1797">
     <span class='ocr_line' id='line_1_19' title="bbox 502 1721 2150 1797; baseline -0.002 -17"><span class='ocrx_word' id='word_1_121' title='bbox 502 1724 668 1791; x_wconf 86' lang='lat' dir='ltr'><strong>ditio,</strong></span> <span class='ocrx_word' id='word_1_122' title='bbox 696 1724 799 1780; x_wconf 89' lang='lat' dir='ltr'><strong>sed</strong></span> <span class='ocrx_word' id='word_1_123' title='bbox 830 1726 1030 1797; x_wconf 72' lang='lat' dir='ltr'><strong>gratim</strong></span> <span class='ocrx_word' id='word_1_124' title='bbox 1059 1724 1333 1796; x_wconf 85' lang='lat' dir='ltr'><strong>spiritali.</strong></span> <span class='ocrx_word' id='word_1_125' title='bbox 1369 1747 1396 1774; x_wconf 76' lang='grc' dir='ltr'><strong>α</strong></span> <span class='ocrx_word' id='word_1_126' title='bbox 1434 1724 1513 1778; x_wconf 91' lang='lat' dir='ltr'><strong>De</strong></span> <span class='ocrx_word' id='word_1_127' title='bbox 1552 1722 1806 1795; x_wconf 85' lang='lat' dir='ltr'><strong>spiritali</strong></span> <span class='ocrx_word' id='word_1_128' title='bbox 1852 1739 1981 1794; x_wconf 75' lang='lat' dir='ltr'><strong>qum</strong></span> <span class='ocrx_word' id='word_1_129' title='bbox 2014 1721 2150 1777; x_wconf 85' lang='lat' dir='ltr'><strong>illos</strong></span> 
     </span>
    </p>
   </div>
   <div class='ocr_carea' id='block_1_20' title="bbox 2256 540 3901 621">
    <p class='ocr_par' dir='ltr' id='par_1_20' title="bbox 2256 540 3901 621">
     <span class='ocr_line' id='line_1_20' title="bbox 2256 540 3901 621; baseline 0.002 -21"><span class='ocrx_word' id='word_1_130' title='bbox 2256 541 2749 621; x_wconf 61' lang='grc' dir='ltr'><strong>διαπορευομένους</strong></span> <span class='ocrx_word' id='word_1_131' title='bbox 2831 544 2950 620; x_wconf 77' lang='grc' dir='ltr'>ὅλῳ</span> <span class='ocrx_word' id='word_1_132' title='bbox 3021 540 3515 618; x_wconf 73' lang='grc' dir='ltr'>καταϐαπτίζεσθαε</span> <span class='ocrx_word' id='word_1_133' title='bbox 3596 551 3684 619; x_wconf 80' lang='grc' dir='ltr'><strong>τῷ</strong></span> <span class='ocrx_word' id='word_1_134' title='bbox 3740 545 3901 620; x_wconf 69' lang='grc' dir='ltr'>ὕδατι,</span> 
     </span>
    </p>
   </div>
   <div class='ocr_carea' id='block_1_21' title="bbox 2255 631 3901 714">
    <p class='ocr_par' dir='ltr' id='par_1_21' title="bbox 2255 631 3901 714">
     <span class='ocr_line' id='line_1_21' title="bbox 2255 631 3901 714; baseline 0.002 -26"><span class='ocrx_word' id='word_1_135' title='bbox 2255 635 2391 690; x_wconf 77' lang='grc' dir='ltr'>κατα</span> <span class='ocrx_word' id='word_1_136' title='bbox 2421 634 2579 714; x_wconf 70' lang='grc' dir='ltr'>φύσιν</span> <span class='ocrx_word' id='word_1_137' title='bbox 2611 631 2839 710; x_wconf 74' lang='grc' dir='ltr'>ἔχοντος</span> <span class='ocrx_word' id='word_1_138' title='bbox 2895 638 2990 691; x_wconf 79' lang='grc' dir='ltr'><strong>τοῦ</strong></span> <span class='ocrx_word' id='word_1_139' title='bbox 3023 631 3239 699; x_wconf 75' lang='grc' dir='ltr'>ὕδατος.</span> <span class='ocrx_word' id='word_1_140' title='bbox 3270 660 3299 689; x_wconf 87' lang='grc'><strong>‹‹</strong></span> <span class='ocrx_word' id='word_1_141' title='bbox 3360 635 3454 699; x_wconf 87' lang='grc' dir='ltr'><strong>Εἷς</strong></span> <span class='ocrx_word' id='word_1_142' title='bbox 3506 636 3613 692; x_wconf 85' lang='grc' dir='ltr'>τὸν</span> <span class='ocrx_word' id='word_1_143' title='bbox 3676 638 3901 707; x_wconf 54' lang='lat' dir='ltr'><strong>Mentha-.1</strong></span> 
     </span>
    </p>
   </div>
   <div class='ocr_carea' id='block_1_22' title="bbox 2255 719 3903 804">
    <p class='ocr_par' dir='ltr' id='par_1_22' title="bbox 2255 719 3903 804">
     <span class='ocr_line' id='line_1_22' title="bbox 2255 719 3903 804; baseline 0.001 -24"><span class='ocrx_word' id='word_1_144' title='bbox 2255 719 2634 781; x_wconf 67' lang='grc' dir='ltr'>ἐϐαπτίσαντο.</span> <span class='ocrx_word' id='word_1_145' title='bbox 2673 749 2696 778; x_wconf 76' lang='grc' dir='ltr'><strong><em>ι</em></strong></span> <span class='ocrx_word' id='word_1_146' title='bbox 2757 725 2944 804; x_wconf 70' lang='grc' dir='ltr'>φησίν.</span> <span class='ocrx_word' id='word_1_147' title='bbox 2982 758 3047 770; x_wconf 82' lang='lat'><strong><em>—</em></strong></span> <span class='ocrx_word' id='word_1_148' title='bbox 3079 727 3415 801; x_wconf 78' lang='grc' dir='ltr'><strong>[ΟΙΚΟΥΜ.]</strong></span> <span class='ocrx_word' id='word_1_149' title='bbox 3461 722 3702 793; x_wconf 77' lang='grc' dir='ltr'>Ἐπειδῆ</span> <span class='ocrx_word' id='word_1_150' title='bbox 3757 726 3903 782; x_wconf 70' lang='grc' dir='ltr'>αὐτὸν</span> 
     </span>
    </p>
   </div>
   <div class='ocr_carea' id='block_1_23' title="bbox 2257 809 3900 890">
    <p class='ocr_par' dir='ltr' id='par_1_23' title="bbox 2257 809 3900 890">
     <span class='ocr_line' id='line_1_23' title="bbox 2257 809 3900 890; baseline 0.001 -22"><span class='ocrx_word' id='word_1_151' title='bbox 2257 810 2458 879; x_wconf 81' lang='grc' dir='ltr'>ἰδόντες</span> <span class='ocrx_word' id='word_1_152' title='bbox 2509 809 2872 871; x_wconf 72' lang='grc' dir='ltr'>εἰσϐαλλοντα</span> <span class='ocrx_word' id='word_1_153' title='bbox 2934 816 3073 872; x_wconf 72' lang='grc' dir='ltr'>κατὶ</span> <span class='ocrx_word' id='word_1_154' title='bbox 3119 822 3219 885; x_wconf 80' lang='grc' dir='ltr'>τῆς</span> <span class='ocrx_word' id='word_1_155' title='bbox 3275 813 3600 890; x_wconf 73' lang='grc' dir='ltr'>ὃιαιρέσειυς</span> <span class='ocrx_word' id='word_1_156' title='bbox 3664 821 3770 885; x_wconf 76' lang='grc' dir='ltr'><strong>τῆς</strong></span> <span class='ocrx_word' id='word_1_157' title='bbox 3823 818 3900 870; x_wconf 76' lang='grc' dir='ltr'><strong>θι-</strong></span> 
     </span>
    </p>
   </div>
   <div class='ocr_carea' id='block_1_24' title="bbox 2257 899 3898 981">
    <p class='ocr_par' dir='ltr' id='par_1_24' title="bbox 2257 899 3898 981">
     <span class='ocr_line' id='line_1_24' title="bbox 2257 899 3898 981; baseline 0.001 -24"><span class='ocrx_word' id='word_1_158' title='bbox 2257 899 2463 974; x_wconf 72' lang='grc' dir='ltr'>λάσσης</span> <span class='ocrx_word' id='word_1_159' title='bbox 2490 901 2851 977; x_wconf 57' lang='grc' dir='ltr'>ἐμιμήσαντο·</span> <span class='ocrx_word' id='word_1_160' title='bbox 2883 906 3086 981; x_wconf 79' lang='grc' dir='ltr'>’Ὠσπερ</span> <span class='ocrx_word' id='word_1_161' title='bbox 3119 904 3211 961; x_wconf 78' lang='grc' dir='ltr'>οὖν</span> <span class='ocrx_word' id='word_1_162' title='bbox 3262 904 3671 976; x_wconf 33' lang='grc' dir='ltr'>πιεωτόστατης</span> <span class='ocrx_word' id='word_1_163' title='bbox 3732 904 3898 967; x_wconf 52' lang='grc' dir='ltr'>αὖτοᾶ</span> 
     </span>
    </p>
   </div>
   <div class='ocr_carea' id='block_1_25' title="bbox 2252 992 3898 1072">
    <p class='ocr_par' dir='ltr' id='par_1_25' title="bbox 2252 992 3898 1072">
     <span class='ocr_line' id='line_1_25' title="bbox 2252 992 3898 1072; baseline 0 -24"><span class='ocrx_word' id='word_1_164' title='bbox 2252 992 2449 1048; x_wconf 68' lang='grc' dir='ltr'>τούτου</span> <span class='ocrx_word' id='word_1_165' title='bbox 2495 995 2685 1070; x_wconf 67' lang='grc' dir='ltr'>γέγονε</span> <span class='ocrx_word' id='word_1_166' title='bbox 2734 996 2995 1064; x_wconf 73' lang='grc' dir='ltr'>Μωϋσῆς,</span> <span class='ocrx_word' id='word_1_167' title='bbox 3029 1020 3056 1046; x_wconf 74' lang='grc' dir='ltr'><strong>α</strong></span> <span class='ocrx_word' id='word_1_168' title='bbox 3090 997 3176 1051; x_wconf 75' lang='lat' dir='ltr'><strong>’hv</strong></span> <span class='ocrx_word' id='word_1_169' title='bbox 3230 998 3299 1068; x_wconf 76' lang='grc' dir='ltr'>τῇ</span> <span class='ocrx_word' id='word_1_170' title='bbox 3345 993 3543 1072; x_wconf 68' lang='grc' dir='ltr'>νεφέλῃ</span> <span class='ocrx_word' id='word_1_171' title='bbox 3612 995 3713 1049; x_wconf 86' lang='grc' dir='ltr'>καὶ</span> <span class='ocrx_word' id='word_1_172' title='bbox 3770 992 3821 1047; x_wconf 79' lang='grc' dir='ltr'>ὲν</span> <span class='ocrx_word' id='word_1_173' title='bbox 3845 997 3898 1066; x_wconf 75' lang='grc' dir='ltr'><strong>τῇ</strong></span> 
     </span>
    </p>
   </div>
   <div class='ocr_carea' id='block_1_26' title="bbox 2255 1080 3891 1159">
    <p class='ocr_par' dir='ltr' id='par_1_26' title="bbox 2255 1080 3891 1159">
     <span class='ocr_line' id='line_1_26' title="bbox 2255 1080 3891 1159; baseline 0.001 -23"><span class='ocrx_word' id='word_1_174' title='bbox 2255 1080 2522 1159; x_wconf 68' lang='grc' dir='ltr'>θαλάσσῃ.</span> <span class='ocrx_word' id='word_1_175' title='bbox 2562 1108 2587 1135; x_wconf 77' lang='grc' dir='ltr'><strong><em>η</em></strong></span> <span class='ocrx_word' id='word_1_176' title='bbox 2633 1084 2731 1141; x_wconf 73' lang='grc' dir='ltr'>Καί</span> <span class='ocrx_word' id='word_1_177' title='bbox 2766 1083 2870 1159; x_wconf 71' lang='grc' dir='ltr'><strong>γὰρ</strong></span> <span class='ocrx_word' id='word_1_178' title='bbox 2928 1084 3334 1153; x_wconf 69' lang='grc' dir='ltr'>συνεσκιάζνιντο</span> <span class='ocrx_word' id='word_1_179' title='bbox 3386 1088 3466 1155; x_wconf 62' lang='grc' dir='ltr'><strong>τῷ</strong></span> <span class='ocrx_word' id='word_1_180' title='bbox 3508 1089 3753 1142; x_wconf 60' lang='lat' dir='ltr'><strong>“animi.</strong></span> <span class='ocrx_word' id='word_1_181' title='bbox 3808 1085 3891 1137; x_wconf 66' lang='grc' dir='ltr'><strong>ἕδτὸ</strong></span> 
     </span>
    </p>
   </div>
   <div class='ocr_carea' id='block_1_27' title="bbox 2253 1168 3903 1249">
    <p class='ocr_par' dir='ltr' id='par_1_27' title="bbox 2253 1168 3903 1249">
     <span class='ocr_line' id='line_1_27' title="bbox 2253 1168 3903 1249; baseline -0.008 -9"><span class='ocrx_word' id='word_1_182' title='bbox 2253 1177 2353 1239; x_wconf 67' lang='grc' dir='ltr'><strong>τῆς</strong></span> <span class='ocrx_word' id='word_1_183' title='bbox 2383 1168 2635 1249; x_wconf 61' lang='grc' dir='ltr'>νεφέλης,</span> <span class='ocrx_word' id='word_1_184' title='bbox 2684 1172 2773 1227; x_wconf 76' lang='grc' dir='ltr'><strong>καὶ</strong></span> <span class='ocrx_word' id='word_1_185' title='bbox 2833 1170 3180 1243; x_wconf 78' lang='grc' dir='ltr'>συνεπέζευον</span> <span class='ocrx_word' id='word_1_186' title='bbox 3245 1170 3484 1240; x_wconf 72' lang='grc' dir='ltr'><strong>Μωῦσεῖ,</strong></span> <span class='ocrx_word' id='word_1_187' title='bbox 3544 1171 3903 1249; x_wconf 68' lang='grc' dir='ltr'><strong>διαιρεθείσης</strong></span> 
     </span>
    </p>
   </div>
   <div class='ocr_carea' id='block_1_28' title="bbox 2253 1259 3899 1339">
    <p class='ocr_par' dir='ltr' id='par_1_28' title="bbox 2253 1259 3899 1339">
     <span class='ocr_line' id='line_1_28' title="bbox 2253 1259 3899 1339; baseline 0.004 -25"><span class='ocrx_word' id='word_1_188' title='bbox 2253 1263 2354 1325; x_wconf 79' lang='grc' dir='ltr'>τῆς</span> <span class='ocrx_word' id='word_1_189' title='bbox 2385 1259 2681 1332; x_wconf 79' lang='grc' dir='ltr'>Θαλάσσης.</span> <span class='ocrx_word' id='word_1_190' title='bbox 2735 1286 2763 1315; x_wconf 77' lang='grc' dir='ltr'><strong>ιι</strong></span> <span class='ocrx_word' id='word_1_191' title='bbox 2793 1263 2870 1319; x_wconf 85' lang='grc' dir='ltr'><strong>Τὸ</strong></span> <span class='ocrx_word' id='word_1_192' title='bbox 2914 1261 3044 1318; x_wconf 74' lang='grc' dir='ltr'>αὐτὸ</span> <span class='ocrx_word' id='word_1_193' title='bbox 3101 1263 3298 1339; x_wconf 65' lang='grc' dir='ltr'>βρῶμα</span> <span class='ocrx_word' id='word_1_194' title='bbox 3354 1263 3761 1336; x_wconf 82' lang='grc' dir='ltr'>πνευματικόν.</span> <span class='ocrx_word' id='word_1_195' title='bbox 3796 1288 3822 1314; x_wconf 74' lang='grc' dir='ltr'><strong>ιι</strong></span> <span class='ocrx_word' id='word_1_196' title='bbox 3849 1295 3899 1306; x_wconf 89' lang='grc'><strong><em>-</em></strong></span> 
     </span>
    </p>
   </div>
   <div class='ocr_carea' id='block_1_29' title="bbox 2256 1358 3901 1438">
    <p class='ocr_par' dir='ltr' id='par_1_29' title="bbox 2256 1358 3901 1438">
     <span class='ocr_line' id='line_1_29' title="bbox 2256 1358 3901 1438; baseline 0.003 -24"><span class='ocrx_word' id='word_1_197' title='bbox 2256 1360 2595 1435; x_wconf 74' lang='grc' dir='ltr'><strong>]ΘΕΟΔΩΡ.]</strong></span> <span class='ocrx_word' id='word_1_198' title='bbox 2632 1360 2994 1433; x_wconf 74' lang='grc' dir='ltr'>Πνευματικὸν</span> <span class='ocrx_word' id='word_1_199' title='bbox 3050 1358 3210 1418; x_wconf 82' lang='grc' dir='ltr'>καλεῖ</span> <span class='ocrx_word' id='word_1_200' title='bbox 3235 1363 3327 1418; x_wconf 79' lang='grc' dir='ltr'><strong>καὶ</strong></span> <span class='ocrx_word' id='word_1_201' title='bbox 3381 1363 3445 1418; x_wconf 86' lang='grc' dir='ltr'>τὸ</span> <span class='ocrx_word' id='word_1_202' title='bbox 3480 1363 3698 1438; x_wconf 75' lang='grc' dir='ltr'>βρῶμα</span> <span class='ocrx_word' id='word_1_203' title='bbox 3738 1364 3901 1419; x_wconf 77' lang='grc' dir='ltr'>καὶτὸ</span> 
     </span>
    </p>
   </div>
   <div class='ocr_carea' id='block_1_30' title="bbox 2255 1447 3902 1529">
    <p class='ocr_par' dir='ltr' id='par_1_30' title="bbox 2255 1447 3902 1529">
     <span class='ocr_line' id='line_1_30' title="bbox 2255 1447 3902 1529; baseline 0.004 -27"><span class='ocrx_word' id='word_1_204' title='bbox 2255 1447 2431 1521; x_wconf 84' lang='grc' dir='ltr'><strong>πόμα,</strong></span> <span class='ocrx_word' id='word_1_205' title='bbox 2463 1450 2539 1511; x_wconf 85' lang='grc' dir='ltr'>ὡς</span> <span class='ocrx_word' id='word_1_206' title='bbox 2569 1448 2629 1504; x_wconf 85' lang='grc' dir='ltr'>ἂν</span> <span class='ocrx_word' id='word_1_207' title='bbox 2661 1451 2756 1505; x_wconf 64' lang='grc' dir='ltr'>τοᾶ</span> <span class='ocrx_word' id='word_1_208' title='bbox 2800 1449 3113 1525; x_wconf 78' lang='grc' dir='ltr'>ΙΙνεύματος</span> <span class='ocrx_word' id='word_1_209' title='bbox 3143 1452 3309 1529; x_wconf 76' lang='grc' dir='ltr'>ἄμφω</span> <span class='ocrx_word' id='word_1_210' title='bbox 3365 1447 3455 1506; x_wconf 83' lang='grc' dir='ltr'><strong>διὰ</strong></span> <span class='ocrx_word' id='word_1_211' title='bbox 3508 1456 3619 1508; x_wconf 81' lang='grc' dir='ltr'><strong>τοῦ</strong></span> <span class='ocrx_word' id='word_1_212' title='bbox 3677 1455 3902 1517; x_wconf 62' lang='lat' dir='ltr'><strong>Monii»;</strong></span> 
     </span>
    </p>
   </div>
   <div class='ocr_carea' id='block_1_31' title="bbox 2255 1537 3908 1621">
    <p class='ocr_par' dir='ltr' id='par_1_31' title="bbox 2255 1537 3908 1621">
     <span class='ocr_line' id='line_1_31' title="bbox 2255 1537 3908 1621; baseline 0.001 -28"><span class='ocrx_word' id='word_1_213' title='bbox 2255 1537 2392 1593; x_wconf 82' lang='grc' dir='ltr'>κατὰ</span> <span class='ocrx_word' id='word_1_214' title='bbox 2447 1539 2546 1607; x_wconf 70' lang='grc' dir='ltr'><strong>τήν</strong></span> <span class='ocrx_word' id='word_1_215' title='bbox 2605 1537 2908 1616; x_wconf 76' lang='grc' dir='ltr'>ἀπόρῥητον</span> <span class='ocrx_word' id='word_1_216' title='bbox 2967 1539 3134 1596; x_wconf 79' lang='grc' dir='ltr'>αὐτοῦ</span> <span class='ocrx_word' id='word_1_217' title='bbox 3209 1541 3603 1621; x_wconf 77' lang='grc' dir='ltr'>παρασχόντος</span> <span class='ocrx_word' id='word_1_218' title='bbox 3670 1538 3908 1617; x_wconf 70' lang='grc' dir='ltr'>δῦναμιν,</span> 
     </span>
    </p>
   </div>
   <div class='ocr_carea' id='block_1_32' title="bbox 2256 1624 3907 1707">
    <p class='ocr_par' dir='ltr' id='par_1_32' title="bbox 2256 1624 3907 1707">
     <span class='ocr_line' id='line_1_32' title="bbox 2256 1624 3907 1707; baseline 0.002 -25"><span class='ocrx_word' id='word_1_219' title='bbox 2256 1629 2417 1702; x_wconf 81' lang='grc' dir='ltr'>Λὲγει</span> <span class='ocrx_word' id='word_1_220' title='bbox 2447 1624 2504 1682; x_wconf 72' lang='grc' dir='ltr'><strong>δὲ</strong></span> <span class='ocrx_word' id='word_1_221' title='bbox 2543 1627 2666 1701; x_wconf 67' lang='grc' dir='ltr'>περὶ</span> <span class='ocrx_word' id='word_1_222' title='bbox 2697 1630 2794 1683; x_wconf 77' lang='grc' dir='ltr'><strong>τοῦ</strong></span> <span class='ocrx_word' id='word_1_223' title='bbox 2844 1627 3016 1703; x_wconf 69' lang='grc' dir='ltr'>μάννα</span> <span class='ocrx_word' id='word_1_224' title='bbox 3069 1628 3161 1684; x_wconf 77' lang='grc' dir='ltr'><strong>καὶ</strong></span> <span class='ocrx_word' id='word_1_225' title='bbox 3215 1635 3325 1686; x_wconf 81' lang='grc' dir='ltr'><strong>τῶν</strong></span> <span class='ocrx_word' id='word_1_226' title='bbox 3379 1634 3580 1707; x_wconf 81' lang='grc' dir='ltr'>κρεῶν,</span> <span class='ocrx_word' id='word_1_227' title='bbox 3646 1632 3746 1687; x_wconf 80' lang='grc' dir='ltr'><strong>καὶ</strong></span> <span class='ocrx_word' id='word_1_228' title='bbox 3801 1633 3907 1706; x_wconf 71' lang='grc' dir='ltr'><strong>περὶ</strong></span> 
     </span>
    </p>
   </div>
   <div class='ocr_carea' id='block_1_33' title="bbox 2252 1714 3907 1797">
    <p class='ocr_par' dir='ltr' id='par_1_33' title="bbox 2252 1714 3907 1797">
     <span class='ocr_line' id='line_1_33' title="bbox 2252 1714 3907 1797; baseline 0.004 -27"><span class='ocrx_word' id='word_1_229' title='bbox 2252 1719 2350 1771; x_wconf 76' lang='grc' dir='ltr'>τοῦ</span> <span class='ocrx_word' id='word_1_230' title='bbox 2404 1714 2619 1779; x_wconf 57' lang='grc' dir='ltr'>ὕδατος</span> <span class='ocrx_word' id='word_1_231' title='bbox 2692 1741 2721 1771; x_wconf 84' lang='grc' dir='ltr'>ι(</span> <span class='ocrx_word' id='word_1_232' title='bbox 2778 1719 3043 1795; x_wconf 77' lang='grc' dir='ltr'>Ἐιραγον.</span> <span class='ocrx_word' id='word_1_233' title='bbox 3078 1743 3106 1771; x_wconf 73' lang='grc' dir='ltr'>ιο</span> <span class='ocrx_word' id='word_1_234' title='bbox 3159 1719 3295 1777; x_wconf 65' lang='grc' dir='ltr'>Οἷον</span> <span class='ocrx_word' id='word_1_235' title='bbox 3349 1719 3411 1775; x_wconf 84' lang='grc' dir='ltr'>τὸ</span> <span class='ocrx_word' id='word_1_236' title='bbox 3473 1717 3681 1793; x_wconf 67' lang='grc' dir='ltr'>μάννα,</span> <span class='ocrx_word' id='word_1_237' title='bbox 3744 1722 3907 1797; x_wconf 74' lang='grc' dir='ltr'>ὥσπερ</span> 
     </span>
    </p>
   </div>
   <div class='ocr_carea' id='block_1_34' title="bbox 502 1806 2144 1896">
    <p class='ocr_par' dir='ltr' id='par_1_34' title="bbox 502 1811 2144 1886">
     <span class='ocr_line' id='line_1_34' title="bbox 502 1811 2144 1886; baseline -0.002 -17"><span class='ocrx_word' id='word_1_238' title='bbox 502 1813 897 1870; x_wconf 89' lang='lat' dir='ltr'><strong>comitabatur</strong></span> <span class='ocrx_word' id='word_1_239' title='bbox 951 1818 1138 1886; x_wconf 85' lang='lat' dir='ltr'><strong>petra.</strong></span> <span class='ocrx_word' id='word_1_240' title='bbox 1200 1836 1228 1863; x_wconf 81' lang='lat'><em>«</em></span> <span class='ocrx_word' id='word_1_241' title='bbox 1292 1811 1602 1868; x_wconf 83' lang='lat' dir='ltr'><strong>Sensibiiis</strong></span> <span class='ocrx_word' id='word_1_242' title='bbox 1669 1811 1910 1883; x_wconf 90' lang='lat' dir='ltr'><strong>quidem</strong></span> <span class='ocrx_word' id='word_1_243' title='bbox 1978 1816 2144 1876; x_wconf 87' lang='lat' dir='ltr'><strong>erat,</strong></span> 
     </span>
    </p>
   </div>
   <div class='ocr_carea' id='block_1_35' title="bbox 2252 1806 3902 1896">
    <p class='ocr_par' dir='ltr' id='par_1_35' title="bbox 2255 1806 3902 1883">
     <span class='ocr_line' id='line_1_35' title="bbox 2255 1806 3902 1883; baseline 0.002 -22"><span class='ocrx_word' id='word_1_244' title='bbox 2255 1806 2418 1879; x_wconf 81' lang='grc' dir='ltr'>ἡμεῖς</span> <span class='ocrx_word' id='word_1_245' title='bbox 2473 1806 2535 1863; x_wconf 86' lang='grc' dir='ltr'>τὸ</span> <span class='ocrx_word' id='word_1_246' title='bbox 2592 1811 2753 1881; x_wconf 85' lang='grc' dir='ltr'>σῶμα</span> <span class='ocrx_word' id='word_1_247' title='bbox 2821 1808 3078 1883; x_wconf 69' lang='grc' dir='ltr'>Χριστοῦ.</span> <span class='ocrx_word' id='word_1_248' title='bbox 3130 1808 3292 1883; x_wconf 77' lang='grc' dir='ltr'>Πόμα</span> <span class='ocrx_word' id='word_1_249' title='bbox 3343 1810 3748 1883; x_wconf 76' lang='grc' dir='ltr'>πνευματικὸν,</span> <span class='ocrx_word' id='word_1_250' title='bbox 3804 1810 3902 1867; x_wconf 79' lang='grc' dir='ltr'>οἷον</span> 
     </span>
    </p>
   </div>
   <div class='ocr_carea' id='block_1_36' title="bbox 500 1901 2150 1977">
    <p class='ocr_par' dir='ltr' id='par_1_36' title="bbox 500 1901 2150 1977">
     <span class='ocr_line' id='line_1_36' title="bbox 500 1901 2150 1977; baseline -0.002 -16"><span class='ocrx_word' id='word_1_251' title='bbox 500 1920 637 1961; x_wconf 88' lang='lat' dir='ltr'><strong>nem</strong></span> <span class='ocrx_word' id='word_1_252' title='bbox 649 1922 717 1977; x_wconf 88' lang='lat' dir='ltr'><strong>pe</strong></span> <span class='ocrx_word' id='word_1_253' title='bbox 739 1912 907 1977; x_wconf 87' lang='lat' dir='ltr'><strong>petra</strong></span> <span class='ocrx_word' id='word_1_254' title='bbox 921 1921 1051 1976; x_wconf 76' lang='lat' dir='ltr'><strong>qum</strong></span> <span class='ocrx_word' id='word_1_255' title='bbox 1072 1904 1357 1960; x_wconf 86' lang='lat' dir='ltr'><strong>Israelitis</strong></span> <span class='ocrx_word' id='word_1_256' title='bbox 1379 1920 1593 1976; x_wconf 88' lang='lat' dir='ltr'><strong>aquam</strong></span> <span class='ocrx_word' id='word_1_257' title='bbox 1608 1901 2150 1969; x_wconf 76' lang='lat' dir='ltr'><strong>scaturivit“,hanc</strong></span> 
     </span>
    </p>
   </div>
   <div class='ocr_carea' id='block_1_37' title="bbox 500 1991 2149 2065">
    <p class='ocr_par' dir='ltr' id='par_1_37' title="bbox 500 1991 2149 2065">
     <span class='ocr_line' id='line_1_37' title="bbox 500 1991 2149 2065; baseline -0.001 -16"><span class='ocrx_word' id='word_1_258' title='bbox 500 1998 700 2049; x_wconf 85' lang='lat' dir='ltr'><strong>tamen</strong></span> <span class='ocrx_word' id='word_1_259' title='bbox 732 2009 851 2048; x_wconf 93' lang='lat' dir='ltr'><strong>non</strong></span> <span class='ocrx_word' id='word_1_260' title='bbox 881 1992 1123 2065; x_wconf 88' lang='lat' dir='ltr'><strong>propria</strong></span> <span class='ocrx_word' id='word_1_261' title='bbox 1159 2000 1373 2049; x_wconf 88' lang='lat' dir='ltr'><strong>natura</strong></span> <span class='ocrx_word' id='word_1_262' title='bbox 1402 1991 1777 2049; x_wconf 84' lang='lat' dir='ltr'><strong>scaturiebat.</strong></span> <span class='ocrx_word' id='word_1_263' title='bbox 1815 1991 1920 2049; x_wconf 91' lang='lat' dir='ltr'><strong>sed</strong></span> <span class='ocrx_word' id='word_1_264' title='bbox 1967 1999 2149 2064; x_wconf 65' lang='lat' dir='ltr'><strong>petras</strong></span> 
     </span>
    </p>
   </div>
   <div class='ocr_carea' id='block_1_38' title="bbox 500 2081 2151 2154">
    <p class='ocr_par' dir='ltr' id='par_1_38' title="bbox 500 2081 2151 2154">
     <span class='ocr_line' id='line_1_38' title="bbox 500 2081 2151 2154; baseline 0.001 -18"><span class='ocrx_word' id='word_1_265' title='bbox 500 2081 788 2152; x_wconf 83' lang='lat' dir='ltr'><strong>spiritalis</strong></span> <span class='ocrx_word' id='word_1_266' title='bbox 819 2081 1051 2149; x_wconf 86' lang='lat' dir='ltr'><strong>virtute,</strong></span> <span class='ocrx_word' id='word_1_267' title='bbox 1084 2099 1217 2153; x_wconf 55' lang='lat' dir='ltr'><strong>qua»</strong></span> <span class='ocrx_word' id='word_1_268' title='bbox 1259 2082 1312 2137; x_wconf 89' lang='lat' dir='ltr'><strong>ei</strong></span> <span class='ocrx_word' id='word_1_269' title='bbox 1340 2099 1446 2154; x_wconf 92' lang='lat' dir='ltr'><strong>per</strong></span> <span class='ocrx_word' id='word_1_270' title='bbox 1471 2082 1797 2139; x_wconf 81' lang='lat' dir='ltr'><strong>efﬁcaciam</strong></span> <span class='ocrx_word' id='word_1_271' title='bbox 1835 2082 2059 2147; x_wconf 88' lang='lat' dir='ltr'><strong>aderat,</strong></span> <span class='ocrx_word' id='word_1_272' title='bbox 2091 2086 2151 2138; x_wconf 88' lang='lat' dir='ltr'><strong>et</strong></span> 
     </span>
    </p>
   </div>
   <div class='ocr_carea' id='block_1_39' title="bbox 499 2170 2146 2235">
    <p class='ocr_par' dir='ltr' id='par_1_39' title="bbox 499 2170 2146 2235">
     <span class='ocr_line' id='line_1_39' title="bbox 499 2170 2146 2235; baseline 0.002 -10"><span class='ocrx_word' id='word_1_273' title='bbox 499 2170 573 2226; x_wconf 85' lang='lat' dir='ltr'><strong>ad</strong></span> <span class='ocrx_word' id='word_1_274' title='bbox 605 2186 778 2225; x_wconf 90' lang='lat' dir='ltr'><strong>usum</strong></span> <span class='ocrx_word' id='word_1_275' title='bbox 810 2171 1142 2226; x_wconf 89' lang='lat' dir='ltr'><strong>sitientium</strong></span> <span class='ocrx_word' id='word_1_276' title='bbox 1173 2170 1606 2228; x_wconf 89' lang='lat' dir='ltr'><strong>comitabatur:</strong></span> <span class='ocrx_word' id='word_1_277' title='bbox 1641 2172 1753 2228; x_wconf 93' lang='lat' dir='ltr'><strong>hoc</strong></span> <span class='ocrx_word' id='word_1_278' title='bbox 1784 2171 1973 2235; x_wconf 82' lang='lat' dir='ltr'><strong>est,ad</strong></span> <span class='ocrx_word' id='word_1_279' title='bbox 2004 2171 2146 2228; x_wconf 89' lang='lat' dir='ltr'><strong>illo-</strong></span> 
     </span>
    </p>
   </div>
   <div class='ocr_carea' id='block_1_40' title="bbox 498 2260 2148 2318">
    <p class='ocr_par' dir='ltr' id='par_1_40' title="bbox 498 2260 2148 2318">
     <span class='ocr_line' id='line_1_40' title="bbox 498 2260 2148 2318; baseline 0 -2"><span class='ocrx_word' id='word_1_280' title='bbox 498 2277 632 2316; x_wconf 90' lang='lat' dir='ltr'><strong>rum</strong></span> <span class='ocrx_word' id='word_1_281' title='bbox 664 2261 921 2316; x_wconf 89' lang='lat' dir='ltr'><strong>salutem</strong></span> <span class='ocrx_word' id='word_1_282' title='bbox 953 2266 1011 2316; x_wconf 88' lang='lat' dir='ltr'><strong>et</strong></span> <span class='ocrx_word' id='word_1_283' title='bbox 1041 2260 1362 2318; x_wconf 87' lang='lat' dir='ltr'><strong>utilitatem</strong></span> <span class='ocrx_word' id='word_1_284' title='bbox 1392 2261 1596 2317; x_wconf 89' lang='lat' dir='ltr'><strong>omnia</strong></span> <span class='ocrx_word' id='word_1_285' title='bbox 1627 2261 2031 2318; x_wconf 86' lang='lat' dir='ltr'><strong>commutabat</strong></span> <span class='ocrx_word' id='word_1_286' title='bbox 2079 2277 2148 2317; x_wconf 90' lang='lat' dir='ltr'><strong>ac</strong></span> 
     </span>
    </p>
   </div>
   <div class='ocr_carea' id='block_1_41' title="bbox 501 2348 2150 2423">
    <p class='ocr_par' dir='ltr' id='par_1_41' title="bbox 501 2348 2150 2423">
     <span class='ocr_line' id='line_1_41' title="bbox 501 2348 2150 2423; baseline -0.001 -17"><span class='ocrx_word' id='word_1_287' title='bbox 501 2348 978 2416; x_wconf 78' lang='lat' dir='ltr'><strong>transformabat,</strong></span> <span class='ocrx_word' id='word_1_288' title='bbox 1003 2356 1061 2405; x_wconf 92' lang='lat' dir='ltr'><strong>et</strong></span> <span class='ocrx_word' id='word_1_289' title='bbox 1081 2350 1154 2406; x_wconf 89' lang='lat' dir='ltr'><strong>ad</strong></span> <span class='ocrx_word' id='word_1_290' title='bbox 1177 2351 1440 2423; x_wconf 89' lang='lat' dir='ltr'><strong>ipsorum</strong></span> <span class='ocrx_word' id='word_1_291' title='bbox 1465 2349 1828 2406; x_wconf 89' lang='lat' dir='ltr'><strong>voluntatem</strong></span> <span class='ocrx_word' id='word_1_292' title='bbox 1859 2349 2150 2421; x_wconf 87' lang='lat' dir='ltr'><strong>sequeba-</strong></span> 
     </span>
    </p>
   </div>
   <div class='ocr_carea' id='block_1_42' title="bbox 499 2439 2148 2512">
    <p class='ocr_par' dir='ltr' id='par_1_42' title="bbox 499 2439 2148 2512">
     <span class='ocr_line' id='line_1_42' title="bbox 499 2439 2148 2512; baseline -0.001 -17"><span class='ocrx_word' id='word_1_293' title='bbox 499 2446 595 2495; x_wconf 89' lang='lat' dir='ltr'><strong>tur</strong></span> <span class='ocrx_word' id='word_1_294' title='bbox 629 2457 643 2494; x_wconf 86' lang='lat'><strong>:</strong></span> <span class='ocrx_word' id='word_1_295' title='bbox 677 2445 735 2495; x_wconf 89' lang='lat' dir='ltr'><strong>et</strong></span> <span class='ocrx_word' id='word_1_296' title='bbox 763 2456 921 2495; x_wconf 91' lang='lat' dir='ltr'><strong>nunc</strong></span> <span class='ocrx_word' id='word_1_297' title='bbox 952 2440 1194 2511; x_wconf 89' lang='lat' dir='ltr'><strong>quidem</strong></span> <span class='ocrx_word' id='word_1_298' title='bbox 1245 2457 1461 2512; x_wconf 91' lang='lat' dir='ltr'><strong>aquam</strong></span> <span class='ocrx_word' id='word_1_299' title='bbox 1489 2440 1574 2496; x_wconf 90' lang='lat' dir='ltr'><strong>eis</strong></span> <span class='ocrx_word' id='word_1_300' title='bbox 1599 2439 1673 2496; x_wconf 92' lang='lat' dir='ltr'><strong>ad</strong></span> <span class='ocrx_word' id='word_1_301' title='bbox 1718 2440 2033 2495; x_wconf 89' lang='lat' dir='ltr'><strong>transitum</strong></span> <span class='ocrx_word' id='word_1_302' title='bbox 2086 2439 2148 2494; x_wconf 91' lang='lat' dir='ltr'><strong>in</strong></span> 
     </span>
    </p>
   </div>
   <div class='ocr_carea' id='block_1_43' title="bbox 497 2528 2146 2603">
    <p class='ocr_par' dir='ltr' id='par_1_43' title="bbox 497 2528 2146 2603">
     <span class='ocr_line' id='line_1_43' title="bbox 497 2528 2146 2603; baseline -0.002 -16"><span class='ocrx_word' id='word_1_303' title='bbox 497 2537 800 2603; x_wconf 75' lang='lat' dir='ltr'><strong>petrarum</strong></span> <span class='ocrx_word' id='word_1_304' title='bbox 834 2530 1075 2587; x_wconf 92' lang='lat' dir='ltr'><strong>modum</strong></span> <span class='ocrx_word' id='word_1_305' title='bbox 1110 2531 1385 2587; x_wconf 86' lang='lat' dir='ltr'><strong>ﬁrmabat</strong></span> <span class='ocrx_word' id='word_1_306' title='bbox 1418 2548 1431 2585; x_wconf 88' lang='lat'><strong>:</strong></span> <span class='ocrx_word' id='word_1_307' title='bbox 1460 2548 1619 2587; x_wconf 91' lang='lat' dir='ltr'><strong>nunc</strong></span> <span class='ocrx_word' id='word_1_308' title='bbox 1650 2547 1785 2586; x_wconf 89' lang='lat' dir='ltr'><strong>vero</strong></span> <span class='ocrx_word' id='word_1_309' title='bbox 1816 2530 2030 2587; x_wconf 68' lang='lat' dir='ltr'><strong>coelum</strong></span> <span class='ocrx_word' id='word_1_310' title='bbox 2070 2528 2146 2585; x_wconf 91' lang='lat' dir='ltr'><strong>ad</strong></span> 
     </span>
    </p>
   </div>
   <div class='ocr_carea' id='block_1_44' title="bbox 494 2618 2146 2677">
    <p class='ocr_par' dir='ltr' id='par_1_44' title="bbox 494 2618 2146 2677">
     <span class='ocr_line' id='line_1_44' title="bbox 494 2618 2146 2677; baseline -0.002 0"><span class='ocrx_word' id='word_1_311' title='bbox 494 2620 694 2677; x_wconf 89' lang='lat' dir='ltr'><strong>cibum</strong></span> <span class='ocrx_word' id='word_1_312' title='bbox 715 2629 772 2676; x_wconf 91' lang='lat' dir='ltr'><strong>et</strong></span> <span class='ocrx_word' id='word_1_313' title='bbox 796 2621 1064 2676; x_wconf 92' lang='lat' dir='ltr'><strong>edulium</strong></span> <span class='ocrx_word' id='word_1_314' title='bbox 1099 2620 1337 2676; x_wconf 90' lang='lat' dir='ltr'><strong>abunde</strong></span> <span class='ocrx_word' id='word_1_315' title='bbox 1360 2620 1446 2675; x_wconf 89' lang='lat' dir='ltr'><strong>eis</strong></span> <span class='ocrx_word' id='word_1_316' title='bbox 1477 2618 1927 2676; x_wconf 78' lang='lat' dir='ltr'><strong>excolebatalio</strong></span> <span class='ocrx_word' id='word_1_317' title='bbox 1945 2624 2146 2673; x_wconf 91' lang='lat' dir='ltr'><strong>autem</strong></span> 
     </span>
    </p>
   </div>
   <div class='ocr_carea' id='block_1_45' title="bbox 490 2708 2139 2782">
    <p class='ocr_par' dir='ltr' id='par_1_45' title="bbox 490 2708 2139 2782">
     <span class='ocr_line' id='line_1_45' title="bbox 490 2708 2139 2782; baseline -0.002 -16"><span class='ocrx_word' id='word_1_318' title='bbox 490 2715 758 2782; x_wconf 89' lang='lat' dir='ltr'><strong>tempore</strong></span> <span class='ocrx_word' id='word_1_319' title='bbox 791 2718 1026 2782; x_wconf 81' lang='lat' dir='ltr'><strong>petram</strong></span> <span class='ocrx_word' id='word_1_320' title='bbox 1063 2708 1137 2765; x_wconf 88' lang='lat' dir='ltr'><strong>ad</strong></span> <span class='ocrx_word' id='word_1_321' title='bbox 1168 2726 1455 2781; x_wconf 86' lang='lat' dir='ltr'><strong>aquarum</strong></span> <span class='ocrx_word' id='word_1_322' title='bbox 1491 2708 1881 2781; x_wconf 76' lang='lat' dir='ltr'><strong>scaturigines</strong></span> <span class='ocrx_word' id='word_1_323' title='bbox 1912 2708 2139 2780; x_wconf 84' lang='lat' dir='ltr'><strong>aparie-</strong></span> 
     </span>
    </p>
   </div>
   <div class='ocr_carea' id='block_1_46' title="bbox 490 2797 2147 2870">
    <p class='ocr_par' dir='ltr' id='par_1_46' title="bbox 490 2797 2147 2870">
     <span class='ocr_line' id='line_1_46' title="bbox 490 2797 2147 2870; baseline -0.002 -14"><span class='ocrx_word' id='word_1_324' title='bbox 490 2798 610 2856; x_wconf 88' lang='lat' dir='ltr'><strong>bat.</strong></span> <span class='ocrx_word' id='word_1_325' title='bbox 636 2800 862 2855; x_wconf 89' lang='lat' dir='ltr'><strong>ldcirco</strong></span> <span class='ocrx_word' id='word_1_326' title='bbox 896 2799 1107 2853; x_wconf 86' lang='lat' dir='ltr'><strong>merito</strong></span> <span class='ocrx_word' id='word_1_327' title='bbox 1139 2798 1256 2854; x_wconf 85' lang='lat' dir='ltr'><strong>dici</strong></span> <span class='ocrx_word' id='word_1_328' title='bbox 1287 2804 1567 2870; x_wconf 86' lang='lat' dir='ltr'><strong>poterant</strong></span> <span class='ocrx_word' id='word_1_329' title='bbox 1595 2797 1666 2853; x_wconf 88' lang='lat' dir='ltr'><strong>de</strong></span> <span class='ocrx_word' id='word_1_330' title='bbox 1698 2797 1947 2869; x_wconf 78' lang='lat' dir='ltr'><strong>spiritali</strong></span> <span class='ocrx_word' id='word_1_331' title='bbox 1979 2803 2147 2868; x_wconf 87' lang='lat' dir='ltr'><strong>petra</strong></span> 
     </span>
    </p>
   </div>
   <div class='ocr_carea' id='block_1_47' title="bbox 492 2885 2143 2958">
    <p class='ocr_par' dir='ltr' id='par_1_47' title="bbox 492 2885 2143 2958">
     <span class='ocr_line' id='line_1_47' title="bbox 492 2885 2143 2958; baseline -0.001 -15"><span class='ocrx_word' id='word_1_332' title='bbox 492 2886 699 2943; x_wconf 90' lang='lat' dir='ltr'><strong>bibere</strong></span> <span class='ocrx_word' id='word_1_333' title='bbox 733 2904 746 2942; x_wconf 90' lang='lat'>:</span> <span class='ocrx_word' id='word_1_334' title='bbox 783 2887 908 2943; x_wconf 70' lang='lat' dir='ltr'><strong>haec</strong></span> <span class='ocrx_word' id='word_1_335' title='bbox 938 2887 1098 2943; x_wconf 89' lang='lat' dir='ltr'><strong>enim</strong></span> <span class='ocrx_word' id='word_1_336' title='bbox 1134 2894 1262 2942; x_wconf 88' lang='lat' dir='ltr'><strong>erat</strong></span> <span class='ocrx_word' id='word_1_337' title='bbox 1293 2904 1424 2958; x_wconf 73' lang='lat' dir='ltr'><strong>qum</strong></span> <span class='ocrx_word' id='word_1_338' title='bbox 1480 2886 1825 2943; x_wconf 74' lang='lat' dir='ltr'><strong>sensibilem</strong></span> <span class='ocrx_word' id='word_1_339' title='bbox 1857 2886 2021 2942; x_wconf 88' lang='lat' dir='ltr'><strong>illam</strong></span> <span class='ocrx_word' id='word_1_340' title='bbox 2081 2885 2143 2941; x_wconf 90' lang='lat' dir='ltr'><strong>in</strong></span> 
     </span>
    </p>
   </div>
   <div class='ocr_carea' id='block_1_48' title="bbox 497 2975 2146 3050">
    <p class='ocr_par' dir='ltr' id='par_1_48' title="bbox 497 2975 2146 3050">
     <span class='ocr_line' id='line_1_48' title="bbox 497 2975 2146 3050; baseline -0.002 -17"><span class='ocrx_word' id='word_1_341' title='bbox 497 2993 785 3050; x_wconf 87' lang='lat' dir='ltr'><strong>aquarum</strong></span> <span class='ocrx_word' id='word_1_342' title='bbox 819 2978 1013 3033; x_wconf 85' lang='lat' dir='ltr'><strong>fontes</strong></span> <span class='ocrx_word' id='word_1_343' title='bbox 1045 2977 1609 3043; x_wconf 82' lang='lat' dir='ltr'><strong>solverat.Quamam</strong></span> <span class='ocrx_word' id='word_1_344' title='bbox 1636 2983 1834 3034; x_wconf 83' lang='lat' dir='ltr'><strong>autem</strong></span> <span class='ocrx_word' id='word_1_345' title='bbox 1868 2982 1995 3033; x_wconf 87' lang='lat' dir='ltr'><strong>erat</strong></span> <span class='ocrx_word' id='word_1_346' title='bbox 2024 2975 2146 3048; x_wconf 87' lang='lat' dir='ltr'><strong>spi-</strong></span> 
     </span>
    </p>
   </div>
   <div class='ocr_carea' id='block_1_49' title="bbox 494 3065 2142 3141">
    <p class='ocr_par' dir='ltr' id='par_1_49' title="bbox 494 3065 2142 3141">
     <span class='ocr_line' id='line_1_49' title="bbox 494 3065 2142 3141; baseline -0.001 -18"><span class='ocrx_word' id='word_1_347' title='bbox 494 3068 687 3124; x_wconf 86' lang='lat' dir='ltr'><strong>ritalis</strong></span> <span class='ocrx_word' id='word_1_348' title='bbox 761 3068 867 3123; x_wconf 90' lang='lat' dir='ltr'><strong>illa</strong></span> <span class='ocrx_word' id='word_1_349' title='bbox 950 3074 1119 3140; x_wconf 89' lang='lat' dir='ltr'><strong>petra</strong></span> <span class='ocrx_word' id='word_1_350' title='bbox 1200 3084 1332 3139; x_wconf 68' lang='lat' dir='ltr'><strong>quae</strong></span> <span class='ocrx_word' id='word_1_351' title='bbox 1402 3068 1564 3141; x_wconf 83' lang='lat' dir='ltr'><strong>ipsos</strong></span> <span class='ocrx_word' id='word_1_352' title='bbox 1649 3084 1856 3123; x_wconf 90' lang='lat' dir='ltr'><strong>omnes</strong></span> <span class='ocrx_word' id='word_1_353' title='bbox 1937 3065 2142 3122; x_wconf 85' lang='lat' dir='ltr'><strong>subse-</strong></span> 
     </span>
    </p>
   </div>
   <div class='ocr_carea' id='block_1_50' title="bbox 497 3156 2217 3263">
    <p class='ocr_par' dir='ltr' id='par_1_50' title="bbox 497 3156 2217 3263">
     <span class='ocr_line' id='line_1_50' title="bbox 497 3156 2217 3263; baseline -0.001 -51"><span class='ocrx_word' id='word_1_354' title='bbox 497 3157 808 3230; x_wconf 89' lang='lat' dir='ltr'><strong>quebatur,</strong></span> <span class='ocrx_word' id='word_1_355' title='bbox 842 3163 901 3214; x_wconf 92' lang='lat' dir='ltr'><strong>et</strong></span> <span class='ocrx_word' id='word_1_356' title='bbox 928 3158 1002 3213; x_wconf 94' lang='lat' dir='ltr'><strong>ad</strong></span> <span class='ocrx_word' id='word_1_357' title='bbox 1055 3157 1345 3230; x_wconf 83' lang='lat' dir='ltr'><strong>cujusque</strong></span> <span class='ocrx_word' id='word_1_358' title='bbox 1400 3158 1683 3229; x_wconf 89' lang='lat' dir='ltr'><strong>temporis</strong></span> <span class='ocrx_word' id='word_1_359' title='bbox 1723 3156 2141 3213; x_wconf 82' lang='lat' dir='ltr'><strong>necessitatem</strong></span> <span class='ocrx_word' id='word_1_360' title='bbox 2174 3196 2217 3263; x_wconf 65' lang='grc' dir='ltr'><strong>Ο</strong></span> 
     </span>
    </p>
   </div>
   <div class='ocr_carea' id='block_1_51' title="bbox 493 3246 2143 3317">
    <p class='ocr_par' dir='ltr' id='par_1_51' title="bbox 493 3246 2143 3317">
     <span class='ocr_line' id='line_1_51' title="bbox 493 3246 2143 3317; baseline -0.002 -14"><span class='ocrx_word' id='word_1_361' title='bbox 493 3254 741 3303; x_wconf 89' lang='lat' dir='ltr'><strong>naturas</strong></span> <span class='ocrx_word' id='word_1_362' title='bbox 765 3264 961 3303; x_wconf 84' lang='lat' dir='ltr'><strong>rerum</strong></span> <span class='ocrx_word' id='word_1_363' title='bbox 986 3246 1046 3302; x_wconf 90' lang='lat' dir='ltr'><strong>in</strong></span> <span class='ocrx_word' id='word_1_364' title='bbox 1071 3246 1340 3303; x_wconf 88' lang='lat' dir='ltr'><strong>ordinem</strong></span> <span class='ocrx_word' id='word_1_365' title='bbox 1366 3246 2143 3317; x_wconf 75' lang='lat' dir='ltr'><strong>transfundebat,simulque</strong></span> 
     </span>
    </p>
   </div>
   <div class='ocr_carea' id='block_1_52' title="bbox 491 3335 2144 3407">
    <p class='ocr_par' dir='ltr' id='par_1_52' title="bbox 491 3335 2144 3407">
     <span class='ocr_line' id='line_1_52' title="bbox 491 3335 2144 3407; baseline -0.002 -16"><span class='ocrx_word' id='word_1_366' title='bbox 491 3335 972 3395; x_wconf 84' lang='lat' dir='ltr'><strong>transmutabat?</strong></span> <span class='ocrx_word' id='word_1_367' title='bbox 1028 3336 1218 3402; x_wconf 69' lang='lat' dir='ltr'><strong>Qum?</strong></span> <span class='ocrx_word' id='word_1_368' title='bbox 1272 3338 1396 3392; x_wconf 75' lang='lat' dir='ltr'><strong>iam</strong></span> <span class='ocrx_word' id='word_1_369' title='bbox 1448 3336 1884 3407; x_wconf 86' lang='lat' dir='ltr'><strong>subsequenter</strong></span> <span class='ocrx_word' id='word_1_370' title='bbox 1953 3335 2144 3390; x_wconf 88' lang='lat' dir='ltr'><strong>dicit:</strong></span> 
     </span>
    </p>
   </div>
   <div class='ocr_carea' id='block_1_53' title="bbox 494 3423 2149 3497">
    <p class='ocr_par' dir='ltr' id='par_1_53' title="bbox 494 3423 2149 3497">
     <span class='ocr_line' id='line_1_53' title="bbox 494 3423 2149 3497; baseline -0.002 -16"><span class='ocrx_word' id='word_1_371' title='bbox 494 3441 710 3497; x_wconf 85' lang='lat' dir='ltr'><strong>nempe</strong></span> <span class='ocrx_word' id='word_1_372' title='bbox 732 3424 1000 3480; x_wconf 88' lang='lat' dir='ltr'><strong>Christus</strong></span> <span class='ocrx_word' id='word_1_373' title='bbox 1033 3424 1134 3495; x_wconf 91' lang='lat' dir='ltr'><strong>qui</strong></span> <span class='ocrx_word' id='word_1_374' title='bbox 1166 3441 1327 3481; x_wconf 91' lang='lat' dir='ltr'><strong>nunc</strong></span> <span class='ocrx_word' id='word_1_375' title='bbox 1358 3440 1495 3497; x_wconf 76' lang='lat' dir='ltr'><strong>erga</strong></span> <span class='ocrx_word' id='word_1_376' title='bbox 1525 3441 1635 3479; x_wconf 88' lang='lat' dir='ltr'><strong>nos</strong></span> <span class='ocrx_word' id='word_1_377' title='bbox 1665 3440 1902 3495; x_wconf 90' lang='lat' dir='ltr'><strong>quoque</strong></span> <span class='ocrx_word' id='word_1_378' title='bbox 1927 3423 2149 3478; x_wconf 88' lang='lat' dir='ltr'><strong>similia</strong></span> 
     </span>
    </p>
   </div>
   <div class='ocr_carea' id='block_1_54' title="bbox 497 3511 2145 3584">
    <p class='ocr_par' dir='ltr' id='par_1_54' title="bbox 497 3511 2145 3584">
     <span class='ocr_line' id='line_1_54' title="bbox 497 3511 2145 3584; baseline -0.003 -13"><span class='ocrx_word' id='word_1_379' title='bbox 497 3530 565 3571; x_wconf 83' lang='lat' dir='ltr'><strong>ac</strong></span> <span class='ocrx_word' id='word_1_380' title='bbox 595 3516 824 3582; x_wconf 81' lang='lat' dir='ltr'><strong>majora</strong></span> <span class='ocrx_word' id='word_1_381' title='bbox 851 3513 1237 3569; x_wconf 89' lang='lat' dir='ltr'><strong>demonstrat.</strong></span> <span class='ocrx_word' id='word_1_382' title='bbox 1263 3513 1422 3569; x_wconf 89' lang='lat' dir='ltr'><strong>Licet</strong></span> <span class='ocrx_word' id='word_1_383' title='bbox 1450 3529 1685 3584; x_wconf 91' lang='lat' dir='ltr'><strong>quoque</strong></span> <span class='ocrx_word' id='word_1_384' title='bbox 1717 3512 1778 3567; x_wconf 94' lang='lat' dir='ltr'><strong>id</strong></span> <span class='ocrx_word' id='word_1_385' title='bbox 1809 3511 1966 3583; x_wconf 90' lang='lat' dir='ltr'><strong>quod</strong></span> <span class='ocrx_word' id='word_1_386' title='bbox 2000 3511 2145 3567; x_wconf 87' lang='lat' dir='ltr'><strong>diri-</strong></span> 
     </span>
    </p>
   </div>
   <div class='ocr_carea' id='block_1_55' title="bbox 497 3601 2144 3673">
    <p class='ocr_par' dir='ltr' id='par_1_55' title="bbox 497 3601 2144 3673">
     <span class='ocr_line' id='line_1_55' title="bbox 497 3601 2144 3673; baseline 0 -14"><span class='ocrx_word' id='word_1_387' title='bbox 497 3609 610 3673; x_wconf 88' lang='lat' dir='ltr'><strong>tur,</strong></span> <span class='ocrx_word' id='word_1_388' title='bbox 623 3626 649 3653; x_wconf 76' lang='grc' dir='ltr'><strong>α</strong></span> <span class='ocrx_word' id='word_1_389' title='bbox 672 3602 1136 3669; x_wconf 82' lang='lat' dir='ltr'><strong>Comitabatur,»</strong></span> <span class='ocrx_word' id='word_1_390' title='bbox 1159 3603 1333 3658; x_wconf 88' lang='lat' dir='ltr'><strong>aliter</strong></span> <span class='ocrx_word' id='word_1_391' title='bbox 1351 3601 2144 3671; x_wconf 76' lang='lat' dir='ltr'><strong>intelligere.lntellectualis</strong></span> 
     </span>
    </p>
   </div>
   <div class='ocr_carea' id='block_1_56' title="bbox 495 3690 2144 3767">
    <p class='ocr_par' dir='ltr' id='par_1_56' title="bbox 495 3690 2144 3767">
     <span class='ocr_line' id='line_1_56' title="bbox 495 3690 2144 3767; baseline -0.002 -17"><span class='ocrx_word' id='word_1_392' title='bbox 495 3709 754 3765; x_wconf 88' lang='lat' dir='ltr'><strong>namque</strong></span> <span class='ocrx_word' id='word_1_393' title='bbox 813 3699 1000 3767; x_wconf 89' lang='lat' dir='ltr'><strong>petra,</strong></span> <span class='ocrx_word' id='word_1_394' title='bbox 1051 3708 1266 3765; x_wconf 91' lang='lat' dir='ltr'><strong>nempe</strong></span> <span class='ocrx_word' id='word_1_395' title='bbox 1307 3692 1593 3757; x_wconf 80' lang='lat' dir='ltr'><strong>Christus,</strong></span> <span class='ocrx_word' id='word_1_396' title='bbox 1642 3708 1764 3748; x_wconf 82' lang='lat' dir='ltr'><strong>non</strong></span> <span class='ocrx_word' id='word_1_397' title='bbox 1812 3691 2008 3748; x_wconf 91' lang='lat' dir='ltr'><strong>solum</strong></span> <span class='ocrx_word' id='word_1_398' title='bbox 2050 3690 2144 3747; x_wconf 87' lang='lat' dir='ltr'><strong>his</strong></span> 
     </span>
    </p>
   </div>
   <div class='ocr_carea' id='block_1_57' title="bbox 489 3780 2140 3855">
    <p class='ocr_par' dir='ltr' id='par_1_57' title="bbox 489 3780 2140 3855">
     <span class='ocr_line' id='line_1_57' title="bbox 489 3780 2140 3855; baseline -0.001 -15"><span class='ocrx_word' id='word_1_399' title='bbox 489 3800 620 3855; x_wconf 70' lang='lat' dir='ltr'><strong>qua:</strong></span> <span class='ocrx_word' id='word_1_400' title='bbox 640 3782 799 3840; x_wconf 88' lang='lat' dir='ltr'><strong>dicta</strong></span> <span class='ocrx_word' id='word_1_401' title='bbox 828 3788 970 3840; x_wconf 88' lang='lat' dir='ltr'><strong>sunt</strong></span> <span class='ocrx_word' id='word_1_402' title='bbox 998 3782 1306 3838; x_wconf 89' lang='lat' dir='ltr'><strong>beneﬁciis</strong></span> <span class='ocrx_word' id='word_1_403' title='bbox 1336 3781 1696 3838; x_wconf 87' lang='lat' dir='ltr'><strong>mirabiliter</strong></span> <span class='ocrx_word' id='word_1_404' title='bbox 1724 3799 1825 3838; x_wconf 90' lang='lat' dir='ltr'><strong>eos</strong></span> <span class='ocrx_word' id='word_1_405' title='bbox 1855 3780 2095 3838; x_wconf 85' lang='lat' dir='ltr'><strong>donavit</strong></span> <span class='ocrx_word' id='word_1_406' title='bbox 2126 3799 2140 3838; x_wconf 76' lang='grc' dir='ltr'><strong>ε</strong></span> 
     </span>
    </p>
   </div>
   <div class='ocr_carea' id='block_1_58' title="bbox 491 3872 2145 3945">
    <p class='ocr_par' dir='ltr' id='par_1_58' title="bbox 491 3872 2145 3945">
     <span class='ocr_line' id='line_1_58' title="bbox 491 3872 2145 3945; baseline 0.001 -18"><span class='ocrx_word' id='word_1_407' title='bbox 491 3889 692 3929; x_wconf 82' lang='lat' dir='ltr'><strong>verum</strong></span> <span class='ocrx_word' id='word_1_408' title='bbox 717 3872 898 3929; x_wconf 90' lang='lat' dir='ltr'><strong>etiam</strong></span> <span class='ocrx_word' id='word_1_409' title='bbox 925 3873 986 3928; x_wconf 92' lang='lat' dir='ltr'><strong>in</strong></span> <span class='ocrx_word' id='word_1_410' title='bbox 1010 3872 1399 3944; x_wconf 81' lang='lat' dir='ltr'><strong>sequentibus</strong></span> <span class='ocrx_word' id='word_1_411' title='bbox 1438 3872 1836 3929; x_wconf 88' lang='lat' dir='ltr'><strong>comitabatur</strong></span> <span class='ocrx_word' id='word_1_412' title='bbox 1849 3888 1918 3928; x_wconf 88' lang='lat' dir='ltr'><strong>ac</strong></span> <span class='ocrx_word' id='word_1_413' title='bbox 1939 3887 2145 3945; x_wconf 87' lang='lat' dir='ltr'><strong>seque-</strong></span> 
     </span>
    </p>
   </div>
   <div class='ocr_carea' id='block_1_59' title="bbox 486 3961 2143 4035">
    <p class='ocr_par' dir='ltr' id='par_1_59' title="bbox 486 3961 2143 4035">
     <span class='ocr_line' id='line_1_59' title="bbox 486 3961 2143 4035; baseline 0.001 -17"><span class='ocrx_word' id='word_1_414' title='bbox 486 3962 961 4035; x_wconf 80' lang='lat' dir='ltr'><strong>batur,proxime</strong></span> <span class='ocrx_word' id='word_1_415' title='bbox 990 3961 1066 4018; x_wconf 86' lang='lat' dir='ltr'><strong>ad</strong></span> <span class='ocrx_word' id='word_1_416' title='bbox 1099 3961 1225 4019; x_wconf 67' lang='lat' dir='ltr'><strong>haec</strong></span> <span class='ocrx_word' id='word_1_417' title='bbox 1247 3963 1367 4019; x_wconf 92' lang='lat' dir='ltr'><strong>imo</strong></span> <span class='ocrx_word' id='word_1_418' title='bbox 1398 3963 1577 4018; x_wconf 88' lang='lat' dir='ltr'><strong>etiam</strong></span> <span class='ocrx_word' id='word_1_419' title='bbox 1602 3961 1930 4035; x_wconf 82' lang='lat' dir='ltr'><strong>majoribus</strong></span> <span class='ocrx_word' id='word_1_420' title='bbox 1951 3963 2143 4019; x_wconf 86' lang='lat' dir='ltr'><strong>Israe-</strong></span> 
     </span>
    </p>
   </div>
   <div class='ocr_carea' id='block_1_60' title="bbox 483 4049 2140 4110">
    <p class='ocr_par' dir='ltr' id='par_1_60' title="bbox 483 4049 2140 4110">
     <span class='ocr_line' id='line_1_60' title="bbox 483 4049 2140 4110; baseline 0 -3"><span class='ocrx_word' id='word_1_421' title='bbox 483 4051 653 4108; x_wconf 89' lang='lat' dir='ltr'><strong>litem</strong></span> <span class='ocrx_word' id='word_1_422' title='bbox 686 4052 955 4110; x_wconf 81' lang='lat' dir='ltr'><strong>afﬁciens</strong></span> <span class='ocrx_word' id='word_1_423' title='bbox 984 4052 1315 4110; x_wconf 88' lang='lat' dir='ltr'><strong>beneﬁciis.</strong></span> <span class='ocrx_word' id='word_1_424' title='bbox 1350 4051 1463 4109; x_wconf 90' lang='lat' dir='ltr'><strong>Sed</strong></span> <span class='ocrx_word' id='word_1_425' title='bbox 1492 4057 1550 4108; x_wconf 88' lang='lat' dir='ltr'><strong>et</strong></span> <span class='ocrx_word' id='word_1_426' title='bbox 1588 4069 1697 4108; x_wconf 91' lang='lat' dir='ltr'><strong>nos</strong></span> <span class='ocrx_word' id='word_1_427' title='bbox 1724 4050 1899 4108; x_wconf 89' lang='lat' dir='ltr'><strong>modo</strong></span> <span class='ocrx_word' id='word_1_428' title='bbox 1934 4049 2140 4107; x_wconf 88' lang='lat' dir='ltr'><strong>ﬁdeles</strong></span> 
     </span>
    </p>
   </div>
   <div class='ocr_carea' id='block_1_61' title="bbox 486 4141 2138 4215">
    <p class='ocr_par' dir='ltr' id='par_1_61' title="bbox 486 4141 2138 4215">
     <span class='ocr_line' id='line_1_61' title="bbox 486 4141 2138 4215; baseline -0.001 -17"><span class='ocrx_word' id='word_1_429' title='bbox 486 4142 823 4208; x_wconf 86' lang='lat' dir='ltr'><strong>comitatur,</strong></span> <span class='ocrx_word' id='word_1_430' title='bbox 854 4142 940 4198; x_wconf 89' lang='lat' dir='ltr'><strong>ita</strong></span> <span class='ocrx_word' id='word_1_431' title='bbox 966 4149 1034 4199; x_wconf 89' lang='lat' dir='ltr'><strong>ut</strong></span> <span class='ocrx_word' id='word_1_432' title='bbox 1063 4159 1437 4215; x_wconf 89' lang='lat' dir='ltr'><strong>consequens</strong></span> <span class='ocrx_word' id='word_1_433' title='bbox 1477 4143 1556 4199; x_wconf 89' lang='lat' dir='ltr'><strong>sit</strong></span> <span class='ocrx_word' id='word_1_434' title='bbox 1584 4148 1643 4197; x_wconf 90' lang='lat' dir='ltr'><strong>et</strong></span> <span class='ocrx_word' id='word_1_435' title='bbox 1672 4158 1802 4213; x_wconf 66' lang='lat' dir='ltr'><strong>quae</strong></span> <span class='ocrx_word' id='word_1_436' title='bbox 1835 4141 1896 4196; x_wconf 91' lang='lat' dir='ltr'><strong>in</strong></span> <span class='ocrx_word' id='word_1_437' title='bbox 1948 4141 2138 4197; x_wconf 88' lang='lat' dir='ltr'><strong>Veteri</strong></span> 
     </span>
    </p>
   </div>
   <div class='ocr_carea' id='block_1_62' title="bbox 487 4230 2141 4303">
    <p class='ocr_par' dir='ltr' id='par_1_62' title="bbox 487 4230 2141 4303">
     <span class='ocr_line' id='line_1_62' title="bbox 487 4230 2141 4303; baseline -0.001 -15"><span class='ocrx_word' id='word_1_438' title='bbox 487 4236 548 4288; x_wconf 91' lang='lat' dir='ltr'><strong>et</strong></span> <span class='ocrx_word' id='word_1_439' title='bbox 576 4247 708 4303; x_wconf 72' lang='lat' dir='ltr'><strong>quin</strong></span> <span class='ocrx_word' id='word_1_440' title='bbox 739 4232 801 4288; x_wconf 94' lang='lat' dir='ltr'><strong>in</strong></span> <span class='ocrx_word' id='word_1_441' title='bbox 846 4233 1001 4288; x_wconf 88' lang='lat' dir='ltr'><strong>Novo</strong></span> <span class='ocrx_word' id='word_1_442' title='bbox 1058 4234 1434 4288; x_wconf 86' lang='lat' dir='ltr'><strong>Testamento</strong></span> <span class='ocrx_word' id='word_1_443' title='bbox 1464 4230 1818 4287; x_wconf 88' lang='lat' dir='ltr'><strong>admiranda</strong></span> <span class='ocrx_word' id='word_1_444' title='bbox 1874 4230 2141 4302; x_wconf 64' lang='lat' dir='ltr'><strong>praestita</strong></span> 
     </span>
    </p>
   </div>
   <div class='ocr_carea' id='block_1_63' title="bbox 485 4319 2135 4395">
    <p class='ocr_par' dir='ltr' id='par_1_63' title="bbox 485 4319 2135 4395">
     <span class='ocr_line' id='line_1_63' title="bbox 485 4319 2135 4395; baseline -0.001 -16"><span class='ocrx_word' id='word_1_445' title='bbox 485 4328 625 4379; x_wconf 84' lang='lat' dir='ltr'><strong>sunt</strong></span> <span class='ocrx_word' id='word_1_446' title='bbox 644 4338 825 4395; x_wconf 87' lang='lat' dir='ltr'><strong>opera</strong></span> <span class='ocrx_word' id='word_1_447' title='bbox 855 4322 945 4378; x_wconf 89' lang='lat' dir='ltr'><strong>vel</strong></span> <span class='ocrx_word' id='word_1_448' title='bbox 966 4320 1553 4392; x_wconf 74' lang='lat' dir='ltr'><strong>beneﬁcia,ejnsdem</strong></span> <span class='ocrx_word' id='word_1_449' title='bbox 1575 4336 1704 4377; x_wconf 88' lang='lat' dir='ltr'><strong>esse</strong></span> <span class='ocrx_word' id='word_1_450' title='bbox 1727 4319 2135 4393; x_wconf 63' lang='lat' dir='ltr'><strong>providentiae,</strong></span> 
     </span>
    </p>
   </div>
   <div class='ocr_carea' id='block_1_64' title="bbox 483 4409 2138 4484">
    <p class='ocr_par' dir='ltr' id='par_1_64' title="bbox 483 4409 2138 4484">
     <span class='ocr_line' id='line_1_64' title="bbox 483 4409 2138 4484; baseline -0.001 -17"><span class='ocrx_word' id='word_1_451' title='bbox 483 4410 753 4484; x_wconf 88' lang='lat' dir='ltr'><strong>ejusdem</strong></span> <span class='ocrx_word' id='word_1_452' title='bbox 786 4412 887 4467; x_wconf 90' lang='lat' dir='ltr'><strong>Dei</strong></span> <span class='ocrx_word' id='word_1_453' title='bbox 918 4428 986 4468; x_wconf 90' lang='lat' dir='ltr'><strong>ac</strong></span> <span class='ocrx_word' id='word_1_454' title='bbox 1018 4410 1253 4466; x_wconf 89' lang='lat' dir='ltr'><strong>Domini</strong></span> <span class='ocrx_word' id='word_1_455' title='bbox 1300 4434 1327 4460; x_wconf 88' lang='lat'><strong>«</strong></span> <span class='ocrx_word' id='word_1_456' title='bbox 1364 4410 1443 4464; x_wconf 85' lang='lat' dir='ltr'><strong>De</strong></span> <span class='ocrx_word' id='word_1_457' title='bbox 1471 4409 1744 4482; x_wconf 84' lang='lat' dir='ltr'><strong>spiritali.</strong></span> <span class='ocrx_word' id='word_1_458' title='bbox 1785 4431 1813 4459; x_wconf 82' lang='grc'><strong>››</strong></span> <span class='ocrx_word' id='word_1_459' title='bbox 1846 4410 2138 4475; x_wconf 86' lang='lat' dir='ltr'><strong>Quoniam</strong></span> 
     </span>
    </p>
   </div>
   <div class='ocr_carea' id='block_1_65' title="bbox 484 4497 2135 4572">
    <p class='ocr_par' dir='ltr' id='par_1_65' title="bbox 484 4497 2135 4572">
     <span class='ocr_line' id='line_1_65' title="bbox 484 4497 2135 4572; baseline -0.001 -17"><span class='ocrx_word' id='word_1_460' title='bbox 484 4499 718 4557; x_wconf 81' lang='lat' dir='ltr'><strong>dixerat</strong></span> <span class='ocrx_word' id='word_1_461' title='bbox 739 4501 950 4559; x_wconf 84' lang='lat' dir='ltr'><strong>Polum</strong></span> <span class='ocrx_word' id='word_1_462' title='bbox 971 4499 1301 4572; x_wconf 84' lang='lat' dir='ltr'><strong>spiritalem</strong></span> <span class='ocrx_word' id='word_1_463' title='bbox 1329 4498 1428 4570; x_wconf 89' lang='lat' dir='ltr'><strong>qui</strong></span> <span class='ocrx_word' id='word_1_464' title='bbox 1453 4504 1651 4554; x_wconf 90' lang='lat' dir='ltr'><strong>tamen</strong></span> <span class='ocrx_word' id='word_1_465' title='bbox 1675 4497 2135 4554; x_wconf 88' lang='lat' dir='ltr'><strong>nihildiversum</strong></span> 
     </span>
    </p>
   </div>
   <div class='ocr_carea' id='block_1_66' title="bbox 2257 1892 3899 1974">
    <p class='ocr_par' dir='ltr' id='par_1_66' title="bbox 2257 1892 3899 1974">
     <span class='ocr_line' id='line_1_66' title="bbox 2257 1892 3899 1974; baseline 0.005 -26"><span class='ocrx_word' id='word_1_466' title='bbox 2257 1895 2320 1949; x_wconf 84' lang='grc' dir='ltr'>τὸ</span> <span class='ocrx_word' id='word_1_467' title='bbox 2353 1895 2412 1951; x_wconf 76' lang='grc' dir='ltr'>ἐκ</span> <span class='ocrx_word' id='word_1_468' title='bbox 2435 1901 2536 1958; x_wconf 71' lang='grc' dir='ltr'>τ’ῒς</span> <span class='ocrx_word' id='word_1_469' title='bbox 2582 1895 2894 1971; x_wconf 80' lang='grc' dir='ltr'>ἁκροτόμου</span> <span class='ocrx_word' id='word_1_470' title='bbox 2950 1894 3147 1974; x_wconf 71' lang='grc' dir='ltr'>πέτρας</span> <span class='ocrx_word' id='word_1_471' title='bbox 3204 1892 3508 1954; x_wconf 73' lang='grc' dir='ltr'>ἀναϐλῦσαν</span> <span class='ocrx_word' id='word_1_472' title='bbox 3573 1898 3758 1974; x_wconf 69' lang='grc' dir='ltr'>ὕδωρ,</span> <span class='ocrx_word' id='word_1_473' title='bbox 3810 1900 3899 1957; x_wconf 71' lang='grc' dir='ltr'><strong>ἅσ-</strong></span> 
     </span>
    </p>
   </div>
   <div class='ocr_carea' id='block_1_67' title="bbox 2258 1986 3899 2063">
    <p class='ocr_par' dir='ltr' id='par_1_67' title="bbox 2258 1986 3899 2063">
     <span class='ocr_line' id='line_1_67' title="bbox 2258 1986 3899 2063; baseline 0.004 -24"><span class='ocrx_word' id='word_1_474' title='bbox 2258 2002 2359 2060; x_wconf 87' lang='grc' dir='ltr'><strong>περ</strong></span> <span class='ocrx_word' id='word_1_475' title='bbox 2407 1987 2570 2058; x_wconf 82' lang='grc' dir='ltr'>ἡμεῖς</span> <span class='ocrx_word' id='word_1_476' title='bbox 2612 1986 2676 2042; x_wconf 87' lang='grc' dir='ltr'>τὸ</span> <span class='ocrx_word' id='word_1_477' title='bbox 2734 1987 2872 2060; x_wconf 82' lang='grc' dir='ltr'>αἷμα</span> <span class='ocrx_word' id='word_1_478' title='bbox 2926 1987 3186 2061; x_wconf 73' lang='grc' dir='ltr'>Χριστοῦ,</span> <span class='ocrx_word' id='word_1_479' title='bbox 3244 1986 3310 2045; x_wconf 80' lang='grc' dir='ltr'>Εἰ</span> <span class='ocrx_word' id='word_1_480' title='bbox 3367 1988 3470 2063; x_wconf 77' lang='grc' dir='ltr'><strong>γαρ</strong></span> <span class='ocrx_word' id='word_1_481' title='bbox 3520 1987 3624 2043; x_wconf 77' lang='grc' dir='ltr'><strong>καὶ</strong></span> <span class='ocrx_word' id='word_1_482' title='bbox 3684 1987 3899 2060; x_wconf 71' lang='grc' dir='ltr'>αἰσθητᾶ</span> 
     </span>
    </p>
   </div>
   <div class='ocr_carea' id='block_1_68' title="bbox 2258 2072 3897 2153">
    <p class='ocr_par' dir='ltr' id='par_1_68' title="bbox 2258 2072 3897 2153">
     <span class='ocr_line' id='line_1_68' title="bbox 2258 2072 3897 2153; baseline 0.004 -24"><span class='ocrx_word' id='word_1_483' title='bbox 2258 2072 2482 2138; x_wconf 73' lang='grc' dir='ltr'>ἐκείνοις</span> <span class='ocrx_word' id='word_1_484' title='bbox 2539 2075 2607 2145; x_wconf 76' lang='grc' dir='ltr'><strong>ἦν</strong></span> <span class='ocrx_word' id='word_1_485' title='bbox 2688 2074 2757 2132; x_wconf 67' lang='grc' dir='ltr'><strong>τὰ</strong></span> <span class='ocrx_word' id='word_1_486' title='bbox 2823 2075 3208 2153; x_wconf 84' lang='grc' dir='ltr'>παρεχόμενα,</span> <span class='ocrx_word' id='word_1_487' title='bbox 3297 2073 3442 2133; x_wconf 68' lang='grc' dir='ltr'>ἀλλὰ</span> <span class='ocrx_word' id='word_1_488' title='bbox 3518 2084 3897 2152; x_wconf 71' lang='grc' dir='ltr'>πνευματικῶς</span> 
     </span>
    </p>
   </div>
   <div class='ocr_carea' id='block_1_69' title="bbox 2258 2163 3892 2243">
    <p class='ocr_par' dir='ltr' id='par_1_69' title="bbox 2258 2163 3892 2243">
     <span class='ocr_line' id='line_1_69' title="bbox 2258 2163 3892 2243; baseline 0.003 -24"><span class='ocrx_word' id='word_1_489' title='bbox 2258 2163 2610 2242; x_wconf 79' lang='grc' dir='ltr'>παρείχοντο.</span> <span class='ocrx_word' id='word_1_490' title='bbox 2653 2166 2732 2222; x_wconf 80' lang='grc' dir='ltr'><strong>Οὐ</strong></span> <span class='ocrx_word' id='word_1_491' title='bbox 2789 2165 2895 2243; x_wconf 74' lang='grc' dir='ltr'><strong>γὰρ</strong></span> <span class='ocrx_word' id='word_1_492' title='bbox 2948 2166 3156 2243; x_wconf 72' lang='grc' dir='ltr'>φύσεως</span> <span class='ocrx_word' id='word_1_493' title='bbox 3208 2167 3273 2235; x_wconf 72' lang='grc' dir='ltr'>ἧν</span> <span class='ocrx_word' id='word_1_494' title='bbox 3333 2164 3647 2223; x_wconf 78' lang='grc' dir='ltr'>ἀκολουθία</span> <span class='ocrx_word' id='word_1_495' title='bbox 3679 2171 3714 2239; x_wconf 76' lang='grc' dir='ltr'><strong>ἡ</strong></span> <span class='ocrx_word' id='word_1_496' title='bbox 3753 2165 3892 2237; x_wconf 80' lang='grc' dir='ltr'>δόσις,</span> 
     </span>
    </p>
   </div>
   <div class='ocr_carea' id='block_1_70' title="bbox 2256 2252 3893 2331">
    <p class='ocr_par' dir='ltr' id='par_1_70' title="bbox 2256 2252 3893 2331">
     <span class='ocr_line' id='line_1_70' title="bbox 2256 2252 3893 2331; baseline 0.001 -22"><span class='ocrx_word' id='word_1_497' title='bbox 2256 2252 2403 2310; x_wconf 78' lang='grc' dir='ltr'>ἀλλὰ</span> <span class='ocrx_word' id='word_1_498' title='bbox 2434 2256 2661 2331; x_wconf 75' lang='grc' dir='ltr'>χάριτος</span> <span class='ocrx_word' id='word_1_499' title='bbox 2685 2262 3079 2330; x_wconf 82' lang='grc' dir='ltr'>πνευματικῆς.</span> <span class='ocrx_word' id='word_1_500' title='bbox 3110 2280 3138 2308; x_wconf 87' lang='grc'><strong>‹‹</strong></span> <span class='ocrx_word' id='word_1_501' title='bbox 3168 2256 3260 2313; x_wconf 84' lang='grc' dir='ltr'>Ἐκ</span> <span class='ocrx_word' id='word_1_502' title='bbox 3276 2260 3660 2329; x_wconf 72' lang='grc' dir='ltr'>πνευματικῆς</span> <span class='ocrx_word' id='word_1_503' title='bbox 3679 2256 3893 2314; x_wconf 78' lang='grc' dir='ltr'>ἀκολου-</span> 
     </span>
    </p>
   </div>
   <div class='ocr_carea' id='block_1_71' title="bbox 2260 2342 3891 2421">
    <p class='ocr_par' dir='ltr' id='par_1_71' title="bbox 2260 2342 3891 2421">
     <span class='ocr_line' id='line_1_71' title="bbox 2260 2342 3891 2421; baseline 0.003 -23"><span class='ocrx_word' id='word_1_504' title='bbox 2260 2343 2461 2415; x_wconf 78' lang='grc' dir='ltr'>θούσης</span> <span class='ocrx_word' id='word_1_505' title='bbox 2484 2342 2701 2419; x_wconf 73' lang='grc' dir='ltr'>πέτρας.</span> <span class='ocrx_word' id='word_1_506' title='bbox 2737 2368 2766 2397; x_wconf 85' lang='grc'><strong>››</strong></span> <span class='ocrx_word' id='word_1_507' title='bbox 2798 2345 3043 2416; x_wconf 76' lang='grc' dir='ltr'>Αἷσοητή</span> <span class='ocrx_word' id='word_1_508' title='bbox 3081 2345 3175 2419; x_wconf 74' lang='grc' dir='ltr'>μὶν</span> <span class='ocrx_word' id='word_1_509' title='bbox 3205 2345 3273 2415; x_wconf 79' lang='grc' dir='ltr'>ἦν</span> <span class='ocrx_word' id='word_1_510' title='bbox 3296 2348 3331 2416; x_wconf 75' lang='grc' dir='ltr'><strong>ἡ</strong></span> <span class='ocrx_word' id='word_1_511' title='bbox 3362 2347 3535 2421; x_wconf 74' lang='grc' dir='ltr'>πὲτρα</span> <span class='ocrx_word' id='word_1_512' title='bbox 3564 2343 3891 2418; x_wconf 77' lang='grc' dir='ltr'>δηλονότι,ἠ</span> 
     </span>
    </p>
   </div>
   <div class='ocr_carea' id='block_1_72' title="bbox 2257 2429 3883 2511">
    <p class='ocr_par' dir='ltr' id='par_1_72' title="bbox 2257 2429 3883 2511">
     <span class='ocr_line' id='line_1_72' title="bbox 2257 2429 3883 2511; baseline -0.001 -22"><span class='ocrx_word' id='word_1_513' title='bbox 2257 2433 2321 2489; x_wconf 81' lang='grc' dir='ltr'>τὸ</span> <span class='ocrx_word' id='word_1_514' title='bbox 2360 2430 2507 2509; x_wconf 79' lang='grc' dir='ltr'>ὕδωρ</span> <span class='ocrx_word' id='word_1_515' title='bbox 2561 2439 2679 2496; x_wconf 86' lang='grc' dir='ltr'>τοῖς</span> <span class='ocrx_word' id='word_1_516' title='bbox 2736 2432 3105 2509; x_wconf 76' lang='grc' dir='ltr'><strong>Ἰσραηλίταις</strong></span> <span class='ocrx_word' id='word_1_517' title='bbox 3157 2429 3527 2505; x_wconf 70' lang='grc' dir='ltr'>ἁναϐλόσασα,</span> <span class='ocrx_word' id='word_1_518' title='bbox 3591 2434 3721 2493; x_wconf 81' lang='grc' dir='ltr'>ἁλλ’</span> <span class='ocrx_word' id='word_1_519' title='bbox 3775 2434 3883 2511; x_wconf 73' lang='grc' dir='ltr'><strong>οὖχὲ</strong></span> 
     </span>
    </p>
   </div>
   <div class='ocr_carea' id='block_1_73' title="bbox 2255 2519 3888 2601">
    <p class='ocr_par' dir='ltr' id='par_1_73' title="bbox 2255 2519 3888 2601">
     <span class='ocr_line' id='line_1_73' title="bbox 2255 2519 3888 2601; baseline 0.001 -24"><span class='ocrx_word' id='word_1_520' title='bbox 2255 2525 2325 2596; x_wconf 81' lang='grc' dir='ltr'><strong>τῇ</strong></span> <span class='ocrx_word' id='word_1_521' title='bbox 2357 2520 2529 2594; x_wconf 56' lang='grc' dir='ltr'>οῗκείᾳ</span> <span class='ocrx_word' id='word_1_522' title='bbox 2560 2523 2714 2601; x_wconf 72' lang='grc' dir='ltr'>φύσει</span> <span class='ocrx_word' id='word_1_523' title='bbox 2742 2527 2905 2580; x_wconf 74' lang='grc' dir='ltr'>τοῦτο</span> <span class='ocrx_word' id='word_1_524' title='bbox 2934 2519 3181 2593; x_wconf 75' lang='grc' dir='ltr'>ἔϐλυσεν,</span> <span class='ocrx_word' id='word_1_525' title='bbox 3225 2522 3369 2579; x_wconf 77' lang='grc' dir='ltr'>ἄλλα</span> <span class='ocrx_word' id='word_1_526' title='bbox 3408 2528 3478 2598; x_wconf 81' lang='grc' dir='ltr'><strong>τῇ</strong></span> <span class='ocrx_word' id='word_1_527' title='bbox 3530 2522 3755 2599; x_wconf 75' lang='grc' dir='ltr'>δυναμει</span> <span class='ocrx_word' id='word_1_528' title='bbox 3800 2528 3888 2589; x_wconf 81' lang='grc' dir='ltr'>τῆς</span> 
     </span>
    </p>
   </div>
   <div class='ocr_carea' id='block_1_74' title="bbox 2255 2610 3877 2689">
    <p class='ocr_par' dir='ltr' id='par_1_74' title="bbox 2255 2610 3877 2689">
     <span class='ocr_line' id='line_1_74' title="bbox 2255 2610 3861 2667; baseline -0.012 0"><span class='ocrx_word' id='word_1_529' title='bbox 2255 2612 2373 2667; x_wconf 87' lang='grc' dir='ltr'>κατ’</span> <span class='ocrx_word' id='word_1_530' title='bbox 2401 2610 2478 2667; x_wconf 48' lang='lat' dir='ltr'><strong>av;</strong></span> <span class='ocrx_word' id='word_1_531' title='bbox 2520 2635 2534 2649; x_wconf 65' lang='grc' dir='ltr'><strong>ι</strong></span> <span class='ocrx_word' id='word_1_532' title='bbox 2871 2612 2895 2648; x_wconf 72' lang='grc' dir='ltr'>ι’</span> <span class='ocrx_word' id='word_1_533' title='bbox 3098 2613 3120 2648; x_wconf 77' lang='grc' dir='ltr'>ι’</span> <span class='ocrx_word' id='word_1_534' title='bbox 3169 2616 3195 2629; x_wconf 86' lang='grc'><em>⁴’</em></span> <span class='ocrx_word' id='word_1_535' title='bbox 3358 2636 3367 2653; x_wconf 80' lang='lat'><strong>.</strong></span> <span class='ocrx_word' id='word_1_536' title='bbox 3702 2651 3706 2656; x_wconf 69' lang='grc'><strong>,</strong></span> <span class='ocrx_word' id='word_1_537' title='bbox 3841 2634 3861 2651; x_wconf 72' lang='grc' dir='ltr'><strong><em>ρ</em></strong></span> 
     </span>
     <span class='ocr_line' id='line_1_75' title="bbox 2458 2614 3877 2689; baseline 0.001 -23"><span class='ocrx_word' id='word_1_538' title='bbox 2458 2631 2665 2687; x_wconf 65' lang='grc' dir='ltr'>,ρίειαν</span> <span class='ocrx_word' id='word_1_539' title='bbox 2724 2633 3005 2685; x_wconf 55' lang='grc' dir='ltr'>παρουστβ</span> <span class='ocrx_word' id='word_1_540' title='bbox 3059 2633 3199 2689; x_wconf 68' lang='grc' dir='ltr'>αδτῃ</span> <span class='ocrx_word' id='word_1_541' title='bbox 3256 2614 3635 2685; x_wconf 65' lang='grc' dir='ltr'>πνεδματικῆς</span> <span class='ocrx_word' id='word_1_542' title='bbox 3682 2614 3877 2687; x_wconf 61' lang='grc' dir='ltr'>πέτρας,</span> 
     </span>
    </p>
   </div>
   <div class='ocr_carea' id='block_1_75' title="bbox 2255 2699 3870 2779">
    <p class='ocr_par' dir='ltr' id='par_1_75' title="bbox 2255 2699 3870 2779">
     <span class='ocr_line' id='line_1_76' title="bbox 2255 2699 3870 2779; baseline -0.001 -23"><span class='ocrx_word' id='word_1_543' title='bbox 2255 2701 2343 2756; x_wconf 86' lang='grc' dir='ltr'><strong>καὶ</strong></span> <span class='ocrx_word' id='word_1_544' title='bbox 2375 2699 2785 2772; x_wconf 50' lang='grc' dir='ltr'>ἀκοὴ-δούσης</span> <span class='ocrx_word' id='word_1_545' title='bbox 2814 2707 2883 2778; x_wconf 80' lang='grc' dir='ltr'><strong>τῇ</strong></span> <span class='ocrx_word' id='word_1_546' title='bbox 2914 2703 3075 2779; x_wconf 77' lang='grc' dir='ltr'>χρείᾳ</span> <span class='ocrx_word' id='word_1_547' title='bbox 3104 2708 3210 2758; x_wconf 83' lang='grc' dir='ltr'><strong>τῶν</strong></span> <span class='ocrx_word' id='word_1_548' title='bbox 3270 2700 3578 2776; x_wconf 74' lang='grc' dir='ltr'>διψώντων·</span> <span class='ocrx_word' id='word_1_549' title='bbox 3636 2702 3870 2770; x_wconf 66' lang='grc' dir='ltr'>τουτέστι,</span> 
     </span>
    </p>
   </div>
   <div class='ocr_carea' id='block_1_76' title="bbox 2254 2789 3863 2872">
    <p class='ocr_par' dir='ltr' id='par_1_76' title="bbox 2254 2789 3863 2872">
     <span class='ocr_line' id='line_1_77' title="bbox 2254 2789 3863 2872; baseline -0.001 -27"><span class='ocrx_word' id='word_1_550' title='bbox 2254 2789 2391 2863; x_wconf 70' lang='grc' dir='ltr'>πρὸς</span> <span class='ocrx_word' id='word_1_551' title='bbox 2466 2791 2567 2860; x_wconf 82' lang='grc' dir='ltr'><strong>τήν</strong></span> <span class='ocrx_word' id='word_1_552' title='bbox 2649 2790 2863 2847; x_wconf 68' lang='grc' dir='ltr'>ἐκείνων</span> <span class='ocrx_word' id='word_1_553' title='bbox 2932 2791 3201 2867; x_wconf 77' lang='grc' dir='ltr'>σωτηρίαν</span> <span class='ocrx_word' id='word_1_554' title='bbox 3259 2792 3351 2848; x_wconf 86' lang='grc' dir='ltr'><strong>καὶ</strong></span> <span class='ocrx_word' id='word_1_555' title='bbox 3412 2790 3669 2872; x_wconf 57' lang='grc' dir='ltr'>ὦξέλειαν</span> <span class='ocrx_word' id='word_1_556' title='bbox 3718 2792 3863 2846; x_wconf 64' lang='grc' dir='ltr'>πέντε</span> 
     </span>
    </p>
   </div>
   <div class='ocr_carea' id='block_1_77' title="bbox 2257 2879 3848 2954">
    <p class='ocr_par' dir='ltr' id='par_1_77' title="bbox 2257 2879 3848 2954">
     <span class='ocr_line' id='line_1_78' title="bbox 2257 2879 3848 2954; baseline -0.001 -21"><span class='ocrx_word' id='word_1_557' title='bbox 2257 2879 2663 2953; x_wconf 72' lang='grc' dir='ltr'>μεταποιοῦσης</span> <span class='ocrx_word' id='word_1_558' title='bbox 2733 2880 2825 2937; x_wconf 81' lang='grc' dir='ltr'><strong>καὶ</strong></span> <span class='ocrx_word' id='word_1_559' title='bbox 2907 2880 3432 2954; x_wconf 69' lang='grc' dir='ltr'>μεταπλαττούσςς,</span> <span class='ocrx_word' id='word_1_560' title='bbox 3508 2895 3589 2937; x_wconf 71' lang='grc' dir='ltr'><strong>καί</strong></span> <span class='ocrx_word' id='word_1_561' title='bbox 3651 2897 3848 2934; x_wconf 77' lang='grc' dir='ltr'>συνεπο-</span> 
     </span>
    </p>
   </div>
   <div class='ocr_carea' id='block_1_78' title="bbox 2257 2962 3832 3044">
    <p class='ocr_par' dir='ltr' id='par_1_78' title="bbox 2257 2962 3832 3044">
     <span class='ocr_line' id='line_1_79' title="bbox 2257 2962 3832 3044; baseline -0.001 -25"><span class='ocrx_word' id='word_1_562' title='bbox 2257 2962 2421 3038; x_wconf 80' lang='grc' dir='ltr'>μένης</span> <span class='ocrx_word' id='word_1_563' title='bbox 2460 2964 2637 3023; x_wconf 80' lang='grc' dir='ltr'>αὐτῶν</span> <span class='ocrx_word' id='word_1_564' title='bbox 2696 2973 2775 3041; x_wconf 81' lang='grc' dir='ltr'>τῷ</span> <span class='ocrx_word' id='word_1_565' title='bbox 2831 2969 3169 3044; x_wconf 70' lang='grc' dir='ltr'>βουλήματι·</span> <span class='ocrx_word' id='word_1_566' title='bbox 3200 2969 3288 3025; x_wconf 81' lang='grc' dir='ltr'><strong>καὶ</strong></span> <span class='ocrx_word' id='word_1_567' title='bbox 3321 2971 3450 3025; x_wconf 74' lang='grc' dir='ltr'>ποτὶ</span> <span class='ocrx_word' id='word_1_568' title='bbox 3474 2969 3557 3041; x_wconf 67' lang='grc' dir='ltr'>μὲν</span> <span class='ocrx_word' id='word_1_569' title='bbox 3599 2967 3655 3021; x_wconf 84' lang='grc' dir='ltr'>τὸ</span> <span class='ocrx_word' id='word_1_570' title='bbox 3704 2962 3832 3039; x_wconf 74' lang='grc' dir='ltr'>ὕδωρ</span> 
     </span>
    </p>
   </div>
   <div class='ocr_carea' id='block_1_79' title="bbox 2254 3060 3842 3144">
    <p class='ocr_par' dir='ltr' id='par_1_79' title="bbox 2254 3060 3842 3144">
     <span class='ocr_line' id='line_1_80' title="bbox 2254 3060 3842 3144; baseline 0.002 -24"><span class='ocrx_word' id='word_1_571' title='bbox 2254 3062 2331 3126; x_wconf 64' lang='grc' dir='ltr'>εἲς</span> <span class='ocrx_word' id='word_1_572' title='bbox 2395 3060 2641 3122; x_wconf 74' lang='grc' dir='ltr'>διάϐασιν</span> <span class='ocrx_word' id='word_1_573' title='bbox 2697 3066 2881 3131; x_wconf 73' lang='grc' dir='ltr'>αὐτοῖς</span> <span class='ocrx_word' id='word_1_574' title='bbox 2940 3065 3030 3124; x_wconf 71' lang='grc' dir='ltr'><strong>ἴσα</strong></span> <span class='ocrx_word' id='word_1_575' title='bbox 3094 3066 3313 3143; x_wconf 74' lang='grc' dir='ltr'>πέτραις</span> <span class='ocrx_word' id='word_1_576' title='bbox 3366 3065 3681 3144; x_wconf 64' lang='grc' dir='ltr'>στερεοῦσης.</span> <span class='ocrx_word' id='word_1_577' title='bbox 3723 3060 3842 3118; x_wconf 68' lang='grc' dir='ltr'>ποτὶ</span> 
     </span>
    </p>
   </div>
   <div class='ocr_carea' id='block_1_80' title="bbox 2255 3151 3854 3236">
    <p class='ocr_par' dir='ltr' id='par_1_80' title="bbox 2255 3151 3854 3236">
     <span class='ocr_line' id='line_1_81' title="bbox 2255 3151 3854 3236; baseline -0.001 -28"><span class='ocrx_word' id='word_1_578' title='bbox 2255 3151 2311 3208; x_wconf 76' lang='grc' dir='ltr'><strong>δὲ</strong></span> <span class='ocrx_word' id='word_1_579' title='bbox 2337 3155 2431 3209; x_wconf 87' lang='grc' dir='ltr'>τὸν</span> <span class='ocrx_word' id='word_1_580' title='bbox 2460 3154 2687 3230; x_wconf 82' lang='grc' dir='ltr'>οὐρανὸν</span> <span class='ocrx_word' id='word_1_581' title='bbox 2720 3154 2797 3217; x_wconf 85' lang='grc' dir='ltr'><strong>εἰς</strong></span> <span class='ocrx_word' id='word_1_582' title='bbox 2828 3157 3034 3232; x_wconf 63' lang='grc' dir='ltr'>βρῶσιν</span> <span class='ocrx_word' id='word_1_583' title='bbox 3084 3157 3176 3212; x_wconf 86' lang='grc' dir='ltr'><strong>καὶ</strong></span> <span class='ocrx_word' id='word_1_584' title='bbox 3223 3158 3435 3236; x_wconf 68' lang='grc' dir='ltr'>τροφήν</span> <span class='ocrx_word' id='word_1_585' title='bbox 3488 3155 3664 3217; x_wconf 73' lang='grc' dir='ltr'>αὐτοῖς</span> <span class='ocrx_word' id='word_1_586' title='bbox 3709 3151 3854 3228; x_wconf 53' lang='grc' dir='ltr'>’ἐσθο-</span> 
     </span>
    </p>
   </div>
   <div class='ocr_carea' id='block_1_81' title="bbox 2253 3238 3857 3322">
    <p class='ocr_par' dir='ltr' id='par_1_81' title="bbox 2253 3238 3857 3322">
     <span class='ocr_line' id='line_1_82' title="bbox 2253 3238 3857 3322; baseline -0.001 -25"><span class='ocrx_word' id='word_1_587' title='bbox 2253 3263 2342 3299; x_wconf 89' lang='grc' dir='ltr'><strong>νον</strong></span> <span class='ocrx_word' id='word_1_588' title='bbox 2372 3246 2750 3322; x_wconf 72' lang='grc' dir='ltr'>γεωργούσης,</span> <span class='ocrx_word' id='word_1_589' title='bbox 2794 3244 2993 3301; x_wconf 69' lang='grc' dir='ltr'>ἄλλοτε</span> <span class='ocrx_word' id='word_1_590' title='bbox 3023 3243 3081 3301; x_wconf 71' lang='grc' dir='ltr'><strong>δὲ</strong></span> <span class='ocrx_word' id='word_1_591' title='bbox 3136 3247 3235 3316; x_wconf 79' lang='grc' dir='ltr'>τήν</span> <span class='ocrx_word' id='word_1_592' title='bbox 3290 3247 3488 3322; x_wconf 71' lang='grc' dir='ltr'>πεῖραν</span> <span class='ocrx_word' id='word_1_593' title='bbox 3548 3245 3626 3308; x_wconf 86' lang='grc' dir='ltr'><strong>εἰς</strong></span> <span class='ocrx_word' id='word_1_594' title='bbox 3680 3238 3857 3299; x_wconf 70' lang='grc' dir='ltr'>ὃόίτων</span> 
     </span>
    </p>
   </div>
   <div class='ocr_carea' id='block_1_82' title="bbox 2250 3328 3877 3411">
    <p class='ocr_par' dir='ltr' id='par_1_82' title="bbox 2250 3328 3877 3411">
     <span class='ocr_line' id='line_1_83' title="bbox 2250 3328 3877 3411; baseline -0.002 -22"><span class='ocrx_word' id='word_1_595' title='bbox 2250 3333 2409 3408; x_wconf 76' lang='grc' dir='ltr'>γονᾶς</span> <span class='ocrx_word' id='word_1_596' title='bbox 2467 3333 2902 3408; x_wconf 76' lang='grc' dir='ltr'>ἀναστομούσης.</span> <span class='ocrx_word' id='word_1_597' title='bbox 2990 3336 3085 3391; x_wconf 86' lang='grc' dir='ltr'><strong>Διὸ</strong></span> <span class='ocrx_word' id='word_1_598' title='bbox 3141 3334 3368 3400; x_wconf 87' lang='grc' dir='ltr'>εἰκότως</span> <span class='ocrx_word' id='word_1_599' title='bbox 3431 3333 3674 3411; x_wconf 66' lang='grc' dir='ltr'>λέγοιντ’</span> <span class='ocrx_word' id='word_1_600' title='bbox 3724 3331 3781 3388; x_wconf 75' lang='grc' dir='ltr'><strong>ἃν</strong></span> <span class='ocrx_word' id='word_1_601' title='bbox 3829 3328 3877 3385; x_wconf 68' lang='lat' dir='ltr'><strong>lx</strong></span> 
     </span>
    </p>
   </div>
   <div class='ocr_carea' id='block_1_83' title="bbox 2253 3418 3881 3501">
    <p class='ocr_par' dir='ltr' id='par_1_83' title="bbox 2253 3418 3881 3501">
     <span class='ocr_line' id='line_1_84' title="bbox 2253 3418 3881 3501; baseline -0.005 -20"><span class='ocrx_word' id='word_1_602' title='bbox 2253 3431 2621 3499; x_wconf 79' lang='grc' dir='ltr'>πνευματικῆς</span> <span class='ocrx_word' id='word_1_603' title='bbox 2642 3424 2838 3501; x_wconf 72' lang='grc' dir='ltr'>πέτρας</span> <span class='ocrx_word' id='word_1_604' title='bbox 2904 3431 3070 3482; x_wconf 81' lang='grc' dir='ltr'>πιεῖν.</span> <span class='ocrx_word' id='word_1_605' title='bbox 3128 3425 3275 3497; x_wconf 75' lang='grc' dir='ltr'>Αὕτη</span> <span class='ocrx_word' id='word_1_606' title='bbox 3335 3425 3439 3500; x_wconf 71' lang='grc' dir='ltr'><strong>γαρ</strong></span> <span class='ocrx_word' id='word_1_607' title='bbox 3495 3427 3564 3494; x_wconf 70' lang='grc' dir='ltr'>ἦν</span> <span class='ocrx_word' id='word_1_608' title='bbox 3596 3426 3635 3495; x_wconf 74' lang='grc' dir='ltr'>ἡ</span> <span class='ocrx_word' id='word_1_609' title='bbox 3667 3424 3760 3494; x_wconf 74' lang='grc' dir='ltr'>τὴν</span> <span class='ocrx_word' id='word_1_610' title='bbox 3809 3418 3881 3474; x_wconf 82' lang='grc' dir='ltr'>αἰ-</span> 
     </span>
    </p>
   </div>
   <div class='ocr_carea' id='block_1_84' title="bbox 2254 3510 3885 3591">
    <p class='ocr_par' dir='ltr' id='par_1_84' title="bbox 2254 3510 3885 3591">
     <span class='ocr_line' id='line_1_85' title="bbox 2254 3510 3885 3591; baseline -0.001 -24"><span class='ocrx_word' id='word_1_611' title='bbox 2254 3514 2456 3584; x_wconf 68' lang='grc' dir='ltr'>σθητήν</span> <span class='ocrx_word' id='word_1_612' title='bbox 2486 3512 2564 3576; x_wconf 87' lang='grc' dir='ltr'><strong>εἰς</strong></span> <span class='ocrx_word' id='word_1_613' title='bbox 2597 3510 2802 3570; x_wconf 69' lang='grc' dir='ltr'>ὑδάτων</span> <span class='ocrx_word' id='word_1_614' title='bbox 2845 3513 3055 3570; x_wconf 70' lang='grc' dir='ltr'>λῦσασα</span> <span class='ocrx_word' id='word_1_615' title='bbox 3110 3514 3311 3591; x_wconf 76' lang='grc' dir='ltr'>πηγάς.</span> <span class='ocrx_word' id='word_1_616' title='bbox 3365 3512 3463 3576; x_wconf 85' lang='grc' dir='ltr'>Τίς</span> <span class='ocrx_word' id='word_1_617' title='bbox 3495 3510 3555 3569; x_wconf 77' lang='grc' dir='ltr'><strong>δὲ</strong></span> <span class='ocrx_word' id='word_1_618' title='bbox 3583 3515 3657 3586; x_wconf 77' lang='grc' dir='ltr'>ᾖν</span> <span class='ocrx_word' id='word_1_619' title='bbox 3687 3514 3723 3583; x_wconf 81' lang='grc' dir='ltr'><strong>ἡ</strong></span> <span class='ocrx_word' id='word_1_620' title='bbox 3751 3530 3885 3568; x_wconf 78' lang='grc' dir='ltr'>πνευ-</span> 
     </span>
    </p>
   </div>
   <div class='ocr_carea' id='block_1_85' title="bbox 2256 3598 3888 3682">
    <p class='ocr_par' dir='ltr' id='par_1_85' title="bbox 2256 3598 3888 3682">
     <span class='ocr_line' id='line_1_86' title="bbox 2256 3598 3888 3682; baseline -0.002 -25"><span class='ocrx_word' id='word_1_621' title='bbox 2256 3604 2482 3675; x_wconf 75' lang='grc' dir='ltr'>ματικὴ,</span> <span class='ocrx_word' id='word_1_622' title='bbox 2538 3602 2726 3679; x_wconf 69' lang='grc' dir='ltr'>φησὶν,</span> <span class='ocrx_word' id='word_1_623' title='bbox 2812 3602 2991 3675; x_wconf 73' lang='grc' dir='ltr'>ἐκείνη</span> <span class='ocrx_word' id='word_1_624' title='bbox 3073 3603 3265 3682; x_wconf 66' lang='grc' dir='ltr'>πέτρα,</span> <span class='ocrx_word' id='word_1_625' title='bbox 3355 3605 3390 3674; x_wconf 77' lang='grc' dir='ltr'>ἡ</span> <span class='ocrx_word' id='word_1_626' title='bbox 3475 3608 3607 3659; x_wconf 75' lang='grc' dir='ltr'>πᾶσι</span> <span class='ocrx_word' id='word_1_627' title='bbox 3698 3598 3888 3660; x_wconf 76' lang='grc' dir='ltr'>τοῦτοις</span> 
     </span>
    </p>
   </div>
   <div class='ocr_carea' id='block_1_86' title="bbox 2252 3690 3886 3769">
    <p class='ocr_par' dir='ltr' id='par_1_86' title="bbox 2252 3690 3886 3769">
     <span class='ocr_line' id='line_1_87' title="bbox 2252 3690 3886 3769; baseline -0.001 -23"><span class='ocrx_word' id='word_1_628' title='bbox 2252 3690 2760 3765; x_wconf 72' lang='grc' dir='ltr'>παρακολουθοῦσα,</span> <span class='ocrx_word' id='word_1_629' title='bbox 2842 3693 2933 3749; x_wconf 82' lang='grc' dir='ltr'><strong>καὶ</strong></span> <span class='ocrx_word' id='word_1_630' title='bbox 3011 3693 3148 3769; x_wconf 83' lang='grc' dir='ltr'>πρὸς</span> <span class='ocrx_word' id='word_1_631' title='bbox 3230 3694 3333 3765; x_wconf 79' lang='grc' dir='ltr'><strong>τήν</strong></span> <span class='ocrx_word' id='word_1_632' title='bbox 3416 3691 3654 3748; x_wconf 66' lang='grc' dir='ltr'>ἑκάστου</span> <span class='ocrx_word' id='word_1_633' title='bbox 3718 3690 3886 3760; x_wconf 85' lang='grc' dir='ltr'>καιροῦ</span> 
     </span>
    </p>
   </div>
   <div class='ocr_carea' id='block_1_87' title="bbox 2252 3780 3886 3860">
    <p class='ocr_par' dir='ltr' id='par_1_87' title="bbox 2252 3780 3886 3860">
     <span class='ocr_line' id='line_1_88' title="bbox 2252 3780 3886 3860; baseline -0.001 -25"><span class='ocrx_word' id='word_1_634' title='bbox 2252 3780 2440 3857; x_wconf 79' lang='grc' dir='ltr'>χρείαν</span> <span class='ocrx_word' id='word_1_635' title='bbox 2469 3782 2565 3845; x_wconf 77' lang='grc' dir='ltr'><strong>τὰς</strong></span> <span class='ocrx_word' id='word_1_636' title='bbox 2625 3783 2807 3860; x_wconf 72' lang='grc' dir='ltr'>φῦσεις</span> <span class='ocrx_word' id='word_1_637' title='bbox 2860 3787 2969 3838; x_wconf 81' lang='grc' dir='ltr'><strong>τῶν</strong></span> <span class='ocrx_word' id='word_1_638' title='bbox 3025 3781 3360 3859; x_wconf 77' lang='grc' dir='ltr'>πραγμάτων</span> <span class='ocrx_word' id='word_1_639' title='bbox 3415 3783 3886 3859; x_wconf 75' lang='grc' dir='ltr'>μεταστοιχειοῦσσ</span> 
     </span>
    </p>
   </div>
   <div class='ocr_carea' id='block_1_88' title="bbox 2251 3865 3889 3953">
    <p class='ocr_par' dir='ltr' id='par_1_88' title="bbox 2251 3865 3889 3953">
     <span class='ocr_line' id='line_1_89' title="bbox 2251 3865 3889 3953; baseline 0.014 -30"><span class='ocrx_word' id='word_1_640' title='bbox 2251 3870 2340 3925; x_wconf 83' lang='grc' dir='ltr'><strong>καὶ</strong></span> <span class='ocrx_word' id='word_1_641' title='bbox 2372 3865 2909 3945; x_wconf 69' lang='grc' dir='ltr'>συμμεταϐάλλουσα</span> <span class='ocrx_word' id='word_1_642' title='bbox 2938 3891 2953 3941; x_wconf 78' lang='grc' dir='ltr'><strong>ς</strong></span> <span class='ocrx_word' id='word_1_643' title='bbox 2984 3871 3083 3934; x_wconf 76' lang='grc' dir='ltr'>Τίς</span> <span class='ocrx_word' id='word_1_644' title='bbox 3116 3890 3130 3942; x_wconf 87' lang='grc'>;</span> <span class='ocrx_word' id='word_1_645' title='bbox 3176 3871 3333 3953; x_wconf 67' lang='grc' dir='ltr'>φησί’</span> <span class='ocrx_word' id='word_1_646' title='bbox 3392 3869 3666 3943; x_wconf 79' lang='grc' dir='ltr'>δηλονότι</span> <span class='ocrx_word' id='word_1_647' title='bbox 3696 3873 3724 3929; x_wconf 76' lang='grc' dir='ltr'>δ</span> <span class='ocrx_word' id='word_1_648' title='bbox 3773 3872 3889 3945; x_wconf 72' lang='lat' dir='ltr'><strong>XF&quot;</strong></span> 
     </span>
    </p>
   </div>
   <div class='ocr_carea' id='block_1_89' title="bbox 2251 3958 3892 4035">
    <p class='ocr_par' dir='ltr' id='par_1_89' title="bbox 2251 3958 3892 4035">
     <span class='ocr_line' id='line_1_90' title="bbox 2251 3958 3892 4035; baseline -0.001 -22"><span class='ocrx_word' id='word_1_649' title='bbox 2251 3959 2396 4023; x_wconf 79' lang='grc' dir='ltr'>στὸς,</span> <span class='ocrx_word' id='word_1_650' title='bbox 2424 3959 2453 4014; x_wconf 83' lang='grc' dir='ltr'><strong>ὁ</strong></span> <span class='ocrx_word' id='word_1_651' title='bbox 2483 3958 2572 4015; x_wconf 76' lang='grc' dir='ltr'><strong>καὶ</strong></span> <span class='ocrx_word' id='word_1_652' title='bbox 2602 3963 2693 4014; x_wconf 79' lang='grc' dir='ltr'><strong>νῦν</strong></span> <span class='ocrx_word' id='word_1_653' title='bbox 2724 3959 2801 4023; x_wconf 89' lang='grc' dir='ltr'><strong>εἰς</strong></span> <span class='ocrx_word' id='word_1_654' title='bbox 2836 3962 2984 4033; x_wconf 77' lang='grc' dir='ltr'>ἡμᾶς</span> <span class='ocrx_word' id='word_1_655' title='bbox 3015 3960 3083 4016; x_wconf 76' lang='grc' dir='ltr'><strong>τὰ</strong></span> <span class='ocrx_word' id='word_1_656' title='bbox 3130 3960 3298 4035; x_wconf 80' lang='grc' dir='ltr'>ὅμοια</span> <span class='ocrx_word' id='word_1_657' title='bbox 3350 3960 3442 4016; x_wconf 81' lang='grc' dir='ltr'><strong>καὶ</strong></span> <span class='ocrx_word' id='word_1_658' title='bbox 3493 3960 3678 4034; x_wconf 80' lang='grc' dir='ltr'>μείζω</span> <span class='ocrx_word' id='word_1_659' title='bbox 3712 3958 3892 4017; x_wconf 77' lang='grc' dir='ltr'>ἐπιδει-</span> 
     </span>
    </p>
   </div>
   <div class='ocr_carea' id='block_1_90' title="bbox 2247 4045 3887 4126">
    <p class='ocr_par' dir='ltr' id='par_1_90' title="bbox 2247 4045 3887 4126">
     <span class='ocr_line' id='line_1_91' title="bbox 2247 4045 3887 4126; baseline 0.004 -24"><span class='ocrx_word' id='word_1_660' title='bbox 2247 4046 2525 4121; x_wconf 65' lang='grc' dir='ltr'>κνύμενος.</span> <span class='ocrx_word' id='word_1_661' title='bbox 2556 4050 2706 4106; x_wconf 81' lang='grc' dir='ltr'>Ἐστι</span> <span class='ocrx_word' id='word_1_662' title='bbox 2738 4045 2796 4106; x_wconf 71' lang='grc' dir='ltr'><strong>δὲ</strong></span> <span class='ocrx_word' id='word_1_663' title='bbox 2824 4050 2909 4119; x_wconf 89' lang='grc' dir='ltr'>τὸ,</span> <span class='ocrx_word' id='word_1_664' title='bbox 2953 4074 2982 4103; x_wconf 75' lang='grc' dir='ltr'><strong>ιι</strong></span> <span class='ocrx_word' id='word_1_665' title='bbox 3015 4048 3461 4124; x_wconf 78' lang='grc' dir='ltr'>Ακολουθοόσης,</span> <span class='ocrx_word' id='word_1_666' title='bbox 3495 4074 3524 4103; x_wconf 71' lang='grc' dir='ltr'><strong>υ</strong></span> <span class='ocrx_word' id='word_1_667' title='bbox 3584 4053 3682 4108; x_wconf 81' lang='grc' dir='ltr'><strong>καὶ</strong></span> <span class='ocrx_word' id='word_1_668' title='bbox 3714 4050 3887 4126; x_wconf 69' lang='grc' dir='ltr'>ἕτεροις</span> 
     </span>
    </p>
   </div>
   <div class='ocr_carea' id='block_1_91' title="bbox 2247 4130 3886 4217">
    <p class='ocr_par' dir='ltr' id='par_1_91' title="bbox 2247 4130 3886 4217">
     <span class='ocr_line' id='line_1_92' title="bbox 2247 4130 3886 4217; baseline -0.001 -25"><span class='ocrx_word' id='word_1_669' title='bbox 2247 4130 2518 4198; x_wconf 76' lang='grc' dir='ltr'>ἐκλαϐεῖν.</span> <span class='ocrx_word' id='word_1_670' title='bbox 2550 4137 2614 4195; x_wconf 85' lang='grc' dir='ltr'>Ἡ</span> <span class='ocrx_word' id='word_1_671' title='bbox 2668 4138 2773 4215; x_wconf 83' lang='grc' dir='ltr'><strong>γὰρ</strong></span> <span class='ocrx_word' id='word_1_672' title='bbox 2828 4141 3002 4211; x_wconf 73' lang='grc' dir='ltr'>νοητὴ</span> <span class='ocrx_word' id='word_1_673' title='bbox 3060 4141 3251 4217; x_wconf 72' lang='grc' dir='ltr'>πέτρα,</span> <span class='ocrx_word' id='word_1_674' title='bbox 3311 4136 3436 4210; x_wconf 70' lang='grc' dir='ltr'>ἤτοι</span> <span class='ocrx_word' id='word_1_675' title='bbox 3471 4140 3783 4215; x_wconf 78' lang='grc' dir='ltr'>ὁΧριστὸς,</span> <span class='ocrx_word' id='word_1_676' title='bbox 3833 4133 3886 4193; x_wconf 77' lang='grc' dir='ltr'>οὗ</span> 
     </span>
    </p>
   </div>
   <div class='ocr_carea' id='block_1_92' title="bbox 2251 4223 3880 4306">
    <p class='ocr_par' dir='ltr' id='par_1_92' title="bbox 2251 4223 3880 4306">
     <span class='ocr_line' id='line_1_93' title="bbox 2251 4223 3880 4306; baseline 0 -24"><span class='ocrx_word' id='word_1_677' title='bbox 2251 4226 2412 4300; x_wconf 83' lang='grc' dir='ltr'>μόνον</span> <span class='ocrx_word' id='word_1_678' title='bbox 2460 4226 2527 4282; x_wconf 81' lang='grc' dir='ltr'><strong>τὰ</strong></span> <span class='ocrx_word' id='word_1_679' title='bbox 2576 4225 2837 4302; x_wconf 69' lang='grc' dir='ltr'>εἰρημένα</span> <span class='ocrx_word' id='word_1_680' title='bbox 2918 4229 3106 4292; x_wconf 80' lang='grc' dir='ltr'>αὐτοῖς</span> <span class='ocrx_word' id='word_1_681' title='bbox 3189 4225 3509 4304; x_wconf 78' lang='grc' dir='ltr'>παραδόξως</span> <span class='ocrx_word' id='word_1_682' title='bbox 3555 4223 3880 4306; x_wconf 70' lang='grc' dir='ltr'>ἐϐραὸευσεν,</span> 
     </span>
    </p>
   </div>
   <div class='ocr_carea' id='block_1_93' title="bbox 2247 4312 3881 4394">
    <p class='ocr_par' dir='ltr' id='par_1_93' title="bbox 2247 4312 3881 4394">
     <span class='ocr_line' id='line_1_94' title="bbox 2247 4312 3881 4394; baseline 0.002 -24"><span class='ocrx_word' id='word_1_683' title='bbox 2247 4312 2394 4370; x_wconf 82' lang='grc' dir='ltr'><strong>ἀλλᾶ</strong></span> <span class='ocrx_word' id='word_1_684' title='bbox 2421 4314 2513 4370; x_wconf 83' lang='grc' dir='ltr'><strong>καὶ</strong></span> <span class='ocrx_word' id='word_1_685' title='bbox 2539 4313 2590 4370; x_wconf 83' lang='grc' dir='ltr'>ἐν</span> <span class='ocrx_word' id='word_1_686' title='bbox 2624 4320 2740 4379; x_wconf 85' lang='grc' dir='ltr'>τοῖς</span> <span class='ocrx_word' id='word_1_687' title='bbox 2771 4314 2963 4394; x_wconf 75' lang='grc' dir='ltr'>ἐφεξῆς</span> <span class='ocrx_word' id='word_1_688' title='bbox 2992 4316 3284 4389; x_wconf 69' lang='grc' dir='ltr'>ἠκολούθει</span> <span class='ocrx_word' id='word_1_689' title='bbox 3316 4316 3408 4374; x_wconf 83' lang='grc' dir='ltr'><strong>καὶ</strong></span> <span class='ocrx_word' id='word_1_690' title='bbox 3465 4314 3680 4391; x_wconf 64' lang='grc' dir='ltr'>εἵπετο,</span> <span class='ocrx_word' id='word_1_691' title='bbox 3735 4334 3881 4393; x_wconf 73' lang='grc' dir='ltr'>παρα·</span> 
     </span>
    </p>
   </div>
   <div class='ocr_carea' id='block_1_94' title="bbox 2245 4402 3875 4483">
    <p class='ocr_par' dir='ltr' id='par_1_94' title="bbox 2245 4402 3875 4483">
     <span class='ocr_line' id='line_1_95' title="bbox 2245 4402 3875 4483; baseline 0.001 -23"><span class='ocrx_word' id='word_1_692' title='bbox 2245 4402 2457 4476; x_wconf 74' lang='grc' dir='ltr'>πλήσια</span> <span class='ocrx_word' id='word_1_693' title='bbox 2485 4405 2703 4468; x_wconf 73' lang='grc' dir='ltr'>τούτοις</span> <span class='ocrx_word' id='word_1_694' title='bbox 2748 4405 2837 4462; x_wconf 84' lang='grc' dir='ltr'><strong>καί</strong></span> <span class='ocrx_word' id='word_1_695' title='bbox 2898 4406 3142 4480; x_wconf 78' lang='grc' dir='ltr'>μείζονα,</span> <span class='ocrx_word' id='word_1_696' title='bbox 3199 4407 3293 4465; x_wconf 73' lang='grc' dir='ltr'><strong>τὸν</strong></span> <span class='ocrx_word' id='word_1_697' title='bbox 3368 4406 3712 4483; x_wconf 74' lang='grc' dir='ltr'>Ισραηλίτην</span> <span class='ocrx_word' id='word_1_698' title='bbox 3749 4407 3875 4481; x_wconf 73' lang='grc' dir='ltr'>εὐερ-</span> 
     </span>
    </p>
   </div>
   <div class='ocr_carea' id='block_1_95' title="bbox 2243 4494 3875 4574">
    <p class='ocr_par' dir='ltr' id='par_1_95' title="bbox 2243 4494 3875 4574">
     <span class='ocr_line' id='line_1_96' title="bbox 2243 4494 3875 4574; baseline 0 -23"><span class='ocrx_word' id='word_1_699' title='bbox 2243 4500 2434 4574; x_wconf 81' lang='grc' dir='ltr'>γετῶν.</span> <span class='ocrx_word' id='word_1_700' title='bbox 2466 4494 2612 4554; x_wconf 76' lang='grc' dir='ltr'>ἀλλὰ</span> <span class='ocrx_word' id='word_1_701' title='bbox 2641 4499 2733 4554; x_wconf 86' lang='grc' dir='ltr'><strong>καὶ</strong></span> <span class='ocrx_word' id='word_1_702' title='bbox 2779 4502 2871 4555; x_wconf 78' lang='grc' dir='ltr'><strong>νῦν</strong></span> <span class='ocrx_word' id='word_1_703' title='bbox 2923 4502 3058 4574; x_wconf 77' lang='grc' dir='ltr'>ἡμῖν</span> <span class='ocrx_word' id='word_1_704' title='bbox 3113 4505 3229 4562; x_wconf 84' lang='grc' dir='ltr'>τοῖς</span> <span class='ocrx_word' id='word_1_705' title='bbox 3284 4505 3503 4562; x_wconf 81' lang='grc' dir='ltr'>πιστοῖς</span> <span class='ocrx_word' id='word_1_706' title='bbox 3561 4496 3875 4559; x_wconf 79' lang='grc' dir='ltr'>ἀκολουθοῦ-</span> 
     </span>
    </p>
   </div>
   <div class='ocr_carea' id='block_1_96' title="bbox 482 4578 2144 4665">
    <p class='ocr_par' dir='ltr' id='par_1_96' title="bbox 482 4586 2137 4657">
     <span class='ocr_line' id='line_1_97' title="bbox 482 4586 2137 4657; baseline -0.002 -11"><span class='ocrx_word' id='word_1_707' title='bbox 482 4589 711 4657; x_wconf 88' lang='lat' dir='ltr'><strong>habuit,</strong></span> <span class='ocrx_word' id='word_1_708' title='bbox 747 4591 901 4647; x_wconf 85' lang='lat' dir='ltr'><strong>sicut</strong></span> <span class='ocrx_word' id='word_1_709' title='bbox 929 4606 1153 4646; x_wconf 88' lang='lat' dir='ltr'><strong>manna</strong></span> <span class='ocrx_word' id='word_1_710' title='bbox 1184 4586 1458 4653; x_wconf 87' lang='lat' dir='ltr'><strong>habebat,</strong></span> <span class='ocrx_word' id='word_1_711' title='bbox 1493 4586 1597 4642; x_wconf 82' lang='lat' dir='ltr'><strong>sed</strong></span> <span class='ocrx_word' id='word_1_712' title='bbox 1636 4592 1764 4643; x_wconf 87' lang='lat' dir='ltr'><strong>erat</strong></span> <span class='ocrx_word' id='word_1_713' title='bbox 1801 4587 2137 4643; x_wconf 89' lang='lat' dir='ltr'><strong>communis</strong></span> 
     </span>
    </p>
   </div>
   <div class='ocr_carea' id='block_1_97' title="bbox 2252 4578 3869 4665">
    <p class='ocr_par' dir='ltr' id='par_1_97' title="bbox 2252 4586 3869 4665">
     <span class='ocr_line' id='line_1_98' title="bbox 2252 4586 3869 4665; baseline 0.006 -26"><span class='ocrx_word' id='word_1_714' title='bbox 2252 4605 2365 4656; x_wconf 79' lang='grc' dir='ltr'>σης,</span> <span class='ocrx_word' id='word_1_715' title='bbox 2391 4586 2552 4643; x_wconf 77' lang='grc' dir='ltr'>Ὥστε</span> <span class='ocrx_word' id='word_1_716' title='bbox 2581 4586 2715 4643; x_wconf 62' lang='grc' dir='ltr'>εῖναι</span> <span class='ocrx_word' id='word_1_717' title='bbox 2745 4587 2883 4644; x_wconf 78' lang='grc' dir='ltr'>κατᾶ</span> <span class='ocrx_word' id='word_1_718' title='bbox 2923 4588 3204 4665; x_wconf 82' lang='grc' dir='ltr'>συνέχειαν</span> <span class='ocrx_word' id='word_1_719' title='bbox 3235 4590 3335 4658; x_wconf 69' lang='grc' dir='ltr'>τῆς</span> <span class='ocrx_word' id='word_1_720' title='bbox 3382 4589 3557 4658; x_wconf 68' lang='grc' dir='ltr'>αὐτῆς</span> <span class='ocrx_word' id='word_1_721' title='bbox 3616 4588 3869 4664; x_wconf 34' lang='grc' dir='ltr'>περ-θοὰς.</span> 
     </span>
    </p>
   </div>
   <div class='ocr_carea' id='block_1_98' title="bbox 483 4675 2136 4748">
    <p class='ocr_par' dir='ltr' id='par_1_98' title="bbox 483 4675 2136 4748">
     <span class='ocr_line' id='line_1_99' title="bbox 483 4675 2136 4748; baseline -0.001 -15"><span class='ocrx_word' id='word_1_722' title='bbox 483 4694 641 4748; x_wconf 86' lang='lat' dir='ltr'><strong>aqua</strong></span> <span class='ocrx_word' id='word_1_723' title='bbox 660 4679 793 4735; x_wconf 89' lang='lat' dir='ltr'><strong>ideo</strong></span> <span class='ocrx_word' id='word_1_724' title='bbox 817 4695 975 4735; x_wconf 92' lang='lat' dir='ltr'><strong>nunc</strong></span> <span class='ocrx_word' id='word_1_725' title='bbox 998 4695 1066 4734; x_wconf 80' lang='lat' dir='ltr'><strong>ex</strong></span> <span class='ocrx_word' id='word_1_726' title='bbox 1089 4677 1261 4733; x_wconf 90' lang='lat' dir='ltr'><strong>modo</strong></span> <span class='ocrx_word' id='word_1_727' title='bbox 1277 4682 1437 4732; x_wconf 88' lang='lat' dir='ltr'><strong>scatu</strong></span> <span class='ocrx_word' id='word_1_728' title='bbox 1449 4676 1636 4732; x_wconf 90' lang='lat' dir='ltr'><strong>riendi</strong></span> <span class='ocrx_word' id='word_1_729' title='bbox 1662 4675 1978 4732; x_wconf 88' lang='lat' dir='ltr'><strong>conﬁrmat</strong></span> <span class='ocrx_word' id='word_1_730' title='bbox 1998 4676 2136 4731; x_wconf 86' lang='lat' dir='ltr'><strong>fuis-</strong></span> 
     </span>
    </p>
   </div>
   <div class='ocr_carea' id='block_1_99' title="bbox 487 4764 2137 4840">
    <p class='ocr_par' dir='ltr' id='par_1_99' title="bbox 487 4764 2137 4840">
     <span class='ocr_line' id='line_1_100' title="bbox 487 4764 2137 4840; baseline -0.001 -18"><span class='ocrx_word' id='word_1_731' title='bbox 487 4782 550 4822; x_wconf 88' lang='lat' dir='ltr'><strong>se</strong></span> <span class='ocrx_word' id='word_1_732' title='bbox 582 4768 912 4838; x_wconf 88' lang='lat' dir='ltr'><strong>spiritalem</strong></span> <span class='ocrx_word' id='word_1_733' title='bbox 940 4786 953 4823; x_wconf 89' lang='lat'><strong>:</strong></span> <span class='ocrx_word' id='word_1_734' title='bbox 988 4784 1183 4840; x_wconf 89' lang='lat' dir='ltr'><strong>neque</strong></span> <span class='ocrx_word' id='word_1_735' title='bbox 1216 4767 1376 4823; x_wconf 89' lang='lat' dir='ltr'><strong>enim</strong></span> <span class='ocrx_word' id='word_1_736' title='bbox 1402 4765 1569 4820; x_wconf 90' lang='lat' dir='ltr'><strong>illum</strong></span> <span class='ocrx_word' id='word_1_737' title='bbox 1604 4772 1769 4838; x_wconf 87' lang='lat' dir='ltr'><strong>petra</strong></span> <span class='ocrx_word' id='word_1_738' title='bbox 1793 4781 1862 4821; x_wconf 86' lang='lat' dir='ltr'><strong>ex</strong></span> <span class='ocrx_word' id='word_1_739' title='bbox 1893 4764 2137 4838; x_wconf 89' lang='lat' dir='ltr'><strong>propria</strong></span> 
     </span>
    </p>
   </div>
   <div class='ocr_carea' id='block_1_100' title="bbox 484 4854 2137 4927">
    <p class='ocr_par' dir='ltr' id='par_1_100' title="bbox 484 4854 2137 4927">
     <span class='ocr_line' id='line_1_101' title="bbox 484 4854 2137 4927; baseline 0 -17"><span class='ocrx_word' id='word_1_740' title='bbox 484 4862 698 4911; x_wconf 85' lang='lat' dir='ltr'><strong>natura</strong></span> <span class='ocrx_word' id='word_1_741' title='bbox 727 4855 1110 4927; x_wconf 89' lang='lat' dir='ltr'><strong>producebat.</strong></span> <span class='ocrx_word' id='word_1_742' title='bbox 1146 4858 1289 4912; x_wconf 86' lang='lat' dir='ltr'><strong>Nam</strong></span> <span class='ocrx_word' id='word_1_743' title='bbox 1323 4854 1371 4911; x_wconf 90' lang='lat' dir='ltr'><strong>si</strong></span> <span class='ocrx_word' id='word_1_744' title='bbox 1405 4857 1487 4910; x_wconf 86' lang='lat' dir='ltr'><strong>ita</strong></span> <span class='ocrx_word' id='word_1_745' title='bbox 1516 4855 1743 4922; x_wconf 83' lang='lat' dir='ltr'><strong>fuisset,</strong></span> <span class='ocrx_word' id='word_1_746' title='bbox 1775 4854 2137 4927; x_wconf 85' lang='lat' dir='ltr'><strong>Oportuisset</strong></span> 
     </span>
    </p>
   </div>
   <div class='ocr_carea' id='block_1_101' title="bbox 484 4943 2137 5018">
    <p class='ocr_par' dir='ltr' id='par_1_101' title="bbox 484 4943 2137 5018">
     <span class='ocr_line' id='line_1_102' title="bbox 484 4943 2137 5018; baseline -0.001 -17"><span class='ocrx_word' id='word_1_747' title='bbox 484 4960 616 5001; x_wconf 86' lang='lat' dir='ltr'><strong>eam</strong></span> <span class='ocrx_word' id='word_1_748' title='bbox 648 4951 707 5000; x_wconf 88' lang='lat' dir='ltr'><strong>et</strong></span> <span class='ocrx_word' id='word_1_749' title='bbox 732 4951 867 5000; x_wconf 88' lang='lat' dir='ltr'><strong>ante</strong></span> <span class='ocrx_word' id='word_1_750' title='bbox 892 4945 1040 5001; x_wconf 90' lang='lat' dir='ltr'><strong>illud</strong></span> <span class='ocrx_word' id='word_1_751' title='bbox 1073 4952 1304 5017; x_wconf 88' lang='lat' dir='ltr'><strong>tempus</strong></span> <span class='ocrx_word' id='word_1_752' title='bbox 1328 4944 1687 5018; x_wconf 86' lang='lat' dir='ltr'><strong>producere:</strong></span> <span class='ocrx_word' id='word_1_753' title='bbox 1712 4943 1816 4999; x_wconf 89' lang='lat' dir='ltr'><strong>sed</strong></span> <span class='ocrx_word' id='word_1_754' title='bbox 1838 4944 1955 5000; x_wconf 88' lang='lat' dir='ltr'><strong>alia</strong></span> <span class='ocrx_word' id='word_1_755' title='bbox 1978 4961 2137 5015; x_wconf 72' lang='lat' dir='ltr'><strong>quaa-</strong></span> 
     </span>
    </p>
   </div>
   <div class='ocr_carea' id='block_1_102' title="bbox 479 5033 2134 5109">
    <p class='ocr_par' dir='ltr' id='par_1_102' title="bbox 479 5033 2134 5109">
     <span class='ocr_line' id='line_1_103' title="bbox 479 5033 2134 5109; baseline -0.003 -16"><span class='ocrx_word' id='word_1_756' title='bbox 479 5035 617 5093; x_wconf 88' lang='lat' dir='ltr'><strong>dam</strong></span> <span class='ocrx_word' id='word_1_757' title='bbox 649 5041 818 5109; x_wconf 89' lang='lat' dir='ltr'><strong>petra</strong></span> <span class='ocrx_word' id='word_1_758' title='bbox 852 5036 1180 5109; x_wconf 89' lang='lat' dir='ltr'><strong>spiritualis</strong></span> <span class='ocrx_word' id='word_1_759' title='bbox 1221 5053 1350 5092; x_wconf 87' lang='lat' dir='ltr'><strong>rem</strong></span> <span class='ocrx_word' id='word_1_760' title='bbox 1381 5051 1621 5091; x_wconf 91' lang='lat' dir='ltr'><strong>omnem</strong></span> <span class='ocrx_word' id='word_1_761' title='bbox 1653 5033 1968 5101; x_wconf 85' lang='lat' dir='ltr'><strong>efﬁciebat,</strong></span> <span class='ocrx_word' id='word_1_762' title='bbox 2002 5049 2134 5105; x_wconf 65' lang='lat' dir='ltr'><strong>qua</strong></span> 
     </span>
    </p>
   </div>
   <div class='ocr_carea' id='block_1_103' title="bbox 480 5122 2131 5199">
    <p class='ocr_par' dir='ltr' id='par_1_103' title="bbox 480 5122 2131 5199">
     <span class='ocr_line' id='line_1_104' title="bbox 480 5122 2131 5199; baseline -0.007 -14"><span class='ocrx_word' id='word_1_763' title='bbox 480 5133 628 5197; x_wconf 88' lang='lat' dir='ltr'><strong>erat,</strong></span> <span class='ocrx_word' id='word_1_764' title='bbox 662 5127 884 5199; x_wconf 82' lang='lat' dir='ltr'><strong>inquit,</strong></span> <span class='ocrx_word' id='word_1_765' title='bbox 917 5126 1210 5184; x_wconf 85' lang='lat' dir='ltr'><strong>Christus.</strong></span> <span class='ocrx_word' id='word_1_766' title='bbox 1243 5149 1270 5177; x_wconf 87' lang='lat'>«</span> <span class='ocrx_word' id='word_1_767' title='bbox 1305 5127 1441 5191; x_wconf 77' lang='lat' dir='ltr'><strong>Quae</strong></span> <span class='ocrx_word' id='word_1_768' title='bbox 1487 5125 1624 5180; x_wconf 90' lang='lat' dir='ltr'><strong>illos</strong></span> <span class='ocrx_word' id='word_1_769' title='bbox 1654 5122 2068 5186; x_wconf 80' lang='lat' dir='ltr'><strong>comitabatur,</strong></span> <span class='ocrx_word' id='word_1_770' title='bbox 2102 5145 2131 5175; x_wconf 83' lang='lat'><strong>»</strong></span> 
     </span>
    </p>
   </div>
   <div class='ocr_carea' id='block_1_104' title="bbox 480 5212 2133 5285">
    <p class='ocr_par' dir='ltr' id='par_1_104' title="bbox 480 5212 2133 5285">
     <span class='ocr_line' id='line_1_105' title="bbox 480 5212 2133 5285; baseline -0.003 -11"><span class='ocrx_word' id='word_1_771' title='bbox 480 5218 645 5284; x_wconf 91' lang='lat' dir='ltr'><strong>Quod</strong></span> <span class='ocrx_word' id='word_1_772' title='bbox 667 5225 867 5274; x_wconf 90' lang='lat' dir='ltr'><strong>autem</strong></span> <span class='ocrx_word' id='word_1_773' title='bbox 889 5216 1007 5272; x_wconf 87' lang='lat' dir='ltr'><strong>ait:</strong></span> <span class='ocrx_word' id='word_1_774' title='bbox 1034 5238 1062 5266; x_wconf 88' lang='grc'><strong>‹‹</strong></span> <span class='ocrx_word' id='word_1_775' title='bbox 1086 5215 1543 5284; x_wconf 81' lang='lat' dir='ltr'><strong>Comitabatur,»</strong></span> <span class='ocrx_word' id='word_1_776' title='bbox 1568 5214 1764 5269; x_wconf 88' lang='lat' dir='ltr'><strong>innuit</strong></span> <span class='ocrx_word' id='word_1_777' title='bbox 1789 5212 1946 5285; x_wconf 90' lang='lat' dir='ltr'><strong>quod</strong></span> <span class='ocrx_word' id='word_1_778' title='bbox 1974 5227 2133 5269; x_wconf 82' lang='lat' dir='ltr'><strong>sem-</strong></span> 
     </span>
    </p>
   </div>
   <div class='ocr_carea' id='block_1_105' title="bbox 478 5304 2134 5384">
    <p class='ocr_par' dir='ltr' id='par_1_105' title="bbox 478 5304 2134 5384">
     <span class='ocr_line' id='line_1_106' title="bbox 478 5304 2134 5384; baseline -0.005 -18"><span class='ocrx_word' id='word_1_779' title='bbox 478 5326 586 5383; x_wconf 91' lang='lat' dir='ltr'><strong>per</strong></span> <span class='ocrx_word' id='word_1_780' title='bbox 610 5328 730 5368; x_wconf 88' lang='lat' dir='ltr'><strong>una</strong></span> <span class='ocrx_word' id='word_1_781' title='bbox 755 5324 1020 5384; x_wconf 71' lang='lat' dir='ltr'><strong>praesens</strong></span> <span class='ocrx_word' id='word_1_782' title='bbox 1046 5313 1174 5364; x_wconf 88' lang='lat' dir='ltr'><strong>erat</strong></span> <span class='ocrx_word' id='word_1_783' title='bbox 1193 5307 1406 5363; x_wconf 73' lang='lat' dir='ltr'><strong>Christi</strong></span> <span class='ocrx_word' id='word_1_784' title='bbox 1429 5306 1675 5379; x_wconf 89' lang='lat' dir='ltr'><strong>spiritus</strong></span> <span class='ocrx_word' id='word_1_785' title='bbox 1700 5304 2019 5378; x_wconf 87' lang='lat' dir='ltr'><strong>omniaque</strong></span> <span class='ocrx_word' id='word_1_786' title='bbox 2049 5304 2134 5360; x_wconf 88' lang='lat' dir='ltr'><strong>si-</strong></span> 
     </span>
    </p>
   </div>
   <div class='ocr_carea' id='block_1_106' title="bbox 484 5400 1012 5474">
    <p class='ocr_par' dir='ltr' id='par_1_106' title="bbox 484 5400 1012 5474">
     <span class='ocr_line' id='line_1_107' title="bbox 484 5400 1012 5474; baseline -0.002 -17"><span class='ocrx_word' id='word_1_787' title='bbox 484 5417 601 5474; x_wconf 81' lang='lat' dir='ltr'><strong>gna</strong></span> <span class='ocrx_word' id='word_1_788' title='bbox 630 5400 1012 5474; x_wconf 87' lang='lat' dir='ltr'><strong>operabatur.</strong></span> 
     </span>
    </p>
   </div>
   <div class='ocr_carea' id='block_1_107' title="bbox 2251 4676 3866 4754">
    <p class='ocr_par' dir='ltr' id='par_1_107' title="bbox 2251 4676 3866 4754">
     <span class='ocr_line' id='line_1_108' title="bbox 2251 4676 3866 4754; baseline 0.001 -25"><span class='ocrx_word' id='word_1_789' title='bbox 2251 4677 2340 4730; x_wconf 87' lang='grc' dir='ltr'>καὶ</span> <span class='ocrx_word' id='word_1_790' title='bbox 2371 4680 2468 4733; x_wconf 77' lang='grc' dir='ltr'><strong>τοῦ</strong></span> <span class='ocrx_word' id='word_1_791' title='bbox 2528 4677 2694 4734; x_wconf 73' lang='grc' dir='ltr'>αὐτοῦ</span> <span class='ocrx_word' id='word_1_792' title='bbox 2727 4678 3000 4736; x_wconf 77' lang='grc' dir='ltr'>Δεσπότου</span> <span class='ocrx_word' id='word_1_793' title='bbox 3031 4680 3121 4736; x_wconf 85' lang='grc' dir='ltr'><strong>καὶ</strong></span> <span class='ocrx_word' id='word_1_794' title='bbox 3152 4684 3306 4747; x_wconf 74' lang='grc' dir='ltr'>Θεοῦ,</span> <span class='ocrx_word' id='word_1_795' title='bbox 3338 4679 3404 4736; x_wconf 67' lang='grc' dir='ltr'><strong>τά</strong></span> <span class='ocrx_word' id='word_1_796' title='bbox 3434 4700 3494 4736; x_wconf 86' lang='grc' dir='ltr'><strong>τε</strong></span> <span class='ocrx_word' id='word_1_797' title='bbox 3550 4676 3609 4736; x_wconf 77' lang='grc' dir='ltr'>ἐν</span> <span class='ocrx_word' id='word_1_798' title='bbox 3665 4684 3734 4754; x_wconf 78' lang='grc' dir='ltr'><strong>τῇ</strong></span> <span class='ocrx_word' id='word_1_799' title='bbox 3785 4681 3866 4731; x_wconf 77' lang='grc' dir='ltr'><strong>Πα-</strong></span> 
     </span>
    </p>
   </div>
   <div class='ocr_carea' id='block_1_108' title="bbox 2252 4760 3874 4846">
    <p class='ocr_par' dir='ltr' id='par_1_108' title="bbox 2252 4760 3874 4846">
     <span class='ocr_line' id='line_1_109' title="bbox 2252 4760 3874 4846; baseline 0.003 -24"><span class='ocrx_word' id='word_1_800' title='bbox 2252 4764 2382 4837; x_wconf 86' lang='grc' dir='ltr'>λαιᾷ</span> <span class='ocrx_word' id='word_1_801' title='bbox 2429 4771 2967 4846; x_wconf 60' lang='grc' dir='ltr'>θαυματουργήματα</span> <span class='ocrx_word' id='word_1_802' title='bbox 3017 4769 3109 4826; x_wconf 84' lang='grc' dir='ltr'><strong>καὶ</strong></span> <span class='ocrx_word' id='word_1_803' title='bbox 3165 4771 3260 4833; x_wconf 70' lang='grc' dir='ltr'><strong>τὰς</strong></span> <span class='ocrx_word' id='word_1_804' title='bbox 3317 4769 3649 4845; x_wconf 77' lang='grc' dir='ltr'>εὐεργεσίας,</span> <span class='ocrx_word' id='word_1_805' title='bbox 3695 4770 3778 4826; x_wconf 72' lang='grc' dir='ltr'><strong>καῖ</strong></span> <span class='ocrx_word' id='word_1_806' title='bbox 3821 4760 3874 4817; x_wconf 66' lang='grc' dir='ltr'><strong>τὶ</strong></span> 
     </span>
    </p>
   </div>
   <div class='ocr_carea' id='block_1_109' title="bbox 2245 4853 3872 4931">
    <p class='ocr_par' dir='ltr' id='par_1_109' title="bbox 2245 4853 3872 4931">
     <span class='ocr_line' id='line_1_110' title="bbox 2245 4853 3872 4931; baseline 0 -21"><span class='ocrx_word' id='word_1_807' title='bbox 2245 4853 2299 4910; x_wconf 75' lang='grc' dir='ltr'>ἐν</span> <span class='ocrx_word' id='word_1_808' title='bbox 2350 4859 2420 4930; x_wconf 84' lang='grc' dir='ltr'><strong>τῇ</strong></span> <span class='ocrx_word' id='word_1_809' title='bbox 2477 4860 2664 4930; x_wconf 78' lang='grc' dir='ltr'>Καινῇ.</span> <span class='ocrx_word' id='word_1_810' title='bbox 2714 4882 2742 4910; x_wconf 76' lang='grc' dir='ltr'>ι(</span> <span class='ocrx_word' id='word_1_811' title='bbox 2806 4858 2900 4915; x_wconf 86' lang='grc' dir='ltr'>Ἐκ</span> <span class='ocrx_word' id='word_1_812' title='bbox 2955 4866 3346 4931; x_wconf 76' lang='grc' dir='ltr'>πνευματικῆς.</span> <span class='ocrx_word' id='word_1_813' title='bbox 3381 4881 3411 4911; x_wconf 86' lang='grc'><strong>››</strong></span> <span class='ocrx_word' id='word_1_814' title='bbox 3471 4857 3696 4930; x_wconf 79' lang='grc' dir='ltr'>Ἐπειδή</span> <span class='ocrx_word' id='word_1_815' title='bbox 3756 4857 3872 4920; x_wconf 67' lang='grc' dir='ltr'>εἶπε,</span> 
     </span>
    </p>
   </div>
   <div class='ocr_carea' id='block_1_110' title="bbox 2244 4943 3874 5025">
    <p class='ocr_par' dir='ltr' id='par_1_110' title="bbox 2244 4943 3874 5025">
     <span class='ocr_line' id='line_1_111' title="bbox 2244 4943 3874 5025; baseline 0 -25"><span class='ocrx_word' id='word_1_816' title='bbox 2244 4943 2611 5018; x_wconf 71' lang='grc' dir='ltr'>πνευματικὸν</span> <span class='ocrx_word' id='word_1_817' title='bbox 2681 4946 2740 5001; x_wconf 88' lang='grc' dir='ltr'>τὸ</span> <span class='ocrx_word' id='word_1_818' title='bbox 2794 4946 2965 5021; x_wconf 77' lang='grc' dir='ltr'>πόμα,</span> <span class='ocrx_word' id='word_1_819' title='bbox 3023 4945 3176 5004; x_wconf 65' lang='grc' dir='ltr'>οὐδὲν</span> <span class='ocrx_word' id='word_1_820' title='bbox 3244 4948 3366 5025; x_wconf 80' lang='grc' dir='ltr'>εἶχε</span> <span class='ocrx_word' id='word_1_821' title='bbox 3423 4943 3874 5025; x_wconf 66' lang='grc' dir='ltr'>παρηλλαγμένον</span> 
     </span>
    </p>
   </div>
   <div class='ocr_carea' id='block_1_111' title="bbox 2246 5028 3876 5112">
    <p class='ocr_par' dir='ltr' id='par_1_111' title="bbox 2246 5028 3876 5112">
     <span class='ocr_line' id='line_1_112' title="bbox 2246 5028 3876 5112; baseline 0.004 -23"><span class='ocrx_word' id='word_1_822' title='bbox 2246 5035 2426 5109; x_wconf 68' lang='grc' dir='ltr'>ὥσπερ</span> <span class='ocrx_word' id='word_1_823' title='bbox 2456 5035 2518 5089; x_wconf 86' lang='grc' dir='ltr'>τὸ</span> <span class='ocrx_word' id='word_1_824' title='bbox 2553 5035 2742 5107; x_wconf 79' lang='grc' dir='ltr'>μάννα,</span> <span class='ocrx_word' id='word_1_825' title='bbox 2774 5033 2903 5092; x_wconf 79' lang='grc' dir='ltr'>ἀλλ’</span> <span class='ocrx_word' id='word_1_826' title='bbox 2949 5035 3097 5112; x_wconf 74' lang='grc' dir='ltr'>ὕδωρ</span> <span class='ocrx_word' id='word_1_827' title='bbox 3127 5038 3194 5107; x_wconf 75' lang='grc' dir='ltr'><strong>ἦν</strong></span> <span class='ocrx_word' id='word_1_828' title='bbox 3223 5038 3424 5093; x_wconf 81' lang='grc' dir='ltr'>κοινόν·</span> <span class='ocrx_word' id='word_1_829' title='bbox 3482 5037 3577 5093; x_wconf 86' lang='grc' dir='ltr'><strong>καί</strong></span> <span class='ocrx_word' id='word_1_830' title='bbox 3630 5036 3798 5097; x_wconf 66' lang='grc' dir='ltr'>οὕτως</span> <span class='ocrx_word' id='word_1_831' title='bbox 3823 5028 3876 5085; x_wconf 56' lang='grc' dir='ltr'><strong>ἐκ</strong></span> 
     </span>
    </p>
   </div>
   <div class='ocr_carea' id='block_1_112' title="bbox 2243 5120 3863 5197">
    <p class='ocr_par' dir='ltr' id='par_1_112' title="bbox 2243 5120 3863 5197">
     <span class='ocr_line' id='line_1_113' title="bbox 2243 5120 3863 5197; baseline 0.001 -19"><span class='ocrx_word' id='word_1_832' title='bbox 2243 5127 2341 5178; x_wconf 79' lang='grc' dir='ltr'><strong>τοῦ</strong></span> <span class='ocrx_word' id='word_1_833' title='bbox 2366 5123 2572 5197; x_wconf 67' lang='grc' dir='ltr'>τρόπον)</span> <span class='ocrx_word' id='word_1_834' title='bbox 2600 5130 2700 5195; x_wconf 82' lang='grc' dir='ltr'><strong>τῆς</strong></span> <span class='ocrx_word' id='word_1_835' title='bbox 2731 5120 3098 5195; x_wconf 72' lang='grc' dir='ltr'>ἀναϐλῦσεως,</span> <span class='ocrx_word' id='word_1_836' title='bbox 3129 5125 3512 5197; x_wconf 66' lang='grc' dir='ltr'>κατασκευέζει</span> <span class='ocrx_word' id='word_1_837' title='bbox 3545 5127 3680 5183; x_wconf 75' lang='grc' dir='ltr'>αὐτὸ</span> <span class='ocrx_word' id='word_1_838' title='bbox 3706 5143 3863 5182; x_wconf 70' lang='grc' dir='ltr'>πνευ-</span> 
     </span>
    </p>
   </div>
   <div class='ocr_carea' id='block_1_113' title="bbox 2246 5210 3876 5293">
    <p class='ocr_par' dir='ltr' id='par_1_113' title="bbox 2246 5210 3876 5293">
     <span class='ocr_line' id='line_1_114' title="bbox 2246 5210 3876 5293; baseline -0.001 -27"><span class='ocrx_word' id='word_1_839' title='bbox 2246 5211 2494 5284; x_wconf 84' lang='grc' dir='ltr'>ματικόν.</span> <span class='ocrx_word' id='word_1_840' title='bbox 2530 5213 2609 5270; x_wconf 69' lang='grc' dir='ltr'><strong>Οὐ</strong></span> <span class='ocrx_word' id='word_1_841' title='bbox 2639 5213 2744 5290; x_wconf 78' lang='grc' dir='ltr'><strong>γὰρ</strong></span> <span class='ocrx_word' id='word_1_842' title='bbox 2773 5213 2946 5286; x_wconf 74' lang='grc' dir='ltr'>οἰκείᾳ</span> <span class='ocrx_word' id='word_1_843' title='bbox 2990 5215 3147 5293; x_wconf 70' lang='grc' dir='ltr'>φύσει</span> <span class='ocrx_word' id='word_1_844' title='bbox 3171 5217 3206 5286; x_wconf 84' lang='grc' dir='ltr'><strong>ἡ</strong></span> <span class='ocrx_word' id='word_1_845' title='bbox 3237 5213 3407 5291; x_wconf 78' lang='grc' dir='ltr'>πέτρα</span> <span class='ocrx_word' id='word_1_846' title='bbox 3449 5216 3580 5273; x_wconf 73' lang='grc' dir='ltr'><strong>αὖτό</strong></span> <span class='ocrx_word' id='word_1_847' title='bbox 3625 5210 3876 5271; x_wconf 79' lang='grc' dir='ltr'>ἀνεδίδου.</span> 
     </span>
    </p>
   </div>
   <div class='ocr_carea' id='block_1_114' title="bbox 2245 5296 3872 5382">
    <p class='ocr_par' dir='ltr' id='par_1_114' title="bbox 2245 5296 3872 5382">
     <span class='ocr_line' id='line_1_115' title="bbox 2245 5296 3872 5382; baseline -0.001 -24"><span class='ocrx_word' id='word_1_848' title='bbox 2245 5301 2308 5358; x_wconf 80' lang='grc' dir='ltr'>Εἰ</span> <span class='ocrx_word' id='word_1_849' title='bbox 2338 5302 2440 5376; x_wconf 70' lang='grc' dir='ltr'><strong>γὰρ</strong></span> <span class='ocrx_word' id='word_1_850' title='bbox 2470 5305 2635 5358; x_wconf 78' lang='grc' dir='ltr'>τοῦτο</span> <span class='ocrx_word' id='word_1_851' title='bbox 2666 5303 2751 5373; x_wconf 80' lang='grc' dir='ltr'><strong>ἧν,</strong></span> <span class='ocrx_word' id='word_1_852' title='bbox 2784 5300 2892 5360; x_wconf 79' lang='grc' dir='ltr'>ἔδει</span> <span class='ocrx_word' id='word_1_853' title='bbox 2920 5304 3010 5360; x_wconf 85' lang='grc' dir='ltr'><strong>καὶ</strong></span> <span class='ocrx_word' id='word_1_854' title='bbox 3041 5305 3147 5382; x_wconf 83' lang='grc' dir='ltr'><strong>πρὸ</strong></span> <span class='ocrx_word' id='word_1_855' title='bbox 3173 5305 3371 5362; x_wconf 68' lang='grc' dir='ltr'>τούτου</span> <span class='ocrx_word' id='word_1_856' title='bbox 3403 5303 3726 5369; x_wconf 80' lang='grc' dir='ltr'>ἀναδιδόναι,</span> <span class='ocrx_word' id='word_1_857' title='bbox 3757 5296 3872 5357; x_wconf 82' lang='grc' dir='ltr'>ἀλλ’</span> 
     </span>
    </p>
   </div>
   <div class='ocr_carea' id='block_1_115' title="bbox 2243 5389 3873 5472">
    <p class='ocr_par' dir='ltr' id='par_1_115' title="bbox 2243 5389 3873 5472">
     <span class='ocr_line' id='line_1_116' title="bbox 2243 5389 3873 5472; baseline 0.01 -28"><span class='ocrx_word' id='word_1_858' title='bbox 2243 5389 2397 5467; x_wconf 69' lang='grc' dir='ltr'>ἕτερα</span> <span class='ocrx_word' id='word_1_859' title='bbox 2425 5411 2507 5454; x_wconf 90' lang='grc' dir='ltr'><strong>τις</strong></span> <span class='ocrx_word' id='word_1_860' title='bbox 2565 5394 2733 5469; x_wconf 68' lang='grc' dir='ltr'>πέτρα</span> <span class='ocrx_word' id='word_1_861' title='bbox 2780 5395 3118 5466; x_wconf 86' lang='grc' dir='ltr'>πνευματική</span> <span class='ocrx_word' id='word_1_862' title='bbox 3170 5394 3234 5451; x_wconf 86' lang='grc' dir='ltr'><strong>τὸ</strong></span> <span class='ocrx_word' id='word_1_863' title='bbox 3302 5401 3406 5451; x_wconf 75' lang='grc' dir='ltr'><strong>πᾶν</strong></span> <span class='ocrx_word' id='word_1_864' title='bbox 3474 5395 3703 5472; x_wconf 74' lang='grc' dir='ltr'>ἐνήργει,</span> <span class='ocrx_word' id='word_1_865' title='bbox 3761 5391 3873 5460; x_wconf 69' lang='grc' dir='ltr'><strong>ἣτις</strong></span> 
     </span>
    </p>
   </div>
   <div class='ocr_carea' id='block_1_116' title="bbox 474 5478 3867 5567">
    <p class='ocr_par' dir='ltr' id='par_1_116' title="bbox 474 5478 3867 5567">
     <span class='ocr_line' id='line_1_117' title="bbox 474 5478 3867 5567; baseline -0.002 -25"><span class='ocrx_word' id='word_1_866' title='bbox 474 5488 541 5558; x_wconf 79' lang='grc' dir='ltr'><strong>ἦν</strong></span> <span class='ocrx_word' id='word_1_867' title='bbox 582 5491 770 5567; x_wconf 75' lang='grc' dir='ltr'>φησὶν,</span> <span class='ocrx_word' id='word_1_868' title='bbox 802 5490 831 5545; x_wconf 87' lang='grc' dir='ltr'><strong>ὁ</strong></span> <span class='ocrx_word' id='word_1_869' title='bbox 862 5487 1120 5566; x_wconf 81' lang='grc' dir='ltr'>Χριστός.</span> <span class='ocrx_word' id='word_1_870' title='bbox 1155 5510 1184 5541; x_wconf 72' lang='grc' dir='ltr'>εί</span> <span class='ocrx_word' id='word_1_871' title='bbox 1213 5484 1681 5557; x_wconf 78' lang='grc' dir='ltr'>Ἀκολουθοόσης.</span> <span class='ocrx_word' id='word_1_872' title='bbox 1716 5508 1745 5537; x_wconf 86' lang='grc'><strong>››</strong></span> <span class='ocrx_word' id='word_1_873' title='bbox 1775 5484 1852 5543; x_wconf 87' lang='grc' dir='ltr'><strong>Τὸ</strong></span> <span class='ocrx_word' id='word_1_874' title='bbox 1881 5480 2290 5553; x_wconf 68' lang='grc' dir='ltr'>ἀκολουθούσης</span> <span class='ocrx_word' id='word_1_875' title='bbox 2347 5478 2539 5554; x_wconf 70' lang='grc' dir='ltr'>δηλοῖ,</span> <span class='ocrx_word' id='word_1_876' title='bbox 2592 5483 2655 5540; x_wconf 85' lang='grc' dir='ltr'>τὸ</span> <span class='ocrx_word' id='word_1_877' title='bbox 2712 5482 2796 5540; x_wconf 80' lang='grc' dir='ltr'>ἀεὶ</span> <span class='ocrx_word' id='word_1_878' title='bbox 2852 5485 3137 5561; x_wconf 85' lang='grc' dir='ltr'>συμπαρὸν</span> <span class='ocrx_word' id='word_1_879' title='bbox 3192 5489 3291 5541; x_wconf 76' lang='grc' dir='ltr'><strong>τοῦ</strong></span> <span class='ocrx_word' id='word_1_880' title='bbox 3355 5489 3594 5563; x_wconf 75' lang='grc' dir='ltr'>Χριστοῦ</span> <span class='ocrx_word' id='word_1_881' title='bbox 3644 5484 3867 5557; x_wconf 70' lang='grc' dir='ltr'>Πνεῦμα,</span> 
     </span>
    </p>
   </div>
   <div class='ocr_carea' id='block_1_117' title="bbox 477 5575 1282 5655">
    <p class='ocr_par' dir='ltr' id='par_1_117' title="bbox 477 5575 1282 5655">
     <span class='ocr_line' id='line_1_118' title="bbox 477 5575 1282 5655; baseline 0.002 -21"><span class='ocrx_word' id='word_1_882' title='bbox 477 5576 571 5634; x_wconf 82' lang='grc' dir='ltr'><strong>καὶ</strong></span> <span class='ocrx_word' id='word_1_883' title='bbox 600 5581 772 5636; x_wconf 74' lang='grc' dir='ltr'>πάντα</span> <span class='ocrx_word' id='word_1_884' title='bbox 810 5575 1282 5655; x_wconf 80' lang='grc' dir='ltr'>θαυματουργοῦν.</span> 
     </span>
    </p>
   </div>
   <div class='ocr_carea' id='block_1_118' title="bbox 553 5694 1015 5768">
    <p class='ocr_par' dir='ltr' id='par_1_118' title="bbox 553 5694 1015 5768">
     <span class='ocr_line' id='line_1_119' title="bbox 553 5694 1015 5768; baseline 0.004 -17"><span class='ocrx_word' id='word_1_885' title='bbox 553 5694 606 5734; x_wconf 75' lang='grc'><strong>¹⁴</strong></span> <span class='ocrx_word' id='word_1_886' title='bbox 632 5696 805 5754; x_wconf 82' lang='lat' dir='ltr'><strong>Nam.</strong></span> <span class='ocrx_word' id='word_1_887' title='bbox 836 5711 930 5768; x_wconf 69' lang='grc' dir='ltr'>τι,</span> <span class='ocrx_word' id='word_1_888' title='bbox 959 5697 1015 5753; x_wconf 84' lang='grc'><strong>8.</strong></span> 
     </span>
    </p>
   </div>
  </div>
