4068 6254
163 363 307 418 ΤΓΙ

1124 344 1536 407 COMMENT.
1583 347 1663 406 IN
1707 346 1959 406 EPIST.
2006 347 2028 405 Ι
2076 348 2180 406 ΑΙ)
2226 350 2605 410 CORINTH.

3489 360 3607 417 778

263 490 438 548 Ἀλλ’
499 490 599 545 οὐκ
668 485 726 541 ἐν
801 487 918 545 τοῖς
993 479 1239 537 πλείοσιν
1315 476 1493 533 αὐτῶν
1567 475 1855 549 εὐδόκησεν

2040 480 2314 549 Χ,5-10.‹‹
2337 484 2449 539 Sed
2463 470 2940 557 pluresipsOrum
2964 504 3082 543 non
3106 489 3609 560 placueruntDeo:

171 582 212 634 ὁ
262 581 423 641 Θεός.
488 575 953 650 Κατεπριόθησαν
1010 571 1112 645 γὰρ
1172 567 1225 623 ἐν
1280 571 1350 641 τῇ
1409 565 1624 641 ἐρήμῳ.
1682 571 1861 623 Ταῦτα

179 668 256 725 δὲ
286 670 456 724 τύποι
493 671 655 740 ἡμῶν
716 663 1065 740 ἐγενήθησαν,
1128 659 1202 720 εἷς
1259 657 1321 712 16
1380 657 1458 730 μὴ
1521 657 1657 710 εἶναι
1713 658 1862 728 ἡμᾶς

181 757 549 831 ἐπιθυμητὰς
609 759 791 809 κακῶν
826 797 841 818 ,
924 754 1105 813 καθῶς
1185 748 1381 802 ἐκεῖνοι
1465 744 1809 818 ἐπεθύμησαν
1844 766 1854 777 ·

182 845 364 917 Μηδέ
450 843 853 917 εἰδωλολάτραι
936 838 1160 914 γίνεσθε,
1221 840 1400 899 καθώς
1464 854 1608 895 τινες
1659 833 1859 903 αὐτῶν,

184 939 277 1001 ὡς
358 931 684 1013 γέγραπται,
787 931 1065 987 Ἐκάθισεν
1142 928 1170 980 6
1246 925 1377 986 λαὸς
1481 928 1664 1001 φαγεῖν
1768 924 1857 978 καὶ

183 1032 378 1092 πιεῖν,
432 1011 524 1079 καὶ
582 1022 881 1091 ἀνέστησαν
958 1019 1167 1087 παίζειν
1200 1057 1214 1072 .
1270 1011 1428 1084 Μηδὲ
1483 1012 1861 1086 πορνεύωμεν,

183 1116 391 1180 καθὼς
466 1133 608 1174 τινες
700 1109 874 1164 αὐτῶν
952 1106 1301 1179 ἐπόρνευσαν,
1376 1103 1464 1157 καὶ
1543 1095 1728 1157 ἔπεσον
1807 1100 1860 1156 ἐν

191 1210 308 1279 μιᾷ
386 1203 567 1277 ἡμέρα
657 1200 977 1272 εἰκοσιτρεῖς
1054 1190 1324 1269 χιλιάδες.
1423 1188 1581 1261 Μηδὲ
1681 1190 1860 1245 ἐκπει-

194 1296 465 1370 ράζωμεν
544 1290 637 1344 τὸν
715 1289 966 1363 Χρισνὸν,
1042 1283 1226 1345 καθὼς
1299 1283 1391 1337 καὶ
1466 1302 1608 1340 τινες
1683 1280 1860 1334 αὐτῶν

196 1366 501 1459 ἐπείρασαν
575 1381 667 1434 καὶ
746 1378 845 1433 ὑπὸ
921 1379 1027 1430 τῶν
1102 1370 1275 1450 ὄφεων
1350 1370 1657 1427 ἀπώλοντο.
1707 1366 1867 1439 Μηδὶ

196 1472 531 1549 γογγύζετε,
608 1469 786 1529 καθὼς
871 1466 961 1520 καί
1044 1485 1184 1525 τινες
1268 1461 1443 1516 αὐτῶν
1500 1460 1865 1537 ἐγγόγγυσαν,

201 1562 303 1617 καὶ
339 1561 631 1616 ἀπώλοντο
667 1557 771 1613 ὑπὸ
800 1560 896 1611 τοῦ
927 1554 1276 1629 ὁλοθρευτοῦ.

281 1650 484 1710 Ηάντες
517 1645 590 1702 ὧν
626 1648 771 1701 εἶπον
802 1644 1090 1718 θαυμάτων
1122 1643 1213 1697 καὶ
1256 1638 1473 1715 δωρεῶν
1533 1638 1866 1708 ἠξιώθησαν,

197 1739 337 1795 ἀλλ’
371 1739 470 1793 οὐκ
518 1737 570 1793 ἐν
630 1742 779 1803 πᾶσι,
841 1734 1027 1813 φησὶν,
1086 1731 1143 1786 εὖ
1205 1725 1566 1786 ἐϐουλεύσατο
1627 1729 1654 1781 6
1713 1726 1866 1789 Θεός.

194 1832 388 1887 T0610
444 1830 550 1903 γὰρ
605 1828 667 1881 τὸ
743 1822 1024 1893 εὖδόκησε.
1112 1822 1214 1877 Καί
1270 1841 1359 1874 τοι
1421 1816 1674 1893 μεγάλων
1732 1819 1867 1903 ἦσαν

201 1902 524 1992 ἀξιωθέντες
558 1914 794 1988 δωρεῶν.
852 1914 1041 1985 Ὁρᾶτε
1073 1908 1187 1983 οὖν,
1244 1907 1399 1986 φησὶ,
1458 1909 1532 1981 μή
1594 1927 1711 1967 πως
1744 1902 1868 1959 οὐδὲ

466 1133 608 1174 τινες

205 2008 292 2082 ἐφ’
358 2008 514 2079 ὑμῶν
570 2007 626 2061 εὖ
687 2002 1036 2072 βουλεύσεται
1095 2001 1122 2054 6
1175 2000 1324 2066 Θεὸς,
1386 1997 1429 2052 εἷ
1488 1996 1579 2053 καὶ
1635 1995 1870 2067 ἡξίωσθε

205 2094 444 2153 πολλῶν
477 2092 829 2170 δωρεῶν,ἐὰν
865 2093 940 2164 μή
976 2091 1123 2160 ἄξιον
1157 2088 1275 2163 βίον
1298 2087 1640 2162 παράσχητε.
1667 2085 1866 2146 Πάντες

201 2189 259 2241 οἱ
294 2183 559 2242 Ἰουδαῖοι
588 2182 903 2238 ἀπώλοντο.
937 2184 1060 2239 Πῶς
1118 2175 1232 2245 06v,
1266 2176 1444 2245 σησίν,
1478 2175 1580 2229 οὐκ
1633 2171 1685 2227 ἐν
1746 2178 1865 2235 τοῖς

199 2274 461 2332 πλείοσιν
491 2270 790 2340 εὐδόκησαν
825 2267 956 2337 ;’ίνα
998 2268 1075 2341 μὴ
1119 2264 1246 2339 δόξῃ
1284 2266 1469 2325 αὐτοῖς
1503 2262 1865 2337 πανολεθρίαν

201 2360 659 2442 προφητεύειν,ἢ
710 2357 797 2414 διὰ
825 2359 919 2413 τὸν
972 2358 1183 2425 Ἰησοῦν
1236 2353 1326 2409 καὶ
1387 2352 1479 2407 τὸν
1534 2346 1726 2409 Χαλέϐ
1776 2351 1865 2405 καὶ

198 2438 345 2515 τοὺς⁷
371 2451 523 2513 νέους
552 2455 661 2505 τῶν
692 2444 973 2506 Ἰουδαίων
1004 2444 1177 2513 υἱοὺς,
1207 2442 1299 2498 καὶ
1330 2443 1406 2504 εἱς
1435 2443 1537 2509 τήν
1582 2438 1867 2515 μοσχολαο

202 2540 397 2616 τρείαν
430 2540 594 2615 (πλὴν
627 2542 732 2591 τῶν
794 2534 1094 2608 δισμυρίων
1155 2534 1242 2587 καὶ
1301 2529 1654 2608 τρισχιλίων)
1716 2550 1869 2603 μεσι-

206 2630 506 2689 τεύσαντος
558 2632 650 2683 τοῦ
738 2621 995 2686 Μωσέως.
1085 2646 1107 2675 ι
1162 2618 1639 2695 Κατεστρώθησαν.
1703 2642 1731 2670 ››
1789 2618 1867 2674 Τὸ

221 2742 252 2769 ‹‹
286 2716 747 2790 κατεστρώθησαν,
782 2740 809 2767 ››
842 2714 942 2782 τήν
976 2710 1243 2790 αἰφνιδίαν
1272 2710 1449 2765 αὐτῶν
1480 2708 1570 2763 καὶ
1602 2706 1868 2778 πλείστην

224 2805 510 2861 ἀπώλειαν
542 2803 717 2876 δηλοῖ.
771 2830 799 2857 ‹‹
830 2804 1001 2860 Τύποι
1060 2802 1219 2876 ἡμῶν
1269 2800 1678 2874 ἐγενήθησαν.»
1739 2798 1865 2852 Ὠσ-

223 2917 327 2970 περ
386 2896 878 2970 γάρὸβαπτισμὸς
928 2894 1019 2949 καὶ
1075 2893 1138 2947 τὸ
1199 2894 1396 2967 βρῶμα
1452 2891 1541 2945 καὶ
1597 2891 1660 2945 τὸ
1714 2888 1870 2962 πόμα

205 2985 378 3041 τύποι
429 2986 558 3053 ἦσαν
616 2988 800 3059 ἡμῶν,
860 2985 1033 3047 οὕτως
1085 2983 1238 3039 καὶὸ
1288 2978 1517 3055 ὄλεθρος
1573 2979 1742 3040 τύπος
1798 2978 1866 3047 ἦν

203 3076 507 3147 ἡμῶν,εἰς
547 3076 633 3141 τὸ,
691 3102 711 3127 ι
772 3078 858 3145 Μὴ
919 3079 1035 3135 τοῖς
1097 3071 1236 3134 ἴσοις
1297 3070 1629 3146 παράξαντας
1684 3069 1751 3122 τὰ
1775 3065 1871 3122 ’ἶσα

201 3173 420 3230 παθεῖν.
478 3167 667 3230 Καθὼς
735 3165 928 3220 ἐκεῖνοι
985 3163 1350 3235 ἐπεθύμησαν.
1388 3185 1415 3213 ››
1463 3160 1560 3215 Καὶ
1620 3160 1648 3213 6
1704 3155 1867 3213 Δαυὶδ

206 3272 368 3332 φησν
417 3278 439 3306 ι
476 3254 576 3308 Καὶ
636 3252 984 3325 ἐπεθύμησαν
1045 3250 1338 3323 ἐπιθυμίαν
1367 3248 1419 3303 ἐν
1470 3251 1538 3320 τῇ
1591 3245 1803 3321 ἐρήμῳ.
1844 3272 1864 3294 ι

342 3343 355 3363 1
619 3343 632 3358 \
791 3343 804 3364 ν
972 3346 994 3357 υ
1080 3335 1105 3359 )I
1402 3338 1415 3353 \
1496 3337 1523 3357 Ὗ
1633 3354 1645 3368 ⁸
1823 3334 1837 3353 \

210 3345 544 3405 Καθισαντες
574 3363 676 3418 γαρ
706 3343 760 3397 οἱ
810 3338 1047 3396 ιουδαιοι
1079 3339 1296 3395 εκλαιον
1328 3358 1418 3393 και
1472 3358 1622 3392 ειπον
1710 3359 1736 3385 ‹‹
1771 3337 1868 3395 Τις

209 3436 425 3506 ψωμιεῖ
480 3435 632 3505 ἡμᾶς
693 3433 864 3506 κρέα;
924 3428 1272 3503 ἐμνήσθημεν
1324 3425 1451 3488 τοὺς
1518 3424 1709 3500 ἰχθύας
1778 3425 1868 3485 οὓς

208 3521 474 3594 ἠσθίομεν
506 3521 558 3575 ἐν
590 3522 857 3597 Αἰγύπτῳ
888 3518 1113 3594 δωρεὰν,
1172 3516 1263 3573 καὶ
1318 3517 1447 3580 τοὺς
1506 3513 1746 3583 σικύους,
1779 3513 1871 3568 καὶ

208 3611 344 3673 τοὺς
373 3610 649 3678 πέπωνας,
691 3609 779 3665 καὶ
808 3611 875 3665 τα
933 3609 1164 3685 πράσσα,
1201 3607 1289 3662 καὶ
1344 3607 1410 3661 τὰ
1466 3605 1747 3680 κρόμμυα,
1780 3604 1868 3658 καὶ

204 3702 274 3755 1-5:
308 3699 565 3775 σκόροδα.
629 3702 761 3755 Νυνὶ
824 3699 883 3755 δέ
914 3702 948 3770 ἡ
983 3700 1137 3777 ψυχή
1169 3700 1331 3771 ἡμῶν
1364 3697 1684 3770 κατάξηρος
1716 3691 1870 3749 οὐδὲν

207 3790 360 3858 πλὴν
393 3791 468 3852 εἷς
501 3791 563 3845 τὸ
599 3790 772 3864 μάννα
828 3791 879 3844 0i.
930 3789 1205 3867 ὀφθακμοὶ
1263 3789 1449 3860 ἡμῶν.
1481 3811 1508 3837 ››
1541 3818 1606 3826 -
1633 3808 1662 3836 «
1718 3781 1873 3853 Μηδέ

214 3877 621 3953 εἶδωλολάτραι
652 3878 883 3953 γίνεσθε.
918 3902 946 3930 ››
1004 3876 1176 3931 Τοῦτο
1246 3876 1427 3949 ἡρέμα
1474 3879 1591 3934 πῶς
1647 3874 1776 3935 τοὺς
1806 3871 1873 3926 τὰ

215 3965 562 4032 εἰδωλόθυτα
647 3967 921 4031 ἐσθίοντας
1008 3965 1317 4033 αἰνίττεται,
1374 3960 1582 4025 δεικνὺς
1641 3963 1724 4016 ὅτι
1781 3962 1871 4015 καὶ

212 4058 416 4113 ἐκεῖνοι
449 4056 556 4113 ἀπὸ
580 4056 1014 4132 γαστριμαργίας
1045 4055 1218 4124 ἦλθον
1281 4053 1361 4117 εἰς
1392 4048 1870 4121 είδωλολατρείαν.

214 4147 319 4200 Καὶ
357 4146 535 4219 ὑμεῖς,
581 4145 766 4220 φησὶν,
798 4144 903 4199 ἀπὸ
959 4142 1384 4218 γαστριμαργίας
1445 4139 1575 4194 αὐτὰ
1638 4138 1873 4213 μᾶλλον,

216 4236 251 4304 ἦ
304 4235 414 4289 ἀπὸ
472 4234 821 4305 τελειότητος
883 4232 1103 4303 ἐσθίετε,
1172 4230 1352 4306 ὥσπερ
1412 4229 1609 4286 ἐκεῖνοι
1671 4228 1873 4303 χοροὺς

217 4327 515 4394 στήσαντες
547 4324 670 4399 περὶ
718 4324 810 4379 τὸν
847 4323 1060 4401 μόσχον
1119 4319 1343 4391 ἔπαιζον
1402 4319 1722 4395 χορεύοντες
1777 4312 1878 4389 ἔμ-

216 4424 456 4487 προσθεν
489 4412 674 4481 αύτοῦ,
697 4412 787 4467 καὶ
810 4406 1019 4487 ἔλεγον.
1040 4436 1066 4462 ‹‹
1092 4408 1256 4467 Οὖτοὶ
1289 4411 1340 4464 οἱ
1359 4410 1471 4473 θεοί
1495 4429 1611 4475 σου,
1628 4405 1875 4482 Ἰσραὴλ,

222 4500 422 4563 οῗτινες
455 4495 774 4556 ἀνεϐίϐασαν
835 4520 891 4554 σε
946 4500 1005 4554 ἐκ
1057 4506 1158 4574 γῆς
1218 4498 1517 4571 Αἰγύπτου.
1552 4520 1580 4547 ››
1640 4495 1788 4555 Τινὲς
1822 4490 1877 4547 δὲ

1971 593 1999 621 ‹‹
2028 588 2166 626 nam
2197 576 2475 643 prostrati
2499 581 2635 629 sunt
2656 575 2716 629 in
2740 574 3147 633 desertoﬁll
3182 580 3522 633 Hmcautem
3538 579 3609 633 ﬁ-

1974 682 1997 712 (ι
2024 678 2180 733 gurw
2204 663 2391 717 nostri
2415 663 2757 733 fuerunt,ne
2780 682 2888 719 nos
2913 666 3098 721 simus
3122 669 3612 738 concupiscentes

1973 777 1997 800 (ι
2012 768 2209 805 rerum
2230 752 2547 820 malarum,
2568 755 3072 824 quemadmodum
3093 762 3151 810 et
3182 757 3267 811 illi
3306 758 3616 828 concupie-

1972 862 1999 888 «
2025 842 2389 912 runt.Neque
2405 842 2732 898 idololatraz
2749 844 3076 911 sitis,sicuti
3096 846 3336 916 quidam
3351 846 3615 916 illorum,

1972 950 1999 977 ‹‹
2018 930 2522 998 quemadmodum
2537 932 2823 1003 scriptum
2842 940 2930 987 est
2963 952 2976 988 :
2999 935 3426 1006 Seditpopulus
3439 941 3501 989 ut
3517 952 3618 989 co-

1973 1044 1995 1067 (ι
2012 1017 2359 1074 mederetac
2373 1020 2623 1087 biberet,
2645 1029 2701 1076 et
2724 1029 3112 1078 surrexerunt
3130 1031 3195 1079 ut
3217 1024 3620 1079 luderent.Ne—

1979 1128 1999 1155 α
2020 1124 2133 1177 que
2149 1114 2480 1164 scortemur
2494 1112 2645 1165 sicut
2662 1112 2901 1183 quidam
2927 1114 3191 1184 ipsorum
3207 1113 3443 1168 scortati
3460 1120 3617 1179 sunt;

1975 1202 2067 1249 «et
2080 1198 2468 1253 conciderunt
2485 1217 2600 1254 uno
2617 1201 2710 1254 die
2729 1201 2928 1272 viginti
2944 1202 3056 1255 tria
3068 1201 3484 1271 millia.Neque
3505 1208 3621 1256 ten-

1977 1308 2003 1335 «
2031 1292 2225 1342 temus
2268 1289 2588 1361 Christum,
2610 1292 2764 1346 sicut
2793 1298 2853 1347 et
2883 1292 3125 1363 quidam
3160 1293 3401 1348 illorum
3430 1298 3621 1348 tenta-

1974 1399 1999 1424 ‹‹
2029 1382 2324 1444 verunt,et
2342 1394 2375 1433 a
2391 1379 2765 1449 serpentibus
2789 1382 3061 1436 exstincti
3078 1384 3441 1452 sunt.Neque
3456 1399 3620 1437 mur-

1979 1485 2006 1512 ι’
2031 1466 2278 1521 muretis
2302 1466 2453 1520 sicut
2475 1472 2531 1520 et
2559 1468 2797 1538 quidam
2818 1469 3056 1524 illorum
3080 1476 3619 1538 murmuraverunt,

1981 1573 2007 1601 «
2037 1558 2095 1606 et
2123 1552 2467 1624 interempti
2500 1561 2638 1609 sunt
2669 1555 2741 1610 ab
2773 1557 3252 1613 exterminatore.
3290 1579 3316 1606 »

2050 1642 2265 1697 Omnes
2298 1660 2670 1715 quaecunque
2702 1644 3053 1701 admiranda
3081 1646 3199 1701 dixi
3222 1652 3617 1718 acceperunt:

1980 1736 2039 1785 at
2069 1748 2189 1786 non
2220 1732 2280 1786 in
2311 1733 2586 1788 omnibus
2616 1734 3057 1807 beneplacitum
3089 1737 3296 1792 habuit
3326 1739 3499 1805 Deus,
3524 1743 3627 1793 aut

1899 1849 1947 1914 B
1980 1826 2053 1881 de
2084 1828 2204 1881 illis
2234 1845 2521 1899 prospera
2551 1832 2791 1885 statuit:
2827 1834 2971 1887 Nam
3014 1834 3126 1888 hoc
3174 1840 3283 1901 est,
3339 1830 3623 1902 εὐδόκησε,

1979 1914 2038 1968 id
2070 1920 2179 1979 est,
2210 1916 2668 1973 oblectationem
2701 1919 2929 1975 habuit.
2963 1920 3139 1992 Atqui
3170 1922 3399 1993 magnis
3430 1921 3625 1976 affecti

1976 2002 2212 2059 fuerant
2260 2004 2457 2073 donis,
2488 2007 2679 2062 videte
2712 2008 2890 2080 igitur
2916 2026 2986 2063 ne
3018 2027 3133 2080 quo
3160 2010 3335 2065 modo
3367 2012 3519 2065 Deus
3550 2011 3622 2064 de

1974 2092 2140 2147 vobis
2175 2111 2411 2165 quoque
2456 2101 2675 2152 statuat
2704 2114 2826 2152 non
2857 2115 3164 2170 prospera,
3196 2098 3336 2153 licet
3391 2098 3620 2171 magnis

1977 2182 2149 2236 donis
2180 2184 2372 2238 affecti
2407 2185 2555 2252 sitis,
2580 2186 2695 2241 nisi
2727 2187 2963 2259 dignam
2997 2189 3173 2243 vitam
3204 2188 3618 2259 prwstiteritis.

1978 2271 2242 2325 Universi
2267 2272 2451 2327 Judmi
2484 2275 2827 2345 perierunt:
2862 2277 3156 2347 quomodo
3189 2294 3326 2350 ergo
3360 2278 3521 2343 dicit,
3553 2279 3619 2332 In

1978 2361 2245 2432 pluribus
2293 2379 2412 2417 non
2470 2363 2824 2433 placuerunt
2875 2367 3042 2421 Deo?
3071 2370 3149 2422 Ne
3199 2369 3465 2423 videatur
3495 2368 3615 2423 illis

1975 2450 2447 2505 internecionem
2504 2452 2832 2507 vaticinari.
2878 2456 2994 2509 Aut
3048 2462 3288 2527 propter
3311 2459 3508 2511 Iesum
3562 2462 3621 2511 et

1977 2539 2551 2611 Chaleb,recensque
2577 2543 2805 2613 genitos
2833 2544 3171 2598 Iudaeorum
3196 2545 3370 2613 ﬁlios,
3404 2551 3462 2599 et
3483 2542 3623 2615 quia

1977 2630 2039 2683 in
2068 2628 2235 2682 vituli
2266 2628 2611 2685 adoratione
2652 2631 2841 2686 factus
2874 2638 2965 2686 est
2993 2633 3180 2687 Moses
3213 2633 3525 2700 mediator,
3554 2639 3621 2687 ut

1976 2721 2242 2792 perirent
2264 2722 2391 2777 sola
2409 2722 2610 2794 viginti
2636 2723 2748 2779 tria
2768 2724 2959 2780 millia
2978 2726 3074 2779 ¹⁵.‹‹
3111 2726 3394 2781 Prostrati
3427 2731 3622 2781 sunt.»

1979 2810 2235 2865 Verbum
2257 2833 2284 2862 ‹‹
2306 2813 2587 2867 Prostrati
2606 2818 2765 2879 sunt,
2798 2836 2823 2863 ››
2838 2816 3212 2885 repentinam
3226 2819 3284 2869 et
3304 2815 3625 2869 maximam

1978 2898 2243 2969 ipsorum
2277 2905 2531 2973 stragem
2577 2903 2890 2975 signiﬁcat.
2924 2926 2952 2953 ‹‹
3014 2904 3239 2975 Figuraa
3274 2904 3463 2959 nostri
3494 2904 3624 2959 fue-

1977 2993 2135 3042 runt.
2171 3011 2197 3036 »
2229 2990 2739 3052 Quemadmodum
2771 2992 2931 3045 enim
2986 2991 3315 3062 baptismus
3372 2998 3429 3047 et
3458 2992 3624 3046 cibus

1978 3094 2045 3132 ac
2072 3082 2245 3147 potus
2278 3079 2477 3149 ﬁguraa
2510 3079 2699 3133 nostri
2750 3085 2934 3141 erant,
2962 3081 3042 3135 ita
3074 3085 3132 3135 et
3161 3081 3413 3152 perditio
3438 3081 3625 3150 ﬁgura

1980 3167 2165 3220 nostri
2198 3173 2341 3229 erat,
2368 3184 2441 3221 ne
2466 3168 2720 3237 aequalia
2752 3174 3160 3240 perpetrantes
3193 3168 3413 3223 similia
3442 3168 3625 3240 patia-

1981 3272 2134 3308 mur.
2171 3277 2196 3304 ‹‹
2226 3255 2307 3309 Ne
2339 3272 2449 3311 nos
2475 3257 2661 3311 simus
2692 3258 3182 3328 concupiscentes
3212 3275 3409 3313 rerum
3435 3257 3623 3313 mala-

1980 3360 2133 3410 rum,
2170 3345 2671 3414 quemadmodum
2703 3351 2761 3400 et
2792 3346 2878 3400 illi
2907 3348 3358 3419 concupierunt.
3390 3370 3417 3397 »
3443 3347 3624 3403 David

1981 3449 2215 3502 quoque
2247 3433 2409 3488 dicit.
2448 3456 2467 3482 ι
2504 3436 2574 3488 Et
2603 3436 3033 3507 concupierunt
3080 3437 3623 3508 concupiscentiam

1981 3522 2041 3576 in
2072 3522 2304 3578 deserto
2348 3522 2414 3577 ίδ.
2452 3546 2480 3573 ››
2513 3524 2795 3580 Sedentes
2821 3542 3079 3597 namque
3117 3526 3301 3581 Judaei
3336 3527 3627 3582 ﬂeverunt

1981 3615 2157 3681 atque
2189 3613 2483 3669 dixerunt.
2522 3635 2550 3663 ‹‹
2582 3615 2722 3679 Quis
2756 3615 3117 3688 indulgendo
3139 3622 3343 3687 pascet
3372 3634 3481 3672 nos
3507 3634 3628 3672 car-

1981 3700 2155 3756 nibus
2185 3701 2213 3755 ?
2259 3702 2636 3757 Meminimus
2694 3704 2946 3774 piscium
3004 3722 3153 3775 quos
3208 3705 3528 3760 edebamus
3565 3707 3627 3761 in

1980 3791 2219 3861 lEgypto
2251 3792 2454 3861 gratis,
2489 3795 2548 3845 et
2571 3807 2957 3847 cucumerum
2989 3809 3056 3847 ac
3100 3810 3418 3864 peponum,
3453 3810 3630 3864 cepa-

1980 3894 2115 3933 rum
2129 3877 2477 3932 etalliorum
2507 3894 2695 3943 ;nunc
2714 3896 2847 3934 vero
2883 3881 3084 3935 anima
3106 3886 3311 3936 nostra
3335 3882 3502 3935 arida
3517 3887 3626 3936 est:

1983 3966 2136 4020 nihil
2165 3972 2381 4037 praeter
2410 3982 2628 4021 manna
2658 3968 2968 4023 intuentur
2997 3970 3152 4023 oculi
3184 3971 3371 4024 nostri
3403 3968 3466 4023 ‘7.
3500 3991 3526 4018 -.~
3558 4000 3627 4011 -

1984 4054 2561 4126 «Nequeidololatrae
2584 4055 2895 4111 sitis.»Hoc
2916 4058 3147 4112 occulto
3171 4058 3429 4128 quodam
3453 4058 3625 4113 modo

1985 4143 2228 4199 edentes
2259 4142 2590 4214 idolothyta
2610 4148 2771 4199 taxat
2805 4161 2817 4198 :
2852 4145 3175 4201 ostendens
3204 4146 3340 4202 illos
3388 4163 3625 4217 quoque

1984 4251 2018 4288 a
2041 4232 2191 4305 gula)
2220 4232 2359 4287 vitio
2393 4232 2699 4288 devenisse
2740 4234 2815 4288 ad
2844 4233 3240 4289 idololatriam
3266 4252 3278 4289 :
3302 4237 3368 4289 Et
3395 4253 3515 4299 vos,
3543 4236 3627 4289 in-

1985 4324 2133 4393 quit,
2166 4339 2199 4377 a
2228 4322 2378 4393 gula:
2408 4322 2547 4376 vitio
2570 4322 2767 4393 potius
2794 4340 2970 4394 quam
2993 4341 3026 4378 a
3052 4324 3411 4395 perfectione
3444 4324 3627 4378 addu-

1986 4412 2193 4467 cimini
2225 4416 2293 4466 ut
2337 4411 2443 4466 illa
2501 4410 2687 4467 edatis
2720 4430 2732 4467 :
2770 4413 2924 4469 512
2983 4412 3484 4483 quemadmodum
3517 4412 3629 4478 illi,

1989 4500 2330 4556 constitutis
2360 4517 2559 4555 coram
2591 4500 2768 4555 vitulo
2802 4502 3017 4567 choris,
3051 4501 3353 4565 ludebant,
3387 4502 3631 4556 choreas

221 4591 287 4645 16
308 4591 540 4659 παίζειν,
573 4590 689 4643 ἀντὶ
721 4593 817 4644 τοῦ
849 4586 1295 4662 εἷδωλολατρεῖν,
1354 4585 1592 4656 ἐνόησαν.
1661 4609 1689 4638 α
1723 4579 1870 4653 Μηδέ

1990 4606 2187 4644 coram
2222 4606 2288 4643 eo
2325 4590 2629 4656 ducentes,
2663 4607 2730 4645 ac
2752 4590 3063 4645 dicebant:
3092 4614 3117 4640 (ε
3145 4592 3213 4644 Hi
3245 4595 3381 4645 sunt
3412 4590 3500 4645 Dii
3527 4589 3631 4657 tui,

225 4678 601 4752 πορνεύωμεν.
664 4702 692 4729 ››
765 4677 935 4734 Πάλιν
992 4675 1134 4731 εἶπεν
1196 4674 1460 4748 ἁμαρτίαν
1514 4672 1712 4743 ἄλλην,
1770 4671 1875 4725 ἀπὸ

226 4767 666 4845 γαστριμαργίας
725 4767 1051 4839 τικτομένην
1088 4811 1101 4823 .
1188 4764 1491 4840 Γέγραπται
1578 4763 1628 4816 ἐν
1701 4756 1880 4835 βίϐλῳ

220 4860 530 4929 Ἀριθμῶν·
566 4881 592 4907 ι(
628 4856 726 4910 Καὶ
774 4854 1067 4910 κατέλυσεν
1117 4851 1341 4929 Ἰσραὴλ
1390 4852 1442 4907 ἐν
1476 4851 1729 4924 Σαττεῖμ,
1790 4851 1878 4906 καὶ

221 4940 557 5015 ἐϐεϐηλώθη
620 4946 647 4999 6
700 4944 831 5006 λαὸς
888 4943 1242 5018 ἐκπορνεῦσαι
1304 4943 1378 5005 εἰς
1436 4941 1530 5003 τὰς
1588 4939 1882 5017 θυγατέρας

226 5028 434 5093 Μωάϐ·
460 5034 545 5089 καὶ
578 5033 837 5090 ἐκάλεσαν
869 5034 1067 5095 αὐτοὺς
1117 5031 1203 5087 ἐπὶ
1233 5037 1350 5094 ταῖς
1409 5031 1613 5092 θυσίαις
1667 5035 1773 5085 τῶν
1805 5031 1882 5085 εί-

230 5122 437 5179 δώλων
468 5125 667 5178 αὐτῶν·
713 5122 804 5178 καὶ
837 5117 1032 5200 ἔφαγεν
1073 5124 1101 5177 6
1152 5120 1282 5183 λαὸς
1312 5125 1421 5176 τῶν
1455 5124 1652 5185 θυσιῶν
1684 5120 1885 5188 αὒτῶν,

229 5213 327 5269 καὶ
362 5212 769 5287 προσεκύνησαν
798 5218 920 5274 τοῖς
953 5209 1212 5273 εἰδώλοις
1265 5210 1463 5282 αὐτῶν,
1523 5210 1609 5264 καὶ
1667 5207 1883 5277 ἐτελέθη

240 5300 474 5378 Ἰσραὴλ
533 5305 612 5372 τῷ
666 5300 1006 5378 Βεελφεγώρ⁶
1056 5301 1144 5355 καὶ
1203 5299 1445 5374 ὠργίσθη
1503 5303 1660 5371 θυμῷ
1692 5299 1886 5372 Κύριος

226 5395 311 5463 τῷ
349 5388 597 5465 Ἰσραὴλ.
633 5389 734 5446 Καὶ
769 5391 889 5444 εἷπε
912 5388 1109 5463 Κύρῖος
1139 5392 1219 5461 τῷ
1249 5390 1442 5460 Μωσῇ·
1491 5381 1635 5441 Λάϐε
1685 5386 1888 5447 πάντας

229 5481 366 5542 τοὺς
400 5478 688 5555 ἀρχηγοὺς
717 5484 814 5534 τοῦ
845 5478 979 5535 λαοῦ
1026 5479 1114 5534 καὶ
1147 5474 1637 5553 παραδειγμάτισον
1698 5476 1890 5539 αὐτοὺς

318 5638 364 5673 ³⁸
396 5636 579 5693 Exod.
614 5653 785 5705 xxxn,
818 5637 907 5692 28.
946 5637 988 5673 ¹⁸
1011 5636 1168 5692 Psal.
1203 5653 1288 5705 cv,
1318 5637 1404 5690 14.

537 5756 782 5809 ΡΑτιιοι.
825 5752 929 5809 Gn.
971 5752 1225 5810 CXVIII.

1475 5633 1517 5669 ¹⁷
1548 5636 1718 5691 Num.
1754 5651 1824 5702 x1,
1850 5633 1939 5688 45.

1984 4678 2187 4744 Israel,
2219 4678 2319 4749 qui
2352 4679 2684 4733 eduxerunt
2717 4685 2770 4733 te
2804 4680 2873 4733 de
2906 4685 3063 4735 terra
3084 4680 3307 4751 .Egypti
3338 4678 3400 4731 '3.
3434 4703 3453 4727 ι
3492 4678 3630 4743 Qui-

1989 4767 2125 4822 dam
2159 4772 2357 4822 autem
2390 4766 2813 4822 intellexerunt
2842 4768 2939 4823 hic
2974 4768 3180 4823 ludere
3213 4785 3319 4839 pro
3351 4785 3419 4823 eo
3475 4767 3633 4838 quod

1992 4861 2081 4911 est
2112 4854 2287 4910 idolis
2318 4855 2545 4909 cultum
2576 4855 2875 4911 exhibere.
2911 4879 2937 4905 «
2964 4858 3161 4927 Neque
3219 4862 3569 4913 scortemur.
3608 4878 3628 4903 ι

1991 4944 2167 5000 Aliud
2200 4960 2437 4999 rursum
2471 4943 2619 4998 dixit
2654 4951 2961 5015 peccatum
2993 4946 3149 5016 quod
3171 4945 3634 5019 agastrimargia

1992 5034 2268 5107 gignitur.
2300 5032 2592 5103 Scriptum
2626 5038 2715 5087 est
2744 5035 2805 5087 in
2850 5034 3001 5089 libro
3050 5037 3476 5090 Numerorum:
3512 5056 3538 5082 ι(
3569 5033 3634 5087 Et

1994 5121 2312 5177 demolitus
2344 5126 2432 5175 est
2466 5121 2642 5175 Israel
2667 5122 2726 5175 in
2758 5123 3010 5190 Stattim,
3045 5129 3104 5177 et
3131 5124 3515 5178 conﬁrmatus
3547 5126 3637 5175 est

1996 5209 2251 5283 populus
2284 5214 2348 5263 ut
2378 5214 2740 5264 scortaretur
2768 5227 2903 5265 cum
2936 5211 3171 5267 ﬁliabus
3201 5211 3367 5265 Moab
3398 5227 3410 5263 ε
3446 5214 3504 5264 et
3534 5226 3635 5262 vo-

1998 5302 2275 5353 caverunt
2307 5314 2408 5352 eos
2449 5297 2523 5352 ad
2582 5299 2873 5354 sacriﬁcia
2931 5300 3227 5355 idolorum
3286 5312 3549 5361 suorum,
3583 5302 3639 5351 et

2001 5385 2256 5442 comedit
2304 5385 2559 5457 populus
2592 5386 2662 5439 de
2684 5388 2939 5442 victimis
2962 5388 3242 5458 ipsarum,
3274 5390 3332 5441 et
3360 5385 3641 5441 adorave-

2001 5481 2144 5531 runt
2174 5474 2332 5530 idola
2358 5475 2640 5546 ipsarum.
2664 5477 2732 5529 Et
2764 5476 3029 5530 initiatus
3061 5481 3150 5529 est
3171 5474 3351 5531 Israel
3375 5475 3652 5547 Beelphe-

2012 5632 2057 5668 ιδ
2085 5629 2263 5685 Exod.
2295 5647 2460 5695 xxxn,
2492 5632 2544 5683 8.

3303 5752 3375 5804 25
