  <div class='ocr_page' id='page_1' title='image "/cluster/home/n/w/nwhite01/storage/ocr_20150623/118/mdp.39015078384297/397.png"; bbox 0 0 4068 6254; ppageno 0'>
   <div class='ocr_carea' id='block_1_1' title="bbox 516 350 637 412">
    <p class='ocr_par' dir='ltr' id='par_1_1' title="bbox 516 350 637 412">
     <span class='ocr_line' id='line_1_1' title="bbox 516 350 637 412; baseline 0.008 -2"><span class='ocrx_word' id='word_1_1' title='bbox 516 350 637 412; x_wconf 75' lang='lat'><strong>779</strong></span> 
     </span>
    </p>
   </div>
   <div class='ocr_carea' id='block_1_2' title="bbox 1601 350 2779 417">
    <p class='ocr_par' dir='ltr' id='par_1_2' title="bbox 1601 350 2779 417">
     <span class='ocr_line' id='line_1_2' title="bbox 1601 350 2779 417; baseline -0.003 -1"><span class='ocrx_word' id='word_1_2' title='bbox 1601 350 2024 417; x_wconf 74' lang='lat' dir='ltr'><strong>CECUMENII</strong></span> <span class='ocrx_word' id='word_1_3' title='bbox 2073 350 2382 414; x_wconf 64' lang='lat' dir='ltr'><strong>TRICOIE</strong></span> <span class='ocrx_word' id='word_1_4' title='bbox 2429 350 2779 413; x_wconf 80' lang='lat' dir='ltr'><strong>EPISCOPI</strong></span> 
     </span>
    </p>
   </div>
   <div class='ocr_carea' id='block_1_3' title="bbox 3778 357 3874 420">
    <p class='ocr_par' dir='ltr' id='par_1_3' title="bbox 3778 357 3874 420">
     <span class='ocr_line' id='line_1_3' title="bbox 3778 357 3874 420; baseline 0.01 -2"><span class='ocrx_word' id='word_1_5' title='bbox 3778 357 3874 420; x_wconf 76' lang='lat'><strong>180</strong></span> 
     </span>
    </p>
   </div>
   <div class='ocr_carea' id='block_1_4' title="bbox 517 478 2168 563">
    <p class='ocr_par' dir='ltr' id='par_1_4' title="bbox 517 483 2159 559">
     <span class='ocr_line' id='line_1_4' title="bbox 517 483 2159 559; baseline 0.001 -19"><span class='ocrx_word' id='word_1_6' title='bbox 517 494 660 559; x_wconf 82' lang='lat' dir='ltr'><strong>gor:</strong></span> <span class='ocrx_word' id='word_1_7' title='bbox 695 487 754 540; x_wconf 87' lang='lat' dir='ltr'><strong>et</strong></span> <span class='ocrx_word' id='word_1_8' title='bbox 780 483 966 542; x_wconf 88' lang='lat' dir='ltr'><strong>iratus</strong></span> <span class='ocrx_word' id='word_1_9' title='bbox 998 489 1090 543; x_wconf 85' lang='lat' dir='ltr'><strong>est</strong></span> <span class='ocrx_word' id='word_1_10' title='bbox 1114 487 1314 543; x_wconf 77' lang='lat' dir='ltr'><strong>furore</strong></span> <span class='ocrx_word' id='word_1_11' title='bbox 1345 484 1627 543; x_wconf 84' lang='lat' dir='ltr'><strong>Dominus</strong></span> <span class='ocrx_word' id='word_1_12' title='bbox 1645 484 1929 543; x_wconf 85' lang='lat' dir='ltr'><strong>adversus</strong></span> <span class='ocrx_word' id='word_1_13' title='bbox 1957 484 2159 552; x_wconf 81' lang='lat' dir='ltr'><strong>Israel,</strong></span> 
     </span>
    </p>
   </div>
   <div class='ocr_carea' id='block_1_5' title="bbox 2276 478 3877 563">
    <p class='ocr_par' dir='ltr' id='par_1_5' title="bbox 2276 478 3877 563">
     <span class='ocr_line' id='line_1_5' title="bbox 2276 478 3877 563; baseline 0.004 -24"><span class='ocrx_word' id='word_1_14' title='bbox 2276 484 2354 555; x_wconf 82' lang='grc' dir='ltr'><strong>τῷ</strong></span> <span class='ocrx_word' id='word_1_15' title='bbox 2407 478 2592 558; x_wconf 83' lang='grc' dir='ltr'>Κυρίῳ</span> <span class='ocrx_word' id='word_1_16' title='bbox 2670 478 2920 539; x_wconf 75' lang='grc' dir='ltr'>ἆπὲναντι</span> <span class='ocrx_word' id='word_1_17' title='bbox 2973 486 3068 539; x_wconf 77' lang='grc' dir='ltr'><strong>τοῦ</strong></span> <span class='ocrx_word' id='word_1_18' title='bbox 3124 482 3310 554; x_wconf 74' lang='grc' dir='ltr'>ἡλίου,</span> <span class='ocrx_word' id='word_1_19' title='bbox 3375 485 3465 541; x_wconf 79' lang='grc' dir='ltr'>καὶ</span> <span class='ocrx_word' id='word_1_20' title='bbox 3522 486 3877 563; x_wconf 47' lang='lat' dir='ltr'><strong>diros-tadum</strong></span> 
     </span>
    </p>
   </div>
   <div class='ocr_carea' id='block_1_6' title="bbox 517 573 2167 651">
    <p class='ocr_par' dir='ltr' id='par_1_6' title="bbox 517 573 2167 651">
     <span class='ocr_line' id='line_1_6' title="bbox 517 573 2167 651; baseline 0.002 -21"><span class='ocrx_word' id='word_1_21' title='bbox 517 579 577 630; x_wconf 91' lang='lat' dir='ltr'><strong>et</strong></span> <span class='ocrx_word' id='word_1_22' title='bbox 604 573 688 631; x_wconf 89' lang='lat' dir='ltr'><strong>ait</strong></span> <span class='ocrx_word' id='word_1_23' title='bbox 717 573 1003 632; x_wconf 79' lang='lat' dir='ltr'><strong>Dominus</strong></span> <span class='ocrx_word' id='word_1_24' title='bbox 1024 576 1099 634; x_wconf 88' lang='lat' dir='ltr'><strong>ad</strong></span> <span class='ocrx_word' id='word_1_25' title='bbox 1129 578 1325 634; x_wconf 82' lang='lat' dir='ltr'><strong>Mosen</strong></span> <span class='ocrx_word' id='word_1_26' title='bbox 1353 594 1367 633; x_wconf 89' lang='lat'>:</span> <span class='ocrx_word' id='word_1_27' title='bbox 1392 576 1608 651; x_wconf 77' lang='lat' dir='ltr'><strong>Accipe</strong></span> <span class='ocrx_word' id='word_1_28' title='bbox 1630 592 1838 635; x_wconf 87' lang='lat' dir='ltr'><strong>omnes</strong></span> <span class='ocrx_word' id='word_1_29' title='bbox 1870 577 2167 649; x_wconf 83' lang='lat' dir='ltr'><strong>principes</strong></span> 
     </span>
    </p>
   </div>
   <div class='ocr_carea' id='block_1_7' title="bbox 517 665 2169 742">
    <p class='ocr_par' dir='ltr' id='par_1_7' title="bbox 517 665 2169 742">
     <span class='ocr_line' id='line_1_7' title="bbox 517 665 2169 742; baseline 0.001 -21"><span class='ocrx_word' id='word_1_30' title='bbox 517 665 744 740; x_wconf 89' lang='lat' dir='ltr'><strong>populi,</strong></span> <span class='ocrx_word' id='word_1_31' title='bbox 778 672 837 724; x_wconf 88' lang='lat' dir='ltr'><strong>et</strong></span> <span class='ocrx_word' id='word_1_32' title='bbox 865 666 928 723; x_wconf 87' lang='lat' dir='ltr'><strong>in</strong></span> <span class='ocrx_word' id='word_1_33' title='bbox 959 667 1293 741; x_wconf 76' lang='lat' dir='ltr'><strong>exemplum</strong></span> <span class='ocrx_word' id='word_1_34' title='bbox 1323 684 1477 742; x_wconf 89' lang='lat' dir='ltr'><strong>pone</strong></span> <span class='ocrx_word' id='word_1_35' title='bbox 1523 684 1625 725; x_wconf 88' lang='lat' dir='ltr'><strong>eos</strong></span> <span class='ocrx_word' id='word_1_36' title='bbox 1676 667 1922 724; x_wconf 88' lang='lat' dir='ltr'><strong>Domino</strong></span> <span class='ocrx_word' id='word_1_37' title='bbox 1962 673 2169 723; x_wconf 88' lang='lat' dir='ltr'><strong>contra</strong></span> 
     </span>
    </p>
   </div>
   <div class='ocr_carea' id='block_1_8' title="bbox 521 752 2170 814">
    <p class='ocr_par' dir='ltr' id='par_1_8' title="bbox 521 752 2170 814">
     <span class='ocr_line' id='line_1_8' title="bbox 521 752 2170 814; baseline -0.001 -3"><span class='ocrx_word' id='word_1_38' title='bbox 521 755 706 812; x_wconf 88' lang='lat' dir='ltr'><strong>solem</strong></span> <span class='ocrx_word' id='word_1_39' title='bbox 739 762 800 813; x_wconf 91' lang='lat' dir='ltr'><strong>et</strong></span> <span class='ocrx_word' id='word_1_40' title='bbox 827 763 1124 813; x_wconf 84' lang='lat' dir='ltr'><strong>avertetur</strong></span> <span class='ocrx_word' id='word_1_41' title='bbox 1147 757 1235 813; x_wconf 88' lang='lat' dir='ltr'><strong>ira</strong></span> <span class='ocrx_word' id='word_1_42' title='bbox 1254 757 1473 814; x_wconf 85' lang='lat' dir='ltr'><strong>furoris</strong></span> <span class='ocrx_word' id='word_1_43' title='bbox 1506 758 1738 814; x_wconf 83' lang='lat' dir='ltr'><strong>Domini</strong></span> <span class='ocrx_word' id='word_1_44' title='bbox 1771 757 1842 812; x_wconf 90' lang='lat' dir='ltr'><strong>ab</strong></span> <span class='ocrx_word' id='word_1_45' title='bbox 1864 752 2067 812; x_wconf 90' lang='lat' dir='ltr'><strong>lsrael.</strong></span> <span class='ocrx_word' id='word_1_46' title='bbox 2101 754 2170 810; x_wconf 86' lang='lat' dir='ltr'><strong>Et</strong></span> 
     </span>
    </p>
   </div>
   <div class='ocr_carea' id='block_1_9' title="bbox 517 843 2168 917">
    <p class='ocr_par' dir='ltr' id='par_1_9' title="bbox 517 843 2168 917">
     <span class='ocr_line' id='line_1_9' title="bbox 517 843 2168 917; baseline -0.001 -16"><span class='ocrx_word' id='word_1_47' title='bbox 517 843 670 902; x_wconf 81' lang='lat' dir='ltr'><strong>dixit</strong></span> <span class='ocrx_word' id='word_1_48' title='bbox 688 846 876 902; x_wconf 82' lang='lat' dir='ltr'><strong>Moses</strong></span> <span class='ocrx_word' id='word_1_49' title='bbox 898 846 972 903; x_wconf 95' lang='lat' dir='ltr'><strong>ad</strong></span> <span class='ocrx_word' id='word_1_50' title='bbox 1003 845 1192 903; x_wconf 90' lang='lat' dir='ltr'><strong>tribus</strong></span> <span class='ocrx_word' id='word_1_51' title='bbox 1214 848 1396 905; x_wconf 88' lang='lat' dir='ltr'><strong>lsrael</strong></span> <span class='ocrx_word' id='word_1_52' title='bbox 1421 863 1434 904; x_wconf 89' lang='lat'>:</span> <span class='ocrx_word' id='word_1_53' title='bbox 1470 847 1709 904; x_wconf 90' lang='lat' dir='ltr'><strong>Occidat</strong></span> <span class='ocrx_word' id='word_1_54' title='bbox 1756 846 2168 917; x_wconf 89' lang='lat' dir='ltr'><strong>unusquisque</strong></span> 
     </span>
    </p>
   </div>
   <div class='ocr_carea' id='block_1_10' title="bbox 517 932 2169 1010">
    <p class='ocr_par' dir='ltr' id='par_1_10' title="bbox 517 932 2169 1010">
     <span class='ocr_line' id='line_1_10' title="bbox 517 932 2169 1010; baseline -0.002 -18"><span class='ocrx_word' id='word_1_55' title='bbox 517 936 859 1008; x_wconf 88' lang='lat' dir='ltr'><strong>proximum</strong></span> <span class='ocrx_word' id='word_1_56' title='bbox 882 952 1055 993; x_wconf 89' lang='lat' dir='ltr'><strong>suum</strong></span> <span class='ocrx_word' id='word_1_57' title='bbox 1080 938 1180 1010; x_wconf 89' lang='lat' dir='ltr'><strong>qui</strong></span> <span class='ocrx_word' id='word_1_58' title='bbox 1202 936 1471 994; x_wconf 78' lang='lat' dir='ltr'><strong>initiatus</strong></span> <span class='ocrx_word' id='word_1_59' title='bbox 1491 943 1583 993; x_wconf 91' lang='lat' dir='ltr'><strong>est</strong></span> <span class='ocrx_word' id='word_1_60' title='bbox 1602 935 1983 1009; x_wconf 82' lang='lat' dir='ltr'><strong>Beeiphegor.</strong></span> <span class='ocrx_word' id='word_1_61' title='bbox 2007 932 2169 989; x_wconf 88' lang='lat' dir='ltr'><strong>Tunc</strong></span> 
     </span>
    </p>
   </div>
   <div class='ocr_carea' id='block_1_11' title="bbox 521 1021 2170 1083">
    <p class='ocr_par' dir='ltr' id='par_1_11' title="bbox 521 1021 2170 1083">
     <span class='ocr_line' id='line_1_11' title="bbox 521 1021 2170 1083; baseline -0.002 -3"><span class='ocrx_word' id='word_1_62' title='bbox 521 1021 779 1081; x_wconf 85' lang='lat' dir='ltr'><strong>Phinees</strong></span> <span class='ocrx_word' id='word_1_63' title='bbox 810 1024 970 1082; x_wconf 84' lang='lat' dir='ltr'><strong>illius</strong></span> <span class='ocrx_word' id='word_1_64' title='bbox 991 1026 1235 1083; x_wconf 81' lang='lat' dir='ltr'><strong>Eleazar</strong></span> <span class='ocrx_word' id='word_1_65' title='bbox 1263 1026 1440 1083; x_wconf 88' lang='lat' dir='ltr'><strong>simul</strong></span> <span class='ocrx_word' id='word_1_66' title='bbox 1478 1026 1774 1083; x_wconf 77' lang='lat' dir='ltr'><strong>transﬁxit</strong></span> <span class='ocrx_word' id='word_1_67' title='bbox 1793 1023 2081 1081; x_wconf 87' lang='lat' dir='ltr'><strong>Zambren</strong></span> <span class='ocrx_word' id='word_1_68' title='bbox 2112 1027 2170 1078; x_wconf 92' lang='lat' dir='ltr'><strong>et</strong></span> 
     </span>
    </p>
   </div>
   <div class='ocr_carea' id='block_1_12' title="bbox 521 1108 2173 1190">
    <p class='ocr_par' dir='ltr' id='par_1_12' title="bbox 521 1108 2173 1190">
     <span class='ocr_line' id='line_1_12' title="bbox 521 1108 2173 1190; baseline -0.002 -20"><span class='ocrx_word' id='word_1_69' title='bbox 521 1112 836 1171; x_wconf 84' lang='lat' dir='ltr'><strong>mulierem</strong></span> <span class='ocrx_word' id='word_1_70' title='bbox 864 1113 1155 1171; x_wconf 89' lang='lat' dir='ltr'><strong>Cbasben.</strong></span> <span class='ocrx_word' id='word_1_71' title='bbox 1180 1115 1558 1190; x_wconf 85' lang='lat' dir='ltr'><strong>Fueruntque</strong></span> <span class='ocrx_word' id='word_1_72' title='bbox 1581 1114 1875 1171; x_wconf 81' lang='lat' dir='ltr'><strong>interfecti</strong></span> <span class='ocrx_word' id='word_1_73' title='bbox 1908 1110 1969 1168; x_wconf 91' lang='lat' dir='ltr'><strong>in</strong></span> <span class='ocrx_word' id='word_1_74' title='bbox 2003 1108 2173 1185; x_wconf 82' lang='lat' dir='ltr'><strong>plaga</strong></span> 
     </span>
    </p>
   </div>
   <div class='ocr_carea' id='block_1_13' title="bbox 521 1202 2170 1277">
    <p class='ocr_par' dir='ltr' id='par_1_13' title="bbox 521 1202 2170 1277">
     <span class='ocr_line' id='line_1_13' title="bbox 521 1202 2170 1277; baseline -0.001 -20"><span class='ocrx_word' id='word_1_75' title='bbox 521 1202 725 1277; x_wconf 83' lang='lat' dir='ltr'><strong>viginti</strong></span> <span class='ocrx_word' id='word_1_76' title='bbox 742 1203 854 1259; x_wconf 90' lang='lat' dir='ltr'><strong>tria</strong></span> <span class='ocrx_word' id='word_1_77' title='bbox 873 1203 1065 1261; x_wconf 91' lang='lat' dir='ltr'><strong>millia</strong></span> <span class='ocrx_word' id='word_1_78' title='bbox 1086 1203 1195 1262; x_wconf 73' lang='lat' dir='ltr'><strong>“.n</strong></span> <span class='ocrx_word' id='word_1_79' title='bbox 1225 1205 1474 1272; x_wconf 87' lang='lat' dir='ltr'><strong>Quidam</strong></span> <span class='ocrx_word' id='word_1_80' title='bbox 1507 1211 1706 1261; x_wconf 89' lang='lat' dir='ltr'><strong>autem</strong></span> <span class='ocrx_word' id='word_1_81' title='bbox 1734 1209 2000 1259; x_wconf 84' lang='lat' dir='ltr'><strong>veterum</strong></span> <span class='ocrx_word' id='word_1_82' title='bbox 2024 1202 2170 1258; x_wconf 86' lang='lat' dir='ltr'><strong>scri-</strong></span> 
     </span>
    </p>
   </div>
   <div class='ocr_carea' id='block_1_14' title="bbox 521 1291 2167 1368">
    <p class='ocr_par' dir='ltr' id='par_1_14' title="bbox 521 1291 2167 1368">
     <span class='ocr_line' id='line_1_14' title="bbox 521 1291 2167 1368; baseline -0.001 -21"><span class='ocrx_word' id='word_1_83' title='bbox 521 1298 758 1365; x_wconf 88' lang='lat' dir='ltr'><strong>ptorum</strong></span> <span class='ocrx_word' id='word_1_84' title='bbox 789 1296 1118 1365; x_wconf 82' lang='lat' dir='ltr'><strong>posuerunt</strong></span> <span class='ocrx_word' id='word_1_85' title='bbox 1135 1292 1338 1368; x_wconf 76' lang='lat' dir='ltr'><strong>viginti</strong></span> <span class='ocrx_word' id='word_1_86' title='bbox 1373 1297 1628 1367; x_wconf 87' lang='lat' dir='ltr'><strong>quatuor</strong></span> <span class='ocrx_word' id='word_1_87' title='bbox 1673 1291 1882 1350; x_wconf 89' lang='lat' dir='ltr'><strong>millia.</strong></span> <span class='ocrx_word' id='word_1_88' title='bbox 1909 1312 1939 1342; x_wconf 89' lang='grc'><em>‹‹</em></span> <span class='ocrx_word' id='word_1_89' title='bbox 1967 1291 2167 1362; x_wconf 85' lang='lat' dir='ltr'><strong>Neque</strong></span> 
     </span>
    </p>
   </div>
   <div class='ocr_carea' id='block_1_15' title="bbox 522 1381 2169 1457">
    <p class='ocr_par' dir='ltr' id='par_1_15' title="bbox 522 1381 2169 1457">
     <span class='ocr_line' id='line_1_15' title="bbox 522 1381 2169 1457; baseline -0.001 -19"><span class='ocrx_word' id='word_1_90' title='bbox 522 1384 822 1439; x_wconf 86' lang='lat' dir='ltr'><strong>tentemus</strong></span> <span class='ocrx_word' id='word_1_91' title='bbox 854 1381 1175 1440; x_wconf 83' lang='lat' dir='ltr'><strong>Christum.</strong></span> <span class='ocrx_word' id='word_1_92' title='bbox 1210 1406 1238 1435; x_wconf 69' lang='grc' dir='ltr'><strong>ιι</strong></span> <span class='ocrx_word' id='word_1_93' title='bbox 1273 1382 1504 1441; x_wconf 89' lang='lat' dir='ltr'><strong>Iudicat</strong></span> <span class='ocrx_word' id='word_1_94' title='bbox 1532 1383 1693 1457; x_wconf 90' lang='lat' dir='ltr'><strong>quod</strong></span> <span class='ocrx_word' id='word_1_95' title='bbox 1723 1382 1837 1457; x_wconf 88' lang='lat' dir='ltr'><strong>ipsi</strong></span> <span class='ocrx_word' id='word_1_96' title='bbox 1860 1382 2028 1456; x_wconf 90' lang='lat' dir='ltr'><strong>signa</strong></span> <span class='ocrx_word' id='word_1_97' title='bbox 2057 1398 2169 1454; x_wconf 86' lang='lat' dir='ltr'><strong>pe-</strong></span> 
     </span>
    </p>
   </div>
   <div class='ocr_carea' id='block_1_16' title="bbox 521 1468 2168 1542">
    <p class='ocr_par' dir='ltr' id='par_1_16' title="bbox 521 1468 2168 1542">
     <span class='ocr_line' id='line_1_16' title="bbox 521 1468 2168 1542; baseline -0.001 -16"><span class='ocrx_word' id='word_1_98' title='bbox 521 1468 728 1527; x_wconf 87' lang='lat' dir='ltr'><strong>tebant</strong></span> <span class='ocrx_word' id='word_1_99' title='bbox 746 1477 1047 1528; x_wconf 86' lang='lat' dir='ltr'><strong>tentantes</strong></span> <span class='ocrx_word' id='word_1_100' title='bbox 1079 1471 1399 1542; x_wconf 86' lang='lat' dir='ltr'><strong>Christum,</strong></span> <span class='ocrx_word' id='word_1_101' title='bbox 1427 1473 1581 1530; x_wconf 86' lang='lat' dir='ltr'><strong>sicut</strong></span> <span class='ocrx_word' id='word_1_102' title='bbox 1600 1479 1659 1530; x_wconf 92' lang='lat' dir='ltr'><strong>et</strong></span> <span class='ocrx_word' id='word_1_103' title='bbox 1675 1470 1863 1530; x_wconf 76' lang='lat' dir='ltr'><strong>Judaai</strong></span> <span class='ocrx_word' id='word_1_104' title='bbox 1883 1472 1945 1527; x_wconf 91' lang='lat' dir='ltr'><strong>in</strong></span> <span class='ocrx_word' id='word_1_105' title='bbox 1966 1475 2168 1527; x_wconf 89' lang='lat' dir='ltr'><strong>monte</strong></span> 
     </span>
    </p>
   </div>
   <div class='ocr_carea' id='block_1_17' title="bbox 522 1560 2173 1629">
    <p class='ocr_par' dir='ltr' id='par_1_17' title="bbox 522 1560 2173 1629">
     <span class='ocr_line' id='line_1_17' title="bbox 522 1560 2173 1629; baseline -0.002 -12"><span class='ocrx_word' id='word_1_106' title='bbox 522 1562 660 1629; x_wconf 86' lang='lat' dir='ltr'><strong>Hor,</strong></span> <span class='ocrx_word' id='word_1_107' title='bbox 693 1577 828 1618; x_wconf 87' lang='lat' dir='ltr'><strong>cum</strong></span> <span class='ocrx_word' id='word_1_108' title='bbox 860 1561 1216 1619; x_wconf 83' lang='lat' dir='ltr'><strong>circuisseut</strong></span> <span class='ocrx_word' id='word_1_109' title='bbox 1260 1568 1477 1620; x_wconf 89' lang='lat' dir='ltr'><strong>terram</strong></span> <span class='ocrx_word' id='word_1_110' title='bbox 1509 1562 1716 1629; x_wconf 81' lang='lat' dir='ltr'><strong>Edom,</strong></span> <span class='ocrx_word' id='word_1_111' title='bbox 1744 1560 2003 1619; x_wconf 74' lang='lat' dir='ltr'><strong>oblocuti</strong></span> <span class='ocrx_word' id='word_1_112' title='bbox 2032 1564 2173 1616; x_wconf 89' lang='lat' dir='ltr'><strong>sunt</strong></span> 
     </span>
    </p>
   </div>
   <div class='ocr_carea' id='block_1_18' title="bbox 523 1648 2174 1708">
    <p class='ocr_par' dir='ltr' id='par_1_18' title="bbox 523 1648 2174 1708">
     <span class='ocr_line' id='line_1_18' title="bbox 523 1648 2174 1708; baseline -0.002 -2"><span class='ocrx_word' id='word_1_113' title='bbox 523 1655 729 1706; x_wconf 86' lang='lat' dir='ltr'><strong>contra</strong></span> <span class='ocrx_word' id='word_1_114' title='bbox 784 1648 1106 1707; x_wconf 89' lang='lat' dir='ltr'><strong>Dominum</strong></span> <span class='ocrx_word' id='word_1_115' title='bbox 1156 1656 1215 1708; x_wconf 91' lang='lat' dir='ltr'><strong>et</strong></span> <span class='ocrx_word' id='word_1_116' title='bbox 1244 1656 1453 1708; x_wconf 89' lang='lat' dir='ltr'><strong>contra</strong></span> <span class='ocrx_word' id='word_1_117' title='bbox 1483 1652 1681 1707; x_wconf 87' lang='lat' dir='ltr'><strong>Mosen</strong></span> <span class='ocrx_word' id='word_1_118' title='bbox 1709 1650 2006 1707; x_wconf 86' lang='lat' dir='ltr'><strong>dicentes:</strong></span> <span class='ocrx_word' id='word_1_119' title='bbox 2039 1670 2067 1700; x_wconf 87' lang='lat'><strong>«</strong></span> <span class='ocrx_word' id='word_1_120' title='bbox 2102 1651 2174 1705; x_wconf 89' lang='lat' dir='ltr'><strong>Ut</strong></span> 
     </span>
    </p>
   </div>
   <div class='ocr_carea' id='block_1_19' title="bbox 525 1735 2171 1814">
    <p class='ocr_par' dir='ltr' id='par_1_19' title="bbox 525 1735 2171 1814">
     <span class='ocr_line' id='line_1_19' title="bbox 525 1735 2171 1814; baseline 0 -20"><span class='ocrx_word' id='word_1_121' title='bbox 525 1736 669 1811; x_wconf 87' lang='lat' dir='ltr'><strong>quid</strong></span> <span class='ocrx_word' id='word_1_122' title='bbox 726 1735 980 1796; x_wconf 89' lang='lat' dir='ltr'><strong>eduxisti</strong></span> <span class='ocrx_word' id='word_1_123' title='bbox 1038 1755 1148 1796; x_wconf 92' lang='lat' dir='ltr'><strong>nos</strong></span> <span class='ocrx_word' id='word_1_124' title='bbox 1179 1755 1249 1797; x_wconf 83' lang='lat' dir='ltr'><strong>ex</strong></span> <span class='ocrx_word' id='word_1_125' title='bbox 1276 1738 1516 1814; x_wconf 65' lang='lat' dir='ltr'><strong>Egypto</strong></span> <span class='ocrx_word' id='word_1_126' title='bbox 1546 1746 1612 1798; x_wconf 88' lang='lat' dir='ltr'><strong>ut</strong></span> <span class='ocrx_word' id='word_1_127' title='bbox 1654 1739 1956 1797; x_wconf 89' lang='lat' dir='ltr'><strong>occideres</strong></span> <span class='ocrx_word' id='word_1_128' title='bbox 1986 1738 2047 1795; x_wconf 89' lang='lat' dir='ltr'><strong>in</strong></span> <span class='ocrx_word' id='word_1_129' title='bbox 2069 1737 2171 1795; x_wconf 87' lang='lat' dir='ltr'><strong>de-</strong></span> 
     </span>
    </p>
   </div>
   <div class='ocr_carea' id='block_1_20' title="bbox 529 1828 2175 1905">
    <p class='ocr_par' dir='ltr' id='par_1_20' title="bbox 529 1828 2175 1905">
     <span class='ocr_line' id='line_1_20' title="bbox 529 1828 2175 1905; baseline -0.001 -19"><span class='ocrx_word' id='word_1_130' title='bbox 529 1834 705 1892; x_wconf 88' lang='lat' dir='ltr'><strong>serto.</strong></span> <span class='ocrx_word' id='word_1_131' title='bbox 734 1828 834 1885; x_wconf 90' lang='lat' dir='ltr'><strong>ubi</strong></span> <span class='ocrx_word' id='word_1_132' title='bbox 848 1844 968 1885; x_wconf 87' lang='lat' dir='ltr'><strong>non</strong></span> <span class='ocrx_word' id='word_1_133' title='bbox 991 1836 1082 1886; x_wconf 89' lang='lat' dir='ltr'><strong>est</strong></span> <span class='ocrx_word' id='word_1_134' title='bbox 1114 1830 1279 1898; x_wconf 66' lang='lat' dir='ltr'><strong>panis</strong></span> <span class='ocrx_word' id='word_1_135' title='bbox 1300 1845 1493 1905; x_wconf 88' lang='lat' dir='ltr'><strong>neque</strong></span> <span class='ocrx_word' id='word_1_136' title='bbox 1511 1846 1666 1903; x_wconf 88' lang='lat' dir='ltr'><strong>aqua</strong></span> <span class='ocrx_word' id='word_1_137' title='bbox 1683 1831 1714 1888; x_wconf 82' lang='lat'><strong>?</strong></span> <span class='ocrx_word' id='word_1_138' title='bbox 1738 1831 1953 1887; x_wconf 87' lang='lat' dir='ltr'><strong>Anima</strong></span> <span class='ocrx_word' id='word_1_139' title='bbox 1970 1833 2175 1885; x_wconf 90' lang='lat' dir='ltr'><strong>nostra</strong></span> 
     </span>
    </p>
   </div>
   <div class='ocr_carea' id='block_1_21' title="bbox 526 1916 2177 1990">
    <p class='ocr_par' dir='ltr' id='par_1_21' title="bbox 526 1916 2177 1990">
     <span class='ocr_line' id='line_1_21' title="bbox 526 1916 2177 1990; baseline 0 -17"><span class='ocrx_word' id='word_1_140' title='bbox 526 1922 778 1975; x_wconf 85' lang='lat' dir='ltr'><strong>nauseat</strong></span> <span class='ocrx_word' id='word_1_141' title='bbox 796 1918 858 1974; x_wconf 92' lang='lat' dir='ltr'><strong>in</strong></span> <span class='ocrx_word' id='word_1_142' title='bbox 888 1917 1242 1990; x_wconf 86' lang='lat' dir='ltr'><strong>paneinani.</strong></span> <span class='ocrx_word' id='word_1_143' title='bbox 1266 1918 1337 1973; x_wconf 85' lang='lat' dir='ltr'><strong>Et</strong></span> <span class='ocrx_word' id='word_1_144' title='bbox 1360 1916 1559 1974; x_wconf 89' lang='lat' dir='ltr'><strong>emisit</strong></span> <span class='ocrx_word' id='word_1_145' title='bbox 1591 1917 1877 1974; x_wconf 89' lang='lat' dir='ltr'><strong>Dominus</strong></span> <span class='ocrx_word' id='word_1_146' title='bbox 1907 1918 1970 1973; x_wconf 90' lang='lat' dir='ltr'><strong>in</strong></span> <span class='ocrx_word' id='word_1_147' title='bbox 1996 1932 2177 1990; x_wconf 88' lang='lat' dir='ltr'><strong>popu-</strong></span> 
     </span>
    </p>
   </div>
   <div class='ocr_carea' id='block_1_22' title="bbox 526 2004 2171 2081">
    <p class='ocr_par' dir='ltr' id='par_1_22' title="bbox 526 2004 2171 2081">
     <span class='ocr_line' id='line_1_22' title="bbox 526 2004 2171 2081; baseline 0 -20"><span class='ocrx_word' id='word_1_148' title='bbox 526 2005 655 2063; x_wconf 85' lang='lat' dir='ltr'><strong>lum</strong></span> <span class='ocrx_word' id='word_1_149' title='bbox 678 2013 986 2079; x_wconf 87' lang='lat' dir='ltr'><strong>serpentes</strong></span> <span class='ocrx_word' id='word_1_150' title='bbox 1010 2004 1848 2079; x_wconf 85' lang='lat' dir='ltr'><strong>mortiferos,mordebantque</strong></span> <span class='ocrx_word' id='word_1_151' title='bbox 1863 2005 2171 2081; x_wconf 87' lang='lat' dir='ltr'><strong>populum:</strong></span> 
     </span>
    </p>
   </div>
   <div class='ocr_carea' id='block_1_23' title="bbox 529 2092 2170 2168">
    <p class='ocr_par' dir='ltr' id='par_1_23' title="bbox 529 2092 2170 2168">
     <span class='ocr_line' id='line_1_23' title="bbox 529 2092 2170 2168; baseline -0.002 -18"><span class='ocrx_word' id='word_1_152' title='bbox 529 2100 588 2150; x_wconf 85' lang='lat' dir='ltr'><strong>et</strong></span> <span class='ocrx_word' id='word_1_153' title='bbox 629 2101 897 2150; x_wconf 86' lang='lat' dir='ltr'><strong>mortuus</strong></span> <span class='ocrx_word' id='word_1_154' title='bbox 918 2100 1010 2151; x_wconf 88' lang='lat' dir='ltr'><strong>est</strong></span> <span class='ocrx_word' id='word_1_155' title='bbox 1036 2095 1293 2168; x_wconf 90' lang='lat' dir='ltr'><strong>populus</strong></span> <span class='ocrx_word' id='word_1_156' title='bbox 1320 2096 1546 2152; x_wconf 90' lang='lat' dir='ltr'><strong>multus</strong></span> <span class='ocrx_word' id='word_1_157' title='bbox 1568 2095 1828 2152; x_wconf 80' lang='lat' dir='ltr'><strong>ﬁliorum</strong></span> <span class='ocrx_word' id='word_1_158' title='bbox 1853 2092 2036 2153; x_wconf 90' lang='lat' dir='ltr'><strong>Israel</strong></span> <span class='ocrx_word' id='word_1_159' title='bbox 2053 2093 2115 2147; x_wconf 74' lang='grc'><strong>’⁸.</strong></span> <span class='ocrx_word' id='word_1_160' title='bbox 2141 2116 2170 2147; x_wconf 84' lang='grc'>››</span> 
     </span>
    </p>
   </div>
   <div class='ocr_carea' id='block_1_24' title="bbox 522 2183 2173 2258">
    <p class='ocr_par' dir='ltr' id='par_1_24' title="bbox 522 2183 2173 2258">
     <span class='ocr_line' id='line_1_24' title="bbox 522 2183 2173 2258; baseline 0.001 -19"><span class='ocrx_word' id='word_1_161' title='bbox 522 2209 595 2226; x_wconf 89' lang='lat'><strong>--</strong></span> <span class='ocrx_word' id='word_1_162' title='bbox 633 2202 662 2234; x_wconf 73' lang='grc' dir='ltr'><strong><em>κ</em></strong></span> <span class='ocrx_word' id='word_1_163' title='bbox 696 2183 898 2255; x_wconf 81' lang='lat' dir='ltr'><strong>Neque</strong></span> <span class='ocrx_word' id='word_1_164' title='bbox 923 2183 1328 2241; x_wconf 87' lang='lat' dir='ltr'><strong>murmuretis.</strong></span> <span class='ocrx_word' id='word_1_165' title='bbox 1359 2186 1604 2242; x_wconf 77' lang='lat' dir='ltr'><strong>nInnuit</strong></span> <span class='ocrx_word' id='word_1_166' title='bbox 1625 2184 1784 2258; x_wconf 86' lang='lat' dir='ltr'><strong>quod</strong></span> <span class='ocrx_word' id='word_1_167' title='bbox 1813 2185 1873 2242; x_wconf 92' lang='lat' dir='ltr'><strong>in</strong></span> <span class='ocrx_word' id='word_1_168' title='bbox 1893 2183 2173 2242; x_wconf 87' lang='lat' dir='ltr'><strong>tentatio-</strong></span> 
     </span>
    </p>
   </div>
   <div class='ocr_carea' id='block_1_25' title="bbox 525 2273 2172 2345">
    <p class='ocr_par' dir='ltr' id='par_1_25' title="bbox 525 2273 2172 2345">
     <span class='ocr_line' id='line_1_25' title="bbox 525 2273 2172 2345; baseline 0.001 -16"><span class='ocrx_word' id='word_1_169' title='bbox 525 2273 702 2329; x_wconf 86' lang='lat' dir='ltr'><strong>nibus</strong></span> <span class='ocrx_word' id='word_1_170' title='bbox 731 2287 853 2330; x_wconf 90' lang='lat' dir='ltr'><strong>non</strong></span> <span class='ocrx_word' id='word_1_171' title='bbox 874 2289 936 2330; x_wconf 89' lang='lat' dir='ltr'><strong>se</strong></span> <span class='ocrx_word' id='word_1_172' title='bbox 984 2273 1237 2331; x_wconf 82' lang='lat' dir='ltr'><strong>viriliter</strong></span> <span class='ocrx_word' id='word_1_173' title='bbox 1264 2274 1506 2345; x_wconf 85' lang='lat' dir='ltr'><strong>habent,</strong></span> <span class='ocrx_word' id='word_1_174' title='bbox 1549 2275 1652 2332; x_wconf 88' lang='lat' dir='ltr'><strong>sed</strong></span> <span class='ocrx_word' id='word_1_175' title='bbox 1679 2292 1813 2332; x_wconf 91' lang='lat' dir='ltr'><strong>cum</strong></span> <span class='ocrx_word' id='word_1_176' title='bbox 1845 2290 2172 2333; x_wconf 89' lang='lat' dir='ltr'><strong>murmure.</strong></span> 
     </span>
    </p>
   </div>
   <div class='ocr_carea' id='block_1_26' title="bbox 527 2363 2173 2442">
    <p class='ocr_par' dir='ltr' id='par_1_26' title="bbox 527 2363 2173 2442">
     <span class='ocr_line' id='line_1_26' title="bbox 527 2363 2173 2442; baseline 0.003 -23"><span class='ocrx_word' id='word_1_177' title='bbox 527 2364 655 2420; x_wconf 84' lang='lat' dir='ltr'><strong>Non</strong></span> <span class='ocrx_word' id='word_1_178' title='bbox 686 2363 847 2421; x_wconf 88' lang='lat' dir='ltr'><strong>enim</strong></span> <span class='ocrx_word' id='word_1_179' title='bbox 876 2379 1157 2439; x_wconf 85' lang='lat' dir='ltr'><strong>magnum</strong></span> <span class='ocrx_word' id='word_1_180' title='bbox 1180 2367 1404 2441; x_wconf 90' lang='lat' dir='ltr'><strong>estpati</strong></span> <span class='ocrx_word' id='word_1_181' title='bbox 1428 2364 1621 2425; x_wconf 87' lang='lat' dir='ltr'><strong>solum</strong></span> <span class='ocrx_word' id='word_1_182' title='bbox 1644 2382 1751 2442; x_wconf 90' lang='lat' dir='ltr'><strong>pro</strong></span> <span class='ocrx_word' id='word_1_183' title='bbox 1782 2368 2036 2437; x_wconf 87' lang='lat' dir='ltr'><strong>Christo,</strong></span> <span class='ocrx_word' id='word_1_184' title='bbox 2069 2367 2173 2424; x_wconf 86' lang='lat' dir='ltr'><strong>sed</strong></span> 
     </span>
    </p>
   </div>
   <div class='ocr_carea' id='block_1_27' title="bbox 527 2453 2171 2530">
    <p class='ocr_par' dir='ltr' id='par_1_27' title="bbox 527 2453 2171 2530">
     <span class='ocr_line' id='line_1_27' title="bbox 527 2453 2171 2530; baseline 0.002 -21"><span class='ocrx_word' id='word_1_185' title='bbox 527 2453 649 2529; x_wconf 87' lang='lat' dir='ltr'><strong>pati</strong></span> <span class='ocrx_word' id='word_1_186' title='bbox 682 2453 860 2511; x_wconf 87' lang='lat' dir='ltr'><strong>etiam</strong></span> <span class='ocrx_word' id='word_1_187' title='bbox 892 2470 1027 2512; x_wconf 91' lang='lat' dir='ltr'><strong>cum</strong></span> <span class='ocrx_word' id='word_1_188' title='bbox 1057 2457 1382 2530; x_wconf 81' lang='lat' dir='ltr'><strong>gratiarum</strong></span> <span class='ocrx_word' id='word_1_189' title='bbox 1406 2457 1636 2515; x_wconf 85' lang='lat' dir='ltr'><strong>actione</strong></span> <span class='ocrx_word' id='word_1_190' title='bbox 1669 2458 1823 2515; x_wconf 88' lang='lat' dir='ltr'><strong>sicut</strong></span> <span class='ocrx_word' id='word_1_191' title='bbox 1857 2456 1983 2515; x_wconf 77' lang='lat' dir='ltr'><strong>Job.</strong></span> <span class='ocrx_word' id='word_1_192' title='bbox 2016 2458 2171 2513; x_wconf 87' lang='lat' dir='ltr'><strong>Mur-</strong></span> 
     </span>
    </p>
   </div>
   <div class='ocr_carea' id='block_1_28' title="bbox 526 2546 2174 2622">
    <p class='ocr_par' dir='ltr' id='par_1_28' title="bbox 526 2546 2174 2622">
     <span class='ocr_line' id='line_1_28' title="bbox 526 2546 2174 2622; baseline 0.002 -21"><span class='ocrx_word' id='word_1_193' title='bbox 526 2551 910 2603; x_wconf 85' lang='lat' dir='ltr'><strong>muraverunt</strong></span> <span class='ocrx_word' id='word_1_194' title='bbox 928 2548 1109 2603; x_wconf 90' lang='lat' dir='ltr'><strong>etiam</strong></span> <span class='ocrx_word' id='word_1_195' title='bbox 1119 2546 1305 2605; x_wconf 58' lang='lat' dir='ltr'><strong>Judaei</strong></span> <span class='ocrx_word' id='word_1_196' title='bbox 1320 2549 1395 2605; x_wconf 90' lang='lat' dir='ltr'><strong>ad</strong></span> <span class='ocrx_word' id='word_1_197' title='bbox 1417 2548 1687 2606; x_wconf 88' lang='lat' dir='ltr'><strong>Merrhan</strong></span> <span class='ocrx_word' id='word_1_198' title='bbox 1704 2554 2174 2622; x_wconf 87' lang='lat' dir='ltr'><strong>propteraquam</strong></span> 
     </span>
    </p>
   </div>
   <div class='ocr_carea' id='block_1_29' title="bbox 527 2636 2174 2695">
    <p class='ocr_par' dir='ltr' id='par_1_29' title="bbox 527 2636 2174 2695">
     <span class='ocr_line' id='line_1_29' title="bbox 527 2636 2174 2695; baseline 0.001 -3"><span class='ocrx_word' id='word_1_199' title='bbox 527 2649 732 2692; x_wconf 86' lang='lat' dir='ltr'><strong>amara</strong></span> <span class='ocrx_word' id='word_1_200' title='bbox 756 2636 916 2693; x_wconf 91' lang='lat' dir='ltr'><strong>enim</strong></span> <span class='ocrx_word' id='word_1_201' title='bbox 957 2641 1085 2693; x_wconf 88' lang='lat' dir='ltr'><strong>erat</strong></span> <span class='ocrx_word' id='word_1_202' title='bbox 1102 2636 1170 2693; x_wconf 84' lang='grc'><strong>²¹.</strong></span> <span class='ocrx_word' id='word_1_203' title='bbox 1203 2637 1460 2695; x_wconf 80' lang='lat' dir='ltr'><strong>Rursum</strong></span> <span class='ocrx_word' id='word_1_204' title='bbox 1492 2644 2014 2694; x_wconf 88' lang='lat' dir='ltr'><strong>murmuraverunt</strong></span> <span class='ocrx_word' id='word_1_205' title='bbox 2039 2653 2174 2693; x_wconf 91' lang='lat' dir='ltr'><strong>cum</strong></span> 
     </span>
    </p>
   </div>
   <div class='ocr_carea' id='block_1_30' title="bbox 526 2723 2179 2797">
    <p class='ocr_par' dir='ltr' id='par_1_30' title="bbox 526 2723 2179 2797">
     <span class='ocr_line' id='line_1_30' title="bbox 526 2723 2179 2797; baseline 0.001 -19"><span class='ocrx_word' id='word_1_206' title='bbox 526 2738 648 2779; x_wconf 90' lang='lat' dir='ltr'><strong>non</strong></span> <span class='ocrx_word' id='word_1_207' title='bbox 678 2728 836 2780; x_wconf 89' lang='lat' dir='ltr'><strong>esset</strong></span> <span class='ocrx_word' id='word_1_208' title='bbox 876 2740 1033 2795; x_wconf 88' lang='lat' dir='ltr'><strong>aqua</strong></span> <span class='ocrx_word' id='word_1_209' title='bbox 1053 2723 1294 2797; x_wconf 85' lang='lat' dir='ltr'><strong>quando</strong></span> <span class='ocrx_word' id='word_1_210' title='bbox 1326 2725 1514 2782; x_wconf 87' lang='lat' dir='ltr'><strong>Moses</strong></span> <span class='ocrx_word' id='word_1_211' title='bbox 1541 2730 1601 2782; x_wconf 90' lang='lat' dir='ltr'><strong>et</strong></span> <span class='ocrx_word' id='word_1_212' title='bbox 1628 2728 1824 2782; x_wconf 75' lang='lat' dir='ltr'><strong>Aaron</strong></span> <span class='ocrx_word' id='word_1_213' title='bbox 1850 2723 2007 2797; x_wconf 90' lang='lat' dir='ltr'><strong>jussi</strong></span> <span class='ocrx_word' id='word_1_214' title='bbox 2039 2730 2179 2781; x_wconf 89' lang='lat' dir='ltr'><strong>sunt</strong></span> 
     </span>
    </p>
   </div>
   <div class='ocr_carea' id='block_1_31' title="bbox 531 2811 2179 2887">
    <p class='ocr_par' dir='ltr' id='par_1_31' title="bbox 531 2811 2179 2887">
     <span class='ocr_line' id='line_1_31' title="bbox 531 2811 2179 2887; baseline 0.001 -21"><span class='ocrx_word' id='word_1_215' title='bbox 531 2812 784 2868; x_wconf 87' lang='lat' dir='ltr'><strong>educere</strong></span> <span class='ocrx_word' id='word_1_216' title='bbox 834 2827 1051 2884; x_wconf 87' lang='lat' dir='ltr'><strong>aquam</strong></span> <span class='ocrx_word' id='word_1_217' title='bbox 1109 2811 1182 2869; x_wconf 88' lang='lat' dir='ltr'><strong>de</strong></span> <span class='ocrx_word' id='word_1_218' title='bbox 1238 2819 1439 2887; x_wconf 88' lang='lat' dir='ltr'><strong>petra:</strong></span> <span class='ocrx_word' id='word_1_219' title='bbox 1501 2819 1559 2870; x_wconf 90' lang='lat' dir='ltr'><strong>et</strong></span> <span class='ocrx_word' id='word_1_220' title='bbox 1586 2812 1689 2870; x_wconf 84' lang='lat' dir='ltr'><strong>illa</strong></span> <span class='ocrx_word' id='word_1_221' title='bbox 1717 2829 2002 2887; x_wconf 89' lang='lat' dir='ltr'><strong>percussa</strong></span> <span class='ocrx_word' id='word_1_222' title='bbox 2030 2812 2179 2869; x_wconf 83' lang='lat' dir='ltr'><strong>dixit</strong></span> 
     </span>
    </p>
   </div>
   <div class='ocr_carea' id='block_1_32' title="bbox 530 2899 2176 2981">
    <p class='ocr_par' dir='ltr' id='par_1_32' title="bbox 530 2899 2176 2981">
     <span class='ocr_line' id='line_1_32' title="bbox 530 2899 2176 2981; baseline 0 -25"><span class='ocrx_word' id='word_1_223' title='bbox 530 2899 719 2956; x_wconf 77' lang='lat' dir='ltr'><strong>Moses</strong></span> <span class='ocrx_word' id='word_1_224' title='bbox 752 2916 768 2956; x_wconf 87' lang='lat'><strong>:</strong></span> <span class='ocrx_word' id='word_1_225' title='bbox 799 2922 829 2951; x_wconf 83' lang='grc'><strong>‹‹</strong></span> <span class='ocrx_word' id='word_1_226' title='bbox 859 2902 1011 2958; x_wconf 87' lang='lat' dir='ltr'><strong>Num</strong></span> <span class='ocrx_word' id='word_1_227' title='bbox 1032 2917 1103 2958; x_wconf 89' lang='lat' dir='ltr'><strong>ex</strong></span> <span class='ocrx_word' id='word_1_228' title='bbox 1129 2908 1299 2976; x_wconf 86' lang='lat' dir='ltr'><strong>petra</strong></span> <span class='ocrx_word' id='word_1_229' title='bbox 1326 2903 1436 2960; x_wconf 88' lang='lat' dir='ltr'><strong>hac</strong></span> <span class='ocrx_word' id='word_1_230' title='bbox 1467 2902 1790 2960; x_wconf 89' lang='lat' dir='ltr'><strong>educemus</strong></span> <span class='ocrx_word' id='word_1_231' title='bbox 1814 2918 1997 2977; x_wconf 88' lang='lat' dir='ltr'><strong>aquas</strong></span> <span class='ocrx_word' id='word_1_232' title='bbox 2012 2903 2063 2981; x_wconf 52' lang='grc' dir='ltr'><strong>ξ’</strong></span> <span class='ocrx_word' id='word_1_233' title='bbox 2088 2902 2118 2959; x_wconf 82' lang='lat'><strong>?</strong></span> <span class='ocrx_word' id='word_1_234' title='bbox 2146 2925 2176 2955; x_wconf 89' lang='lat'>»</span> 
     </span>
    </p>
   </div>
   <div class='ocr_carea' id='block_1_33' title="bbox 529 2988 2178 3068">
    <p class='ocr_par' dir='ltr' id='par_1_33' title="bbox 529 2988 2178 3068">
     <span class='ocr_line' id='line_1_33' title="bbox 529 2988 2178 3068; baseline 0.001 -23"><span class='ocrx_word' id='word_1_235' title='bbox 529 2988 787 3046; x_wconf 80' lang='lat' dir='ltr'><strong>Rursum</strong></span> <span class='ocrx_word' id='word_1_236' title='bbox 826 2996 1351 3049; x_wconf 85' lang='lat' dir='ltr'><strong>murmuraverunt</strong></span> <span class='ocrx_word' id='word_1_237' title='bbox 1397 2990 1635 3068; x_wconf 85' lang='lat' dir='ltr'><strong>quando</strong></span> <span class='ocrx_word' id='word_1_238' title='bbox 1668 2992 1835 3050; x_wconf 89' lang='lat' dir='ltr'><strong>missi</strong></span> <span class='ocrx_word' id='word_1_239' title='bbox 1876 2998 2015 3049; x_wconf 90' lang='lat' dir='ltr'><strong>sunt</strong></span> <span class='ocrx_word' id='word_1_240' title='bbox 2043 2992 2178 3064; x_wconf 88' lang='lat' dir='ltr'><strong>qui-</strong></span> 
     </span>
    </p>
   </div>
   <div class='ocr_carea' id='block_1_34' title="bbox 530 3078 2174 3156">
    <p class='ocr_par' dir='ltr' id='par_1_34' title="bbox 530 3078 2174 3156">
     <span class='ocr_line' id='line_1_34' title="bbox 530 3078 2174 3156; baseline 0.002 -21"><span class='ocrx_word' id='word_1_241' title='bbox 530 3079 667 3137; x_wconf 87' lang='lat' dir='ltr'><strong>dam</strong></span> <span class='ocrx_word' id='word_1_242' title='bbox 698 3078 771 3136; x_wconf 87' lang='lat' dir='ltr'><strong>de</strong></span> <span class='ocrx_word' id='word_1_243' title='bbox 798 3081 1040 3155; x_wconf 84' lang='lat' dir='ltr'><strong>papula,</strong></span> <span class='ocrx_word' id='word_1_244' title='bbox 1072 3087 1139 3139; x_wconf 90' lang='lat' dir='ltr'><strong>ut</strong></span> <span class='ocrx_word' id='word_1_245' title='bbox 1158 3081 1543 3156; x_wconf 87' lang='lat' dir='ltr'><strong>explorarent</strong></span> <span class='ocrx_word' id='word_1_246' title='bbox 1564 3087 1784 3140; x_wconf 85' lang='lat' dir='ltr'><strong>terram</strong></span> <span class='ocrx_word' id='word_1_247' title='bbox 1806 3083 2085 3140; x_wconf 89' lang='lat' dir='ltr'><strong>Chanaan</strong></span> <span class='ocrx_word' id='word_1_248' title='bbox 2107 3080 2174 3139; x_wconf 73' lang='grc'><strong>’³.</strong></span> 
     </span>
    </p>
   </div>
   <div class='ocr_carea' id='block_1_35' title="bbox 531 3168 2179 3247">
    <p class='ocr_par' dir='ltr' id='par_1_35' title="bbox 531 3168 2179 3247">
     <span class='ocr_line' id='line_1_35' title="bbox 531 3168 2179 3247; baseline 0.001 -19"><span class='ocrx_word' id='word_1_249' title='bbox 531 3168 686 3228; x_wconf 68' lang='grc'><strong>818</strong></span> <span class='ocrx_word' id='word_1_250' title='bbox 707 3170 927 3229; x_wconf 86' lang='lat' dir='ltr'><strong>lterum</strong></span> <span class='ocrx_word' id='word_1_251' title='bbox 957 3179 1479 3230; x_wconf 80' lang='lat' dir='ltr'><strong>murmuraverunt</strong></span> <span class='ocrx_word' id='word_1_252' title='bbox 1519 3174 1756 3247; x_wconf 89' lang='lat' dir='ltr'><strong>quando</strong></span> <span class='ocrx_word' id='word_1_253' title='bbox 1778 3173 1963 3247; x_wconf 87' lang='lat' dir='ltr'><strong>jussit</strong></span> <span class='ocrx_word' id='word_1_254' title='bbox 1993 3175 2179 3229; x_wconf 85' lang='lat' dir='ltr'><strong>Moses</strong></span> 
     </span>
    </p>
   </div>
   <div class='ocr_carea' id='block_1_36' title="bbox 528 3257 2183 3337">
    <p class='ocr_par' dir='ltr' id='par_1_36' title="bbox 528 3257 2183 3337">
     <span class='ocr_line' id='line_1_36' title="bbox 528 3257 2183 3337; baseline 0.004 -25"><span class='ocrx_word' id='word_1_255' title='bbox 528 3257 752 3332; x_wconf 87' lang='lat' dir='ltr'><strong>populo</strong></span> <span class='ocrx_word' id='word_1_256' title='bbox 781 3265 848 3314; x_wconf 89' lang='lat' dir='ltr'><strong>ut</strong></span> <span class='ocrx_word' id='word_1_257' title='bbox 877 3259 1143 3317; x_wconf 83' lang='lat' dir='ltr'><strong>facerent</strong></span> <span class='ocrx_word' id='word_1_258' title='bbox 1171 3258 1342 3318; x_wconf 88' lang='lat' dir='ltr'><strong>tubas</strong></span> <span class='ocrx_word' id='word_1_259' title='bbox 1373 3269 1704 3336; x_wconf 89' lang='lat' dir='ltr'><strong>argenteas,</strong></span> <span class='ocrx_word' id='word_1_260' title='bbox 1737 3269 1803 3319; x_wconf 87' lang='lat' dir='ltr'><strong>ut</strong></span> <span class='ocrx_word' id='word_1_261' title='bbox 1831 3280 1939 3337; x_wconf 90' lang='lat' dir='ltr'><strong>per</strong></span> <span class='ocrx_word' id='word_1_262' title='bbox 1970 3280 2068 3320; x_wconf 87' lang='lat' dir='ltr'><strong>eas</strong></span> <span class='ocrx_word' id='word_1_263' title='bbox 2101 3263 2183 3319; x_wconf 91' lang='lat' dir='ltr'><strong>si-</strong></span> 
     </span>
    </p>
   </div>
   <div class='ocr_carea' id='block_1_37' title="bbox 532 3348 2176 3421">
    <p class='ocr_par' dir='ltr' id='par_1_37' title="bbox 532 3348 2176 3421">
     <span class='ocr_line' id='line_1_37' title="bbox 532 3348 2176 3421; baseline 0.005 -21"><span class='ocrx_word' id='word_1_264' title='bbox 532 3362 715 3421; x_wconf 88' lang='lat' dir='ltr'><strong>gnum</strong></span> <span class='ocrx_word' id='word_1_265' title='bbox 738 3348 947 3404; x_wconf 90' lang='lat' dir='ltr'><strong>darent</strong></span> <span class='ocrx_word' id='word_1_266' title='bbox 964 3349 1030 3404; x_wconf 74' lang='lat'><strong>&quot;.</strong></span> <span class='ocrx_word' id='word_1_267' title='bbox 1049 3348 1138 3405; x_wconf 80' lang='lat' dir='ltr'><strong>Ad</strong></span> <span class='ocrx_word' id='word_1_268' title='bbox 1167 3349 1295 3406; x_wconf 73' lang='lat' dir='ltr'><strong>haac</strong></span> <span class='ocrx_word' id='word_1_269' title='bbox 1326 3367 1463 3408; x_wconf 90' lang='lat' dir='ltr'><strong>cum</strong></span> <span class='ocrx_word' id='word_1_270' title='bbox 1489 3350 1818 3409; x_wconf 88' lang='lat' dir='ltr'><strong>elevaretur</strong></span> <span class='ocrx_word' id='word_1_271' title='bbox 1840 3369 1997 3421; x_wconf 89' lang='lat' dir='ltr'><strong>arca,</strong></span> <span class='ocrx_word' id='word_1_272' title='bbox 2018 3369 2176 3408; x_wconf 87' lang='lat' dir='ltr'><strong>mur-</strong></span> 
     </span>
    </p>
   </div>
   <div class='ocr_carea' id='block_1_38' title="bbox 533 3437 2179 3514">
    <p class='ocr_par' dir='ltr' id='par_1_38' title="bbox 533 3437 2179 3514">
     <span class='ocr_line' id='line_1_38' title="bbox 533 3437 2179 3514; baseline 0.004 -23"><span class='ocrx_word' id='word_1_273' title='bbox 533 3437 788 3492; x_wconf 85' lang='lat' dir='ltr'><strong>muravit</strong></span> <span class='ocrx_word' id='word_1_274' title='bbox 816 3438 1091 3511; x_wconf 84' lang='lat' dir='ltr'><strong>papulus,</strong></span> <span class='ocrx_word' id='word_1_275' title='bbox 1116 3444 1176 3495; x_wconf 89' lang='lat' dir='ltr'><strong>et</strong></span> <span class='ocrx_word' id='word_1_276' title='bbox 1201 3440 1399 3496; x_wconf 90' lang='lat' dir='ltr'><strong>statim</strong></span> <span class='ocrx_word' id='word_1_277' title='bbox 1432 3448 1641 3498; x_wconf 85' lang='lat' dir='ltr'><strong>exusta</strong></span> <span class='ocrx_word' id='word_1_278' title='bbox 1670 3448 1760 3499; x_wconf 90' lang='lat' dir='ltr'><strong>est</strong></span> <span class='ocrx_word' id='word_1_279' title='bbox 1790 3459 1928 3514; x_wconf 88' lang='lat' dir='ltr'><strong>pars</strong></span> <span class='ocrx_word' id='word_1_280' title='bbox 1959 3448 2179 3499; x_wconf 83' lang='lat' dir='ltr'><strong>castro-</strong></span> 
     </span>
    </p>
   </div>
   <div class='ocr_carea' id='block_1_39' title="bbox 535 3526 2176 3587">
    <p class='ocr_par' dir='ltr' id='par_1_39' title="bbox 535 3526 2176 3587">
     <span class='ocr_line' id='line_1_39' title="bbox 535 3526 2176 3587; baseline 0.004 -6"><span class='ocrx_word' id='word_1_281' title='bbox 535 3539 670 3581; x_wconf 85' lang='lat' dir='ltr'><strong>rum</strong></span> <span class='ocrx_word' id='word_1_282' title='bbox 694 3542 709 3581; x_wconf 91' lang='lat'><strong><em>:</em></strong></span> <span class='ocrx_word' id='word_1_283' title='bbox 740 3530 800 3582; x_wconf 89' lang='lat' dir='ltr'><strong>et</strong></span> <span class='ocrx_word' id='word_1_284' title='bbox 825 3531 1068 3583; x_wconf 86' lang='lat' dir='ltr'><strong>vocatus</strong></span> <span class='ocrx_word' id='word_1_285' title='bbox 1097 3533 1190 3585; x_wconf 85' lang='lat' dir='ltr'><strong>est</strong></span> <span class='ocrx_word' id='word_1_286' title='bbox 1222 3526 1390 3585; x_wconf 89' lang='lat' dir='ltr'><strong>locus</strong></span> <span class='ocrx_word' id='word_1_287' title='bbox 1419 3530 1684 3587; x_wconf 84' lang='lat' dir='ltr'><strong>Tentatio</strong></span> <span class='ocrx_word' id='word_1_288' title='bbox 1716 3530 1835 3586; x_wconf 85' lang='lat' dir='ltr'><strong>sive</strong></span> <span class='ocrx_word' id='word_1_289' title='bbox 1866 3529 2134 3587; x_wconf 87' lang='lat' dir='ltr'><strong>lncensio</strong></span> <span class='ocrx_word' id='word_1_290' title='bbox 2163 3547 2176 3587; x_wconf 90' lang='lat'>:</span> 
     </span>
    </p>
   </div>
   <div class='ocr_carea' id='block_1_40' title="bbox 536 3613 2179 3692">
    <p class='ocr_par' dir='ltr' id='par_1_40' title="bbox 536 3613 2179 3692">
     <span class='ocr_line' id='line_1_40' title="bbox 536 3613 2179 3692; baseline 0.003 -21"><span class='ocrx_word' id='word_1_291' title='bbox 536 3613 841 3688; x_wconf 83' lang='lat' dir='ltr'><strong>oravitque</strong></span> <span class='ocrx_word' id='word_1_292' title='bbox 897 3616 1107 3685; x_wconf 87' lang='lat' dir='ltr'><strong>Moses,</strong></span> <span class='ocrx_word' id='word_1_293' title='bbox 1175 3621 1234 3673; x_wconf 90' lang='lat' dir='ltr'><strong>et</strong></span> <span class='ocrx_word' id='word_1_294' title='bbox 1291 3617 1540 3675; x_wconf 84' lang='lat' dir='ltr'><strong>cessavit</strong></span> <span class='ocrx_word' id='word_1_295' title='bbox 1594 3616 1954 3692; x_wconf 88' lang='lat' dir='ltr'><strong>supplicium</strong></span> <span class='ocrx_word' id='word_1_296' title='bbox 1978 3618 2038 3674; x_wconf 78' lang='grc'><strong>³⁸.</strong></span> <span class='ocrx_word' id='word_1_297' title='bbox 2076 3620 2179 3676; x_wconf 85' lang='lat' dir='ltr'><strong>Vo-</strong></span> 
     </span>
    </p>
   </div>
   <div class='ocr_carea' id='block_1_41' title="bbox 534 3704 2208 3788">
    <p class='ocr_par' dir='ltr' id='par_1_41' title="bbox 534 3704 2208 3788">
     <span class='ocr_line' id='line_1_41' title="bbox 534 3704 2208 3788; baseline 0.003 -28"><span class='ocrx_word' id='word_1_298' title='bbox 534 3708 630 3760; x_wconf 90' lang='lat' dir='ltr'><strong>cat</strong></span> <span class='ocrx_word' id='word_1_299' title='bbox 674 3708 874 3761; x_wconf 89' lang='lat' dir='ltr'><strong>autem</strong></span> <span class='ocrx_word' id='word_1_300' title='bbox 932 3720 1179 3780; x_wconf 89' lang='lat' dir='ltr'><strong>magnus</strong></span> <span class='ocrx_word' id='word_1_301' title='bbox 1236 3704 1456 3765; x_wconf 87' lang='lat' dir='ltr'><strong>Paulus</strong></span> <span class='ocrx_word' id='word_1_302' title='bbox 1502 3707 2027 3781; x_wconf 88' lang='lat' dir='ltr'><strong>interemptionem</strong></span> <span class='ocrx_word' id='word_1_303' title='bbox 2070 3723 2208 3788; x_wconf 5' lang='lat' dir='ltr'><strong>po-p</strong></span> 
     </span>
    </p>
   </div>
   <div class='ocr_carea' id='block_1_42' title="bbox 527 3793 1516 3868">
    <p class='ocr_par' dir='ltr' id='par_1_42' title="bbox 527 3793 1516 3868">
     <span class='ocr_line' id='line_1_42' title="bbox 527 3793 1516 3868; baseline 0.004 -17"><span class='ocrx_word' id='word_1_304' title='bbox 527 3795 778 3852; x_wconf 79' lang='lat' dir='ltr'><strong>tentiam</strong></span> <span class='ocrx_word' id='word_1_305' title='bbox 811 3794 1133 3867; x_wconf 85' lang='lat' dir='ltr'><strong>quamdam</strong></span> <span class='ocrx_word' id='word_1_306' title='bbox 1165 3793 1516 3868; x_wconf 88' lang='lat' dir='ltr'><strong>puuitivam.</strong></span> 
     </span>
    </p>
   </div>
   <div class='ocr_carea' id='block_1_43' title="bbox 597 3884 2173 3965">
    <p class='ocr_par' dir='ltr' id='par_1_43' title="bbox 597 3884 2173 3965">
     <span class='ocr_line' id='line_1_43' title="bbox 597 3884 2173 3965; baseline 0.002 -25"><span class='ocrx_word' id='word_1_307' title='bbox 597 3885 665 3954; x_wconf 85' lang='lat' dir='ltr'><strong>X,</strong></span> <span class='ocrx_word' id='word_1_308' title='bbox 695 3885 883 3941; x_wconf 75' lang='lat' dir='ltr'><strong>1M3.</strong></span> <span class='ocrx_word' id='word_1_309' title='bbox 909 3906 938 3936; x_wconf 87' lang='grc'><strong>‹‹</strong></span> <span class='ocrx_word' id='word_1_310' title='bbox 974 3884 1107 3943; x_wconf 69' lang='lat' dir='ltr'><strong>Haec</strong></span> <span class='ocrx_word' id='word_1_311' title='bbox 1137 3891 1336 3944; x_wconf 87' lang='lat' dir='ltr'><strong>autem</strong></span> <span class='ocrx_word' id='word_1_312' title='bbox 1368 3888 1571 3946; x_wconf 89' lang='lat' dir='ltr'><strong>omnia</strong></span> <span class='ocrx_word' id='word_1_313' title='bbox 1606 3889 1668 3945; x_wconf 90' lang='lat' dir='ltr'><strong>in</strong></span> <span class='ocrx_word' id='word_1_314' title='bbox 1728 3887 1931 3965; x_wconf 77' lang='lat' dir='ltr'><strong>figuris</strong></span> <span class='ocrx_word' id='word_1_315' title='bbox 1984 3887 2173 3947; x_wconf 88' lang='lat' dir='ltr'><strong>conti-</strong></span> 
     </span>
    </p>
   </div>
   <div class='ocr_carea' id='block_1_44' title="bbox 521 3974 2175 4052">
    <p class='ocr_par' dir='ltr' id='par_1_44' title="bbox 521 3974 2175 4052">
     <span class='ocr_line' id='line_1_44' title="bbox 521 3974 2175 4052; baseline 0.004 -23"><span class='ocrx_word' id='word_1_316' title='bbox 521 4000 551 4029; x_wconf 77' lang='grc' dir='ltr'><strong>α</strong></span> <span class='ocrx_word' id='word_1_317' title='bbox 578 3981 791 4052; x_wconf 89' lang='lat' dir='ltr'><strong>gerunt</strong></span> <span class='ocrx_word' id='word_1_318' title='bbox 808 3974 1187 4052; x_wconf 85' lang='lat' dir='ltr'><strong>illis.Scripta</strong></span> <span class='ocrx_word' id='word_1_319' title='bbox 1216 3983 1354 4036; x_wconf 89' lang='lat' dir='ltr'><strong>sunt</strong></span> <span class='ocrx_word' id='word_1_320' title='bbox 1374 3987 1573 4041; x_wconf 89' lang='lat' dir='ltr'><strong>autem</strong></span> <span class='ocrx_word' id='word_1_321' title='bbox 1595 3979 1670 4037; x_wconf 90' lang='lat' dir='ltr'><strong>ad</strong></span> <span class='ocrx_word' id='word_1_322' title='bbox 1691 3981 1880 4039; x_wconf 88' lang='lat' dir='ltr'><strong>nostri</strong></span> <span class='ocrx_word' id='word_1_323' title='bbox 1901 3980 2175 4039; x_wconf 89' lang='lat' dir='ltr'><strong>admoni-</strong></span> 
     </span>
    </p>
   </div>
   <div class='ocr_carea' id='block_1_45' title="bbox 524 4065 2168 4140">
    <p class='ocr_par' dir='ltr' id='par_1_45' title="bbox 524 4065 2168 4140">
     <span class='ocr_line' id='line_1_45' title="bbox 524 4065 2168 4140; baseline 0.002 -19"><span class='ocrx_word' id='word_1_324' title='bbox 524 4091 552 4118; x_wconf 84' lang='lat'><strong><em>«</em></strong></span> <span class='ocrx_word' id='word_1_325' title='bbox 586 4068 813 4124; x_wconf 84' lang='lat' dir='ltr'><strong>tionem</strong></span> <span class='ocrx_word' id='word_1_326' title='bbox 870 4065 943 4124; x_wconf 88' lang='lat' dir='ltr'><strong>ad</strong></span> <span class='ocrx_word' id='word_1_327' title='bbox 974 4082 1124 4140; x_wconf 87' lang='lat' dir='ltr'><strong>quos</strong></span> <span class='ocrx_word' id='word_1_328' title='bbox 1173 4068 1325 4125; x_wconf 83' lang='lat' dir='ltr'><strong>fines</strong></span> <span class='ocrx_word' id='word_1_329' title='bbox 1363 4070 1720 4129; x_wconf 69' lang='lat' dir='ltr'><strong>saacuiorum</strong></span> <span class='ocrx_word' id='word_1_330' title='bbox 1766 4075 2168 4128; x_wconf 89' lang='lat' dir='ltr'><strong>occurrerunt.</strong></span> 
     </span>
    </p>
   </div>
   <div class='ocr_carea' id='block_1_46' title="bbox 527 4155 2166 4230">
    <p class='ocr_par' dir='ltr' id='par_1_46' title="bbox 527 4155 2166 4230">
     <span class='ocr_line' id='line_1_46' title="bbox 527 4155 2166 4230; baseline 0.002 -20"><span class='ocrx_word' id='word_1_331' title='bbox 527 4179 556 4210; x_wconf 75' lang='grc' dir='ltr'>ι(</span> <span class='ocrx_word' id='word_1_332' title='bbox 589 4156 841 4214; x_wconf 85' lang='lat' dir='ltr'><strong>Proinde</strong></span> <span class='ocrx_word' id='word_1_333' title='bbox 898 4157 1000 4230; x_wconf 90' lang='lat' dir='ltr'><strong>qui</strong></span> <span class='ocrx_word' id='word_1_334' title='bbox 1034 4155 1146 4214; x_wconf 88' lang='lat' dir='ltr'><strong>sibi</strong></span> <span class='ocrx_word' id='word_1_335' title='bbox 1179 4157 1412 4219; x_wconf 87' lang='lat' dir='ltr'><strong>videtur</strong></span> <span class='ocrx_word' id='word_1_336' title='bbox 1442 4166 1620 4229; x_wconf 86' lang='lat' dir='ltr'><strong>stare,</strong></span> <span class='ocrx_word' id='word_1_337' title='bbox 1647 4159 1842 4218; x_wconf 84' lang='lat' dir='ltr'><strong>videat</strong></span> <span class='ocrx_word' id='word_1_338' title='bbox 1875 4177 1948 4216; x_wconf 90' lang='lat' dir='ltr'><strong>ne</strong></span> <span class='ocrx_word' id='word_1_339' title='bbox 1976 4157 2166 4217; x_wconf 89' lang='lat' dir='ltr'><strong>cadat.</strong></span> 
     </span>
    </p>
   </div>
   <div class='ocr_carea' id='block_1_47' title="bbox 528 4246 2171 4323">
    <p class='ocr_par' dir='ltr' id='par_1_47' title="bbox 528 4246 2171 4323">
     <span class='ocr_line' id='line_1_47' title="bbox 528 4246 2171 4323; baseline 0.004 -24"><span class='ocrx_word' id='word_1_340' title='bbox 528 4269 556 4299; x_wconf 81' lang='grc'><strong>‹‹</strong></span> <span class='ocrx_word' id='word_1_341' title='bbox 579 4246 844 4305; x_wconf 88' lang='lat' dir='ltr'><strong>Tentatio</strong></span> <span class='ocrx_word' id='word_1_342' title='bbox 876 4262 976 4303; x_wconf 88' lang='lat' dir='ltr'><strong>vos</strong></span> <span class='ocrx_word' id='word_1_343' title='bbox 1006 4263 1128 4303; x_wconf 90' lang='lat' dir='ltr'><strong>non</strong></span> <span class='ocrx_word' id='word_1_344' title='bbox 1160 4247 1692 4323; x_wconf 84' lang='lat' dir='ltr'><strong>apprehendit,nisi</strong></span> <span class='ocrx_word' id='word_1_345' title='bbox 1723 4248 2171 4307; x_wconf 85' lang='lat' dir='ltr'><strong>humana.Fide-</strong></span> 
     </span>
    </p>
   </div>
   <div class='ocr_carea' id='block_1_48' title="bbox 521 4335 2167 4412">
    <p class='ocr_par' dir='ltr' id='par_1_48' title="bbox 521 4335 2167 4412">
     <span class='ocr_line' id='line_1_48' title="bbox 521 4335 2167 4412; baseline 0.004 -23"><span class='ocrx_word' id='word_1_346' title='bbox 521 4361 549 4389; x_wconf 75' lang='grc' dir='ltr'>ι(</span> <span class='ocrx_word' id='word_1_347' title='bbox 584 4335 659 4395; x_wconf 84' lang='lat' dir='ltr'><strong>iis</strong></span> <span class='ocrx_word' id='word_1_348' title='bbox 690 4341 780 4396; x_wconf 88' lang='lat' dir='ltr'><strong>est</strong></span> <span class='ocrx_word' id='word_1_349' title='bbox 808 4342 1008 4394; x_wconf 89' lang='lat' dir='ltr'><strong>autem</strong></span> <span class='ocrx_word' id='word_1_350' title='bbox 1040 4336 1196 4394; x_wconf 90' lang='lat' dir='ltr'><strong>Deus</strong></span> <span class='ocrx_word' id='word_1_351' title='bbox 1228 4337 1329 4412; x_wconf 90' lang='lat' dir='ltr'><strong>qui</strong></span> <span class='ocrx_word' id='word_1_352' title='bbox 1361 4355 1479 4395; x_wconf 91' lang='lat' dir='ltr'><strong>non</strong></span> <span class='ocrx_word' id='word_1_353' title='bbox 1504 4339 1660 4394; x_wconf 90' lang='lat' dir='ltr'><strong>sinet</strong></span> <span class='ocrx_word' id='word_1_354' title='bbox 1688 4356 1788 4396; x_wconf 90' lang='lat' dir='ltr'><strong>vos</strong></span> <span class='ocrx_word' id='word_1_355' title='bbox 1819 4339 2033 4396; x_wconf 89' lang='lat' dir='ltr'><strong>tentari</strong></span> <span class='ocrx_word' id='word_1_356' title='bbox 2065 4354 2167 4397; x_wconf 86' lang='lat' dir='ltr'><strong>su-</strong></span> 
     </span>
    </p>
   </div>
   <div class='ocr_carea' id='block_1_49' title="bbox 520 4425 2165 4505">
    <p class='ocr_par' dir='ltr' id='par_1_49' title="bbox 520 4425 2165 4505">
     <span class='ocr_line' id='line_1_49' title="bbox 520 4425 2165 4505; baseline 0.002 -23"><span class='ocrx_word' id='word_1_357' title='bbox 520 4453 547 4482; x_wconf 83' lang='grc'><strong>‹‹</strong></span> <span class='ocrx_word' id='word_1_358' title='bbox 580 4447 688 4505; x_wconf 89' lang='lat' dir='ltr'><strong>pra</strong></span> <span class='ocrx_word' id='word_1_359' title='bbox 717 4425 777 4485; x_wconf 85' lang='lat' dir='ltr'><strong>id</strong></span> <span class='ocrx_word' id='word_1_360' title='bbox 805 4426 963 4503; x_wconf 87' lang='lat' dir='ltr'><strong>quod</strong></span> <span class='ocrx_word' id='word_1_361' title='bbox 1010 4425 1280 4502; x_wconf 86' lang='lat' dir='ltr'><strong>potestis,</strong></span> <span class='ocrx_word' id='word_1_362' title='bbox 1314 4428 1417 4485; x_wconf 90' lang='lat' dir='ltr'><strong>sed</strong></span> <span class='ocrx_word' id='word_1_363' title='bbox 1450 4427 1627 4487; x_wconf 80' lang='lat' dir='ltr'><strong>faciet</strong></span> <span class='ocrx_word' id='word_1_364' title='bbox 1656 4426 1837 4486; x_wconf 88' lang='lat' dir='ltr'><strong>simul</strong></span> <span class='ocrx_word' id='word_1_365' title='bbox 1864 4446 1999 4486; x_wconf 91' lang='lat' dir='ltr'><strong>cum</strong></span> <span class='ocrx_word' id='word_1_366' title='bbox 2032 4434 2165 4485; x_wconf 83' lang='lat' dir='ltr'><strong>ten-</strong></span> 
     </span>
    </p>
   </div>
   <div class='ocr_carea' id='block_1_50' title="bbox 516 4515 2048 4590">
    <p class='ocr_par' dir='ltr' id='par_1_50' title="bbox 516 4515 2048 4590">
     <span class='ocr_line' id='line_1_50' title="bbox 516 4515 2048 4590; baseline 0.001 -21"><span class='ocrx_word' id='word_1_367' title='bbox 516 4542 544 4569; x_wconf 86' lang='grc'><strong>‹‹</strong></span> <span class='ocrx_word' id='word_1_368' title='bbox 577 4517 802 4576; x_wconf 74' lang='lat' dir='ltr'><strong>talione</strong></span> <span class='ocrx_word' id='word_1_369' title='bbox 829 4517 1010 4574; x_wconf 90' lang='lat' dir='ltr'><strong>etiam</strong></span> <span class='ocrx_word' id='word_1_370' title='bbox 1031 4523 1333 4583; x_wconf 87' lang='lat' dir='ltr'><strong>eventum,</strong></span> <span class='ocrx_word' id='word_1_371' title='bbox 1364 4521 1431 4572; x_wconf 89' lang='lat' dir='ltr'><strong>ut</strong></span> <span class='ocrx_word' id='word_1_372' title='bbox 1459 4515 1700 4590; x_wconf 86' lang='lat' dir='ltr'><strong>possitis</strong></span> <span class='ocrx_word' id='word_1_373' title='bbox 1728 4518 1998 4574; x_wconf 79' lang='lat' dir='ltr'><strong>sufferre.</strong></span> <span class='ocrx_word' id='word_1_374' title='bbox 2025 4543 2048 4571; x_wconf 78' lang='grc' dir='ltr'><strong>ι</strong></span> 
     </span>
    </p>
   </div>
   <div class='ocr_carea' id='block_1_51' title="bbox 2272 570 3985 648">
    <p class='ocr_par' dir='ltr' id='par_1_51' title="bbox 2272 570 3985 648">
     <span class='ocr_line' id='line_1_51' title="bbox 2272 570 3985 648; baseline 0.005 -23"><span class='ocrx_word' id='word_1_375' title='bbox 2272 572 2307 642; x_wconf 69' lang='grc' dir='ltr'>ἡ</span> <span class='ocrx_word' id='word_1_376' title='bbox 2340 571 2480 645; x_wconf 75' lang='grc' dir='ltr'>ὀργή</span> <span class='ocrx_word' id='word_1_377' title='bbox 2507 575 2684 645; x_wconf 80' lang='grc' dir='ltr'>θυμοῦ</span> <span class='ocrx_word' id='word_1_378' title='bbox 2716 571 2913 647; x_wconf 78' lang='grc' dir='ltr'>Κυρίου</span> <span class='ocrx_word' id='word_1_379' title='bbox 2945 571 3050 629; x_wconf 73' lang='grc' dir='ltr'><strong>ἀπὸ</strong></span> <span class='ocrx_word' id='word_1_380' title='bbox 3088 573 3330 648; x_wconf 69' lang='grc' dir='ltr'>Ἰσραὴλ.</span> <span class='ocrx_word' id='word_1_381' title='bbox 3390 574 3484 629; x_wconf 76' lang='grc' dir='ltr'><strong>Καὶ</strong></span> <span class='ocrx_word' id='word_1_382' title='bbox 3541 576 3655 631; x_wconf 74' lang='grc' dir='ltr'>εἶπε</span> <span class='ocrx_word' id='word_1_383' title='bbox 3706 578 3879 646; x_wconf 75' lang='grc' dir='ltr'>Μωσῆς</span> <span class='ocrx_word' id='word_1_384' title='bbox 3984 570 3985 595; x_wconf 61' lang='grc'><strong>¹</strong></span> 
     </span>
    </p>
   </div>
   <div class='ocr_carea' id='block_1_52' title="bbox 2269 658 3985 739">
    <p class='ocr_par' dir='ltr' id='par_1_52' title="bbox 2269 658 3985 739">
     <span class='ocr_line' id='line_1_52' title="bbox 2269 658 3985 739; baseline 0.005 -24"><span class='ocrx_word' id='word_1_385' title='bbox 2269 662 2388 723; x_wconf 83' lang='grc' dir='ltr'>ταῖς</span> <span class='ocrx_word' id='word_1_386' title='bbox 2421 658 2620 739; x_wconf 73' lang='grc' dir='ltr'>φυλαῖς</span> <span class='ocrx_word' id='word_1_387' title='bbox 2645 660 2886 733; x_wconf 66' lang='grc' dir='ltr'>Ἰσραήλ.</span> <span class='ocrx_word' id='word_1_388' title='bbox 2916 661 2970 718; x_wconf 84' lang='grc' dir='ltr'><strong>’Δ</strong></span> <span class='ocrx_word' id='word_1_389' title='bbox 2982 661 3320 718; x_wconf 75' lang='grc' dir='ltr'>ποκτείναντε</span> <span class='ocrx_word' id='word_1_390' title='bbox 3348 659 3576 726; x_wconf 62' lang='lat' dir='ltr'><strong>hanc:</strong></span> <span class='ocrx_word' id='word_1_391' title='bbox 3596 666 3687 720; x_wconf 82' lang='grc' dir='ltr'>τὸν</span> <span class='ocrx_word' id='word_1_392' title='bbox 3717 666 3881 722; x_wconf 72' lang='grc' dir='ltr'>οἰκεῖον</span> 
     </span>
    </p>
   </div>
   <div class='ocr_carea' id='block_1_53' title="bbox 2273 730 3985 832">
    <p class='ocr_par' dir='ltr' id='par_1_53' title="bbox 2273 730 3985 832">
     <span class='ocr_line' id='line_1_53' title="bbox 2273 730 3985 832; baseline 0.006 -29"><span class='ocrx_word' id='word_1_393' title='bbox 2273 730 2444 803; x_wconf 58' lang='lat' dir='ltr'><strong>autcf;</strong></span> <span class='ocrx_word' id='word_1_394' title='bbox 2473 748 2564 803; x_wconf 80' lang='grc' dir='ltr'><strong>τὸν</strong></span> <span class='ocrx_word' id='word_1_395' title='bbox 2614 730 2995 822; x_wconf 70' lang='grc' dir='ltr'>τετελεσμένον</span> <span class='ocrx_word' id='word_1_396' title='bbox 3053 752 3136 825; x_wconf 76' lang='grc' dir='ltr'>τῷ</span> <span class='ocrx_word' id='word_1_397' title='bbox 3193 750 3533 832; x_wconf 72' lang='grc' dir='ltr'>Βεελφεγώρ.</span> <span class='ocrx_word' id='word_1_398' title='bbox 3590 755 3719 811; x_wconf 80' lang='grc' dir='ltr'>Τότε</span> <span class='ocrx_word' id='word_1_399' title='bbox 3759 758 3885 813; x_wconf 77' lang='grc' dir='ltr'>καὶὸ</span> 
     </span>
    </p>
   </div>
   <div class='ocr_carea' id='block_1_54' title="bbox 2274 836 3985 919">
    <p class='ocr_par' dir='ltr' id='par_1_54' title="bbox 2274 836 3985 919">
     <span class='ocr_line' id='line_1_54' title="bbox 2274 836 3985 919; baseline 0.005 -26"><span class='ocrx_word' id='word_1_400' title='bbox 2274 836 2436 898; x_wconf 71' lang='grc' dir='ltr'><strong>Φῖνές</strong></span> <span class='ocrx_word' id='word_1_401' title='bbox 2469 837 2585 900; x_wconf 73' lang='grc' dir='ltr'>υἱὸς</span> <span class='ocrx_word' id='word_1_402' title='bbox 2639 837 2899 915; x_wconf 73' lang='grc' dir='ltr'>Ἐλεάζαρ</span> <span class='ocrx_word' id='word_1_403' title='bbox 2958 840 3367 915; x_wconf 73' lang='grc' dir='ltr'>ωνεεεκέντηστ</span> <span class='ocrx_word' id='word_1_404' title='bbox 3416 847 3497 915; x_wconf 79' lang='grc' dir='ltr'><strong>τῷ</strong></span> <span class='ocrx_word' id='word_1_405' title='bbox 3549 839 3773 919; x_wconf 76' lang='grc' dir='ltr'>Ζαμϐρῇ</span> <span class='ocrx_word' id='word_1_406' title='bbox 3818 849 3883 902; x_wconf 76' lang='grc' dir='ltr'>καὶ</span> <span class='ocrx_word' id='word_1_407' title='bbox 3984 836 3985 885; x_wconf 55' lang='grc' dir='ltr'><strong>ἶ</strong></span> 
     </span>
    </p>
   </div>
   <div class='ocr_carea' id='block_1_55' title="bbox 2271 921 3882 1004">
    <p class='ocr_par' dir='ltr' id='par_1_55' title="bbox 2271 921 3882 1004">
     <span class='ocr_line' id='line_1_55' title="bbox 2271 921 3882 1004; baseline 0.007 -26"><span class='ocrx_word' id='word_1_408' title='bbox 2271 926 2339 998; x_wconf 78' lang='grc' dir='ltr'><strong>τῇ</strong></span> <span class='ocrx_word' id='word_1_409' title='bbox 2399 925 2615 1002; x_wconf 81' lang='grc' dir='ltr'>γυναικῖ</span> <span class='ocrx_word' id='word_1_410' title='bbox 2673 921 2891 1004; x_wconf 75' lang='grc' dir='ltr'>Χᾶσϐῃ,</span> <span class='ocrx_word' id='word_1_411' title='bbox 2949 929 3040 983; x_wconf 78' lang='grc' dir='ltr'>καὶ</span> <span class='ocrx_word' id='word_1_412' title='bbox 3092 928 3339 1003; x_wconf 69' lang='grc' dir='ltr'>ἐγένοντο</span> <span class='ocrx_word' id='word_1_413' title='bbox 3377 932 3429 984; x_wconf 70' lang='grc' dir='ltr'>οἱ</span> <span class='ocrx_word' id='word_1_414' title='bbox 3494 933 3807 1003; x_wconf 74' lang='grc' dir='ltr'><strong>τεθνηκότες</strong></span> <span class='ocrx_word' id='word_1_415' title='bbox 3846 933 3882 990; x_wconf 72' lang='grc' dir='ltr'>ἓν</span> 
     </span>
    </p>
   </div>
   <div class='ocr_carea' id='block_1_56' title="bbox 2273 1014 3886 1094">
    <p class='ocr_par' dir='ltr' id='par_1_56' title="bbox 2273 1014 3886 1094">
     <span class='ocr_line' id='line_1_56' title="bbox 2273 1014 3886 1094; baseline 0.007 -25"><span class='ocrx_word' id='word_1_416' title='bbox 2273 1015 2342 1089; x_wconf 79' lang='grc' dir='ltr'><strong>τῇ</strong></span> <span class='ocrx_word' id='word_1_417' title='bbox 2374 1014 2558 1091; x_wconf 77' lang='grc' dir='ltr'>πλθγῇ</span> <span class='ocrx_word' id='word_1_418' title='bbox 2603 1015 2922 1093; x_wconf 75' lang='grc' dir='ltr'><strong>εἰκοσιτρεῖς</strong></span> <span class='ocrx_word' id='word_1_419' title='bbox 2980 1014 3253 1094; x_wconf 74' lang='grc' dir='ltr'>χιλιάδες.</span> <span class='ocrx_word' id='word_1_420' title='bbox 3293 1043 3315 1071; x_wconf 79' lang='grc' dir='ltr'><strong>ι</strong></span> <span class='ocrx_word' id='word_1_421' title='bbox 3349 1019 3498 1083; x_wconf 78' lang='grc' dir='ltr'>Τινὶς</span> <span class='ocrx_word' id='word_1_422' title='bbox 3533 1018 3595 1076; x_wconf 72' lang='grc' dir='ltr'>δὲ</span> <span class='ocrx_word' id='word_1_423' title='bbox 3625 1026 3727 1077; x_wconf 79' lang='grc' dir='ltr'><strong>τῶν</strong></span> <span class='ocrx_word' id='word_1_424' title='bbox 3780 1018 3886 1080; x_wconf 70' lang='lat' dir='ltr'><strong>dm-</strong></span> 
     </span>
    </p>
   </div>
   <div class='ocr_carea' id='block_1_57' title="bbox 2274 1104 3884 1185">
    <p class='ocr_par' dir='ltr' id='par_1_57' title="bbox 2274 1104 3884 1185">
     <span class='ocr_line' id='line_1_57' title="bbox 2274 1104 3884 1185; baseline 0.006 -27"><span class='ocrx_word' id='word_1_425' title='bbox 2274 1104 2599 1179; x_wconf 75' lang='grc' dir='ltr'>γραψάντων</span> <span class='ocrx_word' id='word_1_426' title='bbox 2678 1106 2743 1161; x_wconf 84' lang='grc' dir='ltr'>τὸ</span> <span class='ocrx_word' id='word_1_427' title='bbox 2823 1106 3094 1175; x_wconf 74' lang='grc' dir='ltr'>παλαιὰν,</span> <span class='ocrx_word' id='word_1_428' title='bbox 3180 1108 3621 1185; x_wconf 65' lang='grc' dir='ltr'><strong>εἰκοσιτέσσαρας</strong></span> <span class='ocrx_word' id='word_1_429' title='bbox 3698 1109 3884 1169; x_wconf 73' lang='grc' dir='ltr'>ἔθεσαν.</span> 
     </span>
    </p>
   </div>
   <div class='ocr_carea' id='block_1_58' title="bbox 2277 1190 3889 1273">
    <p class='ocr_par' dir='ltr' id='par_1_58' title="bbox 2277 1190 3889 1273">
     <span class='ocr_line' id='line_1_58' title="bbox 2277 1190 3889 1273; baseline 0.009 -29"><span class='ocrx_word' id='word_1_430' title='bbox 2277 1215 2306 1244; x_wconf 78' lang='grc' dir='ltr'><strong>ιι</strong></span> <span class='ocrx_word' id='word_1_431' title='bbox 2341 1190 2500 1262; x_wconf 69' lang='grc' dir='ltr'>Μηδὲ</span> <span class='ocrx_word' id='word_1_432' title='bbox 2557 1192 2964 1270; x_wconf 71' lang='grc' dir='ltr'>δκπειράζωμεν</span> <span class='ocrx_word' id='word_1_433' title='bbox 3050 1198 3143 1253; x_wconf 86' lang='grc' dir='ltr'>τὸν</span> <span class='ocrx_word' id='word_1_434' title='bbox 3229 1199 3486 1273; x_wconf 76' lang='grc' dir='ltr'>Χριστόν,</span> <span class='ocrx_word' id='word_1_435' title='bbox 3524 1223 3558 1251; x_wconf 80' lang='grc'><strong>››</strong></span> <span class='ocrx_word' id='word_1_436' title='bbox 3619 1224 3649 1252; x_wconf 76' lang='grc' dir='ltr'><strong>α</strong></span> <span class='ocrx_word' id='word_1_437' title='bbox 3696 1201 3889 1259; x_wconf 59' lang='lat' dir='ltr'><strong>Abim-</strong></span> 
     </span>
    </p>
   </div>
   <div class='ocr_carea' id='block_1_59' title="bbox 2273 1280 3889 1363">
    <p class='ocr_par' dir='ltr' id='par_1_59' title="bbox 2273 1280 3889 1363">
     <span class='ocr_line' id='line_1_59' title="bbox 2273 1280 3889 1363; baseline 0.006 -28"><span class='ocrx_word' id='word_1_438' title='bbox 2273 1297 2361 1335; x_wconf 76' lang='grc' dir='ltr'><strong>τοι</strong></span> <span class='ocrx_word' id='word_1_439' title='bbox 2412 1280 2599 1345; x_wconf 83' lang='grc' dir='ltr'>αὐτοῖς</span> <span class='ocrx_word' id='word_1_440' title='bbox 2686 1281 2770 1338; x_wconf 77' lang='grc' dir='ltr'><strong>ὅτι</strong></span> <span class='ocrx_word' id='word_1_441' title='bbox 2858 1288 3061 1357; x_wconf 79' lang='grc' dir='ltr'>σημεῖα</span> <span class='ocrx_word' id='word_1_442' title='bbox 3176 1285 3471 1357; x_wconf 73' lang='grc' dir='ltr'><strong>ἐπεζήτουν</strong></span> <span class='ocrx_word' id='word_1_443' title='bbox 3582 1290 3889 1363; x_wconf 70' lang='grc' dir='ltr'><strong>πειράζοντες</strong></span> 
     </span>
    </p>
   </div>
   <div class='ocr_carea' id='block_1_60' title="bbox 2273 1369 3892 1453">
    <p class='ocr_par' dir='ltr' id='par_1_60' title="bbox 2273 1369 3892 1453">
     <span class='ocr_line' id='line_1_60' title="bbox 2273 1369 3892 1453; baseline 0.007 -29"><span class='ocrx_word' id='word_1_444' title='bbox 2273 1369 2367 1424; x_wconf 78' lang='grc' dir='ltr'>τὸν</span> <span class='ocrx_word' id='word_1_445' title='bbox 2424 1371 2661 1444; x_wconf 84' lang='grc' dir='ltr'>Χριστὸν</span> <span class='ocrx_word' id='word_1_446' title='bbox 2694 1412 2708 1439; x_wconf 82' lang='grc'><strong><em>,</em></strong></span> <span class='ocrx_word' id='word_1_447' title='bbox 2767 1373 2948 1435; x_wconf 80' lang='grc' dir='ltr'>καθὼς</span> <span class='ocrx_word' id='word_1_448' title='bbox 3013 1372 3104 1428; x_wconf 78' lang='grc' dir='ltr'><strong>καὶ</strong></span> <span class='ocrx_word' id='word_1_449' title='bbox 3159 1375 3212 1429; x_wconf 69' lang='grc' dir='ltr'>οἱ</span> <span class='ocrx_word' id='word_1_450' title='bbox 3273 1373 3529 1433; x_wconf 85' lang='grc' dir='ltr'>Ἰουδαῖοι</span> <span class='ocrx_word' id='word_1_451' title='bbox 3591 1376 3670 1439; x_wconf 78' lang='grc' dir='ltr'><strong>είς</strong></span> <span class='ocrx_word' id='word_1_452' title='bbox 3720 1384 3807 1453; x_wconf 79' lang='grc' dir='ltr'>Ὠρ</span> <span class='ocrx_word' id='word_1_453' title='bbox 3849 1381 3892 1435; x_wconf 78' lang='grc' dir='ltr'>τὸ</span> 
     </span>
    </p>
   </div>
   <div class='ocr_carea' id='block_1_61' title="bbox 2280 1450 3985 1543">
    <p class='ocr_par' dir='ltr' id='par_1_61' title="bbox 2280 1450 3985 1543">
     <span class='ocr_line' id='line_1_61' title="bbox 2280 1450 3985 1543; baseline 0.006 -29"><span class='ocrx_word' id='word_1_454' title='bbox 2280 1458 2434 1534; x_wconf 73' lang='grc' dir='ltr'>ὄρος·</span> <span class='ocrx_word' id='word_1_455' title='bbox 2500 1457 2877 1526; x_wconf 76' lang='grc' dir='ltr'>κυκλώσαντες</span> <span class='ocrx_word' id='word_1_456' title='bbox 2931 1463 3034 1539; x_wconf 77' lang='grc' dir='ltr'><strong>γὰρ</strong></span> <span class='ocrx_word' id='word_1_457' title='bbox 3090 1471 3195 1535; x_wconf 75' lang='grc' dir='ltr'><strong>τῆν</strong></span> <span class='ocrx_word' id='word_1_458' title='bbox 3261 1467 3365 1543; x_wconf 77' lang='grc' dir='ltr'>γὴν</span> <span class='ocrx_word' id='word_1_459' title='bbox 3423 1463 3637 1541; x_wconf 82' lang='grc' dir='ltr'>Ἐδὼμ,</span> <span class='ocrx_word' id='word_1_460' title='bbox 3694 1450 3891 1525; x_wconf 70' lang='grc' dir='ltr'>κατελά·</span> <span class='ocrx_word' id='word_1_461' title='bbox 3984 1450 3985 1533; x_wconf 44' lang='grc' dir='ltr'>ξ</span> 
     </span>
    </p>
   </div>
   <div class='ocr_carea' id='block_1_62' title="bbox 2279 1547 3895 1629">
    <p class='ocr_par' dir='ltr' id='par_1_62' title="bbox 2279 1547 3895 1629">
     <span class='ocr_line' id='line_1_62' title="bbox 2279 1547 3895 1629; baseline 0.007 -26"><span class='ocrx_word' id='word_1_462' title='bbox 2279 1547 2452 1620; x_wconf 88' lang='grc' dir='ltr'>λησαν</span> <span class='ocrx_word' id='word_1_463' title='bbox 2483 1549 2619 1605; x_wconf 74' lang='grc' dir='ltr'>κατᾶ</span> <span class='ocrx_word' id='word_1_464' title='bbox 2665 1556 2806 1607; x_wconf 82' lang='grc' dir='ltr'>Θεοῦ</span> <span class='ocrx_word' id='word_1_465' title='bbox 2861 1551 2952 1607; x_wconf 77' lang='grc' dir='ltr'>καὶ</span> <span class='ocrx_word' id='word_1_466' title='bbox 3010 1554 3146 1608; x_wconf 80' lang='grc' dir='ltr'>κατὰ</span> <span class='ocrx_word' id='word_1_467' title='bbox 3195 1555 3369 1624; x_wconf 83' lang='grc' dir='ltr'>Μωσῆ</span> <span class='ocrx_word' id='word_1_468' title='bbox 3431 1555 3703 1629; x_wconf 64' lang='grc' dir='ltr'>λέγοντες·</span> <span class='ocrx_word' id='word_1_469' title='bbox 3762 1560 3895 1614; x_wconf 71' lang='grc' dir='ltr'>«Ἰνα</span> 
     </span>
    </p>
   </div>
   <div class='ocr_carea' id='block_1_63' title="bbox 2275 1637 3985 1721">
    <p class='ocr_par' dir='ltr' id='par_1_63' title="bbox 2275 1637 3985 1721">
     <span class='ocr_line' id='line_1_63' title="bbox 2275 1637 3985 1721; baseline 0.006 -28"><span class='ocrx_word' id='word_1_470' title='bbox 2275 1637 2331 1694; x_wconf 87' lang='grc' dir='ltr'><strong>τί</strong></span> <span class='ocrx_word' id='word_1_471' title='bbox 2379 1637 2630 1716; x_wconf 71' lang='grc' dir='ltr'>ἆξήγαγες</span> <span class='ocrx_word' id='word_1_472' title='bbox 2717 1642 2868 1714; x_wconf 67' lang='grc' dir='ltr'>ἡμᾶς</span> <span class='ocrx_word' id='word_1_473' title='bbox 2945 1641 2997 1716; x_wconf 70' lang='grc' dir='ltr'><strong>ἐξ</strong></span> <span class='ocrx_word' id='word_1_474' title='bbox 3053 1642 3336 1718; x_wconf 71' lang='grc' dir='ltr'>Αἰγύπτου</span> <span class='ocrx_word' id='word_1_475' title='bbox 3390 1645 3706 1701; x_wconf 71' lang='grc' dir='ltr'>ἀποκτεῖναι</span> <span class='ocrx_word' id='word_1_476' title='bbox 3753 1645 3801 1702; x_wconf 70' lang='grc' dir='ltr'>ἐν</span> <span class='ocrx_word' id='word_1_477' title='bbox 3842 1652 3894 1721; x_wconf 70' lang='grc' dir='ltr'><strong>τῇ</strong></span> <span class='ocrx_word' id='word_1_478' title='bbox 3984 1710 3985 1715; x_wconf 26' lang='grc' dir='ltr'><strong>η</strong></span> 
     </span>
    </p>
   </div>
   <div class='ocr_carea' id='block_1_64' title="bbox 2280 1723 3985 1811">
    <p class='ocr_par' dir='ltr' id='par_1_64' title="bbox 2280 1723 3985 1811">
     <span class='ocr_line' id='line_1_64' title="bbox 2280 1723 3985 1811; baseline 0.006 -29"><span class='ocrx_word' id='word_1_479' title='bbox 2280 1726 2495 1803; x_wconf 70' lang='grc' dir='ltr'>ιρήμῳ,</span> <span class='ocrx_word' id='word_1_480' title='bbox 2544 1723 2669 1784; x_wconf 68' lang='grc' dir='ltr'>ἔνθα</span> <span class='ocrx_word' id='word_1_481' title='bbox 2697 1728 2802 1785; x_wconf 76' lang='grc' dir='ltr'><strong>οὐκ</strong></span> <span class='ocrx_word' id='word_1_482' title='bbox 2830 1725 2972 1787; x_wconf 73' lang='grc' dir='ltr'>ἔστιν</span> <span class='ocrx_word' id='word_1_483' title='bbox 3005 1732 3175 1806; x_wconf 76' lang='grc' dir='ltr'>ἄρτος</span> <span class='ocrx_word' id='word_1_484' title='bbox 3221 1729 3348 1789; x_wconf 74' lang='grc' dir='ltr'>οὐδὲ</span> <span class='ocrx_word' id='word_1_485' title='bbox 3378 1726 3525 1809; x_wconf 75' lang='grc' dir='ltr'>ὕδωρ</span> <span class='ocrx_word' id='word_1_486' title='bbox 3563 1754 3578 1803; x_wconf 90' lang='lat'><strong>;</strong></span> <span class='ocrx_word' id='word_1_487' title='bbox 3610 1738 3645 1803; x_wconf 73' lang='grc' dir='ltr'><strong>ἡ</strong></span> <span class='ocrx_word' id='word_1_488' title='bbox 3678 1733 3732 1791; x_wconf 74' lang='grc' dir='ltr'>δὲ</span> <span class='ocrx_word' id='word_1_489' title='bbox 3771 1737 3893 1811; x_wconf 82' lang='grc' dir='ltr'><strong>ψυχὴ</strong></span> <span class='ocrx_word' id='word_1_490' title='bbox 3984 1736 3985 1793; x_wconf 61' lang='grc' dir='ltr'>ζ</span> 
     </span>
    </p>
   </div>
   <div class='ocr_carea' id='block_1_65' title="bbox 2278 1816 3891 1896">
    <p class='ocr_par' dir='ltr' id='par_1_65' title="bbox 2278 1816 3891 1896">
     <span class='ocr_line' id='line_1_65' title="bbox 2278 1816 3891 1896; baseline 0.004 -26"><span class='ocrx_word' id='word_1_491' title='bbox 2278 1816 2439 1892; x_wconf 63' lang='grc' dir='ltr'>ᾐμῶν</span> <span class='ocrx_word' id='word_1_492' title='bbox 2488 1819 2867 1893; x_wconf 79' lang='grc' dir='ltr'>προτώχθισεν</span> <span class='ocrx_word' id='word_1_493' title='bbox 2944 1818 3000 1875; x_wconf 69' lang='grc' dir='ltr'>ἐν</span> <span class='ocrx_word' id='word_1_494' title='bbox 3052 1825 3134 1892; x_wconf 81' lang='grc' dir='ltr'><strong>τῷ</strong></span> <span class='ocrx_word' id='word_1_495' title='bbox 3185 1819 3335 1895; x_wconf 75' lang='grc' dir='ltr'>ἄρτῳ</span> <span class='ocrx_word' id='word_1_496' title='bbox 3386 1827 3469 1894; x_wconf 79' lang='grc' dir='ltr'>τῷ</span> <span class='ocrx_word' id='word_1_497' title='bbox 3523 1820 3766 1896; x_wconf 70' lang='grc' dir='ltr'>διακένῳ.</span> <span class='ocrx_word' id='word_1_498' title='bbox 3817 1825 3891 1880; x_wconf 74' lang='grc' dir='ltr'>Καὶ</span> 
     </span>
    </p>
   </div>
   <div class='ocr_carea' id='block_1_66' title="bbox 2276 1903 3893 1987">
    <p class='ocr_par' dir='ltr' id='par_1_66' title="bbox 2276 1903 3893 1987">
     <span class='ocr_line' id='line_1_66' title="bbox 2276 1903 3893 1987; baseline 0.005 -28"><span class='ocrx_word' id='word_1_499' title='bbox 2276 1903 2560 1961; x_wconf 77' lang='grc' dir='ltr'>ἀπέστειλε</span> <span class='ocrx_word' id='word_1_500' title='bbox 2590 1907 2791 1978; x_wconf 79' lang='grc' dir='ltr'>Κύριος</span> <span class='ocrx_word' id='word_1_501' title='bbox 2820 1908 2897 1971; x_wconf 75' lang='grc' dir='ltr'><strong>τίς</strong></span> <span class='ocrx_word' id='word_1_502' title='bbox 2925 1910 3017 1965; x_wconf 82' lang='grc' dir='ltr'>τὸν</span> <span class='ocrx_word' id='word_1_503' title='bbox 3065 1908 3199 1966; x_wconf 80' lang='grc' dir='ltr'>λαὸν</span> <span class='ocrx_word' id='word_1_504' title='bbox 3227 1910 3357 1973; x_wconf 83' lang='grc' dir='ltr'>τοὺς</span> <span class='ocrx_word' id='word_1_505' title='bbox 3404 1907 3559 1987; x_wconf 76' lang='grc' dir='ltr'>ὄφεις</span> <span class='ocrx_word' id='word_1_506' title='bbox 3588 1913 3717 1975; x_wconf 72' lang='grc' dir='ltr'>τοὺς</span> <span class='ocrx_word' id='word_1_507' title='bbox 3766 1915 3893 1969; x_wconf 84' lang='grc' dir='ltr'>θανα-</span> 
     </span>
    </p>
   </div>
   <div class='ocr_carea' id='block_1_67' title="bbox 2277 1995 3890 2066">
    <p class='ocr_par' dir='ltr' id='par_1_67' title="bbox 2277 1995 3890 2066">
     <span class='ocr_line' id='line_1_67' title="bbox 2277 1995 3890 2066; baseline 0.005 -17"><span class='ocrx_word' id='word_1_508' title='bbox 2277 1999 2526 2066; x_wconf 77' lang='grc' dir='ltr'>τοῦντας,</span> <span class='ocrx_word' id='word_1_509' title='bbox 2585 1995 2675 2051; x_wconf 82' lang='grc' dir='ltr'>καὶ</span> <span class='ocrx_word' id='word_1_510' title='bbox 2734 1995 2954 2053; x_wconf 78' lang='grc' dir='ltr'>ἔδακνον</span> <span class='ocrx_word' id='word_1_511' title='bbox 3012 1998 3105 2055; x_wconf 88' lang='grc' dir='ltr'><strong>τόν</strong></span> <span class='ocrx_word' id='word_1_512' title='bbox 3157 1998 3290 2055; x_wconf 81' lang='grc' dir='ltr'>λαὸν</span> <span class='ocrx_word' id='word_1_513' title='bbox 3365 2001 3454 2055; x_wconf 79' lang='grc' dir='ltr'>καὶ</span> <span class='ocrx_word' id='word_1_514' title='bbox 3516 2002 3745 2066; x_wconf 56' lang='grc' dir='ltr'>ἀπίθανα</span> <span class='ocrx_word' id='word_1_515' title='bbox 3790 2001 3890 2064; x_wconf 77' lang='grc' dir='ltr'><strong>λαός</strong></span> 
     </span>
    </p>
   </div>
   <div class='ocr_carea' id='block_1_68' title="bbox 2275 2083 3891 2169">
    <p class='ocr_par' dir='ltr' id='par_1_68' title="bbox 2275 2083 3891 2169">
     <span class='ocr_line' id='line_1_68' title="bbox 2275 2083 3891 2169; baseline 0.006 -31"><span class='ocrx_word' id='word_1_516' title='bbox 2275 2083 2454 2147; x_wconf 76' lang='grc' dir='ltr'>πολὺς</span> <span class='ocrx_word' id='word_1_517' title='bbox 2481 2088 2590 2141; x_wconf 75' lang='grc' dir='ltr'><strong>τῶν</strong></span> <span class='ocrx_word' id='word_1_518' title='bbox 2618 2086 2751 2142; x_wconf 73' lang='grc' dir='ltr'>υἱῶν</span> <span class='ocrx_word' id='word_1_519' title='bbox 2813 2087 3057 2163; x_wconf 78' lang='grc' dir='ltr'>Ἰσραήλ.</span> <span class='ocrx_word' id='word_1_520' title='bbox 3097 2112 3119 2141; x_wconf 74' lang='grc' dir='ltr'><strong>ο</strong></span> <span class='ocrx_word' id='word_1_521' title='bbox 3157 2120 3227 2133; x_wconf 91' lang='grc'><strong><em>-</em></strong></span> <span class='ocrx_word' id='word_1_522' title='bbox 3290 2111 3313 2144; x_wconf 79' lang='grc' dir='ltr'><strong>σ</strong></span> <span class='ocrx_word' id='word_1_523' title='bbox 3343 2088 3504 2161; x_wconf 70' lang='grc' dir='ltr'>Μηδὲ</span> <span class='ocrx_word' id='word_1_524' title='bbox 3560 2091 3891 2169; x_wconf 70' lang='grc' dir='ltr'>γογγύζετε.»</span> 
     </span>
    </p>
   </div>
   <div class='ocr_carea' id='block_1_69' title="bbox 2279 2173 3889 2257">
    <p class='ocr_par' dir='ltr' id='par_1_69' title="bbox 2279 2173 3889 2257">
     <span class='ocr_line' id='line_1_69' title="bbox 2279 2173 3889 2257; baseline 0.002 -27"><span class='ocrx_word' id='word_1_525' title='bbox 2279 2173 2584 2230; x_wconf 80' lang='grc' dir='ltr'>Αίνίττεται</span> <span class='ocrx_word' id='word_1_526' title='bbox 2614 2174 2812 2240; x_wconf 68' lang='grc' dir='ltr'>αὐτοὺς</span> <span class='ocrx_word' id='word_1_527' title='bbox 2845 2177 2925 2233; x_wconf 77' lang='grc' dir='ltr'><strong>ὅτι</strong></span> <span class='ocrx_word' id='word_1_528' title='bbox 2960 2176 3013 2233; x_wconf 69' lang='grc' dir='ltr'>ἐν</span> <span class='ocrx_word' id='word_1_529' title='bbox 3040 2183 3160 2241; x_wconf 81' lang='grc' dir='ltr'>τοῖς</span> <span class='ocrx_word' id='word_1_530' title='bbox 3189 2186 3526 2256; x_wconf 77' lang='grc' dir='ltr'>πειρασμοῖς</span> <span class='ocrx_word' id='word_1_531' title='bbox 3559 2180 3621 2236; x_wconf 83' lang='grc' dir='ltr'>οὗ</span> <span class='ocrx_word' id='word_1_532' title='bbox 3680 2180 3889 2257; x_wconf 78' lang='grc' dir='ltr'>γενναίως</span> 
     </span>
    </p>
   </div>
   <div class='ocr_carea' id='block_1_70' title="bbox 2280 2260 3889 2345">
    <p class='ocr_par' dir='ltr' id='par_1_70' title="bbox 2280 2260 3889 2345">
     <span class='ocr_line' id='line_1_70' title="bbox 2280 2260 3889 2345; baseline 0.003 -28"><span class='ocrx_word' id='word_1_533' title='bbox 2280 2260 2488 2342; x_wconf 71' lang='grc' dir='ltr'>ἔφερον,</span> <span class='ocrx_word' id='word_1_534' title='bbox 2549 2262 2696 2320; x_wconf 74' lang='grc' dir='ltr'>ἀλλὰ</span> <span class='ocrx_word' id='word_1_535' title='bbox 2756 2267 2892 2338; x_wconf 68' lang='grc' dir='ltr'>μετὰ</span> <span class='ocrx_word' id='word_1_536' title='bbox 2942 2269 3282 2343; x_wconf 81' lang='grc' dir='ltr'>γογγυσμοῦ.</span> <span class='ocrx_word' id='word_1_537' title='bbox 3347 2268 3428 2324; x_wconf 77' lang='grc' dir='ltr'><strong>Οὐ</strong></span> <span class='ocrx_word' id='word_1_538' title='bbox 3486 2269 3593 2345; x_wconf 81' lang='grc' dir='ltr'><strong>γὰρ</strong></span> <span class='ocrx_word' id='word_1_539' title='bbox 3645 2271 3707 2325; x_wconf 85' lang='grc' dir='ltr'>τὸ</span> <span class='ocrx_word' id='word_1_540' title='bbox 3746 2270 3889 2324; x_wconf 76' lang='grc' dir='ltr'>παθεῖν</span> 
     </span>
    </p>
   </div>
   <div class='ocr_carea' id='block_1_71' title="bbox 2282 2350 3886 2434">
    <p class='ocr_par' dir='ltr' id='par_1_71' title="bbox 2282 2350 3886 2434">
     <span class='ocr_line' id='line_1_71' title="bbox 2282 2350 3886 2434; baseline 0.006 -28"><span class='ocrx_word' id='word_1_541' title='bbox 2282 2350 2416 2427; x_wconf 74' lang='grc' dir='ltr'>ὑπὲρ</span> <span class='ocrx_word' id='word_1_542' title='bbox 2457 2351 2694 2428; x_wconf 75' lang='grc' dir='ltr'>Χριστοῦ</span> <span class='ocrx_word' id='word_1_543' title='bbox 2725 2354 2894 2428; x_wconf 87' lang='grc' dir='ltr'>μόνον</span> <span class='ocrx_word' id='word_1_544' title='bbox 2925 2355 3086 2430; x_wconf 66' lang='grc' dir='ltr'>μέγα,</span> <span class='ocrx_word' id='word_1_545' title='bbox 3146 2354 3293 2412; x_wconf 77' lang='grc' dir='ltr'><strong>ἀλλᾶ</strong></span> <span class='ocrx_word' id='word_1_546' title='bbox 3346 2357 3438 2412; x_wconf 75' lang='grc' dir='ltr'>καὶ</span> <span class='ocrx_word' id='word_1_547' title='bbox 3496 2359 3564 2414; x_wconf 84' lang='grc' dir='ltr'>τὸ</span> <span class='ocrx_word' id='word_1_548' title='bbox 3606 2356 3886 2434; x_wconf 72' lang='grc' dir='ltr'>εὐχαρίστως</span> 
     </span>
    </p>
   </div>
   <div class='ocr_carea' id='block_1_72' title="bbox 2279 2439 3884 2521">
    <p class='ocr_par' dir='ltr' id='par_1_72' title="bbox 2279 2439 3884 2521">
     <span class='ocr_line' id='line_1_72' title="bbox 2279 2439 3884 2521; baseline 0.004 -25"><span class='ocrx_word' id='word_1_549' title='bbox 2279 2442 2490 2511; x_wconf 76' lang='grc' dir='ltr'>παθεῖν,</span> <span class='ocrx_word' id='word_1_550' title='bbox 2520 2442 2597 2506; x_wconf 83' lang='grc' dir='ltr'>ὡς</span> <span class='ocrx_word' id='word_1_551' title='bbox 2627 2442 2656 2498; x_wconf 78' lang='grc' dir='ltr'><strong>ὁ</strong></span> <span class='ocrx_word' id='word_1_552' title='bbox 2684 2439 2830 2500; x_wconf 75' lang='grc' dir='ltr'><strong>Ἰὼϐ.</strong></span> <span class='ocrx_word' id='word_1_553' title='bbox 2864 2447 3198 2521; x_wconf 86' lang='grc' dir='ltr'>Ἐγογγυσαν</span> <span class='ocrx_word' id='word_1_554' title='bbox 3229 2444 3319 2500; x_wconf 82' lang='grc' dir='ltr'><strong>καὶ</strong></span> <span class='ocrx_word' id='word_1_555' title='bbox 3348 2444 3608 2504; x_wconf 70' lang='grc' dir='ltr'>Ἰουδαῖοι</span> <span class='ocrx_word' id='word_1_556' title='bbox 3658 2449 3726 2510; x_wconf 71' lang='grc' dir='ltr'><strong>εἷς</strong></span> <span class='ocrx_word' id='word_1_557' title='bbox 3770 2448 3884 2521; x_wconf 49' lang='lat' dir='ltr'><strong>lali-</strong></span> 
     </span>
    </p>
   </div>
   <div class='ocr_carea' id='block_1_73' title="bbox 2284 2526 3883 2613">
    <p class='ocr_par' dir='ltr' id='par_1_73' title="bbox 2284 2526 3883 2613">
     <span class='ocr_line' id='line_1_73' title="bbox 2284 2526 3883 2613; baseline 0.003 -28"><span class='ocrx_word' id='word_1_558' title='bbox 2284 2528 2403 2607; x_wconf 71' lang='grc' dir='ltr'><strong>βὰν,</strong></span> <span class='ocrx_word' id='word_1_559' title='bbox 2437 2527 2527 2585; x_wconf 72' lang='grc' dir='ltr'><strong>διὰ</strong></span> <span class='ocrx_word' id='word_1_560' title='bbox 2553 2526 2721 2606; x_wconf 78' lang='grc' dir='ltr'>ὓδωρ.</span> <span class='ocrx_word' id='word_1_561' title='bbox 2758 2532 2960 2607; x_wconf 82' lang='grc' dir='ltr'>Πικρὸν</span> <span class='ocrx_word' id='word_1_562' title='bbox 2991 2533 3096 2609; x_wconf 79' lang='grc' dir='ltr'><strong>γὰρ</strong></span> <span class='ocrx_word' id='word_1_563' title='bbox 3126 2537 3216 2602; x_wconf 72' lang='grc' dir='ltr'>ἦν.</span> <span class='ocrx_word' id='word_1_564' title='bbox 3250 2535 3426 2591; x_wconf 82' lang='grc' dir='ltr'>Πάλιν</span> <span class='ocrx_word' id='word_1_565' title='bbox 3487 2534 3766 2613; x_wconf 80' lang='grc' dir='ltr'><strong>ἐγόγγυσαν</strong></span> <span class='ocrx_word' id='word_1_566' title='bbox 3813 2535 3883 2590; x_wconf 76' lang='grc' dir='ltr'><strong>οὐκ</strong></span> 
     </span>
    </p>
   </div>
   <div class='ocr_carea' id='block_1_74' title="bbox 2283 2612 3877 2701">
    <p class='ocr_par' dir='ltr' id='par_1_74' title="bbox 2283 2612 3877 2701">
     <span class='ocr_line' id='line_1_74' title="bbox 2283 2612 3877 2701; baseline 0.003 -28"><span class='ocrx_word' id='word_1_567' title='bbox 2283 2612 2437 2681; x_wconf 72' lang='grc' dir='ltr'>ὄντος</span> <span class='ocrx_word' id='word_1_568' title='bbox 2469 2616 2666 2683; x_wconf 74' lang='grc' dir='ltr'>ὕδατος</span> <span class='ocrx_word' id='word_1_569' title='bbox 2719 2621 2808 2676; x_wconf 77' lang='grc' dir='ltr'>ὅτε</span> <span class='ocrx_word' id='word_1_570' title='bbox 2857 2622 3063 2692; x_wconf 74' lang='grc' dir='ltr'>Μωςῆς</span> <span class='ocrx_word' id='word_1_571' title='bbox 3120 2624 3213 2678; x_wconf 77' lang='grc' dir='ltr'><strong>καὶ</strong></span> <span class='ocrx_word' id='word_1_572' title='bbox 3270 2623 3489 2701; x_wconf 74' lang='grc' dir='ltr'>’Δαρὼν</span> <span class='ocrx_word' id='word_1_573' title='bbox 3548 2612 3877 2695; x_wconf 69' lang='grc' dir='ltr'>ἐκελεύσθησαν</span> 
     </span>
    </p>
   </div>
   <div class='ocr_carea' id='block_1_75' title="bbox 2281 2706 3870 2787">
    <p class='ocr_par' dir='ltr' id='par_1_75' title="bbox 2281 2706 3870 2787">
     <span class='ocr_line' id='line_1_75' title="bbox 2281 2706 3870 2787; baseline 0.003 -25"><span class='ocrx_word' id='word_1_574' title='bbox 2281 2706 2558 2785; x_wconf 64' lang='grc' dir='ltr'>ἐξαγαγεῖν</span> <span class='ocrx_word' id='word_1_575' title='bbox 2634 2707 2781 2785; x_wconf 80' lang='grc' dir='ltr'>ὕδωρ</span> <span class='ocrx_word' id='word_1_576' title='bbox 2837 2708 2897 2766; x_wconf 70' lang='grc' dir='ltr'><strong>ἐκ</strong></span> <span class='ocrx_word' id='word_1_577' title='bbox 2952 2712 3171 2786; x_wconf 73' lang='grc' dir='ltr'>πέτρας·</span> <span class='ocrx_word' id='word_1_578' title='bbox 3226 2713 3317 2768; x_wconf 76' lang='grc' dir='ltr'><strong>καὶ</strong></span> <span class='ocrx_word' id='word_1_579' title='bbox 3404 2715 3635 2787; x_wconf 79' lang='grc' dir='ltr'>πατάξας</span> <span class='ocrx_word' id='word_1_580' title='bbox 3682 2712 3870 2783; x_wconf 78' lang='grc' dir='ltr'><strong>αὖτῆνὸ</strong></span> 
     </span>
    </p>
   </div>
   <div class='ocr_carea' id='block_1_76' title="bbox 2283 2797 3867 2876">
    <p class='ocr_par' dir='ltr' id='par_1_76' title="bbox 2283 2797 3867 2876">
     <span class='ocr_line' id='line_1_76' title="bbox 2283 2797 3867 2876; baseline 0.012 -21"><span class='ocrx_word' id='word_1_581' title='bbox 2283 2797 2490 2865; x_wconf 78' lang='grc' dir='ltr'>Μωσῆς</span> <span class='ocrx_word' id='word_1_582' title='bbox 2518 2799 2654 2854; x_wconf 80' lang='grc' dir='ltr'>ιῐπι·</span> <span class='ocrx_word' id='word_1_583' title='bbox 2688 2821 2718 2852; x_wconf 77' lang='grc' dir='ltr'><strong><em>κ</em></strong></span> <span class='ocrx_word' id='word_1_584' title='bbox 2753 2800 2845 2869; x_wconf 56' lang='lat' dir='ltr'><strong>Mr}</strong></span> <span class='ocrx_word' id='word_1_585' title='bbox 2906 2798 2964 2854; x_wconf 66' lang='lat' dir='ltr'><strong>tu</strong></span> <span class='ocrx_word' id='word_1_586' title='bbox 3017 2802 3116 2870; x_wconf 78' lang='grc' dir='ltr'><strong>τῆς</strong></span> <span class='ocrx_word' id='word_1_587' title='bbox 3164 2801 3362 2876; x_wconf 78' lang='grc' dir='ltr'>πέτρας</span> <span class='ocrx_word' id='word_1_588' title='bbox 3416 2804 3616 2874; x_wconf 65' lang='grc' dir='ltr'>ταύτης</span> <span class='ocrx_word' id='word_1_589' title='bbox 3659 2801 3867 2874; x_wconf 58' lang='lat' dir='ltr'><strong>fierin-</strong></span> 
     </span>
    </p>
   </div>
   <div class='ocr_carea' id='block_1_77' title="bbox 2288 2882 3853 2969">
    <p class='ocr_par' dir='ltr' id='par_1_77' title="bbox 2288 2882 3853 2969">
     <span class='ocr_line' id='line_1_77' title="bbox 2288 2882 3853 2969; baseline 0.003 -28"><span class='ocrx_word' id='word_1_590' title='bbox 2288 2904 2383 2961; x_wconf 80' lang='grc' dir='ltr'><strong>μεν</strong></span> <span class='ocrx_word' id='word_1_591' title='bbox 2415 2882 2562 2961; x_wconf 74' lang='grc' dir='ltr'>ὕδωρ</span> <span class='ocrx_word' id='word_1_592' title='bbox 2595 2907 2610 2957; x_wconf 84' lang='lat'><strong>;</strong></span> <span class='ocrx_word' id='word_1_593' title='bbox 2642 2910 2671 2940; x_wconf 66' lang='grc' dir='ltr'><strong>π</strong></span> <span class='ocrx_word' id='word_1_594' title='bbox 2704 2886 2880 2945; x_wconf 86' lang='grc' dir='ltr'>Πάλιν</span> <span class='ocrx_word' id='word_1_595' title='bbox 2921 2887 3213 2966; x_wconf 75' lang='grc' dir='ltr'>ἐγόγγυσαν</span> <span class='ocrx_word' id='word_1_596' title='bbox 3246 2889 3339 2946; x_wconf 77' lang='grc' dir='ltr'>ὅτι</span> <span class='ocrx_word' id='word_1_597' title='bbox 3399 2891 3705 2969; x_wconf 64' lang='grc' dir='ltr'>ἐπέμᾳθησάν</span> <span class='ocrx_word' id='word_1_598' title='bbox 3744 2906 3853 2946; x_wconf 72' lang='grc' dir='ltr'>τινες</span> 
     </span>
    </p>
   </div>
   <div class='ocr_carea' id='block_1_78' title="bbox 2284 2970 3845 3057">
    <p class='ocr_par' dir='ltr' id='par_1_78' title="bbox 2284 2970 3845 3057">
     <span class='ocr_line' id='line_1_78' title="bbox 2284 2970 3845 3057; baseline -0.003 -28"><span class='ocrx_word' id='word_1_599' title='bbox 2284 2970 2344 3030; x_wconf 63' lang='grc' dir='ltr'><strong>ἔκ</strong></span> <span class='ocrx_word' id='word_1_600' title='bbox 2369 2978 2469 3030; x_wconf 77' lang='grc' dir='ltr'><strong>τοῦ</strong></span> <span class='ocrx_word' id='word_1_601' title='bbox 2499 2974 2638 3031; x_wconf 75' lang='grc' dir='ltr'>λαοῦ</span> <span class='ocrx_word' id='word_1_602' title='bbox 2666 2979 3103 3053; x_wconf 69' lang='grc' dir='ltr'>κατασκέψασθαι</span> <span class='ocrx_word' id='word_1_603' title='bbox 3146 2979 3244 3048; x_wconf 84' lang='grc' dir='ltr'>νήν</span> <span class='ocrx_word' id='word_1_604' title='bbox 3300 2986 3406 3057; x_wconf 74' lang='grc' dir='ltr'>γῆν</span> <span class='ocrx_word' id='word_1_605' title='bbox 3462 2980 3662 3039; x_wconf 69' lang='grc' dir='ltr'>Χαναέν.</span> <span class='ocrx_word' id='word_1_606' title='bbox 3709 2973 3845 3031; x_wconf 76' lang='grc' dir='ltr'>Πάλιν</span> 
     </span>
    </p>
   </div>
   <div class='ocr_carea' id='block_1_79' title="bbox 2285 3058 3853 3141">
    <p class='ocr_par' dir='ltr' id='par_1_79' title="bbox 2285 3058 3853 3141">
     <span class='ocr_line' id='line_1_79' title="bbox 2285 3058 3853 3141; baseline -0.006 -20"><span class='ocrx_word' id='word_1_607' title='bbox 2285 3061 2574 3140; x_wconf 73' lang='grc' dir='ltr'>ἐγόγγυσαν</span> <span class='ocrx_word' id='word_1_608' title='bbox 2600 3064 2689 3120; x_wconf 77' lang='grc' dir='ltr'><strong>ὅτε</strong></span> <span class='ocrx_word' id='word_1_609' title='bbox 2744 3063 2991 3122; x_wconf 71' lang='grc' dir='ltr'>ἰκελιυσε</span> <span class='ocrx_word' id='word_1_610' title='bbox 3048 3073 3251 3136; x_wconf 80' lang='grc' dir='ltr'>Μωσῆς</span> <span class='ocrx_word' id='word_1_611' title='bbox 3281 3070 3362 3140; x_wconf 83' lang='grc' dir='ltr'><strong>τῷ</strong></span> <span class='ocrx_word' id='word_1_612' title='bbox 3394 3067 3513 3141; x_wconf 72' lang='grc' dir='ltr'>λαῷ</span> <span class='ocrx_word' id='word_1_613' title='bbox 3536 3072 3716 3135; x_wconf 70' lang='grc' dir='ltr'>ποιῆσαι</span> <span class='ocrx_word' id='word_1_614' title='bbox 3748 3058 3853 3117; x_wconf 65' lang='grc' dir='ltr'>σάλ-</span> 
     </span>
    </p>
   </div>
   <div class='ocr_carea' id='block_1_80' title="bbox 2287 3150 3859 3231">
    <p class='ocr_par' dir='ltr' id='par_1_80' title="bbox 2287 3150 3859 3231">
     <span class='ocr_line' id='line_1_80' title="bbox 2287 3150 3859 3231; baseline 0 -23"><span class='ocrx_word' id='word_1_615' title='bbox 2287 3171 2486 3229; x_wconf 84' lang='grc' dir='ltr'>πιγγας</span> <span class='ocrx_word' id='word_1_616' title='bbox 2512 3155 2745 3231; x_wconf 76' lang='grc' dir='ltr'>ἀργυρᾶς</span> <span class='ocrx_word' id='word_1_617' title='bbox 2800 3153 2940 3211; x_wconf 79' lang='grc' dir='ltr'>ὥστε</span> <span class='ocrx_word' id='word_1_618' title='bbox 2997 3152 3069 3211; x_wconf 82' lang='grc' dir='ltr'>δι’</span> <span class='ocrx_word' id='word_1_619' title='bbox 3124 3155 3298 3212; x_wconf 77' lang='grc' dir='ltr'>αὐτῶν</span> <span class='ocrx_word' id='word_1_620' title='bbox 3361 3150 3769 3231; x_wconf 66' lang='grc' dir='ltr'>μημαίνιιν.Κτὶ</span> <span class='ocrx_word' id='word_1_621' title='bbox 3816 3150 3859 3205; x_wconf 70' lang='grc' dir='ltr'>ιν</span> 
     </span>
    </p>
   </div>
   <div class='ocr_carea' id='block_1_81' title="bbox 2211 3231 3874 3320">
    <p class='ocr_par' dir='ltr' id='par_1_81' title="bbox 2211 3231 3874 3320">
     <span class='ocr_line' id='line_1_81' title="bbox 2211 3231 3874 3320; baseline -0.004 -20"><span class='ocrx_word' id='word_1_622' title='bbox 2211 3231 2254 3299; x_wconf 65' lang='grc' dir='ltr'><strong>(ἶ</strong></span> <span class='ocrx_word' id='word_1_623' title='bbox 2290 3247 2369 3316; x_wconf 81' lang='grc' dir='ltr'><strong>τῷ</strong></span> <span class='ocrx_word' id='word_1_624' title='bbox 2452 3241 2675 3319; x_wconf 68' lang='grc' dir='ltr'>ἰξαίρειν</span> <span class='ocrx_word' id='word_1_625' title='bbox 2733 3244 2835 3313; x_wconf 80' lang='grc' dir='ltr'><strong>τήν</strong></span> <span class='ocrx_word' id='word_1_626' title='bbox 2884 3237 3123 3300; x_wconf 71' lang='grc' dir='ltr'>κιϐωτὸν</span> <span class='ocrx_word' id='word_1_627' title='bbox 3190 3243 3474 3320; x_wconf 67' lang='grc' dir='ltr'>ἐγόγγυζον</span> <span class='ocrx_word' id='word_1_628' title='bbox 3540 3246 3571 3302; x_wconf 79' lang='grc' dir='ltr'>ὁ</span> <span class='ocrx_word' id='word_1_629' title='bbox 3623 3243 3754 3311; x_wconf 71' lang='grc' dir='ltr'>λαὸς,</span> <span class='ocrx_word' id='word_1_630' title='bbox 3802 3239 3874 3295; x_wconf 71' lang='lat' dir='ltr'><strong>ui</strong></span> 
     </span>
    </p>
   </div>
   <div class='ocr_carea' id='block_1_82' title="bbox 2292 3328 3879 3411">
    <p class='ocr_par' dir='ltr' id='par_1_82' title="bbox 2292 3328 3879 3411">
     <span class='ocr_line' id='line_1_82' title="bbox 2292 3328 3879 3411; baseline -0.004 -17"><span class='ocrx_word' id='word_1_631' title='bbox 2292 3330 2450 3394; x_wconf 74' lang='grc' dir='ltr'>εὖθῦς</span> <span class='ocrx_word' id='word_1_632' title='bbox 2488 3333 2724 3403; x_wconf 72' lang='grc' dir='ltr'>κατεκάη</span> <span class='ocrx_word' id='word_1_633' title='bbox 2762 3332 2927 3409; x_wconf 70' lang='grc' dir='ltr'>μέρος</span> <span class='ocrx_word' id='word_1_634' title='bbox 2955 3334 3057 3404; x_wconf 82' lang='grc' dir='ltr'><strong>τῆς</strong></span> <span class='ocrx_word' id='word_1_635' title='bbox 3099 3329 3492 3411; x_wconf 76' lang='grc' dir='ltr'>παρεμϐολῆς,</span> <span class='ocrx_word' id='word_1_636' title='bbox 3554 3335 3641 3392; x_wconf 78' lang='grc' dir='ltr'><strong>καὶ</strong></span> <span class='ocrx_word' id='word_1_637' title='bbox 3667 3328 3879 3402; x_wconf 67' lang='grc' dir='ltr'>ἰκλήθηδ</span> 
     </span>
    </p>
   </div>
   <div class='ocr_carea' id='block_1_83' title="bbox 2287 3420 3881 3497">
    <p class='ocr_par' dir='ltr' id='par_1_83' title="bbox 2287 3420 3881 3497">
     <span class='ocr_line' id='line_1_83' title="bbox 2287 3420 3881 3497; baseline -0.001 -22"><span class='ocrx_word' id='word_1_638' title='bbox 2287 3420 2458 3484; x_wconf 82' lang='grc' dir='ltr'>τόπος</span> <span class='ocrx_word' id='word_1_639' title='bbox 2497 3422 2897 3497; x_wconf 73' lang='grc' dir='ltr'>Ἐμπυρισμὸς,</span> <span class='ocrx_word' id='word_1_640' title='bbox 2931 3421 3021 3478; x_wconf 73' lang='grc' dir='ltr'><strong>καὶ</strong></span> <span class='ocrx_word' id='word_1_641' title='bbox 3061 3420 3262 3497; x_wconf 74' lang='grc' dir='ltr'>ηὔξατο</span> <span class='ocrx_word' id='word_1_642' title='bbox 3288 3426 3524 3493; x_wconf 82' lang='grc' dir='ltr'><strong>Μωσῆς,</strong></span> <span class='ocrx_word' id='word_1_643' title='bbox 3558 3423 3645 3481; x_wconf 76' lang='grc' dir='ltr'>καὶ</span> <span class='ocrx_word' id='word_1_644' title='bbox 3672 3421 3881 3478; x_wconf 68' lang='grc' dir='ltr'>ἐπαύσατο</span> 
     </span>
    </p>
   </div>
   <div class='ocr_carea' id='block_1_84' title="bbox 2289 3509 3885 3589">
    <p class='ocr_par' dir='ltr' id='par_1_84' title="bbox 2289 3509 3885 3589">
     <span class='ocr_line' id='line_1_84' title="bbox 2289 3509 3885 3589; baseline 0.001 -26"><span class='ocrx_word' id='word_1_645' title='bbox 2289 3510 2324 3578; x_wconf 84' lang='grc' dir='ltr'><strong>ἠ</strong></span> <span class='ocrx_word' id='word_1_646' title='bbox 2354 3510 2615 3585; x_wconf 84' lang='grc' dir='ltr'>τιμωρία,</span> <span class='ocrx_word' id='word_1_647' title='bbox 2642 3510 2714 3580; x_wconf 71' lang='grc' dir='ltr'><strong>ἣν</strong></span> <span class='ocrx_word' id='word_1_648' title='bbox 2758 3511 2851 3565; x_wconf 82' lang='grc' dir='ltr'>καὶ</span> <span class='ocrx_word' id='word_1_649' title='bbox 2910 3509 3055 3588; x_wconf 72' lang='grc' dir='ltr'>λέγει</span> <span class='ocrx_word' id='word_1_650' title='bbox 3105 3513 3135 3567; x_wconf 80' lang='grc' dir='ltr'><strong>ὁ</strong></span> <span class='ocrx_word' id='word_1_651' title='bbox 3192 3513 3359 3589; x_wconf 71' lang='grc' dir='ltr'>μέγας</span> <span class='ocrx_word' id='word_1_652' title='bbox 3416 3513 3637 3577; x_wconf 73' lang='grc' dir='ltr'>Παῦλος</span> <span class='ocrx_word' id='word_1_653' title='bbox 3689 3509 3885 3584; x_wconf 71' lang='grc' dir='ltr'>ὄλεθρον.</span> 
     </span>
    </p>
   </div>
   <div class='ocr_carea' id='block_1_85' title="bbox 2285 3596 3227 3679">
    <p class='ocr_par' dir='ltr' id='par_1_85' title="bbox 2285 3596 3227 3679">
     <span class='ocr_line' id='line_1_85' title="bbox 2285 3596 3227 3679; baseline 0.007 -27"><span class='ocrx_word' id='word_1_654' title='bbox 2285 3600 2530 3656; x_wconf 68' lang='grc' dir='ltr'>τουτέστι</span> <span class='ocrx_word' id='word_1_655' title='bbox 2562 3596 2784 3673; x_wconf 82' lang='grc' dir='ltr'>δύναμίν</span> <span class='ocrx_word' id='word_1_656' title='bbox 2814 3618 2936 3656; x_wconf 83' lang='grc' dir='ltr'>τινα</span> <span class='ocrx_word' id='word_1_657' title='bbox 2962 3603 3227 3679; x_wconf 84' lang='grc' dir='ltr'>τιμωρόν.</span> 
     </span>
    </p>
   </div>
   <div class='ocr_carea' id='block_1_86' title="bbox 2353 3887 3880 3958">
    <p class='ocr_par' dir='ltr' id='par_1_86' title="bbox 2353 3887 3880 3958">
     <span class='ocr_line' id='line_1_86' title="bbox 2353 3887 3880 3958; baseline 0.003 -8"><span class='ocrx_word' id='word_1_658' title='bbox 2353 3892 2536 3950; x_wconf 82' lang='grc' dir='ltr'>Ταῦτα</span> <span class='ocrx_word' id='word_1_659' title='bbox 2610 3888 2667 3947; x_wconf 75' lang='grc' dir='ltr'>δὲ</span> <span class='ocrx_word' id='word_1_660' title='bbox 2751 3891 2921 3948; x_wconf 75' lang='grc' dir='ltr'>πάντα</span> <span class='ocrx_word' id='word_1_661' title='bbox 3004 3892 3199 3958; x_wconf 80' lang='grc' dir='ltr'>τύποις</span> <span class='ocrx_word' id='word_1_662' title='bbox 3282 3887 3597 3951; x_wconf 79' lang='grc' dir='ltr'>συνέϐαινον</span> <span class='ocrx_word' id='word_1_663' title='bbox 3680 3893 3880 3954; x_wconf 68' lang='grc' dir='ltr'>ἐκεινοις,</span> 
     </span>
    </p>
   </div>
   <div class='ocr_carea' id='block_1_87' title="bbox 2280 3975 3879 4060">
    <p class='ocr_par' dir='ltr' id='par_1_87' title="bbox 2280 3975 3879 4060">
     <span class='ocr_line' id='line_1_87' title="bbox 2280 3975 3879 4060; baseline -0.002 -25"><span class='ocrx_word' id='word_1_664' title='bbox 2280 3977 2486 4060; x_wconf 72' lang='grc' dir='ltr'>ἐγράφη</span> <span class='ocrx_word' id='word_1_665' title='bbox 2542 3975 2599 4037; x_wconf 63' lang='grc' dir='ltr'>δὲ</span> <span class='ocrx_word' id='word_1_666' title='bbox 2645 3980 2782 4057; x_wconf 85' lang='grc' dir='ltr'>πρὸς</span> <span class='ocrx_word' id='word_1_667' title='bbox 2839 3977 3110 4046; x_wconf 81' lang='grc' dir='ltr'>νουθεσίαν</span> <span class='ocrx_word' id='word_1_668' title='bbox 3175 3982 3337 4055; x_wconf 74' lang='grc' dir='ltr'>ἡμῶν</span> <span class='ocrx_word' id='word_1_669' title='bbox 3396 3982 3473 4047; x_wconf 80' lang='grc' dir='ltr'><strong>είς</strong></span> <span class='ocrx_word' id='word_1_670' title='bbox 3525 3982 3624 4046; x_wconf 78' lang='grc' dir='ltr'>οὓς</span> <span class='ocrx_word' id='word_1_671' title='bbox 3670 3980 3731 4039; x_wconf 73' lang='grc' dir='ltr'><strong>τὰ</strong></span> <span class='ocrx_word' id='word_1_672' title='bbox 3775 3976 3879 4045; x_wconf 70' lang='grc' dir='ltr'>τέλη</span> 
     </span>
    </p>
   </div>
   <div class='ocr_carea' id='block_1_88' title="bbox 2279 4068 3881 4142">
    <p class='ocr_par' dir='ltr' id='par_1_88' title="bbox 2279 4068 3881 4142">
     <span class='ocr_line' id='line_1_88' title="bbox 2279 4068 3881 4142; baseline -0.002 -14"><span class='ocrx_word' id='word_1_673' title='bbox 2279 4075 2388 4128; x_wconf 77' lang='grc' dir='ltr'>τῶν</span> <span class='ocrx_word' id='word_1_674' title='bbox 2443 4070 2655 4127; x_wconf 80' lang='grc' dir='ltr'>αἰώνων</span> <span class='ocrx_word' id='word_1_675' title='bbox 2745 4072 3073 4142; x_wconf 74' lang='grc' dir='ltr'>κατήνησεν.</span> <span class='ocrx_word' id='word_1_676' title='bbox 3152 4072 3314 4127; x_wconf 79' lang='grc' dir='ltr'>’Ὠστε</span> <span class='ocrx_word' id='word_1_677' title='bbox 3369 4072 3397 4127; x_wconf 83' lang='grc' dir='ltr'>ὁ</span> <span class='ocrx_word' id='word_1_678' title='bbox 3457 4068 3639 4129; x_wconf 80' lang='grc' dir='ltr'>δοκῶν</span> <span class='ocrx_word' id='word_1_679' title='bbox 3690 4073 3881 4137; x_wconf 66' lang='lat' dir='ltr'><strong>inim,</strong></span> 
     </span>
    </p>
   </div>
   <div class='ocr_carea' id='block_1_89' title="bbox 2282 4158 3879 4237">
    <p class='ocr_par' dir='ltr' id='par_1_89' title="bbox 2282 4158 3879 4237">
     <span class='ocr_line' id='line_1_89' title="bbox 2282 4158 3879 4237; baseline -0.004 -21"><span class='ocrx_word' id='word_1_680' title='bbox 2282 4158 2532 4237; x_wconf 64' lang='grc' dir='ltr'>βλεπέτω</span> <span class='ocrx_word' id='word_1_681' title='bbox 2593 4161 2668 4234; x_wconf 84' lang='grc' dir='ltr'>μή</span> <span class='ocrx_word' id='word_1_682' title='bbox 2755 4160 2914 4235; x_wconf 74' lang='grc' dir='ltr'>πέσῃ.</span> <span class='ocrx_word' id='word_1_683' title='bbox 2959 4159 3268 4236; x_wconf 75' lang='grc' dir='ltr'>Πειρασμὸς</span> <span class='ocrx_word' id='word_1_684' title='bbox 3326 4161 3470 4234; x_wconf 78' lang='grc' dir='ltr'>ὑμᾶς</span> <span class='ocrx_word' id='word_1_685' title='bbox 3526 4163 3631 4219; x_wconf 76' lang='grc' dir='ltr'><strong>οὐκ</strong></span> <span class='ocrx_word' id='word_1_686' title='bbox 3679 4158 3879 4235; x_wconf 68' lang='grc' dir='ltr'>εἴληφεν.</span> 
     </span>
    </p>
   </div>
   <div class='ocr_carea' id='block_1_90' title="bbox 2279 4243 3879 4324">
    <p class='ocr_par' dir='ltr' id='par_1_90' title="bbox 2279 4243 3879 4324">
     <span class='ocr_line' id='line_1_90' title="bbox 2279 4243 3879 4324; baseline -0.002 -21"><span class='ocrx_word' id='word_1_687' title='bbox 2279 4245 2325 4303; x_wconf 82' lang='grc' dir='ltr'><strong>εἰ</strong></span> <span class='ocrx_word' id='word_1_688' title='bbox 2383 4248 2461 4322; x_wconf 77' lang='grc' dir='ltr'>μὴ</span> <span class='ocrx_word' id='word_1_689' title='bbox 2519 4245 2878 4324; x_wconf 79' lang='grc' dir='ltr'>ἀνθρώπινος.</span> <span class='ocrx_word' id='word_1_690' title='bbox 2941 4248 3140 4311; x_wconf 82' lang='grc' dir='ltr'>Πιστὸς</span> <span class='ocrx_word' id='word_1_691' title='bbox 3220 4244 3279 4304; x_wconf 75' lang='grc' dir='ltr'>δὶ</span> <span class='ocrx_word' id='word_1_692' title='bbox 3358 4249 3386 4305; x_wconf 82' lang='grc' dir='ltr'><strong>ὁ</strong></span> <span class='ocrx_word' id='word_1_693' title='bbox 3472 4252 3610 4317; x_wconf 82' lang='grc' dir='ltr'>Θεὸς</span> <span class='ocrx_word' id='word_1_694' title='bbox 3687 4247 3739 4312; x_wconf 76' lang='grc' dir='ltr'>ες</span> <span class='ocrx_word' id='word_1_695' title='bbox 3805 4243 3879 4300; x_wconf 66' lang='grc' dir='ltr'>οὔκ</span> 
     </span>
    </p>
   </div>
   <div class='ocr_carea' id='block_1_91' title="bbox 2276 4331 3876 4414">
    <p class='ocr_par' dir='ltr' id='par_1_91' title="bbox 2276 4331 3876 4414">
     <span class='ocr_line' id='line_1_91' title="bbox 2276 4331 3876 4414; baseline -0.003 -20"><span class='ocrx_word' id='word_1_696' title='bbox 2276 4336 2417 4394; x_wconf 68' lang='grc' dir='ltr'>ἰάσει</span> <span class='ocrx_word' id='word_1_697' title='bbox 2500 4336 2640 4413; x_wconf 73' lang='grc' dir='ltr'>ὑμᾶς</span> <span class='ocrx_word' id='word_1_698' title='bbox 2733 4339 3088 4414; x_wconf 57' lang='grc' dir='ltr'>πειρασθῆναι</span> <span class='ocrx_word' id='word_1_699' title='bbox 3173 4339 3306 4414; x_wconf 76' lang='grc' dir='ltr'>ὖπὶρ</span> <span class='ocrx_word' id='word_1_700' title='bbox 3363 4339 3391 4394; x_wconf 82' lang='grc' dir='ltr'>ὃ</span> <span class='ocrx_word' id='word_1_701' title='bbox 3450 4337 3672 4397; x_wconf 74' lang='grc' dir='ltr'>δύνασθε</span> <span class='ocrx_word' id='word_1_702' title='bbox 3702 4383 3716 4409; x_wconf 84' lang='grc'>,</span> <span class='ocrx_word' id='word_1_703' title='bbox 3765 4331 3876 4393; x_wconf 69' lang='grc' dir='ltr'>ἀλλὰ</span> 
     </span>
    </p>
   </div>
   <div class='ocr_carea' id='block_1_92' title="bbox 2273 4424 3873 4504">
    <p class='ocr_par' dir='ltr' id='par_1_92' title="bbox 2273 4424 3873 4504">
     <span class='ocr_line' id='line_1_92' title="bbox 2273 4424 3873 4504; baseline -0.003 -20"><span class='ocrx_word' id='word_1_704' title='bbox 2273 4427 2492 4499; x_wconf 72' lang='grc' dir='ltr'>ποιήσει</span> <span class='ocrx_word' id='word_1_705' title='bbox 2572 4428 2664 4482; x_wconf 76' lang='grc' dir='ltr'><strong>σὺν</strong></span> <span class='ocrx_word' id='word_1_706' title='bbox 2718 4431 2799 4501; x_wconf 77' lang='grc' dir='ltr'>τῷ</span> <span class='ocrx_word' id='word_1_707' title='bbox 2854 4429 3142 4504; x_wconf 79' lang='grc' dir='ltr'>πειρασμῷ</span> <span class='ocrx_word' id='word_1_708' title='bbox 3220 4426 3311 4484; x_wconf 79' lang='grc' dir='ltr'>καὶ</span> <span class='ocrx_word' id='word_1_709' title='bbox 3367 4431 3467 4500; x_wconf 72' lang='grc' dir='ltr'>τήν</span> <span class='ocrx_word' id='word_1_710' title='bbox 3521 4424 3757 4501; x_wconf 76' lang='grc' dir='ltr'>ἔκϐασιν,</span> <span class='ocrx_word' id='word_1_711' title='bbox 3804 4425 3873 4480; x_wconf 75' lang='grc' dir='ltr'>τοῦ</span> 
     </span>
    </p>
   </div>
   <div class='ocr_carea' id='block_1_93' title="bbox 2273 4515 3062 4595">
    <p class='ocr_par' dir='ltr' id='par_1_93' title="bbox 2273 4515 3062 4595">
     <span class='ocr_line' id='line_1_93' title="bbox 2273 4515 3062 4595; baseline 0.004 -21"><span class='ocrx_word' id='word_1_712' title='bbox 2273 4515 2525 4575; x_wconf 76' lang='grc' dir='ltr'>δύνασθαι</span> <span class='ocrx_word' id='word_1_713' title='bbox 2559 4516 2700 4593; x_wconf 81' lang='grc' dir='ltr'>ὑμᾶς</span> <span class='ocrx_word' id='word_1_714' title='bbox 2728 4517 3062 4595; x_wconf 71' lang='grc' dir='ltr'>ὑπενεγκεῖν.</span> 
     </span>
    </p>
   </div>
   <div class='ocr_carea' id='block_1_94' title="bbox 584 4594 2168 4683">
    <p class='ocr_par' dir='ltr' id='par_1_94' title="bbox 584 4604 2157 4681">
     <span class='ocr_line' id='line_1_94' title="bbox 584 4604 2157 4681; baseline 0.001 -17"><span class='ocrx_word' id='word_1_715' title='bbox 584 4606 825 4681; x_wconf 83' lang='lat' dir='ltr'><strong>Figuras</strong></span> <span class='ocrx_word' id='word_1_716' title='bbox 857 4611 1023 4665; x_wconf 88' lang='lat' dir='ltr'><strong>vocat</strong></span> <span class='ocrx_word' id='word_1_717' title='bbox 1054 4605 1178 4676; x_wconf 89' lang='lat' dir='ltr'><strong>illa,</strong></span> <span class='ocrx_word' id='word_1_718' title='bbox 1244 4604 1569 4665; x_wconf 87' lang='lat' dir='ltr'><strong>ostendens</strong></span> <span class='ocrx_word' id='word_1_719' title='bbox 1624 4605 1733 4663; x_wconf 89' lang='lat' dir='ltr'><strong>hos</strong></span> <span class='ocrx_word' id='word_1_720' title='bbox 1787 4606 1975 4681; x_wconf 86' lang='lat' dir='ltr'><strong>magis</strong></span> <span class='ocrx_word' id='word_1_721' title='bbox 2029 4626 2157 4666; x_wconf 84' lang='lat' dir='ltr'><strong>esse</strong></span> 
     </span>
    </p>
   </div>
   <div class='ocr_carea' id='block_1_95' title="bbox 2276 4594 3868 4683">
    <p class='ocr_par' dir='ltr' id='par_1_95' title="bbox 2336 4594 3868 4683">
     <span class='ocr_line' id='line_1_95' title="bbox 2336 4594 3868 4683; baseline -0.006 -17"><span class='ocrx_word' id='word_1_722' title='bbox 2336 4606 2554 4670; x_wconf 70' lang='grc' dir='ltr'>Τόπους</span> <span class='ocrx_word' id='word_1_723' title='bbox 2621 4604 2798 4663; x_wconf 71' lang='grc' dir='ltr'>ἐκεῖνα</span> <span class='ocrx_word' id='word_1_724' title='bbox 2870 4594 3051 4677; x_wconf 79' lang='grc' dir='ltr'>καλεῖ,</span> <span class='ocrx_word' id='word_1_725' title='bbox 3132 4602 3337 4671; x_wconf 75' lang='grc' dir='ltr'>δεικνὺς</span> <span class='ocrx_word' id='word_1_726' title='bbox 3408 4609 3674 4683; x_wconf 83' lang='grc' dir='ltr'>μειζόνως</span> <span class='ocrx_word' id='word_1_727' title='bbox 3721 4600 3868 4664; x_wconf 70' lang='grc' dir='ltr'>αὐτοὺς</span> 
     </span>
    </p>
   </div>
   <div class='ocr_carea' id='block_1_96' title="bbox 513 4692 2158 4768">
    <p class='ocr_par' dir='ltr' id='par_1_96' title="bbox 513 4692 2158 4768">
     <span class='ocr_line' id='line_1_96' title="bbox 513 4692 2158 4768; baseline 0.004 -19"><span class='ocrx_word' id='word_1_728' title='bbox 513 4694 867 4768; x_wconf 90' lang='lat' dir='ltr'><strong>puniendos.</strong></span> <span class='ocrx_word' id='word_1_729' title='bbox 886 4692 1398 4761; x_wconf 83' lang='lat' dir='ltr'><strong>Quemadmodum</strong></span> <span class='ocrx_word' id='word_1_730' title='bbox 1431 4697 1593 4755; x_wconf 84' lang='lat' dir='ltr'><strong>enim</strong></span> <span class='ocrx_word' id='word_1_731' title='bbox 1621 4696 1682 4754; x_wconf 89' lang='lat' dir='ltr'><strong>in</strong></span> <span class='ocrx_word' id='word_1_732' title='bbox 1714 4694 1888 4753; x_wconf 88' lang='lat' dir='ltr'><strong>donis</strong></span> <span class='ocrx_word' id='word_1_733' title='bbox 1946 4698 2158 4755; x_wconf 87' lang='lat' dir='ltr'><strong>veritas</strong></span> 
     </span>
    </p>
   </div>
   <div class='ocr_carea' id='block_1_97' title="bbox 516 4782 2159 4860">
    <p class='ocr_par' dir='ltr' id='par_1_97' title="bbox 516 4782 2159 4860">
     <span class='ocr_line' id='line_1_97' title="bbox 516 4782 2159 4860; baseline 0.002 -21"><span class='ocrx_word' id='word_1_734' title='bbox 516 4787 708 4854; x_wconf 81' lang='lat' dir='ltr'><strong>major</strong></span> <span class='ocrx_word' id='word_1_735' title='bbox 737 4789 827 4840; x_wconf 84' lang='lat' dir='ltr'><strong>est</strong></span> <span class='ocrx_word' id='word_1_736' title='bbox 851 4782 1056 4857; x_wconf 79' lang='lat' dir='ltr'><strong>ﬁgura,</strong></span> <span class='ocrx_word' id='word_1_737' title='bbox 1082 4786 1164 4843; x_wconf 88' lang='lat' dir='ltr'><strong>ita</strong></span> <span class='ocrx_word' id='word_1_738' title='bbox 1194 4785 1441 4842; x_wconf 88' lang='lat' dir='ltr'><strong>omnino</strong></span> <span class='ocrx_word' id='word_1_739' title='bbox 1474 4785 1610 4842; x_wconf 86' lang='lat' dir='ltr'><strong>etin</strong></span> <span class='ocrx_word' id='word_1_740' title='bbox 1645 4785 1975 4860; x_wconf 88' lang='lat' dir='ltr'><strong>suppliciis.</strong></span> <span class='ocrx_word' id='word_1_741' title='bbox 2015 4808 2038 4839; x_wconf 75' lang='grc' dir='ltr'><strong>α</strong></span> <span class='ocrx_word' id='word_1_742' title='bbox 2070 4788 2159 4843; x_wconf 75' lang='lat' dir='ltr'><strong>Ad</strong></span> 
     </span>
    </p>
   </div>
   <div class='ocr_carea' id='block_1_98' title="bbox 513 4873 2157 4950">
    <p class='ocr_par' dir='ltr' id='par_1_98' title="bbox 513 4873 2157 4950">
     <span class='ocr_line' id='line_1_98' title="bbox 513 4873 2157 4950; baseline 0.002 -22"><span class='ocrx_word' id='word_1_743' title='bbox 513 4889 664 4947; x_wconf 90' lang='lat' dir='ltr'><strong>quos</strong></span> <span class='ocrx_word' id='word_1_744' title='bbox 696 4874 843 4930; x_wconf 78' lang='lat' dir='ltr'><strong>lines</strong></span> <span class='ocrx_word' id='word_1_745' title='bbox 902 4875 1280 4933; x_wconf 64' lang='lat' dir='ltr'><strong>saeculorum.</strong></span> <span class='ocrx_word' id='word_1_746' title='bbox 1334 4896 1358 4927; x_wconf 79' lang='grc' dir='ltr'><strong><em>ι</em></strong></span> <span class='ocrx_word' id='word_1_747' title='bbox 1392 4876 1463 4931; x_wconf 86' lang='lat' dir='ltr'><strong>Et</strong></span> <span class='ocrx_word' id='word_1_748' title='bbox 1499 4892 1568 4933; x_wconf 84' lang='lat' dir='ltr'><strong>ex</strong></span> <span class='ocrx_word' id='word_1_749' title='bbox 1600 4873 1954 4931; x_wconf 88' lang='lat' dir='ltr'><strong>imminente</strong></span> <span class='ocrx_word' id='word_1_750' title='bbox 2012 4876 2157 4950; x_wconf 87' lang='lat' dir='ltr'><strong>ipsis</strong></span> 
     </span>
    </p>
   </div>
   <div class='ocr_carea' id='block_1_99' title="bbox 508 4960 2155 5040">
    <p class='ocr_par' dir='ltr' id='par_1_99' title="bbox 508 4960 2155 5040">
     <span class='ocr_line' id='line_1_99' title="bbox 508 4960 2155 5040; baseline 0.001 -18"><span class='ocrx_word' id='word_1_751' title='bbox 508 4960 650 5034; x_wconf 71' lang='lat' dir='ltr'><strong>ﬁne,</strong></span> <span class='ocrx_word' id='word_1_752' title='bbox 693 4968 751 5020; x_wconf 86' lang='lat' dir='ltr'><strong>et</strong></span> <span class='ocrx_word' id='word_1_753' title='bbox 808 4982 878 5020; x_wconf 85' lang='lat' dir='ltr'><strong>ex</strong></span> <span class='ocrx_word' id='word_1_754' title='bbox 935 4966 1148 5023; x_wconf 86' lang='lat' dir='ltr'><strong>futuris</strong></span> <span class='ocrx_word' id='word_1_755' title='bbox 1180 4964 1490 5040; x_wconf 85' lang='lat' dir='ltr'><strong>suppliciis</strong></span> <span class='ocrx_word' id='word_1_756' title='bbox 1545 4965 1809 5032; x_wconf 82' lang='lat' dir='ltr'><strong>aeternis,</strong></span> <span class='ocrx_word' id='word_1_757' title='bbox 1838 4967 2026 5040; x_wconf 81' lang='lat' dir='ltr'><strong>magis</strong></span> <span class='ocrx_word' id='word_1_758' title='bbox 2055 4985 2155 5024; x_wconf 87' lang='lat' dir='ltr'><strong>eos</strong></span> 
     </span>
    </p>
   </div>
   <div class='ocr_carea' id='block_1_100' title="bbox 507 5052 2155 5114">
    <p class='ocr_par' dir='ltr' id='par_1_100' title="bbox 507 5052 2155 5114">
     <span class='ocr_line' id='line_1_100' title="bbox 507 5052 2155 5114; baseline 0.002 -6"><span class='ocrx_word' id='word_1_759' title='bbox 507 5052 859 5111; x_wconf 74' lang='lat' dir='ltr'><strong>terretNam</strong></span> <span class='ocrx_word' id='word_1_760' title='bbox 888 5053 972 5110; x_wconf 88' lang='lat' dir='ltr'><strong>ait</strong></span> <span class='ocrx_word' id='word_1_761' title='bbox 999 5074 1013 5112; x_wconf 89' lang='lat'><strong>:</strong></span> <span class='ocrx_word' id='word_1_762' title='bbox 1045 5055 1173 5111; x_wconf 82' lang='lat' dir='ltr'><strong>Jam</strong></span> <span class='ocrx_word' id='word_1_763' title='bbox 1203 5055 1354 5114; x_wconf 81' lang='lat' dir='ltr'><strong>lines</strong></span> <span class='ocrx_word' id='word_1_764' title='bbox 1381 5054 1733 5114; x_wconf 65' lang='lat' dir='ltr'><strong>seculorum</strong></span> <span class='ocrx_word' id='word_1_765' title='bbox 1769 5062 2155 5113; x_wconf 87' lang='lat' dir='ltr'><strong>occurrerunt</strong></span> 
     </span>
    </p>
   </div>
   <div class='ocr_carea' id='block_1_101' title="bbox 502 5140 2152 5219">
    <p class='ocr_par' dir='ltr' id='par_1_101' title="bbox 502 5140 2152 5219">
     <span class='ocr_line' id='line_1_101' title="bbox 502 5140 2152 5219; baseline 0.001 -20"><span class='ocrx_word' id='word_1_766' title='bbox 502 5147 562 5199; x_wconf 88' lang='lat' dir='ltr'><strong>et</strong></span> <span class='ocrx_word' id='word_1_767' title='bbox 591 5140 717 5203; x_wconf 87' lang='lat' dir='ltr'><strong>dies</strong></span> <span class='ocrx_word' id='word_1_768' title='bbox 749 5149 910 5203; x_wconf 88' lang='lat' dir='ltr'><strong>certe</strong></span> <span class='ocrx_word' id='word_1_769' title='bbox 956 5144 1253 5219; x_wconf 86' lang='lat' dir='ltr'><strong>supplicii.</strong></span> <span class='ocrx_word' id='word_1_770' title='bbox 1283 5146 1410 5201; x_wconf 86' lang='lat' dir='ltr'><strong>Non</strong></span> <span class='ocrx_word' id='word_1_771' title='bbox 1440 5143 1633 5202; x_wconf 85' lang='lat' dir='ltr'><strong>solum</strong></span> <span class='ocrx_word' id='word_1_772' title='bbox 1665 5145 1825 5202; x_wconf 90' lang='lat' dir='ltr'><strong>enim</strong></span> <span class='ocrx_word' id='word_1_773' title='bbox 1856 5142 1947 5200; x_wconf 89' lang='lat' dir='ltr'><strong>illi</strong></span> <span class='ocrx_word' id='word_1_774' title='bbox 1973 5143 2152 5201; x_wconf 90' lang='lat' dir='ltr'><strong>simul</strong></span> 
     </span>
    </p>
   </div>
   <div class='ocr_carea' id='block_1_102' title="bbox 499 5230 2150 5308">
    <p class='ocr_par' dir='ltr' id='par_1_102' title="bbox 499 5230 2150 5308">
     <span class='ocr_line' id='line_1_102' title="bbox 499 5230 2150 5308; baseline 0.001 -19"><span class='ocrx_word' id='word_1_775' title='bbox 499 5249 567 5289; x_wconf 90' lang='lat' dir='ltr'><strong>ac</strong></span> <span class='ocrx_word' id='word_1_776' title='bbox 598 5230 785 5289; x_wconf 89' lang='lat' dir='ltr'><strong>semel</strong></span> <span class='ocrx_word' id='word_1_777' title='bbox 803 5232 1098 5307; x_wconf 89' lang='lat' dir='ltr'><strong>supplicio</strong></span> <span class='ocrx_word' id='word_1_778' title='bbox 1122 5231 1624 5303; x_wconf 80' lang='lat' dir='ltr'><strong>afﬂciebatur,sed</strong></span> <span class='ocrx_word' id='word_1_779' title='bbox 1657 5250 1792 5290; x_wconf 90' lang='lat' dir='ltr'><strong>ecce</strong></span> <span class='ocrx_word' id='word_1_780' title='bbox 1822 5232 1986 5290; x_wconf 83' lang='lat' dir='ltr'><strong>vobis</strong></span> <span class='ocrx_word' id='word_1_781' title='bbox 2009 5249 2150 5308; x_wconf 89' lang='lat' dir='ltr'><strong>quo-</strong></span> 
     </span>
    </p>
   </div>
   <div class='ocr_carea' id='block_1_103' title="bbox 500 5322 2144 5399">
    <p class='ocr_par' dir='ltr' id='par_1_103' title="bbox 500 5322 2144 5399">
     <span class='ocr_line' id='line_1_103' title="bbox 500 5322 2144 5399; baseline 0 -20"><span class='ocrx_word' id='word_1_782' title='bbox 500 5339 615 5395; x_wconf 88' lang='lat' dir='ltr'><strong>que</strong></span> <span class='ocrx_word' id='word_1_783' title='bbox 641 5323 1147 5399; x_wconf 84' lang='lat' dir='ltr'><strong>appropinquavit</strong></span> <span class='ocrx_word' id='word_1_784' title='bbox 1179 5323 1305 5381; x_wconf 86' lang='lat' dir='ltr'><strong>dies</strong></span> <span class='ocrx_word' id='word_1_785' title='bbox 1335 5322 1552 5381; x_wconf 81' lang='lat' dir='ltr'><strong>ﬁnalis.</strong></span> <span class='ocrx_word' id='word_1_786' title='bbox 1585 5323 1984 5381; x_wconf 87' lang='lat' dir='ltr'><strong>Occurrerunt</strong></span> <span class='ocrx_word' id='word_1_787' title='bbox 2041 5340 2144 5379; x_wconf 87' lang='lat' dir='ltr'><strong>au-</strong></span> 
     </span>
    </p>
   </div>
   <div class='ocr_carea' id='block_1_104' title="bbox 566 5543 1157 5617">
    <p class='ocr_par' dir='ltr' id='par_1_104' title="bbox 566 5543 1157 5617">
     <span class='ocr_line' id='line_1_104' title="bbox 566 5543 1157 5617; baseline 0.002 -16"><span class='ocrx_word' id='word_1_788' title='bbox 566 5543 613 5579; x_wconf 73' lang='lat'><strong>“</strong></span> <span class='ocrx_word' id='word_1_789' title='bbox 645 5548 820 5605; x_wconf 84' lang='lat' dir='ltr'><strong>Num.</strong></span> <span class='ocrx_word' id='word_1_790' title='bbox 873 5565 1001 5617; x_wconf 83' lang='lat' dir='ltr'><strong>xxv,</strong></span> <span class='ocrx_word' id='word_1_791' title='bbox 1036 5549 1157 5605; x_wconf 81' lang='grc'><strong>1-9.</strong></span> 
     </span>
    </p>
   </div>
   <div class='ocr_carea' id='block_1_105' title="bbox 492 5642 1569 5718">
    <p class='ocr_par' dir='ltr' id='par_1_105' title="bbox 492 5642 1569 5718">
     <span class='ocr_line' id='line_1_105' title="bbox 492 5642 1569 5718; baseline 0.005 -22"><span class='ocrx_word' id='word_1_792' title='bbox 492 5642 536 5677; x_wconf 67' lang='grc' dir='ltr'><strong>’δ</strong></span> <span class='ocrx_word' id='word_1_793' title='bbox 560 5643 731 5699; x_wconf 88' lang='lat' dir='ltr'><strong>Num.</strong></span> <span class='ocrx_word' id='word_1_794' title='bbox 756 5660 810 5710; x_wconf 71' lang='grc' dir='ltr'><strong>ι,</strong></span> <span class='ocrx_word' id='word_1_795' title='bbox 842 5649 894 5700; x_wconf 87' lang='lat'><strong>2.</strong></span> <span class='ocrx_word' id='word_1_796' title='bbox 996 5647 1040 5681; x_wconf 80' lang='grc'><strong>²⁵</strong></span> <span class='ocrx_word' id='word_1_797' title='bbox 1070 5648 1246 5703; x_wconf 89' lang='lat' dir='ltr'><strong>Num.</strong></span> <span class='ocrx_word' id='word_1_798' title='bbox 1280 5664 1355 5714; x_wconf 64' lang='grc' dir='ltr'>τι,</span> <span class='ocrx_word' id='word_1_799' title='bbox 1386 5650 1407 5700; x_wconf 85' lang='grc'><strong>1</strong></span> <span class='ocrx_word' id='word_1_800' title='bbox 1447 5664 1569 5718; x_wconf 87' lang='lat' dir='ltr'><strong>seq.</strong></span> 
     </span>
    </p>
   </div>
   <div class='ocr_carea' id='block_1_106' title="bbox 1265 5549 2472 5621">
    <p class='ocr_par' dir='ltr' id='par_1_106' title="bbox 1265 5549 2472 5621">
     <span class='ocr_line' id='line_1_106' title="bbox 1265 5549 2472 5621; baseline 0.002 -16"><span class='ocrx_word' id='word_1_801' title='bbox 1265 5549 1310 5585; x_wconf 79' lang='grc'>²⁰</span> <span class='ocrx_word' id='word_1_802' title='bbox 1347 5550 1521 5606; x_wconf 88' lang='lat' dir='ltr'><strong>Num.</strong></span> <span class='ocrx_word' id='word_1_803' title='bbox 1570 5566 1680 5621; x_wconf 66' lang='lat' dir='ltr'><strong>xxx,</strong></span> <span class='ocrx_word' id='word_1_804' title='bbox 1713 5552 1832 5605; x_wconf 77' lang='grc'><strong>4-6.</strong></span> <span class='ocrx_word' id='word_1_805' title='bbox 1876 5614 1882 5620; x_wconf 90' lang='lat'>_</span> <span class='ocrx_word' id='word_1_806' title='bbox 1938 5552 1978 5586; x_wconf 83' lang='grc'><strong>²¹</strong></span> <span class='ocrx_word' id='word_1_807' title='bbox 2028 5551 2200 5606; x_wconf 84' lang='lat' dir='ltr'><strong>Exod.</strong></span> <span class='ocrx_word' id='word_1_808' title='bbox 2249 5569 2337 5619; x_wconf 81' lang='lat' dir='ltr'><strong>xv,</strong></span> <span class='ocrx_word' id='word_1_809' title='bbox 2385 5556 2472 5608; x_wconf 86' lang='lat'><strong>23.</strong></span> 
     </span>
    </p>
   </div>
   <div class='ocr_carea' id='block_1_107' title="bbox 2267 4688 3862 4775">
    <p class='ocr_par' dir='ltr' id='par_1_107' title="bbox 2267 4688 3862 4775">
     <span class='ocr_line' id='line_1_107' title="bbox 2267 4688 3862 4775; baseline 0.003 -24"><span class='ocrx_word' id='word_1_810' title='bbox 2267 4694 2721 4769; x_wconf 71' lang='grc' dir='ltr'>κολασθήσεσθαι.</span> <span class='ocrx_word' id='word_1_811' title='bbox 2806 4697 3007 4772; x_wconf 81' lang='grc' dir='ltr'>Ὠσπερ</span> <span class='ocrx_word' id='word_1_812' title='bbox 3091 4696 3193 4775; x_wconf 81' lang='grc' dir='ltr'><strong>γὰρ</strong></span> <span class='ocrx_word' id='word_1_813' title='bbox 3282 4695 3371 4753; x_wconf 75' lang='grc' dir='ltr'>ἐπὶ</span> <span class='ocrx_word' id='word_1_814' title='bbox 3441 4702 3552 4753; x_wconf 78' lang='grc' dir='ltr'>τῶν</span> <span class='ocrx_word' id='word_1_815' title='bbox 3611 4688 3862 4772; x_wconf 71' lang='grc' dir='ltr'>δωρεῶνῆ</span> 
     </span>
    </p>
   </div>
   <div class='ocr_carea' id='block_1_108' title="bbox 2267 4777 3868 4860">
    <p class='ocr_par' dir='ltr' id='par_1_108' title="bbox 2267 4777 3868 4860">
     <span class='ocr_line' id='line_1_108' title="bbox 2267 4777 3868 4860; baseline -0.003 -19"><span class='ocrx_word' id='word_1_816' title='bbox 2267 4784 2498 4856; x_wconf 70' lang='grc' dir='ltr'>ἀλήθεια</span> <span class='ocrx_word' id='word_1_817' title='bbox 2527 4790 2624 4843; x_wconf 78' lang='grc' dir='ltr'><strong>τοῦ</strong></span> <span class='ocrx_word' id='word_1_818' title='bbox 2651 4787 2825 4842; x_wconf 79' lang='grc' dir='ltr'>τύπου</span> <span class='ocrx_word' id='word_1_819' title='bbox 2881 4788 3103 4860; x_wconf 79' lang='grc' dir='ltr'>μείζων,</span> <span class='ocrx_word' id='word_1_820' title='bbox 3164 4783 3335 4850; x_wconf 69' lang='grc' dir='ltr'>οὕτως</span> <span class='ocrx_word' id='word_1_821' title='bbox 3399 4788 3616 4854; x_wconf 70' lang='grc' dir='ltr'>πάντως</span> <span class='ocrx_word' id='word_1_822' title='bbox 3679 4786 3757 4843; x_wconf 80' lang='grc' dir='ltr'>καῖ</span> <span class='ocrx_word' id='word_1_823' title='bbox 3804 4777 3868 4836; x_wconf 73' lang='grc' dir='ltr'><strong>ἐπὶ</strong></span> 
     </span>
    </p>
   </div>
   <div class='ocr_carea' id='block_1_109' title="bbox 2266 4874 3865 4953">
    <p class='ocr_par' dir='ltr' id='par_1_109' title="bbox 2266 4874 3865 4953">
     <span class='ocr_line' id='line_1_109' title="bbox 2266 4874 3865 4953; baseline 0.001 -22"><span class='ocrx_word' id='word_1_824' title='bbox 2266 4876 2372 4931; x_wconf 79' lang='grc' dir='ltr'><strong>τῶν</strong></span> <span class='ocrx_word' id='word_1_825' title='bbox 2402 4878 2704 4953; x_wconf 80' lang='grc' dir='ltr'>τιμωριῶν.</span> <span class='ocrx_word' id='word_1_826' title='bbox 2766 4901 2795 4932; x_wconf 74' lang='grc' dir='ltr'><strong>α</strong></span> <span class='ocrx_word' id='word_1_827' title='bbox 2848 4875 2940 4939; x_wconf 78' lang='grc' dir='ltr'><strong>Εἷς</strong></span> <span class='ocrx_word' id='word_1_828' title='bbox 2987 4876 3079 4938; x_wconf 78' lang='grc' dir='ltr'>οὓς</span> <span class='ocrx_word' id='word_1_829' title='bbox 3134 4874 3199 4931; x_wconf 77' lang='grc' dir='ltr'><strong>τὰ</strong></span> <span class='ocrx_word' id='word_1_830' title='bbox 3259 4874 3394 4948; x_wconf 83' lang='grc' dir='ltr'>τέλη</span> <span class='ocrx_word' id='word_1_831' title='bbox 3453 4883 3560 4933; x_wconf 82' lang='grc' dir='ltr'><strong>τῶν</strong></span> <span class='ocrx_word' id='word_1_832' title='bbox 3616 4877 3865 4934; x_wconf 76' lang='grc' dir='ltr'>αἷώνωνι³</span> 
     </span>
    </p>
   </div>
   <div class='ocr_carea' id='block_1_110' title="bbox 2265 4959 3871 5047">
    <p class='ocr_par' dir='ltr' id='par_1_110' title="bbox 2265 4959 3871 5047">
     <span class='ocr_line' id='line_1_110' title="bbox 2265 4959 3871 5047; baseline 0 -25"><span class='ocrx_word' id='word_1_833' title='bbox 2265 4964 2365 5022; x_wconf 81' lang='grc' dir='ltr'>Καὶ</span> <span class='ocrx_word' id='word_1_834' title='bbox 2398 4963 2458 5020; x_wconf 79' lang='grc' dir='ltr'><strong>ἔκ</strong></span> <span class='ocrx_word' id='word_1_835' title='bbox 2502 4969 2602 5021; x_wconf 79' lang='grc' dir='ltr'><strong>τοῦ</strong></span> <span class='ocrx_word' id='word_1_836' title='bbox 2662 4964 2874 5047; x_wconf 74' lang='grc' dir='ltr'>ἰφιστᾷν</span> <span class='ocrx_word' id='word_1_837' title='bbox 2926 4965 3114 5028; x_wconf 74' lang='grc' dir='ltr'>αὐτοῖς</span> <span class='ocrx_word' id='word_1_838' title='bbox 3143 4964 3205 5021; x_wconf 82' lang='grc' dir='ltr'>τὸ</span> <span class='ocrx_word' id='word_1_839' title='bbox 3262 4964 3446 5037; x_wconf 74' lang='grc' dir='ltr'>τελος,</span> <span class='ocrx_word' id='word_1_840' title='bbox 3502 4968 3595 5024; x_wconf 80' lang='grc' dir='ltr'>καὶ</span> <span class='ocrx_word' id='word_1_841' title='bbox 3648 4964 3737 5029; x_wconf 71' lang='grc' dir='ltr'><strong>τὰς</strong></span> <span class='ocrx_word' id='word_1_842' title='bbox 3786 4959 3871 5016; x_wconf 71' lang='grc' dir='ltr'>ἐκεῖ</span> 
     </span>
    </p>
   </div>
   <div class='ocr_carea' id='block_1_111' title="bbox 2261 5046 3870 5129">
    <p class='ocr_par' dir='ltr' id='par_1_111' title="bbox 2261 5046 3870 5129">
     <span class='ocr_line' id='line_1_111' title="bbox 2261 5046 3870 5129; baseline 0.001 -21"><span class='ocrx_word' id='word_1_843' title='bbox 2261 5052 2481 5117; x_wconf 80' lang='grc' dir='ltr'>αἰωνίας</span> <span class='ocrx_word' id='word_1_844' title='bbox 2535 5046 2828 5129; x_wconf 70' lang='grc' dir='ltr'>τιμωρίας,</span> <span class='ocrx_word' id='word_1_845' title='bbox 2886 5051 3052 5111; x_wconf 72' lang='grc' dir='ltr'>πλέον</span> <span class='ocrx_word' id='word_1_846' title='bbox 3112 5053 3307 5118; x_wconf 75' lang='grc' dir='ltr'>αὐτοὺς</span> <span class='ocrx_word' id='word_1_847' title='bbox 3369 5059 3548 5113; x_wconf 87' lang='grc' dir='ltr'>πτοεῖ.</span> <span class='ocrx_word' id='word_1_848' title='bbox 3609 5052 3741 5124; x_wconf 83' lang='grc' dir='ltr'>Ἤδη</span> <span class='ocrx_word' id='word_1_849' title='bbox 3790 5046 3870 5125; x_wconf 67' lang='grc' dir='ltr'><strong>γάρ</strong></span> 
     </span>
    </p>
   </div>
   <div class='ocr_carea' id='block_1_112' title="bbox 2261 5137 3872 5217">
    <p class='ocr_par' dir='ltr' id='par_1_112' title="bbox 2261 5137 3872 5217">
     <span class='ocr_line' id='line_1_112' title="bbox 2261 5137 3872 5217; baseline 0 -18"><span class='ocrx_word' id='word_1_850' title='bbox 2261 5163 2413 5215; x_wconf 72' lang='grc' dir='ltr'>φησι·</span> <span class='ocrx_word' id='word_1_851' title='bbox 2448 5142 2532 5201; x_wconf 71' lang='grc' dir='ltr'><strong>Τὰ</strong></span> <span class='ocrx_word' id='word_1_852' title='bbox 2557 5141 2691 5215; x_wconf 81' lang='grc' dir='ltr'>τέλη</span> <span class='ocrx_word' id='word_1_853' title='bbox 2726 5146 2833 5199; x_wconf 80' lang='grc' dir='ltr'>τῶν</span> <span class='ocrx_word' id='word_1_854' title='bbox 2888 5143 3098 5200; x_wconf 77' lang='grc' dir='ltr'>αἰώνων</span> <span class='ocrx_word' id='word_1_855' title='bbox 3157 5147 3485 5217; x_wconf 71' lang='grc' dir='ltr'>κατήντησε,</span> <span class='ocrx_word' id='word_1_856' title='bbox 3539 5141 3631 5200; x_wconf 80' lang='grc' dir='ltr'>καί</span> <span class='ocrx_word' id='word_1_857' title='bbox 3664 5144 3691 5213; x_wconf 67' lang='grc' dir='ltr'>ἡ</span> <span class='ocrx_word' id='word_1_858' title='bbox 3720 5137 3872 5214; x_wconf 66' lang='grc' dir='ltr'>ἡμέρι</span> 
     </span>
    </p>
   </div>
   <div class='ocr_carea' id='block_1_113' title="bbox 2259 5228 3871 5311">
    <p class='ocr_par' dir='ltr' id='par_1_113' title="bbox 2259 5228 3871 5311">
     <span class='ocr_line' id='line_1_113' title="bbox 2259 5228 3871 5311; baseline -0.002 -23"><span class='ocrx_word' id='word_1_859' title='bbox 2259 5228 2518 5301; x_wconf 73' lang='grc' dir='ltr'>δηλονότι</span> <span class='ocrx_word' id='word_1_860' title='bbox 2548 5240 2649 5306; x_wconf 82' lang='grc' dir='ltr'><strong>τῆς</strong></span> <span class='ocrx_word' id='word_1_861' title='bbox 2676 5235 2968 5308; x_wconf 85' lang='grc' dir='ltr'>τιμωρίας.</span> <span class='ocrx_word' id='word_1_862' title='bbox 3002 5234 3066 5292; x_wconf 85' lang='grc' dir='ltr'>Εἰ</span> <span class='ocrx_word' id='word_1_863' title='bbox 3095 5234 3200 5311; x_wconf 73' lang='grc' dir='ltr'><strong>γὰρ</strong></span> <span class='ocrx_word' id='word_1_864' title='bbox 3232 5232 3430 5291; x_wconf 75' lang='grc' dir='ltr'>ἐκεῖνοι</span> <span class='ocrx_word' id='word_1_865' title='bbox 3475 5230 3587 5308; x_wconf 75' lang='grc' dir='ltr'><strong>ἅμα</strong></span> <span class='ocrx_word' id='word_1_866' title='bbox 3643 5230 3727 5290; x_wconf 76' lang='grc' dir='ltr'>καὶ</span> <span class='ocrx_word' id='word_1_867' title='bbox 3778 5228 3871 5301; x_wconf 76' lang='grc' dir='ltr'>ἅμα</span> 
     </span>
    </p>
   </div>
   <div class='ocr_carea' id='block_1_114' title="bbox 2258 5316 3869 5403">
    <p class='ocr_par' dir='ltr' id='par_1_114' title="bbox 2258 5316 3869 5403">
     <span class='ocr_line' id='line_1_114' title="bbox 2258 5316 3869 5403; baseline 0.001 -25"><span class='ocrx_word' id='word_1_868' title='bbox 2258 5321 2650 5399; x_wconf 77' lang='grc' dir='ltr'>ἐτιμωροῦντο,</span> <span class='ocrx_word' id='word_1_869' title='bbox 2683 5320 2815 5380; x_wconf 69' lang='grc' dir='ltr'>ἀλλ’</span> <span class='ocrx_word' id='word_1_870' title='bbox 2842 5321 2959 5382; x_wconf 71' lang='grc' dir='ltr'>ἱδοὺ</span> <span class='ocrx_word' id='word_1_871' title='bbox 3016 5323 3106 5379; x_wconf 81' lang='grc' dir='ltr'>καὶ</span> <span class='ocrx_word' id='word_1_872' title='bbox 3169 5322 3294 5398; x_wconf 73' lang='grc' dir='ltr'>ὑμῖν</span> <span class='ocrx_word' id='word_1_873' title='bbox 3355 5319 3577 5403; x_wconf 71' lang='grc' dir='ltr'>ἔφθασεν</span> <span class='ocrx_word' id='word_1_874' title='bbox 3625 5322 3659 5393; x_wconf 77' lang='grc' dir='ltr'>ἦ</span> <span class='ocrx_word' id='word_1_875' title='bbox 3714 5316 3869 5393; x_wconf 68' lang='grc' dir='ltr'>ἡμέρα</span> 
     </span>
    </p>
   </div>
   <div class='ocr_carea' id='block_1_115' title="bbox 2569 5546 3861 5627">
    <p class='ocr_par' dir='ltr' id='par_1_115' title="bbox 2569 5546 3861 5627">
     <span class='ocr_line' id='line_1_115' title="bbox 2569 5546 3861 5627; baseline -0.003 -18"><span class='ocrx_word' id='word_1_876' title='bbox 2569 5553 2614 5588; x_wconf 69' lang='grc' dir='ltr'><strong>ἐ</strong></span> <span class='ocrx_word' id='word_1_877' title='bbox 2650 5555 2831 5611; x_wconf 84' lang='lat' dir='ltr'><strong>Exod.</strong></span> <span class='ocrx_word' id='word_1_878' title='bbox 2881 5572 3013 5627; x_wconf 83' lang='lat' dir='ltr'><strong>xvu,</strong></span> <span class='ocrx_word' id='word_1_879' title='bbox 3047 5558 3077 5609; x_wconf 87' lang='lat'><strong>3</strong></span> <span class='ocrx_word' id='word_1_880' title='bbox 3114 5572 3127 5621; x_wconf 92' lang='lat'>;</span> <span class='ocrx_word' id='word_1_881' title='bbox 3161 5573 3251 5624; x_wconf 81' lang='lat' dir='ltr'><strong>xx,</strong></span> <span class='ocrx_word' id='word_1_882' title='bbox 3286 5559 3334 5611; x_wconf 82' lang='lat' dir='ltr'><strong>i.</strong></span> <span class='ocrx_word' id='word_1_883' title='bbox 3426 5554 3472 5590; x_wconf 71' lang='grc'>³³</span> <span class='ocrx_word' id='word_1_884' title='bbox 3498 5557 3664 5611; x_wconf 83' lang='lat' dir='ltr'><strong>Num.</strong></span> <span class='ocrx_word' id='word_1_885' title='bbox 3690 5565 3789 5611; x_wconf 72' lang='lat' dir='ltr'><strong>xw,</strong></span> <span class='ocrx_word' id='word_1_886' title='bbox 3817 5546 3861 5595; x_wconf 67' lang='lat'><strong>2-</strong></span> 
     </span>
    </p>
   </div>
  </div>
