4068 6254
502 386 618 444 783

1621 379 2044 441 ωΟυΜΕΝΠ
2092 379 2394 442 ΤΒΙΟΟΛΕ
2439 389 2790 454 EPISCOPI

3810 399 3920 455 ’184

503 516 883 570 vehementer
910 512 982 566 de
1015 511 1138 566 suis
1173 511 1546 567 sermonibus
1577 511 1839 566 conﬁdat
1872 516 2125 580 tanquan

2268 515 2454 591 θαρρεῐ
2481 525 2598 582 τοῖς
2631 521 2854 585 οἰκείοις
2908 520 3101 598 λόγοις
3130 523 3206 585 ὡς
3261 521 3507 594 ἀληθέσι.
3561 523 3674 581 Καὶ
3738 523 3918 591 λοιπὸ,

503 605 653 660 veris
678 621 690 658 :
727 600 1173 673 etpostmodum
1188 599 1760 671 probatidololatras
1789 615 1917 654 esse
1940 616 2007 654 ac
2030 598 2154 653 ido-

503 693 697 748 lorum
729 689 1069 764 participes,
1103 706 1205 744 eos
1246 689 1346 760 qui
1379 689 1563 744 edunt
1593 689 1940 760 idolothyta.
1977 712 2002 736 «
2039 691 2148 742 Po-

497 784 698 838 culum
730 780 1182 836 benedictionis.
1215 800 1242 827 n
1275 779 1560 835 Poculum
1595 784 1763 834 vocat
1783 777 2149 832 benedictio-

497 871 614 936 nis,
643 869 922 942 poculum
974 866 1554 938 sanguinis}Christi.
1590 890 1616 915 ‹‹
1653 867 1816 931 Quod
1848 865 2149 920 benedici-

498 976 650 1013 mns.
683 979 712 1007 »
746 956 912 1022 Quod
942 974 1063 1028 pra;
1097 955 1372 1010 manibus
1399 955 1704 1019 habentes,
1739 954 2148 1008 benedicimus

497 1064 654 1112 eum,
683 1046 783 1117 qui
815 1045 1069 1117 gratiose
1101 1043 1450 1115 sanguinem
1482 1059 1654 1098 suum
1686 1043 1860 1097 nobis
1904 1042 2148 1115 largitus

495 1141 604 1200 est,
638 1136 746 1189 hoc
777 1139 886 1200 est,
922 1134 1140 1205 gratias
1173 1132 1423 1205 agimus.
1458 1132 1610 1188 515
1645 1131 1749 1186 Vel
1780 1131 1936 1201 quod
1965 1131 2142 1185 bene-

503 1226 769 1279 dicentes
800 1239 1226 1294 praeparamus.

573 1314 694 1368 Scis
725 1313 866 1383 quid
890 1313 1148 1366 dicam.«
1178 1313 1382 1365 Nonne
1415 1310 1878 1367 communicatio
1909 1309 2146 1380 sangui-

498 1402 592 1456 nis
644 1401 856 1456 Christi
904 1400 1045 1455 est?
1083 1422 1109 1450 ››
1156 1403 1271 1455 Nos
1346 1401 1504 1454 enim
1553 1399 1782 1454 Christo
1840 1399 2149 1470 conjungit

494 1491 732 1562 sanguis
759 1491 1050 1561 ipsius,ut
1069 1489 1338 1544 membra
1369 1490 1568 1560 capiti,
1606 1505 1711 1560 per
1741 1488 2147 1560 participatio-

493 1596 649 1635 nem.
685 1602 712 1629 ‹‹
748 1579 926 1633 Panis
957 1595 1137 1649 quem
1171 1578 1517 1650 frangimus.
1557 1601 1582 1625 ››
1635 1576 1802 1642 Quod
1855 1577 1913 1630 in
1971 1591 2145 1631 cruce

493 1685 613 1723 non
636 1673 724 1722 est
744 1673 972 1739 {passus
997 1667 1279 1720 Dominus
1307 1665 1631 1737 (siquidem
1657 1682 1722 1720 os
1745 1665 1895 1734 ejus,
1929 1664 2142 1734 inquit,

493 1774 615 1812 non
637 1756 1043 1827 confringetur
1066 1756 1175 1809 hoc
1189 1760 1432 1826 propter
1445 1771 1554 1808 nos
1570 1754 2146 1813 sustinetfractus.ut

492 1864 602 1902 nos
627 1843 1296 1916 sibiconjungat.—Alio
1316 1843 1654 1914 modoJSjus
1669 1842 1825 1913 quod
1841 1841 2146 1912 praecessit
2173 1873 2219 1934 Β
2251 1854 2512 1926 ὑπομένει

492 1934 920 1990 demonstratio
953 1939 1041 1987 est
1086 1933 1146 1987 id
1179 1933 1336 2003 quod
1361 1931 1758 2002 subjungitur.
1795 1930 1960 1986 Unde
1978 1931 2139 1986 enim

491 2023 876 2076 manifestum
897 2027 1008 2088 est,
1040 2021 1254 2090 inquit,
1315 2021 1467 2089 quod
1502 2019 1674 2090 panis
1706 2036 1881 2090 quem
1915 2019 2137 2091 frangi-

492 2125 626 2162 mus
683 2109 1148 2163 communicatio
1195 2108 1459 2179 corporis
1490 2107 1706 2162 Christi
1765 2114 1874 2175 est,
1909 2108 2021 2162 hoc
2051 2113 2141 2162 est

492 2198 650 2267 quod
695 2215 801 2252 nos
832 2197 907 2252 ad
964 2197 1563 2253 communicationem
1599 2198 1864 2268 corporis
1921 2197 2137 2252 Christi

491 2286 732 2342 adducit
760 2287 788 2340 ?
816 2286 978 2343 Unde
1004 2286 1385 2342 manifestum
1400 2291 1490 2341 est
1517 2287 1701 2350 ‘?Quia
1715 2303 1899 2342 unum
1921 2303 2138 2358 corpus

491 2392 699 2430 sumus
747 2392 814 2431 ac
857 2393 1137 2432 vocamur
1178 2393 1409 2444 omnes,
1442 2376 1542 2445 qui
1570 2376 1801 2430 Christo
1833 2375 2133 2448 conjuncti

491 2482 697 2521 sumus
722 2470 1004 2537 tanquam
1027 2466 1206 2520 unius
1233 2466 1496 2536 corporis
1519 2465 1718 2536 capiti.
1743 2465 1907 2532 Quod
1939 2465 1987 2520 si
2013 2482 2130 2520 non

487 2569 593 2625 per
623 2571 835 2626 corpus
868 2561 925 2610 et
948 2556 1298 2628 sanguinem
1319 2554 1607 2626 ipsius_in
1641 2555 2134 2610 communicatio-

483 2659 622 2698 nem
680 2660 1196 2716 congregaremur,
1229 2660 1336 2715 per
1384 2642 1527 2714 quid
1558 2643 1720 2697 aliud
1768 2659 2034 2698 essemus
2065 2661 2132 2698 ac

481 2750 827 2790 vocaremur
857 2750 1042 2788 unum
1066 2732 1322 2804 corpus?
1354 2754 1373 2780 α
1403 2732 1692 2796 Quoniam
1718 2748 1870 2786 unus
1900 2733 2130 2802 panis.»

483 2822 629 2886 Quia
660 2822 843 2876 dixit:
870 2844 896 2870 ‹‹
931 2821 1399 2876 Communicatio
1431 2821 1697 2891 corporis
1728 2821 1961 2875 Domini
1985 2826 2129 2876 est.»

484 2910 728 2965 Videtur
757 2915 956 2965 autem
989 2910 1049 2965 id
1081 2910 1241 2980 quod
1285 2909 1688 2964 communicat
1713 2909 1874 2964 aliud
1907 2926 2034 2964 esse
2057 2909 2129 2964 ab

483 3015 550 3054 eo
585 2999 678 3055 cui
712 2999 1112 3054 communicat
1139 3015 1150 3051 :
1171 2997 1295 3052 vult
1315 3015 1476 3052 nunc
1498 2996 1811 3053 ostendere
1835 2997 1993 3070 quod
2012 3014 2131 3053 non

482 3087 1016 3152 communicamus,
1041 3087 1142 3142 sed
1175 3088 1369 3158 ipsum
1401 3087 1616 3142 Christi
1650 3103 1864 3160 corpus
1923 3102 2129 3142 omnes

483 3193 686 3233 sumus
713 3195 726 3230 ε
758 3176 1269 3242 Quemadmodum
1303 3193 1445 3232 sane
1473 3177 1534 3231 in
1556 3177 2127 3248 corpore,reliquum

483 3228 724 3233 w_____
1563 3228 1686 3248 ηπ.
1709 3228 1758 3231 -_
1871 3228 2126 3248 --Γ-η-

481 3284 516 3320 a
545 3266 735 3336 capite
767 3265 984 3320 dicitur
1013 3267 1416 3336 corpus.Sicut
1439 3267 1598 3320 enim
1624 3267 1684 3320 in
1719 3283 1890 3337 pane,
1915 3265 2126 3337 inquit,
2158 3228 2205 3294 ο

481 3370 551 3407 ex
608 3354 812 3408 multis
867 3354 1067 3426 granis
1128 3355 1192 3406 fit
1251 3372 1402 3408 unus
1434 3355 1626 3424 panis,
1651 3355 1732 3410 ita
1763 3361 1820 3409 et
1851 3372 1958 3409 nos
1989 3371 2125 3410 cum

478 3441 650 3495 multi
683 3441 890 3505 simus,
917 3458 1103 3496 unum
1128 3442 1340 3496 Christi
1365 3459 1580 3512 corpus
1605 3442 1918 3498 efficimur.
1951 3447 2126 3499 «Nam

479 3545 685 3584 omnes
707 3545 777 3582 ex
807 3547 925 3585 uno
948 3547 1101 3601 pane
1135 3531 1593 3602 .‘participamus.
1631 3554 1652 3582 ι
1692 3531 1913 3586 Deinde
1944 3533 2128 3586 ratio-

477 3635 614 3673 nem
647 3635 884 3689 quoque
914 3619 1079 3674 addit
1109 3619 1406 3690 quomodo
1435 3635 1648 3690 corpus
1679 3620 1892 3674 Christi
1913 3621 2129 3676 efﬁcia-

479 3723 645 3762 mur:
681 3706 831 3772 Quid
862 3707 1025 3762 enim
1055 3707 1386 3779 est,inquit,
1409 3708 1582 3778 panis
1612 3709 1639 3762 ‘?
1660 3707 1883 3779 Corpus
1909 3726 2123 3781 nempe

476 3797 712 3852 Christi.
751 3796 899 3861 Quid
931 3801 1128 3852 autem
1149 3797 1490 3852 efficiuntur
1518 3798 1576 3852 hi
1608 3797 1707 3868 qui
1741 3799 2125 3870 participant?

475 3889 698 3958 Corpus
755 3902 896 3941 sane
955 3886 1192 3942 Christi.
1252 3889 1395 3941 Nam
1454 3888 1877 3958 participantes
1909 3905 2124 3959 corpus

475 3975 824 4041 Christi,nos
841 3975 1245 4046 qnoqueillud
1270 3976 1564 4031 efficimur
1599 3995 1610 4030 :
1647 3978 1932 4046 quoniam
1964 3995 2119 4033 unus

475 4064 647 4133 panis
678 4069 767 4118 est
794 4064 1080 4119 Christus.
1115 4067 1196 4118 Ex
1254 4064 1459 4119 multis
1488 4083 1746 4136 namque
1776 4067 1974 4139 granis
2033 4068 2122 4138 (ut

478 4151 732 4222 exempli
764 4154 951 4224 gratia
981 4153 1478 4225 loquamur)unus
1509 4156 1680 4226 panis
1700 4156 1890 4211 factus
1921 4162 2028 4210 est.
2051 4158 2120 4210 Et

479 4257 587 4295 nos
611 4240 779 4296 multi
801 4259 867 4296 ex
887 4241 1008 4313 ipso
1024 4259 1144 4296 uno
1167 4242 1589 4313 participantes
1613 4243 1908 4298 efficimur
1929 4261 2114 4299 unum

469 4346 682 4401 corpus
742 4330 980 4386 Christi.
1014 4330 1300 4394 Quoniam
1356 4330 1515 4385 enim
1548 4337 1713 4386 vetus
1745 4339 1947 4387 nostra
1977 4349 2113 4388 caro

467 4424 745 4490 corrupta
775 4423 865 4473 est
897 4418 1005 4472 sub
1063 4424 1329 4489 peccato,
1389 4435 1537 4489 opus
1585 4421 1698 4474 fuit
1752 4420 1924 4475 nobis
1964 4438 2114 4477 nova

463 4524 660 4563 carne.
697 4529 724 4558 «
757 4507 898 4562 Vide
929 4507 1111 4563 Israel
1135 4507 1308 4579 juxta
1334 4524 1594 4562 carnem.
1632 4529 1659 4557 »
1694 4510 1805 4563 Vos
1837 4509 2111 4577 enim,in-

463 4598 958 4667 quit,estislsrael
981 4598 1157 4669 juxta
1179 4598 1475 4668 spiritum.
1511 4620 1539 4648 «
1582 4599 1729 4653 Num
1763 4600 1863 4670 qui
1924 4600 2111 4656 edunt

464 4685 729 4740 victimas
750 4686 776 4739 ‘l
807 4708 836 4734 »
861 4691 965 4741 Per
986 4686 1508 4759 interrogationem
1541 4687 1718 4758 legito
1749 4685 1902 4764 οὐχὶ,
1933 4688 1991 4742 id
2024 4695 2109 4743 est

463 4773 924 4837 num.Quoniam
945 4779 1144 4830 autem
1164 4791 1299 4845 pars
1320 4774 1593 4845 quaedam
1615 4776 2108 4848 victimaamempe

463 4860 1115 4930 adeps,crcmabaturin
1137 4863 1309 4919 altari
1345 4880 1356 4916 :
1392 4880 1490 4918 eos
1514 4865 1613 4934 qui
1640 4881 1670 4919 e
1696 4863 1933 4919 victima
1971 4866 2108 4918 ede-

459 4947 603 5002 bant
625 4949 942 5020 participes
974 4950 1292 5020 appellavit
1327 4968 1445 5006 non
1466 4951 1735 5017 victimae,
1758 4951 1861 5006 sed
1879 4953 2102 5008 altaris.

528 5039 622 5094 5|
637 5041 684 5094 6
707 5039 772 5106 Χ,
810 5039 1142 5106 f9,’20.0uid
1163 5057 1292 5109 ergo
1313 5040 1440 5094 dico
1465 5043 1492 5094 ?
1511 5042 1660 5110 quod
1674 5041 1882 5095 idolum
1911 5044 1980 5095 sit
2004 5042 2107 5097 ali-

455 5127 594 5198 quid
603 5131 659 5182 ?a
668 5135 729 5183 ut
749 5128 898 5199 quod
910 5127 1268 5196 idolothytum
1280 5131 1351 5184 sit
1365 5129 1623 5199 aliquid?
1634 5130 1871 5197 Non,sed
1881 5132 2030 5200 quod
2040 5149 2104 5186 ea

451 5234 580 5287 quae
600 5219 888 5274 immolant
907 5225 1114 5288 gentes,
1137 5219 1420 5273 daemoniis
1446 5221 1729 5274 immolant
1754 5227 1804 5274 et
1828 5238 1938 5276 non
1971 5223 2096 5277 Deo.

519 5311 667 5363 Num
718 5309 851 5377 hoc,
904 5308 1118 5378 inquit,
1151 5306 1282 5362 dico
1315 5309 1482 5378 quasi
1526 5308 1685 5364 idola
1708 5315 1809 5363 aut
1839 5327 1968 5380 quae
2014 5312 2097 5365 eis

445 5397 854 5466 immolantur,
883 5398 1148 5468 aliquam
1194 5396 1452 5452 habeant
1489 5398 1839 5468 potentiam,
1902 5405 1959 5453 et
2017 5399 2097 5454 ita

444 5487 673 5555 possint
693 5493 796 5542 aut
825 5487 1105 5559 prodesse
1137 5490 1238 5541 aut
1268 5486 1686 5553 nocere?Non,
1707 5487 2094 5557 inquit,nullo

445 5571 625 5644 digna
646 5581 807 5643 sunt,
831 5576 984 5631 nihil
1014 5581 1172 5631 sunt.
1206 5576 1352 5630 Nam
1385 5575 1526 5647 quia
1557 5574 1762 5631 sedulo
1793 5573 1866 5629 de
1917 5576 2094 5632 idolis

443 5665 817 5729 tractaverat,
868 5666 1089 5720 veritus
1147 5670 1238 5719 est
1297 5681 1370 5720 ne
1403 5665 1816 5721 existimarent
1845 5663 1950 5720 illa
1975 5666 2090 5721 vim

2256 611 2640 679 κατασκευάζει
2725 611 3137 688 mmmam;
3215 609 3368 674 ὄντας
3431 616 3517 669 καὶ
3619 617 3920 676 κοινωνοὺς

2258 691 2505 752 εῗδώλων
2533 699 2657 762 τοὺς
2691 701 2961 762 ἐτθίοντας
3021 704 3086 758 τὰ
3147 701 3500 767 εἷδωλὸθυτα.
3537 729 3570 754 ‹‹
3630 704 3715 760 Τὸ
3748 707 3918 773 ποτή-

2258 804 2374 858 ριον
2410 794 2511 856 τῆς
2577 789 2848 864 εὐλογίας.
2888 818 2914 843 ››
2973 795 3242 867 Ποτήριον
3310 792 3573 868 εὐλογίας
3643 796 3810 872 φησὶ,
3864 797 3918 849 τὸ

2255 877 2518 950 ποτήριον
2547 883 2642 932 τοῦ
2674 879 2904 951 αἶ’ματος
2935 886 3031 937 τοῦ
3062 884 3319 956 Χριστοῦ.
3351 883 3421 939 ’Ὁ
3479 881 3863 958 εὐλογοῦμεν.
3895 909 3914 934 ιε

2253 965 2322 1021 ’Ὁ
2357 968 2489 1037 μετᾶ
2519 975 2708 1044 χεῖρας
2742 969 2966 1047 ἔχοντες
3027 970 3364 1047 εὐλογοῦμεν
3406 973 3495 1027 τὸν
3531 974 3916 1047 χαρισάμενον

2255 1054 2388 1125 ἡμῖν
2418 1057 2478 1109 τὸ
2510 1059 2644 1130 αἷμα
2692 1060 2880 1125 αὐτοῦ,
2935 1059 3207 1116 τουτέστιν
3260 1061 3738 1136 εὐχαριστοῦμεν
3771 1065 3836 1118 Ἦ
3891 1063 3915 1115 ὅ

2253 1139 2342 1194 εὐλ
2354 1147 2609 1216 ογοῦντες
2629 1149 3113 1220 κατασκευάζομεν.

2324 1319 2653 1393 [ΟΙΚΟΓΜ.]
2695 1315 2860 1380 Οἶδας
2893 1319 2923 1372 ὅ
2982 1318 3144 1393 λέγω.
3205 1345 3231 1370 α
3292 1318 3438 1397 Οὐχὶ
3493 1321 3780 1374 κοινωνία
3833 1325 3916 1373 τοῦ

2251 1402 2480 1477 αἳματος
2503 1411 2600 1460 τοῦ
2632 1411 2876 1479 Χριστοῦ
2906 1405 3016 1462 ἐστι
3053 1429 3068 1477 ;
3109 1433 3135 1458 ››
3186 1409 3450 1462 Συνάπτει
3508 1410 3623 1484 γὰρ
3663 1411 3820 1482 ἡμᾶς
3848 1413 3916 1479 τῷ

2250 1496 2490 1568 Χριστῷ,
2521 1497 2584 1550 τὸ
2616 1498 2755 1568 αἷμα
2811 1495 2996 1564 αὐτοῦ,
3049 1498 3123 1558 ὡς
3181 1495 3320 1570 μέλη
3381 1501 3450 1571 τῇ
3508 1497 3771 1575 κεφαλῇ,
3839 1497 3918 1551 διὰ

2248 1590 2347 1652 τῆς
2383 1583 2764 1657 μεταλήψεως.
2806 1611 2834 1637 ‹‹
2894 1587 3000 1643 Τὸν
3056 1585 3216 1660 ἄρτον
3275 1588 3332 1642 δν
3389 1585 3648 1661 κλῶμεν.
3691 1612 3720 1638 ιο
3752 1591 3916 1661 "Om;

2252 1672 2338 1728 ἐπὶ
2369 1678 2467 1728 τοῦ
2497 1679 2735 1747 σταυροῦ
2783 1675 2846 1729 οὐ
2875 1674 3133 1730 πέπονθεν
3169 1677 3197 1730 6
3255 1675 3455 1752 Κύριος
3515 1675 3754 1748 (ὀστοῦν
3815 1678 3909 1752 γὰρ

2251 1763 2438 1829 αὐτοῦ,
2498 1764 2685 1834 φησὶν,
2741 1763 2802 1819 οὗ
2888 1760 3343 1840 συντριϐήσεται),
3401 1771 3570 1821 τοῦτο
3638 1764 3718 1820 δι’
3774 1769 3912 1838 ἡμᾶς

2622 1875 2721 1909 κατ
2729 1853 2828 1908 ακλ
2837 1855 2881 1908 ώ
2889 1876 3013 1927 μενο
3022 1876 3045 1916 ς
3055 1900 3067 1922 ,
3195 1854 3249 1909 ’ἰν
3259 1877 3289 1909 α
3420 1857 3646 1931 συνάψῃ
3767 1859 3801 1926 ἡ
3812 1863 3905 1928 μᾶς

2248 1945 2443 2015 ἑαυτῷ.
2529 1977 2596 1984 -
2644 1942 2892 2005 Ἀλλως.
2953 1947 3135 2017 [ΦΩΤ]
3216 1942 3515 2013 Ἀπόδειξίς
3616 1945 3736 2000 ἐστι
3819 1949 3905 1999 τοῦ

2247 2033 2539 2106 εἰρημένου
2568 2033 2631 2087 τὸ
2653 2031 3010 2107 ἐπαγόμενον.
3065 2033 3230 2087 Πόθεν
3289 2033 3390 2106 γὰρ
3451 2031 3662 2103 δῆλον,
3726 2033 3900 2111 φησὶν,

2246 2121 2442 2175 ’ὁτιτὸν
2471 2118 2630 2194 ἄρτον
2676 2119 2734 2175 6'v
2767 2120 2990 2194 κλῶμεν
3020 2121 3278 2176 κοινωνία
3333 2127 3430 2177 τοῦ
3488 2122 3763 2196 σώματος
3818 2125 3902 2176 τοῦ

2247 2213 2488 2283 Χριστοῦ
2519 2209 2630 2265 ἐστι
2665 2229 2678 2278 ;
2711 2214 3008 2280 τουτέστιν,
3041 2210 3123 2266 ὅτι
3169 2211 3244 2274 εἰς
3275 2213 3572 2266 κοινωνίαν
3607 2214 3762 2285 ἡμᾶς
3814 2215 3897 2265 τοῦ

2247 2301 2500 2372 σώματος
2535 2301 2753 2377 συνάγει
2783 2304 2884 2355 τοῦ
2931 2305 3199 2375 Χριστοῦ,
3223 2301 3385 2356 πόθεν
3436 2298 3616 2370 δῆλον
3660 2305 3821 2371 ς’Ὁτι
3845 2298 3893 2356 ’ἐν

2245 2390 2408 2462 σῶμα
2453 2387 2614 2461 ἐσμεν
2647 2388 2738 2444 καὶ
2768 2389 3085 2463 καλούμεθα
3143 2391 3196 2444 οἱ
3251 2392 3443 2454 πάντες
3497 2392 3727 2462 Χριστῷ
3775 2412 3888 2445 συν-

2243 2480 2564 2553 απτόμενοι,
2597 2482 2673 2544 ὡς
2698 2485 2796 2536 τοῦ
2851 2485 3039 2536 κοινοῦ
3080 2481 3332 2555 σώματος
3388 2481 3634 2559 κειξαλῇ.
3693 2482 3754 2538 Εἰ
3805 2482 3886 2535 οὗν

2244 2571 2431 2643 μήτῷ
2471 2573 2686 2644 σώματι
2716 2570 2882 2627 αὐτοῦ
2938 2572 3029 2627 καὶ
3086 2577 3165 2645 τῷ
3224 2571 3412 2646 α’ίματι
3467 2572 3543 2632 είς
3606 2572 3875 2627 κοινωνίαν

2242 2659 2605 2735 συνηγόμεθα,
2633 2661 2742 2714 τίνι
2773 2661 2835 2715 ἃν
2875 2661 3043 2736 ἑτέρῳ
3099 2659 3153 2715 ἓν
3209 2665 3368 2733 σῶμα
3427 2663 3564 2734 ἦμεν
3625 2661 3709 2716 καὶ
3763 2660 3867 2714 ἐκα-

2241 2745 2484 2820 λο·5μεθα
2520 2769 2534 2816 ;
2567 2772 2597 2800 «
2635 2753 2750 2804 Ὀτι
2783 2751 2860 2812 εἷς
2913 2749 3091 2824 ἅρτος.
3129 2773 3156 2801 ››
3215 2747 3442 2818 Ἐπειδὴ
3501 2752 3639 2807 εἴπεο
3670 2776 3696 2802 α
3742 2756 3859 2805 K0:-

2237 2835 2403 2890 νωνία
2430 2840 2525 2891 τοῦ
2558 2839 2813 2909 σώματος
2838 2842 2935 2893 τοῦ
2957 2839 3217 2915 Κυρίου.»
3245 2845 3404 2893 Δοκεῖ
3432 2837 3573 2908 δέ,τὸ
3588 2842 3847 2895 κοινωνοῦν

2237 2921 2419 3001 ἕτερον
2449 2927 2582 2980 εἶναι
2615 2932 2744 3002 παρ’
2775 2926 2949 2982 ἐκεῖνο
2979 2926 3011 2981 6'
3038 2929 3309 2982 κοινώνει.
3372 2933 3478 2982 Νῦν
3532 2928 3661 2991 θέλει
3691 2924 3832 2992 δεῖξαι

2239 3012 2324 3069 ὅτι
2354 3013 2416 3069 οὗ
2445 3019 2836 3090 κοινωνοῦμεν,
2870 3013 3000 3072 ἀλλ’
3028 3016 3160 3072 αὐτὸ
3188 3017 3252 3071 τὸ
3283 3021 3443 3088 σῶμα
3465 3016 3608 3088 ἐσμεν
3625 3015 3823 3088 Χριστοῦ

2240 3103 2292 3158 οἱ
2344 3104 2557 3171 πάντες,
2611 3105 2790 3180 ὥσπερ
2851 3103 3042 3178 ἀμέλει
3104 3106 3262 3178 σῶμά
3319 3105 3434 3161 ἐστι
3489 3113 3581 3174 τῆς
3626 3100 3831 3181 assulis

2237 3192 2299 3246 τὸ
2331 3193 2526 3248 λοιπὸν
2559 3197 2737 3266 σῶμα.
2799 3194 3050 3269 Καθάπερ
3091 3195 3216 3270 γὰρ,
3278 3196 3464 3273 φησὶν,
3526 3197 3553 3250 ὁ
3613 3197 3746 3268 ἄρτος
3792 3187 3844 3243 ἱῑ

2234 3279 2461 3337 πολλῶν
2489 3283 2702 3337 κόκκων
2745 3285 2822 3343 εἷς
2854 3283 3018 3348 ἂρτος
3049 3286 3280 3358 γίνεται,
3326 3285 3502 3346 οὕτως
3545 3285 3638 3338 καὶ
3694 3283 3853 3352 ἡμεῖς,

2234 3372 2387 3448 φησὶ,
2421 3369 2625 3426 πολλοὶ
2659 3371 2832 3441 ὄντες,
2863 3368 2916 3426 ἓν
2943 3372 3204 3448 γινόμεθα
3235 3377 3392 3446 σῶμα
3424 3377 3685 3448 Χριστοῦ.
3720 3397 3737 3421 ι
3770 3367 3854 3424 Καὶ

2232 3460 2337 3535 γὰρ
2395 3461 2589 3523 πάντες
2645 3459 2704 3515 ἐκ
2756 3466 2852 3516 τοῦ
2913 3461 3024 3524 ἐνὸς
3084 3461 3247 3537 ἃρτου
3308 3462 3696 3538 μετέχομεν.»
3750 3459 3860 3516 Εἶτα

2231 3547 2418 3624 ἐπάγει
2457 3551 2548 3604 καὶ
2598 3549 2862 3626 λογισμὸν
2921 3555 3039 3613 πῶς
3094 3553 3353 3627 γινόμεθα
3403 3557 3564 3626 σῶμα
3626 3553 3859 3627 Χριστοῦ.

2229 3637 2292 3694 Τί
2323 3638 2426 3714 γάρ
2460 3637 2591 3708 ἐστι,
2623 3640 2810 3717 φησὶν,
2843 3641 2870 3693 ὁ
2904 3637 3063 3715 ἄρτος
3098 3660 3110 3708 ;
3146 3641 3412 3712 Δηλονὸτι
3443 3646 3608 3715 σῶμα
3635 3642 3859 3716 Χριστοῦ.

2227 3725 2284 3779 Τί
2319 3725 2375 3780 δὲ
2405 3725 2642 3800 γίνονται
2675 3729 2725 3782 οἱ
2775 3723 3284 3800 μεταλαμϐάνοντες
3318 3749 3331 3796 ;
3385 3728 3665 3801 Δηλονότι
3729 3733 3864 3798 σῶμα

2228 3818 2486 3889 Χριστοῦ·
2550 3815 2873 3890 μετέχοντες
2931 3818 3035 3894 γὰρ
3091 3823 3186 3872 τοῦ
3266 3819 3518 3892 σώματος
3593 3826 3697 3876 τοῦ
3749 3819 3858 3888 Χρι-

2227 3909 2375 3973 στοῦ,
2478 3906 2569 3959 καὶ
2675 3909 2838 3978 ἡμεῖς
2942 3906 3110 3962 ἐκεῖνο
3168 3910 3456 3983 γινόμεθα,
3542 3907 3733 3978 ἐπειδὴ
3795 3907 3860 3964 εἷς

2224 3993 2387 4068 ἄρτος
2421 3995 2448 4048 6
2480 3993 2740 4069 Χριστός.
2774 3995 2870 4051 Ἐκ
2899 3995 3124 4050 πολλῶν
3153 3997 3257 4073 γὰρ
3285 3998 3515 4068 κόκκων,
3552 3997 3651 4053 ἐπὶ
3705 4015 3855 4071 παρα·

2225 4081 2537 4158 δείγματος,
2570 4085 2597 4137 6
2631 4084 2790 4158 ἃρτος
2824 4083 3130 4159 γινόμενος,
3182 4087 3274 4140 καὶ
3332 4089 3496 4159 ἡμεῖς
3555 4090 3606 4142 οἱ
3677 4081 3854 4142 πολλοὶ

2221 4171 2273 4242 ἐξ
2326 4172 2489 4227 αὐτοῦ
2548 4177 2645 4227 τοῦ
2705 4173 2820 4234 ἑνὸς
2907 4169 3438 4246 μεταλαμϐανόντες,
3494 4178 3758 4252 γινόμεθα
3803 4168 3848 4225 ’ἐν

2223 4265 2382 4332 σῶμα
2413 4263 2666 4336 Χριστοῦ.
2728 4259 2948 4332 Ἐπειδή
3019 4265 3121 4338 γὰρ
3179 4267 3213 4333 ἡ
3255 4263 3465 4320 παλαιὰ
3520 4268 3689 4338 ἡμῶν
3743 4261 3846 4334 eripi

2220 4347 2423 4426 ἐφθάρη
2459 4350 2562 4403 ὑπὸ
2591 4356 2690 4417 τῆς
2724 4350 3012 4425 ἁμαρτίας,
3046 4350 3260 4422 ἐδέησεν
3290 4355 3426 4425 ἡμῖν
3482 4355 3688 4426 σαρκὸς
3727 4352 3840 4408 νέαςο

2221 4462 2247 4490 ‹‹
2284 4435 2458 4494 Βλέπε
2487 4439 2577 4493 τὸν
2612 4439 2832 4514 Ἰσραὴλ
2861 4442 2996 4495 κατὰ
3028 4442 3218 4516 σάρκα.
3256 4467 3283 4492 ››
3314 4444 3494 4516 Ὑμεῖς
3545 4447 3682 4522 γὰρ,
3713 4441 3839 4522 οησῖ,

2215 4528 2350 4582 κατὰ
2380 4533 2591 4599 πνεῦμα
2623 4526 2740 4582 ἐστὶ
2767 4528 3007 4604 Ἰσραήλ,
3042 4555 3070 4582 ‹‹
3120 4530 3264 4587 Οὐχὶ
3337 4533 3388 4587 οἱ
3441 4533 3715 4597 ἐσθίοντες
3767 4530 3840 4587 τᾶς

2217 4617 2402 4678 θυσίας
2437 4636 2448 4687 ;
2478 4642 2504 4668 ››
2538 4617 2687 4674 Κατᾶ
2725 4616 2990 4693 ἐρώτησιν
3027 4619 3321 4696 ἀνάγνωθι.
3353 4621 3577 4694 Ἔπειδὴ
3613 4621 3679 4680 δὲ
3710 4624 3838 4697 μέρος

2215 4727 2268 4760 τι
2296 4710 2392 4760 τοῦ
2425 4707 2662 4778 θύματος
2694 4709 2814 4761 οἷον
2837 4708 2898 4762 τὸ
2929 4710 3087 4784 στέαρ
3117 4713 3437 4766 καταγαίετο
3475 4712 3525 4767 ἐν
3569 4717 3656 4785 τῷ
3685 4718 3825 4768 θυσία-

2217 4796 2445 4870 στηρίῳ,
2465 4796 2592 4858 τοὺς
2625 4794 2684 4850 ἐκ
2728 4801 2824 4851 τοῦ
2871 4795 3037 4852 αὐτοῦ
3089 4800 3329 4872 θύματος
3385 4800 3690 4874 ἐσθίοντας,
3740 4819 3830 4853 zot-

2214 4888 2412 4946 νωνοὺς
2445 4883 2694 4940 ἐκάλεσεν
2729 4884 2789 4940 οὐ
2816 4891 2917 4941 τοῦ
2948 4892 3103 4956 Θεοῦ,
3136 4887 3283 4944 ἀλλὰ
3312 4895 3406 4944 τοῦ
3447 4891 3823 4965 θυσιαστηρίου.

2286 4973 2342 5027 Τί
2374 4973 2463 5028 οὖν
2493 4973 2638 5046 φημί
2669 4993 2683 5040 ;
2717 4973 2800 5027 ’ὁτι
2833 4971 3066 5029 εἴδωλόν
3098 4975 3150 5028 τί
3182 4975 3344 5031 ἐστιν·
3389 4980 3422 5049 ἢ
3484 4979 3567 5034 ὅτι
3627 4976 3828 5036 εἰδωλὸ-

2213 5061 2366 5117 θυτόν
2391 5060 2530 5116 ἐστιν
2567 5080 2581 5129 ;
2616 5059 2772 5117 Ἀλλ’
2804 5062 2887 5116 ὃτι
2919 5063 2953 5118 ἆ
2981 5063 3092 5118 θῦει
3122 5065 3188 5118 τὰ
3217 5064 3366 5138 ἔθνη,
3428 5065 3709 5142 δαιμονοις
3736 5065 3828 5130 055'-

2209 5152 2300 5207 καὶ
2332 5150 2393 5204 οὐ
2426 5154 2560 5222 Θεῷ.

2478 3906 2569 3959 καὶ

2278 5303 2365 5370 Μὴ
2423 5300 2525 5376 γὰρ
2612 5304 2796 5369 τοῦτο,
2851 5303 3006 5379 φησὶ,
3063 5303 3232 5381 λέγω,
3285 5307 3358 5369 ὡς
3434 5306 3672 5387 ἐχόντων
3720 5304 3819 5360 τινὰ

2205 5388 2362 5464 ἰσχὺν
2399 5391 2505 5442 τῶν
2539 5384 2787 5442 εἰδώλων
2813 5389 2847 5459 ἢ
2897 5395 3004 5445 τῶν
3051 5394 3328 5466 θυομένων
3381 5384 3581 5464 αὐτῶν,
3613 5399 3694 5453 καί
3745 5391 3818 5447 διὰ

2201 5482 2366 5533 τοῦτο
2399 5472 2709 5547 δυναμένων
2741 5474 2777 5546 ἤ
2801 5477 3083 5557 ὠφελῆσαι
3183 5481 3390 5558 βλάψαι
3417 5504 3430 5554 ;
3459 5486 3622 5562 Οὐχέ,
3655 5481 3813 5566 φησίν,

2201 5563 2418 5628 οῦδενὸς
2449 5565 2582 5620 εἰσιν
2625 5565 2765 5636 ἃξια,
2824 5565 2974 5624 οὐδὲν
3030 5571 3184 5629 εἰσιν.
3243 5572 3465 5644 Ἐπειδή
3523 5577 3622 5652 γὰρ
3651 5563 3816 5630 {cmon-

2200 5655 2602 5729 δαιολογήσατο
2635 5655 2758 5728 περὶ
2783 5660 2891 5712 τῶν
2923 5655 3194 5729 εἰδώλων,
3261 5658 3506 5740 ἐφοϐήθη
3544 5668 3616 5738 μὴ
3675 5658 3816 5733 νομί·

3972 5437 3975 5546 ¹
