4068 6254
272 448 414 509 ’785

1278 445 1679 507 COMMENT.
1731 442 1805 500 ΙΝ
1851 442 2097 502 EPIST.
2149 441 2170 499 ι
2214 444 2320 501 AD
2367 444 2736 504 CORIN’I‘H.

3584 447 3701 507 786

275 604 460 638 σωσιν
490 578 638 657 ἔχειν
670 582 791 636 τινὰ
822 579 979 656 ἰσχὺν
1006 578 1161 634 αὐτά.
1195 602 1222 630 ιι
1249 580 1371 635 Ὃτι
1402 573 1630 631 ε’ίδωλόν
1664 574 1712 629 τί
1745 573 1940 629 ἐστιν.»

2058 574 2321 646 aliquam
2350 576 2589 634 habere.
2626 601 2653 627 «
2688 577 2851 644 Quod
2910 577 3138 634 idolum
3172 581 3249 633 sit
3290 580 3538 651 aliquid.
3574 602 3602 631 »
3633 614 3700 622 —

274 708 360 715 —
398 673 613 746 [ΦΩΤ.]
650 670 774 748 Ούχ
793 670 878 724 ’ὁτι
901 667 1013 724 ἐστί
1033 688 1084 722 τι
1107 667 1173 723 τά
1193 664 1421 735 εἷ’δωλα,
1448 664 1537 719 διὰ
1555 670 1718 719 τοῦτο
1748 662 1952 719 κωλύω

278 767 408 817 τῶν
471 758 849 815 εἰδωλοθύτων
903 757 1173 832 γεύεσθαι.
1239 757 1567 831 Προείρηται
1598 756 1698 829 γάρ
1732 754 1947 807 ὅτιτῶν

289 854 383 924 μή
446 846 613 904 ὄντων
670 846 782 902 ἐστί
838 847 927 901 καὶ
994 846 1347 919 ἀνυπάρκτων
1409 845 1525 898 κατ’
1585 841 1793 909 οὐσίαν,
1861 840 1950 894 καὶ

282 941 426 994 οὔτε
460 933 675 1015 βλάϐην
717 934 840 991 οὔτε
870 934 1139 1010 ὠφέλειαν
1180 928 1400 1009 ἔχουσιν
1436 932 1594 1006 ἰσχὺν
1622 929 1945 1006 προξενῆσαί

277 1050 423 1084 τινι.
459 1026 638 1083 Ἀλλά
688 1023 781 1080 διὰ
824 1028 985 1079 τοῦτο
1042 1023 1268 1091 κωλύω,
1301 1020 1384 1076 ὅτι
1426 1018 1515 1075 διὰ
1543 1024 1650 1075 τῶν
1699 1017 1944 1074 εἰδώλων

273 1123 411 1178 τοῖς
472 1114 696 1188 δαίμοσι
752 1114 1081 1189 προσάγεται
1164 1115 1199 1181 ἡ
1278 1110 1453 1167 θυσία.
1516 1115 1645 1171 HE):
1702 1107 1794 1163 οὖν
1849 1106 1948 1162 ούκ

273 1206 513 1261 αὐτόθεν
594 1202 893 1279 βδελυκτὸν
953 1202 1041 1256 καὶ
1111 1200 1337 1280 φευκτὸν
1392 1199 1453 1254 τὸ
1516 1192 1946 1271 μεταλαμϐάνειν

276 1294 623 1367 δαιμονικῆς
683 1291 888 1359 θυσίας,
948 1290 1037 1345 καὶ
1095 1288 1166 1344 δι’
1223 1289 1392 1358 αὐτῆς
1468 1287 1653 1348 αὐτοῖς
1717 1286 1945 1347 ἐκείνοις

280 1383 551 1460 ἔρχεσθαι
582 1382 657 1444 εἰς
688 1379 973 1435 κοινωνίαν
1000 1399 1013 1448 ;
1069 1379 1203 1436 Εἶνα
1232 1376 1322 1433 καὶ
1355 1374 1445 1432 διὰ
1470 1383 1569 1445 τῆς
1600 1374 1942 1449 παραθέσεως

274 1483 397 1544 τῆς
430 1479 696 1540 Rupta-ai;
726 1471 999 1545 τραπέζης
1056 1469 1147 1523 καὶ
1205 1471 1302 1522 τοῦ
1346 1469 1619 1540 Κυριακοῦ
1648 1464 1941 1535 ποτηρίου»

278 1562 508 1637 μᾶλλον
566 1560 788 1638 ἐλέγχει
843 1558 905 1613 τὸ
963 1556 1163 1612 ἄτοπον
1221 1562 1329 1612 τῶν
1386 1555 1693 1629 γευομένων
1737 1554 1770 1607 ἅ
1802 1552 1941 1607 ἐστιν

276 1651 653 1715 εἰδωλόθυτα.
712 1649 814 1706 Καὶ
874 1648 973 1722 ὅρα
1046 1648 1109 1703 τὸ
1197 1644 1381 1723 σοφόν·
1441 1647 1558 1700 κατ’
1614 1644 1790 1722 ἀρχάς
1847 1643 1939 1715 μὲν

275 1742 476 1817 ἠρέμα
532 1761 650 1802 πως
702 1741 903 1807 ἥπτετο
958 1742 1064 1792 τῶν
1137 1735 1407 1812 ἐλέγχων,
1458 1735 1667 1809 προϊὼν
1725 1730 1800 1801 δὲ,
1861 1732 1937 1794 ὡς

274 1832 537 1900 ἐνταῦθα,
616 1826 738 1883 λίαν
813 1833 1025 1902 πικρῶς
1096 1820 1421 1881 ἐπευϐαίνει.
1491 1848 1519 1875 «ι
1576 1825 1639 1880 Ἃ
1702 1821 1812 1876 θύει
1872 1821 1938 1876 τὰ

2062 666 2184 719 Non
2216 664 2373 736 quod
2404 666 2632 737 aliquid
2665 667 2786 722 sint
2817 666 2997 736 idola,
3029 674 3345 740 propterea
3374 669 3707 742 idolothyta

2058 759 2293 825 gustare
2333 755 2637 825 prohibeo.
2669 756 2901 812 Dictum
2929 762 3018 811 est
3049 757 3207 811 enim
3234 758 3392 828 quod
3423 776 3557 813 cum
3583 778 3704 814 non

2059 843 2199 908 sint,
2230 860 2340 899 nec
2365 845 2589 900 habent
2617 862 2745 901 esse
2779 846 3109 902 secundum
3142 847 3534 903 substantiam
3560 866 3572 903 :
3603 867 3704 904 ne-

2057 948 2172 1002 que
2202 932 2318 987 vim
2350 934 2574 988 habent
2602 940 2669 989 ut
2698 934 2875 991 alicui
2913 935 3198 990 damnum
3231 941 3333 991 aut
3387 938 3705 993 utilitatem

2055 1022 2307 1076 afferant
2339 1039 2351 1075 :
2386 1022 2489 1077 sed
2525 1022 2746 1078 idcirco
2777 1024 3091 1094 prohibeo,
3125 1025 3266 1096 quia
3293 1042 3401 1096 per
3420 1025 3582 1081 idola
3610 1026 3707 1081 de-

2054 1110 2330 1165 monibus
2357 1112 2688 1167 oﬂ‘eruntur
2715 1113 3337 1179 sacrificia.Quomodo
3371 1130 3505 1185 ergo
3533 1132 3603 1170 ex
3634 1133 3702 1171 eo

2053 1198 2520 1256 abominandum
2552 1218 2670 1256 non
2706 1202 2817 1256 erit
2846 1218 2913 1257 ac
2967 1203 3312 1274 fugiendum
3348 1204 3703 1275 participare

2052 1304 2261 1343 mensa
2292 1289 2747 1356 daemoniaca,et
2766 1307 2873 1361 per
2902 1307 3032 1346 eam
3064 1291 3139 1347 ad
3161 1292 3298 1347 illos
3320 1292 3480 1363 ipsos
3504 1294 3703 1347 venire

2053 1377 2114 1431 in
2145 1378 2629 1432 communionem
2652 1378 2679 1433 ?
2710 1378 2931 1434 Deinde
2962 1397 3068 1450 per
3108 1382 3613 1451 comparationem
3646 1388 3704 1437 et

2050 1465 2484 1536 appositionem
2509 1467 2830 1521 Dominicae
2859 1484 3079 1523 mensae
3103 1475 3161 1523 et
3191 1469 3385 1540 poculi
3412 1470 3700 1525 Dominici

2049 1556 2237 1627 magis
2267 1556 2459 1627 arguit
2487 1555 2811 1609 absurdum
2845 1572 3049 1611 eorum
3082 1556 3302 1612 factum
3342 1558 3442 1629 qui
3504 1558 3697 1614 idolo-

2049 1643 2214 1713 thyta
2259 1643 2591 1716 degustant.
2650 1645 2720 1697 Et
2762 1645 3075 1700 considera
3130 1645 3259 1717 ejus
3317 1647 3692 1718 sapientiam.

2047 1732 2212 1787 Circa
2225 1732 2397 1788 initia
2408 1733 2648 1804 quidem
2662 1734 2885 1788 sensim
2903 1734 3340 1805 quodammodo
3363 1742 3695 1808 argumenta

2045 1821 2238 1892 attigit
2266 1838 2279 1874 :
2317 1822 2377 1875 in
2408 1838 2725 1894 progressu
2751 1838 3133 1894 vero,nempe
3164 1824 3275 1878 hoc
3306 1824 3459 1895 loco,
3478 1827 3693 1881 acriter

273 1923 441 1992 ἔθνη.
478 1946 506 1973 ››
537 1920 614 1978 Οὐ
676 1918 822 1996 λέγω
881 1920 962 1973 ὅτι
1022 1912 1213 1995 ἔχουσι
1269 1915 1388 1971 τινὰ
1427 1916 1582 1990 ἷσγὺν
1612 1913 1680 1968 τὰ
1709 1910 1934 1983 εἷ’δωλα,

2055 1910 2359 1965 invehitur.
2393 1933 2413 1957 ι
2446 1912 2527 1965 Ea
2556 1927 2686 1981 quae
2720 1912 3035 1966 immolant
3073 1919 3297 1983 gentes.
3336 1936 3363 1963 »
3396 1917 3519 1969 Non
3560 1915 3691 1970 dico

266 2010 549 2081 ἀλλ’ὅτι,
612 2010 770 2081 μησὶ,
826 2007 893 2062 τά
950 2006 1161 2079 θύματα
1219 2004 1281 2060 ού
1335 2008 1472 2074 Θεῷ,
1532 2001 1678 2058 ἀλλὰ
1709 2000 1933 2075 δαίμοσι

264 2102 489 2157 θύεται.
547 2101 634 2168 Μὴ
690 2098 869 2152 τοίνυν
924 2095 1090 2171 τρέχε
1147 2092 1233 2149 ἐπὶ
1290 2094 1356 2149 τὰ
1416 2092 1620 2165 μισητᾶ
1663 2096 1800 2162 Θεῷ.
1831 2091 1932 2146 Καὶ

260 2191 377 2265 γὰρ
408 2189 452 2243 εἰ
483 2187 571 2243 καὶ
609 2186 900 2263 βασιλικῆς
965 2189 1213 2259 μετεῖχες
1270 2181 1563 2257 τραπέζης,
1611 2181 1701 2237 καὶ
1730 2181 1930 2251 ταύτην

262 2279 434 2358 ἀφεὶς
494 2277 582 2333 ἐπὶ
640 2278 737 2337 τὰς
790 2279 898 2329 τῶν
960 2270 1264 2328 καταδίκων
1324 2267 1566 2347 ἔτρεχες,
1600 2269 1657 2325 εὖ
1688 2268 1931 2337 ἒποίεις;

261 2354 386 2444 Ούχ
432 2371 519 2425 ὅτι
550 2362 815 2423 ἔϐλαπτεν
847 2364 882 2434 ἢ
916 2364 1117 2438 ὠφέλει
1151 2361 1350 2432 ἐκείνη,
1384 2360 1509 2417 ἀλλ’
1536 2362 1622 2415 ’ὁτι
1658 2354 1933 2433 ἐνύδριζες

260 2464 376 2530 τὴν
414 2457 704 2534 βασιλικήν
737 2454 1026 2530 τράπεζαν.

367 2706 449 2761 Ού
482 2703 625 2758 θέλω
680 2702 733 2758 δῖε
784 2704 923 2776 ὑμᾶς
982 2701 1271 2763 κοινωνοὺς
1337 2705 1444 2755 τῶν
1511 2696 1786 2772 δαιμόνων
1849 2699 1932 2773 γί-

286 2804 502 2856 νεσθαι.
589 2793 662 2849 Οὐ
746 2788 966 2846 δυνάσθε
1071 2792 1341 2863 ποτήριον
1438 2788 1642 2863 Κύρίου
1737 2787 1930 2855 πίνειν,

282 2882 381 2938 καὶ
452 2884 704 2957 ποτήριον
808 2878 1126 2953 δαιμονίων.
1197 2877 1275 2935 Ού
1343 2876 1564 2941 δύνασθε
1662 2876 1934 2951 τραπέζης

272 2973 491 3045 Κυρίου
558 2971 829 3049 μετέχειν,
923 2970 1011 3023 καὶ
1104 2966 1376 3042 τραπέζης
1472 2965 1792 3040 δαιμονίων.
1860 2969 1929 3021 "ll

271 3057 707 3135 παραζηλοῦμεν
815 3058 909 3113 τὸν
1014 3056 1278 3133 Κύριον;
1385 3056 1478 3123 Μὴ
1585 3053 1931 3129 ἰσχυρότεροι

274 3148 445 3203 αὐτοῦ
474 3147 632 3220 ἐσμεν
654 3167 669 3215 ;

347 3237 410 3291 Εἰ
442 3237 547 3313 γὰρ
581 3236 633 3291 οἱ
662 3243 764 3305 τῆς
800 3241 1069 3307 μυστικῆς
1129 3233 1451 3312 μετέχοντες
1502 3231 1775 3305 τραπέζης
1801 3252 1927 3285 κοι-

2042 2000 2155 2054 vim
2189 1999 2449 2070 aliquam
2475 1999 2694 2055 habere
2713 2000 3005 2067 idola,sed
3038 2000 3197 2070 quod
3230 2018 3298 2056 ea
3328 2019 3458 2073 quae
3483 2004 3693 2058 immo-

2041 2089 2260 2155 lantur,
2293 2106 2413 2143 non
2443 2092 2586 2157 Deo,
2634 2089 2737 2144 sed
2786 2089 3103 2145 daemoniis
3152 2092 3558 2148 immolantur.
3609 2096 3688 2149 Ne

2040 2196 2176 2251 ergo
2208 2179 2280 2235 ad
2314 2196 2382 2234 ea
2411 2197 2616 2235 curras
2646 2197 2778 2250 qum
2811 2181 2929 2235 Deo
2961 2181 3364 2236 abominanda
3397 2188 3557 2238 sunt.
3589 2185 3688 2237 Et-

2041 2269 2198 2322 enim
2222 2269 2515 2340 numquid
2528 2269 2908 2323 benefaceres
2931 2270 3321 2341 si,postquam
3337 2272 3512 2343 regia;
3526 2289 3688 2327 men-

2040 2369 2119 2406 sae
2150 2353 2446 2423 particeps
2478 2355 2723 2407 effectus
2745 2353 3057 2421 fuisses,ac
3083 2354 3290 2409 relicta
3319 2354 3393 2410 ad
3413 2356 3685 2412 inimico-

2037 2457 2170 2495 rum
2194 2458 2432 2496 mensas
2465 2442 2779 2497 curreres?
2803 2459 2923 2497 non
2955 2443 3115 2512 quod
3146 2444 3236 2497 hae
3270 2452 3559 2500 nocerent
3587 2452 3689 2500 aut

2031 2531 2330 2600 juvarent,
2390 2529 2491 2584 sed
2565 2528 2724 2599 quod
2799 2530 3019 2601 injuria
3074 2530 3343 2586 afﬁceres
3418 2548 3687 2588 mensam

2040 2619 2285 2690 regiam.

2110 2708 2174 2771 X,
2208 2711 2393 2773 21,22.
2431 2729 2457 2756 ‹‹
2492 2707 2681 2762 Nolim
2714 2712 2914 2762 autem
2940 2724 3041 2761 vos
3072 2712 3379 2763 consortes
3411 2709 3538 2762 ﬁeri
3567 2708 3690 2763 daa-

2044 2822 2063 2846 ι
2100 2799 2499 2852 monum.Non
2532 2797 2782 2867 potestis
2821 2796 3101 2867 poculum
3133 2797 3366 2851 Domini
3398 2796 3688 2863 bibere,et

2038 2908 2069 2938 ι(
2100 2886 2378 2958 poculum
2411 2886 2864 2941 daemoniorum.
2894 2887 3019 2940 Non
3051 2886 3298 2956 potestis
3322 2902 3541 2941 mensae
3573 2888 3687 2940 Do-

2039 2997 2067 3025 ‹‹
2101 2975 2247 3030 mini
2277 2975 2595 3045 participes
2630 2990 2780 3040 esse,
2805 2978 2864 3029 et
2887 2990 3109 3028 mensae
3139 2973 3686 3029 daemoniorumAn

2039 3085 2067 3113 «
2102 3063 2415 3118 Dominum
2449 3063 2522 3117 ad
2579 3062 3017 3116 aemulationem
3078 3078 3487 3132 provocamus.
3534 3065 3685 3117 Num

2040 3175 2068 3203 «
2109 3152 2384 3207 fortiores
2417 3151 2519 3205 illo
2552 3167 2760 3205 sumus
2783 3150 2811 3205 Ἰ
2845 3173 2866 3199 ι

2112 3241 2168 3295 Si
2216 3240 2375 3294 enim
2424 3240 2524 3309 qui
2578 3239 2843 3310 mysticae
2893 3255 3116 3293 mensae
3162 3239 3479 3310 participes
3526 3245 3685 3305 sunt,

263 3293 810 3400 vwvoSé‘tIXpta‘téi,‘
856 3325 909 3377 οἱ
967 3293 1240 3395 δαιμόνων
1261 3293 1603 3395 Α’μετέχοντες
1655 3293 1927 3393 τραπέζης

2055 3331 2265 3385 3hristo
2291 3328 2943 3397 communicant,etiam
2978 3329 3077 3399 qui
3102 3328 3441 3383 daemonum
3465 3345 3685 3383 mensas

269 3412 537 3484 δηλονότι
570 3411 793 3486 δαίμοσι
826 3415 1194 3469 κοινωνοῦσιν,
1230 3435 1256 3461 κ
1291 3409 1369 3466 Οὔ
1410 3406 1636 3464 δύνασθε
1663 3408 1926 3481 ποτήριον

276 3504 483 3577 Κυρίου
538 3503 738 3558 πίνειν.
800 3525 830 3552 ››
891 3497 1113 3569 Ἐπειδή
1203 3499 1254 3554 ἐν
1337 3499 1484 3567 τάζει
1569 3497 1930 3572 παράινέσεως

278 3592 523 3665 εἰρήκαι,
583 3590 647 3646 ού
678 3589 825 3654 θέλω
884 3589 1025 3662 ὑμᾶς
1081 3586 1374 3649 κοινωνοὺς
1404 3592 1510 3641 τῶν
1544 3585 1814 3660 δαιμόνων
1844 3587 1934 3663 γί-

288 3702 492 3747 νεσται,
547 3678 642 3733 ’ίνα
700 3680 779 3754 μὴ
837 3682 873 3748 ἡ
932 3677 1239 3752 παραίνεσις
1294 3678 1701 3755 καταφρονηθῇ,
1732 3680 1821 3731 νῦν
1862 3677 1935 3738 ὡς

288 3770 489 3838 ἐντάξει
521 3770 844 3847 ἀποφάσεως
876 3767 1006 3823 αὐτὸ
1045 3766 1275 3823 τέθεικεν
1330 3766 1515 3820 εἰπών·
1547 3789 1575 3817 ((
1604 3764 1682 3821 Ού
1715 3762 1937 3819 δύνασθε

288 3862 554 3935 ποτήριον
589 3858 788 3935 Κυρίου
834 3858 1005 3914 πίνειν
1064 3858 1155 3913 καὶ
1214 3859 1477 3930 ποτήριον
1511 3853 1824 3929 δαιμονίων.
1860 3853 1938 3912 Ού

283 3947 519 4013 δύνασθε
570 3952 846 4023 τραπέζης
906 3947 1113 4023 Κυρίου
1202 3948 1447 4021 μετέχειν
1508 3946 1599 4000 καὶ
1666 3945 1938 4020 τραπέζης

287 4038 677 4111 δαιμονίων.»
734 4039 829 4095 Ἐκ
890 4037 1068 4110 μόνων
1123 4041 1228 4091 τῶν
1288 4036 1570 4107 ὀνομάτων
1625 4034 1820 4108 Κυρίου
1850 4034 1940 4087 καὶ

292 4127 596 4202 δαιμόνων,
653 4125 1009 4183 κατεσκεύασε
1066 4128 1166 4195 τὴν
1221 4124 1479 4181 κώλυσιν.
1532 4148 1559 4176 ‹‹
1592 4126 1663 4179 ’Ἠ
1693 4128 1941 4194 παραζη⁶

300 4218 505 4289 λοῦμεν
558 4219 650 4271 τὸν
712 4217 908 4292 Κύριον
938 4234 951 4284 ;
986 4238 1014 4266 ››
1075 4216 1463 4289 Ἐντρεπτικῶς
1516 4214 1648 4268 αὐτὸ
1692 4209 1941 4268 τέθεικεν.

290 4310 364 4363 Ἠ
396 4308 721 4381 πειράζομεν
776 4306 865 4360 καὶ
920 4305 1320 4379 παρακνίζομεν
1380 4302 1470 4357 τὸν
1527 4301 1678 4370 Θεόν,
1714 4299 1944 4356 εἰδύνα-

295 4418 387 4453 ται
417 4395 645 4451 κολασαι
678 4398 867 4468 ἡμᾶςς
929 4394 1060 4449 Εἶτα
1118 4393 1193 4454 είς
1251 4392 1343 4447 τὸν
1386 4392 1461 4455 εἰς
1489 4390 1689 4446 ἄτοπον
1721 4390 1947 4464 ἀπαγω-

296 4488 402 4563 γὴν
458 4484 752 4559 ἐξέρχεται.
817 4484 908 4552 Μὴ
974 4482 1324 4556 ἰσχυρότεροι
1387 4479 1550 4535 αὐτοῦ
1620 4479 1800 4552 ἐσμὲν,
1855 4478 1946 4532 καὶ

295 4575 650 4649 πειράζομεν,
680 4573 770 4627 καὶ
791 4571 1191 4644 παρακνίζομεν
1216 4596 1232 4637 ;

1274 4747 1336 4802 ού
1402 4748 1572 4802 πάντα
1655 4768 1717 4801 συ
1728 4748 1941 4826 μφέρει.

1259 4836 1320 4891 ού
1394 4837 1563 4892 πάντα
1638 4834 1824 4891 οἰκοδο
1834 4842 1945 4908 μεῖ.

1290 4924 1436 4981 ἂλλά
1492 4926 1553 4979 τὸ
1609 4929 1706 4979 τοῦ
1764 4924 1947 4996 ἑτέρου

378 4754 555 4807 Πάντα
616 4773 709 4826 μοι
767 4748 984 4819 ἔξεστιν,
1056 4747 1187 4803 ἀλλ’

302 4842 484 4897 Πάντα
560 4862 654 4914 μοι
730 4835 946 4914 ἔξεστιν,
1045 4836 1170 4893 ἀλλ’

299 4926 506 4999 Μηδεὶς
559 4930 621 4985 τὸ
682 4929 874 4983 ἑαυτοῦ
956 4926 1210 4996 ζητείτω,

301 5013 539 5081 ἕκαστος.
643 5020 754 5074 Πᾶν
855 5016 919 5071 τὸ
1049 5013 1103 5069 ἐν
1225 5012 1488 5087 μακέλλῳ
1590 5010 1947 5085 πωλούμενον

305 5106 522 5174 ἐσθίετε,
613 5103 780 5180 μηδὲν
877 5105 1252 5178 ἀνακρινοντες
1336 5098 1426 5157 διὰ
1510 5103 1610 5171 τήν
1703 5097 1947 5171 συνείδηο

306 5218 411 5252 σιν.
487 5200 600 5254 Τοῦ
675 5195 778 5270 γάρ
854 5191 1062 5267 Κυρίου
1122 5194 1156 5261 ἠ
1220 5198 1289 5266 γῆ
1366 5190 1456 5245 καὶ
1529 5191 1591 5245 τὸ
1667 5189 1950 5264 πλήρωμα

303 5286 437 5357 αὐτῆ
449 5307 494 5348 ς.

376 5379 487 5432 Ἵνα
520 5377 595 5448 μή
628 5395 711 5437 τις
742 5371 866 5447 εἴπῃ
935 5370 1103 5441 αὐτῷ,
1156 5368 1239 5425 ὅτι
1301 5371 1434 5442 μετὰ
1490 5372 1725 5445 καθαρᾶς
1761 5368 1949 5425 ἐσθείω

302 5464 681 5535 συνειδήσεως,
738 5461 975 5532 ἐξουσίαν
1058 5457 1177 5537 ἔχω
1242 5464 1401 5515 τοῦτο
1484 5466 1679 5532 ποιεῖν,
1739 5461 1948 5535 ἐπάγει.

304 5554 619 5635 Ναὶ,φησὶ,
676 5554 848 5608 πάντα
909 5551 1004 5623 μὶν
1064 5570 1147 5604 σοι
1198 5544 1423 5620 ἔξεστιν,
1481 5548 1666 5619 ἐπειδὴ
1700 5548 1951 5619 αὐτεξού-

310 5667 421 5707 σιος
460 5645 607 5720 παρὰ
665 5646 798 5698 Θεοῦ
854 5640 1099 5716 γέγονας,
1160 5636 1287 5692 ἀλλ’
1343 5638 1404 5694 οὐ
1461 5638 1675 5701 πάντως
1732 5638 1813 5694 ὅτι
1861 5639 1951 5694 καὶ

295 5734 571 5814 συμφέρει
630 5754 715 5788 σοι
770 5731 835 5785 τὸ
891 5726 1103 5792 ἐσθίειν.
1160 5724 1301 5798 Ὀδῷ
1335 5727 1437 5803 γὰρ
1468 5722 1802 5802 προϐαίνων,
1836 5724 1950 5781 διά-

2038 3418 2357 3489 participes
2409 3423 2548 3483 sunt
2589 3417 2960 3473 dcemonibus
3011 3424 3170 3473 certe
3219 3418 3683 3473 communicant.

2042 3530 2069 3557 (ι
2104 3509 2229 3562 Non
2251 3507 2497 3578 potestis
2531 3507 2813 3578 poculum
2836 3506 3072 3561 Domini
3096 3506 3319 3563 bibere.
3350 3529 3377 3557 ››
3397 3509 3688 3573 Quoniam

2043 3613 2149 3667 per
2178 3595 2420 3651 modum
2442 3594 2874 3650 adhortationis
2901 3595 3185 3651 dixerat.«
3218 3597 3410 3653 Nolim
3430 3614 3531 3652 vos
3552 3614 3689 3653 con-

2044 3691 2234 3741 sortes
2267 3684 2393 3739 fieri
2426 3684 2789 3751 daemonum,
2825 3705 2853 3734 »
2888 3686 3037 3741 517
3077 3702 3150 3740 ne
3183 3686 3547 3757 despiciatur
3592 3687 3697 3742 ad-

2047 3775 2491 3841 hortatio,nunc
2523 3773 2681 3828 idem
2714 3790 2819 3844 per
2848 3772 3092 3827 modum
3132 3776 3445 3829 sententiae
3476 3776 3709 3845 posuit,

2049 3864 2253 3920 dicens
2288 3881 2300 3917 :
2335 3886 2362 3913 ‹‹
2397 3866 2523 3918 Non
2555 3864 2803 3933 potestis
2834 3863 3114 3934 poculum
3148 3864 3386 3918 Domini
3416 3864 3623 3919 bibere
3649 3871 3708 3919 et

2049 3952 2328 4025 poculum
2355 3952 2939 4006 dmmoniorum.Non
2963 3953 3211 4021 potestis
3226 3969 3447 4007 mensae
3466 3953 3701 4007 Domini

2049 4040 2369 4112 participes
2382 4054 2511 4093 esse
2528 4045 2586 4092 et
2601 4054 2822 4092 mensa:
2837 4037 3327 4095 daemoniorum.»
3346 4042 3425 4093 Ex
3440 4040 3582 4093 solis
3597 4057 3705 4094 no-

2052 4128 2312 4184 minibus
2330 4127 2556 4182 Domini
2569 4133 2625 4181 et
2638 4126 2969 4182 daemonum
2983 4129 3337 4183 conﬁrmavit
3350 4129 3703 4200 prohibitio-

2054 4237 2249 4277 nem.«
2264 4225 2353 4274 An
2370 4218 2683 4274 Dominum
2700 4217 2775 4273 ad
2790 4218 3231 4273 aemulationem
3245 4219 3702 4290 provocamus?»

2053 4308 2350 4365 Terrentis
2382 4324 2545 4363 more
2578 4308 2689 4362 hoc
2720 4306 3035 4378 posuit.Au
3061 4312 3358 4362 tentamus
3379 4313 3479 4362 aut
3505 4307 3699 4361 irrita~

2056 4415 2188 4454 mus
2216 4399 2627 4462 Deum,utrum
2653 4396 2841 4467 possit
2863 4412 2974 4451 nos
2994 4394 3247 4467 punire?
3270 4394 3490 4450 Deinde
3515 4400 3705 4448 trans-

2060 4487 2252 4542 eundo
2287 4487 2549 4542 ostendit
2571 4486 2727 4557 quod
2760 4486 2871 4541 hoc
2904 4486 2978 4541 ad
3007 4485 3067 4539 id
3096 4485 3252 4555 quod
3273 4483 3595 4539 absurdum
3619 4488 3708 4537 est

2059 4577 2303 4633 inducat
2330 4594 2342 4630 :
2377 4578 2527 4631 Num
2556 4577 2832 4631 fortiores
2854 4575 2957 4629 illo
2984 4591 3208 4642 sumus,
3231 4580 3298 4629 ut
3323 4578 3618 4628 tentemus
3649 4578 3708 4627 et

1976 4650 2021 4714 ἱ)
2054 4666 2357 4721 irritemus
2377 4666 2404 4720 ?

2125 4757 2200 4820 Χ,
2220 4757 2410 4809 22-26.
2436 4776 2463 4804 «
2490 4755 2702 4810 Omnia
2733 4754 2878 4807 mihi
2900 4754 3169 4819 licent,at
3191 4769 3310 4807 non
3338 4753 3538 4807 omnia
3558 4768 3703 4806 con-

2055 4866 2083 4893 «
2118 4843 2583 4899 ducunt.0mnia
2612 4843 2756 4897 mihi
2791 4842 3105 4908 licent,sed
3136 4859 3257 4897 non
3287 4842 3488 4897 omnia
3520 4841 3706 4895 aedifi-

2056 4957 2082 4981 ιι
2119 4938 2274 4988 cant.
2310 4934 2489 4987 Nemo
2522 4932 2680 5001 quod
2716 4948 2888 4985 suum
2921 4938 3009 4986 est
3040 4936 3285 5002 quaerat,
3321 4931 3421 4986 sed
3455 4930 3706 5001 quisque

2057 5043 2084 5071 «
2116 5020 2273 5092 quod
2301 5026 2391 5075 est
2420 5020 2880 5075 alterius.0mne
2901 5020 3059 5091 quod
3081 5021 3141 5074 in
3165 5020 3415 5075 macello
3437 5019 3709 5074 venditur

2063 5129 2085 5158 ι
2120 5109 2456 5175 edite,nihil
2512 5107 2900 5164 discutientes
2951 5114 3193 5180 propter
3256 5107 3705 5163 conscientiam.

2058 5220 2085 5247 ι(
2121 5196 2351 5251 Domini
2384 5195 2679 5267 siquidem
2712 5201 2801 5250 est
2840 5201 2996 5250 terra
3027 5201 3085 5251 et
3127 5195 3435 5266 plenitudo
3484 5192 3630 5263 ejus.
3674 5215 3702 5242 »

2130 5377 2208 5429 Ne
2231 5376 2364 5445 quis
2386 5376 2499 5445 ipsi
2521 5375 2679 5430 dicat
2702 5391 2714 5428 :
2743 5375 2892 5439 Quia
2912 5391 3046 5430 cum
3077 5390 3225 5445 pura
3252 5372 3358 5426 edo
3395 5371 3707 5425 conscien-

2060 5463 2160 5531 tia,
2194 5463 2424 5519 licitum
2485 5470 2574 5518 est
2617 5464 2763 5518 mihi
2795 5468 2860 5517 ut
2914 5464 3027 5517 hoc
3058 5462 3295 5525 faciam.
3355 5459 3662 5531 subjungit
3694 5476 3706 5513 :

2062 5553 2271 5623 Utique
2330 5554 2531 5609 omnia
2560 5553 2795 5624 quidem
2832 5552 2934 5606 tibi
2978 5551 3183 5618 licent,
3215 5549 3497 5620 quoniam
3528 5565 3562 5604 a
3592 5550 3709 5604 Deo

2060 5647 2294 5698 creatus
2312 5660 2374 5697 es
2399 5642 2653 5698 liberum
2674 5642 2900 5697 habens
2917 5640 3320 5706 arbitrium,at
3338 5655 3458 5693 non
3485 5644 3708 5693 temere

2060 5730 2403 5786 faciendum
2436 5737 2545 5799 est,
2578 5731 2744 5802 quasi
2777 5730 2882 5785 tibi
2917 5729 3275 5785 conduceret
3306 5728 3502 5782 edere.
3556 5732 3705 5781 Nam
