4068 6254
410 418 527 480 787

1532 419 1940 482 (ECUMENII
1986 419 2292 482 TillCCaE
2334 422 2680 488 EPISCOPI

3723 422 3831 482 188

414 554 524 608 hac
554 554 646 607 via
705 550 1110 624 progrediens,
1145 553 1421 608 affectum
1475 551 1693 607 habere
1747 568 1952 624 posses
1984 549 2060 606 ad

2177 560 2319 614 θεσιν
2352 553 2557 626 σχοίης
2586 554 2718 628 πρὸς
2751 553 2818 608 τά
2847 549 3050 609 εἴδωλα
3106 557 3186 625 τῷ
3241 557 3531 608 κοινωνεῖν
3564 553 3682 607 τῶν
3709 570 3831 626 τρα-

417 641 598 700 idola.
631 640 1128 697 communicando
1161 641 1384 697 mensis
1416 642 1704 714 ipsorum.
1739 664 1764 690 α
1798 641 1909 696 Sed
1940 656 2061 696 non

415 731 619 787 omnia
650 729 974 786 aediﬁcant.
1012 751 1038 779 »
1072 731 1190 785 Hoc
1217 737 1459 801 propter
1485 731 1621 786 illos
1651 731 1864 786 fratres
1919 730 2064 785 dicit

413 820 630 892 quibus
684 825 1114 874 nocumentum
1165 821 1429 875 aﬂ'ertur.
1481 821 1625 875 Nam
1675 819 1785 874 etsi
1834 820 2060 874 licitum

413 909 494 963 ibi
527 913 634 974 est,
669 907 883 978 inquit,
926 913 986 962 at
1014 924 1134 962 non
1165 907 1426 963 mdiiicas
1456 908 1700 963 fratrem
1744 914 1912 964 tuum
1951 907 2062 961 hoc

411 996 811 1067 faciensquin
843 997 1040 1068 potius
1078 996 1300 1068 perdis.
1325 1019 1351 1046 «
1378 998 1555 1052 Nemo
1588 997 1747 1068 quod
1780 1013 1951 1052 suum
1975 1001 2066 1051 est

416 1092 661 1158 quaerat.
698 1107 726 1135 ››
757 1087 958 1157 Neque
992 1086 1156 1141 enim
1201 1086 1313 1141 hoc
1345 1085 1540 1141 solum
1589 1085 1800 1157 quaerit
1838 1086 2060 1157 [Deus].

413 1183 614 1231 utrum
649 1181 711 1230 tu
744 1191 892 1248 pura
922 1175 1064 1230 edas
1096 1175 1480 1239 conscientia,
1525 1175 1628 1230 sed
1680 1176 1857 1231 etiam
1890 1181 1955 1230 ut
2000 1175 2062 1230 in

417 1266 736 1320 utilitatem
771 1265 847 1320 sit
870 1265 1071 1320 fratris
1099 1265 1182 1320 tui
1210 1265 1367 1336 quod
1400 1265 1609 1337 agitur.
1637 1287 1662 1314 «
1697 1265 1882 1320 Omne
1905 1264 2062 1336 quod

417 1357 478 1410 in
503 1355 812 1410 macello.»
843 1355 992 1420 Quia
1023 1354 1264 1426 longum
1295 1354 1368 1409 de
1393 1354 1742 1426 idolothytis
1766 1354 2066 1425 protendit

418 1443 934 1500 sermonem.adeo
969 1449 1031 1497 ut
1051 1443 1332 1514 deinceps
1356 1445 1534 1499 etiam
1565 1445 1668 1498 illa
1689 1460 1819 1514 quas
1846 1444 1906 1498 in
1938 1443 2064 1498 foro

413 1534 646 1591 venalia
679 1539 870 1598 erant,
903 1539 969 1588 ut
997 1533 1317 1588 verisimile
1349 1540 1458 1598 est,
1515 1533 1780 1589 futurum
1820 1538 1947 1589 erat
2001 1538 2067 1588 ut

417 1623 603 1680 territi
619 1624 1260 1694 devitarent,tanquam
1281 1623 1456 1678 idolis
1471 1623 2061 1689 fortasseimmolata,

416 1713 657 1770 abducit
675 1728 776 1767 eos
797 1710 870 1767 ab
901 1711 1241 1782 hujusmodi
1275 1712 1585 1766 timore.-—
1617 1713 1744 1766 Alio
1775 1713 1957 1766 modo.
2001 1709 2064 1765 ld

419 1803 590 1858 solvit
605 1802 763 1874 quod
776 1800 1064 1856 obsistere
1078 1800 1481 1866 videtur.Quia
1493 1801 1655 1855 enim
1677 1800 1748 1855 de
1773 1800 2066 1871 idolothy-

2165 644 2345 709 πεζῶν
2373 641 2575 701 αὐτῶν.
2632 668 2660 696 ι(
2704 641 2866 700 Ἀλλ’
2915 641 2978 697 ού
3030 662 3202 697 παντα
3242 640 3562 713 οἷκοδομεῖ.
3605 664 3637 692 »
3667 643 3834 696 Τοῦτο

2165 729 2240 790 ὡς
2299 731 2433 806 πρὸς
2491 731 2620 795 τοὺς
2682 731 3100 807 βλαπτομένους
3160 728 3448 808 ἀδελφούς.
3485 731 3560 788 Εἰ
3615 731 3722 804 γὰρ
3752 731 3838 784 καὶ

2166 813 2334 889 ἔξεστί
2367 841 2476 887 σοι,
2528 822 2718 894 φησὶν,
2776 819 2903 878 ἀλλ’
2959 819 3060 876 οὐκ
3113 817 3425 890 οἱκοδομεῖς
3457 821 3564 874 τὸν
3598 817 3836 898 ἀδελιρόν

2168 928 2264 962 σου
2292 912 2454 964 τοῦτο
2503 915 2700 980 ποιῶν,
2759 907 2906 966 ἀλλᾶ
2961 910 3051 965 καὶ
3107 909 3420 970 καταλύεις.
3454 933 3485 960 ››
3524 905 3752 977 Μηδεῖς
3781 909 3838 962 τὸ

2167 995 2360 1052 ἑαυτοῦ
2393 998 2641 1068 ζητείτω.
2678 1022 2706 1051 ››
2767 1001 2859 1069 Μὴ
2915 998 3018 1074 γὰρ
3075 1003 3260 1064 τοῦτο,
3319 998 3478 1074 φησὶ.
3516 996 3704 1069 μόνον
3739 1003 3839 1068 ζη-

2165 1091 2268 1155 τεῖ,
2327 1087 2370 1142 εί
2428 1091 2637 1163 καθαρᾷ
2694 1088 2755 1144 σὺ
2813 1088 3008 1152 ἐσθίεις
3065 1085 3384 1158 συνειδήσει,
3443 1085 3592 1142 ἀλλ’
3658 1087 3708 1141 εί
3757 1088 3841 1141 τὸν

2169 1173 2399 1254 ἀδελφόν
2453 1199 2548 1232 σου
2596 1168 2803 1255 ὠφελεῖ
2847 1177 2909 1233 τὸ
2965 1177 3278 1251 γινόμενον,
3329 1201 3357 1228 ιι
3392 1180 3506 1231 Πᾶν
3544 1177 3616 1230 τὸ
3654 1173 3710 1230 ἐν
3749 1197 3846 1248 μα·

2166 1263 2372 1337 κέλλῳ.
2406 1288 2435 1318 ιι
2495 1263 2720 1336 Ἐπειδὴ
2781 1264 2954 1322 πολὺν
3011 1265 3276 1320 κατέτεινε
3333 1263 3505 1340 λόγον
3570 1266 3848 1338 περὶτῶν

2168 1352 2576 1420 εἰδωλοθύτων,
2633 1356 2709 1417 ὡς
2766 1352 2962 1412 λοιπὸν
3021 1355 3240 1424 αὐτοὺς,
3300 1355 3373 1416 ὡς
3425 1354 3610 1424 εἰκὸς,
3664 1353 3760 1408 καὶ
3788 1352 3852 1408 τα

2168 1442 2251 1498 ἐπ’
2305 1442 2506 1518 ἀγορᾶς
2557 1442 2690 1500 ὢνια
2746 1445 3124 1520 παραιτεῖσθαι
3181 1440 3568 1522 φοϐουμένους
3606 1444 3689 1506 ὡς
3732 1439 3854 1497 ὄντα

2170 1529 2524 1602 εἰδωλόθυτα,
2585 1533 2779 1609 ἀπίγει
2839 1533 3032 1596 αὐτοὺς
3089 1538 3186 1590 τοῦ
3236 1533 3491 1591 τοιούτου
3528 1528 3754 1610 φόϐου.
3786 1563 3853 1573 -—

2167 1619 2412 1683 Ἄλλως.
2507 1625 2720 1695 [ΦΩῚᾚ
2811 1623 2886 1681 Τὸ
2977 1622 3315 1680 ἀντιπίπτειν
3410 1619 3622 1678 δοκοῦν
3699 1620 3847 1678 λύει.

2169 1707 2392 1780 Ἐπειδὴ
2455 1711 2560 1786 γὰρ
2623 1713 2759 1785 μετά
2825 1710 3194 1788 σφοδρότητος
3259 1717 3367 1768 τῶν
3437 1711 3846 1768 εἰδωλοθύτων

2166 1797 2493 1874 κατέδραμε,
2550 1800 2641 1855 καὶ
2697 1800 2826 1864 τοὺς
2885 1801 3160 1866 ἐσθίοντας
3214 1799 3705 1874 ἐπετίμησεν,“ίνα
3766 1799 3843 1874 μή

419 1893 495 1946 tis
527 1905 662 1947 cum
715 1889 1090 1944 vehementia
1119 1889 1260 1943 fecit
1289 1890 1677 1954 mentionem,
1708 1895 1765 1943 et
1822 1889 2064 1945 edentes

2175 1910 2252 1950 τις
2309 1887 2461 1964 εἷ’πῃ·
2519 1889 2587 1947 Τί
2643 1889 2777 1958 οὗνς
2835 1890 3168 1966 ἀποσχέσθαι
3235 1889 3338 1966 ἆρα
3386 1888 3468 1947 δεῖ
3525 1894 3694 1965 ἡμᾶς
3755 1893 3848 1946 καὶ

423 1980 743 2047 redarguit,
769 1994 843 2034 ne
873 1977 1008 2047 quis
1040 1977 1198 2032 dicat
1223 1995 1235 2032 :
1270 1978 1420 2043 Quid
1451 1995 1586 2050 ergo
1609 1979 1636 2034 ‘2
1666 1996 1740 2034 an
1771 1978 2069 2034 abstinere

427 2082 664 2140 quoque
696 2080 805 2122 nos
825 2071 1060 2138 oportet
1081 2082 1114 2121 a
1143 2064 1423 2121 carnibus
1445 2083 1576 2138 quas
1597 2069 1657 2122 in
1687 2069 1814 2122 foro
1836 2067 2072 2123 venales

426 2163 803 2230 esponuntur
826 2155 854 2210 ‘I
884 2161 988 2210 aut
1017 2171 1262 2210 necesse
1294 2155 1468 2210 nobis
1523 2157 1634 2211 erit
1662 2157 1914 2213 circuire
1947 2157 2073 2212 fora

422 2254 481 2302 et
511 2247 878 2317 interrogare
897 2260 964 2299 ac
990 2243 1288 2300 discutere
1319 2261 1396 2299 ne
1414 2244 1650 2314 quando
1672 2246 2069 2319 idolothytum

418 2335 494 2389 sit
507 2333 618 2388 ian
635 2330 696 2386 in
713 2331 1057 2404 hujusmodi
1072 2332 1251 2386 vitam
1265 2336 1532 2386 nostram
1553 2332 1976 2388 concludemus
2003 2349 2069 2387 ac

414 2422 820 2496 propellemus
837 2421 953 2476 ?Ne
969 2421 1069 2492 qui
1084 2435 1221 2493 ergo
1237 2420 1379 2475 talia
1394 2421 1622 2492 possint
1637 2422 1729 2494 ohj
1741 2423 2069 2494 icere,prxe-

418 2513 662 2568 veniens
692 2510 964 2566 dissolvit
995 2524 1084 2574 ea,
1115 2517 1173 2565 et
1201 2511 1304 2580 ait,
1336 2510 1489 2566 518
1523 2526 1632 2566 nec
1663 2527 1792 2566 esse
1825 2527 2067 2567 necesse

414 2619 545 2674 qua:
578 2603 640 2656 in
672 2602 797 2656 foro
830 2605 970 2656 sunt
997 2601 1267 2672 rejicere,
1293 2616 1403 2654 nec
1433 2599 1730 2654 discutere
1753 2607 1853 2655 aut
1883 2603 2066 2656 inter-

413 2703 622 2764 rogare
653 2694 852 2746 utrum
885 2689 1283 2760 idolothytum
1317 2688 1394 2744 sit
1421 2703 1497 2742 an
1530 2705 1672 2757 non,
1699 2689 1802 2744 sed
1833 2689 1905 2745 ab
1947 2689 2067 2745 illis

418 2781 610 2837 solum
641 2784 876 2851 oportet
905 2778 1230 2841 abstinere,
1291 2777 1364 2832 de
1396 2777 1612 2846 quibus
1654 2777 1871 2848 aliquis
1902 2779 2069 2850 prius

420 2871 710 2944 suggessit
739 2884 868 2924 esse
901 2867 1248 2939 idolothyta.
1286 2869 1497 2934 Omne,
1544 2868 1760 2939 inquit,
1791 2869 1948 2939 quod
2006 2869 2066 2924 in

419 2959 671 3016 macello
696 2959 990 3026 venditur,
1019 2957 1198 3022 edite,
1229 2956 1382 3012 nihil
1411 2957 1756 3013 vacillantes
1803 2974 1875 3013 ex
1934 2974 2070 3013 con-

423 3052 692 3120 scientia,
725 3065 920 3122 neque
952 3050 1296 3106 vacillantes
1327 3055 1426 3104 aut
1457 3049 1893 3122 interrogantes
1935 3066 2066 3121 pro-

421 3149 555 3216 pter
583 3143 795 3213 ipsam,
829 3146 895 3194 ut
923 3141 1098 3205 hanc,
1133 3155 1267 3194 cum
1299 3137 1479 3194 dubia
1511 3139 1607 3206 sit,
1643 3140 1862 3194 curetis
1896 3155 1909 3194 :
1963 3156 2068 3195 ne-

419 3248 534 3304 que
567 3231 724 3286 enim
749 3245 1046 3285 morosam
1067 3228 1302 3284 volebat
1322 3229 1407 3284 eis
1429 3229 1676 3284 reddere
1699 3229 1814 3284 cibi
1837 3229 2070 3300 partici-

416 3319 721 3394 pationem
741 3336 754 3373 :
769 3335 844 3373 ne
869 3335 938 3372 ex
951 3319 1062 3373 hoc
1078 3318 1270 3372 effecti
1294 3318 2066 3390 negligentiores,tanquam

416 3407 786 3480 impossibile
813 3408 891 3461 sit
913 3411 1272 3477 praeceptum
1306 3406 1376 3460 ad
1402 3413 1666 3461 exactam
1698 3406 2069 3479 diligentiam

417 3496 728 3553 observare
778 3494 1018 3566 penitus
1077 3507 1138 3547 se
1199 3493 1464 3549 eximant
1503 3494 1575 3548 ab
1634 3493 2064 3552 observatione.

418 3612 445 3639 ‹‹
478 3583 635 3642 Nihil
687 3578 1095 3639 discutientes.
1132 3603 1158 3630 »
1219 3584 1344 3637 Non
1376 3581 1776 3653 dijudicantes
1807 3595 1908 3639 eos
1966 3585 2066 3654 qui

417 3675 700 3743 vendunt,
733 3685 876 3728 num
908 3671 1180 3726 fortassis
1211 3667 1607 3744 idolothytum
1641 3673 1737 3741 sit,
1783 3677 2066 3744 tanquam

419 3763 787 3822 conscientia
810 3761 1189 3826 stimulati,et
1210 3761 1528 3832 purificare
1549 3761 1738 3833 ipsam
1764 3762 2025 3818 volentes
2049 3779 2063 3819 :

420 3853 522 3911 sed
555 3854 778 3925 absque
810 3851 1204 3919 discussione,
1239 3851 1454 3922 inquit,
1490 3865 1620 3924 quas
1652 3852 1712 3906 in
1745 3853 1872 3908 foro
1928 3859 2068 3908 sunt

419 3943 596 4000 edite.
635 3963 656 3992 ι
693 3941 848 3996 Nihil
871 3940 1257 3996 discutientes
1288 3946 1531 4012 propter
1560 3942 2006 3997 conscientiam.
2036 3962 2064 3991 ιδ

417 4035 538 4091 Hoc
571 4038 678 4097 est,
702 4031 857 4086 nihil
889 4031 1076 4102 ipsius
1107 4045 1286 4086 causa
1323 4031 1758 4104 interrogantes
1779 4037 1880 4088 aut
1900 4045 2066 4088 scru-

418 4129 632 4179 tantes.
665 4121 906 4193 Oportet
936 4121 1098 4174 enim
1131 4135 1232 4175 eos
1265 4121 1366 4191 qui
1393 4119 1577 4176 edunt
1621 4121 1839 4177 habere
1897 4121 2062 4178 illam

415 4224 626 4284 puram
659 4217 718 4265 et
747 4226 868 4264 non
898 4208 1294 4278 vacillantem,
1330 4223 1438 4264 nec
1490 4225 1639 4281 opus
1679 4210 1899 4265 habere
1947 4211 2063 4266 alia

415 4300 634 4357 mentis
665 4299 1021 4354 certitudine
1053 4314 1186 4368 quea
1218 4313 1250 4353 a
1301 4297 1673 4353 discussione
1731 4301 2056 4370 proveniat.

415 4414 442 4441 ‹‹
472 4388 701 4445 Domini
733 4386 1029 4458 siquidem
1061 4392 1152 4441 est
1180 4390 1356 4441 terra.
1395 4405 1418 4437 ο
1472 4389 1612 4442 Nam
1647 4388 1696 4441 si
1728 4392 1886 4442 terra
1944 4390 2059 4444 Do-

413 4475 562 4535 mini
588 4484 697 4547 est,
729 4477 976 4548 planum
1001 4480 1093 4530 est
1113 4473 1273 4546 quod
1305 4477 1362 4529 et
1391 4491 1461 4530 ea
1490 4489 1622 4545 quas
1653 4475 1714 4530 in
1742 4475 1870 4548 ipsa
1899 4483 2056 4546 sunt,

413 4574 556 4642 puta
599 4580 806 4623 carnes
854 4581 921 4621 ac
951 4563 1264 4620 fructus.Si
1296 4578 1434 4635 ergo
1467 4564 1700 4619 Domini
1732 4571 1890 4636 sunt,
1915 4563 2056 4638 quid

416 4655 727 4727 dijudicas.

487 4750 553 4819 Χ,
575 4751 665 4821 27,
689 4753 779 4807 28.
804 4772 830 4800 ‹‹
857 4749 1021 4816 Quod
1048 4749 1095 4804 si
1115 4749 1249 4820 quis
1273 4748 1606 4804 inﬁdelium
1625 4765 1724 4805 vos
1748 4749 1974 4819 invitat,
2008 4759 2066 4807 et

423 4866 444 4891 ιι
470 4839 647 4894 vultis
669 4837 785 4894 ire:
809 4852 984 4893 omne
1008 4835 1168 4909 quod
1190 4837 1508 4909 apponitur
1527 4837 1691 4894 vobis
1709 4839 1887 4907 edite,
1911 4839 2065 4895 nihil

422 4954 447 4982 (ι
472 4926 858 4984 discutientes
884 4931 1126 4998 propter
1145 4927 1591 4983 conscientiam.
1619 4927 1674 4982 Si
1703 4927 1834 4998 quis
1865 4935 2061 4985 autem

418 5044 442 5072 ‹‹
471 5019 633 5075 vobis
656 5016 872 5073 dixerit
896 5032 910 5070 :
932 5017 1050 5071 Hoc
1077 5017 1473 5089 idolothytum
1499 5022 1689 5087 est,ne
1712 5018 2061 5092 edatis,pro-

417 5135 443 5161 ι(
469 5115 561 5164 ter
582 5106 752 5163 illum
785 5106 884 5178 qui
920 5107 1209 5178 suggessit
1231 5111 1288 5161 et
1317 5111 1560 5179 pr0pter
1590 5108 2017 5163 conscientiam
2046 5125 2057 5174 ;

417 5223 444 5251 ι(
470 5198 705 5256 Domini
738 5195 1036 5267 siquidem,
1061 5200 1150 5251 est
1196 5198 1356 5251 terra
1389 5203 1447 5252 et
1476 5196 1784 5269 plenitudo
1847 5199 1994 5271 ejus.
2033 5217 2056 5248 υ

490 5378 645 5434 Bene
679 5376 823 5432 dicit
855 5391 868 5430 :
902 5397 929 5424 ‹‹
959 5373 1029 5429 Et
1054 5371 1228 5428 vultis
1260 5373 1365 5428 ire.
1402 5395 1431 5423 »
1461 5375 1662 5445 Neque
1691 5375 1852 5430 enim
1911 5392 2062 5448 prae-

419 5469 614 5538 cipere
634 5467 818 5522 voluit
838 5478 1032 5535 neque
1055 5462 1426 5534 prohibere.«
1451 5463 2061 5521 Nihildiscutientes.»

421 5551 611 5619 Quare
634 5553 662 5610 ?
691 5557 768 5610 Ne
803 5555 978 5610 anxia
1008 5551 1370 5608 scrutatione
1402 5552 1827 5609 existimemini
1858 5553 2063 5609 formi-

423 5641 564 5698 dare
594 5642 772 5698 idoia.
805 5668 823 5691 ι
862 5645 1109 5713 Propter
1130 5643 1577 5698 conscientiam.
1597 5659 1628 5694 »ι
1647 5642 1950 5714 Tanquam
1972 5655 2066 5700 'vo-

425 5729 618 5787 lentes
649 5746 858 5802 puram
889 5745 1120 5784 servare
1154 5737 1406 5786 vestram
1437 5730 1882 5786 conscientiam.
1919 5753 1944 5784 ιι
2011 5731 2065 5787 Si

2094 4649 2142 4716 D

2175 1982 2284 2033 τῶν
2348 1976 2399 2032 ἐν
2467 1978 2641 2053 ἀγορᾷ
2707 1983 2879 2053 κρεῶν
2952 1979 3359 2054 προκειμένων;
3437 1981 3503 2033 ’Ἡ
3594 1979 3842 2054 ἀνάγκην

2180 2067 2450 2141 σχοίημεν
2514 2067 2573 2122 ἃν
2633 2067 2893 2144 περιιέναι
2958 2067 3053 2128 τὰς
3111 2068 3334 2144 ἀγορᾶς,
3401 2068 3492 2122 καὶ
3557 2067 3844 2143 ἐπερωτᾷν

2176 2156 2264 2210 καὶ
2298 2154 2598 2230 ἀνακρίνειν
2635 2158 2711 2230 μή
2753 2177 2884 2212 ποτε
2942 2154 3301 2212 εἰδωλόθυτον
3336 2158 3421 2227 εἴη
3451 2176 3465 2226 ;
3499 2157 3584 2220 εἷς
3616 2161 3849 2212 τοιαῦτα

2176 2247 2337 2318 ἡμῶν
2373 2245 2765 2322 συγκλείσομεν
2822 2247 2915 2302 καὶ
2975 2246 3338 2320 συνελασομεν
3388 2249 3478 2303 τὸν
3523 2247 3699 2322 βίον;
3755 2245 3845 2303 Ἵν’

2179 2334 2268 2388 οὖν
2308 2336 2383 2407 μὴ
2429 2337 2653 2390 τοιαῦτά
2695 2357 2833 2398 τινες
2892 2336 3202 2392 ἀντιτείνειν
3256 2334 3460 2410 ἔχοιεν,
3515 2335 3841 2413 πρόφθάσας

2177 2422 2337 2484 αὐτὸς
2391 2421 2582 2477 δίδωσι
2633 2425 2728 2484 τὰς
2791 2423 2993 2494 λύσεις,
3077 2425 3164 2478 καί
3220 2447 3375 2504 φησι,
3439 2428 3588 2499 μήτε
3655 2427 3723 2480 τά
3788 2421 3835 2478 ἐν

2177 2513 2352 2588 ἀγορᾷ
2384 2511 2618 2585 ἀνάγκην
2671 2514 2808 2567 εἶναι
2864 2519 3263 2589 παραιτεῖσθαι,
3319 2516 3459 2586 μήτε
3499 2516 3563 2568 τὸ
3614 2510 3828 2585 ἀνακρί-

2174 2621 2280 2655 νειν
2345 2599 2434 2654 καὶ
2500 2600 2797 2676 ἐπερωτᾷν,
2863 2601 2962 2676 ἄρα
3031 2599 3395 2665 εἰδωλόθυτόν
3465 2601 3609 2656 ἐστιν
3737 2598 3816 2655 οίῖ·

2177 2689 2302 2745 ἀλλ’
2337 2690 2556 2744 ἐκείνων
2593 2687 2889 2766 ἀπέχεσθαι
2948 2690 3136 2765 μόνον,
3195 2692 3319 2764 περὶ
3378 2694 3455 2746 ὧν
3505 2713 3589 2754 τις
3621 2691 3815 2770 φθάσας

2176 2779 2441 2852 ἐμήνυσεν
2499 2775 2839 2844 εἰδωλόθυτα
2907 2782 3060 2836 εῖναι.
3104 2787 3214 2836 Πᾶν
3277 2782 3340 2836 τὸ
3413 2779 3464 2835 ἐν
3540 2778 3806 2854 μακέλλῳ,

2176 2865 2357 2946 φησὶν,
2419 2866 2640 2935 ἐσθίετε,
2705 2866 2874 2942 μηδὲν
2929 2867 3266 2939 διστάζοντες
3312 2872 3451 2925 κατά
3502 2868 3791 2937 συνείδησιν,

2179 2955 2320 3029 μηδὲ
2378 2957 2746 3032 ἀνακρίνοντες
2803 2959 2895 3014 καί
2954 2957 3334 3033 ἐπερωτῶντες
3396 2958 3464 3015 δι’
3508 2960 3677 3029 αὐτὴν,
3707 2956 3785 3009 ἳνα

2175 3046 2380 3116 ταύτην
2465 3042 2780 3121 ἀμφίϐολον
2877 3049 3039 3103 οὖσαν
3126 3049 3511 3124 θεραπεύσητε.
3568 3046 3635 3105 Ού
3691 3045 3784 3122 γὰρ

2175 3129 2435 3190 ἐϐούλετο
2467 3134 2730 3191 δύσκολον
2773 3136 2957 3200 αὐτοῖς
2989 3138 3088 3206 τήν
3151 3136 3459 3211 μεταλήψιν
3492 3133 3800 3211 παρασκευά-

2180 3245 2266 3279 σαι
2295 3232 2392 3294 τῆς
2448 3232 2678 3303 τροφῆς,
2735 3223 2822 3281 ἵνα
2883 3229 2958 3298 μὴ
3020 3225 3079 3281 ἐκ
3133 3227 3330 3282 τούτου
3363 3225 3810 3303 ὀλιγωρήσαντες,

2176 3314 2240 3368 τὸ
2291 3320 2393 3369 πᾶν
2438 3321 2540 3383 τῆς
2589 3309 2830 3390 ἀριϐείας
2883 3317 2958 3376 ὡς
3017 3313 3276 3371 ἀδυνάτου
3322 3319 3422 3382 τῆς
3469 3317 3700 3386 ἐντολῆς
3732 3309 3818 3368 0³3-

2178 3425 2300 3476 σης,
2336 3406 2412 3470 εἷς
2462 3407 2522 3461 τὸ
2583 3403 2932 3486 φυλαχθῆναι
2990 3407 3397 3481 παραλύσωσιν.
3434 3431 3463 3460 (ι
3494 3406 3683 3479 Μηδὲν
3710 3408 3822 3464 ἀνα-

2175 3495 2466 3566 κρίνοντες.
2505 3519 2531 3546 ››
2588 3497 2681 3565 Μή
2741 3496 3114 3570 ἀνακρίνοντες
3163 3497 3290 3561 τοὺς
3343 3496 3699 3565 πωλοῦντας,
3751 3496 3819 3569 μὴ

2178 3585 2280 3656 ἆρα
2337 3581 2705 3639 εἲδωλόθυτόν
2765 3584 2928 3656 ἐστιν,
2989 3586 3064 3650 ὡς
3118 3584 3627 3660 πληττόμίνοιτὴν
3659 3583 3821 3642 συνεί·

2178 3671 2352 3744 δησιν,
2408 3675 2498 3730 καὶ
2557 3675 2840 3751 καθαρίσαι
2896 3677 3066 3745 αὐτὴν
3129 3677 3428 3739 ἐθέλοντες.
3493 3677 3692 3747 Ἀλλὰ,
3725 3697 3828 3758 οη·

2178 3761 2282 3830 σῖν,
2315 3763 2604 3834 ἀζητήτως
2660 3766 2727 3819 τά
2785 3763 2867 3820 ἐπ’
2921 3765 3120 3841 ἀγορᾶς
3177 3764 3393 3822 ἐσθίετε.
3457 3791 3485 3818 ‹‹
3520 3765 3709 3837 Μηδὲν
3744 3764 3824 3820 διὰ

2175 3851 2272 3920 τήν
2340 3851 2644 3924 συνείδησιν
2737 3853 3132 3929 ἀνακρίνοντες.
3203 3879 3232 3906 ››
3298 3856 3582 3927 Τουτέστι,
3658 3853 3822 3929 μηδὲν

2172 3937 2346 3996 ἕνεκεν
2417 3941 2584 4012 αὐτῆς
2658 3942 3036 4018 ἐπερωτῶντες
3100 3942 3190 3999 καὶ
3265 3943 3664 4016 ἀνακρίνοντες.
3744 3944 3830 3999 Δεῖ

2173 4029 2275 4104 γὰρ
2307 4028 2474 4100 αὐτὴν
2533 4032 2769 4104 καθαρὰν
2826 4031 2915 4085 καὶ
2976 4028 3293 4087 ἀδίστακτον
3350 4029 3628 4095 ἐσθίοντας
3658 4027 3825 4108 ἔχειν,

2173 4115 2262 4171 καὶ
2325 4121 2399 4190 μὴ
2462 4117 2666 4173 δεῖσθαι
2722 4119 3105 4197 πληροφορίας
3165 4118 3343 4191 ἄλλης
3405 4127 3505 4189 τῆς
3563 4121 3673 4175 ἀπὸ
3730 4127 3824 4190 τῆς

2173 4203 2525 4278 ἀνακρίσεως.
2587 4232 2614 4259 ι(
2663 4212 2772 4263 Τοῦ
2828 4208 2931 4284 γὰρ
2987 4208 3194 4286 Κυρίου
3225 4211 3258 4279 ἡ
3306 4217 3401 4285 γῆ.
3438 4234 3465 4261 ››
3529 4211 3590 4266 Ei
3651 4211 3817 4286 γὰρὴ

2173 4298 2246 4370 γῆ
2277 4300 2371 4350 τοῦ
2420 4296 2614 4370 Κυρίου
2672 4295 2806 4364 ὶστι,
2866 4295 3126 4368 δηλονότι
3185 4297 3275 4354 καὶ
3332 4300 3397 4353 τὰ
3427 4297 3476 4353 ἄν
3511 4298 3676 4372 αὐτῇ,
3704 4301 3820 4354 οἷον

2172 4383 2236 4438 τά
2291 4399 2348 4438 τε
2401 4384 2530 4460 κρέα
2584 4385 2672 4440 καί
2732 4387 2785 4440 οἱ
2833 4387 3053 4462 καρποί.
3087 4384 3156 4443 Ei'
3182 4387 3279 4442 οὖν
3305 4391 3403 4443 τοῦ
3453 4387 3656 4460 Κυρίου
3689 4387 3817 4457 ἐστι,

2170 4472 2222 4527 τί
2255 4473 2557 4548 ἀνακρίνεις
2587 4495 2601 4545 ;

2245 4743 2314 4802 Ei‘
2364 4741 2422 4800 δέ
2467 4765 2549 4807 τις
2595 4743 2756 4798 καλεῖ
2807 4744 2945 4816 ὑμᾶς
2994 4740 3100 4798 τῶν
3171 4743 3414 4801 ἀπίστων
3479 4746 3572 4801 καὶ
3641 4747 3812 4803 θέλετε

2175 4833 2517 4909 πορεύεσθαι,
2593 4836 2694 4888 πᾶν
2771 4832 2834 4887 τὸ
2905 4833 3332 4907 παρατιθέμενον
3422 4835 3550 4908 ὑμῖν
3649 4834 3820 4890 ἐσθίε-

2172 4944 2250 4991 τε,
2359 4920 2525 4997 μηδὲν
2631 4920 3003 4998 ἀνακρίνοντες
3104 4920 3193 4977 διὰ
3293 4925 3392 4993 τὴν
3499 4922 3812 4997 συνείδησιν.

2170 5013 2291 5071 Ἐὰν
2357 5010 2413 5067 δὲ
2472 5031 2554 5074 τις
2624 5011 2748 5084 ὑμῖν
2817 5009 2966 5086 ε’ίπῃ·
3026 5014 3208 5068 Τοῦτο
3267 5011 3628 5070 εἰδωλόθυτόν
3688 5014 3820 5080 ἔστι,

2177 5105 2252 5177 μὴ
2310 5101 2528 5174 ἐσθίετε,
2598 5097 2667 5154 δι’
2734 5101 2937 5155 ἐκεῖνον
3012 5103 3104 5156 τὸν
3185 5102 3492 5176 μηνύσαντα
3565 5105 3658 5160 καὶ
3722 5106 3817 5174 τὴν

2174 5191 2501 5262 συνείδησιν.
2557 5193 2676 5249 Τοῦ
2729 5192 2831 5266 γὰρ
2884 5191 3090 5267 Κυρίου
3141 5195 3176 5263 ἠ
3233 5200 3301 5269 γῆ
3353 5193 3442 5249 καὶ
3473 5193 3533 5248 τὸ
3587 5197 3821 5271 πλήρω-

2176 5303 2248 5356 μα
2279 5280 2467 5350 αὐτῆς.

2247 5369 2438 5431 Καλῶς
2494 5368 2578 5438 τὸ,
2641 5394 2668 5420 ‹‹
2710 5366 2923 5428 Θέλετε.
2955 5392 2984 5422 »
3043 5369 3184 5428 Οίὶτε
3239 5370 3341 5446 γὰρ
3393 5373 3818 5447 προτρέψασθαι,

2175 5457 2299 5515 οὔτε
2350 5457 2784 5533 ἀποστρέψασθαι
2831 5456 3029 5520 αὐτοὺς
3076 5452 3370 5528 ἠϐούλετο.
3408 5484 3435 5512 ‹‹
3470 5458 3665 5531 Μηδὲν
3693 5461 3820 5516 ἀνα-

2172 5548 2466 5623 κρίνοντες.
2502 5571 2529 5595 ν)
2554 5546 2745 5610 Διατί;
2773 5550 2882 5604 Ἵνα
2924 5549 3000 5619 μὴ
3050 5550 3118 5619 τῇ
3169 5546 3380 5622 πολλῇ,
3414 5550 3570 5620 φησὶ,
3603 5571 3818 5627 περιερ-

2175 5640 2292 5715 γίᾳ,
2340 5643 2640 5710 νομισθῆτε
2686 5633 2894 5706 δειλιᾷν
2939 5635 3007 5691 τά
3053 5633 3278 5694 ιῖδωλα.
3312 5661 3342 5690 α
3374 5639 3470 5694 Διά
3513 5640 3612 5708 τήν
3647 5642 3818 5696 συνεί-

2179 5728 2357 5800 δησιν.
2425 5749 2453 5778 ››
2521 5727 2612 5790 Ὦς
2673 5724 2945 5797 θέλοντες,
3013 5727 3168 5802 φησὶ,
3234 5727 3469 5803 καθαράν
3527 5728 3814 5802 φυλαττειν
