4068 6254
232 380 374 441 789
1239 378 1648 444 COMMENT.
1697 383 1771 442 IN
1818 382 2064 448 EPIST.
2113 390 2133 447 ι
2179 390 2284 451 AD
2329 390 2695 452 COMNTH.
3552 392 3673 454 790

238 510 413 584 ὑμῶν
445 510 543 577 τὴν
604 506 931 579 συνείδησιν.
995 534 1023 561 (ί
1083 511 1203 567 Ἐὰν
1260 506 1318 567 δέ
1373 531 1457 575 τις
1519 512 1645 586 ὑμῖν
1706 512 1902 589 εἴπῃ.»

2027 522 2160 592 quis
2172 527 2370 579 autem
2390 522 2553 581 vobis
2568 524 2804 582 dixerit.
2832 546 2858 573 »
2884 525 3074 591 Quare
3084 525 3212 597 jam
3236 541 3355 583 non
3377 525 3621 585 edemus
3642 528 3669 582 ’ἲ

233 601 369 659 Ἵνα
395 599 449 656 τί
508 598 704 671 μηκέτι
763 598 1057 671 ἐσθίομεν;
1113 599 1204 656 καί
1262 620 1444 680 φησιν·
1505 600 1765 675 Ἀληθῶς
1826 604 1902 676 μὶι

2027 616 2085 667 et
2114 610 2197 667 ait
2228 627 2241 668 :
2276 614 2422 670 Vere
2456 613 2695 689 quidem
2728 614 2930 671 omnia
2960 614 3193 672 Domini
3225 622 3381 682 sunt,
3415 617 3567 673 sicut
3610 621 3669 673 et

239 692 435 747 πάντα
494 692 590 745 τοῦ
623 687 829 763 Κυρίου
888 687 1056 757 ἐστιν,
1118 689 1191 750 ὡς
1245 690 1332 744 καὶ
1388 688 1685 766 αὐτήηγῆ
1745 692 1795 765 ἐξ
1853 692 1902 763 ἧι

2024 699 2153 771 ipsa
2173 706 2331 757 terra
2353 720 2420 758 ex
2445 687 2561 774 qua
2583 703 2709 760 haec
2732 703 3062 776 prodeunt:
3088 720 3288 762 verum
3320 705 3369 760 si
3401 705 3664 772 ederitis,

241 774 499 834 ἐκϐαίνει
574 782 763 833 ταῦταξ
828 776 956 833 ἀλλ’
1018 776 1105 833 ἐὰν
1166 778 1393 854 φάγητε,
1453 780 1552 848 τὴν
1611 778 1902 853 συνείδησιη

2024 789 2402 847 conscientias
2434 794 2564 863 ejus
2594 793 2695 863 qui
2726 794 3015 865 suggessit
3067 799 3423 849 nocumento
3472 795 3613 850 estis
3648 810 3662 851 :

233 871 353 923 τοῦ
413 867 758 940 μηνύσαντος
823 864 1117 943 βλάπτετε.
1197 865 1730 939 Σκανδαλισθησεται
1789 871 1902 944 γὰρ

2022 878 2447 937 οίῐθιιάίοιιὶιιω
2470 882 2631 938 enim
2653 864 3204 954 patietur.cogitans
3227 898 3405 953 quam
3425 883 3665 939 tandem

231 957 295 1013 τί
353 954 561 1027 δήποτε
621 954 965 1023 ἀκούσαντες,
1027 955 1124 1011 οὐκ
1181 955 1902 1032 ἀπέχεσθε-[ΘΕΟΔΩΡέ

2022 966 2096 1023 ob
2125 984 2390 1034 causam,
2421 987 2553 1025 cum
2588 971 2698 1027 hoc
2729 970 3060 1038 audieritis,
3116 988 3237 1027 non
3293 971 3661 1029 abstineatis.

232 1049 429 1105 Τοῦτο
490 1042 547 1100 δὲ
608 1043 782 1120 λέγει,
844 1039 1190 1123 φοϐούμενος
1254 1048 1426 1118 μήπω
1483 1047 1777 1119 νομίσωσιν
1838 1047 1902 1109 ὡς

2020 1088 2087 1097 -—
2107 1058 2224 1114 Hoc
2240 1064 2437 1114 autem
2452 1058 2615 1125 dicit,
2648 1060 2868 1116 veritus
2909 1076 2984 1116 ne
3030 1077 3145 1130 quo
3166 1060 3341 1116 modo
3360 1061 3660 1117 existima-

236 1136 415 1211 ἰσχὺν
444 1136 550 1189 τῶν
605 1131 851 1192 εἰδώλων
903 1132 1143 1210 ἐχόντων
1202 1133 1439 1209 γίνεσθαι
1493 1138 1591 1207 την
1650 1136 1911 1197 κώλυσιν.

237 1252 271 1278 «ί
309 1229 427 1284 Τοῦ
456 1227 556 1301 γὰρ
592 1226 793 1299 Κυρίου
834 1226 868 1294 ἡ
900 1232 989 1300 γῆ.
1030 1249 1059 1277 ››
1092 1224 1166 1280 Σὺ
1203 1225 1299 1299 μὲν
1327 1227 1428 1302 γὰρ
1457 1223 1612 1291 οἶδας
1661 1228 1745 1282 δτι
1816 1232 1913 1283 τοῦ

240 1315 526 1390 Κυρίου-ἦ
560 1322 630 1389 γῆ
666 1316 755 1369 καὶ
801 1314 865 1370 τὸ
922 1314 1205 1389 πλήρωμα
1261 1314 1450 1385 αὐτῆς,
1503 1315 1591 1371 καὶ
1647 1322 1748 1386 τῆς
1806 1320 1913 1372 τῶν

242 1402 502 1460 εἰδώλων
581 1403 854 1467 ἀσθενείας
947 1409 1330 1476 καταφρονεῖς.
1420 1406 1653 1467 Ἐκεῖνος
1731 1402 1787 1460 δὶ
1841 1407 1910 1479 τῇ

239 1492 435 1567 πλάνῃ
494 1490 926 1565 δεδουλωμένος,
990 1487 1205 1568 βλάϐην
1262 1491 1501 1549 ἐντεῦθεν
1578 1498 1907 1569 παρποῦται,

235 1581 637 1647 ε’δευλοθῦτων
694 1604 753 1671 0's
808 1587 982 1659 κρεῶν
1062 1577 1501 1656 μεταλαμϐἀδειν
1582 1585 1908 1659 ἡγοόμινος.

228 1676 424 1731 Τοῦτο
451 1673 555 1749 γὰρ
587 1669 829 1729 διδάσκει
861 1674 928 1727 τὰ
958 1672 1101 1743 ἑξῆς.
1155 1674 1271 1729 Ἵνα
1326 1671 1379 1727 τί
1429 1673 1531 1749 γὰρ
1563 1674 1597 1742 ἡ
1632 1672 1909 1744 ἐλευθερία

242 1784 359 1836 μου
408 1762 646 1837 κρίνεται
711 1761 814 1817 ὑπὸ
867 1760 1047 1829 ἄλλης
1106 1759 1511 1833 συνειδήσεως;
1600 1761 1906 1838 ἐλευθερίαν

229 1851 432 1908 καλῶν
462 1854 563 1922 τὴν
600 1852 762 1930 χάριν
795 1858 896 1920 τῆς
929 1850 1182 1913 πίστεως.
1236 1850 1303 1908 Εἰ
1361 1849 1471 1928 ἐγὼ
1530 1852 1713 1927 χάριτι
1778 1872 1902 1924 μετ·
1935 1892 1981 1959 Β

242 1948 252 1959 .
488 1942 499 1957 .
558 1941 613 1959 η.
860 1946 885 1955 .-
1057 1942 1069 1957 .
1128 1942 1143 1957 ς
1284 1940 1309 1959 ν
1372 1939 1386 1959 ν
1442 1942 1455 1959 ε
1584 1940 1596 1959 ,
1820 1946 1844 1956 -

233 1948 385 2020 ὲχω,
447 1942 499 1999 τί
556 1941 995 2021 βλασφημοῦμαι
1052 1942 1186 2015 ὑμὲρ
1249 1940 1311 1996 οὗ
1368 1939 1473 2015 ἐγὼ
1549 1940 1899 2021 εὐχαριστῶς

238 2036 375 2109 Οὐχ
404 2032 576 2101 ὅσιον,
614 2054 799 2110 φησιν,
834 2029 1006 2087 ἄλλον
1039 2027 1319 2087 λωϐᾶσθαι
1356 2029 1442 2087 διὰ
1472 2034 1570 2103 τὴν
1626 2032 1765 2107 ἐμὴν
1816 2052 1899 2088 τε·

242 2122 539 2194 λειότητα.

315 2219 567 2283 Ἀλλως.
602 2219 808 2293 [ΦΘΤ.]
848 2215 1074 2286 Ἐπειδὴ
1128 2218 1383 2292 ἀνωτέρω
1439 2218 1530 2274 ὅτε
1571 2218 1637 2273 τὰ
1691 2218 1742 2274 ἐν
1805 2240 1904 2292 μα-

233 2308 433 2382 κέλλῳ
489 2308 824 2382 πωλούμενα
878 2308 982 2363 οῦκ
1034 2306 1269 2363 ἐκώλυεν
1339 2306 1553 2378 ἐσθίειν,
1638 2307 1897 2382 ἐπήγαγε·

236 2425 263 2451 (ι
300 2402 418 2456 Τοῦ
451 2400 655 2472 Κυρίου
686 2401 720 2467 ἡ
752 2400 827 2473 γῆ
856 2397 946 2452 καὶ
968 2397 1029 2453 τὸ
1061 2396 1344 2473 πλήρωμα
1403 2396 1591 2466 αὐτῆς,
1628 2422 1656 2449 ››
1704 2400 1897 2453 τουτέ-

236 2509 347 2557 στι,
377 2489 444 2543 τὰ
491 2489 541 2543 ἐν
596 2487 735 2560 αὐτῇ
795 2487 990 2545 πάντα.
1066 2489 1248 2543 Ταῦτα
1316 2486 1420 2562 γάρ
1469 2487 1572 2541 εἶσι
1628 2486 1694 2541 τὰ
1752 2486 1901 2557 πλη-

248 2583 450 2652 ροῦντα
481 2576 670 2647 αὐτὴν,
713 2575 913 2649 καρποὶ
945 2576 1035 2631 καὶ
1066 2581 1200 2646 ζῶα,
1261 2576 1350 2631 καὶ
1407 2575 1473 2631 τὰ
1529 2576 1717 2649 ὅμοια.
1771 2576 1902 2632 Εἶτα

251 2664 469 2739 προϊὸν
499 2663 666 2742 Mysi.
700 2690 725 2717 ι(
759 2666 881 2722 Ἐὰν
918 2663 976 2720 δέ
999 2687 1081 2728 τις
1118 2666 1244 2738 ὑμῖν
1275 2664 1402 2738 ε’ίπῃ
1433 2664 1514 2720 ὅτι
1539 2662 1900 2729 εἰδωλόθυτόν

265 2752 404 2825 ἔστι,
439 2757 511 2827 μή
544 2754 752 2822 ἐσθίετε,
785 2780 811 2807 ››
843 2754 929 2809 ἳνα
963 2756 1039 2829 μή
1071 2775 1153 2817 τις
1186 2752 1336 2829 εἷ’πῃ·
1369 2753 1430 2809 Τί
1480 2753 1569 2809 οῦν
1600 2775 1613 2825 ;
1672 2753 1759 2809 νῦν
1806 2753 1905 2811 οὐκ

259 2839 464 2913 ἔστινὴ
499 2851 566 2917 γῆ
595 2850 687 2899 τοῦ
720 2845 921 2914 Κυρίου
981 2844 1071 2900 καὶ
1130 2844 1197 2899 τὰ
1254 2844 1306 2898 ἐν
1361 2844 1541 2917 curii;
1603 2842 1758 2901 Ἀλλ’
1814 2845 1903 2900 ’ὁτι

251 2935 353 3005 μὲν
386 2934 486 2988 οὐκ
518 2933 753 2996 ἐκώλυες
786 2933 978 2989 ἐσθίειν
1010 2937 1107 2989 τοῦ
1146 2934 1352 3008 Κυρίου
1410 2933 1501 3003 ἦν,
1555 2937 1645 2988 νῦν
1697 2930 1753 2989 δὲ
1806 2933 1905 2989 οὐκ

244 3020 391 3078 ἔστιν
420 3041 434 3092 ;
465 3026 551 3079 Ινα
587 3024 663 3095 μὴ
707 3021 798 3077 οῦν
840 3025 915 3093 μή
1102 3025 1261 3077 τοῦτο
1320 3020 1500 3100 λέγειν
1547 3022 1675 3089 τινὶ,
1735 3022 1902 3077 πάλιν

245 3114 431 3181 τίθησι
461 3113 524 3167 τὸ
560 3113 695 3167 αὐτὸ
729 3110 817 3166 καί
849 3131 1003 3186 φησιο
1066 3114 1179 3169 Τοῦ
1236 3111 1438 3185 Κυρίου
1490 3112 1585 3184 μὲν
1619 3114 1653 3181 ἡ
1687 3118 1756 3187 γῆ
1814 3111 1902 3167 καί

241 3203 311 3257 τὰ
341 3201 394 3255 ἰν
430 3201 591 3274 αὐτῇ,
626 3200 759 3275 ὅπερ
792 3194 1101 3275 ἔμπροσθεν
1129 3199 1304 3269 είπον,
1338 3198 1485 3255 ἀλλᾶ
1516 3198 1605 3255 διὰ
1662 3201 1753 3254 τὸν
1790 3222 1898 3272 μη-

243 3288 474 3343 νύσαντα
500 3287 591 3343 καὶ
623 3291 723 3358 τήν
758 3285 1063 3358 συνείδησιν
1098 3286 1286 3357 αὐτοῦ,
1347 3288 1410 3342 οὐ
1470 3284 1551 3342 δεῖ
1609 3286 1898 3361 γεύσασθαι

242 3375 457 3433 ἐκείνων
491 3382 603 3432 τῶν
647 3374 1042 3433 εἰδωλοθύτων.
1105 3375 1165 3433 Εἰ
1220 3376 1323 3450 γὰρ
1380 3377 1477 3431 τοῦ
1533 3375 1729 3449 Κυρίου
1762 3378 1795 3445 ἡ
1827 3382 1899 3450 γῆ

239 3468 421 3522 καὶτὸ
453 3466 739 3539 πλήρωμα
771 3466 965 3535 αὐτῆς,
1002 3464 1162 3527 αὐτὸς
1221 3462 1437 3528 οὐδενὸς
1495 3468 1715 3536 ποιήσει
1761 3465 1902 3537 ὑμᾶς

243 3551 392 3630 ἔχειν
426 3554 640 3622 ἐεδεῶς,
674 3554 771 3610 κᾶν
829 3556 1029 3625 ταύτης
1086 3551 1156 3609 δι’
1214 3553 1372 3609 αὐτὸν
1428 3554 1749 3629 ἀπόσχησθε
1802 3561 1903 3624 τῆς

244 3642 619 3699 εἷδωλοθύτου
646 3644 849 3713 Θοίνης.
892 3644 963 3700 "il
1023 3641 1137 3697 ἐπεὶ
1191 3646 1289 3697 τοῦ
1349 3640 1546 3716 Κυρίου
1604 3644 1639 3713 ἡ
1693 3643 1763 3719 γῆ
1811 3641 1901 3697 καὶ

244 3734 311 3787 τὰ
342 3732 395 3787 ἐν
424 3732 585 3807 αὐτῇ,
619 3732 816 3803 πολλῴ
848 3729 1062 3804 μᾶλλον
1118 3730 1208 3785 καὶ
1260 3731 1287 3784 ὁ
1342 3727 1622 3806 ἅνθρωπος
1652 3733 1679 3785 ὁ
1711 3728 1761 3785 ἐν
1815 3730 1903 3785 αῦ-

248 3827 339 3897 τῇ.
375 3822 473 3877 Δια
502 3825 628 3898 γοῦν
660 3826 859 3876 τοῦτον
889 3821 981 3875 τὸν
1014 3820 1328 3894 μηνύσαντα
1360 3820 1419 3881 ὃς
1478 3818 1590 3875 ἐστι
1648 3824 1742 3874 τοῦ
1792 3826 1904 3876 Κυ-

254 3911 397 3988 ρίου,
429 3912 519 3965 καὶ
551 3912 676 3971 τοὺς
709 3907 913 3970 ἄλλους
946 3930 1077 3986 λαως
1106 3910 1233 3970 τοὺς
1268 3907 1571 3981 μηνύοντος
1631 3908 1902 3965 ἀκούσαν-

250 4021 347 4062 τας
378 3999 471 4053 ’ἕνα
506 3999 581 4071 μὴ
649 3997 919 4073 βλαῆὦσι,
983 3999 1059 4069 μὴ
1118 3996 1341 4061 ἐσθίετε.
1383 3999 1496 4053 Τοῦ
1547 3996 1748 4073 Κυρίου
1802 3997 1903 4073 γὰρ

250 4088 285 4154 ἡ
318 4092 388 4159 γῆ
420 4086 506 4139 καὶ
541 4085 606 4139 τὰ
638 4084 688 4139 ἐν
740 4086 902 4157 αὐτῇ,
954 4082 1043 4137 καὶ
1101 4080 1183 4138 δεῖ
1232 4083 1305 4145 ὡς
1365 4079 1686 4138 ὁποδούλων
1737 4103 1901 4160 φρον-

250 4174 414 4242 τίζειν
450 4178 558 4227 τῶν
610 4172 659 4226 ἐν
722 4171 880 4246 αῦτῃ.
937 4171 1013 4228 Οὐ
1070 4172 1173 4247 γὰρ
1224 4172 1313 4225 ’ὀτε
1374 4172 1470 4243 μὲν
1530 4167 1637 4225 ἔδει
1694 4176 1903 4247 φαγεῖν,

250 4268 409 4317 τοῦτο
436 4258 543 4317 ἔδει
574 4262 793 4329 ἐννοεῖν,
852 4259 941 4315 ὅτε
1000 4256 1056 4315 δέ
1117 4260 1191 4331 μή
1252 4258 1468 4325 ἐσθίειν,
1527 4264 1685 4315 τοῦτο
1741 4280 1908 4335 παρο-

254 4358 369 4427 ρᾷν,
404 4350 529 4407 ἀλλ’
562 4350 641 4405 ἀεὶ
677 4349 937 4410 ὡσαύτως
971 4342 1225 4423 ἔχοντας,
1256 4348 1345 4403 καὶ
1393 4348 1516 4403 τότε
1564 4348 1906 4423 εὐχαρίστως

251 4442 464 4511 ἐσθίειν,
499 4442 574 4504 ὡς
600 4444 696 4495 τοῦ
745 4437 951 4512 Κυρίου
997 4438 1379 4511 παρασχόντος
1436 4440 1572 4511 ἡμῖν
1629 4437 1704 4500 είς
1758 4439 1907 4513 βρῶ-

253 4553 329 4586 σιν
363 4536 552 4599 ταῦτα,
585 4530 673 4584 καὶ
720 4532 810 4583 νῦν
867 4526 1093 4589 εἰκότως
1159 4527 1235 4599 μὴ
1292 4525 1504 4596 ἐσθίειν,
1563 4527 1639 4589 ὡς
1697 4526 1906 4604 φυλατ-

251 4619 512 4691 τομένους
546 4613 918 4684 σκανδαλίζειν
946 4612 1071 4674 τοὺς
1099 4617 1197 4668 τοῦ
1256 4612 1464 4689 Κυρίου
1526 4610 1757 4676 δούλους
1811 4613 1901 4669 καὶ

255 4704 597 4780 ὁμοδούλους
629 4707 811 4778 ἡμῶν.

326 4905 640 4976 Συνείδησιν
702 4903 758 4959 δὶ
817 4903 988 4980 λέγῳ,
1066 4902 1196 4975 οὐχὶ
1278 4904 1377 4971 τὴν
1461 4901 1668 4972 ἑαυτοῦ,
1754 4903 1899 4958 ἀλλὰ

254 4999 352 5066 τήν
416 5000 513 5051 τοῦ
579 4996 785 5067 ἑτερου.
854 4995 971 5049 Ἱνα
1036 4990 1088 5045 τί
1152 4992 1254 5065 γὰρ
1322 4992 1357 5059 ἡ
1427 4990 1710 5067 ἐλευθερία
1796 5014 1901 5065 μου

253 5085 487 5157 κρίνεται
548 5084 649 5138 ὑπὸ
734 5079 913 5152 ἃλλης
998 5076 1360 5149 συνειδήσεως
1423 5097 1436 5148 ;
1523 5080 1573 5135 εἴ
1657 5078 1713 5136 δὲ
1796 5080 1901 5157 ἐγὼ

252 5177 436 5251 χάριτι
502 5172 741 5247 μετέχω,
798 5171 849 5225 τί
938 5168 1405 5247 βλασφημοῦμαι,
1475 5169 1605 5244 ὑπὲρ
1674 5171 1735 5225 οὗ
1792 5172 1900 5245 ἐγὼ

252 5264 604 5341 εὐχαριστῶ;
656 5261 775 5317 Ε“’τε
830 5260 927 5313 «οῦν
984 5258 1206 5327 ἐσθίετε,
1268 5255 1374 5312 εἷ’τε
1431 5258 1630 5329 πίνετε,
1685 5256 1793 5315 εἴτε
1848 5258 1900 5314 τί

249 5357 483 5419 ποιεῖτε,
517 5351 687 5404 πάντα
717 5348 794 5409 εἷς
825 5345 979 5418 δόξαν
1011 5350 1145 5402 Θεοῦ
1176 5350 1403 5403 ποιεῖτε.

323 5463 344 5492 ι
382 5435 715 5509 Συνείδησιν.
754 5461 780 5487 ››
810 5438 925 5505 Τὴν
953 5439 1050 5489 τοῦ
1108 5432 1389 5503 Ἕλληνος
1439 5440 1536 5491 τοῦ
1586 5438 1898 5510 καταμηνύ-

255 5551 462 5592 σαντος,
490 5528 584 5583 ἳνα
608 5526 684 5600 μὴ
720 5519 925 5600 βλαϐῇ.
964 5547 993 5576 ‹‹
1021 5525 1134 5579 Ἰνα
1164 5521 1213 5577 τί
1246 5523 1345 5596 γὰρ
1385 5524 1420 5591 ἠ
1465 5522 1743 5600 ἐλευθερία
1795 5546 1899 5599 μου

256 5620 541 5697 κρίνεται;
604 5641 623 5665 ι
684 5618 802 5670 Ἵνα
862 5615 936 5687 μή
994 5630 1075 5674 τις
1135 5610 1279 5684 εἶ’πῃ·
1341 5611 1437 5665 Διὰ
1495 5613 1587 5685 μὶν
1641 5614 1739 5683 τήν
1793 5619 1901 5669 τῶν

258 5706 502 5785 ἀδελφῶν
538 5700 843 5773 συνείδησιν
876 5705 982 5756 τῶν
1019 5699 1437 5775 βλαπτομένων,
1470 5698 1653 5763 καλῶς
1711 5706 1900 5779 φαγεῖν

2021 1152 2151 1201 rent
2178 1146 2398 1203 idcirco
2426 1148 2554 1204 fieri
2571 1149 3032 1222 prohibitionem
3054 1150 3221 1220 quasi
3246 1149 3407 1206 idola
3429 1149 3544 1205 vim
3561 1149 3666 1205 ali-

2020 1252 2198 1304 quam
2228 1235 2533 1294 haberent.
2577 1259 2604 1287 ‹‹
2638 1238 2872 1293 Domini
2933 1237 3229 1310 siquidem
3290 1243 3400 1294 est.
3452 1259 3480 1287 ››
3528 1238 3663 1295 Ete-

2018 1326 2144 1382 nim
2178 1333 2240 1383 tu
2273 1328 2429 1383 nosti
2461 1328 2617 1399 quod
2651 1329 2887 1386 Domini
2919 1329 2995 1386 sit
3026 1335 3183 1386 terra
3210 1328 3361 1386 519
3422 1333 3481 1384 et
3519 1328 3654 1399 ple-

2018 1416 2227 1472 nitudo
2259 1418 2409 1487 ejus,
2440 1423 2498 1473 et
2546 1418 2841 1475 idolorum
2895 1417 3225 1476 contemnis
3278 1416 3663 1474 imbecillita-

2018 1512 2136 1563 tem
2172 1522 2185 1561 :
2215 1512 2273 1563 at
2304 1506 2405 1562 ille
2438 1523 2637 1564 errore
2668 1507 2970 1581 deceptus,
3038 1514 3465 1565 nocumentum
3523 1508 3660 1565 inde

2016 1595 2261 1665 colligit,
2301 1602 2517 1667 putans
2550 1602 2604 1651 te
2636 1596 2764 1653 ﬂeri
2794 1596 3143 1669 participem
3174 1597 3443 1653 carnium
3484 1596 3660 1653 idolis

2014 1685 2481 1742 immolatarum.
2506 1686 2648 1742 Nam
2671 1686 2780 1742 hoc
2802 1686 3019 1743 docent
3034 1703 3103 1744 ea
3129 1704 3259 1758 qum
3284 1694 3617 1758 sequuntur
3642 1703 3656 1742 :

2014 1777 2204 1840 Quare
2219 1775 2377 1831 enim
2400 1774 2643 1831 libertas
2662 1791 2793 1831 mea
2801 1774 3111 1847 judicatur
3125 1776 3197 1831 ab
3212 1776 3329 1833 alia
3348 1776 3659 1831 conscien-

2015 1865 2097 1920 tia
2124 1864 2151 1921 ‘I
2182 1864 2518 1922 libertatem
2549 1882 2761 1923 vocans
2794 1865 2933 1923 ﬁdei
2959 1866 3231 1938 gratiam.
3268 1866 3322 1921 Si
3360 1882 3465 1938 ego
3522 1881 3659 1922 cum

2014 1955 2204 2025 gratia
2224 1954 2535 2026 participe,
2559 1961 2627 2011 ut
2647 1954 2789 2026 quid
2811 1955 3174 2012 calumniam
3198 1956 3461 2011 sustineo
3485 1955 3557 2012 de
3590 1971 3659 2012 eo

2014 2062 2121 2117 pro
2154 2061 2269 2115 quo
2298 2045 2517 2116 gratias
2542 2044 2700 2116 ego?
2742 2046 2870 2102 Non
2927 2050 3037 2108 est,
3098 2045 3312 2115 inquit,
3368 2051 3659 2113 sanctum,

2014 2133 2197 2189 alium
2231 2134 2551 2205 depravare
2584 2140 2825 2206 propter
2850 2148 3044 2191 meam
3065 2134 3516 2206 profectionem.

2083 2224 2215 2278 Alio
2244 2225 2422 2280 modo.
2456 2224 2745 2287 Quoniam
2778 2223 3053 2294 superius
3084 2237 3222 2279 eum
3282 2239 3352 2280 ea
3409 2240 3539 2295 quas
3598 2224 3660 2281 in

2013 2312 2267 2369 macello
2301 2312 2696 2368 venderentur
2718 2311 2891 2369 edere
2913 2311 3659 2383 permittebat,subjunxit:

2013 2424 2042 2452 «
2076 2402 2309 2457 Domini
2344 2406 2432 2457 est
2462 2407 2620 2457 terra
2651 2406 2708 2456 et
2746 2400 3056 2470 plenitudo
3087 2401 3238 2472 ejus,
3302 2424 3330 2452 ››
3389 2401 3500 2459 hoc
3549 2408 3659 2471 est,

2012 2492 2289 2547 universa
2310 2507 2439 2561 quae
2464 2490 2524 2545 in
2548 2506 2617 2546 ea
2638 2496 2776 2546 sunt
2801 2506 2814 2544 :
2837 2506 2975 2546 nam
3000 2490 3127 2546 haec
3148 2495 3285 2546 sunt
3305 2506 3436 2560 qum
3467 2492 3657 2561 ipsam

2014 2582 2286 2652 implent,
2319 2581 2544 2635 fructus
2602 2596 2815 2651 nempe
2870 2584 2928 2637 et
2974 2580 3284 2647 animalia,
3318 2596 3385 2635 ac
3413 2580 3655 2637 similia.

2015 2669 2235 2725 Deinde
2270 2670 2329 2724 in
2360 2683 2676 2741 progressu
2706 2668 2851 2725 dicit
2882 2684 2947 2723 :«
2982 2668 3038 2724 Si
3071 2666 3204 2738 quis
3242 2673 3441 2725 autem
3493 2668 3657 2726 vobis

2014 2759 2235 2814 dixerit
2255 2758 2652 2827 idolothytum
2673 2773 2824 2824 esse,
2846 2773 2921 2813 ne
2950 2756 3160 2824 edatis,
3196 2777 3222 2808 ι
3258 2762 3323 2813 ut
3351 2774 3471 2813 non
3500 2756 3660 2815 dicat

2014 2848 2262 2919 aliquis:
2287 2846 2438 2913 Quid
2462 2862 2599 2917 ergo
2621 2847 2648 2902 ‘2
2690 2863 2849 2902 nunc
2871 2846 3103 2903 Domini
3138 2862 3257 2902 non
3294 2852 3385 2902 est
3412 2851 3571 2903 terra
3600 2851 3659 2903 et

2014 2954 2145 3008 quae
2168 2939 2228 2993 in
2250 2954 2321 2991 ea
2342 2942 2479 2991 sunt
2503 2937 2529 2992 ‘2
2550 2941 2626 2993 At
2654 2936 2889 3006 quando
2912 2935 3297 3007 permittebas
3324 2936 3520 2997 edere.
3544 2936 3657 2991 Do-

2014 3027 2160 3081 mini
2195 3032 2340 3089 erat,
2373 3042 2530 3081 nunc
2561 3030 2760 3081 autem
2790 3040 2910 3080 non
2939 3024 3077 3079 est?
3098 3026 3179 3080 Ne
3227 3023 3287 3079 id
3319 3041 3455 3096 ergo
3483 3025 3661 3082 liceat

2013 3116 2293 3185 cuiquam
2316 3114 2535 3179 dicere,
2567 3113 2725 3169 idem
2756 3129 2994 3168 rursum
3026 3113 3212 3184 ponit,
3272 3118 3331 3168 et
3379 3113 3497 3169 ait:
3549 3112 3659 3170 Do-

2016 3206 2159 3261 mini
2182 3204 2421 3275 quidem
2448 3209 2538 3259 est
2557 3208 2715 3260 terra
2735 3208 2794 3258 et
2813 3220 2945 3273 quas
2968 3203 3029 3259 in
3051 3219 3121 3259 ea
3150 3207 3309 3271 sunt,
3368 3202 3527 3274 quod
3555 3219 3656 3260 an-

2010 3302 2104 3351 tea
2132 3294 2252 3349 dixi
2278 3310 2291 3348 :
2324 3293 2427 3348 sed
2452 3297 2696 3363 propter
2724 3292 2897 3349 illum
2926 3291 3027 3362 qui
3062 3291 3352 3363 suggessit
3388 3297 3447 3347 et
3467 3291 3653 3363 ipsius

2008 3383 2452 3448 conscientiam,
2485 3399 2606 3439 non
2631 3387 2866 3452 oportet
2895 3380 3133 3436 illorum
3180 3387 3415 3453 gustare
3467 3380 3655 3438 idolo-

2005 3474 2190 3545 thyla.
2215 3475 2358 3528 Nam
2391 3472 2439 3527 si
2472 3471 2704 3529 Domini
2736 3476 2827 3527 est
2855 3477 3015 3528 terra
3046 3476 3102 3527 et
3132 3470 3438 3543 plenitudo
3497 3472 3653 3543 ejus,

2007 3564 2134 3634 ipse
2155 3562 2332 3619 faciet
2352 3580 2453 3618 vos
2475 3562 2641 3618 nullo
2662 3577 2858 3633 egere,
2884 3562 3063 3619 etiam
3086 3562 3134 3617 si
3158 3568 3401 3633 propter
3430 3562 3655 3633 ipsum,

2007 3653 2121 3707 hoc
2142 3652 2609 3725 idolothytorum
2624 3651 2759 3707 cibo
2783 3650 3149 3707 abstineatis.
3175 3657 3289 3707 Aut
3336 3651 3385 3706 si
3417 3651 3651 3707 Domini

2007 3748 2097 3797 est
2126 3746 2306 3811 terra,
2337 3747 2394 3795 et
2421 3757 2552 3813 qum
2584 3741 2645 3795 in
2669 3754 2739 3795 ea
2781 3745 2939 3807 sunt,
2995 3739 3181 3795 multo
3236 3739 3425 3810 magis
3476 3740 3654 3795 homo

2010 3832 2109 3902 qui
2144 3831 2203 3884 in
2227 3846 2295 3885 ea
2316 3836 2405 3885 est
2429 3846 2441 3883 :
2465 3835 2708 3900 propter
2732 3829 2891 3883 hunc
2918 3844 3054 3900 ergo
3082 3828 3183 3898 qui
3208 3826 3500 3899 suggessit
3551 3826 3651 3897 qui

2008 3922 2243 3977 Domini
2273 3926 2383 3989 est,
2416 3920 2681 3989 aliosque
2712 3918 2986 3973 fortassis
3024 3919 3127 3989 qui
3162 3918 3479 3973 audierunt
3507 3933 3651 3990 sug-

2008 4017 2333 4081 gerentem,
2364 4024 2437 4063 ne
2468 4007 2752 4062 damnum
2805 4006 3100 4078 recipiant
3133 4026 3146 4063 :
3206 4027 3234 4058 ‹‹
3289 4022 3408 4061 non
3439 4005 3652 4061 edatis.

2010 4099 2242 4155 Domini
2274 4096 2569 4167 siquidem
2598 4101 2687 4151 est
2706 4101 2885 4163 terra,
2921 4101 2980 4150 et
3008 4112 3140 4165 quas
3174 4096 3234 4150 in
3262 4112 3331 4150 ea
3387 4100 3547 4160 sunt,
3599 4100 3657 4150 et

2010 4202 2423 4244 conservorum
2444 4201 2638 4241 curam
2654 4185 2872 4241 habere
2898 4190 3131 4256 oportet
3170 4186 3270 4255 qui
3301 4186 3364 4239 in
3396 4200 3467 4240 ea
3491 4190 3651 4241 sunt.

2010 4280 2209 4347 Neque
2224 4276 2380 4330 enim
2396 4291 2531 4331 eum
2554 4274 2729 4330 edere
2754 4274 3036 4346 oportuit,
3053 4273 3439 4329 conveniebat
3455 4274 3651 4329 solum

2009 4367 2123 4421 hoc
2144 4365 2497 4436 intelligere,
2531 4368 2588 4419 et
2617 4362 2855 4435 quando
2884 4378 3004 4417 non
3036 4367 3127 4417 est
3182 4360 3477 4417 edendum
3526 4367 3647 4415 tum

2008 4455 2326 4529 negligere,
2361 4454 2465 4509 sed
2498 4469 2735 4525 semper
2761 4452 2971 4508 eodem
3031 4450 3206 4506 modo
3263 4466 3327 4505 se
3385 4449 3602 4505 habere
3635 4468 3647 4505 :

1934 4581 1980 4645 Β
2012 4551 2071 4601 et
2091 4550 2229 4598 tunc
2258 4544 2501 4598 edentes
2530 4543 2749 4614 gratias
2780 4557 2952 4613 agere
2983 4540 3143 4611 quod
3199 4538 3481 4594 Dominus
3527 4538 3654 4593 hmo

2010 4633 2175 4688 vobis
2206 4634 2266 4687 in
2296 4632 2646 4688 alimentum
2678 4630 3094 4702 prmbuerit,et
3121 4644 3277 4683 nunc
3299 4627 3511 4683 merito
3534 4640 3655 4682 non

2011 4724 2206 4787 edere,
2236 4730 2519 4793 tanquam
2550 4722 2936 4777 observantes
2994 4736 3067 4774 ne
3126 4717 3485 4775 offendicula
3528 4717 3656 4771 sitis

2011 4812 2195 4866 servis
2226 4810 2479 4875 Domini,
2510 4809 2837 4877 vestrisque
2870 4806 3191 4862 conservis.

2082 4923 2109 4951 ρ(
2141 4903 2214 4967 X,
2247 4901 2401 4954 29.21
2436 4900 2617 4953 Porro
2649 4895 3073 4953 conscientiam
3104 4896 3259 4963 dico,
3293 4913 3415 4952 non
3469 4902 3652 4961 tuam,

2014 5011 2039 5043 α
2073 4990 2177 5046 sed
2208 4989 2471 5044 alterius.
2507 4990 2622 5042 Cur
2652 4987 2809 5041 enim
2839 4986 3084 5041 libertas
3114 5002 3247 5041 mea
3256 4986 3561 5056 judicatur
3581 4982 3653 5039 ab

2016 5099 2039 5128 ε
2068 5080 2186 5135 alia
2213 5077 2575 5133 conscientia
2590 5075 2792 5141 ‘?Quod
2824 5076 2873 5130 si
2905 5092 3010 5147 ego
3023 5076 3212 5145 gratia
3234 5074 3655 5146 participo,cur

2013 5191 2041 5217 «
2073 5166 2147 5223 ob
2181 5167 2239 5221 id
2271 5166 2417 5220 mihi
2449 5165 2850 5232 maledicitur,
2883 5181 2989 5236 pro
3021 5181 3138 5235 quo
3160 5162 3655 5235 egogratiasago?

2014 5281 2042 5310 α
2077 5256 2229 5314 520
2260 5257 2386 5311 Sive
2421 5256 2599 5328 igitur
2629 5255 2804 5311 editis
2834 5256 2954 5309 sive
2987 5254 3188 5309 bibitis
3222 5253 3341 5307 sive
3374 5250 3517 5322 quid
3570 5250 3652 5305 fa-

2015 5371 2042 5397 ‹‹
2075 5348 2227 5412 citis,
2260 5346 2461 5401 omnia
2488 5346 2550 5400 in
2581 5344 2830 5418 gloriam
2863 5344 2965 5399 Dei
2998 5343 3191 5399 facite.
3227 5362 3256 5391 »

2084 5460 2110 5487 «
2144 5436 2601 5493 Conscientiam.
2640 5458 2667 5485 »
2700 5434 2883 5489 Graeci
2914 5432 3207 5498 videlicet,
3241 5432 3360 5486 sive
3400 5431 3656 5503 gentilis,

2013 5527 2112 5598 qui
2145 5525 2455 5597 suggessit,
2484 5541 2555 5579 ne
2588 5524 2873 5579 damnum
2907 5522 3185 5594 patiatur.
3219 5542 3249 5569 κ
3273 5521 3388 5576 Cur
3403 5521 3565 5576 enim
3587 5520 3658 5576 li-

2010 5617 2208 5672 bertas
2241 5612 2724 5686 meajudicatur?
2746 5620 2824 5668 Ne
2848 5612 2981 5684 quis
3006 5610 3195 5667 dicat:
3217 5612 3371 5667 Bene
3413 5611 3656 5682 quidem

2011 5704 2184 5761 edere
2217 5704 2603 5775 prohibemur
2632 5708 2875 5774 propter
2921 5701 3174 5756 fratrum
3228 5700 3654 5757 conscientiam
