4068 6254
437 414 548 475 791
1553 412 1962 475 mCUMENlI
2005 409 2312 470 TBIGCE
2354 411 2702 473 EPISGOPI
3755 410 3875 470 792

437 548 537 620 qui
572 547 855 604 damnum
886 554 1254 621 paterentur,
1286 554 1346 605 at
1372 548 1446 604 de
1486 548 1701 605 Graecis
1757 561 2084 618 eorumque
2114 604 2115 609 η

2224 542 2549 618 ιωλυόμεθα,
2580 544 2705 619 περῖ
2737 541 2795 600 δὲ
2822 549 2930 599 τῶν
2963 543 3250 617 Ἑλλήνων
3280 544 3368 599 καὶ
3428 547 3529 613 τῆς
3601 540 3876 613 συνειδή-

439 637 810 693 conscientia
828 653 1034 694 curare
1056 653 1179 694 non
1202 642 1455 710 oportet,
1473 639 1581 693 ait:
1607 637 1758 703 Quid
1782 637 1943 693 enim
1976 652 2084 691 ne-

2225 652 2326 693 εως
2356 632 2535 687 αὐτῶν
2566 632 2629 687 οὗ
2662 631 2743 688 δεῖ
2772 631 3094 710 φροντίζειν,
3150 633 3302 707 φησί.
3361 631 3457 695 Τίς
3514 632 3640 709 γὰρ
3706 632 3877 711 χρεία

441 742 606 783 cesse
639 733 749 793 est,
776 732 845 783 ut
871 726 1117 783 libertas
1146 743 1281 783 mea
1309 744 1429 798 qua
1456 726 1609 783 nihil
1663 727 1929 793 observo,
1980 725 2083 781 sed

2224 741 2276 774 να
2332 722 2394 776 τὸ
2452 720 2756 796 ἐλευθέριόν
2821 744 2950 796 μου,
3007 723 3279 793 τουτέστι,
3337 724 3402 777 τὸ
3472 722 3878 795 ἀπαραίτητόν

442 815 596 871 liber
617 832 749 871 sum
771 831 806 870 a
824 814 1095 872 ciborum
1118 815 1546 880 observatione,
1566 814 2087 887 judiceturabalia

2224 831 2301 865 LOU
2358 811 2447 866 καὶ
2503 810 2785 886 ἐλεύθερον
2849 812 3156 887 βρωμάτων
3211 814 3696 887 παρατηρήσεως,
3759 811 3877 883 κρί-

443 904 856 960 conscientia?
884 904 995 960 hoc
1026 910 1135 974 est,
1167 904 1600 961 condemnetur
1628 920 1664 959 a
1710 904 1894 959 Grmci
1941 918 2082 957 con-

2224 921 2350 968 ηται
2394 899 2497 955 ὑπὸ
2558 898 2739 970 ἄλλης
2798 897 3201 970 συνειδήσεως;
3256 899 3526 968 τουτέστι,
3597 902 3881 972 κατακρί-

442 994 689 1048 scientia
711 993 736 1047 ?
756 993 921 1048 Dicet
942 994 1099 1049 enim
1117 1000 1183 1050 ut
1204 993 1523 1049 verisimile
1545 999 1636 1048 est
1659 1010 1671 1047 :
1696 986 1929 1048 Fabulae
1947 995 2087 1047 sunt

2224 1009 2345 1061 ηται
2379 988 2483 1043 ὑπὸ
2514 996 2613 1058 τῆς
2640 993 2737 1044 τοῦ
2768 986 3047 1058 Ἕλληνος
3078 986 3439 1060 συνειδήσεως
3465 1009 3478 1057 ;
3515 990 3695 1064 Ἐρεῖ
3751 989 3875 1064 γάρ,

442 1097 537 1137 res
567 1082 1034 1138 Christianorum
1069 1098 1082 1136 :
1115 1081 1276 1138 idola
1315 1082 1549 1137 videtur
1605 1080 1961 1147 abominari,
2028 1084 2087 1133 et

2224 1098 2268 1139 ›ς
2300 1078 2462 1143 εἰκός·
2495 1082 2667 1143 Μῦθοι
2707 1080 2774 1134 τά
2828 1081 3185 1154 Χριστιανῶν,
3238 1079 3304 1134 τά
3356 1076 3572 1135 εἴδωλα
3645 1076 3877 1134 δοκοῦσι

440 1170 731 1228 sacriﬁcia
743 1188 875 1243 qua;
898 1172 1056 1226 inter
1077 1188 1146 1227 ea
1168 1176 1326 1239 sunt,
1346 1177 1619 1243 prompto
1638 1170 1837 1225 animo
1886 1184 2088 1223 come-

2224 1165 2723 1235 ὶδελύττεσθαι,καὶ
2778 1169 2846 1224 τά
2903 1167 2954 1223 έν
3009 1167 3195 1230 αὐτοῖς
3252 1169 3491 1241 θυόμενα
3543 1166 3878 1243 προθύμως

441 1260 591 1315 dunt
623 1277 637 1314 :
672 1282 698 1310 «
732 1259 898 1325 Quod
929 1260 976 1314 si
1009 1275 1114 1332 ego
1142 1261 1332 1331 gratia
1384 1259 1698 1331 participo.
1759 1279 1788 1307 »
1839 1259 2087 1328 Propter

2224 1255 2481 1321 σθίουσιν.
2524 1282 2551 1310 ι(
2596 1257 2662 1313 Εἴ
2716 1255 2774 1313 δὶ
2828 1258 2935 1334 ἐγὼ
2988 1260 3178 1334 χάριτι
3237 1257 3477 1333 μετέχω.
3516 1283 3546 1310 υ
3612 1258 3730 1314 Διᾶ
3783 1260 3879 1326 τήν

445 1349 693 1421 gratiam
724 1348 848 1416 Dei,
883 1365 1014 1420 quas
1041 1348 1189 1404 adeo
1231 1348 1551 1405 sublimem
1605 1347 1752 1403 mihi
1810 1345 2088 1418 praestitit

2224 1347 2357 1421 χάριν
2388 1350 2485 1402 τοῦ
2514 1351 2670 1417 Θεοῦ,
2699 1349 2800 1416 τὴν
2834 1347 3008 1409 οὕτως
3065 1369 3170 1421 μου
3226 1348 3326 1416 τὴν
3378 1348 3575 1421 ψυχὴν
3645 1345 3877 1421 ὑψηλῆ,

448 1437 738 1506 animum,
763 1437 863 1509 qui
895 1443 1098 1509 posset
1151 1436 1496 1510 persuaderi
1563 1436 1730 1493 nullo
1756 1435 1967 1491 talium
2025 1450 2087 1488 se

2224 1437 2519 1506 ποιήσασαν,
2578 1436 2654 1496 ὡς
2711 1438 2991 1491 πεπεῖσθαι
3053 1433 3249 1510 μηδενὶ
3307 1435 3546 1509 τοιούτῳ
3630 1435 3879 1509 μολύνε-

441 1527 856 1598 coinquinari;
882 1526 1192 1583 confidens
1211 1544 1349 1600 ergo
1382 1527 1483 1582 Dei
1508 1526 1711 1599 gratia:
1743 1525 1874 1581 edo.
1912 1524 1971 1581 Si
2001 1528 2085 1591 tu,

2224 1527 2339 1582 θαι.
2373 1524 2595 1601 Θαρῥῶν
2625 1525 2716 1579 οῦν
2747 1529 2817 1600 τῇ
2849 1525 3037 1605 χάριτι
3069 1530 3167 1582 τοῦ
3197 1531 3333 1582 Θεοῦ
3388 1526 3583 1590 έσθίω.
3657 1525 3735 1583 Εἴ
3796 1527 3877 1594 σὺ,

444 1617 658 1688 inquit,
686 1617 786 1672 Dei
809 1617 1000 1689 gratia
1016 1617 1209 1673 factus
1239 1635 1302 1673 es
1322 1616 1639 1689 perfectus,
1670 1620 1738 1671 ut
1762 1616 1915 1671 scias
1936 1613 2089 1669 nihil

2224 1613 2381 1685 μησὶν,
2413 1613 2473 1669 ἐκ
2497 1614 2727 1689 χάριτος
2757 1620 2895 1670 Θεοῦ
2936 1616 3165 1691 γέγονας
3223 1614 3463 1685 τέλειος,
3524 1615 3685 1671 ὥστε
3736 1613 3880 1671 εἰδέ-

446 1722 575 1762 esse
599 1707 778 1775 idola,
803 1712 861 1762 et
878 1706 1236 1778 perfectum,
1255 1713 1323 1762 ut
1342 1706 1449 1772 ais,
1470 1706 1655 1761 habes
1671 1705 1960 1770 animum,
1985 1702 2089 1773 qui

2228 1724 2281 1757 αι
2317 1699 2487 1774 μηδὲν
2519 1704 2764 1758 εἶναιτὰ
2821 1700 3047 1771 εἴδωλα,
3103 1703 3194 1759 καὶ
3252 1702 3741 1778 κατηρτισμένην,
3805 1705 3879 1764 ὡς

449 1795 600 1851 nihil
615 1796 961 1852 nocumenti
984 1796 1477 1868 suscipiat,etiam
1500 1794 1549 1849 si
1565 1793 1920 1865 participare
1945 1791 2089 1847 velis

2224 1793 2400 1869 .έγεις,
2431 1787 2581 1866 ἔχεις
2607 1793 2708 1862 τήν
2740 1793 2948 1868 ψυχὴν,
2981 1793 3058 1855 είς
3095 1794 3157 1848 τὸ
3221 1790 3391 1867 μηδὲν
3446 1788 3871 1868 παραϐλάπτε-

446 1885 507 1938 in
528 1884 911 1955 idolothytis:
944 1900 1050 1939 cur
1078 1900 1217 1956 ergo
1249 1884 1504 1954 teipsum
1534 1881 1734 1937 reddis
1757 1879 2089 1935 maledictis

2224 1895 2343 1954 θαι,
2374 1880 2471 1937 κᾶν
2508 1887 2796 1957 μετασχεῖν
2854 1881 3139 1956 βουληθῇς
3175 1888 3283 1938 τῶν
3339 1880 3770 1953 εἴδωλοθῦτων,
3818 1882 3871 1937 τί

452 1973 800 2039 obnoxium,
831 1979 890 2027 et
919 1988 1025 2044 per
1055 1978 1112 2028 te
1140 1972 1319 2027 fidem
1349 1972 1540 2043 ipsam
1569 1987 1637 2026 ac
1667 1971 1851 2025 Deum
1870 1969 1898 2024 ‘I
1917 1969 2096 2040 idque

2224 1969 2639 2050 ιλασφημεῖσθαι
2699 1971 2891 2026 σαυτὸν
2950 1972 3396 2045 παρασκευάζεις,
3448 1971 3543 2026 καὶ
3610 1969 3711 2026 διά
3773 1976 3866 2026 σοῦ

450 2068 591 2116 tunc
615 2068 674 2116 et
693 2061 754 2116 in
777 2078 847 2115 eo
862 2078 970 2133 pro
992 2078 1110 2132 quo
1134 2062 1319 2134 magis
1348 2059 1608 2115 debebas
1651 2060 1869 2132 gratias
1898 2074 2094 2131 agere,

2228 2060 2504 2130 ἠνπίστιν
2534 2058 2621 2114 καὶ
2644 2061 2738 2115 τὸν
2770 2059 2898 2115 Θεόν
2932 2078 2948 2129 ;
2982 2061 3089 2116 Καὶ
3132 2060 3255 2116 τότε
3303 2059 3387 2115 ἐπ’
3445 2059 3672 2134 ἐκείνῳ,
3740 2061 3869 2134 ὑπὲρ

448 2165 584 2203 cum
616 2154 816 2203 mente
845 2148 1143 2219 perfectus
1174 2148 1277 2204 sis.
1308 2149 1442 2220 Ipse
1470 2164 1606 2203 vero
1638 2146 1711 2201 de
1743 2146 1937 2217 seipso
1971 2161 2098 2200 ser-

2224 2150 2260 2203 ιῦ
2296 2147 2510 2222 μᾶλλον
2544 2146 2778 2228 ὢφειλες
2830 2148 3191 2224 εὐχαριστεῖν,
3223 2149 3535 2211 τελειωθεὶς
3579 2151 3690 2219 τήν
3753 2146 3866 2204 διά-

448 2253 687 2292 monem
720 2236 1067 2310 efﬂguravit,
1101 2253 1219 2309 quo
1244 2236 1667 2293 modestiorem
1700 2236 1975 2290 redderet
2005 2251 2099 2290 ac-

2227 2258 2386 2308 οιαν;
2430 2238 2607 2300 Αὐτὸς
2646 2235 2703 2293 δὲ
2730 2238 2809 2318 ἐφ’
2871 2239 3063 2294 ἑαυτοῦ
3113 2239 3206 2293 τὸν
3265 2237 3432 2313 λόγον
3489 2233 3867 2314 ἐσχημάτισε,

446 2327 838 2381 cusationem.
875 2325 1100 2381 Deinde
1125 2326 1452 2399 subjungit,
1478 2348 1507 2375 ‹‹
1537 2325 1663 2380 Sive
1685 2323 1879 2392 editis,
1917 2343 1942 2375 ιι
1982 2329 2095 2379 etc.

2224 2328 2564 2401 ιετριώτεςον
2592 2328 2686 2382 τὸν
2719 2324 2951 2403 ἔλεγχον
2977 2333 3175 2384 ποιῶν.
3220 2328 3355 2386 Εἶτα
3410 2326 3626 2402 ind-rev
3680 2353 3711 2380 ‹‹
3746 2326 3863 2385 Εἴτε

404 2472 405 2475 η
449 2415 556 2472 Ubi
587 2416 745 2470 enim
772 2415 1072 2488 arguendo
1102 2414 1487 2484 cohibuisset,
1511 2415 1639 2485 jam
1677 2414 1873 2472 soluta
1903 2420 2095 2468 trans-

2228 2416 2424 2486 σθίετε,
2457 2416 2603 2471 »καὶ
2662 2416 2807 2485 ἑξῆς.
2869 2415 2974 2473 Καὶ
3027 2416 3119 2471 ’ὀτε
3173 2420 3282 2472 τῶν
3337 2414 3588 2492 ἐλέγχων
3641 2411 3855 2484 ἔπαυσε,

449 2504 801 2574 ﬁguratione
818 2520 999 2575 quam
1015 2504 1297 2560 adversus
1318 2504 1581 2575 seipsum
1596 2507 2100 2574 assumpserat,ex

2224 2506 2323 2561 τότε
2360 2506 2451 2560 τὸν
2483 2504 2561 2567 εἰς
2592 2505 2777 2560 ἑαυτὸν
2824 2503 2994 2567 λύσας
3057 2506 3615 2580 μετασχηματισμὸν,
3677 2504 3729 2578 ἐξ
3768 2505 3852 2559 εὖ·

446 2593 672 2649 directo
706 2594 868 2665 ipsos
898 2593 1201 2659 admonet,
1234 2593 1476 2649 dicens:
1508 2616 1528 2643 ι
1559 2593 1686 2647 Sive
1710 2592 1905 2657 editis,
1928 2613 1956 2640 »
1985 2598 2097 2647 etc.

2224 2594 2345 2658 Delac
2375 2595 2565 2656 αὐτοῖς
2595 2599 2867 2670 παραινεῖ,
2933 2593 3129 2668 λέγων·
3183 2619 3212 2646 ‹‹
3246 2595 3371 2651 Ehe
3421 2593 3647 2663 ἐσθίετε,
3681 2621 3703 2650 ι
3763 2594 3844 2647 καῖ

450 2705 477 2733 a
513 2684 622 2737 Pro
655 2699 770 2753 quo
802 2698 907 2754 ego
939 2682 1156 2754 gratias
1188 2698 1315 2754 ago.
1364 2705 1385 2731 ι
1449 2683 1587 2753 Ego,
1645 2681 1863 2751 inquit,
1914 2679 2099 2734 edens

2224 2686 2346 2754 ξῆς.
2408 2710 2436 2737 (ι
2497 2685 2657 2758 Ὑπὲρ
2715 2683 2778 2739 οὗ
2836 2683 2946 2759 ἐγὼ
3003 2683 3333 2763 εὐχαριστῶ.
3370 2709 3399 2735 »ι
3452 2687 3618 2760 Ἐγὼ,
3672 2683 3841 2762 cacis,

450 2770 669 2842 gratias
693 2786 801 2837 ago
832 2786 939 2840 pro
974 2770 1075 2824 Dei
1105 2770 1314 2839 gratia,
1334 2785 1467 2840 quae
1506 2768 1653 2823 mihi
1695 2768 1963 2823 animum
1994 2767 2101 2821 tri—

2224 2772 2337 2846 ιπὲρ
2362 2777 2459 2827 τοῦ
2490 2773 2678 2848 χάριτι
2726 2776 2859 2828 Θεοῦ
2919 2793 3015 2845 μοι
3077 2773 3176 2842 τὴν
3246 2774 3433 2848 ψυχὴν
3492 2773 3702 2847 ὑψηλὴν
3750 2773 3834 2825 καὶ

452 2856 582 2912 buit
612 2857 930 2912 sublimem
967 2862 1025 2913 et
1080 2857 1482 2929 impollutam.
1542 2858 1860 2927 Propterea
1908 2855 2098 2909 dicit:

2224 2865 2516 2938 ίμόλυντον
2548 2866 2839 2940 ὑπάρχειν,
2900 2865 3211 2942 εὐχαριστῷ
3267 2864 3484 2923 ἐσθίων.
3536 2867 3626 2920 Διὰ
3674 2867 3814 2915 τοῦτο

455 2968 484 2995 ι(
516 2946 889 3017 Participans
906 2946 1128 3018 gratias
1147 2962 1276 3019 ago.
1292 2968 1320 2996 ››
1341 2949 1455 3000 Cur
1471 2960 1607 3017 ergo
1632 2944 1706 3000 ob
1737 2944 1798 2998 id
1845 2960 1952 3016 pro
1983 2960 2100 3014 quo

2224 2955 2379 3029 ίέγειο
2416 2978 2444 3006 κ
2470 2953 2733 3029 Μετέχων
2803 2954 3136 3028 εὐχαριστῶ.
3174 2978 3194 3004 ι
3255 2956 3412 3009 Διατί
3463 2954 3541 3008 οὗν
3583 2952 3701 3025 ὑπὲρ
3745 2947 3802 3002 οὗ

455 3051 563 3107 ego
591 3036 810 3108 gratias
842 3052 971 3108 ago,
1000 3035 1112 3091 hoc
1144 3041 1252 3104 est,
1285 3052 1392 3107 pro
1420 3035 1610 3106 gratia
1640 3034 1762 3097 Dei,
1797 3050 1832 3089 a
1886 3031 2102 3088 Gracis

2224 3044 2316 3119 ιγὼ
2372 3042 2704 3118 εὐχαριστῶ,
2759 3044 3035 3098 τοῦτέστιν
3105 3040 3239 3117 ὅπερ
3295 3050 3399 3112 τῆς
3476 3042 3675 3117 χάριτος
3721 3040 3809 3093 τοῦ

455 3125 601 3180 mihi
626 3124 1241 3181 maledicitur.Dicent
1255 3127 1415 3181 enim
1436 3124 1728 3196 quosdam
1748 3124 2105 3195 impostores

458 3232 568 3270 nos
587 3232 716 3272 esse
738 3220 797 3270 et
817 3215 1156 3280 mendaces,
1190 3216 1293 3287 qui
1309 3214 1467 3270 idola
1479 3214 1721 3286 quidem
1742 3229 2102 3277 aversemur,

459 3310 520 3360 at
542 3306 767 3360 mensis
825 3322 957 3375 quae
1010 3305 1093 3359 ibi
1135 3310 1512 3376 exponuntur
1568 3303 2099 3360 communicemus.

462 3415 491 3442 ‹‹
523 3394 651 3447 Sive
681 3409 818 3465 ergo
849 3393 1047 3448 editis.
1084 3415 1113 3443 »
1145 3397 1250 3460 Ita,
1292 3394 1509 3464 inquit,
1568 3394 1765 3449 omnia
1816 3392 2013 3459 facite,
2046 3395 2111 3445 ut

462 3482 838 3537 occasionem
869 3480 1243 3552 gloriﬁcandi
1274 3484 1461 3537 Deum
1518 3482 1857 3554 praebeatis,
1918 3486 1987 3535 ut
2042 3494 2114 3534 ea

463 3586 594 3641 quas
626 3585 786 3626 nunc
817 3569 971 3624 fiunt
997 3586 1119 3626 una
1148 3586 1282 3625 cum
1312 3571 1640 3643 ignominia
1667 3575 1727 3624 et
1757 3567 2110 3624 inﬁdelitate

462 3674 569 3730 per
597 3656 778 3714 ﬁdem
808 3659 1216 3725 conferantur,
1251 3659 1406 3714 sicut
1431 3658 1654 3714 dictum
1685 3662 1794 3713 est.

536 3747 683 3804 521
722 3750 795 3812 X,
826 3749 915 3809 32,
945 3748 1048 3814 33;
1080 3747 1183 3812 ΧΙ,
1217 3749 1268 3805 1.
1302 3770 1331 3797 ‹‹
1363 3747 1499 3803 Sitis
1521 3746 1755 3801 nullum
1778 3745 2114 3818 prmbentes

468 3858 497 3887 ‹‹
523 3835 973 3904 offendiculum,
998 3852 1192 3908 neque
1223 3836 1462 3903 Judaais,
1496 3851 1688 3907 neque
1720 3835 1958 3906 Graecis,
2001 3851 2113 3889 ne-

467 3945 496 3975 ι(
528 3941 641 3995 que
672 3925 951 3981 Ecclesiae
982 3926 1103 3997 Dei,
1137 3925 1641 3997 quemadmodum
1670 3941 1775 3999 ego
1819 3941 1926 3997 per
1984 3941 2114 3980 om-

472 4032 493 4061 ι
525 4014 627 4069 nia
656 4013 934 4069 omnibus
971 4013 1177 4086 placeo
1209 4031 1331 4071 non
1363 4031 1638 4087 quaerens
1678 4031 1875 4070 meam
1928 4014 2117 4085 ipsius

465 4126 491 4153 ‹‹
524 4103 868 4172 utilitatem,
902 4104 1006 4159 sed
1037 4104 1386 4172 multorum,
1419 4110 1487 4160 ut
1516 4104 1657 4161 salvi
1685 4105 1851 4161 ﬁant.
1912 4104 2116 4158 Imita-

464 4215 492 4242 α
526 4198 685 4247 tores
713 4193 831 4248 mei
863 4197 1072 4261 estote,
1104 4193 1259 4249 sicut
1291 4197 1351 4248 et
1381 4209 1485 4266 ego
1517 4193 1756 4248 Christi.
1793 4214 1822 4242 »

536 4304 563 4331 ‹‹
591 4281 828 4336 Nullum
860 4282 1194 4353 praebentes
1256 4281 1706 4337 offendiculum.
1760 4303 1787 4331 »
1837 4282 1957 4336 Hoc
2005 4287 2113 4345 est,

465 4370 693 4425 nullam
708 4372 986 4442 cuiquam
1002 4370 1335 4442 praebentes
1348 4370 1721 4442 vituperandi
1736 4371 2112 4426 occasionem.

464 4459 592 4514 Fiet
610 4465 809 4515 autem
829 4460 941 4515 hoc
960 4458 1009 4514 si
1032 4475 1227 4530 neque
1250 4457 1685 4530 Judaao,neque
1707 4460 1906 4514 Graeco
1931 4457 2117 4513 simus

467 4550 850 4618 oﬂ‘endiculo,
882 4565 1076 4620 neque
1106 4548 1352 4604 omnino
1379 4548 1686 4616 fratribus,
1718 4564 1858 4604 nam
1898 4549 1948 4603 si
1980 4554 2120 4604 sunt

2207 3136 2361 3202 Θεοῦ,
2424 3133 2529 3187 ἀπὸ
2584 3136 2693 3186 τῶν
2753 3129 3042 3202 Ἐλλήνων
3109 3129 3595 3211 βλασφημοῦμαι;
3646 3130 3823 3202 Egebat

2133 3260 2176 3327 Β
2213 3225 2319 3301 γάρ
2353 3222 2579 3298 εἴρωνάς
2604 3245 2754 3285 τινας
2793 3224 2882 3279 καὶ
2943 3221 3334 3299 ψευδολόγους,
3382 3224 3448 3278 τὰ
3500 3225 3597 3297 μὶν
3657 3218 3837 3277 εὶόωλα

2218 3312 2243 3333 κ

2214 3312 2374 3385 δῆθεν
2405 3313 2923 3391 ἀπεστρεφομένους,
2972 3318 3361 3376 κοινωνοῦντας
3416 3311 3474 3368 δὲ
3528 3313 3639 3368 τῶν
3691 3310 3839 3366 ἐκεῖσε

2206 3407 2562 3477 τραπεζῶν.‹‹
2596 3400 2722 3458 Εἴτε
2769 3402 2859 3457 οὗν
2914 3401 3132 3461 ἐσθίετε.
3168 3426 3196 3453 »
3253 3403 3461 3474 Οὕτως,
3519 3402 3678 3478 φησὶ,
3725 3399 3846 3454 πάν-

2207 3514 2273 3547 τα
2304 3492 2589 3567 πράττετε,
2613 3490 2706 3546 ’ίνα
2760 3496 2858 3547 τοῦ
2920 3489 3233 3562 δοξάζεσθαι
3289 3492 3383 3547 τὸν
3418 3493 3551 3547 Θεὸν
3608 3489 3847 3568 ἀφορμάς

2207 3580 2515 3659 παρέχητε,
2575 3582 2649 3644 ὡς
2706 3582 2773 3637 τά
2808 3603 2869 3658 γε
2926 3586 3016 3636 νῦν
3076 3582 3350 3659 γινόμενα,
3407 3582 3500 3637 καὶ
3554 3579 3745 3651 ἀδοξία
3789 3578 3849 3650 τῇ

2211 3672 2392 3726 πίστει
2423 3665 2833 3745 προστρίϐεται,
2864 3672 3045 3734 καθὼς
3077 3669 3314 3748 εἴρηται,

2222 3796 2225 3797 ν
2281 3761 2651 3835 Ἀπρόσκοποι
2719 3759 2932 3836 γίνεσθε
2986 3760 3076 3815 καὶ
3165 3758 3474 3829 Ἰουδαίοις,
3553 3761 3648 3814 καὶ
3729 3755 3847 3813 Ἕλ-

2213 3848 2371 3922 λησι,
2425 3851 2518 3906 καὶ
2575 3854 2643 3925 τῇ
2710 3848 3019 3923 Ἐκκλησία
3071 3854 3169 3906 τοῦ
3225 3854 3379 3920 Θεοῦ,
3465 3851 3651 3913 καθὼς
3716 3847 3851 3924 κάγὼ

2212 3940 2389 3995 πάντα
2417 3946 2576 3995 πᾶσιν
2635 3938 2867 4014 ἀρέσκω,
2934 3941 3009 4013 μὴ
3073 3943 3251 4009 ζητῶν
3307 3941 3372 3995 τὸ
3428 3938 3672 4014 ἐμαυτοῦ
3728 3959 3850 4009 συμ·

2213 4028 2395 4109 φέρον,
2456 4026 2606 4084 ἄλλα
2655 4034 2764 4083 τῶν
2823 4027 3076 4097 πολλῶν,
3134 4028 3225 4083 ἳνα
3283 4030 3520 4084 σωθῶσι.
3609 4024 3855 4102 Μιμηταί

2219 4139 2325 4193 μου
2349 4118 2574 4195 γίνεσθε,
2605 4118 2786 4183 καθὼς
2817 4117 2973 4193 κᾶγὼ
3005 4122 3257 4191 Χριστοῦ.

2295 4302 2315 4329 ι
2352 4279 2746 4353 ’Λπρόσκοποι,
2776 4302 2805 4330 ››
2852 4277 3123 4348 τουτέστι,
3187 4276 3460 4353 μηδεμίαν
3514 4275 3712 4351 μηδενῖ
3764 4276 3850 4347 ἐτό-

2214 4392 2315 4446 γου
2381 4369 2714 4448 παρέχοντες
2772 4370 3051 4446 ἀφορμήν.
3139 4371 3325 4426 Ἔσται
3385 4368 3443 4425 δὲ
3506 4373 3704 4436 τοῦτο,
3780 4367 3852 4421 ἐὰν

2222 4462 2361 4535 μήτε
2389 4457 2656 4529 Ἕλληνα,
2695 4461 2836 4531 μήτε
2885 4456 3149 4517 Ἰουδαῖον
3208 4457 3681 4531 σκανδαλίσωμεν,
3736 4459 3850 4529 μήτε

2226 4552 2332 4623 μὴν
2360 4550 2488 4610 τοὺς
2520 4545 2807 4626 ἀδελφούς.
2837 4545 3005 4605 Οὗτοι
3034 4548 3139 4622 γὰρ
3169 4549 3204 4617 ἡ
3238 4546 3540 4618 Ἐκκλησία
3565 4552 3663 4602 τοῦ
3718 4547 3846 4601 Θεοῦ.

472 4638 735 4693 Ecclesia
768 4639 887 4695 Dei.
922 4637 1249 4693 Considera
1287 4653 1422 4691 vero
1453 4637 1612 4708 quod
1641 4643 1942 4708 postremo
1985 4638 2115 4692 loco

2224 4638 2363 4712 ’Όρα
2393 4634 2450 4692 δὲ
2469 4638 2531 4692 τὸ
2567 4623 2772 4711 μεῖζον,
2803 4631 3037 4711 ἔσχατον
3092 4637 3233 4694 εἷπε,
3290 4636 3386 4690 Καὶ
3437 4637 3540 4711 γάρ
3597 4636 3695 4691 καὶ
3747 4633 3844 4689 τοὺς

469 4726 737 4796 posuerit
764 4726 823 4781 id
854 4726 1012 4798 quod
1043 4727 1239 4798 majus
1271 4732 1378 4781 est.
1416 4726 1718 4798 Siquidem
1756 4726 1905 4781 alios
1932 4726 2111 4782 etiam

470 4813 745 4867 convenit
775 4814 847 4868 ad
880 4814 1056 4870 fidem
1087 4815 1406 4883 attrahere,
1441 4820 1500 4869 et
1529 4830 1653 4870 non
1683 4831 1786 4870 eos
1843 4813 1942 4884 qui
1985 4813 2115 4885 jam

468 4901 683 4956 fratres
715 4908 852 4956 sunt
880 4904 1207 4974 impellere.
1224 4904 1323 4958 His
1339 4909 1538 4958 autem
1560 4903 1753 4959 verbis
1776 4919 1985 4958 omnes
2010 4902 2117 4958 de-

471 4988 665 5063 signat
696 4990 797 5061 qui
828 5007 898 5046 ex
949 5007 1016 5047 eo
1077 4991 1536 5048 oﬂ‘endebantur
1581 4992 1741 5062 quod
1791 4991 2121 5064 idolothyta

470 5077 735 5134 ederent.
774 5101 802 5131 α
833 5080 1345 5146 Quemadmodum
1377 5098 1504 5153 ego.
1539 5102 1568 5132 »
1592 5080 1813 5136 Deinde
1835 5080 1977 5152 quia
1991 5095 2119 5135 rem

468 5172 836 5241 praeceperat
856 5168 1182 5236 difﬁcilem,
1200 5186 1334 5226 reos
1353 5170 1516 5226 enim
1546 5169 1770 5226 fecerat
1794 5169 1996 5226 damni
2016 5170 2119 5225 Ju-

471 5257 738 5315 daaorum
769 5275 837 5315 ac
869 5259 1227 5328 Graecorum,
1259 5258 1523 5330 seipsum
1550 5259 1751 5330 posuit
1806 5258 1868 5313 in
1922 5274 2121 5315 exem-

472 5346 659 5417 plum,
693 5346 959 5404 efﬁciens
990 5363 1097 5420 per
1112 5347 1226 5402 hoc
1245 5352 1313 5403 ut
1333 5363 1529 5403 sermo
1545 5346 1717 5403 facile
1743 5347 2120 5419 suscipiatur.

470 5460 496 5484 «ι
534 5437 649 5491 Per
678 5438 882 5493 omnia
912 5436 1190 5493 omnibus
1215 5435 1442 5507 placeo.
1491 5456 1521 5486 »
1580 5438 1662 5491 Ac
1720 5437 1768 5490 si
1828 5435 2076 5491 dixisset
2107 5452 2121 5489 :

477 5522 767 5580 Omnibus
799 5527 872 5581 ad
901 5526 1106 5581 omnia
1130 5525 1375 5596 placeo;
1410 5524 1571 5596 quod
1634 5524 1814 5579 etiam
1865 5523 2015 5579 dixit
2061 5523 2124 5578 in

477 5613 885 5679 superioribus
919 5631 933 5670 :
969 5613 1256 5669 Omnibus
1289 5613 1491 5670 omnia
1516 5612 1708 5669 factus
1739 5628 1870 5668 sum
1902 5617 1969 5668 ut
1996 5629 2122 5668 om-

478 5699 622 5752 nino
654 5699 886 5771 aliquos
922 5701 1116 5757 salvos
1141 5700 1376 5758 faciam.
1409 5724 1438 5751 ι(
1473 5703 1601 5756 Non
1632 5717 1907 5772 quaerens
1929 5717 2124 5756 meam

2224 4723 2433 4789 ἄλλους
2491 4724 2806 4801 ἐφέλκεσθαι
2864 4727 3130 4801 προσήκει
3188 4725 3325 4799 πρὸς
3383 4725 3485 4794 τὴν
3544 4726 3747 4791 πίστιν,
3797 4719 3846 4773 οὗ

2230 4815 2305 4888 μή
2336 4814 2428 4869 καὶ
2455 4814 2582 4879 τοὺς
2609 4811 2883 4893 ἀδελφοὺς
2915 4811 3154 4871 διώκειν.
3199 4813 3469 4886 Σημαίνει
3527 4810 3585 4868 δὲ
3629 4813 3686 4868 ἐκ
3740 4808 3849 4863 τού·

2223 4923 2332 4957 των
2366 4906 2472 4957 τῶν
2533 4902 2795 4978 ῥημάτων
2843 4903 3045 4964 πάντας
3092 4898 3615 4975 σκανδαλιζομένους
3660 4901 3722 4955 ἐκ
3763 4898 3847 4950 τοῦ

2227 4992 2424 5055 ἐσθίειν
2485 4990 2688 5054 αὐτοὺς
2747 4990 3101 5050 εἰδωλόθυτα,
3167 5014 3189 5042 ε
3253 4992 3441 5053 Καθὼς
3523 4992 3675 5068 κάγὼ
3739 4990 3851 5061 Χῖον

2230 5084 2378 5138 στοῦ.
2410 5104 2439 5133 »
2471 5081 2609 5137 Εἶτα
2658 5077 2847 5150 ἐπειδὴ
2908 5078 3172 5157 δυσχερὲς
3226 5079 3473 5150 ἐπέταξεν
3529 5077 3849 5153 (ὑπευθόνους

2229 5171 2331 5246 γὰρ
2363 5167 2563 5231 αὐτοὺς
2603 5168 2825 5240 ἐποίησε
2880 5169 2972 5225 καὶ
3028 5177 3129 5239 τῆς
3184 5166 3460 5225 Ἰουδαίων
3527 5169 3616 5225 καὶ
3673 5163 3853 5232 Ἐλλήα

2230 5280 2337 5313 νων
2392 5251 2648 5332 βκάϐης),
2708 5258 2897 5313 ὲαυτὸν
2955 5258 3031 5320 εἰς
3084 5255 3437 5335 παράδειγμα
3490 5259 3740 5322 τέθεικεν,
3787 5249 3854 5305 εὖ·

2234 5343 2567 5421 παράδεκτον
2597 5346 2767 5420 ταύτῃ
2801 5346 3212 5415 κατασκευάζων
3256 5345 3348 5400 τὸν
3405 5342 3597 5421 λόγον.
3647 5371 3675 5396 σι
3707 5344 3855 5400 Πάντα

2232 5441 2394 5492 πᾶσιν
2454 5435 2717 5509 ἀρέσκων.
2764 5460 2793 5488 ››
2865 5437 2954 5499 Ὠς
3013 5435 3058 5490 εἰ
3117 5435 3290 5489 εἶπεν*
3348 5434 3443 5495 Εἷς
3502 5435 3671 5489 πάντα
3721 5434 3855 5486 πᾶσιν

2233 5521 2465 5598 ἀρέσκω*
2503 5523 2636 5597 ὅπερ
2666 5523 2757 5578 καὶ
2800 5521 2914 5578 ἅνω
2971 5521 3146 5598 ἔλεγε’
3210 5524 3343 5583 Τοῖς
3394 5526 3525 5577 πᾶσι
3573 5520 3755 5596 γέγονα
3801 5514 3855 5569 τὰ

2235 5610 2428 5680 πάντα,
2483 5608 2577 5667 ’ίνα
2634 5613 2851 5676 πάντως
2898 5611 3046 5673 τινὰς
3103 5610 3288 5667 σώσω.
3347 5634 3377 5664 ι(
3442 5612 3531 5680 Μή
3591 5612 3755 5680 ζητῶν
3799 5602 3849 5658 τὸ

2237 5700 2501 5773 ἐμαυτοῦ.
2539 5723 2567 5753 ››
2598 5701 2686 5765 Ὠς
2716 5702 2842 5757 ὅταν
2881 5699 3085 5777 ἔλεγενο
3145 5723 3174 5752 «
3207 5699 3482 5777 Ηῦχόμην
3527 5699 3753 5771 ἀνάθεμα
3792 5691 3854 5746 εί-
