4068 6254
400 416 536 475 ’793

1377 413 1794 476 COMMENT.
1841 413 1926 472 IN
1973 409 2228 471 EPIST.
2275 411 2299 470 Ι
2345 412 2446 470 ΑΙ)
2491 408 2856 471 CORINTH.

3699 400 3820 457 794

405 568 503 602 ναι
535 548 640 602 ἂπὸ
697 551 794 602 τοῦ
851 551 1098 621 Χριστοῦ
1158 547 1289 620 ὑπὲρ
1345 550 1452 601 τῶν
1507 543 1758 622 ἀδελφῶν
1812 564 1916 618 μου
1974 543 2054 598 καῖ

2176 543 2360 614 ipsius
2383 545 2722 600 utilitatem.
2751 565 2778 593 »
2811 541 3004 597 Veluti
3035 555 3168 596 cum
3199 537 3470 593 dicebat:
3505 559 3530 586 ‹‹
3557 534 3819 607 Optarim

401 642 522 692 τῶν
552 639 820 712 συγγενῶν
871 655 998 708 μου.
1034 659 1062 687 ››
1126 639 1303 692 Τοῦτο
1353 635 1457 710 γὰρ
1512 637 1746 708 μίμησις
1803 637 2068 708 Χριστοῦ.

401 729 478 782 τὸ
508 727 585 800 μὴ
619 726 830 795 ἑαυτοῦ,
856 723 1002 780 ἀλλὰ
1039 729 1146 779 τῶν
1200 723 1439 795 πλησίον
1493 722 1771 794 κήδεσθαι.
1811 749 1831 774 ι
1893 721 2072 779 Ἀλλᾶ

406 817 481 871 τὸ
512 820 620 871 τῶν
661 813 910 871 πολλῶν.
944 838 974 866 ››
1006 848 1073 856 -
1103 816 1317 887 ίΦΩΤ.]
1349 815 1423 869 Τὸ
1453 818 1560 868 τῶν
1616 812 1864 882 πολλῶν,
1913 811 2068 889 φησὶ,

404 904 712 982 συμφέρον,
742 901 883 976 ἤπερ
926 906 988 957 τὸ
1045 902 1303 976 ἐμαυτοῦ.
1366 899 1588 972 Ἐπειδή
1649 901 1785 957 ἔνιοι
1845 905 2066 972 ζητοῦσι

409 995 515 1068 μὲν
545 994 608 1049 τὸ
635 997 743 1048 τῶν
775 990 1023 1061 πολλῶν,
1071 991 1236 1047 ἄλλοι
1294 993 1388 1066 μὲν
1440 990 1528 1046 ἳνα
1583 989 1918 1062 κερδήσωσιν
1970 988 2068 1043 αῦ-

395 1089 522 1139 τῶν
549 1086 648 1153 τήν
678 1079 888 1138 εῦνοιαν
921 1082 1008 1136 ἐπί
1053 1082 1117 1136 τὸ
1171 1087 1320 1160 σφῖσι
1381 1080 1698 1137 λυσιτελοῦν
1759 1082 1816 1134 οἱ
1874 1077 1930 1134 δὲ
1979 1077 2067 1132 ’ἱνα

397 1173 542 1244 παρ’
583 1170 756 1226 αὐτῶν
820 1171 1188 1242 ἐπαινεθῶσιν,
1243 1170 1294 1224 οἱ
1346 1166 1403 1223 δὲ
1445 1167 1539 1224 ’ίνα
1569 1167 1744 1224 ἄλλου
1772 1169 1919 1230 τινὸς
1945 1167 2065 1222 ἐπι-

399 1259 625 1335 τύχωσι
683 1258 960 1325 τοιούτου,
1013 1257 1175 1319 αὐτὸς
1252 1255 1516 1312 δείκνυσιν
1577 1255 1658 1336 ἐφ’
1713 1255 1823 1330 ὅτῳ
1881 1255 2066 1318 αὐτοῖς

400 1345 739 1403 ἐσπούδασεν
768 1347 1032 1421 ἀρέσκειν,
1059 1348 1151 1401 καὶ
1195 1367 1380 1423 φησιν,
1439 1345 1523 1400 ὅτι
1580 1345 1667 1400 ἐπὶ
1723 1346 1785 1401 τὸ
1842 1343 2066 1407 ἐκείνοις

401 1438 687 1512 συμφέρον
717 1436 806 1490 καὶ
854 1437 969 1513 οὐχ
1026 1435 1216 1497 ἁπλῶς
1277 1433 1574 1514 συμφέρον,
1605 1433 1733 1490 ἀλλ’
1785 1431 1864 1490 ἓτι
1900 1435 2064 1510 σαφὲ-

399 1547 622 1603 στερον,
647 1525 742 1581 ’ἶνα
765 1527 1005 1594 σωθῶσι,
1035 1524 1193 1600 φησί.

1052 1804 1310 1859 nec“.
1359 1802 1420 1870 ξ.

2180 635 2498 690 anathema
2528 651 2656 689 esse
2686 650 2720 687 a
2740 632 2970 687 Christo
3001 646 3107 702 pro
3139 627 3422 682 fratribus
3462 626 3610 680 meis
3639 629 3696 679 et
3722 641 3819 679 co-

2178 724 2371 793 gnatis
2404 724 2550 778 meis
2582 723 2647 778 ³⁷.
2682 745 2710 773 ››
2752 726 2872 776 Hoc
2903 725 3102 775 autem
3135 716 3348 770 Christi
3407 713 3658 769 imitatio
3709 716 3820 781 est,

2178 831 2298 869 non
2322 830 2586 885 quaerere
2605 829 2804 868 meum
2827 807 3229 870 commodum,
3257 805 3360 860 sed
3378 803 3659 876 proximis
3682 818 3820 873 pro-

2175 901 2396 968 videre,
2436 925 2462 954 ι
2492 902 2602 956 Sed
2634 901 2980 956 multorum.
3013 920 3040 949 »
3076 897 3412 962 Multorum,
3437 892 3821 963 inquit,com-

2178 991 2420 1045 modum
2447 991 2632 1058 magis
2655 1007 2877 1062 quaero,
2903 1004 3077 1059 quam
3102 982 3820 1054 meum.Quandoquidem

2176 1087 2452 1141 nonnulli
2477 1087 2798 1141 multorum
2824 1089 3098 1157 quaerunt
3117 1083 3495 1138 commodum
3546 1081 3647 1136 alii
3677 1097 3818 1135 sane

2175 1181 2240 1230 ut
2268 1176 2508 1231 illorum
2567 1176 2942 1232 lucrifaciant
2990 1172 3485 1238 benevolentiam,
3518 1171 3580 1224 in
3612 1170 3723 1224 hoc
3754 1175 3819 1224 ut

2175 1266 2288 1320 sibi
2317 1268 2550 1337 prosint
2581 1284 2593 1321 :
2627 1265 2870 1336 quidam
2901 1281 3034 1319 vero
3090 1269 3156 1318 ut
3206 1262 3277 1316 ab
3335 1262 3419 1315 eis
3474 1259 3813 1329 laudentur,

2174 1355 2275 1411 alii
2308 1361 2371 1410 ut
2402 1355 2565 1410 aliud
2597 1355 2902 1426 quidpiam
2936 1353 3132 1408 simile
3159 1352 3232 1407 ab
3265 1351 3349 1406 eis
3379 1355 3810 1420 assequantur:

2173 1444 2434 1500 ostendit
2463 1445 2589 1516 ipse
2617 1443 2693 1499 ad
2724 1443 2868 1514 quid
2897 1443 3018 1497 illis
3048 1441 3282 1514 placere
3315 1439 3624 1504 studuerit,
3647 1445 3706 1494 et
3733 1439 3817 1493 ait

2172 1533 2330 1605 quod
2361 1532 2436 1587 ob
2468 1532 2847 1588 commodum
2881 1533 3145 1602 ipsorum
3175 1548 3189 1596 ;
3240 1545 3351 1584 nec
3398 1529 3812 1599 qualecunque

2171 1621 2568 1693 commodum,
2595 1621 2698 1677 sed
2729 1620 3104 1676 manifestius
3135 1619 3328 1675 adhuc
3359 1623 3424 1673 ut
3471 1615 3616 1672 salvi
3649 1617 3815 1687 ﬁant,

2171 1711 2386 1782 inquit.

2729 1827 2882 1882 522
2922 1825 3153 1882 CAPUT
3196 1827 3261 1880 VI

389 1921 538 1996 Περὶ
621 1921 932 1998 σχίσματος
1013 1915 1218 2008 ἀνδρῶν
1295 1918 1386 2011 καὶ
1444 1921 1710 1992 γυναικῶν
1768 1915 1819 1970 ἐν
1869 1917 2054 1991 εὐχαῖς

2170 1943 2239 1998 De
2268 1941 2498 1998 dissidio
2539 1945 2785 1998 virorum
2815 1958 2878 1998 ac
2906 1941 3202 1996 mulierum
3232 1940 3292 1995 in
3317 1938 3730 2011 precationibus
3759 1943 3810 1991 ct

977 1989 1068 2044 καὶ
1100 1988 1481 2066 προφητείαις.

472 2111 718 2166 Ἐπαινῶ
812 2105 868 2161 δὲ
955 2107 1118 2179 ὑμᾶς,
1194 2103 1443 2182 ἀδελφοὶ,
1522 2106 1606 2160 ὅτι
1679 2105 1848 2161 πάντα
1953 2126 2059 2179 μου

391 2199 687 2271 μέμνησθε
722 2241 735 2265 ,
803 2197 895 2251 καὶ
951 2196 1130 2255 καθὼς
1189 2193 1484 2270 παρέδωκα
1539 2196 1666 2266 ὑμῖν
1725 2195 1821 2256 τὰς
1881 2215 2058 2268 παρα-

394 2286 586 2349 δόσεις
644 2287 906 2360 κατὲχετε
940 2329 954 2342 .
1009 2283 1162 2340 Θέλω
1231 2281 1288 2338 δὲ
1347 2283 1485 2358 ὑμᾶς
1543 2281 1734 2338 εἰδέναι
1794 2282 1875 2339 ὅτι
1934 2305 2055 2338 παν-

392 2376 496 2437 τὸς
557 2372 752 2451 ἀνδρὸς
813 2377 846 2442 ἡ
898 2371 1110 2449 κεφαλή
1160 2373 1188 2427 6
1238 2373 1470 2447 Χριστὸς
1526 2371 1657 2430 ἐστι.
1718 2371 1941 2451 Κεφαλὴ
2002 2369 2058 2426 δὲ

391 2467 657 2544 γυναικὸς
690 2467 718 2520 6
771 2466 931 2539 ἀνήρ.
985 2463 1205 2541 Κεφαλή
1268 2461 1325 2518 δὶ
1383 2465 1618 2538 Χριστοῦ
1672 2464 1699 2517 6
1735 2471 1886 2526 Θεὸς.
1949 2468 2055 2524 Πᾶς

402 2555 549 2628 ἀνὴρ
607 2554 1046 2629 προσετχόμενος
1106 2553 1141 2622 ἢ
1205 2553 1564 2629 προφητευὼν
1619 2553 1754 2606 κατᾶ
1810 2552 2054 2627 κεφαλῆς

411 2641 593 2717 ἔχων,
671 2643 1014 2718 καταισχύνει
1094 2644 1192 2711 τὴν
1286 2640 1529 2721 κεφαλὴν
1630 2641 1817 2699 αὐτοῦ.
1906 2644 2055 2698 Πᾶσα

418 2729 480 2785 δὲ
551 2732 684 2807 γυνή
761 2730 1174 2807 προσευχομένη
1386 2731 1809 2809 προφητεύουσα
1923 2731 2058 2785 ἀκα-

414 2818 739 2892 τακαλύπτῳ
791 2822 859 2892 τῇ
916 2819 1150 2900 κεφαλῇ,
1210 2821 1561 2896 καταισχύνει
1639 2822 1738 2889 τὴν
1812 2820 2056 2900 κεφαλὴν

403 2909 598 2978 αὐτῆς.
630 2910 721 2966 Ἔν
749 2910 850 2986 γὰρ
883 2909 994 2964 ἐστι
1033 2910 1123 2964 καὶ
1154 2911 1215 2964 τὸ
1246 2908 1376 2964 αὐτὸ
1404 2913 1474 2974 τῇ
1506 2909 1823 2984 ἐξυρημένῃ.

473 2999 758 3074 Μέμφεται
835 2999 1018 3060 αὐτοῖς
1070 2998 1153 3053 ὅτι
1209 3000 1263 3054 αἱ
1327 2999 1422 3072 μὲν
1470 3003 1740 3075 γυναῖκες,
1797 2998 2057 3054 ἀκατακα-

399 3087 600 3158 λύπτῳ
657 3090 725 3160 τῇ
777 3085 990 3165 κεφαλῇ
1047 3087 1135 3141 καὶ
1198 3083 1442 3165 ηὔχοντο
1495 3086 1583 3140 καὶ
1633 3085 2054 3163 ἐπροεφήτευον.

395 3176 468 3232 Οἱ
528 3172 585 3230 δὲ
642 3173 831 3250 ἄνδρες
876 3175 966 3230 καὶ
1042 3174 1256 3249 ἒκόμων
1293 3219 1306 3243 ,
1375 3175 1464 3229 καὶ
1510 3174 2055 3248 κατακεκαλυμμένοι

2819 2013 3151 2084 prophetiis.

2235 2131 2330 2199 XI,
2356 2134 2475 2185 2-2.
2511 2154 2538 2180 «
2565 2129 2848 2186 Collaudo
2882 2136 3082 2186 autem
3114 2129 3474 2196 vos,fratres,
3501 2127 3658 2199 quod
3683 2144 3812 2182 om-

2168 2241 2195 2268 «
2229 2221 2391 2274 nium
2409 2238 2539 2291 qua
2560 2238 2691 2276 mea
2711 2227 2850 2277 sunt
2871 2238 3166 2276 memores
3189 2217 3818 2290 sitis.et,quemadmo-

2166 2331 2192 2359 ‹‹
2229 2309 2366 2363 dum
2391 2311 2599 2365 tradidi
2628 2311 2804 2375 vobis,
2833 2311 3106 2365 instituta
3129 2310 3391 2364 servetis.
3417 2307 3528 2363 Sed
3553 2308 3680 2363 volo
3711 2324 3812 2362 vos

2168 2419 2196 2446 ‹‹
2230 2399 2380 2451 scire
2403 2399 2559 2468 quod
2582 2399 2776 2453 omnis
2799 2399 2905 2452 viri
2932 2404 3110 2469 caput
3161 2398 3430 2452 Christus
3473 2402 3582 2464 est,
3636 2402 3812 2468 caput

2166 2509 2192 2535 ι(
2227 2492 2427 2541 autem
2451 2487 2720 2542 mulieris
2742 2488 3033 2558 vir,caput
3045 2503 3176 2541 vero
3192 2486 3407 2541 Christi
3423 2487 3810 2541 Deus.0mnis

2168 2597 2192 2627 α
2226 2576 2314 2629 vir
2335 2592 2513 2631 orans
2535 2581 2637 2631 aut
2653 2577 3014 2648 prophetans
3037 2574 3264 2630 habens
3288 2574 3593 2645 quidpiam
3610 2575 3671 2628 in
3720 2591 3810 2629 ca-

2167 2684 2192 2716 ι
2227 2664 2591 2735 pite,probro
2614 2665 2801 2720 afﬁcit
2817 2672 2994 2736 caput
3015 2663 3420 2720 suum.0mnis
3439 2679 3572 2717 vero
3596 2663 3810 2717 mulier

2167 2774 2195 2804 ‹‹
2227 2770 2403 2808 orans
2417 2760 2513 2808 aut
2530 2755 2892 2826 prophetans
2906 2770 3026 2808 non
3043 2759 3246 2824 operto
3263 2752 3473 2823 capite,
3483 2751 3706 2823 pudore
3719 2751 3782 2806 af
3787 2783 3808 2794 -

2164 2865 2190 2892 «
2227 2844 2350 2897 ﬁcit
2379 2850 2558 2916 caput
2583 2861 2792 2900 suum:
2825 2861 2956 2899 nam
2983 2860 3167 2898 unum
3182 2841 3508 2898 estetidem
3525 2858 3590 2896 ac
3605 2841 3653 2894 si
3679 2857 3812 2896 rasa

2167 2953 2194 2981 «
2229 2937 2404 2988 esset.
2441 2956 2469 2982 ››

2239 3024 2492 3076 Accusat
2532 3039 2633 3077 eos
2661 3022 2819 3092 quod
2849 3021 3132 3076 mulieres
3163 3021 3403 3092 quidem
3438 3022 3629 3091 capite
3691 3036 3808 3074 non

2163 3117 2366 3180 operto
2385 3111 2633 3166 orabant
2656 3128 2722 3165 ac
2745 3109 3180 3181 prophetabant
3204 3127 3216 3162 :
3241 3110 3348 3163 viri
3373 3114 3571 3164 autem
3594 3109 3810 3163 comati

2163 3205 2350 3265 erant,
2377 3205 2435 3253 et
2455 3201 2644 3270 capite
2668 3204 2837 3254 erant
2861 3204 3064 3270 operto
3089 3199 3150 3252 in
3173 3197 3512 3269 precatione
3558 3213 3625 3252 ac
3669 3213 3808 3266 pro-

392 3264 538 3333 ἦσαν
575 3267 676 3335 τήν
730 3263 998 3342 κεφαλὴν,
1033 3263 1084 3318 ἐν
1133 3268 1202 3338 τῇ
1253 3263 1392 3338 εὐχῇ
1424 3263 1514 3318 καὶ
1564 3265 1890 3342 προφητείᾳ,
1941 3265 2054 3319 am-

2170 3291 2696 3362 phetia.Quwsane
2717 3290 3054 3344 Graecorum
3089 3304 3284 3343 mores
3327 3293 3516 3344 erant.
3541 3286 3812 3341 Insinuat

391 3375 461 3408 να
491 3352 840 3424 Ἑλληνικῶν
873 3353 939 3421 ἦν
999 3351 1159 3411 ἐθῶν.
1210 3351 1513 3408 Αῗνίττεται
1571 3349 1628 3406 δὲ
1675 3353 1760 3406 ὅτι
1805 3353 1894 3407 καὶ
1953 3373 2057 3406 πα-

401 3443 536 3518 ρὼν,
569 3443 692 3517 περὶ
725 3443 931 3498 τούτων
977 3441 1164 3502 αὐτοῖς
1199 3439 1494 3510 διείλεκτο,
1553 3443 1626 3495 ὧν
1664 3442 1715 3494 οἱ
1765 3442 1857 3513 μὶν
1910 3441 2052 3497 ἐπεί-

401 3535 634 3603 σθησαν,
667 3533 764 3595 οὓς
792 3532 883 3587 καὶ
943 3530 1168 3602 ἐπαινεῖ,
1205 3533 1256 3586 οἱ
1288 3529 1345 3586 δὲ
1377 3533 1466 3598 οὒ,
1499 3533 1636 3608 πρὸς
1697 3534 1792 3595 οὓς
1847 3534 2055 3607 προϊὼν

396 3623 585 3700 φησίν.
622 3621 680 3678 Εἰ
714 3619 772 3678 δὲ
799 3642 883 3683 τις
916 3617 1067 3676 δοκεῖ
1096 3621 1406 3695 φιλόνεικος
1435 3623 1597 3692 εἶναι,
1647 3624 1810 3693 ἡμεῖς
1867 3622 2054 3677 τοιαύ-

392 3733 496 3780 την
530 3713 819 3782 συνήθειαν
853 3710 952 3765 οὐκ
1007 3705 1232 3784 ἔχομεν.
1269 3735 1296 3763 ι(
1338 3712 1458 3767 Ὁτι
1504 3710 1731 3766 πάντοτε
1791 3733 1895 3784 μου
1954 3713 2052 3784 μὲ-

398 3811 626 3874 μνησθε.
665 3826 692 3849 ››
727 3799 828 3856 Καί
857 3820 946 3854 τοι
976 3800 1100 3874 περὶ
1131 3802 1230 3853 τοῦ
1292 3800 1366 3871 μή
1400 3803 1574 3872 κομᾷν
1609 3800 1636 3853 6
1665 3797 1832 3876 λόγος
1883 3799 2049 3872 αὐτῷ,

395 3886 538 3961 μηδὲ
566 3889 900 3964 κεκσλῦφθαι
936 3887 986 3942 ἐν
1040 3889 1180 3963 εὐχῇ
1238 3888 1329 3942 καὶ
1382 3887 1685 3966 προφητείᾳ
1735 3889 1834 3956 τήν
1886 3909 2051 3966 κεφα-

393 3976 519 4047 λήν.
559 3981 678 4036 Πῶς
703 3977 793 4030 οὖν
827 3999 990 4054 φησιν
1021 3977 1126 4045 δτι,
1181 4000 1209 4027 ‹‹
1243 3976 1476 4031 Πάντοτέ
1509 3997 1614 4048 μου
1668 3975 1942 4048 μέμνησθε
1974 3996 1988 4045 ;
2022 4002 2048 4028 ››

397 4067 668 4143 πρόφασιν
701 4063 925 4142 εὔλογον
975 4059 1180 4133 λαϐὼν,
1235 4064 1441 4138 ἐπαίρει
1500 4070 1616 4126 τοῖς
1667 4065 1904 4127 ἐπαινοις
1954 4067 2049 4120 αὐ-

395 4155 546 4216 τούς.
577 4155 720 4228 Πρὸς
767 4155 870 4228 γὰρ
929 4152 1058 4216 τοὺς
1109 4153 1507 4216 ὑπακούσαντες
1568 4155 1596 4208 ὁ
1655 4152 1826 4230 λόγοσ
1881 4153 2048 4226 αὐτῷ,

401 4243 531 4318 οῦχί
559 4243 683 4316 περὶ
719 4247 830 4297 τῶν
892 4243 967 4314 μή
1032 4242 1468 4298 ὑπακουσάντων.
1526 4264 1547 4291 ι
1581 4240 1735 4297 Θέλω
1795 4239 1851 4296 δὲ
1912 4243 2048 4315 ὑμᾶς

399 4329 616 4387 εἰδέναι.
656 4356 682 4382 ››
715 4332 857 4407 Πρὸς
878 4332 1005 4394 τοὺς
1039 4332 1349 4392 πεισθέντας
1379 4335 1456 4402 τῷ
1487 4330 1643 4408 λόγῳ
1699 4330 1876 4404 τούτῳ
1933 4328 2052 4385 δια-

395 4422 691 4496 λεγόμενος
725 4465 739 4490 ,
799 4422 925 4483 τοὺς
982 4421 1386 4491 ἀπιστήσαντας
1445 4418 1754 4494 διορθοῦται
1804 4423 1878 4494 μὴ
1942 4419 2050 4476 δεῖν

397 4510 785 4585 κεκαλυμμὲνῃ
842 4508 1095 4586 εὔχεσθαι
1180 4509 1415 4589 κεφαλῇ.
1506 4509 1779 4588 Ἐπιφὲρει
1847 4507 1904 4564 δε
1961 4511 2050 4565 καὶ

2167 3381 2345 3435 etiam
2367 3380 2525 3450 quod
2545 3396 2805 3451 praesens
2830 3379 2987 3450 apud
3012 3379 3173 3450 ipsos
3202 3377 3272 3432 de
3293 3377 3386 3431 his
3427 3376 3808 3432 disseruerat.

2163 3471 2381 3522 Eorum
2415 3485 2549 3523 vero
2581 3468 2824 3539 quidam
2853 3466 3120 3538 persuasi
3151 3465 3407 3535 fuerant,
3442 3481 3589 3534 quos
3633 3463 3811 3518 etiam

2164 3557 2461 3613 collaudat
2494 3575 2507 3625 ;
2543 3557 2644 3612 alii
2675 3573 2810 3611 vero
2843 3573 2964 3611 non
2997 3555 3212 3626 quibus
3245 3555 3306 3609 in
3358 3570 3671 3626 progressu
3720 3552 3812 3606 lo-

2164 3647 2386 3718 quitur,
2419 3663 2554 3701 cum
2585 3647 2704 3701 ait:
2739 3647 3031 3702 Caeterum
3065 3645 3112 3698 si
3147 3643 3280 3714 quis
3310 3643 3540 3697 videtur
3561 3647 3811 3696 conten-

2163 3736 2349 3790 tiosus
2371 3752 2638 3801 esse,nos
2651 3734 2992 3806 hujusmodi
3007 3731 3485 3788 consuetudinem
3505 3747 3623 3784 non
3640 3729 3815 3784 habe-

2163 3841 2315 3880 mus.
2335 3847 2356 3874 ‹ι
2383 3823 2546 3888 Quod
2567 3823 2834 3876 omnium
2849 3838 2980 3892 qua:
2997 3837 3130 3875 mea
3145 3825 3589 3875 suntmemores
3613 3819 3807 3873 sitis.»

2160 3913 2339 3984 Atqui
2361 3913 2432 3966 de
2447 3913 2646 3967 hocne
2663 3913 3111 3974 comatiessent,
3159 3917 3217 3963 et
3249 3910 3319 3964 de
3344 3927 3462 3964 non
3491 3908 3811 3980 operienda

2159 4001 2350 4072 capite
2384 4001 2447 4054 in
2481 3999 2820 4070 precatione
2855 4004 2912 4054 et
2941 3998 3254 4069 prophetia
3287 4014 3482 4053 sermo
3515 3999 3642 4068 ipse
3663 4002 3811 4062 erat,

2161 4089 2456 4160 quomodo
2490 4104 2625 4160 ergo
2656 4087 2742 4143 ait
2773 4104 2787 4142 :
2821 4109 2848 4137 «
2883 4087 3159 4142 Omnium
3197 4104 3327 4157 quae
3359 4103 3493 4142 mea
3524 4091 3663 4141 sunt
3684 4103 3811 4141 me-

2162 4194 2357 4232 mores
2385 4177 2512 4231 sitis
2533 4177 2560 4230 ?
2586 4201 2606 4224 ›.
2642 4179 2898 4246 Accepta
2926 4175 3266 4230 rationabili
3297 4191 3475 4230 causa
3529 4175 3809 4230 laudibus

2162 4265 2462 4321 eosotl'ert.
2481 4266 2626 4320 Nam
2646 4264 2867 4320 adillos
2887 4263 3221 4335 sermoipse
3258 4264 3534 4335 dirigitur
3573 4266 3673 4334 qui
3705 4266 3807 4319 ob-

2161 4361 2780 4426 temperaverant,non
2794 4353 2865 4409 de
2879 4354 2972 4409 his
2985 4353 3085 4424 qui
3102 4369 3221 4408 non
3235 4352 3604 4408 obedierant.
3635 4376 3662 4402 «
3696 4353 3808 4409 Sed

2159 4444 2288 4499 volo
2301 4461 2401 4498 vos
2416 4444 2588 4499 scire.
2611 4467 2630 4491 ι
2653 4443 2797 4498 Cum
2815 4443 2886 4498 iis
2902 4441 3249 4497 disserendo
3265 4442 3365 4512 qui
3385 4442 3522 4497 huic
3545 4445 3807 4498 sermoni

2160 4533 2733 4605 obtemperaverant,
2765 4547 2865 4586 eos
2893 4531 3134 4602 corrigit
3163 4530 3264 4600 qui
3296 4545 3416 4583 non
3439 4528 3815 4584 crediderant

397 4604 497 4670 τὴν
556 4601 752 4655 αἰτίαν.
817 4624 843 4651 ‹‹
908 4600 1116 4660 Παντὸς
1175 4597 1390 4672 ἀνδρός.
1428 4623 1456 4651 ››
1520 4603 1718 4656 Πιστοῦ
1767 4596 2047 4669 δηλονότι.

2170 4639 2284 4677 non
2319 4596 2595 4694 oportere
2627 4596 2795 4676 orare
2829 4625 2982 4675 tecto
3017 4596 3228 4690 capite.
3276 4619 3462 4673 Aﬂ‘ert
3509 4624 3706 4674 autem
3759 4625 3818 4674 et

401 4690 572 4748 Αὐτοὶ
602 4690 704 4765 γὰρ
737 4689 838 4744 εἶσι
887 4690 1025 4761 μέκη
1081 4689 1338 4762 Χριστοῦ.
1393 4689 1496 4746 Καὶ
1550 4687 1724 4744 αὐτῶν
1778 4688 1989 4768 κεφαλή
2025 4691 2053 4744 6

397 4779 650 4852 Χριστὸς,
683 4779 746 4832 οὐ
796 4779 905 4849 μὴν
959 4781 1068 4832 τῶν
1131 4778 1394 4834 ἀπίστων.
1451 4776 1676 4854 Κεφαλή
1739 4778 1833 4850 μὲν
1892 4779 2054 4850 ἡμῶν

396 4872 505 4922 τῶν
537 4867 744 4920 πιστῶν
777 4865 916 4920 ἐστὶν
954 4865 981 4919 6
1009 4866 1255 4939 Χριστὸς,
1307 4866 1380 4926 ὡς
1434 4869 1737 4938 συσσώμων
1768 4866 1854 4920 καὶ
1917 4887 2057 4940 συμ-

403 4956 648 5030 μετέχων
679 4954 828 5026 αὖτῷ
873 4954 1270 5030 γεγενημένων,
1330 4951 1420 5008 διὰ
1469 4961 1569 5023 τῆς
1623 4954 1908 5018 κοινωνίας
1958 4960 2055 5010 τοῦ

404 5043 656 5114 σώματος
690 5043 781 5097 καὶ
840 5040 1077 5115 α’ίματος
1126 5042 1312 5098 αὐτοῦ.
1363 5044 1442 5096 Δι’
1498 5042 1674 5098 αὐτῶν
1732 5042 1832 5118 γὰρ
1893 5043 2054 5098 ἅπαν-

399 5152 488 5193 τες
519 5127 570 5186 ἔν
598 5136 757 5204 σῶμα
789 5129 1252 5206 χρηματίσαντες,
1284 5129 1528 5208 κεφαλὴν
1563 5127 1768 5206 ἔχομεν
1801 5131 1978 5187 αὐτόν.

471 5417 692 5497 Κεφαλή
725 5416 782 5472 δὲ
809 5422 906 5472 τοῦ
939 5418 1171 5487 Χριστοῦ
1203 5420 1231 5473 6
1265 5419 1392 5481 Θεὸς
1426 5418 1517 5473 καὶ
1551 5420 1763 5495 Πατὴρ,
1813 5420 1887 5480 ὡς
1934 5441 2051 5494 γεν-

393 5511 576 5582 νήτωρ
605 5506 695 5561 καὶ
726 5501 1034 5579 προϐολεῦς
1067 5507 1157 5561 καὶ
1212 5507 1507 5579 ὁμοούσιος
1541 5507 1726 5563 αὐτοῦ.
1758 5533 1785 5560 ιι
1831 5508 2048 5582 Κεφαλή

401 5595 456 5652 δὲ
485 5595 739 5672 γυναικὸς
772 5595 801 5648 6
834 5595 989 5668 ἀνὴρ.
1028 5619 1054 5644 ››
1121 5596 1244 5651 Ὅτι
1275 5595 1365 5649 καὶ
1427 5595 1587 5657 αὐτὸς
1645 5597 1921 5670 γεννήτωρ
1951 5597 2052 5651 αῦ-

472 5715 516 5748 “
545 5714 714 5767 Rom.
751 5728 826 5778 ix,
861 5712 913 5765 3.

2165 4728 2424 4766 causam.
2460 4733 2486 4761 «
2523 4710 2726 4765 Omnis
2759 4709 2862 4772 vir,
2900 4730 2927 4756 »
2961 4708 3152 4763 ﬁdelis
3184 4707 3478 4763 videlicet.
3511 4708 3628 4780 Ipsi
3653 4708 3813 4763 enim

2167 4807 2305 4856 sunt
2327 4801 2595 4856 membra
2616 4799 2854 4866 Christi,
2881 4804 3164 4853 eteorum
3190 4804 3366 4870 caput
3388 4798 3655 4853 Christus
3701 4805 3808 4865 est,

2165 4907 2287 4946 non
2316 4895 2513 4944 autem
2547 4887 2904 4944 inﬁdelium.
2939 4889 3127 4958 Caput
3148 4888 3390 4960 quidem
3417 4894 3686 4943 nostrum
3709 4888 3809 4958 qui

2163 4978 2370 5034 ﬁdeles
2401 4994 2605 5032 sumus
2635 4977 2901 5031 Christus
2935 4982 3043 5044 est,
3113 4983 3395 5048 tanquam
3444 4993 3649 5032 eorum
3709 4977 3811 5046 qui

2163 5069 2431 5140 ejusdem
2463 5067 2600 5122 facti
2626 5072 2764 5120 sunt
2785 5066 3073 5136 corporis,
3096 5066 3484 5138 ejusdemque
3506 5071 3811 5120 consortes

2161 5163 2411 5222 naturaa,
2443 5173 2550 5228 per
2579 5155 3181 5210 communicationem
3241 5154 3506 5225 corporis
3560 5159 3617 5207 et
3674 5169 3810 5207 san-

2161 5245 2358 5316 guinis
2389 5245 2596 5315 ipsius.
2627 5245 2739 5298 Per
2770 5243 2923 5298 hanc
2955 5242 3116 5297 enim
3149 5258 3357 5298 omnes
3385 5257 3570 5295 unum
3596 5257 3813 5310 corpus

2160 5331 2468 5403 appellati,
2503 5331 2699 5401 ipsum
2731 5329 3021 5384 habemus
3053 5335 3249 5399 caput.

2231 5422 2274 5477 ὗ
2286 5421 2386 5476 23
2406 5419 2621 5474 Christi
2643 5435 2779 5472 vero
2805 5423 2981 5489 caput
3005 5419 3156 5471 Deus
3173 5434 3241 5472 ac
3258 5417 3425 5472 Pater
3438 5423 3526 5472 est
3539 5423 3808 5488 tanquam

2161 5526 2375 5581 parens
2409 5516 2465 5564 et
2491 5508 2830 5580 productor,
2868 5524 2936 5562 ac
2966 5506 3236 5578 ejusdem
3294 5523 3428 5562 cum
3483 5507 3610 5578 ipso
3670 5508 3808 5563 sub-

2161 5600 2413 5654 stantiae.
2448 5622 2474 5649 «
2511 5600 2700 5668 Caput
2729 5602 2928 5652 autem
2957 5596 3228 5651 mulieris
3259 5597 3364 5652 vir.
3398 5621 3419 5649 ι
3458 5597 3566 5662 Qui
3608 5603 3665 5652 et
3694 5597 3808 5668 ipsi
