4068 6254
410 440 528 502 795

1529 442 1943 508 CECUMENII
1986 446 2289 509 TRIOCAE
2339 442 2687 509 EPISCOPI

3706 447 3814 508 796

403 577 638 634 mulieri
671 583 881 651 patens
912 585 1003 634 est
1033 585 1090 635 et
1119 580 1440 652 productor
1467 599 1535 639 ac
1593 581 1861 656 ejusdem
1911 582 2046 641 sub-

2169 586 2261 652 τῆς
2315 580 2406 637 καὶ
2455 576 2762 657 προϐολεῦς
2836 582 2925 638 καὶ
2995 580 3296 656 όμοούσιος
3353 580 3602 660 ὑπάρχει
3662 582 3815 657 αὗτῇ.

403 669 635 724 stantia:
668 684 801 725 cum
833 667 982 739 ipsa.
1014 668 1397 742 Consequens
1429 688 1564 743 ergo
1596 678 1848 746 aptaque
1910 691 2044 747 pro-

398 758 591 829 portio
640 762 748 813 est.
795 755 959 822 Quod
1020 758 1067 812 si
1099 758 1323 815 dictum
1358 760 1548 816 illud:
1579 785 1605 812 κ
1640 763 1844 819 Omnis
1876 764 1983 829 vir,
2015 785 2043 812 ι)

400 845 836 902 deinﬁdelibus
859 863 1095 918 quoque
1119 848 1437 922 intelligas.
1459 856 1657 906 rectus
1708 852 1821 908 erit
1870 852 2045 907 intel-

395 933 587 991 lectus
609 934 679 990 de
704 935 878 991 modo
902 937 1223 992 creationis
1247 938 1566 1010 loquendo.
1593 940 1700 1006 Qui
1751 942 1910 997 enim
1942 941 2047 997 ho-

398 1024 623 1079 minem
652 1022 712 1079 in
745 1030 958 1080 caetera
985 1025 1280 1082 dominari
1311 1027 1601 1098 permisit.
1626 1027 1819 1101 ipsum
1852 1028 2045 1085 solum

404 1110 513 1169 sub
547 1129 652 1169 sua
680 1114 946 1185 potentia
976 1129 1043 1169 ac
1074 1113 1383 1171 dominatu
1431 1131 1672 1172 manere
1730 1118 2044 1188 concessit,

402 1218 520 1257 non
546 1218 884 1274 proponens
903 1203 1015 1275 ipsi
1041 1203 1224 1259 alium
1244 1205 1583 1271 Dominum,
1608 1207 2045 1263 authabentem

406 1307 586 1363 super
615 1308 751 1347 eum
782 1297 1155 1363 potestatem.
1193 1315 1220 1343 «
1278 1293 1465 1366 Caput
1521 1301 1720 1351 autem
1775 1297 2046 1352 mulieris

404 1382 508 1436 vir.
543 1402 573 1430 ιο
606 1381 686 1435 Eo
719 1382 876 1451 quod
906 1383 1069 1453 prior
1092 1380 1377 1456 dignitate
1408 1385 1486 1439 sit
1515 1390 1573 1440 et
1599 1391 1950 1458 potestatem
1982 1387 2041 1442 in

407 1470 575 1526 illam
605 1469 838 1526 habeat.
872 1493 900 1521 ‹‹
932 1471 1119 1543 Caput
1155 1489 1290 1528 vero
1349 1473 1564 1530 Christi
1622 1476 1797 1533 Deus.
1842 1499 1869 1526 ιι
1928 1478 2047 1532 Hoc

408 1557 540 1615 ideo
563 1559 755 1615 solum
783 1557 939 1631 quod
965 1562 1094 1634 ejus
1114 1561 1192 1616 sit
1211 1563 1568 1635 principium
1601 1580 1614 1619 :
1646 1580 1841 1637 neque
1885 1567 2047 1622 enim

406 1654 639 1720 oportet
656 1666 786 1720 qua;
814 1648 884 1704 de
907 1651 1097 1722 capite
1118 1651 1276 1707 dicta
1297 1656 1455 1720 sunt,
1489 1653 1770 1709 similiter
1813 1672 2049 1726 quoque

408 1738 479 1792 de
502 1738 731 1793 Christo
754 1738 1087 1811 intelligere
1113 1757 1125 1793 :
1152 1740 1256 1795 sed
1278 1741 1586 1796 hominum
1610 1744 1849 1814 quidem
1874 1749 2052 1816 caput

408 1826 674 1883 Christus
707 1832 796 1882 est
826 1828 1158 1886 secundum
1206 1831 1588 1899 creationem,
1648 1833 1862 1888 Christi
1914 1851 2048 1890 vero

2153 671 2487 734 ’Δκόλουθος
2518 671 2724 728 οὖνκαὶ
2779 669 3044 746 ἁρμόδιος
3076 673 3110 741 ἢ
3161 670 3447 747 ἀναλογία.
3514 672 3585 729 Ei
3651 668 3708 728 δὶ
3761 674 3817 727 τὸ

2158 782 2183 813 ε
2222 761 2429 823 Παντὸς
2461 758 2674 835 ἀνδρὸς,
2713 781 2736 813 ι
2771 758 2862 816 καί
2913 761 3000 816 ἐπὶ
3054 765 3163 815 τῶν
3223 758 3467 816 ἀπίστων
3536 756 3822 833 ἐκλά6ο’ς,

2153 852 2288 907 κατὰ
2319 853 2412 908 τὸν
2439 851 2542 921 τῆς
2572 848 2940 928 δημιουργίας
2992 846 3163 928 λόγον
3223 850 3483 930 ἐγχωρεῖ.
3556 853 3693 909 Τῶν
3722 852 3819 925 γὰρ

2156 938 2343 998 ἄλλων
2407 942 2594 1017 ἄρχειν
2652 939 2743 996 τὸν
2805 939 3093 1016 ἄνθρωπον
3135 939 3428 1015 ἐπιτρέψας
3481 940 3663 996 αὐτὸν
3720 941 3819 996 ὑπὸ

2155 1032 2255 1101 τὴν
2285 1028 2425 1086 ἷδίον
2489 1029 2653 1104 μόνον
2711 1028 2859 1085 εἴασε
2920 1031 3102 1104 μένειν
3163 1027 3405 1099 ἐξούσίαν
3458 1027 3559 1085 καὶ
3618 1029 3825 1106 ἀρχὴν,

2160 1118 2237 1192 μή
2268 1116 2560 1187 ἐπιστήσας
2599 1115 2746 1190 αύτῷ
2799 1113 2981 1189 ἕτερον
3039 1114 3308 1186 δεσποτην
3340 1116 3378 1185 ἢ
3436 1116 3822 1187 ἐξουσιαστήν.

2162 1227 2191 1258 ιι
2221 1203 2445 1277 Κεφαλὴ
2481 1202 2539 1262 δὶ
2566 1203 2814 1279 γυναικὸς
2873 1205 2902 1259 6
2954 1204 3114 1280 ἁνήρ.
3172 1227 3202 1256 ιι
3234 1204 3333 1260 Διᾶ
3397 1204 3461 1260 τὸ
3516 1206 3827 1281 κατάρχειν

2154 1294 2245 1350 καὶ
2278 1292 2606 1367 ἐξουσιάζειν
2636 1292 2832 1364 αὐτῆς.
2883 1316 2912 1345 ‹‹
2935 1291 3161 1372 Κεφαλὴ
3188 1291 3248 1349 δέ
3277 1297 3527 1368 Χριστοῦ
3550 1295 3584 1348 6
3619 1293 3778 1355 Θεός.
3804 1318 3830 1346 ι

2155 1387 2331 1440 τοῦτο
2373 1380 2463 1438 διὰ
2491 1383 2554 1438 τὸ
2584 1381 2762 1438 αἴτιον
2795 1382 2984 1455 μόνον.
3018 1382 3091 1439 Ού
3135 1379 3219 1439 δεῖ
3271 1383 3376 1458 γὰρ
3423 1384 3491 1439 τὰ
3554 1381 3695 1457 περὶ
3741 1400 3832 1439 κε-

2157 1469 2337 1549 φαλῆς
2365 1472 2484 1546 είρη
2495 1471 2649 1545 μένα,
2681 1473 2893 1544 ὁμοίως
2920 1471 3011 1526 καὶ
3038 1469 3128 1526 ἐπὶ
3160 1475 3393 1546 Χριστοῦ
3427 1467 3829 1544 ἐκλαμϐάνειν.

2157 1560 2337 1618 Ἀλλὰ
2364 1566 2473 1617 τῶν
2505 1561 2602 1634 μὶν
2634 1559 2931 1632 ἀνθρώπων
2971 1558 3189 1635 κεφαλή
3222 1560 3251 1615 6
3295 1562 3567 1636 Χριστὸς,
3595 1562 3742 1616 κατὰ
3770 1563 3832 1617 τὸ

2158 1648 2577 1724 δημιουργικὸν,
2611 1654 2853 1726 Χριστοῦ
2885 1646 2943 1705 δὲ
2964 1647 3179 1727 κεφαλὴ
3214 1650 3242 1704 6
3276 1650 3461 1724 Πατὴρ
3493 1646 3598 1705 διὰ
3646 1651 3713 1705 τὸ
3739 1650 3825 1703 α’ί-

2155 1760 2292 1795 τιον.
2332 1738 2482 1808 ΙΙλῆν
2519 1739 2563 1794 εἰ
2597 1740 2674 1813 μή
2705 1738 2795 1795 καὶ
2822 1740 3059 1814 Χριστοῦ
3116 1738 3291 1801 οὕτως
3346 1738 3572 1813 κεφαλή
3606 1740 3639 1795 6
3671 1739 3822 1807 Θεὸς,

2155 1828 2394 1903 καθάπερ
2432 1830 2592 1901 ἡμῶν
2622 1829 2650 1883 6
2681 1827 2937 1904 Χριστὸς,
2965 1828 3102 1883 καθό
3157 1825 3272 1884 ἐστι
3328 1829 3417 1883 καὶ
3477 1830 3698 1885 νοεῖται
3731 1827 3822 1884 ἄν·

408 1920 585 1985 caput
615 1916 789 1970 Pater
818 1920 906 1969 est
936 1921 1178 1986 propter
1230 1917 1747 1990 principationem.
1804 1921 1926 1975 Nisi
1968 1921 2051 1977 ita

2169 1920 2398 1993 ipwnoc,
2428 1919 2564 2019 xci-ii
2588 1918 2675 1985 τὸ,
2735 1941 2764 1969 ι(
2790 1918 2852 1975 Ὀ
2882 1918 3069 1993 Πατήρ
3102 1938 3211 1990 μου
3240 1916 3438 1990 μείζων
3476 1938 3593 1993 μου
3626 1916 3764 1978 ἐστί.
3798 1941 3824 1968 ιι

410 2019 647 2074 quoque
669 2009 842 2074 caput
872 2002 1087 2057 Christi
1136 2004 1370 2060 dicatur
1415 2005 1590 2074 Deus,
1642 2008 1794 2063 sicut
1825 2016 1883 2063 et
1912 2025 2050 2065 nos-

411 2097 569 2147 trum
601 2093 820 2147 dicitur
851 2094 1023 2162 Deus,
1065 2099 1360 2166 quatenus
1392 2101 1483 2152 est
1538 2104 1597 2152 et
1644 2099 2057 2155 consideratur

415 2183 970 2255 homo.juxtaillud.
1000 2208 1018 2233 ι
1039 2185 1893 2261 Patermeusmajormeest”;
1921 2197 2053 2246 net:

427 2292 450 2320 ι
482 2270 751 2328 Ascendo
782 2272 855 2328 ad
886 2274 1120 2330 Patrem
1152 2292 1348 2331 meum
1383 2282 1441 2331 et
1478 2278 1714 2334 Patrem
1769 2284 2056 2350 vestrum,

414 2362 600 2418 Deum
622 2378 826 2417 meum
851 2378 918 2418 ac
950 2363 1135 2420 Deum
1165 2369 1423 2421 vestrum
1456 2365 1524 2422 ’9.
1551 2390 1579 2417 ››
1603 2399 1667 2408 -
1687 2391 1714 2420 ‹‹
1741 2368 1945 2425 Omnis
1974 2371 2061 2424 vir

412 2467 611 2508 orans.
647 2473 675 2501 »
709 2453 833 2508 Non
862 2452 1138 2526 prohibet
1196 2471 1432 2530 semper
1484 2457 1676 2514 virum
1736 2462 1890 2515 tecto
1930 2477 2059 2515 esse

407 2540 621 2615 capite,
648 2540 753 2597 sed
773 2546 1004 2598 tantum
1027 2544 1390 2617 operationis
1451 2563 1519 2602 ac
1562 2547 1888 2619 pr0phetiaa
1920 2554 2063 2604 tem-

424 2647 587 2703 pore.
618 2652 645 2680 α
680 2628 913 2686 Habens
946 2632 1251 2705 quidpiam
1308 2631 1369 2690 in
1427 2635 1639 2709 capite.
1701 2660 1728 2687 ››
1759 2638 1886 2693 Non
1917 2636 2066 2691 dixit

424 2725 627 2792 aperte
652 2737 667 2776 :
701 2720 808 2786 Qui
839 2723 1031 2794 capite
1055 2728 1145 2778 est
1164 2728 1392 2795 operto,
1416 2725 1515 2780 sed
1545 2742 1558 2780 :
1588 2749 1608 2775 ι
1635 2726 1871 2782 Habens
1891 2724 2064 2799 quid-

425 2805 583 2878 piam
617 2807 677 2862 in
709 2807 921 2881 capite,
952 2832 981 2860 »
1016 2809 1232 2866 tollens
1264 2810 1373 2866 hoc.
1405 2810 1580 2868 modo
1610 2830 1729 2870 non
1762 2813 1903 2886 pilei
1936 2819 2062 2868 tan-

424 2901 549 2951 tum
573 2902 996 2969 tegumentem,
1015 2901 1118 2957 sed
1138 2907 1196 2957 et
1212 2918 1410 2958 comae.
1466 2903 1662 2960 Etnim
1702 2903 1804 2977 qui
1833 2920 2067 2961 comam

425 2987 634 3053 nutrit,
667 2988 893 3060 aliquid
925 2989 1103 3047 etiam
1138 2991 1201 3047 in
1232 2992 1423 3064 capite
1456 2993 1654 3059 habet,
1686 3010 1901 3068 nempe
1959 3010 2066 3049 co-

425 3091 605 3131 mam.
640 3099 668 3126 «
702 3077 924 3133 Probro
956 3078 1140 3134 afﬁcit
1191 3083 1369 3153 caput
1425 3097 1621 3137 suum.
1683 3100 1708 3132 ι
1768 3082 1886 3138 Nos
1907 3082 2068 3137 enim

425 3165 580 3222 viros
610 3167 765 3222 Deus
796 3166 936 3223 fecit
966 3167 1210 3239 liberos,
1240 3169 1350 3225 hoc
1383 3175 1490 3238 est,
1524 3169 1675 3227 nulli
1703 3188 1909 3227 eorum
1969 3173 2067 3243 qui

427 3260 567 3309 sunt
596 3255 657 3310 in
690 3262 847 3312 terra
885 3257 1173 3323 subditos.
1206 3257 1311 3314 sed
1357 3260 1635 3316 omnibus
1666 3259 2066 3318 dominantes.

422 3342 550 3397 Non
573 3360 710 3417 ergo
732 3352 963 3417 oportet
984 3363 1082 3402 eos
1105 3346 1323 3404 habere
1371 3355 1724 3420 potestatem
1769 3366 1949 3422 super
1976 3366 2068 3406 ca-

422 3437 531 3502 put
552 3432 652 3503 qui
671 3431 897 3489 nullius
923 3434 1259 3491 subduntur
1295 3438 1573 3509 potestati
1622 3457 1829 3495 eorum
1873 3441 1973 3512 qui
2004 3440 2066 3496 in

424 3526 583 3576 terra
613 3527 769 3577 sunt.
804 3523 990 3590 Caput
1021 3523 1179 3578 enim
1232 3531 1452 3581 tectum
1512 3545 1662 3594 esse,
1713 3532 2065 3600 potestatem

424 3611 745 3682 quamdam
772 3617 862 3667 est
889 3613 1067 3686 capiti
1099 3630 1520 3687 superponere.
1545 3617 1690 3673 Nam
1722 3634 1826 3689 pro
1865 3623 2064 3689 potes-

423 3706 543 3757 tate
571 3705 661 3756 est
689 3700 899 3773 capitis
930 3708 1357 3775 tegumentum,
1406 3703 1566 3776 quod
1622 3704 1774 3761 solet
1827 3706 2065 3761 mulieri

423 3791 768 3864 superponi,
792 3791 1136 3866 signiﬁcans
1165 3793 1270 3848 viri
1301 3799 1675 3867 potestatem,
1708 3799 1911 3867 utpote
1970 3795 2063 3850 cui

420 3881 552 3952 ipsa
580 3880 848 3954 subjecta
873 3887 983 3938 est.
1016 3881 1123 3949 Qui
1168 3883 1348 3957 igitur
1377 3879 1564 3939 libero
1595 3882 1773 3957 capiti
1804 3886 2065 3955 potesta-

420 3974 541 4024 tem
573 3970 942 4043 superponit,
968 3971 1181 4029 merito
1203 3977 1382 4044 caput
1406 3989 1577 4028 suum
1609 3971 1903 4028 Christum
1925 3987 2062 4044 pro-

424 4058 531 4115 bro
552 4060 789 4116 afficit.u
807 4060 1236 4118 Pudoreaftlcit
1252 4068 1428 4135 caput
1459 4079 1652 4119 suum.
1681 4061 2017 4129 nQuomodo
2040 4064 2068 4119 ?

423 4150 569 4205 Tum
600 4151 742 4220 quia
762 4151 919 4209 idem
950 4158 1039 4208 est
1068 4170 1135 4210 ac
1167 4152 1214 4209 si
1246 4170 1381 4210 rasa
1409 4159 1593 4210 esset:
1640 4158 1766 4210 tum
1799 4152 1938 4226 quia
1968 4168 2066 4209 ca-

424 4238 547 4312 pite
575 4239 881 4311 fugitivam
913 4242 1230 4315 quamdam
1264 4259 1394 4300 sese
1420 4241 1660 4299 exhibet
1678 4248 1735 4299 et
1756 4243 2064 4316 profugam

423 4345 457 4385 a
487 4329 625 4385 data
651 4330 761 4386 sibi
784 4332 954 4388 aDeo
1002 4337 1536 4406 potestate,nempe
1579 4330 1723 4387 viro.
1759 4330 2062 4399 Quomodo

422 4434 609 4475 unum
641 4425 732 4479 est
763 4427 821 4476 et
850 4420 1009 4478 idem
1039 4438 1105 4478 ac
1138 4422 1181 4478 si
1215 4437 1351 4478 rasa
1380 4425 1556 4487 esset,
1618 4438 1753 4477 cum
1796 4420 1949 4477 524
1995 4438 2061 4477 ea

424 4525 554 4581 quas
584 4526 719 4566 rasa
748 4515 933 4566 estne
964 4509 1233 4566 naturale
1266 4509 1506 4581 quidem
1538 4515 1773 4581 tegmen
1823 4507 2057 4578 habeat,

2163 2005 2279 2061 Καί’
2317 2030 2345 2058 ‹‹
2375 2000 2674 2062 Ἀναϐαίνω
2702 2005 2840 2080 πρὸς
2871 2026 2968 2062 τον
3003 2006 3219 2080 Ηατέρα
3243 2027 3349 2079 μου
3386 2006 3477 2061 καὶ
3519 2008 3743 2082 Πατέρα
3774 2008 3828 2060 ύ-

2165 2100 2281 2172 μῶν
2306 2096 2396 2152 καὶ
2415 2095 2542 2152 Θεὸν
2570 2117 2675 2168 μου
2695 2095 2787 2150 καὶ
2812 2094 2944 2152 Θεὸν
2969 2096 3141 2170 ὑμῶν.
3170 2118 3199 2147 ιι
3219 2126 3288 2139 —-
3321 2119 3342 2148 ι
3361 2100 3472 2158 Πᾶς
3496 2096 3645 2169 ἀνὴρ
3669 2116 3826 2173 προσ·

2163 2185 2489 2263 εὐχόμενος,
2523 2208 2552 2237 ››
2584 2185 2702 2243 Οὐκ
2727 2184 2809 2240 ἀεὶ
2838 2180 3042 2241 κωλύει
3074 2183 3170 2241 τὸν
3201 2181 3369 2259 ἄνδρα
3409 2180 3823 2241 κατακαλύπτε-

2167 2277 2307 2344 σθαι,
2340 2272 2489 2330 ὰλλὰ
2520 2273 2687 2348 μόνον
2709 2273 2761 2328 ἐν
2796 2273 2936 2347 εὐχῇ
2967 2272 3057 2330 καὶ
3108 2274 3438 2352 προφητείᾳ.
3498 2298 3523 2329 ι
3555 2274 3712 2332 Κατὰ
3739 2294 3822 2330 κε-

2168 2365 2345 2442 φαλῆς
2379 2359 2546 2439 ἔχων.
2584 2362 2698 2420 Πύκ
2755 2364 2873 2420 εἷπε
2930 2358 3354 2438 κεκαλυμμένος
3411 2361 3511 2432 τὴν
3558 2360 3817 2439 κεφαλὴν,

2169 2450 2316 2510 ἀλλά
2347 2476 2374 2504 ‹‹
2410 2452 2559 2509 Κατᾶ
2586 2450 2830 2527 κεφαλῆς
2858 2448 3027 2527 ἔχων,
3062 2475 3090 2503 υ
3121 2449 3361 2524 ἀναιρῶν
3394 2451 3579 2516 οὕτως
3614 2451 3678 2507 ού
3720 2452 3815 2543 μόῖ

2167 2546 2363 2614 νοντῷ
2418 2542 2626 2613 ’ίματίῳ
2684 2539 3074 2608 καλύπτεσθαι,
3141 2535 3290 2595 ἀλλὰ
3344 2539 3435 2595 καὶ
3492 2541 3667 2617 κόμῃ.
3719 2535 3809 2597 Καί

2169 2632 2274 2707 γὰρ
2304 2631 2390 2686 καὶ
2425 2630 2453 2685 6
2483 2635 2672 2704 κομῶν
2704 2629 2840 2685 κατᾶ
2867 2628 3112 2708 κεφαλῆς
3173 2622 3290 2706 ἔχει
3347 2629 3446 2700 τὴν
3507 2629 3685 2705 κόμην
3715 2627 3803 2698 δη-

2173 2715 2340 2788 λαδὴ.
2395 2743 2422 2771 ‹‹
2456 2717 2809 2796 Καταισχύνει
2875 2719 2974 2788 τήν
3031 2716 3273 2797 κεφαλὴν
3334 2716 3523 2776 αὐτοῦ.
3592 2743 3615 2773 ε
3648 2719 3801 2790 Ἦμᾶς

2172 2810 2276 2884 γὰρ
2311 2810 2339 2863 6
2371 2809 2501 2871 Θεὸς
2529 2809 2657 2871 τοὺς
2697 2803 2893 2883 ἄνδρας
2940 2807 3314 2880 αύτεξουσίους
3372 2806 3616 2880 ἐποίησε,
3664 2828 3793 2864 τουτ-

2175 2898 2317 2954 έστιν
2354 2898 2442 2954 ὑπ’
2490 2895 2683 2954 οὐδένα
2711 2902 2819 2955 τῶν
2850 2897 2904 2954 ἐν
2935 2895 3003 2971 τῇ
3033 2900 3128 2974 τῇ,
3172 2894 3322 2954 ἀλλὰ
3350 2898 3559 2955 πάντων
3603 2895 3776 2971 ἔσχον-

2174 3008 2287 3051 τας.
2324 2987 2416 3042 Διὸ
2449 2987 2514 3045 οὐ
2546 2983 2630 3044 δεῖ
2660 2984 2808 3064 ἔχειν
2837 2985 2926 3042 ἐπὶ
2954 2993 3054 3056 τῆς
3095 2984 3339 3064 κεφαλῆς
3398 2984 3613 3059 ἐξουσίαν
3660 2983 3765 3043 τοὺς

2178 3078 2276 3137 οὐκ
2305 3078 2462 3141 ὄντας
2495 3078 2599 3135 ὑπὸ
2629 3077 2874 3150 ἐξουσίαν
2905 3079 3053 3140 τινὸς
3089 3084 3200 3136 τῶν
3258 3074 3311 3133 ἐν
3361 3083 3432 3154 τῇ
3576 3078 3651 3137 Τὸ
3686 3076 3772 3152 γὰρ

2176 3168 2507 3247 κεκαλύφθαι
2552 3169 2652 3237 τήν
2726 3166 2992 3247 κεφαλὴν,
3053 3166 3294 3239 ἐξουσίαν
3351 3186 3474 3225 τινα
3532 3163 3793 3225 ἐπιτιθέναι

2178 3262 2246 3333 τῇ
2275 3256 2508 3337 κεφαλῇ.
2544 3256 2689 3316 Ἀντὶ
2726 3257 2829 3333 γὰρ
2862 3256 3102 3329 ἐξουσίας
3158 3255 3269 3314 ἐστὶ
3325 3258 3387 3313 τὸ
3440 3258 3531 3314 ἐπὶ
3590 3265 3686 3328 τῆς
3731 3274 3806 3310 κε-

2177 3344 2358 3425 φαλῆς
2389 3343 2679 3420 κάλυμμα,
2709 3346 2842 3421 ὅπερ
2872 3342 3057 3410 εἷ’ωθεν
3092 3345 3228 3402 εἶναι
3274 3345 3359 3402 ἐπὶ
3393 3353 3493 3415 τῆς
3551 3345 3810 3422 γυναικὸς,

2177 3432 2381 3506 δηλοῦν
2412 3437 2511 3504 τήν
2542 3439 2639 3490 τοῦ
2670 3430 2861 3510 ἀνδρὸς
2893 3432 3159 3506 ἐξουσίαν,
3219 3435 3294 3499 ὡς
3342 3432 3680 3509 ὑποκειμένη
3737 3432 3816 3489 αὖ·

2174 3524 2387 3592 τῆς.Ὁ
2417 3523 2508 3578 οὖν
2535 3526 2604 3597 τῇ
2656 3521 2910 3598 ἐλευθέρᾳ
2966 3521 3180 3601 κεφαλῇ
3239 3521 3497 3586 ἐπιτιθεὶς
3558 3521 3815 3595 ἐξουσίαν,

2176 3610 2401 3674 εἰκότως
2430 3610 2803 3691 καταισχύνει·
2860 3611 2959 3679 τήν
3017 3607 3264 3685 κεφαλὴν
3326 3611 3493 3666 αὐτοῦ
3548 3610 3645 3668 τόν
3697 3610 3814 3684 Χρι-

2176 3700 2320 3759 στόν.
2376 3725 2403 3753 ‹‹
2440 3700 2799 3775 Καταισχύνει
2855 3701 2953 3770 τήν
3013 3699 3261 3779 κεφαλὴν
3326 3700 3522 3770 αὐτῆς.
3567 3726 3597 3753 »
3655 3704 3818 3764 Ηῶς;

2175 3788 2260 3844 ὅτι
2296 3810 2354 3845 τε
2382 3790 2443 3845 τὸ
2487 3789 2617 3844 αὑτὸ
2676 3787 2790 3845 ἐστι
2837 3792 2905 3855 τῇ
2960 3786 3288 3864 ἐξυρημένῃ,
3338 3788 3432 3844 καὶ
3490 3788 3575 3845 ὅτι
3629 3786 3817 3866 δραπέ-

2172 3879 2325 3952 τριάν
2355 3898 2472 3933 τινα
2501 3878 2602 3946 τὴν
2631 3875 2874 3952 κεφαλὴν
2925 3874 3275 3933 ἀποδείκνυσι
3332 3875 3422 3932 καὶ
3481 3874 3701 3956 φυγάδα
3728 3882 3819 3946 τῆς

2176 3964 2423 4037 ’δοθείσης
2454 3966 2587 4041 αὐτῇ
2647 3966 2795 4043 παρὰ
2846 3969 2983 4024 Θεοῦ
3035 3966 3303 4040 ἐξουσίας,
3359 3962 3531 4043 ἤγουν
3586 3972 3687 4024 τοῦ
3742 3966 3819 4022 ἀνι

2176 4058 2321 4134 δρός.
2352 4062 2451 4116 ”Ev
2483 4057 2580 4134 γάρ
2613 4056 2726 4115 ἐστι
2784 4057 2878 4114 καὶ
2926 4058 2990 4113 τὸ
3048 4056 3199 4115 αὐτό.
3254 4060 3376 4123 Πῶς
3430 4056 3572 4114 ἐστιν
3623 4053 3678 4115 ἔν
3733 4054 3817 4114 καὶ

2170 4148 2233 4204 τὸ
2264 4147 2393 4203 αὐτὸ
2421 4150 2492 4222 τῇ
2522 4143 2850 4223 ἐξυρημένῃ,
2881 4146 3046 4203 ὁπότε
3084 4148 3120 4215 ἡ
3155 4146 3251 4218 μὶν
3308 4145 3639 4222 ἐξυρημένῃ,
3698 4140 3819 4203 οὐδὲ

2171 4238 2270 4307 τήν
2300 4238 2531 4314 φυσικὴν
2573 4235 2774 4306 σκέπην
2834 4229 2952 4311 ἔχει
3009 4237 3127 4291 οἷον
3180 4236 3276 4299 τὰς
3329 4236 3528 4312 τρίχας
3596 4238 3729 4311 αὕτη
3762 4232 3819 4291 δὲ

2173 4322 2311 4403 ἔχει.
2343 4325 2443 4380 Καὶ
2476 4322 2729 4400 ἐροῦμεν,
2776 4322 2862 4380 ὅτι
2909 4327 2945 4395 ἡ
2972 4324 3421 4388 ἀκατακάλυπτος
3477 4326 3606 4382 ὅσον
3663 4328 3726 4383 τὸ
3755 4320 3819 4385 εἷς

2173 4415 2339 4484 αὐτὴν
2367 4414 2521 4483 ἧκον,
2554 4412 2644 4470 λαὶ
2695 4414 2759 4471 τὸ
2808 4412 2871 4470 ἐκ
2898 4412 3110 4493 φύσεως
3169 4412 3489 4470 ἀπεσείσατο
3529 4415 3812 4491 κάλυμμα,

2171 4501 2344 4580 ¹ἤγουν
2371 4504 2467 4565 τὰς
2498 4501 2713 4581 τρίχας.

421 4614 636 4671 nempe
663 4598 931 4671 capillos,
964 4598 1091 4656 haec
1124 4604 1321 4656 autem
1352 4598 1585 4655 habeat.
1619 4599 1690 4654 Et
1719 4595 1985 4654 dicemus
2016 4597 2176 4670 quod
2207 4596 2312 4653 illa
2341 4610 2472 4668 qum
2500 4610 2618 4650 non
2651 4598 2741 4648 est
2771 4598 2975 4664 operto
3008 4593 3525 4666 capite,quantum
3552 4596 3614 4651 in
3639 4614 3698 4651 se
3718 4600 3809 4652 est.

421 4686 693 4743 naturale
722 4704 958 4761 quoque
990 4689 1244 4745 excussit
1276 4693 1681 4760 tegumentum
1716 4692 1876 4761 puta,
1908 4684 2176 4760 capillos.

494 4775 590 4841 ΧΙ,
622 4778 674 4842 6,
707 4779 759 4830 7.
793 4806 859 4819 —
891 4801 917 4827 ‹‹
966 4778 1196 4833 Etenim
1257 4777 1305 4833 si
1362 4793 1484 4833 non
1542 4775 1772 4832 velatur
1826 4773 2058 4843 mulier,

2247 4771 2311 4830 Ei
2366 4772 2465 4847 γὰρ
2529 4768 2591 4827 οὐ
2645 4767 3111 4826 κατακαλύπτεται
3167 4770 3329 4847 γυνὴ,
3378 4770 3468 4825 καὶ
3527 4772 3809 4847 κειράσθω.

423 4885 453 4914 ‹‹
487 4863 665 4919 etiam
694 4863 1028 4921 tondeatur.
1063 4865 1228 4932 Quod
1259 4866 1307 4921 si
1330 4864 1552 4923 foedum
1571 4870 1659 4921 est
1683 4863 1918 4920 mulieri
1936 4867 2065 4919 ton-

421 4974 435 5004 ‹
485 4950 608 5008 deri
640 4958 743 5008 aut
771 4952 921 5022 radi,
948 4952 1192 5012 veletur.
1224 4954 1327 5009 Vir
1383 4952 1679 5026 siquidem
1735 4970 1859 5009 non
1888 4950 2067 5010 debet

419 5064 447 5094 «
483 5047 751 5099 contecto
784 5058 910 5099 esse
942 5043 1156 5116 capite,
1214 5060 1348 5100 cum
1408 5044 1484 5099 sit
1541 5042 1732 5118 imago
1776 5048 1834 5098 et
1876 5041 2065 5118 gloria

421 5154 450 5184 «
485 5133 609 5194 Dei.
643 5133 859 5189 mulier
883 5138 1080 5190 autem
1111 5132 1299 5206 gloria
1324 5133 1434 5188 viri
1462 5140 1570 5189 est.
1602 5154 1630 5184 ι

492 5225 612 5282 Ηοο
641 5224 975 5297 adjungens
1006 5222 1359 5295 signiﬁcavit
1388 5222 1548 5296 quod
1577 5240 1696 5279 non
1745 5223 1808 5280 in
1858 5238 2062 5295 preca-

419 5316 581 5371 tione
613 5320 844 5371 tantum
877 5318 934 5368 et
998 5312 1311 5388 prophetia
1367 5318 1637 5386 oporteat
1692 5313 1882 5384 ipsam
1934 5328 2063 5368 esse

416 5405 694 5473 velatum,
729 5404 833 5461 sed
865 5420 1119 5478 semper.
1146 5401 1654 5470 Quemadmodum
1678 5403 1839 5459 enim
1867 5417 2063 5459 rasam

418 5508 545 5548 esse
576 5509 696 5549 non
726 5494 789 5550 in
821 5493 1163 5566 precatione
1196 5499 1426 5551 tantum
1452 5496 1508 5547 et
1537 5491 1850 5564 prephetia
1895 5490 2063 5546 inde-

416 5595 620 5637 corum
654 5597 805 5652 esse,
839 5582 942 5638 sed
976 5590 1035 5641 et
1065 5598 1337 5655 semper:
1369 5581 1454 5637 ita
1488 5596 1724 5653 quoque
1780 5580 2063 5639 intectam

488 5758 535 5795 ³⁸
561 5759 727 5816 Joau.
757 5773 868 5826 xxv,
903 5759 991 5812 28.
1024 5758 1071 5793 ³⁸
1099 5759 1264 5813 Joan.
1295 5775 1389 5827 xx,
1422 5758 1509 5810 17.

2172 4858 2241 4921 Ei
2291 4857 2349 4914 δὲ
2404 4858 2632 4935 αἰσχρὸν
2710 4856 2926 4933 γυναικὶ
2981 4857 3044 4912 τὸ
3100 4855 3373 4932 κείρασθαι
3448 4858 3483 4929 ἢ
3544 4860 3808 4937 ξυρᾶσθαι,

2170 4948 2719 5011 καντακαλυπτέσθω.
2805 4946 2971 5020 Ἀνὴρ
3070 4947 3162 5019 μὲν
3244 4947 3350 5023 γὰρ
3430 4947 3534 5004 οὐκ
3618 4944 3811 5029 ὀφείλει

2170 5036 2670 5095 κατακαλύπτεσθαι
2755 5035 2852 5104 τήν
2926 5030 3201 5112 κεφαλὴν,
3288 5035 3446 5091 εἰκὼν
3522 5039 3613 5093 καὶ
3700 5032 3811 5107 δόξα

2172 5132 2307 5184 Θεοῦ
2339 5127 2618 5203 ὑπάρχων.
2653 5126 2796 5195 Γυνή
2829 5122 2887 5179 δέ
2917 5121 3045 5194 δόξα
3080 5120 3273 5200 ἀνδρός
3298 5125 3462 5183 ἐστιν.

2243 5220 2424 5275 Τοῦτο
2454 5214 2707 5290 προσθεὶς
2741 5211 3017 5283 ἐδήλωσεν
3048 5211 3132 5267 ὅτι
3164 5214 3267 5268 οὐκ
3319 5212 3371 5268 ἐν
3400 5215 3541 5290 εὐχῇ
3589 5216 3625 5286 ἢ
3683 5236 3810 5292 προ-

2173 5306 2368 5386 φητείᾳ
2403 5305 2566 5379 μόνον
2593 5304 2762 5371 αύτῆν
2792 5300 2875 5358 δεῖ
2928 5303 3454 5373 κατακαλύπτεσθαι,
3490 5304 3636 5361 ἀλλὰ
3687 5308 3811 5361 πάν-

2172 5416 2315 5454 τοτε.
2338 5397 2540 5470 Ὠσπερ
2571 5394 2673 5470 γὰρ
2704 5393 2766 5447 τὸ
2801 5392 3078 5467 ξυρᾶσθαι,
3108 5390 3208 5446 οὐκ
3237 5392 3289 5447 ἐν
3325 5393 3466 5474 εὐχῇ
3525 5396 3691 5467 μόνον
3722 5395 3805 5450 καὶ

2171 5484 2479 5563 προφητείᾳ
2534 5480 2794 5559 ἀπρεπὲς,
2872 5478 3019 5535 ἀλλά
3072 5478 3163 5535 καὶ
3223 5481 3475 5555 πάντοτε,
3532 5482 3675 5539 οὕτω
3728 5482 3809 5539 καὶ

2176 5571 2623 5631 ἀκατακάλυπτον
2687 5571 2849 5629 εἶναι.
2888 5568 3094 5642 ((’Δνήρ
3153 5569 3248 5642 μὶν
3305 5570 3408 5649 γάρ
3465 5571 3562 5628 οὐκ
3617 5570 3814 5651 όφείλει
