4068 6254
251 432 385 490 791
1235 433 1646 497 COMMENT.
1691 438 1767 496 ΙΝ
1816 433 2060 495 EPIST.
2106 433 2127 494 Ι
2172 433 2283 495 AD
2327 430 2698 494 CORINTH.
3562 441 3682 501 798

249 568 778 632 κατακαλύπτεσθαι
837 571 936 638 τήν
997 570 1261 649 κεφαλήν.
1312 594 1339 622 ››
1400 574 1855 627 Κατασκευαστικᾶ

2077 586 2180 626 sse.
2231 593 2249 617 α
2291 570 2385 623 Vir
2440 568 2736 640 siquidem
2769 585 2887 624 non
2921 570 3097 628 debet
3125 578 3394 629 contecto
3429 590 3559 629 esse
3586 590 3683 633 ca-

252 657 499 733 προαγει
528 658 623 712 τὸν
653 655 843 734 λόγον,
876 658 990 713 εἶτα
1038 658 1209 716 αἰτίαν
1261 658 1405 735 λέγει
1448 664 1547 715 τοῦ
1585 662 1658 734 μή
1695 659 1802 715 δεῖν
1837 658 1858 714 ἂ

2078 661 2177 715 ite.
2208 682 2236 710 »
2257 661 2547 717 Instructe
2596 658 2867 731 producit
2897 678 3254 719 sermonem.
3290 664 3513 720 Deinde
3543 681 3683 723 cau-

253 745 371 821 δρα
431 746 931 811 κατακαλύπτεσθαι
981 754 1083 817 τήν
1139 750 1406 824 κεφαλὴν,
1443 751 1509 805 ού
1541 751 1641 817 τὴν
1680 750 1859 822 πρώτα

2076 769 2162 806 ειω
2192 751 2387 806 reddit
2411 767 2516 806 cur
2566 767 2686 807 non
2727 758 2993 822 oporteat
3025 753 3216 808 virum
3249 760 3517 810 contecto
3551 773 3682 811 esse

254 834 414 892 διότι
444 834 689 914 κεφαλὴν
718 830 835 911 ἔχει
866 837 958 893 τὸν
992 838 1245 910 Χριστὸν,
1278 837 1425 894 ἀλλὰ.
1456 836 1656 909 ἄλλην.
1695 862 1723 890 ι(
1752 837 1860 894 Elim

2077 841 2226 913 apite
2261 857 2274 894 :
2308 857 2429 895 non
2490 840 2762 910 primam,
2796 858 3011 913 nempe
3045 843 3200 912 quod
3232 849 3408 915 caput
3468 845 3683 901 habeat

256 926 364 982 καὶ
399 923 526 997 δόξα
558 931 694 981 Θεοῦ
744 927 1029 1003 ὑπάρχων.
1066 951 1095 979 ι)
1159 929 1339 986 Είκὼν
1394 933 1528 984 Θεοῦ
1558 930 1587 984 ὁ
1618 927 1862 1005 ἄνθρωπε

2082 931 2354 997 hristum,
2391 929 2492 985 sed
2523 930 2734 986 aliam:
2775 954 2801 981 α
2838 932 2981 988 Cum
3014 932 3092 987 sit
3142 933 3336 1003 imago
3386 939 3443 986 et
3501 934 3688 1005 gloria

256 1013 397 1071 οὔτε
425 1015 562 1071 κατὰ
587 1016 650 1070 τὸ
682 1020 860 1089 σῶμα,
894 1016 1015 1072 οὔτε
1062 1020 1196 1073 κατὰ
1244 1021 1346 1088 τὴν
1383 1020 1590 1095 ψυχὴν,
1623 1017 1769 1074 ἀλλὰ
1795 1039 1862 1073 κα

2079 1020 2162 1086 κεί,
2195 1039 2220 1070 ιι
2258 1021 2455 1091 Imago
2476 1021 2577 1074 Dei
2599 1025 2690 1075 est
2715 1021 2914 1086 homo,
2941 1038 3061 1076 non
3095 1020 3425 1077 secundum
3449 1039 3685 1094 corpus,

255 1107 330 1162 τὸ
365 1105 597 1180 ἀρχικὸν
635 1105 823 1177 μόνον.
881 1105 970 1167 Ὠς
1028 1108 1280 1162 ἁπάντων
1332 1107 1515 1163 τοίνυν
1568 1112 1678 1163 τῶν
1708 1106 1795 1163 ἐπὶ
1826 1130 1860 1182 γ

2083 1127 2147 1166 ec
2178 1111 2503 1166 secundum
2556 1112 2838 1177 animam,
2899 1111 3003 1167 sed
3068 1117 3296 1167 tantum
3360 1112 3685 1169 secundum

256 1197 371 1266 τὴν
442 1195 621 1273 ἀρχὴν
710 1196 1162 1269 πεπιστευμένος,
1253 1198 1410 1252 εἰκὼν
1475 1198 1862 1272 προσαγορεύετ

2080 1200 2597 1271 ominiumeago
2630 1201 2809 1273 igitur
2839 1200 2940 1256 Dei
2960 1200 3297 1272 appellatur
3326 1205 3392 1255 ut
3417 1201 3511 1255 cui
3545 1217 3683 1256 con-

259 1288 434 1341 Θεοῦ.
477 1285 538 1340 Ἠ
600 1281 659 1339 ὂὶ
713 1286 849 1359 γυνή
912 1286 985 1348 ὡς
1049 1286 1152 1341 ὑπὸ
1210 1288 1308 1357 τὴν
1337 1294 1436 1344 τοῦ
1466 1286 1659 1362 ἀνδρὸς
1690 1288 1865 1358 ἕξουσί

2076 1290 2329 1345 reditum
2389 1290 2466 1343 sit
2508 1289 2840 1345 dominium
2890 1306 3021 1361 quas
3055 1306 3232 1359 super
3276 1295 3497 1345 terram
3525 1294 3682 1347 sunt.

257 1373 527 1440 τελοῦσα,
556 1377 655 1428 τοῦ
684 1372 884 1450 ἀνδρός
929 1374 1038 1431 ἑστι
1071 1374 1221 1447 δόξα,
1250 1378 1339 1432 καὶ
1372 1380 1486 1433 οἷον
1515 1377 1718 1440 εἰκόνος
1752 1378 1863 1432 εἰκά

2077 1378 2249 1434 lulier
2267 1394 2405 1433 vero
2427 1383 2494 1432 ut
2521 1395 2652 1448 qum
2678 1377 2785 1434 sub
2806 1378 2916 1433 viri
2938 1383 3289 1449 potestatem
3325 1378 3565 1433 redacta
3587 1379 3683 1443 sit,

262 1464 478 1536 Ἀρχει
515 1464 607 1535 μὲν
639 1463 740 1538 γὰρ
792 1463 881 1517 καὶ
935 1464 1071 1535 αύτή
1107 1469 1216 1521 τῶν
1269 1464 1479 1534 ἄλλων,
1512 1467 1641 1523 ἀλλ’
1672 1466 1866 1522 ὑποτετ

2079 1469 2144 1522 iri
2204 1468 2395 1539 imago
2447 1473 2554 1534 est,
2582 1473 2640 1521 et
2698 1473 2981 1538 tanquam
3014 1467 3290 1539 imaginis
3321 1467 3534 1539 imago.
3570 1469 3685 1523 Do—

268 1563 408 1627 χθαι
438 1555 516 1622 τῷ
548 1548 700 1626 ἀνδρί
754 1553 1081 1629 προσετάγη.
1143 1580 1170 1607 α
1207 1555 1342 1625 Δόξα
1412 1560 1545 1611 Θεοῦ
1581 1556 1868 1631 ὑπάρχων.

2082 1559 2305 1613 ιίηαιιιι·
2337 1558 2630 1628 siquidem
2664 1565 2721 1613 et
2749 1559 2880 1629 ipsa
2910 1560 2970 1613 in
3016 1558 3153 1613 alia.
3215 1561 3289 1613 At
3338 1559 3575 1629 jussum
3635 1558 3688 1614 ei

268 1639 569 1698 Τουτέστιν
624 1642 774 1716 ἀρχή
832 1639 906 1696 ὤν
962 1649 1118 1713 Θεοῦ,
1176 1646 1268 1700 καὶ
1324 1646 1425 1701 ὑπὸ
1474 1647 1654 1721 ἀρχὴν
1685 1642 1757 1699 ὤν
1792 1652 1874 1701 Θει

2082 1653 2130 1703 st
2173 1648 2295 1701 viro
2361 1645 2657 1701 subditam
2722 1664 2924 1702 esse.«
2979 1648 3121 1702 Cum
3188 1647 3375 1720 gloria
3404 1648 3505 1703 Dei
3537 1653 3632 1703 sit.
3658 1667 3688 1700 ιι

264 1732 465 1804 μόνου.
521 1737 612 1787 Δεῖ
670 1732 763 1786 οὗν
824 1731 918 1787 τὸν
971 1728 1098 1789 ὄντα
1158 1735 1252 1808 μὶν
1309 1734 1402 1790 ὁπ’
1431 1734 1617 1790 οὐδένα
1646 1739 1753 1790 τῶν
1783 1734 1870 1789 ἐν·

2081 1738 2163 1791 loc
2193 1742 2302 1804 est,
2335 1751 2467 1791 cum
2502 1737 2602 1791 Dei
2626 1737 2992 1808 principatus
3026 1737 3103 1790 sit
3133 1742 3191 1791 et
3219 1737 3326 1792 sub
3360 1737 3545 1792 solius
3584 1737 3687 1792 Dei

258 1822 364 1895 γῇ,
431 1817 595 1875 αὺτὸν
652 1816 711 1874 δὲ
764 1818 1007 1895 ἄρχοντα
1060 1822 1312 1879 ἁπάντων
1361 1830 1468 1879 τῶν
1523 1825 1574 1881 ἐν
1631 1828 1698 1897 τῇ
1729 1828 1799 1900 γῇ
1842 1845 1864 1878 κ

2083 1825 2395 1897 rincipatu.
2457 1827 2699 1896 Oportet
2726 1836 2890 1898 gergo
2950 1840 3084 1881 eum
3118 1826 3217 1896 qui
3264 1824 3371 1879 sub
3402 1826 3568 1881 nullo
3599 1831 3689 1881 est

262 1909 443 1978 αὐτῆς
493 1916 590 1978 τῆς
655 1911 933 1985 γυναικὸς,
988 1914 1124 1984 μετᾶ
1179 1918 1287 1969 τῶν
1322 1910 1617 1988 συμϐόλων
1641 1922 1739 1984 τῆς
1768 1912 1868 1970 ἐλει

2083 1931 2243 1970 orum
2279 1931 2411 1986 quas
2441 1915 2504 1969 in
2534 1920 2695 1971 terra
2724 1920 2881 1982 sunt,
2917 1916 3043 1987 ipse
3097 1932 3232 1971 vero
3292 1916 3567 1987 princeps
3599 1920 3689 1971 est

265 1999 479 2073 θερίας,
538 1998 783 2054 τουτέστι
841 2006 941 2069 τῆς
1000 2000 1450 2059 ἀκατακαλύπτου
1493 2001 1734 2082 κεφαλῆς
1765 2023 1868 2077 προ

2082 2006 2307 2059 mnium
2338 2022 2471 2075 quas
2504 2010 2643 2060 sunt
2672 2005 2733 2060 in
2768 2010 2943 2071 terra,
2978 2010 3037 2059 et
3065 2005 3249 2075 ipsius
3282 2020 3519 2075 quoque
3552 2021 3682 2060 mu-

268 2087 407 2141 ιέναι
441 2092 577 2160 Θεῷ.
614 2087 710 2151 Εἷς
760 2088 863 2163 γὰρ
921 2086 1077 2162 δόξαν
1135 2096 1270 2146 Θεοῦ
1331 2089 1538 2169 ὀφείλει
1571 2092 1597 2147 ὁ
1630 2092 1765 2167 ἀνὴρ
1796 2092 1874 2147 ὑπε

2086 2096 2223 2163 eris,
2257 2111 2390 2151 cum
2414 2095 2685 2167 insigniis
2710 2094 3023 2161 libertatis,
3047 2100 3190 2166 puta
3214 2094 3443 2150 detecto
3471 2095 3686 2165 capite,

258 2177 534 2252 τετάχθαι
579 2180 661 2248 τῷ
712 2176 850 2249 Θεῷ,
906 2178 995 2233 καὶ
1045 2179 1122 2243 εἰς
1166 2177 1320 2250 δόξαν
1368 2178 1583 2255 ἀνδρὸς,
1618 2184 1652 2252 ἡ
1686 2184 1864 2255 γυνή·

2082 2185 2109 2239 [1
2131 2185 2315 2240 Deum
2340 2184 2644 2240 accedere.
2676 2184 2763 2238 Ad
2796 2185 2899 2239 Dei
2941 2186 3100 2239 enim
3122 2184 3373 2257 gloriam
3397 2183 3573 2239 debet
3599 2186 3688 2238 vir

261 2263 451 2341 ἀνδρί.
484 2266 554 2323 Τί
586 2263 645 2320 δὲ
674 2264 816 2321 ἑστιν
845 2266 924 2330 εἷς
979 2264 1173 2338 δόξανς
1233 2270 1517 2331 Εὐπειθῶς
1547 2268 1640 2325 καί
1672 2269 1867 2325 ἓκουσίι

2080 2275 2310 2329 abditus
2355 2291 2484 2330 esse
2527 2274 2669 2339 Deo,
2702 2278 2761 2329 et
2789 2274 2863 2330 ad
2885 2275 2991 2328 viri
3021 2275 3269 2346 gloriam
3292 2274 3513 2329 mulier
3542 2274 3686 2329 viro.

269 2356 413 2428 μετὰ
476 2359 651 2430 χαρᾶς
701 2355 953 2428 πράττειν
1011 2358 1077 2412 τὰ
1136 2357 1433 2433 ἀρέσκοντα
1489 2364 1624 2432 Θεῷ.
1658 2358 1870 2414 Ὦσαύτι

2086 2363 2185 2418 uid
2216 2367 2306 2417 est
2356 2369 2555 2417 autem
2612 2362 2685 2417 ad
2726 2362 3015 2433 gloriam?
3069 2363 3187 2417 Hoc
3245 2367 3353 2425 est,
3413 2368 3688 2434 prompta

267 2444 367 2499 καὶ
423 2446 461 2513 ἡ
517 2446 656 2519 γυνή
718 2444 973 2520 πράττειν
1029 2449 1096 2501 τὰ
1134 2446 1428 2522 ἆρέσκοντα
1481 2447 1562 2521 τῷ
1624 2446 1798 2523 ἀνδρί.
1846 2450 1873 2503 'I

2078 2450 2377 2505 bedientia
2435 2456 2494 2504 et
2548 2450 2877 2505 voluntarie
2908 2466 3043 2504 cum
3074 2451 3287 2521 gaudio
3320 2451 3513 2504 facere
3549 2467 3684 2521 quas

270 2534 367 2609 8_s
394 2534 533 2588 κατᾶ
567 2532 686 2608 βίαν
746 2533 838 2589 καὶ
896 2533 1040 2591 ἄκων
1099 2542 1276 2592 ποιῶν
1333 2537 1424 2593 καὶ
1474 2535 1784 2616 δυσφορῶν,
1822 2538 1876 2594 οὐ

2078 2553 2156 2594 ’ΘΟ
2190 2540 2447 2611 placent.
2480 2538 2765 2594 Similiter
2794 2543 2854 2593 et
2886 2538 3107 2593 mulier
3129 2539 3323 2593 facere
3347 2537 3523 2593 debet
3553 2555 3684 2608 quaa

270 2623 635 2678 ὑποτάσσεται
665 2622 738 2685 είς
797 2620 953 2694 δόξαν
1016 2630 1171 2680 Θεοῦ·
1232 2626 1491 2689 ὡσαύτως
1536 2624 1665 2682 οὐδὲ
1694 2629 1728 2697 ἡ
1762 2648 1876 2704 γυνη

2082 2629 2162 2683 iro
2196 2630 2469 2700 placent:
2504 2629 2586 2682 ita
2615 2632 2681 2681 ut
2721 2628 2820 2698 qui
2853 2632 3093 2682 coactus
3123 2632 3182 2681 et
3212 2626 3429 2680 invitus
3458 2626 3600 2680 facit
3629 2630 3688 2679 et

290 2712 370 2772 εἰς
432 2708 584 2779 δόξαν
621 2709 824 2787 ἀνδρός.
884 2716 1042 2769 Ὥστε
1101 2714 1182 2770 δεῖ
1231 2716 1531 2791 προθύμως
1590 2713 1896 2772 ἀκατακαλύ

2081 2719 2292 2773 raviter
2347 2717 2568 2784 ferens,
2627 2732 2747 2772 non
2775 2715 3053 2771 subditur
3083 2716 3157 2770 ad
3188 2715 3435 2788 gloriam
3474 2714 3593 2779 Dei,
3630 2719 3687 2767 et

294 2820 449 2860 πτως
478 2801 738 2871 προσιέναι
768 2803 907 2874 Θεῷ,
938 2804 1029 2857 καὶ
1070 2804 1169 2872 τήν
1220 2810 1450 2880 γυναῖκα
1481 2804 1737 2867 ὡσαύτως
1768 2826 1900 2860 κατα

2081 2808 2336 2875 imiliter,
2365 2823 2475 2862 nec
2506 2807 2722 2862 mulier
2751 2806 2824 2861 ad
2853 2807 2959 2860 viri
2986 2806 3519 2878 gloriam.0portet
3549 2818 3687 2874 ergo

290 2886 668 2952 καλύπτεσθαι.
705 2915 731 2942 α
768 2889 930 2962 Δόξαν
987 2897 1143 2949 Θεοῦ.
1179 2919 1201 2948 ι
1265 2894 1380 2963 Τῆς
1438 2893 1615 2969 ἀργῆς
1648 2895 1812 2950 αὐτοῦ
1840 2915 1896 2948 κα

2080 2904 2309 2971 rompto
2349 2900 2551 2955 animo
2579 2898 2769 2954 virum
2799 2899 2928 2953 sine
2985 2899 3359 2969 operimento
3405 2896 3479 2951 ad
3508 2898 3686 2951 Deum

273 2976 525 3047 ἐξουσίας
556 2980 617 3035 τὸ
646 2979 1005 3054 τιμιώτατον,
1040 2983 1115 3036 Δι’
1165 2982 1323 3038 αὐτὸν
1372 2982 1476 3061 γὰρ
1524 2983 1760 3058 μᾶλλον,
1794 2982 1830 3054 ἤ
1863 2982 1879 3038 ἓ

2077 2988 2339 3054 ccedere,
2402 2993 2460 3042 et
2510 2987 2823 3042 mulierem
2869 2985 3147 3042 similiter
3218 2985 3472 3040 velatam
3531 2997 3683 3039 esse.

276 3065 421 3123 ἄλλο
449 3088 499 3122 τι
533 3072 643 3123 τῶν
675 3069 725 3123 ἂν
755 3069 949 3143 κόσμῳ
1008 3068 1338 3144 δεδόξασται,
1366 3074 1454 3129 καὶ
1487 3074 1551 3127 τὸ
1584 3068 1882 3147 ὑπερϐἀλλι

2092 3075 2351 3129 Gloriam
2384 3074 2505 3130 Dei.
2542 3096 2571 3123 »
2603 3074 2752 3131 525
2788 3076 2936 3128 Puta
2984 3073 3143 3143 quod
3183 3073 3244 3126 in
3292 3071 3477 3142 ipsius
3523 3071 3682 3140 prin-

268 3164 369 3227 τῆς
430 3158 814 3237 χρηστότητος
871 3160 1037 3216 αὐτοῦ
1092 3161 1181 3216 καὶ
1243 3161 1655 3239 φιλανθρωπίαις
1711 3184 1874 3241 πεφαν

2079 3165 2231 3234 ipatu
2263 3178 2330 3217 ac
2362 3163 2627 3234 potentia
2671 3161 3262 3216 honorabilissimum
3295 3165 3401 3214 est.
3436 3161 3685 3229 Propter

270 3267 460 3322 ρωται.
521 3247 800 3311 Ὡσαύτως
878 3246 1004 3319 δόξα
1079 3248 1273 3324 ἀνδρὸς
1335 3254 1369 3320 ἡ
1427 3255 1589 3326 γυνή.
1660 3256 1775 3317 Τῆς
1824 3253 1876 3329 γε

2078 3267 2173 3306 um
2205 3252 2368 3306 enim
2401 3252 2586 3323 magis
2618 3264 2795 3321 quam
2821 3256 3063 3321 propter
3084 3249 3245 3304 aliud
3287 3247 3593 3319 quidpiam
3622 3246 3684 3301 in

265 3337 451 3412 ἀρχῆς
483 3337 648 3392 αὐτοῦ
704 3338 795 3392 καὶ
845 3336 1105 3409 ἐξουσίας,
1167 3336 1303 3407 αὕτη
1337 3340 1449 3396 ἐστι
1480 3342 1541 3395 τὸ
1572 3342 1871 3414 τιμιώτατο

2081 3340 2266 3394 ιυηάο
2296 3340 2663 3411 gloriﬁcatur
2692 3354 2706 3393 :
2743 3345 2799 3394 et
2829 3338 3166 3395 sublimitas
3210 3336 3687 3393 mansuetudinis

267 3421 343 3479 δι’
395 3424 465 3495 ἧς
526 3423 743 3498 μᾶλλον
800 3425 835 3496 ἢ
897 3425 970 3482 δι’
1026 3428 1214 3505 ῐτὲρου
1270 3451 1417 3493 τινος
1445 3431 1520 3484 ὧν
1558 3427 1739 3506 ἄρχει,
1789 3429 1873 3486 ἔστ

2081 3445 2109 3483 c
2149 3428 2531 3501 benignitatis
2578 3428 3010 3483 manifestatur.
3057 3428 3247 3483 Simili
3289 3425 3467 3482 modo
3497 3424 3687 3498 gloria

270 3514 419 3586 αύτῷ
487 3512 1000 3590 ἐγκαλλωπίζεσθαι
1054 3519 1141 3573 καὶ
1204 3515 1535 3589 δοξάζεσθαι·
1608 3540 1630 3570 ι
1674 3522 1811 3589 Γυνή

2077 3519 2145 3572 iri
2180 3523 2269 3573 est
2297 3518 2531 3573 mulier.
2557 3520 2701 3577 Nam
2733 3517 2860 3573 haec
2884 3517 3477 3573 honorabilissimum
3503 3520 3593 3569 est
3623 3514 3683 3568 in

268 3602 399 3677 δόξα
459 3602 651 3679 ἀνδρός
709 3603 874 3663 ἐστιν.
911 3632 939 3659 ››
998 3604 1309 3676 Τουτὲστιν,
1371 3610 1520 3685 ἀρχὴ
1575 3607 1792 3686 ἀνδρὸς,
1839 3632 1872 3665 κ

2073 3609 2201 3663 llius
2256 3607 2595 3680 principatu
2652 3626 2719 3663 ac
2776 3613 3088 3681 potestate,
3140 3623 3247 3679 per
3289 3623 3467 3678 quam
3494 3605 3679 3675 magis

271 3694 380 3747 ὑπὸ
422 3693 597 3768 ἀρχὴν
647 3690 861 3768 ἀνδρός.
920 3701 1011 3749 Δεῖ
1067 3697 1157 3750 οῦν
1210 3696 1380 3767 αὐτὴν
1412 3697 1545 3771 μετᾶ
1573 3702 1682 3753 τῶν
1721 3693 1877 3772 συμϐ‹

2072 3715 2214 3768 quam
2246 3715 2352 3770 per
2381 3698 2542 3754 aliud
2571 3714 2779 3753 eorum
2805 3698 3019 3769 quibus
3037 3696 3548 3762 dominatur,licet
3567 3694 3678 3766 ipsi

271 3781 387 3838 λων
419 3789 517 3851 τῆς
549 3782 828 3855 ὑποταγῆς
859 3786 997 3838 εἶναι
1031 3782 1133 3839 ἀεί.

2078 3795 2099 3842 t
2130 3788 2241 3859 ipsi
2279 3788 2513 3859 placeat
2541 3803 2608 3842 ac
2638 3787 2943 3858 glorietur.
2980 3810 3005 3837 ‹‹
3033 3787 3239 3842 Mulier
3268 3792 3464 3841 autem
3494 3784 3681 3853 gloria

272 3872 384 3927 viri
419 3878 533 3927 est.
578 3894 606 3923 »
640 3874 757 3927 Hoc
793 3879 883 3929 est
938 3875 1306 3947 principamS
1332 3876 1440 3931 viri
1482 3883 1540 3932 et
1585 3878 1693 3933 sub
1746 3878 2012 3933 dominio
2069 3877 2199 3931 viri.
2244 3878 2487 3946 Oportet
2515 3876 2693 3947 igitur
2721 3890 2850 3930 eam
2881 3891 3117 3946 semper
3147 3891 3275 3929 esse
3315 3887 3448 3928 cum
3479 3872 3680 3941 aliquo

273 3962 666 4032 subjectionis
696 3963 939 4019 indicio.

346 4050 428 4106 Ού
480 4051 581 4126 γὰρ
642 4048 782 4105 ἐστιν
843 4053 979 4126 ἀνὴρ
1035 4053 1094 4108 ἐκ
1154 4056 1426 4130 γυναικὸς,
1484 4055 1628 4111 ἀλλὰ
1686 4058 1823 4133 γυνή
1868 4055 1919 4127 ἐξ

2106 4056 2199 4124 XI,
2235 4058 2387 4112 8-13.
2413 4058 2531 4111 Non
2560 4054 2704 4109 enim
2736 4062 2812 4109 est
2842 4058 2931 4110 vir
2960 4072 3028 4109 er
3058 4056 3304 4120 muliere,
3338 4054 3430 4107 sed
3482 4052 3678 4106 mulier

267 4135 492 4212 ἀνδρός.
569 4139 675 4195 Καὶ
751 4142 853 4215 γὰρ
957 4141 1054 4196 ούκ
1153 4143 1372 4214 ἐκτίσθη
1452 4145 1583 4220 ἀνὴρ
1660 4141 1749 4199 διὰ
1819 4146 1873 4199 τί

2063 4162 2100 4199 ac
2128 4147 2267 4199 viro.
2319 4146 2500 4215 Neque
2557 4147 2699 4199 enim
2730 4151 2808 4200 est
2856 4146 2942 4198 vir
2966 4150 3178 4198 creatus
3212 4149 3445 4213 propter
3474 4141 3669 4195 mulie-

267 4232 522 4304 γυναῖκα,
597 4226 743 4284 ἀλλὰ
816 4231 953 4305 γυνὴ
1033 4228 1121 4286 διὰ
1184 4233 1275 4288 τὸν
1344 4230 1531 4307 ἄνδρα.
1600 4233 1697 4288 Διὰ
1758 4239 1873 4288 τοῦτ

2066 4250 2164 4301 em,
2193 4235 2287 4289 sed
2336 4235 2533 4289 mulier
2574 4239 2805 4304 propter
2860 4233 3060 4288 virum.
3106 4236 3338 4303 Propter
3370 4232 3471 4286 hoc
3518 4231 3672 4285 debet

267 4314 481 4394 ὀφείλει
540 4318 575 4386 ἡ
632 4317 767 4392 γυνὴ
850 4318 1091 4388 ἐξουσίαν
1150 4314 1295 4396 ἔχειν
1366 4321 1451 4376 ἐπὶ
1510 4328 1610 4391 τῆς
1675 4323 1873 4398 κεφαλί

2066 4324 2229 4378 mlier
2254 4324 2589 4394 potestatem
2635 4323 2834 4377 habere
2876 4325 2933 4377 in
2964 4325 3145 4392 capite
3165 4329 3400 4392 propter
3430 4321 3672 4390 angelos.

268 4402 362 4459 διὰ
416 4405 543 4467 τοὺς
602 4405 882 4480 ἀγγέλους.
939 4406 1094 4477 Πλὴν
1150 4408 1278 4465 οὕτε
1336 4410 1471 4486 ἀνὴρ
1531 4412 1708 4485 χωρίς
1738 4432 1871 4485 γυνα

2066 4414 2257 4483 iliaqui
2280 4429 2455 4484 neque
2482 4416 2569 4468 vir
2608 4414 2815 4482 absque
2838 4413 3089 4481 muliere,
3119 4427 3294 4482 neque
3323 4411 3525 4465 mulier
3548 4409 3672 4463 abs-

268 4495 390 4564 κὸς,
451 4491 573 4549 οὔτε
625 4497 762 4569 γυνὴ
838 4496 1016 4572 χωρὶς
1089 4494 1282 4573 ἀνδρὸς
1346 4499 1398 4555 ἐν
1455 4499 1657 4576 Κυρίῳ.
1717 4503 1874 4556 Ὥσπι

2069 4519 2134 4557 ue
2174 4504 2294 4557 viro
2336 4505 2392 4557 in
2435 4505 2686 4558 Domino.
2722 4499 3185 4567 Quemadmodum
3230 4500 3430 4555 mulier
3459 4516 3528 4553 ea:
3552 4500 3671 4553 viro

273 4582 382 4657 γὰρ
422 4584 456 4650 ἡ
514 4584 651 4656 γυνή
703 4583 761 4637 ἐκ
816 4588 913 4638 τοῦ
972 4582 1185 4661 ἀνδρὸς,
1240 4588 1417 4649 οὕτως
1474 4588 1563 4642 καὶ
1595 4588 1790 4663 ὁάνὴρ
1842 4587 1869 4644 δ

2070 4598 2136 4658 st,
2162 4594 2242 4648 ita
2270 4599 2323 4648 et
2377 4595 2464 4647 vir
2508 4608 2613 4664 per
2667 4594 2987 4647 mulierem:
3019 4590 3210 4646 omnia
3263 4604 3388 4647 vero
3446 4604 3515 4643 ea:
3541 4591 3676 4645 Deo.

272 4677 375 4740 τῆς
410 4670 683 4747 γυναικός.
743 4673 823 4729 Τὰ
881 4670 937 4727 δὲ
993 4675 1168 4729 πάντα
1222 4675 1281 4730 ἐκ
1334 4680 1431 4729 τοῦ
1487 4680 1641 4731 Θεοῦ.
1673 4677 1759 4733 Ἐν
1796 4684 1878 4751 ὺμ“

2067 4688 2184 4736 nter
2212 4699 2304 4737 vos
2336 4685 2479 4753 ipsos
2514 4682 2772 4752 judicate
2793 4699 2811 4736 :
2840 4698 2971 4736 num
3001 4682 3253 4735 decorum
3286 4686 3363 4735 est
3394 4676 3673 4734 mulierem

276 4758 465 4821 αὐτοῖς
494 4761 737 4834 κρίνατε,
794 4762 999 4835 πρέπον
1054 4761 1162 4818 ἐστι
1215 4769 1441 4840 γυναῖκα
1476 4763 1882 4821 ἀκατακάλυπτ(

1054 4761 1162 4818 ἐστι
1215 4769 1441 4840 γυναῖκα
1476 4763 1921 4821 ἀκατακάλυπτον
2032 4786 2141 4825 non
2173 4770 2409 4826 velatam
2438 4768 2648 4826 orare?

272 4846 355 4920 τῷ
384 4851 502 4921 Θεῷ
531 4848 928 4925 προσεύχεσθαι
953 4869 967 4918 ;

350 4938 462 5025 Τὰς
521 4938 798 5018 ὑπεροχὰς
855 4939 1139 5016 καταλέγει
1196 4947 1292 4997 τοῦ
1343 4941 1558 5018 ἀνδρὸς,
1592 4941 1754 5007 δι’ἃς
1780 4947 1926 5018 αὐτῷ

2107 4952 2225 5007 Viri
2274 4953 2686 5023 praerogativas
2725 4951 3006 5016 ostendit,
3061 4958 3303 5025 propter
3359 4968 3505 5024 quas
3563 4953 3675 5024 ipsi

275 5026 340 5081 τὸ
372 5022 557 5102 ἄρχειν
604 5024 839 5086 δέδοται.
905 5053 926 5079 α
965 5030 1061 5085 Διά
1116 5034 1278 5087 τοῦτο
1334 5032 1562 5112 ὀφείλει.
1594 5058 1621 5086 ››
1677 5035 1774 5089 Διὰ
1828 5037 1881 5089 τέ

2078 5049 2235 5098 atum
2272 5022 2360 5096 est
2389 5022 2705 5095 dominari.
2732 5062 2759 5091 ‹‹
2794 5040 3041 5112 Propter
3064 5022 3403 5097 boc'dehet.
3442 5064 3470 5091 »
3502 5022 3677 5114 Prop-

274 5117 587 5192 εἰρημένας,
654 5118 840 5194 φησὶν,
917 5119 1091 5183 αἰτίας
1159 5121 1365 5200 ὀφείλει
1441 5124 1678 5198 ἐξουσίαν
1753 5120 1880 5202 ἔχεν

2067 5149 2126 5186 er
2155 5129 2592 5200 dictas,inquit,
2617 5144 2824 5185 causas
2857 5127 3031 5185 debet
3060 5135 3412 5202 potestatem
3436 5130 3673 5196 habere,

269 5208 545 5263 τουτέστιν
600 5206 887 5281 κᾶλυμμα,
948 5208 1036 5263 ἳνα
1095 5210 1347 5291 φαίνηται
1406 5212 1490 5270 ὅτι
1550 5214 1653 5270 ὑπό
1685 5215 1875 5287 ἕξουσί(

2069 5221 2095 5275 1
2128 5225 2217 5275 est
2246 5220 2682 5291 operimentum
2710 5236 2722 5273 :
2751 5225 2815 5275 ut
2842 5220 3224 5276 manifestum
3257 5219 3359 5276 flat
3389 5220 3545 5291 quod
3568 5219 3675 5275 sub

268 5296 550 5373 τυγχάνει.
612 5297 687 5351 Τὸ
742 5297 843 5371 γὰρ
899 5292 1166 5372 κάλυμμα
1220 5302 1370 5356 κάτω
1426 5302 1594 5359 νεύειν
1645 5304 1735 5360 καὶ
1766 5326 1874 5361 κεκι

2076 5312 2278 5368 [terius
2308 5318 2599 5383 potestate
2630 5312 3177 5383 sit.0perimentum
3209 5312 3367 5368 enim
3401 5314 3676 5368 deorsum

270 5388 421 5463 φέναι
478 5389 650 5454 ποιεῖ,
710 5386 846 5459 ’ὸπερ
902 5383 1180 5461 σύμϐολόν
1238 5388 1349 5445 ἐστι
1406 5392 1494 5447 καὶ
1530 5390 1795 5449 δεικτικὸν
1826 5416 1876 5451 τε

2070 5402 2329 5473 eSpicere
2363 5416 2431 5457 ac
2470 5400 2765 5456 inclinare
2796 5400 2955 5467 facit,
3010 5401 3164 5473 quod
3217 5402 3451 5475 signum
3487 5408 3575 5456 est
3620 5410 3676 5456 et

272 5474 534 5549 ἄρχεσθαι
591 5473 775 5543 αὑτήν.
817 5475 935 5561 εἫ
1000 5478 1137 5550 γυνὴ
1202 5477 1439 5549 ἐξουσίαν
1499 5476 1669 5561 ἔχειν.
1707 5506 1735 5536 ‹‹
1765 5488 1878 5538 Του¹

2073 5490 2397 5545 stensivum
2429 5489 2586 5561 quod
2616 5488 2723 5543 sub
2756 5488 3017 5544 dominio
3052 5490 3143 5544 sit.
3184 5473 3417 5545 «Debet
3465 5491 3678 5545 mulier

277 5565 384 5620 ἐστι
443 5564 544 5631 τὴν
602 5582 697 5617 του
755 5560 947 5637 ἀνδρὸς
1005 5564 1244 5633 ἐξουσίαν
1298 5570 1388 5623 καὶ
1441 5560 1739 5644 κυριξτητα
1784 5573 1883 5645 ᾗπε

2067 5584 2389 5635 ›οῐεείαὶθηι
2418 5560 2658 5634 habere.
2696 5599 2723 5627 ››
2758 5578 2875 5633 Hoc
2908 5585 2996 5634 est
3026 5577 3135 5633 viri
3193 5584 3547 5652 potestatem
3609 5596 3673 5634 ac

283 5654 585 5720 ὑπόκειται,
645 5651 849 5743 ὀιρείλει
910 5647 1077 5729 ἔχειν,
1108 5657 1225 5743 ⁸καὶ
1278 5655 1667 5715 ἐπιδείκνυσθαι
1702 5661 1783 5716 ἐπ’
1829 5662 1889 5717 αὖ

2076 5668 2366 5724 ominium
2397 5667 2490 5724 cui
2524 5667 2791 5739 subjacet
2812 5666 2989 5724 debet
3022 5647 3239 5725 habere
3268 5676 3324 5724 et
3344 5670 3406 5725 in
3436 5670 3565 5743 ipso
3589 5682 3678 5725 ca-

277 5750 373 5812 τῆς
404 5748 504 5811 τῆς
562 5741 822 5818 κεῳιλῆς,
879 5744 1047 5797 Τοῦτο
1102 5740 1159 5798 δὲ
1214 5749 1330 5808 πῶς
1386 5750 1792 5823 κατορθοῦταιῇ
1827 5760 1883 5806 Δι

2075 5757 2153 5815 ite
2206 5757 2540 5815 ostendere.
2590 5756 2707 5813 Hoc
2748 5762 2945 5815 autem
2993 5760 3290 5830 quomodo
3322 5740 3681 5830 continget?
