4068 6254
384 409 503 468 799
1503 400 1918 464 (ECUMENII
1963 398 2264 460 TRICCJE
2306 399 2662 461 EPlSCOPI
3696 396 3810 456 800

387 546 498 598 Per
553 544 664 598 hoc
706 542 864 614 quod
898 547 1143 614 tegatur.
1184 541 1319 596 ldeo
1367 541 1560 612 ipsum
1595 553 1833 610 quoque
1863 543 2028 608 tegu-

2167 537 2236 588 κοῦ
2266 533 2788 590 κατακαλύπτεσθαι.
2823 535 2916 590 Διὸ
2966 534 3054 590 καὶ
3106 534 3240 591 αὐτό
3273 537 3331 591 τὸ
3359 532 3812 605 κατακάλυμμα,

385 639 653 688 mentum
682 632 892 686 merito
927 636 1188 702 potestas
1241 631 1433 684 vocari
1486 633 1700 700 potest,
1734 625 1888 697 quod
1923 642 2030 696 po-

385 723 613 776 testatis
644 738 711 776 ac
742 720 990 776 dominii
1014 717 1666 774 viridemonstrativum
1697 716 1774 769 sit
1805 720 1863 769 et
1885 730 2030 785 pra)-

384 811 761 866 sentativum.
817 809 981 874 Quod
1013 813 1212 864 autem
1272 806 1438 862 addit
1471 822 1484 860 :
1514 829 1541 855 ‹‹
1577 807 1826 876 Propter
1855 818 2033 873 ange-

383 899 494 967 los,
537 921 564 949 »
627 899 686 952 id
735 898 881 953 mihi
933 898 1194 952 indicare
1253 896 1502 951 videtur.
1548 896 1838 960 Quoniam
1870 891 2031 947 enim

388 1005 626 1044 causam
650 1005 754 1042 cur
785 987 1002 1042 mulier
1035 986 1302 1057 subjecta
1326 1001 1454 1040 esse
1486 983 1716 1045 debeat,
1751 981 2030 1051 assignat:

389 1079 528 1148 quia
558 1094 676 1132 non
708 1083 800 1132 est
828 1077 914 1130 vir
939 1082 1172 1131 creatus
1213 1081 1455 1146 propter
1507 1071 1818 1126 mulierem
1855 1086 1867 1122 :
1902 1085 2031 1122 rur-

391 1183 639 1236 sumque
671 1165 814 1220 dicit
843 1165 916 1220 ob
949 1164 1010 1220 id
1042 1169 1314 1236 oportere
1341 1177 1471 1216 eam
1500 1165 1906 1232 tegumentum
1939 1157 2036 1211 ha-

388 1256 549 1322 bere,
583 1255 742 1327 quod
771 1255 878 1309 viri
910 1259 1263 1326 potestatem
1288 1267 1466 1322 super
1485 1251 1674 1322 ipsam
1703 1252 2034 1311 attestetur,

389 1345 794 1416 subjungens:
827 1366 856 1393 ‹‹
891 1344 1142 1414 Pr0pter
1171 1340 1434 1413 angelos,
1470 1363 1498 1389 ››
1533 1339 1830 1411 significat
1875 1334 2035 1407 quod

389 1434 530 1489 licet
558 1433 618 1488 id
646 1433 839 1488 facere
870 1433 1042 1499 nolit,
1070 1448 1138 1486 eo
1169 1431 1328 1501 quod
1358 1429 1632 1485 homines
1662 1433 1952 1491 vereatur,
1977 1430 2037 1480 at

389 1523 478 1578 vel
507 1528 747 1594 propter
803 1521 1044 1594 angelos
1101 1520 1386 1591 pudefiat,
1445 1518 1598 1576 526
1623 1517 1723 1588 qui
1757 1521 1937 1571 testes
1968 1531 2036 1569 ac

391 1617 809 1682 conspectores
861 1609 1000 1664 facti
1033 1613 1174 1663 sunt
1212 1606 1598 1678 subjectionis
1641 1605 1851 1675 ipsius.
1893 1604 2035 1657 Nam

2146 621 2371 684 εἷ’κότῶς
2404 623 2462 677 ἂν
2504 623 2714 696 ἐξουσία
2752 623 3010 694 κληθείη,
3071 625 3146 686 ὡς
3199 631 3299 694 τῆς
3347 629 3458 680 τοῦ
3493 619 3708 696 ἀνδρὸς
3739 621 3818 692 ἒξ-

2146 712 2328 774 ουσίας
2403 713 2490 766 καὶ
2560 713 2884 787 κυριότητος
2969 712 3292 769 ἐνδεικτικὸν
3381 713 3669 789 ὑπάρχον
3738 714 3821 764 καὶ

2145 802 2558 874 παραστατικὸν.
2620 803 2692 860 Τὸ
2751 798 2828 857 δέ·
2890 827 2918 854 (ι
2951 804 3050 857 Διά
3088 802 3214 863 τοὺς
3247 801 3561 876 ἀγγέλους,
3597 825 3628 851 ι»
3663 802 3824 856 τοῦτό

2149 910 2242 962 μοι
2270 890 2419 944 δοκεῖ
2450 887 2788 961 ὑποδηλοῦν.
2819 888 3041 960 Ἐπειδῆ
3084 891 3190 966 γὰρ
3223 890 3394 946 αἰτίαν
3430 894 3548 945 τοῦ
3584 889 3828 968 ὀφείλειν

2148 977 2548 1054 ὑποστετάχθαι
2603 983 2682 1051 τῷ
2740 977 2889 1056 ἂνδρὶ
2945 981 3044 1048 τήν
3087 985 3317 1054 γυναῖκα
3365 978 3581 1057 φησὶν,
3618 979 3710 1032 ὅτι
3739 977 3834 1032 οὐκ

2145 1064 2362 1136 ἐκτίσθη
2393 1067 2530 1140 ἀνήρ
2591 1065 2682 1122 διὰ
2733 1069 2832 1138 τὴν
2892 1074 3144 1145 γυναῖκα,
3175 1068 3449 1124 ἀνάπαλιν
3490 1065 3582 1136 δὲ,
3619 1068 3718 1122 καὶ
3751 1064 3833 1121 διὰ

2143 1159 2304 1211 τοῦτο
2337 1153 2416 1210 δεῖ
2447 1153 2595 1234 ἔχειν
2629 1156 2795 1226 αὐτὴν
2841 1159 2902 1212 τὸ
2934 1157 3341 1231 κατακάλυμμα
3369 1160 3476 1227 τὴν
3519 1157 3622 1212 ὑπ’
3656 1157 3832 1224 αὐτῆς

2146 1245 2386 1316 ἐξουσίαν
2417 1251 2514 1301 τοῦ
2566 1245 2761 1320 ἀνδρὸς
2817 1248 3225 1324 ὁμολογοῦσαν,
3282 1249 3627 1325 ἐπαγαγών·
3679 1270 3703 1300 ο
3745 1248 3836 1300 Διά

2145 1333 2270 1396 τοὺς
2297 1335 2585 1411 ἀγγέλους,
2618 1361 2646 1388 ››
2678 1333 2840 1404 δηλοῖ
2868 1338 2950 1392 ὅτι
3005 1337 3048 1392 εἰ
3079 1335 3170 1392 καί
3205 1339 3282 1410 μὴ
3313 1337 3441 1401 τοὺς
3486 1337 3835 1411 ἀνθρώπους

2148 1423 2518 1499 αἰσχυνομένη
2581 1425 2680 1480 οὐκ
2735 1424 2907 1489 ἐθέλει
2963 1429 3124 1481 τοῦτο
3172 1431 3367 1493 ποιεῖν,
3419 1424 3572 1480 ἀλλ’
3609 1424 3717 1479 οῦν
3752 1425 3838 1477 αἱ·

2148 1514 2436 1588 σχυνθήτω
2464 1515 2591 1576 τοὺς
2646 1514 2941 1591 ἀγγέλους,
3001 1515 3054 1569 οἳ
3116 1515 3384 1589 μάρτυρες
3420 1516 3524 1570 καὶ
3589 1514 3836 1570 ἐπόπται

2148 1605 2463 1680 γεγένηνται
2492 1613 2594 1674 τῆς
2651 1606 2930 1680 ὑποταγῆς
2988 1605 3176 1676 αὐτῆς.
3238 1606 3408 1661 Αὐτοὶ
3473 1605 3624 1682 γάρ,
3663 1604 3833 1659 εἶκαὶ

393 1701 503 1756 etsi
552 1699 846 1768 homines,
879 1712 1078 1753 tamen
1111 1697 1224 1766 ipsi
1268 1699 1706 1764 conspexerunt
1731 1691 1889 1762 quod
1916 1707 2036 1744 non

2167 1695 2229 1762 ιή
2262 1693 2562 1769 ἄνθρωποι,
2620 1694 2920 1770 ἐφορῶντες
2973 1695 3110 1763 ἦσαν
3168 1694 3326 1750 αὑτὸν
3361 1693 3543 1767 ἄνδρα
3576 1694 3691 1749 οὐκ
3723 1693 3830 1747 ἀπὸ

393 1790 479 1844 vir
500 1805 534 1844 a
563 1786 948 1854 muliere,sed
980 1785 1196 1841 mulier
1224 1802 1259 1840 a
1290 1785 1413 1838 viro
1443 1779 1843 1855 generationis
1873 1779 2038 1849 prin-

2167 1790 2245 1852 πῆς
2279 1785 2553 1858 γυναικὸς,
2584 1781 2711 1838 ἀλλ’
2771 1784 2938 1852 αὐτὴν
2998 1782 3058 1838 ἐκ
3111 1788 3210 1838 τοῦ
3253 1781 3449 1857 ἀνδρὸς
3481 1786 3602 1853 τήν
3637 1783 3826 1858 ἀρχὴν

393 1879 613 1950 cipium
671 1876 986 1947 acceperit.
1019 1897 1047 1923 «
1104 1877 1354 1944 Pr0pter
1412 1870 1672 1943 angelos.
1707 1889 1730 1912 υ
1763 1869 2037 1923 Clemens

2167 1878 2248 1941 τῆς
2303 1873 2562 1946 γενέσεως
2621 1867 2914 1931 λαϐοῦσαν.
2974 1897 3002 1924 ‹‹
3037 1874 3136 1927 Διὰ
3183 1872 3314 1934 τοὺς
3355 1872 3672 1947 ἀγγέλους.
3710 1896 3739 1922 η
3772 1872 3830 1928 Ὁ

395 1968 566 2022 tertio
597 1963 1046 2029 Ὑποτυπώσεων,
1087 1962 1146 2016 id
1195 1967 1283 2016 est
1339 1961 1804 2028 Informationum
1858 1957 2034 2021 libro,

2167 1963 2380 2033 [λήμης
2471 1960 2522 2016 ἐν
2595 1959 2764 2035 τρίτῳ
2837 1965 2945 2016 τῶν
3024 1962 3449 2028 ὑποτυπώσεων,
3527 1960 3823 2038 ἀγγέλους

393 2055 635 2126 angelos
675 2054 819 2108 dicit
866 2052 1062 2123 justos
1095 2068 1163 2106 ac
1219 2048 1436 2121 probos
1494 2048 1668 2102 viros.
1727 2046 2038 2117 Operiatur

2167 2049 2272 2120 mai
2304 2051 2429 2112 τοὺς
2486 2047 2725 2112 δικαίους
2783 2051 2873 2104 καὶ
2931 2049 3232 2124 ἐναρέτους.
3286 2052 3824 2113 Κατακαλυπτέσθω

394 2161 529 2215 ergo
587 2159 660 2196 ne
713 2142 788 2197 ad
847 2145 1117 2211 stuprum
1147 2140 1221 2193 sit
1253 2139 1338 2194 eis
1377 2136 1736 2192 offendicula
1773 2152 1947 2190 :nam
1983 2139 2039 2187 et

2167 2139 2258 2207 ιῦν,
2287 2139 2373 2193 ἳνα
2406 2141 2482 2211 μὴ
2539 2139 2613 2201 εἷς
2664 2137 2912 2214 πορνείαν
2949 2140 3143 2194 αὐτους
3202 2137 3574 2213 σκανδαλίσῃ,
3613 2140 3687 2198 Οἱ
3723 2140 3824 2215 γὰρ

396 2234 494 2305 qui
525 2248 658 2286 vere
708 2233 769 2286 in
801 2231 962 2286 cmlis
995 2235 1134 2285 sunt
1183 2229 1398 2300 angeli,
1432 2229 1622 2299 ipsam
1654 2226 1793 2281 licet
1821 2230 2037 2280 tectam

2167 2225 2310 2290 ἱντως
2373 2229 2463 2282 καὶ
2530 2227 2581 2282 ἐν
2648 2227 2900 2302 οὐρανοῖς
2956 2227 3202 2305 ἄγγελοι,
3233 2228 3322 2283 καὶ
3372 2228 3819 2300 κατακεκαλυμ-

397 2324 723 2378 intuentur.
762 2321 814 2374 Si
850 2321 979 2386 viri,
1014 2319 1228 2390 inquit,
1266 2323 1614 2389 potestatem
1649 2315 1925 2387 despicis,
1949 2313 2038 2368 vel

2167 2317 2312 2386 ιένην
2342 2315 2508 2386 αὖτὴν
2552 2315 2863 2392 βλέπουσιν.
2925 2316 2992 2374 Ei
3042 2317 3142 2384 τῆς
3199 2321 3296 2373 τοῦ
3353 2317 3584 2392 ἀνδρὸς,
3624 2317 3821 2395 φησὶν,

394 2411 638 2484 angelos
670 2427 890 2477 verere,
910 2427 984 2465 ne
1019 2410 1104 2464 eis
1135 2407 1315 2462 veluti
1339 2423 1472 2462 rasa
1488 2422 1798 2478 apparcas,
1823 2410 1880 2459 et
1911 2410 2039 2458 tan-

2167 2405 2382 2476 ,ξουσίαν
2425 2411 2801 2484 καταφρονεῖς,
2860 2405 2957 2460 κᾶν
3011 2405 3142 2468 τοῦς
3199 2406 3469 2482 ἀγγέλους
3501 2404 3817 2476 αἰδέσθητε,

392 2518 568 2573 quam
590 2500 852 2555 renitens
885 2499 1322 2570 potestati,quae
1354 2513 1388 2552 a
1420 2497 1536 2551 Deo
1588 2494 1694 2549 tibi
1749 2493 2037 2564 superim-

2168 2515 2231 2548 να
2274 2497 2349 2567 μή
2382 2493 2567 2558 αὐτοῖς
2606 2493 2657 2549 ἐν
2709 2494 2816 2568 ’ἰσῳ
2849 2496 3014 2571 φαίνῃ
3069 2497 3136 2568 τῇ
3197 2494 3530 2569 ἐξυρημένῃ,
3563 2496 3658 2550 καὶ
3690 2495 3806 2549 οἷον

390 2592 582 2662 posita
613 2597 719 2644 est.
756 2613 782 2639 ι(
820 2589 1056 2658 Alioqui
1090 2602 1284 2658 neque
1310 2586 1396 2640 vir
1425 2585 1650 2654 absque
1707 2583 1977 2637 muliere.
2011 2603 2039 2630 »

2167 2585 2467 2656 ινταίρουσα
2496 2583 2632 2638 κατὰ
2686 2590 2788 2652 τῆς
2849 2583 2951 2639 ὑπὸ
3008 2588 3147 2638 Θεοῦ
3196 2604 3280 2638 σοι
3333 2582 3622 2654 ἐπιθείσης
3657 2583 3804 2653 ἐξου-

393 2681 682 2745 Quoniam
713 2679 968 2733 multum
994 2677 1289 2748 depressit
1320 2674 1633 2728 mulierem
1664 2672 1867 2726 dicens
1884 2669 2042 2741 quod

2167 2671 2282 2733 τίας.
2319 2696 2346 2723 ι(
2379 2673 2535 2741 Πλὴν
2594 2671 2718 2728 οὔτε
2778 2673 2909 2747 ἀνὴρ
2971 2674 3149 2747 χωρὶς
3200 2671 3478 2748 γυναικός.
3513 2697 3541 2723 »ι
3578 2667 3787 2737 Ἐπειδὴ

393 2768 465 2822 de
496 2769 619 2822 viro
655 2773 764 2834 est,
799 2773 856 2821 et
903 2770 1144 2836 propter
1190 2763 1385 2833 ipsum
1442 2760 1616 2825 facta,
1652 2765 1710 2814 et
1741 2756 1848 2812 sub
1880 2756 2043 2810 illius

2167 2760 2290 2817 πολὺ
2321 2763 2599 2838 κατήγαγε
2623 2761 2721 2830 τὴν
2753 2765 3002 2836 γυναῖκα,
3048 2760 3214 2816 εἰπὼν
3261 2762 3344 2815 ὃτι
3386 2759 3449 2815 ἐκ
3475 2765 3572 2816 τοῦ
3602 2758 3782 2831 ἀνδρός

397 2861 744 2927 potestatem
791 2854 1075 2910 redacta:
1133 2868 1292 2906 nunc
1342 2848 1685 2904 moderatur
1715 2845 1864 2900 illud
1915 2846 2041 2900 :Ne

2167 2872 2260 2904 ;στι
2291 2851 2382 2904 καὶ
2415 2847 2483 2904 δι’
2516 2851 2681 2905 αὐτὸν
2737 2852 2948 2926 γέγονε,
3005 2850 3096 2904 καὶ
3157 2850 3258 2904 ὑπὸ
3315 2852 3416 2919 τὴν
3461 2849 3612 2904 αὐτοῦ
3638 2850 3772 2916 £500-

399 2945 565 3006 mihi,
594 2943 808 3014 inquit,
835 2959 901 2997 ea
924 2959 1054 3013 qua:
1085 2941 1146 2996 in
1169 2941 1363 3011 prima
1382 2938 1683 2993 creatione
1709 2936 1863 2990 facta
1884 2939 2042 2999 sunt,

2167 2938 2262 2994 τίαν
2289 2937 2458 3007 τελεῖ,
2492 2943 2582 2992 νῦν
2645 2937 2955 3010 διορθοῦται
3008 2939 3165 2997 αὐτό.
3221 2939 3310 3006 Μὴ
3361 2939 3460 3012 γάρ
3485 2959 3588 3008 μοι,
3616 2932 3751 3012 ςησέ,

397 3035 641 3102 referas,
677 3034 776 3089 sed
811 3033 884 3088 ad
926 3048 995 3087 ea
1025 3048 1157 3102 quae
1189 3046 1348 3085 nunc
1381 3031 1532 3083 fiunt
1553 3026 1784 3081 accede.
1821 3026 1962 3080 Nam
1996 3023 2044 3078 si

2167 3030 2246 3098 τὴν
2275 3029 2496 3101 πρώτην
2559 3027 2687 3104 λέγε
2742 3024 3125 3102 δημιουργίαν,
3185 3025 3311 3082 ἀλλ’
3345 3027 3467 3083 exet
3488 3025 3556 3088 εἷς
3576 3024 3636 3079 τὲ
3657 3026 3757 3076 νῦν.

399 3124 716 3196 prtesentia
740 3123 1031 3194 requiras,
1065 3121 1317 3192 quisque
1348 3119 1533 3174 altero
1565 3121 1716 3185 eget,
1743 3120 1809 3169 ut
1833 3114 1894 3169 in
1917 3129 2046 3168 esse

2167 3120 2245 3173 ’Δν
2275 3119 2378 3194 γὰρ
2408 3117 2475 3171 τὰ
2502 3121 2590 3170 νῦν
2624 3120 2815 3190 ζητῇς,
2868 3118 2944 3176 εἷς
2992 3113 3246 3190 ἑκατέρου
3279 3117 3418 3190 πρὸς
3446 3118 3542 3185 τήν
3571 3111 3768 3187 εξιτεαρξιν

397 3217 764 3285 permaneat.
801 3210 1024 3266 Deinde
1057 3207 1362 3280 subjungit
1393 3225 1404 3262 :
1433 3230 1459 3256 ‹‹
1488 3211 1549 3261 In
1573 3205 1844 3260 Domino.
1880 3225 1908 3251 ››
1929 3203 2047 3257 Hoc

2167 3206 2382 3261 ῑέονται.
2441 3205 2574 3261 Εἶτα
2624 3204 2828 3278 ἐπάγει·
2890 3207 3036 3262 «Ἐν
3097 3204 3300 3280 Κυρίῳ,
3335 3229 3363 3256 υ
3424 3202 3666 3260 τουτέστι
3704 3198 3788 3255 διὸ.

400 3307 509 3365 est,
567 3305 808 3371 propter
861 3298 1202 3362 Dominum,
1234 3297 1374 3366 quia
1422 3295 1548 3365 ipse
1579 3311 1681 3348 eos
1715 3292 1953 3357 creavit,
1986 3296 2050 3344 ut

2167 3295 2245 3351 τὸν
2280 3295 2494 3370 Κύριον,
2528 3293 2713 3365 ἐπειδὴ
2763 3294 2923 3358 αὐτὸς
2980 3291 3414 3368 ἐδημιούργησεν
3446 3295 3590 3348 εἶναι
3623 3291 3798 3348 αὐτοὺς

407 3389 518 3442 sibi
550 3393 754 3442 mutuo
783 3403 975 3441 causm
1003 3391 1220 3440 essent.
1245 3385 1511 3438 Primum
1539 3397 1795 3450 namque
1828 3379 2053 3451 princi-

411 3477 574 3547 pium
605 3476 715 3529 fuit
769 3475 895 3544 ipse
927 3473 1234 3528 Dominus.
1272 3500 1295 3523 α
1318 3473 1387 3526 Et
1407 3471 1492 3524 vir
1516 3487 1623 3541 per
1653 3469 1987 3524 mulierem.
2026 3491 2051 3516 »

405 3564 728 3621 Considera
777 3563 944 3617 Pauli
1005 3561 1382 3631 sapientiam.
1444 3561 1569 3614 Non
1613 3557 1903 3613 dixitzEx
1930 3573 2052 3611 mu-

403 3654 573 3719 liere,
605 3651 707 3707 sed
743 3670 755 3706 :
795 3674 820 3699 ‹‹
842 3653 954 3705 Per
985 3649 1300 3704 mulierem
1335 3672 1363 3697 ››
1389 3663 1602 3719 nempe
1655 3645 1814 3716 quod
1875 3645 2051 3700 etiam

405 3742 536 3813 ejus
565 3741 742 3808 rei,ut
772 3742 858 3794 vir
889 3741 964 3794 sit
989 3755 1094 3810 per
1123 3737 1448 3802 mulierem,
1481 3752 1661 3792 causa
1682 3736 1759 3790 sit
1788 3735 1913 3806 ipse
1945 3735 2051 3801 vir,

409 3840 694 3904 tanquam
716 3831 1004 3903 originale
1038 3829 1417 3901 principium;
1439 3827 1702 3882 Primum
1733 3826 1893 3880 enim
1925 3842 2054 3879 mu-

406 3922 518 3977 lier
549 3938 616 3976 ex
648 3923 771 3975 viro
805 3922 958 3975 facta
985 3925 1094 3986 est,
1126 3935 1247 3973 non
1279 3918 1365 3972 vir
1395 3934 1465 3972 ex
1515 3916 1763 3972 muliere
1800 3933 1812 3971 :
1869 3932 2058 3986 quan-

409 4019 536 4066 tum
570 4027 704 4065 vero
733 4010 806 4066 ad
838 4026 907 4064 ea
937 4025 1067 4080 quae
1109 4025 1268 4063 nunc
1300 4013 1460 4075 sunt,
1493 4022 1836 4078 quanquam
1867 4006 1953 4059 vir
1987 4021 2057 4059 ex

409 4099 658 4154 muliere
691 4100 786 4167 sit,
814 4114 1053 4154 rursum
1077 4102 1273 4153 tamen
1305 4113 1411 4167 per
1441 4095 1756 4152 mulierem
1783 4094 1870 4149 vir
1890 4095 2056 4166 prin-

411 4189 634 4260 cipium
667 4194 774 4243 est.
815 4187 1037 4243 Idcirco
1069 4204 1190 4242 non
1223 4185 1373 4240 dixit
1408 4202 1420 4240 :
1455 4185 1535 4240 Ex
1593 4184 1867 4251 muliere,
1931 4183 2054 4248 sed,

413 4301 439 4330 κ
459 4279 570 4332 Per
591 4277 926 4342 mulierem,
945 4281 1043 4331 »ιιι
1058 4291 1265 4330 rursus
1279 4273 1454 4329 faciat
1474 4273 1660 4328 virum
1677 4271 2055 4343 principium.

413 4369 731 4440 Postquam
755 4383 890 4438 ergo
922 4365 1070 4420 dixit
1098 4365 1257 4434 ipsos
1289 4379 1419 4417 esse
1453 4362 1541 4416 sui
1567 4362 1892 4427 effectores,
1917 4377 2057 4416 con-

414 4457 638 4511 solatus
669 4454 978 4527 paululum
1019 4452 1333 4508 mulierem
1383 4449 1733 4520 subjungit:
1773 4470 1796 4500 α
1849 4450 2060 4504 Omnia

412 4561 545 4600 vero
574 4560 644 4598 ex
669 4545 807 4600 Deo.
843 4566 872 4593 »
905 4544 1048 4598 Nam
1082 4541 1236 4595 Deus
1267 4539 1655 4608 archetypum
1679 4539 2056 4608 primumque

415 4633 772 4704 principium
809 4637 919 4687 est.

485 4723 550 4787 Χ,
599 4723 786 4775 14-16.
834 4724 994 4774 Anne
1056 4725 1260 4773 natu-ra
1315 4715 1535 4787 quidem
1587 4716 1681 4769 hoc
1739 4715 1892 4769 docet
1947 4730 2057 4780 vos,

417 4811 566 4879 quod
595 4812 640 4862 si
664 4811 750 4863 vir
779 4817 1019 4864 comatus
1048 4811 1138 4874 sit,
1167 4807 1370 4877 probro
1402 4808 1509 4875 ipsi
1537 4812 1613 4859 est
1640 4807 1668 4859 ?
1697 4805 1756 4859 Si
1786 4820 1912 4858 vero
1943 4820 2060 4858 mu-

417 4900 521 4953 lier
574 4904 836 4964 cometu-r,
895 4898 1077 4966 gloria
1133 4897 1239 4952 sibi
1267 4901 1342 4950 est
1369 4895 1396 4950 τ
1427 4911 1487 4949 eo
1520 4894 1671 4964 quod
1698 4910 1851 4948 coma
1883 4894 1932 4946 ei
1955 4909 2062 4964 pro

416 4988 683 5044 velamine
712 4986 848 5040 data
903 4989 996 5040 sit.
1031 4985 1316 5050 Caeterum,
1344 4983 1394 5038 si
1423 4985 1547 5052 quis
1593 4983 1812 5038 videtur
1835 4988 2064 5036 conten-

418 5078 583 5131 tiosus
613 5089 740 5140 esse,
781 5089 880 5128 nos
913 5071 1228 5141 hujusmodi
1285 5069 1731 5125 consuetudinem
1762 5084 1868 5122 non
1900 5069 2066 5123 habe—

416 5181 553 5228 mus,
585 5179 761 5233 neque
789 5159 1052 5217 Ecclesiae
1090 5161 1208 5214 Dei.

489 5255 636 5312 527
676 5255 882 5324 Itaque
915 5249 1027 5322 ipsi
1060 5265 1294 5320 quoque
1343 5252 1591 5312 naturae,
1625 5247 1840 5318 inquit,
1888 5263 2063 5318 repu-

419 5348 561 5415 gnat
614 5343 714 5413 qui
748 5357 868 5396 non
915 5339 1305 5409 obtemperat.
1365 5359 1391 5385 «
1454 5337 1533 5390 Eo
1573 5335 1733 5406 quod
1764 5353 1931 5391 coma
1962 5352 2065 5406 pro

423 5433 768 5486 velamine.»
785 5429 1076 5495 Quoniam
1097 5443 1234 5499 ergo
1269 5443 1339 5480 ex
1371 5431 1583 5480 natura
1603 5425 1781 5480 habet
1802 5425 2067 5480 velamen

423 5519 798 5588 capillorum,
819 5517 994 5572 debet
1025 5521 1082 5571 et
1114 5515 1243 5586 ipsa
1268 5514 1468 5583 velari,
1511 5529 1585 5567 ne
1616 5513 1905 5568 naturalia
1936 5529 2068 5584 per-

425 5611 612 5660 vertat
629 5606 785 5677 jura.
813 5627 840 5654 «
865 5607 1008 5660 Data
1040 5605 1134 5660 sit.
1170 5627 1198 5652 ››
1231 5605 1347 5658 Hoc
1382 5607 1489 5666 est,
1531 5619 1564 5657 a
1596 5607 1809 5657 natura
1850 5602 2071 5658 habea-

429 5701 542 5749 tur.
579 5693 720 5748 Vide
747 5710 758 5747 :
793 5709 928 5747 cum
958 5693 1146 5746 virum
1179 5691 1427 5746 dixisset
1455 5696 1631 5761 caput
1647 5690 1862 5744 habere
1883 5692 2073 5746 intec-

2156 3383 2422 3455 ἀλλήλων
2448 3383 2677 3446 αἲτίους.
2710 3385 2790 3441 Τὸ
2815 3385 2918 3459 γὰρ
2971 3388 3189 3458 πρῶτον
3222 3381 3420 3454 α’ἱτιον,
3450 3382 3619 3443 αὐτὸς
3652 3383 3678 3437 ὸ
3707 3379 3808 3438 Κύ-

2159 3495 2297 3550 ριος.
2333 3499 2360 3526 ι)
2396 3475 2495 3532 Καὶ
2529 3477 2556 3528 6
2586 3473 2723 3548 ἀνήρ
2777 3472 2866 3529 διὰ
2918 3482 3019 3544 τῆς
3075 3473 3350 3548 γυναικός.
3387 3497 3416 3524 »ι
3445 3477 3586 3549 Ὀρα
3619 3473 3799 3548 σοφίαν

2159 3562 2401 3618 Παύλου·
2480 3563 2578 3619 οὐκ
2653 3566 2821 3619 εἶπεν
2899 3564 2993 3620 Ἐκ
3081 3570 3182 3632 τῆς
3257 3563 3536 3636 γυναικὸς,
3644 3560 3802 3627 ἀλλὰ,

2160 3677 2188 3704 ι(
2223 3654 2320 3706 Διά
2347 3659 2446 3722 τῆς
2475 3653 2753 3726 γυναικὸς,
2793 3677 2820 3702 υ
2879 3649 3135 3722 δηλονότι
3192 3652 3283 3706 καὶ
3341 3650 3506 3706 αὐτοῦ
3542 3657 3643 3706 τοῦ
3677 3653 3808 3706 εἶναι

2161 3739 2250 3795 διὰ
2282 3743 2536 3815 γυναικὸς
2565 3741 2658 3795 τὸν
2717 3739 2880 3816 ἄνδρα
2938 3739 3112 3802 αἴτιος
3141 3741 3169 3794 6
3200 3740 3362 3814 ἀνὴρ,
3395 3741 3469 3801 ὡς
3501 3759 3811 3816 προκαταρ-

2158 3831 2341 3885 κτικὸν
2402 3829 2597 3888 αἲτιον.
2657 3830 2729 3886 Τὸ
2791 3829 2896 3904 γὰρ
2943 3835 3161 3902 πρῶτον
3213 3830 3247 3897 ἡ
3302 3831 3441 3903 γυνὴ
3488 3828 3542 3899 ἐξ
3596 3826 3812 3903 ἀνδρὸς,

2203 3919 2215 3938 Ὶ
2275 3920 2289 3939 ‘
2330 3921 2342 3933 ⁸
2395 3919 2408 3940 9
2463 3921 2475 3936 ἱ
2557 3917 2570 3938 Ί
3033 3919 3044 3933 \
3143 3922 3169 3932 ο
3258 3914 3300 3936 ἢκ
3420 3919 3432 3938 Q
3573 3918 3588 3935 \
3691 3917 3704 3932 η
3762 3917 3774 3932 δ

2161 3941 2291 3999 ουχι
2323 3936 2350 3973 0
2383 3939 2522 3995 ανηρ
2555 3939 2614 3973 εκ
2645 3919 2921 3992 γυναικός.
2981 3922 3057 3974 Ta
3115 3941 3202 3972 νυν
3254 3937 3332 3987 οε,
3392 3938 3440 3972 ει
3498 3937 3589 3972 και
3625 3919 3653 3972 6
3680 3934 3815 3990 ανηρ

2159 4005 2221 4063 ἐκ
2249 4009 2516 4084 γυναικὸς,
2551 4006 2696 4063 ἀλλὰ
2727 4004 2894 4062 πάλιν
2956 4004 3046 4061 διὰ
3101 4005 3358 4082 γυναικὸς
3388 4006 3416 4060 6
3448 4005 3586 4078 ἀνὴρ
3616 4005 3817 4078 κατάρ-

2161 4118 2272 4174 χει.
2317 4098 2414 4152 Διὰ
2440 4100 2602 4153 10610
2637 4097 2737 4152 οὐκ
2767 4096 2937 4164 εἶπεν,
3000 4095 3094 4150 Ἐκ
3147 4094 3424 4171 γυναικὸς,
3457 4091 3628 4161 ἀλλὰ,
3663 4119 3690 4145 ‹‹
3727 4093 3819 4148 Διά

2163 4187 2439 4262 γυναικὸς,
2478 4212 2497 4236 ι
2530 4183 2623 4240 ’ίνα
2652 4187 2862 4260 ποιήσῃ
2894 4182 3058 4239 πάλιν
3121 4183 3300 4257 ἀρχὴν
3328 4185 3421 4239 τὸν
3446 4180 3634 4258 ἄνδρα.
3667 4180 3814 4237 Ἐπεὶ

2164 4275 2257 4330 06v
2320 4275 2464 4330 εἶπεν
2524 4274 2716 4336 αὐτοὺς
2778 4275 2978 4328 ἑαυτῶν
3065 4271 3412 4343 ποιητικοὺς,
3471 4272 3561 4327 καὶ
3622 4273 3818 4346 μικρὸν

2163 4363 2703 4439 παραμυθησάμενος
2760 4363 2858 4431 τὴν
2916 4366 3145 4436 γυναῖκα
3201 4361 3409 4436 ἒπάγει·
3475 4382 3496 4411 ι
3531 4362 3609 4416 Τὰ
3652 4361 3819 4415 πάντα

2158 4451 2217 4508 lx
2247 4456 2343 4508 106
2373 4455 2527 4508 Θεοῦ.
2559 4476 2580 4506 ι
2619 4451 2694 4508 Τὸ
2723 4451 2822 4525 γὶρ
2853 4449 3161 4524 ἀρχέτυπον
3186 4448 3358 4504 αἴτιον
3391 4451 3418 4504 6
3451 4449 3604 4512 Θεός.

2237 4711 2302 4766 Ἡ
2363 4706 2485 4764 οὐδὲ
2544 4708 2678 4779 αὖτή
2739 4711 2774 4779 ἡ
2831 4709 2989 4788 φύσις
3048 4706 3290 4764 διδάσκει
3349 4710 3511 4781 ὑμᾶς,
3566 4709 3805 4781 ὅτιᾶνηρ

2173 4803 2266 4876 μὲν
2331 4801 2417 4855 ἐὰν
2477 4805 2644 4874 κομᾷ,
2705 4800 2896 4875 ἀτίμία
2943 4799 3092 4872 αὐτῷ
3158 4799 3327 4866 ἐστις
3405 4801 3545 4868 Γυνή
3613 4797 3670 4855 δὲ
3733 4799 3810 4854 ἐὰν

2167 4899 2337 4966 κομᾷ,
2400 4892 2526 4964 δόξα
2587 4894 2758 4958 αὐτῆς
2818 4892 2998 4962 ἐστιν,
3060 4892 3142 4948 ὅτι
3201 4893 3236 4961 ἦ
3295 4893 3443 4965 κόμη
3507 4892 3628 4948 ἀντὶ
3671 4911 3814 4964 περι-

2171 4978 2402 5037 ϐολαίου
2466 4979 2699 5040 δέδοται.
2761 4983 2822 5038 Εἰ
2882 4978 2939 5037 δὲ
2995 5002 3076 5044 τις
3137 4977 3288 5036 δοκεῖ
3316 4979 3634 5059 φιλόνεικος
3666 4981 3817 5045 εἶναι,

2171 5075 2333 5145 ἡμεῖς
2409 5071 2666 5141 τοιαύτην
2744 5073 3025 5142 συνήθειαν
3101 5068 3199 5124 οὐκ
3265 5063 3492 5146 ἔχομεν,
3570 5067 3698 5124 οὐδὶ
3767 5067 3817 5121 αἱ

2174 5159 2496 5228 Ἐκκλησίαι
2527 5163 2623 5214 106
2657 5165 2812 5216 Θεοῦ.

2243 5249 2424 5318 Ὥστε,
2486 5246 2644 5321 φησὶ,
2703 5245 2791 5302 καὶ
2855 5248 2993 5318 αὐτῇ
3051 5249 3120 5318 τῇ
3178 5244 3332 5322 φύσει
3390 5242 3652 5317 πολεμεῖ,
3694 5245 3819 5316 ὁμὴ

2174 5337 2519 5409 πειθόμενος.
2555 5361 2581 5388 ι(
2617 5338 2739 5394 Ὀτι
2772 5338 2806 5406 ἡ
2837 5335 2985 5410 κόμη
3047 5333 3163 5389 ἀντὶ
3195 5329 3574 5407 περιϐολαίου.
3613 5357 3639 5385 η
3674 5334 3818 5391 Ἐπεὶ

2177 5425 2269 5480 οῦν
2298 5419 2416 5502 ἔχει
2443 5422 2502 5480 ἐκ
2531 5431 2630 5494 τῆς
2663 5425 2872 5487 φύσεως
2926 5425 2988 5479 τὸ
3045 5426 3152 5478 τῶν
3211 5425 3422 5500 τριχῶν
3455 5416 3818 5495 περιϐόλαιον,

2178 5511 2386 5590 ὀφείλει
2440 5515 2528 5568 καὶ
2590 5515 2727 5584 αὐτή
2789 5509 3237 5589 περιϐάλλεσθαι,
3283 5511 3373 5565 ’ἱνα
3406 5513 3482 5583 μὴ
3514 5509 3642 5573 τοὺς
3673 5531 3820 5588 φυσι-

2177 5603 2306 5664 κοὺς
2339 5603 2606 5679 ἀνατρέπῃ
2652 5603 2906 5676 θεσμους.
2967 5629 2994 5655 ‹‹
3027 5598 3269 5656 Δέδοται.
3305 5624 3333 5652 ››
3393 5601 3687 5656 Τουτὲστιν
3717 5600 3815 5654 ἀπὸ

2179 5700 2277 5763 τῆς
2319 5691 2550 5772 φύσεως.
2610 5697 2772 5767 Ἴὶραυ
2835 5688 3022 5760 ἐπειδὴ
3083 5690 3198 5745 εἶπε
3256 5690 3318 5745 τὸ
3377 5687 3813 5744 ἀκατακάλυπτον
