4068 6254
267 386 394 447 801

1244 383 1656 445 COMMENT.
1706 383 1795 444 IN
1843 379 2084 440 EPIST.
2129 380 2154 440 Ι
2197 379 2302 438 AD
2359 381 2730 441 CORINTH.

3571 383 3688 443 802

265 516 425 594 ἔχειν
455 518 547 572 τὸν
606 514 778 590 ἄνδρα
831 519 930 587 τήν
987 516 1248 596 κετραλήν,
1309 516 1549 594 ὀφείλειν
1601 517 1678 588 μή
1737 517 1936 588 κομᾷν,

2055 517 2199 581 tum,
2222 520 2281 569 et
2304 515 2387 570 ita
2403 532 2525 570 non
2546 515 2762 571 debere
2788 531 3018 570 comam
3037 520 3290 588 gestare,
3308 517 3410 572 sed
3432 517 3689 574 liberum

267 607 407 663 ἀλλ’
433 603 579 682 ἔχειν
613 608 677 662 τὸ
724 604 1028 681 ἐλεύθερον,
1059 611 1176 667 πῶς
1213 609 1312 676 τήν
1358 612 1589 682 γυναῖκα
1644 625 1938 660 κατακεκα-

275 696 576 769 λυμμένην
608 694 800 774 ἀφίησι
833 700 1008 766 κομᾷν
1043 696 1118 758 εἷς
1171 690 1450 768 σύμϐολον
1481 702 1582 765 τῆς
1639 696 1935 768 ὀπτα-ῶς.

293 808 320 838 σ
351 782 504 842 Εἶδὲ
543 805 625 845 τις
679 781 830 838 δοκεῖ
884 782 1193 863 φιλόνεικος
1250 785 1405 839 εἶναι.
1439 807 1467 835 ››
1526 780 1749 851 Ἐπειδή
1804 782 1940 856 πρὸς

276 873 646 952 ἕθελοσόφους
677 867 930 951 ἔγραφεν,
967 874 1021 928 οἳ
1074 871 1166 928 διὰ
1209 872 1598 948 συλλογισμῶν
1655 873 1720 927 τὰ
1767 871 1941 926 πάντα

275 963 672 1032 κατεσκεύαζον
748 963 838 1017 καὶ
894 961 1247 1031 ἀνεσκεύαζον
1284 1005 1299 1031 ,
1359 963 1540 1041 φησίν·
1617 961 1695 1019 Οὐ
1752 961 1940 1036 καιρὸς

274 1057 375 1105 νῦν
407 1055 506 1105 τοῦ
527 1049 874 1125 φιλονεικεῖν.
921 1049 981 1107 Εἰ
1036 1049 1139 1125 γὰρ
1170 1049 1521 1126 ἀναισχυντεῖ
1567 1070 1649 1111 τις
1680 1050 1816 1122 πρὸς
1873 1049 1942 1103 τὰ

285 1139 578 1215 εἰρημένα,
610 1143 796 1213 ἡμεῖς,
825 1140 981 1219 φησὶ,
1019 1140 1108 1195 καὶ
1139 1142 1174 1210 ἡ
1209 1140 1527 1210 Ἐκκλησία,
1579 1140 1680 1195 οὐκ
1735 1137 1937 1214 ἔχομεν

285 1226 414 1294 ἔθος
442 1233 710 1288 τοιοῦτον.
745 1235 908 1284 Ποῖον
947 1249 961 1299 ;
991 1231 1069 1286 Τὸ
1110 1227 1460 1306 φιλονεικεῖν.
1518 1227 1697 1285 Ἀλλά
1725 1229 1787 1283 τὸ
1818 1226 1937 1282 πείο

286 1322 474 1374 θέσθαι
501 1324 615 1380 τοῖς
667 1318 1000 1394 ἐπιτάγμασι
1029 1323 1134 1373 τῶν
1169 1316 1509 1374 διδασκάλων
1571 1315 1736 1391 μηδὲν
1796 1317 1939 1371 ἀντι-

269 1407 568 1469 τείνοντες.
599 1441 668 1450 -—
697 1409 790 1465 "H.
825 1409 960 1466 Ὀτι
992 1407 1091 1462 οὐκ
1145 1402 1286 1462 ἔστιν
1337 1401 1456 1469 ἔθος
1508 1408 1635 1478 παρ’
1663 1409 1821 1480 ἡμῖν,
1847 1405 1942 1460 ’ίνὰ

278 1499 312 1552 ὁ
349 1498 445 1569 μὶν
473 1496 610 1571 ἀνὴρ
638 1501 787 1569 κομᾷ
813 1497 902 1552 καὶ
960 1496 1303 1568 καλύπτηται
1359 1499 1459 1566 τήν
1514 1495 1780 1573 κεφαλὴν,
1814 1497 1848 1564 ἡ
1882 1491 1940 1549 δέ

277 1586 427 1659 γυνῆ
459 1584 584 1640 τούν
595 1585 794 1640 αντίον.

920 1705 1187 1761 ΚΕΦΔΛ.
1234 1703 1308 1760 Ζ’.

431 1821 564 1896 Περὶ
594 1840 880 1882 κοινωνιας
913 1824 1268 1895 θεοπρεποῦς,
1301 1819 1363 1874 οὗ
1384 1817 1796 1892 πλησμονικῆς.

353 1961 540 2015 Τοῦτο
573 1952 631 2009 δὲ
680 1952 1077 2031 παραγγέλλων
1138 1954 1238 2009 οὐκ
1289 1954 1514 2024 ἐπαινῶ,
1572 1952 1656 2008 ὅτι
1713 1952 1814 2007 οὐκ
1865 1952 1941 2014 είς

279 2048 349 2102 τὸ
410 2050 682 2120 κρεῖττον,
738 2041 867 2098 ἀλλ’
925 2043 1002 2108 είς
1049 2044 1110 2098 τὸ
1164 2044 1330 2112 ἦττον
1390 2043 1726 2119 συνέρχεσθε.
1789 2046 1941 2116 ΙΙρῶ-

275 2158 378 2193 τον
433 2135 529 2208 μὲν
589 2133 692 2209 γὰρ
741 2133 1159 2208 συνερχομένων
1215 2133 1367 2206 ὑμῶν
1423 2132 1473 2186 ἐν
1531 2136 1598 2206 τῇ
1651 2130 1938 2201 ἐκκλησίᾳ,

276 2224 470 2281 ἀκούω
530 2221 810 2297 σχίσματα
861 2221 911 2276 ἐν
967 2223 1094 2294 ὑμῖν
1171 2221 1458 2297 ὑπάρχειν,
1516 2220 1608 2275 καὶ
1669 2219 1832 2294 μέρος
1885 2219 1938 2274 τί

283 2334 556 2369 πιστεύω.
617 2315 708 2365 Δεῖ
762 2310 862 2386 γὰρ
914 2309 1006 2365 καὶ
1067 2309 1270 2386 αἱρέσις
1341 2309 1391 2364 ἐν
1458 2311 1585 2382 ὑμῖν
1645 2310 1800 2380 εἶναι,
1848 2306 1942 2363 ’ίνα

279 2403 337 2458 οἱ
390 2398 615 2473 δόκιμοι
674 2397 892 2476 φανεροὶ
944 2399 1208 2472 γένωνται
1265 2397 1316 2451 ἐν
1381 2398 1531 2470 ὑμῖν.
1592 2395 1940 2471 Συνερχομέ-

283 2512 398 2545 νων
468 2489 557 2544 οὖν
639 2488 790 2561 ὑμῶν
875 2485 962 2541 ἐπὶ
1035 2487 1098 2541 τὸ
1151 2485 1300 2555 αὐτὸ,
1361 2485 1460 2540 οὐκ
1513 2484 1624 2540 ἐστι
1676 2485 1941 2559 Κυριακὸν

292 2579 516 2636 δεῖπνον
544 2584 749 2655 φαγεῖν.

372 2667 798 2744 ὶῖαοάγγέλλων,
845 2667 1030 2743 φησὶν,
1089 2665 1190 2722 οὐκ
1245 2665 1450 2722 ἐπαινῶ
1511 2667 1670 2739 ὑμᾶς,
1731 2664 1813 2721 ὅτι
1875 2686 1942 2738 με

301 2759 542 2834 ἠγάγετε
597 2755 732 2817 ὅλως
790 2755 866 2818 εἰς
933 2755 1174 2832 ἀνάγκην
1232 2754 1600 2832 παραγγελίας
1655 2754 1938 2825 τοιαύτης.

307 2843 458 2901 Ἔδει
490 2847 588 2920 γάρ
620 2844 778 2918 ὑμᾶς,
839 2845 977 2918 μήτε
1034 2843 1295 2915 δεηθῆναι
1353 2843 1428 2907 είς
1472 2848 1634 2900 τοῦτο
1685 2843 1940 2916 παραινέ·

296 2955 457 2996 σεως.
492 2932 604 2990 Οὔκ
633 2933 858 3003 ἐπαινῶ,
901 2934 1058 3010 φησὶ,
1089 2935 1150 2988 τὸ
1208 2933 1555 3009 συνέρχεσθαι
1617 2933 1779 3006 apag,
1833 2932 1944 2988 καί·

281 3045 374 3079 τοι
405 3021 627 3079 ἐπαίνου
684 3021 829 3094 ἄξιον
887 3024 980 3094 ἦν,
1037 3021 1166 3080 ἀλλ’
1222 3023 1376 3079 αὐτοὶ
1433 3023 1561 3078 αὐτὸ
1621 3025 1792 3098 ψόγου
1850 3023 1940 3078 καὶ

283 3112 620 3190 τατηγορίας
649 3111 824 3169 αἴτιον
859 3112 1172 3185 ἐποιήσατε,
1220 3115 1332 3187 ἅμα
1386 3113 1472 3168 καὶ
1533 3113 1824 3185 ἐντρέπων,
1858 3110 1940 3166 ὅτι

280 3200 365 3272 ἐφ’
396 3203 478 3265 οἷς
512 3201 839 3266 ἐπαινεῖσθαι
870 3201 1056 3264 αὐτοῖς
1102 3201 1242 3274 ἐνῆν,
1304 3202 1420 3256 ἀντὶ
1479 3200 1674 3257 τούτου
1731 3220 1942 3274 παραγ-

280 3289 474 3368 γελίας
503 3295 594 3346 καί
644 3290 707 3346 τὸ
770 3291 846 3364 μὴ
899 3289 1225 3346 ἐπαινεῖσθαι
1285 3291 1495 3352 ἑαυτοῖς
1551 3289 1937 3345 ἐπεσπάσαντο.

284 3382 439 3436 Διατί
474 3377 532 3435 δὲ
563 3379 662 3435 οὐκ
692 3378 895 3435 ἐπαινεῖ
917 3380 980 3434 τὸ
1013 3379 1363 3455 συνέρχεσθαι
1406 3400 1422 3452 ;
1459 3381 1583 3437 ’Ὁτι
1615 3378 1714 3434 ούκ
1746 3377 1832 3434 ἐπὶ
1861 3382 1940 3450 τῷ

284 3470 590 3544 κρείττονι,
623 3468 806 3543 ὥσπερ
837 3465 967 3537 ἔδει,
1001 3467 1130 3523 ἀλλ’
1160 3467 1247 3523 ἐπὶ
1293 3473 1372 3541 τῷ
1429 3468 1635 3544 χείρονι
1695 3466 1940 3542 συνέρχε-

285 3571 404 3629 σθε,
436 3557 564 3628 ἤτοι
594 3555 682 3612 ἐπὶ
712 3561 790 3629 τῷ
819 3557 1098 3630 ἀτιμάζειν
1129 3557 1255 3618 τοὺς
1306 3557 1574 3636 ἀδελφοὺς
1603 3557 1692 3612 καὶ
1756 3577 1938 3611 καται-

282 3647 525 3724 σχύνειν,
557 3648 645 3703 καὶ
677 3648 779 3715 την
805 3646 1098 3716 ἀλαζονίαν
1149 3650 1302 3721 ὑμῶν
1361 3648 1450 3703 καὶ
1506 3645 1938 3724 γαστριμαργίαν

291 3735 717 3801 ἐπιδείκνυσθαι.
755 3759 783 3788 ‹‹
813 3738 931 3790 ’Όνι
972 3736 1072 3792 οὐκ
1118 3736 1193 3799 εἷς
1245 3738 1308 3792 τὸ
1365 3743 1630 3812 κρεῖττον.
1668 3739 1843 3794 »Ἵνα
1889 3734 1942 3789 τί

286 3825 386 3882 εὖκ
416 3825 646 3888 ἐπαινεῖς
681 3845 694 3895 ;
724 3827 870 3896 "Ott,
903 3825 1089 3904 φησὶν,
1123 3827 1223 3881 οὐκ
1261 3825 1339 3888 εἷς
1395 3827 1458 3881 τὸ
1515 3832 1782 3902 κρεῖττον,
1816 3823 1942 3880 ἀλλ’

287 3917 369 3976 είς
398 3916 463 3970 τὸ
491 3915 654 3984 ἦττον
692 3917 1036 3992 συνέρχεσθε,
1080 3919 1208 3972 Δέον
1239 3919 1344 3992 γὰο
1406 3919 1543 3991 ὑμᾶς
1601 3918 1690 3973 καὶ
1722 3915 1942 3972 ἐπιδοῦ-

291 4027 382 4060 ναι
425 4005 562 4079 πρὸς
614 4004 833 4081 ἀρετὴν,
890 4005 1043 4061 αὐτοὶ
1101 4006 1192 4061 καὶ
1248 4006 1314 4077 ἢν
1366 4006 1542 4082 εἷ’χετε
1592 4004 1942 4084 διεφθείρατε.

295 4120 324 4146 ι(
366 4098 586 4168 Πρῶτον
622 4095 716 4166 μὲν
748 4095 848 4169 γὰρ
910 4096 1324 4172 συνερχομένων
1381 4098 1554 4170 ὑμῶν.
1595 4122 1615 4146 ιι
1672 4098 1733 4153 Ἡ
1800 4096 1947 4151 αῗτία

290 4187 395 4238 τοῦ
425 4187 516 4237 νῦν
545 4183 842 4260 κεφαλαίου
875 4182 1012 4255 αὕτη
1046 4185 1135 4252 ἦν.
1171 4188 1300 4261 Παρ’
1352 4185 1535 4247 αὐτοῖς
1594 4184 1780 4240 δεῖπνα
1837 4189 1948 4241 Κυ-

295 4274 461 4348 ριακᾶ
489 4271 722 4347 ἐγίνετο,
752 4271 952 4347 ἐγίνετο
999 4271 1057 4329 δέ
1087 4273 1280 4338 οὕτως.
1329 4276 1473 4329 Κατᾶ
1527 4275 1756 4353 φανερὰς
1810 4273 1945 4348 ἡμέ-

293 4383 392 4436 ρας
447 4359 620 4436 ἤγουν
682 4362 1039 4436 ἑορτασίμους
1101 4363 1238 4436 μετα
1290 4365 1390 4432 τὴν
1447 4367 1554 4417 τῶν
1612 4363 1784 4439 ἁγίων
1849 4384 1948 4436 μυ-

292 4447 536 4518 στηρίων
574 4447 904 4522 μετάληψιν,
941 4449 1148 4523 ἐγίνετο
1207 4449 1396 4506 δεῖπνα
1424 4452 1601 4522 κοινὰ,
1633 4456 1740 4504 τῶν
1773 4449 1949 4505 πλου-

291 4538 530 4594 τούντων
564 4540 1101 4611 παρασκευαζόντων,
1133 4541 1224 4594 καὶ
1275 4542 1404 4603 τοὺς
1463 4542 1694 4612 πένητας
1755 4561 1950 4614 συγκα-

295 4627 603 4700 λουμένων.
637 4629 814 4684 Τοῦτο
847 4625 904 4682 δὲ
927 4628 996 4697 ἦν
1029 4629 1295 4707 πρόφασις
1342 4629 1563 4706 ἀγάπης
1616 4629 1705 4684 καὶ
1765 4649 1950 4684 ταπει-
1982 4619 2030 4680 Ι)

295 4715 665 4792 νοφροσύνης.
727 4716 875 4772 Ἐπεὶ
960 4718 1050 4770 οὖν
1132 4719 1194 4772 τὸ
1249 4719 1456 4774 τούτων
1508 4719 1724 4793 ἀγαθῶν
1778 4717 1953 4773 αἴτιον

294 4803 688 4881 παρεφθείρετο
722 4849 736 4874 ,
795 4804 992 4876 ἐδεήθη
1045 4812 1145 4863 τοῦ
1209 4809 1432 4882 γράψαν
1496 4832 1521 4859 ‹‹
1558 4809 1773 4862 Ἀκούω
1827 4806 1949 4884 σχί-

296 4914 481 4966 σματα
532 4893 586 4948 ἐν
651 4893 798 4965 ὑμῖν.
836 4920 856 4948 ι
926 4895 1035 4950 Οὐκ
1088 4896 1242 4960 εὐθὺς
1301 4895 1358 4951 δὲ
1407 4897 1483 4957 εἷς
1533 4897 1626 4952 τὸν
1682 4896 1804 4971 περὶ
1854 4900 1951 4951 τοῦ

297 4985 576 5053 Κυριακοῦ
608 4979 824 5037 δείπνου
880 4981 1052 5058 λόγον
1111 4984 1382 5054 εἰσῆλθεν,
1415 4982 1541 5040 ἀλλ’
1600 4985 1804 5048 ἄνωθεν
1864 4983 1950 5039 ἐκ·

295 5071 486 5126 κόπτει
513 5073 576 5128 τὸ
617 5073 798 5129 κακόν.
863 5073 961 5128 Καὶ
1013 5075 1115 5150 γὰρ
1175 5076 1265 5129 καὶ
1320 5076 1381 5129 τὸ
1436 5077 1512 5148 μὴ
1574 5075 1803 5129 συνιέναι
1860 5074 1950 5129 καὶ

302 5157 605 5215 συνδειπεῖν
678 5162 812 5234 μετὰ
869 5168 976 5218 τῶν
1035 5165 1308 5234 πενήτων,
1367 5163 1578 5239 σχίσμα
1635 5165 1724 5233 ἦν.
1792 5185 1815 5213 α
1849 5163 1950 5220 Καὶ

305 5251 473 5324 μέρος
501 5270 556 5304 τι
603 5249 863 5308 πιστεύω.
896 5275 926 5303 ››
983 5253 1267 5323 Τουτέστι,
1317 5254 1522 5326 Μικρόν
1579 5274 1633 5307 τι
1692 5253 1949 5307 πιστεύω.

299 5341 476 5394 Τοῦτο
557 5337 753 5414 λέγων,
838 5339 925 5394 ἳνα
1005 5342 1081 5414 μή
1159 5341 1680 5420 ἀναισχυντοτέρους
1755 5339 1953 5404 αὐτοὺς

298 5431 534 5504 ποιήσῃ.
583 5427 722 5487 Οὔτε
806 5431 951 5487 εἶπεν
1011 5432 1244 5496 ἀπιστῶ,
1299 5430 1392 5488 ’ίνα
1451 5435 1528 5506 μή
1589 5431 1716 5506 δόξῃ
1775 5433 1952 5506 μάτην

299 5517 577 5592 ἐπιτιμᾷν.
639 5517 817 5578 Ἀλλὰ
877 5520 1080 5596 Μικρόν
1132 5543 1208 5591 τι,
1269 5525 1428 5600 φησὶ,
1483 5523 1740 5578 πιστεύω·
1805 5544 1830 5576 ι
1867 5527 1957 5578 Δεῖ

299 5609 406 5684 γὰρ
462 5609 554 5663 καὶ
637 5609 893 5684 αἱρέσεις.
931 5635 958 5662 n
1038 5611 1276 5686 Αἷρέσεις
1362 5612 1628 5679 ἐνταῦθα,
1725 5613 1785 5668 οὐ
1859 5612 1955 5674 τὰς

301 5695 643 5772 δογματικαῖς
672 5719 827 5771 φησι,
863 5701 956 5761 τὰς
996 5702 1114 5776 περὶ
1177 5701 1430 5770 πίστεως,
1482 5701 1626 5757 ἀλλὰ
1680 5703 1777 5766 τὰς
1832 5702 1954 5774 περὶ

1971 1884 2019 1949 Β

2045 604 2195 659 illud
2257 605 2496 670 habere,
2539 605 2836 676 quomodo
2886 605 3199 661 mulierem
3233 606 3519 662 intectam
3561 625 3691 678 per-

2041 694 2236 749 mittat
2295 710 2526 750 comam
2578 699 2809 767 gestare
2865 694 2926 749 in
2990 694 3221 767 signum
3277 695 3686 766 subjectionis.

2043 804 2071 832 ‹‹
2103 785 2414 849 Caeterum,
2464 783 2509 838 si
2569 783 2704 854 quis
2759 783 2989 838 videtur
3035 784 3444 840 contentiosus
3475 802 3624 841 esse.
3657 807 3685 834 η

2044 874 2335 938 Quoniam
2357 874 2431 930 ad
2463 891 2565 929 eos
2607 874 2905 929 scribebat
2925 875 3024 945 qui
3059 875 3334 929 volebant
3381 875 3565 930 videri
3597 894 3688 931 sa-

2043 962 2295 1032 pientes,
2323 963 2425 1034 qui
2451 963 2784 1018 rationibus
2816 963 3019 1018 omnia
3049 965 3398 1018 astruebant
3429 981 3497 1020 ac
3529 965 3692 1020 labe-

2040 1050 2366 1116 factabant,
2389 1051 2524 1106 ideo
2576 1052 2656 1106 ait
2687 1069 2807 1106 non
2831 1068 2960 1107 esse
2990 1069 3147 1106 nunc
3166 1058 3398 1124 tempus
3449 1059 3692 1108 conten-

2045 1137 2248 1194 dendi.
2279 1139 2334 1194 Si
2369 1140 2526 1210 quis,
2563 1140 2779 1211 inquit,
2830 1141 2905 1195 ad
2955 1157 3025 1195 ea
3055 1158 3186 1211 quas
3213 1141 3371 1196 dicta
3403 1148 3540 1197 sunt
3569 1159 3689 1198 non

2044 1228 2328 1299 pudeﬁat,
2354 1245 2464 1283 nos
2495 1235 2554 1284 et
2583 1229 2844 1284 Ecclesia
2874 1246 2996 1284 non
3025 1230 3313 1285 habemus
3344 1230 3687 1302 hujusmodi

2041 1333 2294 1372 morem.
2329 1317 2572 1382 Qualem
2614 1318 2642 1372 ?
2671 1335 2885 1390 nempe
2918 1319 3341 1385 contendendi,
3377 1329 3480 1376 sed
3508 1321 3693 1393 magi-

2046 1411 2304 1460 strorum
2323 1407 2633 1477 praeceptis
2656 1406 3106 1478 obtemperandi
3136 1425 3255 1462 non
3281 1409 3695 1464 renitendo.—

2051 1494 2168 1549 Vel.
2203 1497 2327 1549 Non
2359 1500 2448 1550 est
2489 1495 2672 1550 moris
2721 1495 2877 1567 apud
2909 1513 3037 1563 nos,
3071 1502 3136 1550 ut
3163 1497 3251 1550 vir
3299 1503 3567 1553 comatus
3617 1497 3694 1552 sit

2047 1588 2105 1637 et
2134 1587 2288 1638 tecto
2319 1583 2533 1654 capite,
2567 1583 2785 1639 mulier
2813 1601 2947 1639 vero
2980 1601 3010 1638 e
3037 1584 3268 1640 diverso
3314 1586 3570 1641 incedat.

2663 1701 2891 1756 CAPUT
2938 1703 3038 1756 VII
3052 1743 3064 1758 .

2046 1808 2124 1862 De
2154 1807 2674 1873 communicatione,
2707 1825 2829 1878 qua:
2879 1808 2973 1863 Dei
3003 1809 3233 1865 cultores
3264 1812 3467 1878 deceat,
3501 1818 3550 1866 et
3581 1829 3693 1868 non

2514 1881 2584 1934 sit
2613 1880 2688 1933 ad
2715 1881 3227 1950 ingurgitationem.

2119 1967 2217 2036 XI,
2245 1972 2430 2022 17-20.
2459 1970 2574 2023 Hoc
2603 1974 2784 2023 autem
2807 1969 3144 2040 praecipiens
3195 1987 3306 2026 non
3347 1972 3512 2027 laudo
3551 1976 3693 2045 quod

2047 2074 2156 2112 non
2187 2058 2246 2111 in
2275 2057 2488 2124 melius,
2534 2057 2629 2111 sed
2669 2057 2730 2111 in
2781 2057 3018 2113 deterius
3049 2060 3371 2114 convenitis.
3412 2063 3547 2115 Nam
3569 2063 3695 2130 pri-

2047 2163 2198 2202 mum
2245 2147 2464 2217 quidem
2521 2161 2646 2200 cum
2695 2148 2756 2200 in
2804 2147 3083 2202 ecclesiam
3141 2150 3460 2218 convenitis,
3527 2148 3694 2204 audio

2047 2235 2280 2290 dissidia
2309 2238 2368 2289 in
2397 2235 2550 2289 vobis
2582 2250 2707 2302 esse,
2743 2241 2794 2290 et
2824 2237 3016 2306 aliqua
3045 2253 3115 2291 em
3133 2244 3298 2307 parte
3317 2239 3493 2293 credo.
3527 2239 3698 2308 Opor-

2049 2331 2124 2378 tet
2161 2322 2308 2377 enim
2340 2329 2390 2377 et
2435 2329 2606 2378 sectas
2639 2325 2694 2378 in
2717 2324 2868 2379 vobis
2899 2341 3024 2392 esse,
3053 2332 3114 2380 ut
3143 2329 3243 2396 qui
3283 2329 3512 2397 probati
3567 2333 3697 2382 sunt

2047 2412 2335 2480 manifesti
2360 2415 2501 2481 fiant
2545 2415 2690 2466 inter
2718 2430 2830 2468 vos.
2866 2413 2996 2468 Cum
3036 2417 3212 2483 igitur
3249 2417 3308 2470 in
3336 2416 3580 2470 eumdem
3614 2417 3695 2470 lo-

2049 2519 2171 2556 cum
2229 2503 2548 2566 convenitis,
2617 2517 2727 2556 non
2794 2504 3066 2570 contingit
3136 2505 3479 2559 Dominicam
3535 2505 3692 2559 edere

2049 2607 2276 2646 caenam.

2118 2679 2502 2750 Praecipiens,
2555 2679 2765 2751 inquit,
2818 2696 2936 2735 non
2968 2679 3145 2735 laudo
3204 2697 3327 2748 vos,
3387 2679 3543 2751 quod
3597 2695 3692 2735 me

2049 2769 2292 2824 omnino
2350 2768 2693 2840 hujusmodi
2743 2769 3024 2840 praecepti
3057 2768 3475 2824 necessitatem
3506 2769 3690 2825 duxe-

2045 2858 2197 2914 ritis.
2234 2858 2506 2929 Oportuit
2533 2858 2692 2912 enim
2720 2857 2883 2912 vobis
2924 2857 2984 2912 in
3015 2859 3147 2922 hoc,
3179 2875 3254 2914 ne
3286 2858 3694 2914 admonitione

2049 2947 2290 3018 quidem
2338 2963 2486 3019 opus
2543 2963 2694 3002 esse.
2748 2949 2874 3002 Non
2950 2947 3151 3015 laudo,
3238 2948 3454 3019 inquit,
3533 2947 3694 3019 quod

2048 3036 2396 3092 convenitis.
2423 3037 2628 3106 :Atqui
2685 3036 2859 3090 laude
2916 3037 3160 3106 dignum
3219 3042 3365 3104 erat,
3417 3037 3521 3092 sed
3580 3037 3693 3108 ipsi

2050 3125 2201 3180 528
2281 3124 2432 3178 illud
2515 3123 2790 3195 vituperii
2855 3129 2916 3178 et
2972 3124 3367 3180 accusationis
3451 3141 3691 3180 causam

1981 3247 2022 3313 C
2049 3213 2455 3313 reddiderant.
2516 3213 2703 3268 Simul
2755 3213 2942 3313 etiam.
2979 3229 3079 3268 eos
3127 3213 3503 3268 confundens
3535 3213 3696 3312 quod

2050 3303 2112 3357 in
2171 3303 2263 3357 his
2319 3301 2392 3357 ob
2451 3318 2582 3373 quin
2651 3319 2751 3357 eos
2810 3301 3037 3358 laudari
3113 3302 3521 3368 conveniebat,
3583 3301 3698 3357 sibi

2051 3392 2197 3464 ipsis
2255 3397 2551 3463 prmoepta
2599 3409 2704 3463 pro
2761 3391 3036 3446 laudibus
3084 3391 3458 3447 advexerant.
3509 3393 3700 3457 Quare

2050 3487 2248 3536 autem
2299 3497 2420 3535 non
2463 3479 2668 3536 laudat
2716 3480 2874 3552 quod
2933 3482 3337 3536 conveniant?
3394 3481 3540 3546 Quia
3574 3498 3697 3536 non

2055 3575 2298 3642 propter
2330 3569 2564 3637 melius,
2624 3570 2838 3640 inquit,
2890 3571 3043 3626 sicut
3079 3570 3362 3642 oportuit,
3398 3570 3500 3626 sed
3532 3569 3603 3626 ad
3636 3569 3695 3624 id

2052 3659 2210 3729 quod
2241 3658 2504 3713 deterius
2535 3664 2626 3714 est
2654 3660 2984 3714 convenitis
3021 3676 3032 3714 :
3071 3660 3189 3714 sive
3241 3659 3315 3714 ad
3363 3659 3697 3730 despicien-

2053 3745 2193 3800 dum
2243 3750 2302 3799 et
2357 3745 2854 3816 pudefaciendum
2902 3745 3136 3811 fratres,
3197 3750 3254 3798 et
3307 3744 3381 3798 ad
3425 3744 3699 3798 demons-

2052 3833 2330 3890 trandum
2361 3839 2621 3888 vestrum
2651 3834 2871 3888 fastum
2903 3839 2961 3888 et
2980 3832 3470 3905 gastrimargiam.
3509 3832 3701 3902 c«;Quia

2054 3939 2173 3977 non
2222 3921 2284 3975 in
2343 3920 2577 3975 melius.
2611 3944 2631 3972 ι
2672 3921 2856 3984 Quam
2901 3920 2973 3974 ob
3019 3937 3257 3975 causam
3289 3937 3410 3974 non
3441 3919 3647 3975 laudas
3673 3920 3700 3974 ?

2055 4013 2201 4078 Quia
2247 4027 2368 4065 non
2418 4011 2479 4064 in
2531 4009 2767 4074 melius,
2803 4010 2905 4064 sed
2938 4011 2995 4064 in
3046 4011 3307 4065 deterius
3350 4011 3697 4068 convenitis.

2055 4103 2199 4156 Cum
2243 4099 2402 4154 enim
2459 4104 2692 4170 oportet
2746 4115 2845 4153 vos
2877 4099 3094 4154 addere
3142 4099 3216 4154 ad
3257 4099 3554 4167 virtutem,
3586 4100 3700 4171 ipsi

2056 4191 2234 4246 etiam
2293 4187 2458 4243 illam
2525 4203 2703 4258 quam
2754 4187 3063 4243 habebatis
3095 4189 3456 4259 perdidistis.
3493 4213 3520 4239 «
3555 4191 3699 4245 Nam

2058 4279 2317 4351 primum
2376 4275 2617 4348 quidem
2662 4293 2796 4331 cum
2832 4276 2893 4331 in
2939 4277 3262 4331 Ecclesiam
3287 4279 3634 4332 convenitis.
3672 4300 3700 4326 ι)

2057 4369 2247 4422 Causa
2277 4364 2591 4437 praesentis
2632 4363 2841 4434 capitis
2872 4363 2996 4418 hinc
3027 4368 3171 4418 erat.
3203 4364 3373 4434 Apud
3413 4365 3573 4435 ipsos
3602 4366 3706 4419 Do-

2057 4455 2294 4511 minicaa
2318 4470 2501 4509 coenas
2535 4452 2776 4518 ﬁebant,
2803 4459 2861 4507 et
2903 4453 3014 4507 hoc
3043 4451 3219 4507 modo
3257 4453 3500 4508 ﬂebant.
3554 4453 3706 4508 Pras-

2058 4543 2250 4616 cipuis
2282 4541 2492 4597 diebus
2531 4542 2651 4596 sive
2681 4542 2847 4596 festis
2878 4546 3012 4612 post
3052 4557 3354 4596 sacrorum
3391 4541 3706 4610 mysterio-

2060 4649 2194 4688 rum
2225 4631 2741 4704 participationem
2763 4630 3090 4702 agebantur
3118 4647 3466 4685 communes
3498 4648 3702 4698 cmnae,

2060 4720 2534 4793 prmparantibus
2565 4719 2700 4774 illas
2730 4719 3010 4773 divitibus
3041 4737 3107 4774 ac
3139 4736 3431 4791 pauperes
3462 4721 3712 4775 invitan-

2061 4810 2241 4866 tibus.
2272 4809 2338 4864 Id
2368 4815 2566 4864 autem
2598 4813 2720 4863 erat
2758 4809 2989 4862 occasio
3022 4808 3328 4864 charitatis
3365 4815 3423 4864 et
3478 4811 3710 4865 modes-

2062 4899 2156 4954 tiae
2209 4898 2414 4954 animi.
2461 4898 2608 4952 Cum
2651 4897 2827 4968 igitur
2876 4897 3088 4952 horum
3127 4915 3367 4954 causam
3415 4899 3708 4954 bonorum

2061 4987 2487 5058 corrupissent,
2550 5002 2794 5040 necesse
2838 4985 2951 5040 fuit
3024 4988 3305 5058 Apostolo
3398 4989 3706 5044 scribere:

2062 5101 2090 5128 «
2123 5076 2311 5132 Audio
2369 5074 2615 5130 dissidia
2667 5075 2728 5129 in
2782 5075 2949 5130 vobis
2999 5093 3149 5140 esse,
3205 5100 3232 5125 »
3265 5080 3390 5132 Non
3447 5082 3607 5132 recta
3635 5075 3710 5130 ad

2063 5181 2398 5222 sermonem
2423 5163 2494 5217 de
2521 5179 2688 5218 coena
2714 5164 3022 5220 Dominica
3043 5164 3425 5226 accessit,sed
3455 5180 3712 5235 superne

2062 5254 2288 5310 malum
2320 5256 2606 5323 amputat.
2659 5252 2891 5307 Etenim
2924 5253 3121 5323 ipsum
3154 5269 3388 5323 quoque
3415 5269 3550 5307 cum
3572 5269 3711 5324 pau-

2063 5345 2304 5417 peribus
2334 5359 2452 5398 non
2481 5343 2931 5408 convenire,aut
2959 5360 3082 5398 una
3102 5359 3222 5397 non
3273 5359 3504 5398 cmnare
3536 5343 3710 5398 dissi-

2064 5435 2227 5491 dium
2258 5437 2404 5487 erat.
2438 5453 2465 5482 «
2499 5433 2568 5486 Et
2597 5430 2800 5503 aliqua
2825 5449 2895 5485 ex
2919 5437 3083 5502 parte
3116 5431 3313 5488 credo.
3343 5453 3371 5481 ››
3408 5434 3528 5487 Hoc
3584 5437 3710 5499 est;

2065 5523 2279 5594 Aliquo
2313 5520 2487 5576 modo
2519 5519 2719 5586 credo,
2773 5520 2860 5576 vel
2889 5536 2900 5574 :
2945 5519 3256 5576 Paululum
3289 5521 3488 5592 credo,
3511 5539 3587 5578 ne
3619 5523 3713 5576 ni-

2065 5614 2254 5670 mium
2295 5628 2395 5668 eos
2448 5608 2806 5681 pudefaciat.
2851 5611 2968 5666 Nec
3019 5609 3188 5677 dixit,
3249 5628 3371 5667 non
3404 5612 3604 5678 credo,
3635 5629 3710 5666 ne

2066 5705 2288 5760 frustra
2316 5701 2624 5772 increpare
2654 5699 2944 5768 videatur,
2971 5697 3076 5754 sed
3103 5699 3187 5755 ait
3221 5717 3233 5757 :
3267 5701 3577 5758 Paululum
3608 5701 3713 5756 ali-
