4068 6254
404 382 520 442 803
1483 377 1914 441 CECUMENII
1958 375 2268 438 TRICCE
2312 375 2664 438 EPISCOPI
3724 381 3831 440 804

402 514 546 588 quid
569 515 764 571 credo.
790 536 818 563 «ι
853 517 993 570 Nam
1025 519 1258 586 oportet
1285 520 1344 570 et
1371 518 1562 569 sectas
1592 529 1766 569 esse»
1797 509 2040 581 Δίρὲσεις

2157 512 2260 563 τῶν
2289 514 2594 582 τραπεζῶν.
2648 511 3037 587 Προκρίνοντες
3097 513 3200 589 γὰρ
3260 513 3313 567 οἱ
3368 511 3658 568 πλούσιοι
3715 514 3836 577 τοὺς

402 606 547 663 dicit
573 604 685 660 hoc
719 605 845 660 loco
870 620 989 658 non
1023 620 1123 659 eas
1142 611 1330 660 sectas
1362 605 1490 658 sine
1513 620 1662 659 nova
1683 603 1839 658 circa
1871 602 2045 657 fidem

2158 599 2479 668 πλουσίους,
2509 599 2635 664 τοὺς
2680 599 2916 671 πένητας
2943 601 3152 680 ἀφῖασι.
3217 627 3238 654 ι
3269 605 3381 658 Ἵνα
3409 603 3473 658 οἱ
3512 600 3776 676 δόκιμοι.
3813 631 3831 654 1

400 695 677 767 dogmata
717 693 1122 758 introducunt,
1182 693 1286 748 sed
1329 693 1488 748 circa
1527 709 1782 748 mensas.
1827 691 2044 746 Divites

2157 690 2218 707 νυ
2299 685 2324 706 σν
2513 688 2526 708 2
2646 687 2668 706 ν
3176 692 3189 710 \
3604 700 3630 712 αν

2162 691 2248 758 lo,
2309 710 2412 756 ινα,
2474 710 2571 743 ουκ
2644 710 2784 744 εστιν
2859 690 3229 765 αἱτιολογικον
3267 737 3281 761 ,
3331 691 3490 750 ἀλλὰ
3555 714 3674 762 της
3734 701 3838 750 τῶν

399 787 559 842 enim
587 784 971 858 praeferentes
1015 782 1244 851 divites,
1269 783 1691 853 relinquebant
1730 795 2040 853 pauperes.

2157 779 2484 851 πραγμάτων
2545 774 2814 840 ἐκϐάσεως
2893 776 3221 848 δηλωτικόν.
3301 782 3382 838 Τὸ
3461 784 3610 856 γὰρ,
3696 809 3716 832 ι
3758 791 3842 838 Δεῖ

402 899 429 927 ‹‹
467 877 539 931 Ut
569 875 668 945 qui
702 873 934 945 probati
979 877 1136 927 sunt.
1173 893 1199 922 »ι
1231 872 1418 927 Dictio
1445 867 1558 938 ἵνα,
1593 871 1652 926 id
1684 876 1792 935 est,
1827 875 1893 924 ut
1923 884 2044 924 non

2157 867 2385 937 αἱρέσεις
2429 867 2560 922 εἶναι
2614 869 2704 922 ἳνα
2755 869 2808 922 οἱ
2866 867 3088 941 δόκιμοι
3156 871 3376 946 φανεροὶ
3427 873 3733 947 γενωνται
3792 874 3841 927 ἐν

407 969 496 1020 est
527 980 717 1019 causa:
750 961 1056 1030 redditiva,
1106 961 1209 1017 sed
1250 966 1491 1016 eventus
1529 977 1730 1016 rerum
1782 957 2044 1014 declara-

2160 959 2311 1030 ὑμῖν⁹
2347 982 2373 1008 ››
2446 957 2608 1012 τοῦτό
2684 977 2870 1032 φησιν·
2951 957 3173 1028 Ἐπειδὴ
3226 960 3378 1033 ὑμεῖς
3437 962 3500 1016 οἱ
3569 961 3842 1016 πλούσιοι

407 1054 524 1110 tiva
578 1055 721 1108 Nam
763 1068 868 1122 per
908 1053 1020 1106 hoc
1061 1050 1216 1122 quod
1264 1051 1378 1105 ait:
1408 1073 1436 1101 α
1469 1051 1712 1120 Oportet
1769 1054 1828 1102 et
1856 1054 2045 1102 sectas

2157 1048 2408 1121 σχίζεσθε
2438 1052 2806 1121 παρεορῶντες
2852 1047 2980 1110 τοὺς
3030 1049 3284 1119 πένητας,
3343 1047 3604 1105 ἐκϐαίνει
3673 1052 3762 1106 ὅτι
3797 1053 3843 1106 οἳ

405 1160 535 1200 esse
592 1147 659 1198 ut
709 1142 808 1214 qui
864 1139 1094 1212 probati
1154 1146 1293 1195 sunt
1341 1138 1638 1194 manifesti
1688 1138 1836 1193 ﬁant
1892 1137 2045 1192 inter

2157 1138 2381 1207 πένητες
2414 1133 2818 1209 δι’ὗπομονῆς,
2880 1137 3214 1209 εὑρισκονται
3276 1136 3532 1214 δόκνμοι.
3615 1162 3642 1189 ι
3681 1148 3846 1196 Φανε-

399 1248 519 1288 vos.
551 1253 579 1281 ››
621 1231 731 1286 hoc
763 1229 1091 1296 significat:
1143 1228 1434 1293 Quoniam
1463 1243 1565 1282 vos
1597 1226 1807 1282 divites
1837 1223 2042 1280 dividi.

2158 1225 2242 1296 poi
2273 1223 2536 1298 γένωνται
2568 1227 2620 1279 ἐν
2653 1226 2801 1298 ὑμῖν.
2829 1250 2856 1277 ››
2881 1227 2947 1283 Οἱ
2977 1226 3079 1302 γὰρ
3107 1228 3336 1302 στερεοὶ,
3371 1227 3614 1301 μᾶλλον
3641 1229 3699 1285 ἓν
3730 1236 3845 1290 τοῖς

398 1320 546 1376 mini
601 1323 1051 1375 contemnentes
1083 1333 1392 1388 pauperes,
1418 1315 1633 1371 accidit
1661 1321 1726 1370 ut
1753 1329 2045 1385 pauperes

2157 1312 2424 1375 τοιούτοις
2457 1311 2797 1386 ἐκλάμπουσι
2824 1319 3057 1388 καιροῖς.
3091 1314 3267 1383 Δηλοῖ
3296 1313 3352 1370 δὲ
3377 1315 3514 1380 τοὺς
3567 1318 3845 1386 πένητας,

399 1426 506 1482 per
537 1407 912 1464 tolerantiam
947 1405 1325 1462 inveniantur
1372 1405 1626 1478 probati.
1659 1426 1687 1454 «
1747 1401 2044 1459 Manifesti

2157 1402 2279 1465 τοὺς
2302 1403 2401 1470 τήν
2433 1402 2729 1477 ὑπεροψίαν
2756 1408 2864 1458 τῶν
2897 1402 3179 1459 πλουσίων
3210 1405 3468 1480 γενναίως
3530 1406 3848 1487 φέροντας,

402 1501 549 1556 ﬁant
573 1501 729 1556 inter
757 1518 878 1556 vos.
903 1520 930 1550 η
965 1499 1072 1564 Qui
1104 1498 1264 1554 enim
1295 1499 1469 1554 solidi
1502 1514 1569 1554 ac
1602 1497 1756 1551 ﬁrmi
1789 1494 2045 1561 erant,in

2157 1492 2243 1546 καὶ
2271 1492 2398 1553 τοὺς
2429 1488 2505 1546 ἔτι
2536 1491 2600 1546 τὸ
2629 1488 2752 1557 ἔθος
2782 1489 3265 1570 διαφυλάττοντας.
3318 1519 3348 1546 ‹‹
3382 1498 3850 1576 Συνερχομένων

401 1590 744 1662 hujusmodi
777 1588 1190 1645 occasionibus
1220 1588 1406 1655 magis
1435 1587 1579 1643 clari
1609 1585 2036 1641 reddebantur.

2158 1581 2247 1634 οὗν
2283 1581 2455 1653 ὑμῶν.
2492 1605 2518 1633 ››
2551 1583 2610 1637 ἹΙ
2671 1583 2763 1653 μὲν
2823 1579 3070 1654 σύνοδος,
3122 1583 3308 1661 φησὶν,
3370 1585 3606 1660 ἀγάπην
3672 1584 3846 1641 ἐνδεί-

404 1681 711 1753 Signiﬁcat
740 1684 936 1734 autem
961 1694 1248 1750 pauperes
1269 1678 1487 1733 fastum
1519 1676 1764 1730 divitum
1793 1675 2045 1744 ingenue

2161 1689 2370 1738 κνυται,
2396 1668 2541 1733 πλήν
2572 1667 2632 1723 οὒ
2665 1675 3012 1745 παραιοῦται.

397 1769 554 1827 ferre
587 1777 645 1824 et
682 1785 904 1824 morem
933 1767 1126 1822 adhuc
1170 1768 1500 1822 observare.
1535 1790 1562 1815 ‹‹
1608 1766 1742 1819 Cum
1778 1763 1954 1835 igitur
1993 1762 2053 1816 in
2087 1760 2361 1816 eumdem
2395 1761 2591 1816 locum
2625 1762 2973 1817 convenitis.
3012 1785 3038 1811 »
3072 1765 3416 1828 Conventio,
3473 1765 3718 1838 inquit.
3777 1782 3842 1820 ac

397 1863 582 1913 cretus
613 1856 996 1912 dilectionem
1027 1856 1178 1912 529
1212 1853 1492 1923 ostendit,
1523 1857 1579 1908 et
1614 1857 1811 1907 tamen
1838 1850 1911 1906 ad
1943 1866 2091 1922 opus
2138 1866 2256 1905 non
2288 1850 2589 1922 pertingit.

468 1968 496 1998 ‹‹
545 1949 668 2002 Non
729 1944 1019 2016 contingit
1058 1943 1425 1998 Dominicam
1484 1942 1658 1997 edere
1705 1957 1952 1997 cmnam.
2013 1960 2040 1989 ››

2225 1961 2252 1988 ‹‹
2316 1937 2425 1992 Οὐκ
2479 1934 2590 1993 ἔστι
2670 1941 2925 2013 κυριακὸν
3008 1937 3222 1996 δεῖπνον
3277 1946 3483 2018 φαγεῖν.
3521 1967 3552 1994 n
3619 1947 3833 2018 Κυρια-

397 2037 767 2094 Dominicam
815 2039 982 2089 vocat
1035 2032 1223 2104 ipsam
1244 2031 1417 2104 juxta
1457 2032 1850 2087 imitationem
1883 2029 2045 2085 illius

2157 2024 2246 2079 κὸν
2304 2022 2360 2079 δὲ
2417 2025 2548 2082 αὐτὸ
2629 2025 2811 2094 καλεῖ,
2895 2030 3031 2084 κατὰ
3117 2028 3352 2101 μίμησιν
3429 2029 3653 2087 ἐκείνου
3737 2035 3832 2086 τοῦ

395 2123 676 2199 pavendm
708 2139 775 2177 ac
817 2121 1106 2192 mysticae,
1157 2120 1392 2192 quando
1434 2121 1719 2176 Dominus
1747 2136 1866 2176 una
1911 2135 2045 2174 cum

2157 2120 2427 2193 φρικτοῦ,
2487 2115 2578 2172 ὅτε
2629 2117 2658 2174 ὁ
2717 2117 2914 2193 Κύριος
2993 2121 3246 2189 συνήσθιε
3300 2125 3417 2181 τοῖς
3483 2124 3782 2193 μαθηταῖς
3817 2166 3830 2191 ,

398 2211 708 2283 discipulis
752 2210 1004 2275 edebat;
1063 2227 1130 2265 ac
1161 2209 1208 2264 si
1241 2209 1463 2265 diceret
1505 2227 1517 2266 :
1551 2211 1688 2275 Quae
1733 2226 1768 2265 a
1807 2208 2048 2266 Domino

397 2301 687 2374 disposita
733 2305 822 2355 est
871 2305 930 2356 et
971 2299 1260 2355 ordinata.
1297 2299 1635 2355 Convenitis
1684 2297 1926 2371 quidem
1974 2297 2048 2354 ad

394 2391 694 2448 edendum
728 2389 1099 2446 Dominicam
1122 2405 1371 2455 Cinnam,
1407 2388 1510 2445 sed
1540 2405 1659 2444 non
1688 2388 2050 2444 facitis—Et

396 2482 506 2538 hoc
557 2479 871 2554 signiﬁcat,
919 2479 1167 2535 dicens:
1201 2499 1229 2529 «
1267 2480 1394 2534 Non
1426 2479 1734 2552 contingit.
1785 2499 1814 2528 ››
1849 2477 2044 2533 Domi-

397 2571 591 2624 nicam
612 2575 808 2624 autem
833 2585 1059 2623 omnem
1083 2573 1249 2622 vocat
1274 2568 1649 2622 Dominicum
1674 2567 2044 2638 mysterium:

401 2679 542 2719 nam
574 2662 735 2718 illius
758 2678 966 2716 omnes
989 2660 1267 2715 similiter
1297 2665 1435 2715 sunt
1461 2659 1778 2732 participes
1803 2675 1816 2713 :
1845 2663 1903 2714 et
1947 2657 2046 2728 qui

399 2753 461 2810 in
493 2757 841 2825 paupertate
866 2750 1174 2822 degunt,et
1203 2749 1303 2821 qui
1336 2749 1555 2804 divitiis
1588 2747 1974 2814 extolluntur,
1993 2751 2050 2804 et

397 2841 608 2897 famuli
629 2857 696 2896 ac
717 2839 964 2896 domini.
999 2845 1055 2894 et
1077 2838 1176 2910 qui
1213 2838 1598 2893 dominantur
1627 2843 1686 2893 et
1715 2837 1815 2908 qui
1860 2835 2046 2890 domi-

405 2931 570 2985 nium
598 2927 1342 3000 sustinent.0portuitergo
1362 2933 1420 2981 et
1449 2943 1686 2984 mensas
1703 2940 2050 2982 communes

405 3035 535 3076 esse
562 3035 930 3088 communes,
963 3034 1030 3073 ac
1066 3017 1432 3072 Dominicam
1482 3014 1726 3084 imitari,
1759 3031 1889 3086 quae
1921 3030 2050 3070 om-

405 3109 582 3165 nibus
614 3125 680 3164 ex
732 3125 901 3180 aequo
949 3106 1321 3180 pr0ponitur.
1365 3109 1529 3162 Nunc
1558 3111 1757 3162 autem
1815 3121 1934 3164 non
1968 3103 2051 3162 ita

401 3198 594 3254 facitis
622 3198 880 3270 Quisque
912 3198 1072 3253 enim
1103 3197 1402 3269 propriam
1418 3201 1791 3268 prmoccupat
1820 3209 2048 3252 coenam

2153 2204 2228 2266 ὡς
2260 2204 2306 2260 εἰ
2337 2203 2510 2280 ἔλεγε·
2545 2206 2642 2274 Τὸ,
2672 2227 2750 2278 τῳ
2798 2207 2985 2282 Κυρίῳ
3043 2207 3415 2280 ἀνακείμενον.
3471 2212 3826 2286 Συνέρχεσθε

2157 2293 2249 2367 μὲν
2282 2292 2368 2348 ἐπὶ
2396 2295 2458 2350 τὸ
2489 2299 2675 2373 φαγεῖν
2727 2295 2996 2369 Κυριακὸν
3057 2293 3294 2367 δεῖπνον,
3322 2295 3452 2352 ἀλλ’
3488 2297 3552 2354 οὐ
3588 2304 3823 2355 ποιεῖτε.

2154 2415 2222 2426 -——
2253 2384 2592 2456 [GEOAQR]
2629 2386 2802 2440 Τοῦτο
2833 2381 3000 2458 δῃλοῖ
3027 2385 3113 2451 τὸ,
3171 2410 3199 2437 ‹‹
3224 2386 3342 2443 Οὐκ
3370 2380 3511 2445 ἔστι.
3547 2413 3577 2441 »ι
3613 2391 3820 2463 Κυρια-

2157 2474 2252 2528 κὸν
2325 2470 2381 2528 δὲ
2441 2471 2678 2542 δεῖπνον,
2753 2474 2818 2529 τὸ
2873 2475 3200 2531 Δεσποτικὸν
3260 2474 3424 2531 καλεῖ
3485 2481 3815 2552 μυστήριον.

2158 2563 2397 2619 Ἐκεῖνοι)
2452 2563 2552 2638 γὰρ
2610 2563 2805 2625 πάντες
2889 2563 3096 2637 ὁμοίως
3160 2561 3669 2637 μεταλαμϐάνουσι,
3729 2567 3810 2621 ita?

2157 2653 2209 2707 oi
2239 2652 2397 2723 πενίᾳ
2426 2657 2714 2722 συζῶντες,
2746 2652 2836 2708 καὶ
2868 2654 2920 2708 οἱ
2941 2651 3168 2724 πλούτῳ
3197 2658 3524 2726 κομοῦντες,
3557 2657 3642 2712 καὶ
3675 2651 3808 2712 οἶκέα

2154 2761 2264 2809 ται,
2289 2739 2376 2794 καὶ
2409 2736 2689 2809 δεσπόται,
2720 2739 2811 2795 καὶ
2841 2739 3106 2817 ἄρχοντες
3137 2743 3226 2797 καὶ
3267 2742 3602 2819 ἀρχόμενοι.
3659 2740 3798 2800 Ἔδει

2154 2829 2332 2884 τοίνυν
2392 2828 2480 2882 καὶ
2529 2829 2625 2891 τὰς
2683 2831 2869 2892 κοινὰς
2941 2833 3208 2903 τραπέζας
3259 2833 3398 2888 εἶναι
3456 2834 3647 2902 κοινὰς,
3702 2833 3782 2886 ιιαὲ

2157 2920 2254 2988 τὴν
2352 2919 2686 2985 Δεσποτικήν
2795 2922 3103 2994 μιμεῖσθαι,
3176 2921 3211 2990 ἢ
3288 2925 3424 2977 πᾶσι
3517 2923 3764 2997 πρόκειται

2156 3009 2386 3082 ὁμοίως.
2446 3009 2556 3066 Νῦν
2613 3005 2668 3062 δὲ
2731 3008 2838 3084 οὐχ
2924 3008 3097 3072 οὕτως
3153 3007 3334 3087 δρατε.
3388 3013 3622 3074 Ἕκαστος
3665 3009 3760 3085 γὰρ

2153 3102 2216 3157 τὸ
2267 3098 2408 3156 ἳόιον
2469 3097 2682 3156 ’δεῖπνον
2734 3097 3114 3177 προλαμϐάνει
3174 3101 3225 3158 ἐν
3281 3108 3362 3176 τῷ
3419 3109 3613 3182 φαγεῖν.
3665 3107 3768 3160 Δεῖ-

2156 3212 2286 3247 πνον
2348 3187 2427 3258 δὲ,
2477 3188 2611 3246 κατᾶ
2677 3193 2779 3260 τήν
2835 3192 2958 3248 τότε
3015 3194 3296 3264 συνήθειαν
3355 3191 3511 3269 λέγει
3565 3195 3625 3249 τὸ
3673 3190 3782 3267 ἄρι-

399 3288 464 3344 in
497 3287 749 3343 edendo.
777 3288 1014 3342 Cmnam
1046 3302 1181 3341 vero
1205 3285 1378 3356 juxta
1406 3285 1569 3341 illius
1598 3285 1882 3357 temporis
1912 3300 2050 3339 con-
2077 3306 2120 3374 ο
2156 3302 2300 3340 στον.

401 3377 780 3433 suetudinem
810 3382 976 3431 vocat
1011 3375 1330 3446 prandium
1359 3375 1578 3446 ipsum.

471 3467 565 3530 XI,
597 3465 685 3530 2|,
723 3468 812 3517 22.
870 3466 1106 3533 Quisque
1143 3463 1289 3518 enim
1338 3462 1634 3534 propriam
1684 3470 2044 3533 prwoccupat

402 3570 650 3611 orenam:
685 3560 736 3606 et
758 3553 849 3608 hic
879 3552 1099 3623 quidem
1124 3553 1316 3615 esurit.
1351 3550 1446 3606 ille
1497 3558 1680 3608 autem
1735 3550 1918 3606 ebrius
1946 3556 2042 3608 est.

399 3645 536 3699 Num
557 3658 688 3697 sane
715 3641 907 3696 domos
935 3657 1046 3695 non
1079 3640 1287 3696 habetis
1327 3641 1401 3696 ad
1439 3639 1707 3696 edendum
1737 3656 1799 3694 ac
1860 3640 2041 3695 biben-

395 3732 524 3788 dum
553 3735 580 3786 ?
613 3733 703 3788 An
733 3730 1024 3788 Ecclesium
1058 3731 1158 3788 Dai
1215 3732 1562 3788 contemnitis
1604 3737 1658 3786 et
1708 3730 2048 3804 pudefacitis

392 3836 476 3878 eos
497 3823 594 3894 qui
624 3837 734 3875 non
762 3820 1008 3876 habent?
1039 3820 1184 3888 Quid
1222 3820 1409 3876 dicam
1446 3820 1596 3876 vobis
1619 3823 1647 3876 γ
1668 3819 1905 3875 laudabo
1959 3835 2046 3874 vos

393 3912 462 3964 in
492 3911 590 3965 hoc
609 3913 637 3963 ?
669 3912 786 3966 Non
818 3909 1002 3966 laudo.

457 4093 622 4158 Quod
666 4094 1038 4150 Dominicum
1092 4100 1204 4160 est,
1262 4095 1478 4166 inquit,
1532 4093 1877 4152 reddidistis
1907 4110 2042 4166 pro-

399 4183 617 4253 prium,
650 4183 986 4240 auferentes
1006 4183 1078 4240 ab
1102 4200 1170 4239 eo
1193 4184 1661 4254 pulcherrimum
1692 4189 1750 4240 et
1787 4185 2045 4240 salutare

397 4287 637 4327 nomen.
698 4272 922 4330 Deinde
985 4274 1160 4328 etiam
1223 4273 1533 4329 helluones
1568 4274 1730 4344 ipsos
1760 4274 2041 4345 appellat.

396 4362 1091 4433 Prieoccupat,inquit,in
1106 4362 1334 4418 edendo
1357 4379 1370 4417 :
1393 4378 1503 4417 nec
1525 4363 2043 4433 pauperesimitat,

397 4450 616 4507 veritus
635 4467 711 4507 ne
724 4467 845 4506 non
863 4455 1182 4506 saturetur.
1197 4452 1298 4504 «Et
1329 4450 1424 4506 hic
1441 4450 1682 4520 quidem
1712 4451 1921 4517 esurit,
1942 4451 2044 4506 ille

397 4545 594 4595 autem
623 4539 825 4596 ebrius
849 4544 957 4596 est.
993 4562 1022 4590 ν
1042 4539 1168 4595 Duo
1201 4539 1466 4610 ipsorum
1489 4539 1628 4594 vitia
1651 4545 2048 4605 enumerat,et

2220 3462 2487 3522 Ἕκαστος
2571 3460 2674 3535 γὰρ
2750 3459 2812 3514 τὸ
2912 3456 3051 3516 ἴδιον
3131 3457 3344 3517 δείπνον
3419 3458 3798 3538 προλαμϐπὶνει

2152 3548 2205 3604 ἐν
2259 3554 2338 3620 τῷ
2391 3553 2578 3626 φαγεῖν
2613 3591 2628 3615 ,
2680 3548 2772 3604 καὶ
2828 3549 2890 3612 ὃς
2956 3548 3051 3621 μὶν
3112 3554 3306 3620 πεινᾷ,
3364 3552 3424 3613 ’ὸς
3481 3549 3543 3607 δὲ
3603 3553 3804 3626 μεθύει.

2152 3640 2243 3706 Μὴ
2304 3640 2408 3712 γὰρ
2494 3636 2668 3699 οἰκίας
2753 3638 2856 3692 οὐκ
2931 3633 3086 3713 ἔχετε
3170 3639 3248 3701 είς
3330 3641 3394 3697 τὸ
3454 3639 3659 3698 ἐσθίειν
3723 3641 3809 3698 καὶ

2152 3730 2363 3799 πίνεῖν;
2437 3729 2470 3799 ἢ
2555 3737 2655 3799 τῆς
2741 3728 3072 3801 Ἐκκλησίας
3149 3736 3245 3787 τοῦ
3327 3733 3462 3788 Θεοό
3534 3755 3808 3816 καταφρο-

2153 3825 2312 3891 νεῖτε,
2379 3822 2468 3875 καὶ
2537 3819 2924 3894 καταισχύνετε
3002 3821 3130 3886 τοὺς
3226 3822 3300 3894 μή
3385 3819 3666 3901 ἔχοντας;
3758 3825 3808 3881 τί

2155 3909 2285 3983 ὑμῖν
2387 3906 2556 3979 ε’ίπω;
2653 3908 2914 3965 ἐπαινέσω
3023 3912 3163 3984 ὑμᾶς
3241 3910 3292 3966 ἰν
3367 3913 3598 3986 route);
3699 3915 3810 3970 Οὐκ

2153 4000 2375 4073 ἑπαινῷ.

2225 4092 2299 4148 Τὸ
2333 4091 2837 4167 Κυριακὸν,φησὶν,
2893 4088 3171 4149 ἰδιωτικὸν
3229 4095 3584 4164 πεποιήκατε,
3644 4099 3806 4176 ἀφαι-

2155 4179 2408 4254 ρούμενοι
2468 4178 2633 4234 αὐτοῦ
2697 4180 2761 4234 τὸ
2817 4179 3114 4236 κάλλιπον
3171 4187 3334 4238 τοῦτο
3390 4184 3480 4238 καὶ
3530 4189 3808 4261 σωτήριον

2153 4264 2346 4343 ὄνομα·
2381 4271 2514 4325 Εἱτα
2542 4270 2631 4323 καὶ
2685 4268 3025 4346 λαιμάργους
3075 4271 3270 4335 αὐτοὺς
3317 4271 3607 4332 ἀποκαλεῖ.
3670 4283 3805 4352 Προ-

2155 4353 2447 4431 λαμϐάνει,
2478 4358 2666 4433 φησὶν,
2697 4356 2749 4412 ἐν
2789 4363 2870 4430 τῷ
2925 4366 3137 4438 φαγεῖν,
3195 4363 3285 4416 καὶ
3343 4362 3408 4417 οὐ
3461 4363 3627 4421 καλεῖ
3679 4369 3806 4428 τοὺς

2153 4447 2412 4516 πένητας,
2441 4445 2624 4520 ὥσπερ
2684 4443 2944 4510 δεδοικὼς
3016 4451 3091 4522 μὴ
3150 4451 3213 4507 οὗ
3271 4457 3576 4526 χορτασθῇ.
3643 4480 3670 4507 α
3706 4457 3802 4512 Καὶ

2157 4539 2216 4599 ὃς
2250 4537 2344 4610 μὲν
2373 4541 2547 4607 πεινᾷ,
2578 4538 2636 4598 ’ὸς
2679 4534 2736 4592 δὶ
2768 4539 2972 4610 μεθύει.
3010 4562 3038 4592 n
3091 4540 3196 4596 Δύο
3244 4540 3572 4618 ἐγκλήματα
3631 4545 3802 4600 αὐτῶν

401 4629 560 4698 quod
583 4645 876 4701 pauperes
899 4628 1662 4700 despicerent,etquodipsi
1679 4628 2043 4685 inebriaren-

2157 4625 2492 4726 ἑξαγῖέλλει,
2541 4625 2630 4680 καὶ
2684 4627 2745 4682 τὸ
2803 4635 3159 4702 περιορᾶσθαι
3216 4631 3346 4693 τοὺς
3411 4634 3676 4705 πένητας,
3717 4635 3798 4689 καί

394 4719 772 4774 tur.0mnino
796 4720 962 4774 enim
986 4718 1780 4788 siedentes,inqult,mensas
1809 4735 1928 4774 non
1946 4720 2044 4776 ha-

397 4804 590 4861 beatis
623 4824 1235 4876 communes,curnon
1267 4808 1327 4862 in
1350 4808 1602 4879 propriis
1632 4808 1843 4864 vestris
1859 4808 2044 4864 domi-

390 4897 506 4954 bus
537 4898 712 4954 editis
737 4900 803 4954 ?u
823 4904 909 4956 An
934 4902 1255 4958 Ecclesiam
1287 4901 1389 4956 Dei
1421 4900 2039 4957 contemnitis?»Nam

394 4988 496 5058 qui
531 4987 834 5060 propriam
865 5007 1096 5046 orenam
1127 4992 1187 5045 in
1221 4990 1482 5046 Ecclesia
1501 4991 1659 5054 facit,
1680 4996 1740 5046 et
1765 4991 2040 5048 sanctum

387 5076 586 5134 locum
634 5079 859 5150 injuria
906 5082 1109 5141 afﬁcit.
1143 5088 1201 5138 et
1248 5081 1618 5137 Dominicam
1650 5097 1874 5136 orenam
1918 5099 2040 5137 non

387 5166 575 5224 facit:
612 5168 942 5240 quinetiam
974 5186 1264 5241 pauperes
1316 5169 1636 5240 pudefacit.
1661 5191 1691 5219 «
1749 5171 1816 5224 Et
1864 5170 2046 5242 pude-

390 5256 584 5315 facitis
647 5275 747 5315 eos
803 5261 903 5332 qui
954 5277 1074 5316 non
1116 5259 1356 5326 habent,
1391 5281 1418 5310 n
1468 5262 1669 5330 Neque
1697 5261 1856 5315 enim
1893 5261 2042 5317 adeo

391 5347 478 5403 eis
525 5366 685 5406 curm
738 5355 828 5406 est
883 5350 1044 5424 quod
1077 5349 1362 5414 esuriant,
1388 5356 1674 5420 quantum
1725 5350 1885 5421 quod
1940 5353 2043 5406 de-

392 5441 576 5508 specti
637 5447 1122 5508 contemnuntur,
1185 5456 1294 5496 nec
1342 5439 1684 5496 invitantur.
1745 5440 1848 5496 Vel
1905 5441 2046 5512 quia

390 5526 708 5596 pudeflunt
764 5531 1018 5586 convicti
1049 5528 1210 5602 quod
1265 5543 1387 5584 non
1420 5528 1732 5584 habeant:
1774 5529 1926 5594 Quid
1957 5528 2044 5584 di-

388 5628 523 5672 cam
554 5615 761 5672 vobis?
789 5641 816 5669 η
852 5617 1076 5678 Deinde
1088 5617 2046 5692 postlapsusostensionem,man-

390 5703 621 5761 auctius
678 5720 814 5762 eum
873 5707 960 5762 eis
988 5707 1248 5764 disserit.
1294 5708 1438 5763 Cum
1474 5706 1632 5767 enim
1672 5719 2045 5778 consequens

2150 4716 2236 4784 τὸ,
2260 4713 2454 4776 αὐτοὺς
2489 4714 2720 4788 μεθύειν.
2779 4713 2962 4778 Ὃλως
3015 4718 3138 4790 γὰρ,
3188 4719 3350 4792 φησὶν
3401 4719 3492 4774 ἐὰν
3554 4728 3636 4795 μή
3685 4742 3788 4777 κοι-

2150 4809 2260 4865 νῶς
2318 4802 2488 4878 ἔχητε
2541 4803 2634 4866 τὰς
2691 4806 2963 4880 τραπέζας
3013 4804 3276 4870 ἐσθίοντες
3311 4853 3324 4879 ,
3386 4807 3531 4867 amt
3592 4814 3673 4886 μὴ
3725 4811 3794 4873 εἷς

2148 4893 2274 4955 τοὺς
2304 4891 2488 4955 οῗκους
2525 4895 2677 4966 ὑμῶν
2701 4892 2903 4958 ἐσθίετε
2937 4914 2951 4964 ;
2987 4920 3016 4948 ι(
3047 4898 3119 4952 "H
3175 4904 3273 4966 τῆς
3332 4897 3664 4970 Ἐκκλησέας
3711 4905 3800 4957 τοῦ

2151 4988 2287 5038 Θεοῦ
2348 4989 2774 5057 καταφρονεῖ-τες
2835 5007 2863 5037 »
2922 4985 2984 5043 Ὁ
3026 4987 3128 5060 γὰρ
3189 4983 3437 5044 ἰδιωτικὰ
3502 4987 3693 5046 δεῖπνα
3752 4992 3800 5046 ἐν

2152 5070 2451 5142 Ἐκκλησίᾳ
2484 5076 2676 5141 ποιῶν,
2721 5073 2806 5127 καὶ
2866 5073 2957 5128 τὸν
3019 5068 3168 5149 ἅγιον
3220 5077 3390 5132 τόπον
3429 5073 3660 5152 ὑϐρίζει,
3716 5078 3800 5134 καὶ

2151 5165 2417 5237 Κυριακον
2445 5157 2656 5215 ὃεῖτωον
2680 5160 2742 5216 οὗ
2772 5168 2939 5218 ποιεῖ.
2965 5163 3138 5219 Ἀλλὰ
3167 5166 3274 5237 μὴν
3293 5168 3382 5221 καὶ
3410 5166 3536 5229 τοὺς
3566 5168 3800 5239 πένητας

2153 5250 2520 5325 καταισχύνει.
2583 5274 2612 5301 ‹‹
2638 5251 2744 5307 Καὶ
2771 5251 3160 5330 καταισχύνετε
3186 5253 3317 5316 τοὺς
3350 5258 3424 5329 μή
3461 5253 3691 5336 ἔχοντας
3726 5279 3739 5327 ;
3777 5282 3802 5309 ιι

2151 5340 2229 5398 Οὐ
2259 5341 2364 5414 γὰρ
2394 5342 2652 5394 τοσοῦτον
2685 5339 2869 5402 αὐτοῖς
2929 5339 3147 5412 μέλλει,
3207 5345 3396 5420 φησὶν,
3454 5346 3538 5400 ὅτι
3599 5344 3805 5421 λιμώτ-

2151 5450 2361 5486 τουσιν.
2407 5426 2533 5486 ὅσον
2595 5429 2678 5485 ὅτι
2729 5435 3188 5506 καταφρονοῦνται
3242 5435 3646 5510 περιορώμενοι
3711 5436 3796 5490 καὶ

2159 5521 2235 5594 μὴ
2270 5517 2722 5592 συγηλοῦμενοι,
2755 5520 2788 5590 ἢ
2824 5521 2910 5576 ὃτι
2968 5522 3441 5597 καταισχύνονται,
3495 5521 3800 5600 ἐλεγχόμεο

2151 5631 2236 5666 νοι
2267 5608 2356 5664 ἐπὶ
2380 5607 2460 5681 τῷ
2512 5609 2588 5682 μὴ
2647 5605 2821 5684 ἔχειν,
2857 5631 2882 5662 ι
2916 5611 2985 5669 Τί
3018 5612 3145 5686 ὑμῖν
3199 5611 3427 5683 ε’ίπως»
3480 5614 3613 5672 Εἶτα
3674 5616 3802 5689 μετᾶ

2155 5702 2255 5770 τὴν
2311 5695 2582 5770 ἀπόδειξιν
2640 5703 2736 5754 τοῦ
2795 5699 3153 5773 πταίσματος,
3209 5704 3563 5778 ἡμερώτερον
3620 5704 3800 5767 αὸτοῖς
