4068 6254
243 348 381 410 805

1280 345 1681 408 COMMENT.
1723 346 1804 407 1N
1846 342 2092 409 EPIST.
2140 344 2165 407 Ι
2210 346 2313 406 AD
2356 344 2725 405 CORINTH‘.

3567 350 3687 413 806

247 476 607 556 διαλέγεται.
645 476 770 535 Δέον
802 476 903 554 γὰρ
963 477 1156 543 εἴπεῖν,
1208 480 1379 534 ταῦτα
1436 475 1498 532 οὑ
1558 473 1767 550 μυρίων
1820 486 1961 544 θαη

2074 476 2249 532 uisset
2268 482 2333 531 ut
2354 475 2601 532 diceret:
2621 477 2835 533 Annon
2859 476 2985 533 hinc
3008 477 3172 533 mille
3200 479 3489 534 mortibus
3510 481 3689 553 digna

250 571 439 623 νατιυν
477 568 645 638 ἄξιας
691 566 879 647 φησίν,
918 593 944 619 (ι
1003 566 1301 624 Ἐπαινέσω
1359 566 1499 637 ὑμᾶς
1549 564 1638 620 ἐπὶ
1691 564 1918 635 το·3τῳ;

254 656 383 716 Οὐκ
412 656 639 712 ἐπαινῶ.
676 680 702 705 ››
735 656 792 710 Τί
837 657 966 726 ὑμῖν
1001 654 1151 709 δοκεῖ
1183 675 1197 723 ;
1230 658 1294 709 ’Ἃ
1310 674 1373 727 ρα
1403 652 1736 728 παραλόγως
1767 654 1919 707 εἶπον

263 748 403 819 ὑμῖν
485 746 575 799 καὶ
636 745 948 823 ἀρχόμενος
1019 752 1120 813 τῆς
1206 742 1508 807 ὑποθέσεως
1574 743 1776 812 ταύτης
1839 742 1925 796 ὅτι

262 834 374 891 οὐκ
404 833 613 890 ἐπαινῶ
649 853 662 901 ;
698 833 826 887 οὑλὶ
857 833 948 887 καὶ
979 833 1069 887 ἀπ’
1104 832 1273 902 αὐτῆς
1303 840 1403 901 τῆς
1448 836 1555 887 τῶν
1588 831 1927 906 πραγμάτων

262 921 610 985 ἀκολουθίας
668 921 917 993 ἐμάθετε,
977 920 1060 975 ὅτι
1118 919 1170 976 ἂν
1218 921 1591 992 ἐπαινουμένῳ
1650 920 1929 996 πράγματι

261 1017 352 1084 τῷ
385 1014 636 1085 Κυριακῷ
668 1007 886 1083 δείπνῳ,
916 1006 1092 1085 ψόγου
1152 1010 1307 1084 ὑμεῖς
1366 1009 1493 1065 ἀλλ’
1550 1008 1649 1065 οὒκ
1707 1008 1933 1063 ἐπαίνου

270 1103 403 1173 ἄξια
434 1098 821 1175 διαπράττεσθε
856 1119 869 1168 ;
901 1102 1062 1154 Ὥστε
1102 1099 1212 1175 ἐγὼ
1271 1096 1498 1161 δικαίως
1550 1100 1648 1155 οὐκ
1704 1097 1932 1166 ἐπαινῶ,

271 1190 475 1261 καίπερ
506 1190 624 1253 καθ’
654 1189 785 1244 αὑτὸ
823 1190 1100 1244 έπαινετοῦ
1140 1187 1375 1262 μάλιστα
1430 1194 1529 1244 τοῦ
1587 1186 1750 1264 ἔργου
1806 1206 1933 1261 τυγ-

278 1280 573 1358 χάνοντος.

363 1425 503 1498 Ἐγὼ
557 1423 660 1498 γὰρ
755 1418 1065 1496 παρέλαϐον
1142 1422 1249 1479 ἀπὸ
1332 1427 1428 1478 τοῦ
1496 1421 1703 1497 Κυρίου
1761 1420 1791 1477 6'
1849 1421 1935 1475 καὶ

284 1512 579 1590 παρέδωκα
611 1516 757 1588 ὑμῖν,
809 1514 890 1572 ὅτι
948 1516 975 1570 ὀ
1034 1515 1235 1589 Κύριος
1296 1518 1505 1586 Ἰησοῦς
1560 1513 1611 1570 έν
1668 1517 1738 1588 τῇ
1789 1511 1940 1567 νυκτὶ

279 1609 326 1678 ᾗ
386 1601 736 1679 παρεδίδοτο,
820 1601 1015 1660 ἔλαϐεν
1072 1607 1257 1680 ἄρτον,
1342 1606 1433 1660 καὶ
1520 1603 1942 1679 εὐχαριστήσας,

281 1690 486 1750 ἔκλασε
541 1693 633 1751 καί
688 1694 826 1749 εἴπεο
891 1690 1092 1749 Λάϐετε
1127 1738 1140 1765 ,
1202 1694 1417 1771 φάγετε,
1451 1695 1616 1749 τοῦτὸ
1679 1713 1783 1765 μου
1830 1692 1942 1746 ἐστι

282 1784 355 1839 τὸ
389 1789 569 1857 σῶμα,
627 1783 689 1838 τὸ
749 1783 881 1861 ὑπὲρ
940 1783 1094 1859 ὑμῶν
1153 1783 1458 1856 κλώμενον.
1516 1785 1686 1837 Τοῦτο
1742 1786 1946 1836 ποιεῖτε

291 1873 373 1937 εἷς
435 1874 534 1944 τήν
621 1870 761 1947 έμην
844 1874 1164 1947 ἀνάμνησιν,

291 1966 495 2038 τήριον
584 1962 719 2039 μετᾶ
799 1960 862 2018 τδ
946 1960 1272 2034 δειπνῆσαι,
1358 1960 1553 2036 λέγων’
1639 1963 1808 2016 Τοῦτο
1891 1959 1954 2015 τὸ

296 2054 567 2129 ποτήριον
622 2054 657 2123 ἡ
715 2052 875 2123 καινή
937 2052 1169 2126 διαθήκη
1230 2051 1393 2123 ἐστιν,
1455 2052 1506 2110 έν
1567 2056 1645 2125 τῷ
1703 2050 1822 2126 ἐμῷ
1878 2049 1959 2106 αἳ-

305 2163 462 2215 ματι.
496 2142 675 2199 Τοῦτο
705 2146 932 2215 ποιεῖτε,
967 2142 1153 2205 ὁσάκις
1187 2141 1248 2196 ἄν
1300 2142 1495 2212 πίνητε
1553 2142 1630 2205 εἰς
1682 2142 1782 2210 τὴν
1815 2138 1953 2215 έμὴν

298 2230 626 2305 ἀνάμνησιν.

375 2336 572 2397 Καίτοι
642 2338 703 2395 οὐ
766 2346 941 2417 παρῆν
1000 2342 1125 2397 τότε
1182 2342 1209 2396 6
1294 2338 1533 2400 Παῦλος.
1600 2342 1723 2400 Πῶς
1782 2335 1952 2415 λέγει’

306 2453 333 2479 ι(
370 2427 519 2503 Ἐγὼ
547 2422 860 2501 παρέλαϐον
895 2428 1001 2484 ἀπὸ
1036 2433 1132 2487 τοῦ
1173 2428 1375 2505 Κυρίου
1411 2447 1426 2499 ;
1478 2425 1659 2485 Ἀλλά
1686 2430 1776 2481 νῦν
1807 2446 1955 2501 παρ-

298 2518 442 2578 ἐστι.
474 2517 575 2576 Καὶ
633 2518 734 2593 γὰρ
795 2524 910 2587 νῦν,
971 2515 1167 2594 ὁμοίαν
1225 2516 1438 2588 ἐκείνης
1487 2519 1623 2591 ἡμῖν
1683 2517 1709 2573 6
1759 2515 1959 2591 Κύριος

306 2605 637 2679 παρατίθησι
668 2607 957 2682 τραπέζαν.
989 2640 1056 2650 --
1086 2608 1178 2665 Ἥ.
1238 2609 1383 2679 Ὅτι,
1428 2603 1763 2681 Ἐδιδάχθην
1794 2609 1960 2660 ταῦτα

317 2695 428 2750 ἀπὸ
458 2698 553 2748 τοῦ
580 2696 796 2770 Κυρίου,
827 2694 922 2750 ’ίνα
1022 2697 1085 2753 τὸ
1122 2722 1149 2748 ‹‹
1206 2691 1548 2772 Παρέλαϐον,
1581 2718 1607 2750 ε
1668 2696 1785 2751 ἀντὶ
1840 2696 1957 2768 τοῦ,

326 2808 355 2835 α
392 2780 730 2860 Ἐδιδὰχθην.
764 2810 791 2838 ››
828 2819 895 2829 -
930 2811 951 2838 ι
988 2787 1112 2845 Ὀτι
1145 2787 1172 2841 6
1205 2785 1405 2861 Κύριος
1437 2786 1678 2855 Ἰησοῦς.
1716 2809 1742 2836 ››
1774 2788 1957 2842 Ταῦτα

323 2870 674 2947 παρήγγειλεν
716 2873 748 2930 ἃ
797 2874 939 2950 λέγει
998 2873 1312 2951 παρέδωκα,
1362 2874 1456 2931 *ίνα
1492 2873 1791 2949 ἐνδείξηται
1850 2874 1955 2945 δτι,

311 2959 373 3021 Ὁ
429 2960 624 3035 Κύριος
681 2965 842 3039 ἡμῶν
901 2972 1091 3035 κοινῆς
1147 2964 1419 3041 τραπέζης
1491 2963 1552 3019 οὑ
1607 2965 1774 3037 μόνον
1831 2963 1957 3026 τοὺς

310 3047 503 3128 ἁγίους
538 3053 807 3126 μαθητὰς,
838 3050 985 3109 ἀλλὰ
1031 3054 1121 3109 καὶ
1177 3054 1337 3110 αὐτὸν
1387 3054 1479 3110 τὸν
1536 3050 1812 3128 προδότην
1872 3054 1961 3109 αὑ-

305 3146 407 3209 τῆς
441 3140 660 3215 ἠξίωσε,
696 3144 786 3198 τὸν
817 3142 1030 3219 ἐχθρὸν,
1090 3144 1179 3199 τὸν
1230 3145 1610 3218 παμπόνηρον,
1669 3144 1753 3199 καὶ
1804 3144 1959 3216 ὑμεῖς

2037 564 2221 621 sunt?
2241 565 2396 621 580
2419 564 2534 619 ait:
2560 587 2586 613 α
2616 564 2887 621 Laudabo
2912 582 3011 620 vos
3037 566 3096 620 in
3122 566 3230 622 hoc
3249 567 3273 616 δί
3301 569 3425 622 Non
3451 568 3685 624 laudo.»

2037 654 2185 718 Quid
2218 654 2380 709 vobis
2410 653 2641 709 videtur
2660 654 2686 707 ‘3
2710 656 2797 710 An
2832 661 3046 725 printer
3070 656 3360 711 rationem
3382 657 3501 712 dixi
3527 658 3687 714 vobis

2040 745 2215 798 etiam
2249 743 2307 797 in
2342 744 2511 798 initio
2544 744 2725 814 huius
2757 746 3090 816 argumenti
3124 746 3281 816 quod
3313 765 3431 802 non
3483 748 3689 803 lauda-

2040 848 2165 886 rem
2188 833 2215 886 ‘I
2244 849 2443 886 annon
2477 850 2544 886 ex
2578 834 2707 902 ipsa
2739 850 2976 903 quoque
3019 851 3219 889 rerum
3265 837 3691 906 consequentia

2043 920 2356 988 didicistis,
2390 921 2548 992 quod
2582 922 2641 975 in
2677 938 2739 976 re
2773 922 3091 990 laudanda,
3126 938 3341 994 nempe
3382 925 3690 981 Dominica

2043 1026 2338 1077 cmna,vos
2372 1011 2662 1082 vituperio
2695 1018 2752 1067 et
2782 1027 2903 1067 non
2932 1012 3105 1068 laude
3140 1012 3315 1087 digna
3338 1014 3691 1086 peregistis?

2043 1102 2204 1155 Juste
2253 1101 2451 1172 itaque
2504 1117 2629 1172 ego,
2686 1100 2899 1173 inquit,
2947 1118 3066 1157 non
3126 1101 3399 1173 laudabo,
3458 1104 3690 1158 etiamsi

2048 1206 2196 1261 opus
2225 1191 2285 1245 in
2320 1207 2380 1245 se
2408 1189 2484 1244 sit
2516 1192 2770 1245 maxime
2801 1191 3120 1246 laudabile.

2123 1412 2187 1463 XI
2205 1411 2437 1467 .23-25.-
2466 1413 2581 1484 Ego
2606 1412 2763 1466 enim
2777 1413 2975 1482 accepi
3001 1430 3034 1467 a
3055 1412 3303 1467 Domino
3323 1412 3478 1486 quod
3503 1420 3562 1469 et
3581 1417 3695 1469 tra-

2049 1524 2074 1549 ‹‹
2111 1500 2229 1554 didi
2260 1500 2444 1566 vobis,
2468 1500 2625 1571 quod
2653 1501 2932 1555 Dominus
2952 1504 3120 1556 Jesus
3142 1518 3209 1556 ea
3228 1508 3399 1557 nocte
3438 1520 3555 1573 qua
3579 1508 3695 1558 tra-

2053 1612 2080 1637 «
2115 1588 2364 1643 debatur
2394 1589 2876 1660 accepitpanem,
2910 1608 3163 1661 cumque
3195 1592 3413 1662 gratias
3459 1591 3692 1663 egisset,

2053 1700 2078 1728 ‹‹
2097 1679 2363 1750 fregit.ac
2376 1678 2541 1732 dixit:
2560 1679 2939 1749 Accipite.edi
2953 1680 3143 1747 te,hoc
3157 1687 3470 1751 estcorpus
3485 1697 3699 1748 meum,

2062 1793 2081 1818 ε
2114 1766 2273 1840 quod
2297 1786 2399 1839 pro
2419 1765 2581 1822 vobis
2599 1767 3025 1842 frangitur.hoc
3044 1769 3215 1825 facite
3234 1770 3293 1826 in
3316 1771 3431 1826 mei
3448 1787 3700 1826 comme-

1250 1875 1521 1934 Ὡσαύτως
1588 1871 1677 1927 καὶ
1744 1871 1807 1925 τὸ
1862 1890 1957 1924 πο-

2074 1881 2091 1906 εί
2110 1858 2521 1913 morationem.
2550 1855 2636 1912 Ad
2650 1856 2925 1913 eumdem
2942 1857 3180 1914 modum
3206 1866 3264 1914 et
3284 1861 3561 1931 poculum
3586 1878 3697 1933 pe-

2063 1967 2085 1991 «
2112 1953 2273 2003 racta
2295 1965 2458 2002 omna
2480 1947 2715 2003 dicens:
2744 1947 2861 2003 Hoc
2884 1948 3161 2022 poculum
3186 1954 3273 2003 est
3294 1966 3505 2005 novum
3529 1954 3702 2004 testa-

2067 2059 2086 2083 α
2116 2042 2382 2093 mentum
2406 2054 2511 2110 per
2529 2052 2728 2092 meum
2744 2038 3239 2110 sanguinemﬂoc
3257 2039 3430 2095 facite
3446 2037 3702 2109 quoties-

2062 2142 2347 2196 «cunque
2380 2124 2646 2181 biberitis
2679 2126 2737 2180 in
2771 2128 2885 2181 mei
2914 2129 3564 2184 commemorationem.
3599 2150 3627 2176 ››

2132 2336 2309 2406 Atqui
2341 2336 2559 2392 Paulus
2590 2341 2729 2392 tunc
2786 2352 2907 2391 non
2946 2336 3170 2392 aderat.
3203 2336 3507 2402 Quomodo
3566 2353 3701 2409 ergo

2062 2424 2204 2479 dicit
2239 2440 2253 2478 :
2289 2442 2313 2465 (ι
2345 2425 2460 2496 Ego
2490 2425 2689 2495 accepi
2718 2442 2751 2479 a
2783 2424 3078 2480 Domino?
3107 2444 3133 2476 ε
3172 2424 3281 2480 Sed
3310 2441 3470 2479 nunc
3512 2424 3700 2485 adest.

2064 2514 2295 2570 Etenim
2326 2531 2485 2571 nunc
2516 2514 2603 2570 illi
2636 2514 2891 2571 similem
2922 2516 3167 2586 apponit
3194 2514 3369 2569 nobis
3418 2515 3701 2570 Dominus

2063 2620 2353 2660 mensam.
2379 2633 2447 2646 —-
2476 2603 2864 2660 Aut.Edoctus
2898 2620 3049 2673 sum,
3076 2603 3361 2674 inquit.in
3393 2603 3485 2658 his
3517 2620 3552 2659 a
3586 2604 3699 2658 Do—

2065 2693 2249 2756 mino.
2282 2698 2347 2748 ut
2379 2714 2405 2746 ε
2436 2694 2649 2764 Accepi
2684 2714 2712 2742 »
2744 2698 3013 2748 sumatur
3038 2710 3141 2763 pro
3174 2716 3201 2742 «
3237 2692 3489 2747 Edoctus
3513 2708 3703 2760 sum,»

2064 2811 2133 2821 —
2156 2805 2181 2831 ι(
2206 2781 2373 2847 Quod
2395 2782 2682 2838 Dominus
2700 2784 2869 2837 Jesus
2893 2798 2961 2836 ea
2974 2788 3147 2836 nocte
3168 2798 3285 2851 qua
3304 2779 3706 2837 tradebatur.»

2070 2873 2206 2927 Haec
2237 2872 2519 2943 praecepit
2548 2888 2680 2942 qua:
2712 2888 2837 2943 ego,
2900 2872 3113 2942 inquit,
3148 2871 3315 2926 vobis
3372 2868 3608 2937 tradidi,
3639 2886 3709 2926 ac

2067 2960 2116 3014 si
2150 2960 2343 3016 dicat:
2404 2960 2692 3016 Dominus
2725 2966 2926 3015 noster
2980 2959 3283 3016 communi
3324 2976 3532 3013 mensa
3586 2975 3711 3013 non

2068 3056 2303 3106 sanctos
2334 3048 2509 3104 modo
2541 3046 2996 3118 discipulos,sed
3028 3054 3085 3102 et
3117 3048 3311 3119 ipsum
3343 3048 3706 3119 proditorem

2068 3155 2138 3193 ea
2166 3137 2443 3209 dignatus
2472 3138 2899 3205 est,iuimicum
2930 3137 3482 3196 sceleratissimum.
3517 3142 3576 3191 et
3606 3153 3706 3192 vos

318 3231 611 3302 ἀπαξιοῦτε
638 3228 968 3288 συνδειπνεῖν
1025 3233 1265 3305 πένησι;
1325 3233 1412 3288 καὶ
1470 3232 1552 3288 ὅτι
1611 3236 1961 3307 σταυροῦσθαι

2074 3226 2473 3298 dedignamini
2496 3243 2617 3283 una
2636 3244 2769 3283 cum
2787 3226 3145 3298 pauperibus
3167 3242 3399 3282 cmnare
3415 3226 3710 3297 ‘Icumque

319 3318 566 3393 μέλλων,
652 3321 858 3392 ταύτην
950 3324 1085 3395 ἡμῖν
1140 3324 1238 3391 τήν
1306 3322 1682 3398 μυσταγωγίαν
1732 3321 1966 3397 ἐσχάτην

312 3406 649 3484 παρέδωκεν,
709 3408 836 3466 ἀλλ’
892 3412 1046 3485 ὑμεῖς
1105 3411 1271 3482 αὐτὴν
1327 3409 1675 3488 διεφθείρετε.
1734 3444 1804 3454 -
1837 3408 1969 3466 Ἀλυ

313 3494 450 3559 λως.
486 3496 555 3556 Εἴ
596 3498 625 3552 6
679 3497 900 3575 Κύριος,
960 3500 1115 3578 φησὶ,
1158 3505 1433 3557 κοινωνεῖν
1495 3521 1551 3554 σε
1613 3505 1709 3555 τοῦ
1767 3498 1968 3554 οἰκείου

314 3587 569 3661 σώματος
599 3589 691 3643 καὶ
718 3596 819 3658 τῆς
854 3598 1121 3663 μυστικῆς
1180 3591 1451 3665 τραπέζης
1514 3591 1613 3645 οὐκ
1670 3590 1967 3661 ἀπηξίωσε,

318 3678 382 3733 σὺ
408 3683 528 3742 τοῖς
562 3680 686 3744 σοῖς
712 3678 961 3750 ἆπαξιοῖς
1009 3681 1103 3736 τὸν
1136 3677 1449 3754 ὁμόδουλον
1487 3700 1502 3749 ;
1539 3714 1603 3723 --
1636 3686 1711 3739 ’Ή
1742 3681 1829 3735 καὶ
1879 3682 1969 3736 οὗ·

316 3788 446 3831 τως.
480 3768 545 3824 Εἰ
578 3770 606 3823 ὁ
649 3768 848 3845 Κύριος
881 3770 1073 3841 έπίσης
1105 3791 1187 3825 σοι
1248 3770 1337 3825 καὶ
1395 3774 1477 3842 τῷ
1505 3769 1698 3840 πένητι
1737 3775 1831 3825 τοῦ
1890 3772 1970 3826 οἱ·

319 3857 471 3913 κείου
530 3858 787 3930 σώματος
844 3860 935 3914 καὶ
984 3857 1215 3934 αἵματος
1273 3860 1372 3929 τήν
1430 3865 1695 3933 τραπέζαν
1751 3860 1836 3913 καὶ
1871 3861 1969 3928 τήν

321 3955 572 4023 κρατῆρα
627 3948 981 4023 παρατίθησι,
1042 3950 1104 4004 σὺ
1167 3947 1377 4023 τολμᾷς
1460 3953 1651 4005 τοῦτον
1724 3956 1823 4018 τῆς
1874 3955 1973 4018 σῆς

323 4036 646 4111 ἁποσχίζειν
733 4034 1006 4111 τραπέζης
1084 4037 1173 4091 καὶ
1265 4038 1589 4112 ὑπερορᾷν;
1649 4038 1713 4093 Εἰ
1771 4036 1975 4097 ἐκεῖνος

327 4124 655 4201 ηὑχαρίστει
686 4125 750 4181 τὸ
790 4124 991 4180 οἰκεῖον
1025 4129 1185 4199 σῶμα
1244 4127 1478 4198 μερίζων
1538 4125 1625 4180 καὶ
1676 4122 1880 4195 διδοὺς,
1914 4128 1975 4179 σὺ

328 4213 393 4268 o6
449 4212 651 4287 πολλῷ
708 4212 922 4287 μᾶλλον
985 4214 1328 4289 εὐχαρίστως
1374 4214 1463 4269 καὶ
1527 4215 1661 4288 μετὰ
1714 4212 1976 4284 πλείστης

326 4306 499 4377 χαρᾶς
553 4305 661 4357 τῶν
715 4301 913 4367 έκεῖθέν
975 4323 1059 4358 σοι
1098 4300 1493 4377 ’δωρηθέντων
1552 4301 1845 4367 κοινωνοὺς
1889 4303 1978 4357 καὶ

324 4393 737 4467 συνεστιάτορας
797 4389 1094 4464 λαμϐάνεις
1148 4392 1277 4455 τοὺς
1336 4392 1613 4464 πένητας;
1652 4418 1678 4443 ι(
1741 4393 1841 4448 Καὶ
1890 4391 1975 4447 εὑο

330 4482 688 4557 χαριστήσας.
726 4504 754 4534 »
795 4481 856 4539 Ὁ
895 4482 1095 4556 Κύριος
1156 4481 1582 4559 εὐχαριστήσας,
1642 4478 1839 4536 έκλασε
1892 4481 1982 4535 καὶ

2072 3316 2509 3388 cruciﬁgendus
2539 3322 2713 3383 esset,
2749 3318 2903 3373 hanc
2934 3317 3107 3372 nobis
3157 3334 3387 3373 sacram
3444 3316 3714 3372 traditio-

2074 3422 2212 3462 nem
2232 3406 2896 3477 reliquitnovissimam,
2916 3414 2975 3461 at
3002 3424 3103 3462 vos
3127 3408 3318 3478 ipsam
3343 3407 3715 3478 corrupistis.

2074 3533 2144 3544 -—
2170 3505 2292 3560 Alio
2322 3506 2499 3560 modo.
2525 3505 2582 3562 Si
2619 3505 2926 3569 Dominus,
2952 3506 3166 3575 inquit,
3190 3512 3243 3562 te
3275 3523 3395 3561 non
3427 3505 3716 3577 dedigna-

2079 3599 2171 3648 tus
2198 3599 2289 3648 est
2314 3593 2458 3664 quin
2491 3595 2728 3665 proprio
2751 3595 2938 3664 ipsius
2959 3595 3191 3665 corpori
3218 3612 3284 3651 ac
3315 3612 3536 3651 mensae
3562 3612 3719 3666 mys-

2076 3683 2208 3738 ticae
2238 3684 3036 3754 communicares,quomodo
3066 3691 3125 3739 tu
3166 3700 3520 3739 conservum
3552 3689 3719 3737 tuum

2079 3772 2418 3843 dedignaris
2448 3789 2521 3829 ne
2556 3774 2667 3828 tuis
2699 3772 2876 3828 rebus
2907 3774 3355 3829 communicet?
3389 3803 3452 3814 --
3474 3776 3587 3829 Aut
3617 3774 3717 3827 hoc

2078 3865 2243 3916 etiam
2277 3862 2451 3917 modo.
2483 3861 2541 3916 Si
2594 3863 2876 3918 Dominus
2908 3879 2978 3919 ex
3008 3879 3176 3932 aequo
3208 3862 3314 3916 tibi
3346 3878 3413 3917 ac
3470 3861 3719 3932 pauperi

2079 3963 2351 4002 mensam
2379 3948 2600 4018 proprii
2634 3949 2900 4019 corporis
2926 3956 2983 4004 et
3013 3950 3320 4020 sanguinis
3351 3965 3417 4005 ac
3443 3948 3722 4018 poculum

2082 4035 2352 4102 tradit,tu
2382 4037 2540 4092 hunc
2571 4036 2756 4091 audes
2787 4054 2823 4093 a
2854 4044 2955 4094 tua
2986 4054 3194 4094 mensa
3223 4037 3485 4093 dividere
3519 4054 3585 4093 ac
3617 4036 3721 4092 de-

2081 4124 2309 4195 spicere
2329 4125 2356 4180 ‘2
2386 4125 2443 4180 Si
2475 4124 2577 4181 ille
2607 4126 2825 4198 gratias
2856 4128 2977 4199 agit
3005 4128 3107 4198 qui
3152 4127 3457 4198 proprium
3517 4125 3729 4181 dividit

2082 4214 2379 4284 traditque
2393 4232 2626 4286 corpus,
2654 4221 2716 4270 tu
2730 4232 2848 4272 non
2865 4217 3053 4273 multo
3070 4217 3255 4289 magis
3268 4217 3485 4289 gratias
3496 4214 3724 4287 agendo

2084 4310 2140 4359 et
2170 4304 2427 4360 maximo
2484 4321 2619 4362 cum
2676 4306 2891 4378 gaudio
2923 4306 2986 4364 in
3039 4306 3133 4363 his
3164 4323 3296 4377 qua)
3356 4324 3392 4362 a
3440 4308 3557 4361 Deo
3619 4303 3724 4358 tibi

2086 4392 2306 4450 donata
2328 4400 2487 4461 sunt,
2508 4396 2699 4452 socios
2723 4413 2790 4453 ac
2813 4397 3088 4452 convivas
3110 4396 3367 4467 accipies
3388 4410 3677 4467 pauperes
3701 4392 3729 4447 ?

2087 4484 2230 4539 53]
2274 4506 2294 4532 ι
2330 4487 2593 4555 Cumque
2636 4486 2857 4557 gratias
2914 4487 3147 4558 egisset.
3184 4509 3212 4535 ν
3270 4487 3413 4539 Cum
3447 4484 3729 4540 Dominae

329 4566 502 4625 ἰδωκε
525 4576 642 4630 τοῖς
677 4576 970 4643 μαθηταῖς.
1014 4570 1078 4625 Εἰ
1132 4571 1314 4625 τοίνυν
1371 4569 1455 4626 ἐπ’
1516 4569 1835 4643 εὐχαριστίᾳ
1891 4589 1957 4626 κα

2088 4574 2305 4644 gratias
2336 4575 2573 4645 egisset,
2606 4575 2781 4647 fregit
2810 4592 2877 4631 ac
2909 4576 3073 4632 dedit
3119 4575 3447 4646 discipulis.
3481 4575 3537 4628 Si
3597 4589 3732 4645 ergo

335 4658 393 4714 σὺ
450 4652 618 4734 ἔρχῃ,
679 4656 847 4732 μηδὲν
925 4660 1140 4731 ἀνάξιον
1226 4658 1370 4714 ποίει
1422 4666 1522 4728 τῆς
1606 4659 1978 4734 εὐχαριστίας,

333 4749 566 4821 μεθύων,
596 4748 685 4804 καὶ
718 4748 871 4823 λιμῷ
902 4750 989 4804 καὶ
1044 4744 1195 4820 ὕϐρει
1229 4745 1552 4825 διατιθείρων
1586 4750 1677 4804 τὸν
1729 4747 1933 4818 πένητα
1966 4768 1980 4818 ς

335 4862 362 4888 ‹‹
396 4832 623 4907 Λάϐετε,
654 4839 874 4917 φάγετε.
912 4862 939 4889 ››
987 4839 1165 4899 Αὐτὸς
1228 4839 1343 4912 μὲν,
1405 4839 1561 4917 φησὶ,
1593 4842 1751 4911 κοινῇ
1785 4836 1984 4893 δέδωκε

336 4934 489 4999 πᾶσι,
522 4928 583 4984 σὺ
616 4927 673 4984 δὲ
704 4929 897 4985 σαυτὸν
933 4928 1253 5001 ἀποσχίζεις
1280 4934 1388 4984 τῶν
1444 4930 1697 4997 πενήτων
1742 4928 1829 4984 καί
1886 4934 1983 4984 τοῦ

343 5024 439 5087 τῆς
484 5018 817 5089 Ἐκκλησίας
869 5019 1146 5091 σώματος.
1217 5042 1245 5070 κ
1307 5018 1576 5080 Ὡσαύτως
1634 5019 1722 5074 καὶ
1775 5020 1838 5073 τὸ
1893 5039 1985 5074 πο-

342 5108 545 5184 τήριον.
587 5132 613 5161 ››
666 5110 769 5165 Ἦν
820 5108 921 5183 γὰρ
972 5108 1063 5163 καὶ
1120 5106 1210 5163 ἐπὶ
1262 5115 1364 5177 τῆς
1419 5105 1659 5171 παλαιᾶς
1725 5111 1983 5181 ποτήρια,

341 5194 390 5253 έν
444 5200 531 5261 οἷς
590 5193 862 5269 ἔσπενδον,
920 5197 1010 5253 καὶ
1071 5197 1206 5271 μετὰ
1258 5198 1321 5252 τὸ
1380 5201 1535 5261 θῦσαι
1592 5195 1670 5267 δὲ,
1726 5200 1787 5254 τὸ
1844 5201 1987 5272 αἷμα

342 5291 443 5342 τῶν
485 5286 707 5362 ἀλόγων
738 5287 789 5342 ἰν
849 5292 968 5352 τοίς
1000 5287 1289 5361 ποτηρίοις
1349 5284 1666 5365 δεχόμενοι,
1713 5282 1985 5347 ἔσπενδον.

341 5372 487 5436 Ἀντί
531 5376 748 5433 οὖντοῦ
789 5374 1018 5450 αἳματος
1074 5382 1182 5434 τῶν
1237 5374 1475 5452 ἀλόγων,
1533 5378 1595 5432 τὸ
1654 5374 1792 5434 ἴδιον
1845 5381 1989 5451 αἷμα

346 5467 605 5544 ὑΚύριος
642 5464 855 5524 δίδωσι.
899 5463 1090 5528 Καλῶς
1121 5462 1198 5533 δὲ,
1258 5465 1312 5520 έν
1370 5466 1642 5545 ποτηρίῳ,
1691 5468 1783 5521 ἳνα
1848 5465 1989 5543 δείξῃ

346 5558 439 5626 τὴν
523 5556 762 5617 παλαιὰν
846 5559 1008 5614 τοῦτο
1064 5559 1626 5635 προσκιαγραφοῦσαν.
1679 5558 1775 5613 Διὰ
1826 5563 1988 5615 τοῦτο

350 5648 509 5703 εἶπεν·
549 5670 576 5697 ‹‹
611 5647 673 5703 Ἥ
704 5646 861 5713 καινή
902 5641 1135 5714 διαθήκη
1164 5643 1303 5702 his
1350 5641 1403 5699 δν
1432 5648 1513 5715 τῷ
1564 5643 1684 5718 ipsi
1714 5643 1923 5719 α’ίματι,
1961 5672 1988 5699 ››

2094 4670 2155 4719 et
2176 4670 2237 4719 tu
2266 4681 2401 4720 cum
2431 4665 2753 4736 gratiarum
2785 4667 3017 4723 actione
3049 4666 3314 4730 venis,an
3346 4666 3496 4720 nihil
3525 4664 3735 4736 gratia-

2094 4769 2225 4808 rum
2258 4754 2490 4810 actione
2519 4753 2664 4810 facis
2695 4755 3027 4829 indignum,
3062 4756 3162 4827 qui
3204 4772 3339 4810 cum
3397 4754 3730 4817 inebrieris,

2096 4858 2415 4913 pauperem
2428 4843 2582 4899 fame
2596 4844 2897 4914 acinjuria
2918 4844 3155 4916 perdis?
3173 4868 3201 4895 ‹‹
3226 4844 3731 4916 Accipite,edite.n

2097 4945 2226 5011 Ipse
2254 4941 2493 5011 quidem
2524 4942 2802 4997 omnibus
2832 4942 3014 5009 dedit,
3056 4949 3116 4998 tu
3168 4961 3307 4999 vero
3341 4945 3594 5015 teipsum
3637 4959 3734 4998 se-

2096 5046 2269 5101 paras
2299 5047 2333 5084 a
2362 5031 2719 5101 pauperibus
2752 5037 2809 5085 et
2839 5031 2910 5086 ab
2939 5032 3128 5103 ipsius
3158 5033 3434 5088 Ecclesia:
3464 5046 3732 5102 corpore.

2102 5141 2123 5168 ε
2156 5118 2241 5171 Ad
2264 5118 2538 5172 eumdem
2560 5118 2803 5173 modum
2826 5126 2886 5175 et
2903 5121 3199 5191 poculum.
3239 5143 3266 5171 ιι
3294 5123 3471 5175 Erant
3492 5118 3651 5173 enim
3673 5118 3735 5173 in

2096 5206 2276 5261 veteri
2304 5222 2539 5277 quoque
2573 5213 2927 5265 testamento
2959 5210 3171 5281 pocula
3219 5210 3281 5263 in
3314 5208 3531 5278 quibus
3585 5206 3737 5260 liba-

2097 5295 2259 5363 bant,
2292 5295 2397 5351 ubi
2426 5296 2605 5351 etiam
2638 5303 2953 5369 postquam
2982 5298 3249 5354 victimas
3298 5296 3732 5363 immolassent,

2098 5384 2446 5457 sanguinem
2476 5384 2911 5442 irrationalium
2936 5388 3296 5459 excipientes
3327 5384 3732 5459 poculis,liba-

2095 5472 2258 5528 bant.
2292 5474 2405 5528 Pro
2436 5476 2722 5547 sanguine
2752 5475 2932 5548 igitur
2960 5476 3416 5536 irrationalium.
3444 5476 3731 5531 Dominus

2097 5562 2401 5633 proprium
2431 5562 2533 5619 dat
2561 5564 2930 5637 sanguinem.
2965 5565 3033 5620 Et
3082 5565 3254 5631 bene,
3290 5565 3351 5622 in
3381 5566 3615 5639 poculo.
3668 5566 3737 5620 ut

2097 5650 2371 5709 ostendat
2397 5658 2565 5709 vetus
2598 5659 3017 5711 testamentum
3038 5660 3214 5711 antea
3244 5654 3355 5713 hoe
3380 5654 3737 5711 delineasse.
