4068 6254
411 372 526 432 8οἻ

1528 361 1957 424 (ΕΟΠΜΕΝΙΙ
2002 355 2313 419 ΤΚΙΟΟιΕ
2355 352 2703 415 EPISCOPI

3715 352 3823 410 808

411 513 730 581 Propterea
785 505 933 559 dixit
968 520 980 557 :
1010 526 1038 552 «
1072 505 1293 558 Novum
1337 505 1758 556 testamentum
1820 501 1910 552 est
1955 511 2050 566 per

2173 488 2300 566 οὐχὶ
2333 493 2441 542 τῶν
2473 487 2716 564 ἀλόγων.
2751 487 2935 556 Ἐντῷ
2958 482 3077 557 ἐμῷ
3105 481 3318 556 αἳματι,
3351 482 3448 537 οὐκ
3483 482 3541 536 ἐν
3605 486 3686 552 τῷ
3717 485 3815 536 τῶν

414 615 613 655 meum
645 596 1055 668 sanguinem,»
1080 609 1200 648 non
1223 591 1662 646 irrationalium
1685 588 2056 644 animalium.

413 691 525 743 Per
557 685 1030 755 meum.inquam
1064 683 1435 754 sanguinem,
1478 697 1600 735 non
1668 695 1774 750 per
1823 676 2062 731 irratio-

411 777 636 833 nalium
681 773 1053 847 sanguinem,
1085 777 1150 826 ut
1178 771 1360 826 veteri
1391 773 1770 825 testamento.

487 921 579 986 XI,
604 920 791 973 26-28.
816 940 843 966 ‹‹
870 916 1350 984 Quotiescunque
1378 913 1539 967 enim
1563 907 2056 977 comederitispa-

415 1030 446 1058 α
478 1024 613 1062 nem
638 1008 815 1069 hunc,
845 1011 903 1059 et
924 1021 993 1060 ex
1014 1003 1226 1076 poculo
1249 1003 1360 1058 hoc
1376 1001 1928 1065 biberitis,mortem
1947 996 2058 1049 Do-

417 1119 448 1148 ‹‹
480 1097 627 1152 mini
647 1094 1016 1150 annuntiatis
1037 1093 1276 1148 interim
1297 1092 1437 1146 dum
1455 1090 1879 1159 veniat.ltaque
1903 1086 2062 1157 quis-

415 1210 444 1236 «
480 1187 612 1258 quis
630 1186 816 1240 ederit
834 1200 1050 1256 panem
1077 1184 1368 1248 hunc,aut
1388 1180 1606 1235 biberit
1625 1179 1696 1233 de
1719 1177 1922 1249 poculo
1945 1178 2056 1230 Do-

421 1294 444 1324 ε
476 1275 622 1331 mini
652 1274 892 1347 indigne
927 1273 1206 1338 Domino,
1240 1287 1376 1325 reus
1407 1269 1520 1324 erit
1549 1268 1815 1338 corporis
1846 1271 1904 1320 et
1926 1281 2059 1320 san-

419 1385 441 1412 ι
475 1364 671 1436 guinis
705 1363 956 1418 Domini.
991 1360 1208 1416 Probet
1237 1366 1436 1415 autem
1469 1359 1730 1429 seipsum
1763 1355 1962 1421 homo,
1998 1358 2057 1407 et

412 1477 439 1504 «
479 1453 562 1508 sic
593 1453 664 1508 de
696 1469 848 1524 pane
881 1451 1015 1507 edat
1044 1456 1102 1505 et
1130 1450 1202 1505 de
1233 1449 1446 1521 poculo
1480 1447 1661 1501 bibat.
1699 1469 1724 1494 ››

482 1751 589 1816 Qui
622 1755 873 1805 mortem
906 1749 1155 1804 Domino
1190 1746 1527 1808 annuntiat,
1581 1760 1755 1798 omne
1808 1741 2054 1800 donum,

413 1854 652 1893 omnem
682 1836 1112 1908 benignitatem
1144 1851 1211 1889 ac
1244 1832 1699 1896 humanitatem,
1732 1834 1791 1883 et
1817 1843 2055 1882 omnem

415 1927 667 1982 salutem
699 1931 964 1981 nostram
995 1941 1116 1978 una
1155 1921 1489 1978 annuntiat.
1527 1941 1554 1969 «
1611 1919 1856 1972 Interim
1917 1915 2055 1970 dum

411 2017 644 2071 veniat:
681 2038 709 2066 ››
739 2030 953 2084 nempe
982 2014 1043 2067 in
1068 2011 1327 2067 secundo
1359 2011 1710 2066 adventu.-——
1731 2006 1895 2072 Quod
1918 2005 2058 2060 dici-

414 2110 512 2158 tur
543 2121 554 2157 :
594 2125 615 2153 ι
649 2104 892 2158 Interim
925 2101 1065 2156 dum
1097 2101 1314 2166 veniat,
1348 2122 1375 2148 ››
1408 2114 1514 2170 per
1564 2096 1930 2168 hyperbaton
1962 2111 2054 2149 ac-

415 2191 756 2263 cipiendum
785 2195 894 2258 est,
928 2195 990 2245 ut
1022 2191 1098 2244 sit
1129 2189 1237 2243 iste
1271 2205 1480 2243 sensus
1507 2203 1518 2240 :
1580 2186 2056 2254 Quotiescunque

416 2279 578 2336 enim
611 2279 988 2335 comederitis
1020 2294 1237 2351 panem
1297 2278 1453 2332 hunc
1485 2281 1543 2330 et
1572 2293 1642 2330 ex
1700 2273 1913 2346 poculo
1946 2273 2056 2326 hoc

412 2369 684 2424 biberitis
709 2369 947 2423 interim
980 2369 1121 2423 dum
1153 2368 1278 2439 ipse
1308 2367 1507 2421 veniat
1537 2365 1597 2420 in
1632 2363 1892 2420 secundo
1952 2378 2056 2416 suo

413 2457 670 2515 adventu
701 2473 1009 2528 quousque
1031 2462 1283 2511 mortem
1314 2456 1500 2527 ipsius
1522 2452 2060 2510 annuntiatis.Post

410 2546 469 2601 id
501 2547 662 2600 enim
693 2551 926 2617 tempus
959 2561 1153 2616 neque
1186 2561 1355 2600 sacra
1383 2544 1508 2598 hmo
1541 2541 1824 2613 mysteria
1873 2538 2056 2610 parti-

415 2638 765 2709 cipabimus,
800 2638 871 2692 ad
895 2637 1306 2710 perfectiorem
1335 2653 1401 2690 ac
1432 2633 1892 2689 reconditiorem
1915 2629 2060 2701 poli-

410 2726 556 2780 tiam
588 2743 655 2781 ac
684 2726 1032 2780 fruitionem
1086 2725 1427 2780 introducti.
1471 2745 1499 2772 ‹‹
1531 2724 1734 2791 Itaque
1785 2717 2056 2790 quisquis

416 2814 604 2871 ederit
633 2815 894 2887 indigne.
932 2838 959 2864 »
995 2816 1156 2886 ipsos
1186 2818 1366 2879 taxat,
1411 2811 1730 2866 ostendens
1781 2808 2055 2880 indignos

413 2919 566 2972 esse,
598 2909 660 2958 ut
695 2905 793 2974 qui
826 2921 1116 2976 pauperes
1146 2903 1541 2975 despicerent.
1577 2899 1867 2965 Quoniam
1897 2895 2055 2952 indi-

408 3007 541 3063 gne,
571 2991 784 3062 inquit,
814 2991 888 3046 ad
920 2991 1209 3047 Dominici
1240 2990 1504 3061 corporis
1536 2985 2052 3060 participationem

407 3080 710 3144 acceditis,
742 3085 1058 3152 propterea
1089 3081 1294 3136 multis
1325 3079 1648 3135 obveniunt
1677 3074 2050 3142 morbi,afﬂi-

404 3170 652 3237 ctiones,
679 3169 901 3232 ciades,
933 3188 1000 3226 ac
1030 3171 1326 3226 interitus.
1361 3168 1524 3224 Unde
1554 3173 1751 3222 autem
1782 3165 2052 3238 provenit

2171 574 2390 652 ἀλόγων
2420 576 2494 636 ὡς
2534 575 2619 630 ἐπὶ
2652 581 2751 644 τῆς
2780 571 3040 634 παλαιᾶς.

2879 911 3093 981 ἐσθίητε
3175 910 3265 964 τὸν
3350 909 3514 982 ἄρτον
3607 914 3828 974 τοῦτ-δν,

2167 1000 2256 1055 καὶ
2311 1002 2374 1056 τὸ
2429 1003 2692 1075 ποτήριον
2749 1006 2910 1056 τοῦτο
2975 1000 3190 1069 πίνητε,
3266 997 3356 1052 τὸν
3443 998 3687 1052 θάνατον
3737 1002 3832 1053 10-3

2169 1089 2371 1163 Κυρίου
2447 1087 2844 1164 καταγγέλλετε
2903 1085 3068 1164 ἄχρις
3152 1085 3214 1142 06
3271 1082 3333 1140 ἄν
3420 1084 3590 1161 ἔλθῃ.
3674 1091 3835 1141 ’Ὥστε

2168 1177 2225 1240 ὅς
2271 1180 2332 1232 ἂν
2391 1177 2540 1252 ἐσθίῃ
2593 1179 2685 1233 τὸν
2738 1174 2898 1250 ἃρτον
2953 1183 3170 1246 τοῦτον,
3228 1175 3263 1246 ἤ
3315 1175 3442 1251 πίνῃ
3526 1177 3600 1231 τὸ
3660 1178 3834 1246 ποτη-

2169 1289 2282 1342 ριον
2360 1272 2456 1322 τοῦ
2542 1268 2739 1343 Κυρίου
2826 1267 3052 1338 ἀναξίως
3153 1271 3249 1321 τοῦ
3344 1264 3574 1340 Κυρίου,
3639 1260 3834 1342 ἔνοχος

2167 1351 2315 1412 ἔσται
2372 1361 2469 1412 τοῦ
2527 1358 2779 1430 σώματος
2846 1357 2937 1412 καὶ
2993 1361 3090 1412 τοῦ
3146 1354 3378 1428 α’ίματος
3437 1359 3543 1409 τοῦ
3605 1354 3836 1428 Κυρίου.

2169 1445 2518 1520 Δοκιμαζέτω
2621 1444 2679 1502 δὲ
2780 1443 3065 1521 ἅνθρωπος
3169 1444 3391 1513 ἑαυτὸν,
3475 1444 3581 1498 καὶ
3663 1443 3837 1503 οὕτως

2169 1535 2228 1590 ἐκ
2283 1541 2380 1591 τοῦ
2439 1537 2604 1612 ἃρτου
2663 1535 2907 1605 ἐσθιέτω,
2964 1535 3055 1590 καὶ
3110 1534 3170 1590 ἐκ
3243 1540 3342 1590 τοῦ
3397 1535 3689 1609 ποτηρίου
3749 1555 3835 1588 11i-

2165 1626 2320 1681 νὲτω.

2238 911 2455 972 Ὁσάκις
2541 911 2645 985 γὰρ
2732 914 2791 966 ἂν

3153 1271 3249 1321 τοῦ

2239 1746 2298 1802 Ὁ
2329 1742 2385 1799 δὲ
2429 1746 2521 1799 τὸν
2567 1747 2790 1800 θάνατον
2846 1743 3238 1821 καταγγέλλων
3275 1747 3372 1798 τοῦ
3433 1743 3669 1818 Κυρίου,
3731 1749 3832 1796 πᾶ·

2167 1854 2261 1887 σαν
2301 1835 2399 1902 τήν
2430 1831 2658 1906 δωρεὰν,
2712 1833 2802 1888 καὶ
2861 1838 3034 1888 πᾶσαν
3099 1834 3198 1900 τὴν
3238 1831 3687 1911 φιλανθρωπίαν,
3740 1832 3829 1885 καὶ

2168 1928 2338 1977 πᾶσαν
2372 1924 2470 1990 τήν
2501 1921 2777 1996 σωτηρίαν
2808 1925 2972 1996 ἡμῶν
3016 1919 3504 1999 συγκαταγγέλλει.
3557 1946 3590 1973 α
3625 1924 3828 1995 Ἀχρις

2169 2012 2230 2066 οὗ
2267 2007 2327 2066 ἃν
2360 2007 2508 2078 ἔλθη.
2545 2036 2571 2062 n
2604 2013 2896 2068 Τουτέστιν
2930 2009 2981 2066 ἐν
3037 2015 3106 2084 τῇ
3167 2008 3390 2083 δευτέρᾳ
3425 2011 3732 2084 παρουσίᾳ.
3764 2043 3826 2051 -

2168 2102 2382 2175 [ΦΩΤ.]
2413 2102 2510 2172 Τὸ,
2544 2125 2572 2153 ‹‹
2631 2103 2834 2176 ’Ἃχρις
2887 2101 2948 2155 06
3007 2101 3070 2154 ἂν
3139 2095 3354 2174 ἕλθῃ,›ι
3412 2097 3465 2152 ἐν
3531 2093 3826 2174 ὑπερϐατῷ

2166 2189 2425 2261 ληπτέον.
2486 2191 2636 2258 Οἷον,
2689 2190 2876 2252 ὁσάκις
2932 2188 3034 2264 γὰρ
3093 2183 3153 2241 ἃν
3218 2188 3433 2257 ἐσθίητε
3496 2188 3601 2241 τὸν
3673 2183 3824 2263 ἆρτον

2166 2282 2380 2346 τοῦτον,
2408 2279 2498 2333 καὶ
2528 2280 2590 2333 τὸ
2621 2281 2886 2354 ποτήριον
2917 2282 3078 2333 τοῦτο
3128 2277 3340 2347 πίνητε,
3398 2272 3571 2351 ἄχρις
3634 2277 3698 2332 οὗ
3727 2278 3817 2331 αὖ·

2166 2368 2257 2428 τὸς
2289 2365 2419 2442 ἔλθῃ
2450 2366 2500 2422 ἐν
2568 2371 2635 2441 τῇ
2697 2365 2918 2442 δευτέρᾳ
2963 2368 3132 2422 αὐτοῦ
3187 2365 3480 2441 παρουσίᾳ,
3533 2362 3650 2428 ἕως
3703 2365 3815 2422 τότε

2164 2457 2256 2512 τὸν
2315 2457 2537 2521 θάνατον
2599 2456 2763 2512 αὐτοῦ
2821 2454 3241 2533 καταγγέλλετε.
3330 2456 3461 2512 Ἀπὸ
3509 2457 3642 2511 τότε
3697 2456 3808 2530 γάρ,

2166 2543 2290 2600 οὕτε
2317 2551 2426 2601 τῶν
2483 2545 2647 2621 ἁγίων
2729 2545 2937 2601 τούτων
2999 2546 3315 2620 μυστηρίων
3360 2544 3805 2618 μεταληψόμεθα,

2166 2635 2242 2696 εἷς
2336 2635 2676 2709 τελειοτέραν
2730 2635 2821 2690 καὶ
2882 2633 3284 2708 μυστικωτέραν
3373 2631 3664 2689 πολιτείαν
3721 2633 3798 2686 καί

2166 2723 2464 2779 ἀπόλαυσιν
2522 2724 2868 2802 ἀναγόμενοι.
2929 2749 2958 2778 ‹‹
3015 2732 3171 2778 Ὥστε
3227 2722 3286 2785 ὅς
3339 2724 3402 2778 ’ἀν
3474 2723 3627 2798 ἐσθίῃ
3681 2722 3795 2776 ἀνα-

2165 2813 2312 2884 ξίως,
2361 2837 2388 2864 ››
2443 2812 2657 2876 Αὐτοὺς
2709 2813 3017 2884 αἰνίττεται,
3076 2811 3284 2873 δεικνὺς
3340 2812 3590 2885 ἀναξίους
3631 2810 3782 2881 ὄντας,

2162 2907 2535 2976 περιορῶντας
2589 2901 2716 2964 τοὺς
2775 2900 3026 2972 πένητας.
3057 2898 3282 2970 Ἐπειδή
3343 2900 3583 2970 ἀναξίως,
3635 2900 3764 2978 φησί,

2159 2995 2228 3065 τῇ
2293 2989 2595 3064 μεταλήψει
2651 2994 2748 3045 τοῦ
2808 2990 3138 3045 Δεσποτικοῦ
3193 2989 3546 3066 προσέρχεσθε
3596 2988 3759 3061 σώμα-

2159 3100 2272 3147 τος,
2306 3076 2394 3133 διά
2422 3083 2581 3133 τοῦτο
2612 3078 2850 3140 πολλοῖς
2881 3100 2981 3152 cup
2995 3074 3239 3133 ϐαίνουσι
3269 3078 3419 3134 νόσοι
3445 3099 3501 3133 τε
3533 3077 3613 3130 καὶ
3638 3077 3767 3144 πάθη

2161 3167 2252 3223 καὶ
2298 3169 2540 3225 θάνατοι.
2601 3169 2768 3223 Πόθεν
2820 3165 2877 3222 δέ
2934 3167 3044 3222 ἐστι
3098 3169 3162 3222 τὸ
3220 3167 3447 3237 ἀναξίως
3505 3165 3780 3241 προσέρχε-

403 3262 470 3312 ut
495 3233 736 3329 indigne
757 3259 1051 3313 accedatis
1073 3257 1090 3304 ἒ
1113 3262 1189 3312 Ex
1211 3259 1344 3313 aliis
1366 3233 2050 3328 peccatis,quaa-patratis

2165 3258 2286 3310 σθαι
2320 3279 2333 3324 ;
2367 3257 2467 3310 Ἕκ
2493 3277 2553 3310 τε
2575 3260 2682 3310 τῶν
2716 3252 2904 3310 ἄλλων
2938 3257 3351 3329 ἁμαρτημάτων
3394 3257 3470 3310 ὧν
3525 3256 3790 3331 πράττετε,

404 3347 557 3402 582
590 3353 649 3400 et
698 3348 838 3417 quia
867 3347 942 3402 ad
997 3347 1370 3402 Dominicam
1427 3363 1655 3402 caenam
1700 3343 2050 3400 accedentes

403 3434 787 3489 contemnitis
838 3452 1151 3506 pauperes,
1206 3441 1446 3506 propter
1504 3451 1650 3504 quos
1710 3433 2048 3488 ordinatum

401 3528 530 3578 erat
558 3528 624 3577 ut
653 3524 1306 3579 conveniretis.Etenim
1338 3523 1412 3578 ob
1445 3524 1554 3578 hoc
1587 3523 1805 3593 ipsum,
1829 3526 1888 3576 et
1917 3537 2048 3576 eam

403 3628 535 3682 qum
595 3613 906 3668 Dominica
964 3619 1056 3669 est
1111 3613 1396 3668 facientes
1447 3612 1769 3683 propriam,
1828 3611 2050 3682 injuria

396 3700 635 3756 afﬂictis
659 3719 672 3756 ε
702 3708 759 3756 et
781 3703 1094 3758 ecclesiam
1120 3703 1180 3757 in
1204 3719 1381 3774 quam
1401 3700 1726 3757 convenitis
1741 3700 1814 3754 ad
1833 3700 2049 3754 facien-

398 3789 535 3845 dam
592 3807 824 3846 cwnam
885 3792 1258 3848 Dominicam
1334 3790 1764 3859 dehonestatis,
1833 3790 2046 3860 gastri-

2153 3346 2241 3400 καὶ
2301 3344 2360 3399 ἐκ
2414 3349 2510 3400 τοῦ
2567 3346 3002 3424 συνερχομένους
3066 3346 3206 3418 ὑμᾶς
3265 3345 3340 3407 εἷς
3415 3345 3478 3399 τὸ
3544 3351 3802 3420 Κυριακον

2153 3431 2387 3503 δεῖπνον,
2436 3435 2704 3509 ὑπερορᾷν
2758 3433 2887 3498 τοὺς
2941 3435 3229 3512 πτωχοὺς,
3285 3432 3353 3488 δι’
3410 3433 3505 3496 οῦς
3565 3432 3791 3510 ἐγεγόνει

2150 3524 2211 3576 τὸ
2241 3522 2611 3601 συνέρχεσθαι.
2648 3522 2745 3577 Διά
2773 3522 2877 3597 γὰρ
2916 3527 3079 3579 τοῦτο
3137 3521 3266 3578 αὐτό
3321 3543 3380 3578 τε
3432 3523 3496 3576 τὸ
3529 3522 3796 3598 Κυριακὸν

2153 3607 2426 3666 ἰδιωτικὸν
2477 3615 2760 3672 ποιοῦντες
2827 3607 3151 3685 ἐξυϐρίζετε,
3205 3611 3294 3666 καὶ
3347 3612 3449 3680 τήν
3505 3609 3801 3684 ἐκκλησίαν

2153 3699 2526 3774 ἐνῇποιῆσαι
2557 3702 2619 3754 τὸ
2677 3701 2948 3775 Κυριακὸν
3007 3697 3223 3756 δεῖπνον
3283 3702 3639 3779 συνέρχεσθε,
3695 3702 3804 3756 ἀτι-

2155 3790 2376 3861 μάζετε,
2435 3789 2866 3865 γαστριμαργίας
2927 3791 3140 3852 ἑαυτοῖς
3198 3791 3468 3863 τράπεζαν
3529 3789 3581 3843 ἐν
3645 3791 3800 3863 αὐτῇ,

2149 3877 2276 3932 ἀλλ’
2305 3877 2366 3932 06
2411 3880 2678 3953 Κυριακὸν
2735 3875 2947 3933 δεῖπνον
3004 3879 3442 3954 παρατιθέμενοι.
3508 3880 3607 3936 Καὶ
3680 3881 3804 3938 τοὺς

2149 3965 2384 4037 πένητας
2416 3965 2471 4021 δὲ
2536 3968 2945 4042 καταισχύνετε.
3005 3968 3102 4022 Διά
3159 3973 3288 4044 γοῦν
3357 3972 3525 4023 ταῦτα
3555 3968 3807 4039 ἀναξίους

2149 4057 2245 4110 τοῦ
2278 4057 2530 4128 σώματος
2558 4057 2647 4111 καὶ
2703 4060 2800 4111 τοῦ
2861 4055 3094 4130 α’ίματος
3141 4062 3237 4112 τοῦ
3287 4057 3514 4134 Κυρίου,
3575 4058 3807 4117 ἑαυτοὺς

2150 4145 2594 4219 παρασκευάζετε.
2655 4171 2674 4196 ι
2742 4147 2984 4221 Ἔνοχος
3049 4141 3222 4202 ἔσται.
3269 4169 3294 4200 ιι
3355 4149 3452 4217 Τὸ,
3482 4172 3509 4198 ‹‹
3572 4149 3804 4222 Ἐνοχος

2149 4239 2244 4287 τοῦ
2277 4235 2527 4306 σώματος
2586 4235 2800 4290 καὶτοῦ
2857 4236 3116 4307 αἳματος,
3153 4261 3172 4287 ι
3235 4241 3400 4291 τοῦτο
3462 4234 3656 4307 δηλοῖ,
3716 4236 3794 4292 ὅτι

2150 4324 2385 4395 καθάπερ
2434 4319 2716 4394 παρέδωκε
2808 4323 2903 4397 μὶν
2991 4323 3151 4378 αὐτὸν
3206 4326 3232 4378 ὁ
3309 4321 3549 4393 Ἰούδας,
3608 4328 3799 4399 παρῴ-

400 4413 462 4467 in
492 4413 688 4485 ipsum
720 4415 1068 4471 debacchati
1123 4422 1262 4472 sunt
1296 4433 1308 4472 :
1343 4417 1425 4470 ita
1462 4416 1657 4486 ipsum
1717 4415 2048 4488 ignominia

2160 4432 2312 4480 νησαν
2374 4409 2430 4464 δὲ
2487 4411 2563 4473 εἰς
2623 4411 2782 4466 αὐτὸν
2843 4411 3122 4482 Ἰουδαῖοι,
3206 4411 3381 4476 οὕτως
3441 4413 3798 4486 ἀτιμάζουσιν

399 4501 672 4558 afficiunt
697 4505 798 4574 qui
832 4505 1275 4559 sanctissimum
1309 4505 1494 4574 ipsius
1527 4521 1740 4574 corpus
1769 4503 2048 4558 manibus

2160 4500 2307 4555 αὐτὸν
2336 4501 2388 4554 οἱ
2425 4500 2486 4554 τὸ
2513 4499 2775 4575 πανάγιον
2807 4501 2972 4556 αὐτοῦ
3011 4507 3170 4575 σῶμα
3227 4502 3413 4578 χερσὶν
3475 4502 3796 4578 ἀκαθάρτοις

400 4589 652 4661 impuris
683 4594 1037 4664 suscipiunt,
1068 4594 1246 4649 veluti
1281 4599 1421 4648 tunc
1450 4593 1634 4647 Judaei
1668 4609 1804 4647 eum
1833 4598 2044 4646 tenue-

2160 4587 2444 4664 ιδεχόμενοι
2477 4589 2550 4650 ὡς
2591 4587 2855 4647 Ἰουδαῖοι
2911 4595 3234 4666 κρατοῦντες
3286 4591 3443 4646 αὐτὸν
3503 4591 3654 4663 τότε,
3711 4592 3793 4647 καὶ

399 4685 540 4732 runt
575 4696 587 4733 :
623 4685 682 4734 et
711 4683 1072 4738 exsecrando
1104 4683 1420 4738 admovent
1447 4683 1677 4737 ori.Per
1706 4683 1817 4738 hoc
1843 4688 2042 4737 autem

2160 4681 2322 4754 ἐναγεῖ
2351 4677 2742 4757 προσφέροντες
2774 4681 3026 4753 στόματι.
3059 4680 3156 4735 Διά
3187 4677 3244 4735 δὲ
3295 4681 3358 4735 τὸ
3414 4680 3591 4736 εἰπεῖν
3657 4681 3782 4736 πολ-

397 3880 637 3952 ωοῐιεὶω
671 3897 942 3936 mensam
977 3881 1036 3935 in
1082 3898 1150 3936 ea
1200 3881 1362 3936 vobis
1393 3885 1781 3953 apponentes,
1816 3885 1872 3932 et
1929 3894 2047 3932 non

399 3969 768 4024 Dominicam
799 3987 1027 4025 caenam
1055 3987 1067 4025 :
1101 3975 1161 4025 et
1189 3986 1479 4042 pauperes
1510 3968 1881 4040 pudefacitis.
1907 3968 2045 4021 Pro-

398 4061 529 4128 pter
558 4059 683 4112 hzec
711 4075 812 4113 vos
872 4059 1032 4130 ipsos
1075 4076 1324 4131 corpore
1383 4065 1440 4113 et
1471 4057 1757 4130 sanguine
1813 4056 2047 4111 Domini

395 4145 671 4218 indignos
707 4147 1014 4203 redditis.«
1052 4151 1205 4204 Reus
1238 4149 1368 4204 erit.
1405 4171 1432 4197 »
1461 4148 1626 4212 Quod
1657 4148 1743 4202 ait
1775 4164 1788 4202 :
1826 4169 1852 4196 ‹‹
1890 4147 2046 4202 Reus

397 4234 511 4288 erit
539 4236 806 4307 corporis
837 4243 897 4292 et
954 4239 1259 4310 sanguinis
1306 4238 1562 4302 Domini,
1599 4260 1624 4286 »
1657 4237 1767 4292 hoc
1821 4236 2049 4291 indicat

399 4324 555 4394 quod
577 4326 1080 4396 quemadmodum
1096 4327 1274 4382 Judas
1289 4343 1421 4382 eum
1447 4325 1897 4390 tradiditJudaei
1911 4343 2046 4380 vero

402 4766 560 4835 quod
593 4768 933 4839 frequenter
988 4773 1114 4826 ait:
1157 4773 1432 4843 Corporis
1464 4778 1523 4827 et
1581 4771 1888 4844 sanguinis
1939 4772 2042 4825 Do-

398 4855 570 4919 mini,
604 4877 631 4904 ››
667 4859 1009 4914 manifestat
1041 4861 1196 4931 quod
1229 4878 1349 4916 non
1384 4862 1460 4916 sit
1488 4861 1685 4916 nudus
1716 4863 1892 4916 homo
1943 4862 2040 4931 qui

397 4943 765 5012 immolatur,
799 4947 900 5002 sed
932 4948 1058 5020 ipse
1090 4951 1376 5006 Dominus
1407 4956 1467 5005 et
1495 4952 1704 5006 Factor
1733 4951 2000 5006 omnium
2026 4967 2037 5004 :

396 5039 462 5090 ut
483 5034 761 5091 videlicet
788 5054 895 5109 per
916 5039 1041 5094 hmc
1066 5041 1227 5110 ipsos
1251 5047 1560 5098 exterreat.
1599 5064 1625 5094 α
1651 5043 1716 5097 Et
1736 5043 2041 5114 sanguinis

396 5124 658 5180 Domini.
703 5146 725 5171 ν)
759 5129 839 5181 Ac
872 5127 997 5198 ipse
1027 5128 1179 5184 illud
1211 5131 1534 5186 effudisset.
1569 5130 1873 5201 Siquidem
1929 5131 2040 5202 ipsi

398 5230 536 5269 eum
568 5214 937 5271 occiderunt.
970 5217 1073 5272 Hic
1101 5235 1234 5273 vero
1266 5235 1372 5290 per
1401 5219 1819 5292 indignitatem
1877 5236 2041 5275 nunc

398 5319 534 5358 eum
593 5304 828 5361 videtur
881 5306 1247 5363 interimere.
1282 5330 1310 5358 «
1375 5310 1590 5364 Probet
1618 5315 1838 5364 autem.
1874 5331 1902 5358 ››
1961 5310 2039 5363 De

395 5390 702 5448 Dominica
734 5394 972 5466 quidem
1006 5413 1173 5453 ccena
1203 5404 1329 5453 erat
1359 5398 1467 5468 ipsi
1502 5414 1694 5452 sermo
1722 5414 1735 5451 :
1769 5397 1873 5452 sed
1896 5414 2038 5468 quo-

393 5479 556 5534 niam
590 5482 650 5536 in
682 5483 943 5554 aliquem
976 5487 1396 5558 mysteriorum
1438 5503 1775 5544 sermonem
1808 5487 2038 5554 incidit,

399 5567 655 5635 quadam
685 5572 996 5629 verborum
1056 5579 1504 5648 consequentia,
1551 5594 1681 5648 quas
1737 5576 2041 5650 praposita

404 5660 542 5710 sunt
571 5662 731 5712 recto
763 5661 973 5720 ordine
991 5663 1256 5736 disponit
1284 5668 1424 5721 Nam
1458 5667 1508 5720 is
1539 5681 1668 5721 mos
1689 5672 1819 5722 erat
1834 5667 2038 5730 Paulo,

2151 4767 2326 4830 λάκις·
2367 4789 2392 4822 α
2423 4769 2534 4824 Τοῦ
2565 4768 2817 4840 σώματος
2848 4768 2936 4823 καὶ
2968 4772 3065 4823 τοῦ
3094 4768 3324 4842 α’ίματος
3371 4767 3470 4822 τοῦ
3503 4771 3724 4846 Κυρίου.
3755 4790 3779 4817 ν)

2151 4854 2316 4925 δηλοῖ
2374 4854 2456 4911 ὅτι
2515 4855 2613 4910 οὐκ
2669 4852 2949 4931 ἅνθρωπος
3008 4855 3171 4931 ψιλὸς
3233 4859 3260 4911 ὁ
3317 4857 3616 4930 θυόμενος,
3677 4856 3789 4913 ἀλλ’

2152 4945 2367 5007 αὐτὶ)ςὸ
2426 4943 2621 5017 Κύριος
2676 4945 2703 4998 ὁ
2762 4947 3006 5016 Ποιητής
3070 4945 3311 5017 πάντων,
3366 4947 3441 5008 ὡς
3503 4944 3665 5015 δῆθεν
3713 4943 3794 5001 διὰ

2148 5035 2354 5090 τούτων
2411 5027 2657 5110 ἐκφοϐῶν
2710 5033 2926 5096 αὐτούς.
2985 5061 3012 5086 ι(
3074 5036 3177 5091 Καὶ
3250 5039 3348 5090 τοῦ
3407 5033 3644 5106 α’ίματος
3703 5039 3794 5090 τοῦ

2150 5120 2372 5194 Κυρίου.
2439 5142 2466 5170 ιι
2539 5119 2627 5180 Ὡς
2687 5120 2714 5172 ὁ
2771 5118 2932 5181 αὐτὸς
2990 5121 3185 5195 έκχέας
3217 5119 3366 5176 αὐτό.
3423 5122 3490 5178 Οἱ
3551 5125 3650 5193 μὲν
3694 5123 3794 5197 γὰρ

2151 5209 2458 5286 ἐφόνευσαν,
2516 5207 2680 5268 αὐτὸς
2735 5205 2790 5262 δὶ
2872 5212 2941 5282 τῇ
2995 5209 3305 5279 ἀναξιότητι
3383 5213 3470 5263 νῦν
3555 5210 3793 5286 φονεύειν

2151 5299 2318 5354 δοκεῖ.
2357 5319 2383 5349 ι
2416 5295 2764 5369 Δοκιμαζέτω
2819 5295 2894 5353 δέ.
2948 5320 2975 5348 ››
3034 5298 3163 5372 Περὶ
3224 5302 3321 5352 τοῦ
3379 5300 3651 5373 Κυριακοῦ
3703 5299 3793 5372 μὲν

2151 5385 2367 5442 δείπνου
2407 5385 2473 5454 ἦν
2505 5385 2531 5440 ὀ
2564 5384 2725 5462 λόγος
2755 5385 2922 5458 αὐτῷ,
2958 5382 3082 5442 ἀλλ’
3137 5384 3327 5456 ἐπειδή
3387 5385 3464 5449 εἷς
3517 5386 3611 5441 τὸν
3673 5386 3794 5461 περί

2147 5482 2255 5532 τῶν
2329 5474 2642 5551 μυστηρίων
2702 5474 2918 5532 ἐνέπεσε
3003 5474 3169 5550 λόγον
3227 5477 3364 5531 κατά
3445 5497 3568 5531 τινα
3627 5476 3789 5552 λόγου

2151 5566 2498 5635 ἀκολουθίαν,
2554 5566 2622 5621 τὰ
2676 5565 3005 5640 προκείμενα
3063 5563 3398 5640 διορθοῦται.
3457 5570 3635 5622 Τοῦτο
3693 5568 3792 5642 γὰρ

2149 5659 2270 5722 ἔθος
2298 5662 2378 5730 τῷ
2419 5653 2646 5728 Παύλῳ,
2685 5656 2859 5712 πάντα
2886 5658 2955 5711 τὰ
3011 5656 3464 5730 παρεμπίπτοντα
3520 5653 3792 5730 διορθοῦν,
