4068 6254
198 365 328 425 809

1193 365 1589 426 COMMENT.
1638 365 1725 425 IN
1772 364 2017 425 EPIST.
2066 369 2091 425 Ι
2134 365 2247 428 ΑΙ)
2287 369 2663 432 CORINTH.

3505 375 3627 434 810

204 520 231 548 α
272 497 594 570 Ἀνθρωπος
626 495 836 555 ἑαυτόν,
868 519 895 547 ››
926 496 1049 570 Οὐχ
1081 490 1263 570 ἕτερος
1291 497 1382 552 τὸν
1437 492 1618 570 ἕτερον
1679 499 1853 569 (τοῦτε

1980 515 2351 572 quascunque
2385 504 2625 559 interim
2654 504 2991 561 inciderent
3046 509 3148 561 aut
3193 505 3625 561 intersereren-

205 586 338 662 γὰρ,
375 585 557 657 κρῖναί
588 584 775 658 ἐστιν),
807 582 936 640 ἀλλ’
970 585 1132 645 αὐτὸς
1164 586 1375 641 ἑαυτόν.

282 768 344 824 Ὀ
402 767 507 840 γὰρ
566 765 756 821 ἐσθίων
813 766 901 820 καὶ
957 766 1125 820 πίνων
1186 765 1437 834 ἀναξίως,
1513 770 1683 841 κρῖμα
1741 766 1864 820 ἐαυ-

205 878 291 929 τῳ
331 856 493 911 ἐσθίει
550 858 639 911 καὶ
698 858 863 927 πίνει,
927 859 1037 929 μὴν
1096 854 1382 927 διακρίνων
1430 856 1494 910 τὸ
1554 860 1712 928 σῶμα
1768 860 1865 911 τοῦ

206 944 438 1017 Κυρίου.
495 945 593 1000 Διά
648 949 809 1000 τοῦτο
869 943 921 999 ἐν
978 945 1105 1018 ὑμῖν
1159 942 1371 1000 πολλοὶ
1455 945 1691 1008 ἀσθενεῖς
1776 942 1864 997 καὶ

206 1032 484 1110 ἄρῥωστοι
543 1035 633 1089 καὶ
690 1038 996 1107 κοιμῶνται
1054 1034 1249 1091 ἱκανοί.
1316 1033 1382 1090 Εἰ
1458 1033 1559 1108 γὰρ
1644 1033 1867 1095 ἑαυτοὺς

210 1121 576 1197 διεκρίνομεν,
637 1123 736 1178 οὐκ
810 1124 870 1178 ἄν
955 1122 1301 1199 ἐκρινόμεθα.
1389 1126 1703 1197 Κρινόμενοι
1784 1119 1861 1191 δὲ,

206 1214 315 1268 ὑπὸ
371 1214 577 1286 Κυρίου
628 1210 1021 1285 παιδευόμεθα,
1077 1211 1164 1267 ἳνα
1225 1214 1299 1285 μή
1370 1210 1461 1265 σῦν
1538 1216 1617 1283 τῷ
1673 1210 1863 1283 κόσμῳ

208 1303 653 1376 κατακριθῶμεν.
734 1305 916 1369 "Qun,
1004 1298 1233 1379 ἀδελφοί
1317 1321 1444 1373 μου,
1526 1300 1864 1373 συνερχόμε-

203 1411 294 1445 νοι
358 1390 433 1450 εἷς
513 1391 576 1444 τὸ
665 1395 871 1467 φαγεῖν,
953 1387 1240 1459 ἀλλήλους
1324 1385 1629 1462 ἐκδεχεσθε.
1686 1386 1748 1442 Εἰ
1807 1384 1865 1441 δέ

203 1501 291 1541 τις
348 1483 525 1549 πεινᾷ,
582 1478 634 1533 ἐν
693 1475 830 1550 ο⁹ίκῳ
914 1476 1158 1547 ἐσθιέτω,
1237 1474 1330 1530 ’ίνα
1417 1477 1492 1548 μὴ
1550 1475 1624 1536 εἶς
1690 1479 1865 1549 κρῖμα

208 1569 571 1643 συνέρχησθε.
657 1566 737 1624 Τὰ
812 1564 869 1621 δὲ
942 1564 1123 1620 λοιπὰ
1208 1566 1281 1626 ὡς
1355 1562 1414 1618 ἄν
1476 1562 1619 1627 ἔλθω
1677 1561 1866 1618 διατά-

232 1677 370 1711 οιιαι

232 1677 261 1711 ο
316 1678 370 1711 αι

199 1658 351 1799 ξι.ὃύ
384 1744 532 1820 παρά
558 1744 658 1813 τήν
720 1750 828 1798 τῶν
895 1740 1211 1818 μυστηρίων
1273 1741 1428 1820 φύσιν
1488 1741 1655 1814 λέγει,
1715 1739 1863 1795 ἀλλὰ

1970 592 2087 655 tur,
2119 589 2455 662 disponere.
2516 616 2542 641 «
2609 594 2879 665 Seipsum
2939 595 3136 649 homo.
3196 617 3224 643 ››
3284 596 3410 650 Non
3468 595 3621 652 alius

1970 677 2176 747 alium,
2209 696 2348 735 nam
2380 681 2491 736 hoc
2523 682 2930 753 estjudicare,
2965 683 3067 737 sed
3100 684 3225 754 ipse
3259 685 3544 756 seipsum.

2039 765 2130 829 XI,
2163 771 2353 823 29—34.
2385 771 2523 825 Nam
2554 773 2652 840 qui
2680 771 2792 826 edit
2814 778 2912 826 aut
2959 772 3095 825 bibit
3153 771 3404 842 indigne,
3453 774 3618 843 judi-

1967 856 2111 909 cium
2140 858 2245 911 sibi
2273 856 2387 912 edit
2418 875 2481 913 ac
2505 860 2777 925 bibit,non
2804 859 3124 930 dijudicans
3155 876 3352 931 corpus
3375 863 3615 916 Domini.

1968 943 2200 1013 Propter
2224 946 2321 1001 hoc
2350 948 2511 1001 multi
2538 951 2683 1003 inter
2712 964 2803 1003 vos
2835 951 3044 1016 inﬁrmi
3072 955 3197 1003 sunt
3218 966 3281 1003 ac
3298 949 3614 1018 imbecilles,

1971 1040 2022 1087 et
2079 1036 2357 1090 dormiunt
2412 1038 2591 1091 multi.
2652 1038 2869 1093 Etenim
2925 1042 2972 1093 si
3028 1056 3125 1093 nos
3176 1041 3321 1109 ipsos
3402 1038 3615 1109 dijudi-

1970 1139 2236 1191 caremus,
2268 1142 2619 1196 nequaquam
2654 1128 3060 1197 judicaremur.
3122 1129 3255 1181 Cum
3310 1135 3495 1182 autem
3514 1130 3614 1197 ju-

1967 1212 2236 1282 dicamur,
2270 1232 2303 1268 a
2332 1218 2565 1269 Domino
2588 1219 2940 1286 corripimur,
2967 1234 3036 1270 ne
3067 1233 3188 1271 cum
3240 1218 3444 1270 mundo
3488 1232 3615 1271 con-

1968 1300 2305 1358 demnemur.
2342 1306 2552 1373 Itaque,
2609 1309 2811 1374 fratres
2868 1308 2996 1375 mei,
3050 1322 3171 1359 cum
3228 1305 3301 1358 ad
3347 1305 3615 1360 edendum

1968 1390 2292 1458 convenitis,
2329 1394 2559 1448 invicem
2589 1410 2679 1448 vos
2710 1401 3036 1464 exspectate.
3073 1394 3229 1459 Quod
3257 1396 3303 1448 si
3332 1396 3455 1464 quis
3494 1411 3617 1449 esu-

1966 1479 2062 1544 rit,
2098 1479 2246 1533 domi
2275 1482 2419 1549 edat,
2453 1497 2519 1535 ne
2560 1482 2633 1535 ad
2687 1483 3193 1537 condemnationem
3253 1484 3611 1537 conveniatis.

1968 1566 2184 1621 Caetera
2211 1584 2338 1622 vero
2369 1585 2489 1624 cum
2515 1586 2710 1624 venero
2741 1571 3049 1641 disponam.

2037 1737 2162 1791 Non
2194 1743 2434 1809 propter
2451 1740 2867 1810 mysteriorum
2892 1744 3166 1795 naturam
3186 1739 3313 1794 haec
3337 1737 3613 1808 dicit,sed

198 1836 349 1909 παρά
400 1839 511 1888 τῶν
564 1833 901 1908 προσιόντων
964 1830 1306 1904 ἁναξιότητα.
1367 1854 1395 1882 ‹‹
1427 1831 1516 1898 Μὴ
1572 1828 1853 1905 διακρίνων

1966 1834 2205 1898 pr0pter
2235 1829 2643 1884 accedentium
2702 1831 3132 1885 infirmitatem.
3194 1831 3347 1887 538
3407 1852 3434 1879 «
3487 1832 3613 1884 Non

196 1924 261 1979 τὸ
297 1928 460 1996 σῶμα
480 1926 579 1977 τοῦ
612 1922 895 1996 Κυρίου.»
944 1921 1221 1988 Τουτέστι,
1277 1920 1354 1992 μὴ
1404 1916 1661 1988 ἐξετάζων
1716 1917 1855 1990 μηδὲ

201 2011 401 2066 ἐννοῶν
435 2016 544 2066 τῶν
609 2011 982 2085 προκειμένων
1038 2009 1103 2063 τὸ
1165 2007 1404 2083 μέγεθος.
1464 2007 1528 2061 Εἰ
1586 2006 1688 2083 γὰρ
1752 2006 1856 2079 μά-

204 2113 419 2173 θοιμεν,
448 2099 535 2160 τίς
566 2097 701 2153 ποτέ
740 2098 879 2152 ἐστιν
941 2098 968 2151 ὁ
1024 2097 1406 2171 προκείμενος,
1468 2093 1528 2149 οὐ
1589 2092 1856 2165 δεηθησό-

206 2191 341 2261 μεθα
373 2189 584 2263 ἐτέρου,
629 2185 753 2243 ἀλλ’
813 2186 946 2241 αὐτὸ
999 2188 1159 2240 τοῦτο
1217 2186 1366 2256 ἡμᾶς
1423 2185 1610 2256 νήφειν
1669 2203 1852 2257 παρα-

204 2277 469 2334 σκευάσει.
511 2277 661 2331 «Διά
704 2280 867 2330 τοῦτο
923 2272 1129 2329 πολλοὶ
1188 2273 1439 2344 ἀσθενεῖς,
1496 2271 1587 2326 καὶ
1646 2271 1851 2327 πολλοὶ

200 2373 533 2441 κοιμῶνται.
598 2390 627 2418 ››
687 2366 783 2420 Διά
838 2368 1023 2433 τοῦτο,
1081 2368 1281 2431 ποῖον;
1342 2362 1439 2416 Διά
1501 2362 1563 2416 τὸ
1624 2361 1854 2432 ἀναξίως

197 2458 503 2532 προσιέναι.
551 2454 613 2508 Τί
671 2454 785 2523 οὖν,
845 2450 989 2507 εἷ’ποι
1048 2473 1151 2521 τις,
1207 2452 1260 2505 οἱ
1317 2448 1682 2525 γηράσκοντες
1744 2449 1852 2529 οὐχ

200 2548 622 2620 ἁμαρτάνουσιν,
681 2542 795 2597 ἐπεὶ
859 2542 933 2615 μή
988 2544 1293 2613 κοιμῶνται
1348 2539 1643 2613 πρόωροι;
1725 2539 1847 2609 Ναὶ,

202 2631 554 2712 φησὶν,ἀλλ⁹
586 2632 691 2710 οὐχ
732 2632 871 2701 αὕτη
930 2629 1070 2702 μόνη
1131 2626 1488 2689 ἀνταπόδοσις
1544 2632 1662 2689 τοῖς
1718 2626 1846 2681 ἀνα-

207 2724 342 2791 ξίως
383 2725 685 2795 προσιοῦσι,
738 2720 801 2775 τὸ
860 2720 1218 2789 ἀποθνήσκειν
1274 2718 1380 2790 πρὸ
1442 2721 1664 2791 καιροῦ,
1722 2712 1848 2770 ἀλλ’

216 2810 323 2864 εἶσὶ
352 2815 442 2864 καί
469 2808 579 2863 ἐκεῖ
602 2807 985 2883 χαλεπώταται
1028 2805 1312 2881 τιμωρίαι.
1371 2807 1449 2862 Τὸ
1509 2803 1586 2875 δὲ,
1646 2803 1846 2872 ἱκανοὶ,

210 2899 353 2958 τινὲς
407 2898 523 2952 ἀντί
574 2903 689 2967 τοῦ,
768 2896 999 2965 πολλοὶ,
1055 2895 1304 2966 ἐνόησαν,
1362 2892 1660 2965 τουτέστιν,
1720 2895 1849 2966 Ἀρ-

199 2986 349 3042 κετοὶ
395 2985 477 3048 εἷς
532 2990 691 3041 τοῦτο
750 2981 1010 3041 ἀπέθανόν
1064 3005 1221 3045 τινες,
1281 3009 1308 3034 ‹‹
1368 2983 1432 3040 Εἰ
1472 2982 1570 3059 γὰρ
1628 2980 1850 3045 ἑαυτούς

198 3074 506 3149 ἐκρίνομεν.
543 3100 571 3126 ››
605 3075 721 3133 Οὐκ
770 3075 936 3141 εἶπεν,
996 3072 1255 3134 Ἑαυτοὺς
1305 3070 1663 3144 ἐκολάζόμεν,
1704 3067 1848 3124 ἀλλὰ

202 3165 391 3236 μόνον,
417 3189 445 3215 ‹‹
480 3164 821 3239 Ἐκρίνομεν,
857 3187 885 3215 ››
916 3161 1213 3231 τουτέστιν,
1265 3162 1327 3217 Εἰ
1379 3160 1846 3236 κατεγινώσκομεν

198 3255 401 3308 ἑαυτῶν
439 3255 602 3326 μόνον
632 3251 1075 3327 ἁμαρτανόντων,
1108 3251 1198 3305 καὶ
1226 3255 1336 3305 τῶν
1367 3247 1475 3303 ὠδε
1489 3248 1578 3303 καὶ
1598 3254 1705 3303 τῶν
1739 3247 1849 3302 ἐκεῖ

200 3341 615 3415 ἀπηλλάγημεν
666 3341 728 3396 ἂν
789 3344 1096 3414 τιμωριῶν.
1156 3340 1217 3396 Ὁ
1274 3340 1377 3415 γὰρ
1437 3338 1628 3392 ἑαυτοῦ
1685 3358 1848 3391 κατα-

193 3432 480 3505 γινώσκων
515 3431 589 3492 ὡς
639 3426 742 3497 δεῖ,
798 3433 895 3484 οὐκ
951 3426 1011 3483 ἄν
1065 3428 1141 3489 είς
1196 3428 1296 3496 τὴν
1353 3427 1524 3495 αὐτὴν
1582 3424 1846 3499 ἁμαρτίαν

198 3518 477 3581 πολλάκις
518 3517 771 3592 ἐμπέσοι.
833 3542 861 3571 α
896 3517 1223 3592 Κρινόμενοι
1280 3513 1336 3570 δὲ
1397 3516 1499 3571 ὑπὸ
1558 3517 1784 3589 Κυρίου.
1821 3536 1846 3568 ι

196 3609 349 3665 Ἐπεὶ
383 3610 475 3664 οὖν
504 3609 568 3663 τὸ
600 3608 774 3669 οὕτως
804 3608 1005 3687 κοῦφον
1037 3606 1098 3661 οὐ
1156 3609 1443 3677 ποιοῦμεν,
1499 3600 1744 3660 τουτέστι
1788 3604 1851 3659 τὸ

198 3698 624 3773 καταγινώσκειν
714 3696 938 3762 ἑαυτῶν,
999 3693 1127 3750 οὐδὲ
1193 3693 1363 3756 οὕτως
1424 3690 1654 3771 ἀφειδῶς
1714 3696 1849 3766 ἡμῖν

200 3790 229 3842 ὁ
285 3788 416 3849 Θεὸς
476 3788 766 3861 κέχρηται,
828 3783 972 3840 ἀλλὰ
1049 3782 1157 3838 ὧδε
1239 3780 1504 3850 παιδεύει,
1580 3783 1668 3835 ἳνα
1743 3781 1850 3836 ἐκεῖ

201 3876 425 3951 ἐλεήσῃ.
462 3901 489 3929 ‹‹
516 3874 909 3948 Παιδευόμεθα.
941 3898 969 3925 ››
991 3876 1148 3943 Οἷον,
1178 3872 1605 3943 Νουθετοόμεθα.
1640 3869 1717 3927 Οὐ
1748 3872 1849 3946 γὰρ

202 3968 342 4038 εἷπε,
444 3963 863 4039 Τιμωρούμεθα,
968 3961 1134 4031 ἀλλὰ,
1242 3986 1269 4013 ‹‹
1348 3957 1741 4033 Παιδευόμεθα,
1818 3982 1847 4013 ››

202 4057 279 4118 ὡς
308 4055 587 4119 νουθεσίας
641 4054 730 4109 καὶ
792 4050 1132 4127 διορθώσεως
1173 4050 1483 4126 γινομένης.
1519 4074 1545 4102 ‹‹
1596 4052 1712 4104 Ἵνα
1772 4049 1848 4121 μή

204 4146 301 4201 σὺν
330 4148 414 4216 τῷ
461 4145 654 4216 κόσμῳ
704 4145 1194 4215 κατακριθῶμεν.»
1256 4140 1473 4211 Κόσμον
1534 4138 1667 4217 φησὶ
1722 4136 1850 4198 τοὺς

202 4234 254 4290 ἐν
284 4233 510 4303 ἀπιστίᾳ
538 4232 628 4286 καὶ
672 4232 909 4305 ἁμαρτίᾳ
975 4230 1311 4302 ἀνθρώπους.
1364 4227 1507 4298 Φησὶ
1562 4225 1618 4282 δὲ
1663 4229 1745 4282 ὅτι
1799 4227 1852 4280 οἱ

201 4322 389 4378 πιστοὶ
418 4322 510 4376 καὶ
559 4325 676 4393 Θεῷ
722 4315 1180 4393 περισπούδαστοι
1236 4315 1341 4372 ὦδε
1397 4311 1851 4389 ἀπολαμϐάνουσι

202 4415 297 4475 τὰς
328 4410 620 4485 ἁμαρτίας,
674 4409 763 4463 ’ἰνα
825 4410 900 4481 μὴ
957 4408 1094 4480 μετὰ
1144 4407 1249 4461 τῶν
1317 4406 1526 4461 λοιπῶν
1577 4404 1688 4460 ἐκεῖ
1742 4403 1852 4459 δώ-

202 4520 358 4554 σουσι
390 4497 571 4567 δίκην,
607 4522 633 4548 ‹‹
666 4496 763 4559 Εἷς
792 4497 884 4551 τὸν
936 4495 1198 4570 πρότερον
1258 4492 1397 4564 ἦλθε
1435 4492 1620 4568 λόγον.
1659 4518 1685 4544 ››
1717 4496 1851 4568 Ὅρα

1968 1915 2301 1987 dijudicans
2328 1935 2541 1989 corpus
2574 1920 2826 1974 Domini.
2864 1941 2889 1967 »
2925 1920 3041 1973 Hoc
3072 1925 3179 1985 est,
3213 1921 3339 1973 Non
3389 1919 3615 1973 exami-

1965 2021 2119 2060 nans
2150 2011 2251 2060 aut
2280 2007 2667 2062 considerans
2695 2024 2899 2062 eorum
2942 2024 3067 2078 qua)
3119 2008 3425 2078 proposita
3474 2013 3614 2062 sunt

1965 2094 2461 2166 magnitudinem.
2496 2097 2551 2150 Si
2586 2098 2746 2151 enim
2779 2113 3273 2169 cognosceremus
3333 2096 3612 2166 quisnam

1964 2183 2172 2254 sitqui
2204 2187 2576 2256 proponitur,
2640 2187 2805 2241 nullo
2863 2186 2979 2241 alio
3039 2186 3211 2240 nobis
3263 2201 3411 2257 opus
3452 2189 3612 2240 esset

1963 2272 2225 2341 stimulo,
2260 2274 2363 2329 sed
2396 2275 2507 2330 hoc
2533 2276 2730 2346 ipsum
2764 2276 3071 2347 vigilantes
3104 2293 3213 2329 nos
3234 2275 3510 2329 redderet
3539 2291 3606 2328 ac

1960 2362 2280 2418 modestos.
2318 2386 2344 2412 «
2380 2366 2628 2435 Propter
2648 2365 2759 2419 hoc
2781 2364 2952 2418 multi
2976 2371 3117 2419 sunt
3136 2365 3357 2419 infirmi
3388 2369 3445 2419 et
3466 2364 3606 2418 dor-

1960 2451 2359 2507 miuntmulti.
2384 2474 2410 2501 η
2428 2455 2677 2523 Propter
2696 2454 2827 2519 hoc,
2845 2454 3132 2523 quidnam
3151 2454 3178 2506 ?
3204 2454 3344 2523 quia
3365 2453 3603 2524 indigne

1958 2541 2269 2598 accedunt.
2285 2542 2431 2606 Quid
2447 2559 2582 2614 ergo
2595 2542 3023 2612 (dicetaliquis)
3045 2558 3119 2596 an
3136 2542 3238 2612 qui
3283 2547 3603 2596 senescunt

1958 2645 2076 2684 non
2107 2637 2375 2701 peccant,
2408 2648 2541 2686 cum
2572 2648 2691 2685 non
2719 2632 3040 2686 moriamur
3068 2636 3205 2684 ante
3240 2629 3398 2685 diem
3420 2630 3447 2684 ‘2
3473 2630 3597 2684 Uti-

1959 2733 2096 2786 que,
2130 2719 2325 2790 inquit
2357 2737 2369 2773 :
2407 2719 2510 2774 sed
2539 2736 2660 2775 non
2693 2721 2817 2774 haec
2844 2719 2970 2774 sola
3002 2720 3063 2773 fit
3095 2720 3368 2790 repensio
3391 2719 3484 2773 his
3502 2719 3605 2788 qui

1959 2812 2201 2884 indigne
2234 2811 2543 2879 accedunt,
2574 2817 2639 2865 ut
2669 2818 2805 2866 ante
2836 2816 3066 2881 tempus
3096 2810 3452 2876 moriantur,
3502 2808 3605 2864 sed

1956 2903 2017 2957 in
2047 2902 2244 2956 futuro
2278 2917 2513 2971 quoque
2545 2905 2683 2955 sunt
2712 2900 3047 2955 miserrima
3086 2898 3401 2970 supplicia.
3434 2898 3602 2962 Quod

1958 3008 2094 3063 ergo
2128 2990 2273 3044 dixit
2301 2988 2501 3053 ἱκανοὶ,
2535 2989 2776 3060 quidam
2808 2988 3249 3053 intellexerunt,
3286 3010 3312 3035 ‹‹
3348 2987 3539 3053 Multi,
3574 3009 3601 3036 ››

1956 3087 2112 3147 aut,«
2135 3078 2504 3134 Sufficientes
2529 3099 2554 3127 »
2579 3078 2651 3132 ad
2682 3078 2859 3148 hujus
2877 3076 3143 3131 criminis
3163 3077 3601 3130 correctionem

1960 3169 2339 3223 interierunt.
2369 3189 2394 3216 «ι
2417 3168 2651 3221 Etenim
2671 3167 2717 3221 si
2738 3183 2846 3221 nos
2868 3166 3026 3237 ipsos
3052 3165 3535 3237 dijudicaremus.
3572 3185 3599 3213 »

1963 3260 2087 3312 Non
2118 3256 2279 3325 dicit,
2312 3256 2367 3309 Si
2427 3255 2699 3325 nosipsos
2758 3254 3128 3325 puniremus,
3189 3253 3291 3307 sed
3350 3256 3602 3321 tantum,

1961 3369 1988 3394 «
2022 3344 2515 3417 Dijudicaremus,
2550 3344 2660 3398 hoc
2693 3349 2800 3409 est,
2836 3343 2883 3397 si
2912 3342 3198 3397 duntaxat
3227 3359 3336 3397 nos
3359 3342 3518 3413 ipsos
3540 3347 3606 3397 ut

1960 3440 2299 3505 peccatores
2330 3433 2886 3499 condemnaremus,
2920 3432 3126 3501 utique
3158 3436 3216 3485 et
3244 3449 3277 3487 a
3297 3432 3605 3502 praesenti-

1960 3524 2071 3579 bus
2104 3530 2161 3579 et
2188 3523 2403 3578 futuris
2434 3522 2827 3577 liberaremur
2853 3520 3182 3592 suppliciis.
3216 3522 3359 3576 Nam
3392 3521 3492 3591 qui
3512 3537 3606 3576 se-

1963 3614 2158 3684 ipsum
2190 3613 2549 3668 condemnat.
2580 3618 2644 3666 ut
2675 3616 2923 3683 oportet,
2963 3627 3341 3681 nequaquam
3364 3611 3425 3664 in
3450 3610 3606 3665 idem

1960 3708 2269 3773 peccatum
2293 3701 2636 3773 frequenter
2658 3701 2920 3755 incidere
2950 3701 3185 3771 poterit.
3214 3701 3358 3754 Cum
3407 3704 3606 3754 autem

1954 3792 2300 3862 judicamur
2328 3808 2361 3844 a
2393 3790 2648 3844 Domini.
2682 3810 2705 3839 ιι
2743 3789 3033 3853 Quoniam
3086 3804 3223 3861 ergo
3283 3803 3411 3841 rem
3459 3787 3605 3842 adeo

1960 3880 2151 3935 levem
2172 3895 2291 3933 non
2316 3878 2562 3931 facimus
2594 3884 2657 3930 ut
2690 3877 2963 3947 nosipsos
2988 3876 3491 3929 condemnemus:
3529 3891 3602 3928 ne

1963 3969 2044 4023 ita
2066 3967 2307 4037 quidem
2336 3970 2556 4019 temere
2580 3966 2734 4018 Deus
2757 3964 3066 4031 interimit,
3090 3964 3191 4017 sed
3214 3963 3461 4035 castigat
3488 3962 3607 4029 hic,

1961 4062 2026 4109 ut
2054 4055 2132 4109 ibi
2168 4054 2538 4108 misereatur.
2575 4074 2601 4100 ‹‹
2635 4052 3018 4122 Corripimur.
3055 4074 3082 4101 ››
3112 4053 3229 4105 Hoc
3265 4057 3372 4117 est,
3406 4051 3609 4106 admo-

1961 4160 2194 4199 nemur.
2220 4144 2346 4196 Non
2377 4142 2533 4195 enim
2555 4140 2703 4195 dixit
2733 4157 2745 4194 :
2780 4163 2805 4189 ‹‹
2841 4141 3147 4206 Punimur,
3181 4161 3208 4188 »
3242 4139 3345 4193 sed
3380 4162 3407 4189 α
3469 4141 3609 4194 Cor-

1958 4234 2264 4305 ripimur,»
2281 4236 2563 4301 tanquam
2578 4231 2731 4285 facta
2744 4231 2820 4284 sit
2849 4230 3174 4284 admonitio
3198 4246 3263 4283 ac
3289 4229 3605 4284 correctio.

1965 4343 1993 4371 «
2023 4323 2101 4376 Ne
2130 4338 2264 4376 cum
2296 4318 2518 4375 mundo
2551 4318 3040 4374 condemnemur.
3078 4340 3106 4367 »
3140 4318 3422 4372 Mundum
3463 4317 3611 4370 dixit

1963 4411 2233 4466 homines
2266 4408 2364 4479 qui
2390 4409 2451 4463 in
2481 4407 2896 4463 incredulitate
2954 4413 3013 4461 et
3069 4410 3310 4478 peccato
3366 4405 3605 4477 degunt.

1967 4499 2117 4553 Dicit
2137 4501 2333 4553 autem
2357 4497 2515 4568 quod
2539 4496 2744 4551 ﬁdeles
2767 4513 2832 4551 ac
2852 4497 2952 4551 Dei
2977 4495 3234 4550 cultores
3265 4494 3338 4549 ob
3369 4499 3612 4565 peccata

202 4586 283 4660 δὶ,
314 4588 415 4643 οὐκ
444 4589 583 4653 εἶπε,
609 4591 733 4647 Τοῖς
781 4585 970 4654 πένησι
1026 4580 1364 4656 μεταδίδοτε,
1423 4581 1570 4638 ἀλλὰ
1608 4582 1671 4637 τὸ
1730 4604 1853 4655 σεμ-

1967 4588 2063 4642 hic
2093 4588 2444 4658 puniuntur,
2476 4604 2550 4640 ne
2577 4587 2638 4640 in
2668 4585 2865 4639 futuro
2927 4602 3059 4640 cum
3119 4583 3348 4639 caneris
3406 4599 3609 4653 poenas

199 4678 441 4751 νότερον,
467 4701 494 4728 ‹‹
522 4672 838 4745 Ἀλλήλους
862 4670 1168 4747 ἐκδέχεσθε,
1192 4696 1221 4723 ››
1247 4672 1319 4735 ὡς
1334 4676 1529 4727 κοινῶν
1557 4671 1726 4727 ὄντων
1745 4678 1852 4727 τῶν

205 4766 381 4822 ἐκεῖσε
441 4765 834 4845 εἰσφερομένων
922 4760 1253 4835 ἐδεσμάτων,
1340 4763 1429 4823 Ὠς
1508 4762 1597 4836 ὅγε
1669 4769 1854 4833 τοῦτο,

202 4857 365 4933 φησί,
402 4856 479 4928 μή
512 4858 711 4926 ποιῶν,
758 4851 971 4921 ἀνάξιός
1037 4850 1148 4905 ἐστι
1214 4857 1314 4919 τῆς
1370 4858 1634 4924 μυστικῆς
1693 4873 1854 4924 μετα·

203 4944 453 5017 λήψεως.
493 4966 519 4995 ‹‹
548 4944 728 5010 Ὥστε,
761 4939 987 5018 ἀδελφοί
1023 4961 1147 5013 μου,
1175 4937 1461 5009 ἀλλήλους
1495 4937 1797 5018 ἐκδέχεσθε.
1828 4967 1848 4993 ι

199 5068 271 5076 —
318 5034 527 5106 [ΦΩΤ.]
587 5032 778 5099 Διατί;
839 5031 953 5087 Ἵνα
1014 5031 1091 5103 μή
1150 5029 1378 5099 ἀναξίως
1436 5026 1694 5103 δειχθῆτε
1758 5036 1853 5086 τοῦ

199 5127 541 5179 Δεσποτικοῦ
601 5121 853 5193 σώματος
903 5119 993 5174 καὶ
1051 5123 1150 5174 τοῦ
1207 5116 1440 5192 αἵματος
1511 5120 1853 5195 μετέχοντες,

198 5208 391 5288 ἔνοχοι
423 5215 525 5265 τοῦ
556 5209 807 5283 σώματος
838 5208 1002 5263 αὐτοῦ
1066 5214 1167 5277 τῆς
1230 5208 1569 5280 ἀναιρέσεως,
1619 5209 1709 5263 καὶ
1759 5214 1855 5264 τοῦ

200 5302 439 5375 αἳματος
489 5306 591 5369 τῆς
651 5298 928 5377 ἐκχύσεως
984 5296 1289 5371 γενόμενοι,
1368 5295 1739 5370 ἀπαραίτητον
1792 5299 1853 5354 τὸ

198 5397 376 5467 κρῖμα
434 5388 624 5459 ἔξοιτε,
678 5385 767 5442 ἳνα
824 5388 898 5460 μή
957 5384 1181 5461 κρίματι
1240 5381 1556 5457 τηλικούτῳ
1633 5407 1853 5462 περιπε-

208 5479 513 5553 πτωκότες,
570 5477 753 5539 νόσοις
811 5476 901 5530 καὶ
984 5476 1178 5539 πάθεσι
1260 5474 1349 5530 καὶ
1431 5474 1641 5548 θανάτῳ
1706 5474 1858 5531 ἐκδα-

202 5570 563 5641 πανηθείητε,
589 5563 677 5621 ’ἶνα
711 5566 785 5638 μή
820 5562 881 5619 ἄν
923 5564 1000 5636 μὴ
1058 5563 1273 5626 τούτοις
1333 5559 1583 5620 ἀποδῶτε
1636 5567 1735 5635 τήν
1766 5564 1853 5624 ἔκ.

200 5679 365 5729 τισιν,
429 5657 506 5719 εἰς
566 5654 863 5729 ἀπέραντον
925 5649 1151 5709 κόλασιν
1239 5650 1332 5707 σὺν
1413 5655 1529 5715 τοῖς
1611 5652 1855 5717 ἀπίστοις

532 5779 787 5838 ΡΑτιιοι.
838 5776 948 5836 Gn.
980 5771 1247 5836 CXVIII.

1965 4677 2151 4731 luant.
2179 4675 2430 4746 «Itaque
2447 4691 2582 4729 cum
2624 4673 2697 4729 ad
2740 4672 3037 4729 edendum
3084 4671 3427 4727 convenitis.
3463 4692 3489 4719 ››
3524 4670 3612 4724 Ad

1963 4766 2222 4839 priorem
2244 4762 2421 4819 rediit
2441 4760 3125 4818 sermonem.Considero
3148 4777 3283 4816 vero
3309 4758 3468 4830 quod
3490 4775 3611 4814 non

1964 4856 2209 4913 dixerit:
2234 4855 2602 4925 Pauperibus
2624 4853 2858 4919 tradite,
2884 4851 2987 4908 sed
3014 4852 3609 4918 honestius,lnvicem

1962 4946 2115 5002 alius
2136 4946 2320 5001 alium
2344 4949 2699 5015 exspectate,
2727 4950 3007 5014 tanquam
3028 4944 3369 4997 communia
3390 4941 3613 4996 fuerint

1965 5055 2094 5109 quae
2128 5038 2209 5091 ibi
2242 5036 2652 5091 inferebantur
2682 5035 2906 5089 cibaria
2938 5051 2951 5090 :
2987 5039 3053 5088 ut
3082 5034 3184 5103 qui
3214 5035 3348 5097 hoc,
3391 5032 3607 5102 inquit,

1964 5142 2084 5181 non
2136 5124 2295 5191 facit,
2354 5124 2603 5195 mystica
2660 5123 2938 5195 indignus
2999 5122 3075 5177 sit
3133 5120 3605 5193 participatione.

1966 5238 1992 5266 ‹‹
2026 5217 2251 5285 Itaque,
2281 5215 2493 5269 fratres
2524 5213 2661 5281 mei,
2696 5213 2948 5268 invicem
2980 5230 3080 5267 vos
3113 5215 3439 5283 expectate.
3470 5230 3499 5259 κ
3542 5235 3611 5248 --

1964 5303 2357 5368 Quamobrem
2388 5303 2414 5357 ?
2445 5304 2523 5357 Ne
2554 5302 2796 5373 indigne
2840 5301 3219 5356 Dominicum
3278 5313 3495 5368 corpus
3556 5299 3615 5349 et

1965 5392 2312 5465 sanguinem
2337 5392 2689 5464 participare
2712 5389 3047 5463 probemini
3078 5405 3090 5441 :
3116 5403 3191 5442 ne
3213 5386 3453 5459 indigne
3483 5402 3616 5458 par-

1963 5480 2284 5556 ticipando,
2310 5482 2393 5536 rei
2418 5483 2610 5538 eﬂ‘ecti
2632 5480 2810 5536 caedis
2830 5477 3097 5550 corporis
3127 5477 3313 5549 ipsius
3353 5492 3422 5531 ac
3465 5476 3615 5532 effu-

1967 5571 2150 5628 sionis
2184 5571 2507 5643 sanguinis,
2540 5568 2883 5627 inevitabile
2901 5566 3199 5639 judicium
3258 5565 3567 5640 excipiatis
3600 5579 3616 5619 :

1965 5677 2039 5716 ne
2063 5660 2123 5715 in
2138 5659 2255 5716 tale
2268 5659 2561 5732 judicium
2580 5654 3620 5726 incidentes,morbis,afﬂictionibus

3252 5777 3328 5836 26
