4068 6254
231 365 370 428 813

1244 364 1653 428 ΒΟΜΜΕΝΤ.
1701 365 1778 427 IN
1829 366 2074 428 EPIST.
2124 368 2143 428 Ι
2189 371 2290 431 ΑΙ)
2336 372 2702 434 CORINTH.

3547 374 3664 438 8η

241 493 338 563 Si,
370 491 455 551 ὅτι
488 495 542 551 οἱ
570 494 667 566 μὶν
703 492 859 553 οὐδὲν
893 492 1220 571 βλάσφημον
1283 491 1409 550 οῦδὲ
1464 496 1715 551 ἀπαίσιον
1748 494 1905 575 φθέγ-

2026 499 2105 557 tia
2136 504 2556 574 prophetarum
2584 523 2651 562 ac
2678 507 3331 579 pseudoprophetarum
3363 514 3455 569 est
3511 509 3668 581 quod

242 607 469 661 γονται,
503 584 651 642 ἀλλὰ
698 585 788 642 καὶ
843 583 1189 661 θεολογοῦσιν
1243 585 1316 648 ὡς
1375 582 1586 660 ἄριστα,
1620 587 1707 641 καὶ
1739 587 1911 643 πάντα

244 684 475 753 σεμνῶς
508 678 785 753 λίγουσιν.
836 679 899 733 Οἱ
958 675 1014 733 δὲ
1073 676 1435 753 βλασφήμους
1462 699 1521 734 τε
1551 679 1640 734 καὶ
1672 680 1910 754 ἀπηχεῖς

245 770 439 849 φωνὰς
499 766 909 842 ἆπερεύγονται.
973 791 1001 820 ‹‹
1064 766 1160 823 Καὶ
1219 765 1400 828 οὐδεὶς
1468 765 1688 823 δύναται
1745 769 1912 824 εἰπεῖν

245 858 461 932 Κύριον
516 858 746 927 Ἰησοῦν,
800 856 847 912 εἰ
909 858 984 929 μὴ
1043 855 1095 912 ἂν
1158 856 1431 931 Πνεῦματι
1489 859 1654 932 ἁγίῳ.
1694 882 1723 913 n
1780 861 1913 917 Εἶπε

247 955 490 1023 σημεῖον
552 949 816 1022 μάντεως,
872 948 935 1002 τὸ
995 947 1344 1020 ἰξεστηκότας
1394 949 1591 1010 αὐτοὺς
1637 948 1730 1023 βίᾳ
1755 948 1912 1006 ’ἑλκε-

250 1050 384 1105 σθαι
418 1040 554 1112 πρὸς
608 1037 675 1093 τὰ
732 1034 956 1105 ε’ίδωλα,
1018 1038 1106 1091 καὶ
1168 1036 1450 1112 προλέγειν
1508 1035 1667 1107 δῆθεν
1692 1038 1761 1093 τὰ
1790 1038 1913 1094 ἐσό-

253 1148 419 1203 μενα.
480 1127 634 1203 Λέγει
685 1125 776 1181 καὶ
833 1128 1121 1203 προφήτου
1177 1132 1424 1198 σημεῖον.
1485 1132 1654 1182 Ποῖον
1710 1132 1912 1198 τοῦτος

248 1220 386 1276 "Ott
445 1216 623 1279 οὐδεὶς
678 1210 822 1289 ἔχων
883 1214 1101 1288 Πνεῦμα
1176 1220 1333 1280 Θεοῦ,
1389 1216 1767 1289 άναθεματίζει
1824 1218 1913 1273 καὶ

248 1300 469 1379 ὑϐρίζει
499 1304 592 1358 τὸν
625 1302 843 1378 Κύριον.
904 1302 1006 1360 Καὶ
1060 1302 1228 1359 πάλιν
1281 1300 1458 1364 οὐδεὶς
1503 1302 1661 1359 αὐτὸν
1693 1301 1913 1362 δύναται

246 1395 455 1467 Κύριον
490 1393 684 1463 εἰπεῖν,
712 1394 788 1465 μή
817 1391 962 1467 ἔχων
995 1397 1212 1465 Πνεῦμα
1242 1392 1413 1468 ἅγιον.

2023 590 2105 645 illi
2136 608 2255 647 suae
2284 595 2501 651 mentis
2533 603 2858 669 compotes,
2927 604 2986 654 et
3041 600 3297 657 maxime
3345 599 3667 672 prudentes

2020 678 2219 736 futura
2246 682 2616 753 praedicunt:
2652 687 3187 759 pseudoprophetae
3220 695 3418 746 autem
3470 695 3669 747 mente

2024 768 2264 825 alienati
2296 788 2365 828 ac
2405 773 2732 844 dementes,
2764 781 3050 847 tanquam
3083 794 3118 833 a
3149 778 3519 837 moventibus
3552 778 3673 834 dae-

2022 859 2301 917 monibus
2318 862 2601 919 violentia
2623 864 2804 921 ducti.
2830 867 3030 925 Altera
3050 884 3186 924 vero
3214 868 3373 939 quod
3398 868 3487 925 illi
3536 869 3670 940 qui-

2025 946 2159 1004 dem
2188 950 2335 1005 nihil
2368 953 2729 1011 exsecrabile
2761 956 3291 1028 authlasphemum
3316 957 3664 1028 loquuntur,

2025 1040 2167 1110 quin
2199 1041 2396 1112 potius
2427 1043 2499 1100 de
2530 1046 2646 1102 Deo
2704 1049 2929 1119 Optime
2983 1050 3307 1117 disserunt,
3363 1056 3421 1107 et
3465 1051 3671 1109 omnia

2023 1145 2158 1186 cum
2189 1132 2473 1202 gravitate
2504 1138 2759 1193 efferunt
2793 1154 2805 1191 :
2838 1139 2899 1194 hi
2930 1144 3128 1196 autem
3181 1140 3562 1211 blasphemas
3606 1145 3672 1199 et

2025 1218 2310 1276 absurdus
2342 1230 2614 1281 eructant
2645 1243 2831 1283 voces.
2866 1250 2894 1277 η
2924 1230 2993 1284 Et
3019 1245 3195 1285 nemo
3248 1235 3443 1300 potest
3470 1229 3671 1287 dicere

2024 1309 2340 1367 Dominum
2370 1313 2592 1375 Jesum.
2641 1317 2757 1372 nisi
2811 1334 2918 1388 per
2967 1319 3251 1389 Spiritum
3308 1324 3604 1378 sanctum.
3639 1341 3668 1369 »

2025 1397 2267 1469 Signum
2298 1399 2443 1456 dixit
2476 1404 2621 1459 vatis
2654 1422 2758 1461 seu
2793 1407 2999 1471 divini,
3035 1409 3192 1479 quod
3207 1414 3403 1465 mente
3420 1406 3669 1465 alienati

236 1485 327 1543 ad
357 1485 513 1541 idola
540 1484 592 1538 vi
624 1485 939 1540 trahantur
967 1501 1035 1539 ac
1068 1484 1267 1540 futura
1297 1483 1623 1556 praedicant
1653 1484 1901 1543 scilicet.
1957 1487 2121 1543 Nunc
2178 1491 2484 1559 prophetae
2542 1510 2778 1566 quoque
2833 1497 3069 1569 signum
3128 1499 3315 1570 ponit.
3352 1496 3665 1564 Quodnam

246 1574 410 1632 illud
442 1579 531 1631 est
557 1574 585 1629 7
616 1573 770 1646 quod
803 1573 1006 1629 nullus
1039 1574 1321 1644 Spiritum
1353 1574 1456 1630 Dei
1477 1574 1703 1630 habens
1735 1580 2095 1642 exsecratur,
2126 1582 2229 1634 aut
2258 1578 2483 1650 injuria
2507 1582 2693 1638 afﬁcit
2720 1586 3059 1643 Dominum.
3094 1589 3468 1658 Rursumque
3525 1587 3664 1645 nul-

243 1665 353 1720 lus
380 1669 577 1736 potest
604 1663 802 1735 ipsum
832 1663 1030 1719 dicere
1061 1664 1381 1721 Dominum
1412 1664 1510 1735 qui
1540 1680 1657 1719 non
1690 1664 1905 1720 habeat
1937 1666 2221 1736 Spiritum
2251 1676 2549 1727 sanctum.

324 1808 625 1884 Διαιρέσεις
697 1805 753 1865 δὶ
829 1808 1187 1884 χαρισμάτων
1284 1807 1407 1876 εἰσὶ,

244 1903 496 1975 Πνεῦμα.
552 1896 657 1955 Καὶ
719 1894 1003 1971 διαιρέσεις
1062 1893 1345 1962 διακονιῶν
1407 1896 1531 1967 εἶσι,
1588 1896 1678 1952 καὶ
1724 1899 1751 1951 6
1803 1897 1899 1953 αὖ·

242 1990 345 2053 τὸς
410 1988 631 2063 Κύριος.
701 1987 803 2044 Καὶ
895 1984 1178 2063 διαιρέσεις
1270 1985 1647 2062 ἐνεργημάτων
1744 1985 1900 2057 εἲσὶν,

243 2081 274 2135 6
345 2075 400 2133 δὶ
456 2074 618 2139 αὐτός
695 2073 805 2131 ἔστι
844 2132 845 2135 η
882 2074 1034 2146 Θεὸς,
1093 2076 1121 2130 ὁ
1182 2075 1406 2153 ἐνεργῶν
1467 2078 1532 2131 τά
1606 2077 1779 2132 πάντα
1853 2073 1904 2131 ἐν

249 2172 443 2223 πᾶσιν.

331 2257 534 2312 Λοιπὸν
579 2255 656 2317 εἰς
712 2254 804 2311 τὸν
861 2255 983 2330 περὶ
1044 2254 1395 2332 χαρισμάτων
1428 2253 1567 2323 ἦλθε
1597 2254 1784 2331 λόγον,
1815 2255 1903 2309 καὶ

246 2368 412 2426 φησι·
446 2371 475 2399 ι(
508 2344 806 2421 Διαιρέσεις
832 2342 889 2400 δὲ
922 2370 943 2397 ι
980 2345 1069 2401 καὶ
1129 2348 1248 2400 οἷον
1302 2342 1534 2423 μερίδες,
1572 2369 1600 2399 ‹‹
1630 2345 1905 2423 χαρισμά-

238 2458 358 2493 των
388 2434 511 2493 εἰσί.
540 2459 568 2488 ν
602 2436 698 2507 Τῷ
730 2432 807 2503 δὲ,
872 2459 899 2487 ‹‹
933 2435 1288 2510 χαρισμάτων
1320 2455 1342 2478 η
1403 2434 1595 2504 εἰπεῖν,
1628 2431 1908 2491 ἐπαίδευσε

239 2527 342 2581 τὸν
377 2522 640 2580 δοκοῦντα
666 2524 730 2580 τὸ
779 2518 1003 2579 ἔλαττον
1064 2521 1211 2600 ἔχειν
1273 2523 1539 2598 χάρισμα,
1587 2526 1661 2596 μὴ
1694 2521 1905 2601 ἀλγεῖν.

249 2612 327 2672 Εἰ
360 2613 465 2689 γὰρ
495 2610 744 2687 ἐδωρήθη
799 2633 905 2679 σοι,
959 2612 1113 2690 φησὶ,
1170 2613 1330 2690 χάριν
1365 2607 1459 2688 ἔχε
1492 2613 1623 2687 ὑπὲρ
1654 2613 1727 2669 ὧν
1761 2613 1907 2673 ὅλως

258 2702 526 2778 ι’ἰληφας,
585 2702 668 2756 καὶ
727 2704 801 2775 μὴ
864 2700 1017 2778 ἄλγει
1078 2704 1207 2776 ὑπὲρ
1269 2705 1342 2758 ὧν
1402 2700 1624 2759 ἔλαττον
1655 2701 1907 2780 ε’ίληφας.

272 2788 453 2847 Πάλιν
513 2787 567 2845 δὲ
613 2795 686 2864 τῷ
738 2795 1073 2867 προσθεῖναι,
1134 2816 1161 2844 ι(
1194 2792 1265 2851 Τὸ
1324 2790 1380 2848 δὲ
1436 2792 1565 2848 αὐτὸ
1607 2795 1847 2867 Πνεῦμα,
1880 2816 1903 2846 ι

274 2878 447 2934 πλέον
478 2886 887 2954 παραμυθεῖται.
946 2882 1012 2939 Εἰ
1068 2881 1169 2959 γὰρ
1228 2883 1317 2937 καὶ
1350 2875 1569 2938 ἔλαττόν
1603 2903 1721 2955 σου,
1754 2880 1909 2960 φησὶ,

257 2968 326 3023 τὸ
359 2968 627 3043 χάρισμα,
680 2969 827 3025 ἀλλὰ
882 2976 978 3025 τοῦ
1037 2969 1149 3033 ἑνός
1202 2969 1313 3026 ἐστι
1354 2972 1683 3044 Πνεύματος
1715 2967 1910 3046 δωρεὰ,

256 3056 355 3112 καὶ
384 3057 452 3112 τά
479 3058 648 3134 μικρᾶ
676 3060 769 3115 καὶ
799 3061 865 3115 τὰ
912 3059 1145 3135 μεγάλα.
1182 3093 1246 3103 σ-
1275 3057 1516 3124 Ἄλλως.
1554 3061 1762 3135 [ΦΩΤ.]
1794 3060 1912 3116 Χα-

256 3145 502 3221 ρίσματα
575 3147 670 3219 μὶν
739 3148 873 3204 αὐτὰ
936 3147 1115 3217 καλεῖ,
1180 3151 1281 3219 τὴν
1348 3148 1667 3226 φιλοτιμίαν
1710 3145 1913 3207 δεικνὺς

255 3240 364 3290 τοῦ
397 3233 752 3311 δωρήματοςο
813 3234 1088 3300 διακονίας
1149 3235 1224 3310 δὲ,
1285 3235 1550 3294 διδάσκων
1594 3238 1670 3312 μὴ
1702 3234 1911 3311 ἐπαίρε-

261 3328 388 3382 σθαι
418 3327 638 3390 τούτοις
698 3328 826 3392 τοὺς
884 3328 1227 3399 ἀξιωθέντας,
1289 3327 1432 3383 ἀλλὰ
1484 3328 1620 3403 μετὰ
1648 3326 1919 3397 συστολῆς

259 3417 355 3471 καὶ
392 3417 883 3497 μετριοιρροσύνης,
928 3418 1000 3481 ὡς
1062 3420 1136 3481 εἰς
1198 3417 1488 3493 ὑπηρεσίαν
1522 3417 1611 3473 καὶ
1641 3414 1914 3474 διακονίαν

259 3509 376 3561 τῶν
411 3504 648 3576 πλησίον
680 3503 1004 3576 κληθέντας,
1029 3506 1201 3570 οὕτως
1232 3504 1580 3584 ἐντυγχάνειν
1601 3511 1717 3567 τοῖς
1747 3525 1915 3579 προσ·

260 3598 456 3649 ιοῦσιψ
524 3593 869 3669 ἐνεργήματα
946 3593 1003 3652 δὲ
1077 3596 1262 3664 πάλιν,
1332 3594 1497 3664 αὐτὴν
1568 3592 1755 3666 δηλῶν
1816 3593 1912 3660 τήν

250 3685 471 3755 πρᾶξιν.
533 3688 670 3759 Ὅρα
728 3678 969 3759 ἀκριϐῶς
1049 3688 1165 3746 πῶς
1244 3685 1307 3739 τὸ
1367 3684 1620 3761 πανάγιον
1677 3687 1916 3757 Πνεῦμα,

260 3776 479 3848 τρανῶς
507 3772 599 3827 καὶ
632 3773 826 3849 Κύριον
865 3773 955 3829 καὶ
1013 3775 1141 3830 Θεὸν
1202 3773 1544 3847 ἀνεκήρυξεν.
1578 3774 1761 3830 Εἰπὼν
1792 3775 1915 3850 γὰρ,

254 3885 286 3913 ‹‹
324 3862 633 3937 Διαιρέσεις
667 3859 725 3919 δὶ
780 3862 1133 3938 χαρισμάτων
1190 3862 1347 3931 εἰσὶν,
1386 3863 1447 3919 τὸ
1501 3860 1557 3919 δὲ
1588 3862 1717 3918 αὐτὸ
1752 3868 1916 3919 Πνεῦο

260 3971 361 4025 μα,
397 3976 420 4006 ι
456 3951 547 4007 καὶ
576 3949 741 4007 πάλιν
771 3949 859 4009 ἐπὶ
896 3956 995 4007 τοῦ
1052 3952 1373 4027 πράγματος
1407 3952 1717 4027 ἐπαγαγὼν,
1752 3976 1779 4003 α
1816 3953 1913 4007 Καὶ

263 4036 558 4114 διαιρέσεις
591 4037 877 4097 διακονιῶν
909 4038 1061 4113 εἰσιν,
1120 4042 1147 4097 ὁ
1205 4037 1263 4097 δὲ
1291 4040 1453 4103 αὐτὸς
1482 4039 1703 4113 Κύριος’
1741 4062 1765 4095 ι
1799 4040 1915 4095 εἶτα

258 4125 343 4185 ἔτι
404 4126 491 4184 ἐπὶ
550 4133 647 4185 τοῦ
703 4130 873 4187 αὐτοῦ
930 4130 1117 4203 μείνας
1198 4130 1496 4202 νοήματος,
1574 4131 1664 4187 καὶ
1719 4128 1911 4197 εἰπὼν,

261 4242 290 4270 u
323 4217 432 4278 Καὶ
463 4216 750 4293 διαιρέσεις
808 4219 1195 4297 ἐνεργημάτων
1255 4218 1411 4289 εἰσὶν,
1444 4220 1471 4273 ὁ
1525 4216 1581 4273 δὲ
1611 4217 1771 4280 αὐτὸς
1799 4217 1911 4275 ἐστι

260 4306 416 4370 Θεός’
454 4332 482 4360 ››
516 4307 861 4364 ἰπισυνάπτει
918 4306 1110 4383 λέγων·
1173 4330 1200 4361 ιι
1231 4306 1475 4379 Ἑκάστῳ
1532 4310 1591 4365 τὲ
1635 4305 1846 4363 δίδοται
1875 4309 1910 4376 ἡ

261 4394 561 4472 φανέρωσις
586 4401 683 4452 τοῦ
724 4397 1034 4470 Ηνεύματος
1094 4398 1228 4473 πρὸς
1287 4397 1347 4451 τὸ
1406 4396 1703 4474 συμφέρον,
1734 4417 1758 4448 η
1799 4392 1909 4449 δει-

256 4484 386 4549 κνὺς
417 4485 500 4539 ὅτι
532 4484 622 4540 καὶ
680 4489 742 4541 τὸ
802 4485 934 4548 Θεὸς
987 4485 1075 4540 καὶ
1132 4484 1194 4540 τὸ
1255 4485 1474 4559 Κύριος,
1509 4483 1596 4539 ἐπὶ
1628 4484 1722 4539 τοῦ
1752 4482 1912 4556 ἁγίου

1502 1808 1563 1863 τὸ
1640 1802 1699 1865 δὲ
1772 1806 1901 1862 αὐτὸ

2076 1810 2197 1879 XII,
2252 1815 2284 1866 4
2322 1816 2372 1869 6.
2440 1816 2733 1875 Divisiones
2795 1827 2977 1875 autem
3042 1822 3311 1881 donorum
3365 1832 3514 1892 sunt,
3576 1828 3674 1885 sed

2011 1898 2156 1955 idem
2212 1903 2452 1972 Spiritus
2498 1922 2521 1973 ;
2572 1914 2624 1963 et
2700 1910 2995 1966 divisiones
3052 1913 3483 1972 ministeriorum
3542 1922 3670 1973 sunt

2014 1988 2263 2062 idemque
2292 1993 2597 2058 Dominus;
2623 2004 2676 2052 et
2725 1997 3020 2055 divisiones
3079 2005 3463 2070 operationum
3509 2011 3656 2070 sunt,

2014 2077 2107 2132 sed
2131 2079 2273 2134 idem
2304 2088 2383 2137 est
2412 2084 2551 2140 Deus
2581 2085 2681 2156 qui
2729 2095 2993 2156 operatur
3041 2092 3226 2144 omnia
3281 2090 3341 2147 in
3388 2090 3660 2148 omnibus.

2014 2259 2458 2329 Consequenter
2488 2260 2560 2316 ad
2616 2281 2954 2321 sermonem
3016 2266 3089 2323 de
3148 2267 3322 2323 donis
3371 2268 3662 2343 pervenit,

2018 2350 2074 2399 et
2103 2345 2185 2401 ait
2220 2362 2232 2401 :
2273 2369 2294 2397 ι
2330 2344 2658 2409 Divisiones
2688 2360 2908 2419 autem,
2949 2379 2968 2402 ι
3006 2361 3061 2412 et
3124 2362 3405 2429 tanquam
3476 2364 3676 2435 partes

2024 2455 2044 2483 ι
2079 2435 2381 2492 Donorum
2414 2444 2571 2495 sunt.
2606 2461 2634 2490 »
2670 2441 2928 2499 Dicendo
2958 2450 3153 2499 autem
3187 2469 3212 2494 ‹‹
3250 2446 3573 2512 Donorum,
3640 2468 3668 2497 ››

2017 2522 2275 2579 instituit
2308 2540 2437 2581 eum
2464 2527 2564 2599 qui
2597 2527 2793 2584 minus
2824 2528 3044 2586 donum
3084 2530 3300 2587 habere
3358 2532 3669 2589 videbatur

2022 2630 2095 2669 ne
2127 2612 2375 2669 doleret.
2403 2614 2482 2680 Si,
2505 2616 2720 2688 inquit,
2747 2619 2969 2675 donum
3010 2621 3313 2693 accepisti,
3360 2621 3509 2677 habe
3540 2640 3674 2695 gra-

2020 2702 2161 2758 tiam
2191 2704 2348 2776 quod
2376 2706 2624 2763 omnino
2658 2710 2979 2780 acceperis,
3006 2718 3064 2766 et
3098 2727 3217 2767 non
3267 2710 3469 2767 doleas
3513 2713 3674 2787 quod

2020 2793 2221 2850 minus
2244 2794 2566 2868 acceperis.
2594 2797 2849 2854 Rursum
2871 2804 3068 2855 autem
3092 2817 3198 2874 per
3219 2800 3333 2859 hoc
3378 2801 3537 2874 quod
3567 2799 3673 2861 ad-

2022 2881 2111 2937 dit
2136 2899 2147 2936 :
2176 2882 2331 2942 «Sed
2370 2884 2530 2941 idem
2572 2886 2843 2957 Spiritus,
2870 2888 3003 2961 plus
3025 2891 3196 2946 aliert
3222 2890 3671 2949 consolationis.

2025 2969 2176 3027 536
2202 2972 2553 3045 Quanquam
2570 2975 2942 3032 enimminus
2977 2979 3026 3035 si
3074 2982 3199 3032 tum
3243 2978 3489 3039 donum.
3521 2986 3674 3038 atta-

2024 3076 2163 3116 men
2194 3061 2371 3117 unius
2404 3062 2657 3135 Spiritus
2694 3064 2852 3121 dona
2872 3071 3128 3137 etparva
3169 3072 3226 3122 et
3268 3084 3479 3139 magna
3514 3072 3671 3125 sunt.

2028 3178 2097 3187 --
2124 3149 2254 3205 Alio
2283 3150 2463 3205 modo.
2498 3152 2662 3206 Dona
2692 3152 2931 3223 quidem
2990 3153 3119 3225 ipsa
3175 3160 3361 3221 vocat,
3406 3152 3679 3229 magniﬁ-

2031 3232 2290 3290 centiam
2322 3235 2641 3292 ostendens
2700 3238 3078 3311 largitionis:
3136 3241 3467 3297 ministeria
3517 3259 3673 3309 vero,

2033 3322 2253 3378 docens
2284 3324 2375 3380 his
2407 3342 2526 3382 non
2559 3325 2773 3381 debere
2807 3329 3008 3383 extolli
3036 3347 3136 3386 eos
3160 3331 3257 3403 qui
3292 3336 3672 3404 acceperunt,

2030 3408 2131 3466 sed
2164 3429 2296 3471 cum
2331 3411 2759 3481 moderatione,
2790 3417 3093 3491 animique
3121 3418 3413 3475 modestia
3437 3437 3586 3488 esse,
3612 3425 3677 3476 ut

2031 3500 2129 3573 qui
2153 3501 2220 3556 ad
2250 3500 2600 3577 obsequium
2625 3521 2691 3561 ac
2716 3505 3111 3564 ministerium
3135 3506 3539 3581 proximorum
3586 3526 3677 3565 vo-

2031 3588 2143 3645 cati
2169 3598 2564 3664 assequantur
2594 3593 2751 3649 bona
2797 3598 3132 3668 praesentia.
3193 3599 3447 3657 Rursum
3478 3603 3677 3654 autem

2030 3681 2405 3752 operationes
2436 3681 2599 3749 dicit,
2636 3683 2824 3756 ipsam
2858 3685 3201 3756 signiﬁcans
3233 3687 3548 3742 actionem.
3612 3687 3683 3741 Et

2029 3768 2340 3826 considera
2369 3768 2684 3844 diligenter
2714 3790 2829 3843 quo
2864 3774 3038 3828 modo
3073 3776 3513 3830 sanctissimum
3548 3774 3676 3847 Spi-

2027 3858 2207 3913 ritum
2239 3864 2439 3933 aperte
2475 3859 2660 3917 Deum
2693 3878 2760 3915 ac
2793 3862 3108 3916 Dominum
3140 3862 3678 3935 praedicaveritDi—

2027 3964 2167 4002 cens
2199 3947 2355 4001 enim
2387 3963 2399 3999 ε
2438 3970 2457 3995 α
2497 3947 2819 4004 Divisiones
2851 3956 3049 4005 autem
3083 3950 3373 4006 donorum
3405 3952 3675 4009 sunt.sed

2028 4036 2184 4093 idem
2216 4036 2486 4107 Spiritus,
2523 4059 2550 4085 »
2584 4042 2641 4091 et
2673 4056 2909 4093 rursum
2942 4040 3015 4095 de
3048 4058 3224 4113 opere
3258 4040 3622 4116 subjungens
3657 4059 3670 4095 :

2026 4148 2052 4175 ‹‹
2080 4125 2963 4184 Etdivisionesministeriorum
2990 4137 3147 4200 sunt,
3186 4131 3344 4186 idem
3392 4149 3525 4189 vero
3560 4130 3671 4188 Do—

2029 4213 2221 4269 minus
2247 4232 2259 4273 ;
2291 4236 2310 4261 ι
2340 4211 2553 4269 deinde
2578 4214 2639 4270 in
2663 4215 2870 4270 eadem
2893 4217 3087 4274 adhuc
3130 4236 3376 4274 manens
3431 4227 3673 4277 senten-

2026 4303 2125 4371 tia,
2158 4301 2258 4357 ubi
2290 4300 2440 4358 dixit
2471 4320 2483 4358 :
2524 4325 2549 4350 α
2580 4304 2645 4359 Et
2678 4303 2995 4361 divisiones
3044 4307 3459 4381 operationum
3512 4312 3670 4376 sunt,

2025 4391 2128 4449 sed
2160 4391 2312 4446 idem
2348 4397 2436 4447 est
2463 4393 2655 4461 Deus;
2691 4393 2869 4449 simul
2903 4395 2963 4451 in
2996 4413 3178 4451 unum
3226 4396 3533 4471 conjungit
3588 4396 3674 4452 di-

2024 4497 2194 4537 cens:
2219 4504 2245 4530 «
2273 4480 2603 4555 Unicuique
2633 4500 2770 4538 vero
2793 4484 2967 4540 datur
2988 4484 3392 4541 manifestatio
3422 4484 3673 4558 Spiritus

257 4568 407 4642 ἔταξε
458 4573 797 4639 Πνεύματος.
857 4572 1036 4631 Πάντα
1086 4574 1191 4650 γὰρ
1250 4575 1348 4629 ὃσα
1403 4578 1684 4648 προεῖπεν,
1718 4571 1792 4633 είς
1815 4574 1912 4641 τήν

2027 4571 2101 4627 ad
2133 4569 2190 4626 id
2218 4570 2377 4642 quod
2410 4570 2644 4643 expedit
2679 4589 2691 4637 ;
2729 4596 2754 4621 ››
2790 4572 3109 4629 ostendens
3141 4574 3300 4647 quod
3326 4580 3384 4630 et
3433 4573 3585 4628 Deus
3618 4578 3677 4629 et

261 4666 360 4716 τοῦ
394 4661 715 4736 Ηνεύματος
778 4666 995 4736 συνῆξεν
1063 4664 1377 4730 ὑπόστασιν,
1409 4663 1470 4718 οὐ
1507 4662 1668 4737 μόνον
1703 4657 1793 4716 διὰ
1820 4665 1916 4716 τοῦ

264 4750 461 4821 εἰπεῖν,
495 4775 524 4804 α
559 4754 802 4825 Ἐκάστῳ
852 4750 1060 4808 δίδοται
1118 4757 1152 4823 ἡ
1214 4754 1511 4828 φανέρωσις
1546 4755 1641 4807 τοῦ
1671 4750 1917 4823 Πνεῦμα-

263 4861 381 4911 τος,
413 4865 442 4894 η
477 4836 628 4898 ἀλλὰ
655 4842 746 4899 καὶ
778 4839 869 4897 διὰ
899 4844 1000 4911 τῆς
1043 4840 1235 4919 ἐφεξῆς
1283 4847 1389 4897 τῶν
1424 4841 1779 4917 χαρισμάτων
1812 4840 1916 4894 ἀπ-

270 4934 641 5006 αριθμήσεως.
677 4932 854 4987 Πάντα
900 4933 1003 5008 γὰρ
1063 4928 1152 4987 διὰ
1206 4929 1302 4987 τοῦ
1336 4930 1643 5003 Πνεύματος
1677 4927 1918 4993 δίδοσθαι

271 5018 615 5079 διατείνεται.
694 5022 797 5078 Καὶ
886 5018 1442 5097 συγκεφαλαιούμενος
1518 5019 1684 5075 πάλιν
1753 5017 1916 5093 λέγει·

270 5136 297 5161 α
332 5110 517 5169 Πάντα
558 5107 615 5165 δὲ
646 5114 816 5166 ταῦτα
870 5110 932 5165 τὸ
990 5105 1041 5165 ἔν
1099 5110 1189 5166 καὶ
1244 5110 1305 5165 τὸ
1361 5109 1495 5165 αὐτὸ
1527 5110 1745 5182 Πνεῦμα
1776 5106 1919 5182 ἐνερ-

267 5205 374 5275 γεῖ.
410 5223 440 5253 ››
504 5200 664 5257 Ὥστε
705 5200 933 5277 φανερὸν
987 5197 1069 5254 ὅτι
1114 5199 1176 5254 τὸ
1232 5198 1490 5272 πανάγιον
1540 5202 1777 5269 Πνεῦμα,
1833 5196 1923 5252 καὶ

272 5289 477 5364 Κύριον
529 5289 618 5344 καὶ
666 5290 798 5346 Θεὸν
855 5286 1125 5361 λαμπρῶς
1174 5286 1262 5342 καὶ
1312 5284 1612 5361 διαῤῥήδην
1640 5286 1864 5342 ἐνταῦθα
1896 5284 1924 5338 6

266 5383 411 5443 θεῖος
446 5377 664 5438 Παῦλος
697 5376 967 5453 θεολογεῖ.
1003 5376 1067 5435 Ei.
1105 5373 1162 5431 δέ
1190 5398 1272 5438 τις
1320 5377 1380 5431 τὸ
1433 5376 1527 5448 μὶν
1577 5376 1799 5448 Πνεῦμα
1837 5371 1922 5429 ἐπὶ

267 5471 361 5524 τοῦ
422 5467 581 5540 ἁγίου
642 5466 959 5539 Πνεῦματος
1017 5460 1263 5533 ἰκλάϐοι,
1334 5464 1396 5520 τὸ
1451 5461 1507 5520 δὲ
1577 5464 1779 5540 Κύριος
1837 5463 1926 5518 καὶ

269 5558 418 5627 Θεὸς,
467 5556 531 5611 τὸ
597 5556 689 5628 μὲν
743 5554 832 5610 ἐπὶ
891 5554 987 5609 τοῦ
1043 5555 1194 5623 Υἱοῦ,
1241 5554 1303 5608 τὸ
1353 5550 1409 5607 δὲ
1451 5552 1537 5607 ἐπὶ
1568 5556 1663 5607 τοῦ
1696 5554 1925 5627 Πατρὸς,

271 5647 352 5702 καὶ
390 5645 566 5707 οὕτως
600 5643 752 5700 οὐδὲν
807 5646 970 5712 ἦττον
1025 5645 1059 5712 ἣ
1111 5665 1169 5698 τε
1227 5642 1485 5715 κυριότης
1546 5643 1631 5697 καὶ
1670 5645 1705 5712 ἡ
1737 5643 1928 5714 θεότης

2029 4659 2312 4715 Dominus
2372 4658 2613 4731 Spiritui
2674 4667 2874 4717 sancto
2927 4661 3232 4735 aptaverit.
3295 4664 3675 4735 Quaecunque

2029 4750 2189 4805 enim
2228 4746 2523 4821 praedixit,
2555 4748 2614 4802 in
2644 4749 2894 4823 Spiritus
2926 4769 3243 4824 personam
3276 4751 3510 4821 clausit,
3556 4769 3678 4808 non

2031 4857 2100 4894 ex
2131 4856 2197 4895 eo
2232 4838 2423 4894 solum
2448 4835 2604 4909 quod
2625 4836 2804 4893 dixit:
2835 4863 2860 4889 ‹‹
2912 4840 3242 4916 Unicuique
3292 4841 3465 4899 datur
3495 4842 3681 4898 mani-

2028 4929 2263 4985 festatio
2283 4926 2807 4999 Spiritus,»verum
2829 4928 3006 4985 etiam
3041 4949 3149 5003 per
3194 4938 3541 5007 sequentem
3571 4931 3674 4989 do-

2032 5035 2245 5075 norum
2280 5015 2811 5073 enumerationem.
2848 5020 2991 5081 Nam
3026 5022 3227 5077 omnia
3251 5040 3357 5099 per
3396 5020 3678 5093 Spiritum

2033 5106 2158 5167 dari
2191 5109 2490 5161 asseverat
2523 5121 2535 5157 :
2574 5122 2930 5181 rursumque
2966 5106 3028 5165 in
3059 5127 3353 5167 summam
3385 5108 3678 5183 redigens,

2008 5195 2117 5263 ait
2146 5212 2158 5249 :
2194 5218 2219 5243 ‹‹
2259 5194 2389 5249 Haec
2420 5196 2617 5253 autem
2652 5192 2852 5249 omnia
2885 5204 3166 5267 operatur
3195 5215 3349 5253 unus
3402 5196 3678 5267 idemque

2035 5283 2313 5357 Spiritus.
2355 5303 2380 5329 »
2413 5281 2787 5343 Manifestum
2817 5284 3015 5356 itaque
3051 5291 3142 5341 est
3171 5285 3330 5357 quod
3369 5285 3679 5340 sanctissi-

2038 5390 2200 5431 mum
2232 5371 2535 5443 Spiritum,
2576 5372 2756 5428 Deum
2788 5390 2854 5429 ac
2885 5374 3203 5429 Dominum
3237 5391 3387 5444 esse,
3426 5372 3583 5430 clare
3625 5379 3684 5431 et

2039 5467 2237 5536 aperte
2268 5461 2378 5517 hoc
2412 5458 2540 5515 loco
2574 5458 2740 5516 divus
2772 5463 2989 5518 Paulus
3021 5462 3678 5523 divinitusasseruerit:

2038 5552 2201 5619 Quod
2223 5552 2270 5605 si
2291 5549 2423 5621 quis
2448 5548 2729 5621 Spiritum
2750 5551 2987 5622 quidem
3006 5553 3078 5608 ad
3106 5553 3389 5625 Spiritum
3406 5556 3682 5610 Sanctum

2038 5643 2255 5699 referat
2287 5658 2299 5696 :
2337 5640 2651 5695 Dominum
2686 5659 2820 5697 vero
2851 5660 2918 5698 ac
2965 5645 3171 5715 Deum,
3207 5644 3355 5705 illud
3409 5662 3549 5704 sane
3607 5645 3681 5699 ad
