4068 6254
489 344 606 402 81ὔ

1610 341 1857 404 OECUM
1871 339 2028 401 ENll
2079 339 2384 402 TRICCIE
2427 340 2780 405 EPIS‘COPI

3764 347 3864 407 816

490 477 725 543 Filium,
759 477 869 531 hoc
900 480 1098 530 autem
1129 475 1201 529 ad
1237 477 1469 530 Patrem
1504 493 1516 530 :
1552 476 1662 530 hoc
1693 493 1935 549 quoque
1967 479 2122 534 modr

2255 470 2306 542 ἐξ
2366 473 2542 528 αὐτῶν
2595 473 2803 529 τούτων
2865 479 3344 549 μαρτυρηθήσεται
3402 482 3480 548 τῷ
3549 476 3685 550 ἁγίῳ
3731 477 3874 533 [Ινεῦ-

490 566 885 620 nihilominus
907 565 1246 620 dominatio
1263 581 1330 619 ac
1344 565 1534 620 deitas
1557 582 1627 620 ex
1648 566 1859 622 horum
1875 568 2140 638 ipsorum

489 655 832 709 testimonio
860 653 1104 724 Spiritui
1127 658 1330 708 sancto
1353 652 1774 709 attribuantur.
1799 656 1905 720 Qui
1942 663 2140 711 autem

490 747 550 796 et
579 741 883 812 quomodo
917 741 977 796 id
1008 741 1113 796 ﬁet
1139 741 1167 796 ?
1198 742 1462 795 Primum
1496 742 1737 812 quidem
1796 744 1938 813 quia
1993 743 2143 798 divi-

491 830 688 885 dendo
719 830 897 897 dona,
931 829 1034 884 ubi
1065 831 1214 884 dixit
1243 831 1686 885 sanctissimum
1721 831 2027 902 Spiritum,
2061 831 2144 886 ait

489 918 749 990 idipsum
774 919 1006 990 operari
1033 919 1347 974 Dominum
1371 936 1437 974 ac
1462 920 1666 974 Deum.
1693 923 1894 990 Itaque
1916 937 1984 975 ea
2007 937 2138 990 quas

490 1014 770 1078 operatur
801 1008 1071 1079 Spiritus,
1110 1008 1234 1063 htec
1263 1014 1320 1062 et
1367 1008 1656 1062 Dominus
1711 1007 2137 1075 dominatione,

489 1103 546 1151 et
580 1098 736 1151 Deus
767 1096 987 1152 deitate
1018 1103 1362 1166 operantur.
1395 1096 1600 1151 Merito
1623 1113 1761 1169 ergo
1780 1097 1984 1152 eadem
2007 1113 2137 1170 Ope-

486 1186 640 1240 ranti
677 1186 919 1257 Spiritui
947 1192 1008 1240 et
1041 1186 1370 1240 dominatio
1429 1185 1598 1240 adest
1652 1186 1782 1240 Filii
1837 1192 1896 1240 et
1950 1187 2137 1242 deitas

487 1276 676 1331 Patris
713 1292 725 1328 :
759 1276 1009 1347 Spiritus
1040 1275 1219 1347 igitur
1243 1283 1300 1330 et
1328 1277 1476 1330 Deus
1501 1281 1590 1329 est
1633 1281 1690 1329 et
1733 1277 2036 1332 Dominus.
2071 1277 2140 1331 Et

487 1365 721 1420 videtur
754 1365 902 1419 mihi
935 1365 1103 1420 divus
1137 1365 1359 1420 Paulus
1415 1370 1729 1436 propterea
1784 1365 1857 1420 de
1915 1367 2136 1437 Spiritu

487 1453 727 1524 quidem
754 1453 1050 1525 personali
1082 1471 1224 1508 usus
1256 1471 1384 1508 esse
1416 1454 1679 1522 nomine,
1714 1455 1862 1511 531
1902 1454 1972 1509 de
1989 1455 2134 1510 Filio

486 1550 686 1598 autem
720 1549 777 1597 et
807 1545 999 1609 Patre,
1033 1543 1452 1598 communibus
1489 1561 1501 1596 :
1535 1550 1598 1597 ut
1638 1544 2136 1614 perspicientibus

485 1631 693 1689 liceret
722 1632 795 1688 ab
829 1633 1139 1686 identitate
1171 1633 1536 1703 operationis
1569 1632 1943 1687 identitatem
1966 1633 2137 1688 colli-

483 1738 620 1793 gere
647 1721 1026 1776 substantia):
1053 1727 1112 1775 et
1132 1721 1261 1791 ipsa
1283 1721 1528 1775 nomina
1547 1720 1832 1776 Dominus
1864 1737 1931 1775 ac
1958 1723 2131 1788 Deus,

2251 581 2398 632 ματι.
2434 565 2558 625 Πῶς
2605 563 2696 617 καὶ
2754 562 2876 617 τίνα
2930 563 3179 636 τρόπον;
3236 570 3462 640 Πρῶτον
3497 565 3596 636 μὶν
3627 565 3708 618 ὅτι
3757 562 3878 619 διαι-

2247 654 2358 723 ρεῖν
2417 650 2483 704 τὰ
2537 651 2858 729 χαρίσματα
2915 650 3086 706 εἰπὼν
3146 655 3207 708 τὸ
3261 652 3524 728 πανάγιον
3579 655 3806 725 Πνεῦμα,
3828 657 3878 709 τὸ

2248 738 2382 792 αὐτὸ
2413 743 2574 793 τοῦτο
2599 738 2858 813 πράττειν
2889 740 2979 794 καὶ
3010 741 3102 795 τὸν
3161 741 3364 816 Κύριον
3393 743 3482 796 καὶ
3515 741 3612 796 τὸν
3647 743 3766 796 Θεὸν
3793 765 3880 820 φη-

2246 847 2350 881 σιν.
2383 829 2542 881 Ὥστε
2572 829 2705 901 ἅπερ
2765 827 2970 905 ἐνεργεῖ
3023 830 3085 884 τὸ
3141 835 3379 904 Πνεῦμα,
3425 835 3602 886 ταῦτα
3634 831 3771 885 καὶὸ
3801 832 3879 888 K5-

2248 936 2360 991 ριος
2390 922 2458 992 τῇ
2499 920 2810 992 κυριότητι,
2867 920 2957 974 καὶ
3012 923 3040 975 6
3102 922 3232 983 Θεὸς
3300 926 3369 996 τῇ
3421 923 3645 992 θεότητι
3677 921 3875 995 ἐνεργεῖ.

2247 1006 2487 1070 Εἰκότως
2515 1009 2616 1082 ἄρα
2667 1009 2732 1062 τὰ
2791 1009 2930 1063 αὐτὰ
2988 1008 3291 1086 ἐνεργοῦντι
3343 1016 3425 1083 τῷ
3477 1012 3878 1085 Ηνεῦματι,καὶ

2244 1097 2278 1163 ἡ
2310 1097 2570 1172 κυριότης
2611 1097 2829 1172 ὑπάρξει
2889 1103 2987 1152 τοῦ
3045 1100 3196 1168 Υίοῦ,
3245 1101 3334 1154 καὶ
3365 1103 3399 1169 ἡ
3433 1102 3636 1170 θεότης
3664 1106 3758 1156 τοῦ
3786 1108 3877 1156 Πα-

2242 1184 2388 1258 τρός.
2449 1192 2611 1240 ’Ὥστε
2661 1188 2723 1241 τὸ
2784 1191 3024 1260 Πνεῦμα,
3094 1189 3186 1243 καὶ
3236 1190 3436 1263 Κύριος
3484 1191 3582 1244 καὶ
3615 1191 3766 1252 Θεός.
3795 1190 3877 1248 Καί

2247 1293 2342 1345 μοι
2374 1271 2521 1328 δοκεῖ
2548 1276 2638 1328 καὶ
2697 1275 2724 1328 ὁ
2779 1276 3058 1337 Θεσπέσιος
3123 1275 3338 1337 Παῦλος
3370 1274 3457 1331 διὰ
3488 1283 3662 1332 τοῦτο
3695 1278 3777 1333 ἐπὶ

2240 1366 2338 1416 τοῦ
2371 1362 2707 1435 Πνευὲματος,
2759 1368 2838 1435 τῷ
2890 1364 3238 1437 ὑποστατικῷ
3290 1364 3519 1437 ὀνόματι
3571 1368 3879 1444 χρήσασθαι,

2239 1449 2329 1504 ἐπὶ
2383 1448 2441 1506 δὲ
2496 1453 2624 1506 Υἱοῦ
2673 1452 2764 1506 καὶ
2819 1455 2917 1506 τοῦ
2977 1453 3214 1526 Ιῐατρὸς,
3269 1459 3387 1514 τοῖς
3445 1459 3658 1516 κοινοῖς
3697 1455 3782 1509 ’ἱνα
3807 1454 3879 1526 ἐξῇ

2241 1544 2357 1600 τοῖς
2389 1546 2709 1615 συνορῶσιν,
2750 1541 2858 1596 ἀπὸ
2911 1548 3012 1610 τῆς
3060 1543 3395 1612 ταυτότητος
3447 1550 3556 1612 τῆς
3614 1543 3879 1618 ἐνεργείας,

2240 1632 2339 1696 τήν
2371 1631 2677 1698 ταυτότητα
2732 1638 2831 1700 τῆς
2889 1631 3099 1700 οὐσίας,
3159 1633 3252 1686 καὶ
3298 1632 3366 1686 τὰ
3395 1633 3536 1687 αὐτὰ
3570 1633 3810 1707 ὀνόματα
3832 1633 3881 1686 τὸ

2243 1718 2442 1792 Κύριος
2470 1720 2561 1773 καὶ
2593 1719 2747 1784 Θεὸς,
2777 1720 2912 1773 κατὰ
2963 1720 3062 1787 τήν
3113 1721 3422 1790 ταυτότητα
3451 1729 3556 1790 τῆς
3587 1721 3782 1782 οὐσίας
3809 1721 3880 1775 ἐπὶ

482 1817 724 1882 propter
748 1811 1123 1866 identitatem
1156 1810 1469 1864 subtantim
1503 1809 1576 1864 de
1637 1810 1856 1881 Spiritu
1910 1810 2122 1866 intelli-

2240 1809 2339 1859 τοῦ
2398 1805 2708 1877 Ηνεύματος
2763 1801 3141 1878 ἐκλαμϐάνειν.
3186 1807 3266 1863 Οὔ
3329 1808 3494 1880 μόνον
3562 1807 3621 1864 δὲ
3681 1809 3736 1864 ἐκ
3786 1814 3875 1863 τῶν

483 1917 641 1972 gere.
671 1900 793 1954 Non
815 1899 1008 1954 solum
1041 1904 1241 1953 autem
1273 1915 1341 1952 ex
1379 1899 1469 1953 his
1503 1915 1632 1968 quae
1663 1898 1820 1953 dicta
1846 1905 1983 1954 sunt
2035 1901 2132 1956 de-

485 1993 853 2043 monstratur
883 1987 1211 2041 dominatio
1244 2004 1312 2041 ac
1357 1986 1544 2041 deitas
1599 1987 1868 2057 Spiritus,
1929 2006 2130 2045 verum

488 2076 666 2130 etiam
695 2093 762 2130 ex
795 2092 865 2130 ea
895 2093 1026 2146 qua)
1058 2075 1356 2147 colligitur
1385 2076 1711 2131 summaria
1751 2076 2126 2133 collectione.

486 2168 741 2220 Rursum
773 2166 930 2220 enim
967 2166 1046 2220 ibi
1082 2166 1226 2221 dicit
1282 2166 1545 2237 apertius
1580 2183 1593 2220 :
1644 2189 1670 2215 ‹‹
1739 2168 1872 2222 Haec
1930 2170 2131 2224 omnia

484 2261 762 2326 operatur
783 2272 937 2310 unus
960 2256 1236 2326 idemque
1261 2255 1533 2326 Spiritus,
1559 2255 1825 2312 dividens
1856 2258 2128 2328 peculia-

480 2343 626 2399 riter
639 2344 993 2415 unicuique.
1020 2366 1048 2395 »
1075 2345 1384 2410 Quomodo
1409 2345 1696 2416 PPropria
1739 2351 2029 2417 potestate
2061 2364 2128 2402 ac

478 2433 768 2490 dominio.
803 2434 1104 2501 Aitenim,
1139 2457 1165 2484 ‹‹
1203 2434 1363 2489 Sicut
1397 2434 1538 2488 vult.
1575 2456 1603 2483 »
1637 2434 1841 2505 Itaque
1875 2436 1922 2490 si
1972 2453 2128 2507 qum-

476 2539 709 2592 cunque
738 2525 992 2578 Paterac
1014 2523 1196 2578 Filius
1237 2528 1580 2594 operantur,
1633 2523 1758 2577 haec
1791 2529 1849 2577 et
1875 2524 2126 2594 Spiritus

473 2609 644 2676 facit,
668 2611 846 2681 idque
872 2613 1197 2666 sicutDeus
1217 2629 1284 2666 ac
1308 2612 1595 2666 Dominus
1617 2611 1794 2668 facit:
1829 2628 1968 2667 nam
2001 2614 2123 2668 sic-

475 2705 543 2754 ut
572 2700 695 2754 vult
725 2701 805 2755 ila
832 2701 992 2767 facit,
1026 2701 1148 2755 vult
1178 2707 1375 2755 autem
1409 2700 1687 2754 videlicet
1725 2707 1791 2755 ut
1841 2708 2123 2772 tanquam

477 2789 632 2843 Deus
665 2806 732 2843 ac
765 2791 1074 2844 Dominus.
1107 2789 1275 2844 Absit
1308 2789 1466 2843 enim
1501 2794 1565 2843 ut
1594 2790 1892 2844 contraria
1950 2790 2026 2843 sit
2063 2790 2124 2844 in

479 2878 564 2932 eis
589 2877 1270 2935 voluntas.Manifestum
1291 2877 1449 2949 quod
1490 2878 1740 2950 Spiritus
1788 2885 1844 2933 et
1868 2879 2020 2934 Deus
2051 2879 2126 2934 sit

483 2972 542 3020 et
563 2967 849 3024 Dominus
876 2985 888 3023 :
914 2969 1154 3041 prOpria
1177 2968 1334 3022 enim
1369 2967 1719 3023 auctoritate
1765 2973 1823 3021 et
1848 2969 2038 3023 Patris
2069 2974 2129 3023 et

481 3055 610 3110 Filii
630 3057 980 3127 operafacit,
1006 3062 1062 3111 et
1081 3062 1363 3128 tanquam
1383 3054 1747 3110 Dominusac
1780 3059 1928 3110 Deus
1963 3055 2123 3123 facit,

480 3151 540 3201 et
569 3149 770 3203 omnia
798 3148 957 3204 facit.
1004 3147 1626 3204 'Animadvertendem
1671 3152 1762 3200 est
1810 3152 2010 3202 autem
2068 3152 2126 3201 et

2243 1893 2542 1968 εἰρημένων
2583 1897 2618 1963 ἡ
2672 1896 2933 1970 κυριότης
2992 1896 3080 1950 καὶ
3139 1897 3335 1966 Θεότης
3385 1894 3774 1952 ἀποδείκνυται
3799 1901 3874 1950 τοῦ

2242 1983 2575 2056 Πνεύματος,
2629 1983 2778 2040 ἀλλά
2828 1987 2918 2040 καὶ
2976 1987 3034 2040 ἐκ
3090 1993 3191 2055 τῆς
3245 1986 3598 2063 ἐπειγομένης
3637 2009 3873 2066 συγκεφα-

2242 2069 2548 2134 λαιώσεως.
2608 2073 2755 2144 Φησὶ
2802 2075 2905 2150 γὰρ
2953 2075 3041 2129 καὶ
3086 2075 3308 2130 ἐνταῦθα
3347 2074 3516 2130 πάλιν
3554 2075 3869 2153 σαφέστερον,

2239 2161 2324 2214 ὅτι
2357 2187 2384 2214 ‹‹
2418 2164 2595 2216 Πάντα
2624 2166 2792 2217 ταῦτα
2821 2163 3029 2240 ἐνεργεῖ
3073 2164 3134 2218 τὸ
3179 2160 3234 2218 ἓν
3282 2165 3370 2218 κ·ιί
3401 2166 3465 2219 τὸ
3497 2164 3636 2220 αὐτὸ
3667 2169 3868 2237 Πνεῦμα,

2239 2245 2484 2322 διαιροῦν
2548 2247 2658 2321 ἰδίᾳ
2713 2251 2942 2322 ἑκάστῳ.
2979 2275 3006 2302 )›
3067 2257 3229 2320 Πῶςς
3288 2252 3774 2329 Αὐτοκρατορικῶς
3797 2253 3867 2329 καὶ

2236 2341 2461 2412 κυρίως.
2531 2363 2556 2392 ι(
2611 2341 2803 2402 Καθὼς
2855 2341 2954 2417 γὰρ
3017 2340 3294 2417 βούλεται,
3345 2367 3372 2395 ››
3437 2344 3631 2420 φησίν.
3674 2346 3868 2405 Ὠστεεῑ

2235 2429 2408 2482 πάντα
2437 2429 2471 2482 ’ὰ
2510 2430 2537 2482 6
2572 2431 2757 2504 Πατὴρ
2817 2431 2906 2484 καὶ
2968 2432 2995 2485 ὁ
3055 2432 3182 2492 Υἱὸς
3236 2430 3460 2508 ἐνεργεῖ,
3502 2438 3675 2487 ταῦτα
3702 2431 3859 2487 καὶτὸ

2235 2521 2454 2591 Πνεῦμα
2483 2524 2651 2588 ποιεῖ,
2699 2519 2789 2573 καὶ
2849 2525 3042 2583 θεῖκῶς
3099 2521 3188 2574 καὶ
3243 2521 3447 2593 κυρίως
3480 2528 3633 2576 ποιεῖ
3654 2523 3743 2595 (ὡς
3767 2522 3851 2593 γὰρ

2241 2603 2500 2679 βούλεται
2527 2607 2698 2669 οὕτως
2727 2613 2894 2664 ποιεῖ.
2943 2606 3208 2664 Βούλεται
3264 2606 3323 2663 δὲ
3383 2607 3668 2679 δηλονότι,
3696 2608 3848 2682 ὥσπερ

2235 2695 2264 2747 ὁ
2299 2694 2493 2768 Κύριος
2521 2695 2613 2750 καὶ
2659 2698 2687 2751 6
2741 2697 2892 2759 Θεός·
2953 2697 3025 2752 Οὐ
3083 2701 3187 2774 γάρ
3219 2699 3360 2752 ἐστιν
3393 2697 3652 2769 ἀντίξουν,
3683 2697 3851 2772 ἄπαγε,

2237 2781 2545 2856 βούλημα),
2609 2785 2830 2863 φανερὸν
2891 2786 2965 2847 ὡς
3021 2787 3112 2840 καὶ
3174 2785 3367 2859 Κύριος
3418 2786 3480 2841 ἄν
3513 2789 3596 2857 εἳη
3627 2789 3681 2842 τὸ
3706 2789 3845 2842 Umi-

2239 2892 2314 2944 μα
2359 2871 2449 2927 καὶ
2479 2873 2631 2936 Θεός.
2687 2873 3176 2950 Αὐτοκρατορικῶς
3221 2897 3278 2929 τε
3324 2876 3429 2951 γὰρ
3461 2876 3521 2928 τά
3549 2875 3732 2946 Πατρός
3755 2870 3833 2924 καὶ

2234 2962 2362 3015 Υἱοῦ
2419 2957 2554 3037 ἔργα
2611 2969 2779 3032 ποιεῖ,
2834 2963 2924 3018 καὶ
2983 2964 3060 3025 ὡς
3117 2963 3323 3039 Κύριος
3382 2966 3458 3019 καί
3511 2963 3627 3022 θεὸς
3675 2963 3818 3026 ποιεῖ,

2233 3051 2321 3105 καὶ
2353 3052 2526 3107 πάντα
2555 3057 2724 3110 ποιεῖ.
2783 3053 3220 3127 Ἐπισημειῶσαι
3255 3051 3312 3109 δὲ
3364 3052 3442 3109 δεῖ
3483 3052 3568 3106 καὶ
3593 3054 3727 3105 τοῦτο
3762 3048 3828 3107 ὡς

2236 3139 2289 3194 ἐν
2335 3139 2674 3215 πορίσματος
2735 3143 2902 3216 μοίρᾳ
2956 3142 3240 3220 ἀναφανῗεν,
3297 3147 3415 3203 πῶς
3465 3143 3525 3196 τὸ
3556 3140 3672 3196 αὗτὲι
3695 3141 3843 3193 Πνεῦ-

479 3235 592 3289 hoc
641 3242 923 3308 tanquam
983 3239 1106 3292 vice
1169 3237 1466 3292 corollarii
1527 3235 1914 3305 declaratum,
1966 3237 2122 3306 quod

2239 3250 2315 3303 μα
2345 3209 2579 3304 ἐνεργεῖν
2631 3209 3083 3308 ἀποβαινάμενος
3126 3231 3352 3300 ἅπαντα,
3395 3229 3604 3286 ἄλλοτε
3650 3231 3732 3301 μὶν
3773 3230 3853 3299 τῇ,

479 3325 802 3379 ostendens
835 3326 1110 3380 eumdem
1144 3325 1424 3396 Spiritum
1460 3324 1663 3378 omnia
1693 3325 1946 3394 operari,
1985 3325 2126 3380 alibi

479 3412 720 3480 quidem
740 3430 884 3469 usus
909 3414 984 3468 sit
1009 3414 1430 3484 praepositione
1459 3411 1616 3479 κατὰ,
1666 3413 1726 3466 id
1776 3419 1884 3479 est,
1914 3429 2128 3469 secun-

479 3500 644 3568 dum,
680 3501 822 3556 alibi
855 3517 989 3556 vero
1024 3496 1132 3567 διὰ,
1165 3502 1225 3555 id
1259 3508 1366 3567 est,
1401 3517 1524 3572 per,
1558 3501 1856 3554 interdum
1889 3518 2124 3572 quoque

475 3586 554 3655 ἐν,
593 3589 650 3643 id
686 3595 793 3657 est,
824 3591 908 3658 in,
939 3590 1259 3645 ostendens
1286 3589 1444 3660 quod
1475 3589 1631 3660 apud
1657 3589 1854 3660 ipsum
1887 3607 2122 3662 praepo-

475 3676 759 3734 sitionum
791 3697 934 3735 usus
969 3681 1044 3734 sit
1074 3681 1202 3735 sine
1234 3679 1599 3736 discrimine.
1635 3678 1731 3732 Ait
1762 3679 1921 3733 enim
1954 3701 1980 3727 «
2031 3681 2124 3735 Se-

471 3767 734 3823 cundum
769 3769 986 3841 ipsum,
1021 3775 1080 3825 et
1129 3787 1235 3842 per
1291 3770 1512 3841 ipsum,
1572 3772 1629 3822 et
1683 3768 1743 3821 in
1803 3767 1952 3839 ipso,
1987 3791 2013 3817 ››
2049 3769 2121 3824 de

472 3857 681 3913 eodem
712 3860 1009 3915 disserens
1032 3859 1251 3931 Spiritu
1285 3865 1509 3915 sancto.
1558 3859 1628 3911 Et
1667 3857 1758 3911 his
1806 3858 1993 3911 utitur
2047 3859 2120 3913 ad

471 3947 940 4004 confutationem
974 3966 1178 4004 eorum
1211 3949 1311 4019 qui
1345 3947 1673 4003 calumnias
1701 3946 2031 4002 struuntde
2047 3965 2118 4002 eo

472 4037 936 4106 quoddiciturm
959 4036 1766 4110 Peripsum,etexipso,etin
1801 4036 1928 4106 ipso
1969 4036 2049 4090 ²⁷ε
2082 4055 2109 4088 ιι

472 4129 531 4178 et
553 4124 626 4179 ob
658 4125 1156 4182 dictiuncularum
1190 4125 1593 4181 diversitatem
1625 4124 1687 4178 in
1739 4123 2115 4195 blasphemas

465 4214 854 4286 cogitationes
885 4217 1230 4270 efferuntur.
1266 4236 1294 4264 «
1330 4214 1441 4268 Sed
1469 4213 1624 4267 idem
1658 4211 1929 4283 Spiritus.
1958 4215 2115 4267 »Νο-

465 4321 764 4374 quaquam
795 4304 1144 4376 possibibile
1177 4309 1268 4357 est
1299 4320 1432 4357 eum
1465 4303 1570 4373 qui
1601 4318 1635 4356 a
1661 4300 1858 4356 divino
1891 4303 2112 4373 Spiritu

459 4392 1281 4464 motusoperatur,Christum
1317 4408 1350 4446 a
1373 4391 1572 4445 divina
1610 4395 1822 4444 natura
1846 4390 2108 4445 alienum

459 4480 708 4535 delinire
742 4497 754 4536 :
789 4481 893 4537 sed
926 4498 1121 4552 neque
1151 4497 1390 4535 rursum
1424 4496 1454 4533 e
1487 4479 1717 4534 diverso
1750 4477 2009 4549 perfecte
2039 4496 2106 4534 ac

2235 3317 2392 3386 κατὰ,
2467 3317 2739 3393 προθέσει,
2815 3323 3108 3397 κέχρηται,
3204 3318 3408 3374 ἄλλοτε
3484 3316 3538 3373 δὲ
3618 3322 3704 3393 τῇ,
3763 3313 3858 3387 διὰ,

2233 3405 2322 3458 καὶ
2379 3403 2545 3460 πάλιν
2605 3404 2774 3461 ἐνίοτε
2827 3410 2918 3480 τῇ,
2979 3403 3052 3477 ἕν,
3114 3404 3321 3468 δεικνὺς
3364 3406 3447 3461 ὅτι
3491 3410 3624 3482 παρ’
3653 3406 3785 3477 αὐτῷ
3829 3406 3856 3471 ἡ

2231 3496 2338 3546 τῶν
2405 3495 2711 3566 προθέσεων
2780 3500 2982 3568 χρῆσις
3049 3491 3364 3570 ἀδιάφορος.
3429 3519 3458 3545 ‹‹
3505 3496 3651 3551 Κατ’
3687 3492 3859 3549 αὐτὸ»

2231 3580 2358 3652 γὰρ,
2391 3581 2546 3659 φησὶ,
2571 3581 2682 3648 καὶ,
2709 3606 2735 3632 ‹‹
2763 3579 2832 3636 δι’
2855 3580 3078 3650 αὐτοῦ,››
3110 3583 3259 3653 καὶ,‹‹
3291 3580 3342 3636 ἐν
3373 3581 3546 3654 αὐτῷ,
3592 3609 3620 3634 ››
3651 3581 3765 3657 περὶ
3782 3584 3862 3636 τοῦ

2231 3666 2396 3722 αὐτοῦ
2457 3664 2844 3742 διαλαμϐάνων
2902 3669 3060 3744 ἁγίου
3104 3670 3434 3742 Πνεύματος.
3497 3672 3614 3728 Καὶ
3672 3669 3860 3727 τούτοις

2230 3755 2307 3818 εἷς
2336 3752 2568 3832 ἔλεγχον
2601 3758 2785 3832 χρήσῃ
2813 3764 2920 3813 τῶν
2949 3759 3393 3834 λεσχηνευόντων
3430 3761 3554 3834 περὶ
3597 3765 3715 3830 τοῦ,
3745 3785 3770 3812 ς(
3797 3759 3862 3816 Δι’

2230 3845 2414 3912 αὐτοῦ,
2445 3847 2533 3900 καὶ
2565 3844 2615 3918 ἐξ
2647 3846 2834 3916 αὐτοῦ,
2865 3845 2978 3913 καὶ,
3030 3847 3080 3901 ἐν
3132 3845 3297 3920 αὒτῷ,
3334 3873 3356 3902 ι
3392 3848 3482 3902 καὶ
3511 3845 3611 3903 διὰ
3641 3856 3737 3919 τῆς
3766 3849 3864 3902 ἔτεα

2227 3934 2457 4010 ρότητος
2501 3937 2608 3989 τῶν
2668 3933 2964 4004 λεξειδίων,
3024 3935 3100 3996 εἷς
3159 3934 3523 4014 βλασφήμους
3557 3936 3769 3999 ἐννοίας

2224 4028 2532 4101 αγομένων.
2567 4050 2596 4078 ι(
2629 4026 2700 4082 Τὸ
2731 4022 2788 4080 δὲ
2845 4026 2980 4082 αὐτὸ
3045 4031 3280 4099 Πνεῦμα.
3318 4049 3345 4077 ››
3405 4025 3525 4102 Οὐχ
3554 4031 3678 4084 οἷόν
3705 4049 3761 4084 τε
3785 4027 3862 4082 τὸν

2225 4116 2328 4170 ὑπὸ
2384 4120 2479 4170 τοῦ
2537 4114 2684 4179 θείου
2741 4115 3059 4188 ΙΙνεύματος
3109 4115 3527 4192 ἐνεργούμενον,
3583 4118 3863 4194 ἀλλότριον

2219 4211 2319 4273 τῆς
2347 4205 2490 4266 θείας
2549 4203 2757 4282 φύσεως
2812 4205 2902 4260 τὸν
2961 4206 3190 4280 Χριστὸν
3251 4205 3550 4284 ἀποφῆναι,
3610 4203 3864 4264 ἆλλόὐδ⁹

2219 4292 2284 4347 αὖ
2314 4292 2480 4348 πάλιν
2525 4291 2746 4348 δυνατὸν
2776 4293 2933 4348 αὐτὸν
2969 4293 3284 4368 οἶλικρινῶς
3332 4294 3694 4371 ὁμολογῆσαι
3725 4297 3856 4361 Θεὸν,

2222 4384 2298 4455 μὴ
2341 4383 2428 4437 ὑπ’
2459 4381 2664 4452 ἐκείνης
2697 4389 2798 4452 τῆς
2827 4384 3053 4457 χάριτος
3087 4385 3482 4462 φωτιζόμενον.
3521 4409 3549 4436 «
3585 4387 3692 4443 Καὶ
3735 4383 3859 4439 διαι-

2219 4470 2388 4548 ρέσεις
2422 4469 2710 4526 διακονιῶν
2741 4471 2895 4528 εἰσιν.
2933 4497 2959 4523 ››
3010 4474 3124 4528 Ἵνα
3177 4474 3254 4544 μή
3303 4476 3672 4548 χαρισμάτων
3705 4473 3848 4546 μόνον

459 4569 687 4623 sincere
707 4575 902 4640 potest
921 4569 1116 4641 ipsum
1137 4569 1405 4624 conﬁteri
1430 4572 1730 4638 potentem
1754 4582 1882 4619 esse
1905 4567 2113 4634 Deum,

2231 4560 2477 4628 ἰκούσας,
2509 4562 2536 4614 ὁ
2566 4561 2628 4615 τὸ
2657 4558 2886 4616 ἔλαττον
2922 4556 3106 4616 λαϐὼν
3140 4562 3386 4637 χάρισμα
3420 4563 3567 4637 ἀλγῇ
3611 4565 3686 4624 ὼς
3716 4562 3851 4617 ἐλατ-

456 4655 572 4709 nisi
606 4657 676 4712 ab
737 4659 900 4714 illius
956 4660 1144 4732 gratia
1200 4659 1596 4714 illuminetur.
1631 4680 1653 4709 ι
1689 4658 1758 4709 Ει
1788 4654 2107 4712 divisiones

459 4744 924 4803 ministeriorem
957 4756 1114 4804 sunt.
1152 4769 1180 4798 »
1215 4749 1295 4803 Ne
1326 4747 1544 4802 auditis
1577 4751 1805 4801 tantum
1835 4744 2027 4810 donis,
2057 4746 2107 4800 is

459 4832 558 4902 qui
594 4833 792 4888 minus
823 4837 1152 4907 accepisset
1179 4837 1400 4891 donum
1432 4839 1705 4908 ageretur
1735 4840 2016 4904 tanquam
2044 4835 2104 4889 in

458 4920 611 4977 dono
643 4923 910 4992 inferior,
935 4926 1258 4997 subjungit,
1284 4923 2104 4990 ministeriorum,ostendens

456 5013 634 5068 etiam
667 5011 1031 5068 laboriosum
1064 5014 1362 5085 quoddam
1395 5015 1479 5069 eis
1514 5013 1717 5069 datum
1740 5028 1866 5067 csse
1888 5017 2102 5083 myste-

450 5103 625 5158 rium.
663 5103 718 5157 Si
753 5119 888 5176 ergo
921 5103 1180 5175 amplius
1213 5103 1410 5170 habet,
1445 5103 1505 5157 in
1539 5119 1598 5157 re
1633 5101 1930 5158 laboriosa
1986 5101 2100 5156 ali-

447 5192 589 5262 quid
639 5192 898 5265 amplius
955 5192 1153 5247 habet.
1217 5214 1243 5242 α
1297 5194 1368 5246 Et
1423 5190 1742 5246 divisiones
1792 5192 2098 5262 operatio-

447 5297 593 5338 num
628 5288 785 5339 sunt.
851 5304 878 5332 »
938 5282 1387 5354 Operationum,
1447 5281 1556 5335 hoc
1613 5286 1722 5349 est,
1782 5280 2094 5336 donorum.

440 5371 584 5426 Nam
620 5371 893 5428 eamdem
923 5371 1041 5426 vim
1074 5370 1298 5426 habent
1329 5369 1573 5436 donum,
1602 5368 2000 5426 ministerium
2037 5373 2096 5423 et

440 5459 706 5526 operatio
743 5476 757 5516 :
793 5461 936 5532 quia
965 5459 1224 5533 mqualia
1256 5474 1494 5533 quoque
1526 5463 1666 5514 sunt
1695 5475 1828 5530 quaa
1859 5473 1894 5512 a
1921 5458 2093 5513 Patre

513 5629 564 5667 ³⁷
592 5633 759 5688 Rom.
792 5639 872 5705 xi,
910 5638 1000 5691 36.

2217 4651 2407 4713 τωθεὶς
2438 4651 2559 4725 περὶ
2585 4652 2682 4719 τήν
2711 4647 2940 4726 δωρεὰν,
2969 4650 3177 4727 ἐπάγει,
3202 4677 3228 4702 (ι
3259 4657 3583 4720 Διακονιῶν,
3607 4677 3634 4704 υ
3669 4649 3841 4707 δεικνὺς

2215 4740 2305 4794 καὶ
2363 4737 2619 4793 ἐπίπονόν
2675 4761 2726 4794 τι
2784 4739 2971 4801 αὐτοῖς
3042 4737 3290 4795 δεδόσθαι
3344 4738 3741 4818 λειτούργημα.
3785 4733 3841 4792 Εἴ

2212 4829 2390 4882 τοίνυν
2418 4828 2480 4882 τὸ
2509 4827 2676 4883 πλέον
2709 4821 2848 4906 ἔχει,
2880 4829 3018 4883 κατὰ
3046 4829 3110 4884 τὸ
3149 4826 3408 4884 ἐπίπονον
3442 4827 3564 4907 ἔχει
3589 4833 3654 4885 τὸ
3683 4827 3847 4884 πλέον.

2217 4940 2244 4968 ι(
2305 4916 2400 4970 Καὶ
2468 4913 2754 4990 διαιρέσεις
2846 4915 3251 4994 ἐνεργημάτων.
3312 4939 3340 4968 ››
3419 4917 3850 4994 Ἐνεργημάτων,

2211 5004 2476 5073 τουτέστι,
2529 5008 2912 5083 χαρισμάτων.
2965 5003 3307 5079 ’ἰσοδυναμεῖ
3364 5005 3468 5082 γὰρ
3521 5007 3587 5062 τὸ
3622 5008 3852 5081 χάρισμα

2208 5094 2296 5149 καὶ
2328 5095 2362 5164 ἡ
2396 5091 2642 5148 διακονία
2683 5093 2772 5148 καὶ
2829 5096 2865 5164 ἡ
2917 5093 3174 5168 ἐνέργεια,
3236 5095 3319 5150 ὅτι
3377 5095 3468 5149 καὶ
3520 5093 3615 5150 ’ίσα
3661 5090 3854 5150 ἐστὶτὰ

2208 5184 2354 5255 παρὰ
2386 5183 2592 5258 Πατρὸς
2623 5183 2709 5237 καὶ
2770 5183 2898 5237 Υἱοῦ
2951 5184 3039 5238 καὶ
3099 5185 3258 5260 άγίου
3306 5183 3616 5257 Πνεύματος
3652 5179 3850 5257 δωρού-

2212 5294 2359 5347 μενα.
2402 5295 2426 5326 ι
2458 5273 2519 5329 Ὀ
2563 5269 2621 5327 δὲ
2677 5271 2839 5334 αὐτὸς
2897 5272 3009 5327 ἐστι
3068 5274 3220 5334 Θεός,
3256 5296 3281 5327 ι
3337 5273 3480 5328 Πάνυ
3513 5271 3852 5349 δογματικῶς

2205 5363 2268 5419 τὸ
2295 5361 2500 5438 χωρίον
2560 5359 2788 5434 ἐξέθετο.
2849 5362 3402 5438 Ἀπαριθμησαμινος
3442 5364 3542 5438 γὰρ
3570 5363 3672 5431 τήν
3705 5358 3851 5435 ἁγίαν

2204 5449 2416 5528 Τριάδα
2471 5447 2777 5525 διαιρετῶς,
2837 5451 3088 5507 συνάπτει
3146 5451 3486 5527 ἀσυγχύτως.
3521 5452 3580 5506 Ἦ
3621 5450 3728 5526 γάρ
3758 5445 3851 5502 αὖ·
