4068 6254
232 347 372 408 817

1233 342 1639 404 COMMENT.
1685 340 1761 400 ΙΝ
1810 342 2062 403 EPIST.
2110 344 2132 403 Ι
2180 344 2285 403 AD
2328 347 2692 408 CORINTH.

3564 352 3683 412 8l8

233 480 323 547 τή
357 479 453 532 καὶ
518 475 809 551 διαιρεῖται
870 481 989 539 ταῖς
1049 474 1390 541 ὑποστάσεσι,
1452 473 1540 527 καὶ
1599 471 1906 526 συνάπτεται

2034 480 2095 529 et
2124 477 2270 532 Filio
2301 494 2369 533 ac
2409 480 2629 553 Spiritu
2689 488 2890 537 sancto
2916 482 3279 537 tribuuntur.
3305 483 3456 540 588
3490 506 3517 533 «
3569 485 3682 540 Sed

234 570 327 641 τῇ
361 565 539 636 οὖσίᾳ’
578 566 653 628 ὡς
686 564 775 619 καί
808 565 1116 638 Γρηγόριος
1174 563 1202 617 6
1260 560 1533 638 Θεολόγος
1566 560 1718 637 φησί·
1778 560 1913 635 Τρία

247 662 391 717 ταῖς
429 651 893 715 ὑποστάσεσιν,’έν
952 657 1021 726 τῇ
1081 653 1317 722 θεότητι.
1378 650 1523 705 Πάνυ
1582 648 1638 705 δὶ
1693 643 1925 724 ἀκριϐὴς

245 749 291 815 ἡ
326 745 614 820 ἐπαγωγή·
653 768 678 799 ε
712 746 774 801 Ὀ
796 742 853 799 δὲ
882 743 1044 805 αὐτὸς
1102 741 1231 804 Θεός
1279 740 1421 796 ἐστιν
1481 742 1509 794 6
1567 740 1797 815 ἐνεργῶν
1856 740 1923 793 τὰ

238 835 457 891 πάντα.
502 859 531 885 κ
558 836 626 890 Ὃ
659 835 761 910 γὰρ
794 831 1000 907 ἐνεργεῖ
1030 832 1217 905 Πατὴρ
1279 830 1371 885 καὶ
1429 831 1552 891 Υἱὸς
1609 829 1701 882 καὶ
1758 823 1917 901 ἅγιον

242 928 511 995 Πνεῦμα,
543 927 712 978 ταῦτα
769 922 898 983 Θεὸς
946 920 1174 996 ἐνεργεῖ.
1240 920 1330 975 Ἐν
1378 918 1483 992 γὰρ
1537 917 1759 978 ταύταις
1799 921 1919 977 ταῖς

242 1012 621 1067 ὑποστάσεσιν
650 1014 685 1081 ἡ
719 1012 937 1080 θεότης,
966 1008 1140 1085 ἤγουν
1171 1008 1326 1063 αὗται
1358 1009 1393 1076 ἡ
1417 1007 1630 1077 θεότης.

2025 564 2182 620 idem
2215 572 2305 621 est
2335 569 2510 625 Deus.
2544 591 2573 619 ι»
2610 570 2864 625 Pulchre
2894 572 3048 626 hanc
3081 572 3435 643 particulam
3466 573 3540 627 ad
3561 573 3673 628 do-

2030 655 2285 710 cendum
2316 658 2555 728 aptavit.
2618 658 2720 713 Ubi
2774 660 2933 715 enim
2965 666 3183 715 sanctae
3214 661 3442 716 Triadis
3471 679 3676 733 perso-

2029 758 2138 797 nas
2169 743 2403 799 divisim
2464 754 2892 815 enumerasset,
2926 748 3149 820 absque
3172 749 3295 803 ulla
3324 750 3671 805 confusione

2029 831 2499 902 conjungitjlaac
2532 836 2690 891 enim
2713 841 2772 890 et
2799 838 3071 907 personis
3102 838 3488 910 distinguitur
3519 846 3675 893 etes-

2031 920 2223 974 sentia
2254 922 2659 995 conjungitur,
2694 925 2849 980 sicut
2877 926 2961 980 ait
2980 926 3292 998 Gregorius
3322 927 3673 995 Theologus,

2029 1023 2244 1081 nempe
2277 1016 2397 1066 tres
2448 1014 2509 1069 in
2558 1015 2850 1085 personis,
2871 1032 3057 1070 unum
3088 1034 3222 1072 vero
3254 1016 3315 1070 in
3346 1016 3673 1083 divinitate,

236 1108 341 1161 ita
373 1109 439 1158 ut
469 1109 675 1159 exacta
706 1103 782 1157 sit
812 1101 1097 1156 inductio.
1132 1122 1159 1149 ‹‹
1197 1099 1308 1155 Sed
1338 1099 1496 1154 idem
1526 1104 1675 1153 Deus
1714 1097 1815 1168 qui
1846 1103 2126 1167 Operatur
2156 1101 2373 1158 omnia.
2414 1126 2433 1151 ι
2471 1104 2615 1158 Nam
2645 1121 2775 1175 quaa
2808 1111 3090 1176 operatur
3120 1107 3295 1159 Pater
3313 1112 3372 1160 et
3401 1106 3583 1160 Filius
3608 1124 3673 1161 ac

239 1195 518 1266 Spiritus
550 1197 810 1255 sanctus,
843 1191 971 1245 haec
995 1196 1053 1244 et
1083 1192 1235 1244 Deus
1266 1194 1562 1259 operatur.
1595 1189 1660 1241 In
1702 1188 1793 1241 his
1825 1185 1984 1240 enim
2014 1190 2287 1256 personis
2328 1197 2417 1246 est
2443 1191 2653 1261 deitas,
2679 1194 2797 1248 sive
2832 1194 2974 1265 ipsae
2998 1200 3137 1249 sunt
3176 1195 3386 1250 deitas.

330 1282 578 1352 Ἑκάστῳ
664 1276 722 1333 δὲ
780 1276 989 1333 δίδοται
1047 1280 1081 1346 ἡ
1197 1275 1499 1351 φανέρωσις
1565 1274 1681 1348 [τοῦ
1750 1272 1911 1327 11νεῦ-

250 1371 464 1444 ματος]
523 1369 661 1443 πρὸς
710 1368 772 1421 τὸ
831 1368 1124 1443 συμφέρον·
1213 1367 1280 1443 ᾯ
1341 1365 1434 1437 μὶν
1487 1365 1590 1441 γὰρ
1652 1361 1741 1417 διὰ
1812 1365 1913 1416 τοῦ

245 1460 571 1529 Πνεόματος
627 1454 835 1511 δίδοται
896 1454 1064 1530 λόγος
1123 1455 1336 1531 σοφίας,
1396 1451 1557 1525 ἄλλῳ
1620 1450 1677 1506 δὲ
1744 1450 1911 1525 λόγος

242 1549 518 1624 γνώσεως
574 1546 709 1601 κατὰ
766 1545 828 1600 τὸ
884 1544 1013 1599 αὐτὸ
1083 1545 1335 1616 Πνεῦμα,
1395 1541 1560 1615 ἑτέρῳ
1618 1538 1674 1594 δὶ
1728 1538 1912 1600 πίστις

238 1639 301 1694 ἐν
366 1643 449 1710 τῷ
505 1638 659 1709 αὐτῷ
717 1637 1015 1707 Πνεύματι,
1067 1633 1226 1707 ἄλλῳ
1258 1631 1317 1688 δὶ
1373 1632 1689 1708 χαρίσματα
1745 1630 1909 1703 ἰαμά-

235 1748 361 1781 των
415 1726 469 1780 ἐν
528 1729 607 1796 τῷ
664 1723 812 1796 αὐτῷ
868 1722 1168 1795 Πνεύματι,
1224 1719 1383 1792 ἃλλῳ
1452 1717 1509 1774 δὲ
1564 1718 1907 1793 ἐνεργήματα

2098 1277 2361 1342 ΧΙΙ,7·1Ο.
2391 1302 2417 1330 ι(
2449 1282 2776 1353 Unicuique
2790 1300 2924 1337 vero
2949 1282 3122 1338 datur
3137 1284 3539 1339 manifestatio
3556 1285 3673 1358 spi-

2026 1387 2052 1414 ‹‹
2087 1366 2234 1421 ritus
2249 1368 2322 1423 ad
2336 1370 2394 1423 id
2416 1371 2571 1439 quod
2591 1372 2995 1442 expedit.Nam
3012 1373 3148 1427 huic
3167 1372 3407 1443 quidem
3423 1390 3529 1444 per
3542 1375 3672 1445 Spi-

2027 1476 2054 1504 (ι
2068 1455 2251 1510 ritum
2274 1456 2449 1511 datur
2470 1475 2664 1514 sermo
2689 1460 2995 1531 sapientia)
3020 1479 3032 1515 :
3064 1461 3166 1515 alii
3193 1478 3327 1516 vero
3361 1478 3554 1516 sermo
3583 1479 3674 1516 co-

2028 1564 2047 1591 ι
2065 1544 2348 1614 gnitionis
2361 1548 2689 1603 secundum
2711 1549 2988 1604 eumdem
3002 1550 3286 1620 Spiritum
3314 1567 3326 1604 :
3351 1551 3451 1607 alii
3471 1557 3668 1605 autem

2020 1653 2048 1680 «
2075 1632 2221 1687 ﬁdes
2243 1650 2348 1704 per
2368 1634 2645 1691 eumdem
2677 1637 2961 1707 Spiritum
2985 1655 2997 1692 :
3026 1638 3126 1692 alii
3157 1655 3291 1693 vero
3315 1639 3471 1694 dona
3493 1656 3667 1694 sana-

2025 1742 2045 1767 ι
2074 1720 2301 1775 tionum
2320 1723 2382 1778 in
2405 1724 2611 1779 eodem
2641 1726 2861 1797 Spiritu
2886 1743 2897 1780 :
2922 1727 3024 1781 alii
3051 1732 3249 1782 autem
3285 1729 3665 1798 Operationes

238 1815 565 1889 δυνάμεων,
598 1812 758 1885 ἄλλῳ
790 1810 847 1867 δὲ
898 1811 1225 1888 προφητεία,
1283 1808 1442 1881 ἄλλῳ
1500 1807 1555 1863 ὂὶ
1612 1806 1904 1881 διακρίσεις

2021 1832 2039 1857 ιο
2067 1810 2371 1879 virtutum,
2394 1812 2495 1867 alii
2528 1830 2663 1868 vero
2687 1815 3000 1886 prophetia
3024 1833 3037 1870 :
3059 1815 3158 1871 alii
3192 1823 3393 1871 autem
3445 1818 3667 1871 discre-

233 1905 593 1976 πνευμάτων,
625 1903 791 1977 ἒτὲρῳ
824 1898 881 1955 δὲ
916 1899 1333 1976 γὲνηγλωσσῶν,
1366 1896 1525 1970 ἄλλῳ
1556 1895 1612 1951 δὲ
1643 1896 1902 1970 ἑρμηνεία

232 1992 539 2070 γλωσσῶν.

322 2081 640 2156 Φανέρωσιν
672 2080 1010 2152 Πνεύματος,
1043 2079 1109 2133 τὰ
1166 2082 1370 2150 σημεία
1427 2075 1603 2131 καλεῖ·
1668 2073 1757 2129 διὰ
1800 2076 1902 2149 γὰρ

236 2176 358 2226 τῶν
390 2169 660 2243 σημείων,
693 2170 728 2238 ἡ
781 2166 1061 2222 ἐπιστασία
1127 2170 1223 2221 τοῦ
1288 2163 1656 2240 Ιιαρακλήτου
1711 2161 1902 2218 διεδεί-

237 2281 434 2318 κνυτο,
470 2283 497 2312 ι(
534 2259 679 2333 Πρὸς
709 2258 773 2312 τὸ
806 2257 1094 2334 συμφέρον.
1126 2280 1151 2307 ››
1174 2257 1293 2312 ’Ίνα
1318 2257 1417 2328 μὴ,
1448 2252 1902 2328 ιχαρισμάτων,››

245 2351 420 2424 μόνον
444 2347 679 2408 ἀκούσας
710 2347 738 2401 6
794 2346 855 2401 16
916 2340 1139 2400 ἔλαττον
1191 2344 1442 2419 χάρισμα
1472 2338 1615 2398 ἔχων
1648 2339 1901 2415 ἀδημονῇ

240 2440 342 2495 καὶ
376 2439 542 2516 λέγῃ,
576 2439 637 2492 Τί
669 2439 772 2514 γάρ
805 2436 850 2492 εἰ
878 2442 967 2491 καί
1000 2438 1082 2498 εἷς
1142 2434 1255 2490 ἐστι
1310 2434 1464 2501 Θεὸς,
1515 2432 1663 2501 πλὴν
1702 2431 1812 2507 ἐγὼ
1840 2433 1901 2486 τὸ

247 2529 488 2585 ἔλαττον
513 2526 628 2604 ἔχω
661 2548 675 2597 ;
708 2526 949 2602 ἐπάγει,‹ι
984 2525 1124 2601 Πρὸς
1145 2526 1207 2579 τὸ
1238 2523 1568 2598 συμφέρον,››
1591 2521 1797 2584 δεικνὺς
1819 2521 1901 2577 ὅτι

253 2625 353 2677 καὶ
391 2622 527 2676 αὐτὸ
552 2624 615 2676 16
641 2617 823 2677 λαϐεῖν
857 2615 1102 2688 ἔλαττον,
1135 2616 1416 2694 ωμφὲρει.
1450 2643 1477 2669 ι(
1537 2619 1602 2695 ᾮ
1654 2617 1746 2689 μὲν
1799 2615 1903 2691 γάρ

269 2707 369 2763 διὰ
398 2713 496 2764 τοῦ
528 2710 847 2782 Πνεόματος’
893 2732 921 2759 ››
982 2708 1390 2781 Ἀπαριθμεῖται
1445 2707 1514 2760 τά
1570 2705 1901 2780 χαρίσματα,

264 2796 474 2861 δεικνὺς
508 2800 671 2854 πάντα
698 2807 798 2869 τῆς
848 2799 1016 2868 αὐτῆς
1074 2793 1201 2851 ὄντα
1259 2803 1448 2872 πηγῆς
1502 2793 1600 2850 τοῦ
1660 2794 1903 2867 Πνεύμαο

250 2909 372 2955 τος,
408 2886 496 2943 ’ἕνα
524 2888 612 2943 καί
646 2890 757 2944 616
789 2887 1014 2943 ἔλαττον
1074 2885 1219 2962 ἔχων
1282 2888 1355 2959 μὴ
1416 2883 1583 2961 ἀλγῇ,
1632 2884 1722 2939 καὶ
1756 2885 1784 2939 6
1838 2884 1901 2939 16

250 2982 441 3051 μεῖζον
476 2979 551 3050 μὴ
588 2977 900 3048 ἐπαίρηται,
933 2973 1122 3044 ἐπειδὴ
1166 2974 1226 3030 ἐκ
1280 2979 1377 3029 τοῦ
1435 2974 1599 3029 αὐτοῦ
1650 2971 1904 3045 Ηνεύμα-

242 3087 339 3128 τος
372 3065 595 3122 κάκεῖνα
626 3067 717 3121 καὶ
765 3070 951 3121 ταῦτα.
986 3088 1015 3116 σι
1044 3063 1220 3140 Λόγος
1277 3064 1491 3141 σοφίας.
1530 3085 1551 3115 ε
1598 3061 1776 3136 Λόγος
1806 3082 1902 3115 σο-

2024 1919 2047 1947 ε
2082 1898 2272 1954 tiones
2304 1902 2746 1972 spirituum,alii
2772 1919 2906 1959 vero
2934 1906 3508 1978 generalinguarum
3534 1907 3667 1961 :alii

2022 2010 2049 2037 ‹‹
2075 1994 2273 2044 autem
2296 1990 2704 2061 interpretatio
2735 1993 3096 2064 linguarum.
3134 2017 3162 2043 »

2091 2079 2625 2136 Manifestationem
2652 2082 2901 2152 Spiritus
2928 2089 3094 2139 vocat
3118 2084 3288 2156 signa
3316 2101 3330 2151 ;
3365 2103 3470 2156 per
3500 2086 3669 2156 signa

2020 2168 2202 2230 enim,
2231 2168 2521 2224 Paracleti
2567 2171 2913 2227 assistentia
2944 2172 3485 2229 demonstrabatur.
3522 2197 3549 2223 «
3586 2174 3669 2229 Ad

2018 2254 2078 2310 id
2117 2256 2275 2326 quod
2306 2258 2561 2329 expedit.
2596 2280 2625 2307 »
2659 2262 2739 2314 Ne
2769 2260 2988 2315 auditis
3021 2262 3221 2317 statim
3253 2262 3450 2331 donis,
3484 2265 3533 2318 is
3567 2265 3667 2333 qui

2018 2345 2216 2399 minus
2242 2346 2457 2401 habeat
2486 2346 2707 2402 donum
2746 2348 2997 2419 graviter
3024 2349 3227 2416 ferret,
3279 2368 3346 2406 ac
3394 2352 3621 2407 diceret
3654 2371 3666 2408 :

2016 2434 2164 2499 Quid
2196 2434 2270 2489 ad
2301 2435 2619 2490 meattinet
2643 2437 2822 2491 etiam
2845 2437 2894 2491 si
2925 2454 3079 2492 unus
3103 2445 3161 2493 et
3189 2438 3348 2494 idem
3382 2441 3459 2495 sit
3491 2443 3669 2512 Deus,

2016 2527 2278 2579 attamen
2310 2524 2629 2595 egominus
2658 2524 2848 2580 habeo
2869 2525 2896 2580 ?
2917 2525 3252 2598 subjungit:
3288 2528 3375 2582 Ad
3408 2528 3465 2582 id
3507 2532 3665 2599 quod

2016 2612 2278 2683 expedit:
2314 2612 2644 2668 Ostendens
2667 2614 2823 2683 quod
2856 2615 2965 2669 hoc
3005 2616 3184 2670 etiam
3221 2617 3573 2687 expediebat
3594 2628 3667 2673 ut

2015 2701 2213 2757 minus
2236 2702 2586 2774 acciperet.«
2615 2705 2758 2757 Nam
2773 2704 2910 2758 huic
2927 2704 3167 2775 quidem
3191 2722 3297 2776 per
3314 2706 3658 2777 Spiritum.»

2014 2792 2335 2846 Enumerat
2363 2791 2539 2857 dona,
2572 2791 2896 2847 ostendens
2952 2793 3154 2848 omnia
3174 2794 3246 2848 ab
3280 2794 3487 2849 eodem
3520 2814 3658 2867 pro-

2013 2879 2221 2935 cedere
2272 2880 2434 2935 fonte
2484 2881 2768 2951 Spiritus:
2821 2887 2887 2936 ut
2914 2898 3110 2951 neque
3142 2883 3526 2939 contristetur
3554 2887 3655 2956 qui

2012 2969 2210 3023 minus
2256 2970 2504 3040 accepit,
2539 2986 2732 3040 neque
2775 2970 2825 3025 is
2875 2971 3195 3025 extollatur
3249 2973 3348 3042 qui
3408 2973 3651 3043 majus:

2012 3057 2495 3127 quandoquidem
2539 3064 2597 3112 et
2627 3058 2751 3112 hmo
2782 3063 2840 3113 et
2871 3058 2972 3112 illa
2992 3059 3064 3113 ab
3112 3060 3321 3114 eodem
3346 3067 3485 3115 sunt
3522 3062 3652 3133 Spi-

249 3154 398 3233 φίας,
433 3156 555 3210 οἷον
587 3157 738 3231 εἶχεν
765 3156 793 3209 6
825 3152 1066 3225 Ηαῦλος,
1099 3155 1127 3208 6
1160 3152 1385 3228 Πέτρος,
1418 3153 1446 3205 6
1506 3151 1779 3219 Ἰωάννης,
1811 3150 1900 3205 καὶ

2021 3145 2150 3201 ritu.
2183 3168 2210 3194 «
2242 3145 2448 3201 Sermo
2480 3146 2837 3216 sapientiai.-
2876 3147 3321 3217 Sermo,inquit,
3349 3150 3654 3219 sapientia:

252 3247 306 3299 οἱ
344 3248 461 3300 κατ’
496 3246 713 3307 αὐτούς.
747 3245 840 3299 Διὸ
870 3244 960 3299 καὶ
991 3248 1207 3319 πρῶτον
1256 3242 1385 3297 αὐτὸ
1441 3241 1665 3305 τέθεικε.
1720 3237 1901 3315 Λόγος

255 3332 311 3389 δί
332 3334 587 3409 γνώσεώς
620 3333 761 3389 ἐστιν
793 3334 850 3387 ὅν
882 3330 1102 3407 ἔχουσιν
1135 3333 1186 3387 οἱ
1250 3328 1459 3385 ἰδιῶται
1516 3330 1722 3394 πιστοὶ,
1756 3328 1907 3384 εἰδό-

254 3444 343 3484 τες
379 3424 499 3496 μὶν,
534 3421 743 3483 ἄλλους
776 3419 833 3476 δὲ
865 3419 1075 3491 διδάξαι
1129 3421 1231 3476 οὐκ
1292 3418 1596 3494 ἰσχύοντες.
1632 3442 1661 3470 ι(
1705 3418 1908 3493 Ἐτὲρῳ

257 3509 314 3566 δὲ
346 3512 551 3572 πίστις.
587 3536 614 3562 ›ο
648 3512 837 3565 Πίστιν
871 3507 929 3564 δὲ
954 3530 1139 3586 φησιν,
1172 3510 1237 3564 οὗ
1277 3509 1375 3576 τήν
1435 3512 1542 3563 τῶν
1601 3504 1907 3582 δογμάτων,

257 3597 403 3655 ἀλλὰ
432 3601 532 3668 τὴν
563 3603 671 3654 τῶν
704 3598 968 3670 σημείων,
1002 3597 1127 3671 περὶ
1156 3600 1222 3666 ἧς
1251 3596 1415 3671 ᾔτουν
1476 3598 1529 3651 οἰ
1584 3595 1906 3666 ἀπόστολοι,

259 3714 287 3739 ‹‹
313 3688 547 3764 Πρόσθες
576 3691 739 3761 ἡμῖν,
771 3685 1047 3762 λέγοντες,
1080 3686 1282 3745 πίστιν.
1316 3709 1345 3737 ››
1403 3684 1476 3740 Οὗ
1531 3686 1633 3761 γάρ
1692 3681 1752 3738 ἃν
1811 3685 1909 3741 οὐκ

256 3778 412 3851 εἶχον
471 3776 654 3832 πίστιν
714 3777 765 3830 οἱ
841 3774 1163 3844 ἀπόστολοι,
1223 3773 1349 3830 ἀλλ’
1398 3771 1583 3843 ἐπειδὴ
1644 3773 1903 3843 ἤκουσαν,

253 3890 285 3917 (ι
319 3868 438 3922 Ἐάν
468 3865 637 3942 ἔχητε
674 3867 856 3921 πίστιν
910 3866 984 3927 ὡς
1040 3866 1235 3919 κόκκον
1298 3863 1584 3935 σινάπεως,
1646 3888 1671 3914 ››
1701 3863 1906 3938 ᾔτησαν

248 3956 450 4023 ταύτην
479 3958 580 4025 τήν
607 3955 787 4010 πίστιν
812 3956 889 4019 εἰς
917 3956 980 4009 τὸ
1011 3953 1245 4029 ἐνεργεῖν
1280 3952 1546 4025 θαύματα.

328 4220 431 4275 Καὶ
467 4219 677 4281 ἄλλως.
724 4220 1060 4292 [θΕΟΔΩΡ.]
1123 4219 1307 4274 Πίστιν
1366 4217 1647 4290 ὠνόμασεν
1708 4217 1774 4270 οὐ
1802 4218 1903 4287 τήν

256 4312 471 4380 κοινὴν,
504 4307 652 4363 ἀλλά
682 4310 744 4363 τὸ
779 4306 953 4363 ἰδικὸν
1007 4308 1257 4385 χάρισμα
1313 4305 1445 4380 (ἔστι
1507 4308 1610 4382 γὰρ
1640 4307 1729 4362 καὶ
1796 4308 1902 4383 χάο

260 4419 425 4473 ρισμα
456 4400 641 4461 πίστις
677 4397 1065 4470 καλούμενον),
1124 4397 1303 4451 πίστιν
1367 4393 1424 4451 δὶ
1479 4396 1569 4451 καὶ
1629 4397 1729 4465 τὴν
1794 4401 1901 4451 τῶν

260 4485 561 4560 δογμάτων.
597 4511 626 4540 ι(
659 4486 987 4559 Χαρίσματα
1020 4485 1291 4559 ἰαμάτων.
1330 4510 1355 4535 υ
1414 4484 1585 4542 Καλεὶ
1642 4487 1735 4559 μὲν
1796 4506 1900 4560 χα-

262 4576 491 4650 ρίσματα
522 4574 789 4647 ἰαμάτων,
820 4578 929 4628 τῶν
972 4574 1175 4648 χωλῶν
1204 4575 1294 4628 τὸν
1330 4570 1558 4649 δρόμον,
1581 4580 1689 4628 τῶν
1720 4574 1905 4649 ἀρῥω-

261 4685 397 4720 στων
432 4666 532 4733 τὴν
591 4663 817 4738 ὑγίειαν,
868 4667 979 4717 τῶν
1038 4668 1241 4737 νεκρῶν
1291 4665 1391 4732 τὴν
1449 4661 1761 4731 ἀνάστασιν,
1814 4663 1903 4718 καὶ

262 4754 357 4808 ’ὃσα
410 4754 662 4809 τοιαῦτα.
727 4752 1099 4826 Ἐνεργήματα
1156 4748 1212 4805 δὲ
1297 4748 1597 4824 δυνάμεων,
1653 4753 1754 4820 τήν
1807 4757 1905 4808 τοῦ

263 4842 471 4913 Ἐλύμα
527 4840 870 4912 τυφλότητα,
962 4842 1055 4895 τὸν
1133 4840 1375 4897 Ἀνανίου
1442 4842 1533 4894 καὶ
1600 4841 1907 4918 Σαπφείρας

265 4932 503 4999 Θάνατον,
564 4931 691 4992 τοὺς
747 4934 827 5002 τῷ
884 4934 1097 4999 Σατανᾷ
1148 4926 1564 5003 παραδοθέντας,
1616 4927 1707 4984 ’ίνα
1779 4951 1904 4985 παι-

262 5018 485 5075 δευθῶσι
519 5022 593 5092 μὴ
632 5018 1009 5095 βλασφημεῖν.
1046 5041 1072 5070 ι(
1137 5019 1511 5093 Ἐνεργήματα
1540 5016 1839 5091 δυνάμεων.
1875 5042 1901 5070 ››

262 5112 323 5167 Ὀ
352 5109 409 5163 τὸ
438 5108 687 5184 χάρισμα
715 5113 824 5163 τῶν
878 5107 1121 5181 ίαμάτων
1183 5103 1347 5181 ἔχων,
1409 5106 1526 5161 ἰᾶτο
1590 5107 1716 5169 τοὺς
1747 5108 1904 5171 ἀσθεο

262 5204 493 5259 νοῦντας·
529 5200 556 5252 6
590 5195 647 5252 δὲ
677 5198 745 5252 τὰ
777 5196 1128 5273 ἐνεργήματα
1150 5201 1258 5251 τῶν
1316 5193 1611 5269 δυνάμεων,
1677 5197 1766 5252 καὶ
1823 5198 1906 5251 ἰᾶ-

267 5289 376 5343 σθαι
401 5288 531 5349 τοὺς
599 5287 979 5355 ἀσθενοῦντας,
1038 5287 1128 5339 καὶ
1186 5288 1546 5359 τιμωρεῖσθαι
1602 5285 1730 5349 τοὺς
1780 5286 1907 5341 ἀπι-

271 5382 515 5438 στοῦντας
601 5374 691 5429 καὶ
751 5372 1168 5452 διαστρέφοντας
1249 5372 1445 5448 ἰσχύει.
1536 5399 1562 5426 ιι
1609 5376 1907 5448 Διακρίσεις

274 5466 605 5539 πνευμάτων.
642 5488 670 5516 ››
701 5464 772 5518 T6
804 5461 997 5518 εἰδέναι
1021 5462 1103 5524 τίς
1160 5463 1188 5517 6
1248 5465 1556 5539 προφήτης,
1587 5466 1678 5519 καὶ
1735 5465 1817 5528 τίς
1878 5468 1905 5520 ὁ

332 5592 375 5629 ³⁸
400 5594 562 5659 Luc.,
593 5608 725 5659 xm,
755 5595 807 5647 5.
909 5592 955 5626 ”
984 5589 1149 5658 ibid.,
1180 5592 1233 5643 6.
1336 5589 1383 5623 ³ο
1412 5592 1536 5644 Act.
1568 5609 1689 5661 xui,
1722 5596 1772 5648 8.

1931 4532 1980 4597 D

2013 3234 2253 3305 qualem
2292 3234 2502 3289 habuit
2531 3235 2769 3301 Paulus,
2802 3237 3010 3290 Petrus
3050 3242 3110 3290 et
3135 3238 3411 3305 Joannes,
3434 3239 3654 3309 quique

2012 3323 2252 3378 illorum
2284 3330 2548 3395 tempore
2576 3330 2745 3379 erant
2770 3341 2781 3377 :
2808 3324 2939 3379 ideo
2967 3325 3146 3379 etiam
3172 3326 3283 3381 hoc
3303 3327 3495 3398 primo
3526 3328 3655 3383 loco

2011 3414 2229 3485 posuit.
2290 3414 2494 3468 Sermo
2553 3430 2688 3468 vero
2730 3414 3084 3487 cognitionis
3114 3420 3205 3471 est
3233 3433 3410 3485 quem
3440 3416 3661 3471 habent

2007 3503 2205 3558 idiotaa
2239 3502 2466 3568 fideles,
2500 3504 2601 3573 qui
2630 3520 2773 3559 sane
2805 3509 3047 3572 norunt,
3081 3510 3141 3560 at
3169 3511 3415 3561 caateros
3445 3506 3658 3561 docere

2008 3597 2333 3662 nequeunt.
2367 3614 2394 3641 «
2431 3592 2546 3647 Alii
2577 3598 2777 3647 autem
2810 3593 2977 3650 ﬁdes.
3015 3616 3042 3643 ››
3077 3594 3278 3649 Fidem
3321 3612 3455 3650 vero
3511 3596 3657 3651 dicit

2007 3698 2127 3737 non
2158 3698 2289 3751 quae
2343 3682 2501 3735 circa
2542 3681 2818 3753 dogmata
2847 3687 3135 3746 versatur,
3172 3682 3275 3736 sed
3308 3700 3439 3753 quae
3497 3684 3655 3738 circa

2010 3772 2178 3842 signa
2198 3786 2378 3841 quam
2410 3770 2690 3840 petebant
2709 3770 2984 3841 apostoli,
3005 3770 3273 3824 dicentes
3301 3786 3314 3825 :
3351 3794 3378 3819 ‹‹
3407 3774 3650 3842 Appone

2010 3859 2183 3914 nobis
2241 3860 2419 3915 ﬁdem
2437 3858 2503 3913 ³⁸.
2540 3882 2567 3907 ››
2600 3861 2797 3929 Neque
2829 3860 2991 3914 enim
3045 3860 3297 3929 apostoli
3349 3860 3463 3915 ﬁde
3496 3878 3653 3916 care-

2008 3950 2191 4015 bant;
2222 3949 2327 4004 sed
2359 3949 2989 4019 quoniamaudierant.
3024 3971 3051 3997 ‹‹
3067 3949 3123 4002 Si
3155 3948 3451 4005 haberetis
3475 3952 3653 4005 fidem

2012 4041 2164 4096 sicut
2193 4054 2441 4111 granum
2475 4036 3004 4107 sinapis,diceretis
3025 4038 3213 4092 monti
3238 4038 3377 4093 huic
3398 4038 3465 4107 '9,
3491 4045 3598 4095 etc.
3641 4058 3654 4107 ;

2009 4130 2344 4201 petiverunt
2369 4129 2525 4183 hanc
2555 4126 2734 4182 ﬁdem
2773 4126 2847 4181 ad
2878 4128 3245 4198 operandum
3278 4130 3583 4187 miracula.

2082 4219 2233 4274 εσυ
2274 4220 2403 4274 Alio
2433 4216 2612 4273 modo.
2648 4216 2845 4271 Fidem
2866 4217 3192 4271 nominavit
3220 4234 3339 4272 non
3372 4236 3499 4275 eam
3526 4236 3656 4289 qum

2010 4313 2100 4362 est
2128 4306 2482 4373 communis,
2518 4306 2621 4362 sed
2653 4321 2782 4360 eam
2814 4322 2945 4375 quas
2985 4306 3293 4377 proprium
3320 4313 3410 4362 est
3441 4307 3657 4362 donum

2012 4397 2330 4468 (siquidem
2391 4396 2569 4452 etiam
2624 4395 2925 4466 quoddam
2956 4394 3180 4450 donum
3211 4401 3302 4450 est
3328 4396 3486 4467 quod
3518 4396 3655 4451 ﬁdei

2014 4485 2237 4541 donum
2268 4484 2647 4556 appellatur),
2668 4484 2845 4539 ﬁdem
2876 4500 3010 4539 vero
3044 4484 3223 4539 etiam
3252 4501 3383 4554 quae
3414 4485 3656 4556 dogma-

2017 4580 2141 4629 tum
2174 4580 2278 4629 est.
2320 4596 2339 4622 ι
2370 4574 2484 4629 Alii
2517 4590 2649 4628 vero
2678 4572 2834 4627 dona
2864 4573 3260 4627 sanationum.
3301 4596 3321 4622 ι
3351 4576 3529 4628 Vocat
3561 4592 3654 4629 sa-

2017 4664 2325 4719 nationum
2358 4663 2599 4734 quidem
2630 4662 2805 4730 dona,
2829 4661 3176 4716 claudorum
3209 4663 3655 4728 cursum,inﬁr-

2015 4773 2251 4812 morum
2283 4755 2616 4821 sanitatem,
2651 4757 3019 4807 mortuorum
3043 4752 3661 4822 resuscitationem,et

2019 4858 2390 4916 quascunque
2450 4847 2589 4896 sunt
2641 4840 3014 4911 hujusmodi;
3052 4842 3428 4912 Operationes
3459 4850 3656 4900 autem

2016 4934 2299 4988 virtutum
2332 4931 2553 5002 Elymaa
2585 4930 3040 4984 excaecationem
3057 4928 3126 4996 3°,
3162 4932 3406 4988 Ananim
3438 4938 3496 4987 et
3525 4934 3661 5003 Sap-

2018 5022 2203 5094 phirze
2237 5025 2486 5074 mortem
2529 5020 2600 5086 3‘,
2633 5023 2691 5071 et
2720 5034 2820 5073 eos
2855 5018 2955 5088 qui
2990 5018 3219 5074 Satanas
3250 5020 3449 5074 traditi
3499 5027 3659 5086 sunt,

2016 5120 2083 5169 ut
2112 5113 2411 5167 discerent
2428 5128 2547 5165 non
2561 5110 2995 5180 blasphemare.
3017 5133 3044 5162 «
3079 5112 3463 5183 Operationes
3481 5112 3665 5165 virtu-

2020 5208 2163 5256 tum.
2200 5222 2227 5249 »
2261 5200 2368 5265 Qui
2401 5199 2623 5254 donum
2654 5198 2908 5253 habebat
2938 5200 3340 5263 sanationum,
3391 5200 3662 5254 infirmos

2019 5289 2264 5345 sanabat
2299 5306 2311 5342 :
2345 5289 2443 5359 qui
2476 5304 2613 5342 vero
2645 5287 3020 5358 operationes
3052 5288 3422 5350 virtutum,et
3452 5304 3662 5344 sanare

2018 5379 2287 5434 inﬁrmos
2340 5383 2397 5431 et
2426 5376 2639 5447 punire
2662 5374 3003 5431 incredulos
3035 5374 3254 5445 quique
3286 5382 3532 5432 caateros
3561 5378 3661 5433 de-

2019 5472 2353 5539 pravarent,
2367 5470 2618 5537 poterat.
2654 5487 2680 5515 α
2718 5463 3114 5519 Discretiones
3137 5464 3512 5535 spirituum.»
3545 5468 3663 5523 Hoc

1877 5596 1922 5630 3‘
1949 5598 2077 5652 Act.
2111 5611 2163 5657 ν,
2202 5596 2251 5649 1.
