4068 6254
443 381 564 445 819

1583 371 1998 438 mcuunnu
2042 368 2345 430 TBIC‘JE
2390 371 2740 434 EPISCOPI

3748 380 3855 442 820

451 521 561 583 est,
595 529 952 586 cognoscere
975 513 1110 583 quis
1140 512 1216 566 sit
1243 511 1554 581 propheta,
1589 513 1648 564 et
1677 507 1953 579 quisnam
1985 501 2096 558 fal-

2230 497 2693 576 Ῑιιευδοπροφῆτης,
2759 503 2842 567 τίς
2898 505 2926 558 6
2985 508 3372 578 πνευματικὸς,
3427 507 3522 562 καὶ
3585 508 3732 572 τίςὸ
3788 515 3856 583 μὴ

456 619 557 663 sus
587 601 1042 676 propheta,quls
1074 598 1400 672 spiritualis
1439 605 1498 654 et
1528 599 1662 670 quis
1692 595 1831 652 talis
1861 610 1982 649 non
2009 592 2103 647 sit:

460 692 944 767 quandoquidem
970 707 1037 745 eo
1063 698 1328 761 tempore
1353 695 1512 744 vates
1542 701 1776 758 quoque
1807 687 1980 739 erant
2007 697 2112 736 seu

460 785 830 840 divinatores
861 781 962 850 qui
1014 779 1359 836 hominibus
1389 777 1796 848 imponebant.
1830 796 1857 824 α
1887 773 2114 828 Genera

465 873 827 946 linguarum.
862 891 891 919 ι)
923 869 1041 924 Hoc
1075 868 1480 938 opinabantur
1535 863 1825 920 Corinthii
1882 859 2112 916 ceteris

465 977 594 1016 esse
626 959 1026 1031 pra-stantius,
1059 972 1128 1011 eo
1162 955 1319 1026 quod
1350 955 1499 1010 illud
1531 960 1667 1009 ante
1717 951 1918 1007 omnia
1942 964 2110 1005 acce-

465 1051 695 1123 pissent
714 1045 988 1118 apostoli.
1024 1067 1052 1097 «
1086 1044 1502 1115 lnterpretatio
1554 1043 1914 1113 linguarum.
1949 1058 1977 1087 η
2010 1037 2113 1092 Vol

461 1138 619 1211 quod
651 1137 790 1193 dum
824 1135 924 1191 alii
957 1134 1175 1206 linguis
1206 1133 1593 1203 loquerentur
1621 1131 1717 1185 isti
1759 1130 2113 1198 interpreta-

457 1230 701 1294 bantur,
733 1226 824 1280 vel
849 1223 1005 1296 quod
1028 1239 1149 1278 una
1179 1236 1415 1293 quoque
1439 1221 1830 1292 loquerentur
1852 1223 1912 1272 et
1938 1217 2116 1271 inter-

463 1324 863 1392 pretarertur,
897 1314 1057 1388 quod
1087 1314 1279 1369 facere
1307 1327 1429 1367 non
1458 1315 1734 1383 poterant
1764 1308 1864 1379 qui
1896 1306 2114 1379 linguis

458 1413 692 1465 tantum
720 1406 1139 1478 loquebantur.

532 1497 650 1561 Xll,
685 1501 770 1562 ll,
808 1499 892 1551 12.
929 1518 954 1546 ‹‹
992 1494 1205 1549 Omnia
1249 1498 1447 1548 autem
1478 1492 1604 1546 haec
1634 1491 1913 1560 operatur
1959 1501 2115 1541 unus

464 1611 492 1639 ει
527 1586 806 1657 idemque
840 1585 1110 1656 Spiritus,
1148 1582 1418 1637 dividens
1471 1579 1856 1652 peculiariter
1882 1575 2114 1631 unicui-

471 1702 491 1727 ι
527 1692 639 1748 que
671 1670 1504 1739 sicutvult.Quemadmodum
1529 1669 1687 1724 enim
1703 1680 2117 1738 corpusunum

472 1791 493 1816 ι
528 1772 616 1821 est
645 1771 704 1820 et
722 1762 992 1819 membra
1021 1761 1200 1816 habet
1227 1758 1435 1821 multa,
1472 1757 1672 1812 omnia
1702 1761 1900 1810 autem
1939 1753 2118 1808 unius

2214 592 2484 653 τοιοῦτος.
2549 590 2772 662 Ἐπειδὴ
2846 594 2940 648 καὶ
2999 595 3220 667 μάντεις
3293 597 3429 667 ἦσαν
3489 601 3617 654 κατ’
3677 601 3861 656 ἱκεῖνον

2214 679 2307 734 τὸν
2367 681 2556 754 καιρὸν
2631 680 2754 744 τοὺς
2837 681 3154 758 ἀνθρώπους
3214 685 3620 755 ἐξαπατῶντες.
3657 714 3686 741 ε(
3740 692 3859 759 Γένη

2216 766 2506 841 γλωσσῶν.
2541 792 2568 821 ιι
2603 772 2781 826 Τοῦτο
2810 769 3062 842 ἐνόμιζον
3096 772 3149 826 οἱ
3177 775 3458 844 Κορίνθιοι
3501 781 3704 848 μεῖζον
3742 780 3864 832 εἶναι

2215 860 2453 930 πάντων,
2496 856 2587 914 διὰ
2616 860 2679 913 τὸ
2712 857 2762 912 ἐν
2796 861 3038 934 πρώτοις
3095 865 3256 916 τοῦτο
3297 859 3485 918 λαϐεῖν
3550 867 3689 927 τοὺς
3748 868 3867 923 ἀπο-

2219 951 2468 1016 στόλους·
2506 977 2534 1004 ί(
2555 953 2878 1026 Ἑρμηνείαν
2921 953 3212 1030 γλωσσῶν.
3240 981 3268 1009 n
3297 959 3364 1011 Ἤ
3390 957 3473 1012 ὅτι
3509 957 3718 1034 ἑτέρων
3742 960 3870 1036 γλώ-

2220 1063 2369 1104 σσαις
2403 1039 2744 1114 λαλούντων,
2775 1043 2926 1098 οὗτοι
2984 1045 3314 1118 ἡρμήνευον,
3370 1047 3405 1116 ἢ
3467 1046 3564 1102 δτι
3625 1048 3720 1104 καὶ
3752 1053 3869 1123 μετά

2217 1136 2314 1188 τοῦ
2346 1129 2559 1200 λαλεῖν,
2611 1131 2706 1187 καὶ
2735 1134 3071 1207 ἡρμήνευον,
3101 1134 3236 1210 ὅπερ
3268 1134 3365 1192 οὐκ
3397 1135 3599 1215 ἴσχυον
3661 1143 3870 1205 ποιῆσαι

2221 1221 2271 1275 ol
2295 1219 2570 1297 γλώσσαις
2601 1223 2764 1296 μόνον
2781 1206 3108 1285 λαλοῦντες.
3207 1206 3216 1210 ⁷

2297 1493 2478 1548 Πάντα
2517 1489 2574 1546 δὶ
2602 1495 2769 1546 ταῦτα
2799 1492 3007 1569 ἆνεργεῑ
3034 1495 3097 1548 τὸ
3127 1493 3182 1551 ἓν
3213 1497 3305 1550 καὶ
3352 1497 3416 1550 τὸ
3474 1496 3619 1551 αὐτὸ
3651 1501 3872 1571 Πνεῦμα,

2225 1582 2468 1660 διαιροῦν
2510 1583 2622 1656 ἲδίᾳ
2675 1588 2884 1660 ἑκάστῳ
2931 1588 3113 1651 καθὼς
3157 1587 3435 1662 βούλεται.
3493 1591 3754 1664 Καθάπερ
3783 1590 3869 1664 γὰρ

2223 1674 2287 1728 τὸ
2319 1678 2478 1746 σῶμα
2506 1671 2560 1729 ἓν
2591 1675 2722 1743 ἔστι,
2753 1675 2842 1730 καὶ
2895 1671 3036 1749 μέλη
3071 1675 3188 1752 ἔχει
3224 1675 3432 1746 πολλὰ,
3468 1680 3654 1734 πάντα
3725 1677 3778 1736 δὲ
3817 1680 3870 1732 τὰ

2232 1761 2371 1835 μέλη
2404 1768 2500 1819 τοῦ
2532 1766 2788 1836 σώματος
2815 1767 2911 1820 τοῢ
2943 1767 3058 1828 ἑνὸς
3090 1763 3276 1823 πολλὰ
3305 1764 3435 1823 ὅντα
3462 1763 3521 1824 ἓν
3558 1767 3678 1824 ἔστι
3703 1773 3865 1841 σῶμα,

467 1879 494 1907 ‹‹
530 1854 795 1926 corporis
825 1850 1112 1914 membra,
1144 1865 1278 1904 cum
1312 1847 1499 1903 multa
1535 1846 1676 1913 sint,
1734 1858 1920 1898 unum
1981 1847 2114 1896 sunt

2230 1853 2404 1917 οὓτως
2430 1853 2519 1908 καὶ
2561 1855 2588 1907 ὁ
2621 1855 2871 1932 Χριστὸς.

469 1967 489 1994 α
522 1957 775 2014 corpus:
809 1941 894 1995 sic
934 1945 991 1993 ει
1018 1937 1305 1994 Christus.
1341 1957 1369 1985 ι)

533 2036 783 2103 Propter
815 2047 913 2084 eos
944 2029 1045 2099 qui
1079 2027 1331 2098 Spiritus
1362 2025 1730 2080 divinitatem
1765 2024 2115 2094 impugnant

463 2119 888 2176 animadverte.
943 2119 1086 2171 Nam
1149 2114 1236 2168 illi
1297 2114 1476 2185 impie
1518 2118 1795 2168 asserunt
1827 2111 2113 2183 Spiritum

467 2215 739 2264 sanctum
789 2222 823 2262 a
879 2208 1050 2261 Patre
1080 2203 1303 2259 factum
1344 2219 1492 2258 esse.
1525 2205 1599 2256 At
1625 2199 1764 2256 hinc
1795 2200 2113 2273 perspicito

462 2298 751 2370 Spiritum
785 2301 1059 2351 sanctum
1109 2309 1232 2348 non
1264 2307 1394 2348 esse
1435 2289 1662 2362 aliquid
1721 2305 1925 2345 eorum
1984 2304 2114 2360 qum

465 2389 638 2454 ﬁunt,
667 2386 770 2442 sed
803 2401 932 2456 quas
978 2382 1208 2440 faciunt
1243 2398 1256 2437 :
1287 2383 1465 2453 idque
1523 2388 1807 2451 tanquam
1862 2381 2016 2436 Deus
2047 2395 2114 2434 ac

464 2476 751 2533 Dominus
783 2481 841 2529 et
897 2475 1142 2546 prepria
1169 2472 1456 2544 potentia.
1492 2471 1694 2526 Simile
1735 2485 1969 2541 quoque
2027 2473 2118 2524 est

468 2566 625 2638 quod
653 2564 767 2621 alio
791 2565 922 2620 loco
953 2563 1132 2619 dicit:
1163 2583 1188 2610 «
1214 2561 1466 2633 Spiritus
1482 2561 1580 2615 ubi
1610 2560 1733 2615 vult
1752 2561 1954 2631 spirat.
1987 2576 2017 2610 ι)
2047 2588 2116 2599 -——

467 2653 1014 2722 «Quemadmodum
1048 2653 1208 2708 enim
1241 2667 1456 2722 corpus
1477 2666 1663 2705 unum
1683 2649 1824 2704 est"
1863 2668 1912 2702 .»
1939 2647 2024 2702 Ab
2047 2664 2114 2702 eo

466 2745 625 2816 quod
683 2745 840 2798 circa
893 2759 1107 2814 corpus
1159 2739 1392 2805 accidit,
1450 2755 1557 2810 per
1609 2738 1945 2809 exemplum
1991 2736 2116 2791 vult

466 2831 782 2889 ostendere
835 2831 993 2902 quod
1051 2845 1260 2884 omnes
1309 2843 1496 2883 unum
1520 2828 1739 2898 :simus,
1773 2841 2112 2897 quanquam

469 2922 632 2978 varia
655 2919 980 2976 habeamus
1014 2919 1190 2974 dona.
1239 2918 1292 2972 Si
1327 2933 1462 2990 ergo
1492 2931 1677 2972 unum
1710 2931 1935 2984 sumus,
1970 2931 2112 2986 quo-

466 3008 644 3067 modo
671 3011 798 3082 jam
831 3009 1048 3063 rationi
1080 3007 1384 3063 conforme
1445 3006 1579 3072 erit,
1611 3010 1677 3060 ut
1704 3005 2003 3077 quispiam
2043 3005 2114 3060 de

465 3102 756 3156 donorum
788 3099 1128 3154 diversitate
1161 3102 1315 3151 erret
1360 3102 1462 3151 aut
1491 3096 1668 3151 verba
1696 3096 1875 3152 faciat
1901 3094 1929 3149 ι
1959 3095 2114 3152 540

466 3211 494 3240 ‹‹
528 3188 672 3245 Cum
706 3188 895 3243 multa
926 3187 1066 3252 sint,
1101 3200 1284 3240 unum
1347 3191 1484 3239 sunt
1541 3200 1772 3257 corpus.
1809 3205 1836 3233 »
1892 3187 2114 3239 Cuncta

2295 2034 2394 2088 Διὰ
2444 2033 2569 2093 τοὺς
2637 2035 3147 2114 πνευματομάχους
3204 2038 3514 2110 σημείωσαι
3576 2039 3642 2092 τὸ
3699 2037 3865 2112 ῥητόν.

2221 2123 2452 2177 Ἐκεῖνοι
2509 2120 2610 2196 γὰρ
2666 2122 2896 2185 ἀνοσίως
2937 2123 3087 2197 φασὶ,
3159 2124 3247 2179 καὶ
3303 2126 3372 2180 τὸ
3453 2121 3614 2201 ἅγιον
3671 2127 3865 2198 Πνεῦμα

2224 2213 2548 2286 ἐνεργεῖσθαι
2580 2213 2725 2284 παρὰ
2753 2214 2850 2267 τοῦ
2897 2213 3124 2288 Πατρός.
3191 2213 3366 2270 Ἀλλὰ
3430 2208 3587 2270 ἔνθεν
3619 2217 3735 2290 δρα,
3799 2213 3864 2270 ὅτι

2224 2303 2288 2356 οὐ
2333 2305 2438 2355 τῶν
2508 2299 2932 2379 ἐνεργουμένων,
2978 2302 3124 2358 ἀλλὰ
3177 2307 3285 2358 τῶν
3345 2302 3712 2378 ένεργοῦντων
3765 2304 3862 2372 ἐστὶ

2223 2391 2286 2445 τὸ
2318 2395 2539 2462 Πνεῦμα
2569 2391 2631 2445 16
2661 2391 2842 2464 ἃγιον,
2877 2389 3210 2453 δεσποτικῶς
3266 2393 3356 2448 καὶ
3412 2397 3640 2462 θεῖκῶς,
3669 2394 3754 2448 καὶ
3783 2393 3863 2448 αὖ·

2222 2476 2560 2551 τοδυνάμως.
2593 2480 2825 2552 ’Όμοιον
2859 2479 2947 2534 καὶ
2981 2478 3238 2556 ἀλλαχοῦ
3284 2501 3442 2558 φησι,
3483 2501 3504 2531 ε
3571 2484 3645 2539 Τὸ
3673 2484 3856 2554 πνεῦμα

2225 2569 2360 2622 ὅπου
2392 2565 2537 2630 θέλει
2569 2572 2708 2626 πνεῖ.
2739 2591 2768 2620 ιι
2811 2601 2876 2609 -
2930 2593 2959 2620 α
3022 2571 3270 2646 Καθάπερ
3325 2571 3428 2645 γὰρ
3481 2571 3552 2626 τὸ
3607 2575 3752 2644 σῶμα
3808 2565 3850 2624 ἕν

2223 2655 2355 2712 ἐστι.
2393 2679 2420 2707 ››
2454 2656 2590 2711 Ἀπὸ
2621 2660 2720 2711 τοῦ
2749 2659 2870 2732 περὶ
2903 2659 2966 2712 τὸ
3017 2664 3179 2731 σῶμα
3233 2653 3677 2736 παραδείγματος
3731 2658 3848 2733 βού-

2225 2743 2378 2800 λεται
2411 2741 2601 2814 δεῖξαι,
2646 2747 2731 2800 ὃτι
2788 2745 2982 2808 πάντες
3034 2743 3087 2801 ἓν
3147 2746 3328 2820 ἐσμεν,
3392 2748 3438 2802 εἰ
3497 2749 3589 2804 καὶ
3643 2746 3840 2822 διάφορα

2225 2830 2426 2907 ἔχομεν
2461 2832 2793 2909 χαρίσματα.
2827 2835 2890 2891 Εἰ
2922 2835 3013 2890 οὗν
3041 2832 3094 2890 ἓν
3127 2834 3310 2909 ἐσμεν,
3356 2843 3464 2892 ποῦ
3519 2837 3695 2893 λοιπὸν
3720 2832 3818 2909 ἔχει

2225 2920 2392 2997 λόγον
2449 2923 2512 2977 τὸ
2577 2921 2698 2999 περῖ
2760 2921 3020 3001 διαφορᾶς
3079 2923 3436 3001 χαρισμάτων
3489 2923 3814 3001 περεᾳέρεσθαι

2223 3013 2312 3066 καὶ
2344 3009 2714 3086 λογοπραγεῖν
2752 3032 2766 3080 ;
2796 3036 2824 3066 ‹‹
2860 3013 3054 3069 Πολλὰ
3084 3011 3228 3084 ὄντα,
3259 3011 3316 3070 ἵν
3351 3016 3454 3071 ἔστι
3475 3019 3667 3087 σῶμα.»
3687 3009 3807 3068 Πάν-

2222 3119 2286 3154 τα
2317 3101 2422 3176 γὰρ
2447 3101 2514 3155 τὰ
2548 3099 2689 3174 μέλη
2724 3099 2967 3157 συντελεῖ
2995 3103 3070 3164 είς
3095 3104 3158 3158 τὸ
3189 3106 3330 3159 εἶναι
3363 3103 3416 3160 ἓν
3471 3104 3558 3160 καὶ
3610 3099 3823 3167 6161111-

2229 3206 2320 3263 ρον
2351 3189 2413 3242 τὸ
2443 3191 2624 3262 σῶμα.
2659 3213 2687 3242 ‹‹
2721 3189 2909 3253 Οὕτως
2939 3189 3025 3245 καὶ
3059 3193 3088 3246 6
3145 3194 3406 3266 Χριστὸς.
3469 3214 3498 3245 ιι
3541 3225 3611 3238 —-
3655 3187 3839 3261 ἱΦΩΎῘῙ

467 3279 687 3334 etenim
722 3273 1233 3346 membraaliquid
1251 3274 1568 3329 conferunt
1597 3251 1669 3328 ad
1701 3274 1912 3340 hoc,ut
1927 3288 2111 3330 unum

2230 3251 2439 3345 basem,
2467 3251 2653 3354 φησὶν,
2687 3279 2714 3333 6
2740 3251 2993 3352 Χριστὸς,
3028 3251 3216 3336 πολλά
3249 3280 3344 3354 μὶν
3373 3251 3519 3357 -ἔχει
3591 3251 3718 3356 μέλη
3742 3251 3849 3338 τοδξ

468 3381 536 3421 ac
556 3366 852 3436 integrum
885 3364 962 3416 sit
993 3377 1228 3432 corpus.
1266 3381 1289 3411 ι
1325 3362 1418 3415 Sic
1448 3366 1507 3416 et
1527 3362 1813 3415 Christus.
1841 3383 1868 3410 »
1901 3363 2115 3424 lta,in-

470 3453 618 3524 quit,
679 3457 737 3507 et
793 3451 1061 3505 Christus
1115 3450 1306 3504 multa
1335 3449 1576 3519 quidem
1619 3449 1798 3503 habet
1827 3450 2113 3517 membra,

471 3557 685 3612 nempe
715 3539 982 3612 singulos
1015 3538 1242 3603 ﬁdeles,
1276 3552 1463 3592 unum
1516 3553 1650 3592 vero
1683 3553 1916 3608 corpus,
1976 3546 2118 3611 puta

469 3631 748 3687 Ecclesiae
786 3629 1294 3685 communionem.
1327 3629 1408 3680 Ex
1452 3626 1655 3681 multis
1686 3628 1844 3681 enim
1875 3644 2116 3700 compo-

2224 3367 2342 3429 καθ’
2375 3363 2621 3434 ἕκαστον,
2650 3364 2704 3422 ἓν
2740 3366 2798 3422 δὶ
2828 3373 2988 3442 σῶμα
3016 3369 3114 3438 τὴν
3146 3371 3440 3442 κοινότητα
3498 3378 3605 3441 τῆς
3649 3366 3852 3436 Ἐκκλη-

2227 3455 2366 3516 σίας.
2429 3456 2524 3511 Ἐκ
2578 3457 2682 3532 γὰρ
2723 3454 2951 3512 πολλῶν
3012 3460 3364 3534 συγκειμένη,
3422 3457 3482 3516 ἰν
3534 3459 3650 3516 ἐστι
3704 3461 3854 3528 crispa,

2224 3543 2466 3622 κεφαλὴν
2494 3539 2702 3620 ἔχουσα
2732 3547 2824 3602 τὸν
2859 3549 3120 3621 Χριστὸν,
3142 3549 3219 3610 ὡς
3249 3550 3390 3605 εἶναι
3423 3551 3526 3619 τήν
3552 3545 3853 3618 Ἐκκλησίαν

2224 3631 2314 3684 καί
2345 3634 2436 3687 τὸν
2467 3634 2701 3709 Χριστὸν
2730 3632 2784 3690 ἓν
2813 3635 3107 3699 αὐτοτελὲς
3134 3642 3314 3711 σῶμα.

472 3721 606 3788 sita,
639 3734 819 3775 unum
857 3721 946 3773 est
993 3731 1207 3788 corpus
1239 3715 1466 3771 habens
1501 3721 1680 3786 caput
1707 3715 2025 3784 Christum,
2058 3723 2123 3772 ut
2174 3721 2257 3775 sic
2316 3721 2578 3781 Ecclesia
2622 3730 2678 3780 et
2724 3726 2990 3782 Christus
3038 3742 3224 3782 unum
3257 3733 3316 3783 et
3358 3728 3516 3784 idem
3549 3729 3856 3800 perfectum

468 3822 882 3962 606.523.43-20.
910 3913 931 3943 1
950 3891 1179 3948 Etenim
1214 3905 1318 3963 per
1345 3907 1532 3947 unum
1565 3892 1847 3963 Spiritum
1869 3909 1977 3948 nos
1999 3909 2120 3948 om-

466 4008 495 4035 ‹‹
515 4001 621 4040 nes
640 3985 700 4038 in
731 3997 918 4039 unum
942 3997 1158 4052 corpus
1199 3979 1476 4052 baptizati
1494 3996 1707 4036 sumus
1733 3997 1746 4036 :
1779 3982 2119 4052 siveJudasl,

469 4098 497 4125 ‹‹
526 4077 644 4131 sive
675 4073 1008 4140 Graeci,sive
1033 4071 1204 4138 servi,
1227 4072 1347 4127 sive
1370 4073 1559 4141 liberi,
1580 4079 1857 4128 etomnes
1883 4090 2002 4130 uno
2023 4091 2122 4147 po-

469 4188 497 4215 ‹‹
525 4165 657 4220 culo
671 4164 842 4236 rigati
858 4178 1052 4218 sumus
1072 4163 1133 4216 in
1155 4176 1341 4217 unum
1358 4161 1654 4232 spiritum.
1671 4163 1974 4233 Siquidem
1988 4180 2119 4219 cor-

468 4278 495 4305 «
524 4269 635 4327 pus
660 4270 779 4308 non
803 4258 893 4310 est
913 4267 1100 4308 unum
1125 4251 1484 4318 membrum,
1519 4253 1620 4307 sed
1645 4253 1847 4308 multa.
1883 4253 1939 4308 Si
1963 4254 2120 4310 dicat

468 4369 495 4395 ‹‹
519 4361 622 4417 pes
645 4362 658 4400 :
680 4345 826 4399 Cum
849 4359 972 4398 non
998 4343 1108 4398 sim
1138 4355 1370 4405 manus,
1402 4355 1521 4396 non
1541 4359 1670 4396 sum
1708 4353 1780 4397 de
1821 4358 2067 4415 corpore
2101 4364 2114 4402 :

471 4456 498 4484 ‹‹
529 4450 672 4490 num
689 4434 913 4489 idcirco
937 4445 1057 4486 non
1078 4430 1252 4486 estde
1274 4431 1560 4502 corpore?
1584 4433 1652 4484 Et
1677 4432 1724 4486 si
1741 4432 1899 4488 dicat
1919 4431 2111 4491 auris:

472 4546 500 4576 α
520 4524 663 4579 Cum
687 4539 809 4578 non
845 4523 958 4577 sim
981 4520 1208 4590 oculus,
1236 4535 1359 4574 non
1388 4534 1517 4574 sum
1543 4519 1614 4575 de
1637 4533 1881 4591 corpore
1915 4538 1927 4577 :
1969 4538 2113 4579 num

2302 3895 2405 3951 Καὶ
2456 3898 2558 3973 γὰρ
2610 3898 2661 3952 ἐν
2745 3900 2821 3954 ἒνὶ
2882 3899 3153 3974 Πνεύματι
3211 3903 3376 3973 ἡμεῖς
3439 3901 3641 3964 πάντες
3695 3900 3764 3962 είς
3815 3893 3858 3952 ἔν

2231 3988 2391 4057 σῶμα
2466 3982 2888 4060 ἐϐαπτίσθημεν,
2944 3989 3052 4044 ε’ἰτε
3137 3987 3425 4058 Ἰουδαῖοι,
3483 3988 3603 4045 εἴτε
3684 3985 3861 4055 Ἕλλη-

2228 4093 2333 4139 νες,
2393 4071 2500 4130 εἴτε
2559 4073 2775 4148 δοῦλοι,
2836 4076 2940 4132 εἷ’τε
3000 4076 3300 4154 ἐλεύθεροι,
3357 4079 3449 4134 καὶ
3535 4080 3736 4140 πάντες
3813 4073 3857 4130 ’ἐν

2227 4161 2379 4236 πόμα
2469 4163 2857 4240 ἐποτίσθημεν,
2934 4165 3010 4229 εἷς
3066 4164 3121 4222 ἓν
3188 4172 3419 4240 πνεῦμα.
3499 4169 3614 4224 Καὶ
3663 4171 3759 4244 γὰρ
3808 4167 3857 4219 τὸ

2228 4257 2388 4325 σῶμα
2420 4252 2519 4308 οὐκ
2548 4249 2690 4310 ἔστιν
2747 4253 2802 4310 ἓν
2864 4255 3056 4330 μέλος,
3115 4256 3261 4313 ἀλλὰ
3316 4257 3526 4315 πολλοὶ.
3571 4261 3702 4317 Ἐὰν
3749 4254 3853 4328 εἴπῃ

2228 4342 2256 4396 6
2282 4346 2440 4410 ποῦς,
2473 4341 2554 4397 ὅτι
2590 4344 2707 4400 Οὐκ
2736 4343 2848 4418 sini
2882 4345 3029 4420 χεὶρ,
3063 4347 3166 4401 οὐκ
3194 4345 3310 4420 εἰμὶ
3369 4345 3427 4402 ἐκ
3455 4351 3554 4402 τοῦ
3596 4349 3852 4421 σώματος,

2226 4429 2289 4486 οὖ
2341 4433 2486 4506 παρὰ
2541 4436 2706 4488 τοῦτο
2768 4435 2867 4488 οὑκ
2917 4432 3058 4489 ἐστιν
3117 4436 3174 4489 ἐκ
3223 4439 3321 4494 τοῦ
3409 4438 3717 4509 σώματοςς
3767 4431 3850 4490 Καὶ

2225 4519 2313 4574 ἐὰν
2353 4519 2479 4596 εἷ’πῃ
2531 4523 2594 4577 τὸ
2649 4521 2764 4588 οὖς,
2823 4523 2933 4578 Οὐκ
2991 4523 3104 4596 εἰμὶ
3165 4523 3225 4579 ἐκ
3300 4529 3398 4580 τοῦ
3481 4526 3759 4600 σώματος,
3798 4521 3847 4576 οὗ

470 4632 498 4663 ‹‹
518 4612 738 4668 idcirco
757 4628 877 4667 non
892 4614 981 4666 est
996 4609 1068 4665 de
1083 4623 1327 4680 corpore
1343 4608 1372 4663 ‘l
1384 4607 1439 4662 Si
1455 4613 1643 4663 totum
1657 4624 1867 4681 corpus
1882 4612 2090 4668 oculus
2101 4657 2114 4679 ,

2230 4610 2368 4685 παρὰ
2414 4613 2575 4666 τοῦτο
2635 4613 2737 4666 οὐκ
2788 4606 2929 4667 ἔστιν
2985 4609 3045 4667 In
3107 4617 3205 4672 τοῦ
3259 4614 3564 4687 σώματος;
3631 4615 3695 4673 Εἰ
3737 4611 3840 4668 ελον

480 4723 509 4749 ‹‹
541 4701 640 4754 ubi
664 4700 941 4756 auditus?
967 4700 1014 4754 si
1037 4703 1224 4754 totum
1249 4697 1507 4764 auditus,
1532 4697 1631 4752 ubi
1646 4697 1896 4754 olfactus
1911 4699 2116 4756 ?Nunc

475 4810 504 4839 «
533 4794 726 4843 autem
761 4790 976 4859 posuit.
1014 4789 1167 4843 Deus
1199 4787 1487 4853 membra,
1519 4789 1989 4860 unumquodque
2017 4804 2114 4847 eo-

478 4898 505 4931 σι
533 4891 666 4932 rum
686 4878 747 4931 in
773 4891 1018 4948 corpore
1041 4876 1542 4948 quemadmodum
1564 4877 1939 4943 voluit.Quod
1958 4881 2005 4934 si
2022 4895 2116 4936 es-

470 4989 499 5020 α
519 4971 653 5022 sent
681 4966 882 5022 omnia
926 4981 1115 5021 unum
1149 4966 1505 5034 membrum,
1537 4965 1640 5021 ubi
1673 4980 1888 5038 corpus
1909 4967 2116 5024 ‘lNunc

467 5079 495 5109 ‹‹
525 5063 724 5113 autem
748 5055 936 5111 multa
955 5055 1194 5126 quidem
1227 5054 1709 5123 membra,unum
1724 5071 1859 5112 vero
1878 5073 2112 5129 corpus.

537 5146 623 5202 ’Ev
657 5142 758 5216 ἐνί,
792 5144 852 5199 id
879 5150 987 5211 est,
1012 5139 1083 5197 δι’
1115 5143 1257 5208 ἑνός,
1291 5145 1404 5199 hoc
1435 5151 1543 5211 est,
1577 5161 1684 5216 per
1707 5161 1954 5212 unum,«
1985 5148 2117 5203 Om-

462 5250 570 5292 nes
602 5235 663 5290 in
687 5249 871 5290 unum
891 5249 1161 5304 corpus.»
1192 5231 1415 5288 Deinde
1440 5233 1746 5307 subjungit
1772 5236 1949 5291 etiam
1972 5237 2113 5308 quid

461 5326 726 5382 eﬂecerit
784 5341 991 5381 omnes
1045 5339 1172 5379 esse
1230 5339 1419 5378 unum
1450 5340 1685 5396 corpus,
1718 5341 1934 5398 nempe
1983 5344 2112 5383 esse

460 5429 647 5470 unum
670 5415 976 5486 Spiritum,
1011 5419 1070 5469 et
1101 5428 1312 5469 omnes
1349 5413 1421 5468 ab
1466 5428 1587 5468 uno
1630 5414 1957 5486 baptizatos
1985 5416 2115 5487 Spi-

460 5503 577 5556 ritu
635 5517 764 5557 esse
819 5504 881 5558 in
935 5517 1123 5558 unum
1180 5515 1434 5574 corpus:
1493 5502 1603 5557 hoc
1635 5509 1744 5570 est,
1795 5505 1868 5560 ad
1907 5506 2020 5561 hoc
2048 5511 2113 5560 ut

535 5683 606 5720 3“
633 5686 798 5740 Joan.
831 5703 916 5753 ιιι,
949 5689 1001 5741 8.

2224 4699 2286 4753 16
2315 4702 2472 4771 σῶμα
2501 4699 2807 4774 ὀφθαλμὸς,
2866 4706 2974 4756 ποῦ
3025 4705 3060 4771 ἡ
3120 4702 3256 4773 ἀκοή
3303 4722 3315 4770 ;
3375 4702 3420 4757 εἷ
3454 4701 3588 4759 ὃλον
3627 4706 3660 4774 ἡ
3708 4699 3828 4765 ἀκοὴν

2225 4792 2330 4843 ποῦ
2359 4792 2394 4858 ἠ
2428 4787 2695 4862 ὄσφρησις
2730 4810 2743 4858 ;
2773 4791 2909 4847 Νυνὶ
2970 4789 3026 4847 δὶ
3080 4793 3107 4845 6
3168 4793 3297 4854 Θεὸς
3330 4789 3478 4847 ἔθετο
3539 4795 3610 4849 τὰ
3647 4790 3762 4868 μέλη
3785 4780 3828 4840 ἶν

2223 4874 2446 4933 ἕκαστον
2467 4880 2644 4934 αὐτῶν
2675 4878 2727 4934 ἐν
2757 4884 2836 4952 τῷ
2880 4881 3093 4953 σώματι
3133 4881 3312 4942 καθὼς
3369 4879 3663 4953 ἠθέλησεν.
3713 4878 3766 4937 Εἰ
3791 4872 3837 4930 δὶ

2226 4967 2290 5035 ἦν
2319 4969 2383 5022 τὰ
2420 4968 2511 5040 μὶν
2535 4966 2676 5040 μέλη
2713 4963 2786 5040 ἔν,
2818 4972 2924 5024 ποῦ
2950 4970 3012 5023 τὸ
3044 4973 3240 5042 σῶμα;
3277 4975 3388 5026 Νῦν
3431 4967 3490 5025 δδ
3548 4971 3730 5028 πολλά
3769 4966 3845 5041 μὶν

2229 5056 2396 5130 μέλη,
2427 5055 2479 5114 ἔν
2513 5056 2570 5113 δὲ
2597 5063 2777 5133 σῶμα.

2295 5147 2425 5203 Οἵον
2459 5145 2529 5203 δι’
2556 5149 2696 5216 ἑνὸς,
2752 5175 2778 5201 ‹‹
2813 5148 3012 5213 Πάντες
3041 5149 3118 5212 εἰς
3176 5147 3230 5205 ἓν
3292 5154 3470 5222 σῶμα.
3509 5174 3538 5202 ι»
3599 5151 3726 5207 Εἶτα
3772 5145 3851 5201 ἰπ-

2227 5237 2343 5310 άγει
2375 5237 2464 5291 καὶ
2519 5238 2581 5292 τὸ
2621 5238 2986 5293 κατασκιάσαν
3020 5239 3226 5304 πάντας
3263 5238 3317 5295 ἓν
3351 5245 3529 5313 σῶμα,
3558 5242 3619 5296 τὸ
3652 5240 3782 5293 εἶναι
3803 5230 3849 5288 ἰν

2225 5326 2287 5379 τὸ
2319 5330 2557 5398 Πνεῦμα,
2610 5326 2703 5381 καὶ
2760 5328 2962 5390 πάντας
3022 5327 3123 5382 ὑπὸ
3181 5333 3278 5384 τοῦ
3337 5330 3454 5390 ἑνὸς
3513 5324 3849 5404 βεϐαπτίσθαι

2227 5417 2544 5489 ΙΑΙνεύματος
2577 5418 2652 5479 είς
2683 5415 2738 5473 ἓν
2797 5423 2979 5492 σῶμα,
3038 5423 3334 5491 τουτέστιν,
3393 5419 3469 5483 εἷς
3520 5423 3583 5477 τὸ
3641 5424 3845 5485 ποιῆσαι

2221 5507 2422 5569 πάντας
2455 5511 2615 5581 σῶμα
2644 5504 2723 5568 έν.
2763 5508 2913 5570 Τέως
2955 5505 3012 5562 δὲ
3077 5505 3165 5564 διὰ
3211 5507 3306 5566 δύο
3351 5511 3558 5566 τούτων
3607 5521 3843 5584 παραμυ-
