4068 6254
238 367 372 430 831

1303 368 1709 429 COMMENT.
1756 367 1828 426 IN
1875 364 2123 427 EPIS'i‘.
2172 368 2197 429 Ι
2242 365 2352 431 AD
2396 368 2768 430 OORINTH.

3571 368 3692 432 822

245 499 436 554 Βιῖται
465 497 561 552 τὸν
593 497 656 552 τὸ
715 491 941 554 ἔλαττον
998 494 1199 573 ἔχοντα
1255 497 1530 574 χάρισμα,
1560 504 1639 572 τῷ
1667 520 1726 554 τε
1758 497 1909 553 εἷπεῖ·

2043 514 2251 557 omnes
2283 499 2589 557 efﬁcerent
2608 516 2793 559 unum
2829 516 3063 575 corpus.
3088 499 3332 559 Interim
3350 505 3549 558 autem
3579 520 3685 575 per

252 584 348 642 ὅτι
402 583 457 640 ἓν
517 589 677 658 σῶμα
732 587 930 651 πάντες
987 587 1167 661 ἐσμὲν,
1228 587 1319 642 καὶ
1376 593 1455 661 τῷ
1507 588 1676 645 εἰπεῖν
1712 586 1802 642 διὰ
1829 591 1925 642 τοῦ

252 675 431 732 αὐτοῦ
496 675 812 747 Πνεῦματος
870 677 957 731 καὶ
1020 684 1118 749 τῆς
1180 676 1348 743 αὐτῆς
1406 673 1829 753 κολυμϐήθρας,
1868 677 1922 732 ἓν

250 769 416 839 ἡμᾶς
455 764 761 841 γεγονέναι.
798 790 825 822 α
857 768 951 823 Ἔν
985 768 1139 841 πόμα
1169 766 1536 840 ἐποτίσθημεν
1568 766 1643 829 εἷς
1673 765 1726 821 ’ἐν
1758 771 1926 825 ι]νεῦ-

261 875 366 928 μα.
400 878 432 907 ››
459 856 539 909 Δι’
598 855 733 923 ἑνὸς,
793 855 951 932 φησὶ,
994 855 1309 929 Ηνεόματος
1340 855 1654 935 ἐσχήκαμεν
1685 861 1791 911 τῶν
1820 877 1926 932 χαι

255 942 551 1018 ρισμάτων
581 946 681 1011 τὴν
708 940 937 1016 δωρεάν.
974 968 1000 995 ‹‹
1028 945 1427 1018 Ἐποτίοθημεν
1462 969 1488 997 ››
1524 942 1582 1001 δὲ
1614 945 1782 1009 εἶπεν,
1816 945 1922 1001 ἀπὸ

254 1038 579 1110 μεταφορᾶς
622 1037 719 1087 τοῦ
749 1029 1004 1107 δένδρων,
1068 1056 1174 1089 των
1233 1035 1291 1090 ἐκ
1346 1040 1444 1105 τῆς
1476 1035 1644 1104 αὐτῆς
1679 1032 1921 1110 ἀρδομέο

246 1144 364 1177 νων
402 1125 612 1197 πηγῆς.
648 1151 676 1173 ι,
713 1121 818 1178 Καὶ
848 1123 952 1197 γὰρ
1008 1124 1071 1178 τὸ
1126 1128 1284 1197 σῶμα
1327 1122 1426 1179 οὒκ
1464 1123 1606 1180 ἔστιν
1638 1121 1690 1179 ἓν
1727 1121 1917 1197 μέλος,

248 1209 409 1266 ἀλλὰ
434 1208 643 1267 πολλά.
684 1234 712 1263 ››
744 1211 850 1267 Καὶ
904 1213 981 1284 μὴ
1042 1213 1347 1288 θαυμάσῃς,
1381 1214 1560 1290 φησὶν,
1592 1213 1637 1269 εἰ
1668 1217 1918 1269 τοσοῦτοι

247 1299 411 1361 ὄντες
440 1296 494 1354 ’ἐν
531 1300 691 1371 σῶμά
725 1298 908 1369 ἐσμεν,
970 1300 1133 1356 ὁπότε
1188 1301 1277 1356 καὶ
1336 1300 1423 1357 ἆπί
1456 1306 1552 1358 τοῦ
1583 1302 1918 1375 ἀνθρωπίνου

253 1391 518 1462 σώματος
552 1389 657 1445 ἀπὸ
690 1388 918 1445 πολλῶν
973 1390 1179 1464 μελῶν,
1236 1388 1287 1446 ’έν
1347 1387 1488 1449 ἔστιν
1522 1393 1692 1467 εὑρεῖν
1719 1393 1779 1447 τὸ
1813 1398 1917 1447 σῶ-

257 1501 362 1552 μα.
397 1480 473 1536 Τὰ
502 1476 559 1534 δὲ
586 1478 722 1554 πρὸς
762 1478 1001 1542 ἐκείνους
1034 1478 1270 1554 ἁρμόδια
1303 1484 1521 1556 ῥήματα
1550 1482 1626 1544 ὡς
1659 1482 1717 1538 ἐκ
1746 1503 1915 1557 προσ-

250 1572 416 1624 ώπου
471 1572 579 1623 τῶν
638 1567 821 1641 μελῶν
875 1568 1098 1639 τέθεικε,
1163 1567 1329 1643 δεῖξαι
1362 1569 1535 1626 Θέλων
1589 1573 1670 1626 ὅτι
1732 1571 1779 1626 εἰ
1827 1571 1915 1626 καὶ
1968 1628 1972 1632 ,

246 1655 486 1712 ἔλαττόν
517 1678 600 1718 τις
633 1654 752 1731 ἔχει
782 1656 1052 1733 χάρισμα,
1108 1658 1169 1713 οὐ
1222 1658 1368 1731 παρὰ
1397 1663 1557 1715 τοῦτο
1588 1654 1913 1729 έκὸἑϐληται

245 1749 353 1801 τοῦ
386 1746 525 1800 εἶναι
588 1745 759 1817 μέλος
810 1750 905 1800 τοῦ
966 1746 1241 1819 σώματος.
1306 1749 1406 1805 Καὶ
1449 1748 1551 1822 γὰρ
1577 1748 1665 1803 καὶ
1700 1747 1785 1804 ἐπὶ
1816 1753 1913 1803 τοῦ

247 1836 608 1910 ἀνθρωπίνου
640 1838 1032 1911 συγκρίματος,
1089 1841 1179 1893 καὶ
1231 1839 1292 1893 τὸ
1349 1835 1573 1895 ἔλαττον
1623 1840 1798 1895 καὶτὸ
1828 1861 1909 1897 1i-

248 1927 553 2001 μιώτερον,
590 1926 665 1988 εἰς
696 1924 748 1981 ἒν
782 1927 1025 1983 συντελεῖ
1055 1932 1233 2000 σῶμα.

2040 588 2166 645 haec
2188 588 2303 645 duo
2328 590 2670 646 consolatur
2688 606 2821 649 eum
2846 589 2946 662 qui
2978 588 3176 645 minus
3207 588 3387 647 habet
3417 589 3679 653 donum:

2036 684 2159 733 tum
2180 679 2430 735 dicendo
2457 680 2615 751 quod
2634 696 2840 736 omnes
2862 696 3047 734 unum
3066 696 3278 751 corpus
3301 697 3526 752 sumus,
3552 688 3676 745 tum

2035 767 2284 823 dicendo
2318 770 2475 840 quod
2528 786 2634 842 per
2660 786 2847 825 unum
2888 768 3169 840 Spiritum
3199 768 3479 841 idemque
3510 771 3677 828 lava-

2033 874 2200 915 crum
2224 874 2410 913 unum
2434 859 2626 915 eil‘ecti
2656 875 2881 915 sumus.
2918 881 2944 913 μ
2980 858 3103 913 Uno
3135 857 3346 928 poculo
3377 859 3546 931 rigati
3578 878 3678 919 su—

2032 963 2165 1003 mus
2196 946 2257 1000 in
2289 964 2473 1005 unum
2505 947 2808 1021 Spiritum.
2845 969 2873 999 ››
2927 948 3039 1003 Per
3069 963 3277 1017 unum,
3311 948 3523 1027 inquit,
3557 950 3679 1022 Spi-

2033 1036 2212 1093 ritum
2270 1036 2611 1109 accepimus
2660 1037 2904 1108 gratiam
2940 1036 3251 1093 donorum.
3286 1038 3439 1095 Dicit
3478 1044 3675 1099 autem

2031 1125 2201 1197 rigati
2234 1142 2438 1182 sumus
2468 1126 2540 1181 ab
2565 1125 2845 1187 arborum
2865 1126 3210 1197 metaphora
3233 1142 3362 1198 quae
3386 1143 3453 1185 ex
3469 1126 3676 1185 eodem

2030 1214 2189 1271 fonte
2213 1215 2551 1286 irrigantur.
2583 1237 2606 1267 α
2643 1215 2944 1287 Siquidem
2977 1232 3191 1285 corpus
3223 1231 3341 1270 non
3373 1222 3461 1275 est
3491 1232 3677 1279 unum

2030 1304 2497 1371 membrum,sed
2519 1304 2729 1361 multa.
2765 1327 2791 1355 ››
2826 1306 2905 1360 Ne
2938 1304 3195 1367 mireris.
3225 1303 3440 1375 inquit,
3473 1306 3522 1363 si
3555 1314 3673 1365 tam

2030 1393 2201 1447 multi
2233 1409 2419 1449 unum
2451 1394 2637 1451 simus
2664 1410 2899 1466 corpus,
2934 1392 3168 1464 quando
3211 1393 3389 1450 etiam
3449 1393 3509 1451 in
3570 1394 3676 1456 hu-

2030 1499 2204 1537 mano
2235 1500 2479 1553 corpore
2518 1500 2587 1536 ex
2617 1482 2821 1536 multis
2866 1481 3147 1536 membris
3179 1499 3363 1537 unum
3410 1483 3673 1539 invenia-

2031 1578 2124 1629 tur
2180 1571 2457 1627 constitui
2518 1588 2750 1644 corpus.
2815 1571 3016 1627 Posuit
3069 1576 3268 1629 autem
3319 1589 3387 1627 ex
3417 1587 3671 1642 persona

2026 1661 2431 1717 membrorum
2462 1661 2806 1731 verba,qu£e
2823 1660 3091 1733 apprime
3115 1660 3437 1716 Corinthiis
3472 1666 3672 1718 essent

2026 1750 2428 1815 accommoda,
2488 1752 2632 1807 541
2698 1749 3008 1807 ostendere
3059 1750 3261 1805 volens
3321 1750 3478 1820 quod
3530 1749 3671 1809 licet

2027 1841 2322 1911 quispiam
2375 1840 2572 1896 minus
2630 1840 2847 1896 habeat
2900 1840 3144 1907 donum,
3169 1856 3287 1896 non
3326 1839 3400 1895 ob
3432 1840 3543 1897 hoc
3572 1856 3670 1895 re-

2020 1931 2217 2002 jectus
2249 1935 2357 1999 est,
2390 1947 2463 1986 ne
2497 1931 2573 1986 sit
2602 1931 2866 2001 corporis
2897 1929 3255 1988 membrum.
3280 1930 3585 2002 Siquidem
3605 1931 3667 1986 in

244 2019 516 2077 humano
558 2034 796 2087 quoque
827 2024 1174 2091 coagmento
1206 2023 1265 2074 et
1293 2019 1453 2089 quod
1481 2018 1768 2091 abjectius
1798 2025 1889 2077 est
1910 2025 1964 2074 et
1996 2019 2154 2091 quod
2178 2018 2609 2086 honorabilius,
2644 2019 2717 2074 ad
2751 2020 2929 2077 unius
2962 2021 3227 2090 corporis
3278 2035 3665 2077 consumma-

240 2108 478 2163 tionem
512 2106 844 2164 conferunt.

322 2326 349 2353 κ
399 2302 522 2358 Ἐὰν
588 2303 715 2375 εἳπῃ
779 2302 806 2355 ὁ
874 2306 1031 2362 ποῦς.
1086 2325 1112 2353 ››
1182 2303 1304 2359 Ἐὰν
1372 2307 1532 2358 τοῦτο
1601 2302 1755 2377 ε’ίπῃ,
1819 2302 1903 2358 ὅτι
1935 2308 1981 2372 Β

240 2415 273 2443 α
316 2390 437 2448 Οὐκ
461 2390 575 2463 εἰμὶ
606 2389 667 2445 ἐκ
699 2392 971 2463 σώματος,
1007 2414 1035 2442 ››
1095 2391 1155 2445 οὐ
1211 2393 1358 2466 παρὰ
1401 2390 1464 2446 16
1519 2393 1706 2463 εἴπεῖν,
1738 2417 1764 2448 α
1795 2390 1910 2448 Οὐκ

245 2480 393 2554 εἰμὶ,
432 2477 598 2550 ιιῆδη
668 2478 870 2549 ἀπέστη
939 2480 998 2535 ἐκ
1056 2485 1152 2535 τοῦ
1219 2494 1496 2554 σώματος.
1551 2482 1735 2543 Οὕτως
1784 2478 1909 2536 οὐδὲ

248 2570 318 2624 σὺ
351 2567 542 2638 ἐπειδὴ
597 2567 721 2625 τόδε
776 2566 926 2648 ἔχεις
983 2573 1230 2644 χάρισμα
1286 2572 1375 2626 καὶ
1435 2571 1567 2645 οὖχί
1620 2568 1764 2642 τόδε,
1796 2567 1905 2640 ἤδη

254 2659 657 2713 πέπαυσαιτοῦ
713 2657 847 2713 εἶναι
902 2664 1062 2732 σῶμα
1117 2656 1171 2714 ἓν
1231 2660 1326 2714 σὺν
1382 2666 1498 2722 τοῖς
1537 2658 1752 2722 ἄλλοις.
1784 2684 1811 2712 ‹‹
1846 2658 1913 2717 Εἴ

262 2744 404 2800 ὅλον
449 2747 510 2799 τὸ
560 2750 710 2819 σῶμα
761 2746 1070 2826 ὀφθαλμός.
1108 2770 1131 2801 s
1193 2746 1416 2817 Ἐπειδὴ
1477 2747 1763 2828 ὀφθαλμοῦ
1818 2749 1907 2803 καὶ

260 2831 439 2896 ποδὸς
477 2832 728 2906 ἐμνήσθη,
783 2836 843 2891 έκ
901 2834 959 2891 δὲ
1012 2836 1209 2892 τούτου
1266 2836 1534 2908 ἐλύπησεν
1567 2838 1908 2910 αῗνιξάμενος

252 2920 350 2976 καί
420 2920 608 2982 αὐτοὺς
665 2921 965 2979 ὲλάττωσίν
1020 2945 1139 2979 τινα
1206 2919 1377 2999 ἔχειν,
1444 2925 1627 3000 ὥσπερ
1674 2925 1765 2981 καὶ
1818 2923 1903 2979 ἐπὶ

238 3016 356 3065 τῶν
410 3010 611 3082 μελῶν,
667 3017 757 3068 νῦν
825 3011 1085 3069 δείκνυσιν
1156 3014 1332 3075 οὕτως
1400 3014 1535 3069 εἶναι
1609 3014 1906 3092 συμῳέρον,

238 3100 305 3154 τὸ
360 3097 595 3179 διάφορα
646 3102 786 3156 εἶναι
840 3103 1178 3177 χαρίσματα.
1231 3104 1432 3177 Ὠσπερ
1478 3105 1580 3177 γὰρ
1622 3103 1685 3157 τὸ
1749 3108 1907 3174 σῶμα

241 3186 336 3242 διὰ
412 3190 575 3244 τοῦτό
634 3189 747 3244 ἐστι
801 3196 986 3263 σῶμα,
1054 3188 1243 3260 ἐπειδή
1310 3190 1370 3246 ἐκ
1445 3189 1717 3269 διαφόρων
1785 3212 1908 3245 συν-

245 3277 440 3349 έστηκε
484 3278 688 3352 μελῶν,
758 3279 931 3344 οὕτως
998 3281 1088 3336 καὶ
1153 3282 1215 3336 τὸ
1279 3284 1439 3352 σῶμα
1503 3285 1600 3335 τοῦ
1651 3282 1961 3356 Χριστοῦ,·’

2085 2325 2110 2357 ι
2146 2305 2203 2359 Si
2234 2304 2392 2359 dicat
2420 2320 2544 2375 pes.
2578 2326 2607 2355 ιι
2626 2305 2679 2359 Si
2704 2307 2816 2361 hoc
2844 2306 3038 2362 dicat:
3071 2328 3098 2355 «
3124 2308 3248 2362 Non
3282 2322 3413 2361 sum
3435 2304 3507 2361 de
3531 2321 3665 2360 cor-

2021 2410 2183 2465 pore,
2212 2413 2240 2443 ιι
2290 2407 2412 2448 non
2468 2399 2708 2464 propter
2764 2393 2914 2450 illud
2942 2394 3162 2459 dicere,
3195 2416 3222 2445 κ
3254 2394 3406 2449 Num
3435 2407 3587 2459 sum,
3623 2414 3653 2445 υ

2014 2482 2141 2553 jam
2172 2480 2340 2536 abest
2368 2498 2401 2537 a
2431 2498 2677 2552 corpore
2712 2498 2725 2536 :
2758 2482 2842 2536 sic
2873 2494 3067 2551 neque
3103 2487 3163 2537 tu
3222 2498 3289 2535 eo
3340 2482 3497 2551 quod
3551 2481 3662 2537 hoc

2020 2571 2240 2626 habeas
2271 2570 2493 2626 donum
2524 2576 2583 2625 et
2610 2588 2729 2627 non
2754 2570 3046 2641 illud,jam
3080 2570 3301 2626 desinis
3329 2582 3461 2627 cum
3495 2576 3664 2626 cane-

2018 2661 2103 2715 ris
2134 2676 2318 2715 unum
2351 2660 2587 2715 efﬁcere
2619 2674 2853 2731 corpus.
2887 2679 2915 2710 «
2950 2660 3004 2715 Si
3039 2664 3226 2715 totum
3255 2675 3468 2729 corpus
3510 2674 3659 2714 acu-

2019 2750 2112 2805 lus
2168 2771 2196 2800 ››
2253 2750 2743 2819 Quandoquidem
2788 2749 2945 2805 oculi
2978 2765 3045 2805 ac
3076 2748 3242 2820 pedis
3275 2747 3567 2812 meminit.
3604 2754 3661 2805 et

2020 2854 2087 2894 ex
2120 2841 2231 2894 hoc
2261 2854 2511 2894 mmrore
2544 2854 2646 2894 eos
2675 2839 3156 2904 aifecit,innuens
3182 2838 3343 2909 ipsos
3375 2837 3665 2907 quodam-

2018 2930 2194 2985 modo
2226 2930 2538 2985 inferiores
2564 2946 2715 2993 esse,
2749 2928 3253 2999 quemadmodum
3286 2934 3342 2985 et
3389 2928 3447 2982 in
3481 2941 3665 2987 mem-

2017 3019 2187 3073 bris:
2248 3019 2507 3073 ostendit
2562 3034 2721 3073 nunc
2776 3018 2854 3072 ita
2910 3017 3211 3088 expedire,
3243 3021 3307 3074 ut
3359 3016 3518 3072 varia
3547 3016 3665 3071 sint

2016 3108 2189 3162 dona.
2225 3108 2385 3161 Sicut
2432 3107 2591 3161 enim
2624 3122 2838 3176 corpus
2879 3105 3011 3161 ideo
3041 3111 3133 3160 est
3161 3119 3398 3175 corpus,
3423 3104 3561 3173 quia
3590 3120 3661 3157 ex

2017 3196 2193 3251 variis
2214 3196 2595 3252 constituitur
2624 3194 2908 3250 membris
2933 3213 2945 3249 :
2981 3195 3064 3250 ita
3094 3199 3151 3250 et
3181 3209 3393 3264 corpus
3423 3192 3659 3256 Christi,

2017 3285 2076 3339 id
2101 3290 2210 3351 est,
2252 3284 2598 3349 Ecclesium,
2632 3284 2741 3338 hoc
2790 3282 2930 3337 facit
2974 3299 3103 3338 esse
3153 3298 3387 3352 corpus,
3443 3291 3658 3352 nempe

248 3368 497 3424 τουτέστι
557 3370 657 3438 τήν
721 3366 1062 3439 Ἐκκλησίαν,
1119 3374 1284 3425 τοῦτο
1341 3371 1473 3424 εἶναι
1514 3375 1666 3425 ποιεῖ
1717 3374 1897 3442 σῶμα,

2020 3375 2319 3431 diversitas
2346 3374 2637 3429 donorum
2662 3389 2727 3429 ac
2757 3374 3196 3444 mysteriorum.
3219 3394 3247 3423 ‹‹
3279 3374 3443 3429 Nunc
3460 3378 3657 3429 autem

250 3459 287 3525 ὴ
323 3454 559 3534 διαφορᾶ
620 3463 729 3513 τῶν
793 3461 1148 3535 χαρισμάτων
1211 3456 1302 3514 καὶ
1370 3456 1678 3516 διακονιῶν.
1710 3482 1738 3511 ‹‹
1772 3458 1905 3514 Νυνὶ

246 3541 306 3600 δὶ
338 3547 367 3599 ὁ
401 3547 531 3608 Θεὸς
560 3543 736 3606 ἔθετο.
778 3571 806 3599 ››
870 3550 1012 3625 ’Όρα
1074 3548 1338 3603 κάνταῦθα
1398 3551 1517 3610 πῶς
1583 3547 1902 3624 τρανότερον

243 3637 336 3689 καί
392 3634 569 3713 χωρίς
621 3655 769 3697 τινος
826 3632 1251 3715 ἀμριϐολογίας,
1296 3638 1359 3691 τὸ
1409 3638 1623 3710 Πνεῦμα
1650 3638 1777 3692 Θεὸν
1810 3637 1902 3692 ἀν-

243 3726 524 3798 εκήρυξεν.
561 3725 745 3783 Εἰπὼν
795 3728 898 3800 γὰρ
947 3726 1052 3800 πρὸ
1110 3727 1351 3804 βραχέος
1397 3728 1481 3782 δτι
1517 3728 1689 3782 πάντα
1735 3732 1901 3782 ταῦτα

246 3814 313 3869 τὸ
379 3816 587 3892 πνεῦμα
651 3816 870 3892 ἐνεργεῖ,
946 3822 1038 3871 νῦν
1109 3817 1276 3873 πάλιν
1353 3818 1475 3893 περὶ
1551 3823 1659 3873 τῶν
1724 3818 1898 3873 αὐτῶν

248 3902 423 3978 λέγων
486 3907 670 3984 φησίν⁸
713 3932 732 3956 ι
779 3907 840 3963 Ὀ
895 3907 1025 3969 Θεὸς
1076 3905 1224 3970 ἔθετο
1279 3906 1345 3960 τὰ
1406 3906 1547 3979 μέλη
1592 3904 1648 3962 ἓν
1676 3904 1897 3962 ἕκαστον

242 3991 423 4047 αὐτῶν
455 3994 635 4057 καθὼς
682 3994 973 4066 ἠθέλησεν.
1009 4020 1035 4046 ››
1088 3994 1242 4065 Μέλη
1294 3996 1419 4072 γὰρ,
1472 3996 1600 4059 τοὺς
1644 3995 1710 4050 τὰ
1739 3998 1900 4071 χαρίσ-

248 4104 429 4157 σματα
490 4085 555 4140 τὰ
607 4082 840 4162 διάφορα
891 4086 1038 4161 παρᾶ
1097 4092 1193 4140 τοῦ
1251 4087 1558 4159 πνεύματος
1609 4086 1904 4165 εἵληφότας

245 4174 522 4245 ὠνόμασε⁸
590 4174 744 4230 κάκεῖ
817 4175 911 4248 μὲν
971 4173 1175 4251 ἔλεγεν,
1247 4200 1273 4226 ‹‹
1355 4176 1594 4251 Ἐνεργεῖ
1663 4175 1902 4252 διαιροῦν

244 4262 456 4335 ἑκάστῳ
485 4264 665 4327 καθὼς
701 4262 977 4343 βούλεταιο
1016 4286 1042 4315 n
1104 4262 1209 4318 ὧδε
1266 4262 1344 4331 δὲ,
1399 4287 1428 4315 ‹‹
1461 4266 1653 4329 Ἐθετο
1681 4263 1902 4327 ἕκαστον

245 4352 423 4406 αὐτῶν
489 4352 541 4407 ἐν
610 4358 689 4424 τῷ
755 4353 970 4424 σώματι
1035 4353 1215 4414 καθὼς
1272 4350 1561 4423 ἠθέλησεν,
1616 4378 1644 4403 ι)
1696 4354 1757 4410 Ei
1808 4356 1899 4409 οὗν

245 4440 278 4496 ὅ
346 4441 477 4503 Θεὸς
543 4440 713 4503 οὕτως
814 4440 1103 4513 ἠθέλησεν,
1200 4442 1399 4497 ἄτοπον
1474 4443 1537 4498 τὸ
1602 4441 1900 4516 ἀδημονεῖν

246 4529 329 4609 ἔφ’
361 4533 445 4593 οἷς
472 4531 499 4584 ὁ
532 4530 661 4594 Θεὸς
689 4530 949 4601 ἠθέλησε.
1002 4531 1078 4587 Τὸ
1133 4527 1208 4599 δὲ,
1269 4555 1296 4582 ‹‹
1331 4532 1522 4593 Καθὼς
1549 4531 1836 4602 ἠθέλησεν,
1873 4559 1899 4585 ››

248 4622 355 4679 ἅνω
402 4624 525 4697 περὶ
576 4627 673 4678 τοῦ
728 4621 1037 4695 Πνεύματος
1070 4626 1238 4690 εἶπεν,
1294 4645 1321 4676 σ
1374 4625 1464 4681 Ἐν
1522 4623 1596 4679 ένῖ
1628 4625 1900 4699 Πνεῦματι

2013 3465 2213 3537 posuit
2242 3465 2416 3519 Deus.
2454 3484 2481 3515 ι»
2513 3463 2835 3518 Considera
2883 3468 2940 3517 et
3000 3463 3095 3517 hic
3126 3461 3422 3533 quomodo
3455 3468 3657 3533 operte

2014 3559 2070 3608 et
2102 3555 2228 3608 sine
2287 3553 2411 3607 ulla
2467 3552 2851 3625 ambiguitate
2914 3552 3196 3623 Spiritum
3249 3551 3658 3623 prmdicaverit

2013 3658 2141 3698 esse
2175 3645 2378 3698 Deum.
2412 3644 2557 3699 Cum
2589 3642 2746 3698 enim
2778 3641 2955 3713 paulo
3002 3648 3138 3697 ante
3195 3641 3442 3697 dixisset
3497 3642 3655 3711 quod

2011 3737 2213 3791 omnia
2267 3736 2393 3790 haec
2452 3736 2703 3806 Spiritus
2761 3740 3060 3805 operetur,
3117 3749 3278 3791 nunc
3307 3748 3546 3789 rursum
3579 3734 3650 3788 de

2010 3824 2237 3880 eisdem
2253 3827 2526 3893 loquens,
2552 3825 2634 3878 ait
2657 3840 2669 3878 :
2708 3843 2731 3874 α
2754 3823 2958 3879 Posuit
2988 3824 3141 3878 Deus
3169 3824 3653 3885 membra,unum

2011 3914 2287 3984 quodque
2320 3926 2524 3967 eorum
2558 3913 2708 3967 sicut
2731 3911 2949 3976 voluit;
2980 3929 3006 3961 ι
3076 3910 3345 3965 membra
3399 3926 3656 3981 namque

2012 4002 2328 4075 appellavit
2351 4016 2452 4057 eos
2483 3996 2581 4071 qui
2604 4001 2765 4055 varia
2793 4001 2947 4055 dona
2978 4016 3011 4055 a
3031 4001 3253 4072 Spiritu
3282 4007 3652 4071 acceperant.

2010 4094 2081 4147 Et
2108 4091 2189 4147 ibi
2205 4090 2447 4162 quidem
2471 4088 3022 4160 dicebat:0peratur
3042 4089 3311 4144 dividens
3330 4090 3654 4159 unicuique

2012 4184 2165 4238 sicut
2188 4181 2311 4236 vult
2338 4180 2387 4217 ³³
2414 4199 2428 4249 ;
2465 4204 2492 4231 ››
2518 4181 2613 4234 hic
2644 4185 2841 4235 autem
2868 4195 2881 4235 :
2905 4200 2933 4229 α
2962 4180 3157 4234 Pesult
3188 4180 3656 4250 unumquodque

2013 4286 2219 4327 eorum
2252 4272 2313 4324 in
2341 4286 2589 4341 corpore
2613 4268 3116 4340 quemadmodum
3137 4268 3339 4323 voluit.
3373 4290 3400 4317 »ι
3428 4269 3485 4322 Si
3517 4284 3653 4341 ergo

2010 4364 2093 4417 ita
2118 4364 2271 4417 Deus
2300 4361 2504 4427 voluit,
2538 4360 2861 4416 absurdum
2892 4365 2981 4413 est
3020 4360 3273 4431 graviter
3299 4358 3548 4422 anxiari,
3581 4360 3654 4413 ob

2012 4464 2242 4522 eaquae
2303 4449 2455 4506 Deus
2513 4450 2595 4504 ita
2652 4449 2782 4505 fieri
2836 4448 3042 4503 voluit.
3102 4448 3266 4513 Quod
3298 4452 3495 4503 autem
3526 4446 3655 4502 ait:

2011 4562 2039 4587 ι(
2072 4538 2583 4604 Quemadmodum
2616 4537 2819 4603 voluit,
2860 4556 2887 4586 »
2920 4537 3195 4608 superius
3225 4537 3296 4591 de
3330 4536 3549 4607 Spiritu
3568 4536 3655 4590 di-

2012 4628 2133 4683 xit:
2169 4651 2195 4677 «
2230 4629 2342 4683 Per
2371 4642 2557 4682 unum
2580 4626 2861 4697 Spiritum
2885 4642 2993 4680 nos
3020 4640 3246 4681 omnes.
3283 4646 3310 4674 »
3343 4626 3447 4679 Et:
3473 4647 3499 4674 «
3527 4626 3659 4680 0m-

246 4714 412 4783 ἡμεῖς
444 4711 657 4773 πάντες.
694 4737 720 4764 ››
774 4711 893 4781 Καὶ,
955 4734 983 4763 ‹‹
1016 4710 1216 4773 Πάντες
1274 4711 1328 4767 ἓν
1358 4712 1511 4785 πόμα
1542 4712 1903 4786 ἐποτίσθημεν

2020 4732 2117 4774 nes
2148 4734 2265 4773 uno
2298 4716 2510 4789 poculo
2538 4713 2707 4788 rigati
2740 4730 2945 4771 sumus
2979 4717 3042 4771 in
3071 4730 3257 4770 unum
3288 4716 3589 4787 Spiritum.
3627 4742 3653 4767 ››

250 4801 326 4865 είς
373 4797 429 4855 ’ἐν
488 4803 723 4873 Πνεῦμα.
758 4823 785 4853 ››
843 4801 939 4855 Καὶ
1001 4797 1190 4871 ἐπειδὴ
1253 4800 1329 4863 εἷς
1383 4798 1441 4856 ἓν
1500 4801 1716 4876 Πνεῦμα
1768 4801 1905 4859 πάν-

250 4910 353 4959 τες,
413 4890 505 4943 καὶ
565 4894 663 4944 τοῦ
723 4889 1038 4962 Πνεῦματος
1097 4890 1158 4944 τὸ
1216 4888 1451 4963 θέλημα.
1510 4892 1599 4946 καὶ
1658 4892 1786 4954 Θεὸς
1839 4894 1901 4947 τὸ

253 4980 486 5048 Πνεῦμα.
540 4984 611 5033 "il
643 4978 731 5032 καὶ
794 4978 914 5053 περέ
976 4976 1114 5048 ὅλης
1172 4986 1272 5049 τῆς
1324 4978 1477 5053 ἁγίας
1507 4977 1744 5054 Τριάδος
1775 4980 1905 5052 νοη-

254 5089 371 5130 ιεις.
407 5069 485 5125 Οὐ
543 5069 645 5144 γὰρ
706 5068 815 5123 ἐστι
877 5066 1111 5148 διαιρορά
1165 5076 1263 5139 τῆς
1321 5070 1621 5143 ὀμοουσίου
1660 5074 1748 5127 καὶ
1779 5094 1907 5127 παν-

249 5161 494 5231 υμνήτου
552 5156 801 5232 Τριάδος.
852 5159 919 5214 Ei
978 5156 1036 5213 δὲ
1066 5159 1133 5228 ἦν
1164 5159 1231 5213 τὰ
1288 5162 1459 5215 πάντα
1486 5159 1541 5215 ’ὲν
1578 5159 1768 5234 μέλος,
1800 5166 1904 5217 ποῦ

247 5250 310 5306 τὸ
368 5254 571 5321 σῶμα;
629 5247 773 5304 Αὐτὸ
831 5248 892 5303 τὸ
949 5253 1140 5303 ποιοῦν
1210 5248 1434 5311 ἐκείνοις
1487 5248 1754 5331 πρόφασιν
1816 5274 1905 5325 μι-

248 5336 577 5411 κροψυχίας,
637 5335 699 5391 τὸ
759 5337 894 5391 εἶναι
947 5334 1183 5415 διάφορα
1241 5338 1307 5393 τὰ
1362 5340 1699 5413 χαρίσματα,
1745 5337 1904 5401 αὐτὸς

254 5427 329 5489 εἰς
377 5426 649 5499 πρόφασιν
697 5426 939 5488 ἑνώσεως
990 5422 1281 5500 λαμϐάνει.
1333 5428 1399 5484 Ei
1444 5430 1546 5504 γὰρ
1603 5432 1677 5501 μή
1707 5426 1903 5504 ε’ίχετε,

255 5515 407 5592 φησὶ,
466 5510 700 5591 διάφορα
764 5515 1104 5590 χαρίσματα,
1162 5512 1290 5571 οὐδὶ
1343 5520 1501 5589 σῶμα
1556 5518 1671 5586 ἦτε.
1733 5523 1907 5591 Σῶμα

323 5670 367 5704 ³²
393 5670 419 5724 Ι
445 5669 574 5733 Cor.
610 5683 709 5733 xu,
746 5672 830 5724 H.

2011 4808 2083 4863 Et
2112 4807 2393 4878 quoniam
2426 4807 2486 4860 in
2516 4821 2703 4861 unum
2748 4806 3029 4876 Spiritum
3063 4818 3291 4873 omnes,
3353 4812 3411 4860 et
3468 4806 3655 4878 ipsius

2014 4897 2262 4968 Spiritus
2320 4900 2409 4950 est
2456 4895 2749 4956 voluntas,
2781 4892 2986 4963 utique
3022 4894 3274 4965 Spiritus
3331 4900 3421 4951 est
3478 4898 3656 4954 Deus.

2013 4989 2128 5041 Aut
2159 4987 2336 5041 etiam
2369 4985 2440 5040 de
2471 4989 2595 5039 tota
2625 4988 2828 5038 sancta
2870 4983 3078 5037 Triade
3107 4983 3423 5055 intelliges.
3455 4987 3652 5054 Neque

2014 5074 2170 5129 enim
2206 5078 2296 5127 est
2351 5072 2659 5127 diversitas
2690 5071 2751 5125 in
2787 5086 3022 5142 semper
3060 5071 3357 5127 laudanda
3388 5072 3655 5144 ejusdem

2014 5162 2285 5218 essentia:
2341 5161 2569 5215 Triade.
2625 5160 2789 5225 Quod
2840 5160 2887 5214 si
2947 5166 3146 5215 essent
3202 5161 3400 5215 omnia
3471 5174 3657 5214 unum

2012 5250 2477 5316 membrum,ubi
2509 5265 2721 5321 corpus
2746 5250 2773 5305 ?
2796 5251 2915 5304 Hoc
2947 5251 3140 5320 ipsum
3168 5249 3324 5318 quod
3354 5248 3475 5302 illis
3497 5264 3659 5303 occa-

2015 5341 2101 5396 sio
2134 5347 2257 5395 erat
2308 5339 2838 5411 pusillanimitatis,
2873 5352 3085 5409 nempe
3118 5338 3272 5392 varia
3302 5350 3430 5393 esse
3481 5336 3655 5407 dona,

2013 5431 2138 5501 ipse
2170 5435 2244 5484 ad
2274 5429 2646 5485 occasionem
2679 5428 2928 5483 assumit
2966 5426 3234 5481 unitatis.
3278 5429 3421 5482 Nam
3455 5427 3503 5481 si
3534 5440 3656 5483 non

2012 5516 2332 5586 haberetis,
2364 5518 2577 5590 inquit,
2609 5519 2769 5573 varia
2801 5516 2976 5586 dona,
3007 5533 3083 5571 ne
3140 5530 3354 5587 corpus
3413 5516 3653 5589 quidem
