4068 6254
506 356 623 417 89.3

1623 357 2048 419 (ECUMENII
2093 355 2400 418 TBlCC/E
2444 357 2800 420 EPISCOPI

3740 363 3830 422 824

511 493 758 547 essetis:
794 489 954 560 quod
987 491 1036 544 si
1068 507 1282 561 corpus
1317 506 1435 546 non
1460 491 1690 559 essetis,
1714 506 1906 561 neque
1938 491 2161 545 honore

2276 484 2332 542 δὲ
2393 489 2468 562 μὴ
2527 486 2696 559 ὄντες,
2757 488 2882 545 οὐδὲ
2930 489 3166 563 ἰσότιμοι
3229 492 3292 546 ἂν
3348 491 3461 559 ἦτε.
3515 495 3566 550 Ἦ
3618 495 3704 569 γὰρ
3747 495 3832 550 ἴσθ’

512 580 770 650 aequales
804 579 1034 634 essetis.
1071 580 1214 633 Nam
1247 579 1488 634 honoris
1549 580 1857 651 mqualitas
1901 596 1968 634 ac
2018 580 2158 634 unio

513 687 582 725 ex
612 671 843 725 unitate
874 669 1138 740 corporis
1168 670 1516 740 procedunt.

589 760 744 816 542
777 759 900 829 XII,
930 759 1120 812 21ν23.
1178 759 1296 813 Νοη
1339 765 1519 828 potest
1541 765 1721 813 autem
1751 759 1940 815 oculus
1986 758 2162 813 dicere

514 852 736 914 manui,
767 849 883 903 Non
923 855 1001 902 est
1058 847 1202 902 mihi
1251 864 1388 918 opus
1429 855 1517 903 te:
1578 854 1674 903 aut
1730 863 1946 903 rursum
2001 853 2164 919 caput

506 939 746 1009 pedibus
781 956 791 991 :
830 940 945 993 Non
979 942 1054 991 est
1094 938 1233 992 mihi
1261 953 1398 1008 opus
1427 938 1597 991 vobis.
1630 939 1747 991 Imo
1777 939 1950 991 multo
1972 938 2164 1006 potius

513 1044 636 1098 qua
694 1026 952 1081 videntur
998 1026 1239 1080 membra
1297 1027 1540 1095 corporis
1616 1025 1975 1080 imbecilliora
2034 1041 2163 1090 esse,

513 1118 819 1171 necessaria
867 1121 1042 1170 sunt:
1075 1121 1128 1168 et
1185 1131 1306 1183 qua
1364 1117 1659 1184 opinamur
1709 1116 1888 1169 minus
1942 1114 2166 1168 honesta

511 1221 619 1260 esse
657 1206 923 1273 corporis,
983 1203 1065 1257 his
1125 1203 1384 1257 honorem
1435 1204 1738 1258 uberiorem
1789 1205 2158 1274 apponimus:

511 1302 562 1349 et
617 1295 876 1348 indecora
932 1295 1108 1347 nostri
1168 1295 1523 1361 copiosiorem
1602 1293 1850 1347 decorem
1939 1292 2161 1346 habent.

515 1385 643 1449 Quae
672 1390 856 1438 autem
887 1383 1088 1436 decora
1119 1389 1245 1436 sunt
1272 1385 1466 1450 nostri,
1498 1399 1608 1438 non
1640 1381 1901 1453 indigent.

589 1563 754 1629 Quod
787 1563 1029 1618 sietiam
1044 1563 1183 1617 velit
1215 1563 1586 1617 dicerezNon
1622 1568 1711 1618 est
1738 1564 1883 1617 mihi
1917 1581 2064 1635 opus
2087 1569 2166 1634 te,

521 1670 643 1707 non
677 1653 760 1707 ita
799 1669 861 1706 se
892 1651 1069 1706 habet
1096 1651 1180 1705 rei
1223 1657 1453 1706 natura.
1487 1653 1590 1706 Ubi
1643 1658 1843 1706 autem
1897 1653 2169 1722 superius

521 1744 825 1807 suasisset,
861 1757 936 1796 ne
967 1742 1220 1814 graviter
1241 1740 1465 1795 ferrent
1498 1741 1596 1811 qui
1630 1741 1861 1796 minora
1883 1740 2171 1795 haberent

2269 579 2427 650 τιμία
2456 578 2547 633 καὶ
2577 578 2794 648 ἓνωσις,
2829 578 2888 634 ἐκ
2917 583 3014 634 τοῦ
3048 580 3180 633 εἶναι
3212 577 3268 635 ἓν
3298 580 3453 653 σῶμα
3481 580 3627 637 ἐστιν.

2341 669 2416 726 Οὐ
2477 667 2696 725 δύναται
2757 667 2814 724 δὲ
2896 672 2923 724 ὁ
3011 669 3297 749 ὀφθαλμὸς
3376 670 3536 726 εἰπεῖν
3589 677 3648 745 τῇ
3704 676 3830 749 χειρὶ,

2269 756 2458 832 χρείαν
2519 780 2615 813 σου
2683 759 2782 814 οὐκ
2864 755 3001 834 ἔχω·
3086 759 3120 828 ἢ
3205 759 3371 814 πάλιν
3431 763 3462 827 ἡ
3519 760 3702 839 κεφαλή
3752 768 3834 823 τοῖς

2269 847 2420 918 ποσὶ,
2479 845 2676 920 Χρείαν
2739 848 2890 920 ὑμῶν
2951 847 3050 902 οὐκ
3104 844 3242 925 ἔχω.
3306 847 3476 904 Ἀλλὰ
3528 847 3702 921 πολλῷ
3733 849 3834 921 μᾶλ-

2271 933 2366 989 λον
2423 935 2490 990 τὰ
2549 933 2812 990 δοκοῦντα
2873 935 3014 1008 μὲλη
3091 941 3186 991 τοῦ
3264 938 3512 1010 σώματος
3562 936 3834 1011 ἀσθενέστερα

2273 1024 2558 1100 ὑπάρχειν,
2646 1029 2907 1100 αναγκαῖά
3007 1026 3138 1097 ἐστι,
3243 1027 3332 1081 καὶ
3409 1027 3439 1080 ἃ
3511 1025 3740 1099 δοκοῦμεν
3761 1030 3836 1081 ἀτι-

2276 1111 2477 1187 μ·5τερα
2536 1114 2669 1168 εἶναι
2723 1118 2822 1168 τοῦ
2896 1115 3166 1186 σώματος,
3225 1113 3440 1175 τούτοις
3493 1116 3646 1186 τιμὴν
3695 1135 3834 1190 rapsa-

2273 1201 2494 1274 σοτέραν
2548 1203 2912 1278 περιτίθεμεν.
2974 1203 3077 1258 Καὶ
3132 1204 3196 1258 τὰ
3257 1204 3541 1277 ἀσχήμονα
3595 1206 3836 1275 intime-3-

2273 1292 2636 1369 σχημοσῦνην
2692 1290 3076 1366 περισσοτέραν
3148 1289 3286 1366 ἔχει.
3348 1293 3426 1348 Τὰ
3484 1290 3534 1346 δὲ
3584 1295 3836 1367 εὐσχήμονα

2271 1383 2431 1452 ἡμῶν
2465 1381 2526 1435 οὐ
2560 1382 2745 1456 χρείαν
2777 1377 2892 1457 ἔχει

2345 1559 2453 1616 Κᾶν
2512 1562 2613 1635 γὰρ
2671 1560 2802 1635 θέλῃ
2859 1561 3048 1630 εἰπεῖν,
3109 1587 3136 1613 ‹‹
3169 1563 3366 1635 Χρείαν
3425 1584 3514 1616 σου
3568 1561 3654 1617 οὐκ
3683 1561 3832 1639 Elui,»

2275 1648 2383 1724 οὐχ
2456 1649 2632 1711 οὕτως
2709 1647 2827 1728 ἔχει
2903 1651 3114 1728 φύσεως
3185 1653 3249 1705 τὸ
3315 1658 3550 1726 πρᾶγμα.
3605 1651 3762 1710 Πείσας
3798 1647 3835 1703 δὲ

2275 1737 2325 1792 ἐν
2385 1745 2500 1801 τοῖς
2561 1733 2864 1812 ἔμπροσθεν
2919 1740 2994 1812 μὴ
3075 1739 3304 1812 ἀθυμεῖν
3357 1740 3482 1801 τοὺς
3531 1739 3587 1794 τὸ
3637 1737 3833 1793 ἓλάττονα

521 1831 695 1895 dona,
731 1831 804 1884 ad
838 1829 1192 1884 modestiam
1224 1846 1382 1883 nunc
1407 1835 1640 1883 revocat
1697 1828 1915 1883 fastum
1965 1845 2168 1884 eorum

2276 1825 2503 1902 ἔχοντας
2559 1826 2894 1902 χαρίσματα,
2963 1833 3053 1881 νῦν
3133 1828 3482 1884 καταστέλλεί
3533 1829 3590 1882 τὸ
3641 1829 3832 1904 φρόνημα

520 1920 619 1988 qui
649 1920 875 1989 majora
897 1917 1215 1972 habebant.
1237 1916 1742 1982 Quemadmodum
1777 1917 1935 1971 enim
1962 1918 2168 1972 oculus

520 2007 716 2062 dicere
748 2023 868 2061 non
900 2012 1095 2080 potest
1120 2006 1351 2061 caeteris
1374 2006 1657 2061 membris
1682 2025 1693 2061 :
1719 2029 1745 2056 ‹‹
1769 2009 1896 2061 Non
1918 2011 2007 2061 est
2022 2005 2168 2061 mihi

520 2112 668 2166 opus
699 2096 861 2150 vobis
901 2113 912 2150 :
950 2118 976 2144 ››
1009 2112 1146 2150 nam
1172 2096 1218 2150 si
1251 2112 1436 2150 unum
1466 2096 1639 2164 desit,
1661 2102 1849 2151 totum
1882 2095 2170 2150 claudicat

523 2201 760 2256 corpus.
784 2186 869 2239 lta
897 2200 1088 2255 neque
1149 2184 1248 2254 qui
1308 2185 1535 2256 majora
1587 2191 1944 2256 acceperunt
1994 2184 2168 2250 dona,

523 2280 775 2346 possunt
827 2275 1030 2329 extolli
1087 2275 1368 2330 adversus
1399 2291 1501 2330 eos
1533 2277 1633 2345 qui
1665 2276 1898 2331 minora
1924 2276 2170 2342 habent,

525 2364 694 2434 quasi
729 2365 813 2419 eis
863 2381 983 2419 non
1035 2369 1298 2420 utantur.
1333 2364 1514 2420 Unius
1547 2365 1705 2420 enim
1732 2365 1985 2436 abjectio
2017 2365 2173 2420 clau-

526 2454 724 2508 dicare
757 2454 898 2508 facit
927 2469 1141 2524 corpus
1173 2454 1612 2523 Ecclesiaa,cum
1643 2472 1762 2509 non
1795 2455 1907 2509 soli
1938 2455 2024 2509 illi
2058 2454 2173 2510 suf—

525 2543 731 2598 ficiant
761 2543 836 2598 ad
895 2559 1026 2598 eam
1084 2543 1496 2598 aedificandam
1528 2544 1628 2613 qui
1677 2544 1907 2614 majora
1955 2543 2175 2598 habent

527 2633 703 2688 dona.
738 2655 764 2681 ‹‹
800 2633 920 2687 Imo
954 2632 1143 2686 multo
1176 2632 1393 2702 potius.
1426 2655 1453 2681 »
1485 2633 1649 2687 Nunc
1680 2633 1993 2687 ostendere
2053 2631 2174 2686 vult

525 2721 683 2791 quod
714 2721 982 2775 fortassis
1009 2721 1195 2792 magis
1227 2721 1546 2774 necessarii
1581 2721 1700 2774 sint
1718 2721 1817 2790 qui
1848 2737 1917 2774 ea
1937 2737 2175 2790 accepe-

524 2815 665 2864 runt
712 2809 867 2863 dona
917 2825 1048 2878 quae
1092 2809 1324 2863 minora
1354 2807 1642 2862 videntur.
1679 2810 1831 2863 Bene
1859 2814 2056 2863 autem
2088 2808 2173 2864 di-

521 2899 643 2952 xit:
683 2922 707 2948 α
742 2899 881 2963 Qum
912 2897 1204 2961 videntur,
1240 2919 1268 2947 »
1296 2897 1616 2952 ostendens
1647 2898 1707 2951 in
1739 2897 1865 2952 sola
1896 2898 2173 2970 opinione

523 3004 655 3042 esse
704 2987 1182 3052 inferioritatem,
1243 2993 1299 3042 et
1357 3003 1737 3058 nequaquam
1799 2988 1858 3040 in
1907 2988 2173 3042 veritate.

520 3099 548 3126 ‹‹
565 3077 704 3142 Qum
723 3076 998 3131 videntur
1019 3075 1281 3131 membra
1303 3076 1976 3146 corporisimbecilliora
1989 3093 2174 3132 esse.»

518 3165 769 3230 Quidam
801 3166 968 3220 aiunt
1018 3166 1129 3220 hoc
1160 3165 1379 3220 dixisse
1410 3181 1545 3220 eum
1579 3165 1650 3220 de
1677 3166 1886 3230 oculis,
1921 3166 2021 3235 qui
2057 3167 2169 3220 im—

520 3253 764 3308 becilles
797 3253 1038 3323 quidem
1096 3260 1234 3308 sunt
1266 3255 1315 3308 si
1347 3254 1422 3308 ad
1453 3261 1667 3309 cmtera
1697 3255 1968 3310 conferas
1990 3271 2171 3310 mem-

523 3341 650 3406 bra,
687 3358 965 3414 magnum
1022 3348 1221 3396 tamen
1278 3342 1503 3410 aliquid
1563 3343 1874 3398 conferunt
1917 3345 2172 3415 corpori,

527 3435 588 3483 et
616 3431 665 3484 si
697 3429 1027 3483 imbecilles
1057 3445 1186 3484 esse
1200 3430 1531 3487 videantur.
1549 3432 1752 3500 Itaque
1769 3433 1816 3486 si
1844 3433 2175 3488 imbecilles

525 3534 628 3571 vos
677 3516 980 3587 judicatis,
1045 3533 1118 3571 ne
1178 3533 1328 3588 mgre
1387 3518 1611 3582 feratis,
1655 3521 1978 3574 necessarii
2010 3523 2171 3576 estis.

531 3604 696 3670 Quod
749 3611 949 3660 autem
1003 3621 1198 3676 neque
1228 3622 1330 3660 vos
1354 3605 1686 3661 imbecilles
1727 3608 1876 3676 sitis,
1921 3609 2024 3663 sed
2056 3609 2175 3664 illis

529 3694 728 3766 potius
760 3693 860 3764 qui
913 3708 1188 3764 magnam
1230 3693 1451 3749 habent
1507 3695 1597 3749 sui
1652 3697 2171 3765 existimationem,

526 3785 668 3840 hinc
726 3782 1109 3837 manifestum
1168 3789 1278 3847 est,
1337 3783 1549 3853 inquit.
1620 3785 1758 3849 Qua:
1817 3785 2175 3840 arbitramur

520 3873 722 3928 minus
788 3872 1040 3927 honesta
1095 3889 1224 3927 esse
1284 3873 1572 3944 corporis,
1615 3875 1826 3946 majori
1860 3874 2175 3946 dignamur

516 3961 891 4032 providentia
945 3966 1004 4015 et
1061 3961 1303 4028 auxilio,
1339 3967 1450 4017 etc.
1490 3983 1511 4012 ι
1573 3963 1642 4016 Et
1697 3980 1828 4033 quas
1860 3965 2174 4034 opinamur

515 4051 714 4105 minus
747 4051 998 4105 honesta
1057 4067 1206 4105 esse.
1242 4073 1271 4100 ››
1305 4051 1531 4121 Ubique
1590 4052 1858 4125 adjungit
1891 4076 1919 4102 «
1955 4055 2173 4124 Opina-

522 4156 680 4206 mur,
710 4162 730 4188 ι
768 4139 1088 4194 ostendens
1120 4139 1441 4194 humanam
1474 4141 1625 4195 hanc
1648 4157 1777 4195 esse
1801 4142 2166 4213 opinionem.

516 4228 682 4293 Quod
713 4233 911 4282 autem
945 4229 1027 4282 ait
1057 4227 1373 4300 ἀτιμότερα,
1409 4229 1466 4282 id
1499 4235 1609 4292 est.
1663 4231 1863 4286 minus
1922 4231 2170 4287 honesta

518 4318 636 4372 sive
669 4317 1024 4388 indigniora,
1058 4316 1299 4387 quidam
1332 4317 1528 4388 ipsum
1563 4318 1636 4372 de
1665 4317 1915 4388 pedibus
1947 4320 2168 4375 dixisse

521 4407 706 4474 aiunt,
735 4407 834 4475 qui
866 4405 1064 4460 locum
1097 4403 1337 4475 quidem
1372 4405 1716 4460 inferiorem
1764 4414 2166 4479 sumpserunt,

520 4495 790 4550 foventur
819 4500 1042 4562 tamen,
1080 4493 1319 4563 illisque
1376 4493 1512 4563 plus
1571 4495 1872 4550 interdum
1931 4513 1964 4550 a
1995 4496 2166 4551 nobis

522 4583 864 4655 providetur
911 4598 1090 4654 quam
1149 4582 1379 4637 caeteris
1413 4583 1711 4637 membris.
1747 4586 1811 4638 In
1862 4585 1953 4638 his
2013 4586 2168 4640 enim

2277 4576 2404 4646 γοῦν
2461 4577 2626 4628 τοῦτο
2687 4570 2840 4645 λάϐε,
2903 4577 3026 4651 περί
3083 4582 3188 4632 τῶν
3239 4580 3550 4653 γεννητικῶν
3609 4565 3780 4643 μορίων.

525 4673 795 4727 firmatur
825 4677 1013 4727 totum
1063 4687 1296 4741 corpus.
1361 4673 1476 4725 Aut
1513 4672 1624 4726 hoc
1682 4672 1753 4727 de
1810 4673 2167 4741 genitalibus

525 4761 811 4814 membris
842 4761 1117 4831 accipito,
1153 4776 1284 4829 quas
1311 4759 1586 4815 videntur
1616 4761 1858 4831 quidem
1887 4762 2169 4818 indecora

525 4863 656 4902 esse
688 4852 747 4902 et
775 4847 1092 4901 inhonesta
1115 4864 1128 4900 :
1152 4848 1306 4904 543
1329 4853 1590 4904 attamen
1615 4850 1788 4905 malit
1813 4852 1946 4921 quis
1976 4857 2167 4907 totum

521 4954 735 5009 corpus
766 4936 991 4991 nudum
1017 4936 1235 4992 habere
1268 4954 1446 5008 quam
1479 4939 1625 4994 haec.
1649 4940 1786 4995 Ideo
1823 4941 2164 5014 subjungit:

517 5029 922 5085 I-lishonorem
938 5026 1273 5082 uberiorem
1293 5029 1670 5098 opponimus,
1689 5036 1747 5084 et
1776 5031 2167 5102 copiosiorem

516 5118 793 5173 decorem
825 5114 1069 5170 habent.

584 5239 653 5248 —
682 5204 903 5262 Licebit
959 5209 1158 5258 autem
1216 5204 1275 5258 id
1307 5207 1586 5278 pr0prius
1617 5207 1728 5263 hoc
1762 5208 1937 5264 etiam
1989 5210 2165 5265 modo

519 5296 870 5368 intelligere.
895 5295 1022 5349 Non
1057 5294 1350 5365 contingit
1377 5295 1793 5367 vobis,inquit,
1829 5314 1898 5351 ex
1939 5298 2049 5354 hoc
2074 5299 2167 5354 in-

519 5385 768 5440 feriores
793 5399 924 5438 esse
954 5381 1112 5453 quod
1145 5382 1343 5437 minus
1374 5383 1595 5438 donum
1640 5386 1829 5440 sortiti
1863 5387 1990 5441 sitis
2024 5404 2165 5442 :ne-

523 5490 636 5543 que
655 5474 814 5528 enim
835 5472 1077 5526 omnino
1101 5471 1148 5525 si
1168 5472 1301 5540 quis
1330 5473 1524 5544 majus
1547 5476 1790 5529 sortitus
1826 5475 1902 5528 sit
1921 5476 2164 5545 donum,

519 5561 647 5630 jam
679 5561 858 5614 etiam
881 5560 1072 5630 major
1089 5561 1485 5629 est,quoniam
1519 5561 1687 5616 multi
1711 5580 1947 5633 quoque
1960 5581 2164 5620 eorum

531 5648 631 5724 qui
671 5652 1047 5718 acceperunt,
1080 5648 1390 5702 inferiores
1410 5650 1494 5720 iis
1548 5657 1685 5705 sunt
1716 5652 1815 5722 qui
1848 5653 1996 5707 nihil
2037 5671 2163 5708 om-

2273 1918 2380 1967 τῶν
2441 1914 2507 1967 τὰ
2578 1915 2801 1986 μείζονα
2867 1912 3128 1990 ἐχόντων.
3199 1917 3400 1988 ’Ὠσπερ
3463 1914 3556 1987 γὰρ
3607 1915 3632 1968 ὁ
3681 1910 3832 1990 ὀφθαλ-

2281 2003 2381 2075 μὸς
2434 2002 2495 2057 οὗ
2553 1999 2772 2057 δύναται
2805 2002 2981 2078 λέγειν
3037 2010 3159 2066 τοῖς
3213 2002 3431 2065 λοιποῖς
3481 2003 3664 2074 μέλεσι,
3689 2001 3827 2075 Χρείαν

2281 2093 2433 2164 ὑμῶν
2494 2092 2595 2146 οὐκ
2649 2087 2766 2170 ἔχω
2827 2118 2854 2143 ››
2913 2094 3054 2165 (ἑνὸς
3112 2094 3216 2166 γὰρ
3275 2090 3556 2158 ἐνδέοντος,
3606 2092 3716 2144 ἅπαν
3743 2111 3826 2166 χω-

2278 2175 2422 2233 λεῦει
2477 2179 2538 2233 τὸ
2593 2182 2794 2251 σῶμα)·
2855 2179 3028 2241 οῧτῶς
3088 2177 3217 2235 οὐδὲ
3274 2181 3324 2234 οῖ
3379 2180 3440 2235 τα
3493 2178 3682 2252 μείζονα
3720 2177 3826 2244 είλη-

2278 2266 2435 2344 φότες
2501 2267 2833 2341 χαρίσματα,
2926 2264 3178 2322 δύνανται
3246 2268 3541 2342 ἐπαίρεσθαι
3595 2265 3704 2320 κατὰ
3751 2267 3824 2316 τῶν

2275 2355 2344 2409 τὰ
2410 2353 2671 2410 ἐλάττονα
2738 2355 3006 2434 ἐχόντων,
3074 2357 3149 2417 ὡς
3231 2357 3294 2412 οὐ
3361 2356 3629 2435 χρῄζοντες
3681 2353 3822 2407 αὐτῶν.

2279 2445 2430 2505 Ἐνός
2483 2443 2584 2518 γὰρ
2638 2441 2918 2514 ἀποϐολὴ,
2979 2445 3254 2520 χωλεύειν
3315 2452 3457 2501 ποιεῖ
3513 2446 3567 2500 τὸ
3620 2443 3826 2514 πλήρωμα

2281 2531 2759 2601 τῆςἙκκλησίας,
2818 2533 2917 2588 οὐκ
2973 2535 3270 2609 αὐτάρκων
3331 2533 3488 2590 ὄντων
3539 2537 3626 2588 τῶν
3671 2532 3720 2584 τὰ
3743 2527 3822 2600 μεί·

2283 2627 2408 2690 ζονα
2443 2621 2682 2696 ἐχόντων
2743 2622 3058 2698 χαρίσματα
3126 2626 3344 2697 μόνων,
3401 2622 3662 2695 οἰκοδομεῖν
3686 2620 3815 2686 αὑτήν.

2283 2735 2309 2760 (ί
2341 2709 2529 2768 Ἀλλὰ
2581 2709 2777 2782 πολλῷ
2837 2710 3072 2783 μᾶλλον.
3108 2738 3136 2765 ››
3198 2717 3324 2771 Νῦν
3355 2715 3506 2785 δεῖξαι
3531 2711 3640 2776 θέλει
3665 2710 3724 2763 δτι
3752 2706 3811 2759 καί

2282 2797 2700 2876 χρειωόἑστεροι
2756 2801 2899 2877 τάχα
2951 2803 3085 2857 εἰσὶν
3138 2805 3190 2856 οῖ
3262 2806 3328 2859 τὰ
3382 2803 3596 2859 δοκοῦντα
3624 2797 3806 2853 ἐλάττονα

2278 2893 2386 2943 τῶν
2442 2889 2797 2962 χαρισμάτων
2858 2890 3167 2968 εἰληφότες.
3255 2892 3448 2956 Καλῶς
3489 2890 3531 2946 δὲ
3563 2891 3656 2954 εἶπε,
3701 2908 3714 2932 ι
3743 2881 3793 2936 Τἃ

2284 2974 2566 3046 δοκοῦντα,
2630 3003 2656 3030 ››
2719 2977 2923 3040 δεικνὺς
2975 2979 3026 3034 ἐν
3090 2979 3329 3052 δοκήσει
3388 2984 3501 3056 μόνῃ
3537 2973 3789 3046 τήνέλάττω-

2283 3087 2363 3120 σιν
2397 3067 2552 3135 εἶναι,
2587 3067 2647 3121 οὐ
2684 3069 2790 3140 μὴν
2847 3067 2898 3123 ἐν
2957 3068 3209 3142 ἀληθείᾳ.
3287 3094 3313 3119 «
3371 3074 3444 3127 Τὰ
3493 3069 3676 3124 δοκοῦντα
3697 3055 3799 3130 μὲλτ,

2281 3161 2378 3210 τοῦ
2444 3156 2697 3228 σώματος
2765 3158 3110 3233 ἀσθενέστερα
3179 3160 3471 3240 ὑπάρχειν,
3509 3182 3530 3212 ι
3570 3153 3670 3208 Φισὶ
3711 3164 3812 3204 τινες

2389 3246 2402 3264 \
2521 3249 2546 3260 ν
2677 3245 2690 3264 9
2901 3251 2925 3262 υ
3071 3248 3084 3266 τ
3137 3250 3149 3266 κ
3347 3255 3371 3265 «-
3525 3247 3537 3266 ν
3639 3240 3644 3257 ¹
3798 3240 3811 3270 ’ὁ

2282 3265 2404 3320 περι
2481 3267 2590 3300 των
2666 3247 2966 3322 οφθαλμων
3029 3269 3186 3304 αυτον
3278 3271 3434 3305 τουτο
3501 3260 3726 3320 ειρηῑεναιο
3779 3254 3814 3286 θ’

2282 3335 2520 3398 ἀσθενεῖς
2572 3336 2666 3406 μέν
2727 3335 2858 3390 εἶσιν
2913 3338 2988 3401 ὡς
3042 3338 3178 3412 πρὸς
3251 3341 3319 3396 τὰ
3373 3338 3525 3394 λοιπὰ
3574 3324 3820 3407 μέλη,μὲγα

2279 3422 2336 3479 δέ
2363 3446 2414 3479 τι
2447 3426 2761 3480 συντελοῦσι
2822 3431 2902 3498 τῷ
2959 3427 3196 3499 σώματι,
3272 3429 3316 3485 εἰ
3369 3429 3453 3484 καὶ
3489 3425 3689 3481 δοκοῦσιν
3713 3416 3822 3471 ἀσθε-

2278 3519 2386 3574 νεῖς
2443 3515 2599 3569 εἶναι.
2660 3517 2816 3570 Ὧστε
2874 3516 2920 3570 εἰ
2977 3516 3211 3579 ἀσθενεῖς
3307 3518 3475 3581 οἴεσθε
3537 3509 3727 3573 ἑαυτοὺς,
3772 3502 3822 3574 μὴ

2278 3593 2554 3665 ἀθυμεῖτε.
2615 3595 2927 3670 Ἀναγκαῖοί
2995 3595 3130 3650 ἐστε.
3201 3598 3341 3656 ”οτι
3406 3595 3459 3652 δὲ
3517 3590 3620 3649 οὐδὲ
3659 3585 3825 3670 ἀσθεΥΞῙς

2283 3682 2462 3754 ὑμεῖς,
2521 3681 2646 3738 ἀλλ’
2706 3682 2904 3739 ἐκεῖνοι
2985 3683 3199 3756 μᾶλλον
3276 3689 3360 3750 οἷς
3415 3689 3445 3756 ἡ
3500 3682 3666 3752 οἴησις,
3709 3669 3827 3740 δῆλον

2278 3767 2538 3841 ἐντεῦθεν,
2593 3773 2756 3848 φησίν
2838 3774 2908 3828 Ἀ
2966 3770 3231 3846 δοκοῦμεν
3298 3775 3570 3847 ἀτιμότερα
3617 3770 3724 3822 εἶναι
3759 3762 3824 3813 τοῦ

2278 3859 2550 3931 σώματος,
2610 3857 2775 3915 πλέον
2837 3860 3091 3934 ἀξιοῦμεν
3171 3865 3431 3935 προνοίας
3485 3859 3564 3915 καὶ
3614 3850 3822 3931 βοηθείας,

2273 3951 2361 4005 καὶ
2397 3950 2542 4019 ἑξῆς.
2578 3976 2599 4002 ι
2639 3951 2734 4006 Καὶ
2793 3953 2825 4006 ἃ
2885 3949 3149 4024 δοκοῦμεν
3211 3955 3496 4029 ἀτιμότερα
3525 3953 3656 4005 εἶναι.
3685 3946 3826 3994 H11"

2271 4043 2452 4114 ταχοῦ
2499 4040 2582 4108 τὸ,
2642 4064 2670 4091 ι(
2703 4045 2998 4112 Δοκοῦμεν,
3034 4064 3056 4094 ι
3119 4041 3384 4118 ἐπιλέγει,
3442 4039 3624 4098 δεικνὺς
3673 4034 3825 4118 ἀνθὲθΫ

2273 4130 2444 4184 πίνων
2485 4128 2684 4200 ταύτην
2745 4132 2840 4199 τήν
2899 4129 3104 4202 οτίησιν.
3164 4135 3242 4188 Τὸ
3303 4133 3377 4201 δὲ,
3436 4129 3704 4202 ἀτιμότερα,
3728 4114 3826 4172 τινὲς

2275 4238 2433 4297 φασιν
2469 4219 2632 4272 αὐτὸν
2687 4219 2811 4293 περὶ
2869 4225 2976 4273 τῶν
3031 4218 3217 4275 ποδῶν
3280 4221 3558 4297 είρηιὲναι,
3587 4213 3632 4270 οῖ
3658 4212 3735 4278 τὴν
3763 4204 3827 4277 μὲν

2272 4305 2420 4360 κάτω
2477 4307 2666 4382 χώραν
2722 4305 3003 4382 εἰλήφασι,
3064 4296 3362 4365 θάλπονται
3417 4307 3471 4364 δὲ
3513 4296 3828 4376 καὶπρονοοῦνο

2271 4416 2359 4449 ται
2390 4398 2515 4472 παρ’
2572 4398 2759 4469 ἡμῶν,
2817 4393 2983 4453 πλέον
3036 4397 3234 4474 σχεδὸν
3289 4405 3395 4455 τῶν
3452 4397 3640 4453 λοιπῶν
3679 4386 3822 4474 μελῶνζ

2276 4484 2395 4540 Ἐπ’
2485 4485 2662 4540 αὐτῶν
2735 4489 2840 4562 γὰρ
2917 4471 3234 4562 ἐστήρίκται
3309 4488 3443 4544 ἃπαν
3496 4486 3553 4540 τὸ
3627 4471 3823 4562 minimi

3802 4557 3813 4568 ﬂ

3801 4576 3820 4608 α

2279 4657 2429 4715 δοκεῖ
2461 4683 2554 4734 μεν
2585 4660 2817 4738 ἄσχημα
2847 4665 2986 4718 εἶναι
3018 4667 3105 4719 καὶ
3146 4664 3335 4738 ἄτιμα,
3365 4662 3505 4732 πλὴν
3537 4656 3680 4714 ἕλοιτ’
3704 4652 3745 4706 ἂν
3766 4661 3816 4699 τεί

2279 4747 2408 4803 ὅλον
2437 4747 2584 4824 ἔχειν
2633 4750 2696 4805 τὸ
2755 4754 2916 4824 σῶμα
2971 4753 3203 4826 γυμνὸν,
3264 4753 3298 4823 ἧ
3353 4756 3534 4807 ταῦτα’
3567 4746 3648 4802 Διὸ
3680 4739 3814 4827 Mla?

2278 4862 2306 4888 (ί
2338 4839 2559 4900 Τούτοις
2619 4841 2786 4912 τιμὴν
2841 4842 3222 4917 περισσοτέραν
3282 4842 3623 4918 περιτίθεμεν,
3670 4828 3735 4885 καὶ
3764 4841 3819 4873 εν-

2278 4927 2640 5001 σχτ,μοσύνην
2671 4931 3051 5005 περισσοτέραν
3083 4926 3222 5010 ἔχει.

2348 5247 2416 5257 -
2447 5216 2660 5287 [ΦΩΤ.]
2689 5215 2841 5268 Ἐστι
2875 5212 2932 5270 δὶ
2960 5220 3121 5270 τοῦτο
3154 5217 3469 5289 οἱκειὸτερον
3499 5210 3580 5266 καὶ
3607 5202 3747 5296 obus:
3769 5191 3824 5296 ἐξ·

2277 5298 2482 5358 λαϐεῖν*
2515 5303 2593 5359 Οὐ
2639 5297 2918 5374 συμϐαίνει
2971 5304 3096 5377 ὑμῖν
3145 5305 3396 5362 ἐλάττους
3439 5304 3586 5365 εἶναι,
3614 5287 3827 5377 φησῖννεκ

2274 5411 2370 5444 του
2405 5389 2579 5445 δοκεῖν
2637 5390 2926 5454 ἐλάττονος
2988 5393 3323 5467 χαρίσματος
3353 5396 3546 5465 τυχεῖν,
3573 5383 3639 5441 οὐ
3663 5375 3825 5472 πανίαν(

2274 5479 2375 5555 γὰρ
2409 5477 2454 5534 ε⁹ί
2483 5500 2566 5541 τις
2615 5477 2774 5555 ἔτυχε
2830 5481 3079 5552 μείζονος
3136 5484 3484 5559 χαρίσματος,
3521 5472 3614 5543 ἤδη
3642 5464 3824 5559 limare"

2279 5573 2405 5636 ζων.
2438 5568 2584 5622 Ἐπεὶ
2617 5568 2703 5622 καὶ
2737 5565 2943 5623 πολλοὶ
2971 5575 3077 5624 τῶν
3109 5571 3428 5651 εἶ’ληφότων,
3460 5569 3552 5619 τῶν
3583 5553 3692 5633 μηδ’
3716 5546 3822 5602 ὅλως

2278 5657 2585 5736 εἰληφότων
2644 5655 2904 5719 ἐλάττους
2963 5659 3084 5716 εἰσί.
3147 5643 3258 5716 Καὶ·
3303 5659 3354 5713 τί
3409 5656 3538 5729 λέγω
3581 5643 3816 5702 tiamne:
