4068 6254
365 299 480 357 ΒΞἸ

1483 287 1890 353 (ΕΟΟΜΕΝΙΙ
1935 286 2247 349 ΤΒΙΟΟΑΞ
2292 286 2646 354 ΕΡιΒοΟΡι

3676 290 3793 354 838

371 456 392 482 ιι
426 448 532 504 pro
566 447 628 486 se
658 429 909 485 invicem
940 433 1148 500 gerant
1176 426 1480 494 membra;
1515 429 1573 479 et
1619 421 1736 480 sive
1791 422 2012 493 patitur

2129 414 2239 472 λῶν
2277 424 2582 493 μεριμνῶσι
2608 420 2676 476 τὰ
2708 418 2876 494 μὲλη.
2902 421 3001 476 Καὶ
3036 418 3142 480 {ire
3196 424 3401 498 πάσχει
3451 418 3512 480 ἰν
3581 421 3793 496 μέλωςο

363 545 392 573 ‹‹
427 536 617 577 unum
647 518 1008 582 membrum,
1043 516 1220 572 simul
1254 515 1560 587 patiuntur
1593 511 1796 569 omnia
1827 527 2012 568 memv

371 634 391 659 ι
429 609 579 665 bra:
613 608 733 664 sive
763 607 1133 679 gloriﬁcatur
1189 621 1377 661 unum
1420 602 1777 666 membrum,
1836 599 2010 656 simul

371 721 397 750 «
429 698 689 772 gaudent
720 696 921 751 omnia
949 695 1238 750 membra.
1275 717 1302 743 ιι

444 770 498 836 Si
532 779 712 835 simul
745 777 1117 848 temperavit,
1151 793 1286 849 ergo
1317 781 1376 830 et
1405 791 1590 832 unum
1621 773 1794 830 fecit:
1857 770 2015 842 quod

370 870 533 926 enim
564 873 930 939 temperatur
953 883 1020 922 ac
1051 865 1493 931 commiscetur,
1518 879 1704 918 unum
1736 861 2011 917 efﬁcitur.

373 979 400 1006 α
435 956 540 1011 Cui
572 955 794 1010 deerat.
819 978 840 1006 ι
884 953 1022 1010 Vide
1052 953 1213 1026 quod
1235 953 1362 1023 jam
1393 968 1513 1007 non
1539 950 1790 1005 dixerit:
1825 949 2014 1004 Minus

372 1047 645 1112 honesto,
679 1049 800 1104 aut.
862 1042 1167 1109 Indecoro,
1203 1041 1326 1109 sed,
1389 1063 1417 1091 «
1457 1041 1521 1096 Ei
1575 1039 1669 1095 cui
1730 1037 1950 1105 deerat,
1980 1056 2008 1088 ιι

371 1133 691 1191 ostendens
723 1132 883 1203 quod
911 1148 1029 1187 non
1071 1138 1286 1188 natura
1323 1130 1443 1184 sint
1471 1129 1686 1184 decora
1716 1132 1817 1182 aut
1846 1126 2012 1183 inde-

369 1227 652 1295 cora,sive
712 1225 963 1281 honesta
1011 1230 1114 1281 aut
1153 1224 1489 1280 inhonesta.
1540 1244 1568 1274 ιι
1611 1219 2013 1291 Copiosiorem

371 1317 518 1372 dans
558 1317 865 1370 honorem.
907 1335 934 1365 η
973 1313 1052 1370 De
1080 1328 1325 1385 corpore
1357 1312 1575 1384 poterit
1603 1310 1738 1381 quis
1778 1309 1890 1364 hoc
1922 1308 2015 1364 in~

371 1405 659 1476 telligere,
712 1408 772 1459 at
804 1403 876 1460 de
904 1402 1248 1459 hominibus
1281 1399 1576 1473 quomodo
1608 1399 1720 1455 hoc
1764 1395 2014 1452 inveniri

370 1494 679 1565 poterit,ut
705 1491 779 1548 de
801 1492 1000 1549 minus
1025 1491 1290 1546 honestis
1313 1506 1380 1545 ac
1403 1487 1799 1544 imbecillibus
1825 1487 2017 1558 major

370 1582 660 1638 habeatur
688 1597 831 1637 cura
885 1597 953 1636 ac
986 1578 1397 1651 providentia?
1436 1580 1505 1632 Et
1564 1577 1818 1634 dicimus
1859 1573 2017 1647 quod

369 1671 830 1727 imbecilliorum
846 1685 1048 1725 curam
1070 1669 1256 1740 magis
1275 1668 1576 1737 suscipere
1593 1665 1822 1721 videtur
1842 1665 2014 1719 Deus.

367 1760 552 1832 quue
578 1760 776 1815 videas
807 1759 864 1814 in
901 1757 1128 1814 latrone
1161 1757 1261 1828 qui
1293 1761 1432 1811 ante
1461 1754 1760 1826 apostolos
1781 1751 2015 1824 paradi-

371 1865 502 1905 sum
534 1849 838 1921 ingressus
865 1853 955 1903 est
982 1848 1046 1909 ⁸⁵,
1081 1851 1137 1901 et
1161 1862 1268 1901 ove
1287 1861 1356 1900 ex
1389 1860 1638 1900 numero
1671 1841 2014 1898 centenario

371 1937 626 2008 perdita,
657 1953 788 2008 quae
820 1936 999 1992 etiam
1033 1935 1273 1990 inventa
1303 1949 1480 2003 super
1511 1933 1790 1986 humeros
1819 1945 2016 2000 repor-

371 2030 495 2081 tata
524 2031 615 2081 est
634 2025 703 2092 ‘5,
738 2030 795 2080 et
821 2024 1125 2094 operarios
1157 2023 1256 2092 qui
1290 2023 1435 2078 hora
1485 2020 1801 2076 undecima
1829 2035 2013 2074 vene-

369 2119 525 2182 rant,
557 2114 854 2184 primique
914 2111 1250 2168 mercedem
1311 2110 1577 2168 referunt
1607 2107 1654 2143 36
1687 2126 1698 2163 :
1735 2125 1802 2164 eo
1857 2106 2016 2180 quod

377 2203 532 2258 Deus
561 2201 894 2258 imbecilles
923 2201 1110 2273 magis
1138 2201 1291 2256 ferat
1319 2201 1522 2270 eisque
1555 2197 2012 2254 condescendat.

373 2291 512 2348 Ideo
543 2291 721 2347 etiam
753 2289 897 2346 dicit
929 2307 942 2344 :
983 2309 1004 2339 ι
1038 2289 1440 2361 Copiosiorem
1472 2287 1620 2344 dans
1646 2287 1956 2356 honorem,
1981 2304 2007 2338 ι

378 2386 444 2438 ut
455 2397 560 2453 per
571 2381 680 2437 hoc
695 2380 831 2438 illos
849 2379 1302 2450 consoleturqui
1326 2378 1523 2434 minus
1541 2377 1753 2433 hacent
1767 2375 2012 2432 donum.

448 2491 475 2521 ‹‹
509 2472 589 2526 Ne
621 2471 698 2526 sit
727 2469 1040 2526 dissidium
1070 2469 1132 2523 in
1162 2484 1432 2540 corpore.
1467 2489 1495 2517 ››
1533 2467 1678 2523 545
1712 2465 2015 2540 Siquidem

378 2578 497 2617 non
556 2561 844 2616 dissidere
916 2565 1019 2616 aut
1091 2558 1272 2614 dividi
1330 2563 1421 2613 est
1476 2557 1718 2612 omnino
1802 2571 2016 2626 corpus

376 2667 528 2713 esse.
561 2650 721 2721 quod
759 2650 808 2705 si
869 2648 1186 2714 dividatur,
1239 2647 1366 2718 jam
1423 2650 1609 2701 totum
1666 2643 1863 2716 periit.
1897 2644 2015 2698 Hoc

374 2745 573 2794 autem
642 2738 785 2794 dicit
839 2742 1066 2792 terreas
1125 2750 1226 2793 eos
1280 2734 1379 2804 qui
1437 2748 1654 2804 magna
1716 2729 2018 2786 habebant

373 2826 550 2889 dona,
573 2831 632 2881 et
651 2825 726 2882 ad
747 2825 1099 2880 modestiam
1123 2839 1426 2888 revocans,
1448 2821 1604 2890 quod
1635 2820 1916 2875 discessio
1947 2836 2015 2876 ac

374 2916 665 2986 separatio
690 2913 760 2970 ab
783 2914 874 2968 his
897 2914 998 2984 qui
1022 2912 1332 2968 inferiores
1365 2915 1533 2967 erant
1563 2910 1625 2966 in
1656 2909 1850 2976 donis,
1881 2909 2014 2966 illos

374 3020 612 3078 quoque
644 3003 1074 3076 perdat,sitque
1107 3001 1464 3074 periculum,
1499 3017 1572 3056 ne
1599 3000 1879 3071 deinceps
1912 2998 2014 3054 do-

372 3095 572 3150 sinant
612 3109 740 3150 esse
790 3109 1006 3164 corpus
1054 3091 1292 3147 Christi.
1332 3092 1536 3161 Itaque
1587 3087 2014 3161 providendum

371 3189 479 3253 est,
508 3183 723 3254 inquit,
756 3181 1148 3252 habendaque
1210 3179 1548 3237 sollicitudo
1579 3179 1683 3234 uni
1742 3178 1814 3233 de
1846 3178 1960 3234 alio
1997 3195 2008 3232 :

366 3275 480 3328 Per
509 3273 790 3327 unionem
811 3272 971 3326 enim
1003 3269 1292 3325 habemus
1323 3285 1474 3325 esse.
1504 3291 1530 3318 «
1557 3271 1622 3325 Et
1652 3268 1770 3323 sive
1793 3269 2014 3338 patitur

367 3377 555 3417 unum
589 3361 944 3417 membrum.
979 3381 1006 3409 ιι
1044 3360 1100 3414 Si
1132 3360 1290 3414 enim
1323 3358 1592 3413 membra
1613 3363 1815 3412 exacte
1846 3358 2016 3412 unita

369 3467 498 3508 esse
528 3455 1176 3523 oportet,mutuamque
1207 3448 1510 3518 suscipere
1540 3448 2013 3518 curam,perspi-

368 3558 547 3598 cuum
573 3546 664 3595 est
685 3539 840 3609 quod
863 3554 934 3593 ea
956 3555 1088 3608 quae
1105 3537 1458 3608 contingunt
1477 3535 1654 3592 etiam
1673 3536 2016 3593 communia

370 3648 500 3688 esse
523 3630 888 3698 debent,sive
910 3627 1266 3685 afﬁictiones
1294 3629 1414 3684 sint
1436 3627 1555 3682 sive
1577 3626 1801 3682 laudes.
1825 3626 2015 3682 Abru-

368 3722 490 3795 ptio
524 3721 704 3791 enim,
735 3720 853 3776 sive
895 3718 1179 3774 detractio
1208 3718 1530 3781 minorum,
1562 3716 1669 3776 tibi
1701 3716 1879 3772 etiam
1911 3715 2013 3786 qui

367 3813 630 3880 majores
643 3809 1038 3881 perditionem
1050 3806 1740 3881 atl‘ert.quemadmodum
1755 3805 2013 3866 etoculis

369 3906 710 3972 amputatus
732 3904 966 3971 pes,aut
995 3898 1241 3954 inferior
1261 3913 1397 3969 pars
1420 3897 1684 3969 corporis
1703 3913 1834 3967 quas
1857 3912 2011 3967 prm-

371 3993 624 4047 stantior
653 3990 901 4045 videtur.
937 4010 966 4038 ‹‹
999 3989 1125 4043 Sive
1184 3988 1550 4060 gloriﬁcatur
1578 4002 1765 4047 unum
1822 4002 2012 4042 mem-

370 4079 564 4134 brum.
596 4095 623 4128 ι
655 4079 981 4133 Coronatur
1036 4082 1234 4148 caput,
1267 4081 1325 4132 et
1377 4077 1668 4134 universis
1726 4075 2012 4134 membris

368 4167 555 4239 gloria
584 4172 643 4222 et
669 4167 948 4237 gaudium
979 4165 1225 4221 accedit.

440 4255 629 4324 Xll,27
657 4258 779 4313 30.‹‹
797 4257 909 4310 Vos
921 4259 1120 4310 autem
1137 4255 1279 4312 estis
1296 4270 1509 4325 corpus
1525 4253 1739 4309 Christi
1755 4258 1812 4308 et
1825 4269 2009 4308 mem-

369 4367 399 4396 α
431 4345 535 4401 bra
566 4361 635 4401 ex
664 4346 929 4417 parte.Et
945 4345 1052 4400 hos
1071 4343 1313 4414 quidem
1335 4344 1534 4414 posuit
1548 4343 1702 4401 Deus
1723 4341 1785 4398 in
1809 4341 2011 4399 Eccle-

374 4457 396 4486 ε
433 4438 803 4510 sia,primum
836 4433 1426 4508 apostolos,secundo
1457 4433 1799 4505 prophetas,
1836 4432 2008 4488 tertio

2128 508 2440 585 συμπάσχει
2472 509 2641 568 πάντα
2669 511 2734 566 τὰ
2770 509 2937 582 μέλη,
2985 508 3090 568 εἴτε
3159 508 3437 586 δοξάζεται
3505 506 3565 568 ἔν
3606 509 3793 580 μέλος,

2128 597 2413 672 συγχαίρει
2447 600 2616 653 πάντα
2646 600 2713 654 τὰ
2745 597 2909 673 μέλη.

2196 774 2649 852 Εἷσυνεκέρασεν,
2703 779 2897 834 οὐκοῦν
2954 777 3044 834 καὶ
3103 773 3155 833 ἓν
3202 775 3478 851 ἔποίησεν.
3551 780 3638 835 Τὸ
3698 779 3797 854 γὰρ

2123 864 2468 938 κιρνάμενον,
2535 865 2586 920 ἕν
2637 868 2864 942 γίνεται,
2924 893 2951 920 ι(
3005 870 3101 940 Τῷ
3164 867 3504 942 ὑστεροῦντι.
3545 890 3576 920 ιι
3635 870 3802 941 Ὅρα,

2126 952 2225 1007 οὐκ
2256 950 2334 1008 ἔτι
2365 955 2504 1024 εἶπε,
2539 957 2634 1027 Τῷ
2664 955 2866 1028 ἀτίμῳ,
2891 958 2925 1026 ἢ
2959 960 3038 1029 τῷ
3075 957 3377 1032 ἀσχήμονι,
3429 955 3616 1024 ἀλλὰ,
3652 982 3683 1008 κ
3716 961 3803 1028 Τῷ

2126 1041 2522 1116 ὑστεροῖιντι,ιι
2583 1042 2792 1107 δεικνὺς
2848 1045 2952 1100 οὐκ
3035 1041 3167 1104 ὄντα
3251 1046 3406 1104 φύσει
3481 1044 3801 1122 ἔσχῑμαῆ

2125 1127 2416 1207 εῦσχημα,
2475 1130 2644 1209 ἤγουν
2705 1130 2896 1209 ἔντιμα
2954 1137 2989 1205 ἢ
3049 1134 3240 1206 ἄτιμα.
3302 1159 3329 1186 (ι
3389 1133 3802 1209 Ηερισσοτέραν

2126 1219 2256 1284 δοὺς
2309 1224 2494 1294 τιμήν.
2536 1246 2562 1274 ››
2637 1222 2763 1280 Ἐπῖ
2821 1225 2920 1296 μὶν
2975 1229 3071 1280 τοῦ
3131 1225 3387 1298 σώματος
3439 1227 3622 1280 τοῦτο
3683 1221 3802 1280 ’ἴδοι

2124 1331 2205 1373 τις
2236 1310 2317 1370 ἄν.
2379 1311 2502 1368 Ἐπὶ
2562 1309 2621 1367 δὶ
2673 1318 2781 1369 τῶν
2841 1313 3161 1388 ἀνθρώπων,
3228 1319 3345 1376 πῶς
3398 1310 3553 1369 ῗστιν
3619 1313 3794 1388 οὐρεῖν

2123 1401 2249 1463 τοὺς
2298 1400 2654 1476 ἀτιμοτέρους
2709 1402 2799 1458 καὶ
2858 1402 3095 1468 ἀσθενεὶς
3155 1402 3404 1464 πλείονος
3444 1401 3800 1475 κηδεμονίας

2123 1490 2502 1557 ἀπολαύοντας
2538 1512 2550 1561 ;
2587 1494 2688 1552 Καί
2722 1515 2894 1571 φαμεν
2945 1493 3028 1548 ὅτι
3059 1495 3088 1550 6
3119 1495 3248 1560 Θεὸς
3303 1498 3409 1548 τῶν
3468 1493 3796 1557 ἀσθενεστέ-

2127 1601 2233 1654 ρων
2264 1579 2476 1653 μᾶλλον
2520 1588 2765 1657 προνοεῖ.
2796 1582 2900 1642 Καὶ
2957 1582 3057 1654 ὅρα
3109 1585 3202 1640 τὸν
3235 1576 3470 1657 ⁵λῃστήν
3537 1583 3657 1658 πρὸ
3688 1584 3796 1638 τῶν

2125 1671 2446 1730 ἀποστόλων
2508 1675 2582 1736 εἷς
2639 1675 2730 1730 τὸν
2789 1671 3115 1749 παράδεισον
3178 1673 3521 1744 εἲσεΑθόντα,
3586 1673 3685 1730 καί
3736 1673 3797 1728 τὸ

2125 1761 2419 1824 ἀπολωλὸς
2449 1761 2510 1818 ἐκ
2543 1770 2644 1832 τῆς
2703 1760 3056 1824 ἑκατοντάδας
3109 1755 3402 1839 πρόϐατον,
3437 1764 3465 1817 ὅ
3490 1761 3590 1818 καὶ
3647 1763 3797 1838 εὗρε-

2128 1851 2212 1915 θὶν
2244 1850 2331 1906 ἐπὶ
2379 1856 2486 1908 τῶν
2547 1849 2716 1925 ὤμων
2769 1847 3106 1927 ἐϐαστάχθη,
3157 1853 3246 1908 καὶ
3300 1853 3428 1916 τοὺς
3483 1859 3596 1921 τῆς
3649 1849 3794 1908 ἕνδε-

2127 1943 2297 2012 κάτης
2352 1940 2601 2016 ἐργάτας,
2657 1941 2710 2000 οἳ
2765 1946 2976 2017 πρῶτοι
3036 1941 3128 1999 τὸν
3188 1943 3380 2015 μισθὸν
3433 1943 3789 2014 κομίζονται,

2134 2029 2490 2104 βαστάζοντος
2547 2029 2636 2086 καὶ
2690 2027 3209 2105 συγκαταϐαίνοντος
3285 2035 3382 2088 τοῦ
3469 2035 3615 2090 Θεοῦ
3673 2036 3789 2096 τοῖς

2127 2117 2361 2175 ἀσθενέσι
2397 2117 2628 2192 μᾶλλον.
2689 2119 2788 2176 Διὸ
2835 2121 2925 2175 καὶ
2981 2139 3138 2199 φησι,
3195 2121 3595 2194 περισσοτέραν
3658 2117 3788 2181 δοὺς

2129 2208 2316 2280 τιμὴν,
2350 2205 2433 2264 ἵνα
2465 2208 2525 2263 ιιι
2552 2208 2751 2265 τούτου
2805 2211 3271 2283 παραμυθήσηται
3327 2209 3458 2273 τοὺς
3518 2210 3589 2264 τὸ
3622 2206 3777 2266 ἔλατ.

2126 2316 2217 2352 τον
2249 2293 2475 2372 ἔχοντας
2509 2296 2775 2372 χάρισμα·

2222 2475 2394 2532 «Ἵνα
2451 2476 2526 2550 μή
2586 2475 2621 2548 ᾖ
2677 2474 2886 2548 σχίσμα
2942 2474 2994 2531 ἐν
3055 2481 3135 2547 τῷ
3192 2476 3496 2550 σώματι.»
3558 2478 3631 2534 Τὸ
3677 2476 3769 2552 γὰρ

2130 2567 2269 2621 εἶναι
2343 2564 2487 2627 ὅλως
2575 2570 2757 2639 σῶμα.
2841 2573 2990 2622 ποιεῖ
3067 2567 3129 2622 τὸ
3214 2566 3291 2639 μὴ
3349 2567 3758 2642 ἀποσχίζεσθαι,

2128 2654 2202 2714 ὡς
2233 2654 2281 2709 εἳ
2310 2673 2372 2728 γι
2414 2653 2801 2729 ἀποσχιοθείη,
2859 2657 2920 2712 τὸ
2980 2660 3083 2710 πᾶν
3140 2653 3424 2716 ἀπόλωλε.
3483 2658 3654 2712 Τοῦτο
3706 2652 3757 2710 δέ

2127 2763 2279 2821 φησι,
2314 2738 2498 2815 φοϐῶν
2528 2745 2656 2806 τοὺς
2686 2746 2750 2799 τὰ
2790 2743 3003 2818 μεγάλα
3059 2739 3286 2819 ἔχοντας
3337 2745 3644 2819 χαρίσματα
3670 2744 3750 2799 καὶ

2126 2830 2529 2888 καταστὲλλων.
2561 2834 2647 2895 Ὧς
2678 2831 2776 2909 ἥγε
2817 2834 2922 2889 τῶν
2981 2831 3284 2892 ἐλαττόνων
3319 2831 3372 2890 ἒν
3437 2833 3735 2909 χαρίσμασιν

2127 2920 2487 2998 ἀποφοίτησις
2514 2921 2604 2978 καὶ
2669 2921 2872 2996 σχίσις,
2929 2921 3020 2978 καὶ
3079 2921 3273 2984 αὐτοὺς
3330 2921 3540 2985 ἰκείνους
3569 2920 3724 2992 λυμα-

2124 3014 2290 3066 νεῖται
2348 3006 2754 3073 κινδυνεύοντας
2837 3012 3030 3084 μηκέτι
3092 3013 3232 3066 εἶναι
3299 3017 3456 3086 σῶμα
3495 3011 3723 3083 Χριστοῦ.

2043 3140 2086 3206 C
2125 3100 2304 3170 Ὤστι,
2335 3099 2488 3178 φησὶ,
2518 3102 2848 3175 προνοητὲον
2904 3101 2995 3160 καὶ
3059 3101 3424 3175 μιριμνητέον
3475 3099 3740 3170 ἀλλήλων.

2125 3189 2182 3206 ...
2307 3190 2319 3206 ς
2459 3192 2485 3204 ..
2547 3189 2561 3206 ι
2627 3191 2639 3206 ,
2829 3189 2844 3206 ς
2935 3191 2964 3206 η
3103 3185 3127 3206 ,ι
3505 3194 3546 3206 .,
3587 3191 3602 3206 κ
3674 3187 3696 3204 ν

2125 3189 2213 3245 Ἐν
2259 3190 2361 3263 γὰρ
2419 3192 2488 3263 τῇ
2547 3189 2734 3247 ὶνώσῑι
2790 3189 2853 3250 τὸ
2914 3191 3044 3246 εἶναι
3100 3185 3347 3268 ἔχομεν..
3412 3214 3440 3243 ι(
3505 3191 3606 3247 Καὶ
3652 3187 3748 3244 εἴτε

2118 3278 2319 3354 πάσχοι
2377 3275 2431 3334 εν
2495 3276 2683 3352 μέλος.
2717 3303 2746 3331 »
2801 3278 2865 3336 Εἰ
2925 3279 3028 3356 γὰρ
3087 3283 3330 3350 ἡνῶσθαι
3389 3277 3473 3336 δεῖ
3530 3273 3756 3354 ἀκριῦῶς

2117 3366 2206 3422 καὶ
2241 3373 2492 3440 προνοεῖν
2535 3365 2805 3437 ἀλλήλων
2833 3369 2900 3422 τὰ
2933 3366 3102 3439 μέλη,
3162 3364 3396 3436 εὔδηλον
3453 3368 3531 3431 ὡς
3589 3366 3676 3422 καὶ
3702 3367 3762 3420 τὰ

2121 3451 2527 3525 ἀποϐαίνοντα,
2589 3454 2696 3511 {ita
2748 3457 2916 3526 πάθη,
2975 3456 3088 3512 εἳτε
3152 3453 3544 3530 εὐδοκιμησεις
3594 3453 3763 3512 κοιναῖ

2122 3543 2705 3623 εἶναιόφείλουσιν.Ἡ
2745 3546 2851 3622 γὰρ
2919 3545 3210 3622 ἇπορῥαγή
3271 3550 3378 3602 τῶν
3435 3545 3764 3616 ἐλαττόνων,

2119 3634 2206 3688 καὶ
2252 3633 2356 3703 σοὶ,
2417 3633 2568 3710 φησὶ,
2627 3637 2708 3705 τῷ
2768 3633 2976 3706 μείζονι
3035 3632 3382 3708 λυμαίνεται,
3443 3632 3631 3710 ὥσπερ
3681 3634 3766 3692 καὶ

2118 3728 2234 3784 τοῖς
2259 3721 2568 3796 ὀφθαλμοῖς
2599 3723 2626 3777 6
2656 3723 2792 3783 ποὺς
2822 3721 3142 3793 ἀποκοπεὶς,
3198 3721 3364 3800 ἤγουν
3419 3724 3483 3780 τὸ
3542 3722 3767 3782 ἔλαττον

2122 3811 2284 3884 μέρος
2311 3816 2407 3866 τοῦ
2438 3815 2691 3883 σῶματος
2719 3815 2816 3866 τοῦ
2850 3810 3140 3874 δοκοῦντος
3185 3813 3518 3886 κρείττονος.
3585 3839 3606 3865 α
3642 3812 3768 3872 Εἲτε

2119 3899 2396 3972 δοξάζεται
2477 3898 2530 3955 ἓν
2617 3899 2803 3972 μέλος.
2837 3925 2864 3952 ››
2931 3901 3156 3979 Κεφαλή
3217 3907 3624 3980 στεφανοῦνται,
3683 3904 3766 3959 καὶ

2117 3995 2244 4046 πᾶσι
2274 3994 2392 4051 τοῖς
2427 3987 2612 4061 μέλεσι
2645 3984 2771 4059 δόξα
2795 3987 2883 4042 καὶ
2910 3990 3056 4063 χαρὰ
3088 3989 3314 4064 γίνεται.

2186 4261 2366 4333 Ὑμεῖς
2450 4257 2506 4314 δὲ
2590 4258 2706 4317 ἕστε
2791 4263 2952 4330 σῶμα
3035 4259 3271 4332 Χριστοῦ
3356 4259 3448 4313 καὶ
3524 4258 3668 4332 μέλη
3711 4257 3767 4316 ix

2120 4351 2339 4425 μέρους.
2376 4348 2474 4403 Καὶ
2515 4347 2608 4410 οὓς
2682 4349 2779 4420 μέν
2839 4342 2989 4403 ἔθετο
3040 4348 3069 4402 6
3119 4347 3251 4410 Θεὸς
3309 4345 3364 4402 ἐν
3406 4351 3476 4420 τῇ
3540 4345 3766 4418 Ἐκκλη-

2121 4442 2259 4513 σίᾳ,
2363 4441 2581 4512 πρῶτον
2687 4435 3030 4498 ἀποστάλους
3067 4479 3081 4506 ,
3197 4432 3441 4509 δεότερον
3548 4440 3763 4514 προφή-

367 4548 396 4577 ‹‹
433 4498 953 4586 doctores.deinde
976 4529 1321 4597 potestates,
1348 4498 2009 4580 deindedonasanatio-

2129 4549 2238 4600 τας,
2283 4527 2473 4602 τρίτοσ
2557 4522 2935 4592 διδασκάλους,
3012 4521 3196 4581 ἔπειτα
3290 4520 3572 4598 δυνάμεις,
3657 4529 3761 4583 εἶτα

374 4639 398 4669 ι
432 4617 1610 4689 num,subsidia,gubernationes,genera
1647 4614 2005 4686 linguarum.

369 4734 397 4762 «
432 4712 578 4765 Num
597 4726 804 4764 omnes
820 4709 1111 4781 apostoli?
1133 4711 1281 4763 Num
1295 4723 1504 4762 omnes
1526 4706 1836 4762 doctores?
1859 4707 2006 4760 Num

365 4823 394 4853 ‹‹
430 4815 636 4854 omnes
667 4804 990 4869 potestates
1011 4799 1038 4853 ‘?
1069 4801 1217 4853 Num
1251 4813 1458 4852 omnes
1484 4796 1642 4851 dona
1669 4795 1888 4850 habent
1916 4810 2006 4850 sa-

373 4907 395 4935 ι
425 4886 733 4942 nationum
756 4887 784 4940 ‘?
814 4889 962 4941 Num
987 4903 1192 4942 omnes
1219 4887 1437 4958 linguis
1468 4885 1794 4956 loquuntur
1813 4884 1840 4938 ‘l
1860 4886 2008 4940 Num

366 4997 395 5027 «
429 4991 639 5031 omnes
667 4975 1182 5047 interpretantur?
1216 4997 1242 5024 »ι

439 5154 663 5211 Deinde
717 5171 791 5210 ne
840 5153 1073 5208 dicant:
1132 5152 1201 5207 Et
1267 5152 1410 5224 quid
1458 5153 1530 5207 ad
1586 5169 1696 5206 nos
1753 5150 2010 5222 pertinet

369 5245 704 5318 exemplum
721 5244 792 5300 de
807 5241 1344 5315 corpore,ostendit
1365 5243 1540 5297 etiam
1559 5243 1719 5313 ipsos
1741 5255 1871 5298 esse
1888 5256 2011 5296 cor-

368 5346 480 5402 pus
511 5333 933 5400 Christi.Quod
965 5333 1012 5388 si
1040 5330 1371 5389 humanum
1405 5348 1617 5404 corpus
1639 5348 1759 5386 non
1780 5334 2011 5402 oportet

364 5421 561 5477 fovere
595 5422 932 5492 dissidium,
966 5437 1106 5478 nam
1139 5421 1450 5478 dissidium
1485 5421 1794 5477 solutionis
1833 5436 2012 5478 causa

439 5631 486 5665 ³⁴
514 5630 652 5686 Luc.
687 5649 843 5700 mn,
879 5634 964 5688 39.
1044 5630 1093 5664 ³⁵
1119 5631 1255 5686 Luc.
1289 5647 1379 5701 xv,
1415 5631 1448 5684 ι
1479 5646 1647 5700 seqq.

2117 4617 2433 4698 χαρίσματα
2541 4613 2825 4687 ἲαμπὶτων,
2941 4612 3301 4688 ἀντιλήψεις,
3389 4608 3759 4690 κυϐερνήσεις,

2116 4713 2246 4783 γένη
2322 4709 2611 4782 γλωσσῶν.
2727 4707 2819 4774 Μὴ
2923 4706 3119 4768 πάντας
3218 4703 3574 4775 ἀπόστολοις
3678 4706 3753 4772 Μή

2115 4797 2312 4858 πάντες
2390 4802 2714 4872 προφῆται;
2803 4796 2889 4862 Μὴ
2975 4794 3170 4854 πάντες
3240 4789 3617 4865 διδάσκαλοι;
3676 4794 3757 4862 Hi]

2116 4887 2309 4947 πάντες
2395 4882 2692 4958 δυνάμεις;
2775 4885 2862 4951 Μή
2949 4885 3141 4945 πάντες
3225 4885 3546 4958 χαρίσματα
3605 4883 3760 4960 ἔχου-

2118 4995 2198 5030 σιν
2246 4975 2540 5047 ἱαμάτων;
2610 4975 2700 5043 Μὴ
2761 4973 2954 5037 πάντες
3005 4970 3282 5048 γλώσσαις
3337 4969 3622 5041 λαλοῦσι;
3675 4970 3758 5041 Μὴ

2115 5064 2311 5125 πάντες
2344 5060 2792 5136 διερμηνεύουσιν
2824 5075 2839 5130 3

2189 5153 2324 5210 Εἶτα
2398 5150 2577 5225 *ἕναμή
2673 5147 2896 5228 λέγωσι,
2955 5151 3059 5210 Καὶ
3118 5151 3254 5225 πρὸς
3310 5153 3458 5224 ἡμᾶς
3517 5173 3654 5222 ηκον
3703 5151 3758 5206 τὸ

2116 5245 2213 5297 τοῦ
2283 5241 2539 5313 σώματος
2613 5237 2984 5316 παράδειγμα,
3073 5237 3308 5296 δείκνυσι
3386 5239 3478 5296 καὶ
3562 5239 3754 5298 αὐτοὺς

2121 5327 2276 5393 ὄντας
2307 5336 2467 5405 σῶμα
2524 5333 2792 5405 Χριστοῦ.
2851 5329 2920 5388 Ei
2981 5328 3037 5384 δὲ
3090 5329 3154 5388 τὸ
3213 5330 3552 5402 ἀνθρώπινον
3611 5334 3756 5402 σῶμα

2121 5419 2182 5476 οὐ
2237 5416 2319 5474 δεῖ
2375 5419 2675 5488 στασιάζειν
2727 5417 2954 5490 (λύσεως
3021 5418 3123 5492 γὰρ
3200 5419 3235 5488 ἠ
3323 5419 3504 5480 στάσις
3581 5417 3756 5490 αἰτία),

1723 5629 1768 5665 ³⁸
1807 5627 2009 5684 Matth.
2042 5645 2114 5682 xx
2164 5630 2216 5682 8.
