4068 6254
305 392 433 452 829

1302 390 1714 450 COMMENT.
1762 386 1838 447 ΙΝ
1889 384 2138 446 EPIST.
2170 386 2193 444 Ι
2228 386 2331 446 AD
2376 385 2740 447 GOBINTH.

3607 382 3729 444 830

309 524 519 599 πολλῷ
554 523 769 594 μᾶλλον
787 525 851 580 τὸ
882 528 1140 601 Χριστοῦ.
1184 548 1211 577 ‹‹
1246 524 1342 579 Καὶ
1391 521 1532 597 μὲλη
1572 520 1631 576 ἑκ
1689 517 1905 594 μόρους.
1947 544 1965 569 n

2087 526 2177 575 est
2200 521 2591 575 multominus
2622 519 2835 575 Christi
2861 534 3095 590 corpus.
3132 540 3159 568 ((
3206 520 3275 574 Et
3328 519 3597 575 membra
3653 535 3724 574 ex

313 618 591 678 ’Ἅπαντες
644 615 739 689 μὶν
823 617 878 670 οἱ
935 617 1254 694 ἅπανταχοῦ
1335 613 1543 683 πιστοὶ,
1624 612 1784 686 σῶμά
1862 609 1964 664 εἰσι

313 708 582 780 Χριστοῦ,
614 706 795 778 Ὑμεῖς
855 702 912 759 δὲ
972 706 1024 759 οἱ
1066 705 1371 778 Κορίνθιοι,
1436 701 1577 776 μέλη
1632 700 1692 755 ἐκ
1748 696 1968 774 μέρους.

317 793 512 869 Οὖγάρ
532 794 687 866 ὑμεῖς
719 793 838 849 ἐστε
873 792 1026 868 μόνοι
1058 794 1121 847 τὸ
1148 791 1278 847 δλον
1308 788 1640 864 σῶμα,άλλά
1675 787 1815 861 μέλη
1832 787 1969 856 ἐστὶ,

313 884 410 937 καὶ
444 881 570 937 οὐδὲ
609 881 817 951 πολλὰ,
881 881 1026 937 ἀλλὰ
1085 880 1144 937 ἐκ
1201 882 1421 955 μέρους.
1480 877 1720 937 Δείκνυσι
1780 874 1836 931 δὲ
1883 874 1974 931 διὰ

312 973 517 1028 τούτου
549 969 657 1043 ἢδη
688 970 1127 1046 κατεσπαρμένον
1182 968 1234 1026 ἐν
1289 974 1367 1039 τῷ
1425 967 1641 1024 πλείονι
1688 962 1881 1039 κόσμῳ
1909 965 1970 1019 τὸ

315 1059 654 1139 Εὐαγγὲλιον
692 1061 782 1115 καὶ
811 1062 909 1129 τήν
941 1061 1147 1117 πίστιν.
1184 1082 1212 1110 ‹‹
1273 1057 1375 1115 Καὶ
1434 1057 1526 1120 οὕς
1586 1058 1682 1130 μὶν
1738 1053 1885 1111 ἔθετο
1943 1056 1971 1109 6

316 1153 473 1213 Θεός.
512 1175 539 1202 »
572 1150 672 1209 Καὶ
706 1152 798 1213 οὕς
862 1152 957 1225 μὶν
1013 1148 1375 1219 ἀποστόλους,
1436 1147 1618 1227 φησὶν,
1678 1141 1825 1201 ἔθετο
1882 1147 1972 1200 καὶ

315 1240 572 1311 ὶποίησεν
623 1242 652 1296 6
711 1242 842 1303 Θεὸς
897 1240 951 1295 ἐν
1006 1243 1075 1314 τῇ
1137 1239 1464 1309 Ἐκκλησία.
1527 1238 1720 1297 Καλῶς
1773 1233 1831 1291 δὲ
1886 1236 1971 1298 τὸ,

313 1333 558 1406 πρῶτον,
584 1329 672 1385 ἐπὶ
699 1333 806 1385 τῶν
857 1331 1178 1385 ἀποστόλων
1234 1328 1486 1385 τέθεικεν.
1540 1327 1707 1383 Οὗτοι
1766 1325 1868 1401 γὰρ
1920 1327 1973 1379 οἱ

312 1426 419 1488 τῆς
450 1418 682 1481 πίστεως
713 1418 977 1495 ἀρχηγοί.
1037 1416 1173 1479 Τοὺς
1236 1414 1293 1471 δὶ
1340 1417 1622 1492 προφήτας
1689 1411 1970 1485 δευτέρους

322 1510 495 1584 λέγει,
530 1511 594 1565 οὐ
620 1511 748 1574 τοὺς
789 1507 1058 1570 παλαιοὺς
1107 1509 1307 1584 λέγων,
1367 1506 1514 1562 ἀλλά
1562 1506 1687 1566 τοὺς
1738 1505 1788 1559 ἰν
1849 1503 1975 1559 ἱκά-

321 1621 425 1672 στῃ
483 1599 785 1670 Ἐκκλησία
846 1601 965 1655 κατ’
1024 1598 1201 1654 ἆκεῖνο
1258 1601 1451 1671 καιροῦ
1504 1594 1972 1674 προφητεύοντας,

316 1690 440 1743 οἷον
470 1689 498 1743 6
532 1683 766 1763 ’Δγαϐὸς
794 1688 885 1743 καὶ
918 1685 1083 1742 ἄλλοι
1116 1684 1347 1743 πολλοί.
1404 1684 1464 1742 Εἰ
1523 1683 1613 1740 οὖν
1666 1684 1802 1753 ἦσαν
1836 1703 1973 1759 προ-

320 1784 517 1854 φῆται,
568 1782 686 1840 πῶς
745 1779 773 1832 6
840 1776 1034 1853 Κύριός
1089 1796 1277 1853 φησιν,
1342 1799 1369 1830 ι
1428 1778 1487 1832 ‘O
1542 1775 1712 1846 νόμος
1769 1774 1861 1827 καὶ
1921 1774 1973 1827 οἱ

319 1872 626 1945 προφῆται,
680 1863 784 1929 ’ἕως
841 1867 1140 1935 Ἰω-ίννους
1206 1888 1235 1917 ››
1295 1865 1396 1921 Καί
1455 1884 1651 1942 φαμεν,
1707 1864 1791 1918 ὅτι
1847 1863 1974 1922 τοὺς

314 1954 593 2018 παλαιούς
636 1977 799 2031 φησιν
834 1956 861 2010 6
897 1954 1120 2028 Κόριος,
1150 1954 1279 2015 τοὺς
1308 1954 1408 2021 τήν
1465 1951 1761 2028 παρουσίαν
1811 1951 1975 2006 αὐτοῦ

313 2045 818 2122 προφητεύσαντας.
855 2069 882 2096 ‹‹
932 2044 1193 2116 Δεύτερον
1250 2046 1555 2121 προφήτας.
1619 2066 1647 2092 ››
1710 2072 1771 2087 ς-
1833 2044 1976 2114 ΙΙροο

315 2138 500 2215 φήτας
531 2134 726 2208 λεγειὸ
760 2133 929 2207 μέγας
973 2130 1338 2198 Ἀπόστολος,
1402 2132 1466 2185 οὗ
1524 2130 1652 2192 τοὺς
1711 2129 1818 2203 πρὸ
1872 2136 1974 2199 τῆς

314 2224 574 2299 Χάριτος,
644 2221 790 2278 ἀλλὰ
844 2221 972 2283 τοὺς
1033 2222 1166 2294 μετὰ
1220 2222 1318 2289 τὴν
1377 2221 1565 2295 χάριν,
1623 2218 1673 2289 ἐξ
1723 2218 1796 2273 ὧν
1856 2220 1890 2288 ἦ
1948 2220 1976 2273 6

317 2307 582 2388 Ἀγαϐὸς,
647 2310 738 2365 καὶ
823 2311 874 2365 οἱ
955 2309 1005 2365 ἐν
1089 2306 1405 2387 Ἀντιοχείᾳ
1479 2306 1975 2382 προφητεύσαντες,

314 2402 411 2458 καὶ
448 2400 606 2460 αὐτὸς
636 2399 663 2453 ὀ
697 2403 842 2462 θεῖος
874 2396 1231 2460 Ἀπόστολος.
1269 2420 1297 2447 ‹‹
1328 2397 1522 2471 Τρίτον
1553 2392 1978 2457 διδασκάλους»

322 2489 429 2547 Καὶ
459 2490 562 2563 γὰρ
591 2487 682 2542 καὶ
723 2486 980 2541 οὗτοιτά
1037 2486 1264 2562 μέγιστα
1320 2481 1618 2561 ὢφελοῦσι,
1675 2485 1764 2538 καὶ
1826 2477 1977 2538 εἰκό-

323 2599 442 2639 τως
475 2577 602 2632 εὶσὶν
630 2576 781 2637 εὐθὺς
819 2575 953 2649 μετά
987 2572 1117 2636 τοὺς
1183 2576 1489 2651 προφήτας.
1552 2597 1579 2625 ‹‹
1639 2573 1774 2629 Εἶτα
1831 2569 1982 2626 δυνά-

338 2688 487 2741 μεις.
525 2690 552 2719 n
579 2664 1131 2739 —[[‘ENNAAIOT.]
1178 2664 1260 2720 Τὰ
1310 2662 1651 2738 ἐνεργήματα
1717 2660 1978 2734 δηλονότι

345 2760 456 2811 τῶν
515 2752 811 2827 δυνάμεων.
872 2755 941 2812 Αἱ
989 2756 1081 2827 μὲν
1142 2751 1419 2826 δυνάμεις,
1481 2754 1569 2807 καὶ
1625 2752 1788 2807 ἰῶντο
1850 2752 1978 2813 τοὺς

348 2844 601 2913 ἀσθενεῖς,
632 2844 716 2898 καὶ
746 2843 1009 2913 ἑκόλαζον
1041 2842 1168 2903 τοὺς
1197 2839 1603 2919 ἀντιλέγοντας,
1649 2842 1724 2903 ὡς
1760 2840 1975 2903 Παῦλος

327 2934 423 2988 τὸν
459 2929 726 3006 ’Κλύμαν,
756 2932 847 2987 καὶ
881 2934 909 2986 6
960 2928 1160 3006 Πέτρος
1214 2931 1306 2986 τὸν
1359 2931 1625 2989 Ἀνανίαν.
1686 2932 1752 2987 Οἱ
1806 2928 1864 2985 δὲ
1913 2932 1979 2985 τὰ

327 3024 650 3097 χαρίσματα
671 3026 780 3077 τῶν
831 3021 1075 3093 ἰαμάτων
1132 3019 1374 3095 ἔχοντες,
1427 3020 1589 3093 μόνον
1647 3021 1825 3075 ἰῶντο.
1882 3020 1977 3074 Διά

325 3115 493 3167 τοῦτο
551 3110 641 3165 καὶ
698 3116 943 3185 προτιμᾷ
997 3110 1092 3171 τὰς
1145 3107 1421 3181 δυνάμεις.
1455 3134 1481 3159 ‹‹
1540 3108 1911 3181 Ἀντιλήψεις.
1951 3133 1978 3159 n

317 3201 397 3257 T6
483 3197 803 3274 ἀντέχεσθαι
856 3204 964 3253 τῶν
1046 3197 1432 3268 ἀσθενούντων,
1508 3199 1595 3252 καὶ
1657 3203 1974 3270 προστατεῖν

318 3289 521 3355 αὐτῶν,
554 3289 687 3363 ὅπερ
713 3289 803 3343 καὶ
837 3287 967 3343 αὐτὸ
1008 3289 1256 3362 χάρισμα
1314 3285 1480 3362 λέγει,
1539 3284 1590 3341 εἷ’
1640 3286 1729 3340 καὶ
1779 3288 1977 3360 ἡμετέ-

320 3400 434 3455 ρων
468 3375 639 3433 δεῖται
669 3378 871 3434 πόνων.
931 3377 1007 3433 Τὸ
1048 3374 1105 3432 δὶ
1156 3376 1287 3431 αὐτὸ
1327 3379 1396 3448 τῇ
1454 3373 1742 3449 ἀντιλήψει
1795 3378 1830 3443 ἠ
1894 3397 1983 3431 κυ-

321 3463 603 3541 ϐέρνησις,
634 3466 812 3543 ἣγουν
846 3466 1058 3539 ὅμοιον.
1095 3490 1122 3518 ιι
1186 3462 1314 3535 an
1369 3462 1657 3541 γλωσσᾶν.
1698 3488 1718 3515 ι
1776 3464 1981 3521 Τούτου

322 3559 427 3612 τοῦ
484 3557 827 3631 χαρίσματος
886 3555 1021 3624 ἦσαν
1081 3553 1376 3627 ἠξιωμένοι
1436 3555 1488 3609 οἱ
1550 3554 1850 3629 Κορίνθιοι,
1891 3555 1981 3613 καὶ

328 3646 469 3719 μέγα
524 3645 607 3700 ἐπ’
680 3644 827 3715 αὐτῷ
911 3643 1186 3723 ἐφρόνουν.
1277 3644 1369 3698 Διὸ
1451 3643 1541 3698 καὶ
1596 3642 1979 3699 καταστέλλων

330 3733 509 3788 αὐτῶν
566 3736 667 3803 τήν
729 3731 933 3803 (θ’ἶησιν,
992 3729 1225 3806 ἔσχατον
1281 3733 1534 3787 τέθεικεν·
1570 3757 1597 3784 ‹‹
1788 3734 1979 3795 πάντες

330 3822 634 3878 ἀπόστολοι
671 3842 685 3889 ;
720 3846 746 3873 κ
781 3822 912 3881 Εἶτα
936 3819 1030 3876 *ίνα
1062 3823 1139 3894 μή
1187 3825 1256 3894 τῇ
1315 3822 1459 3891 τάξει
1525 3820 1717 3896 ταύτῃ,
1758 3822 1848 3875 καὶ
1902 3827 1982 3895 τῷ

331 3915 647 3989 φανερῶσαι
729 3911 796 3965 τὰ
853 3910 1075 3983 μείζονα
1153 3909 1245 3964 καὶ
1317 3912 1383 3965 τὰ
1462 3910 1753 3985 μικρότερα
1818 3908 1980 3986 χαρί-

332 4021 536 4072 σματα,
622 4004 753 4055 πᾶσι
851 3999 1029 4071 λύπην
1107 3994 1324 4073 thesin
1384 4005 1501 4062 τοῖς
1570 3999 1636 4054 τὰ
1719 3997 1982 4055 ἐλάττονα

328 4086 582 4165 ἔχουσιν,
645 4088 872 4145 ἃκουσον
932 4090 985 4143 τί
1045 4107 1198 4166 φησι·
1263 4089 1346 4157 Μὴ
1407 4089 1602 4150 πάντες
1656 4086 1977 4159 ἀπόστολοι,

332 4180 371 4249 ἢ
404 4180 682 4256 προφῆται
718 4204 733 4247 ;
763 4177 831 4236 Εἰ
854 4178 960 4254 γάρ
990 4178 1187 4239 πάντες
1215 4174 1271 4231 ἵν
1304 4178 1421 4245 ἦτε,
1479 4178 1582 4233 οὐκ
1625 4176 1719 4243 ἥτε
1749 4174 1982 4257 διάφορα

337 4264 508 4341 μέλη.
550 4265 614 4321 Εἰ
642 4266 865 4334 πάντες,
900 4265 1087 4341 φησὶν,
1117 4265 1215 4333 ἦτε
1242 4273 1545 4343 προφῆται,
1591 4267 1698 4320 ποῦ
1763 4267 1814 4320 o't
1846 4266 1982 4321 ἀπό-

330 4355 524 4412 στολοι
559 4377 573 4425 ;
609 4358 655 4411 εἰ
685 4355 877 4419 πάντες
939 4353 1262 4425 ἀπόστολοι,
1325 4360 1431 4411 ποῦ
1489 4357 1541 4412 οἱ
1617 4353 1978 4428 διδάσκαλοις

327 4446 473 4501 ὥστε
499 4448 534 4516 ἡ
560 4445 710 4515 τάξις
740 4444 874 4516 αὕτη
907 4443 997 4499 καί
1027 4445 1375 4519 συμφέρουσα
1420 4446 1510 4501 καὶ
1558 4444 1979 4524 ὠφελιμωτέρα,

319 4533 415 4591 ’ίνα
443 4531 666 4597 ἕκαστος
695 4538 791 4590 τοῦ
817 4532 1053 4604 πλησίον
1087 4530 1294 4604 δέηται.

402 4623 647 4693 Ζηλοῦτε
730 4620 787 4678 δὶ
865 4623 932 4678 τὰ
982 4622 1301 4698 χαρίσματα
1383 4625 1448 4678 τὰ
1531 4627 1832 4701 κρείττονα,
1892 4628 1982 4682 καὶ
2014 4604 2056 4671 D

322 4714 409 4769 ἔτι
438 4716 557 4776 καθ’
618 4707 928 4787 ὑπερϐολὴν
984 4707 1109 4766 ὁδὸν
1171 4713 1296 4785 ὑμῖν
1356 4709 1618 4789 δείκνυμι.
1680 4716 1804 4772 Ἐάν
1862 4722 1978 4780 ταῖς

325 4803 606 4879 γλώσσαις
665 4806 772 4858 τῶν
833 4800 1137 4876 ἀνθρώπων
1206 4798 1363 4856 λαλῶ
1429 4804 1518 4857 καὶ
1569 4807 1674 4858 τῶν
1705 4805 1977 4879 ἀγγέλων,

320 4893 546 4968 ἀγάπην
616 4889 674 4947 δὲ
742 4892 817 4962 μή
904 4887 1042 4960 ἔχω,
1103 4891 1304 4967 γέγονα
1378 4893 1589 4966 χαλκὸς
1673 4897 1854 4973 ἠχῶν,
1939 4897 1974 4965 ἢ

322 4974 612 5053 κύμϐαλον
690 4977 990 5048 ἀλαλάζον.
1094 4980 1193 5035 Καὶ
1294 4979 1381 5035 ἑὰν
1442 4977 1561 5060 ’ἐχω
1627 4984 1975 5058 προφητείαν,

320 5068 573 5127 καὶεῖδῶ
676 5071 743 5125 τὰ
849 5071 1123 5144 μυστήρια
1223 5071 1414 5143 πάντα,
1457 5072 1549 5126 καὶ
1640 5078 1812 5129 πᾶσαν
1878 5077 1977 5145 τήν

321 5165 549 5237 γνῶσιν,
580 5160 670 5214 καὶ
731 5158 819 5214 liv
882 5156 999 5233 ἔχω
1037 5163 1210 5213 πᾶσαν
1263 5162 1363 5228 τήν
1420 5162 1617 5229 πίστιν,
1678 5161 1817 5219 ὥστε
1873 5164 1972 5240 ὅρη

330 5250 689 5323 μεθιστάνειν,
723 5249 933 5323 ἀγάπην
970 5245 1026 5303 δδ
1060 5250 1137 5320 μὴ
1189 5246 1325 5323 ὲχω,
1360 5248 1509 5307 οὐθίν
1556 5253 1691 5324 εἰμι.
1750 5253 1852 5309 Καὶ
1885 5255 1973 5309 ἐὰν

325 5338 567 5413 ψωμίσω
603 5339 776 5393 πάντα
812 5338 879 5392 τά
911 5336 1225 5412 ὑπάρχοντά
1258 5359 1384 5409 μου,
1417 5340 1506 5394 καὶ
1538 5341 1626 5395 ἑὰν
1654 5340 1881 5416 παραδῶ
1912 5344 1974 5400 τὸ

314 5427 480 5501 σῶμά
516 5449 620 5501 μου
652 5428 741 5481 ’ίνα
766 5428 1156 5497 καυθήσωμαι,
1186 5425 1398 5501 ἀγάπην
1429 5426 1486 5483 δὲ
1519 5432 1594 5502 μὴ
1645 5426 1785 5503 ἔχω,
1818 5430 1970 5489 οὗδὶν

316 5516 667 5597 ὠφελοῦμαι.

2079 615 2265 681 parte.
2291 633 2311 659 ι
2340 611 2557 665 Omnes
2580 609 2818 681 quidem
2840 608 3179 678 ubicunque
3213 607 3479 663 locorum
3503 608 3625 665 sint
3653 608 3727 663 fi-

2081 699 2264 766 deles,
2300 704 2441 754 sunt
2469 715 2681 771 corpus
2724 698 2964 764 Christi,
3023 714 3122 751 vos
3180 701 3377 752 autem
3435 696 3724 753 Corinthii

2082 789 2353 845 membra
2382 806 2450 844 ex
2478 796 2642 861 parte
2676 807 2688 842 :
2722 804 2916 859 neque
2974 788 3133 842 enim
3193 786 3306 841 soli
3359 787 3500 841 estis
3531 791 3721 843 totum

2082 894 2318 949 corpus,
2353 877 2457 933 sed
2488 877 2756 932 membra
2786 877 2928 932 estis
2961 892 2974 931 :
3012 881 3071 930 et
3094 892 3287 946 neque
3346 876 3570 943 omnia,
3620 874 3724 931 sed

2083 984 2150 1022 ex
2181 972 2363 1039 parte.
2401 971 2510 1023 Per
2542 969 2652 1023 hoc
2683 973 2879 1023 autem
2904 967 3163 1022 ostendit
3202 967 3328 1038 jam
3389 965 3725 1037 dispersum

2084 1073 2211 1113 esse
2238 1058 2300 1113 in
2325 1060 2537 1130 majori
2562 1066 2726 1130 parte
2749 1060 3005 1114 universi
3027 1058 3408 1129 Evangelium
3428 1074 3495 1113 ac
3521 1057 3723 1113 ﬁdem.

2087 1168 2110 1200 ε
2147 1150 2218 1202 Et
2246 1149 2354 1203 hos
2386 1148 2625 1218 quidem
2660 1149 2859 1219 posuit
2887 1153 3062 1203 Deus.
3100 1168 3127 1197 »
3184 1149 3254 1200 Et
3311 1148 3418 1201 hos
3477 1146 3719 1216 quidem

2083 1237 2640 1309 apostolos,inquit.
2661 1238 2859 1308 posuit
2887 1236 3278 1293 etfacitDeus
3332 1236 3393 1289 in
3434 1235 3719 1291 Ecclesia.

2083 1326 2238 1382 Bene
2271 1332 2469 1381 autem
2521 1328 2673 1382 546
2728 1326 2892 1381 addit
2948 1327 3205 1397 primum
3264 1325 3335 1379 de
3395 1325 3721 1396 apostol's;

2082 1433 2219 1473 nam
2252 1417 2311 1471 hi
2345 1417 2520 1487 primi
2551 1433 2619 1471 ac
2649 1416 2828 1471 duces
2858 1421 2996 1470 sunt
3027 1415 3185 1471 fidei.
3216 1415 3539 1485 Prophetas
3588 1429 3725 1469 vero

2086 1506 2346 1562 secundo
2374 1506 2503 1559 loco
2535 1506 2754 1576 posuit,
2789 1520 2908 1559 non
2940 1508 3165 1559 veteres
3195 1504 3331 1559 illos
3363 1503 3587 1572 dicens,
3622 1503 3727 1559 sed

2085 1613 2186 1651 eos
2208 1594 2309 1667 qui
2332 1596 2393 1649 in
2416 1610 2773 1665 unaquaque
2798 1594 3093 1649 Eccclesia
3110 1610 3177 1648 eo
3194 1600 3458 1664 tempore
3470 1594 3727 1665 prophe-

2085 1688 2311 1753 tabant,
2345 1686 2537 1757 qualis
2569 1692 2696 1741 erat
2711 1685 2943 1757 Agabus
2960 1686 3181 1756 aliique
3217 1687 3389 1741 multi
3410 1686 3474 1743 ³⁷.
3512 1684 3722 1741 Verum

2086 1776 2132 1830 si
2158 1780 2327 1831 erant
2347 1775 2973 1846 prophetm,quomodo
2996 1776 3080 1829 ait
3104 1774 3387 1829 Dominus
3412 1792 3425 1831 :
3450 1796 3477 1825 «
3525 1776 3639 1830 Lex
3669 1779 3728 1829 et

2011 1890 2055 1955 Β
2084 1866 2387 1955 prophetas
2444 1879 2631 1955 usque
2690 1865 2781 1955 ad
2812 1865 3097 1955 Joannem
3148 1863 3196 1898 ⁸⁸
3223 1863 3251 1919 ‘l
3302 1884 3334 1955 ι»
3379 1866 3448 1918 Et
3477 1863 3727 1955 dicimus

2085 1952 2241 2024 quod
2272 1954 2344 2008 de
2374 1953 2668 2009 veteribus
2700 1952 2819 2007 illis
2853 1953 3115 2023 loquitur
3146 1953 3453 2020 Dominus,
3504 1954 3605 2025 qui
3653 1953 3726 2007 de

2084 2044 2271 2115 ipsius
2292 2044 2545 2099 adventu
2571 2044 3084 2115 prophetaverant.
3107 2064 3134 2093 α
3160 2043 3426 2098 Secundo
3468 2043 3729 2114 prophe-

2084 2139 2194 2189 tas.
2232 2153 2258 2182 »
2290 2162 2358 2173 --
2389 2132 2713 2203 Prophetas
2743 2132 2887 2187 dicit
2938 2147 3190 2204 magnus
3246 2132 3559 2203 Apostolus
3606 2148 3728 2187 non

2087 2225 2185 2294 qui
2217 2229 2352 2279 ante
2378 2228 2612 2294 tempus
2632 2224 2861 2294 gratiae,
2885 2221 2988 2277 sed
3011 2223 3110 2293 qui
3136 2227 3270 2294 post
3315 2223 3566 2295 gratiam
3597 2221 3727 2277 fue-

2086 2318 2244 2373 runt,
2279 2312 2433 2366 inter
2464 2328 2612 2381 quos
2643 2316 2769 2365 erat
2827 2311 3061 2383 Agabus
3120 2316 3177 2365 et
3233 2312 3332 2381 qui
3395 2309 3723 2366 Antiochia;

2084 2402 2600 2473 prophetaverant,
2635 2402 2878 2472 ipseque
2904 2400 3135 2456 divinus
3153 2400 3484 2472 Apostolus.
3532 2423 3557 2451 ‹‹
3590 2403 3729 2456 Ter-

2088 2492 2165 2546 tio
2198 2490 2487 2545 doctores.
2526 2512 2553 2540 ·›
2586 2492 2727 2544 Nam
2762 2495 2819 2544 et
2848 2490 2908 2545 hi
2963 2489 3287 2555 plurimum
3343 2496 3611 2560 prosunt,
3663 2505 3729 2546 ac

2087 2580 2297 2634 merito
2330 2578 2527 2634 statim
2561 2584 2693 2649 post
2723 2579 3041 2650 prophetas
3067 2584 3385 2649 ponuntur.
3428 2601 3448 2627 ι
3507 2579 3729 2633 Deinde

2084 2673 2426 2742 potestates.
2456 2690 2483 2719 ››
2518 2698 2586 2709 —-
2620 2669 2872 2723 Effectus
2902 2668 3174 2724 videlicet
3203 2683 3269 2722 ac
3302 2667 3579 2722 efficaciae
3620 2683 3730 2739 po-

2089 2764 2390 2814 testatum.
2416 2760 2743 2813 Potestates
2765 2757 3005 2829 quidem
3033 2762 3091 2812 et
3120 2757 3390 2811 inﬁrmos
3414 2757 3723 2824 sanabant,

2087 2854 2145 2905 et
2158 2847 2631 2904 contradicentes
2648 2848 3158 2919 puniebant,sicut
3181 2847 3397 2901 Paulus
3412 2846 3732 2917 Elymam”

2088 2944 2145 2993 et
2178 2941 2385 2993 Petrus
2417 2939 2707 2993 Ananiam
2741 2938 2787 2972 ⁸ο
2821 2955 2833 2992 :
2868 2938 2967 3007 qui
3000 2953 3134 2992 vero
3168 2937 3323 2992 dona
3354 2937 3730 2992 sanationum

2086 3027 2403 3091 habebant,
2456 3027 2648 3082 solum
2712 3027 3046 3080 sanabant:
3096 3030 3366 3097 proterea
3426 3032 3581 3081 etam
3626 3043 3729 3097 po-

2087 3121 2329 3171 testates
2356 3116 2415 3170 in
2451 3117 2675 3170 honore
2708 3116 3019 3186 prasponit.
3054 3136 3080 3164 ‹‹
3117 3114 3409 3169 Subsidia.
3462 3134 3488 3165 ι
3544 3115 3727 3186 Opem

2033 3246 2049 3268 ,
2091 3205 2244 3259 ferre
2276 3205 2531 3275 aegrotis,
2568 3204 2805 3276 illisque
2837 3219 3089 3275 praeesse
3119 3204 3312 3274 :quod
3336 3204 3529 3275 ipsum
3553 3202 3731 3259 etiam

2092 3293 2316 3348 donum
2350 3293 2515 3355 dicit,
2547 3293 2688 3348 licet
2717 3294 2936 3348 nostris
2964 3308 3201 3363 quoque
3233 3309 3381 3364 opus
3412 3292 3487 3347 sit
3515 3290 3729 3347 labori-

2089 3382 2218 3437 bus.
2244 3382 2407 3447 Quod
2433 3388 2629 3438 autem
2653 3383 2924 3453 sequitur
2942 3382 3420 3454 gubernationes,
3449 3382 3609 3437 idem
3641 3386 3730 3437 est

2089 3468 2247 3543 quod
2277 3471 2541 3527 subsidia
2570 3477 2672 3526 aut
2692 3471 2997 3543 quidpiam
3030 3472 3244 3527 simile.
3280 3494 3306 3521 ‹‹
3340 3473 3567 3527 Genera
3609 3472 3729 3526 lin-

2087 3577 2356 3634 guarum.
2390 3565 2507 3617 Hoc
2537 3561 2760 3616 donum
2792 3567 3144 3633 acceperant
3173 3562 3481 3625 Corinthii,
3544 3566 3601 3617 et
3658 3560 3729 3616 ob

2089 3651 2200 3707 hoc
2223 3651 2547 3722 plurimum
2567 3651 2988 3706 efferebantur:
3016 3651 3267 3722 ideoque
3289 3651 3361 3706 ad
3380 3651 3731 3706 modestiam

2089 3756 2370 3794 revocans
2400 3739 2617 3794 fastum
2651 3740 2939 3810 ipsorum,
2974 3745 3272 3809 postremo
3320 3739 3450 3794 loco
3510 3738 3726 3809 posuit.

2094 3849 2115 3879 ι
2151 3830 2300 3882 Num
2331 3844 2541 3882 omnes
2573 3828 2872 3898 apostoli?
2904 3847 2926 3876 ι
2960 3829 3181 3883 Deinde
3214 3844 3286 3882 ne
3306 3828 3416 3881 hoc
3438 3825 3646 3881 ordine
3673 3831 3731 3881 et

2089 3940 2159 3976 ex
2189 3938 2257 3976 eo
2289 3921 2446 3992 quod
2480 3922 2705 3992 majora
2736 3937 2801 3976 ac
2833 3921 3064 3976 minora
3121 3921 3277 3976 dona
3323 3920 3731 3975 manifestave-

2086 4012 2165 4065 rit
2191 4010 2468 4065 omnibus
2497 4026 2811 4065 maerorem
2836 4010 3069 4081 injiciat
3100 4011 3199 4081 qui
3232 4010 3463 4065 minora
3484 4009 3724 4079 habent,

2087 4099 2224 4154 audi
2246 4099 2387 4171 quid
2409 4100 2739 4155 dicat.Num
2759 4116 2965 4155 omnes
2988 4100 3239 4171 apostoli
3263 4106 3364 4155 aut
3382 4101 3685 4171 prophetae
3702 4102 3730 4154 Ρ

2088 4190 2231 4243 Nam
2263 4188 2311 4242 si
2344 4204 2550 4243 omnes
2579 4204 2764 4243 unum
2800 4192 3019 4252 essent,
3067 4204 3445 4259 nequaquam
3499 4188 3729 4243 diversa

2089 4283 2285 4333 essent
2316 4277 2602 4333 membra.
2631 4277 3150 4349 Siomnes,inquit,
3176 4284 3377 4333 essent
3399 4278 3725 4349 prophetas,

2086 4367 2189 4421 ubi
2220 4366 2595 4439 apostoli?si
2649 4383 2856 4423 omnes
2913 4367 3189 4439 apostoli,
3247 4366 3347 4421 ubi
3399 4366 3728 4420 doctores?

2088 4456 2191 4511 Hic
2220 4457 2420 4528 itaque
2450 4457 2593 4512 ordo
2627 4458 2949 4528 plurimum
2977 4454 3550 4527 confert,ostendens
3572 4453 3727 4525 quod

2088 4546 2340 4616 quisque
2371 4547 2639 4618 proximo
2671 4563 2818 4618 Opus
2850 4547 3083 4602 habeat.

2160 4635 2282 4705 XII,
2316 4636 2412 4701 3i;
2444 4636 2588 4701 XIII,
2623 4638 2730 4689 1-3.
2764 4638 3121 4692 Emulamz’ni
3146 4640 3326 4690 autem
3355 4636 3499 4690 dona
3546 4636 3731 4705 potio-

2087 4740 2155 4779 ra
2187 4741 2199 4779 :
2234 4730 2287 4779 et
2306 4726 2429 4795 jam
2458 4724 2788 4780 excellenter
2815 4728 2960 4780 viam
2980 4727 3128 4781 vobis
3161 4725 3400 4780 ostendo.
3432 4725 3491 4781 Si
3523 4722 3728 4792 linguis

2088 4814 2365 4868 hominum
2392 4813 2590 4883 loquar
2619 4820 2668 4869 et
2698 4815 3038 4883 angelorum,
3072 4814 3399 4870 charitatem
3420 4820 3601 4869 autem
3620 4828 3731 4867 non

2088 4902 2333 4969 habeam,
2390 4904 2570 4972 factus
2625 4919 2743 4959 sum
2792 4918 2866 4958 es
2916 4919 3196 4973 resonans,
3254 4911 3351 4959 aut
3412 4902 3726 4978 cymbalum

2088 4992 2350 5046 tinniens.
2392 4994 2463 5047 Et
2491 4994 2539 5047 si
2571 4992 2796 5046 habeam
2820 4992 3181 5063 prophetiam
3212 5002 3262 5048 et
3307 4997 3553 5050 noverim
3580 5008 3725 5062 mys-

2087 5082 2229 5134 teria
2258 5083 2445 5136 omnia
2475 5082 2623 5139 547
2671 5097 2990 5153 omnemque
3044 5085 3379 5138 scientiam:
3432 5090 3484 5137 et
3540 5084 3586 5135 si
3630 5081 3728 5135 ha-

2087 5168 2237 5223 beam
2267 5185 2477 5224 omnem
2506 5171 2689 5241 ﬁdem,
2718 5171 2852 5226 adeo
2883 5178 2942 5226 ut
2971 5179 3178 5227 montes
3201 5178 3573 5239 transmutem,
3598 5168 3729 5224 cha-

2082 5260 2302 5313 ritalem
2333 5266 2515 5313 autem
2544 5276 2656 5315 non
2687 5261 2937 5328 habeam,
2963 5262 3108 5316 nihil
3124 5278 3266 5317 sum.
3298 5262 3367 5315 Et
3392 5263 3439 5315 si
3453 5274 3727 5329 pauperes

2082 5348 2280 5403 alendo
2307 5350 2580 5404 insumam
2610 5364 2791 5405 omnes
2808 5352 3105 5419 facultates
3133 5366 3277 5406 meas
3308 5368 3325 5405 :
3351 5356 3402 5404 et
3429 5351 3476 5404 si
3507 5348 3722 5402 tradam

2083 5452 2277 5508 corpus
2300 5453 2496 5505 meum,
2533 5444 2593 5493 ut
2634 5440 2945 5507 comburar,
2995 5438 3323 5494 charitatem
3378 5446 3559 5495 autem
3613 5452 3721 5492 non

2084 5526 2330 5598 habeam,
2352 5527 2495 5583 nihil
2522 5529 2659 5583 mihi
2674 5531 2919 5600 prodest.

387 5662 435 5699 ³⁷
468 5666 593 5718 Δεῖ.
627 5678 705 5731 xi,
738 5662 805 5714 28
838 5676 851 5727 ;
886 5676 1000 5727 xxi,
1042 5664 1124 5715 t0.
1159 5660 1208 5694 ³⁸
1238 5663 1373 5720 Luc.
1406 5680 1521 5731 ni,
1558 5667 1643 5721 16.
1678 5667 1724 5702 ³⁸
1749 5669 1873 5722 Act.
1908 5686 1977 5723 ιιι

2087 5678 2113 5726 ι.
2148 5671 2193 5707 ⁴⁰
2222 5675 2345 5727 Act.
2378 5690 2431 5741 ν,
2467 5678 2487 5725 1
2525 5689 2695 5743 seqq.
