4068 6254
371 349 485 409 831

373 577 516 632 estis
540 575 698 646 quod
726 591 942 646 magna
961 590 1081 628 non
1103 574 1409 644 accipiatis
1426 573 1601 642 dona,
1653 577 1894 644 propter
1925 590 2018 626 ve-

374 671 556 720 stram
583 663 937 719 socordiam.
969 664 1112 718 Nam
1154 663 1264 717 hoc
1305 663 1528 718 indicat
1548 662 1705 732 quod
1728 661 1810 715 ait
1828 663 2023 716 Emu-

371 754 602 810 lamini.
628 755 752 808 Non
777 758 976 808 tamen
1001 751 1152 805 dixit
1187 753 1410 819 Magna,
1462 751 1564 806 sed
1612 752 1880 822 potiora:
1908 752 2020 805 hoc

373 851 465 899 est
491 843 736 897 utiliora
766 846 822 896 et
853 858 984 911 quas
1017 841 1204 912 magis
1244 840 1565 894 Ecclesiam
1618 840 1825 911 juvare
1884 857 2022 910 pos-

381 934 517 988 sint.
552 964 622 972 —
651 931 778 985 Alio
804 931 980 985 modo.
1009 953 1038 980 ‹‹
1091 929 1471 984 Aimulamini
1529 935 1725 983 autem
1787 929 1958 984 dona.
1991 951 2018 978 ››

378 1026 638 1093 Apparet
669 1021 815 1075 mihi
846 1036 967 1074 non
998 1019 1056 1073 id
1089 1035 1226 1073 eum
1281 1018 1501 1073 dixisse
1551 1017 1915 1072 exhortando
1966 1024 2024 1073 et

379 1111 762 1168 enuntiando.
799 1109 1104 1175 Quomodo
1137 1109 1297 1163 enim
1329 1109 1440 1162 hoc
1489 1107 1747 1171 fecisset,
1799 1108 1899 1178 qui
1934 1114 2024 1162 to-

380 1201 494 1256 ties
525 1200 670 1254 dixit
701 1213 1187 1268 unumquemque
1221 1196 1444 1251 donum
1484 1195 1782 1266 accepisse
1833 1195 1906 1250 ad
1965 1194 2022 1249 id

376 1291 535 1362 quod
557 1289 933 1361 expediebat,
958 1288 1248 1358 totiesque
1271 1286 1696 1342 demonstravit
1727 1303 1862 1342 eum
1921 1288 2022 1358 qui

375 1380 569 1450 majus
593 1377 817 1433 donum
835 1377 1054 1432 habere
1077 1375 1390 1431 videbatur
1410 1377 1470 1431 in
1495 1376 1660 1431 nullo
1677 1376 2022 1447 prcecellere

373 1485 552 1538 super
573 1483 708 1521 eum
731 1467 831 1538 qui
859 1465 1106 1521 minus?
1138 1465 1241 1520 sed
1281 1464 1506 1520 dictum
1554 1481 1683 1519 esse
1739 1482 1773 1520 a
1827 1464 2023 1520 divino

377 1557 560 1612 Paulo
584 1556 732 1610 mihi
754 1555 986 1610 videtur
1011 1572 1118 1626 per
1138 1555 1682 1626 interrogationem'
1705 1577 1732 1603 «
1766 1553 2022 1609 Aimula-

379 1643 938 1716 mini,inquit,dona
950 1643 1216 1714 potiora?
1230 1666 1256 1692 η
1275 1643 1530 1698 necdum
1572 1643 1734 1698 vobis
1782 1658 2024 1713 persua-

381 1735 587 1799 simus,
602 1751 676 1789 ne
693 1733 947 1805 graviter
967 1732 1176 1787 feraris
1202 1731 1361 1802 quod
1383 1732 1731 1802 acceperitis
1751 1732 1981 1787 minora
2000 1732 2027 1786 ?

379 1820 483 1874 sed
497 1820 689 1876 adhuc
703 1824 1001 1874 amatores
1015 1835 1082 1873 ac
1105 1819 1480 1873 aemulatores
1521 1820 1633 1890 maj
1644 1835 1812 1873 osum
1835 1820 1978 1874 estis
1998 1819 2026 1874 ?

377 1927 513 1979 ergo
535 1908 909 1980 quoquejam
931 1907 1006 1962 ad
1036 1923 1106 1961 ea
1119 1924 1249 1976 qum
1265 1907 1421 1961 dicta
1443 1914 1583 1962 sunt
1602 1908 2021 1978 compendium

376 1997 540 2052 vobis
567 2014 634 2052 ac
657 1997 810 2050 viam
841 1995 1206 2062 demonstro,
1236 2011 1342 2066 per
1386 2013 1565 2066 quam
1612 1996 1777 2050 nullo
1810 1997 2021 2051 horum

376 2087 676 2155 majorum
704 2084 998 2138 donorum
1028 2084 1191 2138 vobis
1226 2101 1374 2155 opus
1406 2085 1502 2152 sit,
1537 2085 1638 2141 sed
1661 2086 1891 2140 caeteris
1922 2103 2025 2140 ex-

378 2173 665 2228 cellenter
685 2189 750 2226 ac
771 2187 902 2226 vere
927 2172 1184 2244 majores
1215 2189 1282 2228 ac
1314 2173 1696 2244 perfectiores
1737 2190 2024 2246 apparea-

381 2263 478 2316 tis.
496 2262 776 2325 Quaenam
802 2261 981 2332 igitur
1004 2267 1093 2315 est
1113 2260 1215 2316 illa
1237 2278 1330 2315 res
1357 2261 1383 2315 ?
1403 2262 1664 2333 Simplex
1694 2268 1783 2318 est
1829 2269 1885 2317 et
1945 2263 2026 2318 la-

382 2352 1047 2420 borecarens,quaaque
1062 2349 1344 2405 facillime
1385 2357 1643 2422 paretur.
1678 2351 1829 2418 Quid
1851 2353 2026 2424 igitur

380 2439 531 2494 illud
559 2439 690 2494 est?
716 2439 886 2504 Quid,
913 2440 1128 2510 inquit,
1153 2439 1316 2494 aliud
1356 2441 1469 2495 nisi
1512 2442 1769 2496 Charitas
1802 2457 1906 2496 seu
1937 2441 2024 2496 di-

381 2529 556 2584 lectio
578 2529 605 2583 ?
635 2529 736 2598 qui
769 2529 930 2583 enim
961 2529 1114 2584 hanc
1146 2547 1329 2600 purus
1360 2531 1607 2601 accepit,
1639 2548 1848 2586 omnes
1875 2549 2024 2602 pras-

379 2618 565 2683 cellit,
599 2635 806 2672 omnes
839 2619 1072 2673 excedit
1105 2636 1117 2672 :
1153 2619 1254 2689 qui
1287 2636 1422 2674 vero
1453 2620 1604 2674 hanc
1655 2637 1776 2675 non
1828 2619 2026 2684 habet,

382 2706 659 2762 omnibus
719 2707 958 2775 excidit,
1008 2707 1285 2761 omnibus
1345 2707 1707 2762 destituitur.
1767 2709 1929 2773 Quod
1979 2711 2026 2762 si

385 2797 735 2851 charitatem
754 2795 1300 2866 babeamus,neque
1340 2797 1412 2850 de
1437 2797 1657 2852 mutuis
1684 2798 1857 2852 donis
1887 2815 2030 2853 con-

385 2883 699 2940 tendentes
727 2886 899 2940 anxie
933 2885 1107 2940 verba
1134 2886 1438 2954 faciemus,
1463 2903 1656 2958 neque
1679 2887 1842 2942 aliud
1863 2888 2032 2959 quid-

389 2991 567 3045 quam
603 2991 804 3028 eorum
838 2991 968 3045 quae
996 2991 1117 3030 non
1173 2976 1536 3031 conveniunt
1592 2993 1702 3030 nos
1760 2978 2027 3048 attinget.

394 3083 415 3113 ι
452 3063 668 3135 Etjam
701 3063 1081 3122 excellenter.
1119 3087 1145 3113 υ
1180 3065 1237 3119 Si
1268 3066 1533 3134 omnino,
1585 3066 1799 3136 inquit,
1849 3084 2031 3122 aemu-

388 3153 607 3208 latores
638 3152 778 3208 estis
837 3154 1134 3224 potiorum
1189 3155 1502 3221 donorum,
1564 3155 1808 3211 ostende
1867 3156 2030 3211 vobis

392 3241 752 3296 excellenter
782 3242 996 3296 melius
1028 3242 1272 3311 donum,
1295 3261 1508 3316 nempe
1532 3251 1878 3303 ostensurus
1900 3247 2031 3301 cha-
2061 3226 2104 3290 C
2145 3237 2424 3296 δεικνύειν.

394 3330 650 3384 ritatem.
689 3331 752 3383 Et
782 3329 911 3384 vide
953 3331 1111 3400 quod
1169 3349 1290 3386 non
1347 3332 1560 3387 dixerit
1596 3351 1608 3387 :
1669 3335 2039 3389 Excellenter

396 3417 563 3471 vobis
592 3417 810 3472 donum
846 3420 1112 3484 ostendo,
1148 3420 1252 3473 sed
1311 3442 1336 3472 ι
1393 3421 1580 3488 Viam,
1643 3443 1670 3470 ››
1700 3423 2040 3494 signiﬁcans

397 3509 746 3562 charitatem
781 3525 910 3562 esse
943 3508 1094 3563 viam
1129 3525 1259 3578 quae
1289 3511 1364 3565 ad
1394 3511 1596 3565 omnia
1653 3511 1809 3566 dona
1855 3511 2042 3567 dedu—

399 3602 514 3664 cat,
548 3605 604 3651 et
637 3597 789 3652 hanc
819 3602 1105 3668 assectus,
1141 3615 1248 3668 per
1306 3598 1496 3670 ipsam
1553 3599 1626 3654 ad
1675 3605 1889 3654 cratera
1917 3617 2044 3672 gra-

402 3685 617 3742 dietur.

469 3779 624 3835 548
657 3780 786 3834 Alio
816 3779 995 3834 modo.
1030 3780 1280 3845 Quidam
1312 3781 1423 3836 hoc
1470 3797 1576 3853 per
1631 3781 2045 3854 interrogatio-

397 3885 536 3924 nem
559 3869 996 3941 legeruntzhoc
1019 3872 1378 3938 est,omnino
1420 3873 1648 3944 majora
1696 3874 2047 3930 desideratis

399 3957 555 4013 dona
576 3957 602 4011 ’ἲ
634 3959 680 4012 si
714 3960 958 4014 omnino
990 3959 1050 4014 id
1080 3961 1315 4031 cupitis,
1351 3977 1455 4033 ego
1488 3979 1587 4017 vos
1648 3969 1918 4036 prompte
1973 3964 2047 4020 ad

401 4046 527 4102 hinc
551 4047 858 4104 deducam.
884 4049 1464 4121 Namidsubjungit:
1523 4074 1550 4101 «
1597 4053 1667 4106 Et
1695 4053 1825 4124 jam
1856 4054 2045 4108 excel-

402 4136 596 4190 lenter
621 4137 772 4191 viam
807 4137 970 4192 vobis
1001 4139 1287 4206 ostendo;
1321 4162 1347 4189 »
1383 4140 1495 4196 hoc
1528 4147 1634 4208 est,
1669 4142 1742 4197 ad
1802 4160 1870 4198 ea
1916 4161 2048 4214 qua:

402 4224 767 4280 excellenter
795 4227 1024 4298 majora
1056 4234 1194 4282 sunt
1223 4228 1381 4284 dona
1412 4230 1564 4284 viam
1595 4231 1867 4286 ostendo.
1901 4254 1929 4281 α
1992 4233 2048 4287 Si

402 4314 622 4386 linguis
646 4313 954 4370 hominum
980 4315 1191 4385 loquar
1212 4322 1270 4371 et
1290 4317 1637 4389 angelorum
1660 4318 1688 4372 ‘I
1718 4341 1745 4369 ››
1799 4321 2050 4392 Linguas

400 4401 605 4458 dicens
630 4403 1126 4475 angelorum,non
1159 4404 1326 4460 addit
1367 4406 1591 4477 angelis
1633 4423 1912 4478 corpora:
1947 4408 2049 4463 sed

403 4508 437 4546 a
466 4493 622 4549 vocis
649 4510 866 4565 organo
902 4494 1074 4548 nobis
1103 4495 1356 4566 cognito,
1393 4494 1752 4550 locutionem
1810 4497 2046 4568 angelo-

1485 347 1910 409 (ECUMENII
1954 348 2257 410 TRICCE
2297 348 2653 411 EPISCOPI

451 486 687 541 Leniter
705 485 866 556 ipsos
879 483 1058 539 etiam
1072 483 1360 556 designat.
1377 483 1734 554 Vos,inquit,
1761 484 1820 536 in
1843 498 2021 538 causa
2051 495 2104 559 Α

3679 350 3796 408 832

2207 481 2414 555 Ἠρέμα
2470 482 2560 536 καὶ
2605 481 2821 556 ᾐνίξατο
2880 482 3092 544 αὐτούς.
3151 483 3269 536 Ὀτι
3329 483 3522 554 ὑμεις,
3615 485 3796 558 φησὶν,

2129 569 2416 625 αἶ’τιοιτοῦ
2469 569 2681 644 μεγάλα
2746 571 2824 643 μὴ
2886 566 3076 625 λαϐεῖν
3134 570 3478 646 χαρίσματα,
3547 568 3645 624 διὰ
3700 574 3793 640 τήν

2127 659 2394 733 ῥᾳθυμίαν
2423 660 2595 732 ὑμῶν.
2639 663 2818 717 Τοῦτο
2851 661 2957 736 γὰρ
2985 660 3070 726 τὸ,
3107 685 3134 711 ‹‹
3168 660 3479 730 Ζηλοῦτε,››
3520 660 3794 736 ἐμφαίνει.

2129 746 2282 804 Ἀλλ’
2314 747 2412 803 οὐκ
2442 749 2582 818 εἶπε,
2617 747 2863 825 Μεγάλαι,
2898 747 3068 815 ἀλλὰ,
3105 772 3130 802 α
3154 749 3238 806 Τὰ
3259 749 3618 823 κρείττονα.»
3641 770 3799 803 τουτ-

2129 837 2239 892 έστι
2293 839 2360 892 τα
2415 836 2837 916 ὠφελιμώτερα,
2906 840 2995 893 καὶ
3058 836 3327 913 δυνάμενα
3406 837 3648 912 μᾶλλον
3704 843 3798 909 τὴν

2129 925 2455 996 Ἐκκλησίαν
2491 925 2743 1006 ὠφελεῖν,
2779 961 2845 969 -
2877 927 3124 989 Ἄλλως.
3159 930 3374 1002 [ΦΩΤ.]
3435 929 3544 996 Τὸ,
3615 953 3644 980 ‹‹
3699 935 3771 999 Ζη
3793 961 3804 970 -

2130 1014 2292 1069 λοῦτε
2331 1012 2387 1070 δὲ
2423 1017 2490 1070 τα
2521 1015 2859 1094 χαρίσματα,
2894 1041 2920 1068 ι»
2951 1014 3098 1072 δοκῶ
3133 1038 3230 1090 μοι
3287 1020 3362 1091 μή
3411 1018 3568 1074 κατὰ
3608 1020 3804 1092 παραί-

2127 1125 2265 1159 νεσιν
2294 1106 2382 1160 καὶ
2437 1107 2732 1184 ἀπόφανσιν
2793 1104 3086 1183 είρηγέναι.
3146 1112 3275 1170 Πῶς
3331 1110 3434 1185 γὰρ
3503 1108 3606 1184 ὅγε
3667 1109 3806 1164 πολ-

2130 1192 2287 1256 λάκις
2320 1195 2456 1268 πρός
2499 1217 2556 1250 τε
2612 1198 2674 1251 τὸ
2735 1197 3009 1276 συμφέρον
3074 1196 3240 1253 εἰπὼν
3316 1193 3510 1252 λαϐεῖν
3575 1194 3804 1253 ’ἑκαστον

2127 1283 2191 1338 τὸ
2223 1285 2490 1358 χάρισμα,
2531 1285 2620 1340 καὶ
2685 1283 2856 1358 μηδὲν
2915 1284 3186 1365 διαφέρειν
3233 1286 3518 1349 πολλάκις
3566 1285 3810 1356 ἐνδειξὰ-

2134 1393 2292 1445 μενος
2323 1373 2416 1427 τὸν
2447 1371 2708 1429 δοκοῦντα
2756 1372 2900 1429 ἔχειν
2954 1376 3018 1429 τὸ
3081 1381 3263 1448 μεῖζον
3321 1381 3614 1450 χάρισμα,
3672 1378 3808 1449 πρὸς

2129 1462 2220 1516 τὸν
2253 1457 2450 1537 ἔχοντα
2480 1463 2543 1518 τὸ
2574 1460 2805 1519 ἓλαττον
2841 1484 2855 1533 ;
2889 1464 3046 1520 Ἀλλ’
3074 1464 3323 1539 εἰρῆσθαί
3375 1487 3472 1538 μοι
3508 1463 3674 1520 δοκεῖ
3729 1471 3807 1537 τῷ

2133 1552 2398 1624 θεσπεσίῳ
2459 1552 2660 1626 Παύλῳ
2715 1556 2832 1609 κατ’
2890 1554 3176 1629 ἐρώτησιν.
3240 1579 3266 1612 ι
3327 1555 3614 1628 Ζηλοῦτε,
3652 1559 3803 1634 φησί,

2131 1641 2196 1694 τὰ
2229 1642 2543 1714 χαρίσματα
2572 1643 2638 1696 τὰ
2659 1643 2965 1716 κρείττονα,
2997 1669 3024 1695 η
3087 1645 3175 1698 καὶ
3236 1644 3387 1700 οὔπω
3448 1647 3607 1718 ὑμᾶς
3661 1645 3806 1700 ἐπεί-

2134 1749 2301 1801 σαμεν
2389 1731 2464 1802 μή
2528 1730 2755 1802 ἀθυμεῖν
2842 1730 2930 1786 ἐπὶ
2989 1737 3106 1796 τοῖς
3162 1731 3468 1802 ἐλάττοσιν,
3536 1733 3677 1789 ἀλλ’
3730 1731 3804 1789 ἔτι

2133 1815 2349 1890 ἐρασταὶ
2379 1819 2469 1873 καὶ
2499 1818 2745 1890 ζηλωταὶ
2805 1827 2914 1875 τῶν
2979 1823 3247 1894 μειζόνων
3299 1821 3468 1894 ﬁeri;
3538 1823 3660 1900 ἐγὼ
3717 1825 3802 1879 καὶ

2133 1901 2208 1960 ἔτι
2262 1907 2398 1981 πρὸς
2452 1914 2572 1972 τοῖς
2629 1908 2943 1984 εἰρημένοις
3032 1909 3262 1982 μέθοδον
3326 1913 3453 1986 ὑμῖν
3524 1913 3624 1968 καὶ
3682 1910 3803 1966 ὁδὸν

2133 1994 2586 2069 δείκνυμι,δι’ἦς
2619 1995 2773 2052 οὐδὲν
2825 1999 3034 2054 τούτων
3087 2004 3197 2055 τῶν
3259 2003 3639 2078 χαρισμάτων
3699 2007 3802 2057 τῶν

2137 2083 2407 2156 μεγίστων
2442 2081 2744 2154 δεηθέντες,
2776 2087 2894 2140 καθ’
2952 2081 3265 2157 ὑπερϐολήν
3323 2085 3382 2142 ἂν
3437 2093 3556 2144 τῶν
3616 2087 3803 2144 ἄλλων

2138 2170 2355 2244 μείζους
2403 2172 2490 2226 καὶ
2549 2173 2792 2243 ἀληθῶς,
2856 2175 2945 2229 καὶ
2993 2173 3326 2249 τελειότεροι
3387 2177 3679 2253 φανείητε.
3731 2179 3794 2235 Τί

2135 2259 2229 2314 οὗν
2263 2259 2374 2316 ἐστι
2440 2266 2649 2330 τοῦτο;
2709 2261 2946 2320 Ἀπλοῦν
2999 2265 3086 2318 καὶ
3149 2265 3378 2335 ἅκοπον,
3439 2268 3536 2320 καὶ
3595 2267 3656 2322 ἐκ
3703 2272 3792 2322 τοῦ

2136 2348 2332 2421 ῥᾴστου
2379 2351 2830 2424 παραγινόμενον.
2891 2351 2962 2409 Τί
3006 2351 3094 2408 οὗν
3158 2353 3318 2423 ἐστι;
3379 2354 3450 2411 Τί
3513 2352 3575 2410 δὲ
3631 2353 3787 2423 ἄλλο,

2134 2435 2326 2506 ἀλλ’ἢ
2380 2438 2612 2512 ἀγᾶπη;
2663 2439 2877 2509 Ταύτην
2936 2441 3039 2517 γὰρ
3098 2443 3126 2496 ὁ
3184 2443 3416 2516 καθαρός
3481 2439 3784 2510 ἀναλαϐὼν,

2135 2527 2346 2581 πάντων
2435 2529 2684 2601 προέχει,
2746 2531 2960 2584 παντων
3048 2528 3545 2607 ὑπεραναϐἐϐηκεν.
3614 2535 3673 2590 Ὁ
3729 2533 3780 2588 δὲ

2134 2615 2336 2685 ταύτην
2372 2618 2448 2688 μή
2489 2614 2658 2691 ἔχων,
2712 2618 2928 2674 πάντων
2979 2619 3313 2691 ἐκπέπτωκε,
3368 2623 3593 2678 πάντων
3650 2623 3775 2677 ἐστὲν

2138 2703 2366 2779 ἔρημος.
2428 2708 2528 2761 "Av
2587 2703 2780 2776 δὲτὴν
2850 2708 3070 2785 ἀγάπην
3159 2708 3402 2785 ἔχωμεν,
3483 2711 3602 2767 οὔτε
3656 2710 3765 2785 περὲ

2139 2793 2495 2870 χαρισμάτων
2541 2795 2819 2867 ἀλληλοις
2881 2797 3153 2874 ἐρίσαντες
3236 2803 3749 2876 μικρολογησόμεθα,

2141 2881 2265 2938 οὔτε
2313 2881 2453 2938 ἃλλο
2499 2905 2550 2938 τι
2599 2889 2707 2940 τῶν
2763 2887 2827 2940 οὐ
2878 2888 3294 2961 προσηκόντων,
3355 2892 3507 2964 ἡμῶν
3553 2892 3738 2962 ἅψεται.

2147 2993 2169 3023 ι
2204 2973 2304 3030 Καὶ
2339 2967 2417 3028 ἔτι
2447 2975 2564 3028 καθ’
2599 2970 2937 3050 ὑπερϐολήν.
2971 3000 2999 3028 »
3021 2978 3145 3034 Ἐὰν
3179 2977 3350 3050 ὂλως,
3387 2975 3742 3058 γησὶ,ζηλωταί

2142 3061 2257 3117 ἐστε
2305 3062 2624 3136 κρειττόνων
2687 3066 3076 3139 χαρισμάτων,
3139 3064 3387 3140 δείκνυμι
3474 3068 3586 3140 ὑμῖν
3649 3065 3750 3127 καθ’

2144 3146 2457 3224 ὑπερϐολὴν
2491 3159 2734 3226 κρεῖττον
2759 3155 3024 3229 χάρισμα.
3059 3156 3171 3224 Τήν
3215 3156 3431 3234 ἀγάπην
3491 3155 3547 3211 δὲ
3596 3153 3764 3230 μέλλει

2516 3241 2613 3297 Καὶ
2699 3243 2818 3317 δρα·
2907 3245 3025 3301 Οὑκ
3084 3245 3222 3313 εἶπε,
3293 3248 3417 3301 Καθ’
3481 3241 3771 3318 ὑπερϐολήν

2150 3332 2397 3404 χάρισμα
2437 3330 2564 3403 ὑμῖν
2589 3327 2859 3404 δείκνυμι,
2919 3332 3068 3404 ἀλλ’,
3129 3359 3156 3385 ε(
3218 3332 3394 3404 Ὁδὸν,
3427 3360 3458 3387 υ
3511 3335 3779 3408 σημαίνων

2150 3417 2272 3474 ὁδὸν
2337 3419 2472 3473 εἶναι
2527 3421 2627 3488 τήν
2683 3420 2918 3496 ἀγάπην,
2975 3423 3052 3484 εἷς
3107 3424 3282 3478 πάντα
3363 3423 3680 3502 ἀπάγουσαν
3729 3421 3787 3476 τὶ

2150 3507 2482 3582 χαρίσματα.
2506 3507 2608 3565 Καὶ
2636 3509 2665 3563 ὁ
2691 3509 2891 3580 ταύτην
2924 3511 3278 3586 κτησάμενος,
3304 3511 3372 3567 δι’
3395 3512 3562 3584 αὐτῆς
3595 3511 3791 3570 ὁδώσει

2150 3597 2241 3652 καὶ
2263 3595 2340 3660 εἰς
2367 3597 2435 3652 τὰ
2464 3596 2652 3654 λοιπά.

2227 3775 2470 3839 Ἀλλως.
2531 3778 2706 3833 Τοῦτό
2761 3799 2904 3843 τινες
2967 3783 3085 3836 κατ’
3141 3781 3407 3856 ἐρώτησιν
3469 3783 3802 3860 ἀνέγνωσαν,

2155 3868 2272 3923 ἀντὶ
2299 3873 2418 3936 τοῦ,
2449 3867 2636 3932 ⁸Ὀλως
2668 3871 2772 3946 γὰρ
2801 3871 3015 3951 ἐφίεσθε
3041 3877 3150 3927 τῶν
3185 3873 3450 3945 μειζόνων
3518 3874 3804 3953 χαρισμά-

2153 3979 2263 4012 των
2296 3977 2308 4027 ;
2345 3958 2407 4015 El
2438 3955 2585 4020 ὅλως
2637 3957 2868 4033 ἐφίεσθε,
2928 3959 3033 4036 ἐγὼ
3095 3963 3234 4035 ὑμᾶς
3292 3963 3377 4017 ἐπὶ
3433 3969 3605 4019 ταῦτα
3680 3961 3807 4019 ποδ-

2159 4047 2350 4118 ηγήσω
2407 4044 2732 4118 προθύμως.
2791 4048 2968 4102 Τοῦτο
3022 4050 3126 4123 γὰρ
3185 4047 3453 4126 ἐπήγαγε,
3504 4071 3532 4104 α
3583 4052 3687 4104 Καὶ
3738 4044 3806 4102 ἔτι

2157 4135 2275 4196 καθ’
2315 4129 2625 4207 ὑπερϐολὴν
2657 4131 2780 4189 ὁδὸν
2829 4136 2958 4208 ὑμῖν
3030 4133 3298 4210 δείκνυμι.
3333 4164 3355 4193 ι
3390 4138 3672 4208 Τουτέστι,
3703 4141 3807 4196 Τῶν

2157 4224 2274 4278 καθ’
2302 4218 2614 4296 ὑπερϐολήν
2671 4225 2932 4296 μειζόνων
3000 4226 3359 4301 χαρισμάτων
3418 4225 3668 4300 δείκνυμι
3714 4228 3803 4295 τὴν

2161 4309 2306 4367 ὁδόν.
2335 4335 2358 4366 ε
2395 4312 2519 4368 Ἐἀν
2550 4319 2673 4373 ταῖς
2705 4313 2986 4388 γλώσσαις
3023 4320 3132 4371 τῶν
3164 4316 3464 4391 ἀνθρώπων
3508 4316 3672 4373 λαλῶ
3725 4316 3804 4371 καὶ

2158 4403 2267 4454 τῶν
2299 4395 2574 4473 ἀγγέλων.
2606 4423 2632 4451 ››
2661 4433 2728 4442 -
2761 4425 2788 4452 ‹‹
2820 4400 3102 4467 Γλώσσαις
3133 4409 3240 4459 τῶν
3270 4403 3584 4480 ἀγγέλων,ι
3623 4406 3800 4470 εἰπὼν,

2162 4487 2224 4543 οὗ
2276 4493 2434 4561 σῶμα
2490 4495 2605 4550 τοῖς
2663 4488 2916 4565 ἀγγέλοις
2993 4492 3354 4565 περιτίθησιν,
3412 4493 3542 4549 ἀλλ’
3603 4494 3664 4550 ἐκ
3718 4500 3800 4562 τῆς

404 4595 537 4634 rum
560 4580 716 4634 inter
738 4597 798 4634 se
825 4581 1121 4653 signiﬁcat
1149 4598 1160 4634 :
1188 4581 1410 4636 habent
1432 4581 1588 4637 enim
1634 4588 1691 4636 et
1735 4582 1821 4636 illi
1854 4600 2036 4654 quan-

2159 4585 2344 4654 ιρωνῆς
2383 4581 2661 4651 τοῦἡμῶν
2697 4578 3056 4655 ἐγνωσμένου,
3091 4585 3190 4652 τὴν
3228 4584 3363 4658 πρὸς
3421 4584 3648 4639 ἑαυτοὺς
3705 4587 3796 4638 τῶν

403 4667 540 4722 dam
558 4669 1052 4740 signiﬁcationem
1078 4688 1195 4740 qua
1208 4671 1464 4726 vicissim
1483 4671 1906 4742 colloquuntur
1937 4673 2054 4727 sive

403 4762 722 4826 conceptus
739 4757 1080 4828 signiﬁcant
1095 4759 1620 4829 :quemadmodum
1635 4761 1800 4815 etiam
1811 4760 1952 4815 alibi
1967 4761 2055 4815 di-

400 4843 650 4914 citquod
664 4861 856 4900 coram
871 4847 1098 4902 Christo
1115 4865 1175 4902 se
1191 4849 1564 4904 llectetomne
1575 4865 1727 4922 genu
1740 4850 2060 4906 ccelestium

405 4937 465 4987 et
483 4933 854 4988 terrestrium
871 4933 938 4990 ⁴ί.
964 4957 991 4985 ‹‹
1009 4936 1368 4992 Charitatem
1382 4943 1579 4992 autem
1595 4954 1713 4992 non
1727 4937 1996 4993 habeam.
2024 4961 2052 4988 ››

404 5023 542 5088 Quae
562 5028 800 5096 estergo
815 5023 941 5080 haac
954 5024 1082 5079 via?
1103 5026 1391 5094 Charitas,
1408 5027 1624 5097 inquit,
1641 5027 1767 5081 sine
1787 5043 1905 5097 qua
1923 5026 2054 5082 nul-

404 5112 526 5168 lum
545 5113 767 5168 donum
782 5114 1108 5185 quidquam
1123 5115 1297 5170 affert
1327 5116 1622 5171 utilitatis.
1645 5115 1713 5170 Et
1735 5115 1990 5187 primum
2023 5132 2058 5171 a

403 5201 898 5277 linguarumdono
915 5204 1073 5276 quod
1086 5205 1239 5276 apud
1256 5205 1415 5277 ipsos
1429 5206 1486 5260 in
1505 5206 1691 5276 pretio
1705 5205 2053 5272 habebatur,

403 5294 698 5366 incipit,et
710 5295 820 5350 ait:
845 5295 900 5350 Si
917 5295 1604 5367 linguishominum,imo
1621 5296 1798 5350 etiam
1813 5296 2054 5367 angelo-

403 5385 764 5456 rumloquar
781 5385 908 5440 sine
923 5386 1232 5451 charitate,
1254 5389 1476 5439 temere
1511 5390 1570 5438 et
1605 5401 1751 5439 vane
1768 5385 2056 5454 nullaque

407 5472 659 5526 utilitate
674 5474 884 5543 loquar
896 5474 1074 5530 veluti
1092 5489 1303 5528 sonum
1318 5473 1943 5528 redduntinanimaaes
1955 5479 2057 5528 aut

478 5668 520 5701 ⁴¹
555 5667 810 5738 Philipp.
845 5685 964 5736 vm,
997 5673 1050 5722 2.

2166 4665 2410 4742 ἀγγέλων
2453 4666 2672 4737 ὁμιλίαν
2707 4666 2892 4740 δηλοῖ.
2953 4672 3183 4746 Ἔχουσι
3239 4673 3344 4748 γὰρ
3401 4673 3644 4728 κάκεῖνοί
3698 4691 3795 4728 τινα

2167 4755 2434 4828 σημασίαν
2465 4753 2533 4811 δι’
2564 4754 2630 4824 ἤν
2682 4757 2982 4834 ἀμφότεροι
3013 4759 3322 4832 ὁμιλοῦσιν,
3379 4763 3454 4822 ὡς
3505 4762 3599 4816 καὶ
3651 4760 3794 4817 ἀλλα-

2165 4849 2271 4919 χοῦ
2303 4865 2490 4918 φησιν,
2526 4844 2610 4900 ὅτι
2641 4871 2667 4898 ‹‹
2705 4847 2865 4920 Αὐτῷ
2895 4849 3100 4922 κάμψει
3158 4855 3259 4903 πᾶν
3292 4849 3419 4923 γόνυ
3477 4850 3796 4926 ἐπουρανίων

2165 4931 2254 4987 καί
2278 4933 2552 5008 ἐπιγείων.
2587 4959 2614 4987 »
2664 4969 2730 4978 —-
2755 4957 2786 4990 (ι
2820 4938 3066 5012 ’Δγάπην
3107 4936 3164 4993 δὲ
3193 4941 3269 5012 μή
3302 4937 3438 4996 ἔχω.
3497 4964 3526 4992 ››
3560 4941 3698 4995 Ποία
3725 4936 3802 4994 οὖν

2167 5023 2299 5094 αὕτη
2333 5027 2368 5094 ἡ
2403 5023 2586 5095 ὁδός;
2642 5026 2704 5082 Ἦ
2764 5027 2970 5100 ἀγάπη,
3029 5031 3219 5105 φησὶν,
3277 5031 3344 5100 ἧς
3400 5030 3604 5104 χωρὶς,
3663 5028 3802 5085 οὐδὲν

2167 5113 2279 5167 ἐστι
2362 5115 2612 5192 χάρισμα
2685 5115 2986 5194 ἐπωφελές.
3066 5117 3165 5172 Καὶ
3240 5119 3458 5192 πρῶτον
3535 5120 3644 5174 ἀπὸ
3718 5120 3802 5174 τοῦ

2165 5202 2290 5277 παρ’
2321 5202 2512 5264 αὐτοῖς
2563 5205 2752 5275 τιμίου
2812 5206 3155 5280 χαρίσματος
3211 5211 3318 5262 τῶν
3373 5207 3664 5282 γλωσσῶν,
3723 5207 3804 5281 ἆρ-

2167 5311 2324 5364 χεται
2356 5290 2442 5345 καί
2476 5311 2658 5369 φησιν’
2694 5293 2813 5348 Ἐὰν
2842 5299 2963 5356 ταῖς
2999 5293 3274 5368 γλώσσαις
3320 5300 3426 5350 τῶν
3487 5296 3798 5370 ἀνθρώπων,

2167 5379 2229 5434 οὐ
2264 5381 2370 5453 μὴν
2398 5378 2544 5436 ἀλλὰ
2581 5382 2670 5435 καὶ
2722 5387 2828 5436 τῶν
2884 5381 3132 5458 ἀγγέλων
3192 5382 3350 5439 λαλῶ
3405 5384 3524 5438 ἃνευ
3577 5385 3796 5456 ἀγάπης,

2170 5468 2286 5538 εἰκῆ
2320 5469 2412 5524 καὶ
2448 5472 2622 5543 μάτην
2649 5471 2736 5525 καὶ
2795 5472 2871 5534 εἰς
2902 5469 3054 5526 οὐδὲν
3085 5469 3204 5528 ὂέον
3268 5474 3598 5550 φθέγγομαι,
3628 5471 3799 5544 ὥσπερ
