4068 6254
302 349 428 407 833

1312 344 1722 406 COMMENT.
1767 344 1847 402 ΙΝ
1893 343 2133 403 EPIST.
2178 344 2198 402 Ι
2247 345 2353 402 AD
2396 342 2761 403 CORlNTH.

3606 345 3726 404 834

300 482 375 535 τὰ
428 478 641 554 ἄψυχα,
701 479 729 533 6
788 476 1000 553 χαλκὸς
1059 477 1149 533 καὶ
1205 478 1266 531 τὸ
1320 474 1629 550 κύμϐαλον.
1678 501 1704 528 ‹‹
1740 475 1841 533 Καὶ
1875 477 1964 530 ἐὰν

2094 476 2439 547 :ymbalum.
2479 499 2498 525 ι
2535 480 2605 531 Et
2635 477 2683 532 si
2715 476 2965 532 habeam
2997 478 3390 547 prophetiam.
3426 498 3454 527 »
3508 477 3727 534 Volens

304 568 431 644 ἔχω
460 568 819 646 προφητείαν.
882 591 910 620 ›ι
968 566 1150 622 Θέλων
1212 564 1376 636 δεῖξαι
1438 566 1571 641 μέγα
1616 587 1667 620 τι
1701 568 1800 633 τήν
1831 565 1968 641 ἀγά-

310 680 450 729 πην,
512 655 659 728 αὔξει
717 661 935 730 πρῶτον
989 658 1057 711 τὰ
1112 655 1445 732 χαρίσματα,
1503 655 1593 710 καὶ
1654 654 1778 710 τότε
1808 653 1969 731 φησὶν

312 746 452 803 αὐτὰ
510 745 663 808 ἐκτὸς
731 747 943 821 ἀγάπης
1001 743 1157 800 οὐδὲν
1216 746 1374 801 εἶναι.
1431 750 1583 799 ’Ἂνω
1640 745 1745 819 γὰρ
1778 743 1967 811 εἰπὼν,

318 860 340 886 ε
383 838 507 892 Ἐὰν
556 840 673 894 ταῖς
730 836 1008 910 γλώσσαις
1062 839 1171 889 τῶν
1225 833 1522 901 ἀνθρώπων
1552 832 1776 887 καὶτῶν
1809 831 1971 907 ἆγγὲ-

310 925 430 981 λὼν
494 924 675 991 λαλῶ,
743 955 767 978 ιι
828 923 960 998 ὅπερ
1019 925 1085 993 ἦν
1141 924 1268 997 παρ’
1326 922 1513 984 αὐτοῖς
1576 922 1848 996 μέγιστον,
1878 925 1968 974 νῦν

308 1012 482 1069 πάλιν
513 1012 598 1067 ἐπὶ
649 1019 748 1081 τῆς
803 1010 1138 1090 προφητείας
1166 1011 1227 1065 τὸ
1256 1010 1385 1064 αὐτὸ
1424 1015 1591 1066 ποιεῖ.
1628 1007 1969 1085 Προφητείαν

311 1103 419 1176 γὰρ
480 1100 567 1155 ἐὰν
614 1097 752 1175 ἔχω,
812 1099 874 1153 οὐ
929 1100 1031 1166 τήν
1088 1102 1384 1173 τυχοῦσαν,
1440 1097 1627 1176 φησὶν,
1685 1094 1830 1151 ἀλλὰ
1870 1096 1970 1163 τήν

310 1188 649 1265 ἀκροτάτην,
711 1190 807 1257 τὴν
862 1188 951 1243 καὶ
1008 1189 1074 1242 τὰ
1136 1189 1407 1261 μυστήρια
1472 1185 1563 1240 καὶ
1621 1187 1720 1253 τήν
1771 1189 1971 1258 γνῶσιν

311 1276 575 1348 ἔχουσαν,
617 1277 738 1332 ἄνευ
797 1278 1031 1353 ἀγάπης,
1093 1274 1244 1331 οὐδέν
1302 1276 1436 1348 εἰμι.
1493 1277 1670 1331 Τοῦτο
1697 1274 1800 1348 γὰρ
1828 1272 1973 1328 κάτω

314 1365 645 1423 ἀποδίδωσι.
714 1389 738 1420 ε
775 1370 949 1422 ιΙᾶσαν
991 1368 1090 1434 τήν
1149 1365 1348 1420 πίστιν.
1410 1388 1438 1417 ››
1500 1364 1684 1418 Ηίστιν
1741 1366 1852 1427 νῦν,
1913 1360 1974 1415 οὐ

312 1459 419 1524 τήν
477 1461 585 1511 τῶν
646 1461 851 1511 πιστῶν
912 1457 1014 1524 τὴν
1074 1457 1268 1524 κοινην
1325 1455 1414 1507 καὶ
1467 1450 1766 1519 καθολικὴν
1801 1451 1974 1527 λέγει,

311 1545 462 1602 ἀλλὰ
492 1547 552 1601 τὸ
587 1544 835 1623 χάρισμα
892 1546 954 1597 τὸ
1010 1550 1110 1611 τῆς
1170 1541 1427 1605 πίστεως.
1490 1544 1585 1596 Ἦν
1636 1541 1739 1615 γάρ
1783 1561 1833 1594 τι
1867 1559 1975 1614 χα-

313 1637 583 1710 ρίσματος
645 1632 808 1703 εἶδος,
868 1632 1181 1705 ὁμωνύμως
1237 1633 1381 1686 οὕτω
1438 1633 1506 1702 τῇ
1536 1631 1713 1685 πίστει
1747 1629 1979 1702 Αεγὸμε-

313 1747 434 1784 νον.
504 1726 663 1782 ’Ὀθεν
731 1721 818 1777 ἐπὶ
876 1722 1175 1797 φανερώσει
1253 1721 1624 1794 πνευματικῆς
1693 1718 1977 1790 μετουσίας

315 1815 648 1889 ἐχορηγεῖτο
704 1809 942 1871 πολλοῖς
998 1814 1106 1865 τῶν
1165 1804 1397 1864 εὐσεϐῶν
1429 1808 1481 1863 ἐν
1505 1812 1583 1878 τῷ
1630 1808 1753 1861 τότε
1782 1809 1980 1877 καιρῷ.

316 1904 448 1978 Περὶ
509 1901 708 1957 τούτου
787 1901 881 1955 καὶ
957 1901 984 1953 6
1062 1898 1259 1971 Κύριος
1335 1902 1431 1952 τοῦ
1496 1896 1860 1971 χαρίσματος,
1927 1892 1979 1947 ἐν

311 1992 681 2066 Εὐαγγελίοις
742 1990 929 2062 φησὶν,
994 2014 1017 2039 ιι
1051 1989 1174 2044 Ἐὰν
1230 1982 1399 2062 ἔχητε
1458 1988 1639 2041 πίστιν
1676 1986 1749 2045 ὡς
1778 1984 1980 2038 κόκκον

309 2082 603 2147 σινάπεως,
634 2077 805 2152 ἐρεῖτε
856 2083 934 2150 τῷ
989 2077 1101 2153 ὄρει
1162 2076 1363 2148 τούτῳ
1426 2076 1658 2150 ’Ἄρθητι
1711 2074 1801 2128 καὶ
1837 2070 1982 2148 βλήι

316 2180 445 2236 θητι
504 2166 580 2227 είς
640 2166 739 2234 τὴν
824 2163 1122 2233 θάλασσαν,
1183 2164 1274 2218 καὶ
1333 2165 1615 2239 γενήσεται
1692 2161 1885 2222 οὕτως.
1951 2182 1977 2215 ι

314 2256 392 2314 Οὐ
430 2253 615 2326 δήπου
645 2254 751 2329 γὰρ
803 2254 876 2316 ὡς
928 2254 1065 2326 πρὸς
1094 2252 1355 2314 ἀπίστους
1407 2254 1506 2322 τὴν
1556 2252 1743 2320 κοινὴν
1774 2251 1978 2317 πίστιν,

311 2350 491 2400 ταῦτα
520 2344 657 2420 πρὸς
697 2341 891 2404 αὐτοὺς
948 2339 1228 2413 διελέγετο
1279 2342 1306 2395 6
1363 2341 1593 2417 Κύριος,
1652 2338 1797 2395 ἀλλὰ
1845 2338 1980 2415 πρὸς

315 2434 446 2496 τοὺς
507 2432 741 2494 οἰκείους
803 2432 1069 2504 μαθητάς’
1142 2433 1452 2499 τουτέστιν,
1508 2430 1633 2484 Ἐὰν
1691 2426 1863 2503 ἔχητε
1920 2428 1982 2481 τὸ

318 2528 421 2589 τῆς
454 2523 689 2584 πίστεως
729 2522 1001 2597 χάρισμα.
1079 2522 1149 2578 "0
1226 2517 1283 2574 δὲ
1360 2520 1506 2574 εἶπεν
1578 2520 1605 2573 ὁ
1672 2519 1876 2593 Κύριος
1930 2514 1982 2584 ἐν

322 2611 697 2687 Εὖαγγελίοις
761 2610 1011 2686 μέγιστον
1072 2612 1237 2676 εἶναι,
1294 2610 1356 2663 τὸ
1417 2606 1509 2663 διὰ
1588 2608 1821 2670 πίστεως
1878 2605 1978 2681 ὅρη

332 2704 613 2773 μεθιστᾷν,
660 2701 825 2756 τοῦτό
883 2720 1016 2776 φησι
1090 2697 1257 2772 μηδὲν
1317 2700 1452 2753 εἶναι
1512 2696 1728 2772 ἀγάπης
1784 2695 1979 2771 χωρίς.

348 2788 576 2846 «Οὐθὲν
639 2791 764 2864 εἶμι.
819 2813 844 2843 ι
914 2789 1031 2846 Οὐκ
1097 2790 1232 2856 εἶπε,
1300 2789 1642 2861 Μικρότατός
1710 2788 1825 2859 εἷ’μι
1889 2791 1978 2845 καὶ

340 2875 584 2946 εὗτελὴς,
615 2876 760 2949 ἀλλ’,
784 2902 812 2929 ‹‹
850 2876 1017 2934 Οὐθὲν
1050 2875 1186 2949 εἶμι.
1212 2900 1240 2927 ››
1275 2874 1466 2931 Καλῶς·
1492 2877 1576 2945 τὸ,
1600 2900 1628 2928 ‹‹
1653 2875 1928 2948 Ψωμίσω,
1951 2896 1978 2928 ρ

332 2964 475 3039 μετά
529 2972 627 3034 τῆς
686 2964 888 3026 δόσεως
946 2966 1038 3019 καὶ
1102 2966 1204 3035 τήν
1262 2965 1462 3019 οἰκείαν
1519 2963 1803 3037 σημαίνων
1867 2960 1983 3017 δια·

321 3054 533 3109 κονίαν.
570 3056 708 3129 Ὀρα
740 3053 800 3110 δὶ
828 3055 924 3109 καὶ
980 3054 1062 3124 τὸ,
1118 3078 1147 3106 ‹‹
1180 3054 1362 3111 Πάντα
1390 3055 1456 3109 τὰ
1488 3055 1825 3129 ὑπάρχοντα,
1861 3078 1888 3105 ››
1920 3052 1982 3107 οὐ

326 3145 497 3217 μέρος
557 3145 755 3201 αὐτῶν.
810 3170 838 3197 ‹‹
885 3147 999 3200 Ἵνα
1054 3146 1435 3217 καυθήσωμαι.
1472 3168 1499 3195 ››
1559 3144 1660 3200 Τὸν
1720 3141 1984 3218 χαλεπώ-

324 3255 491 3289 τατον
551 3233 697 3311 λέγει
758 3235 1007 3303 θάνατον,
1052 3234 1144 3287 τὸν
1211 3234 1342 3307 ὑπὲρ
1374 3237 1507 3289 Θεοῦ
1548 3230 1804 3302 δηλονότι
1833 3232 1983 3305 γινὸ-

327 3345 488 3397 μενον
503 3369 513 3378 .

416 3414 479 3470 Ἡ
548 3413 732 3490 ἀγάπη
809 3417 1170 3487 μακροθυμεῖ,
1232 3412 1611 3486 χρηστεύεται.
1681 3413 1743 3468 Ἡ
1802 3413 1983 3488 ἀγάπη

338 3504 405 3557 οὐ
463 3501 649 3572 ζηλοῖ,
708 3506 742 3572 ἡ
802 3503 985 3577 ἀγάπη
1043 3501 1105 3556 οὐ
1181 3499 1585 3575 περπερεύεται,
1642 3500 1702 3555 εὐ
1762 3506 1988 3579 φυσιοῦ-

328 3612 444 3659 ται,
506 3590 606 3645 οὖκ
657 3590 989 3668 ἀσχημονεῖ,
1048 3590 1108 3644 οὐ
1169 3595 1321 3659 ζητεῖ
1379 3589 1445 3644 τὰ
1500 3590 1715 3657 ἑαυτῆς,
1750 3590 1810 3644 οὐ
1844 3610 1982 3663 παρ-

331 3681 597 3749 οξύνεται,
655 3679 717 3734 οὐ
777 3679 1048 3754 λογίζεται
1139 3679 1202 3734 τὸ
1282 3679 1465 3745 κακὸν,
1522 3678 1582 3732 οὐ
1651 3679 1831 3754 χαίρει
1898 3677 1985 3733 ἐπί

333 3773 406 3841 τῇ
510 3767 714 3839 ἀδικίᾳ,
793 3768 1079 3846 σύγχαίρει
1155 3764 1212 3821 δὲ
1306 3770 1375 3840 τῇ
1452 3765 1700 3839 ἀληθείᾳ.
1806 3766 1983 3822 Πάντα

331 3858 528 3933 στέγει,
561 3859 732 3929 μάντα
761 3857 1019 3926 πιστεύει,
1053 3858 1222 3911 πάντα
1242 3854 1475 3926 ἐλπιζει,
1498 3856 1672 3911 πάντα
1704 3856 1981 3929 ὑπομένει.

321 3947 390 4003 Ἣ
424 3946 608 4020 ἀγάπη
643 3942 905 4000 οὐδεποτε
935 3944 1206 4003 ἐκπίπτει.

406 4035 540 4091 Εἶτα
598 4032 792 4089 λοιπὸν
846 4031 1178 4111 διεξέργεται
1233 4040 1333 4102 τῆς
1391 4033 1604 4109 ἀγάπης
1660 4034 1726 4088 τὰ
1774 4035 1986 4110 γνωρί-

333 4145 537 4197 σματα,
570 4121 776 4185 δεικνὺς
832 4123 917 4177 ’ὁτι
975 4121 1036 4177 οὐ
1097 4122 1260 4194 μόνον
1320 4120 1703 4195 βλαστησαντα
1732 4126 1797 4176 τὰ
1836 4124 1982 4193 πάθη

331 4213 563 4288 ἰκριζοῖ,
597 4211 729 4268 ἄλλ’
784 4209 916 4266 οὐδὶ
972 4216 1132 4286 φῦναι
1190 4216 1490 4289 συγχωρεῖ.
1552 4211 1689 4286 Ὅρα
1720 4208 1987 4280 δε,εῦθὶ›ς

331 4304 433 4369 τήν
473 4302 849 4374 μακροθυμίαν
888 4301 1112 4369 τέθεικε,
1174 4300 1271 4368 τήν
1325 4299 1474 4373 ῥίζαν
1531 4299 1707 4369 πάσης
1757 4299 1987 4374 φιλοσο-

333 4392 479 4469 φίας.
521 4414 548 4445 ιι
574 4391 960 4464 Χρηστεύεται.
1016 4413 1043 4441 n
1101 4387 1324 4458 Ἐπειδη
1355 4389 1496 4451 τινες
1530 4389 1659 4443 εἰσιν
1694 4388 1747 4445 οἵ
1774 4394 1843 4464 τῇ
1878 4413 1983 4461 μαι

325 4480 607 4554 κροθυμίᾳ
636 4479 734 4533 οὐκ
790 4479 865 4542 εἷς
935 4477 1261 4557 φιλοσοφίαν
1318 4477 1640 4556 κέχρηνται,
1676 4478 1982 4554 ἀλλὰπρὸς

2079 567 2392 622 ostendere
2420 585 2701 640 magnum
2724 567 3006 638 quiddam
3029 585 3156 624 esse
3178 569 3249 623 ch
3262 570 3725 638 aritatem,dona

2077 654 2337 724 primum
2364 660 2691 727 exaggerat,
2718 660 2776 709 et
2808 661 2945 710 tunc
2972 654 3054 709 ait
3081 655 3187 710 illa
3215 656 3367 709 nihil
3397 673 3528 711 esse
3586 656 3727 711 abs-

2081 757 2194 811 que
2226 741 2536 798 charitate.
2575 744 2719 797 Nam
2751 759 2885 797 cum
2917 742 3194 813 superius
3252 742 3539 798 dixisset:
3598 766 3625 792 «
3671 743 3731 797 Si

2080 828 2298 900 linguis
2324 829 2632 885 hominum
2658 837 2717 885 et
2737 831 3082 902 angelorum
3104 830 3314 902 loquar
3337 853 3363 881 »
3392 832 3549 902 quod
3570 831 3727 904 apud

2081 918 2241 989 ipsos
2272 925 2399 974 erat
2422 922 2748 976 maximum
2784 939 2796 975 :
2829 938 3067 977 rursum
3100 939 3259 977 nunc
3290 923 3447 977 idem
3475 924 3536 977 in
3592 941 3733 993 pro-

2081 1009 2284 1079 phetia
2303 1010 2462 1065 facit.
2491 1014 2633 1067 Nam
2677 1013 2725 1067 si
2771 1013 3032 1067 habuero
3081 1013 3481 1084 prophetiam,
3514 1014 3730 1085 inquit,

2086 1114 2205 1152 non
2228 1099 2726 1171 qualemcunque,
2751 1101 2852 1155 sed
2878 1102 3134 1156 maxime
3157 1101 3477 1155 sublimem
3500 1119 3631 1171 quae
3668 1106 3726 1157 et

2084 1188 2369 1258 mysteria
2384 1193 2442 1242 et
2464 1184 2775 1244 scientiam
2800 1190 3017 1244 habeat
3036 1189 3259 1260 absque
3273 1190 3559 1244 charitate
3578 1189 3731 1244 nihil

2086 1292 2218 1329 sum
2246 1293 2259 1329 :
2287 1277 2397 1331 hoc
2422 1278 2579 1331 enim
2605 1278 2852 1332 inferius
2875 1277 3147 1348 explicat.
3168 1301 3194 1327 α
3219 1279 3467 1333 Omnem
3493 1279 3729 1333 ﬁdem.»

2086 1366 2212 1419 Non
2247 1382 2374 1419 eam
2403 1365 2547 1419 dicit
2579 1383 2739 1421 nunc
2772 1367 3143 1421 credentium
3176 1367 3355 1421 ﬁdem
3387 1384 3517 1438 quas
3560 1385 3732 1424 com-

2088 1454 2287 1507 munis
2312 1460 2399 1507 est
2422 1460 2481 1507 et
2499 1454 2814 1525 generalis,
2842 1454 2945 1509 sed
2966 1455 3187 1509 donum
3238 1455 3395 1509 ﬁdei.
3433 1458 3575 1511 Nam
3609 1463 3739 1513 erat

2087 1542 2387 1612 quoddam
2418 1542 2711 1597 donorum
2744 1560 2928 1615 genus
2956 1543 3111 1613 quod
3145 1544 3351 1599 eadem
3401 1562 3539 1600 voce
3598 1564 3735 1601 cum

2089 1629 2207 1686 ﬁde
2224 1630 2717 1702 dicebatur,quod
2739 1630 2812 1687 ad
2834 1632 3378 1687 manifestationem
3400 1636 3734 1704 praesentia;

2091 1719 2334 1788 spiritus
2365 1719 2569 1773 multis
2598 1736 2664 1774 eo
2719 1725 2983 1791 tempore
3042 1721 3432 1777 tribuebatur.
3495 1725 3574 1778 De
3623 1724 3735 1779 hoc

2093 1809 2270 1863 etiam
2302 1808 2455 1863 dono
2488 1810 2571 1864 ait
2610 1812 2894 1865 Dominus
2927 1811 2987 1865 in
3020 1812 3346 1883 Evangeliis
3382 1830 3394 1866 :
3438 1836 3463 1861 «
3519 1814 3575 1867 Si
3624 1815 3731 1870 ha-

2089 1898 2339 1953 bueritis
2374 1900 2551 1955 ﬁdem
2582 1901 2736 1955 sicut
2765 1917 3013 1972 granum
3038 1902 3284 1972 sinapis,
3312 1901 3521 1958 dicetis
3542 1907 3732 1959 monti

2090 1986 2229 2041 huic
2264 2004 2276 2040 :
2311 2011 2337 2037 «
2370 1988 2672 2044 Auferaris
2704 1996 2761 2044 et
2793 1990 3127 2060 projiciaris
3160 1992 3222 2044 in
3275 2008 3461 2056 mare,
3517 1998 3575 2046 et
3631 1994 3734 2048 ﬁet

2094 2076 2256 2131 vobis
2288 2078 2354 2133 ‘9.
2388 2100 2415 2128 »
2452 2080 2652 2149 Neque
2685 2078 2844 2132 enim
2874 2079 3001 2134 hzec
3026 2078 3097 2133 de
3130 2080 3429 2134 communi
3485 2081 3600 2136 ﬁde
3648 2081 3738 2135 lo-

2095 2167 2387 2237 quebatur
2420 2170 2706 2223 Dominus
2737 2168 2809 2223 ad
2842 2185 2941 2223 eos
2973 2173 3258 2239 tanquam
3279 2169 3353 2224 ad
3375 2170 3736 2240 incredulos,

2091 2256 2195 2310 sed
2227 2257 2295 2311 ad
2333 2273 2471 2312 suos
2503 2258 2828 2329 discipulos
2884 2274 3076 2313 sermo
3137 2263 3307 2314 erat:
3369 2258 3479 2315 hoc
3528 2266 3636 2328 est,
3687 2261 3738 2317 si

2090 2345 2417 2400 habueritis
2434 2347 2569 2401 ﬁdei
2598 2348 2843 2401 donum.
2869 2348 3019 2403 549
3044 2348 3209 2412 Quod
3230 2354 3426 2405 autem
3452 2350 3737 2405 Dominus

2092 2431 2153 2486 in
2183 2432 2514 2504 Evangeliis
2542 2433 2867 2488 maximum
2897 2451 3027 2489 esse
3059 2436 3225 2502 dixit,
3253 2452 3468 2507 nempe
3500 2444 3733 2495 montes

2092 2526 2488 2577 transmutare
2519 2523 2630 2578 hoc
2651 2524 2733 2578 ait
2755 2524 2882 2578 sine
2905 2525 3200 2580 Charitate
3228 2527 3381 2580 nihil
3399 2544 3548 2583 esse.
3586 2549 3612 2577 ‹‹
3645 2529 3737 2582 Ni-

2091 2610 2175 2664 hil
2206 2627 2358 2665 sum.
2392 2632 2420 2661 »
2456 2611 2585 2666 Non
2616 2612 2763 2666 dixit
2797 2612 3072 2667 Minimus
3122 2631 3252 2668 sum
3286 2620 3349 2669 et
3402 2615 3555 2682 vilis,
3604 2616 3731 2682 sed,

2094 2722 2120 2749 «
2154 2700 2310 2755 Nihil
2342 2718 2490 2756 sum.
2529 2725 2557 2751 ››
2591 2733 2658 2742 -
2689 2724 2716 2751 ‹‹
2749 2705 2819 2756 Ει
2848 2704 2896 2758 si
2926 2703 3141 2758 alendo
3173 2705 3493 2759 insumam.
3527 2724 3553 2756 ο
3582 2705 3737 2759 Bene

2092 2788 2241 2843 dixit
2274 2811 2301 2839 ‹‹
2332 2790 2561 2846 Alendo
2594 2793 2910 2859 insumam,
2946 2815 2974 2841 ››
3033 2793 3375 2864 signiﬁcans
3430 2810 3552 2849 una
3601 2810 3737 2848 cum

2092 2878 2247 2934 dono
2279 2882 2584 2951 proprium
2643 2899 2878 2953 quoque
2933 2883 3353 2938 ministerium.
3415 2882 3739 2938 Considera

2091 2984 2226 3023 vero
2254 2970 2410 3040 quod
2443 2971 2620 3025 etiam
2652 2971 2829 3025 dicit:
2866 2993 2892 3019 (ι
2928 2973 3146 3026 Omnes
3166 2971 3479 3027 facultates
3502 2989 3732 3037 meas,»

2091 3073 2209 3111 non
2234 3065 2461 3129 partem
2494 3059 2775 3129 ipsarum.
2814 3081 2840 3107 ‹‹
2874 3061 2944 3113 Ut
3002 3060 3336 3125 comburar,
3400 3082 3427 3109 ››
3480 3061 3736 3115 Miserri-

2095 3165 2258 3204 mum
2285 3148 2428 3202 dicit
2453 3148 2659 3202 mortis
2688 3164 2874 3220 genus
2930 3165 3060 3219 qua:
3120 3148 3394 3203 videlicet
3451 3166 3557 3219 pro
3615 3148 3735 3203 Deo

2100 3239 2405 3293 toleratur.

2168 3416 2314 3481 XIII,
2349 3416 2466 3468 4-8.
2501 3437 2528 3463 ‹‹
2581 3415 2845 3470 Charitas
2907 3416 3264 3488 longaminis
3322 3422 3431 3483 est,
3483 3417 3741 3490 benigna

2096 3525 2124 3553 ‹‹
2159 3508 2268 3570 est,
2290 3503 2547 3558 charitas
2578 3520 2697 3558 non
2726 3504 3058 3572 aemulatur,
3083 3506 3340 3561 charitas
3360 3523 3479 3561 non
3502 3512 3590 3562 est
3611 3524 3742 3578 pro-

2095 3613 2123 3640 «
2158 3610 2283 3658 cax,
2319 3610 2440 3647 non
2473 3592 2735 3658 inﬂatur,
2770 3610 2890 3647 non
2922 3594 3171 3665 pudeﬁt,
3202 3612 3324 3649 non
3352 3596 3565 3666 quaarit
3603 3613 3732 3666 quas

2095 3704 2120 3730 ‹‹
2157 3698 2264 3736 sua
2293 3687 2451 3745 sunt,
2484 3697 2604 3735 non
2638 3681 2921 3747 irritatur,
2957 3699 3077 3737 non
3104 3684 3320 3755 cogitat
3346 3684 3592 3751 malum,
3615 3702 3736 3739 non

2098 3791 2120 3820 ι
2155 3770 2369 3842 gaudet
2401 3770 2461 3824 in
2494 3770 2807 3840 injustitia,
2843 3770 2943 3824 sed
2976 3772 3309 3840 congaudet
3336 3772 3587 3827 veritati.
3615 3773 3746 3827 Om-

2093 3880 2120 3907 ‹‹
2155 3858 2256 3911 nia
2282 3858 2509 3922 suffert,
2544 3857 2747 3911 omnia
2778 3856 2986 3923 credit,
3021 3859 3223 3913 omnia
3254 3864 3472 3929 sperat,
3534 3859 3739 3915 omnia

2096 3966 2123 3993 «
2157 3944 2427 3998 sustinet.
2462 3944 2727 3998 Charitas
2758 3960 3069 4014 nunquam
3099 3945 3335 4000 excidit.
3372 3965 3397 3997 ι

2168 4032 2390 4086 Deinde
2418 4039 2854 4102 consequenter
2884 4040 3124 4088 enarrat
3153 4035 3461 4089 charitatis
3519 4035 3738 4108 insigni

2098 4121 2314 4191 quibus
2336 4120 2601 4192 dignosci
2627 4119 2836 4187 valeat,
2870 4120 3193 4175 ostendens
3225 4122 3384 4192 quod
3408 4139 3528 4177 non
3554 4122 3745 4178 solum

2096 4227 2194 4265 eas
2218 4226 2349 4279 quae
2371 4209 2780 4281 germinarunt
2802 4209 3145 4265 affectiones
3167 4210 3473 4282 exstirpat,
3514 4212 3617 4267 sed
3647 4229 3749 4267 ne-

2096 4316 2209 4368 que
2239 4297 2482 4369 produci
2514 4297 2820 4369 permittit.
2888 4297 3025 4352 Vide
3085 4304 3283 4354 autem
3334 4300 3492 4370 quod
3540 4301 3740 4355 statim

2093 4386 2445 4457 patientiam
2480 4387 2597 4441 sive
2626 4386 3138 4458 longanimitatem
3182 4389 3466 4458 posuerit,
3524 4404 3739 4459 nempe

2097 4478 2273 4532 totius
2298 4476 2687 4546 philosophia:
2711 4476 3060 4530 Christianae
3083 4476 3363 4531 radicem.
3400 4500 3427 4526 ‹‹
3480 4478 3743 4549 Benigne.

324 4553 393 4624 τὸ
453 4566 737 4642 διαρρῆξαι
794 4567 921 4631 τοὺς
988 4565 1376 4641 ἐνοχλοῦντας,
1437 4567 1527 4621 καὶ
1586 4572 1833 4641 πειρᾶσαι
1896 4568 1979 4623 ἐπὶ

2096 4572 2201 4621 est.
2241 4590 2261 4614 ι
2299 4566 2589 4630 Quoniam
2647 4566 2922 4621 nonnulli
2983 4565 3435 4638 longanimitate
3494 4584 3615 4622 non
3663 4567 3738 4622 ad

328 4658 529 4724 πλέον,
559 4657 894 4728 ἠθικώτερον
924 4656 1110 4716 αὐτοῖς
1144 4653 1555 4731 διαλεγόμενος,
1590 4654 1741 4731 φησί,
1779 4681 1805 4707 ‹‹
1840 4657 1983 4732 Χρη-

332 4746 596 4813 στεῦεταί,
642 4770 668 4796 ›)
698 4746 1002 4812 τουτέστιν,
1062 4743 1159 4797 οὐκ
1216 4742 1304 4797 ἐπὶ
1359 4744 1438 4815 τῷ
1496 4744 1689 4816 ἀνάψαι
1747 4747 1846 4813 τὴν
1886 4743 1982 4819 ὀρ-

332 4837 436 4913 γῆν
466 4840 574 4889 τῶν
608 4832 1014 4913 ἐνοχλούντων,
1047 4830 1172 4887 ἀλλ’
1230 4831 1317 4886 ἐπὶ
1369 4837 1447 4903 τῷ
1494 4837 1883 4907 καταπραῧναι,
1915 4838 1982 4907 τῇ

339 4924 692 4997 μακροθυμίᾳ
748 4922 1038 4997 κέχρηται,
1097 4922 1185 4975 καὶ
1245 4920 1548 4995 ἡμερότητι
1592 4928 1812 4996 χρῆται.
1850 4948 1876 4973 ‹‹
1911 4922 1983 4978 Οὐ

338 5010 522 5081 ζηλοῖ.
560 5035 582 5064 ι
620 5007 785 5066 Βαϐαῖ
816 5010 939 5064 οἷόν
996 5008 1104 5064 ἐστι
1163 5010 1224 5064 τὸ
1286 5010 1363 5081 μὴ
1398 5007 1623 5079 ζηλοῦν,
1652 5008 1816 5087 ἤγουν
1851 5015 1983 5089 φθο-

335 5106 445 5155 νεῖν
476 5102 604 5163 τοὺς
638 5101 693 5156 εὖ
724 5099 1079 5175 πράττοντας.
1141 5124 1168 5151 ‹‹
1227 5098 1299 5153 Οὐ
1360 5098 1762 5172 περπερεύεται,
1801 5127 1821 5151 ι
1879 5100 1988 5156 Οὐκ

334 5189 740 5260 ἀλαζονεύεται,
800 5190 864 5244 οὑ
936 5193 1218 5265 φυσιοῦται
1294 5188 1383 5242 καὶ
1462 5194 1645 5265 φρονεῖ
1707 5195 1846 5266 μέγα
1899 5188 1983 5245 ἐπὶ

336 5278 566 5340 οἶκείοις
632 5279 1068 5351 κατορθώμασιν.
1137 5278 1203 5332 Ἢ
1269 5274 1423 5331 οὐδὲν
1489 5279 1753 5348 προπετὲς
1820 5284 1985 5336 ποιεῖ.

338 5369 619 5444 ηὲρπερος
673 5368 799 5441 γὰρ,
850 5368 1151 5442 προπετὴς,
1208 5391 1236 5417 ‹‹
1299 5365 1409 5421 Οὐκ
1466 5366 1854 5440 ἀσχημονεῖ.»
1909 5369 1988 5425 Οὐ

342 5461 533 5534 μόνον,
566 5458 754 5535 φησὶν,
788 5457 852 5511 οὐ
891 5460 1081 5533 φρονεῖ
1130 5454 1291 5531 μέγα,
1342 5453 1489 5511 ἀλλὰ
1517 5455 1607 5509 καὶ
1636 5456 1703 5510 τὰ
1732 5454 1991 5531 α’ίσχιστα

418 5664 467 5699 ³³
497 5663 698 5719 Matth.
728 5679 859 5731 xvu,
898 5664 999 5726 19;
1032 5661 1166 5717 Luc.
1199 5676 1333 5723 xvn,
1365 5662 1421 5713 6.

2095 4655 2538 4727 philosophiam
2584 4672 2787 4710 sanam
2836 4660 3105 4721 utuntur,
3164 4655 3267 4710 sed
3318 4655 3388 4711 ad
3412 4656 3742 4727 confrigen-

2095 4743 2236 4799 dum
2264 4760 2365 4798 eos
2397 4744 2495 4813 qui
2530 4743 2763 4798 molesti
2794 4749 2951 4810 sunt,
2986 4748 3043 4797 et
3068 4744 3325 4815 amplius
3368 4746 3740 4814 tentandum,

2096 4834 2381 4889 moralius
2404 4850 2537 4888 cum
2558 4834 2643 4888 eis
2667 4833 2987 4900 disserens,
3024 4834 3105 4887 ait
3132 4851 3143 4887 :
3200 4858 3228 4884 «
3277 4836 3537 4909 Benigna
3566 4843 3678 4903 est,
3713 4858 3740 4885 »

2096 4922 2208 4977 hoc
2230 4928 2340 4987 est,
2368 4938 2489 4976 non
2520 4920 2593 4975 ad
2616 4937 2820 4975 eorum
2846 4921 3286 4977 accendendam
3310 4924 3459 4979 iram
3481 4926 3583 4996 qui
3615 4941 3742 4979 mo-

2098 5011 2231 5065 lesti
2264 5016 2423 5078 sunt,
2459 5009 2562 5064 sed
2597 5010 2669 5064 ad
2701 5009 3060 5080 placandum
3109 5012 3295 5067 utitur
3352 5014 3640 5083 patientia
3685 5020 3746 5068 et

2098 5099 2181 5153 uti
2192 5098 2678 5170 turbenignitate.
2692 5121 2717 5149 ςι
2732 5100 2857 5153 Non
2871 5099 3228 5154 mmultatur.
3242 5124 3267 5149 »
3283 5103 3453 5172 Papaa
3468 5102 3747 5172 quidnam

2102 5186 2986 5259 estnonaamulari?nempehis
3004 5205 3122 5243 non
3166 5190 3428 5245 invidere
3472 5191 3571 5260 qui
3596 5191 3745 5247 bene

2102 5284 2443 5350 operantur.
2465 5280 2590 5333 Non
2607 5284 2694 5333 est
2718 5294 2955 5349 procax,
2988 5278 3047 5333 id
3091 5284 3199 5346 est,
3225 5295 3527 5352 arrogans.
3561 5303 3587 5329 ‹‹
3621 5281 3746 5335 Non

2103 5370 2361 5425 inﬂatur.
2388 5392 2414 5418 ››
2438 5371 2560 5424 Non
2583 5368 2885 5425 insolescit
2907 5369 2979 5423 ob
3002 5369 3239 5440 propria
3260 5370 3434 5427 bona.
3458 5372 3573 5427 Aut
3593 5371 3747 5429 nihil

2105 5464 2324 5515 temere
2355 5476 2459 5514 seu
2490 5457 2827 5530 petulanter
2883 5457 3041 5513 facit.
3103 5458 3247 5513 Nam
3302 5458 3592 5533 népmpoc,
3653 5467 3744 5518 est
