4068 6254
1523 315 1936 378 (BCUMENII
1984 311 2292 378 TBIGC/E
2332 316 2689 381 EPISGOPI

404 449 761 506 temerarius
790 453 892 504 aut
918 453 1244 520 protervus.
1281 469 1309 498 ‹‹
1368 450 1493 504 Non
1549 449 1795 519 pudefit.
1849 469 1878 499 η
1923 450 2031 505 Nor

2163 452 2473 523 πάσχουσα,
2505 451 2610 505 οὐκ
2661 449 2831 506 οἳεται
2887 449 3290 529 ἀσχημοσύνην
3346 453 3410 507 τὸ
3474 457 3710 527 πρᾶγμα
3739 453 3823 512 διὰ

407 539 623 607 solum,
655 538 870 608 inquit,
922 554 1043 593 non
1091 537 1429 594 insolescit:
1465 554 1666 594 verum
1699 539 1877 594 etiam
1909 539 2047 594 licet

2157 538 2246 592 τὸν
2277 538 2665 613 ἀγαπώμενον.
2703 540 2776 596 ’Ἠ
2804 539 2894 593 καὶ
2954 539 3149 602 οὕτως’
3206 541 3306 608 Τὸ,
3338 541 3454 599 Οὐκ
3485 542 3811 617 ἀσχημονεῖ,

406 626 820 700 indignissima
848 627 1126 697 patiatur,
1160 644 1278 682 non
1306 628 1583 698 opinatur
1613 645 1745 684 eam
1785 645 1909 684 rem
1942 628 2031 682 de-

2155 626 2322 702 ἤγουν
2377 628 2477 684 οὐκ
2534 629 2879 708 ἐπεξέρχεται
2937 637 3054 692 τοῖς
3113 627 3356 687 ἀδικοῦσι
3418 631 3705 709 σφοδρῶς.
3742 637 3806 692 Ἥ

406 717 586 773 decus
614 717 792 771 etiam
824 732 954 770 esse
985 722 1226 787 propter
1267 732 1402 772 eum
1460 733 1636 788 quem
1690 717 1900 790 diligit.
1933 723 2031 774 Au.

2155 717 2239 772 ὅτι
2299 715 2452 772 οὐδὲν
2506 723 2614 773 τῶν
2677 717 2912 774 εὐτελῶν
2969 737 3030 776 τε
3073 720 3163 775 καὶ
3221 727 3493 778 ταπεινῶν
3552 729 3658 791 τῆς
3711 730 3811 785 τῶν

407 807 507 861 hoc
534 806 693 861 modo
725 822 742 858 :
771 803 872 857 οὐκ
898 802 1229 877 ἀσχημονεῖ,
1253 805 1310 860 id
1334 811 1442 872 est,
1466 822 1585 861 non
1616 806 1827 861 acerbe
1876 823 2044 862 reum

405 897 525 969 agit
556 896 726 950 illum
759 895 858 966 qui
892 894 1003 948 sibi
1035 894 1292 965 injurius
1349 900 1455 949 est.
1518 897 1633 949 Aut
1684 894 1843 965 quod
1892 895 2045 950 nihil

401 985 782 1058 quantumvis
794 984 1160 1055 abjectarum
1183 988 1283 1039 aut
1307 983 1624 1038 humilium
1646 999 1846 1040 rerum
1868 1000 2044 1041 causa

401 1075 676 1130 utilitatis
699 1074 947 1129 fratrum
968 1073 1162 1128 facere
1178 1073 1486 1139 detractat,
1511 1074 1679 1144 quasi
1701 1074 2043 1130 indecoram

405 1165 516 1221 sibi
541 1165 838 1219 actionem
868 1164 1119 1219 fortasse
1151 1164 1570 1234 suspicaretur.
1597 1185 1624 1214 ιι
1654 1165 1780 1218 Non
1830 1164 2044 1234 quaarit

407 1271 537 1326 quas
571 1269 677 1310 sua
705 1258 862 1308 sunt.
899 1275 925 1301 »
959 1252 1193 1308 Modum
1225 1252 1367 1306 dicit
1397 1252 1688 1323 quomodo
1716 1267 1836 1307 non
1854 1253 2045 1324 pude-

406 1346 509 1400 θοι
540 1361 553 1399 :
589 1344 727 1414 quia
755 1359 875 1397 non
928 1343 1139 1413 quierit
1197 1342 1498 1413 propriam
1548 1342 1890 1409 utilitatem,
1938 1342 2042 1398 sed

401 1433 655 1506 proximi
682 1438 769 1488 :et
793 1434 903 1488 hoc
943 1432 1106 1487 ducit
1145 1448 1273 1486 esse
1316 1431 1591 1497 dedecus,
1624 1433 1672 1488 si
1703 1433 2042 1504 proximum

403 1523 883 1594 quipudeﬂtnon
905 1522 1263 1578 liberaverit.
1309 1520 1463 1578 550
1497 1546 1517 1571 ι
1546 1523 1975 1581 Nonirritatur.
2011 1545 2040 1576 ››

397 1613 541 1669 Cum
570 1613 771 1669 omnia
799 1613 1078 1684 patiatur,
1121 1627 1240 1667 non
1300 1620 1682 1682 eanperatur
1738 1613 1811 1668 ad
1869 1613 2038 1668 iram.

396 1705 515 1760 Nec
545 1703 739 1759 solum
770 1717 890 1757 non
919 1708 1200 1773 operatur
1234 1703 1479 1769 malum,
1539 1703 1641 1758 sed
1695 1720 1767 1758 ne
1826 1706 2041 1770 cogitat

2157 804 2404 884 ἀδελφῶν
2465 807 2731 884 ὡφελείας
2803 807 2980 864 ’ἕνεκεν
3039 815 3379 884 παραιτεῖται
3460 808 3690 884 δρᾶσαι,
3745 813 3811 874 ὡς

2152 895 2296 969 τάχα
2355 894 2610 973 ἄσχημον
2688 897 2826 952 εἶναι
2884 899 2984 965 τήν
3069 901 3260 973 πρᾶξιν
3318 894 3811 971 ὑπολαμϐάνουσα.

2158 1007 2181 1035 ε
2213 983 2291 1040 Οὐ
2326 990 2479 1055 ζητεῖ
2530 987 2597 1041 τὰ
2647 987 2864 1056 ἑαυτῆς.
2900 1011 2926 1038 υ
2987 987 3145 1062 Λέγει
3203 989 3294 1042 τὸν
3323 990 3533 1064 τρόπον
3570 995 3693 1052 πῶς
3721 990 3812 1046 οὐκ

2151 1071 2481 1147 ἀσχημονεῖ,
2535 1075 2620 1128 ὅτι
2669 1073 2730 1129 οὐ
2772 1080 2926 1144 ζητεῖ
2971 1076 3032 1130 τὸ
3087 1075 3290 1131 οἰκεῖον
3323 1075 3636 1152 συμφέρον,
3671 1077 3810 1134 ἆλλᾶ

2149 1163 2212 1216 τὸ
2268 1167 2366 1217 τοῦ
2417 1164 2679 1236 πλησίον,
2736 1163 2826 1219 καὶ
2879 1165 3276 1239 ἀσχημοσύνην
3335 1171 3502 1224 τοῦτο
3575 1169 3809 1240 ἡγεῖται,

2151 1251 2277 1304 ὅταν
2307 1249 2730 1326 ἀσχημονοῦντα
2783 1252 2874 1307 τὸν
2931 1251 3165 1322 πλησίον
3210 1256 3284 1326 μὴ
3319 1253 3648 1329 ἀπαλλάξῃ.
3683 1281 3710 1308 α
3739 1257 3809 1313 Of»

2149 1338 2522 1412 παροξύνεται.
2559 1364 2587 1392 ››
2645 1342 2827 1396 Πάντα
2881 1340 3188 1418 πάσχουσα,
3223 1343 3290 1398 οὑ
3343 1345 3713 1418 παροξύνεται
3743 1344 3811 1406 εἰς

2153 1426 2343 1504 ὀργήν.
2381 1429 2482 1486 Καὶ
2541 1430 2606 1484 οὗ
2664 1429 2824 1503 μόνον
2882 1431 2981 1485 οὑκ
3035 1429 3316 1506 ἐργάζεται
3346 1435 3410 1488 τὸ
3457 1435 3658 1504 κακὸν,
3690 1433 3807 1490 ἀλλ’

2152 1515 2277 1572 οὑδὲ
2333 1515 2611 1594 λογίζεται
2695 1519 2773 1578 Οὗ
2831 1520 3013 1598 χαίρει
3081 1521 3168 1576 ἐπὶ
3221 1525 3290 1595 τῇ
3350 1520 3567 1596 ἀδικίᾳ.
3620 1546 3648 1579 ν
3707 1525 3811 1580 Οὗκ

2151 1604 2407 1680 ἑφήδεται
2465 1609 2652 1682 ἣγουν,
2711 1609 2777 1663 οὑ
2836 1609 3021 1685 χαίρει
3091 1617 3211 1673 τοῖς
3267 1617 3448 1675 κακῶς
3504 1615 3805 1689 πάσχουσι,

2150 1696 2306 1774 φησὶ,
2339 1697 2636 1776 συμχαίρει
2676 1695 2733 1755 δὶ
2787 1705 2905 1760 τοῖς
2962 1697 3338 1775 εὐδοκιμοῦσι.
3373 1725 3400 1755 ιι
3459 1701 3657 1758 Πάντα
3696 1705 3808 1760 nio

400 1791 662 1866 quidem.
696 1816 723 1843 α
757 1795 884 1848 Non
911 1793 1125 1865 gaudet
1156 1793 1228 1848 de
1255 1793 1566 1862 injustitia.
1601 1815 1627 1841 »ε
1679 1795 1804 1848 Non
1848 1793 2031 1848 insul-

2147 1805 2250 1890 γει.
2311 1809 2338 1839 η
2398 1792 2567 1890 Ἰίοὖτο
2599 1787 2717 1890 ,γὰρ
2788 1791 2924 1862 αὐτῇ
2982 1791 3016 1859 ἡ
3081 1791 3429 1866 μακροθυμία
3491 1792 3800 1868 χαρίζεται,

395 1886 481 1938 tat
510 1884 632 1938 sive
660 1897 781 1936 non
810 1881 1025 1953 gaudet
1056 1881 1126 1934 de
1158 1881 1252 1936 his
1283 1881 1382 1952 qui
1414 1879 1768 1936 afflictiones
1797 1881 2031 1951 patiun-

2143 1873 2312 1950 ἤγουν
2386 1876 2449 1930 τὸ
2523 1875 2752 1950 στέγειν,
2829 1877 2953 1951 περὶ
3027 1879 3096 1946 ἧς
3175 1879 3564 1954 μακροθυμίας
3671 1884 3796 1938 εἶπε·

398 1977 516 2040 tur,
550 1971 652 2027 sed
681 1971 772 2026 his
803 1972 999 2041 potius
1030 1969 1359 2042 congaudet
1389 1971 1492 2041 qui
1549 1970 1925 2025 celebrantur
1978 1971 2038 2025 et

395 2061 458 2116 in
491 2061 678 2132 pretio
713 2065 868 2114 sunt.
907 2059 1167 2114 «Omnia
1194 2061 1420 2114 suffert.
1455 2079 1484 2108 »
1515 2062 1637 2113 Hoc
1669 2059 1826 2114 enim
1859 2057 1912 2114 ei
1933 2059 2036 2115 do-

391 2155 496 2207 nat
525 2149 964 2223 longanimitas,
998 2164 1212 2219 nempe
1242 2154 1305 2204 ut
1334 2149 1596 2215 sufferat,
1629 2148 1701 2202 de
1734 2164 1851 2219 qua
1906 2148 2039 2205 Iona

391 2239 738 2312 ganlmitate
768 2239 931 2310 prius
955 2237 1102 2292 dixit
1136 2253 1148 2291 :
1205 2259 1233 2287 ‹‹
1287 2237 1498 2293 Omnia
1555 2237 1761 2293 credit.
1805 2261 1832 2287 α
1873 2240 2036 2304 Quaa-

391 2343 625 2398 cunque
656 2328 871 2382 dixerit
903 2327 988 2382 eis
1019 2325 1119 2398 qui
1147 2333 1380 2382 amatur
1412 2343 1425 2380 :
1458 2333 1515 2382 et
1553 2327 1704 2382 nihil
1762 2326 2034 2384 dolosum

392 2423 496 2474 aut
552 2418 678 2488 ipse
732 2417 996 2490 loquitur
1053 2422 1155 2472 aut
1209 2415 1462 2473 alterum
1522 2418 1682 2489 loqui
1759 2418 2036 2490 opinatur

394 2527 423 2557 «
459 2508 670 2564 Omnia
701 2512 916 2580 sperat.
955 2530 982 2556 ››
1015 2509 1140 2563 Non
1198 2507 1490 2578 desperat,
1545 2508 1758 2578 inquit,
1809 2507 1882 2562 de
1931 2507 2035 2561 illo

391 2612 570 2668 quem
603 2602 781 2662 amat,
815 2597 918 2652 sed
949 2601 1165 2668 sperat,
1199 2596 1357 2667 quod
1399 2593 1569 2650 illum
1627 2596 1698 2651 ad
1759 2595 1817 2650 id
1875 2593 2035 2666 quod

390 2685 610 2740 melius
640 2691 729 2739 est
757 2686 1057 2757 proveliet.
1091 2685 1258 2750 Quod
1288 2685 1334 2738 si
1367 2685 1464 2739 ubi
1508 2685 1798 2755 seperavit
1857 2685 2034 2739 etiam

397 2774 848 2844 spefrustretur,
882 2775 1065 2828 illoin
1082 2774 1638 2844 vitiopermanente,
1669 2773 1806 2828 forti
1837 2772 2034 2828 animo

394 2861 510 2915 fert
536 2861 700 2916 illius
729 2861 1014 2916 defectus.
1050 2864 1192 2916 Nam
1221 2862 1441 2930 omnia,
1493 2861 1706 2933 inquit,
1761 2862 2031 2917 sustinet.

391 2970 421 2999 ‹‹
454 2951 764 3021 Nunquam
797 2949 1030 3005 excidit.
1068 2973 1096 3000 υ
1128 2952 1252 3006 Νοη
1284 2951 1643 3017 dissolvitur,
1701 2967 1892 3022 neque
1943 2952 2032 3006 in-

387 3039 943 3110 terrumpitur.Sive
970 3057 1278 3112 nunquam
1305 3041 1542 3106 excidit,
1576 3057 1770 3112 neque
1790 3041 2036 3096 celebri-

387 3130 506 3182 tate
529 3127 842 3182 frustratur
867 3143 880 3180 :
905 3127 1009 3182 sed
1032 3144 1268 3199 semper
1283 3129 1470 3183 bonas
1510 3143 1578 3183 ac
1626 3129 1901 3182 honestas
1931 3128 2032 3182 in-

2145 1988 2170 2015 ις
2206 1964 2388 2021 Πάντα
2418 1965 2676 2023 πιστεύει.
2712 1988 2742 2018 ››
2802 1969 2877 2024 "A
2919 1968 2980 2021 ἃν
3014 1963 3140 2041 εἴπῃ
3200 1969 3228 2023 ὁ
3281 1970 3684 2045 ἀγαπώμενος,
3715 1970 3796 2026 καὶ

2144 2049 2295 2108 οὑδὶν
2325 2051 2564 2110 ὕπουλον
2601 2053 2724 2109 οὕτε
2779 2056 2944 2119 αὑτος
3001 2053 3179 2125 λαλεῖ,
3239 2055 3356 2113 aii-cs
3378 2059 3472 2112 τὸν
3525 2057 3795 2116 λαλοῦντα

2144 2141 2334 2197 οἲεται.
2391 2165 2420 2194 ιι
2484 2143 2664 2198 Ηάντα
2722 2142 2954 2213 ἰλπίζει.
2991 2170 3014 2201 ι
3053 2145 3169 2202 Οὑκ
3213 2145 3616 2220 ἀπογινώσκει,
3647 2148 3790 2230 φησὶ,

2141 2235 2239 2286 τοῦ
2269 2228 2658 2308 ἆγαπωμίνου,
2717 2232 2844 2288 ἀλλ’
2893 2232 3103 2304 ἆλπίζει
3159 2236 3320 2290 αὑτὸν
3371 2237 3451 2297 είς
3479 2240 3549 2293 τὸ
3585 2228 3790 2313 βέλτιον

2142 2317 2444 2378 ἰπιδοῦναι.
2477 2321 2538 2379 Εἰ
2589 2319 2646 2376 δὶ
2676 2322 2765 2377 καὶ
2823 2321 3072 2386 ἂλπίσας.
3131 2323 3316 2403 φησὶν,
3349 2325 3635 2406 ἀποτύχῃ,
3661 2327 3791 2383 ἑκεί-

2140 2428 2236 2464 νου
2266 2413 2336 2483 τῇ
2366 2411 2532 2482 κακίᾳ
2587 2409 3062 2484 ἐναπομείναντος,
3119 2412 3266 2486 φέρει
3320 2417 3593 2488 γενναίως
3633 2417 3784 2472 αὑτοῦ

2139 2500 2207 2553 τὰ
2260 2497 2642 2571 ἐλαττώματα,
2698 2524 2727 2551 ιι
2763 2500 2938 2555 Πάντα
2966 2502 3093 2575 γὰρ,
3128 2501 3313 2575 φησὶν,
3349 2502 3637 2574 ὑπομᾶνει.
3668 2531 3692 2558 υ
3720 2535 3782 2551 ~—

2142 2610 2169 2639 «
2203 2584 2472 2642 Οὑδίποτε
2496 2587 2762 2646 ἐκπίπτει.
2793 2612 2821 2640 ιο
2841 2624 2912 2636 --
3172 2591 3249 2646 Οὑ
3278 2588 3774 2670 δια).ύεται,φησίν,

2141 2676 2266 2732 οὒτε
2323 2675 2692 2749 διακόπτεται,
2774 2678 2943 2755 ἤγουν
3002 2677 3268 2736 οὗδᾶποτε
3341 2680 3612 2749 ἇκπίπτει,
3659 2680 3770 2738 οὐδὲ

2141 2767 2511 2846 ἀποτυγχάνει
2567 2775 2670 2837 τῆς
2726 2767 3160 2840 εὐδοκιμήσεως,
3191 2769 3318 2827 ἀλλ’
3377 2770 3462 2827 ἀεὶ
3499 2774 3764 2847 προφάσεις

2140 2855 2348 2933 ἀγαθὰς
2397 2856 2487 2911 καὶ
2545 2855 2717 2919 καλὰς
2770 2857 2933 2931 δαυτῇ
2988 2858 3242 2933 εὑρίσκει,
3303 2857 3376 2916 δι’
3418 2862 3492 2917 ὧν
3522 2861 3751 2933 τῆςπρός

2139 2945 2266 3006 τοὺς
2321 2943 2560 3015 πλησίον
2620 2947 2856 3020 στοργῆς
2911 2947 3001 3001 καὶ
3059 2947 3348 3024 συναφείας
3403 2948 3595 3028 κατέχει
3626 2946 3735 3007 τοὺς

2140 3030 2464 3110 χρωμὲνους
2491 3033 2651 3107 αὐτῇ,
2702 3035 3049 3110 παραμενειν,
3081 3036 3170 3091 καὶ
3234 3038 3309 3110 μή
3347 3035 3737 3114 διαρρήγνυσθαι,

2139 3121 2235 3178 κᾶν
2297 3121 2494 3178 ἐκεῖνοι
2552 3122 2842 3200 ἀφηνιῶσι,
2901 3125 2992 3180 καὶ
3048 3125 3382 3200 άποσκιρτᾷν
3434 3127 3594 3187 αἰτίας
3633 3143 3751 3195 πιρ-

384 3215 542 3269 venit
599 3215 709 3269 sibi
759 3217 1120 3282 occasiones,
1180 3234 1285 3288 per
1342 3235 1487 3288 quas
1545 3217 1677 3272 illos
1744 3217 1844 3288 qui
1903 3219 2031 3288 ipsa

2599 3180 2610 3200 ,
2650 3180 2660 3194 ,
2831 3180 2840 3190 ,
3252 3180 3270 3200 ,ν
3301 3180 3341 3198 κ.
3443 3180 3450 3181 κ
3508 3180 3514 3182 -
3585 3180 3594 3187 -
3681 3180 3713 3195 ν.

2143 3209 2334 3285 ἐχωσι.
2370 3210 2582 3284 Στέγειν
2615 3212 2721 3286 γάρ
2751 3217 2900 3267 ποιεῖ
2951 3212 3042 3266 καὶ
3101 3211 3345 3284 ἐλπίζειν
3380 3215 3471 3269 καὶ
3506 3214 3762 3288 ὑπομένειν

386 3309 635 3358 utuntur
659 3304 912 3359 retineat
934 3306 995 3359 in
1019 3322 1219 3360 amore
1239 3323 1305 3360 ac
1329 3307 1697 3361 connexione
1719 3306 1793 3360 ad
1832 3307 2026 3377 proxi-

2139 3303 2228 3356 τὸν
2263 3301 2640 3376 ἁμαρτάνοντα
2668 3303 2743 3364 εἷς
2775 3302 2956 3360 αὐτὸν.

383 3407 533 3460 mos,
564 3398 630 3447 ut
654 3400 1002 3463 permaneat
1031 3400 1090 3448 et
1119 3410 1237 3449 non
1273 3395 1743 3466 inter-rumpatur
1775 3411 1786 3449 :
1824 3396 2001 3450 etiam
2036 3395 2084 3448 si
2117 3393 2203 3448 illi
2234 3391 2562 3448 dissideant
2592 3409 2659 3448 ac
2691 3395 2999 3452 resiliendi
3033 3412 3246 3456 causas
3277 3397 3603 3469 praaboant.
3634 3397 3779 3454 Facit

382 3481 542 3536 enim
575 3481 730 3536 ferre
761 3487 818 3537 et
849 3498 1126 3554 separare
1157 3499 1225 3538 ac
1259 3485 1554 3539 sustinere
1588 3499 1724 3538 eum
1755 3484 1856 3554 qui
1887 3485 1947 3538 in
1981 3500 2174 3555 ipsum
2206 3481 2488 3554 peccavit.

449 3569 600 3634 XIII,
633 3570 776 3627 8-10.
810 3592 838 3620 «
871 3572 997 3626 Sive
1058 3573 1386 3644 prophetia;
1444 3571 1864 3637 abolebuntur,
1909 3572 2028 3626 sive

383 3679 411 3708 «
440 3658 659 3730 linguas
689 3661 1024 3728 cessabunt,
1061 3663 1180 3716 sive
1241 3663 1486 3718 scientia
1539 3661 1895 3717 abolebitur.
1949 3664 2028 3716 Ex

380 3769 411 3799 ιι
433 3754 599 3821 parte
631 3751 792 3806 enim
826 3753 1256 3824 cognoscimus,
1292 3768 1360 3807 ex
1391 3758 1558 3824 parte
1576 3752 2027 3823 prophetamus:

380 3859 408 3888 α
443 3839 684 3910 quando
716 3846 913 3897 autem
945 3842 1171 3898 venerit
1201 3842 1358 3914 quod
1389 3842 1714 3913 perfectum
1748 3847 1856 3910 est,
1891 3847 2030 3896 tunc

386 3948 411 3980 α
446 3927 782 3984 abolebitur
810 3929 870 3985 id
901 3931 1057 4002 quod
1091 3949 1160 3986 ex
1191 3937 1356 4003 parte
1390 3937 1497 3987 est.
1527 3953 1554 3981 ιι

454 4019 558 4074 Ubi
590 4020 895 4075 charitatis
926 4023 1192 4094 germina
1249 4023 1568 4090 recensuit,
1629 4037 1867 4077 rursum
1912 4021 2027 4076 alio

383 4123 622 4178 quoque
647 4111 823 4164 modo
848 4111 1036 4181 ipsam
1065 4112 1313 4176 extollit,
1339 4113 1541 4168 dicens
1565 4117 1620 4166 et
1656 4111 2030 4183 prophetiam

387 4203 445 4251 et
464 4196 696 4270 linguas
721 4205 779 4254 et
799 4203 1109 4256 scientiam
1130 4202 1306 4256 finem
1331 4202 1659 4263 habituras,
1679 4202 2029 4256 charitatem

380 4303 514 4341 vero
549 4302 675 4342 esse
710 4297 1180 4359 permanentem,
1213 4290 1486 4346 stabilem
1535 4306 1601 4344 ac
1659 4295 2026 4360 perpetuam.

381 4376 440 4430 Si
473 4376 628 4431 enim
663 4384 720 4432 et
752 4379 1078 4450 prephetize
1111 4385 1167 4434 et
1198 4379 1413 4451 linguae
1444 4385 1581 4433 sunt
1610 4385 1852 4449 propter
1891 4379 2030 4434 fidei

378 4466 799 4536 cognitionem,
833 4468 1126 4540 explicata
1157 4468 1377 4538 ubique
1410 4466 1547 4530 fide,
1590 4473 1872 4536 tanquam
1929 4483 2030 4522 διιο-

377 4555 609 4625 perflua
629 4557 968 4624 cessabunt,
993 4557 1104 4612 hoc
1130 4562 1326 4612 autem
1351 4561 1409 4611 et
1437 4557 1549 4610 hoc
1597 4559 1862 4626 tempore
1896 4557 2028 4620 erit,

2213 3567 2339 3623 Εἴτε
2441 3565 2498 3623 δὲ
2595 3577 2958 3649 προσφητεῖαι
3058 3574 3604 3648 καταργηθήσονται,
3687 3571 3785 3628 εἴτε

2140 3655 2387 3734 γλῶσσαι
2470 3657 2788 3727 παύσονται,
2898 3657 3002 3715 εἴτε
3086 3665 3285 3736 γνῶσις
3377 3665 3786 3740 καταργηθήσεο

2136 3767 2249 3802 ται.
2319 3748 2414 3801 Ἐκ
2481 3747 2678 3822 μάρους
2747 3745 2804 3802 δι
2870 3750 3235 3824 γινώσκομεν,
3302 3753 3390 3806 καὶ
3464 3751 3526 3806 lx
3594 3754 3788 3826 μέρους

2137 3837 2577 3916 προφητεύομεν.
2609 3841 2773 3894 Ὅταν
2834 3835 2891 3894 δὲ
2949 3837 3080 3914 ἔλθῃ
3125 3838 3189 3895 τὸ
3217 3839 3452 3912 τέλειον,
3485 3841 3614 3897 τότε
3642 3843 3708 3898 τὸ
3736 3842 3790 3897 ὲκ

2144 3928 2342 4000 μέρους
2368 3929 2866 4002 καταργηθήσεται.

2211 4013 2516 4085 Καταλὲξας
2545 4017 2647 4084 τῆς
2676 4015 2896 4090 ἀγάπης
2948 4018 3013 4072 τὰ
3068 4016 3458 4092 βλαστήματα,
3493 4019 3665 4075 πάλιν
3698 4022 3794 4075 αὐ-

2138 4104 2239 4173 τὴν
2268 4103 2360 4159 καὶ
2417 4103 2583 4178 ἕτίρῳ
2635 4105 2827 4179 τρόπῳ
2885 4107 3034 4180 ὁψοῖ,
3095 4105 3149 4162 ἕν
3205 4112 3284 4181 τῷ
3346 4107 3545 4185 λίγειν,
3577 4110 3670 4164 καὶ
3700 4111 3794 4178 τήν

2138 4192 2494 4268 προφητείαν,
2549 4194 2638 4248 καὶ
2687 4195 2784 4257 τάς
2843 4193 3121 4270 γλώσσας,
3153 4197 3244 4252 καί
3275 4200 3376 4267 την
3409 4202 3612 4274 γνῶσιν
3642 4200 3796 4260 tuo;

2136 4278 2292 4351 ἕξειν,
2350 4285 2447 4352 τὴν
2509 4280 2568 4338 δι
2619 4283 2837 4360 ἀγάπην
2898 4286 3129 4360 μόνιμον
3189 4289 3345 4357 εἶναι,
3394 4290 3680 4360 στάσιμον,
3711 4289 3794 4346 ιιαὲ

2140 4369 2516 4440 ἀτελεύτητον.
2587 4371 2652 4427 Εἰ
2719 4374 2825 4447 γὰρ
2900 4374 2991 4428 καὶ
3068 4377 3120 4429 αἱ
3190 4382 3522 4453 προφητεῖαι
3587 4377 3680 4432 καὶ
3747 4377 3796 4432 αἱ

2137 4456 2382 4533 γλῶσσαι
2425 4456 2514 4514 διά
2567 4463 2667 4531 τὴν
2721 4468 2821 4530 τῆς
2882 4463 3115 4525 πίστεως
3175 4469 3378 4540 γνῶσιν
3416 4465 3546 4534 εἶσι,
3576 4473 3680 4536 τῆς
3709 4466 3793 4520 πίε

2140 4568 2309 4611 στεως
2359 4554 2645 4629 πανταχοῦ
2699 4549 3074 4624 ἀπλωθείσης,
3135 4553 3360 4617 εἰκότως
3417 4555 3496 4616 ὡς
3546 4554 3790 4630 περιτταῖ

382 4648 440 4697 et
464 4645 652 4700 multo
677 4649 863 4718 magis
888 4648 947 4702 in
971 4647 1189 4703 futuro.
1223 4667 1251 4697 ιι
1298 4646 1422 4700 Sive
1473 4646 1741 4701 scientia.
1771 4667 1798 4694 »
1832 4645 2024 4699 Scien-

2143 4637 2449 4714 ὶργήσουσι.
2477 4646 2652 4695 Τοῦτο
2686 4638 2742 4698 δὶ
2793 4641 2883 4696 καὶ
2942 4648 3032 4697 νῦν
3090 4641 3261 4714 ἔσται,
3295 4647 3383 4700 καὶ
3409 4641 3619 4718 πολλῷ
3651 4645 3780 4718 μᾶλ-

379 4733 524 4786 tiam
554 4733 699 4789 dicit
730 4737 997 4792 fortassis
1029 4754 1159 4792 eam
1192 4753 1323 4807 quae
1377 4734 1760 4792 accommoda
1811 4739 1899 4790 est
1947 4733 2023 4790 ad

378 4819 736 4879 docendum.
775 4825 1021 4881 Dilatato
1055 4827 1212 4882 enim
1244 4827 1439 4881 divino
1472 4824 1635 4880 cultu
1667 4841 1733 4880 ac
1781 4823 2018 4896 pietate,

378 4909 567 4965 otiosa
597 4912 708 4967 erit
737 4912 1027 4971 doctrina.
1089 4937 1117 4965 «
1176 4915 1541 4971 Abolebitur.
1607 4936 1636 4963 »
1693 4913 1844 4980 Ωιιίά
1883 4930 2020 4986 ενεο

373 5002 515 5054 tunc
537 4999 696 5056 erit?
720 5004 864 5058 Nam
888 5004 959 5060 de
981 5004 1178 5060 futuro
1202 5004 1348 5061 dixit
1372 5009 1635 5075 tempore
1669 5001 2018 5058 abolendam

370 5107 500 5147 esse
533 5092 867 5150 scientiam.
891 5095 1174 5168 Anigitur
1190 5101 1327 5151 tunc
1358 5096 1419 5150 in
1469 5093 1800 5168 ignorantia
1844 5094 2019 5167 dege~

372 5183 555 5238 mus?
587 5184 747 5241 Absit
775 5185 788 5240 ί
821 5183 922 5242 sed
947 5186 1018 5241 de
1037 5185 1686 5258 praesenticognitione,
1709 5186 1855 5242 551
1887 5201 2016 5256 quae

372 5289 443 5327 ex
474 5279 640 5344 parte
673 5281 759 5331 est
789 5275 935 5330 dixit
966 5275 1122 5348 quod
1154 5275 1506 5332 abolebitur.
1531 5275 1673 5330 Cum
1698 5275 1852 5329 enim
1875 5291 2016 5346 prie.

371 5379 510 5416 sens
540 5366 797 5438 cognitio
829 5383 898 5422 ex
929 5372 1096 5439 parte
1153 5366 1247 5433 sit,
1306 5365 1405 5420 ubi
1464 5363 1723 5436 perfecta
1772 5364 2018 5418 scientia

372 5450 698 5520 advenerit,
730 5455 856 5510 haec
888 5473 1020 5526 quae
1054 5472 1123 5510 ex
1155 5460 1320 5526 parte
1381 5460 1467 5508 est
1528 5456 1708 5508 flnem
1753 5452 2013 5520 habebit,

369 5553 478 5608 per
507 5542 906 5613 cognitionem
937 5545 1258 5614 perfectam
1287 5543 1526 5597 abolita.
1553 5544 1696 5596 Item
1727 5547 1925 5596 autem
1959 5547 2014 5595 et

369 5627 442 5682 de
468 5630 781 5700 prophetia
813 5632 958 5686 mihi
989 5633 1271 5704 intellige.
1333 5663 1401 5672 --
1459 5636 1533 5686 lix
1592 5635 1755 5701 parte
1815 5637 2012 5686 autem

2134 4726 2232 4783 λον
2291 4727 2379 4784 ἐπὶ
2437 4735 2534 4784 τοῦ
2595 4729 2920 4804 μέλλοντος.
2984 4758 3012 4785 ‹‹
3047 4733 3172 4791 Ε’ίτε
3231 4740 3450 4811 γνῶσις.
3501 4759 3532 4788 »ι
3591 4740 3782 4792 Γνῶσιν

2127 4813 2266 4879 Ἱσως
2322 4819 2420 4886 τήν
2478 4823 2576 4872 τοῧ
2632 4815 2905 4875 διδάσκειν
2971 4822 3125 4901 φησί.
3195 4822 3625 4897 ΙΙλατυνομὲνης
3690 4826 3780 4899 γὰρ

2131 4913 2231 4976 τῆς
2290 4902 2556 4969 εὐσεϐείας
2613 4908 2703 4963 καὶ
2755 4916 2854 4979 τῆς
2915 4911 3150 4974 πίστεως
3210 4915 3436 4989 ἀργήσει
3468 4917 3503 4983 ἠ
3537 4911 3783 4970 διδασκα-

2131 4996 2242 5054 λία.
2303 5023 2330 5050 ‹‹
2365 4999 2874 5073 Καταργηθήσεται.
2930 5024 2958 5053 ››
3017 5002 3085 5059 Τί
3144 5002 3240 5057 οὖν
3294 5002 3454 5072 uite;
3515 5003 3640 5076 περὶ
3693 5005 3783 5059 τοῦ

2132 5085 2432 5161 μέλλοντος
2491 5087 2594 5162 γὰρ
2656 5088 2772 5143 εἶπε
2829 5089 3038 5162 χρόνου
3093 5093 3472 5168 καταργεῖσθαι
3518 5093 3622 5162 τὴν
3649 5097 3783 5166 γνιῖ.»⁹

2129 5198 2233 5233 σιν.
2262 5177 2396 5234 Τότε
2426 5175 2605 5230 τοίνυν
2664 5176 2716 5231 ἐν
2774 5179 3017 5254 ἀγνωσία
3060 5180 3343 5255 μέλλομεν
3401 5180 3644 5256 διάγεινς
3680 5181 3765 5247 Mi,

2124 5265 2334 5341 γένοιτο
2366 5267 2378 5322 ί
2408 5263 2583 5322 Ἀλλὰ
2614 5267 2738 5341 περὶ
2798 5276 2899 5337 τῆς
2927 5272 3020 5323 νῦν
3060 5272 3337 5346 γνώσεως,
3367 5277 3468 5340 τῆς
3501 5269 3560 5326 ὲκ
3589 5271 3778 5344 «ipsis:

2126 5354 2339 5431 εἴρηται
2396 5351 2565 5426 αὐτῷ,
2642 5355 2724 5409 ὅτι
2803 5362 3300 5433 καταργηθήσεται.
3362 5362 3478 5428 Τῆς
3534 5359 3638 5434 γὰρ
3692 5362 3774 5411 νῦν

2125 5445 2381 5519 γνώσεως
2413 5441 2471 5496 lx
2505 5442 2704 5516 μέρους
2736 5440 2906 5514 οὔσης
2940 5444 3068 5500 ὖπᾶν
3095 5440 3229 5516 ἔλθη
3272 5449 3307 5515 ἡ
3349 5445 3534 5502 τελεία
3560 5451 3774 5520 γνῶσις,

2125 5535 2262 5603 αὕτη
2297 5535 2330 5601 ἡ
2367 5531 2425 5586 ἐκ
2458 5528 2655 5605 μέρους
2688 5527 2850 5593 τέλος
2907 5530 3032 5604 ἔξει,
3090 5537 3158 5607 τῇ
3219 5533 3398 5606 τελείᾳ
3432 5535 3625 5608 γνώσει
3655 5553 3772 5588 κατι

2124 5619 2456 5697 αργουμένη.
2518 5619 2596 5676 Τὸ
2658 5619 2790 5675 αὐτὸ
2851 5618 2909 5681 δά
2967 5643 3062 5696 μοι
3121 5621 3215 5678 καὶ
3270 5623 3392 5698 περὶ
3447 5622 3770 5699 προφητείας
