4068 6254
305 386 427 449 83⁸1

1277 381 1683 445 ΟΟΜΜΕΝΤ.
1735 384 1809 444 ΙΝ
1858 380 2109 443 EPIST.
2159 386 2183 443 Ι
2231 385 2335 445 ΑΒ
2380 387 2743 448 CORINTH.

3601 388 3721 449 838

310 520 450 575 νόει.
486 543 513 570 ι(
546 520 641 574 Ἐκ
674 518 870 593 μέρους
902 512 959 571 δὶ
1006 516 1364 589 γινώσκομεν.
1397 538 1424 566 ››
1474 546 1540 559 --
1573 517 1756 589 [ΦΩΤ]
1818 514 1963 570 Ἀντί

2080 520 2488 588 cognoscimus
2519 517 2576 574 δὶ
2606 536 2711 594 pro
2744 521 2847 596 γὶρ
2904 522 3178 589 sumitur,
3228 528 3294 577 ut
3350 524 3423 580 sit
3481 534 3713 582 sensus.

308 614 437 676 τοῦ,
468 611 563 666 Ἐκ
594 608 789 680 μὲρους
823 606 947 679 γὰρ.
980 601 1136 661 Aleia
1166 604 1269 679 γὰρ
1303 603 1413 659 ἐστι
1470 609 1566 659 τοῦ
1623 602 1765 658 διατί
1829 603 1963 676 μὲλ-

314 697 478 754 λουσι
509 702 910 771 καταργηθῆναι
941 694 1029 750 καὶ
1062 694 1382 749 παύσασθαι.

386 789 517 841 ’Ὅτε
573 783 711 859 ἥμιν
778 787 995 854 νήπιος,
1053 783 1128 845 ὡς
1186 785 1384 853 νήπιος
1433 781 1688 851 ἐλάλουν,
1741 782 1814 843 ὡς
1866 782 1965 851 νή-

316 896 449 939 πιος
491 874 770 953 ἐφρόνουν,
802 874 879 936 ὡς
918 876 1119 943 νήπιος
1175 871 1535 947 ἐλογιζόμην.
1595 874 1723 928 Ὅτε
1786 869 1844 925 δὲ
1874 873 1965 945 γε·

304 986 448 1042 γυνα
510 964 666 1038 ἀνὴρ,
726 964 1049 1037 κατήργηκα
1130 963 1196 1017 τὰ
1252 966 1347 1016 τοῦ
1405 962 1627 1032 νηπίου.
1680 960 1964 1033 Βλέπομεν

301 1054 419 1130 γὰρ
452 1051 572 1127 ἄρτι
615 1049 688 1106 δι’
716 1049 982 1121 ἐσόπτρου
1040 1048 1091 1104 ἰν
1142 1049 1447 1124 αἰνίγματι,
1507 1049 1628 1103 τότε
1688 1045 1745 1103 δὲ
1804 1068 1969 1122 προσ-

311 1160 469 1198 ωπον
530 1141 664 1216 πρὸς
718 1140 1038 1213 πρόσωπον.
1098 1144 1259 1212 ’Ἄρτι
1312 1142 1568 1215 γινώσκω
1626 1136 1685 1193 ἐκ
1745 1136 1964 1211 μέρους,

303 1232 439 1288 τότε
469 1229 525 1287 δὲ
554 1230 953 1304 ἐπιγνώσομαι,
985 1229 1161 1289 καθὼς
1187 1228 1278 1282 καὶ
1309 1224 1677 1303 ἐπεγνώσθην.

388 1318 610 1389 Ἐπειδὴ
644 1319 763 1374 εἶπε
795 1321 894 1384 τῆς
923 1314 1135 1379 τελείας
1194 1317 1451 1392 γνώσεως
1497 1315 1807 1392 ἐρχομένης
1863 1317 1963 1385 τήν

312 1414 544 1487 μερικὴν
598 1406 760 1471 τέλος
809 1404 985 1478 ἕξειν,
1045 1408 1135 1461 καὶ
1195 1403 1598 1482 παραδείγματι
1656 1411 1815 1481 κυροῖ
1870 1405 1961 1460 τὸν

318 1499 507 1578 λόγον.
540 1502 684 1568 Ὀτε,
710 1498 895 1577 φησὶν,
927 1498 1083 1569 ’ἥμην
1121 1499 1319 1567 νήπιος
1376 1502 1506 1559 παῖς
1561 1498 1664 1566 τὴν
1720 1494 1964 1565 ἠλικίαν,

318 1590 501 1645 πάντα
529 1589 694 1658 νήπια
718 1588 893 1661 εἶχον,
945 1587 1035 1641 καὶ
1094 1588 1155 1641 τὸ
1214 1585 1425 1656 λαλεῖν,
1473 1582 1561 1640 καὶ
1609 1586 1671 1643 τὸ
1729 1592 1963 1664 φρονεῖν,

306 1674 500 1733 καὶτὸ
534 1674 867 1751 λογίζεσθαι.
923 1674 1052 1730 Ὅτε
1110 1670 1168 1727 Si
1223 1670 1358 1746 ἀνὴρ
1415 1672 1634 1749 γέγονα,
1695 1671 1964 1748 ἁπὲῥριψα

307 1764 380 1820 τὰ
411 1771 514 1835 τῆς
561 1762 915 1833 νηπιότητος.
967 1760 1157 1823 Οὕτως
1211 1762 1303 1818 καὶ
1361 1759 1447 1816 ἐπὶ
1503 1766 1613 1817 τῶν
1668 1778 1966 1835 πνευματι-

298 1858 438 1922 κῶν,
463 1851 619 1930 φησί.
653 1853 766 1911 Νῦν
807 1852 973 1922 νηπία
1006 1852 1149 1906 ἐστιν
1196 1852 1331 1923 ἡμῖν
1360 1853 1396 1921 ἡ
1425 1855 1649 1927 γνῶσις,
1710 1850 1824 1905 ἐπεὶ
1874 1852 1960 1905 καὶ
1994 1883 2041 1950 Β

295 1943 460 2017 ἠγεῖς
488 1939 681 2011 νήπιοι
727 1938 911 2012 ἐσμεν.
965 1941 1127 1997 Ὅταν
1169 1938 1354 1995 τοίνυν
1407 1938 1612 1996 τελειοι
1664 1940 1962 2015 γενώμεθα,

305 2032 341 2087 b'
370 2031 515 2087 ἐστιν
547 2029 599 2085 ἐν
646 2036 725 2102 τῷ
759 2028 1019 2103 μάλλοντι
1078 2029 1286 2108 χρόνῳ,
1352 2029 1526 2085 πάντα
1583 2030 1651 2085 τὰ
1706 2026 1960 2100 νηπίώδη

302 2119 715 2196 ἀπορρίψομεν.
807 2120 1115 2191 Νηπιότητι
1194 2120 1298 2194 γὰρ
1382 2116 1556 2177 ἔοικεν
1623 2122 1657 2189 ἡ
1720 2124 1964 2194 παροῦσα

318 2215 523 2285 γνῶσις
555 2210 645 2264 καὶ
676 2207 980 2286 προφητεία
1010 2208 1099 2263 καὶ
1152 2207 1425 2278 πολιτεία,
1483 2210 1618 2283 πρὸς
1666 2210 1767 2277 τὴν
1830 2206 1963 2282 μὲλ·

315 2300 546 2355 λουσιν.
582 2322 609 2351 ι(
634 2297 722 2360 Ὠς
751 2298 951 2367 νήπιος
1008 2295 1261 2354 ἐλάλουν.
1296 2322 1323 2349 n
1355 2299 1444 2360 Ὠς
1471 2299 1605 2371 πρὸς
1660 2299 1757 2362 τὰς
1784 2295 1963 2372 γλώσ-

299 2407 399 2451 σας
430 2389 518 2455 τὸ,
553 2411 583 2442 ι(
642 2384 902 2457 Ἐλάλου,
936 2409 963 2437 ››
1026 2386 1101 2448 ὡς
1154 2388 1291 2461 πρὸς
1356 2388 1452 2450 τὰς
1495 2386 1825 2466 προφητείας
1877 2386 1962 2454 τὸ,

304 2500 333 2532 ο
375 2477 694 2555 Ἐφρόνουν,
727 2498 754 2526 η
788 2475 863 2537 ὡς
891 2476 1029 2551 πρὸς
1063 2476 1160 2545 τὴν
1217 2480 1417 2551 γνῶσιν
1466 2477 1552 2545 τὸ,
1605 2496 1631 2530 ιι
1662 2473 1961 2550 Ἐλογιζό-

306 2588 440 2639 μην.
478 2590 499 2616 I
536 2597 603 2607 -—
638 2590 656 2614 ι
691 2562 974 2637 Βλέπομεν
1011 2566 1116 2639 γὰρ
1148 2565 1269 2638 ἄρτι
1301 2562 1369 2618 δι’
1394 2563 1680 2637 ἐσόπτρου.
1722 2589 1741 2614 ι
1782 2571 1962 2641 Σαφη-

306 2655 449 2723 νίζει
479 2655 543 2709 τὸ
563 2651 850 2729 εἰρημένον
883 2654 1007 2729 περὶ
1037 2657 1135 2708 τοῦ
1175 2654 1392 2724 νηπίου,
1451 2654 1541 2710 καὶ
1594 2653 1737 2712 θέλει
1796 2651 1963 2723 δεῖξαι

319 2740 653 2816 δτιᾶμυδρά
678 2744 758 2808 τίς
804 2741 949 2798 ἐστιν
1007 2745 1141 2812 ἡμῖν
1201 2742 1320 2816 ἄρτι
1380 2746 1413 2811 ἡ
1474 2747 1698 2820 γνῶσις,
1753 2744 1880 2798 τότε
1906 2740 1964 2799 δὲ

321 2832 611 2906 τρανοτέρα
631 2826 793 2887 ἔσται.
827 2855 855 2884 ιι
890 2829 1176 2904 Βλέπομεν
1209 2831 1312 2907 γὰρ
1344 2832 1491 2908 ἄρτι,
1521 2834 1677 2910 φησί,
1727 2829 1799 2887 δι’
1844 2830 1963 2887 ἐσό-

314 2941 510 2995 πτρου.
548 2947 568 2975 ι
629 2920 761 2978 Εἶτα
840 2918 1029 2990 ἐπειδὴ
1118 2921 1179 2976 τὸ
1260 2916 1521 2996 ἔσοπτρον
1592 2920 1960 2997 ἇκτυπῶτερον

311 3006 555 3066 δείκνυσι
621 3013 719 3065 τοῦ
784 3007 1189 3086 ἐμφαινομίνου
1246 3010 1349 3078 τὴν
1411 3010 1670 3083 μίμησιν,
1732 3011 1961 3084 προστὲ·

306 3109 455 3162 eam:
512 3099 600 3165 τὸ,
659 3122 689 3152 ιι
747 3100 837 3156 Ἐν
894 3096 1200 3173 αἰνίγματι,
1236 3122 1263 3149 ››
1326 3096 1533 3161 δεικνὺς
1589 3096 1960 3173 ἂμυδροτὲραν

305 3190 450 3244 εἴναι
480 3189 579 3256 τήν
608 3192 703 3244 νῦν
742 3185 1005 3243 δοκοῦσαν
1063 3187 1414 3256 τελειοτάτην
1464 3192 1658 3263 γνῶσιν
1718 3187 1809 3242 καὶ
1865 3190 1961 3242 τοῦ

309 3275 365 3331 ἐν
400 3276 655 3351 ἆσόπτρῳ
699 3277 1142 3354 προφαινομίνου
1189 3276 1533 3351 πράγματος.
1597 3300 1623 3327 ‹‹
1659 3276 1961 3351 Ιιρόσωπον

309 3365 453 3441 πρὸς
486 3365 804 3440 πρόσωπον.
840 3389 869 3419 ››
901 3365 1029 3442 Οὐχ
1063 3364 1137 3429 ὡς
1188 3364 1501 3437 σωματικόν
1557 3387 1609 3420 τι
1642 3363 1676 3433 ἢ
1708 3365 1963 3434 αἰσθητὸν

308 3454 612 3531 πρόσωπον
641 3457 739 3512 τοῦ
786 3458 919 3510 Θεοῦ
972 3452 1222 3532 ἔχοντος,
1282 3451 1429 3509 ἀλλὰ
1484 3455 1583 3522 τήν
1640 3456 1967 3528 τρανοτέραν

310 3544 404 3599 καὶ
441 3542 766 3620 σσφεστὲραν
798 3547 1019 3618 γνῶσιν,
1050 3546 1121 3616 τῇ
1177 3539 1318 3613 λέξει
1372 3547 1469 3598 τοῦ
1498 3544 1797 3615 προσώπου
1826 3564 1967 3615 παρ-

319 3634 832 3707 ίστησιτροπικῶς.
887 3636 961 3688 ’Ἦ
992 3636 1150 3687 τοῦτο
1181 3631 1294 3688 νόει
1357 3654 1449 3706 μοι
1504 3631 1626 3704 περὶ
1683 3637 1781 3687 τοῦ
1839 3634 1966 3687 Υἱοῦ

310 3726 413 3778 τοῦ
471 3722 675 3796 Κυρίου
737 3723 898 3793 ἡμῶν
988 3722 1165 3792 Ἰησοῦ
1251 3722 1487 3795 Χριστοῦ
1538 3721 1702 3776 αὐτὸν
1769 3720 1964 3797 λέγειν,

313 3837 345 3866 ‹‹
379 3813 510 3868 Τότε
566 3808 624 3867 δὶ
682 3810 1079 3887 ἇπιγνώσομαι.
1124 3836 1151 3863 ››
1210 3811 1340 3879 Νῦν,
1407 3811 1588 3888 φησὶν,
1652 3811 1711 3867 ἐκ
1769 3812 1965 3885 μέρους

313 3901 478 3958 αὐτὸν
514 3901 793 3977 γινώσκω,
842 3895 965 3956 τὸτε
1023 3898 1080 3958 δὶ
1137 3901 1315 3963 οὕτως
1371 3900 1533 3956 αὐτὸν
1594 3900 1967 3976 ἐπιγνώσομαι

314 3990 412 4047 καὶ
444 3992 702 4069 ποφήσω,
734 3987 914 4063 ὥσπερ
949 3994 1040 4045 νῦν
1089 3988 1248 4051 αὐτός
1311 4011 1377 4063 με
1435 3988 1662 4064 ἐπέγνω.
1719 3994 1829 4046 Νῦν
1862 3993 1967 4065 γὰρ

318 4084 488 4153 ἡμεῖς
547 4080 645 4153 μὶν
730 4077 888 4135 αὐτὸν
950 4078 1047 4134 οὐκ
1100 4077 1489 4155 ἕγινώσκομεν,
1547 4078 1710 4142 αὐτὸς
1756 4077 1840 4134 δὲ’
1876 4081 1966 4134 καὶ

314 4167 557 4243 ἐπέγνω,
588 4169 845 4244 καὶπρὸς
907 4168 1094 4223 ἑαυτὸν
1149 4166 1388 4223 εἵλκυσε.
1448 4169 1587 4225 Τότε
1642 4168 1744 4245 γὰρ
1801 4171 1965 4241 ἡμεῖς

315 4257 484 4313 αὐτὸν
512 4258 603 4312 καὶ
648 4256 1085 4333 ἆπιγνωσόμεθα,
1140 4256 1229 4311 καὶ
1289 4254 1737 4331 ἑπιδραμούμεθα
1795 4257 1963 4331 αὐτῷ,

306 4354 415 4418 τῆς
476 4346 823 4422 γλυκύτητος
879 4345 1044 4401 αὐτοῦ
1110 4346 1427 4420 τρχνοτέραν
1491 4352 1681 4421 πεῖραν
1742 4341 1966 4419 λαμϐά-

307 4457 509 4498 νοντες.
544 4438 718 4493 Τοῦτο
746 4434 804 4490 δὲ
859 4435 1039 4512 είρὼν,
1096 4436 1342 4510 καθαιρεῖ
1398 4435 1574 4491 αὐτῶν
1630 4438 1692 4492 τὸ
1748 4436 1832 4493 ἐπὶ
1893 4440 1961 4511 τῇ

313 4525 516 4604 γνώσει
546 4525 827 4601 φρόνημα,
855 4522 1069 4587 δεοκκῦς
1094 4525 1186 4579 καὶ
1238 4526 1465 4599 μερικὴν
1517 4526 1654 4581 εἶναι
1711 4528 1809 4595 τὴν
1868 4531 1977 4601 νῦν,

2076 604 2264 660 Causa
2294 610 2452 664 enim
2480 628 2585 666 cur
2614 610 2921 666 abolendae
2951 612 3069 665 sint
3126 617 3183 665 et
3238 619 3556 668 cessaturae
3604 617 3711 681 est,

2077 693 2218 762 quia
2248 696 2611 770 imperfecta!
2642 705 2800 756 sunt.

2149 783 2294 844 XIII.
2328 790 2411 853 11,
2449 790 2532 842 12.
2564 790 2697 843 Cum
2728 790 2916 858 infans
2947 802 3129 855 assam,
3174 796 3236 843 ut
3291 790 3477 857 infans
3530 793 3718 863 loque-

2079 874 2197 941 bar,
2238 880 2299 928 ut
2327 877 2519 943 infans
2548 878 2869 943 sentiebam,
2900 884 2963 932 ut
3016 880 3205 947 infans
3260 881 3613 948 cogitabam:
3656 888 3716 937 at

2076 964 2171 1016 ubi
2221 966 2402 1031 factus
2455 983 2572 1020 sum
2630 970 2734 1034 vir,
2790 967 2999 1021 abolevi
3064 968 3375 1035 infantilia.
3435 970 3716 1026 Cernimus

2076 1054 2223 1106 enim
2250 1069 2396 1109 nunc
2419 1071 2524 1124 per
2545 1056 2824 1126 Speculum
2882 1056 2939 1110 in
2991 1058 3305 1126 aenigmate,
3366 1065 3495 1113 tunc
3532 1066 3716 1114 autem

2074 1143 2220 1208 facie
2250 1141 2323 1195 ad
2349 1145 2566 1210 faciem.
2601 1145 2753 1198 Nunc
2783 1158 3043 1214 cognosco
3072 1161 3143 1199 ea:
3162 1152 3348 1214 parte,
3384 1151 3511 1199 tunc
3533 1153 3717 1200 autem

2076 1244 2377 1298 cognoscan
2407 1234 2545 1286 sicut
2574 1239 2626 1287 et
2658 1236 2909 1302 cognitus
2937 1248 3076 1287 sum.

2146 1320 2433 1382 Quoniam
2468 1320 2612 1375 dixit
2635 1323 3086 1392 superveniente
3102 1321 3364 1392 perfecta
3385 1323 3716 1393 cognitione

2076 1408 2256 1463 ﬁnem
2288 1410 2621 1465 habituram
2656 1426 2785 1466 eam
2818 1428 2948 1482 quae
2976 1417 3065 1467 est
3095 1427 3164 1466 ex
3195 1417 3381 1482 parte,
3442 1417 3712 1485 exemplo

2075 1513 2313 1568 quoque
2343 1516 2680 1555 sermonem
2711 1502 3042 1556 conﬁrmat.
3073 1504 3220 1558 Cum
3250 1518 3464 1569 essem,
3498 1505 3717 1574 inquit,

2074 1586 2269 1643 infans
2300 1594 2400 1643 aut
2429 1606 2577 1660 puer
2605 1595 2795 1655 aetate,
2829 1590 3032 1647 omnia
3060 1590 3348 1647 habebam
3398 1592 3718 1662 infantilia,

2075 1682 2134 1732 et
2163 1677 2462 1747 loquelam
2493 1683 2549 1733 et
2580 1695 2816 1734 sensum
2848 1685 2907 1733 et
2937 1680 3351 1751 cogitationem
3382 1688 3478 1736 :at
3496 1681 3598 1736 ubi
3630 1683 3719 1737 fa-

2074 1771 2203 1820 ctus
2225 1767 3019 1839 sumvir,abjeciinfantilia.
3061 1770 3148 1824 Ita
3194 1775 3254 1823 et
3294 1770 3355 1824 in
3400 1771 3721 1842 spirituali-

2072 1852 2205 1919 bus,
2239 1853 2480 1925 inquit:
2513 1871 2672 1911 nunc
2725 1855 3016 1911 infantilis
3072 1862 3163 1912 est
3217 1856 3390 1912 nobis
3438 1858 3717 1931 cognitio,

2074 1944 2355 2014 quoniam
2389 1951 2449 1999 et
2478 1961 2586 2000 nos
2617 1944 2874 1999 infantes
2905 1958 3127 2000 sumus.
3188 1948 3261 2000 At
3316 1945 3418 2001 ubi
3472 1947 3719 2018 perfecti

2071 2033 2379 2100 fuerimus,
2404 2034 2562 2105 quad
2584 2034 2698 2089 erit
2718 2034 2780 2087 in
2800 2032 3000 2089 futuro
3027 2035 3264 2102 saeculo,
3284 2036 3485 2091 omnia
3522 2037 3718 2092 infan-

2072 2122 2201 2177 tilia
2231 2123 2600 2194 abjiciemus.
2635 2125 2777 2178 Nam
2810 2123 3077 2178 infantiae
3109 2123 3326 2179 similis
3364 2130 3422 2180 et
3456 2140 3717 2196 praesens

2073 2212 2331 2283 cognitio
2364 2218 2421 2268 et
2450 2212 2763 2285 prophetia
2791 2225 2851 2266 et
2878 2213 3267 2282 conversatio,
3300 2215 3346 2269 si
3379 2216 3722 2271 conferatur

2074 2299 2149 2353 ad
2178 2299 2458 2357 futuram.
2498 2324 2518 2350 ο
2557 2303 2627 2356 Ut
2657 2302 2851 2359 infans
2879 2302 3185 2373 loquebar.
3220 2324 3250 2353 »
3284 2304 3354 2358 Ut
3384 2305 3458 2359 ad
3489 2305 3719 2378 linguas

2074 2390 2366 2446 referatur
2394 2415 2421 2442 «
2457 2393 2784 2463 Loquebar,
2820 2414 2848 2441 η
2884 2392 2956 2447 ad
2986 2394 3331 2464 prophetias
3390 2418 3419 2446 ι(
3481 2397 3719 2452 Sentie-

2072 2478 2210 2536 bam
2240 2504 2269 2532 »
2303 2497 2370 2537 ac
2400 2481 2708 2537 scientiam
2746 2502 2767 2530 σ
2801 2481 3171 2553 Cogitabam,
3206 2504 3234 2531 η
3280 2484 3397 2538 sive
3453 2508 3479 2535 ‹‹
3514 2487 3719 2542 Consi-

2073 2573 2372 2628 derabam.
2408 2595 2436 2624 »
2468 2602 2537 2612 -
2567 2594 2594 2621 (ι
2629 2573 2936 2627 Cernimus
2969 2573 3127 2628 enim
3158 2589 3316 2628 nunc
3345 2590 3452 2644 per
3507 2593 3719 2647 specu-

2071 2661 2218 2718 lum.
2253 2684 2281 2711 »
2313 2662 2601 2733 Explanat
2630 2661 2787 2733 quod
2818 2661 2889 2716 de
2922 2661 3145 2715 infante
3176 2660 3399 2716 dictum
3431 2668 3537 2730 est,
3571 2665 3720 2719 vult-

2073 2766 2188 2823 que
2222 2750 2532 2806 ostendere
2564 2749 2723 2821 quod
2779 2764 2936 2804 nunc
2994 2748 3245 2804 obscura
3297 2750 3570 2821 quaedam
3610 2769 3716 2807 no-

2072 2839 2162 2894 bis
2195 2844 2283 2893 est
2312 2838 2589 2910 cognitio,
2623 2842 2760 2892 tunc
2787 2842 2984 2891 autem
3016 2838 3202 2909 magis
3234 2838 3546 2909 perspicua
3584 2840 3715 2896 erit.

2075 2950 2101 2977 «
2126 2928 2433 2983 Cernimus
2457 2927 2612 2981 enim
2637 2942 2815 2990 nunc,
2840 2927 3054 2996 ait,per
3073 2927 3401 2997 speculum.
3429 2950 3456 2976 »
3490 2930 3710 2985 Deinde
3778 2978 3785 2986 .

2075 3017 2213 3088 quia
2242 3016 2550 3088 speculum
2577 3015 2727 3069 bene
2750 3015 3071 3086 afﬁgiatam
3131 3016 3393 3070 ostendit
3449 3017 3532 3071 rei
3582 3036 3714 3089 quae

2072 3110 2317 3176 apparet
2342 3104 2757 3181 imitationem,
2782 3103 2973 3157 addit:
3013 3125 3040 3152 «
3088 3104 3153 3157 In
3203 3105 3534 3176 aanigmate,
3568 3127 3595 3154 »
3630 3108 3717 3161 in-

2076 3194 2321 3249 sinuans
2354 3193 2540 3265 magis
2570 3197 2812 3246 tenuem
2842 3207 2909 3247 ac
2941 3190 3342 3247 obscuriorem
3375 3210 3503 3248 esse
3562 3208 3713 3267 eam,

2077 3300 2208 3354 qum
2228 3297 2385 3337 nunc
2404 3279 2832 3352 perfectissima
2847 3279 3507 3351 videturcognitionem.
3535 3283 3715 3339 etiam

2076 3370 2182 3426 illa
2202 3387 2265 3425 re
2288 3385 2418 3441 quas
2442 3374 2686 3440 apparet
2706 3368 2768 3423 in
2786 3367 3046 3439 speculo.
3064 3390 3091 3418 ι(
3130 3368 3299 3423 Facie
3331 3368 3405 3423 ad
3428 3368 3661 3428 faciam.
3685 3393 3713 3422 »

2075 3462 2201 3515 Non
2225 3458 2382 3531 quod
2404 3459 2557 3513 Deus
2576 3458 2944 3530 corporalem
2969 3457 3230 3527 aliquam
3252 3466 3353 3514 aut
3374 3461 3715 3516 sensibilem

2075 3550 2292 3606 habeat
2312 3549 2509 3615 fidem,
2534 3548 2637 3603 sed
2659 3548 2971 3603 clariorem
3003 3563 3071 3603 ac
3118 3549 3591 3606 manifestiorem
3622 3568 3721 3607 co-

2077 3638 2401 3711 gnitionem
2434 3654 2540 3707 per
2568 3636 2889 3691 dictionem
2924 3635 3123 3690 Facies
3154 3637 3457 3707 ﬁgurative
3480 3638 3725 3694 demon-

2079 3731 2244 3786 strat.
2278 3728 2393 3779 Aut
2423 3725 2533 3780 hoc
2565 3726 2711 3779 mihi
2743 3724 3006 3796 intelligo
3036 3725 3108 3779 de
3138 3724 3284 3779 Filio
3316 3726 3565 3781 Domino
3615 3745 3725 3782 no-

2079 3822 2199 3870 stro
2247 3818 2385 3871 Jesu
2439 3815 2669 3870 Christo
2729 3815 2920 3885 ipsum
2979 3813 3163 3884 loqui.
3226 3837 3255 3864 «
3315 3817 3472 3869 Tunc
3526 3822 3723 3870 autem

2078 3919 2451 3976 cognoscam.
2488 3924 2515 3951 η
2546 3906 2735 3964 Nunc,
2770 3902 2986 3972 inquit,
3044 3916 3113 3955 ex
3160 3908 3326 3972 parte
3385 3903 3581 3974 ipsum
3628 3921 3726 3959 co-

2076 4007 2317 4063 gnosco,
2354 3996 2493 4044 tunc
2525 4006 2660 4043 vero
2719 3989 2801 4043 ita
2850 4006 2987 4044 eum
3045 3990 3199 4045 552
3258 4006 3610 4061 cognoscam
3658 4010 3725 4048 ac

2077 4079 2519 4150 concupiscam,
2541 4077 3047 4149 quemadmodum
3066 4079 3192 4149 ipse
3216 4095 3374 4134 nunc
3394 4096 3489 4135 me
3512 4096 3731 4153 cogno-

2078 4170 2207 4225 scit.
2242 4171 2407 4224 Nunc
2442 4167 2601 4223 enim
2630 4184 2737 4222 nos
2768 4182 2902 4222 eum
2937 4184 3055 4222 non
3087 4170 3614 4234 cognoscebamus.
3672 4178 3732 4227 at

2075 4266 2202 4332 ipse
2228 4257 2502 4331 cognovit
2523 4274 2631 4312 nos
2656 4263 2714 4311 et
2761 4257 2834 4311 ad
2889 4274 2950 4311 se
3000 4258 3243 4312 attrahit
3292 4264 3429 4315 tunc
3458 4277 3593 4315 vero
3625 4277 3732 4315 nos

2077 4366 2213 4405 eum
2246 4362 2678 4420 cognoscemus
2701 4352 2758 4401 et
2778 4362 3161 4402 accurremus
3184 4348 3257 4403 ad
3291 4364 3450 4415 eum,
3503 4365 3737 4404 sumen-

2076 4454 2166 4503 tes
2197 4437 2517 4493 clariorum
2549 4435 2886 4491 dulcedinis
2916 4436 3102 4507 ipsius
3132 4436 3577 4507 experientiam.
3612 4439 3731 4493 Hoc

2079 4534 2277 4584 autem
2311 4527 2513 4581 dicens
2537 4525 2695 4580 tollit
2718 4526 2934 4581 fastum
2960 4542 3165 4581 eorum
3191 4542 3365 4597 quem
3390 4525 3462 4581 de
3487 4528 3738 4584 scientia

311 4620 546 4690 γνῶσιν,
596 4613 684 4669 καὶ
743 4614 945 4684 ταῦτην
1003 4615 1171 4683 αὐτὴν
1228 4614 1332 4669 οὐκ
1388 4614 1437 4684 ἐξ
1504 4617 1686 4688 ἡμῶν,
1743 4614 1871 4671 ἀλλ’
1918 4616 1965 4672 ἐν

2086 4615 2405 4677 habebant,
2440 4613 2763 4669 ostendens
2796 4618 2854 4667 et
2883 4630 2952 4668 ex
3012 4619 3177 4684 parte
3236 4630 3363 4668 esse
3420 4614 3731 4671 scientiam

314 4708 455 4761 Θεοῦ
483 4705 621 4776 ἡμῖν
645 4701 1144 4778 γενίσθαιὸωρεᾶν,
1201 4703 1291 4758 καὶ
1350 4700 1483 4779 δίχα
1537 4705 1717 4759 πόνων
1776 4706 1974 4780 ἡμετέ-

320 4814 452 4871 ρωνο
488 4792 663 4855 Δῦτός
691 4793 821 4867 γὰρ,
855 4793 1042 4870 φησίν,
1092 4795 1238 4867 ἡμᾶς
1296 4793 1386 4847 καὶ
1454 4792 1686 4868 ἆπίγνω,
1717 4794 1805 4849 καὶ
1838 4797 1973 4871 πρὸς

318 4883 511 4939 ἑαυτὸν
553 4880 794 4938 εἵλκυσε.
856 4906 883 4935 ιι
929 4881 1121 4946 Καθὼς
1185 4883 1276 4940 καὶ
1334 4881 1698 4958 ἕπεγνώσθην.
1731 4906 1757 4938 ιι
1827 4886 1974 4941 Ἀντί

320 4976 418 5028 τεῦ
449 4967 690 5048 ἀκριϐῶς
717 4972 805 5027 καὶ
846 4968 1092 5033 τελείως.
1144 4971 1269 5029 Ἐπὶ
1328 4970 1505 5044 τούτῳ
1536 4973 1663 5048 γὰρ,
1696 4974 1851 5052 φησὶ,
1883 4975 1973 5029 καὶ

319 5062 426 5130 τήν
452 5060 633 5140 ἀρχὴν
657 5061 769 5136 ἑγὼ
801 5060 1171 5135 ὶπεγνώσθην,
1202 5061 1289 5114 ἳνα
1317 5060 1408 5119 καὶ
1440 5061 1601 5124 αὐτὸς
1651 5064 1971 5137 γνώσωμαι,

321 5150 507 5215 καθὼς
536 5150 643 5205 tow
676 5149 948 5223 ἀνθρώπῳ
1008 5147 1251 5222 δυνατὸν,
1301 5148 1527 5212 τελείως
1582 5151 1673 5205 καὶ
1730 5148 1971 5225 ἀκριϐῶς

312 5242 411 5296 τὸν
444 5238 739 5315 ὶπιγνόντα
771 5259 839 5312 με
871 5240 1168 5310 Δεσπότην.

392 5419 523 5476 Νυνὶ
582 5415 639 5473 δὲ
710 5416 875 5492 μᾶνει,
936 5419 1116 5481 πίστις
1154 5459 1169 5487 ,
1226 5416 1384 5479 ἐλπὶς
1445 5419 1652 5493 ἀγάπη,
1728 5419 1795 5474 τὰ
1850 5420 1973 5494 τρία

312 5509 508 5564 ταῦτα.
572 5506 791 5577 Μείζὼν
846 5505 903 5561 δδ
956 5508 1164 5563 τούτων
1224 5510 1259 5577 ἡ
1321 5508 1528 5580 ἀγάπη.
1593 5509 1821 5564 Διώκετε
1874 5510 1973 5576 τὴν

316 5596 564 5673 ἀγάπην,
651 5595 886 5666 ζηλοῦτε
971 5593 1028 5651 δὲ
1096 5598 1161 5653 τὰ
1218 5597 1577 5669 πνευματικὰ,
1642 5596 1857 5670 μᾶλλον
1916 5595 1972 5653 δὲ

307 5684 406 5740 ’ἱνα
435 5684 841 5761 προφητεύητε.
896 5686 957 5743 Ὀ
1015 5687 1119 5763 γὰρ
1181 5684 1366 5741 λαλῶν
1415 5685 1658 5763 γλώσσῃ,
1719 5688 1820 5741 οὐκ
1875 5687 1971 5741 ἀν-

2088 4719 2441 4776 quamnunc
2461 4702 2769 4768 habemus,
2797 4708 2852 4756 et
2893 4702 3052 4770 quod
3098 4702 3250 4758 hanc
3291 4703 3478 4773 ipsam
3512 4719 3632 4758 non
3666 4720 3735 4759 ex

2085 4795 2255 4851 nobis
2280 4794 2624 4858 habeamus,
2653 4790 2757 4845 sed
2779 4808 2812 4846 a
2844 4793 2960 4847 Deo
3006 4792 3188 4864 gratis
3210 4793 3512 4865 contingat
3542 4792 3735 4863 nobis,

2087 4902 2153 4940 ac
2185 4885 2311 4939 sine
2341 4882 2559 4938 nostris
2591 4880 2912 4936 laboribus.
2970 4884 3113 4936 Nam
3172 4882 3299 4954 ipse
3360 4888 3418 4938 et
3465 4884 3735 4957 cognovit

2084 4990 2194 5030 nos
2224 4979 2287 5028 et
2331 4972 2405 5028 ad
2454 4989 2516 5026 se
2557 4971 2811 5026 attraxit.
2868 4993 2896 5023 α
2928 4971 3089 5026 Sicut
3119 4978 3177 5027 et
3206 4974 3475 5046 cognitus
3515 4991 3667 5030 sum.
3702 4994 3732 5023 ››

2085 5066 2203 5118 Hoc
2234 5067 2341 5127 est,
2377 5066 2578 5116 exacte
2609 5076 2675 5115 ac
2708 5060 2985 5131 perfecte.
3020 5060 3109 5115 Ad
3138 5061 3250 5116 hoc
3281 5063 3442 5117 enim
3502 5078 3607 5133 ego
3657 5061 3728 5118 ab

2083 5154 2253 5209 initio
2284 5150 2553 5223 cognitus
2586 5167 2738 5217 sum,
2772 5155 2837 5204 ut
2869 5156 2926 5205 et
2955 5150 3083 5222 ipse
3114 5167 3554 5223 cognoscerem,
3580 5150 3731 5206 sicut

2080 5242 2305 5299 homini
2338 5238 2619 5311 possibile
2652 5245 2743 5293 est
2770 5239 3027 5310 perfecte
3059 5244 3117 5295 et
3147 5244 3348 5294 exacte
3407 5237 3721 5293 Dominum

2083 5333 2184 5405 qui
2214 5347 2307 5386 me
2348 5328 2637 5401 cognovit,
2670 5327 2842 5384 sicuti
2874 5328 3101 5383 homini
3132 5326 3444 5397 posssibile
3476 5332 3582 5382 est.

2152 5420 2295 5485 XIII,
2331 5419 2433 5481 l3;
2493 5417 2635 5483 XIV,
2697 5419 2814 5471 1-4.
2875 5420 3028 5472 Nunc
3095 5421 3281 5469 autem
3344 5422 3525 5471 manet
3570 5417 3725 5486 fides,

2081 5526 2218 5581 spes,
2252 5508 2515 5570 ebur-itas,
2546 5507 2659 5559 tria
2686 5505 2817 5575 hac,
2851 5510 2946 5560 sed
2973 5506 3215 5570 maxima
3248 5506 3309 5558 in
3337 5504 3421 5560 his
3451 5511 3529 5560 est
3594 5506 3726 5561 Cha.

2080 5602 2237 5654 ritas.
2270 5594 2565 5651 Sectemim’
2596 5594 2944 5663 charitatem,
2986 5591 3330 5648 wmulamini
3377 5600 3560 5649 autem
3608 5598 3724 5667 spi-

2081 5686 2331 5753 ritualia,
2362 5683 2536 5754 magis
2581 5689 2759 5738 tamen
2800 5690 2859 5738 ut
2904 5681 3267 5753 prophetam.
3302 5683 3437 5739 Nam
3487 5686 3585 5756 qui
3642 5684 3726 5738 lo-
