4068 6254
413 353 530 414 839

1531 351 1954 416 (ῈΟυΜΕΝΙΙ
1998 347 2305 409 ἸἪΙΟΟιΕ
2351 349 2694 411 EPISCOPI

3713 359 3819 417 840

410 490 604 558 quitur
635 488 846 557 lingua,
879 505 988 542 non
1047 489 1362 544 hominibus
1420 488 1686 559 loquitur,
1745 487 1839 542 sed
1896 487 2045 540 Deo:

2171 481 2413 554 θρώποις
2442 480 2622 550 λαλεῖ,
2674 481 2822 538 ἀλλά
2876 488 2954 554 τῷ
3006 489 3140 554 Θεῷ.
3201 485 3396 550 Οῦδεὶς
3454 487 3568 560 γὰρ
3627 490 3819 560 ἀκούει,

410 576 596 631 nullus
617 579 760 630 enim
792 577 972 642 audit,
1026 577 1234 647 spiritu
1286 594 1410 632 vero
1469 579 1717 648 loquitur
1772 577 2055 645 mysteria.

411 668 516 730 Qui
536 672 719 720 autem
741 666 1043 736 prophetat
1079 667 1390 721 hominibus
1420 665 1670 736 loquitur
1699 665 1773 720 ad
1817 666 2061 732 aedi/ica-

411 754 616 810 tionem
645 762 697 809 et
725 755 1164 810 exhortationem
1189 773 1253 810 ac
1283 757 1727 811 consolationem.
1775 753 1882 820 Qui
1939 753 2056 807 lin-

409 863 540 915 gua,
572 844 810 915 seipsum
839 845 1098 913 aediﬁcat,
1128 846 1227 915 qui
1261 846 1508 916 loquitur
1561 863 1690 901 vero
1737 845 2056 914 prophetat,

409 935 710 990 Ecclesiam
739 935 996 1002 aediﬁcat.

472 1025 618 1078 Sunt
647 1023 893 1093 quidem
929 1040 1087 1078 nunc
1119 1030 1176 1078 et
1239 1023 1454 1095 linguas
1515 1029 1572 1076 et
1630 1022 1953 1093 prophetia;
2001 1027 2058 1074 et

405 1111 691 1179 scientias,
726 1127 1068 1183 quanquam
1103 1117 1316 1166 tenues
1348 1118 1406 1165 et
1436 1110 1701 1165 obscuras
1736 1126 1747 1173 ;
1781 1116 1840 1164 at
1899 1108 2056 1180 quod

405 1203 630 1256 dictum
655 1208 742 1255 est
769 1217 780 1254 ε
809 1225 836 1252 ‹‹
861 1206 1023 1257 Nunc
1043 1207 1239 1256 autem
1262 1206 1483 1265 manet,
1511 1222 1537 1248 υ
1560 1199 1857 1270 intelliges
1897 1197 2054 1269 quod

405 1289 635 1345 caeteris
666 1291 1179 1360 permanentiores
1211 1289 1331 1343 sint
1360 1295 1479 1343 tres
1511 1289 1636 1343 haec
1667 1289 1910 1342 virtutes
1933 1288 2053 1340 sive

404 1379 579 1442 dona,
614 1395 826 1450 nempe
860 1379 1029 1444 fides,
1066 1396 1200 1449 spes
1231 1384 1288 1432 et
1346 1377 1605 1432 Charitas
1641 1393 1653 1431 :
1711 1384 1770 1430 et
1817 1393 2054 1430 rursum

405 1469 563 1523 inter
591 1469 698 1522 has
726 1469 884 1539 ipsas
942 1469 1198 1522 charitas
1257 1473 1348 1522 est
1400 1466 1611 1537 major,
1665 1467 1948 1537 quoniam
1980 1465 2053 1519 ad

401 1558 670 1613 futurum
703 1574 938 1628 quoque
973 1562 1204 1628 tempus
1227 1556 1583 1611 extenditur.
1621 1555 1861 1618 «Fides,
1895 1571 2050 1625 spes,

404 1647 680 1702 charitas.
700 1668 726 1695 ››
759 1645 932 1700 Fides
954 1651 1013 1700 et
1033 1646 1294 1701 Charitas
1314 1662 1431 1700 non
1458 1645 1649 1698 solum
1674 1644 1734 1697 in
1776 1643 2051 1713 praesenti

405 1738 642 1804 saeculo,
667 1736 800 1791 aliis
823 1735 997 1789 donis
1028 1735 1422 1802 cessantibus,
1457 1738 1827 1804 permanent,
1850 1748 2052 1786 verum

405 1827 585 1881 etiam
607 1849 634 1875 «
661 1825 848 1880 multo
872 1825 1055 1896 magis
1081 1825 1140 1878 in
1159 1825 1377 1878 futuro.
1406 1845 1432 1870 »
1455 1823 1613 1876 Tunc
1637 1823 1798 1875 enim
1831 1820 2050 1876 sanctis

406 1933 540 1970 vere
572 1914 836 1985 pacificis
867 1919 925 1966 et
955 1931 1015 1967 se
1051 1919 1252 1967 mutuo
1283 1911 1618 1966 amantibus
1649 1910 1852 1964 omnia
1908 1925 2054 1980 pura

408 2010 585 2058 erunt
601 2009 657 2057 et
681 2020 715 2056 a
735 2002 1030 2056 seditione
1051 2002 1266 2057 aliena.
1294 2000 1578 2054 Similiter
1623 2005 1819 2054 autem
1854 2000 1966 2053 erit
1997 2005 2056 2053 et

408 2095 577 2150 ﬁdes.
603 2097 746 2148 Nam
771 2099 909 2148 tunc
929 2093 1148 2148 clarius
1169 2109 1237 2148 ac
1257 2091 1574 2164 perfectius
1596 2091 1876 2145 delectari
1913 2091 2047 2146 lice-

407 2183 495 2236 bit
519 2183 581 2236 in
632 2181 1134 2252 contemplatione
1194 2182 1324 2252 ejus
1380 2197 1558 2251 quem
1614 2179 2050 2235 desiderabant.

407 2272 582 2342 Spem
606 2287 742 2324 vero
767 2269 1036 2325 fortassis
1067 2269 1288 2324 diceret
1317 2269 1613 2340 quispiam
1667 2274 1804 2322 tunc
1861 2267 2054 2322 adhuc

405 2360 634 2423 abesse,
669 2363 874 2430 utpote
905 2358 1298 2430 prmsentibus
1319 2365 1460 2413 tunc
1491 2358 1669 2413 rebus
1699 2373 1829 2427 quae
1851 2373 2050 2428 spera-

405 2450 641 2514 bantur,
676 2465 783 2504 nec
817 2449 1102 2504 fraudatis
1129 2449 1222 2504 his
1255 2449 1355 2521 qui
1415 2452 1795 2520 speraverant
1827 2464 1839 2502 :
1896 2446 2050 2504 558

409 2538 774 2609 sempiterna
805 2544 894 2593 est
924 2538 1081 2593 enim
1114 2539 1410 2609 possessio
1441 2538 1728 2592 veritatis.

478 2630 606 2684 Alio
638 2629 817 2683 modo.
856 2651 883 2677 ‹‹
918 2628 1083 2683 Nunc
1143 2633 1342 2683 autem
1391 2633 1591 2682 manet
1649 2626 1814 2680 fides.
1881 2647 1907 2674 »
1941 2623 2053 2679 Sed

406 2734 526 2772 non
556 2717 658 2784 ita,
693 2717 886 2787 inquit
913 2734 926 2783 ;
967 2733 1105 2770 nam
1138 2715 1316 2770 dictio
1345 2738 1370 2763 ‹‹
1403 2716 1588 2783 Nunc,
1622 2737 1643 2762 ι
1680 2731 1800 2768 non
1832 2721 1920 2768 est
1942 2713 2052 2766 hoc

407 2804 538 2859 loco
572 2805 857 2874 temporis
889 2804 1295 2874 signiﬁcativa.
1329 2804 1454 2856 Non
1485 2818 1643 2873 ergo,
1703 2803 1804 2870 ait,
1851 2802 1931 2855 ita
1960 2801 2050 2854 vi-

407 2893 547 2947 dere
580 2899 668 2946 est
699 2892 769 2946 de
802 2891 917 2946 fide
949 2899 1006 2946 et
1038 2908 1139 2962 spe
1175 2907 1240 2946 ac
1297 2891 1604 2959 charitate,
1661 2889 2050 2961 quemadmo-

401 2980 542 3035 dum
563 2981 632 3036 de
660 2980 794 3036 aliis
819 2980 992 3035 donis
1018 2997 1031 3034 :
1059 2979 1355 3051 siquidem
1379 2980 1496 3036 alia
1514 2997 1645 3050 qua;
1695 2979 1872 3033 etiam
1903 2995 2052 3033 enu-

394 3076 620 3127 merata
640 3076 776 3126 sunt
798 3075 856 3124 et
907 3070 970 3124 in
1003 3069 1202 3124 futuro
1245 3069 1656 3137 abolebuntur,
1691 3067 1864 3124 nobis
1910 3073 2052 3122 tunc

397 3159 899 3216 succendentibus
931 3159 1023 3212 his
1055 3175 1185 3229 quas
1217 3159 1573 3230 perfectiora
1604 3164 1761 3226 sunt,
1784 3163 1844 3212 et
1867 3158 2046 3213 etiam

397 3249 458 3303 in
493 3250 770 3320 prassenti
803 3248 1082 3302 deficient
1113 3265 1178 3303 ac
1203 3248 1536 3315 cessabunt,
1561 3247 1762 3302 divino
1785 3247 1949 3302 cultu
1972 3246 2044 3302 ad

397 3355 606 3392 omnes
640 3338 955 3409 explanato
991 3353 1057 3390 ac
1088 3337 1355 3392 dilatato.
1393 3359 1420 3386 ››
1479 3339 1848 3408 Cognoscent
1885 3338 2044 3391 enim

397 3443 513 3492 me,
541 3427 756 3495 inquit,
791 3443 825 3480 a
854 3425 1074 3495 pusillo
1106 3441 1294 3495 usque
1322 3425 1395 3479 ad
1427 3441 1706 3496 magnum
1737 3425 1801 3478 ⁸³.
1839 3446 1866 3472 ››
1909 3424 2044 3479 Plu-

393 3515 548 3570 rima
578 3529 829 3583 namque
862 3513 1114 3567 aliorum
1146 3512 1440 3568 donorum
1473 3512 1609 3567 data
1641 3519 1797 3578 sunt,
1858 3519 1922 3566 ut
1971 3514 2045 3568 ad

390 3602 575 3656 fidem
608 3601 1156 3657 manuducerentur
1185 3606 1243 3655 et
1268 3601 1708 3656 adducerentur
1747 3601 2042 3667 homines,

384 3690 486 3746 ubi
517 3708 652 3747 vero
683 3690 921 3745 adducti
957 3691 1179 3748 fuerint
1205 3708 1273 3746 ac
1306 3690 1692 3758 crediderint,
1726 3697 1883 3746 certe
1915 3709 2041 3747 ces-

391 3783 626 3838 sabunt.
661 3784 732 3836 At
762 3799 881 3836 non
909 3799 977 3837 eo
1009 3783 1184 3838 modo
1229 3782 1395 3852 fides,
1457 3798 1590 3853 spes
1647 3788 1706 3837 et
1762 3783 2041 3838 charitas.

388 3874 534 3928 Nam
565 3873 655 3928 has
686 3888 792 3944 per
812 3877 996 3927 totam
1020 3873 1340 3928 humanam
1363 3872 1538 3927 vitam
1560 3873 1956 3928 extendentur
1976 3890 2044 3928 ac

391 3961 869 4032 permanebunt:
905 3967 962 4015 et
993 3966 1131 4015 tunc
1164 3961 1349 4033 magis
1380 3961 1710 4033 fulgebunt,
1743 3979 1877 4016 cum
1929 3979 2040 4016 caa-

389 4056 516 4106 tera
555 4050 886 4106 cessabunt.
915 4051 1073 4104 Tunc
1105 4050 1262 4106 enim
1305 4051 1490 4122 magis
1549 4050 2040 4120 dominabuntur,

387 4139 694 4209 magisque
725 4139 837 4193 erit
869 4154 1074 4192 eorum
1107 4155 1270 4205 usus,
1304 4155 1439 4192 cum
1499 4155 1706 4193 omnes
1760 4141 2040 4210 pietatem

385 4227 678 4282 coluerint
705 4242 772 4281 ac
804 4225 1165 4281 crediderint
1199 4243 1212 4283 :
1248 4242 1380 4280 nam
1417 4231 1555 4280 tunc
1588 4233 1644 4280 et
1676 4229 1801 4299 spei
1852 4229 2043 4300 major

392 4317 504 4370 erit
533 4333 676 4371 usus
707 4332 773 4370 ac
805 4315 1149 4386 sperabunt,
1187 4319 1245 4368 et
1273 4314 1610 4369 dilectionis
1642 4332 1709 4370 ac
1767 4315 2034 4387 diligent.

387 4407 775 4463 Cessantibus
808 4406 1005 4476 itaque
1035 4405 1262 4460 caateris
1291 4405 1617 4470 donis,haac
1640 4406 1826 4477 magis
1849 4406 2036 4476 fulge-

389 4496 556 4550 bunt.
593 4518 619 4545 α
651 4496 784 4550 Tria
812 4495 958 4549 haec.
997 4517 1024 4543 »
1084 4495 1401 4564 Propterea
1457 4493 1583 4546 haec
1638 4494 1755 4548 tria-
1808 4494 2038 4548 caeteris

2084 1845 2130 1909 B

2167 570 2435 642 πνεύματι
2523 568 2579 626 δὲ
2638 571 2798 626 λαλεῖ
2860 574 3152 646 μυστήρια.
3205 575 3268 631 Ὁ
3322 572 3380 629 δὲ
3429 579 3814 654 προφητεύων,

2165 658 2473 733 ἀνθρώποις
2560 658 2720 714 λαλεῖ
2799 660 2876 724 εἷς
2971 659 3279 736 οἰκοδομὴν

2164 749 2254 802 καὶ
2313 749 2677 823 παραμυθίαν.

2163 834 2395 908 κοδομεῖ
2425 883 2438 896 ,

2171 931 2278 998 μεῖ.

2239 1015 2482 1089 Είσὶμὲν
2528 1019 2615 1072 καὶ
2674 1017 2922 1092 γλῶσσαι
2981 1021 3070 1074 καὶ
3129 1028 3460 1098 προφητεῖαι
3529 1025 3626 1078 καί
3687 1028 3822 1098 γνώ-

2166 1126 2273 1166 σεις
2302 1111 2417 1177 νῦν,
2452 1107 2497 1162 εί
2527 1109 2617 1161 καὶ
2651 1105 2908 1182 ἀμυδραί·
2953 1107 3101 1164 ἀλλά
3157 1111 3216 1164 τὸ
3249 1110 3572 1184 εἰρημένον,
3636 1141 3657 1163 ι
3696 1118 3820 1168 Νυνῖ

2165 1191 2220 1248 δὲ
2255 1197 2421 1266 μὲνει,
2453 1221 2480 1247 ιο
2514 1199 2730 1268 νοήσεις
2759 1198 2821 1252 τὸ
2859 1198 2968 1252 οἷον
3004 1201 3376 1274 μονιμώτεραί
3409 1202 3518 1256 εἰσι
3554 1208 3671 1257 τῶν
3706 1202 3822 1259 λοι-

2163 1289 2279 1338 πῶν
2308 1287 2364 1338 αἱ
2411 1293 2558 1360 τρεῖς
2611 1289 2767 1342 αὗται
2820 1289 3024 1362 ἀρεταὶ,
3058 1288 3230 1363 ἤγουν
3285 1291 3349 1344 τά
3398 1291 3821 1366 χαρίσματα,ἠ

2163 1373 2368 1443 πίστις,
2401 1375 2490 1429 καὶ
2523 1375 2767 1444 ἡέλπὶς,
2821 1377 2912 1432 καὶ
2968 1379 3003 1446 ἡ
3062 1377 3269 1454 ἀγάπη,
3335 1381 3432 1433 Καὶ
3489 1382 3716 1436 τούτων
3777 1382 3829 1439 δί

2163 1461 2338 1516 αὐτῶν
2371 1462 2560 1532 πάλιν,
2593 1464 2840 1539 ἡάγάπη
2903 1466 3124 1538 μείζων,
3195 1465 3381 1538 ἐπειδή
3444 1471 3540 1524 καὶ
3604 1472 3683 1533 εἷς
3740 1475 3827 1528 τὸν

2166 1549 2445 1622 μέλλοντα
2475 1553 2670 1628 χρόνον
2699 1554 3120 1628 παρεκτείνεται.
3155 1580 3181 1606 ‹‹
3219 1555 3430 1628 Ιῐίστις,
3465 1557 3664 1631 ἐλπὶς,
3692 1561 3823 1637 ἀγάο

2161 1661 2262 1712 πη.
2298 1667 2324 1693 ››
2354 1643 2416 1699 Ἦ
2447 1643 2624 1704 πίστις
2675 1643 2765 1698 καὶ
2796 1647 2830 1713 ἡ
2861 1643 3066 1719 ἀγάπη,
3129 1644 3192 1699 ού
3266 1647 3429 1718 μόνον
3485 1647 3544 1702 ἐν
3609 1655 3692 1722 τῷ
3736 1657 3821 1706 νῦν

2160 1729 2448 1786 αἶῶνιτῶν
2480 1729 2668 1787 ἄλλων
2720 1735 3072 1808 χαρισμάτων
3132 1738 3456 1807 παυομένων
3524 1736 3817 1812 διαμενοῦ-

2160 1839 2264 1888 σιν,
2298 1818 2445 1874 ἀλλά
2474 1819 2678 1893 πολλῷ
2713 1820 2906 1890 πλέον,
2959 1824 3070 1890 καὶ,
3133 1848 3160 1875 ε(
3193 1825 3284 1881 Ἐν
3314 1830 3392 1897 τῷ
3455 1826 3756 1899 μέλλοντι.
3791 1856 3814 1881 ιο

2159 1912 2288 1962 Τὸτε
2309 1909 2413 1983 γάρ
2452 1910 2526 1972 ὡς
2581 1910 2805 1981 ἀληθῶς
2859 1933 2974 1973 τοις
3032 1912 3209 1987 ἁγίοις
3266 1915 3326 1968 τὸ
3379 1915 3674 1989 εἰρηνικὸν
3726 1921 3816 1973 καί

2161 1995 2540 2074 φιλάλληλαν,
2575 2000 2808 2075 καθαρὸν
2841 2001 2933 2054 καὶ
2989 2001 3359 2058 ἀστασίαστον.
3424 2005 3536 2060 Καὶ
3570 2009 3606 2075 ἡ
3643 2009 3816 2070 πίστις

2162 2083 2218 2140 δὲ
2244 2085 2477 2157 ὁμοίως.
2538 2089 2678 2144 Τότε
2735 2089 2838 2163 γάρ
2896 2088 3276 2165 λαμπρότερον
3332 2093 3425 2146 καὶ
3482 2093 3816 2171 τελεώτερον

2161 2171 2307 2230 ἔσται
2340 2174 2604 2254 ἐντρυφᾷν
2635 2181 2702 2250 τῇ
2740 2179 2938 2253 θεωρίᾳ
2999 2183 3093 2234 τοῦ
3151 2181 3526 2255 ποθουμένου.
3592 2187 3710 2254 Τῆν
3765 2185 3814 2240 δὲ

2161 2263 2358 2320 ἐλπίδα
2388 2265 2532 2321 εἶ’ποι
2563 2289 2645 2330 τις
2687 2269 2821 2330 ἳσως
2853 2265 2932 2324 ἔτι
2961 2271 3085 2325 τότε
3145 2277 3416 2346 παρεῖναι,
3448 2275 3529 2336 ὡς
3584 2282 3694 2331 τῶν
3726 2276 3812 2330 ἐλ-

2158 2353 2453 2410 πισθέντων
2509 2354 2618 2428 ἤδη
2679 2358 2987 2430 παρόντων,
3048 2360 3136 2414 καὶ
3202 2358 3372 2432 μηδὲν
3445 2360 3804 2437 διαψεύσασαν

2157 2442 2287 2504 τοὺς
2319 2442 2644 2512 ἡλπικόταςο
2677 2443 2852 2500 ἀίδιον
2887 2447 2984 2522 γὰρ
3012 2447 3072 2502 τὸ
3105 2455 3303 2526 χρῆμα
3359 2454 3461 2516 τῆς
3522 2451 3798 2522 ἀληθείας.

3312 710 3328 734 ,
3418 665 3772 739 παράκλησιν
3805 715 3817 737 ,

2762 751 2822 806 Ὁ
2916 751 3101 805 λαλῶν
3183 751 3427 826 γλώσσῃ,
3492 756 3692 810 ἑαυτὸν
3748 759 3820 812 οἱ·

2498 839 2558 894 Ὀ
2617 835 2674 893 δὶ
2723 841 3086 915 προφητεύων
3121 883 3134 906 ,
3195 840 3537 911 Ἐκκλησίαν
3604 843 3816 901 οἷκοδο-

2229 2637 2473 2700 Ἀλλως.
2516 2642 2694 2712 [ΤΟΥ
2738 2643 3014 2715 ΔΥΤΟΥ.]
3048 2668 3075 2694 ι(
3110 2643 3236 2697 Νυνὶ
3271 2642 3329 2699 δὲ
3363 2647 3508 2717 μένει
3537 2647 3726 2710 πίστις.
3759 2674 3781 2696 υ

2159 2725 2320 2781 Ἀλλ’
2350 2728 2460 2802 οὐχ
2496 2728 2692 2798 οὕτως,
2743 2731 2898 2807 φησί.
2961 2733 3038 2788 Τὸ
3087 2733 3211 2806 γὰρ,
3265 2758 3294 2784 ‹‹
3331 2739 3464 2803 Νῦν,
3505 2761 3525 2785 ι
3577 2736 3779 2798 ἐνταῦθα

2157 2817 2259 2872 οὐκ
2287 2815 2398 2872 ἔστι
2430 2817 2631 2895 χρόνου
2659 2816 2991 2890 δηλωτικόν.
3025 2823 3150 2896 Οὐχ
3210 2822 3384 2884 οὕτως
3446 2825 3556 2893 οὗν,
3611 2827 3766 2901 φησί-κ,

2158 2905 2245 2961 ἐπὶ
2286 2913 2384 2975 τῆς
2416 2909 2648 2970 πίστεως
2681 2903 2822 2964 ἔστιν
2857 2907 2986 2964 ἰδεῖν
3020 2911 3110 2964 καὶ
3149 2917 3248 2981 τῆς
3309 2910 3527 2976 ἐλπίδος
3567 2914 3646 2966 καί
3669 2916 3755 2980 τῆς

2157 2993 2388 3068 ἀγάπης,
2422 2995 2602 3070 ὥσπερ
2636 2995 2856 3052 ἐπὶτῶν
2906 2996 3092 3052 ἄλλῶν
3141 3002 3505 3074 χαρισμάτων.
3556 3001 3623 3055 Τὰ
3670 3000 3750 3070 μὶν

2156 3083 2260 3156 γὰρ
2290 3082 2455 3152 ἄλλα,
2489 3079 2623 3159 άπερ
2667 3086 2757 3138 καὶ
2815 3087 3261 3159 ἀπηριθμήσατο,
3293 3090 3386 3143 καὶ
3437 3089 3483 3143 ἐν
3541 3094 3610 3160 τῶ
3640 3087 3754 3160 μὲλ-

2158 3169 2591 3248 λοντιᾶργήσει,
2643 3179 2752 3228 τῶν
2811 3175 3146 3251 τελειοτέρον
3207 3179 3343 3250 ἡμῖν
3404 3175 3768 3253 ἐπιγινομένων

2155 3261 2298 3324 τότε,
2334 3258 2478 3314 ἀλλὰ
2507 3262 2594 3314 καὶ
2631 3260 2681 3315 ἐν
2711 3267 2790 3334 τῷ
2819 3263 3044 3337 παρόντι
3077 3262 3350 3339 ἐπιλείψει
3399 3268 3492 3320 καὶ
3547 3266 3778 3341 ἀργήσει,

2150 3355 2248 3418 τῆς
2279 3344 2550 3411 εὐσεϐείας
2583 3350 2657 3412 είς
2689 3351 2890 3413 πάντας
2941 3351 3370 3426 ἐξαπλουμὲνης.
3445 3379 3470 3409 ε
3498 3354 3782 3427 Εἰδήσουσι

2151 3439 2254 3511 γὰρ
2317 3459 2400 3511 με,
2459 3439 2646 3516 φησὶν,
2695 3439 2800 3494 ἀπὸ
2860 3445 3056 3515 μικροῦ
3108 3441 3215 3504 ἓως
3273 3443 3625 3520 μεγάλου.»
3688 3445 3783 3502 Καὶ

2150 3527 2253 3600 γὰρ
2308 3528 2373 3582 τὰ
2459 3527 2690 3583 πλεῖστα
2775 3533 2882 3584 τῶν
2944 3529 3131 3585 ἄλλων
3193 3535 3558 3610 χαρισμάτων
3618 3532 3794 3601 ἐδόθη,

2147 3613 2303 3668 ’ἑνεκα
2340 3621 2438 3669 τοῦ
2493 3623 2952 3694 χειραγωγεῖσθαι
3007 3619 3096 3673 καὶ
3155 3623 3519 3695 προσάγεσθαι
3573 3627 3646 3698 τῇ
3705 3623 3794 3678 πί·

2152 3705 2418 3768 στειτοῦς
2447 3705 2787 3780 ἀνθρώπους.
2836 3709 3252 3782 Ηροσαχθέντων
3313 3707 3368 3764 δὲ
3430 3711 3523 3765 καὶ
3581 3735 3801 3768 πιστευ-

2151 3793 2378 3860 σάντων,
2414 3790 2673 3864 δηλονότι
2704 3794 2986 3863 παύσεται,
3015 3795 3141 3851 ἀλλ’
3171 3797 3352 3853 οὐκέτι
3387 3800 3657 3862 ὡσαύτως
3711 3804 3796 3856 καὶ

2149 3882 2182 3948 ἡ
2215 3883 2397 3944 πίστις
2426 3883 2515 3936 καὶ
2547 3885 2580 3950 ἡ
2612 3881 2768 3944 ἐλπὶς
2800 3883 2889 3938 καὶ
2923 3886 2956 3952 ἡ
2989 3885 3192 3961 ἀγάπη.
3225 3887 3392 3942 Αὗται
3424 3888 3530 3961 γάρ
3564 3887 3638 3944 δι’
3661 3891 3796 3946 ὅλου

2147 3973 2242 4023 τοῦ
2301 3970 2641 4043 ἀνθρωπίνου
2689 3971 2809 4046 βίου
2876 3976 3349 4048 παραταθήσονται
3407 3979 3496 4031 καὶ
3549 3997 3801 4052 παραμεο

2145 4063 2324 4128 νοῦσι,
2360 4060 2449 4113 καὶ
2479 4060 2602 4114 τότε
2637 4058 2852 4133 μᾶλλον
2882 4060 3272 4136 ἐκλὲμψουσιν,
3304 4063 3394 4119 ὅτε
3423 4066 3492 4120 τά
3522 4065 3669 4122 ἅλλά
3700 4070 3797 4141 ἀρ-

2147 4150 2326 4222 γήσει.
2363 4150 2500 4205 Τότε
2530 4150 2632 4224 γὰρ
2666 4148 2878 4222 μᾶλλον
2911 4149 3291 4226 ἐπιγρατησει,
3347 4156 3436 4209 καὶ
3476 4154 3695 4228 μᾶλλον
3731 4155 3780 4211 δι

2145 4237 2319 4291 αὐτῶν
2351 4240 2384 4306 ἡ
2427 4238 2605 4315 χρεία,
2643 4240 2731 4293 ὅτε
2762 4260 2955 4300 παντες
3017 4235 3368 4311 εὐσεϐήσουσι
3426 4244 3517 4298 καὶ
3577 4246 3792 4302 πιστεύ-

2145 4347 2318 4382 σουσι.
2352 4327 2490 4382 Τότε
2521 4328 2623 4400 γάρ
2673 4326 2885 4398 μᾶλλον
2926 4330 3014 4384 καὶ
3063 4328 3288 4392 ἐλπίδος
3319 4331 3427 4386 ἐστὶ
3461 4334 3672 4407 χρείας,
3702 4333 3791 4390 καὶ

2145 4414 2419 4470 ἐλπιοῦσι·
2455 4415 2545 4470 καὶ
2575 4415 2815 4490 ἀγάπης,
2859 4419 2947 4472 καὶ
3007 4418 3382 4493 ἀγαπὲσουσιν.
3414 4423 3574 4478 Ὥστε
3629 4446 3798 4479 παυο-

2151 4503 2324 4576 μένων
2355 4509 2461 4558 τῶν
2492 4502 2678 4560 ἄλλων
2713 4507 3089 4581 χαρισμάτων,
3130 4506 3287 4564 αὗται
3323 4509 3536 4581 μᾶλλον
3584 4511 3791 4585 ἐκλάμ-

389 4584 873 4654 permanentiora
907 4589 1066 4648 sunt,
1099 4587 1301 4652 utpote
1333 4598 1504 4651 quam
1537 4581 1751 4653 linguas
1797 4589 1855 4636 et
1908 4598 2039 4653 pro-

2155 4566 2161 4576 .
2716 4566 2801 4581 η..
2885 4566 2896 4578 .
3073 4566 3088 4574 ι
3323 4566 3333 4581 .

2155 4595 2328 4666 ψοτσι.
2366 4620 2392 4644 ‹‹
2437 4593 2518 4650 Τὰ
2557 4595 2680 4668 τρία
2727 4599 2912 4650 ταῦτα.
2950 4620 2977 4648 ι)
3049 4597 3148 4651 Διά
3200 4601 3365 4653 τοῦτο
3425 4597 3482 4653 δὶ
3541 4602 3608 4656 τά
3675 4604 3790 4675 τρία

389 4673 591 4742 phetia
618 4689 685 4727 ac
715 4671 984 4738 scientia,
1030 4671 1311 4740 quoniam
1368 4670 1583 4725 diffusa
1641 4669 1755 4724 fide
1813 4671 2031 4742 ubique

387 4759 590 4814 otiosae
619 4765 760 4814 sunt
789 4760 1113 4830 prophetia:
1145 4765 1203 4813 et
1232 4759 1468 4829 linguai.
1503 4760 1654 4824 Quin
1687 4765 1745 4814 et
1782 4760 2031 4817 scientia

384 4866 516 4920 quae
549 4849 706 4920 apud
737 4849 1069 4903 Corinthios
1101 4855 1247 4914 erat,
1283 4850 1460 4904 finem
1510 4854 1825 4920 acceptura
1881 4857 2027 4922 erat,

381 4948 539 5003 facta
566 4945 874 5000 obscurior
908 4962 1085 5016 quam
1127 4946 1404 5018 cognitio,
1464 4962 1594 5016 quas
1655 4962 1758 5017 per
1813 4948 2028 5002 Christi

383 5037 634 5111 gratiam
657 5035 782 5106 jam
817 5035 879 5090 in
912 5035 1133 5090 mundo
1165 5042 1273 5090 est.
1306 5058 1333 5084 «
1396 5036 1711 5090 Sectemini
1765 5037 2028 5093 charita-

383 5135 526 5182 tem.
557 5147 583 5179 ι
619 5126 763 5182 Cum
798 5141 933 5197 ergo
964 5124 1110 5178 adeo
1143 5125 1397 5195 pretiosa
1445 5127 1739 5196 possessio
1793 5133 2033 5183 ostensa

383 5219 459 5275 sit
489 5236 616 5275 esse
649 5216 928 5284 Charitas,
962 5215 1268 5270 sectemini
1301 5231 1453 5271 eam.
1493 5213 1628 5271 Vide
1653 5222 1850 5271 autem
1873 5219 2031 5289 quod

380 5326 500 5365 non
529 5307 882 5380 simpliciter
909 5305 1126 5362 dixerit
1161 5322 1172 5360 :
1207 5325 1235 5354 «
1269 5305 1611 5376 Sequamini
1667 5312 1769 5364 aut
1833 5308 2032 5379 acqui-

378 5399 492 5454 rite
521 5400 736 5471 ipsam,
768 5420 795 5447 »
830 5397 934 5454 sed
965 5391 1212 5464 Sw’ixsu;
1245 5394 1304 5450 id
1363 5400 1473 5463 est,
1533 5397 1868 5466 sectemini,
1928 5402 2032 5453 aut

381 5501 592 5558 magno
624 5487 820 5542 studio
852 5485 1212 5558 sequamini,
1246 5483 1567 5540 ostendens
1598 5484 1788 5557 ipsam
1809 5485 2028 5560 fugisse

457 5680 504 5715 ⁴³
531 5683 744 5738 larem.
782 5699 937 5751 xm,
967 5685 1054 5736 34.

2141 4686 2310 4739 ταῦτα
2338 4689 2446 4738 τῶν
2478 4684 2686 4738 λοιπῶν
2719 4686 3091 4760 μονιμώτερα,
3125 4689 3246 4742 οἷον
3303 4695 3402 4758 τῆς
3458 4692 3790 4769 προφητείας

2138 4773 2225 4827 καὶ
2267 4777 2375 4827 τῶν
2409 4770 2674 4849 γλωσσῶν
2731 4773 2820 4828 καὶ
2871 4775 2969 4842 τῆς
3029 4776 3303 4848 γνώσεως,
3359 4775 3547 4848 ἐπειδὴ
3590 4781 3688 4848 τῆς
3712 4783 3790 4836 πί·

2140 4883 2306 4926 στεως
2337 4863 2619 4937 χυθείσης,
2645 4864 2826 4939 ἀργεῖν
2859 4858 3097 4936 ἔμελλον
3141 4862 3333 4920 λοιπὸν
3395 4867 3450 4920 αἱ
3479 4870 3618 4924 κατά
3650 4870 3786 4925 πλά-

2136 4972 2231 5013 τος
2263 4957 2589 5028 προφητεῖαι
2645 4952 2734 5006 καὶ
2788 4949 3057 5026 γλῶσσαι.
3096 4955 3200 5008 Καὶ
3232 4956 3265 5024 ἡ
3300 4955 3445 5030 παρά
3477 4959 3785 5032 Κορινθίοις

2139 5037 2195 5093 δὲ
2225 5045 2447 5115 γνῶσις,
2504 5038 2661 5102 τέλος
2714 5035 2943 5114 ἔμελλεν
2999 5039 3160 5112 ἕξειν,
3214 5041 3562 5120 ἀμυδροτέρα
3621 5048 3786 5120 ὑπάρ-

2139 5149 2316 5207 χουσα
2345 5135 2444 5198 τῆς
2477 5135 2568 5183 νῦν
2609 5129 2776 5198 οὔσης
2837 5132 3029 5210 χάριτι
3081 5137 3325 5205 Χριστοῦ
3357 5133 3409 5188 ὲν
3468 5139 3548 5206 τῷ
3600 5138 3786 5209 κόσμῳ

2138 5217 2416 5294 γνώσεως.
2452 5245 2478 5269 ‹‹
2514 5219 2744 5274 Διώκετε
2796 5221 2893 5288 τὴν
2951 5220 3186 5296 ἀγάπην.
3214 5247 3241 5274 »ι
3299 5223 3446 5278 Ἐπεί
3477 5223 3568 5278 οὖν
3623 5227 3792 5287 οὕτως

2143 5308 2280 5382 μέγα
2333 5310 2530 5384 χρῆμα
2617 5305 2916 5385 ἀπεδείχθη
2975 5311 3009 5380 ἠ
3073 5310 3281 5384 ἀγάπη,
3334 5309 3536 5368 δώκετε
3597 5315 3781 5383 αὑτήν.

2138 5397 2278 5470 Ὅρα
2337 5393 2417 5465 δὶ,
2473 5399 2574 5454 οὐκ
2632 5398 2810 5468 εἶπεν,
2853 5395 3237 5464 Ἀκολουθεῖτε
3293 5401 3454 5474 αὐτῇ,
3488 5401 3548 5470 ἢ,
3583 5403 3787 5472 Κτήσα-

2139 5506 2228 5540 στε
2338 5485 2528 5556 αὐτὴν,
2587 5484 2734 5543 ἀλλὰ
2768 5531 2782 5556 ,
2869 5487 3122 5561 Διώκετε,
3201 5488 3410 5551 δεικνὺς
3468 5491 3789 5566 πεφευγέναι
