4068 6254
309 350 433 407 841

1287 347 1693 409 COMMENT.
1742 344 1814 402 ΙΝ
1861 342 2107 401 EPIST.
2160 340 2177 397 Ι
2227 342 2327 398 Αἱ)
2373 339 2737 401 CORINTH.

3613 351 3732 409 842

312 481 475 550 ἡμᾶς
512 478 681 545 αὐτὴν
712 478 805 532 καὶ
845 471 925 531 ἔτι
965 478 1204 554 φεύγειν,
1257 478 1349 531 καὶ
1406 476 1622 532 πολλοῦ
1676 473 1785 529 δεῖν
1840 475 1979 544 ἡμῖν

2102 476 2291 537 nos,et
2314 472 2507 528 adhuc
2535 473 2759 546 fugere,
2787 475 3094 545 multoque
3128 493 3277 547 oqus
3311 495 3439 534 esse
3472 496 3650 536 cursu
3681 486 3750 537 ut

320 566 539 643 δρόμου
570 567 651 622 ἶνα
682 569 992 645 φθάσωμεν,
1023 573 1280 623 τοσοῦτον
1311 568 1698 646 ἀφεστηκυῖαν.
1732 562 1979 634 Ζηλοῦτε

321 656 381 711 δὲ
414 658 481 712 τὰ
513 657 870 729 πνευματικά,
903 660 1022 714 Ἵνα
1069 660 1143 731 μή
1194 659 1466 730 νομίσωσι
1526 654 1616 710 διὰ
1667 652 1829 710 τοῦτο
1887 652 1982 706 αύ-

324 748 422 801 τὸν
483 748 615 808 τοὺς
668 747 793 820 περὶ
848 746 1065 821 ἀγάπης
1124 745 1322 820 λόγους
1383 745 1657 821 εἰρηκέναι
1735 745 1810 806 ὼς
1884 736 1985 811 ἔξω

333 834 619 910 βάλλοντα
644 835 710 888 τὰ
755 834 1092 910 χαρίσματα,
1152 834 1364 911 ἐπάγει·
1428 858 1456 887 ι(
1512 832 1758 903 Ζηλοῦτε
1813 829 1870 885 δὲ
1919 831 1988 884 τά

310 923 679 997 πνευματικὰ,
733 949 752 974 ι
814 923 1085 995 τουτέστι,
1170 925 1239 978 τὰ
1296 923 1615 998 χαρίσματα
1670 921 1803 995 μετὰ
1888 925 1987 987 τῆς

316 1015 561 1089 ἀγάπης.
584 1046 650 1054 —
680 1015 898 1085 [ΦΩΤ.]
932 1013 1086 1069 Ἀντὶ
1109 1017 1229 1080 τοῦ,
1268 1010 1426 1083 Μηδὲ
1455 1010 1673 1067 ἐκείνων
1706 1007 1984 1083 ἀμελεῖτε.

322 1104 552 1171 Μείζων
590 1102 683 1172 μὲν
715 1101 816 1175 γὰρ
848 1103 883 1169 ἡ
915 1100 1121 1177 ἀγάπη,
1152 1103 1243 1155 καὶ
1303 1101 1504 1170 ταύτην
1566 1100 1679 1174 χρὴ
1741 1096 1983 1152 διώκειν.

324 1192 406 1248 Οὐ
442 1189 524 1245 δεῖ
563 1188 641 1259 δὲ,
685 1187 813 1244 οὐδὲ
850 1195 955 1243 τῶν
988 1189 1175 1245 ἃλλων
1205 1188 1431 1263 ἀμελεῖν
1475 1189 1856 1264 χαρισμάτων,
1894 1186 1985 1240 καὶ

329 1280 573 1352 μάλιστα
640 1285 737 1334 τοῦ
802 1279 927 1355 περὶ
1006 1280 1104 1347 τήν
1182 1278 1517 1354 προφητείαν
1624 1278 1985 1352 χαρίσματος.

332 1394 361 1421 ‹‹
393 1367 627 1425 Μᾶλλον
659 1368 716 1422 δὲ.
762 1368 851 1422 ἳνα
888 1368 1291 1447 προφητεύητε.
1332 1390 1355 1419 ν
1417 1367 1708 1443 Σύγκρισιν
1751 1369 1985 1419 ποιεῖται

327 1458 527 1513 λοιπὸν
561 1457 895 1534 προφητείας
924 1458 1011 1511 καὶ
1049 1455 1341 1532 γλωσσῶν,
1372 1458 1462 1511 καὶ
1523 1453 1785 1510 δείκνυσιν
1846 1453 1985 1530 ώφε-

329 1546 648 1620 λεμωτέραν
704 1547 803 1613 τὴν
864 1547 1201 1622 προφητείαν
1238 1540 1606 1600 καταϐάλλων
1665 1544 1761 1603 τὰς
1802 1541 1986 1616 γλώσ-

324 1657 453 1693 σας.
486 1636 587 1693 Καὶ
620 1637 720 1711 γὰρ
752 1633 959 1713 σφόδρα
1012 1637 1146 1704 ἦσαν
1193 1634 1494 1709 ἐπηρμένοι
1528 1631 1598 1687 δι’
1648 1632 1827 1700 αὐτᾶς,
1900 1629 1987 1685 διὰ

319 1726 412 1794 τὸ,
449 1730 671 1799 πρώτου
708 1724 873 1779 αὐτού
940 1725 1283 1800 χαρίσματος
1342 1725 1607 1792 ἠξιῶσθαι
1664 1722 1792 1782 τοὺς
1850 1721 1987 1774 ἀπο⁹

327 1812 593 1882 στόλους,
669 1838 698 1865 ‹‹
770 1815 831 1871 Ὀ
885 1814 987 1889 γάρ
1056 1812 1243 1868 λαλῶν
1311 1813 1557 1889 γλώσσῃ.
1604 1836 1632 1862 ››
1683 1808 2068 1901 ἘνῌτούτῳΒ

319 1902 590 1971 δείκνυσι,
624 1905 701 1974 μή
730 1898 786 1955 ὅν
822 1900 1029 1979 σφόδρα
1079 1902 1142 1957 τὸ
1193 1906 1301 1956 τῶν
1362 1901 1629 1977 γλωσσῶν
1682 1898 1982 1977 ὠφέλιμον.

324 1989 541 2051 Οὐδένα
593 1991 721 2065 γὰρ,
783 1991 937 2063 φησὶ,
988 1995 1095 2044 τῶν
1152 1990 1458 2045 ἀκουόντων
1520 1985 1826 2061 οἰκοδομεῖ.
1895 1989 1986 2059 Τῷ

321 2080 429 2153 γὰρ
466 2082 583 2149 Θεῷ
616 2074 801 2148 λαλεῖ,
833 2078 932 2131 οὐκ
960 2076 1295 2150 ἀνθρώποιςο
1355 2075 1469 2131 ἐπεὶ
1532 2073 1723 2147 μηδεὶς
1780 2078 1896 2129 νοεῖ
1921 2074 1987 2128 τὰ

321 2167 624 2241 λεγόμενα,
656 2170 816 2219 τοῦτο
849 2163 1019 2241 λέγει,
1058 2190 1078 2216 ι
1116 2162 1306 2226 Ούδεῖς
1359 2166 1463 2240 γάρ
1504 2164 1711 2220 ἀκούει.
1772 2188 1800 2214 ››
1855 2163 1989 2218 Εἶτα

313 2255 416 2310 ’ἕνα
452 2258 529 2328 μή
564 2252 848 2314 παντελῶς
909 2255 1224 2328 ἀχρήστους
1293 2252 1490 2314 αὐτοὺς
1551 2251 1721 2326 δείξῃ,
1781 2250 1985 2327 ἐπάγει·

321 2369 350 2397 α
388 2345 664 2418 Πνεύματι
707 2340 765 2397 δὲ
796 2340 957 2397 λαλεῖ
991 2345 1319 2416 μυστήρια.»
1350 2340 1663 2411 Τουτέστιν,
1705 2342 1739 2409 ἢ
1771 2338 1989 2413 τῷἷδίῳ

327 2432 631 2505 Πνεύματι,
664 2433 782 2486 οἷον
815 2434 882 2503 τῇ
916 2428 1026 2501 ἰδίᾳ
1060 2434 1215 2505 ψυχῇ
1274 2427 1749 2505 προσδιαλέγεται’
1809 2426 1845 2498 ἤ
1906 2430 1989 2483 ὅτι

330 2521 384 2576 ἐν
417 2520 692 2594 Πνεύματι
725 2520 887 2595 ἁγίῳ,
917 2521 1035 2574 οἷον
1070 2517 1158 2573 διά
1208 2519 1519 2591 Πνεύματος
1580 2518 1740 2593 ἀγίου
1807 2516 1987 2590 λαλεῖ,

329 2610 496 2667 Ἀλλ’
531 2610 577 2664 εὶ
604 2609 773 2665 καὶέν
844 2608 1120 2681 Ηνεύματι
1178 2606 1361 2677 λαλεῖ,
1422 2606 1648 2664 ἔλαττόν
1709 2606 1819 2662 ἐστι
1887 2613 1989 2677 τῆς

342 2699 699 2776 προφητείας,
752 2700 863 2770 ὅσῳ
928 2699 1019 2752 καὶ
1079 2700 1112 2767 ἡ
1176 2696 1415 2775 ὠφέλεια
1497 2699 1760 2767 ἤττων.‹‹
1821 2698 1881 2754 '0
1935 2693 1993 2750 δὶ

352 2786 724 2865 προφητεύων.
762 2812 789 2839 ›ι
822 2787 957 2844 Ἀπὸ
987 2792 1083 2840 τοῦ
1112 2790 1267 2860 κοινῇ
1329 2788 1698 2865 συμφέροντος
1757 2784 1990 2841 δείκνυσι

342 2877 449 2943 τὴν
537 2878 860 2954 προφητείαν
919 2875 1219 2950 κρείττονα,
1280 2876 1420 2939 Τοὺς
1491 2876 1593 2952 γάρ
1646 2877 1990 2951 ἀνθρώπους,

328 2964 525 3042 φησὶν,
556 2963 860 3039 οἰκοδομεῖ,
915 2966 1005 3020 καὶ
1053 2965 1360 3040 παρακαλεῖ
1398 2964 1484 3019 ἐπὶ
1524 2968 1624 3035 τήν
1667 2965 1871 3034 πίστιν,
1900 2965 1992 3019 καὶ

328 3060 734 3127 παραμυθεῖται
797 3054 885 3109 ἐπὶ
943 3060 1062 3115 τοῖς
1123 3054 1401 3128 ἐσομένοις
1462 3061 1807 3129 πειρασμοῖς.
1850 3078 1878 3105 ‹‹
1932 3054 1992 3109 Ὀ

335 3140 531 3198 λαλῶν
554 3142 781 3219 γλώσσῃ
814 3144 1000 3199 ἑαυτὸν
1032 3141 1339 3217 οἰκοδομεῖ.
1373 3167 1399 3194 n
1434 3143 1562 3218 Περὶ
1628 3147 1736 3198 τῶν
1768 3140 1991 3196 εἰδότων

337 3233 435 3302 μὲν
468 3230 646 3286 αύτῶν
688 3231 723 3286 ἅ
780 3230 1064 3305 λαλοῦσιν,
1126 3234 1229 3287 οὐκ
1286 3229 1481 3286 εἶδότω
1538 3229 1595 3286 δὲ

336 3326 607 3393 μηνεῦσαι
667 3318 997 3395 διαλέγεται.
1061 3345 1088 3374 «
1133 3323 1193 3378 Ὁ
1246 3318 1303 3375 δὲ
1360 3321 1741 3399 προφητεύων,
1804 3320 1989 3396 φησὶν,

331 3408 653 3479 Εκκλησίαν
687 3407 996 3483 οἰκοδομεῖ.
1036 3436 1057 3460 ι
1089 3412 1255 3467 ’Όσον
1311 3410 1402 3464 οὖν
1459 3410 1523 3464 τὸ
1559 3407 1720 3483 μέσον
1772 3413 1869 3463 τοῦ
1898 3406 1990 3463 ἕνα

327 3499 689 3578 ὠφελεῖσθαι,
719 3499 809 3553 καὶ
847 3504 966 3570 τοῦ,
1006 3499 1353 3569 Ἐκκλησίαν,
1385 3503 1645 3553 τοσοῦτον
1705 3498 1766 3552 τὸ
1828 3496 1987 3571 μέσον

324 3586 598 3662 γλωσσῶν
626 3589 717 3642 καὶ
747 3588 1101 3666 προφητείας.

406 3676 561 3733 Θέλω
630 3674 688 3731 δὲ
744 3678 948 3739 πάντας
1007 3677 1147 3749 ὑμᾶς
1230 3675 1418 3732 λαλεῖν
1501 3675 1801 3751 γλώσσαις,
1855 3673 1991 3747 μᾶλ-

342 3767 445 3823 λον
507 3765 564 3820 δὲ
615 3764 703 3820 ⁹ίνα
760 3766 1163 3843 προφητεύητε.
1248 3765 1456 3835 Μείζων
1539 3765 1644 3840 γὰρ
1688 3765 1715 3818 ὁ
1771 3783 1990 3838 προφη-

329 3858 504 3912 τεύων
564 3859 599 3928 ἢ
663 3859 690 3911 ὁ
751 3856 935 3911 λαλῶν
998 3856 1299 3932 γλώσσαις,
1359 3855 1513 3917 ἐκτὸς
1573 3854 1619 3909 εἷ
1711 3856 1785 3927 μή
1844 3851 1988 3927 διερ-

330 3946 568 4020 μηνεύῃ,
622 3944 712 4000 ’ίνα
773 3948 807 4015 ἡ
869 3943 1175 4014 Ἐκκλησία
1231 3942 1535 4016 οἰκοδομὴν
1621 3938 1787 4017 λάϐῃ.
1854 3940 1983 3998 Νυνὶ

333 4033 416 4102 δέ,
474 4033 724 4112 ἀδελφοὶ,
780 4034 867 4088 ἐὰν
933 4032 1079 4089 ἔλθω
1137 4034 1271 4105 πρὸς
1331 4034 1469 4105 ὑμᾶς
1555 4031 1831 4108 γλώσσαις
1897 4030 1990 4085 λα-

335 4122 478 4193 λῶν,
510 4121 563 4177 τί
606 4122 743 4194 ὑμᾶς
803 4119 1098 4197 ὠφελήσω,
1155 4120 1240 4174 ἐὰν
1304 4122 1380 4193 μὴ
1443 4120 1569 4192 ὑμῖν
1639 4117 1892 4189 λαλήσω,
1951 4118 1987 4186 ἢ

334 4214 392 4267 ἐν
453 4210 817 4282 ἀποκαλύψει,
877 4211 912 4280 ἢ
971 4210 1024 4264 ἐν
1076 4211 1290 4285 γνώσει,
1352 4210 1386 4279 ἢ
1464 4208 1515 4264 ἐν
1576 4208 1897 4285 προφητείᾳ,
1951 4206 1987 4277 ἣ

333 4300 389 4355 ἐν
426 4297 633 4378 διδαχῇ
682 4318 695 4367 ;
748 4300 899 4371 ὅμως
970 4300 1037 4354 τὰ
1094 4294 1281 4373 ἄψυχα
1337 4299 1522 4375 φωνὴν
1576 4294 1815 4364 διδόντα,
1883 4296 1989 4351 εἶ’τε

331 4388 525 4456 αύλὸς,
586 4386 690 4443 εἷ’τε
759 4388 979 4463 κιθάρα,
1064 4387 1151 4441 ἐὰν
1238 4384 1533 4456 διαστολὴν
1619 4391 1738 4449 τοῖς
1819 4386 1988 4462 φθόγ-

328 4497 452 4552 γοις
488 4477 565 4549 μὴ
598 4474 675 4547 δῴ
702 4480 817 4537 πῶς
874 4476 1244 4550 γνωσθήσεται
1302 4474 1363 4529 τὸ
1420 4471 1779 4546 αὐλούμενον,
1836 4473 1868 4541 ἢ
1926 4474 1989 4528 τὸ

330 4566 757 4639 κιθαριζόμενον
802 4584 817 4633 ;

411 4656 550 4709 Εἶτα
580 4652 767 4721 ἐπειδή
827 4651 1032 4707 πολλοὶ
1098 4658 1222 4727 παρ’
1281 4652 1465 4713 αὐτοῖς
1522 4651 1799 4726 γλώσσαις
1868 4650 1996 4706 ἐλάο

338 4742 505 4809 λουν,
560 4740 652 4796 ’ίνα
724 4742 799 4815 μὴ
850 4742 1085 4815 νομισθῇ
1140 4741 1277 4795 κατά
1331 4741 1522 4818 φθόνον
1581 4739 1999 4814 ἀποσμικρύνειν

335 4832 438 4893 τὰς
468 4831 745 4905 γλώσσας,
781 4832 938 4905 φησί’
974 4854 1003 4882 ‹‹
1039 4828 1193 4885 Θέλω
1223 4826 1279 4884 δὲ
1331 4828 1533 4891 πάντας
1560 4828 1836 4903 γλώσσαις
1898 4828 1999 4885 λα-

341 4919 485 4984 λεῖν,
519 4943 547 4972 η
584 4921 697 4993 οὐχ
726 4918 816 4974 ἕνα
845 4916 881 4987 ἤ
916 4916 1034 4989 δύο,
1070 4942 1097 4969 ‹‹
1132 4917 1287 4987 Πλὴν
1327 4916 1540 4991 μᾶλλον
1586 4918 1725 4990 ὑμᾶς
1782 4940 1997 4998 προφη-

343 5010 519 5063 τεύειν
564 5009 863 5082 βούλομαι.
928 5034 951 5062 ι
1016 5004 1239 5075 Ἐπειδή
1303 5008 1557 5080 μείζωνὸ
1613 5006 1994 5081 προφητεύων,

342 5094 437 5150 διὰ
462 5096 524 5149 τὸ
553 5095 679 5157 τοὺς
714 5095 970 5155 πλείονας
1012 5093 1261 5172 ὠφελεῖν.
1298 5117 1326 5145 ‹‹
1360 5094 1550 5157 Ἐκτὸς
1580 5092 1627 5148 εἷ’
1664 5094 1740 5167 μὴ
1774 5091 1999 5168 διερμηο

338 5184 497 5257 νεύῃ.
535 5207 563 5234 n
608 5181 829 5252 Ἐπειδὴ
901 5184 1211 5259 ἀπεφήνατο
1270 5183 1489 5255 μείζονα
1544 5182 1634 5236 τὸν
1683 5185 1996 5259 προφήτην,

340 5275 553 5348 ἐπάγει’
596 5295 620 5326 ιι
654 5272 841 5336 Ἐκτὸς
873 5271 918 5327 εἰ
954 5274 1029 5344 μή
1060 5270 1415 5346 διερμηνεύῃ.
1449 5294 1479 5323 ››
1511 5272 1994 5344 Τουτέστι,μείζων

342 5364 371 5416 ὁ
405 5363 719 5439 προφήτης,
762 5362 916 5423 ἐκτὸς
945 5360 1148 5416 ἐκείνου
1179 5366 1279 5415 τοῦ
1309 5361 1400 5414 καὶ
1446 5358 1724 5435 γλώσσαις
1751 5358 1994 5414 λαλοῦν-

339 5472 437 5513 τος
471 5449 1049 5526 καὶδιερμηνεύοντος
1118 5450 1151 5505 ἄ
1210 5450 1374 5526 λέγει.
1436 5450 1497 5506 Ὀ
1560 5449 1660 5525 γὰρ
1726 5453 1997 5518 τοιοῦτος,

337 5542 462 5602 ἲσος
494 5538 610 5595 ἐστὶ
639 5545 718 5612 τῷ
765 5541 1045 5618 προφήτῃ.
1100 5538 1343 5613 Ὁμοίως
1394 5538 1499 5613 γὰρ
1545 5538 1606 5593 τὸ
1661 5540 1839 5594 κοινὸν
1896 5547 1996 5609 τῆς

336 5628 675 5699 Ἐκκλησίας
702 5627 926 5707 ὠφελεῖ.
962 5652 989 5681 ‹‹
1042 5628 1177 5687 Νυνὶ
1245 5625 1324 5696 δὶ,
1382 5624 1633 5703 ἀδελφοὶ,
1703 5628 1791 5681 ἐὰν
1852 5627 1997 5692 ἔλθω

618 5751 881 5815 ΡΑτιιοι.
927 5753 1041 5810 GR.
1090 5749 1348 5811 CXVIII.

2093 562 2609 633 apprehendamus
2643 580 2773 617 eam
2812 582 2945 635 quaa
2977 565 3126 620 adeo
3172 567 3374 622 distat.
3411 591 3438 615 ‹‹
3488 572 3746 627 Ᾱῖωιιὶειο

2094 652 2242 706 mini
2270 657 2469 707 autem
2505 652 2864 723 spiritualia.
2900 676 2925 702 ››
2960 656 3038 709 Ne
3063 658 3407 713 existiment
3436 676 3571 714 eum
3604 678 3747 731 pro-

2095 746 2301 811 pterea
2331 741 2403 795 de
2463 742 2749 796 charitate
2780 742 2992 797 fecisse
3055 760 3413 809 sermonem,
3473 754 3539 801 ut
3590 748 3747 804 dona

2093 829 2251 883 foras
2285 829 2623 901 projiceret,
2658 830 2963 903 subjungit
2996 849 3008 886 :
3045 855 3071 881 ‹‹
3105 834 3483 889 Ᾰῐηιιιιρῐιιὶῃί
3546 844 3743 892 autem

2097 918 2448 989 spiritualia,
2485 941 2511 968 »
2543 920 2654 974 hoc
2685 925 2794 986 est,
2828 921 2984 977 dona
3015 938 3149 977 cum
3182 924 3310 994 ipsa
3336 926 3642 981 charitate.
3673 959 3743 967 ——-

2098 1008 2217 1062 Hoc
2248 1013 2357 1073 est,
2393 1024 2586 1078 neque
2621 1008 2723 1063 illa
2753 1010 3051 1082 negligite.
3087 1013 3390 1083 Siquidem
3423 1016 3614 1085 major
3656 1021 3747 1070 est

2098 1096 2380 1161 charitas,
2413 1103 2472 1151 et
2500 1098 2653 1151 hanc
2699 1104 2929 1168 oportet
2958 1102 3204 1155 omnino
3239 1104 3472 1164 sectari.
3508 1122 3626 1159 non
3664 1111 3745 1160 ta-

2098 1202 2237 1240 men
2268 1187 2361 1240 vel
2412 1186 2528 1241 alia
2559 1186 2714 1242 dona
2744 1188 3041 1260 negligere
3099 1197 3347 1261 oportet,
3386 1197 3442 1246 et
3489 1195 3746 1249 maxime

2097 1275 2423 1345 prophetiaa
2484 1274 2727 1331 donum.
2762 1278 2919 1333 554
2950 1300 2977 1326 «
3038 1279 3214 1350 Magis
3271 1284 3469 1335 tamen
3518 1287 3581 1335 ut
3610 1300 3744 1353 pro-

2096 1364 2405 1435 phetetis.»
2439 1365 2827 1419 Collationem
2851 1365 3130 1436 deinceps
3160 1366 3302 1422 facit
3331 1370 3655 1441 prophetia;
3689 1376 3748 1426 et

2097 1452 2454 1525 linguarum,
2483 1460 2539 1507 et
2568 1454 2827 1508 ostendit
2853 1454 3155 1510 utiliorem
3188 1473 3314 1511 esse
3346 1460 3743 1528 prophetiam,

2099 1540 2441 1612 deprimens
2471 1541 2724 1613 linguas,
2758 1558 2895 1597 nam
2930 1550 3172 1615 propter
3201 1546 3333 1600 illas
3365 1548 3746 1603 vehementer

2098 1630 2235 1686 elati
2270 1637 2534 1697 erant,eo
2568 1631 2723 1701 quod
2754 1633 3014 1703 primum
3047 1633 3191 1688 illud
3227 1635 3447 1690 donum
3482 1638 3747 1709 accepis-

2100 1726 2231 1774 sent
2261 1721 2535 1791 apostoli.
2569 1744 2598 1769 ‹‹
2658 1724 2799 1776 Nam
2832 1723 2931 1793 qui
2992 1722 3258 1793 loquitur
3306 1725 3527 1797 lingua.
3564 1749 3591 1775 ››
3638 1728 3750 1781 Per

2100 1810 2211 1864 hoc
2234 1810 2495 1864 ostendit
2524 1810 2681 1879 quod
2712 1827 2831 1865 non
2865 1812 2939 1865 sit
2967 1828 3179 1884 magna
3212 1813 3547 1885 linguarum
3579 1817 3745 1869 utili-

2103 1905 2191 1953 tas
2224 1915 2236 1954 :
2272 1899 2566 1970 siquidem
2596 1900 2827 1955 nullum
2861 1901 3233 1957 audientium
3266 1904 3520 1959 aediﬁcat
3554 1921 3566 1958 :
3629 1907 3746 1960 Deo

2098 1988 2259 2043 enim
2292 1988 2553 2058 loquitur
2604 2005 2727 2043 non
2786 1989 3131 2045 hominibus
3166 2009 3179 2045 :
3214 1993 3495 2062 quoniam
3549 1994 3746 2048 nullas

2098 2077 2375 2147 intelligit
2405 2094 2536 2147 quas
2581 2076 2882 2143 dicuntur,
2943 2085 3001 2133 et
3031 2080 3142 2135 hoc
3170 2087 3260 2135 est
3292 2081 3447 2152 quod
3507 2082 3742 2137 subdit:

2097 2188 2125 2213 «
2158 2164 2365 2219 Nullus
2395 2165 2557 2219 enim
2588 2165 2774 2219 audit.
2806 2189 2831 2215 »
2870 2167 3090 2223 Deinde
3123 2185 3196 2224 ne
3229 2171 3471 2225 omnino
3502 2170 3744 2225 inutiles

2098 2271 2198 2308 eos
2229 2253 2523 2320 ostendat,
2586 2254 2928 2327 subjungit;
2993 2279 3013 2304 α
3051 2257 3271 2327 Spiritu
3295 2275 3428 2313 vero
3482 2259 3746 2329 loquitur

2098 2343 2398 2412 mysteria.
2436 2365 2462 2390 »
2497 2343 2615 2397 Hoc
2646 2344 2853 2410 est,vel
2885 2362 2991 2399 suo
3026 2346 3236 2416 spiritu
3270 2354 3553 2419 tanquam
3585 2348 3741 2419 apud

2098 2432 2405 2502 proprium
2437 2432 2703 2487 animum
2738 2434 3192 2499 sermocinatur,
3226 2437 3316 2491 vel
3358 2437 3579 2507 Spiritu
3612 2455 3747 2493 san-

2099 2525 2213 2591 cto,
2246 2521 2358 2575 hoc
2389 2525 2499 2584 est,
2530 2538 2637 2591 per
2667 2521 2950 2591 Spiritum
2982 2528 3252 2578 sanctum
3287 2525 3569 2595 loquitur.
3632 2527 3744 2582 Sed

2100 2625 2442 2679 quanquam
2466 2625 2571 2680 per
2603 2609 2884 2681 Spiritum
2912 2611 3378 2682 loquatur,tanto
3404 2615 3604 2669 minus
3636 2614 3739 2669 do-

2100 2715 2243 2753 num
2276 2703 2364 2752 est
2389 2714 2567 2769 quam
2598 2700 2931 2770 prophetia,
2964 2707 3183 2771 quanto
3217 2703 3413 2757 minor
3446 2709 3535 2758 est
3580 2704 3743 2758 utili-

2102 2792 2210 2843 tas.
2247 2809 2274 2836 ‹‹
2306 2787 2413 2852 Qui
2443 2792 2642 2842 autem
2674 2789 3007 2859 prophetat.
3046 2813 3066 2837 ι
3103 2793 3174 2845 At
3217 2793 3519 2847 communi
3579 2792 3742 2847 utili-

2101 2882 2217 2930 tate
2275 2877 2533 2931 ostendit
2592 2878 2901 2932 meliorem
2962 2895 3092 2934 esse
3151 2882 3546 2951 prophetiam.
3598 2884 3740 2936 Nam

2100 2966 2965 3036 homines,inquit,mdiﬁcat,et
2994 2967 3067 3022 ad
3100 2969 3278 3024 fidem
3311 2970 3745 3037 adhortatur,et

2101 3060 2342 3126 propter
2357 3054 2586 3109 futuras
2609 3054 2963 3111 afﬂictiones
2986 3058 3388 3112 consolatur.«
3422 3061 3528 3124 Qui
3552 3060 3742 3131 loqui-

2102 3150 2199 3198 tur
2220 3143 2419 3214 lingua
2430 3143 2689 3214 seipsum
2713 3143 2978 3199 aediﬁcat.
2992 3167 3019 3193 ››
3038 3146 3117 3199 De
3132 3146 3222 3199 his
3236 3147 3502 3218 loquitur
3521 3150 3621 3218 qui
3637 3165 3741 3203 no-

1652 3230 1857 3306 ὲτέροις
1914 3229 1993 3303 ἐρ·-
2022 3200 2066 3267 C
2104 3238 2311 3287 verunt
2325 3232 2564 3302 quidem
2592 3248 2659 3286 ea
2682 3249 2811 3302 quae
2836 3232 3293 3303 loquuntur,sed
3308 3236 3440 3291 aliis
3462 3237 3749 3309 interpre-

2101 3321 2209 3375 tari
2229 3338 2346 3375 non
2361 3327 2635 3375 norunt.«
2652 3322 2757 3386 Qui
2773 3338 2908 3376 vero
2925 3324 3589 3394 prophetat,Ecclesiam
3609 3326 3745 3381 mdi-

2101 3410 2597 3474 iicat.»Quantum
2615 3427 2750 3482 ergo
2764 3411 3087 3467 discrimen
3116 3418 3205 3467 est
3223 3414 3350 3485 ejus
3365 3415 3522 3485 quod
3539 3420 3625 3470 est
3641 3417 3746 3470 uni

2098 3499 2307 3553 aﬂ‘erre
2325 3498 2746 3566 utilitatem,ab
2780 3517 2847 3553 eo
2872 3500 3032 3570 quod
3056 3508 3145 3556 est
3166 3503 3443 3558 Ecclesiae
3468 3504 3633 3560 illam
3656 3505 3741 3560 af-

2098 3588 2519 3655 ferre,tantum
2541 3588 2864 3644 discrimen
2884 3590 3325 3663 estlinguarum
3348 3610 3381 3648 a
3401 3595 3737 3665 prophetia.

2170 3678 2316 3741 XIV,
2357 3681 2466 3732 5-7.
2497 3700 2524 3726 «
2562 3677 2702 3731 Volo
2727 3683 2927 3733 autem
2951 3696 3158 3735 omnes
3189 3698 3289 3735 vos
3310 3682 3473 3753 loqui
3504 3683 3744 3753 linguis,

2100 3788 2125 3815 ‹‹
2161 3766 2346 3839 magis
2379 3771 2576 3820 tamen
2606 3772 2671 3819 ut
2701 3767 3085 3837 prophetetis.
3124 3771 3266 3823 Nam
3292 3770 3487 3840 major
3517 3776 3606 3825 est
3636 3772 3738 3840 qui

2099 3875 2127 3903 ι(
2161 3854 2474 3925 prophetat
2506 3868 2683 3923 quam
2715 3853 2814 3923 qui
2846 3853 3113 3924 loquitur
3142 3856 3383 3927 linguis,
3418 3856 3532 3910 nisi
3564 3858 3740 3911 inter-

2100 3966 2125 3990 ‹‹
2160 3947 2519 4014 pretetur,ut
2539 3942 2801 3997 Ecclesia
2820 3944 3278 4000 (edificationem
3303 3946 3747 4017 accipiat.Nunc

2101 4054 2126 4078 ‹‹
2164 4031 2627 4097 autem,fratres,
2660 4031 2709 4084 si
2741 4048 2954 4087 venero
2986 4033 3058 4087 ad
3086 4050 3184 4088 vos
3212 4033 3431 4105 linguis
3464 4034 3738 4106 loquens,

2098 4142 2125 4169 «
2160 4120 2303 4190 quid
2328 4120 2491 4174 vobis
2510 4119 2760 4190 prodero
2787 4136 2799 4172 :
2834 4120 2947 4174 nisi
2979 4122 3141 4176 vobis
3166 4122 3375 4193 loquar
3404 4129 3507 4178 aut
3528 4141 3632 4195 per
3653 4141 3745 4178 re-

2099 4232 2126 4257 ‹‹
2158 4208 2639 4277 velationem,aut
2653 4225 2757 4279 per
2770 4209 3214 4279 scientiam,aut
3233 4228 3335 4282 per
3348 4214 3746 4285 prophetiam,

2098 4321 2125 4349 ‹‹
2159 4304 2259 4353 aut
2280 4316 2384 4370 per
2404 4298 2778 4353 doctrinam?
2804 4299 2955 4363 Quin
2981 4306 3038 4353 et
3060 4300 3323 4355 inanima
3358 4319 3571 4356 sonum
3605 4302 3742 4356 red-

2100 4408 2127 4435 ‹‹
2160 4387 2506 4454 dentia,sive
2539 4388 2703 4453 tibia,
2736 4388 2854 4442 sive
2886 4389 3260 4451 cithara,nisi
3296 4390 3743 4445 distinctionem

2104 4496 2131 4528 ι
2155 4476 2318 4530 sonis
2358 4474 2648 4541 dederint,
2675 4476 2971 4546 quomodo
3002 4483 3389 4549 cognoscctur
3407 4478 3568 4549 quod
3601 4478 3745 4534 tibia

2026 4554 2069 4619 D
2098 4586 2125 4613 ‹‹
2163 4565 2397 4620 canitur
2428 4570 2528 4619 aut
2557 4564 2829 4620 cithara?
2868 4588 2887 4613 ι

2181 4654 2403 4708 Deinde
2436 4654 2575 4724 quia
2607 4654 2778 4708 multi
2799 4655 2955 4725 apud
2988 4656 3150 4726 ipsos
3177 4656 3394 4728 linguis
3426 4656 3754 4727 loqueban-

2108 4748 2225 4809 tur,
2258 4759 2331 4797 ne
2391 4742 2764 4797 existimetur
2794 4743 3013 4798 invidia
3070 4746 3433 4815 parvifacere
3491 4746 3750 4819 linguas,

2108 4831 2191 4886 ait
2225 4847 2236 4884 :
2270 4854 2297 4880 «
2334 4831 2474 4884 Volo
2542 4838 2743 4886 autem
2773 4849 2979 4887 omnes
3036 4833 3196 4905 loqui
3252 4835 3470 4909 linguis
3492 4876 3507 4903 ,
3542 4858 3569 4886 »
3629 4853 3751 4892 non

2106 4935 2294 4973 unum
2326 4923 2428 4973 aut
2458 4918 2667 4986 duos,«
2699 4921 2801 4974 sed
2834 4921 3020 4993 magis
3048 4940 3144 4977 vos
3168 4925 3526 4996 prophetare
3559 4924 3754 4991 volo,«

2107 5007 2259 5064 555
2292 5008 2575 5079 quoniam
2612 5008 2807 5079 major
2837 5014 2929 5064 est
2958 5011 3008 5063 is
3040 5012 3139 5081 qui
3165 5015 3579 5084 prophetat,eo
3600 5012 3759 5083 quod

2106 5096 2315 5150 aﬂ‘erat
2353 5095 2670 5150 utilitatem
2728 5097 2954 5152 multis.
2988 5122 3015 5149 ‹‹
3071 5100 3192 5153 Nisi
3250 5102 3692 5171 interpretetur.
3730 5122 3758 5149 ››

2106 5186 2395 5250 Quoniam
2429 5186 2687 5240 ostendit
2718 5187 3007 5257 majorem
3040 5206 3168 5243 csse
3202 5191 3576 5261 prophetam,
3607 5189 3753 5243 sub-

2098 5274 2298 5345 jungit
2330 5290 2342 5326 :
2379 5296 2406 5322 ‹‹
2441 5274 2558 5328 Nisi
2596 5275 3021 5347 interpretetur
3048 5295 3061 5345 ;
3099 5300 3126 5327 ››
3158 5279 3269 5333 hoc
3304 5285 3412 5345 est,
3444 5278 3637 5349 major
3665 5282 3757 5333 est

2106 5362 2535 5433 propheta,nisi
2570 5363 2670 5416 ille
2702 5369 2760 5416 et
2782 5363 3001 5435 linguis
3024 5366 3302 5436 loquatur
3323 5366 3750 5438 etinterprete-

2108 5457 2203 5504 tur
2233 5468 2363 5522 quas
2396 5450 2539 5505 dicit
2573 5468 2584 5504 :
2616 5468 2755 5506 nam
2802 5453 2932 5507 talis
2985 5454 3229 5525 aequalis
3279 5460 3370 5511 est
3423 5456 3749 5528 prophetas.

2110 5543 2396 5599 Similiter
2425 5544 2587 5599 enim
2619 5561 2999 5601 communem
3030 5548 3203 5603 aﬂ‘ert
3229 5547 3506 5605 Ecclesia
3527 5550 3754 5606 utilita-

2108 5638 2247 5688 tem.
2282 5652 2309 5685 α
2338 5634 2505 5689 Nunc
2558 5637 2779 5701 autem,
2822 5634 3054 5702 fratres,
3114 5636 3161 5691 si
3193 5628 3407 5695 venero
3436 5638 3509 5695 ad
3567 5657 3689 5696 vos.
3724 5660 3753 5687 »

3390 5760 3468 5820 27
