4068 6254
220 394 361 466 816

1181 400 1594 471 COMMENT.
1641 408 1718 469 IN
1765 404 2014 469 EPIST.
2065 406 2087 467 Ι
2134 406 2235 467 AD
2278 403 2646 467 COlllNTH.

3528 404 3647 467 846

221 513 440 589 ἐπάγει·
478 510 670 577 Οὕτως
713 513 804 569 καὶ
840 514 1016 586 ὑμεῖς,
1051 516 1097 570 εἰ
1132 516 1207 587 μή
1262 518 1405 593 σαφῆ
1444 517 1531 571 καὶ
1589 513 1886 586 νοούμενον

2025 514 2371 572 ntellectum
2401 513 2731 584 loquamini
2765 527 3123 575 sermonem,
3185 512 3372 581 eritis,
3426 513 3642 584 inquit,

227 604 427 673 εῗπητε
486 602 677 679 λόγον,
732 599 933 671 ἕσεσθε,
993 606 1181 683 φησὶν,
1239 606 1314 667 εἰς
1376 605 1507 681 ἀέρα
1567 603 1884 671 λαλοῦντες,

226 695 541 760 τουτέστιν,
590 692 708 760 εἰκῆ
777 693 866 747 καὶ
929 693 1103 765 μάτην
1159 695 1249 749 καὶ
1304 694 1618 770 ἀνωφελῶς.
1683 691 1781 747 Καὶ
1840 692 1887 746 εὶ

231 780 514 857 ἀνωφελές
547 780 658 836 ἑστι
707 782 771 835 τὸ
801 785 909 836 τῶν
945 780 1211 856 γλωσσῶν
1244 781 1387 839 διατί
1422 782 1473 837 ἐν
1533 780 1667 837 εἷ’δει
1724 801 1886 856 χαρι-

234 891 444 945 σματος
474 870 670 933 ταύτας
716 866 1029 944 ἐλάμϐανον
1064 891 1079 939 ;
1111 874 1228 930 Ἵνα
1266 873 1294 926 ὁ
1326 865 1470 947 ἔχων
1529 872 1617 926 καὶ
1674 869 1890 936 Mitti»,

234 959 524 1039 ὠφελῆται
559 958 742 1032 μόνος.
778 959 840 1015 Εἰ
875 957 929 1014 δὲ
963 959 1161 1033 μὲλλοι
1191 961 1278 1015 καὶ
1314 962 1517 1035 ἑτὲροις
1561 959 1698 1014 εἶναι
1746 960 1887 1033 χρή.

236 1071 423 1122 σιμος,
456 1048 746 1123 ἑρμηνείας
796 1052 977 1128 χρεία,
1038 1050 1103 1119 ἢν
1164 1044 1475 1121 ἐλάμϐανον
1545 1050 1597 1102 οἱ
1674 1048 1887 1121 μᾶλλον

235 1137 654 1213 κεκαθαρμένο..
689 1138 839 1194 Κατὰ
864 1139 963 1206 τὴν
1005 1138 1301 1215 ἀναλογίαν
1358 1138 1457 1213 γὰρ
1513 1145 1615 1207 τῆς
1660 1137 1893 1199 πίστεως

234 1229 329 1284 καὶ
386 1230 485 1296 τῆς
539 1227 849 1301 καθάρσεως
885 1270 899 1296 ,
954 1225 1197 1285 ἐδίδοντο
1253 1227 1343 1282 καὶ
1402 1226 1469 1281 τὰ
1554 1226 1889 1301 χαρίσματα.

243 1342 263 1368 ι
300 1320 571 1386 Τοσαῦτα,
594 1316 639 1371 εἰ
667 1315 854 1390 τύχοι,
876 1316 1001 1390 γένη
1025 1323 1242 1395 φωνῶν.
1270 1342 1293 1372 ι
1322 1320 1589 1382 Τοσαῦτα,
1620 1314 1891 1383 τουτέστι,

236 1405 449 1475 πολλὰ,
480 1405 845 1483 φησὶ,καθὼς
876 1399 1065 1480 ἔτυχεν
1134 1402 1261 1460 ὄντα
1316 1404 1446 1479 γένη
1506 1407 1695 1481 φωνῶν
1748 1397 1891 1457 ἕστίν

241 1496 510 1571 ἐμψύχων
567 1515 626 1551 τε
691 1495 782 1550 καὶ
844 1494 1101 1570 ἀψύχων,
1160 1498 1299 1567 οἷον,
1353 1495 1677 1569 ἀνθγώπων,
1738 1494 1892 1562 ζώων

237 1590 483 1655 πτηνῶν.
530 1583 633 1641 Καὶ
682 1581 914 1658 ἀψύχων
977 1584 1240 1661 ὀργάνων,
1300 1585 1418 1638 οἷον
1476 1580 1645 1656 λύρας
1705 1600 1895 1654 μουσι-

236 1680 367 1744 κῆς,
404 1672 636 1743 ναύλης,
666 1672 757 1727 καὶ
801 1671 1017 1748 ἑτέρων.
1076 1670 1234 1730 Ἀλλ’
1256 1670 1380 1727 οὐδὲ
1408 1672 1461 1741 ἐξ
1491 1672 1606 1732 ἑνὸς
1660 1670 1895 1742 τούτων,

238 1765 408 1843 φησὶν
450 1762 765 1841 ὠφεληθείη
797 1782 903 1829 τις,
954 1762 1001 1817 εἶ
1062 1763 1137 1836 μὴ
1200 1759 1368 1831 εἰδείη
1401 1762 1499 1828 τὴν
1530 1757 1759 1832 δύναμιν
1796 1764 1897 1826 τῆς

240 1860 455 1932 φωνῆς.
490 1855 797 1927 Τοιγαροῦν
851 1849 976 1906 οὐδὲ
1007 1849 1066 1905 ἐκ
1137 1855 1243 1905 τῶν
1306 1849 1577 1923 ὑμετέρων
1632 1846 1899 1923 γλωσσῶν

242 1942 491 2020 ὠφελειά
517 1962 600 2002 τις
633 1941 707 2002 εἷς
748 1938 954 2001 ἄλλους
987 1935 1327 2010 διαϐήσεται,
1356 1939 1403 1993 εἰ
1438 1939 1514 2011 μὴ
1568 1934 1735 2006 εἰδείη
1793 1936 1894 2003 τὴν

244 2030 480 2103 δύναμιν
511 2035 608 2085 τοῦ
643 2026 1011 2101 λαλουμένου.
1041 2031 1231 2085 Ἔσται
1287 2026 1344 2083 δὶ
1371 2033 1558 2095 τοῦτο,
1610 2024 1699 2081 ἐὰν
1756 2021 1895 2098 διερσ

246 2122 495 2195 μηνεύῃς
528 2119 713 2175 λαλῶν
745 2118 1045 2191 γλώσσαις.
1098 2118 1472 2193 Διερμηνεύσῃ
1508 2114 1586 2185 δὲ,
1617 2115 1662 2171 εἰ
1702 2113 1891 2170 πλεῖον

243 2208 498 2280 ἄληπτον
539 2206 659 2283 βίον
687 2207 776 2261 καὶ
808 2206 988 2262 πίστιν
1015 2208 1222 2281 θερμὴν
1255 2204 1652 2279 πεπυρωμένην
1692 2206 1890 2277 κτήσῃ.

244 2300 562 2373 ...[ΦΩΤ.]
591 2298 687 2365 Τὸ,
734 2321 762 2348 ‹‹
813 2301 1059 2351 Τοσαῦτα
1097 2294 1228 2372 γένη
1261 2300 1477 2376 φωνῶν.
1522 2318 1549 2346 ››
1604 2294 1693 2349 καὶ
1749 2295 1894 2365 ἑξῆς,

247 2387 428 2463 δῖχῶς
458 2384 598 2451 ἔστι,
634 2386 730 2441 Καὶ
760 2384 967 2440 τούτῶν
994 2391 1102 2439 τῶν
1150 2388 1317 2459 γενῶν
1370 2381 1521 2439 οὐδέν
1551 2383 1692 2439 ὂστιν
1747 2380 1894 2457 ἄφω-

245 2498 366 2543 νον,
452 2470 719 2531 ἰκλαϐεῖψ
818 2473 853 2544 ἢ
937 2472 1021 2530 δτι
1101 2472 1289 2529 πολλά
1345 2472 1456 2529 ἐστι
1501 2473 1626 2549 γένη
1686 2475 1897 2550 φωνῶν,

248 2566 379 2623 ἀλλ’
415 2562 639 2639 οὐδεμία
665 2569 782 2626 τοῖς
816 2563 1138 2638 ὁμογενέσιν
1170 2563 1346 2618 αὐτῶν
1378 2562 1520 2618 ἇστιν
1548 2561 1761 2635 ἄσημος
1808 2562 1898 2615 καὶ

256 2657 318 2711 ἄν
327 2654 483 2729 επίγν
492 2672 672 2717 ωστος.

334 2931 412 2986 Τό
443 2929 541 3004 γὰρ
572 2927 802 3009 ἄφωνον,
832 2931 901 2985 τὰ
930 2928 1026 2986 δύο
1070 2929 1182 2988 ἔστι
1239 2938 1508 3005 σημαῖνον
1565 2931 1758 3006 εὑρεῖν,
1811 2929 1901 2984 καὶ

254 3023 314 3076 τὸ
348 3018 630 3083 παντελῶς
659 3020 897 3097 ἄφωνον,
928 3021 1017 3076 καὶ
1056 3022 1117 3076 τὸ
1165 3022 1377 3097 ἄσημον
1415 3020 1579 3095 μόνον
1607 3022 1696 3077 καὶ
1754 3017 1904 3075 ἀδιάα

251 3126 517 3187 γνωστον.
552 3110 617 3166 Εἰ
668 3112 760 3184 μὲν
821 3111 937 3179 οὖν,
998 3111 1072 3173 ὼς
1121 3111 1465 3186 προείρηται,
1526 3104 1900 3184 ἐκληψόμεθα,

251 3200 337 3269 εἴη
371 3199 436 3254 av
467 3202 718 3261 τοιοῦτος
748 3200 777 3253 ὁ
808 3198 1174 3262 ἁποστολιιιὸς
1199 3206 1347 3262 νοῦς’
1382 3199 1578 3256 Πολλά
1616 3197 1725 3254 ἐστι
1769 3197 1897 3275 γὲνη

250 3294 472 3365 φωνῶν,
504 3289 594 3343 καὶ
637 3290 846 3343 τούτων
890 3295 996 3344 τῶν
1038 3294 1226 3365 γενῶν,
1261 3288 1414 3344 οὐδέν
1470 3290 1611 3345 ἐστιν
1669 3286 1899 3365 ἄφωνον.
1933 3265 1976 3333 c

249 3377 437 3435 Ἀλλὰ
464 3378 516 3433 τί
548 3376 901 3453 κερδαίνομεν
930 3382 1094 3453 ἡμεῖς
1136 3379 1194 3434 ἐκ
1244 3384 1350 3435 τῶν
1410 3384 1602 3457 φωνῶν
1662 3378 1902 3448 ἐκείνων,

258 3465 430 3540 μηδὲν
460 3467 639 3522 αὐτῶν
692 3467 955 3531 συνιέντες
990 3488 1003 3537 ;
1062 3470 1190 3525 Ἐὰν
1220 3472 1323 3545 γὰρ
1358 3471 1433 3543 μὴ
1466 3466 1595 3523 εἰδῶ
1624 3468 1676 3523 τί
1700 3469 1907 3540 σημαία

254 3578 332 3612 νει
364 3559 400 3627 ἡ
443 3559 622 3634 φωνὴ,
685 3554 877 3630 ἔσομαι
912 3557 1018 3633 ἐγώ
1048 3576 1107 3613 τε
1136 3556 1347 3631 ἐκείνῳ,
1396 3559 1483 3613 καὶ
1544 3559 1744 3619 ἐκεῖνος
1784 3557 1907 3630 ἐμοὶ

258 3642 559 3721 βάρϐαρος.
595 3642 771 3715 Είὸὶ,
828 3647 903 3707 ὡς
959 3644 1182 3721 ὕστερον
1238 3646 1468 3722 ἐρρήθη,
1529 3646 1906 3721 ἐκληψόμεθα,

257 3734 349 3789 καὶ
383 3736 410 3789 ὁ
433 3738 558 3795 νοῦς
585 3738 858 3797 τοιοῦτος·
896 3734 1090 3790 Πολλὰ
1112 3733 1244 3812 γένη
1279 3736 1387 3791 ἐστὶ
1419 3741 1613 3814 φωνῶν
1642 3734 1694 3791 ἰν
1717 3737 1909 3809 κόσμῳ

258 3822 353 3879 καὶ
382 3820 535 3878 οὖόὶν
591 3822 799 3878 τούτων
852 3824 962 3879 ἐστὶ
1016 3830 1130 3887 τοῖς
1188 3825 1504 3899 ὁμογενὲσιν
1559 3821 1772 3898 ἄσημον
1819 3824 1907 3879 καὶ

258 3913 682 3988 ἀνεπίγνωστον.
727 3918 849 3977 Πῶς
905 3910 996 3968 οὖν
1060 3915 1215 3987 ὑμεῖς
1276 3911 1351 3976 είς
1406 3914 1533 3988 ἀέρα
1589 3913 1907 3983 λαλοῦντες,

261 4002 355 4057 καὶ
388 4003 575 4075 ἀσημα
607 4008 723 4063 τοῖς
775 3999 1061 4075 ὸμογενὲσι
1122 4002 1500 4078 φθεγγόμενοι,
1561 4005 1635 4066 ὡς
1693 4002 1827 4077 μέγα
1857 4018 1909 4057 τι

261 4094 689 4167 κατωρθωκότες
776 4093 1107 4167 lampadis;
1187 4091 1317 4151 ἀλλ’
1377 4092 1513 4169 οὐχὶ
1585 4091 1912 4163 σπουδάζετε

266 4182 482 4257 μᾶλλον
510 4186 599 4238 καὶ
631 4182 1000 4258 ἐπιμελεῖσθε,
1032 4184 1125 4239 ’ίνα
1175 4185 1265 4240 καὶ
1321 4187 1383 4241 τὸ
1415 4178 1784 4262 διερμήνεύειν
1814 4185 1910 4245 τὰς

260 4274 520 4349 γλώσσας
570 4268 997 4345 προσλαϐόντες,
1032 4272 1108 4336 είς
1157 4278 1345 4345 κοινὴν
1405 4275 1670 4353 ὠφὲλειαν
1699 4275 1912 4350 χρήση-

266 4366 360 4418 σθε
388 4368 470 4435 τῷ
498 4364 855 4439 χαρίσματις
906 4364 967 4422 Ὁ
1026 4364 1133 4440 γὰρ
1176 4361 1243 4433 δὴ
1298 4363 1461 4439 μόνον
1504 4364 1780 4441 γλώσσαις
1814 4362 1916 4419 λα·-

264 4452 403 4521 λῶν,
453 4453 673 4524 ἀσήμου
730 4453 821 4507 καὶ
880 4453 1282 4528 ἀνεπιγνώστου
1358 4461 1457 4523 τῆς
1508 4460 1693 4530 φωνῆς
1748 4456 1913 4527 ὕπαρ·

266 4541 482 4617 χοῦσης
539 4545 619 4613 τῷ
675 4541 940 4614 ἀκροατῆ,
981 4541 1225 4597 ἀντὶτοῦ
1264 4540 1517 4619 ὠφελεῖν,
1566 4537 1714 4597 ἔσται
1770 4542 1915 4615 αὐτῷ

2000 603 2059 659 in
2118 620 2257 660 aera
2323 603 2656 673 loquentes.
2712 602 2821 657 hoc
2895 605 3004 668 est,
3082 601 3299 657 frustra
3371 608 3430 657 et
3500 620 3645 659 vane

1994 706 2062 748 ac
2120 694 2247 748 sine
2306 692 2581 747 utilitate.
2642 692 2820 762 Atqui
2880 691 2927 745 si
2986 690 3154 747 nulla
3220 697 3345 747 erat
3412 693 3644 761 lingua-

1995 799 2128 839 rum
2156 783 2407 849 utilitas,
2431 798 2614 852 quare
2649 782 2756 837 has
2780 782 2840 836 in
2867 780 3060 836 forma
3079 781 3218 836 doni
3251 782 3647 853 accipiebant.

1996 873 2068 927 Ut
2096 870 2197 942 qui
2229 888 2328 927 eas
2349 870 2606 926 habebat
2634 870 2825 940 iisque
2847 870 3223 941 loquebatur,
3248 872 3409 926 solus
3433 873 3651 928 utilita-

1999 968 2115 1015 tem
2148 961 2462 1031 acciperet.
2496 960 2660 1024 Quod
2695 960 2742 1014 si
2777 966 2836 1015 et
2864 960 2998 1016 aliis
3047 959 3280 1017 iuturus
3312 965 3439 1016 erat
3464 961 3648 1025 utilis,

1997 1066 2145 1119 opus
2177 1054 2304 1104 erat
2362 1048 2849 1119 interpretatione
2901 1065 3078 1119 quam
3128 1048 3499 1119 accipiebant
3548 1049 3647 1119 qui

1997 1138 2184 1209 magis
2216 1137 2509 1208 purificati
2537 1144 2708 1192 erant
2734 1138 2878 1192 Nam
2901 1138 3074 1208 juxta
3104 1136 3239 1192 iidei
3273 1153 3340 1191 ac
3372 1138 3648 1209 puriﬁca-

2001 1226 2182 1279 tionis
2204 1226 2670 1297 proportionem,
2699 1225 2994 1281 dabantur
3013 1231 3073 1281 et
3092 1226 3414 1281 dona.Tam
3440 1226 3648 1294 multa,

2001 1315 2049 1369 si
2081 1330 2175 1369 res
2196 1314 2369 1377 ferat,
2402 1331 2621 1386 genere
2661 1331 2947 1371 sonorum
2969 1318 3224 1382 τοσαῦτα,
3258 1315 3317 1370 id
3351 1321 3461 1378 est,
3517 1315 3648 1387 plu-

1999 1404 2172 1469 rima,
2209 1404 2361 1458 sicut
2391 1403 2628 1469 accidit,
2671 1410 2813 1459 sunt
2838 1420 3056 1476 genera
3088 1420 3392 1471 sonorum,
3417 1406 3650 1461 anima-

2004 1498 2195 1547 torum
2229 1498 2286 1546 et
2316 1492 2783 1548 inanimatorum
2818 1511 2831 1548 :
2868 1500 3009 1564 puta
3038 1495 3370 1563 hominum,
3422 1494 3651 1552 bellua-

2000 1598 2153 1651 rum,
2186 1581 2490 1636 volucrum
2520 1598 2531 1634 :
2568 1588 2626 1637 et
2653 1583 3054 1638 inanimarum
3086 1584 3646 1653 instrumentorum,

2001 1685 2215 1741 nempe
2248 1671 2388 1741 lyrae
2416 1672 2742 1737 musicalie,
2775 1673 2967 1728 naulm
2995 1688 3061 1728 ac
3093 1674 3584 1730 cmterorumﬁed
3617 1691 3652 1730 a

2002 1761 2190 1829 nullo,
2225 1761 2440 1831 inquit,
2492 1762 2704 1818 horum
2739 1762 2919 1817 refert
2948 1763 3246 1835 quispiam
3303 1765 3648 1831 utilitatem,

2006 1850 2120 1904 nisi
2152 1850 2267 1905 vim
2316 1850 2449 1905 soni
2498 1857 2833 1920 cognoscat.
2858 1854 3063 1922 Itaque
3110 1869 3303 1923 neque
3332 1870 3397 1908 ex
3434 1854 3655 1926 linguis

2000 1939 2210 1993 vestris
2258 1938 2384 1994 ulla
2436 1940 2716 1995 transibit
2772 1941 2846 1995 ad
2897 1941 3045 1996 alios
3104 1943 3353 2004 utilitas.
3386 1943 3501 1997 nisi
3534 1942 3651 1998 vim

2005 2033 2321 2101 cognoscat
2378 2029 2506 2099 ejus
2565 2029 2723 2099 quod
2776 2029 3012 2086 dicitur.
3049 2032 3171 2085 Erit
3217 2038 3416 2087 autem
3460 2032 3571 2087 hoc
3602 2033 3652 2087 si

2005 2118 2453 2189 interpreteris;
2514 2119 3003 2190 interpretaberis
3053 2127 3251 2176 autem
3300 2122 3349 2177 si
3394 2122 3650 2194 amplius

2005 2207 2370 2262 nanciscaris
2392 2208 2570 2263 vitam
2593 2208 2971 2280 inculpatum,
2998 2210 3297 2282 iidemque
3329 2211 3650 2266 ferventem

2008 2301 2066 2351 et
2094 2296 2362 2367 ignitam.
2394 2324 2467 2337 -—-
2490 2296 2656 2361 Quod
2685 2299 2770 2353 ait
2800 2316 2813 2353 :
2840 2322 2867 2348 ››
2902 2301 3040 2354 Tam
3074 2301 3260 2355 multa
3304 2314 3523 2373 genera
3553 2315 3653 2356 vo-

2008 2400 2195 2441 cum»
2236 2384 2355 2439 sive
2405 2407 2433 2435 ι(
2488 2401 2851 2452 sonorum,»
2911 2394 3046 2452 etc..
3098 2390 3417 2460 dupliciter
3463 2391 3649 2462 accipi

2007 2478 2222 2546 potest.
2282 2477 2399 2529 Aut
2455 2475 2612 2545 quod
2668 2476 2858 2531 multa
2910 2483 3050 2532 sunt
3088 2492 3304 2550 genera
3333 2494 3562 2536 vocum.
3593 2484 3654 2535 et

2008 2562 2243 2618 nullum
2273 2562 2486 2617 horum
2516 2578 2802 2635 generum
2861 2571 2951 2621 est
3007 2567 3308 2639 aphonum
3366 2574 3468 2623 aut
3524 2568 3651 2623 sine

2010 2668 2149 2708 voce
2183 2669 2196 2720 ;
2230 2653 2317 2708 vel
2350 2653 2506 2723 quod
2538 2655 2727 2711 multa
2752 2657 2901 2712 5157
2939 2663 3080 2712 sunt
3106 2668 3323 2729 genere
3352 2662 3656 2723 vocam,et

2010 2743 2179 2799 nulla
2210 2741 2420 2798 borum
2445 2742 2695 2800 obscura
2726 2750 2817 2800 est
2856 2750 2957 2801 aut
3006 2746 3208 2819 ignota
3238 2746 3331 2801 his
3362 2747 3463 2818 qui
3495 2747 3657 2819 ejus-

2012 2832 2146 2887 dem
2180 2832 2337 2887 inter
2368 2848 2428 2888 se
2462 2839 2600 2889 sunt
2626 2835 2882 2907 generis.

2084 2930 2226 2983 Nam
2258 2926 2472 3005 ἄφωνον
2523 2930 2639 2986 duo
2686 2932 2811 2987 hinc
2861 2932 3192 3005 signiﬁcare
3236 2933 3554 2998 invenitur,
3600 2938 3659 2989 et

2012 3016 2170 3089 quod
2219 3018 2539 3074 obscurum
2573 3024 2803 3075 tantum
2835 3028 2927 3075 est
2951 3027 3007 3075 et
3039 3023 3422 3094 incognitum.
3452 3023 3657 3094 Itaque

2013 3107 2062 3162 si
2089 3112 2153 3162 ut
2180 3108 2346 3178 prius
2386 3109 2607 3164 dictum
2639 3116 2749 3173 est,
2789 3112 3283 3180 intellexerimus,
3337 3112 3468 3167 talis
3528 3127 3657 3167 esse

2011 3197 2228 3268 poterit
2276 3213 2488 3252 sensus
2539 3199 2843 3271 Apostoli:
2898 3201 3085 3256 multa
3134 3207 3271 3256 sunt
3314 3216 3532 3274 genera
3558 3216 3657 3256 vo-

2014 3302 2170 3355 cum,
2196 3293 2258 3342 et
2287 3288 2515 3344 nullum
2542 3289 2754 3346 horum
2776 3306 3056 3364 generum
3083 3292 3383 3365 aphonum
3413 3298 3501 3347 est
3525 3290 3657 3348 :sed

2017 3378 2317 3449 quodnam
2348 3377 2518 3435 nobis
2549 3381 2780 3437 lucrum
2813 3399 2847 3437 a
2884 3382 3122 3438 vocibus
3172 3382 3289 3438 illis
3334 3384 3659 3456 proveniet,

2018 3469 2065 3521 si
2095 3468 2242 3525 nihil
2285 3469 2500 3526 horum
2532 3471 2935 3545 intelligamus
2965 3473 2993 3528 ?
3017 3474 3162 3530 Nam
3196 3472 3244 3529 si
3277 3490 3398 3530 non
3442 3491 3659 3547 cogno-

2018 3570 2155 3615 Vero
2188 3558 2328 3632 quid
2359 3574 2463 3616 vox
2496 3561 2805 3637 signiticet,
2833 3578 2933 3620 ero
2967 3571 3026 3620 et
3057 3581 3159 3638 ego
3192 3565 3279 3620 illi
3316 3573 3371 3621 et
3393 3564 3488 3621 ille
3515 3565 3660 3621 mihi

2019 3650 2323 3707 barbarus.
2360 3649 2415 3705 Si
2442 3664 2577 3708 vero
2608 3659 2675 3709 ut
2704 3656 2999 3726 posterius
3031 3654 3254 3711 dictum
3287 3662 3395 3718 est.
3429 3670 3664 3726 accepe-

2019 3740 2227 3805 rimus,
2279 3740 2413 3796 talis
2459 3740 2637 3797 etiam
2674 3743 2785 3799 erit
2832 3742 3188 3800 intellectus.
3224 3745 3404 3799 Multa
3445 3754 3665 3815 genera

2020 3846 2222 3885 vocum
2250 3835 2388 3885 sunt
2417 3831 2478 3884 in
2506 3829 2751 3890 miindo.
2778 3837 2834 3886 et
2857 3831 3089 3887 nullum
3114 3834 3324 3887 horum
3347 3832 3663 3887 obscumm

2021 3925 2109 3974 est
2138 3925 2239 3973 aut
2268 3918 2633 3989 incognitum
2666 3920 2758 3973 bis
2791 3916 2889 3990 qui
2923 3921 3191 3990 ejusdem
3226 3922 3381 3975 inter
3413 3939 3473 3975 se
3529 3925 3667 3977 sunt

2021 4004 2273 4080 generis,
2304 4006 2600 4076 quomodo
2652 4022 2788 4080 ergo
2835 4025 2931 4063 vos
2963 4009 3024 4062 in
3060 4026 3198 4065 aera
3239 4009 3572 4080 loquentes,
3609 4015 3666 4065 et

2024 4099 2219 4170 ignota
2249 4095 2340 4150 his
2374 4096 2472 4165 qui
2506 4092 2683 4150 vestri
2717 4103 2857 4151 sunt
2885 4098 3116 4171 generis
3147 4098 3666 4170 sonantes,cristas

2024 4183 2267 4258 erigitis,
2302 4201 2369 4241 ac
2401 4187 2449 4240 si
2472 4198 2747 4258 magnum
2782 4185 3003 4257 aliquid
3025 4189 3401 4263 peregissetis
3420 4188 3448 4243 ?
3471 4196 3526 4245 et
3547 4200 3668 4247 nOn

2025 4276 2210 4347 magis
2242 4274 2491 4330 studetis
2524 4280 2625 4331 aut
2662 4274 2904 4346 curatis,
2938 4282 3022 4343 ut,
3056 4281 3297 4349 accepta
3332 4279 3669 4351 linguarum

2027 4361 2538 4436 interpretatione,
2588 4360 2661 4419 ad
2713 4380 3085 4421 communem
3138 4365 3456 4421 utilitatem
3514 4362 3669 4422 dono

2026 4452 2330 4508 utamini?
2364 4455 2502 4508 Nam
2539 4454 2638 4524 qui
2672 4459 2903 4510 tantum
2932 4455 3153 4524 linguis
3181 4455 3467 4526 loquitur,
3498 4456 3545 4510 si
3567 4455 3668 4511 ob-

2028 4558 2199 4598 scura
2226 4548 2283 4597 et
2314 4542 2615 4616 incognita
2634 4542 2710 4598 sit
2739 4560 2849 4599 vox
2884 4542 3160 4614 auditori,
3194 4558 3326 4600 cum
3386 4543 3669 4616 prodesse

268 4625 547 4706 βάρϐαρος
577 4629 668 4684 καὶ
700 4630 729 4684 ὁ
767 4630 1042 4704 ἀκροατὴς
1110 4629 1318 4704 ὁμοίως
1346 4636 1426 4703 τῷ
1493 4628 1747 4686 λαλοῦντι
1784 4631 1905 4707 βάρ.

2030 4632 2290 4698 deberet,
2325 4634 2437 4688 erit
2468 4631 2520 4688 ei
2564 4631 2872 4702 barbarus,
2907 4638 2961 4689 et
3012 4634 3245 4689 auditor
3294 4631 3571 4688 similiter
3619 4632 3672 4689 ei

266 4716 436 4795 ϐαρος
496 4718 890 4795 λογισθήσεται
927 4762 940 4777 ,
998 4726 1095 4773 Kal
1173 4719 1226 4773 τὶ
1277 4720 1339 4775 τὸ
1396 4719 1627 4775 ἆντεῦθεν
1681 4717 1919 4796 κὲρδοςς

268 4833 296 4860 α
336 4808 462 4865 Ἐὰν
498 4808 587 4863 οὖν
621 4810 697 4881 μή
732 4805 861 4863 είδῶ
886 4808 983 4877 τήν
1009 4805 1237 4881 δύναμιν
1289 4816 1391 4879 τῆς
1443 4817 1646 4887 φωνῆς.
1686 4834 1714 4863 ››
1772 4811 1920 4866 Είσῖν

271 4899 365 4952 οὖν
403 4898 592 4972 μυρίαι
627 4898 798 4970 φωναί
848 4895 901 4951 ἐν
962 4902 1042 4969 τῷ
1084 4897 1292 4972 κόσμῳ.
1342 4898 1463 4956 Ἐὰν
1509 4900 1605 4954 οὖν
1669 4901 1744 4972 μὴ
1806 4898 1922 4955 οἶδα

268 4988 372 5054 τὴν
404 4985 632 5060 δύναμιν
664 4994 764 5056 τῆς
796 4989 977 5066 φωνῆς
1008 4989 1304 5057 τουτέστιν,
1337 4987 1425 5041 ἐὰν
1460 4989 1536 5061 μὴ
1595 4986 1717 5043 οῖδα
1745 4989 1796 5042 τί
1830 4987 1924 5043 λα-

273 5074 385 5144 λεῖ,
432 5073 665 5148 ἐσόμεθα
694 5073 969 5143 ἀλλήλοις
1028 5072 1320 5152 Βάρϐαροι,
1373 5076 1435 5131 οὐ
1472 5079 1617 5152 παρὰ
1668 5080 1771 5147 τὴν
1825 5084 1926 5147 τῆς

273 5169 462 5241 φωνῆς
483 5164 696 5232 κακίαν,
727 5162 876 5219 ἀλλὰ
906 5166 1052 5240 παρᾶ
1082 5167 1181 5234 τὴν
1211 5167 1373 5238 ἡμῶν
1403 5162 1643 5240 ἄγνοιαν.
1691 5191 1710 5217 ιι
1737 5164 1925 5229 Οὕτως

274 5253 366 5309 καὶ
400 5254 580 5325 ὑμεῖς.
616 5274 643 5303 ι)
683 5252 896 5321 Οὕτως,
929 5259 1046 5315 πῶς
1081 5271 1094 5323 ;
1145 5256 1348 5328 Ὥσπερ
1408 5255 1461 5309 o't
1513 5252 1807 5316 λαλοῦντες
1838 5256 1925 5310 καὶ

280 5343 357 5414 μὴ
392 5342 702 5414 νοούμενοι,
743 5343 832 5398 καί
881 5339 967 5397 διὰ
1011 5345 1171 5399 τοῦτο
1204 5338 1352 5404 ὄντες
1387 5343 1596 5407 ἑαυτοῖς
1634 5339 1929 5417 Βάρϐαροι,

277 5432 455 5493 οὕτως
486 5432 578 5485 καὶ
615 5432 793 5504 ὑμεῖς’
828 5431 942 5487 ἀντὶ
980 5437 1099 5500 τοῦ,
1143 5433 1238 5488 Διὰ
1289 5436 1452 5488 τοῦτο
1480 5431 1569 5487 καὶ
1610 5431 1787 5507 ὑμεῖς.
1839 5434 1934 5489 Διά

278 5526 439 5575 ποῖον
475 5538 490 5588 ς
523 5518 614 5574 ἵνα
649 5523 724 5594 μὴ
756 5520 854 5589 ἦτε
885 5519 1167 5592 ἀλλήλοις
1198 5516 1486 5598 βάρϐαροι.
1518 5523 1614 5578 Διὰ
1651 5514 1813 5577 τουτο
1844 5522 1935 5577 οὗν

277 5610 577 5683 καὶῦμεῖς,
639 5609 756 5666 ἐπει
807 5609 1096 5685 ἐπιθυμίαν
1152 5610 1307 5687 ἔχετε
1362 5612 1740 5687 χαρισμάτων,
1800 5612 1935 5666 ἐκείι

278 5722 383 5755 νων
413 5706 607 5776 τυχεῖν
651 5699 989 5776 ἀγωνίσασθε
1042 5697 1117 5755 δι’
1172 5702 1245 5754 ὧν
1303 5700 1431 5774 ὑμῖν
1464 5703 1511 5770 ἡ·
1552 5701 1799 5778 ὠφέλεια
1841 5706 1939 5769 τῆς

2033 4722 2131 4795 qui
2164 4723 2426 4793 loquitur
2448 4720 2821 4792 reputabitur
2866 4720 3152 4777 barbarus
3185 4740 3198 4777 :
3233 4724 3291 4777 et
3329 4718 3485 4793 quod
3534 4721 3674 4778 inde

2032 4813 2261 4868 lucrum
2294 4809 2450 4866 erit?
2480 4833 2508 4859 ‹‹
2536 4809 2591 4865 Si
2624 4808 2801 4880 igitur
2825 4810 3092 4867 nesciero
3117 4812 3231 4867 vim
3254 4813 3432 4869 Vocis.
3468 4832 3494 4864 »
3530 4812 3679 4869 Sunt

2036 4918 2171 4973 ergo
2230 4898 2557 4955 innumera:
2608 4914 2777 4954 voces
2834 4898 2893 4954 in
2954 4900 3200 4957 mundo.
3241 4902 3445 4974 Itaque
3477 4901 3524 4957 si
3557 4913 3676 4957 non

2037 4990 2220 5045 sciam
2252 4988 2368 5042 vim
2398 4985 2574 5054 vocis,
2609 4984 2721 5043 hoc
2753 4992 2861 5053 est,
2895 4989 2943 5043 si
2975 4989 3236 5046 nesciam
3298 4990 3439 5064 quid
3492 4989 3678 5062 loqui-

2037 5086 2153 5146 tur,
2213 5079 2433 5133 erimus
2483 5077 2655 5132 nobis
2704 5085 2910 5133 mutuo
2951 5078 3185 5135 barbari
3220 5099 3232 5147 ;
3268 5095 3386 5136 non
3417 5079 3490 5135 ob
3521 5079 3678 5135 vocis

2040 5170 2265 5235 vitium,
2299 5167 2404 5225 sed
2433 5166 2506 5221 ob
2538 5167 2930 5238 ignorantiam
2958 5173 3241 5224 nostram.
3268 5190 3293 5218 ‹‹
3318 5171 3405 5224 Ita
3435 5172 3493 5221 et
3522 5178 3677 5222 νος.»

2042 5260 2143 5314 Ita.
2178 5259 2443 5322 Quonam
2476 5254 2651 5310 modo
2673 5253 2877 5311 ‘?Sicut
2909 5258 3008 5329 qui
3028 5258 3354 5328 loquuntur
3383 5270 3491 5312 nec
3511 5256 3683 5311 intel-

2042 5347 2323 5417 liguntur,
2355 5348 2411 5398 et
2463 5340 2595 5398 ideo
2647 5342 2758 5397 sibi
2801 5350 3005 5399 mutuo
3038 5350 3173 5399 sunt
3202 5342 3439 5399 barbari
3466 5361 3477 5399 :
3512 5343 3595 5400 ita
3626 5348 3685 5399 et

2045 5454 2164 5500 vos,
2199 5434 2258 5490 id
2299 5439 2406 5501 est,
2455 5440 2770 5505 propterea
2810 5438 2867 5489 et
2912 5446 3032 5491 v03.
3085 5436 3331 5508 Propter
3361 5432 3502 5507 quid
3529 5435 3556 5490 ?
3608 5446 3684 5490 ne

2047 5526 2209 5582 Scitis
2238 5521 2404 5579 vobis
2437 5522 2685 5578 invicem
2720 5516 2980 5591 Barbari,
3027 5523 3365 5597 Propterea
3396 5523 3575 5598 igitur
3631 5530 3689 5581 et

2047 5630 2191 5671 vos:
2249 5606 2529 5685 quoniam
2587 5611 2743 5669 dona
2799 5611 3238 5686 concupiscitis,
3291 5606 3392 5671 illa
3450 5613 3687 5687 assequi

2050 5704 2388 5759 contendite
2418 5711 2524 5774 per
2555 5717 2683 5773 quae
2714 5694 2990 5759 Ecclesia;
3013 5700 3241 5760 utilitas
3257 5710 3313 5759 et
3332 5702 3690 5762 mdiﬁcatioa
