4068 6254
467 384 584 441 817

1582 369 2008 436 (ECUMENII
2053 364 2354 428 TRICCE
2400 361 2768 424 EPlSCOPl.

3703 364 3788 422 848

461 511 623 567 vobis
655 511 996 582 attingatur.
1050 511 1178 580 Ipse
1211 525 1345 564 vero
1404 507 1521 562 ait:
1555 529 1584 555 «
1618 508 1687 561 Ut
1719 501 2041 559 excellatis.
2078 522 2105 549 ››

2224 493 2550 563 Ἐκκλησίας
2578 494 2668 548 καὶ
2721 495 2755 561 ἡ
2819 489 3089 564 οἰκοδομή
3135 493 3613 562 κατορθωθήσεται.
3662 492 3795 555 Αὐτὸς

463 603 582 654 Hoc
616 605 724 665 est,
757 605 824 652 ut
853 598 986 670 plus
1019 614 1197 668 quam
1230 614 1388 652 nunc
1417 595 1723 652 habeatis:
1750 592 1966 664 linguis
1987 598 2111 645 tan-

465 696 588 743 tum
621 705 779 743 nunc
812 687 1124 756 loquentes
1155 693 1214 741 et
1238 702 1359 740 non
1382 685 1862 756 interpretantes.
1887 711 1955 720 —-
1995 679 2110 732 Vel.

467 779 536 832 Ut
567 777 871 832 excellatis
903 776 1090 846 magis
1148 791 1324 845 quam
1373 774 1588 844 linguis
1618 770 1934 841 loquendo.
1970 771 2113 822 Nam

464 867 583 922 alia
611 866 769 920 dona
821 864 1038 936 linguis
1088 863 1509 918 excellentiora
1539 867 1696 924 sunt,
1735 864 1937 929 utpote
1967 856 2110 911 ube-

464 955 685 1008 riorem
715 954 1029 1008 aﬂ'erentia
1058 952 1399 1007 utilitatem.

536 1123 690 1180 558
722 1121 870 1189 XIV,
911 1124 1096 1176 12-14.
1130 1145 1157 1170 ‹‹
1217 1119 1709 1190 Quandoquidem
1742 1117 2116 1172 zemulatores

468 1213 654 1268 «estis
671 1211 987 1283 spirituum
1004 1211 1076 1265 ad
1095 1209 1550 1265 mdiﬁcationem
1563 1204 2114 1275 Ecclesiae,quaerite

473 1325 500 1354 α
531 1308 596 1356 ut
624 1300 1326 1372 excellatis.Quapropter
1349 1299 1449 1369 qui
1472 1297 1737 1368 loquitur
1767 1296 2123 1367 lingua,0ret

470 1412 497 1440 «
516 1395 582 1444 ut
596 1390 714 1444 inte
723 1406 854 1460 rpre
864 1390 1191 1444 tetur.l\'am
1212 1388 1259 1443 si
1275 1404 1440 1443 orem
1454 1387 1678 1457 lingua,
1695 1385 1939 1456 spiritus
1953 1398 2121 1437 meus

471 1501 499 1529 α
533 1485 684 1542 orat,
712 1484 773 1532 at
803 1494 974 1532 mens
1014 1493 1147 1532 mea
1176 1477 1302 1532 sine
1337 1475 1533 1530 fructu
1564 1480 1673 1531 est.
1713 1497 1734 1521 I-

547 1658 651 1714 Ubi
683 1657 934 1712 cessavit
966 1656 1040 1712 ab
1075 1655 1445 1710 adducendis
1499 1653 1808 1724 exemplis,
1862 1650 2122 1722 apertius

470 1766 569 1804 eos
617 1747 987 1802 adhortatur.
1038 1744 1533 1814 Quandoquidem
1582 1742 1826 1796 omnino
1878 1738 2124 1794 aemula-

469 1836 620 1890 mini
679 1841 738 1888 et
791 1834 1080 1904 exoptatis
1131 1833 1288 1887 dona
1346 1831 1472 1902 (illa
1529 1831 1689 1885 enim
1739 1829 2018 1884 dicuntur
2060 1827 2122 1881 in

470 1923 745 1995 Spiritus)
777 1921 1179 1992 concupiscite
1199 1926 1256 1974 et
1286 1937 1354 1975 ea
1377 1936 1508 1990 qua:
1541 1919 1772 1990 possint
1799 1916 2120 1971 Ecclesiam

475 2012 768 2067 aediﬁcare
803 2016 860 2063 et
905 2010 957 2064 ei
1013 2009 1316 2080 prodesse,
1349 2030 1376 2057 ‹‹
1436 2009 1690 2072 Qumrite
1747 2012 1811 2060 ut
1871 2004 2124 2060 excella-

477 2101 574 2154 tis.
612 2121 639 2148 ››
673 2101 795 2153 Non
833 2097 1008 2151 dixit:
1041 2099 1113 2152 Ut
1142 2096 1462 2167 acquiratis
1494 2095 1668 2160 dona,
1703 2094 1828 2164 sed,
1862 2116 1890 2143 »
1922 2095 1992 2148 Ut
2022 2110 2124 2148 ex-

479 2187 732 2252 cellatis,
769 2209 795 2235 »
827 2187 939 2240 hoc
973 2191 1080 2252 est,
1114 2191 1178 2239 ut
1209 2202 1343 2240 cum
1376 2201 1589 2256 magna
1613 2183 1997 2239 exuberantia
2028 2184 2127 2237 ha-

479 2276 688 2332 beatis.
725 2297 752 2325 «
785 2277 1154 2346 QuaprOpter
1182 2276 1282 2344 qui
1313 2274 1576 2342 loquitur
1596 2273 1813 2344 lingua.
1842 2294 1870 2321 »
1903 2271 2125 2327 Deinde

483 2372 542 2421 et
572 2363 816 2419 modum
846 2364 1034 2435 ponit,
1091 2380 1208 2433 quo
1239 2368 1410 2434 pacto
1461 2362 1693 2434 possint
1721 2361 1937 2416 habere
1968 2359 2126 2415 dona

480 2471 612 2526 quae
643 2454 920 2509 Ecclesim
952 2453 1200 2526 prosint.
1233 2453 1330 2507 Ait
1359 2452 1517 2508 enim
1553 2469 1566 2506 :
1600 2475 1628 2501 ‹‹
1676 2453 1813 2516 Quas
1862 2451 2127 2520 loquitur

475 2544 714 2616 linguis,
749 2549 876 2598 oret
917 2549 982 2598 ut
1025 2548 1085 2598 et
1140 2559 1311 2613 posse
1352 2542 1732 2613 interpretari
1788 2541 2060 2611 accipiat.
2095 2561 2122 2587 ››

469 2635 672 2704 Itaque
697 2633 806 2704 ipsi
824 2633 884 2687 in
907 2649 1086 2687 causa
1116 2637 1255 2686 sunt
1272 2630 1429 2702 quod
1448 2631 1641 2701 majus
1667 2647 1789 2684 non
1806 2629 2122 2700 accipiant,

471 2728 538 2778 ut
568 2723 667 2792 qui
700 2739 819 2776 non
853 2727 1061 2792 petunt
1092 2721 1251 2792 quod
1281 2719 1476 2790 majus
1500 2726 1606 2774 est.
1643 2740 1672 2768 «
1705 2720 1848 2773 Nam
1881 2717 1929 2772 si
1961 2733 2124 2772 orem

470 2814 701 2884 lingua.
738 2835 759 2863 1
817 2813 962 2866 Nam
1022 2811 1070 2866 si
1136 2811 1368 2881 loquar,
1422 2809 1638 2880 inquit,
1688 2809 1890 2881 lingua
1921 2815 1976 2862 et
2007 2824 2124 2861 non

473 2901 652 2955 etiam
696 2899 1086 2970 interpreter:
1151 2900 1403 2971 Spiritus
1433 2898 1673 2969 quidem
1703 2914 1892 2961 meus,
1925 2896 1984 2950 id
2015 2900 2123 2960 est,

473 2991 709 3046 animus
741 2991 868 3061 ipse
899 2990 1094 3060 quoad
1109 2989 1372 3060 seipsum
1404 2988 1730 3044 utilitatem
1763 2987 2036 3060 percipit,
2068 2991 2129 3041 at

478 3096 651 3134 mens
678 3095 810 3133 mea
841 3079 966 3134 sine
999 3078 1195 3134 fructu
1225 3078 1658 3143 invenietur,ex
1679 3077 1789 3130 hoc
1813 3075 1969 3146 quod
1993 3075 2128 3130 aliis

473 3185 595 3223 non
625 3168 797 3222 affert
821 3167 1134 3222 utilitatem
1169 3183 1181 3221 :
1215 3167 1436 3221 mentis
1467 3167 1625 3221 enim
1655 3165 1879 3220 fructus
1903 3170 1987 3220 est
2021 3181 2128 3235 per

473 3257 663 3311 varias
695 3273 762 3311 ac
785 3257 1132 3328 omnigenas
1164 3256 1549 3326 cogitationes
1577 3255 1894 3309 utilitatem
1925 3253 2124 3325 proxi-

474 3346 590 3398 mis
621 3345 972 3415 excogitare.
1034 3367 1063 3394 «
1098 3344 1350 3414 Spiritus
1383 3361 1550 3399 meus
1591 3351 1743 3410 orat,
1777 3366 1804 3393 n
1847 3345 1959 3398 hoc
2018 3347 2126 3411 est,

475 3433 696 3486 donum
731 3433 1058 3503 spirituale,
1102 3449 1315 3502 nempe
1368 3433 1565 3504 ipsum
1597 3433 1757 3502 loqui
1792 3432 2026 3502 linguis.
2058 3463 2126 3471 —

478 3521 665 3574 Verba
695 3536 845 3574 orem
876 3527 935 3574 et
960 3527 1081 3574 orat
1112 3520 1340 3590 accepit
1369 3538 1476 3591 pro
1505 3537 1571 3574 eo
1599 3519 1760 3590 quod
1793 3526 1881 3574 est
1908 3520 2126 3592 linguis

468 3611 632 3681 loqui
667 3611 891 3682 aliquid
922 3612 1080 3683 quod
1109 3611 1428 3665 honestum
1443 3611 1590 3666 sitet
1620 3610 2124 3665 studiosum.Nam

470 3705 528 3754 et
562 3700 823 3770 precatio
855 3716 1041 3771 genus
1075 3698 1374 3769 quoddam
1393 3704 1483 3754 est
1504 3700 1820 3754 sermonis.
1838 3699 1934 3753 Ait
1955 3715 2119 3770 ergo:

469 3789 528 3844 Si
563 3789 708 3860 quid
736 3789 947 3860 loquar
973 3804 1178 3844 eorum
1211 3805 1342 3859 quas
1381 3789 1721 3843 necessaria
1748 3793 1890 3845 sunt
1941 3794 1997 3841 et
2027 3788 2126 3842 ho-

467 3883 660 3947 nesta,
695 3878 799 3933 sed
831 3879 891 3933 id
917 3895 1039 3932 non
1080 3878 1440 3949 interpreter
1492 3877 1670 3932 etiam
1730 3877 2120 3944 auditoribus,

467 3968 764 4039 meipsum
817 3967 1058 4036 quidem
1111 3967 1253 4038 juvo
1289 3984 1303 4021 :
1362 3983 1499 4022 nam
1533 3967 1642 4021 hoc
1686 3972 1776 4021 est
1805 3967 1959 4036 quod
1990 3966 2074 4020 ait
2107 3981 2120 4018 :

471 4077 498 4108 ιι
529 4057 781 4127 Spiritus
813 4073 980 4111 meus
1040 4062 1189 4122 orat,
1226 4078 1254 4106 »
1288 4056 1346 4110 id
1397 4063 1506 4121 est,
1532 4073 1637 4128 ego
1675 4056 1832 4112 solus
1864 4056 2028 4110 fruor
2059 4072 2120 4109 re

467 4147 573 4200 illa
593 4146 933 4201 necessaria
963 4152 1021 4200 et
1051 4146 1318 4201 honesta.
1377 4145 1490 4200 Sed
1521 4145 1674 4200 alius
1731 4162 1850 4200 non
1909 4145 2123 4216 accipit

466 4235 808 4298 utilitatem,
868 4241 932 4290 ut
990 4251 1158 4290 mens
1189 4252 1323 4290 mea
1382 4235 1560 4288 etiam
1597 4234 1734 4288 inde
1790 4235 2122 4290 lucrifaciat

463 4326 722 4380 fructum
758 4324 1029 4380 utilitatis
1060 4325 1333 4378 istorum.
1366 4324 1570 4392 Itaque
1597 4323 1699 4377 tali
1731 4322 1926 4377 fructu
1957 4340 2120 4378 men-

463 4421 581 4470 tem
634 4414 849 4486 privari
903 4429 1262 4483 rursumque
1319 4413 1437 4467 frui
1471 4413 1772 4484 supponit,
1834 4430 1900 4466 eo
1960 4411 2119 4483 quod

460 4505 563 4560 illa
592 4504 752 4559 inter
773 4507 1006 4558 nostras
1037 4502 1333 4574 potentias
1363 4501 1620 4555 maxime
1667 4507 1826 4555 amet
1862 4503 2115 4571 proximi

459 4593 804 4660 utilitatem,
837 4591 1134 4663 quomodo
1165 4607 1359 4661 neque
1390 4589 1480 4644 vis
1537 4589 1853 4644 irascibilis
1913 4606 2110 4643 move-

461 4689 558 4736 tur
610 4699 805 4752 neque
866 4683 1392 4754 concupiscibilis:
1455 4699 1586 4754 quae
1633 4681 1804 4736 facile
1865 4683 2113 4737 affectus

461 4769 696 4836 excitat,
730 4775 832 4824 aut
862 4787 895 4824 a
943 4772 1186 4843 propria
1239 4771 1612 4840 naturalique
1669 4771 1883 4825 virtute
1941 4770 2112 4825 facile

463 4863 839 4913 transmutat.
872 4861 940 4912 Et
973 4860 1100 4914 haec
1132 4860 1316 4932 magis
1374 4859 1571 4914 fructu
1627 4865 1813 4927 vacat,
1875 4860 2110 4931 quando

459 4964 581 5002 una
612 4947 905 5002 consentit
937 4964 950 5002 :
984 4965 1340 5019 rursumque
1373 4949 1471 5003 ubi
1503 4948 1759 5003 fructum
1790 4953 1959 5003 nacta
1993 4949 2113 5003 fue-

462 5037 559 5102 rit,
593 5036 746 5094 559
767 5036 1003 5091 abunde
1035 5037 1292 5093 laetatur.

532 5126 756 5182 Deinde
787 5126 871 5180 ait
905 5142 918 5180 :
955 5147 982 5176 «
1015 5126 1164 5191 Quid
1199 5144 1334 5199 ergo
1372 5133 1461 5182 est
1489 5127 1516 5181 '?
1547 5150 1573 5177 ‹‹
1626 5129 1736 5183 hoc
1796 5134 1905 5195 est,
1965 5128 2108 5198 quid

456 5222 688 5289 oportet
730 5217 857 5271 fieri
890 5216 916 5271 ‘?
944 5215 1248 5282 Quomodo
1310 5216 1480 5271 nobis
1521 5217 1824 5290 continget
1853 5234 1925 5272 ne
1980 5218 2107 5272 sine

447 5307 646 5362 fructu
704 5307 938 5362 simus?
997 5306 1294 5378 quomodo
1326 5306 1354 5361 τ
1385 5307 1432 5360 si
1492 5321 1598 5376 per
1628 5306 1902 5361 virtutem
1935 5307 2106 5362 nobis

452 5412 608 5450 curm
641 5396 716 5450 sit
746 5403 812 5453 ut
853 5397 949 5467 qui
983 5396 1201 5470 linguis
1249 5395 1534 5466 loquitur,
1565 5401 1624 5450 et
1653 5396 1866 5466 spiritu
1895 5396 2104 5466 loqua-

449 5489 546 5536 tur
571 5489 628 5538 et
658 5491 857 5540 mente
887 5502 900 5539 :
934 5485 1044 5540 hoc
1075 5492 1185 5551 est,
1219 5490 1278 5539 et
1308 5500 1486 5540 causa
1538 5485 1792 5556 proprias
1832 5485 2106 5542 utilitatis

455 5570 756 5639 loquatur,
787 5578 846 5627 et
872 5578 940 5628 ut
967 5589 1137 5629 meus
1185 5577 1394 5630 mutuo
1441 5571 1637 5628 fructu
1684 5572 1917 5630 fruatur
1948 5592 1961 5629 :
2008 5574 2105 5631 hic

456 5661 657 5714 autem
690 5661 1095 5737 proximorum
1127 5667 1217 5717 est
1245 5661 1492 5717 utilitas.
1523 5661 1587 5716 Id
1635 5666 1834 5720 autem
1885 5663 1998 5719 erit
2053 5663 2100 5719 si

2219 582 2297 655 δὲ,
2339 608 2366 635 ‹‹
2399 585 2511 638 Ἰνα
2548 581 2923 653 περισσεύητε,
2962 605 2989 631 ››
3021 580 3176 658 φησὶ,
3213 581 3478 635 τουτέστιν
3506 579 3588 633 ’ἕνα
3615 579 3793 649 πλέονῆ

2218 677 2308 726 νῦν
2341 667 2530 746 ἔχητε,
2586 671 2862 746 γλώσσαις
2891 674 2980 722 νῦν
3038 672 3201 742 μόνον
3268 668 3564 738 λαλοῦντες,
3613 670 3688 723 καὶ
3719 670 3799 744 οὐχ

2221 761 2630 836 ἑρμηνεύοντες.
2689 795 2758 802 —
2786 763 2880 817 "H.
2910 762 3021 814 ’Ἱνα
3075 759 3432 834 περισσεύητε
3475 756 3686 830 μᾶλλον,
3711 759 3799 811 ἀντὶ

2219 856 2336 918 τοῦ,
2378 850 2655 926 γλώσσαις
2681 849 2885 905 λαλεῖν.
2915 849 2996 905 Τὰ
3026 851 3128 923 γὰρ
3159 847 3307 903 ἄλλα
3337 848 3632 926 χαρίσματα
3657 867 3798 919 περισ-

2222 939 2360 994 σεύει
2391 943 2500 994 τῶν
2539 937 2832 1013 γλωσσῶν,
2875 938 2951 998 ὼς
2981 937 3208 992 πλείονα
3267 935 3559 1014 ὡφέλειαφν
3610 936 3799 1012 παρεχό-

2227 1049 2382 1101 μενα.

2298 1115 2448 1170 Έπεὶ
2509 1112 2755 1182 ζηλωταί
2841 1113 2958 1169 ἐστε
3025 1115 3348 1186 πνευματῶν
3430 1113 3556 1184 πρὸς
3623 1113 3706 1179 τὴν
3762 1111 3803 1162 οί

2225 1200 2474 1275 κοδομὴν
2521 1210 2621 1272 τῆς
2690 1201 3042 1273 Ἐκκλησίας,
3129 1207 3348 1273 ζητεῖτε
3389 1199 3477 1254 ’ίνα
3545 1199 3805 1274 περισσεύη-

2223 1313 2282 1346 τε
2317 1335 2328 1346 .
2404 1290 2601 1365 Διόπερ
2661 1293 2689 1346 ὁ
2757 1290 2941 1347 λαλῶν
3017 1289 3272 1366 γλώσσῃ,
3328 1291 3687 1364 προσευχέσθω
3737 1285 3805 1338 ’ἱνα

2229 1378 2587 1455 διερμηνεύῃ.
2667 1382 2790 1438 Ἐὰν
2842 1381 2941 1454 γὰρ
3025 1380 3424 1456 προσεύχωμαι
3499 1377 3716 1453 γλώσσῃ.
3762 1375 3804 1426 τὸ

2229 1471 2439 1543 πνεῖ)μᾶ
2501 1491 2604 1544 μου
2673 1471 3056 1545 προσεύχεται,
3091 1470 3120 1523 ὁ
3152 1467 3209 1523 δὲ
3266 1471 3389 1528 νοῦς
3458 1488 3556 1539 μου
3615 1463 3803 1537 ἄκαρπός

2227 1557 2393 1613 ἐστιν.

2303 1648 2656 1719 Παυσάμενος
2692 1653 2801 1701 τῶν
2849 1644 3336 1721 παραδειγμάτων,
3390 1644 3690 1718 γυμνότερον
3735 1639 3802 1692 a5-

2227 1743 2342 1798 τοῖς
2375 1741 2648 1810 παραινεῖ.
2707 1733 2928 1806 Ἐπειδή
2990 1735 3139 1797 ὅλως
3181 1733 3414 1805 ζηλοῦτε
3442 1732 3525 1787 καὶ
3555 1734 3736 1793 ποθεῖτε
3757 1727 3802 1780 τὰ

2152 1857 2201 1922 Β
2231 1825 2566 1904 χαρίσματα,
2607 1827 2738 1901 φησί
2773 1829 2951 1897 (τοῦτο
2983 1825 3085 1900 γὰρ
3141 1825 3210 1879 τὰ
3269 1822 3577 1895 πνεύματα),
3627 1820 3802 1872 τοιαῦτα

2241 1913 2252 1922 ⁸
2331 1917 2347 1922 ⁸
2463 1919 2486 1922 ”
2648 1915 2659 1922 “
2698 1919 2721 1922 "
2828 1919 2849 1922 ν
2995 1913 3006 1922 ⁵
3088 1911 3111 1922 ³
3204 1913 3213 1922 ·
3448 1912 3460 1922 ι
3541 1909 3591 1922 ιη
3654 1903 3671 1922 \
3745 1903 3752 1922 ι

2236 1903 2546 1986 ἐπιθυμεῖτε
2575 1915 2664 1968 καὶ
2695 1919 2908 1983 ζητεῖτε
2951 1913 3019 1968 τὰ
3084 1911 3353 1986 δυνάμενα
3406 1912 3498 1979 τήν
3537 1903 3799 1974 Ἐκκλησίαν

2273 2003 2286 2024 ν
2367 2001 2394 2057 δ
2483 2009 2510 2020 ·
2727 2003 2743 2056 ὶ
2790 2003 2806 2024 ε
2891 2001 2962 2057 λ·
3318 2007 3341 2016 -
3430 2000 3450 2016 ”
3780 2023 3799 2032 -

2238 2024 2360 2057 οικο
2400 2023 2630 2075 ομησαι,
2651 2023 2720 2056 κα
2775 2023 2886 2080 ωερε
2929 2023 3077 2072 ησαι.
3117 2026 3148 2054 ‹‹
3178 2005 3397 2071 Ζητειτε
3439 2020 3514 2052 ινα
3541 2013 3776 2080 περισσεδη

2236 2113 2311 2148 τε.
2350 2115 2378 2143 ››
2410 2090 2524 2149 Οόκ
2555 2092 2724 2160 εἶπεν,
2765 2079 2879 2148 Ἲνα
2907 2093 3184 2162 κτήσησθε
3214 2092 3279 2144 τὰ
3338 2105 3643 2163 χαρισματα,
3689 2079 3798 2148 ἀλλ’,

2239 2206 2266 2233 ι(
2296 2183 2409 2236 Ἵνα
2424 2180 2804 2255 περισσεύητε.
2835 2179 3137 2237 »Τουτέστι
3151 2225 3164 2251 ,
3183 2180 3334 2237 Μετὰ
3357 2175 3560 2244 πολλῆς
3579 2168 3798 2244 δαψιλείας

2238 2266 2425 2346 ἔχητε.
2462 2295 2490 2322 ‹‹
2522 2272 2600 2326 Δι’
2631 2270 2764 2346 ὅπερ
2797 2272 2826 2325 ὁ
2866 2269 3051 2326 λαλῶν
3091 2269 3342 2347 γλώσσῃ.
3370 2293 3397 2320 ››
3452 2269 3573 2324 Εἶτα
3595 2257 3796 2335 λέγεικαὶ

2235 2359 2455 2435 τρόπον,
2488 2365 2605 2424 πῶς
2636 2360 2698 2414 ἂν
2731 2359 2996 2440 σχοίησαν
3053 2362 3372 2435 χαρίσματα
3427 2357 3489 2411 τὰ
3536 2355 3621 2422 τήν
3643 2349 3795 2415 ἐκκλη-

2237 2453 2355 2504 σίαν
2394 2448 2732 2530 ὠφελοῦντα.
2789 2475 2817 2501 u
2851 2452 2912 2508 Ὁ
2963 2450 3062 2524 γὰρ
3118 2449 3332 2519 λαλῶν,
3389 2445 3531 2526 φησὶ,
3579 2440 3789 2517 γλώσσαις

2235 2528 2647 2615 προσευχέσθω,
2678 2541 2768 2594 ἶνα
2795 2540 2884 2594 καὶ
2914 2541 2976 2594 τὸ
3030 2537 3407 2613 διερμηνεύειν
3459 2528 3602 2607 λάϐῃ.
3627 2554 3648 2579 »
3687 2529 3786 2615 Ἀρί

2237 2629 2332 2682 οὖν
2363 2628 2516 2683 αὐτοὶ
2556 2627 2725 2684 αἶ’τιοι
2755 2631 2850 2683 τοῦ
2885 2629 2960 2701 μή
2991 2629 3052 2682 τὸ
3087 2634 3279 2701 μεῖζον
3312 2621 3510 2695 λαϐεῖν,
3537 2621 3599 2680 ὡς
3627 2616 3700 2672 οὐκ
3723 2613 3782 2666 αἶ·

2233 2722 2453 2780 τοῦντες
2478 2717 2538 2772 τὸ
2575 2722 2780 2790 μεῖζον.
2815 2745 2839 2770 ει
2872 2717 2996 2773 Ἐὰν
3025 2717 3128 2792 γὰρ
3164 2716 3544 2793 προσεύχωμαι
3568 2707 3729 2793 γλώσσῃ
3751 2719 3771 2749 ³

2235 2805 2361 2863 Ἐὰν
2391 2805 2513 2881 γὰρ,
2574 2806 2729 2885 φησὶ,
2790 2803 2948 2862 λαλῶ
3003 2789 3236 2880 γλώσσῄ
3294 2806 3358 2860 οὐ
3419 2803 3512 2874 μὴν
3556 2789 3764 2888 καί-διες

2240 2895 2481 2968 μηνεύω,
2515 2896 2575 2951 τὸ
2610 2896 2702 2968 μὲν
2749 2894 2965 2968 πνεύμά
3020 2915 3149 2968 μου,
3184 2895 3304 2951 οἷον
3338 2896 3372 2964 ἠ
3413 2892 3539 2966 ψυχὴ
3563 2883 3652 2947 αὖτῆ
3674 2883 3744 2934 ἀθ

2236 2987 2432 3058 ἑαυτὴν
2463 2987 2780 3066 ὠφελεῖται,
2830 2987 3070 3063 ἄκαρπος
3104 2986 3163 3042 δε
3227 3010 3335 3061 μου
3366 2988 3395 3041 ὁ
3421 2988 3514 3041 νοῦς
3553 2970 3748 3073 εὐρερήσεῖ

2233 3097 2344 3143 ται,
2375 3080 2455 3149 τῷ
2489 3079 2564 3150 μὴ
2597 3077 2686 3132 καὶ
2708 3076 2916 3140 ἄλλους
2957 3075 3224 3154 ὠφελεῖν.
3259 3081 3371 3131 Νοῢ
3405 3074 3493 3150 γὰρ
3533 3071 3755 3154 ιαὲπσξντο

2238 3167 2326 3224 διὰ
2365 3169 2637 3225 ποικίλων
2693 3171 2784 3226 καὶ
2841 3168 3208 3225 παντοδαπων
3267 3169 3539 3241 νοημάτων
3583 3149 3766 3254 at???“

2236 3264 2354 3321 τοῖς
2382 3258 2618 3330 πλησίον
2678 3258 2927 3317 ἐπινοεῖν.
2983 3284 3010 3310 ‹‹
3042 3260 3113 3313 Τὸ
3145 3260 3368 3332 πνεῦμά
3425 3273 3516 3329 μου
3563 3253 3780 3336 προπευᾏε·

2231 3368 2340 3405 ται.
2385 3372 2407 3401 ι
2445 3349 2739 3417 Ἀντιτοῦ,
2770 3349 2849 3404 Τὸ
2902 3349 3155 3424 χάρεσμά
3224 3369 3332 3422 μου
3387 3345 3444 3400 τὸ
3494 3343 3784 3432 πνευματιῗων,

2235 3437 2366 3491 αὐτὸ
2407 3439 2470 3492 τὸ
2503 3435 2692 3492 λαλεῖν
2742 3437 3040 3514 γλώσσαις.
3077 3469 3140 3480 -
3178 3438 3390 3511 [ΦΩΤ.]
3443 3431 3505 3484 Τὸ
3557 3430 3786 3518 Πξοσῗᾳφ

2241 3547 2338 3600 μαι
2368 3527 2458 3582 καὶ
2490 3526 2882 3600 Προσεύξομαι,
2914 3527 3030 3582 ἀντὶ
3063 3532 3160 3593 τοῦ
3193 3526 3383 3582 λαλεῖν
3435 3544 3482 3575 τι
3532 3517 3628 3572 ταῖς
3651 3509 3788 3604 ﬂuis:

2233 3637 2350 3677 σαις
2407 3615 2574 3672 καλὸν
2637 3615 2727 3670 καὶ
2782 3614 3075 3671 σπουδαῖον
3127 3614 3344 3695 εἴληφε.
3404 3609 3497 3669 Καὶ
3543 3604 3640 3695 γὰρ
3673 3587 3788 3695 καὶὴ

2230 3707 2539 3784 προσευχὴ,
2569 3703 2716 3767 εἶδός
2745 3705 2796 3759 τί
2835 3703 2943 3758 ἐστι
2997 3708 3093 3759 τοῦ
3125 3702 3322 3782 λόγου,
3385 3697 3542 3768 Φησῖν
3590 3688 3681 3784 οξνν
3727 3679 3787 3731 δτι

2233 3794 2352 3850 Ἐὰν
2385 3816 2438 3849 τι
2471 3792 2627 3848 λαλῶ
2657 3799 2766 3848 τῶν
2807 3793 3107 3870 ἀναγκαίων
3160 3795 3253 3848 καὶ
3287 3790 3481 3856 καλῶν,
3513 3783 3578 3856 μή
3605 3774 3790 3870 δίεῆμη⁶

2229 3884 2366 3937 νεύω
2391 3880 2447 3937 δὲ
2479 3883 2609 3937 αὐτὸ
2638 3886 2727 3937 καὶ
2759 3887 2874 3944 τοῖς
2934 3883 3250 3955 ἀκροαταῖς,
3310 3876 3527 3953 ἐμαυτὸν
3581 3867 3658 3941 μὲν
3686 3859 3789 3962 ὡῩξ⁶

2230 3971 2312 4027 λῶ
2371 3975 2553 4045 (τοῦτο
2611 3972 2714 4046 γὰρ
2773 3970 2909 4038 ἐστι,
2975 3993 2996 4022 ι
3063 3972 3141 4028 Τὸ
3215 3968 3423 4043 ττνεῦμά
3479 3981 3571 4036 μου
3617 3965 3792 4052 πρρσευ-

2228 4067 2409 4140 χεταὶ,
2446 4085 2473 4112 ››
2505 4062 2804 4126 τουτέστιν,
2833 4061 2974 4136 Ἐγὼ
3009 4060 3174 4130 μόνος
3235 4055 3488 4115 ἀπολαύω
3537 4049 3637 4140 τοῦ,
3668 4049 3791 4140 αγαγ-

2231 4123 2269 4140 η.
2395 4123 2408 4132 ι
2795 4123 2802 4126 .
2906 4123 2917 4136 ,
3009 4123 3018 4130 ,
3626 4131 3637 4144 ο
3757 4124 3771 4134 _

2225 4150 2384 4205 καίου
2415 4149 2613 4205 ἐκείνου
2646 4150 2735 4204 καὶ
2763 4154 2859 4204 τοῦ
2888 4149 3103 4223 καλοῦ),
3132 4148 3305 4210 ἄλλος
3363 4144 3417 4200 δὲ
3471 4138 3560 4194 οὐκ
3613 4123 3792 4205 ωφελει·

2227 4260 2338 4310 ται,
2367 4238 2458 4293 ’ίνα
2498 4236 2753 4308 ἐκέρδησὲ
2813 4259 2916 4310 μου
2949 4237 3187 4302 ἐντεῦθεν
3221 4239 3250 4292 ὁ
3279 4240 3400 4294 νοῦς
3445 4227 3528 4286 καὶ
3574 4223 3650 4277 τὸν
3671 4229 3787 4318 ἔξιτ’

2223 4331 2324 4385 πόν
2356 4337 2456 4400 τῆς
2483 4331 2702 4384 ἐκείνων
2752 4329 3039 4409 ὠφελείας,
3097 4331 3206 4387 Τὸν
3259 4333 3376 4384 νοῦν
3431 4321 3482 4378 δὲ
3534 4304 3788 4410 ἐστερηεθαι

2223 4424 2320 4473 τοῦ
2347 4419 2602 4474 τοιούτου
2631 4439 2844 4494 καρπου
2892 4419 2980 4474 καὶ
3025 4419 3192 4475 πάλιν
3254 4411 3532 4473 ἀπολαύειν
3591 4403 3788 4494 ὑποτιθε-

2703 4477 2711 4494 I
3615 4489 3627 4504 ο

2223 4529 2333 4577 ται,
2365 4509 2449 4562 δτι
2476 4507 2677 4570 ἐκεῖνος
2708 4507 2924 4582 μᾶλλον
2953 4515 3062 4563 τῶν
3090 4507 3140 4563 ἐν
3166 4511 3300 4580 ἡμῖν
3321 4503 3581 4572 δυνάμεωι
3612 4477 3784 4588 ερασῖἤς

2151 4589 2193 4653 D
2223 4595 2334 4651 ἐστι
2363 4603 2462 4666 τῆς
2492 4601 2590 4651 τοῦ
2619 4577 2856 4668 πλησίον
2886 4595 3172 4674 ὡφελείας,
3211 4577 3302 4650 lite
3349 4591 3479 4666 μήτε
3531 4583 3597 4674 dif
3644 4577 3696 4627 τὸ

2227 4687 2405 4759 {iw-5V:
2441 4688 2579 4758 μήτε
2607 4686 2682 4747 ὡς
2711 4687 2773 4741 τὸ
2812 4667 3235 4758 ἐπιθυμητικὸν,
3293 4678 3485 4758 ῥᾳδίως
3538 4667 3684 4766 οὕτως

2222 4775 2560 4848 θαινόμενος,
2619 4775 2709 4828 καὶ
2765 4781 2865 4844 τῆς
2932 4772 3069 4836 ἰδίας
3125 4775 3214 4829 κπῖ
3269 4771 3401 4827 κατὰ
3456 4761 3596 4842 tabat,“
3638 4755 3784 4850 Ϋῗετγξ

2223 4865 2464 4940 εὐχερῶς
2529 4863 2942 4937 μεθιστάμενος.
3017 4864 3113 4918 Καὶ
3167 4861 3360 4922 ἐκεῖνός
3413 4855 3518 4910 ἐστι
3570 4837 3779 4940 μᾷ

2219 4953 2308 5008 καὶ
2363 4952 2623 5026 ἄκαρπος,
2675 4952 2766 5008 ὅτε
2817 4952 2926 5008 ἐστὶ
2989 4950 3486 5022 συναισθανόμενος,
3539 4954 3616 4991 και
3658 4929 3780 4979 mm

2218 5039 2404 5110 ἐπειδή
2439 5041 2500 5096 ἂν
2531 5040 2767 5120 ἐπιτύχῃ
2793 5046 2891 5097 τοῦ
2921 5046 3154 5116 καρποῦ,
3186 5030 3645 5121 ἐνευφραινόμενος;
3677 5105 3697 5121 Λ
3767 5111 3775 5121 θ

2287 5133 2423 5190 Εἶτα
2461 5150 2616 5212 φησιο
2642 5159 2669 5185 ‹‹
2702 5135 2765 5190 Τί
2797 5131 2892 5188 οὖν
2922 5132 3064 5188 ἐστιν
3094 5155 3109 5204 ;
3148 5159 3176 5186 »
3219 5133 3329 5188 οῖον
3373 5126 3422 5180 τί
3451 5120 3525 5177 δεῖ
3546 5105 3776 5212 γενέσθξίσ

2217 5227 2333 5284 πῶς
2357 5215 2504 5278 ἔσται
2536 5224 2698 5295 ἡμῖν,
2733 5225 2808 5294 μὴ
2839 5223 3107 5298 ἀκάρποις
3141 5224 3269 5278 εἶναι
3304 5239 3316 5287 ;
3356 5217 3470 5272 Πῶς
3500 5227 3512 5275 ἒ
3566 5201 3777 5298 “QE/:2:

2218 5312 2353 5366 θεῖσι
2395 5309 2466 5366 δι’
2507 5311 2726 5386 ἀρετὴς,
2777 5310 2913 5367 ὣσνε
2950 5289 3246 5387 ¹γλώσσαις
3286 5305 3558 5387 λαλοῦντα,
3603 5289 3776 5387 καὶ

2215 5401 2480 5474 πνεόματι
2514 5399 2702 5457 λαλεῖν
2734 5402 2822 5456 καὶ
2853 5406 2933 5474 τῷ
2961 5403 3063 5456 νοῒ·
3095 5401 3356 5466 τουτέστι,
3395 5390 3474 5447 καὶ
3527 5378 3656 5483 ἓνεξία

2217 5487 2355 5552 ἰδίας
2389 5489 2654 5569 ὠφελείας
2689 5490 2897 5563 λαλεῖν,
2930 5491 3021 5547 καὶ
3077 5488 3233 5546 ἕνεκα
3285 5487 3376 5543 τοῦ
3428 5465 3659 5569 ἀῖτολαύ⁸ξ

2343 5549 2352 5552 -
2451 5549 2461 5569 ,
2641 5549 2650 5552 _
2883 5549 2897 5563 ,
3721 5549 3738 5551 ,-

2212 5583 2338 5634 νοῦν
2365 5584 2463 5635 τοῦ
2511 5579 2870 5651 καταλλήλου
2901 5585 3132 5656 καρποῦ.
3191 5582 3358 5638 Τοῦτο
3387 5565 3441 5626 δέ
3464 5564 3603 5623 ἐστιν,

2212 5667 2466 5739 πλησίων
2518 5669 2773 5745 ὠφέλεια.
2805 5639 2990 5728 Ἐσταί
3059 5670 3117 5728 δὲ
3144 5677 3323 5740 τοῦτο,
3350 5666 3432 5722 ὶὰν
3482 5658 3583 5712 ταῖς
3623 5639 3764 5721 Υλώ⁶’
