4068 6254
314 335 442 394 849

1289 332 1706 392 COMMENT.
1755 331 1839 390 ΙΝ
1891 330 2141 391 EPIST.
2198 335 2215 393 l
2263 336 2361 394 AD
2408 336 2778 397 CORINTH.

3621 341 3741 402 850

312 487 439 527 σαις
496 462 813 533 λαλοῦντες,
872 457 1132 536 λάϐωμεν
1192 464 1441 539 χάρισμα
1498 462 1588 517 καὶ
1632 459 1721 516 ’ἱνα
1751 459 1947 537 διερμη

2097 465 2313 538 linguis
2372 468 2703 540 loquentes,
2763 470 2984 527 donum
3033 472 3414 543 accipiamus,
3459 479 3523 527 ut
3556 473 3735 529 etiam

314 556 590 627 νεῦωμεν.
621 552 845 623 Ἐπειδή
880 550 938 608 δὶ
968 552 1056 608 ἐπὶ
1108 557 1203 608 τοῦ
1230 550 1418 608 λαλεῖν
1450 574 1500 607 τι
1530 556 1637 607 τῶν
1678 550 1861 607 καλῶν
1890 552 1981 607 καὶ

316 642 637 700 σπουδαίων
666 644 729 698 τὸ
757 651 861 712 τῆς
892 650 1211 720 προσευχῆς
1245 639 1417 714 ὄνομα
1475 637 1682 712 λαϐὼν,
1734 640 1983 714 ἐπέμεινε

316 735 615 809 χρώμενος
647 733 815 805 αὐτῷ,
880 732 966 787 ἶνα
1027 733 1104 805 μὴ
1162 730 1394 806 νομίσῃς
1437 730 1519 785 ὅτι
1551 733 1979 807 προηγουμένως

315 823 450 897 περὶ
478 829 795 896 προσευχῆς
828 820 971 875 ἐστιν
999 822 1027 875 ὁ
1061 819 1245 895 λόγος,
1302 818 1430 874 ἀλλ’
1468 820 1601 895 οὐχὶ
1633 820 1751 895 περὶ
1782 820 1980 883 παντὸς

314 914 613 987 ἀναγκαίου
653 912 742 965 καὶ
796 907 1113 980 ἐπιτηδείου
1171 907 1338 984 λόγου
1390 906 1669 983 γλώσσαις
1698 906 1978 981 λαλουμέ-

304 1024 434 1072 νου,
497 1001 783 1073 μετέπεσεν
844 1000 920 1060 εἷς
979 999 1040 1054 τὸ
1100 996 1354 1071 ψάλλειν.
1413 998 1623 1052 Ὡσανεὶ
1654 996 1855 1072 λέγων,
1890 998 1975 1053 ὃτι

310 1091 446 1148 Εἲτε
474 1089 566 1145 ἐπὶ
625 1094 969 1164 προσευχῆς,
1027 1087 1134 1142 ε’ἰτε
1192 1086 1280 1142 ἐπὶ
1339 1083 1833 1160 ψαλμῳδίας,εἶ’τε
1885 1086 1973 1142 ἐπὶ

306 1179 493 1237 ἄλλου
552 1179 695 1241 τινὸς
757 1178 927 1254 λόγου
987 1182 1094 1233 τῶν
1151 1176 1452 1252 ἀναγκαίων
1512 1176 1601 1231 καὶ
1644 1175 1851 1247 καλῶν,
1883 1176 1970 1231 ἐπὶ

308 1274 531 1327 πάντων
568 1268 778 1343 ὁμοίως
810 1266 891 1324 δεῖ
950 1269 1039 1323 καὶ
1099 1268 1285 1323 ἑαυτὸν
1318 1267 1549 1345 ὠφελεῖν
1580 1267 1670 1322 καὶ
1700 1268 1790 1322 τὸν
1821 1265 1968 1337 πλη.

311 1362 457 1417 σίον.
493 1360 628 1415 Εἶτα
681 1358 827 1433 φέρει
885 1359 975 1413 καὶ
1032 1354 1400 1432 παράδειγμα,
1459 1354 1667 1418 δεικνὺς
1712 1356 1797 1411 ’ὁτι
1835 1356 1970 1411 κατὰ

310 1449 501 1505 πολλᾶ
533 1446 781 1503 ἐλλείπει
830 1447 917 1501 καὶ
979 1447 1190 1521 ὑστερεῖ
1242 1446 1305 1500 τὸ
1362 1443 1637 1521 γλώσσαις
1667 1444 1832 1519 μόνον
1867 1444 1965 1500 λα-

310 1538 453 1608 λεῖν,
487 1536 610 1592 ἄνευ
665 1558 726 1611 γε
777 1538 871 1590 τοῦ
929 1532 1321 1609 διερμηνεύειν.
1375 1532 1494 1588 Ἐὰν
1538 1534 1664 1607 γὰρ,
1697 1533 1853 1609 φησὶ,
1883 1538 1963 1605 τῷ

301 1628 577 1699 πνεύματι
639 1624 964 1698 εὐλογήσῃς,
1019 1624 1262 1678 τουτέστι
1317 1621 1380 1677 σὺ
1424 1623 1591 1696 μόνος
1640 1622 1839 1681 συνιεὶς
1869 1621 1960 1675 καὶ

303 1718 507 1772 σαυτὸν
541 1718 629 1779 οῖς
654 1714 902 1789 εὐλογεῖς
935 1712 1185 1790 ὠφελῶν,
1238 1714 1266 1767 ὁ
1315 1709 1372 1766 δὲ
1415 1712 1687 1785 ἀκροατὴς
1737 1710 1798 1765 οὐ
1830 1732 1957 1764 συν-

1607 1799 1666 1833 ι.

2090 555 2569 628 interpretemur.
2613 561 2901 625 Quoniam
2959 564 3156 615 autem
3203 560 3502 632 loquendo
3550 562 3623 616 de
3672 580 3735 618 re

2088 648 2366 717 quapiam
2420 649 2668 703 honesta
2725 654 2784 704 et
2840 650 3123 716 studiosa,
3175 656 3409 721 sumpto
3449 652 3734 707 orationis

2088 737 2327 791 nomine
2376 739 2705 808 permansit
2757 745 2935 794 utens
2966 738 3114 793 illo:
3176 755 3253 794 ne
3297 740 3359 793 in
3418 757 3730 812 progressu

2086 824 2390 880 existimes
2420 843 2757 883 sermonem
2790 844 2920 882 esse
2964 828 3034 881 de
3076 828 3362 892 oratione,
3396 834 3455 882 et
3485 846 3602 885 non
3660 831 3729 885 de

2084 915 2243 968 omni
2268 917 2605 971 necessario
2638 923 2696 971 et
2734 916 3113 972 convenienti
3160 933 3432 972 sermone
3464 920 3563 988 qui
3613 919 3730 973 lin-

2081 1004 2209 1075 guis
2240 1006 2612 1076 exprimitur,
2649 1007 2917 1061 transivit
2949 1008 3022 1062 ad
3052 1007 3247 1077 ipsum
3280 1007 3553 1078 psallere,
3588 1026 3654 1063 ac
3678 1010 3725 1063 si

2079 1093 2303 1147 diceret
2337 1112 2348 1147 :
2384 1094 2511 1148 Sive
2552 1096 2612 1149 in
2671 1096 3038 1167 precatione,
3073 1095 3193 1149 sive
3250 1096 3311 1149 in
3370 1097 3721 1166 psalmodia,

2078 1183 2195 1237 sive
2227 1183 2289 1237 in
2321 1184 2439 1238 alio
2464 1185 2667 1255 quovis
2689 1186 3024 1240 necessario
3044 1200 3320 1239 sermone
3352 1186 3441 1238 vel
3469 1185 3721 1240 decenti:

2075 1272 2136 1325 in
2167 1273 2439 1327 omninus
2470 1280 2701 1345 oportet
2732 1276 2859 1345 pari
2901 1275 3076 1329 modo
3119 1280 3173 1329 et
3225 1275 3487 1345 seipsum
3512 1275 3718 1345 juvare

2074 1366 2133 1414 et
2160 1364 2512 1432 proximum.
2548 1364 2766 1418 Deinde
2800 1365 2971 1419 affert
3008 1370 3065 1417 et
3126 1365 3482 1435 exemplum,
3515 1370 3717 1419 osten-

2072 1450 2217 1506 dens
2249 1452 2406 1522 quod
2439 1453 2642 1507 multis
2676 1458 2843 1524 egeat
2900 1470 2969 1507 ac
3022 1454 3308 1524 privetur,
3363 1454 3463 1524 qui
3526 1454 3716 1509 solum

2069 1540 2290 1612 linguis
2316 1540 2579 1611 loquitur
2609 1541 2833 1612 absque
2878 1542 3387 1613 interpretatione.
3422 1544 3715 1607 Quoniam

2069 1630 2117 1685 si
2149 1629 2542 1695 benedixeris,
2578 1631 2791 1700 inquit,
2828 1631 3124 1702 spiritum,
3157 1632 3268 1687 hoc
3300 1638 3408 1700 est,
3443 1638 3507 1685 tu
3553 1632 3713 1687 solus

2067 1717 2424 1789 intelligens,
2479 1726 2535 1772 et
2583 1718 2689 1772 tibi
2741 1719 2852 1789 ipsi
2912 1717 3107 1773 verbis
3164 1719 3378 1788 quibus
3410 1720 3711 1777 benedicis

300 1809 455 1875 ίησιν
488 1805 519 1860 ἃ
551 1804 746 1879 λέγεις,
803 1803 855 1858 τί
913 1801 1338 1877 ἀποκριθήσεται
1384 1801 1519 1875 πρὸς
1572 1799 1666 1869 σές
1698 1804 1817 1863 πῶς
1847 1798 1958 1873 ἐρεῖ

2068 1806 2377 1861 utilitatem
2409 1807 2693 1862 atterens:
2730 1808 2966 1862 auditor
2994 1814 3191 1862 autem
3224 1826 3341 1863 non
3373 1808 3710 1880 intelligens

292 1898 385 1967 τὸ,
430 1897 695 1967 ιἈμήν,
757 1891 817 1947 ἂν
876 1895 1037 1948 τοῦτο
1186 1892 1350 1969 χρεία
1405 1890 1573 1964 τυχὸν
1634 1888 1795 1943 αὐτὸν
1820 1888 1955 1942 ἀπο-

294 1985 612 2059 κρίνασθαι,
649 1979 817 2055 μηδὲν
875 1979 1021 2042 ’ὀλως
1076 1976 1237 2040 εἰδὼς
1294 1980 1367 2032 ὧν
1411 1976 1586 2051 λέγεις
1618 1979 1715 2045 σύ;
1750 1976 1826 2031 Σὺ
1862 1977 1957 2049 μὲν

292 2075 405 2149 γὰρ
463 2071 653 2132 καλῶς
708 2069 797 2125 καί
857 2068 943 2124 ἐπὶ
1005 2071 1198 2122 σαυτοῦ
1256 2066 1584 2143 συμφέροντι
1638 2064 1881 2140 εὐλογεῖς
1922 2066 1956 2135 ἢ

293 2164 675 2241 εὐχαριστεῖς,
711 2159 755 2214 εἷ
787 2159 972 2233 τύχοι,
1076 2155 1218 2211 ἄλλο
1245 2177 1297 2209 τι
1327 2160 1434 2210 τῶν
1486 2152 1719 2209 δεόντων
1757 2158 1955 2216 ποιεῖς.

293 2250 557 2309 Καθόλου
616 2249 722 2324 γὰρ
772 2248 863 2303 τὸν
922 2246 1085 2322 λόγον
1149 2243 1403 2320 βούλεται
1460 2243 1825 2313 ἐξακούεσθαι,
1867 2243 1956 2297 καὶ

293 2343 404 2396 οὐκ
434 2340 521 2395 ἐπὶ
577 2359 727 2400 τινος
788 2333 963 2397 εἷ’δους
1026 2334 1348 2409 ὡρισμένου.
1407 2333 1498 2387 Διὸ
1554 2332 1686 2387 ποτέ
1746 2332 1841 2404 μέν
1870 2332 1957 2402 τὸ,

300 2457 321 2482 ι
362 2430 640 2495 Ψάλλειν,
665 2450 693 2477 η
722 2424 924 2480 ἄλλοτε
945 2421 1001 2478 δέ
1021 2424 1102 2491 τὸ,
1138 2447 1157 2473 ι
1187 2421 1470 2494 Εὐλογεῖν,
1494 2442 1520 2474 ι
1554 2420 1648 2475 καὶ
1683 2420 1799 2493 μετ’
1827 2419 1955 2474 αὐτὸ

289 2520 390 2575 καὶ
426 2520 538 2573 ἀντ’
571 2516 733 2571 αὐτοῦ
784 2515 969 2584 τίθησι
1020 2512 1106 2583 τὸ,
1166 2535 1194 2562 ‹‹
1238 2510 1625 2584 Εὐχαριστεῖν,
1661 2530 1685 2561 ι
1748 2505 1957 2571 δεικνὺς

294 2610 387 2664 ὅτι
447 2604 679 2661 καθόλου
740 2604 864 2679 περὶ
923 2603 1123 2664 παντὸς
1181 2600 1473 2676 ἀναγκαίου
1523 2598 1612 2653 καὶ
1646 2595 1953 2667 ἐπιτηδείου

299 2696 586 2771 γλώσσαις
617 2694 953 2767 λαλουμένου
1012 2690 1153 2745 ἐστιν
1215 2688 1365 2760 αὐτῷ
1394 2690 1430 2758 ἡ
1461 2687 1769 2762 παραίνεσις
1798 2685 1886 2739 καὶ

309 2781 547 2853 σπουδή.
584 2782 747 2839 Ἀλλ’.
796 2781 929 2856 ὅπερ
990 2778 1205 2856 ἔλεγον,
1264 2777 1327 2832 σὺ
1390 2779 1507 2849 μὲν,
1539 2776 1723 2855 φησὶν,
1755 2774 1841 2830 ἐπὶ
1872 2780 1952 2846 τῷ

302 2875 533 2927 σεαυτοῦ
582 2873 908 2950 συμφέροντι
976 2867 1257 2943 γλώσσαις
1325 2865 1534 2933 λαλῶν,
1601 2863 1875 2950 εὐλογεῖς
1913 2860 1950 2931 ἤ

286 2961 659 3039 εὐχαριστεῖς,
694 2958 730 3028 ἤ
765 2958 907 3015 ἄλλο
936 2979 990 3012 τι
1022 2955 1233 3021 λαλεῖς,
1294 2955 1322 3008 ὁ
1381 2952 1438 3008 δὲ
1491 2954 1762 3028 ἀκροατής
1794 2949 1948 3006 οὐδὲν

281 3047 589 3123 κερδαίνει,
622 3045 777 3103 οὐδὲν
810 3047 1103 3123 ὠφελεῖται
1143 3044 1249 3099 ἀπὸ
1310 3048 1426 3099 σοῦ.
1468 3044 1528 3099 Ὁ
1587 3040 1644 3096 δὲ
1686 3045 1809 3102 νοῦς
1844 3061 1948 3112 μου

280 3138 531 3213 ἄκαρπός
590 3138 724 3192 ἐστι·
756 3161 787 3189 ››
843 3135 1141 3203 τουτέστιν,
1203 3134 1303 3188 οὐκ
1354 3130 1484 3206 ἔσχε
1540 3132 1629 3185 τὸν
1688 3130 1792 3185 ἀπὸ
1837 3130 1946 3183 τῶν

282 3229 574 3303 ἀκροατῶν
635 3226 993 3301 συναγόμενον
1075 3222 1222 3294 αὐτῷ
1276 3222 1367 3276 καὶ
1422 3221 1763 3295 τρυγώμενον
1819 3238 1947 3292 καρο

285 3320 418 3380 «av.
451 3319 480 3371 6
511 3321 611 3372 τοῦ
643 3314 942 3375 λαλοῦντος
974 3318 1098 3375 νοῦς
1160 3313 1263 3366 οὐκ
1320 3306 1606 3385 ἐκέρδησεν
1642 3308 1827 3376 αὐτὸν,
1861 3308 1960 3362 οὐκ

292 3407 590 3477 ἀπήλαυσι
640 3406 737 3460 τοῦ
790 3404 1041 3459 τοιούτου
1103 3404 1338 3477 καρποῦ,
1396 3396 1607 3473 ἔρημος
1656 3395 1810 3475 ὤφθη
1862 3400 1958 3450 τοῦ

291 3499 534 3569 καρποῦ,
568 3491 811 3568 ἄκαρπός
846 3491 1004 3546 ἐστιν.

372 3760 439 3818 Τί
512 3761 604 3814 οῦν
665 3758 822 3827 ἐστι;
895 3756 1267 3832 Προσεύξομαι
1325 3758 1404 3825 τῷ
1456 3751 1743 3825 πνεύματί,
1789 3772 1957 3825 προσ-

295 3852 527 3922 εύξομαι
560 3847 616 3904 δὲ
668 3848 757 3903 καὶ
814 3852 894 3919 τῷ
957 3843 1064 3904 νοΐ.
1120 3843 1295 3900 Ψαλῶ
1349 3848 1428 3916 τῷ
1475 3842 1765 3915 πνεύματι,
1796 3840 1957 3914 ψαλῶ

294 3938 479 3995 δὲκαὶ
535 3944 616 4010 τῷ
668 3940 777 3994 νο³ι.
838 3936 989 3993 Ἐπεὶ
1054 3936 1139 3989 εὰν
1194 3933 1508 4008 εὐλογήσῃς
1560 3936 1640 4003 τῷ
1667 3932 1956 4003 πνεύματι,

294 4032 324 4085 ὁ
397 4027 729 4101 ἀναπληρῶν
799 4027 894 4082 τὸν
959 4025 1126 4080 τόπον
1197 4027 1294 4077 τοῦ
1352 4020 1601 4088 ἰδιώτου,
1667 4025 1783 4081 πῶς
1848 4020 1960 4093 ἐρεῖ

291 4119 362 4173 τὸ
426 4119 601 4189 Ἀμην
657 4114 743 4170 ἐπὶ
802 4119 871 4188 τῇ
934 4112 1002 4188 σῇ
1054 4110 1415 4187 εὐχαριστίας
1475 4107 1661 4179 ἐπειδὴ
1692 4110 1745 4163 τί
1775 4107 1958 4184 λέγεις

297 4210 406 4264 οὐκ
466 4205 598 4265 οἶδε.
662 4208 738 4262 Σὺ
794 4208 887 4277 μὲν
945 4205 1046 4279 γὰρ
1104 4202 1288 4262 καλῶς
1348 4202 1714 4275 εὐχαριστεῖς,
1765 4197 1891 4253 ἀλλ’
1929 4199 1957 4252 ὁ

294 4296 483 4372 ἔτερος
544 4295 643 4351 οὐκ
701 4292 1097 4365 οἰκοδομεῖται.
1161 4290 1486 4365 Εὐχαριστῶ
1541 4294 1621 4361 τῷ
1674 4296 1791 4360 Θεῳ
1852 4310 1955 4360 μου

296 4388 518 4443 πάντων
587 4386 738 4458 ῦμῶν
802 4381 1021 4458 μᾶλλον
1090 4379 1363 4457 γλώσσαις
1432 4376 1643 4449 λαλῶν,
1706 4376 1833 4432 ἀλλ’
1909 4377 1959 4431 ἐν

292 4474 603 4546 Ἐκκλησία
666 4472 813 4529 θέλω
878 4470 1035 4527 πέντε
1100 4468 1300 4545 λόγους
1365 4465 1453 4522 διὰ
1514 4472 1609 4523 τοῦ
1670 4467 1793 4528 νοός
1854 4489 1955 4539 μου

2065 1912 2195 1965 quae
2227 1895 2395 1961 dicis,
2430 1896 2726 1965 quomodo
2762 1895 2864 1949 tibi
2918 1897 3349 1967 respondebit?
3405 1897 3704 1968 quomodo

2063 1983 2219 2038 dicet
2249 1999 2263 2037 :
2297 2006 2325 2033 ‹‹
2360 1986 2566 2051 Amen,
2604 2007 2630 2032 »
2664 1985 2711 2039 si
2742 1985 3009 2039 fortassis
3039 1985 3150 2039 hoc
3176 2002 3310 2039 eum
3342 1985 3700 2056 respondere

2061 2080 2496 2143 oporteat,cum
2522 2074 2670 2128 nihil
2697 2074 2941 2127 omnino
2968 2073 3261 2144 intelligat
3292 2091 3423 2144 quae
3451 2080 3513 2128 tu
3531 2075 3697 2129 dicis!

2063 2163 2362 2233 Siquidem
2377 2169 2439 2217 tu
2471 2162 2691 2217 beneet
2721 2164 2794 2217 ad
2814 2163 2895 2217 tui
2926 2163 3110 2233 ipsius
3141 2164 3705 2227 commodum,sires

2061 2251 2539 2316 ferat,benedicis
2570 2258 2629 2306 et
2658 2253 2805 2323 agis,
2838 2258 2939 2306 aut
2968 2252 3129 2306 aliud
3163 2252 3469 2323 quippiam
3500 2269 3705 2307 eorum

2062 2357 2191 2409 qua)
2224 2340 2349 2394 ﬁeri
2381 2346 2611 2410 oportet
2659 2341 2783 2411 agis
2822 2340 3067 2411 (ubique
3099 2340 3259 2394 enim
3292 2341 3402 2395 hoc
3461 2342 3707 2396 verbum

2060 2430 2181 2483 vult
2211 2429 2537 2499 subaudiri,
2558 2434 2615 2482 et
2646 2446 2763 2483 non
2792 2430 2851 2483 in
2883 2429 3080 2498 aliquo
3112 2446 3326 2500 genere
3359 2431 3600 2485 definito
3624 2432 3708 2485 in-

2061 2518 2267 2571 sistere
2306 2536 2319 2573 :
2352 2516 2484 2572 ideo
2518 2534 2679 2571 nunc
2710 2517 2949 2587 quidem
2981 2517 3144 2582 dicit,
3162 2542 3187 2567 α
3212 2519 3491 2587 Psallere,
3520 2542 3545 2567 υ
3561 2520 3703 2574 alibi

2060 2621 2194 2659 vero
2218 2632 2234 2653 ι
2259 2606 2630 2670 Benedicere,
2655 2626 2679 2656 ν
2699 2610 2757 2660 et
2778 2607 3121 2677 postipsum
3154 2607 3332 2660 etiam
3363 2624 3469 2676 pro
3494 2608 3702 2662 eodem

2059 2695 2244 2764 ponit,
2279 2718 2304 2743 ‹‹
2338 2695 2565 2749 Gratias
2614 2711 2785 2766 agere
2822 2712 2835 2760 ;
2880 2715 2909 2743 ››
2943 2693 3262 2749 ostendens
3291 2695 3450 2765 quod
3480 2695 3699 2766 ubique

2059 2784 2135 2838 sit
2164 2784 2215 2854 ej
2226 2800 2293 2838 us
2306 2783 2639 2838 adhortatio
2663 2799 2730 2838 ac
2744 2783 3004 2838 studium
3018 2782 3089 2837 de
3104 2783 3268 2838 omni
3288 2799 3352 2837 re
3365 2785 3701 2839 necessaria

2058 2890 2126 2927 ac
2157 2873 2694 2943 convenienti,quaa
2710 2873 2927 2945 linguis
2958 2874 3346 2944 exprimitur).
3383 2874 3603 2944 Itaque,
3634 2881 3699 2928 ut

2058 2962 2271 3027 dixi,tu
2302 2962 2542 3032 quidem
2558 2962 2776 3033 linguis
2806 2962 3170 3031 loquens,ad
3201 2963 3285 3016 tui
3317 2963 3503 3033 ipsius
3534 2980 3696 3017 com-

2057 3050 2299 3104 modum
2331 3050 2632 3105 benedicis
2663 3050 2751 3104 vel
2781 3050 2998 3121 gratias
3030 3051 3176 3121 agis,
3205 3056 3306 3105 aut
3336 3051 3497 3105 aliud
3528 3052 3697 3121 quip-

2059 3139 2216 3210 piam
2272 3140 2535 3209 loqueris
2560 3157 2574 3205 ;
2624 3139 2859 3193 auditor
2887 3155 3022 3193 vero
3054 3140 3286 3193 nullum
3316 3146 3579 3210 reportat
3606 3140 3701 3194 lu-

2061 3244 2250 3293 crum,
2310 3228 2457 3283 nihil
2513 3246 2548 3283 a
2594 3234 2650 3282 te
2673 3229 2933 3299 juvatur.
2970 3250 2997 3277 «
3030 3232 3102 3282 At
3158 3246 3328 3283 meus
3384 3245 3517 3284 mea
3574 3229 3700 3283 sine

2062 3316 2256 3372 fructu
2282 3322 2391 3382 est,
2422 3336 2449 3367 ι
2477 3318 2589 3371 hoc
2618 3323 2729 3381 est,
2760 3334 2880 3371 non
2910 3318 3139 3388 accepit
3164 3317 3423 3372 fructum
3446 3318 3519 3372 ab
3540 3318 3703 3373 aud.-

2061 3406 2289 3470 toribus
2307 3406 3029 3477 collectum,veltanquam
3051 3424 3121 3461 ex
3142 3407 3439 3461 vindemia
3468 3424 3706 3478 congre—

2062 3502 2263 3559 gatum
2291 3512 2303 3549 :
2336 3496 2493 3550 hunc
2526 3512 2648 3549 non
2678 3495 2789 3549 sibi
2820 3495 3117 3550 lucrifecit
3146 3512 3315 3550 mens
3340 3496 3468 3567 ejus
3500 3496 3599 3566 qui
3616 3496 3702 3550 lo-

2062 3585 2284 3655 quitur,
2318 3602 2438 3640 non
2490 3584 2671 3640 fruita
2700 3590 2789 3639 est
2813 3584 2916 3639 tali
2948 3585 3164 3652 fructu,
3217 3585 3479 3640 desolata
3518 3601 3703 3657 appa—

2063 3674 2183 3728 ruit
2211 3674 2428 3739 fructu,
2462 3674 2590 3729 sine
2622 3675 2815 3728 fructu
2846 3680 2955 3729 est.

2133 3765 2288 3820 500
2310 3765 2450 3829 XIV,
2478 3766 2654 3817 15-19.
2681 3786 2709 3812 ‹‹
2742 3762 2891 3827 Quid
2922 3779 3058 3834 ergo
3095 3764 3425 3817 est?0rabo
3466 3763 3700 3833 spiritu,

2062 3876 2089 3904 «
2111 3852 2215 3907 sed
2236 3852 2414 3907 orabo
2434 3857 2491 3905 et
2503 3856 2728 3905 mente:
2752 3851 3001 3921 psaliam
3023 3851 3365 3921 spiritu,sed
3378 3850 3627 3921 psallam
3646 3856 3705 3903 et

2064 3963 2091 3991 ‹‹
2105 3938 2567 4007 mente.Alioqui
2587 3938 2633 3991 si
2648 3937 3021 3991 benedixeris
3034 3938 3321 4007 spiritu,is
3334 3937 3433 4006 qui
3447 3936 3704 4007 complet

2063 4029 2300 4083 «locum
2316 4025 2841 4096 idiotaa,quomodo
2855 4024 3121 4080 dicturus
3135 4032 3222 4080 est
3236 4029 3421 4079 Amen
3434 4025 3509 4080 ad
3538 4032 3700 4079 tuam

2062 4141 2089 4169 α
2105 4115 2583 4171 benedictionem
2598 4114 2625 4168 δῖ
2641 4113 2877 4184 quando
2892 4113 3132 4184 quidem
3149 4114 3291 4184 quid
3310 4114 3469 4169 dicas
3492 4115 3699 4169 nescit.

2064 4228 2088 4258 ιι
2106 4208 2249 4259 Nam
2268 4210 2330 4258 tu
2344 4203 2584 4273 quidem
2603 4202 2753 4257 bene
2790 4203 3009 4274 gratias
3027 4203 3169 4275 agis,
3198 4220 3401 4259 verum
3417 4203 3700 4259 aliusnon

2062 4294 2449 4349 «aedificatur.
2486 4294 2715 4347 Gratias
2736 4292 2974 4364 agoDeo
2996 4308 3149 4359 meo,
3184 4293 3285 4362 qui
3299 4294 3483 4364 magis
3523 4309 3700 4361 quam

2062 4408 2087 4433 ι(
2107 4401 2311 4439 omnes
2341 4400 2440 4437 vos
2470 4382 2685 4455 linguis
2718 4382 2948 4451 loquor.
2984 4380 3095 4435 Sed
3138 4381 3199 4435 in
3230 4380 3490 4435 Ecclesia
3542 4380 3699 4435 malo

2061 4498 2086 4523 ‹‹
2114 4475 2376 4545 quinque
2408 4473 2795 4528 verbamente
2828 4488 2963 4526 mea
2992 4470 3247 4541 loqui,ut
3278 4476 3335 4525 et
3365 4470 3698 4525 aliosinsti-

296 4564 567 4635 λαλῆσαι,
620 4562 710 4617 ’ἱνα
783 4563 870 4616 καὶ
942 4559 1148 4621 ἄλλους
1221 4559 1547 4631 κατηχήσω,
1617 4557 1651 4625 ἤ
1722 4556 1950 4631 μυρίους

2068 4586 2087 4617 ι
2122 4571 2308 4632 tuam,
2342 4580 2519 4633 quam
2553 4563 2758 4618 decem
2791 4561 2979 4615 millia
3010 4560 3320 4615 verborum
3350 4560 3570 4631 lingua.
3608 4582 3635 4608 ››

297 4654 505 4731 λόγους
538 4653 589 4708 ἐν
626 4650 870 4726 γλώσσῃ.

376 4744 433 4797 Γί
470 4743 562 4797 οὗν
596 4740 735 4795 ἐστιν
770 4738 800 4794 ὅ
831 4739 970 4813 χρὴ,
1003 4736 1185 4813 φησὶν,
1212 4734 1381 4789 αἰτεῖν
1410 4734 1502 4787 τὸν
1541 4735 1669 4788 Θεὸν
1698 4754 1711 4802 ;
1752 4734 1818 4790 Τί
1844 4754 1857 4802 ;
1887 4734 1949 4789 τὸ

297 4832 702 4908 προσεύχεσθαι
733 4833 814 4900 τῷ
856 4826 1149 4897 πνεύματι,
1208 4825 1325 4877 οἷον
1376 4827 1445 4897 τῇ
1503 4826 1679 4897 ψυχῇ,
1712 4824 1842 4895 ὅπερ
1874 4822 1950 4884 εἷς

296 4925 401 4991 τὴν
464 4921 630 4975 αὐτοῦ
685 4917 853 4991 μόνου
913 4914 1169 4969 συντείνει
1225 4911 1516 4987 ὠφέλειαν,
1553 4913 1951 4986 προσεύχεσθαι

304 5010 364 5066 δὶ
392 5010 480 5064 καὶ
509 5014 589 5081 τῷ
619 5009 726 5075 νοῒ,
760 5007 894 5079 ὅπερ
950 5004 1038 5059 καὶ
1101 5002 1178 5064 εἷς
1233 5003 1332 5070 τήν
1363 5006 1471 5056 τῶν
1501 4999 1736 5070 πλησίον
1766 5001 1952 5079 φθάνει

303 5095 631 5171 οἰκοδομὴν,
690 5096 827 5151 κατὰ
886 5096 986 5159 τήν
1044 5091 1224 5146 ἐπάνω
1281 5091 1656 5166 παραγραφὴν,
1689 5090 1778 5144 καὶ
1809 5087 1954 5162 ψαλ-

299 5190 415 5245 λειν
446 5184 502 5241 δέ
533 5184 762 5257 ὁμοίως.
797 5208 824 5233 ‹‹
861 5184 1036 5237 ΨαΛῶ
1060 5183 1139 5250 τῷ
1165 5178 1502 5249 πνεύματι.»
1526 5210 1594 5220 -—
1619 5179 1950 5251 [OEOAQR]

303 5284 544 5351 Ηνεῦμα,
568 5274 631 5330 τὸ
662 5272 1020 5346 πνευματικὸν
1056 5271 1305 5344 χάρισμα
1360 5268 1538 5338 καλεῖ,
1584 5272 1708 5321 νοῦν
1746 5265 1824 5332 δὲ,
1854 5273 1951 5336 τήν

302 5372 591 5440 σαφήνειαν
652 5368 738 5421 καὶ
802 5364 1092 5439 ἑρμηνείαν
1149 5367 1257 5415 τῶν
1311 5360 1643 5435 λεγομένων.
1704 5362 1857 5435 Λέγει
1896 5356 1952 5413 δὲ

301 5432 393 5515 ὅτι.
436 5458 703 5533 προσήκει
763 5455 853 5510 τὸν
907 5452 1058 5527 ἑτέρᾳ
1119 5449 1343 5524 γλώσσῃ
1404 5447 1810 5524 διαλεγόμενον,
1850 5446 1953 5504 εἶτε

304 5549 391 5605 ἐπὶ
422 5543 781 5621 ψαλμῳὸίας,
838 5540 946 5598 εἴτε
1004 5539 1092 5594 ἐπὶ
1148 5542 1485 5613 προσευχῆς,
1540 5537 1645 5594 ε’ίτε
1686 5539 1771 5593 ἐπὶ
1804 5535 1955 5592 διδα-

308 5631 822 5703 σκαλιας,ἤαύτὸν
879 5628 1195 5704 ἑρμηνεύειν
1255 5627 1346 5681 καὶ
1405 5632 1543 5680 νοεῖν
1597 5626 1648 5683 τί
1708 5625 1851 5702 Λέγει
1882 5625 1957 5689 εἷς

2135 4744 2286 4808 Quid
2317 4742 2494 4813 igitur
2524 4741 2862 4811 est,inquit,
2889 4740 3048 4810 quod
3080 4756 3115 4794 a
3147 4741 3261 4794 Deo
3294 4746 3493 4811 petere
3526 4756 3703 4811 opor-

2058 4836 2143 4884 tet
2172 4830 2198 4884 ?
2221 4829 2362 4899 quid
2390 4828 2597 4882 ?orare
2622 4827 2834 4897 spiritu
2867 4827 2983 4881 sive
2997 4826 3379 4896 anima,quod
3412 4826 3486 4881 ad
3518 4827 3703 4898 ipsius

2060 4924 2289 4974 tantum
2329 4917 2647 4972 utilitatem
2680 4916 3090 4987 protenditur:
3120 4917 3223 4971 sed
3256 4933 3425 4972 orare
3448 4924 3507 4971 et
3536 4934 3707 4972 men-

2061 5008 2301 5079 te,quod
2334 5008 2510 5063 etiam
2543 5006 2618 5060 ad
2639 5006 3046 5076 proximorum
3082 5008 3365 5079 pertingit
3392 5007 3705 5061 utilitatem

2052 5099 2223 5169 juxta
2254 5096 2625 5167 superiorem
2658 5094 3482 5166 prmscriptionem.Similiter
3506 5100 3708 5148 autem

2061 5192 2117 5241 et
2173 5185 2445 5256 psallere.
2505 5183 2825 5237 «Psallam
2886 5184 3179 5253 spiritu.»
3230 5184 3510 5254 Spiritum
3542 5188 3709 5239 vocat

2061 5274 2366 5345 spirituale
2386 5274 2628 5336 donum,
2648 5278 2903 5326 mentem
2921 5289 3057 5326 vero
3090 5271 3625 5326 manifestationem
3640 5290 3707 5330 ac

2061 5362 2613 5433 interpretationem
2648 5378 2849 5415 eorum
2871 5378 3001 5430 quas
3021 5360 3478 5415 dicuntur.Dicit
3508 5371 3707 5420 autem

2063 5451 2220 5523 quod
2253 5450 2531 5521 expediat
2560 5466 2693 5503 eum
2714 5450 2814 5519 qui
2836 5449 2954 5503 alia
2977 5448 3469 5519 lingualoquitur,
3495 5451 3613 5506 sive
3645 5455 3704 5509 in

2064 5540 2415 5611 psalmodia,
2448 5539 2568 5593 sive
2610 5538 2670 5592 in
2715 5539 3002 5606 oratione,
3037 5538 3153 5591 sive
3187 5537 3249 5591 in
3282 5537 3569 5605 doctrina,
3604 5549 3705 5598 aut

2066 5631 2259 5700 ipsum
2288 5627 2663 5699 interpretari
2686 5632 2745 5679 et
2764 5626 3089 5698 intelligere
3113 5626 3254 5696 quid
3271 5627 3427 5683 dicat
3447 5628 3520 5683 ad
3543 5631 3703 5686 utili-
