4068 6254
389 360 508 418 855

1484 353 1730 414 (ΕΟοΜ
1743 351 1844 410 ΕΝ
1854 351 1898 410 ll
1945 349 2251 410 'l‘RlCCxE
2294 349 2670 412 EPISCUPI.

3693 346 3808 404 856

393 495 624 550 occulta
655 492 840 564 ipsius
871 490 1350 554 manifestantur,
1383 492 1441 542 et
1471 487 1788 558 procidens
1829 484 2038 540 adorat

2173 479 2447 553 Βηλονότι,
2477 483 2544 538 τά
2598 485 2809 559 κρυπτὰ
2850 483 3016 539 αὐτοῦ
3077 487 3456 560 φανεροῦνται.
3499 479 3610 536 Καὶ
3642 479 3815 532 πεσὼν

396 585 600 638 Deum.
643 605 670 631 α
707 580 1028 636 Procidens
1061 580 1123 634 in
1186 577 1422 632 faciem.
1471 601 1493 630 ι
1559 579 1670 632 Res
1701 577 1860 631 enim
1919 595 2051 648 quin

393 671 735 737 accidit,eos
758 670 937 724 etiam
964 669 1064 739 qui
1093 668 1480 722 vehementer
1514 665 1894 737 impudentes
1917 673 2055 722 sunt

391 760 748 832 pudefaciet.

467 944 811 1009 XlV,26-28.
831 963 858 990 «
887 939 1038 1006 Quid
1058 940 1238 1012 igitur
1260 944 1369 1005 est,
1399 938 1656 992 fratres?
1673 938 1816 992 Cum
1842 954 2052 992 conve-

398 1054 423 1079 ‹‹
459 1031 587 1086 neri
597 1030 946 1100 tis,quisque
960 1033 1220 1083 vestrum
1235 1027 1514 1098 psalmum
1529 1025 2052 1093 habet,doctrinam

398 1143 425 1170 ‹‹
459 1119 928 1192 habet,linguam
960 1117 1160 1183 habet,
1188 1117 1615 1172 revelationem
1648 1115 1844 1181 habet,
1868 1116 2048 1169 inter-

401 1233 420 1260 α
461 1209 854 1282 pretationem
869 1207 1074 1263 habet:
1092 1207 1295 1262 omnia
1316 1205 1390 1261 ad
1408 1205 1864 1260 aediﬁcationem
1881 1205 2047 1259 ﬁant'

395 1322 421 1347 ‹‹
460 1300 588 1352 Sive
619 1299 823 1370 lingua
854 1297 990 1368 quis
1020 1297 1310 1366 loquitur,
1344 1296 1448 1350 ﬁat
1477 1311 1584 1366 per
1614 1294 1808 1362 binos,
1841 1300 1944 1348 aut
1973 1293 2046 1347 ad

397 1411 422 1437 α
453 1404 752 1443 summum
776 1385 1188 1456 ternos,idque
1206 1385 1553 1451 vicissim,et
1574 1401 1730 1439 unus
1753 1384 2050 1454 interpre-

393 1500 419 1525 «
455 1483 614 1531 tetur
648 1493 660 1530 :
693 1494 773 1547 qu
791 1475 850 1529 id
883 1477 931 1530 si
981 1491 1103 1530 non
1144 1475 1220 1528 sit
1251 1474 1566 1546 interpres,
1609 1478 1802 1528 taceat
1827 1474 1887 1527 in
1929 1474 2044 1526 Ec-

400 1589 420 1616 ι
453 1570 636 1624 clesia
666 1588 678 1625 :
713 1575 993 1624 caaterum
1023 1567 1134 1622 sibi
1169 1568 1281 1638 ipsi
1313 1567 1594 1637 loquatur
1623 1572 1682 1620 et
1712 1567 1849 1620 Deo.
1887 1587 1914 1614 »

467 1659 615 1723 Quid
651 1660 850 1730 igitur,
881 1657 1098 1727 inquit.
1130 1655 1471 1711 faciendum
1509 1660 1600 1708 est
1654 1654 1864 1708 vobis?
1904 1653 2049 1707 Ecce

398 1748 558 1802 enim
581 1748 830 1802 audistis
858 1746 1157 1800 donorum
1179 1744 1566 1798 differentias.
1583 1745 1652 1796 Et
1677 1757 2048 1812 consequen-

2158 576 2453 646 προσκυνεῖ
2479 576 2559 643 τῷ
2591 577 2728 644 Θεῷ.
2763 598 2790 624 ‹‹
2821 573 3004 627 Πεσὼν
3058 570 3144 625 ἐπὶ
3175 570 3494 644 πρόσωπον.
3538 593 3567 617 ι»
3596 568 3670 622 Τὸ
3700 567 3815 640 γὰρ,

2158 663 2468 735 γινόμενον,
2528 661 2617 716 καὶ
2677 661 2804 722 τοὺς
2863 657 3070 739 σφόδρα
3130 659 3532 736 ἀναισχύντους
3573 652 3820 710 καταιδέ-

2159 769 2260 804 σει.

2227 942 2291 999 Τί
2358 944 2452 996 οὖν
2514 942 2678 1011 ἐστιν,
2735 939 3010 1009 ἀδελφοί;
3073 942 3197 996 ὅταν
3285 939 3644 1014 συνέρχησθε
3710 939 3826 991 έκα-

2157 1053 2284 1093 στος
2355 1032 2508 1104 ὑμῶν
2592 1029 2816 1105 ψαλμὸν
2885 1030 3024 1106 ἔχει,
3117 1028 3352 1107 διδαχὴν
3420 1027 3573 1106 ἔχει,
3653 1024 3830 1102 γλῶσ-

2157 1140 2250 1174 σαν
2310 1117 2449 1194 ἔχει,
2509 1117 2856 1192 ἀποκάλυψιν
2912 1114 3052 1193 ἔχει,
3111 1119 3404 1193 ἑρμηνείαν
3478 1110 3631 1190 ἔχει.
3697 1117 3826 1171 Hav-

2156 1229 2224 1262 τα
2302 1209 2438 1283 πρὸς
2527 1206 2826 1279 οἷκοόομῆν
2913 1206 3168 1284 γινέσθω.
3230 1204 3356 1262 Εἴτε
3441 1203 3690 1280 γλώσσῃ
3751 1223 3825 1263 τις

2155 1294 2319 1352 λαλεῖ
2367 1298 2502 1351 κατά
2570 1294 2666 1350 δύο
2724 1297 2756 1366 ἢ
2818 1296 2880 1350 τὸ
2939 1301 3198 1350 πλεῖστον
3247 1300 3417 1369 τρεῖς,
3463 1295 3566 1348 καὶ
3603 1293 3706 1346 ἀνὰ
3741 1293 3829 1364 μέο

2157 1407 2274 1461 ρος,
2327 1385 2415 1440 καὶ
2473 1388 2550 1446 εἷς
2612 1383 3031 1459 διερμηνευέτω.
3093 1385 3216 1440 Ἐὰν
3269 1380 3327 1437 δὲ
3370 1385 3446 1454 μή
3604 1379 3832 1455 διερμη-

2155 1475 2368 1542 νευτής,
2403 1473 2612 1548 σεγάτω
2662 1474 2713 1527 ἐν
2767 1473 3090 1544 Ἐκκλησία,
3123 1472 3298 1544 ἑαυτῷ
3351 1470 3408 1526 δὲ
3459 1469 3720 1525 λαλείτω
3747 1473 3828 1524 καὶ

2153 1567 2232 1635 τῷ
2261 1567 2400 1634 Θεῷ.

2226 1653 2292 1709 Τί
2324 1651 2436 1720 οὖν,
2471 1651 2626 1728 φησὶ,
2659 1650 2921 1720 ποιητέον
2980 1651 3144 1723 ὑμῖν;
3205 1646 3346 1706 Ἰδοὺ
3402 1650 3512 1724 γὰρ
3559 1647 3826 1718 ἀκηκόατε

2157 1741 2251 1802 τὰς
2306 1745 2417 1795 τῶν
2480 1739 2836 1814 χαρισμάτων
2894 1736 3178 1818 διαφοράς.
3240 1739 3344 1793 Καὶ
3398 1737 3607 1792 λοιπὸν
3663 1735 3826 1811 λέγει,

399 1841 489 1890 ter
523 1835 668 1889 dicit
705 1853 716 1888 :
751 1835 1011 1904 Quisque
1045 1838 1303 1887 vestrum
1337 1833 1455 1886 sive
1487 1831 1784 1902 psalmum
1835 1829 2050 1884 habeat

2173 1832 2418 1890 Ἐκαστος
2453 1830 2604 1901 ὑμῶν
2635 1828 2741 1883 εἳτε
2787 1827 3008 1901 ψαλμὸν
3066 1824 3179 1902 ἔχει
3241 1827 3366 1898 (ἀπὸ
3399 1827 3507 1901 γὰρ
3546 1827 3826 1900 χαρίσμα-

400 1929 558 1994 (nam
594 1943 662 1979 ex
694 1925 846 1978 dono
878 1923 1134 1993 quodam
1166 1922 1345 1976 etiam
1377 1922 1640 1991 psalmos
1671 1937 1775 1976 seu
1815 1919 2045 1975 cantica

393 2014 809 2076 conficiebant,
845 2013 966 2065 sive
998 2011 1327 2066 doctrinam
1361 2010 1598 2076 habeat,
1635 2010 1745 2064 hoc
1773 2013 1882 2074 est,
1920 2009 2042 2062 sive

395 2104 582 2172 possit
615 2101 826 2156 docere
861 2106 918 2154 et
963 2099 1280 2154 utilitatem
1314 2100 1524 2153 afferre
1561 2115 1572 2152 :
1613 2099 1732 2152 sive
1787 2098 2041 2169 prophe-

402 2194 544 2246 tiam
570 2193 725 2259 (nam
758 2191 869 2244 hoc
902 2189 1196 2261 significat
1219 2186 1588 2260 ἀποκάλυψις,
1626 2188 1682 2242 id
1739 2195 1846 2253 est,
1882 2203 2040 2241 reve-

400 2279 559 2347 latio)
595 2279 714 2332 sive
745 2277 1008 2348 linguam
1039 2275 1255 2331 habeat
1273 2275 1444 2344 (bene
1476 2282 1674 2331 autem
1709 2277 2046 2349 linguarum

393 2383 631 2438 quoque
664 2366 1106 2421 meminit.Nam
1136 2365 1277 2435 quia
1309 2366 1368 2419 in
1403 2365 1885 2436 praecedentibus
1911 2369 2046 2424 illas

397 2457 780 2510 vehementer
799 2454 1279 2525 depressit,nunc
1312 2455 1488 2508 etiam
1510 2469 1715 2508 earum
1735 2457 2040 2510 meminit:

399 2543 681 2614 quoniam
713 2545 871 2598 visus
899 2548 989 2598 est
1020 2543 1242 2598 sentire
1274 2559 1467 2614 neque
1501 2542 1641 2597 doni
1673 2561 1859 2612 genus
1918 2562 2047 2599 esse

405 2635 652 2705 gratiam
685 2633 1046 2704 linguarum)
1079 2632 1197 2685 sive
1228 2632 1779 2702 interpretationem
1812 2633 2046 2699 habeat,

405 2729 462 2778 et
483 2724 672 2794 possit
690 2722 922 2794 linguas
937 2720 1314 2791 interpretari
1334 2737 1346 2772 :
1363 2721 1636 2775 eumdem
1656 2722 1835 2776 tinem
1849 2723 2051 2777 omnia

400 2812 743 2881 respiciant,
772 2826 987 2880 nempe
1018 2814 1084 2863 ut
1114 2808 1369 2862 aedificet
1398 2808 1741 2876 Ecclesiam,
1765 2815 2049 2880 tanquam

397 2899 622 2955 diceret
654 2916 666 2953 :
699 2901 1078 2968 Quaecunque
1109 2897 1229 2952 dixi
1263 2897 1590 2968 dona,puta
1621 2897 1908 2968 psalmus,
1945 2900 2048 2954 do-

401 2987 904 3054 ctrina,revelatio
939 2986 1056 3040 sive
1088 2985 1421 3057 prophetia,
1453 2985 1676 3056 lingua,
1697 2986 2047 3057 interpreta-

409 3077 513 3143 tio,
563 3074 636 3130 ad
688 3075 1003 3130 utilitatem
1038 3074 1158 3130 sint
1215 3073 1417 3146 populi
1451 3079 1510 3128 et
1567 3073 2047 3132 aediﬁcationem.

407 3189 434 3214 ‹‹
471 3165 595 3220 Fiat
625 3182 731 3236 per
788 3165 960 3218 binos
992 3169 1094 3218 aut
1122 3163 1198 3218 ad
1256 3180 1554 3219 summum
1588 3169 1808 3220 ternos.
1838 3189 1864 3213 ››
1923 3167 2047 3220 Non

407 3254 578 3309 multi
612 3253 943 3323 loquamini
976 3253 1177 3324 lingua
1202 3268 1395 3323 neque
1427 3253 1692 3318 confuse,
1728 3271 1802 3308 ne
1835 3254 2048 3309 seditio

404 3344 544 3397 flat:
579 3343 681 3396 sed
713 3341 960 3408 duo,aut
979 3348 1044 3394 ut
1073 3341 1401 3412 plurimum
1435 3348 1572 3396 tres.
1611 3342 1790 3412 quue
1824 3341 1919 3395 ἀνᾶ
1952 3344 2047 3414 μὲ-

405 3448 521 3500 ρος,
557 3429 613 3482 id
647 3436 755 3495 est,
788 3446 893 3499 per
922 3435 1120 3499 partes
1151 3429 1267 3482 sive
1301 3429 1580 3493 vicissim,
1613 3430 1724 3484 hoc
1758 3437 1846 3484 est
1893 3449 2050 3487 unus

408 3524 541 3590 post
571 3517 756 3572 alium
779 3517 1141 3588 loquatur,et
1164 3517 1317 3570 alius
1350 3517 1830 3588 interpretetum:
1864 3521 2050 3574 Caete-

407 3623 539 3662 rum
565 3606 678 3660 sibi
710 3606 821 3676 ipsi
856 3606 1132 3676 loquatur
1163 3611 1220 3659 et
1251 3607 1389 3659 Deo.
1425 3629 1452 3656 »ι
1487 3607 1652 3670 Quod
1684 3607 1766 3662 ait
1802 3624 1814 3661 :
1851 3631 1877 3656 ‹‹
1932 3609 2054 3662 Sibi

413 3696 527 3766 ipsi
570 3695 868 3765 loquatur,
932 3716 960 3742 »
994 3709 1186 3764 neque
1251 3694 1646 3764 permittentis
1697 3700 1806 3764 est,
1863 3713 2056 3766 neque

412 3785 802 3857 prohibentis,
832 3783 986 3840 561
1025 3800 1091 3838 ac
1124 3783 1171 3837 si
1205 3783 1430 3838 diceret
1461 3801 1474 3838 :
1519 3784 1574 3837 Si
1607 3801 1725 3839 non
1758 3785 1935 3839 habet
1967 3787 2057 3841 in-

414 3875 1155 3946 terpretationem.taceat;
1183 3873 1342 3943 quod
1369 3873 1416 3928 si
1437 3890 1555 3928 non
1575 3874 1728 3944 potis
1753 3880 1842 3928 est
1865 3881 2057 3930 tacere

2080 3215 2123 3280 C

2153 1938 2247 1980 τος
2276 1919 2367 1972 καὶ
2399 1917 2656 1991 ψαλμοὺς
2686 1917 2952 1990 ἐποίουν),
2986 1917 3092 1971 ε’ἲτε
3149 1912 3385 1990 διδαχὴν
3418 1912 3568 1990 ἔχει·
3606 1916 3750 1976 οἷον,
3786 1914 3826 1967 εἴ

2155 2003 2375 2060 δύναται
2436 2003 2646 2074 διδάξαι
2705 2006 2795 2059 καὶ
2863 2004 3172 2073 ὠφελῆσαι,
3260 2002 3368 2058 εἷ’τε
3459 2002 3822 2079 προφητείαν.

2156 2079 2348 2150 (Τοῦτο
2425 2095 2527 2170 γὰρ
2604 2097 2639 2164 ἡ
2717 2091 3108 2167 ἀποκάλυψις),
3187 2091 3300 2148 ε’ίτε
3371 2091 3640 2168 γλῶσσαν
3720 2090 3825 2168 ἔχει

2154 2182 2366 2257 (καλῶς
2398 2181 2456 2237 δῖε
2487 2185 2573 2238 καὶ
2632 2188 2740 2238 τῶν
2798 2181 3061 2259 γλωσσῶν
3122 2182 3388 2255 ἐμνήσθη.
3451 2179 3688 2250 Ἐπειδή
3732 2182 3821 2255 γὰρ

2156 2273 2319 2335 αύτάς
2379 2273 2432 2328 ἐν
2487 2280 2604 2336 τοῖς
2666 2268 3014 2347 προλαϐοῦσι
3073 2269 3283 2347 σφόδρα
3338 2271 3594 2340 καθεῖλε,
3625 2276 3714 2324 νῦν
3745 2271 3819 2324 xu?

2155 2365 2333 2418 αὐτῶν
2363 2363 2632 2436 ἐμνήσθη,
2669 2363 2783 2418 ἐπεὶ
2816 2359 2992 2432 ἔδοξεν
3042 2363 3102 2416 ἃν
3161 2360 3302 2434 μηδὲ
3353 2359 3509 2424 εἶδος
3559 2363 3696 2417 εἶναι
3727 2381 3817 2434 χα-

2161 2453 2422 2528 ρίσματος
2453 2453 2516 2507 τὸ
2547 2457 2654 2506 τῶν
2699 2450 3010 2526 γλωσσῶν),
3071 2449 3177 2506 ε’ίτε
3232 2451 3532 2525 έρμηνείαν
3565 2449 3700 2526 ἔχει,
3730 2449 3812 2502 καῖ

2157 2540 2373 2596 δύναται
2403 2543 2499 2604 τὰς
2531 2540 2784 2616 γλώσσας
2819 2540 3164 2616 ἑρμηνεύειν,
3195 2546 3331 2614 πρὸς
3379 2538 3436 2594 ἓν
3494 2539 3656 2601 τέλος
3691 2540 3807 2592 πάν-

2155 2653 2223 2686 τα
2258 2630 2461 2704 ὁράτω,
2520 2631 2582 2685 τὸ
2634 2629 2952 2702 οἰκοδομεῖν
3015 2633 3114 2700 την
3174 2628 3528 2698 Ἐκκλησίαν.
3561 2631 3644 2689 Ὠς
3683 2629 3733 2681 ἂν
3763 2626 3800 2680 εἰ

2157 2716 2330 2795 ἔλεγε·
2369 2722 2546 2774 Πάντα
2589 2721 2687 2774 ὅσα
2719 2721 2779 2774 ἂν
2815 2719 2965 2774 εἶπον
3017 2718 3357 2797 χαρίσματα,
3391 2716 3634 2790 ψαλμὸν,
3665 2713 3797 2770 διδα-

2157 2809 2290 2883 χὴν,
2345 2804 2517 2881 ἤγουν
2580 2807 2947 2881 ἀποκάλυψιν,
3013 2806 3294 2882 γλῶσσαν,
3362 2807 3658 2880 ἑρμηνείαν,
3721 2803 3788 2861 είς

2158 2897 2424 2975 ὠφέλειαν
2459 2894 2693 2952 ἔστωσαν
2726 2903 2822 2952 τοῦ
2880 2897 3039 2964 λαοῦ,
3093 2897 3185 2950 καὶ
3246 2894 3560 2969 οἰκοδομὴν.
3591 2921 3610 2943 (ι
3649 2893 3775 2948 Κατά

2161 2985 2281 3054 δύο,
2315 2985 2351 3056 ἤ
2379 2985 2440 3040 τὸ
2472 2983 2730 3041 πλεῖστον
2762 2991 2930 3060 τρεῖς.
2971 3011 2995 3036 ››
3033 2987 3126 3053 Μὴ
3152 2983 3363 3040 πολλοὶ
3397 2984 3589 3040 λαλεῖτε
3612 2980 3767 3055 γλώσο

2161 3099 2225 3150 σῃ
2269 3073 2412 3149 μηδὲ
2471 3076 2919 3153 συγκεχυμένως,
2975 3073 3066 3128 ⁸ίνα
3130 3075 3206 3146 μὴ
3269 3072 3607 3128 ἀκαταστασία
3631 3070 3771 3145 γίνη-

2157 3186 2269 3232 ται,
2301 3162 2450 3219 ἀλλὰ
2509 3161 2605 3218 δύο
2653 3162 2687 3232 ἤ
2743 3169 2888 3238 τρεῖς
2946 3164 3008 3218 τὸ
3067 3163 3349 3228 πλεῖστον,
3383 3164 3474 3217 καὶ
3511 3162 3596 3216 ἀνᾶ
3625 3157 3786 3232 μέρος,

2156 3255 2429 3309 τουτέστιν
2481 3255 2560 3314 εἷς
2622 3252 2712 3330 ἀφ’
2768 3254 2886 3314 ένὸς
2947 3250 3212 3319 λαλείτω,
3272 3253 3357 3306 καὶ
3421 3245 3798 3325 διερμηνευέτω

2156 3341 2360 3416 ἕτερος.
2432 3343 2702 3414 «Ἑαυτῷ
2761 3338 2817 3396 δὲ
2868 3342 3108 3397 λαλείτω
3169 3341 3260 3395 καέ
3319 3345 3398 3412 τῷ
3458 3347 3600 3413 Θεῷ.
3635 3364 3659 3389 »ι
3717 3336 3802 3401 Τὸ,

2163 3457 2190 3482 ‹‹
2220 3436 2426 3503 Ἑαυτῷ
2461 3429 2760 3495 λαλείτω,››
2795 3431 2897 3486 ούκ
2927 3427 3067 3485 ἔστιν
3102 3429 3519 3503 ἐπιτρέποντος,
3551 3427 3669 3484 ἀλλ’
3697 3422 3807 3480 οὐδὲ

2161 3519 2494 3582 κωλύοντος.
2535 3522 2674 3574 Ὡσεὶ
2707 3515 2918 3595 ἔλεγενσ
2972 3521 3036 3578 Εἰ
3095 3521 3171 3593 μὴ
3222 3519 3339 3595 ἔχει
3387 3521 3704 3594 ἑρμηνείαν,
3736 3517 3806 3570 ci-

2163 3611 2333 3684 γάτω.
2388 3609 2449 3665 Εἰ
2509 3607 2566 3663 δὲ
2626 3611 2702 3681 μή
2763 3614 3014 3683 καρτερεῖ
3069 3613 3218 3681 σιγᾷν
3281 3613 3468 3678 (τοῦτο
3505 3606 3562 3663 δὲ
3597 3627 3812 3680 κατηγο-

2167 3697 2284 3773 ρίας
2315 3697 2500 3770 ἐστὶν),
2560 3700 2734 3769 ἑαυτῷ
2791 3696 3056 3765 λαλείτω,
3114 3699 3413 3767 τουτέστιν,
3465 3693 3818 3774 ἀψοφητὶκαῖ

2165 3786 2474 3860 ἠρέμα,ὡς
2503 3788 2632 3842 Θεὸν
2697 3788 2858 3858 μόνον
2914 3787 3151 3854 ἀκούειν,
3212 3788 3276 3841 οὐ
3341 3789 3447 3859 μην
3484 3786 3820 3862 ἀνθρώπους.

2175 3876 2314 3949 Ὅρα
2344 3880 2461 3937 πῶς
2490 3873 2541 3929 ἐν
2574 3880 2655 3947 τῷ
2687 3873 2862 3930 δοκεῖν
2899 3873 3226 3949 ἐπιτρέπειν,
3258 3875 3588 3949 ἀποτρέπει.

413 3966 548 4035 (hoc
577 3968 774 4019 autem
807 3963 930 4017 vitii
964 3964 1073 4033 est)
1105 3962 1217 4017 sibi
1251 3962 1362 4034 ipsi
1390 3961 1688 4034 loquatur,
1723 3963 1836 4017 hoc
1867 3969 1974 4032 est,
2010 3964 2166 4035 apud
2212 3982 2274 4020 se
2306 3965 2522 4020 leniter
2551 3971 2609 4020 et
2641 3965 2769 4020 sine
2829 3965 3102 4036 strepitu,
3137 3971 3200 4019 ut
3230 3963 3392 4020 solus
3428 3966 3588 4019 Deus
3644 3963 3829 4018 audiat

417 4059 480 4108 et
513 4070 633 4107 non
664 4053 960 4106 homines.
994 4051 1318 4108 Considera
1348 4068 1482 4106 vero
1515 4052 1813 4123 quomodo
1847 4053 1984 4108 dum
2014 4054 2356 4124 permittere
2388 4055 2640 4116 videtur,
2672 4055 3005 4125 prohibeat.

491 4141 874 4210 XIV,29-33.«
910 4141 1220 4212 Propheta:
1251 4157 1386 4195 vero
1411 4141 1526 4195 duo
1559 4147 1660 4195 aut
1679 4147 1798 4196 tres
1826 4141 2070 4212 loquan-

417 4253 444 4279 «
485 4235 662 4296 tur,et
692 4231 886 4283 caeteri
921 4229 1446 4301 dijudicent.Quod
1478 4229 1525 4283 si
1547 4229 1718 4284 alteri
1743 4230 2066 4286 revelatum

421 4346 445 4369 ι.
481 4319 660 4373 fuerit
690 4317 1168 4389 assidenti,prior
1192 4319 1657 4372 taceat.Potestis
1683 4320 1838 4372 enim
1865 4320 2064 4392 singu-

437 4432 452 4456 ι
480 4409 646 4462 latim
679 4424 888 4462 omnes
938 4408 1327 4478 prOphetare:
1374 4411 1440 4460 ut
1468 4422 1676 4460 omnes
1727 4406 1976 4474 discant,
2012 4413 2070 4461 et

2253 4147 2537 4219 [Ιροφῆται
2617 4139 2672 4195 δὲ
2753 4138 2849 4195 δύο
2902 4140 2938 4210 ἢ
2997 4147 3142 4215 τρεῖς
3223 4138 3596 4208 λαλείτωσαν,
3651 4140 3736 4195 καὶ
3787 4139 3829 4190 οἱ

2181 4225 2344 4282 ἄλλοι
2407 4224 2849 4301 διακρινέτωσαν.
2911 4227 3032 4282 Ἐὰν
3116 4225 3172 4282 δὲ
3249 4225 3410 4299 ἄλλῳ
3466 4226 3829 4301 ἀποκαλυςσῢῇ

2569 4317 2597 4370 ὁ
2672 4320 2893 4389 πρῶτος
2970 4317 3198 4392 σιγάτω.
3277 4314 3512 4379 Δύνασθε
3561 4318 3675 4391 γὰρ
3727 4313 3831 4374 καθ’

2179 4403 2266 4459 ἕνα
2339 4405 2529 4466 πάντες
2605 4405 2996 4482 προφητεύειν,
3069 4405 3158 4459 ἳνα
3233 4405 3430 4465 πάντες
3511 4407 3830 4477 μανθάνωσι,

2176 4327 2314 4386 καθη
2329 4317 2492 4388 μένῳ,

422 4522 446 4546 ιι
485 4515 691 4552 omnes
718 4497 1190 4552 consolationem
1222 4495 1517 4566 accipiant
1545 4512 1556 4548 :
1591 4501 1648 4549 et
1671 4495 1912 4566 spiritus
1943 4513 2057 4566 pro

2181 4493 2268 4548 καὶ
2346 4493 2540 4555 πάντες
2612 4490 3058 4566 παρακαλῶνται.
3138 4493 3236 4548 Καὶ
3321 4493 3617 4566 πνεύματα
3710 4509 3830 4563 προ-

423 4610 449 4633 ‹‹
485 4587 801 4656 phetarum
835 4586 1142 4657 prophetis
1176 4584 1729 4654 subjiciuntur.Non
1764 4585 1925 4638 enim
1958 4591 2078 4638 tur-

427 4695 453 4726 α
485 4675 742 4729 bationis
773 4681 979 4730 auctor
1005 4680 1095 4727 est
1127 4674 1304 4740 Deus,
1338 4673 1440 4727 sed
1472 4672 1656 4743 pacis,
1690 4678 1755 4726 ut
1787 4673 1848 4726 in
1879 4674 2072 4727 omni-

427 4786 450 4813 «ι
487 4764 598 4816 bus
630 4763 908 4818 Ecclesiis
936 4769 1298 4817 sanctorum.
1339 4785 1364 4810 »

502 4854 680 4904 Erant
710 4851 866 4904 inter
893 4853 1210 4921 prophetas
1242 4852 1422 4906 etiam
1457 4855 1614 4905 vates
1643 4867 1746 4906 seu
1769 4850 1950 4904 divini
1976 4850 2076 4920 qui

430 4939 714 5007 latebant,
748 4940 881 4994 ideo
913 4940 995 4994 ait
1025 4957 1038 4993 :
1080 4964 1108 4988 «
1143 4943 1264 4995 Puo
1319 4947 1421 4995 aut
1471 4945 1588 4994 tres
1645 4940 1986 5010 loquantur,
2021 4945 2080 4993 et

434 5031 632 5086 caateri
667 5028 1015 5102 dijudicent.
1051 5052 1078 5078 ››
1108 5031 1226 5085 Hoc
1257 5035 1367 5098 est,
1414 5029 1782 5102 dijudicent;
1825 5045 1898 5083 ne
1932 5044 2076 5098 quo-

437 5120 610 5174 modo
646 5125 800 5174 vates
835 5118 1132 5188 quispiam
1165 5135 1295 5172 esse
1338 5119 1628 5189 propheta
1685 5117 2076 5172 existimetur.

434 5205 569 5262 Ideo
604 5222 741 5278 ergo
775 5204 890 5260 duo
923 5209 1025 5259 aut
1082 5209 1303 5268 tres,ne
1337 5209 1580 5275 propter
1635 5203 2081 5258 multitudinem

433 5295 659 5349 lateant
685 5293 818 5348 falsi
850 5299 1028 5347 vates.
1064 5314 1091 5340 «
1124 5291 1290 5356 Quod
1321 5292 1369 5345 si
1400 5291 1572 5346 alteri
1606 5291 1928 5346 revelatum
1954 5289 2084 5344 fue-

439 5385 515 5438 rit
543 5384 849 5439 assidenti.
887 5406 914 5432 »
947 5383 1002 5436 Si
1039 5388 1112 5447 te,
1149 5382 1366 5451 inquit,
1401 5382 1796 5453 prophetante
1828 5379 2084 5434 alterum

438 5475 685 5527 moverit
739 5475 990 5544 Spiritus
1049 5478 1311 5538 sanctus,
1371 5478 1436 5526 tu
1510 5479 1660 5536 tace,
1723 5488 1797 5525 ne
1856 5469 2086 5525 duobus

447 5562 624 5614 simul
658 5562 1152 5631 prophetantibus
1185 5562 1284 5615 tiat
1315 5561 1604 5629 confusio,
1640 5577 1778 5616 nam
1811 5559 1885 5614 ob
1918 5558 2088 5626 id,in-

444 5649 592 5718 quit,
628 5655 681 5703 te
713 5651 1102 5719 prophetante
1135 5650 1304 5704 alteri
1362 5650 1715 5721 inspiratum
1777 5655 1886 5717 est,
1930 5648 2087 5719 quod

3309 4581 3388 4639 Ού

2182 4671 2578 4734 ἀκαταστασίας
2641 4675 2669 4726 ὁ
2737 4674 2889 4742 Θεὸς,
2958 4671 3084 4728 ἀλλ’
3153 4672 3398 4746 εἰρήνης,
3433 4673 3506 4734 ὡς
3556 4674 3608 4728 ἐν
3652 4673 3829 4728 πάςιτς

2185 4767 2304 4824 ταῖς
2335 4761 2683 4834 Ἑκκλησίαις
2715 4766 2826 4816 τῶν
2858 4762 3052 4837 ἁγίων.

2257 4851 2426 4904 Ἦσαν
2487 4849 2540 4905 ἐν
2598 4855 2715 4912 τοῖς
2775 4852 3086 4925 προφήταις
3139 4849 3228 4903 καὶ
3293 4852 3490 4922 μάντες
3552 4849 3824 4912 λανθάνον-

2185 4959 2290 4999 τες.
2352 4939 2444 4994 Διὸ
2505 4961 2662 5015 φησι,
2721 4939 2888 4994 «Δύο
2949 4935 2981 5006 ἤ
3040 4943 3183 5013 τρεῖς
3243 4937 3606 5010 λαλείτωσαν,
3667 4933 3826 4992 mlo?

2188 5024 2354 5081 ἄλλοι
2387 5024 2826 5100 διακρινέτωσαν,
2879 5051 2906 5078 ››
2971 5027 3239 5095 τουτέστι,
3306 5024 3722 5103 διακρινέτωσαν

2185 4586 2368 4660 φητῶν
2444 4583 2752 4658 προφήταις
2858 4583 3231 4637 ὑποτάσσεται.
3309 4581 3388 4639 Ού
3493 4584 3599 4657 γὰρ
3711 4581 3832 4635 ἐστιν

2191 5115 2298 5170 πού
2363 5137 2446 5178 τις
2509 5117 2699 5187 μάντις
2753 5116 3048 5192 προφήτης
3107 5117 3249 5170 εἶναι
3311 5117 3687 5188 ὑποκρίνηται.
3748 5111 3832 5166 Διὶ

2189 5210 2352 5260 τοῦτο
2385 5201 2443 5258 δὲ
2473 5201 2569 5259 δύο
2600 5205 2634 5274 ἢ
2665 5210 2838 5279 τρεῖς,
2877 5205 2966 5257 ἳνα
3001 5204 3076 5276 μή
3134 5201 3223 5258 διὰ
3255 5205 3314 5259 τὸ
3346 5203 3565 5274 πλῆθος
3604 5205 3824 5267 λάθωσιν

2193 5294 2243 5348 οἱ
2275 5293 2510 5365 μάντεις.
2549 5318 2576 5342 ‹‹
2605 5293 2726 5348 Ἐὰν
2761 5289 2817 5347 δέ
2866 5290 3024 5364 ἄλλῳ
3071 5292 3436 5370 ἀποκαλυφθῇ
3468 5292 3772 5364 καθημένῳ.
3807 5313 3826 5333 υ

2196 5383 2254 5436 bi
2289 5385 2404 5450 σοῦ,
2437 5381 2592 5458 φησὶ,
2632 5381 3095 5459 προφητεύοντος,
3142 5380 3314 5437 ἄλλον
3346 5381 3558 5451 ἐκίνησε
3585 5381 3644 5436 τὸ
3677 5374 3829 5434 [1νεῦ-

2198 5491 2272 5543 μα
2302 5469 2364 5524 τὸ
2397 5470 2574 5543 ἅγιον,
2635 5469 2696 5522 σὺ
2749 5469 2890 5544 σίγα,
2919 5470 3013 5523 ἳνα
3072 5472 3147 5541 μή
3180 5475 3288 5525 τῶν
3348 5468 3443 5524 δύο
3484 5473 3596 5545 ἅμα
3625 5487 3826 5542 προφη-

2193 5559 2482 5624 τευόντων,
2544 5558 2804 5636 σύγχυσις
2863 5557 3106 5634 γένηται.
3166 5562 3264 5614 Διά
3317 5563 3477 5614 τοῦτο
3529 5559 3647 5636 γὰρ,
3681 5553 3821 5634 φησῖ,

2199 5652 2294 5703 σοῦ
2359 5648 2823 5725 προφητεύοντος,
2873 5645 3044 5710 ἄλλος
3111 5645 3450 5720 ἐνεπνεύσθη,
3507 5641 3823 5722 βουλομένου
