4068 6254
294 366 417 425 857

1292 364 1693 425 COMMENT.
1747 364 1819 424 IN
1870 366 2114 428 EPIST.
2160 370 2182 428 1
2228 373 2331 430 AD
2377 340 2743 436 coaIN'rH.

3586 379 3704 437 858

295 500 399 550 τοῦ
437 496 754 567 Ηνεύματος
794 494 885 548 καὶ
943 491 1012 548 δι’
1071 492 1278 548 ἐκείνου
1339 494 1597 569 λεχθῆναί
1657 516 1730 553 τι.
1790 520 1817 548 ‹‹
1852 497 1950 551 Δύ-

2070 518 2179 571 per
2208 503 2354 559 illud
2389 524 2625 579 quoque
2658 508 2796 562 velit
2854 509 3103 579 Spiritus
3133 509 3358 580 aliquid
3410 510 3660 581 exprimi
3695 527 3709 566 :

297 587 465 639 νασθε
491 585 599 660 γὰρ
640 586 759 639 καθ’
787 580 881 638 ἕνα
924 584 1115 645 πάντες
1172 584 1558 659 προφητεύειν.
1618 584 1843 655 Ἐπειδὴ
1905 584 1961 640 δὲ

296 676 394 729 τὸν
451 679 675 749 πρῶτον
735 678 890 750 σιγᾷν
975 672 1249 742 ἐκέλευσε,
1316 677 1714 749 παραμυθεῖται
1774 676 1934 731 αὐτόν

300 767 397 833 Μὴ
437 761 797 841 δυσχεράνῃς,
831 762 985 838 φησὶ,
1020 767 1174 836 σιγᾷν
1232 761 1610 837 κελευόμενος.
1672 763 1805 838 Δῦνῃ
1857 765 1956 838 γὰρ

299 854 395 908 καὶ
432 851 493 906 σὺ
521 854 609 906 καὶ
645 850 816 913 ἄλλος
844 850 1233 926 προφητεύειν,
1268 852 1435 926 ⁵ἢγουν
1465 853 1674 916 πάντες.
1738 852 1801 909 Εἰ
1856 856 1956 921 εἷς,

300 945 383 1003 εἷς
411 940 750 1016 προφητεύῃ,
783 940 1061 995 τουτέστιν
1092 940 1193 995 οὐκ
1218 938 1460 1014 ἐκλείψει
1517 941 1545 995 ὀ
1611 943 1822 1017 καιρὸς,
1865 940 1958 996 τίνα

297 1032 498 1091 πάντες
529 1030 581 1083 οἱ
611 1030 709 1098 τήν
738 1026 1066 1100 Ἐκκλησίαν
1100 1027 1461 1101 πληροῦντες,
1493 1031 1582 1084 καὶ
1646 1032 1955 1102 μανθάνωσι

297 1119 395 1172 καὶ
429 1118 505 1180 εἰς
536 1118 711 1172 πίστιν
771 1117 1191 1192 παρακαλῶνται
1250 1120 1337 1172 καὶ
1398 1116 1726 1195 ὁδηγῶνται.
1761 1144 1788 1170 ‹‹
1852 1119 1953 1175 Καὶ

297 1210 589 1279 πνεύματα
667 1211 969 1283 προφητῶν
1064 1210 1374 1284 προφήταις
1488 1209 1862 1264 ὑποτάσσεται.
1928 1232 1956 1260 ››

301 1296 589 1368 Πνεύματα
658 1298 956 1374 προφητῶν
1012 1316 1198 1373 φησιν,
1258 1296 1389 1349 αὐτὸ
1474 1298 1535 1350 τὸ
1594 1297 1957 1370 πνευματικὸν

300 1386 573 1461 χάρισμα.
610 1385 744 1441 Εἶτα
771 1383 861 1437 ἳνα
898 1385 973 1455 μὴ
1007 1382 1143 1458 λὲγη
1176 1406 1282 1457 τις,
1317 1387 1417 1441 Καὶ
1449 1390 1566 1450 πῶς
1622 1391 1773 1460 σιγᾷν
1804 1384 1958 1441 δύνα-

305 1497 405 1547 μαι
442 1494 454 1540 ;
489 1473 617 1528 αὐτὸ
648 1474 749 1548 γὰρ
793 1474 855 1528 τὸ
886 1472 1133 1529 ἐπιπνέον
1196 1476 1344 1550 ἅγιον
1376 1479 1593 1548 Πνεῦμα
1661 1476 1749 1530 καὶ
1804 1475 1956 1530 ἑκόν-

297 1585 368 1618 τα
425 1563 716 1639 ἀναγκάζει
805 1560 1020 1630 λαλεῖν,
1081 1562 1251 1637 Οὐχὶ,
1306 1564 1489 1635 φησίν.
1574 1563 1955 1620 Ὑποτέτακται

296 1653 404 1727 γὰρ
437 1656 517 1723 τῷ
543 1654 799 1729 προφήτῃ
840 1653 901 1705 τὸ
934 1650 1204 1726 χάρισμα,
1235 1652 1532 1722 τουτέστιν,
1565 1652 1614 1707 ἐν
1665 1653 1812 1725 αὐτῷ
1844 1653 1954 1708 ἐστι

294 1741 390 1796 καὶ
428 1740 616 1795 λαλεῖν
647 1739 739 1795 καὶ
776 1745 1003 1810 σιωπᾷν.
1063 1742 1374 1816 Ἀντικρυς,
1428 1742 1463 1810 ἢ
1531 1740 1620 1796 ἐπὶ
1677 1747 1785 1797 τῶν
1818 1743 1955 1816 μάν-

290 1852 548 1885 τεωνμ-
619 1830 1164 1902 [ΟΙΚΟΥΜΕΝΙΟΥ.]
1219 1832 1450 1886 Ἐκεῖνοι
1506 1832 1609 1906 γὰρ
1670 1834 1803 1901 μετᾶ
1850 1834 1950 1902 τήν

285 1919 425 1986 παρ’
458 1917 646 1978 αὐτοῖς
678 1916 1037 1986 ἐνθουσίασιν,
1099 1918 1189 1972 καὶ
1251 1917 1468 1980 ἄκοντες
1504 1922 1596 1973 οἷα
1646 1916 1947 1991 δαιμονῶν-

289 2028 382 2068 τες
415 2006 676 2061 λαλοῦσιν
706 2005 821 2060 ἄού
857 2006 1175 2080 βούλονται.
1230 2007 1288 2061 Εἰ
1348 2008 1527 2061 τοίνυν
1582 2009 1645 2063 τὸ
1704 2010 1951 2083 χάρισμα

288 2103 414 2159 τοῖς
446 2098 758 2175 προφήταις
793 2096 1170 2164 ὑποτέτακται,
1231 2101 1347 2159 πῶς
1403 2096 1500 2152 οὐκ
1551 2096 1751 2152 ἄτοπον
1813 2100 1951 2171 ὑμᾶς

294 2187 377 2258 μὴ
417 2186 811 2248 ὑποτάσσεσθαι
843 2189 922 2256 τῷ
970 2189 1130 2258 κοινῇ
1189 2186 1540 2260 συμφέροντι,
1598 2187 1685 2241 ἳνα
1744 2190 1869 2242 ὅταν
1917 2187 1953 2262 ᾗ

285 2275 485 2349 καιρὸς
519 2281 755 2343 σιωπῆς,
787 2280 1024 2328 σιωπᾶτε
1058 2293 1071 2342 ;
1106 2298 1131 2325 α
1161 2274 1237 2331 Οὐ
1296 2274 1399 2351 γάρ
1459 2274 1599 2330 ἐστιν
1658 2277 1951 2331 ἀκαταστα-

292 2366 419 2426 σίας
451 2367 480 2418 ὁ
511 2366 661 2425 Θεὸς.
701 2390 720 2413 υ
758 2365 894 2419 Εἶτα
924 2362 1192 2419 δείκνυσιν
1226 2365 1308 2419 ὅτι
1341 2367 1431 2419 καὶ
1486 2372 1566 2438 τῷ
1625 2371 1742 2439 Θεῷ
1789 2372 1949 2421 τοῦτο

455 2501 467 2525 ,
501 2455 584 2519 τὸ,
615 2454 705 2507 τὸν
733 2459 949 2527 πρῶτον
995 2458 1179 2528 σιγᾷν.
1252 2455 1403 2509 Ἐπεὶ
1466 2458 1538 2528 μὴ
1578 2449 1716 2509 ἔστιν
1758 2456 1785 2509 ὀ
1820 2456 1949 2517 Θεὸς

288 2542 710 2611 ἀκαταστασίας,
742 2540 868 2597 ἀλλ’
893 2543 1139 2616 εἰρήνης.
1200 2544 1293 2598 Ἐκ
1327 2544 1428 2617 γὰρ
1484 2544 1701 2613 τούτου,
1762 2544 1948 2619 φησὶν,

296 2632 664 2687 ἀκαταστασία
691 2633 781 2686 καὶ
816 2631 1081 2710 σύγχυσις
1136 2632 1363 2706 γίνεται.
1424 2634 1596 2694 Οὗτος
1653 2630 1709 2688 δὲ
1768 2636 1796 2688 ὁ
1850 2642 1950 2704 τῆς

304 2720 536 2792 εἰρήνης
566 2719 721 2791 νόμος
780 2720 830 2775 ἐν
866 2722 1064 2781 πάσαις
1125 2720 1237 2776 ἐστὶ
1296 2727 1416 2785 ταῖς
1473 2720 1783 2788 ἐκκλησίαις
1839 2729 1946 2778 τῶν

307 2806 505 2880 ἁγίων.
542 2806 719 2871 Καλῶς
750 2805 809 2863 δέ
857 2830 1013 2883 φησι,
1058 2834 1085 2861 ‹‹
1138 2813 1262 2866 Τῶν
1322 2810 1512 2884 ἁγίων,
1551 2837 1573 2864 ι
1611 2810 1798 2881 ἐπειδὴ
1858 2814 1948 2867 καὶ

304 2896 589 2967 Ἑλλήνων
617 2899 749 2966 ἦσαν
784 2898 1094 2970 ἐκκλησίαι,
1127 2899 1212 2953 καὶ
1239 2897 1449 2954 λοιπῶν
1482 2898 1741 2957 ἀπίστων.

291 2452 450 2508 δοκεῖ

363 3077 435 3132 Αἱ
491 3082 746 3150 γυναῖκες
812 3078 963 3150 ὑμῶν
1025 3077 1074 3131 ἐν
1128 3084 1247 3139 ταῖς
1320 3077 1637 3148 ἐκκλησίαις
1721 3082 1948 3156 σιγάτω-

286 3188 406 3222 σαν.
479 3166 559 3223 Οὐ
616 3168 717 3243 γὰρ
818 3166 1197 3241 ἐπιτέτραπται
1285 3169 1470 3230 αὐταῖς
1556 3170 1764 3240 λαλεῖν,
1825 3171 1947 3227 ἀλλ’

2068 612 2095 639 ‹‹
2132 593 2386 650 Potestis
2420 598 2577 652 enim
2612 598 2951 669 singulatim
3007 615 3216 652 omnes
3270 600 3642 671 prophetare.
3681 623 3707 649 ››

2066 681 2353 744 Quoniam
2386 692 2581 742 autem
2611 688 2871 758 priorem
2902 688 3093 741 facere
3120 688 3319 757 jussit,
3369 689 3709 744 consolatur

2066 784 2200 824 eum
2230 788 2242 824 :
2269 775 2368 838 Ne,
2405 775 2619 846 inquit,
2646 793 2796 847 aagre
2820 777 2974 830 feras
2996 776 3154 846 quod
3182 776 3449 846 jubearis
3473 783 3665 833 tacere
3694 797 3706 843 ;

2064 864 2235 925 potes
2267 863 2424 917 enim
2461 869 2517 917 et
2539 870 2598 918 tu
2630 865 3006 936 prophetare,
3040 869 3098 919 et
3126 865 3301 931 alius,
3338 866 3453 919 imo
3477 883 3709 935 omnes,

2065 946 2113 999 si
2139 948 2481 1020 singulatim
2507 954 2759 1024 quisque
2782 954 3097 1025 prophetet
3122 970 3135 1009 :
3170 954 3279 1008 hoc
3313 960 3549 1019 est,non
3574 954 3713 1009 dee-

2062 1037 2139 1090 rit
2162 1043 2489 1113 tempus,ut
2506 1060 2713 1098 omnes
2733 1046 2834 1115 qui
2857 1045 3179 1099 Ecclesiam
3200 1044 3713 1115 implent,discant

2064 1132 2121 1180 et
2150 1129 2222 1183 ad
2256 1129 2432 1185 ﬁdem
2466 1133 2826 1188 advocentur
2856 1151 2921 1189 ac
2955 1134 3339 1189 deducantur.
3378 1156 3405 1183 ‹‹
3442 1135 3505 1188 Et
3537 1136 3711 1205 spiri-

2064 1223 2157 1272 tus
2180 1221 2607 1291 prophetarum
2628 1223 2932 1294 prophetis
2947 1223 3400 1294 subjiciuntur.»
3426 1224 3705 1294 Spiritum

2062 1305 2485 1375 prophetarum
2521 1309 2665 1363 dicit
2687 1309 2880 1379 ipsum
2907 1308 3211 1379 spirituale
3235 1308 3705 1365 donum.Deinde

2062 1408 2136 1446 ne
2171 1394 2305 1463 quis
2338 1394 2497 1450 dicat
2534 1414 2546 1449 :
2582 1398 2648 1451 Et
2678 1397 2975 1467 quomodo
3006 1403 3201 1451 tacere
3232 1414 3475 1468 possum
3506 1398 3534 1452 ‘?
3575 1400 3704 1469 Ipse

2062 1482 2223 1536 enim
2256 1482 2508 1553 Spiritus
2542 1492 2781 1540 sanctus
2817 1487 2915 1556 qui
2948 1486 3219 1557 inspirat,
3247 1492 3304 1540 et
3332 1486 3628 1541 volentem
3652 1493 3709 1541 et

2061 1570 2366 1627 nolentem
2400 1573 2565 1644 loqui
2626 1577 2798 1647 cogit.
2835 1578 2960 1630 Non
3016 1582 3123 1642 est,
3161 1576 3373 1646 inquit,
3407 1576 3506 1631 ita.
3563 1578 3707 1632 Nam

2062 1659 2286 1715 donum
2322 1662 2656 1733 subjectum
2690 1671 2779 1718 est
2828 1665 3155 1735 prophetare,
3188 1666 3299 1719 hoc
3340 1672 3446 1728 est,
3484 1666 3544 1719 in
3576 1667 3705 1737 ejus

2060 1753 2350 1818 potestate
2384 1756 2469 1805 est
2505 1758 2563 1806 et
2592 1752 2755 1823 loqui
2789 1760 2848 1808 et
2899 1760 3113 1808 tacere.
3148 1754 3450 1808 Manifeste
3482 1754 3563 1810 ita
3593 1760 3701 1823 est,

2061 1842 2162 1891 aut
2192 1844 2398 1895 contra
2427 1845 2588 1895 vates
2621 1857 2725 1896 seu
2752 1842 3434 1913 divinosloquitur.Nam
3456 1844 3541 1897 illi
3569 1850 3703 1914 post

2059 1926 2321 1983 furorem
2357 1929 2467 1983 sibi
2500 1930 2855 1998 immissum,
2892 1938 3068 1985 etiam
3095 1930 3369 1985 nolentes
3417 1937 3700 2003 tanquam

2062 2015 2356 2071 daemonio
2388 2018 2587 2089 agitati
2620 2019 2947 2090 loquuntur
2967 2036 3097 2089 quae
3116 2020 3412 2074 nolunt.Si
3446 2037 3579 2091 ergo
3597 2022 3698 2075 do-

2062 2122 2201 2159 num
2237 2107 2543 2177 prophetis
2602 2108 2939 2179 subjectum
2970 2114 3078 2175 est,
3113 2109 3262 2165 585
3324 2115 3547 2178 Quanta
3595 2110 3708 2163 erit

2063 2194 2397 2249 absurditas
2432 2197 2588 2266 quod
2626 2214 2732 2251 vos
2765 2198 3067 2252 communi
3101 2197 3340 2251 utilitati
3374 2214 3492 2253 non
3521 2198 3708 2269 subji-

2062 2283 2324 2349 ciamini,
2359 2291 2425 2338 ut
2454 2303 2587 2339 cum
2620 2287 2840 2340 silentii
2904 2292 3135 2358 tempus
3177 2287 3373 2352 fuerit,
3436 2286 3709 2341 sileatis?

2063 2395 2090 2421 «
2126 2374 2249 2425 Non
2282 2374 2441 2426 enim
2477 2374 2832 2429 turbationis
2863 2381 3068 2428 auctor
3095 2382 3185 2429 est
3214 2376 3388 2430 Deus.
3425 2400 3451 2425 υ
3483 2375 3705 2431 Deinde

2063 2461 2504 2532 ostenditquod
2562 2463 2672 2517 hoc
2704 2464 2881 2518 etiam
2942 2465 3059 2517 Deo
3091 2464 3377 2532 videatur,
3436 2470 3502 2518 ut
3544 2465 3705 2535 prior

2061 2554 2272 2616 taceat,
2307 2552 2446 2620 quia
2476 2568 2596 2605 non
2629 2557 2717 2605 est
2748 2554 2900 2606 Deus
2932 2559 3140 2607 auctor
3171 2553 3543 2618 turbationis,
3577 2554 3701 2620 sed,

2061 2638 2263 2708 pacis;
2296 2655 2436 2694 nam
2504 2639 2727 2710 alioqui
2786 2640 3040 2695 turbatio
3073 2646 3132 2695 et
3188 2641 3452 2696 confusio
3512 2642 3700 2697 fieret.

2062 2728 2195 2782 Haec
2227 2734 2424 2783 autem
2457 2729 2551 2783 lex
2600 2731 2760 2801 pacis
2792 2732 2851 2783 in
2886 2730 3163 2784 omnibus
3222 2735 3312 2784 est
3366 2737 3704 2785 sanctorum

2063 2818 2361 2872 Ecclesiis.
2394 2819 2547 2873 Bene
2579 2826 2777 2874 autem
2810 2819 2953 2873 dicit
3008 2825 3377 2884 sunctorum,
3424 2821 3707 2890 quoniam

2061 2911 2121 2959 et
2141 2907 2475 2961 Graecorum
2491 2913 2551 2962 et
2570 2908 2936 2978 reliquorum
2960 2907 3289 2961 inﬁdelium
3331 2908 3710 2963 erantEccle-

2062 2993 2163 3047 sia:
2197 2994 2314 3046 sive
2346 2995 2857 3066 congregationes.

2131 3081 2346 3151 Χιν,34
2360 3084 2483 3136 36.‹‹
2501 3083 2772 3137 Mulieres
2785 3088 2989 3137 vestrae
3003 3084 3064 3136 in
3078 3084 3345 3137 ecclesiis
3360 3084 3708 3143 sileant.nec

2060 3192 2090 3220 ‹‹
2120 3172 2277 3225 enim
2301 3172 2657 3242 permissum
2681 3179 2771 3226 est
2790 3172 2911 3226 illis
2937 3178 3001 3225 ut
3022 3172 3473 3241 loquantur,sed
3494 3179 3559 3227 ut
3580 3173 3712 3227 sub-

502 3222 507 3223 ,
630 3222 640 3242 ι
690 3225 697 3243 ι
1002 3222 1010 3241 _
1558 3222 1764 3240 μην»,

290 3256 714 3325 ὑποτάσσεσθαι,
746 3257 924 3317 καθὼς
976 3258 1065 3311 γαὶ
1098 3259 1126 3312 ὁ
1180 3257 1350 3330 νόμος
1419 3257 1589 3335 λέγει,
1660 3260 1723 3315 Ei
1782 3260 1839 3316 δέ
1894 3284 1947 3316 τι

2065 3285 2088 3309 ι(
2124 3262 2259 3316 ditae
2288 3222 2937 3331 srint,quemadmodum
2966 3222 3136 3317 etle;
3159 3222 3490 3327 dicit.Quod
3507 3262 3711 3332 siquid

291 3349 487 3417 μαθεῖν
571 3341 840 3413 Θέλουσιν,
930 3344 981 3398 ἐν
1062 3344 1201 3418 οἴκῳ
1284 3347 1412 3408 τοὺς
1503 3344 1672 3409 ἰδίους
1751 3346 1947 3423 ἄνδρας

289 3431 749 3506 ἐπερωτάτωσαι.
865 3433 1108 3508 Αἷσχρὸν
1196 3439 1301 3510 γάρ
1384 3434 1491 3489 ἐστι
1584 3437 1816 3511 γυναιξὶν
1895 3437 1946 3492 ἐν

292 3519 565 3591 ἐκκλησίᾳ
668 3519 875 3576 λαλεῖν.
951 3523 1018 3577 ’Ἡ
1095 3521 1186 3598 ἀφ’
1264 3523 1415 3596 ὑμῶν
1494 3525 1521 3577 ὀ
1617 3524 1780 3601 λόγος
1853 3532 1949 3581 τοῦ

292 3613 434 3664 Θεοῦ
509 3608 782 3679 ἐξῆλθεν;
858 3610 891 3677 ἢ
971 3610 1047 3673 εἰς
1124 3612 1264 3682 ὑμᾶς
1370 3613 1572 3684 μόνους
1674 3618 1947 3685 κατήντη-

292 3719 383 3752 σεν
424 3717 438 3765 ;

372 3788 637 3851 Πάντοθεν
667 3788 766 3855 τήν
826 3788 1066 3863 ἡσυχίαν
1123 3792 1514 3861 νομοθετήσας,
1571 3790 1630 3845 ἐκ
1684 3798 1807 3860 τοῦ,
1871 3796 1945 3865 μή

290 3874 523 3938 πλείους
552 3881 661 3930 τῶν
689 3881 856 3951 τριῶν
886 3878 1167 3950 γλώσσαις
1208 3877 1420 3945 λαλεῖν,
1481 3881 1569 3934 καὶ
1629 3886 1794 3936 ταῦτα
1853 3883 1950 3936 ἀνᾶ

296 3966 489 4039 μέρος,
521 3966 815 4031 τουτέστιν,
860 3968 940 4028 εἷς
974 3968 1062 4045 ἀφ’
1106 3968 1241 4035 ἐνὸς,
1299 3967 1358 4022 ἐκ
1415 3973 1533 4041 τοῦ,
1585 3970 1676 4023 τὸν
1732 3975 1945 4046 πρῶτον

291 4054 739 4132 προφητεύοντα,
770 4059 850 4126 τῷ
881 4053 1117 4130 δευτέρῳ
1157 4062 1534 4134 παραχωρεῖν,
1588 4058 1722 4126 ἦλθε
1753 4057 1945 4115 λοιπὸν

292 4145 389 4198 καὶ
432 4144 518 4197 ἐπὶ
549 4146 649 4212 τήν
680 4150 789 4199 τῶν
843 4149 1115 4218 γυναικῶν
1151 4144 1371 4218 ἄκαιρον
1426 4144 1716 4222 φλυαρίαν,
1789 4172 1816 4199 ‹‹
1879 4150 1947 4204 Αἱ

294 4237 552 4307 γυναῖκες
584 4235 909 4308 σιγάτωσαν’
977 4234 1039 4287 οὐ
1092 4234 1193 4308 γὰρ
1255 4234 1659 4308 ἐπιτέτραπται,
1694 4262 1719 4287 ››
1780 4237 1947 4311 ἤγουν

297 4320 701 4393 ἔιπονενέμηται
737 4346 765 4374 ι(
798 4323 988 4382 αὐταῖς
1020 4320 1227 4377 λαλεῖν.
1267 4346 1294 4373 ››
1327 4324 1429 4378 Καὶ
1462 4325 1560 4377 οὐκ
1612 4325 1725 4379 εἶπε
1782 4326 1945 4397 μόνον

297 4417 484 4486 σιγᾷν,
511 4411 659 4466 ἀλλὰ
687 4411 777 4466 καὶ
810 4412 1227 4483 ὑποτάσσεσθαι,
1259 4411 1289 4466 ὅ
1319 4411 1485 4467 πλέον
1518 4413 1627 4467 ἐστὶ
1657 4421 1757 4484 τῆς
1818 4436 1947 4469 σιω-

296 4511 434 4573 πῆς.
466 4504 528 4558 Ἡ
560 4504 664 4577 γὰρ
699 4503 939 4578 ὑποταγή
974 4500 1143 4573 δηλοῖ
1170 4503 1269 4571 τήν
1333 4503 1466 4576 μετᾶ
1523 4499 1698 4579 φόϐου
1763 4509 1946 4580 σιγῆν,

2065 3373 2093 3400 ‹‹
2123 3351 2349 3405 discere
2364 3350 2589 3417 volunt,
2621 3351 2954 3405 domiviros
2977 3368 3115 3406 suos
3140 3352 3527 3423 interrogent.
3562 3354 3706 3406 Nam

2061 3462 2089 3488 ‹‹
2124 3445 2293 3511 turpe
2310 3446 2400 3494 est
2413 3440 2764 3494 mulieribus
2784 3440 2845 3493 in
2859 3440 3110 3495 ecclesia
3124 3440 3308 3511 loqui.
3334 3442 3481 3494 Num
3498 3440 3707 3496 avobis

2062 3552 2088 3578 ιι
2125 3545 2318 3584 sermo
2342 3530 2443 3583 Dei
2469 3530 2765 3600 profectus
2790 3528 2925 3583 est?
2947 3530 3124 3584 autin
3150 3546 3248 3584 vos
3278 3530 3436 3585 solos
3455 3530 3661 3585 incidit
3681 3529 3708 3584 ‘I

2130 3796 2358 3850 Statuto
2392 3812 2461 3849 ex
2492 3797 2653 3849 omni
2687 3802 2851 3866 parte
2884 3796 3142 3863 silentio,
3177 3813 3247 3849 ex
3277 3814 3345 3850 eo
3379 3797 3534 3865 quod
3584 3814 3705 3850 non

2060 3884 2261 3954 plures
2290 3900 2467 3953 quam
2502 3890 2620 3938 tres
2679 3884 2895 3951 linguis
2927 3885 3332 3954 loquerentur,
3370 3885 3545 3954 idgue
3605 3882 3704 3935 ἀνά

2064 3971 2250 4042 μέρος,
2279 3971 2338 4024 id
2361 3978 2469 4037 est,
2507 3989 2611 4041 per
2640 3978 2857 4042 partes,
2894 3973 3003 4027 hoc
3035 3978 3142 4039 est,
3177 3988 3330 4026 unus
3361 3979 3495 4043 post
3519 3973 3701 4026 alium

2061 4061 2181 4115 sive
2213 4060 2493 4127 vicissim,
2527 4078 2597 4114 ex
2627 4077 2696 4114 eo
2729 4060 2887 4131 quod
2913 4061 3104 4131 primo
3138 4061 3501 4133 prophetans
3533 4061 3703 4115 cede-

2058 4153 2151 4202 ret
2180 4147 2441 4203 secundo
2480 4165 2492 4201 :
2525 4150 2685 4203 venit
2740 4154 3176 4219 consequenter
3207 4149 3280 4203 ad
3335 4150 3704 4221 importunus

2060 4237 2378 4291 mulierum
2410 4253 2615 4309 nugas.
2650 4260 2677 4287 «
2740 4238 3014 4292 Mulieres
3043 4244 3277 4295 taceant
3311 4256 3324 4297 :
3389 4256 3497 4294 nec
3548 4240 3703 4293 enim

2059 4327 2416 4398 permissum
2449 4335 2557 4395 est,
2593 4350 2620 4378 »
2682 4328 2800 4384 sive
2832 4329 3035 4384 datum
3094 4330 3216 4385 illis
3244 4336 3308 4385 ut
3363 4330 3700 4400 loquantur.

2061 4418 2174 4471 Nec
2196 4417 2389 4472 solum
2417 4416 2561 4472 dixit
2581 4423 2645 4472 ut
2670 4419 3069 4485 tacerent,sed
3095 4424 3153 4473 et
3175 4419 3301 4491 subj
3314 4425 3456 4473 ectaa
3480 4423 3702 4486 essent,

2062 4507 2220 4577 quod
2250 4507 2386 4578 plus
2418 4513 2507 4562 est
2536 4525 2713 4577 quam
2747 4508 3049 4563 silentium
3092 4526 3343 4564 servare.
3405 4507 3703 4578 Subjectio

298 4594 377 4653 ὡς
409 4591 517 4645 ἀπὸ
549 4588 818 4645 δουλίδων
868 4595 1031 4646 τινῶν
1091 4593 1404 4666 γινομένην.
1474 4615 1495 4644 ι
1559 4594 1747 4657 Καθὼς
1778 4596 1865 4648 καὶ
1925 4598 1950 4649 ὁ

2065 4598 2226 4651 enim
2258 4596 2530 4667 designat
2561 4596 2865 4651 silentium
2899 4614 3032 4652 cum
3065 4598 3588 4667 timore,tanquam
3631 4597 3703 4651 ab

295 4682 470 4754 νόμος
527 4680 694 4755 λέγει.
732 4705 759 4731 ››
821 4680 881 4738 Τί
941 4678 996 4735 δέ
1073 4683 1100 4735 ὁ
1156 4681 1325 4755 νόμος
1394 4681 1537 4757 λέγει
1605 4683 1792 4755 (νόμον
1851 4686 1953 4761 γάρ

300 4792 438 4848 φησι
471 4773 641 4823 πᾶσαν
682 4771 780 4838 τήν
840 4767 1105 4841 Παλαιὰν)
1138 4789 1150 4837 ;
1187 4794 1215 4820 «
1272 4770 1413 4845 Πρὸς
1467 4772 1558 4825 τὸν
1611 4769 1775 4845 ἄνδρα
1836 4794 1954 4839 σου,

301 4858 487 4933 φησὶν,
516 4860 551 4925 ἠ
583 4858 899 4932 ἀποστροφή
934 4879 1051 4924 σου,
1107 4859 1197 4911 καὶ
1249 4858 1408 4920 αὐτός
1456 4881 1552 4914 σου
1601 4862 1887 4933 κυριεύσει.
1925 4886 1951 4913 ››

302 4948 370 5004 Εἰ
401 4946 491 5001 οὖν
525 4952 603 5019 τῷ
643 4944 793 5021 ἀνδρὶ
831 4946 1130 5017 ὑπόκε.ται,
1164 4946 1363 5020 πολλῷ
1398 4948 1610 5020 μᾶλλον
1640 4955 1758 5009 τοῖς
1789 4968 1953 5003 πνευ-

306 5042 563 5108 ματικοῖς
594 5034 968 5105 διδασκάλοις,
1000 5037 1091 5090 καὶ
1121 5041 1200 5109 τῷ
1256 5042 1425 5109 κοινῷ
1473 5044 1572 5107 τῆς
1617 5037 1952 5103 ’Ἑκκλησίας

299 5125 664 5198 πληρώματι.
702 5151 722 5174 ιι
762 5123 827 5180 Εἴ
854 5122 911 5179 ’δέ
966 5146 1017 5179 τι
1055 5128 1242 5195 μαθεῖν
1281 5125 1552 5188 θέλουσιν,
1590 5153 1612 5180 ι
1650 5126 1713 5182 Εἰ
1746 5125 1836 5180 οὖν
1877 5128 1950 5199 μὴ

301 5219 590 5285 λαλοῦσιν,
624 5219 768 5271 εῖποι
820 5234 936 5284 τις,
998 5222 1115 5278 πῶς
1181 5220 1401 5289 μάθοιεν
1455 5220 1520 5273 τὰ
1576 5219 1952 5295 ἀγνοούμενα;

302 5312 391 5362 Ἐν
451 5305 610 5379 οἷ’κῳ,
680 5307 835 5383 φησὶ,
894 5309 1018 5381 παρ’
1072 5305 1283 5381 ἀνδρῶν
1350 5310 1784 5379 μανθανέτωσαν.
1848 5316 1928 5377 Ση

306 5398 541 5469 μείωσαι
575 5392 649 5463 δὲ,
688 5396 770 5448 ὅτι
806 5395 867 5449 οὐ
934 5395 1057 5470 περῖ
1124 5400 1230 5449 τῶν
1292 5397 1592 5471 χρησίμων
1650 5398 1838 5458 αὐταῖς
1899 5397 1950 5451 ἐν

304 5483 572 5555 ἐκκλησίᾳ
613 5480 801 5538 λαλεῖν
859 5483 1133 5557 ἐπέτρεψε.
1194 5488 1370 5541 Τοῦτο
1430 5483 1485 5540 δὲ
1541 5487 1630 5540 καὶ
1688 5486 1812 5547 τοὺς
1867 5485 1953 5540 ἄν·

304 5574 437 5647 δρας
505 5574 965 5647 προσεχεστὲρους
1023 5578 1193 5640 ποιεῖ,
1246 5575 1308 5627 τὸ
1372 5571 1565 5628 εἰδέναι
1649 5574 1731 5628 ὅτι
1810 5575 1956 5649 παρὰ

303 5660 415 5713 τῶν
445 5658 715 5730 γυναικῶν
751 5652 1187 5729 ἐρωτηθήσονται
1249 5655 1374 5728 περὶ
1427 5662 1535 5711 τῶν
1596 5656 1646 5712 ἐν
1704 5659 1773 5729 τῇ
1829 5657 1951 5712 Ἐκ-

2066 4684 2301 4740 ancillis
2332 4685 2688 4755 quibusdam
2732 4686 3080 4756 praestitum.
3121 4710 3140 4734 ι
3196 4685 3704 4751 Quemadmodum

2065 4779 2124 4827 et
2154 4773 2249 4827 lex
2278 4773 2437 4827 dicit.
2478 4798 2497 4821 ι
2534 4773 2683 4837 Quid
2728 4781 2925 4828 autem
2968 4773 3113 4828 dicit
3142 4775 3236 4829 lex
3259 4776 3286 4829 ?
3340 4777 3482 4830 Nam
3514 4775 3705 4846 legem

2063 4861 2325 4933 appellat
2384 4868 2547 4916 vetus
2606 4863 3115 4918 instrumentum:
3151 4888 3177 4914 «
3230 4864 3315 4919 Ad
3369 4866 3579 4933 virum,
3614 4865 3701 4919 in-

2064 4950 2211 5021 quit,
2245 4957 2412 5004 tuum
2443 4951 2668 5004 aversio
2701 4956 2820 5019 tua,
2840 4957 2900 5005 et
2929 4953 3055 5022 ipse
3085 4952 3492 5009 dominabitur
3516 4954 3640 5007 tibi.
3677 4977 3704 5003 »

2064 5041 2119 5094 Si
2154 5057 2288 5111 ergo
2322 5039 2444 5093 viro
2477 5038 2809 5109 subjicitur,
2843 5041 3031 5095 multo
3064 5043 3249 5115 magis
3297 5042 3707 5114 spiritualibus

2065 5126 2554 5198 przeceptoribus,
2587 5134 2645 5180 et
2677 5130 2981 5183 communi
3016 5130 3290 5184 Ecclesize
3348 5130 3706 5201 plenitudini

2065 5232 2130 5270 ac
2160 5216 2530 5285 perfectioni.
2567 5238 2592 5265 ιι
2627 5217 2791 5280 Quod
2825 5218 2871 5271 si
2906 5219 3047 5289 quid
3082 5218 3308 5273 discere
3341 5219 3562 5272 volunt.
3590 5240 3617 5266 »
3649 5220 3705 5273 Si

2066 5304 2245 5375 igitur
2276 5320 2393 5357 non
2427 5303 2767 5373 loquantur,
2802 5304 3018 5360 dixerit
3057 5306 3374 5376 quispiam,
3411 5306 3706 5376 quomodo

2064 5392 2295 5447 discent
2315 5408 2384 5447 ea
2405 5409 2535 5462 qum
2558 5393 2878 5464 ignorant?
2896 5395 3085 5463 Domi,
3104 5395 3205 5461 ait,
3222 5411 3256 5448 a
3284 5395 3422 5448 viris
3454 5395 3704 5450 discant.

2066 5481 2483 5535 Animadverte
2514 5488 2712 5537 autem
2745 5483 2903 5553 quod
2937 5483 3007 5537 de
3042 5484 3133 5537 his
3166 5484 3345 5538 etiam
3378 5485 3535 5555 quaa'
3564 5486 3707 5556 ipsis

2066 5570 2535 5642 expediunt,non
2566 5572 2841 5641 permisit
2872 5588 2969 5627 eas
3004 5573 3165 5643 loqui
3198 5574 3259 5628 in
3292 5574 3563 5629 ecclesia.
3589 5576 3707 5628 Hoc

2065 5665 2264 5715 autem
2284 5665 2342 5714 et
2361 5661 2516 5714 viros
2538 5660 2734 5714 reddit
2754 5662 3125 5728 attentiores,
3160 5679 3295 5718 cum
3334 5665 3524 5719 sciant
3549 5664 3705 5734 quod
