4068 6254
248 393 376 452 865

1255 391 1655 453 COMMENT.
1705 391 1782 452 IN
1827 392 2074 451 EPIST.
2122 391 2147 451 Ι
2191 391 2294 451 AD
2337 389 2703 452 CORINTH.

3564 394 3683 452 866

256 522 458 593 μόνον,
493 525 602 575 τῶν
634 519 846 576 δώδεκα
905 520 1073 592 ἀλλὰ,
1138 520 1351 578 πάντων
1411 527 1521 578 τῶν
1576 520 1922 579 ἀποστόλων.

2046 528 2293 594 quenter
2322 523 2482 578 enim
2515 540 2623 579 sua
2653 524 3012 590 manifestat,
3061 529 3116 578 et
3172 524 3302 579 vide
3353 523 3513 595 quod
3561 542 3682 580 non

253 611 401 666 Εἶτα
445 609 598 686 λέγει
654 611 744 664 καὶ
801 611 899 678 τήν
941 609 1138 666 αἰτίαν.
1187 634 1214 662 ‹‹
1251 609 1422 679 Διότι,
1478 612 1663 688 φησὶν,
1727 608 1921 682 ἐδίωξα

252 701 364 767 τὴν
400 699 732 770 Ἐκκλησίαν
763 704 860 756 τοῦ
891 704 1045 756 Θεοῦ.
1085 723 1106 752 ι
1137 734 1207 742 —
1253 724 1281 752 ‹‹
1311 703 1504 771 Χάριτι
1562 699 1618 756 δὲ
1649 705 1782 756 Θεοῦ
1809 703 1924 772 εἰμι

259 786 292 844 ὅ
327 789 470 863 εἰμι.
505 815 531 841 »³
564 793 705 864 ’Όρα
755 789 1199 866 εὐγνωμοσύνην·
1253 791 1320 845 τὰ
1379 791 1474 861 μὲν
1533 791 1924 863 ἁμαρτήματα,

259 879 447 951 ἑαυτῷ
475 876 914 954 καταλογίζεται,
962 879 1028 933 τά
1086 876 1143 933 δὲ
1201 880 1620 953 κατορθώματα,
1680 883 1750 951 τῇ
1817 879 1925 952 χά-

263 989 383 1043 ριτι
412 971 510 1022 τοῦ
547 971 679 1022 Θεοῦ
730 970 1033 1037 ανατιθησι.
1070 990 1099 1018 ι(
1139 969 1238 1022 Καὶ
1267 971 1303 1038 ἡ
1363 969 1526 1044 χάρις
1585 968 1751 1022 αὐτοῦ
1782 970 1816 1037 ἡ
1850 967 1926 1030 εἷς

259 1057 388 1130 ἐμὲ,
445 1056 506 1110 οὐ
571 1056 700 1124 κενή
759 1055 1008 1131 ἐγενήθη.
1072 1059 1169 1113 Καὶ
1217 1061 1378 1112 τοῦτο
1448 1059 1563 1128 μεθ’
1616 1055 1929 1125 ὑποστολῆς

257 1149 440 1201 εἶπεν.
501 1144 578 1202 Οὐ
636 1145 736 1219 γὰρ
797 1147 963 1200 εἶπεν·
1023 1147 1186 1216 ’Ἃξια
1251 1153 1353 1216 τῆς
1421 1166 1651 1221 χαριτος
1703 1143 1924 1220 ἔπραξα,

259 1233 418 1290 ἀλλ’.
475 1232 554 1291 Οὔ
610 1240 831 1306 ματαία,
893 1235 1081 1308 φησὶν,
1115 1237 1149 1304 ἡ
1197 1235 1366 1310 ’χάρις
1413 1234 1601 1309 εὖρέθη
1667 1234 1717 1288 ἐν
1777 1232 1926 1306 ἐμοί.

265 1327 397 1383 Πῶς
432 1325 596 1391 ;’οτι
640 1322 880 1390 πάντων,
934 1323 1087 1400 φησῖ,
1143 1329 1252 1378 τῶν
1303 1322 1627 1378 ἀποστόλων
1684 1320 1933 1398 περισσό-

263 1433 431 1486 τερον
483 1410 762 1467 ἐκοπίασα.
822 1413 962 1486 ’Όρα
1023 1409 1078 1466 δὲ
1137 1413 1229 1467 καὶ
1294 1409 1402 1466 ὦδε
1453 1417 1571 1473 πῶς
1626 1411 1928 1489 ὐορειμὲνως

266 1502 408 1556 αὑτὸ
443 1500 690 1558 τέθεικεν.
750 1502 826 1556 Οὐ
884 1501 987 1576 γὰρ
1021 1503 1190 1570 εἶπεν,
1230 1501 1643 1578 ἹΙγωνισάμην,
1683 1499 1741 1571 ἢ,
1776 1500 1932 1570 Ἑκή-

265 1591 425 1666 ρυξα,
485 1591 543 1659 ἢ,
604 1587 1005 1659 Ἐκινὸύνευσα,
1053 1588 1201 1657 ἀλλ’,
1265 1588 1639 1659 «Ἐκοπὶασα,
1676 1613 1703 1640 ››
1759 1587 1928 1660 ταύτῃ

262 1685 333 1735 τὸ
425 1680 549 1754 περὶ
622 1679 814 1733 ἑαυτοῦ
881 1677 1160 1753 ἐγκώμιον
1218 1679 1678 1750 ὑποτεμνόμενος.
1737 1679 1931 1749 ’Όμως

261 1767 358 1823 ἐπὶ
397 1772 562 1822 ταῦτα
592 1766 660 1822 τὰ
700 1766 922 1844 ῥήματα
952 1767 1001 1836 ἐξ
1034 1767 1276 1841 ἀνάγκης
1331 1765 1488 1836 ἦλθε.
1560 1771 1650 1821 Δεῖ
1704 1765 1805 1842 γὰρ
1836 1766 1928 1820 τὸν

2030 610 2248 666 dixerit
2277 611 2589 667 duodecim
2621 617 2876 680 tantum,
2909 613 3011 668 sed
3043 618 3102 668 et
3131 614 3398 668 omnium
3441 620 3684 685 aposto-

2031 700 2245 755 lorum.
2264 700 2482 756 Deinde
2502 702 2646 756 dicit
2662 708 2720 757 et
2736 718 3006 758 causam:
3037 725 3064 752 «
3091 704 3429 773 Propterea,
3464 703 3681 772 inquit,

2033 791 2190 861 quod
2220 797 2568 862 persecutus
2603 792 2713 847 sim
2744 791 3065 847 Ecclesiam
3130 793 3248 847 Dei.
3317 814 3344 841 »
3403 824 3472 832 —
3517 813 3540 843 α
3572 792 3683 847 Sed

2030 880 2221 951 gratia
2250 879 2351 934 Dei
2385 897 2518 935 sum
2551 880 2612 934 id
2642 881 2801 951 quod
2836 897 2987 936 sum.
3040 903 3066 929 »
3124 881 3447 936 Considera
3497 881 3682 935 animi

2034 965 2461 1039 gratitudinem
2487 985 2500 1022 :
2531 975 2773 1039 peccata
2802 970 3042 1040 quidem
3098 969 3255 1024 inter
3314 986 3420 1024 sua
3454 985 3684 1024 connu-

2036 1061 2248 1123 merat,
2281 1055 2518 1128 egregia
2545 1073 2680 1111 vero
2707 1057 2972 1113 facinora
2997 1059 3198 1130 gratia:
3238 1059 3336 1112 Dei
3394 1058 3682 1119 attribuit.

2037 1167 2063 1193 ‹‹
2087 1147 2158 1199 Ει
2176 1146 2365 1217 gratia
2388 1148 2516 1220 ejus
2539 1164 2669 1218 quae
2692 1147 2766 1202 ad
2789 1164 2882 1203 me
2906 1148 3064 1202 venit
3085 1165 3202 1202 non
3237 1147 3348 1202 fuit
3402 1147 3620 1203 inanis.
3654 1167 3682 1196 ››

2036 1235 2106 1287 Ει
2127 1234 2238 1288 hoc
2259 1251 2395 1290 cum
2418 1236 2815 1292 submissione
2839 1236 3004 1292 dixit.
3022 1238 3146 1290 Non
3189 1236 3349 1290 enim
3390 1235 3473 1290 ait
3497 1252 3509 1288 :
3543 1237 3680 1299 Qum

2035 1323 2224 1395 gratia
2244 1325 2341 1378 Dei
2362 1324 2537 1395 digna
2554 1325 2814 1380 suntfeci
2839 1326 2974 1390 ;sed
3015 1326 3209 1379 Gratia
3254 1325 3352 1379 Dei
3386 1341 3504 1380 non
3536 1341 3685 1378 vana

2038 1413 2100 1466 in
2125 1429 2218 1466 me
2241 1413 2482 1468 inventa
2503 1419 2609 1468 est.
2645 1413 2995 1479 Quomodo?
3042 1415 3187 1478 Quia
3237 1413 3516 1469 omnibus
3547 1430 3684 1485 apo-

2039 1501 2207 1556 stolis
2233 1503 2531 1574 copiosius
2554 1502 2832 1558 laboravi.
2858 1503 3002 1557 Vide
3024 1509 3224 1558 autem
3245 1503 3540 1573 quomodo
3567 1504 3680 1557 hoc

2039 1591 2217 1644 etiam
2240 1591 2370 1646 loco
2395 1608 2568 1662 parce
2590 1591 2648 1645 id
2670 1593 2955 1663 posuerit.
2991 1593 3190 1663 Neque
3209 1593 3366 1646 enim
3392 1593 3475 1647 ait
3498 1607 3510 1645 :
3545 1593 3679 1646 Cer-

2037 1681 2197 1745 tavi;
2231 1685 2352 1746 aut,
2386 1680 2733 1747 Praedicavi;
2767 1699 2892 1750 seu,
2925 1681 3299 1736 Periclitatus
3343 1699 3472 1736 sum
3508 1697 3521 1746 ;
3555 1681 3682 1745 sed,

2039 1790 2066 1816 «ι
2099 1768 2376 1824 Laboravi
2400 1787 2412 1823 :
2439 1791 2466 1819 »
2495 1771 2604 1824 hac
2623 1770 2879 1824 dictione
2903 1771 3207 1841 proprium
3237 1770 3548 1825 succidens
3580 1786 3684 1825 en-

266 1855 604 1913 διδάσκαλον
639 1856 950 1925 ἀξιόπιστον
1020 1855 1178 1914 εἶναι.
1248 1855 1362 1914 Οὐκ
1420 1855 1527 1932 ἐγὼ
1587 1853 1664 1924 δὲ,
1726 1854 1854 1910 ἀλλ’
1893 1857 1928 1924 ἡ

2046 1857 2320 1912 comium.
2345 1858 2430 1912 Ad
2454 1859 2580 1913 hac
2607 1864 2805 1913 tamen
2830 1859 3009 1913 verba
3029 1876 3094 1913 ex
3119 1860 3472 1914 necessitate
3503 1859 3684 1914 venit.

265 1945 441 2021 χάρις
468 1949 565 1999 τοῦ
613 1949 746 2000 Θεοῦ
776 1947 810 2014 ἠ
847 1943 940 1999 σὺν
969 1944 1114 2018 ἐμοί.
1151 1967 1176 1997 ι
1210 1943 1341 1998 Εἶτα
1397 1944 1598 2020 ὥσπερ·
1653 1943 1926 2004 δειλιάσας

270 2039 356 2110 μή
394 2034 540 2107 αὐτῷ
588 2036 650 2091 τὸ
703 2036 1034 2111 κατόρθωμα
1065 2035 1320 2110 λογισθῇ,
1354 2035 1440 2091 ἐπὶ
1495 2037 1596 2105 τὴν
1653 2033 1751 2090 τοῦ
1793 2039 1930 2090 Θεοῦ

266 2125 442 2204 χάριν
478 2123 611 2179 αὐτὸ
665 2123 1001 2194 ἀνατίθησιν.
1037 2148 1064 2176 ιι
1097 2123 1226 2180 Εἴτε
1274 2125 1372 2179 οὖν
1431 2123 1565 2199 ἐγὼ,
1623 2123 1732 2180 εἷ’τε
1794 2124 1930 2180 ἐκεῖ·

261 2234 378 2268 νοι.
418 2237 448 2263 ››
505 2213 951 2286 Ὀμοφωνοῦμεν,
1012 2211 1199 2289 φησὶν,
1267 2212 1499 2274 ἅπαντες
1555 2212 1678 2288 περὶ
1737 2213 1799 2267 τὸ
1838 2213 1934 2282 κή-

272 2323 484 2379 ρυγμα.
520 2303 620 2356 Καὶ
653 2301 754 2356 οὐκ
806 2301 970 2356 εἶπεν·
1006 2301 1071 2357 Εἰ
1106 2301 1182 2374 μὴ
1239 2300 1364 2375 ἐμοὶ
1423 2301 1732 2372 πιστεύητε,
1794 2299 1931 2356 ἐκεί-

273 2412 399 2453 νοις
485 2391 764 2462 πείσθητε.
852 2389 1180 2461 Ἐξευτέλιζε
1257 2391 1360 2464 γάρ
1428 2390 1638 2459 ἑαυτὸν,
1691 2391 1778 2445 καὶ
1838 2388 1936 2444 οὐκ

273 2479 590 2549 ἀξιόπιστον
652 2480 901 2556 μάρτυρα
987 2484 1086 2548 τῆς
1160 2476 1420 2548 ἀληθείας
1472 2479 1661 2533 ἑαυτὸν
1712 2477 1934 2557 ἀπέφαι-

269 2592 390 2626 νεν.
435 2568 613 2626 Ἀλλὰ
670 2569 724 2624 τί
790 2567 984 2642 λέγει;
1044 2570 1468 2642 Σμμφωνοῦμεν
1525 2568 1772 2629 ἅπαντες.
1837 2567 1934 2621 Καὶ

274 2663 363 2728 τῷ
397 2659 585 2716 εἶπεῖν.
643 2680 670 2708 ι(
703 2656 1082 2732 Κηρύσσομεν,
1126 2679 1155 2707 ››
1184 2657 1247 2710 τὸ
1279 2655 1481 2726 ἀληθὲς
1520 2660 1628 2710 τῶν
1687 2654 1932 2732 λεγομὲ-

282 2767 400 2800 νων
456 2748 788 2820 παρίστησιν,
853 2746 929 2804 Ού
986 2747 1090 2822 γὰρ
1127 2742 1181 2801 ἔν
1225 2741 1554 2822 παραϐύστῳ
1582 2745 1671 2801 καὶ
1726 2746 1776 2801 ἐν
1824 2769 1934 2820 γω-

290 2835 384 2904 νίᾳ
412 2831 674 2908 λαλοῦμεν
705 2835 828 2910 περὶ
853 2836 1085 2905 τούτων,
1121 2833 1267 2890 ἀλλᾶ
1321 2840 1565 2912 φανερῶς
1623 2834 1728 2896 ἕως
1788 2835 1931 2908 ἄρτι.

286 2927 470 2980 Τοῦτο
526 2923 628 3000 γὰρ
687 2925 748 2978 τὸ
826 2925 1249 3000 κηρυσσόμενον.
1331 2925 1432 2980 Καὶ
1495 2921 1690 2994 οὕτως,
1749 2926 1932 2999 φησὶν,

275 3011 633 3068 ἐπιστεύσατε
668 3013 805 3086 μετά
831 3017 939 3068 τῶν
973 3011 1181 3079 ἄλλων,
1212 3013 1303 3068 καὶ
1336 3011 1502 3082 αὐτὴν
1553 3014 1652 3080 τήν
1717 3012 1932 3069 ἐκείνων

273 3103 466 3158 πίστιν
520 3102 681 3159 καλεῖ
758 3104 1002 3179 μάρτυρα
1055 3110 1157 3172 τῆς
1211 3101 1492 3173 ἀληθείας.
1553 3105 1632 3160 Οὐ
1689 3104 1790 3178 γὰρ
1852 3103 1935 3175 ἄν,

277 3192 448 3267 φησὶν
503 3191 696 3255 ἁπλῶς
780 3191 1125 3248 ἐπιστεύσατε
1193 3190 1386 3266 λόγοις
1440 3191 1789 3266 ἐψευσμένοις
1845 3191 2009 3296 καὶϐ

287 3281 303 3296 .
473 3281 492 3296 κ
543 3287 566 3296 -
679 3281 695 3296 ,
791 3283 804 3296 .
847 3281 860 3296 .
953 3281 964 3296 .
1009 3292 1023 3296 -
1199 3279 1244 3296 ,ς
1312 3287 1371 3296 --
1452 3281 1477 3296 ν
1656 3281 1669 3296 ε

277 3281 620 3353 ἀπατηλοῖς,
653 3281 696 3336 εἰ
737 3283 813 3354 μὴ
847 3281 1132 3351 ἒπείσθητε
1189 3279 1372 3351 ἀληθῆ
1424 3281 1560 3334 εἶναι
1614 3281 1680 3335 τὰ
1737 3303 1936 3355 κηρυσο

280 3370 343 3424 σό
351 3391 504 3443 μενα.

354 3484 383 3510 ι(
416 3459 484 3516 Εἰ
517 3457 574 3514 δὲ
626 3459 858 3534 Χριστὸς
901 3457 1229 3533 κηρύσσεται
1297 3457 1381 3512 ὅτι
1431 3459 1491 3514 ἐκ
1547 3464 1749 3534 νεκρῶν
1801 3459 1936 3535 ὲγή-

285 3568 480 3622 γερται
515 3591 530 3618 ,
597 3552 714 3610 πῶς
783 3547 1002 3622 λέγουσί
1064 3568 1203 3611 τινες
1254 3547 1305 3602 ἐν
1365 3548 1510 3620 ὑμῖν,
1570 3547 1652 3603 δτι
1707 3547 1938 3603 ἀνάστα-

281 3659 371 3699 σις
429 3643 636 3712 νεκρῶν
693 3636 791 3692 οὐκ
842 3635 1034 3704 ἒστινς
1095 3636 1140 3691 εἰ
1226 3634 1282 3691 δὲ
1373 3637 1659 3699 ἀνάστασις
1734 3642 1935 3714 νεκρῶν

283 3727 390 3782 οὐκ
455 3723 647 3794 ἔστιν,
712 3723 835 3780 οὐδὲ
886 3726 1119 3799 Χριστὸς
1173 3722 1491 3801 ἔγήγερται.
1554 3726 1620 3783 Εἰ
1682 3723 1738 3781 δὲ
1803 3728 1939 3801 Χρι-

285 3815 414 3876 πὸς
467 3813 570 3869 οὐκ
651 3812 966 3891 ἐγήγερται,
1043 3815 1195 3869 κενὸν
1264 3812 1366 3890 ἄρα
1423 3815 1510 3869 καὶ
1569 3815 1633 3870 τὸ
1676 3817 1939 3890 κήρυγμα

285 3905 478 3976 ἡμῶν,
536 3904 660 3973 κενή
719 3900 776 3958 δῖε
822 3905 910 3958 καὶ
969 3906 1003 3972 ἡ
1055 3904 1238 3964 πίστις
1307 3905 1491 3975 ἡμῶν.
1561 3902 1943 3978 Εύρισκόμεθα

285 3989 348 4047 δὲ
419 3991 510 4046 καὶ
589 3989 1029 4067 ψευδομάρτυρες
1108 3996 1207 4047 τοῦ
1288 3995 1422 4048 Θεοῦ
1465 4036 1480 4062 ,
1557 3991 1642 4047 ὅτι
1715 3992 1945 4068 ἐμαρτυ-

284 4083 534 4156 ρήσαμεν
608 4082 742 4138 κατὰ
814 4086 912 4137 τοῦ
988 4087 1144 4148 Θεοῦ,
1222 4083 1304 4136 ὅτι
1381 4083 1570 4158 ἤγειρε
1643 4084 1737 4138 τὸν
1811 4090 1943 4158 Χρι-

286 4170 416 4224 στὸν
476 4170 536 4224 ὃν
594 4168 694 4224 οὐκ
747 4167 987 4246 ἤγειρεν,
1046 4169 1197 4243 εἴπερ
1257 4167 1360 4245 ἄρα
1415 4171 1596 4246 νεκροὶ
1656 4170 1755 4226 οὐκ
1812 4170 1943 4248 ἒγεί-

288 4277 499 4333 ρονται.
530 4281 556 4307 υ

364 4347 595 4420 Ἀριστα
624 4345 1010 4422 συλλογίζεται
1039 4345 1250 4408 αὐτοὺς.
1302 4345 1616 4419 Ἀποδείξας
1678 4350 1779 4426 γὰρ
1809 4349 1944 4424 πρό·

284 4454 444 4509 τερον
479 4433 562 4488 ότι
588 4435 819 4510 Χριστὸς
850 4433 1155 4510 ἐγήγερται,
1205 4434 1265 4489 ἐκ
1320 4443 1420 4505 τῆς
1470 4437 1638 4492 αὐτοῦ
1685 4437 1944 4514 ἒγέρσεως

280 4524 377 4577 καὶ
432 4525 533 4592 τήν
617 4524 806 4592 κοινὴν
880 4523 1169 4578 ἀνάστασιν
1229 4525 1634 4596 κατασκευάζει,
1690 4527 1764 4589 ὡς
1822 4525 1946 4582 ἐπο-

2040 1947 2184 2000 Nam
2207 1951 2440 2016 oportet
2462 1951 2886 2018 praeceptorem
2912 1947 3027 2001 ﬁde
3051 1946 3296 2018 dignum
3315 1963 3464 2002 esse.
3485 1970 3513 1997 «
3557 1949 3684 2001 Non

2039 2038 2238 2088 autem
2255 2050 2378 2107 ego,
2406 2033 2508 2090 sed
2529 2035 2717 2107 gratia
2739 2035 2840 2090 Dei
2871 2051 3002 2105 qua)
3021 2052 3254 2090 mecum
3282 2041 3392 2091 est.
3419 2035 3684 2090 nDeinde

2039 2123 2259 2177 veritus
2288 2140 2362 2178 ne
2393 2130 2623 2179 rectum
2653 2141 2801 2196 opus
2832 2123 2942 2179 sibi
2980 2124 3424 2190 attribueretur,
3481 2124 3684 2197 gratias

2045 2212 2141 2267 Dei
2172 2213 2367 2282 ipsum
2398 2212 2512 2268 fert
2540 2219 2869 2285 acceptum.
2905 2235 2933 2262 «
2991 2213 3121 2268 Sive
3176 2212 3357 2285 igitur
3415 2229 3518 2285 ego
3568 2215 3685 2268 sive

2041 2301 2148 2355 illi.
2177 2323 2204 2350 ››
2235 2302 2672 2370 Consentimus,
2709 2303 2922 2373 inquit,
2959 2319 3166 2357 omnes
3196 2303 3354 2358 circa
3402 2302 3688 2373 praedica-

2042 2389 2286 2443 tionem.
2323 2391 2436 2443 Nec
2467 2388 2615 2444 dixit
2648 2406 2660 2442 :
2692 2390 2748 2442 Si
2780 2389 2930 2443 mihi
2961 2407 3081 2444 non
3113 2390 3377 2459 creditis,
3421 2390 3511 2445 vel
3571 2390 3692 2444 illis

2039 2475 2263 2530 credite
2297 2493 2310 2530 :
2345 2493 2482 2531 nam
2517 2478 2781 2548 seipsum
2810 2478 2986 2531 vilem
3020 2477 3400 2545 reddidisset,
3434 2495 3543 2533 nec
3577 2479 3692 2533 ﬁde

2040 2567 2286 2640 dignum
2308 2568 2568 2623 veritatis
2590 2573 2802 2624 testem
2835 2585 2964 2623 sese
2986 2568 3365 2623 ostendisset.
3394 2568 3506 2622 Sed
3546 2568 3692 2638 quid

2040 2655 2166 2710 ait?
2196 2656 2452 2712 Consoni
2481 2673 2686 2712 sumus
2714 2673 2942 2712 omnes.
2977 2657 3048 2711 Et
3105 2672 3173 2710 ex
3233 2673 3301 2710 eo
3357 2655 3514 2726 quod
3557 2655 3641 2710 ait
3675 2672 3689 2710 :

2043 2767 2070 2794 «
2103 2745 2523 2812 Praedicamus,
2559 2769 2580 2794 ι
2645 2746 2939 2801 dictorum
2996 2746 3305 2800 veritatem
3350 2745 3688 2800 conﬁrmat.

2040 2835 2167 2889 Non
2189 2834 2348 2889 enim
2372 2835 2433 2890 in
2455 2835 2684 2890 occulto
2705 2841 2807 2891 aut
2828 2835 2889 2890 in
2910 2833 3125 2907 angulo
3143 2835 3215 2889 de
3249 2833 3342 2888 his
3393 2832 3570 2888 rebus
3601 2833 3692 2888 lo-

2042 2923 2304 2994 quimur,
2330 2925 2434 2980 sed
2455 2925 2769 2980 manifeste
2789 2923 2864 2980 ad
2884 2925 2997 2979 hoc
3026 2940 3216 2994 usque
3257 2929 3511 2994 tempus.
3546 2925 3693 2978 Nam

2041 3015 2152 3070 hoc
2184 3021 2272 3070 est
2303 3014 2462 3087 quod
2491 3015 2872 3086 praedicatur,
2905 3020 2964 3070 et
2993 3015 3094 3080 ita,
3131 3015 3354 3085 inquit,
3413 3031 3512 3068 vos
3557 3031 3694 3069 cum

2041 3103 2175 3158 aliis
2206 3103 2544 3159 credidistis
2578 3120 2591 3156 :
2624 3109 2683 3158 et
2711 3105 2864 3159 hanc
2894 3103 3134 3158 illorum
3169 3102 3347 3158 ﬁdem
3402 3108 3574 3158 vocat
3630 3103 3692 3157 in

2042 3196 2253 3248 testem
2287 3192 2568 3247 veritatis.
2600 3194 2988 3263 Nequaquam
3020 3193 3180 3246 enim
3215 3197 3438 3247 temere
3497 3191 3692 3246 credi-

2041 3281 2280 3336 dissetis
2311 3280 2686 3336 sermonibus
2716 3280 2882 3336 falsis
2912 3297 2980 3336 ac
3012 3279 3389 3352 deceptoriis,
3411 3279 3528 3335 nisi
3555 3296 3690 3350 per-

2043 3371 2202 3426 suasi
2230 3370 2494 3425 fuissetis
2523 3387 2660 3425 vera
2693 3386 2821 3425 esse
2854 3386 2985 3440 quas
3015 3369 3516 3442 praedicabantur.

2113 3459 2225 3526 XV,
2260 3462 2448 3515 12-15.
2485 3481 2512 3508 ‹‹
2545 3459 2708 3524 Quod
2740 3460 2789 3513 si
2811 3459 3077 3514 Christus
3103 3457 3463 3530 praedicatur
3487 3476 3522 3514 a
3544 3476 3696 3513 mor-

2045 3571 2073 3600 ‹‹
2108 3548 2225 3604 tuis
2256 3549 2650 3604 resurrexisse
2674 3566 2686 3604 :
2712 3547 3010 3620 quomodo
3042 3548 3252 3602 dicunt
3281 3547 3523 3620 quidam
3545 3548 3704 3602 inter

2045 3663 2072 3690 ι(
2103 3657 2202 3694 VOS
2233 3656 2352 3694 110D
2385 3656 2514 3696 esse
2545 3639 3046 3696 resurrectionem
3075 3644 3445 3693 mortuorum
3467 3638 3496 3692 ?
3554 3640 3697 3692 Nam

2047 3750 2074 3778 «
2109 3729 2156 3783 si
2189 3729 2545 3784 resurrectio
2578 3734 2949 3784 mortuorum
2978 3744 3099 3782 non
3132 3731 3242 3792 est,
3276 3743 3471 3796 neque
3503 3726 3705 3780 Chris-

2053 3837 2079 3868 ι
2112 3821 2205 3871 tus
2237 3816 2580 3872 resurrexit.
2614 3816 2780 3881 Quod
2809 3815 2855 3870 si
2887 3815 3155 3870 Christus
3187 3830 3309 3867 non
3353 3813 3702 3879 resurrexit,

2051 3928 2079 3957 «
2110 3907 2306 3962 inanis
2339 3923 2477 3962 sane
2509 3912 2598 3961 est
2629 3906 2971 3976 praedicatio
3003 3911 3227 3970 nostra,
3263 3903 3460 3958 inanis
3499 3909 3698 3958 autem

2056 4013 2078 4043 ι
2113 4001 2202 4048 est
2238 4001 2296 4050 et
2327 3994 2472 4050 ﬁdes
2503 4000 2725 4049 nostra.
2759 3993 3112 4065 Reperimur
3168 3993 3316 4048 571
3383 3997 3582 4046 autem
3645 3997 3703 4045 et

2052 4108 2079 4135 ‹‹
2112 4084 2244 4139 falsi
2279 4089 2459 4140 testes
2481 4084 2584 4138 Dei
2621 4100 2632 4136 :
2668 4083 2952 4154 quoniam
3012 4083 3311 4136 testiﬁcati
3369 4097 3573 4136 sumus
3627 4081 3699 4136 de

2051 4196 2079 4223 ‹‹
2114 4175 2252 4241 Deo,
2286 4173 2444 4244 quod
2475 4160 2815 4229 excitaverit
2843 4171 3164 4233 Christum,
3200 4187 3378 4241 quem
3401 4186 3521 4224 non
3547 4169 3702 4224 exci-

2051 4286 2079 4314 ‹‹
2119 4263 2275 4330 tavit,
2308 4263 2356 4317 si
2388 4268 2546 4318 certe
2576 4261 2797 4316 mortui
2829 4278 2946 4316 non
2983 4266 3320 4332 resurgunt.
3360 4282 3387 4308 »

2124 4353 2353 4424 Optime
2409 4353 2688 4408 adversus
2775 4351 2905 4406 illos
2963 4351 3367 4406 ratiocinatur.
3441 4349 3700 4404 Primum

2054 4442 2212 4497 enim
2246 4441 2568 4497 ostendens
2621 4441 2778 4512 quod
2836 4441 3105 4495 Christus
3161 4438 3572 4504 resurrexerit,
3634 4453 3703 4492 ex

2057 4531 2185 4601 ejus
2208 4530 2676 4586 ressurrectione
2707 4545 3086 4585 communem
3121 4527 3297 4583 etiam
3316 4526 3701 4580 resurrectio-

289 4611 456 4686 μένου
486 4612 718 4667 πάντοτε
747 4613 839 4667 καὶ
869 4613 1086 4672 πάντως
1132 4615 1232 4667 τοῦ
1285 4610 1420 4666 ὅλου
1479 4619 1556 4686 τῷ
1617 4614 1789 4690 μέρει,
1850 4617 1934 4672 καὶ

2056 4637 2193 4675 nem
2222 4621 2554 4686 conﬁrmat,
2576 4625 2858 4690 tanquam
2876 4618 3095 4688 ubique
3111 4624 3168 4672 et
3195 4618 3256 4670 in
3305 4632 3443 4670 omn
3457 4615 3588 4668 tbus
3620 4620 3705 4669 to-

281 4704 357 4775 τῇ
412 4699 625 4778 κεφαλῆ
681 4705 778 4756 τοῦ
864 4700 1068 4756 λοιποῦ
1109 4703 1383 4774 σώματος.
1455 4726 1483 4754 ‹‹
1542 4707 1664 4766 Πῶς
1719 4704 1940 4780 λέγουσί

283 4813 431 4854 τινες
466 4787 518 4846 ἔν
553 4791 698 4865 ὑμῖν.
734 4817 760 4843 ››
819 4794 960 4868 ’Ὀρα
1015 4798 1130 4854 πῶς
1186 4793 1248 4847 οὐ
1301 4795 1435 4849 κατὰ
1491 4795 1705 4850 πάντων
1760 4804 1944 4851 ποιεῖ-

284 4903 380 4936 ται
408 4883 510 4951 τήν
548 4883 898 4955 κατηγορίαν,
954 4882 1046 4936 ἳνα
1099 4883 1173 4954 μὴ
1233 4881 1720 4960 ἀναιχυντοτὲρους
1779 4887 1941 4961 ἒργά-

290 4991 474 5040 σηται.
537 4995 565 5022 ‹‹
600 4970 669 5026 Εἴ
724 4969 780 5025 δῖε
838 4970 1118 5032 ἀνάστασις
1176 4976 1375 5040 νεκρῶν
1432 4973 1533 5026 οὐκ
1572 4967 1734 5029 ἔστιν.
1771 4977 1940 5033 «Ἵνα

291 5061 373 5134 μή
409 5058 634 5136 λέγωσιν
666 5058 750 5114 ὅτι
783 5061 810 5115 ὁ
846 5060 940 5133 μὲν
966 5059 1196 5134 Χριστὸς
1226 5061 1542 5136 ἒγήγερται,
1562 5063 1626 5117 οὐ
1648 5063 1756 5135 grav
1789 5058 1937 5120 ἔσται

283 5148 380 5203 καὶ
437 5147 707 5216 κατολική
794 5147 1099 5216 ἀνάστασις,
1182 5149 1246 5202 ἓκ
1328 5152 1424 5202 τοῦ
1484 5150 1725 5205 ἒναντίου
1782 5172 1939 5207 κατα-

285 5237 534 5305 σκευάζει
593 5235 744 5291 αὗτό.
822 5235 888 5293 Εἰ
972 5235 1280 5306 ἀνάστασις,
1368 5238 1552 5315 φησὶν,
1624 5238 1722 5294 οὐκ
1779 5238 1917 5295 ἔστιν

282 5323 416 5382 οὐδὲ
460 5325 698 5398 Χριστὸς
745 5327 1056 5402 ἐγήγερται.
1115 5327 1379 5380 Ἔκαστον
1433 5327 1557 5401 γάρ,
1626 5329 1780 5407 φησί,
1843 5335 1939 5385 τοῦ

283 5417 474 5489 ἕτερου
533 5415 1020 5470 κατασκευαστικὸν
1086 5414 1176 5469 καὶ
1225 5411 1604 5470 ἀποδεικτικὸν
1653 5419 1936 5495 τυγχάνει.

283 5530 311 5555 α
350 5503 418 5560 Εἴ
468 5499 526 5557 δὲ
565 5503 798 5577 Χριστὸς
833 5501 932 5558 οὐκ
985 5503 1297 5577 ἒγήγερται.
1346 5523 1372 5556 ι
1429 5503 1543 5561 Οὔκ
1598 5505 1764 5574 εἶπεν,
1825 5507 1940 5566 Οὐκ

280 5592 600 5664 ἓσαρκώθη,
630 5589 783 5661 ἀλλ’,
816 5616 843 5642 ιι
878 5589 992 5648 Οὐκ
1019 5592 1334 5666 ἒγήγερταν
1367 5613 1396 5642 ››
1452 5587 1662 5655 δεικνὺς
1700 5595 1786 5650 καὶ
1840 5596 1940 5666 τήν

284 5681 560 5756 σάρκωσιν
602 5683 669 5753 τῇ
729 5679 1011 5734 ἀναστάσει
1073 5686 1361 5757 συνῆφθαι,
1391 5681 1482 5734 καὶ
1513 5678 1602 5736 διὰ
1657 5687 1818 5739 τοῦτο
1849 5705 1937 5740 σε-

2052 4715 2177 4764 tum
2199 4715 2482 4780 sequatur
2505 4715 2762 4780 partem,
2779 4714 2835 4762 et
2873 4707 3172 4777 reliquum
3226 4721 3441 4775 corpus
3474 4720 3700 4774 sequa-

2054 4803 2148 4852 tur
2178 4804 2372 4869 caput.
2408 4821 2435 4848 «
2469 4798 2771 4863 Quomodo
2803 4797 3007 4852 dicunt
3035 4795 3276 4865 quidam
3311 4793 3467 4848 inter
3519 4810 3638 4848 vos.
3678 4815 3706 4842 »ι

2051 4887 2375 4943 Considera
2404 4887 2561 4957 quod
2594 4903 2712 4941 non
2737 4886 3018 4941 adversus
3049 4901 3259 4938 omnes
3285 4883 3504 4937 formet
3533 4900 3710 4937 accu-

2052 4977 2365 5043 sationem,
2400 4992 2472 5030 ne
2506 4976 2754 5029 nimium
2785 4991 2886 5030 eos
2918 4973 3274 5044 pudefaciat.
3313 4996 3338 5022 «
3373 4974 3516 5027 Nam
3551 4972 3598 5026 si
3616 4988 3706 5023 re-

2052 5064 2338 5120 surrectio
2368 5069 2737 5118 mortuorum
2771 5081 2889 5118 non
2925 5068 3034 5118 est.
3073 5085 3100 5112 ››
3128 5067 3209 5116 Ne
3257 5062 3480 5126 dicant,
3531 5059 3706 5112 Chri-

2051 5159 2174 5208 stus
2199 5153 2438 5223 quidem
2457 5153 2802 5222 resurrexit,
2822 5153 2985 5224 atqui
3014 5169 3136 5207 non
3183 5151 3296 5205 erit
3343 5147 3702 5202 universalis

2050 5242 2315 5296 omnium
2339 5242 2694 5296 resurrectio
2721 5258 2811 5296 :ex
2836 5242 3108 5312 opposito
3133 5239 3279 5294 illud
3297 5236 3698 5292 conﬁrmat.Si

2049 5331 2424 5398 resurrectio,
2444 5331 2788 5401 inquit,non
2836 5337 3146 5402 est,neque
3196 5328 3462 5383 Christus
3507 5342 3702 5381 resur-

2048 5420 2231 5476 rexit:
2256 5421 2694 5476 namutrumvis
2711 5421 2958 5476 alterius
2990 5417 3464 5475 conﬁrmativum
3513 5421 3601 5470 est
3631 5433 3700 5472 ac

2048 5510 2596 5565 demonstrativum.
2609 5532 2634 5559 ‹‹
2652 5509 2819 5575 Quod
2833 5510 2881 5564 si
2897 5509 3163 5564 Christus
3179 5525 3297 5563 non
3317 5505 3699 5561 resurrexit.»

2046 5597 2364 5655 Nondixit:
2385 5600 2508 5654 Non
2533 5598 3014 5665 estincarnatus;
3039 5597 3164 5664 sed,
3198 5619 3226 5647 «
3258 5597 3384 5651 Non
3419 5610 3698 5650 resurre-

2046 5687 2152 5753 xit,
2188 5709 2215 5737 »
2231 5685 2554 5743 ostendens
2577 5688 2755 5744 etiam
2783 5688 3255 5746 incarnationem
3274 5681 3700 5742 resurrectioni
