4068 6254
476 319 590 377 871

1541 316 1963 380 (ECUMENII
2006 311 2310 375 TlllCCIE
2350 312 2723 375 EPISCOPI.

3725 318 3816 374 8'12

478 450 722 506 abstulit
751 451 1004 519 aPatre,
1066 451 1147 508 ita
1205 467 1398 524 neque
1456 468 1616 508 nunc
1671 450 1932 516 tradens,
1986 449 2103 520 ᾕρει

2230 441 2357 509 δοὺς
2412 442 2526 499 οόδ’
2581 443 2742 507 αὐτὸς
2797 445 3217 523 ἀφαιρεθήσεται
3272 446 3462 518 αὐτῆς.
3500 443 3822 519 Παραδίδωσι,

477 539 822 610 privabitur.
854 539 1053 596 Tradit
1082 546 1306 606 autem,
1335 546 1539 613 posset
1584 540 1880 612 quispiam
1927 537 2124 593 dicere

474 644 584 684 nec
614 629 897 685 aberrans
929 646 964 686 a
995 646 1192 701 scopo,
1224 647 1344 685 non
1374 629 1533 701 quod
1564 646 1685 685 non
1724 628 1959 694 habeat,
2019 625 2124 681 sed

474 717 630 787 quod
640 718 768 789 jam
784 717 1103 773 circaillud
1124 735 1247 773 non
1290 718 1674 791 defatigetur:
1705 715 1986 789 quodque
2018 730 2121 770 ne-

2231 530 2289 588 δὶ
2341 533 2488 589 εἲποι
2542 555 2625 597 τις
2683 533 2769 603 ἃν,
2828 535 2930 591 οὐκ
2985 533 3087 609 ἔξω
3147 540 3376 605 σκοποῦ,
3427 538 3513 592 καὶ
3563 536 3654 591 οὐκ
3701 537 3825 611 Egit}

2234 623 2309 695 μή
2370 616 2539 698 ἔχειν,
2599 621 2727 679 ἀλλ’
2785 623 2867 703 ἐφ’
2896 626 2942 697 ᾦ
2977 626 3054 698 μή
3105 624 3566 701 ταλαιπωρεῖσθαι
3606 624 3715 699 περί
3750 625 3824 679 αὖ·

2230 713 2348 780 τήν,
2398 712 2487 766 καὶ
2541 710 2621 790 ἐφ’
2678 713 2724 785 ᾧ
2780 715 2922 786 μήτε
2978 720 3316 793 συμμαχεῖν,
3351 718 3488 788 μήτε
3512 716 3826 788 τροποῦσθαι,

477 824 594 877 que
625 814 833 862 contra
864 807 1012 862 illud
1041 813 1265 880 pugnet
1292 824 1486 878 neque
1516 807 1711 879 ipsum
1750 807 1964 872 vincat,
2023 820 2096 859 au

2230 802 2371 873 μήτε
2425 799 2567 855 ἄλλο
2623 820 2677 854 τι
2735 807 2933 875 ποιεῖν,
2982 803 3055 857 ὧν
3113 804 3183 858 τὰ
3241 804 3336 876 μὶν
3386 804 3490 879 πρὸ
3517 802 3612 858 τοῦ
3640 804 3826 871 πάθους,

474 894 707 967 quidvis
730 896 984 951 aliorum
1032 895 1230 963 faciat,
1260 913 1515 967 quorum
1544 896 1672 951 haec
1710 894 1952 965 quidem
1984 896 2121 948 ante

472 984 811 1055 passionem
842 988 1034 1051 erant,
1063 984 1183 1039 alia
1209 1001 1345 1039 vero
1377 989 1512 1055 post
1541 981 2070 1039 ressurrectionem
2104 995 2118 1033 :

472 1072 650 1127 veluti
674 1073 856 1128 Filius
877 1074 979 1128 Dei
1006 1073 1185 1128 homo
1214 1072 1406 1128 factus
1422 1073 1581 1128 circa
1616 1089 1725 1127 nos
1755 1072 2121 1126 demonstra-

475 1165 575 1218 vit.
610 1163 810 1219 Tradit
839 1180 977 1232 ergo
1008 1180 1130 1219 non
1162 1162 1320 1235 quod
1349 1179 1469 1218 non
1511 1162 1744 1227 habeat,
1804 1161 1907 1216 sed
1963 1158 2118 1231 quod

465 1253 594 1325 jam
624 1252 776 1308 nihil
801 1269 1007 1308 eorum
1039 1270 1171 1324 qua
1202 1253 1359 1309 dicta
1389 1258 1530 1308 sunt
1580 1253 1737 1307 circa
1796 1249 1945 1305 illud
1993 1265 2117 1305 am-

474 1341 632 1413 plius
658 1342 957 1414 perﬁciat:
994 1342 1134 1413 quia
1164 1343 1341 1398 etiam
1372 1341 1619 1413 accepit,
1657 1358 1777 1395 non
1809 1338 1968 1411 quod
1997 1354 2119 1393 non

472 1430 718 1486 haberet
737 1449 752 1497 ;
772 1431 1029 1487 habebat
1043 1447 1303 1502 namque
1326 1431 1479 1486 sicut
1498 1436 1556 1484 et
1576 1432 1782 1485 Pater:
1825 1428 1929 1483 sed
1960 1425 2119 1497 quod

471 1520 726 1592 propriis
758 1520 1084 1590 laboribus,
1117 1520 1409 1576 seditione
1441 1536 1508 1575 ac
1566 1517 1882 1591 tyrannide
1920 1517 2117 1587 ipsum

467 1608 827 1664 liberaturus
886 1614 1061 1665 esset.
1126 1631 1154 1658 ‹‹
1214 1609 1360 1664 Cum
1416 1608 1731 1664 tradiderit
1784 1622 2052 1680 regnum.
2087 1626 2115 1654 »

471 1698 715 1764 Quando
742 1699 893 1766 hinc,
924 1716 958 1754 ο
990 1698 1169 1754 Paule
1189 1698 1217 1753 ?
1247 1721 1275 1750 ‹‹
1307 1700 1453 1753 Cum
1511 1698 1840 1765 tradiderit,
1897 1696 2115 1767 inquit,

474 1804 723 1860 regnum
754 1788 872 1842 Deo
906 1793 966 1842 et
993 1789 1171 1843 Patri.
1201 1808 1230 1837 »
1260 1786 1614 1855 Tradiderit,
1648 1786 1759 1840 hoc
1802 1791 1909 1852 est,
1962 1790 2111 1839 stre-

470 1892 588 1932 nue
606 1875 941 1932 confectum
962 1875 1025 1930 in
1047 1876 1309 1931 medium
1332 1875 1664 1947 protulerit.
1688 1874 1752 1929 Id
1771 1879 1970 1929 autem
2002 1875 2114 1928 erit

474 1980 608 2019 cum
639 1964 852 2020 devicti
899 1964 1122 2019 fuerint
1170 1963 1490 2029 daamones,
1549 1980 1616 2019 ac
1671 1963 1962 2018 desierint
2014 1979 2117 2019 sua

465 2070 647 2125 opera
671 2052 887 2109 facere.
910 2054 1071 2108 Tunc
1093 2053 1256 2108 enim
1279 2053 1544 2109 Christus
1592 2052 1851 2125 perfecte
1889 2052 1950 2107 in
2005 2069 2112 2108 nos

464 2140 754 2214 regnabit,
781 2158 903 2197 non
916 2141 1043 2212 jam
1060 2141 1277 2198 divisos
1319 2142 1438 2197 Deo
1486 2148 1542 2198 et
1589 2141 1807 2197 rectori
1852 2141 2108 2198 mundi:

464 2229 612 2285 utin
634 2230 729 2286 his
751 2231 992 2302 quidem
1013 2232 1152 2298 Deo,
1179 2232 1240 2285 in
1266 2231 1389 2286 illis
1423 2237 1622 2287 autem
1665 2231 1975 2287 aﬂectibus
2006 2248 2112 2303 pa-

464 2337 722 2377 reamus.
757 2321 905 2386 Quid
936 2324 1383 2395 ergo?regnum
1407 2324 1524 2379 Deo
1566 2329 1624 2378 et
1665 2323 1823 2378 Patri
1854 2323 2047 2379 tradet
2083 2322 2111 2377 ?

469 2412 700 2483 Utique.
733 2411 870 2466 Vult
898 2412 1057 2467 enim
1111 2412 1424 2469 ostendere
1478 2428 1659 2469 unam
1717 2418 2109 2469 sacrosancta)

464 2501 763 2557 Trinitatis
785 2519 915 2557 esse
937 2507 1221 2559 mentem.
1247 2503 1550 2574 Siquidem
1576 2503 1865 2571 Christus,
1888 2503 2106 2574 inquit,

463 2591 566 2662 qui
596 2590 823 2647 bellum
854 2593 1158 2665 transegit,
1187 2609 1310 2648 non
1338 2591 1500 2647 solus
1531 2592 1658 2664 ipse
1689 2598 1755 2646 ut
1811 2592 2108 2663 quispiam

463 2685 753 2751 tyrannus
785 2697 1034 2753 regnum
1054 2680 1355 2749 retinebit,
1366 2681 1470 2737 sed
1493 2686 1551 2736 et
1573 2680 1731 2735 Patri
1754 2686 1813 2735 et
1840 2681 2104 2752 Spiritui,

461 2768 523 2823 id
550 2768 708 2839 quod
740 2768 998 2825 efﬁcitur
1025 2776 1323 2842 operatur.
1361 2792 1389 2820 «
1449 2771 1567 2825 Deo
1625 2774 1684 2825 et
1733 2769 1911 2825 Patri.
1965 2791 1992 2819 »
2026 2770 2105 2826 Eo

463 2858 622 2928 quod
640 2856 770 2929 ejus
788 2857 1365 2930 sitprincipium,ita
1400 2858 1565 2914 dixit.
1608 2859 1782 2914 Divus
1828 2857 2105 2930 Cyrillus,

461 2951 671 3018 quarto
691 2947 961 3003 Adversus
978 2948 1265 3003 Iulianum
1287 2947 1463 3017 libro,
1495 2948 1654 3004 circa
1688 2949 1887 3020 ipsum
1922 2949 2103 3004 ﬁnem

459 3036 543 3090 ita
564 3034 849 3091 ait:Cum
870 3035 1180 3092 tradiderit
1228 3053 1499 3110 regnum,
1549 3037 1662 3092 hoc
1699 3042 1809 3106 est,
1848 3024 2104 3093 liberum

459 3129 744 3196 tanquam
771 3141 806 3181 a
824 3131 1079 3196 tyranno
1101 3125 1424 3182 discertum
1476 3126 1780 3197 eripuerit,
1831 3131 1890 3182 et
1913 3125 2102 3183 addu-

2223 889 2291 943 τὰ
2345 887 2404 944 δὲ
2464 892 2597 963 μετὰ
2651 892 2752 958 τὴν
2810 890 3092 947 ἀνάστασιν
3150 893 3226 953 ὡς
3303 893 3425 954 Υἱὸς
3474 896 3605 948 Θεοῦ
3657 892 3826 966 ἄνθρω-

2226 996 2331 1040 πος
2383 980 2643 1054 γεγονὼς,
2728 978 2805 1041 εἶς
2880 982 3032 1054 ἡμᾶς
3091 978 3418 1054 ἐπεδείξατο.
3476 977 3827 1055 Παραδίόωσιν,

2225 1067 2338 1136 οὗν,
2370 1068 2443 1129 ὡς
2471 1062 2702 1144 ἕαημεν,
2734 1068 2837 1123 οὐκ
2893 1067 2975 1147 ἐφ’
3004 1071 3050 1141 ᾧ
3083 1071 3160 1142 μὴ
3213 1068 3382 1145 ἔχειν,
3413 1068 3539 1124 ἀλλ’
3566 1070 3648 1146 ἓφ⁹
3676 1068 3718 1142 ᾧ
3746 1091 3830 1141 μη-

2222 1155 2335 1212 κέτι
2409 1162 2515 1212 τῶν
2607 1159 2910 1234 εὶρημένων
2985 1180 3038 1215 τι
3114 1160 3238 1234 περὶ
3333 1159 3505 1230 αὐτὴν
3580 1157 3829 1215 ἐπιτελεῖν.

2223 1247 2370 1301 Ἐπεὶ
2430 1247 2520 1301 καὶ
2577 1245 2936 1322 παρείληφεν,
2991 1247 3091 1304 οὐκ
3142 1248 3223 1327 ἐφ’
3280 1247 3327 1320 ᾧ
3389 1249 3466 1321 μὴ
3526 1245 3830 1323 ἕχειν(εἷχεν

2222 1334 2350 1409 γὰρ,
2381 1332 2563 1410 ὥσπερ
2596 1337 2624 1390 ὁ
2658 1336 2893 1410 Πατὴρ),
2925 1334 3053 1391 ἀλλ’
3082 1335 3164 1407 ἐφ’
3213 1337 3259 1409 ᾦ
3306 1338 3497 1399 πόνοις
3530 1333 3708 1405 ἰδίοις,
3734 1336 3835 1389 στά-

2225 1443 2359 1483 σεως
2414 1422 2579 1493 αὐτὴν
2632 1423 2723 1479 καὶ
2772 1421 3093 1498 τυραννίδος
3150 1423 3479 1494 ἀπαλλάξει.
3513 1449 3542 1476 ‹‹
3575 1427 3730 1483 ’Ὀταν
3754 1424 3834 1479 πά-

2222 1508 2374 1587 ραδῷ
2424 1513 2523 1582 τήν
2583 1511 2882 1588 βασιλείαν.
2944 1538 2972 1565 ››
3034 1515 3173 1569 Πότε
3227 1518 3419 1583 ταῦτα,
3480 1515 3527 1569 ὦ
3584 1513 3833 1582 Παῦλε;›ι

2223 1625 2251 1652 ‹‹
2283 1602 2473 1674 ”Οταν,
2532 1602 2666 1681 φησί
2720 1600 2950 1677 παροιδῷ
3004 1603 3105 1673 τήν
3168 1602 3447 1679 βασιλείαν
3503 1608 3585 1676 τῷ
3627 1606 3735 1675 Θεῷ
3764 1602 3835 1657 καὶ

2223 1695 2410 1770 Πατρί.
2491 1720 2517 1747 ››
2616 1694 2870 1770 napum»,
2942 1696 3211 1764 τουτέστι,
3286 1698 3714 1771 κατορθωθεῖσαν
3777 1697 3836 1756 εἷς

2225 1781 2385 1854 μέσον
2426 1783 2624 1861 ἀγάγῃ.
2686 1785 2875 1841 Ἔσται
2936 1782 2994 1840 δὲ
3049 1789 3236 1847 τοῦτο,
3291 1784 3417 1840 ὅταν
3477 1787 3768 1855 ἡττηθῶσιν
3794 1784 3835 1837 οἱ

2223 1868 2496 1945 δαίμονες,
2554 1872 2644 1927 καὶ
2700 1873 2996 1929 παύσονται
3047 1878 3147 1929 τοῦ
3201 1873 3271 1930 τὰ
3296 1871 3410 1928 ἲδια
3446 1873 3696 1950 ἐνεργεῖν.
3724 1872 3834 1930 Τότε

2218 1961 2324 2035 γὰρ
2378 1961 2603 2024 τελείως
2677 1964 2838 2035 ἡμῶν
2893 1964 2922 2018 ὁ
2977 1964 3205 2039 Χριστὸς
3283 1961 3618 2039 βασιλεύσει,
3671 1962 3833 2036 μηκέτι

2220 2050 2592 2125 μεριζομένων
2645 2055 2760 2123 Θεῷ
2815 2052 2906 2107 καὶ
2962 2052 3389 2127 κοσμοκράτορι.
3452 2050 3614 2123 Μηδὲ
3655 2054 3716 2107 τὰ

2217 2144 2354 2211 Θεῷ,
2403 2140 2467 2194 τὰ
2528 2138 2586 2195 δὲ
2638 2146 2758 2205 τοῖς
2809 2142 3003 2197 πάθεσι
3061 2140 3425 2215 πειθομένων.
3487 2142 3551 2196 Τί
3605 2141 3829 2207 οὗν;τήν

2218 2226 2497 2302 βασιλείαν
2542 2234 2622 2301 τῷ
2654 2234 2770 2303 Θεῷ
2824 2230 2915 2285 καὶ
2973 2231 3141 2306 Πατρὶ
3194 2228 3554 2303 παραδώσεις
3595 2230 3706 2287 Ναί.
3736 2235 3832 2284 Δεῖ-

2214 2317 2298 2386 ξαι
2329 2317 2433 2393 γὰρ
2460 2316 2605 2374 θέλει
2640 2318 2766 2392 μίαν
2818 2320 3044 2396 γνώμην
3095 2326 3198 2389 τῆς
3251 2319 3412 2395 ἁγίας
3439 2317 3689 2395 Τριάδος.
3719 2319 3829 2377 Οὖτε

2214 2405 2339 2481 γὰρ,
2372 2407 2557 2485 φησὶν,
2586 2407 2615 2461 ὁ
2646 2408 2879 2482 Χριστὸς
2908 2409 3255 2483 κατορθώσας
3302 2409 3401 2477 τήν
3463 2410 3670 2486 μάχην,
3696 2406 3827 2465 αὐτὸς

2218 2497 2381 2571 μόνος
2439 2496 2620 2573 ὥσπερ
2677 2520 2761 2562 τις
2816 2500 3076 2574 τύραννος
3133 2496 3341 2569 καθέξει
3398 2501 3504 2568 τὴν
3564 2496 3821 2575 βασιλείαν,

2211 2584 2359 2641 ἀλλὰ
2394 2587 2484 2642 καὶ
2540 2592 2619 2660 τῷ
2677 2589 2849 2664 Πατρὶ
2903 2589 2997 2644 καὶ
3052 2594 3131 2662 τῷ
3186 2588 3464 2662 Πνεύματι
3493 2589 3559 2644 τὸ
3586 2590 3818 2666 γινόμενον

2211 2677 2521 2749 πράττεται.
2556 2700 2585 2728 ‹‹
2614 2681 2706 2750 Τῷ
2737 2681 2853 2749 Θεῷ
2902 2678 2992 2733 καὶ
3024 2679 3215 2753 Πατρί.
3251 2701 3279 2729 ››
3312 2677 3813 2751 [ΟΙΚΟΥΜΕΝΙΟΙ⁹.]

2213 2763 2310 2819 Διᾶ
2364 2765 2426 2820 τὸ
2485 2764 2658 2820 αἲτιον
2721 2765 2895 2831 οὕτως
2925 2767 3094 2823 εἶπεν.
3155 2768 3216 2825 Ὀ
3270 2764 3323 2820 έν
3380 2767 3561 2843 ἁγίοις
3589 2763 3811 2840 Rapina:

2211 2850 2264 2906 ἐν
2297 2847 2504 2927 βιϐλίῳ
2550 2855 2792 2929 τετάρτῳ
2848 2860 2956 2911 τῶν
3014 2855 3152 2911 κατὰ
3207 2853 3674 2928 Ἰουλιανοῦ,πρός
3694 2849 3796 2905 αὗτό

2208 2941 2271 2995 τὸ
2334 2940 2500 3015 πέρας
2555 2944 2700 2999 οὕτω
2758 2945 2941 3022 φησίνο
3000 2968 3030 2997 «ι
3059 2946 3230 3003 Ὅταν
3289 2942 3510 3021 παραδῷ
3557 2943 3636 3009 τήν
3657 2940 3783 3012 βαστ-

2210 3027 2380 3099 λείαν,
2410 3054 2439 3081 ››
2468 3033 2761 3100 τουτέστιν,
2795 3031 3081 3109 ἐλευθέραν
3145 3035 3218 3097 ὡς
3277 3034 3386 3090 ὑπὸ
3415 3030 3631 3106 τυράννου
3656 3023 3782 3100 διηρ-

2206 3118 2510 3193 πασμένην,
2567 3119 2764 3191 ἐξελὼν
2818 3122 2907 3177 καὶ
2964 3123 3330 3200 προσαγαγὼν
3372 3127 3448 3195 τῷ
3498 3117 3608 3192 ἰδίῳ
3637 3114 3794 3195 γενῆν

458 3214 614 3268 xerit
643 3214 882 3285 proprio
913 3215 1186 3286 genitori.
1221 3237 1250 3265 »
1289 3220 1437 3272 Cum
1486 3196 1810 3272 aboleverit
1865 3231 2103 3271 omnem

2213 3232 2348 3287 τορι.
2386 3234 2415 3264 ct
2443 3213 2606 3270 Ὅταν
2635 3216 2956 3289 καταργήσῃ
3006 3196 3179 3270 πᾶσαν
3224 3196 3426 3293 ἀρχήν.
3460 3237 3491 3264 ιι
3515 3207 3810 3284 Καταρκίήσῐι,

456 3302 877 3373 principatum.
908 3323 937 3352 »
959 3303 1312 3372 Aboleverit,
1337 3305 1448 3360 hoc
1472 3312 1580 3372 est,
1605 3306 1908 3377 devicerit,
1931 3306 2098 3363 cohi-

459 3389 656 3443 buerit
682 3388 749 3443 ‘7.
782 3389 1017 3445 Etenim
1048 3408 1208 3447 nunc
1239 3398 1562 3463 operantur
1590 3410 1658 3449 ac
1705 3395 1820 3449 vim
1878 3396 2104 3451 habent

456 3495 648 3551 pravae
681 3494 749 3534 ac
778 3481 1118 3551 apostaticaa
1146 3483 1473 3552 potestatis,
1506 3489 1649 3539 tunc
1694 3501 1833 3540 vero
1883 3502 2102 3558 nequa-

458 3585 638 3640 quam
667 3569 785 3624 vim
815 3577 1111 3640 exserent,
1142 3570 1203 3626 in
1236 3571 1528 3628 ultionem
1585 3573 1836 3629 traditaa.
1896 3575 2098 3632 Simile

458 3661 548 3712 est
576 3656 736 3729 quod
765 3659 846 3713 ait
877 3658 1100 3713 David:
1133 3682 1162 3709 ‹‹
1205 3659 1271 3714 In
1312 3660 1523 3716 umbra
1574 3661 1805 3717 alarum
1861 3667 2097 3719 tuarum

456 3745 707 3818 sperabo
740 3763 1050 3818 quousque
1101 3753 1364 3804 transeat
1417 3748 1700 3821 iniquitas
1754 3750 1817 3803 ".
1876 3772 1904 3800 ››
1935 3751 2097 3807 Tunc

450 3835 610 3891 enim
642 3835 940 3905 transibit,
975 3838 1212 3907 quando
1244 3838 1612 3910 principatus
1652 3856 1719 3896 ac
1774 3846 2095 3912 potestates

447 3922 682 3978 abolitaa
708 3923 952 3994 fuerint,
981 3931 1041 3981 et
1069 3926 1199 3981 sine
1234 3926 1499 3983 efﬁcacia
1530 3929 1878 3984 manserint.

527 4013 678 4070 575
714 4014 887 4070 Pater
917 4031 1153 4087 semper
1191 4033 1439 4089 regnum
1498 4018 1707 4074 habuit
1762 4020 2091 4084 hominum,

444 4101 565 4157 imo
596 4101 775 4157 etiam
806 4103 1175 4176 angelorum,
1207 4106 1311 4161 sed
1341 4107 1687 4179 angelorum
1705 4109 1945 4179 quidem
1966 4110 2091 4165 sine

445 4189 758 4258 seditione,
788 4191 1100 4248 hominum
1131 4210 1266 4248 vero
1298 4195 1542 4265 plenum
1586 4196 2001 4265 seditionibus,
2035 4203 2093 4253 et

444 4278 517 4335 ab
543 4279 958 4336 affectionibus
980 4282 1371 4352 captivum,ac
1388 4282 1726 4340 dmmonum
1751 4287 2091 4342 temtationi-

442 4367 554 4424 bus
584 4369 892 4441 tyrannica
922 4386 1292 4442 oppressum.
1327 4376 1400 4424 At
1430 4372 1612 4428 Filius
1663 4375 1903 4445 propria
1955 4392 2088 4447 pas-

444 4457 611 4512 sione
644 4474 823 4528 quam
854 4459 1018 4514 carni
1049 4459 1250 4515 unitus
1283 4461 1811 4531 suscepit,omnem
1842 4481 2086 4521 enerva-

2204 3302 2470 3369 τουτέστι,
2500 3304 2724 3378 νικήσῃ,
2755 3302 2956 3379 παύσῃ.
3018 3307 3124 3358 Νῦν
3180 3305 3275 3377 μὶν
3320 3304 3422 3379 γὰρ
3471 3300 3749 3377 ἐνεργοῦσιν
3773 3294 3817 3349 αἱ

2204 3391 2443 3464 πονηραὶ
2501 3391 2590 3446 καὶ
2648 3391 3008 3448 ἀποστατικαὶ
3068 3389 3349 3465 δυνάμεις,
3376 3391 3507 3447 τότε
3561 3389 3614 3445 δὶ
3654 3383 3818 3444 οὐκᾶν

2205 3476 2590 3553 ένεργῆσωσιν,
2624 3480 2700 3543 εἷς
2747 3480 2973 3537 κόλασιν
3002 3478 3455 3556 παραδιδόμεναι.
3489 3478 3709 3553 Ὀμοιὸν
3733 3495 3821 3551 φη·

2206 3587 2288 3621 σιν
2338 3568 2367 3621 ὁ
2425 3564 2610 3639 Δαυΐδ,
2643 3593 2671 3620 ‹‹
2709 3570 2796 3624 Ἐν
2834 3576 2903 3639 τῆ
2958 3574 3081 3639 σκιᾷ
3107 3573 3214 3623 τῶν
3245 3569 3534 3644 πτερύγων
3566 3589 3657 3623 σου
3685 3562 3831 3620 ἔλπιῶ

2201 3652 2304 3716 ἕως
2335 3653 2396 3710 οὗ
2454 3652 2699 3732 παρέλθῃ
2732 3659 2767 3726 ἡ
2801 3656 3024 3730 ἀνομία.
3060 3681 3087 3710 ››
3145 3658 3285 3715 Τότε
3337 3658 3439 3732 γὰρ
3500 3655 3826 3731 παρέρχεται,

2203 3742 2327 3799 ὅταν
2388 3744 2440 3800 αἱ
2499 3745 2665 3824 ἀρχαὶ
2722 3746 2813 3801 καὶ
2872 3744 3106 3817 ἐξουσίαι
3162 3749 3573 3822 καταργηθιῖηι,
3629 3742 3713 3799 καὶ
3752 3741 3828 3795 ἄν·

2203 3831 2479 3908 ενέργητοι
2515 3835 2794 3906 μείνωσιν.

2272 4030 2435 4105 Εἶχεν
2483 4032 2563 4086 ἀεὶ
2594 4033 2622 4087 ὁ
2654 4032 2845 4107 Πατὴρ
2897 4034 2998 4102 τὴν
3060 4038 3166 4089 τῶν
3212 4033 3519 4107 ἀνθρώπων
3557 4026 3833 4108 βασιλείαν,

2197 4118 2288 4174 καὶ
2318 4122 2425 4191 μὴν
2455 4120 2545 4176 καὶ
2593 4125 2701 4175 τῶν
2761 4119 3027 4197 ἀγγέλων.
3090 4121 3267 4179 Ἀλλὰ
3321 4122 3421 4191 τήν
3487 4122 3590 4193 μὶν
3620 4124 3723 4175 τῶν
3760 4117 3837 4190 ἆτ-

2198 4207 2400 4283 γέλων,
2461 4208 2835 4278 ἀστασίαστον,
2890 4213 2990 4281 τήν
3050 4208 3107 4267 δὲ
3176 4215 3286 4267 τῶν
3343 4212 3678 4285 ἀνθρώπων,
3728 4225 3837 4262 στα·

2198 4297 2508 4366 σιάζουσαν,
2557 4298 2648 4354 καὶ
2698 4300 2922 4364 πάθεσιν
2972 4298 3575 4376 αίχμαλωτιζομένην,
3625 4298 3714 4355 καὶ
3742 4293 3841 4352 δαι-

2199 4384 2375 4458 μόνων
2432 4386 2710 4463 έπηρείαις
2763 4386 3222 4464 τυραννουμένην.
3286 4387 3440 4447 Ἀλλ’
3500 4390 3533 4444 ὁ
3603 4389 3724 4449 Υἱὸς
3767 4382 3838 4437 ali

2192 4480 2289 4531 τοῦ
2320 4475 2530 4532 οἱκείου
2583 4478 2812 4548 πάθους,
2872 4477 2903 4533 ὅ
2962 4478 3016 4533 ἐν
3076 4478 3233 4554 σαρκὶ
3286 4480 3526 4555 γεγονὼς
3559 4475 3836 4547 ἀνεδέξατοι

440 4546 524 4600 vit
542 4547 945 4619 tyrannidem,
964 4565 1032 4604 ac
1049 4549 1306 4604 maxime
1340 4548 1607 4604 reddidit
1649 4551 2099 4621 imbecillem,et

2213 4570 2373 4620 πᾶσαν
2433 4564 2706 4642 ἐσάθρωσε
2760 4546 3047 4642 τυραννίδα
3103 4546 3193 4623 καὶ
3220 4548 3223 4549 ν
3250 4546 3649 4638 ἀσθενεστάτην
3676 4546 3834 4640 εἰργά-

441 4635 837 4706 captivantem
869 4637 1205 4693 humiliavit
1234 4654 1302 4693 ac
1332 4638 1631 4710 captivum
1689 4641 1862 4712 cepit.
1926 4644 2089 4698 Atta-

441 4738 581 4778 men
638 4724 984 4781 hominibus
1040 4726 1104 4781 in
1160 4726 1278 4782 vita
1336 4727 1729 4799 torpentibus,
1808 4735 2089 4802 tanquam

442 4811 716 4867 scintillae
748 4813 1019 4884 quaedam
1052 4815 1326 4871 vitiorum
1360 4821 1565 4874 nostra
1585 4817 1945 4891 negligentia
1963 4821 2090 4877 red-

438 4899 850 4957 accenduntur
878 4920 946 4959 ac
988 4904 1461 4963 inﬂammantur.
1521 4908 1660 4962 Post
1716 4907 1896 4964 ﬁnem
1952 4928 2086 4967 vero

441 4991 663 5049 sedatis
686 4993 928 5065 quidem
952 4996 1384 5067 affectionibus,
1405 4996 1774 5054 daemonibus
1795 5016 1930 5056 vero
1950 5019 2085 5074 sup-

436 5082 619 5155 plicio
653 5082 907 5151 traditis,
943 5091 1002 5139 et
1021 5085 1203 5156 justis
1243 5086 1304 5141 in
1359 5086 1632 5157 paradiso
1684 5087 1907 5160 absque
1963 5091 2088 5148 ulla

436 5173 777 5230 turbatione
809 5172 1183 5246 degentibus,
1218 5174 1398 5230 tradit
1419 5175 1603 5230 Filius
1624 5178 1781 5232 Patri
1814 5196 2081 5253 regnum,

434 5267 501 5317 ut
531 5263 689 5333 quod
721 5262 1036 5334 tyrannide
1068 5263 1349 5335 omnique
1378 5263 1666 5321 seditione
1705 5284 1921 5338 purum
1948 5270 2081 5324 red-

435 5348 602 5405 didit.

503 5438 621 5507 XV,
653 5441 852 5497 25-28.
888 5463 916 5491 «
949 5444 1097 5497 Nam
1129 5446 1365 5513 oportet
1400 5456 1537 5497 eum
1590 5458 1838 5516 regnare
1891 5446 2081 5507 donec

507 5583 551 5618 "'
580 5583 825 5656 Gregor.
858 5590 1007 5641 orat.
1044 5603 1102 5655 ιι,
1135 5587 1216 5642 De
1246 5586 1416 5670 Filio.
1451 5586 1499 5622 ‘9
1527 5588 1682 5645 Psal.
1714 5606 1822 5657 va,
1854 5596 1906 5648 2.

2202 4675 2353 4724 σατο,
2411 4656 2501 4711 καὶ
2558 4657 2620 4712 τὸ
2685 4654 3104 4733 αἰχμαλωτίζον
3159 4656 3484 4713 ἐταπείνωσε
3546 4658 3643 4712 καὶ
3699 4655 3828 4731 ᾖχμ·

2201 4742 2491 4801 αλώτισεν.
2522 4748 2712 4818 Ὅμως
2758 4750 2867 4801 τῶν
2920 4744 2973 4801 ἐν
3039 4746 3143 4822 βίῳ
3201 4743 3832 4822 καταρᾳθυμούντωνάνο

2200 4831 2456 4906 θρώπων,
2530 4831 2711 4909 ὣσπερ
2798 4834 3087 4910 σπινθῆρές
3168 4856 3304 4898 τινες
3358 4840 3461 4905 τῆς
3519 4836 3713 4895 κακίας
3764 4827 3835 4883 διᾶ

2196 4927 2294 4990 τῆς
2354 4924 2514 4992 ἡμῶν
2572 4920 2858 4994 ἀμελείας,
2918 4922 3220 4978 ἀνάπτουσι
3280 4925 3370 4978 καὶ
3429 4922 3836 4998 ἆναφλέγονται.

2196 5010 2347 5066 Μετὰ
2379 5008 2436 5065 δὲ
2464 5010 2526 5065 τὸ
2557 5008 2739 5081 τέλος,
2789 5016 2896 5067 τῶν
2961 5012 3056 5086 μέν
3115 5016 3300 5078 παθῶν
3332 5012 3717 5086 πεπαυμένων,
3744 5010 3837 5060 τῶν

2196 5094 2254 5152 δὲ
2312 5095 2587 5171 δαιμόνων
2646 5097 3062 5174 κολαζομένων,
3114 5102 3204 5157 καὶ
3257 5105 3364 5156 τῶν
3426 5098 3652 5155 δικαίων
3707 5098 3839 5152 ἀνεν-

2194 5183 2455 5262 οχλήτων
2499 5185 2550 5242 ἐν
2597 5185 2909 5264 παραδείσῳ
2969 5187 3365 5264 διαιτωμένων,
3418 5181 3842 5264 παραδίδωσινὸ

2191 5276 2316 5338 Υἱὸς
2386 5279 2466 5348 τῷ
2543 5278 2714 5352 Ιιατρὶ
2790 5279 2891 5348 τὴν
2972 5277 3250 5353 βασιλείαν
3327 5279 3402 5341 ὡς
3476 5277 3840 5351 κατορθώσας,

2189 5365 2424 5439 καθαρὰν
2450 5364 2762 5443 τυραννίδος
2788 5367 2873 5423 καὶ
2907 5367 3347 5423 ἀναστασίαστον.

2263 5477 2291 5505 ‹‹
2320 5459 2411 5509 Δεῖ
2438 5455 2543 5530 γὰρ
2595 5453 2756 5511 αὐτὸν
2819 5454 3150 5532 βασιλεύειν,
3190 5455 3355 5532 ἄχρις
3417 5455 3481 5511 οὗ
3523 5454 3581 5509 ἃν
3615 5455 3687 5527 θῇ
3718 5448 3845 5506 πάν·
