4068 6254
235 345 361 406 873

1208 345 1601 406 OO‘MMEN'I‘.
1650 345 1738 406 IN
1785 343 2034 406 EPIST.
2083 346 2106 405 Ι
2151 347 2253 406 AD
2299 345 2668 408 CORINTH.

3535 342 3654 404 814

238 498 342 541 τας
371 476 502 542 τοὺς
529 475 763 555 ἐχθροὺς
816 479 919 534 ὑπὸ
977 479 1106 542 τοὺς
1156 476 1324 540 πόδας
1382 477 1562 534 αὑτοῦ.
1624 480 1893 557 Ἒσχατος

2013 503 2042 530 ‹‹
2073 483 2336 552 posuerit
2360 497 2568 538 omnes
2590 463 2862 536 inimicos
2893 476 2999 534 sub
3022 477 3203 550 pedes
3235 491 3393 534 suos.
3434 479 3662 535 Postre-

245 569 453 647 ἐχθρὸς
504 574 850 644 καταργεῖται
911 571 938 623 ὁ
998 570 1242 633 θένατος.
1303 570 1479 623 Πάντα
1539 570 1640 644 γαρ
1706 568 1896 623 ὑπέτα-

240 660 328 728 ξεν
365 661 466 714 ὑπὸ
496 660 622 722 τοὺς
647 659 815 723 πόδας
849 661 1032 716 αὐτοῦ.
1076 663 1235 716 Ὃταν
1294 657 1349 715 δὲ
1409 657 1531 734 εἶ’πῃ
1590 661 1671 716 ὅτι
1728 661 1898 714 πάντα

237 749 623 819 ὑποτέτακται,
730 748 991 820 δηλονότι
1094 750 1246 811 ἐκτὸς
1348 754 1444 804 τοῦ
1544 749 1898 818 ὑποταξαντος

232 839 481 911 αὖτῴτᾶ
513 839 702 896 πάντα.
736 842 899 897 Ὅταν
961 839 1016 894 δὲ
1075 841 1318 913 ὑποταγῇ
1379 839 1528 910 αὖτῴ
1579 839 1644 894 τα
1701 839 1893 908 πάντα,

233 930 367 984 τότε
395 929 484 983 καὶ
518 929 679 990 αὐτὸς
711 931 740 984 6
775 931 897 990 Υἱὸς
961 931 1360 1004 ὑποταγήσεται
1425 933 1505 1000 τῷ
1565 928 1895 999 ὑποτάξαντι

234 1017 394 1090 αὐτῷ
416 1018 484 1074 τὰ
513 1018 706 1088 πάντα,
734 1017 828 1074 ⁸ίνα
857 1017 893 1093 ᾖ
924 1019 952 1073 6
983 1019 1112 1078 Θεὸς
1143 1017 1317 1073 πάντα
1349 1016 1402 1072 ἐν
1432 1021 1612 1073 πᾶσιν.

311 1107 390 1165 Τὸ
426 1106 732 1184 βασιλεύειν
764 1106 1006 1177 ἐνταῦθα,
1040 1107 1148 1186 οὐχ
1178 1104 1392 1174 ἁπλῶς,
1427 1105 1553 1162 ἀλλ’
1613 1106 1748 1173 οἷον,
1806 1110 1896 1161 Δεῖ

232 1196 403 1251 αὐτὸν
463 1197 528 1251 τὰ
573 1200 671 1251 τοῖ’)
730 1196 1121 1271 βασιλεύοντος
1163 1201 1362 1266 ποιεῖν,
1413 1196 1681 1260 τουτέστι,
1714 1195 1891 1250 πολε-

1094 750 1246 811 ἐκτὸς

235 1291 364 1359 μεῖν
391 1287 517 1348 τοὺς
553 1285 807 1364 ἐχθροὺς,
841 1293 1154 1362 συμμαχεῖν
1213 1285 1329 1348 τοῖς
1389 1283 1574 1356 ἰδίοις,
1633 1286 1759 1348 τοὺς
1795 1285 1888 1358 μὲν

227 1380 594 1452 τροποῦσθαι,
625 1378 752 1440 τοὺς
786 1375 842 1432 δὲ
903 1377 1140 1454 ῥύεσθαι.
1203 1402 1229 1430 (ι
1262 1379 1462 1452 ’Ἃχρις
1496 1376 1558 1432 οὗ
1611 1377 1672 1432 ἂν
1737 1381 1828 1450 θῇ,
1861 1403 1890 1429 ››

233 1469 333 1522 καὶ
367 1468 508 1538 ἑξῆς.
551 1469 696 1523 Μετᾶ
735 1469 838 1543 γὰρ
887 1472 1076 1537 ταῦτα,
1145 1465 1362 1528 οὐδενὸς
1423 1472 1530 1521 τῶν
1590 1466 1889 1543 εἰρημένων

235 1557 425 1633 χρεία.
461 1557 840 1619 ’Δστασιαστὸς
866 1557 966 1633 γαρ
1018 1555 1210 1611 λοιπὸν
1240 1559 1274 1625 ἡ
1307 1554 1578 1631 βασιλεία.
1627 1580 1654 1607 (ί
1687 1557 1891 1634 Ἀχρις

229 1647 301 1702 οὗ
345 1645 408 1700 ἆν
572 1671 598 1698 ››
639 1645 716 1703 05
752 1645 910 1706 τέλος
943 1645 1198 1706 ἐπιτιθεὶς
1255 1649 1323 1719 τῇ
1361 1643 1631 1720 βασιλείᾳ,
1666 1645 1778 1699 εῖπε
1807 1645 1889 1714 τὸ,

233 1761 265 1789 ‹‹
299 1741 501 1810 Ἀχρις
533 1735 594 1790 οὗ
629 1734 688 1789 ἃν
719 1738 808 1809 θῇ,
831 1759 858 1786 ››
884 1733 1010 1791 ἀλλ’
1034 1736 1344 1805 ἀξιόπιστον
1369 1739 1539 1789 ποιῶν
1571 1736 1632 1788 τό
1664 1733 1890 1809 ε”ρημέ-

229 1847 356 1891 νον,
392 1825 481 1879 καὶ
527 1823 739 1899 θαρῥεῖν
787 1825 1229 1897 παρασκευάζων,
1293 1823 1485 1878 ὡσανεὶ
1544 1821 1718 1896 ἔλεγε·
1774 1824 1888 1892 Μὴ,

229 1911 429 1984 ἐπειδὴ
463 1913 724 1984 ἤκουσας,
757 1914 830 1974 ὧς
875 1913 1049 1983 οὗτος,
1085 1912 1168 1968 ὅτι
1209 1913 1534 1988 καταργήσει
1592 1919 1762 1967 πᾶσαν
1793 1913 1886 1986 ἀρ·

228 2004 336 2070 κήν
364 2002 455 2057 καὶ
505 2001 771 2073 ἐξουσίαν,
829 2002 920 2056 καὶ
979 2001 1137 2056 αὐτὸν
1191 2001 1283 2056 τὸν
1343 2003 1587 2071 θάνατον,
1642 1996 1888 2075 φοϐηθῇς

241 2093 318 2154 ὡς
363 2091 682 2153 ἀτονοῦντος
740 2091 926 2149 αὖτοῦ.
994 2093 1140 2154 Ἕως
1196 2092 1298 2167 γὰρ
1343 2090 1603 2146 ἃνπάντα
1659 2097 1887 2160 ποιῆσαι

237 2179 550 2256 βασιλεῦει,
593 2181 655 2236 οὐ
687 2185 850 2237 τοῦτο
891 2179 1093 2258 λέγων,
1126 2181 1210 2236 ’ὁτι
1246 2181 1381 2254 μετᾶ
1421 2182 1483 2236 τὸ
1541 2187 1768 2250 ποιῆσαι
1825 2179 1887 2234 οὗ

234 2270 578 2346 βασιλεᾶσει,
613 2269 739 2325 ἀλλ’
790 2270 960 2325 ἐκεῖνο
1016 2268 1225 2332 δεικνὺς
1280 2270 1362 2324 ὅτι
1409 2268 1505 2324 κᾶν
1567 2271 1641 2343 μὴ
1673 2274 1764 2323 νῦν
1800 2267 1890 2344 γέ-

230 2381 422 2431 νηται,
455 2363 675 2421 πάντως
735 2357 906 2418 ἔσθαι.
965 2364 1168 2434 ligata?
1222 2360 1326 2435 γὰρ
1383 2360 1572 2426 αὐτοῦ,
1631 2359 1817 2438 φησὶν,
1851 2361 1885 2428 ἡ

220 2449 489 2525 βασιλεία
527 2450 615 2505 καὶ
649 2450 748 2504 οὐκ
780 2451 981 2514 ἀτονεῖ,
1012 2449 1174 2524 ἆχρτς
1215 2448 1277 2504 οὗ
1309 2449 1477 2504 πάντα
1530 2449 1885 2522 κατορθώσει.

217 2543 282 2596 Ἱ]
317 2540 380 2595 δὲ
412 2544 691 2616 κρατοῦσα
736 2539 899 2615 ἄχρις
959 2539 1020 2594 οὖ
1077 2539 1246 2595 πάντα
1306 2541 1650 2614 κατορθωοῇ,
1690 2537 1888 2611 πολλῷ

237 2629 460 2704 μᾶλλον
496 2633 626 2703 μετᾶ
654 2632 716 2686 τὸ
745 2633 1159 2704 κατορθωθῆναι
1207 2633 1484 2707 κρατήσει.
1543 2654 1570 2681 ‹‹
1605 2629 1702 2684 Καὶ
1731 2630 1888 2704 βασι-

238 2719 404 2780 λείας
438 2720 619 2785 αεότοῦ,
647 2721 832 2797 φησὶν,
879 2720 978 2776 οὐκ
1033 2717 1179 2776 ἔσται
1233 2720 1414 2782 τέλος.
1454 2745 1478 2771 ι)
1531 2716 1609 2776 Τό
1669 2717 1725 2774 δὲ
1757 2717 1886 2793 ἄχρι

245 2808 341 2862 καὶ
375 2809 437 2862 τὸ
474 2807 594 2873 ἓως,
642 2810 698 2864 οὔ
752 2815 925 2865 κεῖται
987 2810 1188 2884 χρόνου
1245 2807 1668 2878 συντελεστικόν,
1737 2807 1886 2878 ἀλλ’,

245 2897 550 2953 Ἀεί.()ἴον
589 2899 671 2967 τὸ,
736 2920 760 2952 ι
796 2898 941 2972 Ἐγὼ
1002 2901 1119 2970 μεθ’
1175 2899 1326 2972 ὑμῶν
1389 2898 1502 2971 εἰμι
1561 2898 1734 2959 πάσας
1793 2899 1888 2960 τὰς

237 2983 454 3058 ἡμέρας
483 2983 585 3048 ἕως
625 2994 724 3056 τῆς
771 2985 1158 3050 συντελείας.»
1228 2987 1332 3043 Καὶ
1392 2989 1475 3054 τὸ,
1536 3012 1563 3040 ‹‹
1599 2987 1778 3044 Κάθου
1831 2985 1891 3042 ἐκ

235 3071 430 3144 δεξιῶν
468 3097 572 3148 μου
615 3073 744 3143 ἕως,
777 3098 808 3131 ι)
865 3076 953 3132 καὶ
985 3077 1068 3145 τὸ,
1130 3102 1155 3128 υ
1190 3071 1472 3151 Ιιαρέλαϐε
1529 3077 1626 3145 τὴν
1661 3082 1889 3152 γυναῖκα

229 3161 402 3219 αὖ)τοῦ
451 3166 542 3219 καὶ
606 3165 706 3220 οὐκ
759 3165 1044 3243 ἐγίνωσκεν
1102 3166 1269 3234 αὐτὴν
1324 3162 1450 3227 ἕως,
1489 3190 1516 3216 ››
1578 3170 1667 3219 Δεῖ
1728 3165 1889 3220 αὑτὸν

801 3227 810 3243 ,
1229 3227 1238 3234 .

233 3252 552 3328 βασιλεῦειν
585 3253 667 3309 ἀεὶ
724 3255 814 3310 καὶ
855 3256 960 3330 πρὸ
1006 3258 1103 3310 τοῦ
1152 3253 1412 3324 ὑποτάξαι
1470 3253 1596 3316 τοὺς
1657 3254 1889 3329 ἐχθροὺς
1930 3227 1972 3293 C

234 3346 346 3401 ὑπὸ
375 3348 506 3407 τοὺς
538 3344 732 3416 πόδας,
787 3361 876 3402 καί
940 3349 1073 3420 μετὰ
1128 3348 1190 3402 τὸ
1251 3347 1530 3418 ὑποτᾶξαι.
1589 3347 1799 3409 Πάντας
1834 3343 1890 3401 δὲ

233 3431 368 3494 τοὺς
429 3431 629 3511 ἐχθρός
715 3453 847 3509 φησι
882 3477 896 3503 ,
953 3434 1221 3503 τουτέστι,
1289 3433 1414 3493 τοὺς
1460 3430 1738 3502 δαίμονας,
1795 3433 1890 3487 τὸν

239 3517 528 3588 διάϐολον,
560 3523 652 3577 τὸν
681 3523 926 3592 θάνατον,
959 3522 1084 3583 τοὺς
1139 3521 1417 3585 ἀπίστους.
1451 3523 1512 3577 Ἠ
1543 3518 1598 3576 δὲ
1629 3523 1766 3591 ἧττα
1795 3525 1891 3576 τοῦ

238 3609 496 3678 θανάτου,
528 3612 592 3665 τὸ
622 3611 976 3690 ἀφαιρεθηναι
1010 3610 1173 3666 αὐτοό
1214 3613 1341 3672 τοὺς
1399 3611 1617 3684 νεκροὺς
1678 3614 1746 3684 τῇ
1777 3610 1895 3664 ἀνα-

239 3719 449 3755 στασει.
511 3724 538 3752 ι(
603 3707 693 3755 Δεῖ
757 3701 860 3778 γὰρ
920 3701 1078 3756 αὐτὸν
1141 3700 1450 3776 βασιλεύειν
1500 3701 1601 3757 ἀεί.
1637 3727 1663 3753 ››
1722 3707 1892 3757 Τοῦτο

237 3787 393 3863 λέγει
421 3792 505 3858 τὸ,
563 3815 589 3842 ‹‹
625 3791 847 3868 Ἀχρις,
885 3815 912 3842 ››
947 3793 1110 3860 Θῆσει
1167 3791 1270 3867 γαρ
1320 3790 1446 3852 τοὺς
1505 3790 1737 3866 ἐχθροὺς
1792 3792 1892 3846 ὑπὸ

240 3878 379 3942 τοὺς
408 3877 574 3934 αὐτοῦ
624 3877 816 3941 πόδας.
855 3879 914 3935 Εἰ
964 3899 1068 3956 γαρ
1121 3881 1227 3954 πρὸ
1279 3884 1376 3934 τοῦ
1432 3887 1651 3950 τεθῆναι
1713 3875 1894 3934 ἑϐασί-

244 3967 396 4038 λὲυε,
431 3965 631 4040 πολλῷ
685 3967 899 4042 μᾶλλον
969 3969 1103 4040 μετᾶ
1159 3971 1220 4024 τὸ
1280 3977 1460 4039 θῆναι.
1523 3995 1550 4022 ‹‹
1585 3971 1764 4024 Πάντα
1793 3970 1894 4046 γὰρ

250 4061 508 4131 ὑπέταξεν
563 4062 666 4116 ὑπὸ
722 4065 852 4122 τοὺς
909 4059 1080 4122 πόδας
1135 4063 1322 4118 αὐτοῦ.
1357 4087 1385 4114 ››
1443 4060 1667 4133 Ἐπειδή
1726 4065 1898 4117 πάντα

245 4151 399 4222 παρά
425 4151 520 4205 τοῦ
561 4151 689 4204 1⁸ἱοῦ
719 4149 818 4228 ἔφη
881 4150 1144 4226 γίνεσθαι,
1201 4153 1299 4220 τήν
1363 4150 1640 4226 βασιλείαν
1697 4173 1898 4228 κατορ-

249 4242 479 4302 θοῦσθαι
517 4282 531 4308 ,
590 4239 686 4300 τας
736 4238 978 4308 ἔξουσίας
1046 4244 1430 4315 καταργεῖσθαι
1469 4283 1483 4312 ,
1540 4239 1741 4301 πάντας
1795 4241 1898 4296 ὑπὸ

243 4326 376 4388 τούς
439 4326 612 4389 πόδας
685 4333 916 4398 κεῖσθαι,
972 4321 1216 4404 ἐφοϐήθη
1279 4329 1352 4401 μὴ
1415 4329 1609 4402 μείζων
1664 4332 1898 4403 νομισθῇ

247 4419 277 4473 6
313 4419 436 4481 Υἱὸς
463 4423 559 4474 τοῦ
584 4420 819 4495 Πατρὸς,
843 4420 931 4474 καὶ
970 4417 1165 4474 λοιπὸν
1191 4417 1277 4473 ἐπὶ
1301 4421 1394 4475 τὸν
1449 4421 1657 4496 Πατέρα
1714 4421 1900 4496 ἀνάγει

247 4507 318 4562 τα
349 4507 543 4573 πάντα,
577 4534 604 4558 ‹‹
635 4507 830 4575 Πάντα,
874 4504 1072 4582 λέγων,
1134 4507 1384 4576 ὑπέταξεν
1416 4509 1518 4563 ὑπὸ
1545 4510 1672 4572 τοὺς
1729 4507 1898 4572 πόδας

2005 593 2033 619 ‹‹
2071 586 2201 624 mus
2236 572 2420 627 hostis
2452 570 2785 626 abolebitur
2816 585 2995 623 mors.
3026 570 3168 623 Nam
3214 567 3416 622 omnia
3466 566 3661 639 subje-

2004 682 2032 708 «
2069 660 2147 714 cit
2169 661 2276 716 sub
2309 663 2489 733 pedes
2513 662 2690 715 illius.
2730 659 2904 730 Atqui
2937 675 3068 714 cum
3094 659 3250 714 dicat
3280 658 3436 729 quod
3459 659 3660 715 omnia

2005 771 2031 799 ‹‹
2060 752 2326 820 subjecta
2347 752 2485 817 sint,
2511 752 2705 822 palam
2731 756 2818 805 est
2840 749 3253 821 excipiendum
3277 765 3411 803 eum
3436 749 3533 818 qui
3557 765 3658 804 su-

2004 861 2033 888 ‹‹
2057 840 2206 910 jecit
2226 841 2336 912 ipsi
2361 842 2578 895 omnia.
2604 841 2746 895 Cum
2775 846 2974 894 autem
2997 839 3262 906 subjecta
3295 837 3515 891 fuerint
3544 837 3661 907 ipsi

2003 952 2029 979 ι(
2064 929 2285 994 omnia,
2322 936 2459 984 tunc
2491 935 2547 984 et
2577 929 2700 1000 ipse
2724 928 2904 983 Filius
2928 926 3278 998 subjicietur
3298 927 3349 980 ei
3383 925 3483 996 qui
3517 925 3662 980 sub-

2007 1037 2030 1065 ι
2057 1017 2338 1089 jecitipsi
2364 1019 2584 1076 omnia.
2617 1025 2683 1072 ut
2705 1017 2780 1072 sit
2807 1018 2957 1072 Deus
2989 1016 3190 1071 omnia
3213 1016 3273 1069 in
3296 1014 3593 1071 omnibus.
3619 1034 3649 1064 ι)

2072 1109 2336 1180 Regnare
2371 1109 2479 1163 hoc
2513 1109 2640 1164 loco
2675 1125 2794 1162 non
2817 1106 3039 1180 vulgari
3075 1106 3249 1161 modo
3272 1106 3521 1176 capitur,
3548 1101 3652 1160 sed

1998 1202 2066 1251 ut
2095 1197 2170 1252 sit
2201 1198 2504 1270 regnantis
2537 1215 2715 1270 opera
2747 1213 3041 1262 exercere,
3074 1202 3216 1267 puta
3245 1193 3518 1249 inimicos
3551 1191 3656 1248 de-

1997 1284 2241 1350 bellare,
2279 1289 2403 1342 suis
2421 1287 2876 1354 auxiliari,illos
2931 1286 3173 1356 quidem
3209 1291 3493 1350 evertere,
3543 1282 3653 1337 hos

1997 1391 2134 1429 vero
2172 1375 2445 1430 liberare.
2483 1398 2510 1425 ‹‹
2548 1377 2742 1430 Donec
2795 1375 3061 1446 posuerit
3109 1389 3314 1428 omnes
3376 1371 3652 1427 inimicos

2001 1463 2107 1517 sub
2135 1464 2318 1535 pedes
2341 1480 2496 1519 suos.
2535 1486 2564 1514 »
2599 1467 2738 1519 Post
2756 1464 2883 1518 haec
2911 1464 3069 1519 enim
3102 1461 3267 1517 nullo
3301 1477 3504 1518 eorum
3523 1475 3653 1532 qum

2000 1551 2156 1608 dicta
2185 1561 2321 1608 sunt
2363 1572 2509 1626 opus
2569 1554 2698 1609 erit.
2763 1543 2909 1608 Nam
2955 1553 3346 1608 seditionibus
3403 1565 3652 1624 regnum

1998 1643 2278 1716 deinceps
2307 1644 2548 1700 carebit.
2585 1645 2777 1698 Donec
2805 1643 3093 1714 posuerit,
3122 1635 3241 1698 non
3277 1643 3456 1697 finem
3488 1639 3654 1712 regni

1999 1734 2162 1803 dicit,
2194 1734 2297 1789 sed
2332 1740 2398 1788 ut
2450 1733 2733 1789 credibile
2773 1732 2951 1788 faciat
2981 1732 3140 1804 quod
3199 1731 3420 1787 dictum
3454 1735 3562 1791 est,
3595 1733 3653 1785 et

1999 1823 2219 1879 bonum
2252 1822 2431 1878 addat
2469 1823 2749 1887 aaimum,
2788 1839 2855 1877 ac
2889 1822 2936 1876 si
2967 1821 3214 1876 dixisset
3243 1837 3254 1875 :
3303 1822 3652 1891 Quanquam

2000 1912 2239 1981 audisti,
2271 1930 2304 1967 o
2338 1918 2401 1967 tu
2433 1912 2702 1983 quisquis
2743 1929 2828 1978 es,
2889 1911 3046 1982 quod
3101 1910 3363 1966 abolebit
3417 1925 3654 1965 omnem

1997 2002 2396 2074 principatum
2445 2008 2502 2056 et
2557 2019 2796 2058 omnem
2864 2006 3218 2072 potestatem
3275 2017 3342 2056 ac
3401 2003 3654 2054 mortem

1997 2094 2209 2164 ipsam,
2243 2109 2318 2147 ne
2351 2092 2562 2147 timeas
2595 2091 2763 2162 quasi
2795 2090 3054 2146 futurum
3089 2096 3246 2146 esset
3297 2094 3363 2144 ut
3402 2089 3527 2160 ipse
3567 2088 3652 2142 la-

1996 2186 2138 2241 bore
2163 2186 2461 2241 deﬁceret.
2486 2187 2681 2241 Donec
2696 2183 2854 2240 enim
2879 2184 3080 2240 omnia
3097 2183 3323 2249 fecerit,
3344 2181 3614 2251 regnabit
3638 2195 3654 2237 :

1997 2292 2115 2330 non
2139 2277 2248 2332 hoc
2271 2277 2472 2331 dicens
2508 2276 2664 2347 quod
2688 2282 3002 2348 postquam
3041 2275 3248 2331 fecerit
3274 2291 3393 2328 non
3443 2289 3650 2345 regna-

1996 2365 2119 2420 bit:
2154 2365 2257 2419 sed
2279 2365 2428 2419 illud
2451 2365 2770 2419 ostendens
2793 2365 2971 2435 quod,
3004 2365 3144 2420 licet
3175 2363 3350 2418 modo
3381 2364 3508 2418 haec
3529 2379 3649 2418 non

1998 2455 2163 2516 ﬁant,
2188 2455 2428 2509 omnino
2471 2460 2669 2509 tamen
2701 2459 2893 2509 erunt.
2949 2454 3137 2508 Vincit
3193 2454 3351 2507 enim
3401 2468 3647 2525 regnum

1999 2546 2147 2615 ejus,
2180 2560 2288 2598 nec
2320 2544 2556 2598 deﬁciet
2586 2559 2893 2614 quousque
2926 2542 3124 2597 omnia
3167 2542 3473 2613 perficiat:
3523 2541 3652 2594 vin-

1999 2651 2140 2689 cens
2172 2640 2368 2689 autem
2402 2650 2711 2704 quousque
2743 2633 2945 2688 omnia
2975 2631 3261 2704 perficiat,
3296 2631 3480 2686 multo
3527 2646 3650 2685 ma-

1998 2723 2084 2796 gis
2113 2725 2307 2779 vincet
2361 2730 2675 2795 postquam
2733 2723 2992 2796 perfecta
3050 2722 3288 2778 fuerint.
3331 2722 3484 2779 566
3517 2745 3542 2770 ‹‹
3577 2720 3648 2775 Ει

1999 2813 2166 2886 regni
2202 2815 2351 2886 ejus,
2396 2813 2610 2884 inquit,
2655 2830 2776 2868 non
2835 2813 2944 2868 erit
3002 2811 3136 2867 finis
3167 2811 3230 2866 ιθ.
3266 2832 3294 2862 ››
3355 2810 3651 2866 Dictiones

1998 2906 2176 2978 igitur
2205 2903 2338 2983 ἄχρι
2379 2902 2557 2968 θιὲὡς
2589 2907 2760 2961 donec
2782 2911 2841 2960 et
2870 2921 3172 2976 quousque,
3206 2921 3327 2960 non
3368 2901 3650 2974 temporis

1999 2998 2310 3071 designant
2342 3000 2684 3065 terminum,
2733 2998 2831 3053 sed
2887 2998 3046 3053 idem
3108 2997 3445 3071 signiﬁcant
3493 2993 3651 3068 quod

1997 3091 2257 3163 Semper.
2324 3092 2512 3146 Veluti
2599 3108 2735 3146 cum
2801 3091 3008 3146 dicit:
3091 3113 3118 3140 «
3174 3092 3289 3162 Ego
3349 3089 3653 3144 vobiscum

2002 3197 2131 3235 sum
2192 3180 2466 3235 omnibus
2525 3180 2732 3235 diebus
2787 3196 2974 3250 usque
3059 3179 3133 3235 ad
3197 3177 3656 3234 consummatio-

2002 3269 2225 3325 nem5".
2271 3292 2298 3318 »
2342 3274 2417 3324 et.
2482 3291 2509 3320 ‹‹
2543 3269 2655 3324 Sed
2701 3286 2734 3324 a
2790 3267 3010 3324 dextris
3069 3269 3237 3335 meis,
3299 3267 3487 3323 donec
3544 3283 3654 3338 po-

2001 3375 2174 3425 suero
2221 3358 2494 3413 inimicos
2547 3363 2678 3413 tuos
2708 3358 2775 3412 ³³.
2811 3381 2838 3407 ››
2898 3363 2994 3413 et:
3056 3357 3355 3428 «Accepit
3409 3371 3655 3412 uxorem

2001 3465 2189 3513 suam,
2224 3455 2282 3503 et
2329 3464 2448 3502 non
2505 3448 2780 3521 cognovit
2831 3464 2961 3504 eam
3020 3447 3207 3503 donec
3264 3445 3495 3520 peperit
3519 3445 3588 3501 53.
3620 3465 3652 3496 ῃ

1999 3539 2421 3610 Oportetenim
2455 3555 2589 3593 eum
2621 3555 2858 3610 semper
2889 3555 3158 3611 regnare,
3200 3543 3259 3592 et
3305 3536 3653 3608 priusquam

2001 3628 2276 3700 subjiciat
2297 3628 2568 3683 inimicos
2600 3629 2706 3683 sub
2727 3628 2928 3700 pedes,
2964 3635 3021 3682 et
3043 3634 3352 3701 postquam
3388 3627 3656 3698 subjece-

2001 3718 2097 3772 rit.
2133 3720 2351 3773 Omnes
2381 3724 2578 3772 a-:tem
2636 3717 2910 3772 inimicos
2942 3718 3085 3772 dicit
3119 3733 3132 3771 :
3167 3719 3276 3772 hoc
3303 3722 3409 3770 est.
3443 3715 3659 3770 dmmo-

2002 3825 2130 3871 nes,
2165 3807 2492 3873 diabolum,
2533 3815 2808 3865 mortem.
2843 3824 2910 3862 ac
2943 3805 3300 3861 incredulos.
3342 3804 3659 3860 Conﬂictus

2003 3901 2198 3949 autem
2225 3912 2341 3965 quo
2374 3911 2532 3948 mors
2566 3894 2898 3948 devincitur
2920 3898 3010 3948 est
3039 3892 3256 3946 ablatio
3289 3898 3659 3946 mortuorum

2005 3984 2077 4038 ab
2102 3985 2228 4054 ipsa
2250 4000 2356 4054 per
2389 3983 2904 4037 resurrectionem.
2941 4004 2967 4031 ‹‹
3000 3981 3417 4052 Oportetenim
3458 3981 3654 4051 ipsum

2006 4089 2241 4143 semper
2273 4088 2536 4145 regnare,
2571 4093 2600 4121 »
2653 4077 2713 4125 et
2768 4072 2879 4125 hoc
2931 4070 3242 4140 signiﬁcat,
3303 4092 3330 4119 ‹‹
3371 4071 3583 4125 Donec.
3625 4090 3655 4120 ››

2006 4163 2150 4216 Nam
2223 4167 2405 4232 ponet
2461 4159 2736 4215 inimicos
2785 4159 2892 4214 sub
2969 4159 3149 4230 pedes
3199 4176 3356 4213 suos.
3406 4158 3460 4212 Si
3514 4174 3650 4230 ergo

2007 4253 2352 4323 priusquam
2368 4256 2616 4324 poneret
2629 4250 2930 4324 regnabat,
2945 4249 3131 4304 multo
3145 4249 3330 4321 magis
3343 4254 3658 4320 postquam

2006 4332 2290 4403 posuerit.
2328 4355 2355 4383 ‹‹
2390 4333 2533 4386 Nam
2556 4332 2757 4386 omnia
2778 4330 3031 4403 subjecit
3060 4329 3168 4384 sub
3199 4329 3380 4400 pedes
3407 4328 3587 4382 illius.
3623 4350 3652 4376 ››

2007 4421 2297 4485 Quoniam
2331 4420 2477 4476 dixit
2504 4421 2702 4476 omnia
2737 4420 2862 4476 ﬁeri
2885 4419 3105 4487 aFilio,
3137 4424 3197 4473 et
3214 4434 3458 4490 regnum
3486 4416 3660 4489 dirigi

2009 4527 2075 4566 ac
2103 4517 2426 4582 potestates
2471 4511 2716 4572 aboleri,
2753 4517 2811 4565 et
2841 4510 3039 4564 omnia
3099 4508 3206 4564 sub
3266 4506 3446 4579 pedes
3497 4505 3661 4578 poni,

246 4594 441 4659 αὐτοῦ,
478 4620 505 4647 η
536 4593 748 4660 δεικνὺς
779 4594 980 4651 ἔκεῖθεν
1052 4597 1184 4651 εἶναι
1215 4602 1293 4669 τῷ
1327 4598 1436 4668 Υἱῷ
1499 4598 1562 4652 τὸ
1630 4595 1885 4662 δύνασθαι

2021 4601 2223 4655 timuit
2270 4617 2344 4656 ne
2424 4602 2606 4656 Filius
2660 4601 2830 4655 Patre
2888 4600 3080 4669 major
3124 4602 3533 4669 repularetur:
3586 4595 3669 4652 ita

247 4683 312 4740 ἐκ
341 4691 443 4754 τῆς
473 4683 713 4764 ἀχρόνου
760 4685 956 4746 αἰτίας.
1022 4687 1245 4743 «Ὅταν
1306 4684 1362 4741 δὲ
1411 4685 1553 4760 εἶ’πῃ,
1588 4711 1616 4739 ››
1677 4689 1703 4742 ὁ
1737 4686 1900 4742 Δαυίδ

249 4792 409 4844 φησι.
439 4774 595 4850 Λέγει
643 4775 746 4850 γὰρ
780 4773 1004 4844 ἐκεῖνος,
1067 4798 1088 4826 (ι
1127 4776 1299 4829 Πάντα
1359 4775 1611 4848 ὑπέταξεν
1645 4777 1671 4830 ὁ
1716 4779 1900 4854 υατήρ

246 4864 356 4918 ὑπὸ
387 4861 513 4923 τοὺς
546 4862 714 4924 πόδας
747 4865 933 4928 αὐτοῦ,
968 4859 1213 4938 πρόϐατα
1257 4865 1346 4919 καὶ
1408 4865 1537 4940 βόας
1602 4865 1834 4937 ἁπάσας,
1869 4890 1897 4920 ››

254 4951 311 5020 ἐξ
349 4951 409 5004 οὗ
440 4952 529 5006 καὶ
558 4953 657 5019 τὴν
731 4952 1026 5027 μαρτυρίαν
1088 4952 1255 5026 λέγει.
1296 4956 1434 5028 Ὀρα
1464 4951 1520 5008 δὲ
1549 4960 1666 5017 πῶς
1727 4953 1898 5024 δῆλός

254 5040 403 5095 ἐστιν
425 5037 622 5096 ἕκεῖνον
655 5037 917 5119 φοϐηθεὶς
970 5043 1062 5096 τὸν
1096 5037 1287 5118 φόϐον,
1348 5045 1410 5096 τὸ
1468 5045 1542 5115 μή
1577 5053 1906 5116 νομισθῆναι

263 5129 488 5204 μείζονα
517 5131 605 5184 τὸν
667 5132 808 5198 Υἱὸν,
851 5131 934 5185 ὅτι
994 5129 1157 5186 πάλιν
1219 5129 1561 5207 ἡσςιαλίσατο
1620 5134 1770 5189 αὑτό.
1810 5135 1905 5189 Καὶ

254 5218 476 5283 δίκαιος
507 5221 533 5274 6
563 5215 757 5296 φόϐος.
795 5244 821 5269 ιι
858 5222 1000 5294 ιΙρὸς
1060 5221 1162 5297 γὰρ
1226 5218 1418 5295 ἄνδρας
1469 5222 1575 5276 ἀπὸ
1626 5222 1906 5294 Ἑλλήνων

252 5329 641 5370 πιτσευσαντας
683 5306 934 5386 ἔγραφεν,
994 5308 1046 5363 οἳ
1079 5307 1363 5381 δοξάζουσι
1423 5311 1514 5364 τὸν
1568 5311 1662 5366 Δία
1711 5311 1908 5367 ἐπανα-

255 5400 462 5457 στάντα
492 5404 572 5472 τῷ
603 5399 786 5473 οἰκείῳ
821 5400 1009 5474 Πατρὶ.
1044 5399 1235 5469 ἐξῶσαι
1268 5401 1429 5455 αὐτὸν
1461 5409 1561 5468 τῆς
1609 5401 1908 5478 βασιλείας.

255 5489 393 5552 Δέος
424 5491 514 5544 οὖν
543 5489 638 5560 ἧν,
672 5492 745 5563 μή
779 5511 832 5545 τι
862 5493 1110 5544 τοιοῦτον
1140 5491 1264 5566 παρ’
1317 5492 1454 5563 ἡμῖν
1508 5491 1908 5552 ὑποπτεῦσωσι.

331 5637 380 5674 ‘9
411 5639 548 5695 Luc.
579 5655 618 5705 ι,
658 5637 748 5693 33.
827 5636 872 5673 ³ο
900 5637 1102 5696 Matth.
1133 5653 1326 5707 xxvm,
1357 5641 1447 5693 20.

504 5761 765 5821 PATROL.
815 5758 926 5820 Gn.
973 5755 1241 5821 CXVIII.

1522 5638 1568 5676 δι
1599 5641 1752 5698 Psal.
1785 5658 1892 5697 CIX.
1929 5644 1983 5696 2.

2013 4691 2292 4762 deinceps
2323 4690 2525 4746 omnia
2547 4690 2620 4746 ad
2656 4695 2881 4745 Patrem
2914 4687 3162 4753 reducit,
3197 4687 3437 4742 dicens:
3473 4707 3503 4738 «
3535 4685 3667 4742 Om-

2012 4779 2113 4836 nia
2141 4781 2394 4851 subjecit
2425 4780 2531 4836 sub
2561 4779 2742 4852 pedes
2773 4780 2954 4846 illius,
2989 4800 3016 4828 »
3045 4776 3363 4834 ostendens
3394 4776 3530 4832 inde
3557 4793 3666 4849 p0-

2014 4871 2258 4925 tentiam
2288 4870 2495 4926 adesse
2529 4869 2694 4936 Filio,
2728 4884 2942 4940 nempe
2970 4885 3003 4923 a
3030 4869 3392 4939 sempiterno
3440 4865 3659 4938 princi-

2016 4959 2134 5031 pio,
2169 4982 2195 5008 ‹‹
2232 4960 2404 5029 Atqui
2439 4976 2573 5014 cum
2617 4960 2794 5025 dicat,
2830 4980 2856 5008 ››
2917 4965 3060 5029 pula
3119 4958 3313 5013 ltavid.
3350 4959 3493 5012 Nam
3524 4957 3670 5011 dicit

2017 5050 2118 5104 ille
2153 5049 2309 5118 quod
2342 5049 2542 5103 omnia
2582 5049 2834 5118 subjecit
2866 5049 3038 5101 Pater
3096 5047 3203 5102 sub
3228 5048 3404 5118 pedes
3458 5047 3669 5116 ipsius,

2019 5155 2152 5192 oves
2193 5144 2251 5191 et
2277 5138 2452 5192 boves
2485 5138 2823 5192 universas:
2858 5154 2890 5192 a
2921 5154 3036 5208 quo
3070 5137 3246 5192 etiam
3281 5135 3459 5190 sumit
3505 5134 3668 5188 testi-

2021 5227 2308 5280 monium.
2381 5227 2702 5281 Considera
2755 5243 2889 5281 vero
2937 5225 3231 5296 quomodo
3288 5224 3668 5279 manifestum

2021 5317 2096 5370 sit
2127 5316 2316 5387 ipsum
2352 5315 2411 5369 id
2444 5316 2720 5371 habuisse
2754 5316 3005 5381 timoris,
3039 5331 3112 5369 ne
3148 5313 3327 5369 Filius
3354 5315 3519 5367 Patre
3554 5329 3673 5368 ma-

2013 5406 2113 5479 jor
2136 5413 2462 5477 putaretur,
2495 5407 2776 5477 quoniam
2805 5421 3036 5460 rursum
3063 5404 3219 5458 idem
3259 5401 3539 5458 stabilivit
3606 5403 3673 5458 Et

2012 5497 2212 5569 justus
2245 5513 2384 5552 sane
2420 5498 2595 5551 timor
2623 5503 2770 5553 erat.
2821 5493 3126 5568 Siquidem
3182 5494 3323 5550 viris
3377 5493 3676 5551 scribebat

2057 5641 2106 5677 53
2135 5641 2336 5698 Matth.
2367 5659 2407 5711 ι,
2442 5645 2529 5698 2ὕ.

3390 5761 3469 5822 28
