4068 6254
208 342 335 403 877

1200 332 1591 401 ΟΟΜΜΕΝΤ.
1641 335 1721 397 ΙΝ
1766 331 2019 396 EPIST.
2066 333 2090 393 Ι
2135 334 2238 395 AD
2282 333 2656 396 CORINTH.

3515 337 3637 400 878

220 476 359 532 αὑτά
388 478 715 547 ποιήσουσιν
768 475 901 553 ἅπερ
941 494 1115 535 ειπον,
1167 474 1328 549 Ὁρᾷς
1377 475 1483 525 ποῦ
1532 471 1771 545 ἀνήγαγε
1808 465 1869 520 τὸ

1988 467 2096 524 hoc
2128 468 2453 543 signiﬁcat:
2517 469 2666 534 Quid
2723 468 2961 534 facient,
2994 484 3210 540 nempe
3240 470 3367 529 haec
3414 470 3637 531 facient

205 573 484 644 π,σᾶγμα;
518 599 587 609 -—
636 568 844 641 [ΦΩΤ.]
907 566 1057 622 ἐιπεί
1114 566 1165 619 τί
1222 565 1537 633 ποιήσουσι,
1595 558 1784 634 φησὶν,
1823 555 1874 611 οἱ

210 658 640 730 βαπτιζόμενοι,
671 657 807 712 ὥστε
852 658 927 731 μὴ
988 656 1125 710 εἶναι
1188 652 1475 714 διαπαντὸς
1529 650 1733 724 νεκροὶ,
1786 647 1877 703 καὶ

206 743 274 799 ἐν
308 749 388 816 τῷ
420 741 521 819 ᾄδῃ
558 742 921 819 κατέχεσθαι;
955 744 1090 809 οἷον,
1149 744 1262 805 Τῆς
1312 740 1672 802 ἀναστάσεως,
1723 735 1878 812 φησὶ,

222 834 306 906 μὴ
371 831 560 902 οὔσης,
618 834 669 887 οἱ
720 832 807 888 ἐπὶ
856 832 1134 893 τοιαύταις
1189 829 1373 885 ἐλπίσι
1460 826 1879 903 βαπτιζόμενοι,

215 920 364 977 ὣστε
411 922 547 977 κατά
602 921 823 977 θάνατον
870 922 1186 991 ἀναστῆναι,
1240 918 1289 972 τί
1352 919 1685 987 ποιήσουσι;
1752 937 1779 967 ‹‹
1810 911 1881 971 Εἴ

215 1009 375 1074 ὅλως
408 1012 590 1087 νεκροὶ
627 1010 725 1067 οὐκ
760 1010 1081 1087 ἐγείρονται.
1118 1034 1145 1061 ››
1329 1005 1477 1068 ὅλως
1541 1003 1722 1078 νεκροὶ
1783 1001 1882 1056 οὑκ

213 1098 557 1178 ἐγείρονται,
584 1099 637 1154 τί
681 1100 772 1154 καὶ
833 1099 1185 1174 βαπτίζονται
1242 1095 1336 1151 ’ἱνα
1394 1095 1736 1162 ἀναστῶσιν;
1791 1089 1880 1145 αύ-

210 1192 314 1252 τὸς
376 1188 432 1244 δὲ
491 1187 1060 1261 ἒπιπληκνικώτερον,
1122 1211 1148 1238 ‹‹
1204 1186 1362 1261 Ὑπὲρ
1420 1189 1528 1240 τῶν
1579 1185 1807 1256 νεκρῶν,
1848 1202 1876 1231 ››

214 1280 411 1359 φησὶν,
444 1278 584 1346 οἷον,
618 1274 726 1340 Οὕς
761 1279 918 1352 ὑμεῖς
948 1274 1037 1331 8ιά
1067 1283 1166 1345 τῆς
1227 1273 1367 1337 ἰδίας
1429 1271 1613 1343 δόξης,
1670 1268 1881 1333 ἀϊδίους

210 1368 444 1442 νεκροὺς
477 1368 807 1445 ἀπεφήνατε,
838 1367 1059 1441 νεκροὺς
1091 1363 1169 1435 δὲ,
1201 1365 1290 1420 καὶ
1346 1362 1476 1427 τοὺς
1524 1360 1735 1425 ἄλλους
1788 1375 1879 1427 καὶ

210 1457 461 1524 ἑαυτοὺς,
519 1457 608 1511 καὶ
654 1456 876 1531 νεκροὺς
963 1454 1215 1515 αῗωνίους
1300 1452 1737 1529 ἀποφηνάμενοι,
1826 1446 1879 1502 τί

210 1546 536 1621 βαπτίζεσθε
570 1546 702 1616 ὑπὲρ
746 1545 922 1618 ὑμῶν,
975 1549 1082 1599 τῶν
1138 1545 1335 1617 μήκετι
1384 1544 1501 1597 καθ’
1556 1542 1697 1612 ὑμάς
1754 1538 1877 1592 ἀνα-

206 1638 595 1709 στησομένων,
627 1633 756 1691 ἀλλ’
788 1636 870 1689 ἀεὶ
903 1639 1103 1710 νεκρῶν
1143 1632 1413 1704 ἐσομένων
1449 1651 1461 1701 ;
1514 1630 1637 1687 Ἐπὶ
1690 1627 1878 1685 ἄλλων

210 1725 273 1782 δὲ
304 1726 617 1801 προσώπων
650 1726 879 1801 προάγει
911 1725 1004 1779 τὸν
1037 1723 1221 1798 λόγον,
1250 1723 1340 1777 καὶ
1399 1721 1527 1797 οὐχὶ
1576 1719 1659 1775 ἐπ’
1704 1721 1877 1775 αὐτῶν

211 1813 458 1882 ἐκείνων,
488 1814 580 1868 ἳνα
616 1815 691 1883 μὴ
726 1812 890 1867 πλέον
920 1812 1323 1886 καθαψάμενος,
1379 1812 1452 1872 εἰς
1503 1810 1761 1865 ἀπόνοιαν
1794 1808 1874 1863 ἐκ·
1907 1843 1951 1906 Β

212 1901 546 1972 καλέσηται.
578 1927 605 1954 ‹‹
639 1901 700 1956 Τί
731 1902 821 1956 καὶ
852 1904 1016 1974 ἡμεῖς
1045 1899 1464 1975 κινδυνεύομεν;
1502 1923 1525 1951 »ι
1580 1899 1641 1953 Εἰ
1700 1898 1873 1969 ὅλως,

218 1993 414 2070 φησῗν,
445 1993 734 2054 ἀνάστασις
768 1992 866 2046 οὐκ
895 1989 1031 2060 ἔστι,
1064 1987 1207 2046 διατί
1252 1994 1414 2063 ἡμεῖς
1466 1991 1518 2045 οἱ
1577 1988 1876 2044 ἀπόστολοι

218 2083 304 2137 ἀεὶ
337 2080 391 2136 ἐν
418 2078 689 2144 κινδύνοις
716 2079 872 2155 ἐσμέν
900 2101 913 2151 ;
940 2084 1105 2136 τοῦτο
1138 2077 1308 2155 λέγει,
1355 2081 1474 2143 καθ’
1536 2078 1765 2153 ἡμέραν,
1814 2076 1877 2131 τὸ

218 2167 324 2224 ἀεί.
364 2168 605 2245 Μεγίστη
656 2164 715 2222 δὲ
765 2170 866 2232 τῆς
923 2167 1259 2228 ἀναστάσεως
1321 2164 1613 2237 ἀπόδειξις,
1665 2164 1728 2219 τὸ
1786 2162 1876 2218 καὶ

214 2258 355 2319 τοὺς
387 2254 730 2318 ἀποστόλους
762 2257 1009 2331 ὁρᾶσθαι,
1047 2255 1211 2335 μέχρι
1268 2256 1493 2320 θανάτου
1542 2252 1878 2310 κινδυνεύον-

208 2367 334 2408 τας.
400 2372 422 2397 ι
487 2347 616 2403 Καθ’
676 2347 884 2419 ἡμέραν
943 2346 1292 2416 ἀποθνήσκω.
1358 2370 1385 2397 ››
1443 2347 1527 2417 Τῇ
1574 2342 1874 2419 προθυμίαι

210 2439 305 2495 καὶ
340 2443 420 2510 τῷ
450 2440 586 2513 πρὸς
622 2437 783 2493 αὑτὸν
818 2437 1053 2509 ἑτοίμως
1084 2433 1231 2512 ἔχειν
1294 2437 1361 2492 Ἢ
1419 2434 1546 2489 ὅσον
1593 2438 1713 2495 ταῖς
1764 2431 1877 2487 ἐπι-

220 2549 424 2607 φοραις
456 2532 561 2581 τῶν
592 2524 832 2600 θλίψεων
859 2525 950 2581 καὶ
983 2530 1325 2601 πειρασμῶν,
1374 2525 1464 2579 καὶ
1510 2526 1580 2597 τῇ
1630 2532 1875 2593 καθημε-

216 2620 349 2692 ρινῇ
385 2614 569 2671 ἑλπίδι
594 2636 689 2670 του
724 2614 978 2669 θανάτου.
1015 2639 1041 2666 ‹‹
1077 2616 1157 2683 Νὴ
1191 2615 1290 2684 την
1339 2614 1599 2688 ὑμετέραν
1656 2610 1875 2684 καύχη-

223 2726 334 2762 σιν.
376 2728 405 2755 ››
434 2736 503 2747 —-
532 2705 734 2777 [ΦΩΤ.]
767 2709 839 2761 "ll
873 2704 1068 2776 ’ὀμνυσι
1110 2702 1310 2777 λέγων,
1344 2702 1432 2758 Μὰ
1461 2703 1559 2766 τήν
1613 2696 1871 2773 ὑμετέραν

228 2812 305 2847 κα
321 2793 538 2867 ὅχησιν,
569 2793 622 2861 ἢ,
675 2793 767 2847 Διά
798 2794 897 2861 τήν
929 2792 1189 2868 ὑμετέραν
1217 2791 1489 2867 καύχησιν
1522 2790 1872 2861 ἀποθνήσκω,

231 2880 388 2958 λέγει
423 2878 477 2935 δὲ
507 2883 600 2950 τὴν
628 2882 800 2937 αὐτῶν
834 2883 1143 2957 προκοπήν’
1203 2882 1475 2957 καύχησις
1514 2881 1614 2956 γὰρ
1664 2883 1744 2951 τῷ
1791 2875 1874 2932 δι-

225 2968 485 3044 δασκάλῳ
516 2974 547 3041 ἡ
579 2977 684 3027 τῶν
721 2976 979 3045 μαθητῶν
1009 2970 1270 3033 ἐπίδοσις.
1306 2995 1332 3022 (ι
1366 2972 1462 3025 Ἤν
1505 2968 1619 3045 ἔχω
1651 2967 1700 3023 ἐν
1737 2970 1874 3043 Χρι-

218 3064 336 3131 στῷ
392 3061 595 3130 Ἰησοῦ.
660 3084 688 3112 ››
747 3058 968 3129 Ἐπειδὴ
1054 3066 1193 3135 μέγα
1276 3059 1412 3131 εἰπε,
1496 3063 1575 3131 τῷ
1657 3061 1873 3130 Χριστῷ

217 3146 369 3219 αὑτῷ
402 3148 708 3219 ἀνατίθησι.
744 3149 840 3203 Διά
866 3150 965 3217 τήν
998 3149 1282 3222 προκοπὴν
1348 3148 1523 3220 ὑμῶν,
1569 3146 1756 3223 φησὶν,
1804 3147 1872 3214 ἢν

213 3234 333 3311 ἔχω
369 3234 459 3292 διὰ
485 3240 670 3308 Ἰησοῦ
702 3240 965 3312 Χριστοῦ.
1005 3261 1031 3288 ‹‹
1079 3236 1141 3293 Εἰ
1168 3236 1302 3290 κατά
1330 3235 1609 3309 ἄνθρωπον
1652 3234 1874 3305 ἐθηριο-

218 3325 475 3400 μάχησα.
504 3348 533 3378 ››
558 3326 720 3383 Ὅσον
752 3326 871 3393 ἧκε,
910 3325 1096 3401 φησὶν,
1131 3324 1205 3386 εἷς
1240 3323 1578 3399 ἀνθρώπους,
1611 3321 1721 3398 ἐγὼ
1750 3322 1876 3392 έθη-

216 3415 570 3490 ριομάχησα,
601 3414 714 3469 ἀντὶ
744 3420 862 3483 τοῦ,
891 3416 1053 3471 Ὅσον
1086 3414 1152 3482 ἦν
1192 3436 1283 3487 μοι
1320 3410 1567 3470 δυνατὸν.
1619 3410 1795 3467 Ἀλλᾶ
1822 3412 1876 3466 τί

210 3504 414 3558 τούτου
448 3525 543 3579 μοι
574 3499 797 3582 ὄφελος,
830 3502 1163 3564 ἀναστάσεως
1200 3504 1275 3575 μή
1308 3499 1475 3574 οὔσης
1504 3523 1518 3574 ;
1549 3503 1621 3559 "ll
1681 3498 1874 3572 οὕτως,

206 3592 286 3657 ,Εἰ
314 3594 392 3665 μή
428 3590 519 3647 διὰ
544 3595 645 3661 τήν
679 3590 935 3665 ἐσομένην
972 3589 1171 3647 ἐλπίδα
1209 3592 1298 3647 καὶ
1331 3589 1597 3647 ἀντίδοσιν
1658 3590 1875 3665 ἐθηριοο

221 3681 476 3756 μάχησα,
510 3679 657 3736 ἀλλά
687 3678 775 3735 διὰ
803 3679 959 3752 δόξαν
1001 3682 1367 3755 ἀνθρωπίνην,
1422 3681 1475 3735 τί
1532 3679 1829 3759 ὠφέλημαι
1859 3700 1872 3751 ;

219 3777 659 3846 Θηριομαχῆσαι
701 3768 756 3825 δί
809 3770 991 3838 καλεῖ,
1046 3772 1109 3825 τὸ
1165 3771 1299 3846 πρὸς
1358 3767 1649 3833 Ἰουδαίους
1703 3765 1874 3848 ἔχειν,

228 3860 331 3915 καὶ
362 3861 496 3935 πρὸς
526 3863 841 3935 Δημήτριον
869 3861 959 3915 τὸν
996 3859 1401 3935 ἀργυροκόπον.
1456 3862 1521 3917 Τί
1576 3861 1679 3936 γάρ
1729 3858 1879 3914 οὗτοι

218 3949 439 4024 θηρίων
479 3944 765 4028 διέφερονς
829 3973 848 4000 ι
885 3949 947 4006 Εἰ
1003 3949 1179 4023 νεκροὶ
1239 3949 1340 4003 οὐκ
1384 3948 1694 4023 ἐγείρονται.
1730 3972 1759 3999 ››
1818 3946 1881 4002 Εἰ

220 4038 414 4113 νεκροὶ
450 4037 547 4092 οὑκ
600 4038 917 4113 ἐγείρονται,
975 4035 1099 4092 οὐδὲ
1148 4034 1416 4099 ἀντίδοσις
1470 4038 1608 4091 ἐστιν
1668 4036 1883 4113 ἀγαθῶν

217 4128 317 4183 καὶ
352 4131 554 4182 κακῶν.
583 4127 787 4181 Τούτου
821 4124 876 4182 δὲ
912 4127 987 4199 μή
1021 4127 1196 4193 ὄντος,
1230 4131 1417 4205 φαγεῖν
1477 4125 1559 4181 δεῖ
1606 4125 1695 4180 καὶ
1744 4130 1884 4178 πιεῖν

217 4217 337 4290 πρὸ
394 4220 492 4269 τοῦ
542 4215 852 4287 ἀποθανεῖν,
913 4216 985 4278 ὡς
1042 4216 1247 4270 τούτων
1307 4215 1482 4289 μόνων
1540 4216 1666 4290 παρ’
1724 4215 1885 4288 ἡμῶν

216 4302 683 4381 κερδαινόμένων.
732 4310 909 4365 Τοῦτο
972 4306 1030 4362 δὲ
1087 4308 1241 4381 ῥῆμα
1326 4304 1724 4380 κωμῳδοῦντος
1783 4306 1883 4374 τήν

220 4392 440 4465 ἄνοιαν,
472 4400 579 4450 τῶν
613 4398 688 4468 μή
724 4397 996 4474 λεγόντων
1028 4399 1127 4467 τὴν
1178 4396 1483 4451 ἀνάστασιν.
1538 4420 1565 4447 ‹‹
1600 4397 1691 4465 Μὴ
1742 4395 1886 4450 πλα-

219 4490 414 4548 νᾶσθε.
476 4510 504 4536 »ο
565 4518 634 4528 -
692 4488 900 4562 [<buT.]
959 4486 1325 4562 Ἀπαλλαγεῖς
1383 4491 1490 4541 τῶν
1550 4484 1627 4547 εἷς
1686 4482 1882 4540 ἄτοπον

1988 574 2114 628 quae
2147 559 2471 616 dixi.Vides
2504 577 2618 631 quo
2644 576 2765 613 rem
2798 558 3127 614 deduxerit.
3154 560 3459 634 —Alioqui
3494 561 3639 633 quid

1988 648 2211 702 facient
2240 650 2341 719 qui
2393 650 2784 721 baptizantur.
2819 665 2893 703 ne
2927 666 3162 720 semper
3191 652 3409 705 mortui
3442 653 3561 706 sint
3583 658 3642 708 et

1989 738 2144 807 apud
2178 739 2400 794 inferos
2432 739 2859 794 detineantur?
2893 740 3007 792 Hoc
3032 744 3141 805 est,
3176 739 3221 792 si
3256 756 3375 794 non
3423 741 3499 794 sit
3545 757 3637 796 re-

1991 828 2277 882 surrectio
2309 827 2450 898 quid
2466 828 2685 883 facient
2701 828 2736 881 ii
2758 827 2945 898 quiob
2966 828 3308 896 huiusmodi
3326 846 3490 900 spem
3505 830 3643 902 bap-

1989 916 2247 972 tizantur
2279 934 2395 990 quo
2420 924 2552 990 post
2572 925 2823 974 mortem
2848 918 3333 975 resuscitentur.«
3360 919 3415 975 Si
3447 919 3641 976 omni-

1990 1022 2067 1060 no
2116 1008 2337 1062 mortui
2396 1025 2516 1063 non
2576 1013 2977 1081 resurgunt.»
3037 1009 3091 1063 Si
3150 1009 3369 1065 mortui
3402 1012 3639 1065 omnino

1988 1111 2110 1150 non
2140 1097 2491 1163 excitantur,
2530 1114 2713 1168 quare
2747 1097 2925 1152 etiam
2949 1096 3320 1168 baptizantur
3348 1104 3410 1153 ut
3466 1115 3637 1155 resu-

1991 1186 2071 1240 sci
2084 1191 2280 1240 tentur
2300 1186 2327 1241 ‘2
2351 1188 2478 1257 ipse
2505 1192 2705 1241 tamen
2729 1186 2939 1257 majori
2968 1203 3101 1241 cum
3120 1188 3637 1258 increpationcdi-

1988 1275 2098 1328 cit:
2125 1296 2152 1325 «
2187 1276 2297 1329 Pro
2337 1276 2610 1341 mortuis,
2646 1298 2673 1323 n
2719 1275 2829 1330 hoc
2864 1280 2971 1343 est,
3033 1292 3180 1346 quos
3238 1292 3337 1331 vos
3394 1277 3637 1347 pr0pria

1989 1364 2269 1434 opinione
2301 1371 2585 1437 perpetuo
2615 1370 2881 1420 mortuos
2911 1365 3175 1420 asseritis
3202 1383 3214 1421 :
3240 1372 3506 1422 mortuos
3535 1382 3634 1422 ve-

1988 1469 2053 1507 ro
2085 1458 2143 1506 et
2172 1453 2320 1507 alios
2348 1459 2407 1508 et
2446 1454 2709 1525 vosipsos
2740 1454 3145 1522 enuntiantes,
3176 1462 3462 1527 perpetuo
3505 1471 3635 1511 esse

1989 1547 2273 1597 mortuos.
2326 1544 2440 1598 Cur
2479 1560 2584 1615 pro
2632 1542 2794 1598 vobis
2834 1543 3237 1615 baptizamini,
3288 1561 3422 1600 cum
3465 1546 3637 1616 juxta

1986 1638 2238 1687 vestram
2285 1634 2642 1688 sententiam
2691 1650 2997 1704 nunquam
3045 1634 3172 1689 sitis
3219 1634 3631 1702 resurrecturi,

1986 1721 2088 1775 sed
2122 1722 2336 1775 mortui
2370 1739 2606 1794 semper
2633 1723 2867 1777 futuri?
2896 1723 3011 1778 Sub
3052 1724 3185 1778 aliis
3206 1730 3404 1779 autem
3437 1741 3635 1794 perso-

1986 1811 2079 1865 nis
2112 1811 2350 1866 deducit
2381 1828 2739 1875 sermonem,
2776 1817 2832 1866 et
2888 1829 3006 1866 non
3040 1813 3148 1867 sub
3203 1813 3319 1868 illis
3365 1814 3531 1886 ipsis.
3556 1830 3629 1869 ne

1987 1900 2164 1954 nimis
2186 1900 2400 1955 acriter
2431 1917 2531 1956 eos
2579 1901 2901 1972 objurgans
2941 1908 3216 1972 provocet
3263 1919 3362 1957 eos
3421 1902 3493 1957 ad
3533 1902 3631 1957 de-

1987 1991 2405 2061 sperationem.
2441 1990 2634 2055 «Quid
2664 1997 2720 2045 et
2749 2008 2857 2046 nos
2886 1991 3294 2062 periclitamur
3323 1992 3484 2047 omni
3522 1992 3631 2047 h0-

1984 2078 2136 2134 ra?»
2161 2079 2217 2133 Si
2250 2080 2604 2134 resurrectio
2636 2080 2881 2135 omnino
2921 2097 3042 2136 non
3074 2081 3207 2146 erit,
3258 2080 3471 2151 inquit,
3526 2097 3631 2136 cur

1983 2185 2091 2223 nos
2123 2168 2376 2241 apostoli
2409 2186 2644 2240 semper
2672 2170 2732 2224 in
2764 2168 3046 2241 periculis
3086 2186 3391 2225 versamur
3412 2170 3439 2224 ‘I
3482 2174 3631 2225 Nam

1983 2260 2099 2319 καθ’
2131 2256 2339 2328 ἡμέραν
2372 2258 2667 2329 significat
2714 2256 2815 2326 ἀεὶ,
2849 2259 2961 2313 hoc
3018 2265 3128 2322 est,
3184 2275 3411 2329 semper.
3461 2259 3632 2313 Maxi-

1982 2362 2080 2401 ma
2108 2363 2243 2401 vero
2293 2348 2750 2402 resurrectionis
2800 2354 2925 2402 erat
2970 2349 3240 2415 assertio,
3285 2347 3630 2419 conspicere

1981 2435 2279 2509 apostolos
2311 2435 2382 2490 ad
2414 2441 2667 2490 mortem
2690 2452 2877 2507 usque
2900 2437 2958 2491 in
2993 2436 3273 2508 periculis
3303 2442 3625 2509 versantes.

1981 2550 2008 2578 ‹‹
2033 2528 2097 2582 In
2130 2526 2257 2581 dies
2290 2526 2530 2589 morior,
2572 2548 2598 2575 »
2658 2525 3129 2597 promptitudine
3181 2531 3238 2580 et
3290 2531 3493 2597 parato
3550 2524 3625 2581 ad

1978 2622 2232 2672 mortem
2263 2615 2461 2670 animo
2496 2614 2613 2680 ;vel
2641 2620 2929 2685 quantum
2948 2614 3021 2669 ad
3043 2613 3234 2669 illatas
3270 2613 3621 2670 afﬂictiones

1980 2710 2038 2759 et
2068 2705 2443 2769 tentationes,
2476 2720 2542 2760 ac
2591 2704 2935 2775 quotidiana
2975 2704 3182 2758 mortis
3232 2704 3621 2775 exspectatio-

1979 2811 2109 2853 ne.«
2136 2796 2244 2850 Per
2265 2801 2513 2850 vestram
2537 2795 2951 2866 gloriationem
2979 2815 3007 2844 »
3031 2825 3099 2835 —
3120 2796 3236 2848 Aut
3250 2792 3433 2864 jurat,
3449 2795 3618 2864 quasi

1981 2884 2223 2951 diceret,
2261 2884 2355 2957 μα,
2389 2885 2447 2939 id
2463 2892 2551 2940 est
2582 2901 2688 2956 per
2724 2890 2979 2939 vestram
3023 2883 3475 2956 gloriationem:
3510 2887 3630 2951 aut,

1980 2982 2219 3047 propter
2255 2981 2511 3029 vestram
2551 2974 2965 3045 gloriationem
3000 2974 3117 3028 sive
3146 2989 3326 3044 quam
3355 2972 3428 3027 de
3468 2972 3632 3027 vobis

1981 3065 2190 3131 habeo,
2220 3064 2461 3119 morior.
2484 3064 2634 3118 Dicit
2665 3069 2861 3117 autem
2892 3064 3154 3135 ipsorum
3185 3062 3530 3117 felicitatem
3560 3077 3627 3116 ac

1982 3155 2448 3226 promotionem:
2474 3152 2744 3223 gloriatio
2780 3154 2938 3207 enim
2963 3158 3053 3207 est
3072 3151 3421 3224 praeceptori
3452 3150 3634 3206 disci-

1984 3244 2789 3315 pulorun1incrementum.«
2825 3243 3009 3307 Quam
3056 3241 3245 3297 habeo
3293 3241 3356 3295 in
3407 3240 3637 3294 Christo

1983 3334 2139 3389 Jesu.
2176 3355 2202 3381 ››
2235 3332 2517 3397 Quoniam
2548 3348 2674 3386 rem
2710 3347 2980 3403 magnam
3021 3330 3188 3390 dixit.
3239 3328 3351 3401 ipsi
3399 3329 3633 3385 Christo

1987 3440 2115 3478 eam
2146 3422 2434 3483 attribuit,
2467 3429 2709 3493 pr0pter
2737 3421 3163 3492 vestri,inquit,
3194 3420 3633 3492 promotionem

1987 3530 2161 3585 quam
2192 3512 2381 3568 habeo
2410 3528 2516 3583 per
2541 3513 2737 3568 Jesum
2772 3511 3091 3567 Christum.
3129 3532 3157 3561 «
3192 3510 3248 3564 Si
3298 3508 3630 3565 secundum

1986 3602 2293 3657 hominem
2326 3617 2458 3656 cum
2490 3600 2629 3655 feris
2660 3600 3007 3672 depugnavi.
3042 3622 3071 3651 »
3120 3598 3284 3665 Quod
3315 3597 3390 3654 ad
3446 3596 3635 3653 homi-

1988 3707 2115 3746 nes.
2148 3690 2362 3762 inquit,
2397 3690 2626 3753 attinet,
2678 3706 2782 3761 ego
2832 3707 2967 3745 cum
3025 3689 3166 3743 feris
3198 3687 3547 3759 depugnavi.
3577 3684 3637 3740 id

1990 3787 2098 3847 est,
2132 3788 2420 3852 quantum
2464 3780 2607 3834 mihi
2665 3787 2792 3835 erat
2822 3780 3128 3851 possibile,
3161 3779 3263 3833 sed
3300 3795 3429 3847 quae
3486 3774 3634 3831 mihi

1989 3871 2129 3925 inde
2162 3870 2406 3931 utilitas,
2442 3868 2490 3921 si
2524 3884 2643 3922 non
2677 3869 2753 3921 sit
2780 3867 3132 3923 resurrectio
3163 3866 3190 3920 ?
3218 3869 3334 3920 Aut
3363 3865 3475 3919 hoc
3506 3880 3637 3918 mo-

1990 3959 2064 4012 do
2092 3976 2103 4013 ε
2126 3958 2181 4011 Si
2214 3975 2333 4011 non
2353 3963 2595 4027 propter
2620 3956 2876 4010 futuram
2902 3972 3067 4026 spem
3093 3961 3149 4009 et
3179 3953 3634 4009 retributionem

1992 4064 2123 4103 cum
2175 4047 2317 4101 feris
2348 4046 2694 4117 depugnavi,
2729 4045 2832 4099 sed
2873 4045 2944 4099 0b
2977 4046 3298 4099 humanam
3364 4043 3642 4116 gloriam,

1994 4136 2132 4208 quid
2170 4136 2312 4191 mihi
2361 4134 2617 4206 profuit?
2652 4136 2827 4189 Vocat
2850 4141 3045 4189 autem
3084 4150 3217 4188 cum
3248 4132 3385 4187 feris
3418 4148 3638 4205 pugna-

1992 4244 2078 4294 re,
2124 4225 2587 4281 controversiam
2638 4242 2814 4295 quam
2876 4223 3083 4279 habuit
3130 4240 3265 4277 cum
3308 4222 3524 4277 Judzeis
3584 4226 3643 4276 et

1997 4333 2133 4372 eum
2164 4315 2457 4371 Demetrio
2488 4314 2652 4369 fabro
2684 4315 3039 4387 argentario.
3074 4313 3366 4377 Quantum
3397 4310 3557 4365 enim
3581 4310 3640 4363 hi

1997 4424 2030 4461 a
2055 4406 2195 4462 feris
2228 4404 2665 4460 dilferebant“.
2690 4404 2843 4461 569
2869 4429 2894 4453 ‹‹
2919 4404 2975 4458 Si
2999 4402 3217 4457 mortui
3268 4416 3390 4455 non
3435 4416 3641 4455 resur-

1996 4502 2157 4569 gunt.
2194 4517 2222 4545 ››
2255 4495 2311 4550 Si
2342 4494 2556 4549 mortui
2590 4511 2708 4549 non
2744 4494 3127 4553 suscitantur.
3178 4508 3252 4546 ne
3304 4488 3417 4543 erit
3466 4488 3641 4543 retri-

224 4572 564 4649 ἂπαγωγῶν,
624 4576 698 4638 εἷς
759 4575 1069 4651 παραίνεσιν
1150 4575 1343 4646 ἦλθεν,
1427 4576 1609 4650 ἠρέμα
1669 4574 1757 4629 καὶ
1812 4575 1878 4637 ὡς

1994 4561 2158 4641 butio
2190 4585 2480 4639 bonorum
2505 4590 2562 4638 et
2594 4583 2919 4640 malorum:
2956 4586 3190 4654 Oportet
3218 4579 3392 4636 edere
3454 4584 3512 4632 et
3561 4575 3644 4631 bi-

223 4664 480 4733 ἆνοήτων
540 4670 883 4741 κατηγορῶν.
944 4668 1117 4721 Τούτο
1174 4665 1274 4740 γὰρ
1358 4665 1440 4735 τὸ,
1501 4689 1527 4716 ‹‹
1588 4665 1679 4733 Mi)
1740 4664 1878 4719 πλα-

221 4754 409 4817 νᾶσθε,
448 4777 474 4804 ››
529 4750 714 4823 δηλοῖ.
777 4782 796 4805 ι
850 4755 1168 4829 Φθείρουσιν
1222 4754 1331 4825 ﬁer;
1392 4753 1607 4828 χρηστά
1662 4752 1880 4826 ὁμιλίαι

222 4844 415 4900 κακαί.
454 4866 479 4898 ι
512 4848 799 4914 Λακωνιγὴ
834 4846 924 4900 καὶ
983 4845 1186 4921 ἀρχαία
1248 4846 1535 4920 παροιμά.
1596 4844 1883 4918 Μέμνηται

218 4933 435 5003 ταὲτης
465 4934 555 4988 καὶ
581 4935 821 4998 Ἠσα³ιας.
884 4936 1029 5003 Φησὶ
1089 4934 1165 4992 δέ.
1226 4936 1341 4988 ’Ὁτι
1398 4934 1488 4988 καὶ
1544 4935 1610 4989 τα
1667 4934 1885 5012 χρηστά

216 5023 364 5093 ἢθη,
398 5023 452 5076 αἱ
500 5031 749 5103 συνεχεῖς
808 5030 916 5080 τῶν
974 5029 1154 5079 κακῶν
1213 5020 1431 5095 ὁμιλίαι
1489 5020 1882 5099 διαφθείρουσι.

221 5114 333 5191 Καὶ
383 5115 486 5189 γὰρ
543 5113 688 5191 ῥανίς
749 5114 1133 5192 ένδελεχοῦσα,
1193 5113 1458 5170 κοιλαίνει
1518 5116 1738 5188 πέτραν.
1788 5114 1885 5170 Καὶ

222 5199 324 5256 διὰ
379 5202 575 5258 τούτου
642 5201 700 5259 δὲ
756 5211 1009 5279 παραινεῖ
1064 5205 1272 5274 αὐτοῖς,
1360 5203 1703 5273 ἐκτρέπεσθαι
1785 5211 1885 5274 τῆς

227 5292 467 5365 ὁμιλίας
494 5298 601 5349 τῶν
633 5302 956 5371 μοχθηρῶν,
1013 5296 1105 5351 καὶ
1170 5299 1244 5369 μή
1305 5295 1629 5373 θαρροῦντας
1677 5297 1886 5359 ἑαυτοῖς

228 5381 321 5437 ὅτι
354 5383 417 5437 ού
463 5378 835 5456 βλαϐήσονται
897 5384 1046 5440 αὐτοὶ
1108 5386 1340 5460 χρηστοὶ
1404 5380 1573 5451 ὄντες,
1631 5390 1710 5458 τῷ
1755 5386 1891 5459 πρὸς

229 5471 437 5536 αὐτοὺς
470 5470 771 5549 ἐνδελεχῶς
804 5472 1046 5547 ὁμιλεῖν,
1079 5476 1176 5543 της
1228 5476 1429 5537 ἐκεῖθεν
1482 5470 1667 5547 λύμης
1711 5472 1893 5549 ἠρέμα

313 5646 365 5685 ⁸⁸
394 5646 523 5704 Act.
558 5662 709 5720 xxxv,
736 5648 805 5701 24
837 5661 1005 5719 seqq.
1103 5644 1150 5681 ⁵⁴
1182 5646 1293 5703 Isa.
1329 5662 1465 5717 xm,
1505 5647 1588 5700 t3.

1989 4675 2130 4730 bere
2171 4674 2517 4745 priusquam
2568 4689 2727 4727 mors
2769 4675 3163 4744 prmoccupet,
3220 4666 3456 4740 quando
3517 4666 3643 4722 haec

1995 4763 2119 4819 sola
2176 4762 2600 4817 lucrifacimus.
2654 4761 2771 4816 Hoc
2826 4759 3066 4815 verbum
3117 4763 3207 4814 est
3237 4756 3645 4829 insipientiam

1995 4854 2363 4926 obiurgantis
2413 4869 2615 4908 eorum
2669 4852 2768 4922 qui
2802 4852 3009 4905 dicunt
3046 4866 3166 4904 non
3211 4865 3337 4905 esse
3378 4862 3643 4903 resurre-

1996 4944 2274 4999 ctionem.
2311 4966 2335 4991 υ
2363 4943 2441 4997 Ne
2485 4940 2872 4996 seducamini.
2904 4961 2932 4990 ››
2984 4938 3283 4993 Absolutis
3314 4936 3643 4993 rationibus

1998 5050 2126 5104 qua)
2166 5032 2239 5086 ad
2269 5031 2592 5086 absurdum
2626 5028 3020 5095 deducebant,
3063 5029 3223 5083 venit
3269 5026 3342 5082 ad
3374 5023 3649 5081 admoni-

1997 5122 2257 5177 tionem:
2287 5120 2441 5175 clam
2482 5120 2659 5174 etiam
2711 5125 2993 5190 tanquam
3044 5117 3399 5187 insipientes
3444 5112 3648 5168 redar-

1997 5226 2219 5281 guens;
2269 5224 2408 5263 nam
2465 5209 2575 5263 hoc
2626 5207 2895 5274 indicat;
2952 5228 2978 5257 «
3018 5209 3418 5276 Corrumpunt
3455 5216 3652 5257 mores

1998 5299 2184 5354 bonos
2262 5298 2559 5353 consortia
2629 5297 2806 5352 mala.
2869 5317 2898 5345 »
2963 5294 3313 5350 Laconicum
3365 5296 3648 5359 vetusque

1999 5387 2373 5459 proverbium
2410 5391 2515 5441 est.
2560 5386 2745 5456 Hujus
2794 5383 3069 5439 meminit
3112 5387 3171 5436 et
3213 5380 3393 5435 Isaias
3421 5378 3490 5434 Μ’.
3550 5375 3649 5432 Ait

2002 5477 2162 5532 enim
2193 5483 2251 5532 et
2271 5476 2398 5548 ipse
2421 5474 2577 5547 quod
2593 5475 2782 5530 bonos
2803 5489 2999 5529 mores
3026 5470 3308 5528 continua
3333 5481 3648 5542 pravorum
