4068 6254
492 334 610 396 879

1611 332 2027 397 (ECUMENII
2071 334 2378 395 TBICCIE
2420 335 2773 400 EPISGUPI

3762 336 3865 402 880

495 468 811 535 consortia,
847 471 1275 538 corrumpunt;
1311 467 1605 539 siquidem
1638 469 1923 524 continua
1976 473 2137 541 gutta

2251 466 2342 522 καὶ
2375 468 2515 525 κατὰ
2570 471 2763 544 μικρὸν
2823 469 3299 544 ὑποπίμπλασθαι.
3356 472 3421 526 Ἦ
3477 472 3693 546 χρηστα
3735 471 3874 550 εὑρή-

493 565 662 616 cavat
687 558 966 631 lapidem.
992 563 1057 613 Et
1088 564 1403 631 propterea
1460 560 1809 616 adhortatur
1866 559 2027 631 ipsos
2079 564 2147 614 ut

497 650 757 706 devitent
778 666 1089 721 pravorum
1114 650 1429 719 consortia,
1463 668 1573 706 nec
1606 650 1717 706 sibi
1751 651 1937 705 fidant
1984 650 2140 721 quod

2260 580 2377 631 μως
2415 558 2595 630 καλεῖ,
2630 561 2695 616 τὰ
2727 559 3118 633 εὐεξαπάτητα,
3151 557 3335 633 δηλῶν
3368 561 3453 616 δτι
3491 558 3656 614 ἄλλοι
3703 560 3870 625 adrui);

2255 646 2332 709 εῒς
2363 651 2529 704 ταῦτα
2564 649 2945 723 ὑποσΰρουσιν.

490 757 626 797 cum
656 740 795 794 boni
828 740 969 806 sint,
1001 741 1153 794 nihil
1187 746 1437 812 possunt
1493 756 1792 796 accersere
1825 740 2052 801 damni.
2086 739 2369 795 continue
2428 740 2588 812 apud
2646 741 2783 797 illos
2835 730 3277 807 conversando,‘
3315 757 3450 798 cum
3508 740 3650 795 inde
3677 741 3867 795 sensim

492 847 560 885 ac
603 828 891 901 paulatim
947 830 1210 904 pernicie
1265 828 1645 901 impleantur.
1707 835 1821 884 Ant
1876 827 2093 902 χρηστὰ
2159 827 2291 898 ἢθη,
2342 827 2404 884 id
2462 837 2573 897 est,
2628 831 2892 903 placidos
2951 849 3147 888 mores
3192 831 3594 888 collaudando
3625 831 3869 902 appellat,

492 919 594 991 qui
626 918 797 974 facile
829 918 1031 974 seduci
1064 925 1333 991 possunt,
1369 920 1711 993 significans
1739 918 1897 989 quod
1919 919 2021 974 alli
2055 918 2215 990 ipsos
2246 918 2319 973 ad
2349 918 2475 974 hanc
2506 920 2839 976 retrahunt.

562 1008 660 1075 Xl,
687 1008 869 1063 34-38.
902 1031 931 1059 «
985 1008 1176 1063 Sobrii
1208 1015 1415 1076 estote,
1442 1014 1498 1064 et
1556 1026 1630 1064 ne
1666 1009 1924 1081 peccetis
1959 1025 1971 1062 :
2005 1024 2145 1063 nam

491 1119 519 1148 ‹‹
552 1097 987 1170 ignorationem
1012 1098 1112 1153 Dei
1160 1099 1434 1153 nonnulli
1464 1099 1717 1154 habent:
1742 1098 1815 1153 ad
1855 1097 2143 1169 pudorem

491 1209 519 1236 ‹‹
550 1187 716 1242 vobis
738 1187 968 1259 loquor.
995 1191 1066 1242 At
1087 1187 1476 1259 dicetaliquis
1498 1205 1510 1242 :
1534 1187 1836 1253 Quomodo
1860 1188 2145 1242 suscitan-

494 1296 523 1326 «
547 1284 640 1331 tur
660 1278 877 1332 mortui
898 1276 1041 1331 ‘ICui
1065 1283 1265 1332 autem
1292 1278 1523 1349 corpori
1549 1277 1791 1333 veniunt
1813 1277 2035 1332 ?Slu|te
2061 1285 2144 1342 tu,

492 1390 519 1418 ‹‹
545 1367 703 1438 quod
724 1368 984 1423 seminas
998 1384 1117 1423 non
1142 1368 1607 1437 viviﬁcatur,nisi
1626 1373 1922 1424 mortuum
1946 1369 2141 1425 fuerit.

496 1475 519 1504 ι
542 1458 613 1511 Et
632 1457 744 1513 hoc
765 1458 923 1529 quod
944 1458 1227 1532 seminas,
1261 1475 1383 1514 non
1406 1476 1621 1531 corpus
1671 1459 1828 1530 quod
1869 1464 2147 1513 nascetur

489 1570 516 1597 «ι
542 1546 935 1615 seminas,sed
958 1546 1185 1603 nudum
1207 1547 1819 1620 granum.pulatritici
1844 1552 1943 1602 aut
1960 1547 2142 1601 alicu-

489 1636 638 1708 «jus
660 1653 690 1691 e
714 1636 946 1691 caeteris
973 1652 985 1689 :
1023 1635 1123 1691 sed
1147 1638 1301 1691 Deus
1318 1636 1419 1692 dat
1442 1637 1527 1690 illi
1552 1654 1765 1708 corpus
1786 1642 1852 1691 ut
1875 1636 2146 1699 voluit,et

489 1746 518 1776 «
548 1726 875 1797 unicuique
908 1725 1211 1781 seminum
1234 1741 1407 1781 suum
1432 1743 1670 1797 corpus.
1707 1748 1733 1775 »

562 1836 590 1864 «
623 1815 814 1869 Sobrii
847 1820 1056 1872 estote.
1091 1837 1119 1864 »
1169 1816 1474 1885 Tanquam
1534 1814 1607 1870 ad
1669 1814 1863 1870 ebrios
1902 1812 2143 1870 dicitur.

491 1923 519 1953 ‹‹
552 1904 735 1967 Juste,
771 1925 800 1953 »
833 1919 992 1969 vero,
1028 1904 1088 1958 id
1150 1910 1241 1959 est
1269 1905 1518 1960 utiliter.
1576 1904 1874 1976 Contingit
1906 1904 2062 1959 enim
2092 1913 2149 1961 et

498 2012 519 2038 ι
554 1992 775 2063 inju~te
809 1992 1072 2047 sobrium
1102 2002 1402 2065 esse.puta
1422 1994 1495 2048 ad
1517 1993 1799 2048 malum.«
1821 1995 1891 2048 Et
1917 2010 1991 2050 ne
2010 2010 2147 2065 pec-

495 2081 661 2136 cetis.
694 2102 720 2132 ιι
773 2084 916 2137 Nam
978 2083 1116 2139 hinc
1161 2085 1335 2139 etiam
1367 2085 1640 2156 provenit
1670 2090 1735 2139 ut
1766 2083 2150 2140 resurrectio-

499 2185 635 2224 nem
678 2187 798 2226 non
841 2171 1116 2228 credatis.
1181 2173 1481 2245 Siquidem
1533 2173 1635 2245 qui
1688 2173 1983 2229 malorum
2034 2173 2147 2228 sibi

498 2260 719 2314 conscii
754 2266 912 2325 sunt,
963 2278 1082 2317 non
1136 2260 1387 2317 credunt
1443 2278 1572 2319 esse
1624 2262 2145 2328 resurrectionem,

494 2351 652 2422 quod
675 2351 823 2407 tales
854 2351 988 2406 illos
1016 2352 1182 2424 sequi
1208 2358 1476 2425 Oporteat
1503 2353 1926 2409 retributiones
1950 2353 2149 2425 qualia

493 2462 520 2490 α
547 2447 770 2496 suntea
785 2441 845 2495 in
860 2441 1076 2512 quibus
1095 2441 2147 2515 deliquerunt.Propterea,inquit,ne

485 2529 765 2601 peccetis,
787 2536 855 2585 ut
885 2530 1382 2586 resurrectionem
1406 2531 1682 2587 credatis.
1716 2532 2145 2605 Ignorantiam,

495 2620 598 2688 ait,
618 2620 719 2676 Dei
736 2619 963 2677 habent
988 2621 1027 2676 ii
1052 2620 1151 2693 qui
1176 2638 1296 2676 non
1319 2622 1569 2678 credunt
1603 2622 2105 2677 resurrectionem
2130 2635 2146 2676 :

502 2726 624 2766 non
668 2710 829 2765 enim
876 2717 1243 2784 cognoscunt
1298 2712 1400 2767 Dei
1454 2712 1804 2783 potentiam.
1839 2711 1968 2767 Non
2000 2710 2151 2766 dixit

506 2805 727 2864 autem,
782 2800 1043 2869 Habetis,
1076 2800 1252 2868 sed,c
1316 2801 1601 2856 Nonnulli
1650 2800 1893 2868 habent,
1950 2823 1979 2850 »
2037 2801 2148 2856 hac

497 2888 978 2945 dictionetollens
1001 2890 1462 2946 accusationem.
1490 2913 1516 2940 «
1545 2890 1624 2945 Ad
1646 2890 1931 2961 pudorem
1959 2889 2148 2945 vobis-

503 2977 735 3050 loquor.
770 3002 798 3029 »
824 2979 1113 3045 Quoniam
1146 2979 1207 3034 in
1251 2979 1456 3035 multis
1489 2979 1642 3035 ΜΘ
1673 2995 1773 3034 eos
1804 2978 2145 3051 objurgave-

490 3074 602 3136 rat,
636 3068 979 3125 consolatur
1013 3071 1193 3141 ipsos.
1240 3069 1327 3125 Ad
1372 3068 1926 3143 pudorem,inquit,
1983 3067 2147 3123 vobis

492 3161 742 3233 loquor:
767 3179 888 3218 non
921 3162 1081 3235 quod
1110 3180 1210 3219 vos
1237 3162 1584 3235 despiciam,
1620 3162 1723 3219 sed
1754 3161 1914 3235 quod
1957 3161 2137 3233 pude-

491 3250 632 3305 facti
666 3252 1145 3307 incredulitatem
1203 3252 1276 3308 de
1333 3252 1770 3308 resurrectione
1824 3251 2133 3323 abjiciatis.

492 3360 521 3389 ι(
551 3340 624 3392 At
654 3339 812 3393 dicet
843 3339 1081 3410 aliquis.
1118 3363 1146 3390 »
1196 3342 1323 3396 Non
1355 3341 1485 3396 ait:
1538 3364 1566 3390 «
1601 3343 1712 3396 Vos
1745 3341 1964 3406 dicitis,
1998 3361 2025 3390 ››
2073 3345 2141 3395 ut

488 3443 683 3481 sermo
706 3427 929 3482 invidia
959 3433 1177 3497 careat,
1209 3435 1495 3501 tanquam
1520 3430 1622 3485 alii
1654 3436 1859 3484 essent
1892 3430 1991 3501 qui
2017 3445 2137 3484 non

488 3516 820 3573 crederent.
855 3516 1077 3572 Deinde
1105 3533 1236 3588 qum
1269 3518 1320 3573 is
1364 3517 1542 3573 dubia
1562 3518 1934 3586 videbantur,
1968 3518 2135 3589 quasi

487 3605 643 3661 facta
692 3605 1027 3678 objectione
1060 3606 1251 3662 solvit.
1292 3606 1655 3662 Dubitabant
1685 3607 1844 3663 enim
1875 3623 2136 3678 quonam

485 3695 662 3752 modo
686 3696 1074 3751 suscitaretur
1101 3714 1337 3769 corpus,
1370 3696 1528 3768 quod
1563 3697 1748 3753 semel
1779 3697 2136 3753 dissolutum

488 3791 649 3841 erat:
694 3792 752 3840 et
809 3786 969 3857 quali
1025 3802 1272 3857 corpore
1310 3786 1718 3848 suscitaretur.
1777 3792 1976 3841 utrum
2026 3787 2137 3842 hoc

482 3876 718 3935 eodem.
751 3892 826 3931 an
860 3875 976 3931 alio
996 3876 1274 3947 quodam.
1312 3876 1444 3932 Haec
1478 3877 1677 3948 itaque
1734 3875 1850 3932 duo
1877 3876 1963 3932 eis
2013 3877 2138 3931 dis-

485 3965 660 4020 solvit
685 3982 789 4037 per
820 3982 903 4020 ex.
928 3967 1156 4037 mplum
1188 3968 1353 4040 grani
1381 3983 1394 4022 :
1429 3988 1458 4018 «
1489 3967 1675 4022 Stulte
1706 3988 1733 4017 ››
1755 3969 1797 4021 Α
1824 3966 2135 4022 manifesto

487 4055 756 4125 exemplo
786 4055 1002 4110 format
1033 4057 1393 4111 solutionem
1430 4073 1443 4111 :
1476 4055 1609 4111 ideo
1633 4071 1867 4127 quoque
1923 4056 2135 4111 stultos

483 4152 741 4214 vocat,ut
770 4148 868 4218 qui
902 4149 1048 4203 adeo
1095 4150 1413 4204 manifesta
1460 4149 1750 4221 ignorent.
1786 4150 1886 4215 Tu,
1918 4149 2130 4220 inquit,

486 4236 641 4307 quod
674 4239 953 4304 seminas,
988 4238 1087 4309 qui
1120 4238 1522 4310 corruptibilis
1554 4255 1775 4305 es,non
1808 4238 2135 4294 viviﬁcatur

483 4326 597 4382 nisi
624 4333 923 4383 mortuum
956 4327 1133 4383 fuerit
1161 4345 1174 4395 ;
1210 4327 1353 4398 quid
1380 4343 1515 4400 ergo
1547 4326 1619 4381 de
1673 4328 1790 4382 Deo
1849 4326 2133 4382 haesitas?

480 4416 607 4471 Non
632 4416 984 4485 viviﬁcatur,
1020 4416 1121 4472 ait.
1168 4416 1308 4472 Vide
1331 4422 1529 4471 autem
1561 4415 1739 4486 quod,
1771 4415 2131 4472 dictionibus

2326 1008 2629 1081 Ἐκνῆψατε
2687 1007 2911 1072 δικαίως
2965 1007 3056 1063 καὶ
3119 1009 3195 1083 μὴ
3282 1006 3641 1084 ἀμαρτάνετε.
3700 1007 3869 1082 Ἀγνω-

2257 1097 2374 1151 σίαν
2414 1097 2518 1173 γὰρ
2573 1100 2707 1153 Θεοῦ
2761 1119 2901 1161 τινες
2955 1096 3166 1174 ἔχουσι.
3225 1099 3372 1173 Πρὸς
3439 1096 3712 1173 ἱντροπὴν
3767 1096 3869 1167 ὑμῖν

2255 1184 2426 1261 λέγω.
2487 1186 2647 1244 Ἀλλ’
2702 1188 2816 1264 ἐρεῖ
2864 1210 2971 1253 τις,
3034 1193 3157 1249 Πῶς
3217 1186 3520 1264 ἐγείρονται
3579 1186 3632 1241 οἱ
3686 1206 3869 1260 νεκροις

2253 1277 2399 1350 ποίῳ
2439 1275 2497 1332 δὲ
2550 1277 2766 1350 σώματι
2821 1275 3113 1352 ἔρχονταις
3172 1279 3400 1352 ’Λφρον,
3466 1277 3531 1332 σὺ
3592 1276 3623 1332 ’ὀ
3672 1277 3871 1349 σπείρεις

2255 1366 2317 1420 οὐ
2381 1372 2753 1438 ζωοποιεῖται,
2794 1366 2883 1422 ἐὰν
2928 1369 3004 1442 μή
3061 1366 3328 1442 ἀποθάνῃ.
3388 1367 3494 1423 Καὶ
3560 1362 3591 1420 ὅ
3651 1365 3874 1438 σπείρεις,

2256 1456 2317 1511 οὐ
2402 1458 2464 1513 τὸ
2558 1461 2719 1531 σῶμα
2800 1458 2862 1512 τὸ
2937 1458 3302 1534 γενησόμενον
3408 1455 3677 1529 σπείρεις,
3757 1452 3876 1509 ἀλλὰ

2256 1546 2460 1622 γυμνὸν
2490 1546 2712 1615 κόκκον,
2743 1545 2797 1601 εἷ’
2845 1548 3031 1622 τύχοι,
3093 1547 3265 1619 σίτου,
3323 1545 3357 1616 ἢ
3418 1566 3572 1606 τινος
3626 1549 3731 1598 τῶν
3779 1541 3875 1598 λοι-

2253 1639 2391 1693 πῶν.
2425 1636 2488 1692 Ὀ
2524 1632 2581 1690 δὲ
2637 1637 2767 1697 Θεὸς
2798 1633 2989 1692 δίδωσι
3052 1640 3209 1709 σῶμα
3264 1636 3447 1700 καθὼς
3504 1632 3761 1705 ἡθέλησε,
3803 1630 3877 1687 καὶ

2253 1724 2461 1797 ἑκάστῳ
2488 1729 2595 1781 τῶν
2627 1727 2951 1801 σπερμάτων
2983 1726 3043 1781 τὸ
3070 1723 3218 1781 ’ἴδιον
3250 1729 3433 1798 σῶμα.

2322 1815 2399 1872 Τὸ
2446 1813 2693 1889 ἐκνῆψαι,
2748 1816 2822 1879 ὡς
2890 1814 2977 1869 ἐπὶ
3048 1816 3374 1888 μεθυόντων.
3445 1814 3516 1871 Τὸ
3589 1813 3666 1883 δὲ,
3720 1840 3749 1865 α
3802 1824 3875 1868 Δι-

2252 1902 2447 1971 καίως,
2482 1928 2511 1955 ››
2544 1903 2708 1959 οἱονεὶ
2739 1905 3146 1984 συμφερόντως.
3195 1905 3315 1961 Ἔνι
3375 1902 3479 1978 γάρ
3557 1903 3647 1957 καὶ
3709 1900 3880 1962 ἀδίκως

2250 1994 2462 2071 νήφειν,
2497 1995 2611 2049 οἷον
2643 1992 2729 2049 ἐπὶ
2758 1998 2931 2066 κακῷ.
2994 2018 3021 2046 α
3056 1991 3157 2050 Καὶ
3219 1994 3294 2066 μή
3345 1993 3707 2067 ἁμαρτάνετν.
3740 2015 3766 2045 »
3804 1993 3879 2047 Ἐκ

2250 2083 2447 2139 τούτου
2477 2083 2602 2160 γάρ,
2645 2083 2799 2163 φησί,
2860 2083 2950 2138 καὶ
3006 2087 3073 2155 τῇ
3132 2082 3413 2138 ἀναστάσει
3481 2082 3773 2138 ἀπιστεῖτε.
3823 2080 3876 2136 Οἱ

2251 2173 2352 2249 γὰρ
2406 2173 2622 2236 ἑαυτοῖς
2677 2174 2816 2229 κακὰ
2872 2170 3191 2241 συνειδότες,
3274 2172 3337 2227 οὗ
3420 2173 3709 2228 πείθονται
3761 2172 3871 2226 εἶναι

2253 2260 2561 2328 ἀνάστασιν,
2610 2258 2828 2335 τῷδέει
2885 2266 2994 2316 τῶν
3052 2257 3321 2335 ἁμοιϐὦν,
3383 2261 3459 2322 ὡς
3512 2262 3617 2316 οἶα
3664 2259 3875 2335 ἁμαρτά-

2252 2371 2454 2412 νοντες.
2488 2351 2585 2405 Διὰ
2649 2354 2833 2420 τοῦτο,
2895 2352 3051 2431 φησὶ,
3114 2352 3191 2425 μή
3249 2351 3621 2425 ἁμαρτάνετε,
3669 2349 3753 2405 ’ἱνα
3798 2370 3872 2405 πι.

2255 2440 2479 2510 στεύητε
2516 2441 2615 2509 τήν
2646 2440 2953 2495 ἀνάστασιν.
3002 2440 3307 2516 ’Δγκωσίαν
3355 2461 3455 2517 γαρ
3509 2446 3677 2506 Θεοῦ,
3721 2439 3871 2519 oro-iv,

2255 2525 2477 2605 ἔχουσιν
2518 2529 2667 2603 οἶτῇ
2724 2529 3004 2587 ἀναστάσει
3061 2528 3430 2594 ἀπιστοῦντες.
3487 2530 3569 2587 Οὐ
3630 2531 3719 2606 γὰρ
3749 2527 3868 2582 ἴσασι

2251 2623 2348 2676 τοῦ
2378 2623 2511 2675 Θεοῦ
2539 2621 2639 2688 τήν
2674 2617 2920 2694 δύναμιν.
2974 2620 3089 2677 Οὐκ
3145 2622 3266 2675 εἷπε
3323 2617 3405 2685 δὲ,
3452 2620 3675 2694 Ἔχετε,
3729 2616 3861 2684 ἀλλὰ,

2255 2733 2284 2764 (ι
2316 2710 2476 2771 Τινὲς
2506 2708 2719 2785 ἔχουσι,
2754 2733 2781 2762 ››
2810 2710 2979 2786 ταύτῃ
3010 2713 3079 2784 τῇ
3113 2708 3251 2780 λέξει
3279 2710 3342 2764 τὸ
3399 2703 3656 2783 ἔγκλημα
3697 2709 3856 2763 ὑποτε-

2258 2798 2546 2873 μνόμενος.
2601 2821 2623 2849 ι
2668 2800 2812 2873 Πρὸς
2876 2797 3139 2874 ἐντροπὴν
3192 2799 3318 2872 ὑμῖν
3376 2797 3546 2876 λέγω.
3585 2826 3613 2848 ιι
3672 2793 3845 2864 Ἐπειδὴ

2253 2885 2441 2944 πολλὰ
2470 2887 2644 2943 αὐτῶν
2677 2890 2977 2962 καθήψατο,
3038 2893 3441 2963 παραμυθεῖται
3493 2888 3684 2948 unita-5;.
3723 2884 3839 2956 11,55:

2252 2977 2520 3053 ἐντροπῇν
2581 2979 2709 3052 ὑμῖν
2766 2978 2932 3053 λέγω,
2991 2978 3175 3058 φησὶν,
3256 2979 3371 3058 οὐχ
3448 2977 3571 3032 ὥστε
3619 2972 3829 3046 ἀτιμάσαι

2260 3069 2422 3143 ὑμᾶς,
2453 3067 2584 3124 ἀλλ’
2612 3067 2752 3124 ὥστε
2781 3068 3169 3145 αἰσχυνθέντας
3211 3068 3498 3144 ἀπορρίψω
3546 3067 3601 3120 τὸ
3630 3064 3835 3119 ἀπιστεῖν

2256 3158 2322 3235 τῇ
2352 3159 2654 3217 ἀναστάσει.
2691 3183 2718 3209 ‹‹
2751 3156 2906 3216 ’Λλλ’
2938 3157 3052 3234 ἐρεῖ
3095 3180 3200 3221 τις.
3236 3181 3265 3211 »
3325 3160 3442 3217 Οὑκ
3495 3157 3649 3225 εἶπεν,
3692 3155 3853 3225 Ὑμεῖς

2251 3246 2458 3326 λέγετε,
2484 3246 2576 3302 ⁴ἵνα
2616 3249 2797 3312 οὕτως
2842 3247 3159 3323 ἀνεπαχθὴς
3196 3249 3224 3302 ὁ
3265 3246 3441 3325 λόγος
3484 3249 3540 3319 ᾖ,
3590 3247 3662 3307 ὡς
3699 3241 3854 3299 αλλων

2250 3339 2638 3396 ἀπιστούντων.
2673 3339 2803 3395 Εἶτα
2834 3335 2930 3393 δύο
2976 3338 3153 3414 ἄπορα
3199 3337 3385 3402 αὐτοῖς
3433 3340 3563 3394 εἶναι
3613 3335 3860 3404 δοκοῦντα,

2250 3430 2323 3491 ὡς
2349 3429 2398 3502 ἐξ
2428 3424 2744 3490 ἀντιθέσεως
2803 3426 2943 3485 λύει.
2994 3423 3385 3506 Ἀμφέὅαλλον
3429 3428 3532 3504 γάρ
3582 3431 3702 3489 πῶς
3751 3422 3865 3497 ἐγεί-

2250 3539 2397 3594 ρεται
2463 3518 2527 3574 τὸ
2584 3517 2720 3591 ἅπαξ
2775 3514 3027 3574 διαλυθὲν
3087 3523 3268 3591 σῶμα,
3326 3517 3417 3573 καὶ
3473 3517 3622 3590 ποίῳ
3688 3514 3869 3588 σώματι

2248 3610 2546 3680 ἀνίσταται,
2603 3610 2781 3681 τούτῳ
2813 3609 2847 3680 ἢ
2881 3606 3049 3684 ἑτέρῳ
3106 3610 3234 3667 τινί,
3278 3610 3355 3666 Τά
3412 3609 3506 3664 οὗν
3567 3606 3667 3664 δύο
3719 3607 3873 3666 αὐτοῖς

2249 3699 2459 3757 ἐπιλύει
2492 3697 2582 3755 διά
2608 3703 2705 3756 τοῦ
2737 3696 3176 3775 παραδείγματος
3204 3703 3300 3754 τοῦ
3329 3701 3554 3754 κόκκου·
3581 3723 3609 3751 ‹‹
3636 3700 3876 3773 Ἃςρρον.»

2248 3792 2387 3849 Ἀπὸ
2447 3788 2620 3861 δήλου
2671 3787 3111 3866 παραδείγματος
3168 3796 3405 3846 ποιεῖται
3457 3790 3557 3858 τήν
3620 3788 3874 3853 ἐπέλλσιν,

2249 3879 2334 3937 διὸ
2363 3880 2453 3935 καὶ
2492 3878 2730 3955 ἄφρονας
2762 3876 2941 3946 κηλεῖ,
2975 3877 3049 3940 ὡς
3078 3877 3143 3933 τὰ
3173 3876 3315 3934 οὕτω
3345 3883 3488 3955 cap-ﬁ
3539 3877 3873 3954 ἀγνοοῦντας.

2249 3970 2343 4033 Σὺ,
2376 3968 2562 4047 φησὶν,
2595 3967 2625 4022 ὅ
2655 3968 2916 4043 σπείρεις,
2950 3969 2977 4023 ὁ
3007 3967 3265 4047 φθαρτὸς,
3296 3967 3360 4022 οὐ
3394 3973 3749 4037 ζωοποιεῖται
3799 3966 3873 4020 ἐὰν

2252 4063 2326 4135 μή
2361 4059 2626 4134 ἀποθάνῃ.
2679 4058 2746 4115 Τί
2806 4057 2896 4112 οὗν
2956 4057 3079 4132 περὶ
3145 4060 3276 4112 Θεοῦ
3337 4053 3760 4136 άμφιϐάλλειςς
3812 4055 3878 4115 Οὐ

2249 4155 2622 4221 ζωοποιεῖται,
2665 4146 2851 4228 φησὶν.
2910 4150 3044 4219 Ὅρα
3099 4144 3175 4216 δὲ,
3239 4144 3415 4217 λέξεσι
3470 4146 3763 4223 κέχρηται,
3826 4144 3881 4200 οὐ

2249 4237 2574 4316 σπέρμασιν,
2606 4235 2754 4292 ἀλλά
2784 4237 3028 4309 σώμασιν
3063 4232 3373 4312 ἁρμοδίαις.
3410 4259 3440 4291 α
3468 4238 3598 4293 Ἐὰν
3650 4238 3727 4310 μή
3762 4237 3883 4291 άπε-

2248 4332 2401 4404 οάνῃ,
2435 4326 2652 4408 »φησίν
2706 4328 2843 4402 Ὅρα
2882 4331 3000 4390 πῶς
3046 4325 3121 4387 εἷς
3177 4325 3238 4381 τὸ
3288 4325 3525 4381 ἐναντίον
3577 4330 3879 4401 περιετρεψε

2245 4420 2334 4473 τὸν
2378 4416 2565 4492 λόγον.
2598 4415 2859 4474 Ἐκείνοις
2889 4413 2988 4491 γάρ
3020 4410 3191 4469 ἐδόκει
3222 4411 3446 4490 ἄπορον,
3478 4420 3595 4476 πῶς
3654 4417 3784 4488 μετᾶ
3820 4412 3871 4468 τό

480 4500 558 4555 sit
586 4518 750 4567 usus,
774 4518 894 4557 non
929 4518 1062 4573 quae
1091 4501 1443 4570 seminibus,
1468 4500 1573 4557 sed
1605 4517 1737 4572 quaa
1787 4501 2135 4573 corporibus

2250 4507 2529 4571 ἀποθανεῖν
2554 4504 2895 4581 ἐγειρόμεθα·
2929 4504 3093 4567 αὐτὸς
3143 4501 3223 4567 δε,
3284 4505 3348 4559 τὸ
3404 4504 3639 4559 ἐναντίον
3706 4503 3869 4585 φησὲν,

478 4596 630 4661 apta:
661 4591 798 4646 sint.
864 4612 888 4642 α
946 4590 1067 4647 Nisi
1114 4596 1414 4646 mortuum
1472 4589 1670 4645 fuerit.
1728 4611 1755 4640 ›)
1811 4590 2133 4646 Considera

478 4695 614 4734 vero
642 4696 757 4751 quo
789 4680 967 4736 modo
1020 4696 1356 4736 sermonem
1389 4680 1449 4735 in
1481 4680 1847 4735 contrarium
1881 4696 2124 4736 conver-

476 4767 570 4823 tit.
602 4768 728 4824 lllis
759 4770 917 4824 enim
951 4769 1197 4825 dubium
1224 4770 1534 4825 videbatur
1583 4785 1698 4840 quo
1766 4774 1936 4841 pacto
1997 4774 2128 4841 post

479 4874 537 4914 m
564 4864 731 4914 irtem
762 4860 1178 4916 excitaremur.
1210 4862 1359 4936 ipse
1392 4877 1525 4915 vero
1557 4876 1587 4915 e
1621 4859 1871 4923 diverso,
1906 4859 1989 4915 Ob
2042 4860 2124 4927 id,

478 4948 692 5019 inquit,
751 4949 1080 5006 excitamur
1127 4951 1407 5021 quoniam
1460 4949 1795 5005 morimur:
1844 4954 2125 5018 tanquam

475 5056 596 5095 non
628 5039 801 5095 detur
821 5041 1044 5112 alioqui
1077 5042 1352 5097 viviﬁcari
1388 5041 1503 5095 nisi
1538 5057 1697 5095 mors
1729 5039 2120 5111 praecesserit.

472 5132 619 5187 Nam
656 5131 766 5188 hoc
811 5132 1152 5187 manifestat
1181 5133 1519 5203 exemplum
1553 5131 1623 5186 de
1656 5131 1851 5185 tritico
1874 5131 2126 5187 caeteris-

472 5238 585 5293 que
615 5223 963 5279 seminibus.
1002 5225 1072 5277 Et
1101 5222 1432 5285 considera,
1463 5238 1584 5277 una
1638 5221 1879 5276 interim
1904 5221 2123 5276 solutio

470 5318 561 5368 est
591 5313 749 5384 quod
783 5313 998 5369 mortui
1033 5312 1387 5368 excitantur.
1424 5333 1451 5363 «
1508 5312 1591 5366 Tu
1649 5310 1807 5381 quod
1862 5312 2122 5366 seminas

469 5419 592 5456 non
614 5403 947 5458 vivificatur
976 5402 1091 5457 nisi
1135 5409 1429 5457 mortuum
1465 5400 1660 5456 fuerit.
1698 5423 1723 5448 ››
1760 5400 1815 5454 Si
1874 5416 2010 5473 ergo
2061 5399 2120 5454 id

469 5490 627 5561 quod
659 5498 721 5547 tu
754 5494 1015 5548 seminas
1047 5498 1105 5548 et
1146 5492 1420 5564 sepulcro
1449 5489 1886 5562 quodammodo
1920 5489 2119 5546 occul-

468 5582 558 5633 tas
588 5593 655 5634 ac
701 5583 1047 5649 mortificas,
1105 5582 1256 5638 Deus
1312 5581 1646 5650 resuscitat,
1700 5584 1757 5635 et
1815 5578 1915 5634 dat
1946 5597 2118 5637 suum

469 5682 704 5741 corpus,
729 5685 864 5726 cum
879 5671 1009 5745 jam
1030 5670 1429 5745 putrefactum
1456 5674 1618 5727 esset
1639 5685 1707 5727 ac
1735 5668 2115 5742 dissolutum,

2242 4592 2324 4649 ὅτι
2357 4590 2448 4648 διὰ
2478 4596 2640 4648 τοῦτο
2684 4589 3023 4667 ἐγειρόμεθα,
3081 4587 3269 4659 ἐπειδὴ
3320 4591 3758 4663 ἀποθνήσκομεν,
3805 4591 3866 4649 ὡς

2239 4684 2339 4739 οὐκ
2365 4683 2745 4762 ἑγχωροῦντος
2777 4677 2964 4745 ἄλλως
3005 4681 3442 4752 ζωοποιηθῆναι,
3478 4679 3523 4734 εἰ
3560 4682 3638 4753 μὴ
3677 4683 3742 4750 ἦν
3785 4679 3859 4743 θά-

2236 4796 2415 4837 νατος.
2447 4777 2623 4829 Τοῦτο
2673 4772 2777 4848 γὰρ
2834 4771 2895 4826 τὸ
2953 4768 3303 4847 παοάδειγμα
3359 4775 3456 4827 τοῦ
3509 4772 3661 4827 σίτου
3702 4770 3866 4840 δηλοῖ,

2236 4864 2462 4920 καὶτῶν
2521 4862 2732 4919 λοιπῶν
2793 4863 3139 4936 σπερμάτων.
3183 4862 3281 4916 Καὶ
3338 4863 3543 4931 θέασαι,
3596 4863 3730 4925 τέως
3779 4860 3864 4933 μία

2236 4952 2414 5019 λύσις,
2457 4953 2540 5008 ὅτι
2597 4953 2650 5008 oi.
2716 4952 3073 5016 ἀπαθανόντες
3132 4950 3429 5026 ἐγείρονται
3484 4974 3512 5003 n
3579 4948 3869 5006 Σὺὸσπεί-

2236 5064 2345 5119 ρεις
2376 5042 2438 5098 οὗ
2466 5048 2836 5112 ζωοποιεῖται,
2865 5041 2951 5097 ἐάν
3002 5042 3077 5109 μή
3122 5041 3387 5116 ἀποθάνῃ.
3424 5064 3445 5090 ι
3497 5039 3567 5097 Εἴ
3612 5039 3704 5096 οὖν
3753 5041 3807 5093 σὺ
3836 5035 3868 5093 δ

2236 5133 2470 5207 σπείρεις
2497 5132 2587 5187 καὶ
2618 5132 2820 5206 τρόπον
2858 5130 2976 5186 τινα
3028 5129 3182 5207 τάεῳ
3228 5128 3530 5191 καλύπτοις
3582 5131 3673 5185 καὶ
3717 5132 3871 5183 θανα-

2232 5226 2371 5290 τοῖς,
2403 5227 2562 5277 τοῦτο
2597 5223 2623 5276 ὁ
2657 5220 2786 5277 Θεὸς
2816 5219 3086 5290 ἀνίστησι,
3119 5220 3209 5274 καὶ
3241 5216 3427 5274 δίδωσι
3460 5220 3519 5273 τὸ
3561 5217 3694 5274 τ’διον
3725 5224 3871 5291 σῶμα

2229 5311 2292 5365 τὸ
2325 5310 2485 5366 σαπέν
2508 5310 2598 5364 καὶ
2628 5307 2901 5379 διαλυθὲν,
2962 5304 3153 5363 δίδωσι
3213 5304 3288 5377 δὲ,
3347 5309 3528 5372 καθὼς
3584 5307 3866 5377 ἠθέλησεν,

2231 5401 2649 5476 εὐπρεπέστερον
2708 5398 2797 5454 καὶ
2858 5397 3209 5473 ὡραιότερον,
3252 5395 3469 5458 eatea;
3525 5396 3726 5460 ἐκεῖνος
3785 5393 3867 5449 διά

2226 5497 2328 5559 τῆς
2361 5489 2563 5552 οἰκείας
2594 5489 2951 5566 ἀποφάνσεως
2982 5487 3057 5548 είς
3124 5494 3230 5562 γῆν
3270 5485 3359 5542 καὶ
3407 5487 3573 5560 τάφον
3632 5485 3865 5542 ἐκέλευσε

2225 5579 2597 5644 κατατίθισθαι
2652 5577 2745 5634 καὶ
2833 5578 3220 5648 ἀποθνήσκειν,
3273 5580 3436 5633 τοῦτο
3495 5574 3660 5641 αἷιτὸς
3714 5573 3866 5631 πάλιν

2227 5668 2327 5726 οὐκ
2353 5664 2473 5751 ἔχει
2503 5667 2635 5747 ῥᾷον
2665 5669 2728 5725 τὸ
2758 5668 3100 5740 ζωοποιῆσαι
3130 5666 3223 5723 καὶ
3265 5667 3556 5742 ἀναστῆσαι
3612 5669 3701 5727 δτι
3748 5664 3869 5750 βού-
