4068 6254
270 334 391 397 881

1214 337 1625 402 COMMENT.
1672 342 1750 401 ΙΝ
1794 341 2042 403 EPIST.
2096 344 2122 405 l
2166 349 2268 408 AD
2314 350 2679 413 CORINTH.

3569 360 3691 424 882

267 465 430 525 λεται
464 470 552 524 καὶ
586 469 804 540 θελήσει
840 488 853 540 ;
889 494 915 523 ‹‹
947 470 1048 528 Καὶ
1092 472 1120 526 ὅ
1150 472 1406 545 σπεέρεις,
1458 473 1522 528 οὐ
1570 473 1631 527 τὸ
1686 477 1867 549 σῶμα.
1904 499 1931 525 ιι

2046 481 2263 553 datque
2292 484 2444 541 sicut
2479 487 2904 561 voluit.nempe
2930 490 3235 548 decentius
3267 510 3332 549 ac
3356 494 3687 565 pulchrius;

269 561 371 618 Ἐν
404 567 520 622 τοῖς
554 560 663 615 ἂνω
715 560 810 617 δυο
875 560 1100 635 εἷ’πομεν
1159 563 1357 627 αὐτοὺς
1397 560 1763 641 ἀμφισϐητεῖν
1814 565 1935 641 περὶ

269 658 380 721 τῆς
411 652 768 715 ἀναστάσεως,
802 652 885 715 τὸ,
920 653 965 707 εἰ
1004 651 1152 716 ὅλως
1211 655 1262 708 οἱ
1318 652 1658 720 διαλυθέντες
1705 654 1935 731 ἐγείρον-

276 760 393 803 ται,
428 740 515 794 καὶ
545 742 626 805 τὸ,
663 740 714 794 έν
749 742 891 815 ποίῳ
951 743 1162 816 σώματι
1204 741 1523 817 ἐγείρονται,
1574 742 1697 799 ἔνθα
1744 747 1934 818 ἡρμη-

273 831 488 897 νε·3ετο,
526 856 552 882 ι(
583 830 743 886 Ἀλλ’
774 832 885 886 ita?
910 853 1014 899 τις,
1074 839 1196 895 Πῶς
1249 832 1546 909 ἐγείρονται
1608 836 1658 889 οἱ
1712 835 1932 911 νεκροί;

276 922 432 991 ποίῳ
464 920 521 975 δὲ
553 924 764 993 σώματι
796 916 1051 997 ἔρχονται
1079 943 1091 991 ;
1129 948 1155 974 ν
1187 925 1299 991 Τὴν
1336 925 1429 997 μὲν
1462 925 1554 978 οὗν
1586 926 1666 979 ὅτι
1700 924 1931 1000 ἐγείρον-

274 1031 366 1065 ται
402 1006 689 1089 ἀφόδειξιν,
725 1010 776 1065 ἐι
805 1017 919 1065 τοῖς
966 1010 1074 1067 ἂνω
1128 1014 1295 1079 εἶπεν,
1362 1009 1482 1067 ἔνθα
1530 1012 1699 1089 ἔλεγε·
1737 1038 1765 1065 ‹‹
1797 1015 1872 1070 Σὺ
1905 1014 1935 1069 ὅ

273 1100 540 1172 σπείρεις,
578 1100 638 1153 οὐ
671 1106 1045 1170 ζωοποιεῖται,
1078 1100 1165 1155 έᾶν
1198 1102 1273 1174 μή
1306 1104 1446 1167 ἀποθ
1462 1104 1574 1177 ὶνῃ.
1615 1128 1641 1153 ››
1675 1100 1813 1160 Ἰδοὺ
1844 1104 1932 1158 καὶ

274 1191 316 1259 ἡ
352 1187 575 1263 δευτέρα
606 1188 899 1260 ἀπόδειξις.
936 1190 1185 1245 Αείκνυσι
1238 1192 1362 1265 γὰρ,
1413 1191 1495 1247 δτι
1543 1194 1605 1247 τὸ
1657 1194 1751 1265 μὲν
1804 1193 1933 1249 αὐτὸ

280 1287 470 1354 σῶμα,
502 1281 615 1336 οἷον
647 1289 745 1349 τῆς
778 1283 947 1352 αὐτῆς
988 1283 1172 1345 οὐσίας
1204 1279 1261 1337 ὅν
1305 1284 1587 1359 ἐγείρεται,
1648 1290 1808 1339 τοῦτο
1850 1285 1931 1341 λέ-

279 1394 393 1447 γει,
428 1397 455 1423 ‹‹
485 1373 543 1428 Ὀ
577 1369 631 1426 δὲ
655 1372 783 1431 Θεὸς
839 1372 972 1426 αὐτὸ
1022 1370 1213 1427 δίδωσι
1261 1378 1440 1445 σῶμα,
1476 1398 1503 1424 ››
1555 1372 1935 1451 λαμπρότερον

284 1459 343 1517 δὲ
376 1463 463 1515 καὶ
512 1461 908 1534 κοσμιώτερον,
968 1459 1149 1532 ὥσπερ
1200 1462 1393 1535 ἀμέλει
1443 1463 1863 1538 εὐπρεπέστερος
1906 1467 1933 1519 ὁ

273 1552 486 1625 στάχυς
516 1555 612 1604 τοῦ
668 1555 876 1623 γυμνοῦ
932 1551 1152 1606 κόκκου.
1217 1550 1361 1607 Οὐέὶ
1418 1554 1520 1629 γὰρ
1580 1553 1781 1628 σπείρει
1840 1555 1931 1609 τὸν

269 1639 521 1715 ἄσταχυν
554 1640 734 1706 αὑτὸν,
782 1638 926 1694 ἄλλα
982 1640 1187 1714 γυμνὸν
1242 1661 1463 1695 κοκκον.
1522 1667 1549 1694 ‹‹
1581 1646 1635 1695 '0
1690 1640 1746 1696 δὲ
1803 1644 1932 1705 Θεὸς

271 1733 430 1803 αὖτῷ
464 1729 651 1786 δίδωσι
686 1736 865 1804 σῶμα.
899 1756 925 1780 ››
961 1730 1022 1785 Εἰ
1056 1729 1145 1784 οὖν
1182 1733 1209 1786 ὁ
1240 1733 1371 1792 Οεὸς
1414 1728 1605 1786 δίδωσι
1656 1737 1838 1805 σῶμα,
1880 1734 1932 1788 τί

273 1825 359 1882 ἔτι
394 1825 721 1897 περιεργάζῃ
759 1824 908 1894 ποίῳ
944 1824 1157 1894 σώματι
1217 1823 1559 1896 ὲγειρόμεθα,
1610 1824 1695 1877 καὶ
1749 1824 1928 1878 διαπι-

274 1922 424 1977 στεῖς
455 1918 523 1987 τῇ
557 1915 837 1968 ἀναστασει
864 1934 877 1982 ;
908 1918 961 1965 '0
1009 1913 1111 1987 γὰρ
1150 1912 1278 1974 Θεὸς
1325 1913 1387 1967 τὸ
1438 1910 1595 1967 λυθὲν
1648 1913 1742 1985 μὶν
1788 1913 1931 1987 ἐγεί-

270 2026 353 2080 ρει
405 2009 583 2077 σῶμα.
654 2000 799 2057 ἀλλᾶ
854 2002 1297 2077 εὐπρεπέστερον,
1355 2000 1503 2057 ἀλλὰ
1549 2002 1928 2075 πνευματικώ·

271 2116 455 2169 τερον.
489 2097 667 2149 Τοῦτο
698 2092 797 2167 γὰρ
829 2091 917 2146 καὶ
959 2090 1045 2145 ἐπὶ
1105 2096 1211 2146 τῶν
1272 2092 1597 2165 σπερμάτων
1654 2086 1795 2146 ἔστιν
1841 2092 1929 2147 εὐ-

268 2186 525 2263 ρεῖν,ὅτι
583 2183 1001 2257 εὐπρεπέστερον
1061 2187 1161 2236 τοῦ
1215 2177 1654 2253 καταϐληθέντος
1700 2182 1920 2240 ἄνεισιν.

271 2300 299 2331 ι
333 2277 440 2333 Καὶ
473 2276 684 2345 ἑκάστῳ
716 2278 821 2326 τῶν
858 2271 1180 2346 σπερμάτων
1208 2272 1270 2325 τὸ
1297 2269 1438 2325 ’ίδιον
1473 2278 1651 2344 σῶμα.
1685 2296 1711 2324 ››
1753 2277 1926 2328 Τοῦτο

266 2372 382 2423 τῶν
416 2366 701 2439 αἱρετικῶν
732 2361 1025 2439 ἐμφράττει
1082 2363 1147 2415 τὰ
1196 2360 1461 2434 στόματα,
1506 2367 1613 2416 τῶν
1661 2361 1927 2438 λεγόντων

267 2458 335 2512 τὸ
365 2456 497 2510 αὐτὸ
531 2457 689 2526 σῶμα
729 2451 779 2506 ἐν
839 2454 907 2524 τῇ
966 2447 1247 2505 ἀναατέίσει
1311 2452 1385 2522 μὴ
1430 2449 1747 2527 ἐγείρεσθαι,
1797 2450 1924 2508 ἀλλ’

270 2546 483 2620 ἕτερον.

2044 589 2244 629 nonne
2276 592 2411 647 ergo
2433 578 2575 633 illud
2599 581 2754 647 quod
2780 581 3028 650 ipsemet
3054 585 3288 654 propria
3311 588 3688 641 sententiain

2044 668 2259 719 terram
2295 684 2362 721 ac
2394 669 2727 737 sepulcrum
2749 672 2929 740 jussit
2952 674 3155 743 reponi
3181 682 3239 727 et
3264 676 3429 741 mori,
3455 677 3685 733 facilius

2041 753 2155 823 ipsi
2187 756 2299 809 erit
2333 773 2565 811 rursum
2602 760 2889 815 viviﬁcare
2922 778 2988 816 ac
3022 765 3395 829 resuscita'e,
3430 784 3562 821 cum
3588 785 3687 821 vo-

2041 840 2219 895 luerit
2249 861 2315 899 ac
2349 846 2678 901 decreverit
2707 849 2735 903 ?
2764 872 2791 898 ‹‹
2830 853 2894 903 lat
2926 851 3035 905 hoc
3080 852 3237 921 quod
3262 855 3541 921 seminas,
3566 873 3686 911 non

2041 947 2274 1001 corpus.
2311 956 2338 983 ››
2377 935 2639 989 Diximus
2669 944 2843 993 antea
2875 939 2934 992 in
2967 942 3342 995 enarratione
3368 943 3529 998 illius
3560 961 3689 1014 par-

2042 1021 2274 1077 ticulw:
2312 1047 2337 1072 α
2369 1028 2444 1079 At
2473 1025 2630 1080 dicet
2681 1028 2898 1098 aliquis
2933 1046 2946 1083 :
2988 1030 3292 1094 Quomodo
3326 1033 3687 1089 suscitantur

2040 1112 2450 1183 mortuiquali
2475 1121 2672 1170 autem
2699 1133 2945 1187 corpore
2970 1119 3247 1173 veniunt:
3276 1142 3302 1166 »
3325 1122 3481 1190 quod
3513 1122 3598 1175 illi
3623 1122 3686 1177 in

2041 1201 2271 1257 duobus
2305 1204 2657 1260 haesitabant
2705 1209 2859 1262 circa
2905 1210 3435 1276 resurrectionem;
3471 1227 3684 1282 nempe

2038 1299 2237 1349 utrum
2261 1294 2387 1363 jam
2424 1296 2665 1351 omnino
2716 1298 2987 1353 dissoluti
3021 1300 3381 1355 suscitentur
3432 1302 3685 1372 etquale

2039 1398 2285 1454 cerpore
2308 1386 2759 1441 suscitenturJn
2785 1389 3189 1459 superioribus
3220 1390 3419 1461 itaque
3447 1392 3687 1447 demon.

2041 1471 2387 1526 strationem
2422 1474 2617 1542 posuit
2648 1475 2804 1544 quod
2838 1478 3219 1538 suscitentur,
3248 1494 3380 1531 cum
3414 1478 3638 1533 diceret
3670 1495 3683 1532 :

2038 1560 2121 1615 Tu
2168 1560 2326 1630 quod
2385 1562 2646 1617 seminas
2701 1580 2820 1616 non
2862 1564 3190 1619 viviticatur
3239 1566 3352 1619 nisi
3388 1573 3684 1621 mortuum

2036 1648 2403 1705 fuerit.57l
2472 1652 2615 1705 Ecce
2676 1668 2833 1707 nunc
2892 1659 2949 1706 et
3003 1654 3189 1709 altera
3234 1654 3683 1712 demonstratio.

2038 1739 2309 1795 Ostendit
2339 1741 2497 1795 enim
2531 1743 2686 1812 quod
2711 1743 2866 1798 idem
2899 1744 3140 1813 quidem
3170 1762 3402 1812 corpus.
3441 1746 3549 1801 hoc
3573 1752 3687 1813 est,

2040 1828 2195 1899 quod
2231 1828 2498 1900 ejusdem
2517 1838 2606 1885 est
2630 1832 3368 1899 substantim.suscitalur;
3402 1851 3541 1889 nam
3575 1836 3687 1890 hoc

2041 1918 2354 1991 significat,
2390 1942 2417 1968 ››
2452 1921 2603 1975 Deus
2660 1927 2858 1976 autem
2906 1920 3004 1975 dat
3036 1923 3121 1975 illi
3154 1940 3325 1977 suum
3358 1941 3571 1995 corpus
3608 1941 3620 1978 :
3655 1946 3684 1974 »

2039 2023 2239 2062 verum
2273 2008 2645 2080 splendidius
2704 2027 2769 2065 ac
2821 2013 3131 2067 ornatius:
3181 2012 3685 2083 quemadmodum

2040 2114 2180 2153 sane
2209 2101 2395 2171 magis
2422 2101 2637 2156 decora
2670 2108 2760 2156 est
2814 2103 2975 2173 spica
3033 2103 3191 2158 nudo
3224 2120 3406 2174 grano
3443 2125 3457 2169 ;
3491 2121 3683 2174 neque

2039 2188 2198 2242 enim
2233 2190 2486 2244 seminat
2518 2190 2706 2262 ipsam
2758 2193 3003 2263 spicam,
3029 2193 3132 2247 sed
3162 2193 3388 2248 nudum
3410 2210 3681 2265 granum,

2038 2298 2065 2325 ‹‹
2103 2282 2251 2331 Deus
2283 2284 2481 2332 autem
2514 2278 2613 2333 dat
2644 2280 2729 2333 illi
2761 2298 2994 2351 corpus.
3029 2303 3057 2331 ››
3092 2282 3146 2335 Si
3193 2298 3328 2354 ergo
3381 2283 3531 2337 Deus
3587 2282 3688 2338 det

2036 2367 2420 2436 corpus,quid
2451 2368 2642 2423 adhuc
2677 2370 2905 2424 curiose
2941 2372 3222 2424 scrutaris
3246 2371 3405 2441 quali
3439 2390 3685 2443 corpore

2036 2454 2486 2523 suscitemur,ac
2517 2457 2588 2510 de
2616 2458 3051 2511 resurrectione
3076 2459 3296 2512 diffidis
3317 2460 3502 2514 ?.\’am
3532 2463 3682 2515 Deus

2036 2561 2250 2615 corpus
2278 2544 2517 2615 quidem
2551 2546 2709 2617 quod
2739 2546 3097 2601 dissolutum
3137 2554 3245 2611 est,
3282 2549 3550 2614 suscitat,
3585 2551 3683 2603 sed

278 2636 609 2697 decentius,
638 2632 738 2689 sed
770 2630 1470 2704 spiritualius.Siquidem
1503 2632 1564 2685 in
1597 2632 1927 2687 seminibus
1961 2651 2198 2705 quoque
2239 2633 2393 2688 idem
2450 2641 2539 2689 est
2595 2636 2881 2701 invenire,
2932 2635 3089 2706 quod
3148 2635 3454 2691 decentius
3504 2637 3689 2710 surgit

288 2741 473 2796 quam
507 2724 820 2794 projectum
858 2728 1002 2776 erat.
1040 2743 1066 2769 «
1099 2724 1165 2775 Et
1193 2722 1513 2792 unicuique
1549 2722 1845 2776 seminum
1880 2740 2051 2778 suum
2106 2740 2339 2795 corpus.
2376 2747 2403 2773 ››
2436 2725 2553 2779 Hoc
2586 2725 2999 2779 haereticorum
3033 2725 3272 2780 obturat
3310 2742 3436 2791 ora,
3471 2724 3678 2781 dicen-

293 2814 443 2868 tium
467 2828 578 2866 non
609 2812 900 2866 suscitarii
933 2810 1089 2864 idem
1120 2827 1333 2882 corpus
1364 2810 1423 2863 in
1455 2811 1909 2875 resurrectione,
1943 2811 2045 2865 sed
2077 2812 2259 2867 aliud.

361 2899 438 2956 Uz'a
490 2903 628 2952 πᾶσα
684 2900 831 2974 σὰρξ,
892 2900 926 2966 ἡ
985 2898 1123 2966 αὐτὴ
1185 2898 1336 2972 σὰρξ,
1414 2895 1561 2953 ἀλλᾶ
1626 2897 1773 2968 ἄλλη
1840 2898 1932 2971 μὲν

287 2989 610 3058 ἀνθρώπων,
680 2987 826 3060 ἃΛλη
927 2985 983 3042 δὲ
1076 2987 1200 3062 σὰρξ
1302 2992 1535 3059 κτηνῶν,
1637 2986 1782 3058 ἄλλη
1880 2986 1936 3042 δὲ

285 3078 519 3153 ἰχθύων,
556 3076 701 3147 αλλη
763 3076 819 3132 δὲ
877 3081 1119 3147 πτηνῶν.
1184 3075 1285 3133 Καὶ
1347 3077 1572 3150 σώματα
1617 3076 1929 3152 ἐπουράνια,

1302 2992 1535 3059 κτηνῶν,

2116 2904 2229 2968 XV,
2263 2904 2455 2958 39-41.
2495 2926 2520 2951 ‹‹
2558 2905 2682 2957 Non
2714 2903 2908 2957 omnis
2940 2919 3097 2964 caro.
3131 2903 3338 2958 eadem
3369 2920 3527 2965 caro,
3586 2904 3688 2959 sed

2046 3014 2071 3040 «
2109 2992 2225 3046 alia
2257 2992 2495 3062 quidem
2520 3009 2654 3047 caro
2677 2993 3133 3055 hominum,alia
3154 2998 3349 3047 autem
3384 3006 3685 3063 pecorum,

2050 3102 2070 3131 ι
2106 3081 2223 3135 alia
2245 3098 2378 3135 vero
2401 3082 2674 3151 piscium,
2704 3082 2820 3135 alia
2847 3088 3044 3136 autem
3079 3081 3401 3137 volucrum.
3427 3084 3496 3135 Et
3550 3087 3687 3136 sunt

276 3168 370 3224 καὶ
406 3169 632 3241 σώματα
692 3165 922 3243 ἐπίγεια.
986 3164 1143 3221 Ἀλλ’
1200 3166 1351 3241 ἑτέρα
1412 3167 1705 3239 μὲνὴτῶν
1766 3167 1922 3220 έπου-

2045 3193 2065 3219 ι(
2104 3187 2347 3241 corpora
2364 3171 2711 3229 cmlestiaet
2724 3177 2863 3225 sunt
2882 3188 3129 3242 corpora
3141 3171 3458 3225 terrestria.
3472 3173 3683 3226 Verum

280 3258 482 3334 ρανὲων
547 3254 694 3327 δόξα,
753 3256 907 3331 ἑτέρα
990 3254 1047 3310 δὲ
1104 3259 1137 3325 ἡ
1196 3261 1303 3311 τῶν
1384 3254 1653 3331 ἐπιγείων.
1741 3254 1921 3324 Ἀλλη

280 3347 411 3419 δόξα
468 3346 657 3419 ἡλίου,
718 3346 806 3400 καὶ
863 3344 1011 3417 ἄλλη
1067 3342 1193 3414 δόξα
1260 3343 1522 3415 σελήνης,
1606 3345 1693 3401 καὶ
1778 3343 1923 3415 ἄλλη

279 3436 409 3508 δόξα
465 3435 721 3513 ἀστέρων.
788 3436 988 3512 Ἀστὴρ
1086 3435 1191 3510 γὰρ
1273 3436 1493 3512 ἀστέρος
1582 3433 1818 3512 διαφέρει
1878 3433 1929 3489 έν

274 3532 428 3607 δόξῃ.

357 3620 601 3679 ισδῖταῗνα
629 3623 706 3696 μὴ
738 3621 971 3683 ἀκούσας
1000 3622 1121 3685 περὶ
1181 3626 1278 3677 τοῦ
1326 3621 1496 3690 σίτου,
1547 3621 1797 3696 νομῖσῃς,
1846 3622 1930 3676 ὅτι

283 3711 469 3787 ὥσπερ
501 3712 586 3768 ἐπὶ
618 3713 784 3767 αὐτοῦ
816 3710 1007 3775 πάντες
1040 3712 1091 3767 οἳ
1116 3711 1381 3786 ἀστάχυες
1413 3711 1675 3784 ὁμότιμοι
1700 3710 1931 3780 ἀνίασιν,

292 3806 469 3859 οὕτως
502 3803 588 3857 καὶ
623 3801 675 3855 ἐν
705 3806 773 3875 τῇ
806 3800 1086 3856 ἀναστάσει
1145 3801 1408 3873 ὁμότιμοι
1460 3811 1653 3862 παντες
1702 3798 1934 3871 ἔσονται,

291 3890 462 3963 δεῖξαι
494 3890 640 3946 ϐέλει
671 3892 753 3947 δτι
798 3888 1030 3967 διαφορά
1076 3889 1187 3943 ἐστι
1239 3894 1346 3946 τῶν
1393 3889 1784 3961 ἀνισταμένων,
1844 3889 1934 3943 καί

287 4004 478 4055 φησιν·
520 4002 539 4029 ι
574 3979 650 4037 Οὔ
682 3984 824 4034 πᾶσα
854 3980 981 4051 σὰρξ
1015 3981 1048 4047 ἡ
1081 3978 1241 4045 αὐτῆ,
1277 4003 1304 4030 ››
1337 3978 1466 4034 ἀλ)’
1522 3972 1633 4034 ἔστι
1684 3976 1933 4055 διαφορᾶ,

278 4073 375 4128 καὶ
417 4073 552 4130 τέως
610 4070 733 4142 περὶ
793 4066 1137 4140 ἁμαρτωλῶν
1187 4067 1355 4144 Λέγει.
1402 4068 1504 4123 Καὶ
1552 4069 1653 4140 γὰρ
1705 4068 1797 4123 καὶ
1856 4068 1936 4121 ἐπ’

280 4162 461 4217 αὐτῶν
496 4155 607 4214 ἔστι
640 4156 875 4233 διαφορὰ
902 4156 1195 4229 τιμωρίας.
1239 4159 1394 4215 Ὅθεν
1445 4159 1632 4237 φησὶν,
1690 4182 1717 4207 ‹‹
1752 4155 1932 4225 ’Ἄλλη

284 4253 382 4321 μέν
413 4249 734 4321 ἀνθρώπων,
770 4246 915 4313 ἄλλη
960 4244 1017 4301 δὶ
1042 4250 1255 4317 κτηνῶν
1289 4246 1379 4302 καὶ
1415 4247 1640 4321 ἰχθύων,
1675 4270 1701 4297 υ
1760 4246 1940 4318 τούτῳ

283 4346 365 4396 τῶ
404 4342 615 4414 τρόπῳ.
646 4341 745 4407 τήν
774 4338 885 4393 ἐκεῖ
914 4336 1077 4392 οὖσαν
1140 4334 1405 4413 διαφορὰν
1454 4334 1661 4407 δηλῶν.
1717 4337 1819 4392 Καὶ
1868 4338 1942 4398 ὡς

280 4431 338 4487 ἐν
373 4428 770 4502 παραδείγματι
829 4424 1096 4497 ἐπεξῆλθε
1152 4431 1232 4499 τῷ
1286 4426 1461 4503 λόγῳ,
1516 4428 1589 4489 ὡς
1638 4426 1685 4481 εἰ
1736 4424 1940 4503 ἕλιγεν,

280 4523 489 4592 ’Ὠσπερ
530 4517 669 4573 ἐστὶν
732 4517 953 4572 ἐνταῦθα
1011 4514 1245 4595 διαφορὰ
1302 4516 1604 4589 ἀνθρώπων
1660 4517 1748 4570 καὶ
1805 4537 1943 4587 κτη-

2036 3281 2063 3310 ‹‹
2096 3261 2216 3316 alia
2244 3260 2483 3329 quidem
2520 3260 2843 3316 cmlestium
2876 3261 3081 3330 gloria,
3116 3260 3233 3314 alia
3260 3265 3458 3315 autem
3488 3267 3681 3316 terre-

2036 3370 2064 3400 «
2097 3350 2307 3403 strium
2343 3366 2352 3402 :
2389 3349 2507 3404 alia
2536 3350 2720 3420 gloria
2752 3349 2913 3405 solis.
2951 3349 3065 3403 alia
3094 3349 3280 3421 gloria
3301 3349 3543 3405 lunaet
3565 3350 3683 3405 alia

2036 3440 2267 3511 «gloria.
2289 3439 2613 3495 stellarum.
2631 3438 2811 3494 Stella
2829 3439 3121 3510 siquidem
3137 3458 3169 3494 a
3192 3440 3365 3494 stella
3394 3439 3592 3494 dilTert
3620 3440 3682 3495 in

2042 3554 2060 3577 ι
2096 3530 2283 3595 gloria
2340 3553 2366 3577 ι)

2114 3622 2335 3676 Deinde
2367 3637 2440 3675 ne
2473 3621 2672 3676 audito
2710 3621 2779 3675 de
2812 3621 3113 3677 frumento
3148 3624 3439 3692 exemplo,
3474 3623 3684 3694 opine-

2038 3710 2121 3764 ris
2153 3710 2311 3781 quod
2344 3712 2495 3767 sicut
2522 3712 2583 3764 in
2608 3727 2675 3765 eo
2707 3727 2914 3765 omnes
2946 3712 3122 3781 spicm
3147 3712 3209 3764 in
3243 3712 3448 3766 eodem
3480 3727 3685 3766 ascen-

2042 3799 2189 3854 dunt
2220 3800 2465 3865 honore,
2501 3800 2581 3852 ita
2614 3799 2750 3853 etin
2784 3800 3219 3853 resurrectione
3253 3815 3464 3853 omnes
3497 3799 3559 3852 in
3588 3815 3689 3853 eo-

2042 3887 2176 3941 dem
2216 3888 2399 3942 futuri
2434 3887 2553 3941 sint
2584 3887 2829 3947 honore.
2879 3887 3000 3941 vult
3059 3886 3373 3941 ostendere
3428 3887 3689 3943 futuram

2043 3975 2200 4028 inter
2229 3992 2329 4029 eos
2361 3975 2461 4045 qui
2496 3981 2806 4046 resurgent
2838 3974 3261 4031 diversitatem.
3289 3997 3315 4024 n
3339 3977 3461 4030 Non
3495 3978 3693 4033 omnis

2046 4080 2180 4120 caro
2221 4064 2451 4129 eadem,
2506 4085 2531 4111 υ
2566 4063 2667 4117 sed
2728 4070 2816 4117 est
2872 4064 3199 4125 diversitas.
3236 4072 3293 4120 et
3351 4067 3587 4121 interim
3622 4067 3694 4123 de

2046 4154 2454 4227 peccatoribus
2496 4153 2773 4223 loquitur.
2804 4155 2943 4206 Nam
2979 4154 3135 4207 inter
3160 4154 3320 4224 ipsos
3347 4172 3582 4228 quoque
3607 4162 3696 4212 est.

2048 4243 2356 4300 diversitas
2389 4242 2682 4313 supplicii.
2713 4242 2873 4297 Unde
2897 4242 3015 4297 ait:
3051 4266 3076 4290 α
3114 4243 3244 4298 Ala
3291 4245 3530 4316 quidem
3585 4246 3696 4301 ho-

2050 4334 2279 4389 minum
2301 4349 2461 4398 caro,
2494 4332 2612 4387 alia
2642 4348 2775 4387 vero
2810 4348 3092 4404 pecorum
3126 4338 3183 4387 et
3215 4333 3487 4403 piscium,
3524 4357 3544 4386 ι
3581 4334 3693 4389 hoc
3732 4358 3735 4359 ν

2050 4440 2227 4479 meno
2260 4422 2658 4479 differentiam
2682 4438 2812 4495 quae
2844 4422 2923 4476 ibi
2955 4428 3045 4476 est
3076 4422 3439 4494 signiﬁcans,
3473 4428 3532 4477 et
3562 4428 3694 4480 tan-

2054 4530 2231 4584 quam
2260 4513 2531 4583 exemplo
2552 4529 2695 4570 usus
2718 4519 2808 4567 est
2827 4514 2937 4567 hoc
2956 4529 3324 4578 sermone,ac
3352 4512 3398 4566 si
3428 4512 3691 4570 dixisset:

284 4614 397 4664 νῶν
427 4608 515 4663 καὶ
552 4606 782 4680 ἷχθύων,
815 4605 987 4669 οὕτως
1016 4599 1161 4660 ἔσται
1218 4606 1372 4660 κάκεῖ
1423 4601 1654 4684 διαφορὰ
1702 4604 1791 4659 καὶ
1840 4605 1932 4660 αὐ-

2051 4580 2561 4668 ῥιιθωᾶᾱῐηοᾶυω
2584 4602 2679 4657 hic
2710 4602 3047 4657 differentia
3068 4608 3156 4656 est
3188 4601 3497 4656 hominum
3522 4607 3578 4657 et
3601 4620 3696 4674 pe-

288 4704 402 4754 τῶν
460 4702 567 4751 τῶν
628 4691 970 4769 ἁμαρτωλῶν
1023 4692 1075 4749 ἰν
1128 4698 1249 4755 ταῖς
1302 4693 1615 4767 τιμωρίαις.
1677 4718 1702 4745 ‹‹
1768 4692 1941 4749 Ἀλλὰ

288 4783 442 4853 ἄλλη
473 4783 563 4853 μὲν
624 4780 943 4854 ἀνθρώπων.
975 4804 996 4833 ι
1061 4784 1211 4833 Πᾶσα
1236 4781 1272 4847 ἡ
1308 4776 1540 4857 διαφορὰ
1594 4779 1753 4847 αὓτη,
1814 4780 1937 4855 περί

289 4870 641 4945 ἁμαρτωλῶν
685 4870 830 4925 αὐτῶ
886 4866 1120 4942 ε”ρηται.
1177 4869 1305 4941 Περὶ
1368 4869 1470 4944 γὰρ
1522 4869 1630 4923 τῶν
1690 4865 1936 4938 δικαίων,

283 4960 397 5015 ἐκεῖ
427 4964 661 5013 ποιεῖται
726 4954 1008 5029 διαφορὰν,
1069 4953 1194 5009 ὅταν
1254 4955 1320 5008 τὰ
1381 4953 1605 5027 οὐράνια
1658 4953 1933 5029 καταλέγῃ

282 5052 531 5119 σώματα.
567 5071 593 5098 ‹‹
628 5046 729 5102 Καὶ
764 5045 988 5115 σώματα
1028 5043 1339 5117 ἐπουράνια.
1381 5067 1407 5093 ››
1466 5044 1599 5097 Εἶτα
1647 5042 1781 5118 ἄχρι
1836 5051 1932 5113 τῆς

281 5139 544 5217 διαφορᾶς
574 5140 680 5189 τῶν
710 5130 1056 5207 ἁμαρτωλῶν
1091 5132 1239 5188 ἔσται
1280 5134 1314 5201 ἡ
1350 5132 1669 5203 ἀνάστασις;
1733 5133 1935 5207 οὐμεν-

286 5234 400 5285 οὖν.
460 5228 613 5279 Ἔστι
674 5224 776 5297 γὰρ
835 5223 922 5275 καὶ
984 5223 1210 5293 σώματα
1294 5220 1608 5296 ἐπουράνια,
1665 5222 1932 5287 τουτέστι,

282 5322 350 5374 τὰ
382 5322 487 5373 τῶν
523 5314 771 5375 δικαίων,
805 5313 869 5368 τὰ
912 5310 1257 5367 πλουτοῦντα
1310 5313 1373 5367 τὸ
1430 5316 1542 5389 φῶς
1597 5317 1693 5367 τοῦ
1753 5318 1931 5384 Παρα-

274 5409 508 5477 κλητου.
542 5406 697 5458 Ἔστι
728 5400 784 5456 δὲ
821 5399 1081 5470 δηλονότι
1130 5400 1219 5455 καὶ
1272 5398 1501 5473 ἐπίγεια,
1553 5401 1819 5465 τουτέστι,
1866 5402 1934 5456 τὰ

271 5503 385 5555 τῶν
416 5490 785 5568 ἁμαρτωλῶν,
836 5490 903 5544 τὰ
958 5495 1074 5551 τοῖς
1133 5487 1349 5563 γηΐνοις
1395 5492 1730 5566 φρονήμασιν
1786 5489 1929 5545 ένσε-

279 5585 633 5660 σημισμένα,
692 5582 860 5652 ἢγουν
920 5582 1157 5647 κτηνῶν,
1217 5582 1459 5647 πτηνῶν.
1519 5578 1677 5636 Ἀλλ’
1757 5578 1928 5651 ἑτέρα,

276 5674 467 5757 φησιν,
507 5670 657 5731 ἔσται
689 5672 726 5743 ἡ
756 5666 884 5741 δόξα
924 5671 1030 5724 τῶν
1090 5666 1444 5746 ἰπουρανίων,
1504 5669 1654 5744 ἑτέρα
1710 5666 1767 5727 δί
1824 5674 1931 5727 τῶν

2049 4708 2253 4748 corum
2283 4708 2350 4746 ac
2373 4691 2649 4762 piscium,
2682 4691 2764 4744 ita
2814 4690 2925 4745 erit
2968 4696 3026 4744 et
3056 4690 3137 4743 ibi
3173 4690 3512 4745 differentia
3542 4691 3697 4746 inter

2049 4781 2209 4852 ipsos
2237 4796 2473 4850 quoque
2506 4785 2845 4850 peccatores
2900 4780 2960 4832 in
2994 4779 3328 4850 suppliciis.
3375 4802 3402 4827 ‹‹
3435 4780 3547 4835 Sed
3579 4781 3697 4836 alia

2049 4869 2286 4941 quidem
2322 4869 2629 4924 hominum
2662 4868 2867 4940 gloria.
2895 4890 2922 4917 ››
2948 4868 3229 4924 Universa
3261 4868 3386 4925 haec
3416 4868 3695 4926 differen-

2046 4961 2150 5025 tia,
2190 4960 2255 5015 de
2292 4959 2697 5031 peccatoribus
2729 4958 2798 5013 ab
2831 4975 2900 5013 eo
2931 4958 3086 5014 dicta
3118 4967 3224 5015 est.
3252 4962 3391 5015 Nam
3417 4961 3488 5015 de
3513 4962 3692 5032 justis

2046 5049 2128 5104 ibi
2160 5048 2301 5104 facit
2356 5048 2773 5113 ditferentiam,
2834 5047 2933 5102 ubi
2965 5048 3222 5105 cmlestia
3252 5056 3522 5105 recenset
3552 5067 3690 5106 cor-

2046 5154 2207 5210 pora.
2244 5161 2267 5185 ‹‹
2306 5140 2375 5193 Et
2399 5142 2536 5191 sunt
2592 5153 2840 5208 corpora
2870 5137 3152 5193 ccelestia.
3188 5160 3215 5188 ››
3252 5138 3513 5209 Denique
3546 5155 3691 5195 num

2044 5226 2117 5281 ad
2148 5225 2542 5281 differentiam
2576 5230 2949 5292 peccatorum
2985 5225 3273 5279 duntaxat
3318 5225 3696 5295 protenditur

2044 5314 2397 5369 resurrectio
2421 5314 2447 5368 ?
2470 5314 2620 5369 572
2674 5316 3076 5384 Nequaquam.
3106 5315 3250 5369 Sunt
3280 5314 3439 5368 enim
3471 5321 3530 5369 et
3559 5331 3694 5371 cor-

2044 5419 2187 5475 pora
2217 5402 2498 5467 cmlestia,
2534 5403 2592 5457 id
2642 5410 2749 5465 est,
2803 5404 3125 5472 justorum,
3160 5402 3525 5458 abundantia
3558 5404 3687 5460 luce

2042 5492 2349 5547 Paracleti.
2384 5492 2530 5547 Sunt
2559 5499 2755 5545 autem
2790 5498 2846 5546 et
2879 5491 3180 5545 terrestria
3213 5508 3375 5552 sane.
3411 5493 3521 5547 hoc
3573 5500 3680 5562 est,

2042 5588 2439 5653 peccatorum,
2492 5581 2771 5652 insignita
2832 5581 3103 5636 sensibus
3164 5582 3432 5641 terrenis.
3470 5600 3684 5655 nempe

2037 5688 2319 5746 pecorum
2348 5678 2449 5730 aut
2494 5670 2819 5730 volucrum.
2855 5671 2964 5729 Sed
3004 5670 3119 5734 alia
3154 5679 3263 5744 est,
3309 5672 3525 5748 inquit,
3554 5674 3683 5747 glo~
