4068 6254
255 376 407 440 883‘

1229 378 1652 441 COMMENT.
1698 382 1779 442 IN
1828 378 2077 441 EPIST.
2120 381 2144 441 Ι
2190 381 2296 441 ΑΙ)
2341 380 2715 442 CORINTH.

3692 350 3715 375 .,

3559 372 3689 434 886.
3700 372 3718 407 λ

258 509 401 580 νείᾳ,
465 510 557 565 καί
618 508 670 564 ἐν
723 510 917 589 φθορᾷ,
977 511 1067 566 καὶ
1122 510 1175 565 ἑν
1234 510 1424 583 ἀτιμίᾳ
1478 511 1769 581 σπείρεται,
1830 514 1908 567 κα

2034 530 2191 569 nunc
2223 513 2573 587 simpliciter
2603 512 2827 567 dictum
2860 525 2987 565 esse
3022 507 3235 579 opinor
3258 504 3509 562 mortale
3567 506 3671 561 ho-

263 600 525 655 θάπτεται
586 598 637 653 ἐν
723 602 792 671 τῇ
854 603 947 673 γῇ.
1007 604 1180 655 Τοῦτο
1238 600 1329 654 οὗ»)
1382 601 1445 656 τὸ
1507 601 1701 672 θνητὸν
1761 606 1919 672 σῶμα

267 688 511 768 ψυχικόν
546 687 709 758 ἐστιν,
752 690 837 744 ὅτι
868 693 989 751 τοῖς
1039 694 1299 766 ψυχικοῖς
1346 690 1723 764 ὑπηρετήσατο
1755 692 1915 745 πίθε-

266 800 375 836 σιν.
416 799 439 826 I
474 775 667 842 Οὓδείς
691 779 793 853 γὰρ
852 778 958 833 ἀπὸ
1012 778 1187 852 ῥύπου
1239 779 1490 853 καθαρὸς,
1550 777 1668 835 οὐδ’
1724 780 1782 835 ἂν
1821 785 1919 853 μία

263 868 499 940 ἡμέραὸ
539 867 659 942 βίος
690 867 883 923 αὐτοῦ.
920 890 947 917 ››
980 868 1082 923 Καὶ
1122 869 1223 942 γάρ
1277 868 1365 922 καί
1428 870 1548 924 ὅσαι
1609 870 1914 942 σωματικαὶ

262 958 531 1029 πράξεις,
601 959 699 1026 τὴν
758 958 945 1032 πηγὴν
1004 957 1095 1012 καὶ
1152 957 1353 1032 γένεσιν
1408 959 1514 1014 ἀπὸ
1573 966 1672 1029 τῆς
1732 963 1918 1035 ψυχῆς

260 1041 506 1122 ἔχουσιν,
540 1043 678 1101 ὥστε
705 1047 767 1101 τὸ
796 1046 892 1101 τοῦ
934 1047 1220 1122 ἀνθρώπου
1278 1049 1466 1119 θνητὸν
1532 1054 1713 1122 σῶμα,
1768 1048 1916 1105 εἰκό-

257 1156 373 1197 τως
431 1135 492 1191 ’ἀν
549 1136 785 1210 ψυχικὸν
841 1135 1089 1194 καλοῖτο.
1152 1137 1438 1213 Σπείρεται
1499 1138 1590 1192 οὗν
1652 1140 1912 1214 ψυχικὸν,

259 1223 528 1299 ἐγείρεται
604 1222 660 1279 δὲ
734 1224 993 1281 ἀθάνατον
1032 1272 1048 1294 ,
1124 1225 1257 1303 ὅπερ
1330 1226 1444 1284 ἐστὶ
1521 1235 1910 1303 πνευματικόν.

264 1315 638 1387 ΙΙνευματικὸν
698 1311 755 1369 δὲ
786 1316 870 1370 ὅτι
901 1315 1001 1371 οὒκ
1028 1314 1103 1370 ἔτι
1133 1322 1249 1379 τοῖς
1316 1321 1576 1395 ψυχικοῖς
1637 1319 1912 1391 ὑπηρετή-

262 1424 349 1459 σει
380 1405 715 1475 παθήμασιν,
750 1401 873 1459 οὔτε
912 1405 979 1460 τὰ
1009 1410 1117 1461 τῶν
1174 1405 1421 1479 δικαίων,
1479 1406 1609 1463 ἀλλ’
1661 1406 1791 1464 οὐδὲ
1844 1404 1915 1463 τὰ

261 1497 376 1549 τῶν
406 1491 748 1567 ἁμαρτωλῶν
784 1494 1029 1569 σώματα.
1067 1494 1297 1552 Μᾶλλον
1326 1499 1420 1569 μὶν
1471 1497 1564 1553 οῦν
1620 1498 1710 1553 καὶ
1768 1498 1911 1555 πολ-

261 1578 373 1648 λὴν
409 1581 793 1654 μεταμέλειαν,
842 1582 886 1635 εί
944 1582 1035 1637 καὶ
1091 1584 1323 1654 ἀνόητον
1379 1584 1459 1661 ἐφ’
1517 1585 1600 1648 οἷς
1633 1585 1911 1656 ὑπηρετή-

260 1689 450 1735 σαντο,
481 1667 704 1742 ἕξουσιν.
768 1669 990 1741 Ἐπειδὴ
1048 1668 1105 1727 δὲ
1154 1673 1236 1743 τὸ,
1297 1697 1325 1726 ‹‹
1362 1674 1671 1747 Σπείρεται,
1714 1697 1742 1725 ››
1775 1673 1913 1731 πολ·

259 1755 426 1819 λάκις
485 1760 621 1829 εἷπε,
678 1759 766 1816 καὶ
819 1761 902 1827 τὸ,
964 1788 991 1813 ‹ι
1026 1759 1352 1837 Ἐγειρέται,
1387 1788 1413 1816 ››
1467 1764 1695 1837 ὁμοίως,
1750 1764 1803 1819 τί
1858 1762 1914 1819 δέ

2024 604 2202 658 minis
2234 620 2484 675 corpus:
2530 620 2668 657 nam
2702 602 2811 655 hoc
2853 605 2910 653 et
2965 599 3026 652 in
3086 598 3464 668 corruptione
3522 602 3579 650 et
3610 598 3709 651 in‘

2023 695 2348 767 ignominia
2380 701 2436 749 et
2457 696 2516 748 in
2552 693 2907 747 infirmatate
2935 689 3262 743 seminatur
3292 703 3357 741 ac
3387 687 3672 757 sepelitur

2023 790 2083 843 in
2114 796 2311 854 terra;
2343 790 2453 843 hoc
2483 803 2619 860 ergo
2672 784 2922 841 mortale
2972 799 3186 852 corpus
3245 780 3499 835 animale
3561 785 3671 847 est,

2023 877 2122 949 qui
2184 876 2542 931 animalibus
2599 874 2889 930 subservit
2935 869 3366 926 all‘ectionibus.
3428 890 3457 919 ‹‹
3490 869 3670 923 Nemo

2024 967 2183 1021 enim
2217 984 2250 1021 a
2280 966 2450 1021 sorde
2484 956 2667 1037 purus
2700 969 2805 1021 est.
2850 977 2925 1016 ne
2980 960 3026 1014 si
3062 975 3216 1014 unus
3269 958 3512 1029 quidem
3544 956 3670 1011 dies

2022 1058 2099 1113 sit
2128 1059 2243 1112 vita
2273 1059 2401 1129 ejus
2433 1056 2496 1108 ⁸⁵.
2534 1078 2562 1106 ››
2612 1053 2914 1125 Siquidem
2974 1055 3265 1122 quotquot
3323 1049 3500 1103 etiam
3533 1055 3672 1104 sunt

2021 1147 2283 1203 actiones
2316 1145 2676 1218 corporales,
2710 1144 2930 1197 fontem
2983 1157 3049 1194 ac
3100 1139 3390 1209 originem
3452 1137 3670 1193 habent

2021 1237 2093 1293 ab
2150 1238 2372 1295 anima.
2438 1241 2505 1290 ut
2560 1235 2772 1290 merito
2833 1247 3046 1302 corpus
3107 1228 3364 1282 hominis
3416 1227 3666 1282 mortale

2022 1326 2254 1381 dicatur
2310 1324 2590 1379 animale.
2641 1321 2976 1377 Seminatur
3033 1333 3168 1389 ergo
3232 1315 3500 1377 mortale,
3536 1331 3662 1371 sus-

2021 1414 2237 1468 citatur
2273 1417 2467 1466 autem
2529 1408 2886 1472 immortale,
2947 1405 3101 1475 quod
3162 1409 3252 1458 est
3308 1401 3663 1474 spirituale;

2020 1501 2326 1574 spirituale
2348 1505 2568 1564 autem,
2592 1497 2865 1569 quiaJam
2900 1511 3018 1551 non
3045 1492 3415 1547 subservient
3443 1491 3670 1546 anima-

2020 1592 2175 1647 libus
2207 1589 2537 1653 alTectibus,
2570 1603 2763 1657 neque
2788 1588 3107 1656 justornm.
3142 1583 3261 1635 imo
3295 1597 3485 1651 neque
3531 1597 3663 1652 pec-

2020 1689 2285 1738 catorum
2310 1695 2574 1749 corpora.
2630 1676 2806 1748 Magis
2862 1681 3060 1744 itaque
3114 1680 3255 1727 tunc
3312 1688 3527 1743 magna
3556 1672 3666 1725 etsi

2021 1774 2325 1829 insensata
2404 1768 2769 1842 pwnitudine
2860 1766 3153 1821 ducentur
3205 1762 3277 1816 ob
3337 1778 3405 1818 ea
3453 1760 3667 1833 quibus

256 1845 376 1949 ἐστι
424 1848 487 1902 τὸ
544 1850 923 1924 σπειρόμενον,
980 1849 1015 1920 ἢ
1067 1852 1129 1906 τὸ
1195 1851 1556 1927 ἐγειρόμενον,
1615 1854 1716 1909 οὐκ
1773 1854 1904 1909 εἶπεσ

2020 1861 2285 1918 obsecuti
2318 1866 2472 1915 sunt.
2517 1858 2804 1924 Quoniam
2853 1871 2991 1909 vero
3040 1853 3189 1907 dixit
3218 1852 3435 1923 smpins
3461 1868 3473 1905 :
3504 1872 3532 1902 «
3563 1858 3665 1905 Se-

257 1932 354 1990 ὃια
383 1940 544 1990 τοῦτο
580 1938 713 2010 μετά
776 1942 941 1993 ταῦτα
1000 1938 1242 2016 ἐπήγαγε
1297 1940 1387 1995 καὶ
1444 1945 1622 1996 τοῦτο’
1687 1943 1907 1997 «Σπεί-

261 2044 435 2099 ρεται,
481 2023 675 2099 λέγων,
711 2031 871 2100 σῶμα
929 2028 1185 2101 ψυχικὸν,
1222 2054 1250 2080 ››
1309 2030 1369 2091 ὃς
1423 2033 1573 2084 εἷπον
1632 2029 1683 2086 ἐν
1733 2036 1907 2111 φθορᾷ

255 2116 350 2169 καὶ
410 2114 460 2169 ἐν
521 2116 716 2187 ἀτιμίᾳ
771 2117 860 2171 καὶ
926 2117 979 2171 ἐν
1040 2117 1321 2190 ἀσθενείᾳ·
1368 2120 1723 2195 σπείρεσθαι,
1781 2120 1905 2176 ἀλλ’

256 2212 524 2289 ἐγείρεται
579 2217 740 2287 σῶμα
795 2217 1179 2287 πνευματικὸν,
1230 2218 1258 2272 ’ὁ
1291 2217 1342 2271 ἐν
1378 2216 1506 2293 δόξῃ
1536 2219 1626 2273 καὶ
1686 2217 1905 2292 δυνάμει

255 2305 352 2357 καὶ
423 2302 477 2357 ἐν
537 2303 801 2383 ἀφθαρσίᾳ
887 2303 1278 2382 ἐγερθήσεται.
1333 2307 1411 2364 Τὸ
1467 2309 1569 2384 γὰρ
1642 2309 1904 2363 ἀθάνατον

254 2392 397 2446 κατᾶ
424 2393 517 2447 τὸν
550 2393 750 2447 οἰκεῖον
790 2392 957 2469 λόγον
1004 2395 1093 2450 καί
1152 2390 1364 2466 ἔνδοξον
1422 2399 1511 2452 καὶ
1567 2392 1788 2470 ἔντιμον
1818 2399 1907 2453 καὶ

260 2481 536 2559 ἅυθαρτον
574 2526 587 2549 ,
646 2480 692 2534 εί
745 2481 834 2535 καὶ
882 2487 1001 2543 τοῖς
1082 2484 1435 2559 ἁμαρτωλοῖς
1499 2485 1766 2562 αἰσχύνης
1819 2485 1908 2541 καὶ

259 2570 506 2642 ἀδοξίας,
539 2570 625 2626 διὰ
661 2572 760 2640 τήν
820 2572 1019 2628 οἰκείαν
1085 2577 1394 2652 μοχθηρίαν
1468 2577 1714 2639 ὑπόθεσις
1769 2577 1910 2653 γίνε-

268 2683 385 2717 ται.
447 2664 650 2717 α’Έστι
707 2668 867 2735 σῶμα
931 2663 1187 2739 ψυχικόν.
1224 2688 1251 2715 ››
1308 2668 1420 2721 Ἵνα
1480 2668 1554 2737 μή
1614 2687 1696 2728 τις
1757 2666 1905 2742 ε”πῃο

278 2750 449 2812 Πόθεν
516 2752 643 2823 ἡμῖν
707 2750 939 2826 εἶ’σαγεις
998 2754 1223 2827 σώματα
1277 2750 1527 2831 διάφορα,
1585 2756 1672 2809 καὶ
1734 2753 1907 2832 λὲγεις

274 2838 510 2913 ψυχικὸν
593 2841 678 2894 καὶ
732 2842 1096 2912 πνευματικὸν
1133 2884 1147 2906 ,
1205 2843 1389 2921 φησίν·
1454 2866 1478 2897 α
1540 2844 1690 2899 Ἔστι
1750 2850 1908 2917 σῶμα

262 2929 647 3001 πνευματικὸν,
708 2930 799 2984 καὶ
858 2924 971 2986 ἔστι
1022 2936 1180 3003 σῶμα
1236 2932 1495 3011 ψυχικόν.
1555 2960 1579 2984 ι.
1628 2935 1741 2992 Οὖιι
1796 2934 1905 3009 ἐγὼ

257 3022 547 3092 τοιγαροῦν
616 3024 731 3073 κατ’
791 3017 931 3074 ἰδίαν
990 3020 1228 3090 ἐξουσίαν
1284 3022 1374 3075 καὶ
1454 3020 1693 3077 ἐπίνοιαν
1738 3028 1907 3080 ταῦτα

258 3104 431 3178 λέγω,
465 3109 655 3184 φησὶν,
687 3105 813 3163 ἀλλ’
847 3107 923 3163 ἒτι
968 3110 1057 3163 καὶ
1090 3110 1194 3183 πρὸ
1253 3113 1412 3184 ἡμῶν
1446 3110 1677 3185 ε”ρηται.
1740 3118 1906 3177 Ποθεν

259 3192 484 3264 δῆλον;
545 3197 707 3276 φησὶν
741 3240 752 3252 .
824 3199 1014 3261 Οὕτως
1078 3198 1429 3277 γέγραπται,
1486 3225 1513 3254 ‹‹
1575 3203 1820 3279 Ἐγένετο
1878 3204 1906 3257 6

260 3291 479 3361 πρῶτος
506 3285 791 3361 ἅνθρωπος
835 3285 1034 3359 Ἀδὰμ.
1092 3289 1167 3351 εἰς
1224 3292 1409 3366 ψυχήν
1441 3295 1632 3360 ζῶσαν.
1668 3315 1695 3343 ››
1752 3294 1911 3349 Ὥστε

263 3371 376 3429 ἲστι
411 3380 572 3449 σῶμα
630 3377 887 3452 ψδχικὸν.
944 3376 1397 3453 Εἷταδὲσχατος
1464 3378 1773 3454 ἄνθρωπος,
1834 3380 1909 3443 εἰς

262 3469 476 3537 πνεῦμα
512 3471 837 3536 ζωοποιοῦν,
871 3466 1008 3523 ὥστε
1027 3461 1138 3524 ἔστι
1168 3470 1257 3523 καὶ
1309 3473 1468 3543 σῶμα
1524 3472 1911 3542 πνευματικὸν,

261 3562 328 3608 τό
362 3553 599 3629 ἁρμόζον
628 3559 706 3628 τῷ
762 3560 1120 3626 ζωοποιοῦντι
1170 3557 1468 3630 ΙΙνεῦματι.
1527 3557 1705 3615 Ἀλλὰ
1749 3564 1910 3616 τοῦτο

261 3643 424 3707 πὸθεν
456 3642 672 3711 ὀῆλον;
722 3644 804 3699 ὅτι
857 3646 885 3700 6
935 3642 1181 3718 δεύτερος
1226 3645 1529 3723 ἅνθρωπος,
1575 3648 1648 3710 εὶς
1700 3653 1912 3722 πνεῦμα

265 3736 591 3803 ζωοποιοῦν.
627 3733 790 3798 ΙΙόθεν
821 3731 990 3801 δῆλον
1026 3756 1039 3805 ;
1074 3734 1124 3808 ἐξ
1156 3735 1322 3805 αὐτῆς
1370 3743 1468 3807 τῆς
1517 3741 1624 3791 τῶν
1656 3739 1907 3812 πραγμά-

256 3842 369 3877 των
424 3822 691 3898 ἐνεργείας
725 3868 737 3881 .
797 3822 1025 3888 ’Ἄλλως
1082 3845 1140 3880 τε
1198 3823 1256 3881 δὲ
1314 3826 1403 3881 καὶ
1463 3825 1759 3903 γέγραπται
1818 3827 1908 3882 καὶ

256 3916 421 3966 τοῦτο
455 3930 469 3943 ·
532 3936 560 3963 ‹‹
612 3915 689 3969 Τα
745 3910 964 3988 ῥήματα
1017 3914 1117 3990 γὰρ
1153 3958 1168 3984 ,
1226 3916 1430 3994 φησὶν,
1484 3916 1519 3972 ἃ
1567 3916 1671 3992 ἐγὼ
1732 3915 1906 3988 λαλῶ,

257 4004 475 4071 πνεῦμα
526 4001 615 4055 καὶ
678 4004 790 4073 ζωή
848 4000 989 4056 ἐστιν
1027 4047 1041 4071 ,
1105 4027 1133 4055 »
1180 4000 1320 4061 ὥστε
1398 4005 1487 4060 καὶ
1553 4005 1628 4069 εἰς
1697 4011 1909 4079 πνεῦμα

260 4102 551 4166 ζωοποιεῖν
606 4097 732 4161 τοὺς
790 4098 1085 4162 ἀκούοντας
1133 4100 1223 4155 καὶ
1282 4100 1642 4174 πειθομὲνους
1701 4102 1903 4167 αὐτοὶς.

256 4187 326 4245 Ei
368 4185 425 4242 δὲ
446 4191 630 4257 τοῦτο,
663 4185 835 4253 δῆλον
865 4188 941 4246 ὡς
973 4190 1063 4244 καὶ
1121 4191 1481 4263 πνευματικὸν
1517 4189 1673 4247 οῦτοι
1704 4192 1909 4263 ἕξουσιν

259 4275 315 4330 ἰν
347 4280 413 4348 τῇ
447 4276 725 4332 ἀναστάσει
757 4282 937 4350 σῶμα,
992 4278 1190 4352 μηκέτι
1249 4279 1541 4351 δυνάμενον
1601 4282 1677 4343 εἷς
1736 4285 1905 4356 ψυχι-

257 4364 354 4419 κὸν
390 4370 681 4438 τραπῆναι,
741 4362 921 4438 ὥσπερ
982 4364 1152 4423 ἐνίοτε
1210 4362 1495 4441 συμϐαίνει
1530 4367 1608 4425 ἔτι
1663 4374 1740 4442 τῷ
1801 4370 1906 4445 βίῳ

254 4453 538 4527 παρῦντευν
573 4494 589 4511 .
652 4476 681 4505 (ι
742 4454 969 4529 Εγένετο
1027 4456 1054 4509 6
1112 4460 1328 4530 πρῶτος
1388 4455 1668 4531 ἅνθρωπος
1726 4455 1907 4530 ’Λδάμ

254 4542 335 4603 ε”ς
366 4545 553 4622 ψυχην
598 4547 790 4612 ζῶσαν.
828 4567 857 4595 ››
917 4544 1015 4601 Καὶ
1082 4545 1159 4618 μή
1217 4545 1450 4611 ἀπίστει,
1510 4547 1695 4627 φησὶν,
1728 4548 1908 4603 ’ὁτιτᾶ

2022 1953 2303 2018 minatur,
2338 1972 2366 2000 »
2402 1956 2460 2005 et
2491 1949 2765 2004 similiter
2821 1967 2850 1996 «
2883 1944 3230 2005 Suscitatur,
3265 1964 3293 1991 »
3344 1959 3464 1996 non
3514 1941 3666 1996 dixit

2015 2049 2213 2098 autem
2245 2040 2384 2111 quid
2420 2040 2495 2094 sit
2525 2037 2683 2109 quod
2710 2036 3037 2090 seminatur
3056 2040 3159 2087 aut
3187 2033 3544 2096 suscitatur;
3578 2029 3661 2083 id-

2016 2132 2171 2186 circo
2204 2135 2338 2202 post
2368 2129 2544 2183 etiam
2578 2126 2635 2181 id
2669 2124 2997 2195 subjunxit,
3030 2122 3234 2176 dicens
3269 2137 3281 2173 :
3317 2141 3343 2169 ››
3398 2118 3661 2173 Semina-

2017 2226 2192 2275 natur
2208 2234 2419 2288 corpus
2442 2214 2719 2273 animale,
2739 2234 2766 2263 ››
2793 2211 2951 2284 quod
2972 2210 3092 2264 dixi
3120 2210 3179 2263 in
3203 2208 3580 2279 corruptione
3605 2212 3663 2261 et

2017 2307 2342 2379 ignominia
2364 2312 2420 2359 et
2450 2305 2794 2358 inﬁrmitate
2827 2299 3108 2355 seminari
3135 2317 3147 2353 :
3208 2298 3310 2353 sed
3344 2298 3661 2351 suscitatur

2017 2413 2230 2469 corpus
2266 2394 2595 2467 spirituale,
2629 2392 2786 2464 quod
2817 2392 2877 2445 in
2911 2388 3353 2458 incorruptione
3386 2393 3443 2440 et
3476 2386 3663 2458 gloria

2018 2504 2084 2543 ac
2115 2486 2378 2560 potentia
2409 2482 2808 2539 suscitabitur.
2855 2482 2933 2534 Ex
2971 2477 3208 2550 propria
3238 2476 3396 2531 enim
3429 2477 3661 2531 ratione

2018 2578 2178 2649 quod
2202 2574 2535 2630 immortale
2564 2578 2671 2640 est,
2699 2577 2757 2625 et
2775 2570 3101 2643 gloriosum
3129 2572 3186 2620 et
3211 2566 3567 2620 honoratum
3590 2582 3659 2619 ac

2017 2665 2467 2737 incorruptibile
2510 2669 2632 2717 est:
2698 2674 3037 2732 quanquam
3089 2654 3497 2727 peccatoribus
3530 2671 3668 2725 pro-

2018 2762 2149 2828 pter
2180 2772 2347 2810 suam
2392 2752 2722 2823 nequitiam
2775 2748 3003 2803 occasio
3068 2745 3144 2799 sit
3179 2743 3567 2814 turpitudinis
3609 2748 3667 2797 et

2018 2846 2376 2917 ignominiae.
2414 2844 2566 2898 574
2589 2862 2616 2890 «
2646 2842 2745 2894 Est
2776 2854 2989 2908 corpus
3028 2834 3307 2889 animale.
3334 2854 3362 2881 »
3395 2834 3474 2886 Ne
3506 2831 3664 2886 dicat

2019 2935 2268 3005 aliquis:
2305 2932 2469 2988 Unde
2503 2931 2674 2985 nobis
2706 2928 2869 2983 varia
2896 2924 3129 2979 inducis
3168 2938 3436 2993 corpora,
3472 2926 3528 2974 et
3558 2920 3657 2975 di-

2019 3026 2104 3079 cis
2134 3023 2390 3079 animale
2420 3039 2487 3077 ac
2531 3018 2839 3092 spirituale
2868 3017 2894 3071 ‘?
2935 3016 3053 3070 ait:
3108 3037 3132 3061 u
3157 3015 3257 3066 Est
3285 3028 3498 3083 corpus
3528 3010 3663 3065 ani-

2018 3116 2173 3174 male
2204 3120 2263 3170 et
2290 3119 2379 3167 est
2396 3128 2608 3182 corpus
2636 3106 2944 3180 spirituale
2970 3126 2997 3154 »
3024 3106 3226 3173 Itaque
3260 3118 3378 3156 non
3411 3116 3535 3172 ego.
3569 3100 3661 3153 in-

2022 3205 2171 3277 quit,
2197 3202 2436 3276 propria
2455 3200 2803 3257 auctoritate
2831 3202 2890 3251 et
2916 3192 3335 3265 imaginatione
3358 3191 3484 3244 haec
3506 3188 3659 3255 dico,

1941 3262 1984 3330 α
2024 3262 2126 3350 sed
2153 3262 2278 3364 jam
2306 3262 2448 3347 “ante
2479 3307 2586 3346 nos
2619 3303 2854 3359 quoque
2886 3262 3213 3339 dicta'suut
3265 3280 3336 3335 Et
3362 3277 3520 3335 unde
3552 3277 3675 3333 hoc.

2022 3384 2406 3441 manifestum
2440 3379 2579 3434 est?
2609 3379 2710 3433 ait.
2745 3378 2830 3430 lta
2881 3374 3166 3445 scriptum
3194 3374 3319 3424 est:
3372 3389 3399 3418 ‹‹
3435 3367 3665 3421 Primus

2022 3476 2200 3530 homo
2232 3472 2416 3527 Adam
2448 3470 2637 3526 factus
2670 3471 2760 3521 est
2797 3465 2857 3520 in
2890 3464 3151 3518 animam
3210 3459 3503 3513 viventem
3533 3454 3602 3521 ⁵⁸,
3638 3476 3666 3505 ››

2020 3565 2220 3636 itaque
2253 3567 2341 3616 est
2367 3575 2579 3632 corpus
2609 3554 2881 3611 animale.
2920 3550 3141 3607 Deinde
3173 3554 3470 3602 extremus
3490 3546 3667 3599 homo

2020 3654 2083 3709 in
2116 3634 2388 3725 spiritum
2422 3649 2833 3703 viviﬁcantem.
2871 3644 3069 3711 itaque
3101 3646 3190 3693 est
3221 3644 3279 3691 et
3307 3652 3522 3706 corpus
3555 3634 3670 3705 spi-

2018 3722 2249 3798 rituale.
2278 3739 2436 3811 quod
2460 3737 2713 3809 quadret
2731 3750 2799 3787 ac
2826 3729 3180 3801 respondeat
3201 3723 3514 3780 vivificanti
3548 3722 3665 3792 spi-

2017 3833 2177 3889 ritui.
2216 3829 2327 3885 Sed
2357 3827 2512 3883 unde
2541 3827 2650 3880 hoc
2682 3822 3063 3877 manifestum
3097 3822 3186 3870 est
3212 3814 3240 3869 ‘2
3282 3814 3421 3883 quia
3451 3826 3664 3866 secun-

2020 3921 2127 3977 dus
2158 3920 2335 3974 homo
2369 3916 2429 3972 in
2461 3914 2733 3986 spiritum
2764 3908 3176 3964 vivificantem.
3212 3901 3374 3958 Unde
3406 3899 3466 3954 id
3516 3915 3660 3954 con-

2019 4008 2174 4066 stat?
2202 4008 2280 4063 Ex
2304 4008 2431 4077 ipsa
2451 4017 2650 4058 rerum
2674 3998 3035 4071 operatione.
3061 3996 3355 4049 Prmterea
3383 3994 3579 4045 autem
3603 3993 3663 4043 et

2016 4097 2129 4154 hoc
2160 4108 2395 4168 quoque
2430 4090 2715 4161 scriptum
2754 4091 2883 4141 est:
2917 4104 2945 4133 ‹‹
2973 4080 3163 4135 Verba
3195 4078 3352 4133 enim
3386 4093 3516 4148 quae
3548 4090 3653 4144 ego

2018 4165 2231 4257 loquor
2262 4182 2443 4245 vobis,
2477 4178 2691 4250 inquit,
2724 4173 2967 4248 spiritus
3020 4175 3079 4226 et
3106 4169 3223 4223 vita
3248 4171 3389 4221 sunt
3416 4165 3480 4220 ⁵⁷.
3517 4185 3546 4215 ››
3596 4165 3662 4219 In

2020 4278 2291 4352 spiritum
2326 4274 2505 4346 igitur
2534 4269 2823 4324 viviﬁcant
2845 4265 3157 4322 audientes
3180 4260 3411 4330 sibique
3434 4258 3661 4313 obtem-

2017 4347 2293 4441 perantes
2319 4381 2331 4418 :
2355 4361 2514 4434 quod
2538 4361 2583 4415 si
2613 4360 2724 4415 hoc
2743 4362 2849 4418 est.
2882 4354 3266 4411 manifestum
3290 4348 3447 4419 quod
3481 4347 3661 4402 etiam

2017 4436 2077 4514 bi
2110 4453 2418 4529 spirituale
2479 4465 2691 4521 corpus
2750 4444 3051 4502 habebunt
3109 4441 3170 4494 in
3202 4436 3660 4504 resurrectione,

2016 4523 2174 4620 quod
2204 4542 2459 4614 amplius
2491 4538 2633 4592 verti
2666 4552 2786 4593 non
2844 4532 3031 4606 possit
3085 4530 3147 4583 in
3195 4523 3475 4589 animale,
3511 4523 3664 4580 sicut

252 4635 347 4686 νῦν
400 4632 611 4706 ψυχικά
666 4634 827 4705 ἡμῶν
878 4632 1104 4705 σώματα
1159 4626 1305 4690 ἕσται
1364 4635 1488 4691 τότε
1522 4613 1896 4709 ’πνευματικτί

2018 4613 2316 4705 contingit,
2338 4627 2635 4685 interdum
2668 4626 2759 4681 his
2783 4623 2885 4695 qui
2917 4622 2977 4676 in
3006 4619 3125 4673 vita
3179 4620 3334 4672 sunt.
3387 4632 3416 4663 ‹‹
3448 4613 3659 4669 Factus

252 4724 499 4795 Ἐχομεν
553 4720 654 4797 γ’ὶρ
712 4718 821 4791 ἤδη
900 4722 1095 4778 τούτου
1151 4724 1246 4785 τὰς
1312 4722 1638 4797 ἀποδείξεις.
1699 4727 1759 4784 'O
1798 4726 1898 4801 γὰρ

252 4807 436 4881 Ἀδὰμ
465 4810 699 4884 ψυχικὸν
753 4811 874 4887 εἶχε
933 4816 1114 4884 σῶμα,
1148 4812 1177 4867 6
1209 4808 1267 4868 δὲ
1324 4814 1557 4888 Χριστὸς
1615 4834 1904 4888 πνευματι-

255 4900 354 4954 κὸν
385 4892 513 4974 ἔσχε
545 4904 723 4974 σῶμα,
753 4897 892 4971 ὅλην
932 4898 1215 4975 δεξάμενον
1247 4906 1344 4957 τοῦ
1402 4901 1559 4978 ἁγίου
1594 4903 1905 4976 Πνεῦματος

256 4988 359 5055 τήν
393 4988 703 5064 παρουσίαν.
738 4990 833 5044 Καὶ
890 4986 1075 5058 δηλοῖ,
1140 4990 1364 5063 μείνασα
1419 4991 1501 5046 ἐπ’
1556 4991 1714 5047 αὐτὸν
1747 4995 1781 5062 ἡ
1815 5013 1903 5048 πε-

260 5083 500 5154 ριστερά.
566 5079 705 5133 Καθὸ
785 5079 887 5155 γὰρ
975 5078 1086 5134 ἐστι
1143 5080 1231 5135 καὶ
1291 5085 1491 5136 νοεῖται
1540 5080 1824 5156 ἅνθρωπος
1877 5083 1904 5136 ὁ

258 5165 484 5241 Κύριος,
544 5158 671 5241 ἴσχε
725 5168 825 5236 τήν
884 5170 982 5221 τοῦ
1040 5167 1403 5242 Παρακλήτου
1435 5167 1726 5246 ἐνεργειαν,
1785 5170 1905 5225 καί·

254 5276 343 5312 τοι
377 5253 522 5310 ἰδίου
554 5253 709 5317 ὄντος
748 5255 912 5310 αὐτοῦ
968 5253 1065 5311 τοῦ
1119 5256 1457 5331 Ιινεῦματος,
1512 5260 1643 5315 καθὸ
1675 5257 1786 5314 ἐστι
1817 5262 1906 5314 καὶ

254 5351 462 5402 νοεῖται
492 5345 639 5407 Θεός.
678 5345 1000 5417 Σημείωσαι
1033 5343 1091 5401 δὶ
1147 5347 1237 5400 καὶ
1298 5349 1566 5416 ζωοποιὸν
1600 5350 1661 5403 τὸ
1689 5352 1908 5420 Πνεῦμα

260 5437 548 5510 ὕπαρχειν.
609 5434 799 5490 Καίτοι
883 5437 982 5499 τῆς
1062 5434 1385 5499 ἀκολουθίας
1442 5435 1777 5507 ἀπαιτούσης
1830 5436 1908 5492 εί-

258 5529 401 5580 πεῖν.
481 5546 507 5574 ι(
571 5521 665 5583 Εἰς
722 5524 935 5594 πνεῦμα
994 5526 1120 5595 ζῶν,
1152 5546 1180 5575 ››
1239 5524 1420 5586 καθὼς
1476 5526 1594 5580 εἷπε
1650 5526 1907 5599 ψυχικὸν,

2014 4731 2103 4780 est
2133 4703 2360 4795 primus
2391 4720 2567 4774 homo
2626 4714 2812 4771 Adam
2866 4712 2927 4767 in
2976 4708 3237 4763 animam
3290 4703 3594 4758 viventem.
3631 4721 3655 4753 io

2014 4816 2128 4870 Nec
2160 4811 2416 4873 difﬁdas,
2477 4806 2689 4878 inquit,
2741 4802 2885 4875 quin
2935 4804 3139 4854 nostra
3193 4809 3443 4867 corpora
3497 4807 3658 4847 nunc

2013 4901 2295 4959 animalia
2334 4900 2531 4954 futura
2559 4896 2678 4951 sint
2708 4888 3041 4965 spiritualia
3074 4887 3241 4959 :jam
3287 4884 3445 4940 enim
3478 4883 3656 4950 huius

2015 5008 2175 5049 nunc
2208 4985 2745 5045 demonstrationes
2775 4980 3083 5036 habemus.
3112 4978 3256 5031 Nam
3289 4972 3475 5029 Adam
3512 4966 3654 5024 lani-

2015 5080 2170 5136 male
2188 5070 2963 5144 habebatcorpus.Cbristus
2977 5082 3111 5122 vero
3127 5061 3432 5137 spirituale
3449 5057 3662 5113 habuit

2017 5183 2251 5239 corpus.
2285 5164 2443 5235 quod
2467 5168 2649 5217 totam
2687 5159 2939 5231 Spiritus
2979 5154 3169 5211 sancti
3222 5148 3482 5220 suscepit
3512 5162 3664 5217 prae-

2021 5237 2277 5315 sentiain
2308 5272 2319 5309 :
2381 5254 2558 5322 idque
2598 5249 2941 5306 manifestat
2970 5260 3222 5300 manens
3256 5254 3433 5310 super
3464 5237 3663 5306 ipsum

2018 5347 2312 5404 columba.
2346 5346 2645 5410 Quatenus
2672 5340 2829 5395 enim
2853 5336 3137 5393 Dominus
3164 5336 3220 5385 et
3249 5334 3339 5384 est
3370 5332 3427 5381 et
3449 5323 3669 5379 intelli-

2021 5438 2176 5511 gitur
2201 5452 2330 5491 esse
2362 5434 2559 5495 homo,
2610 5429 2816 5485 habuit
2872 5421 3159 5481 Paracleti
3200 5416 3609 5490 operationem
3651 5428 3665 5466 :

2020 5506 2183 5596 atqui
2215 5540 2356 5579 suus
2386 5540 2454 5578 ac
2484 5520 2759 5591 proprius
2792 5522 2917 5572 erat
2946 5512 3213 5584 spiritus,
3243 5513 3539 5579 quatenus
3572 5506 3667 5557 est

332 5680 380 5715 ⁸⁸
410 5676 517 5734 Job
545 5693 657 5745 11v,
688 5684 742 5751 4,
774 5682 805 5733 5
834 5691 951 5735 sec.
985 5679 1152 5739 LXX.
1230 5677 1275 5713 ⁵⁸
1305 5680 1446 5739 Gen.
1476 5697 1515 5738 ιι
1546 5685 1599 5739 7.
1672 5680 1717 5715 "'
1747 5680 1911 5740 Joan.
1944 5696 2017 5750 Vl,
2048 5682 2135 5738 64.
