4068 6254
385 355 503 421 887

1509 353 1928 418 CECUMENII
1974 355 2275 420 TRICCIE
2320 357 2669 423 EPISGOPI

3695 361 3804 423 888

388 512 458 553 ac
488 491 846 565 intelligitur
875 506 1008 546 esse
1052 491 1228 546 Deus.
1288 488 1703 547 Animadverte
1762 498 1960 547 autem
1993 498 2051 549 et

2176 490 2319 556 ιύτὸς
2352 494 2472 549 εἶπε
2519 494 2813 564 ζωοποιόν.
2873 527 2939 539 -
3000 495 3300 569 [ΜΕΘΟΔ.]
3361 499 3546 567 Σῶμα
3601 493 3806 572 λέγεται

387 585 664 657 spiritum
695 597 825 637 esse
857 579 1250 635 viviﬁcantem
1278 596 1290 633 :
1326 596 1581 652 cumque
1605 588 2047 653 expeteretser—

388 674 586 731 monis
611 670 955 728 consecutio
988 674 1054 723 ut
1085 668 1345 723 diceret:
1390 691 1418 717 ‹‹
1455 670 1516 725 in
1547 671 1823 742 spiritum
1854 673 2047 729 viven-

390 769 532 826 tem,
558 783 586 812 ι)
612 762 765 818 sicut
785 759 855 816 de
880 759 1125 815 animali
1150 759 1398 815 dixerat.
1433 783 1459 809 »
1482 762 1547 815 ln
1570 763 1832 817 animam
1856 764 2049 818 viven-

388 859 530 918 tem,
567 873 591 902 ι
629 853 752 924 ipse
809 850 993 905 dixit:
1054 872 1081 897 α
1114 849 1544 905 Viviﬁcantem.
1591 882 1659 892 -—
1693 853 1914 924 Corpus
1947 853 2047 907 di-

392 946 548 1002 citur
577 942 906 1016 spirituale.
957 956 1079 996 non
1136 940 1356 995 subtile
1416 947 1518 996 aut
1576 943 2051 1010 aereum,veluti

395 1033 601 1090 dicunt
622 1030 1107 1101 quidam.nempe
1139 1029 1296 1100 quod
1319 1030 1534 1085 animae
1558 1031 1673 1086 tale
1709 1048 1921 1104 corpus
1954 1050 2053 1089 ac-

410 1121 632 1193 cipient
661 1119 719 1172 in
750 1118 1182 1174 resurrectione
1230 1135 1485 1189 quorum
1519 1136 1677 1174 unus
1731 1121 2012 1192 Origenes
2040 1139 2055 1192 ;

403 1209 504 1266 sed
537 1207 846 1280 spirituale
868 1206 1089 1262 dicitur
1118 1206 1276 1278 quod
1309 1224 1545 1263 omnem
1581 1209 1832 1282 percipit
1859 1210 2052 1282 Spiri-

402 1308 499 1359 tus
531 1301 1140 1372 sanclioperationem
1159 1317 1225 1355 ac
1261 1302 1811 1373 participationem:
1844 1320 2053 1374 quem-

399 1391 722 1449 admodum
754 1407 855 1446 vas
904 1390 1241 1461 appellatur
1271 1393 1568 1448 vinarium
1601 1399 1704 1448 aut
1764 1392 2055 1449 oleariam

401 1481 558 1555 quod
583 1481 685 1536 illa
706 1481 768 1537 in
791 1496 853 1535 se
877 1481 1104 1551 recipit.
1132 1480 1540 1537 Pariformiter
1563 1499 1698 1555 ergo
1718 1488 1778 1538 et
1797 1483 2056 1563 animale

400 1571 631 1629 vocavit
661 1570 819 1644 quod
842 1587 948 1643 per
977 1571 1240 1628 animam
1265 1577 1322 1627 et
1357 1589 1475 1628 non
1505 1589 1613 1645 per
1642 1574 1919 1646 spiritum
1967 1573 2057 1629 in-

404 1660 729 1718 habitatur.
776 1690 845 1700 -
874 1659 1002 1715 Alio
1028 1660 1209 1716 modo.
1244 1660 1467 1732 Corpus
1522 1667 1763 1718 vocatur
1789 1662 2063 1734 spiritua-

404 1750 483 1818 le,
518 1749 659 1822 quia
688 1747 971 1819 deinceps
1002 1749 1421 1820 {corruptionis
1468 1749 1831 1821 ponderibus
1862 1750 2062 1822 subje-

2152 583 2542 655 πνευματικὸν,
2575 584 2635 638 οὐ
2674 583 2736 639 τὸ
2774 582 3109 657 λεπτομερὲς
3162 585 3250 639 καὶ
3310 581 3579 659 ἀερῶδες,
3635 586 3804 649 καθὼς

2155 669 2376 748 λέγουσί
2405 694 2565 741 τινες,
2612 675 2695 730 δτι
2754 677 3000 728 τοιοῦτον
3054 674 3107 727 αἱ
3138 674 3310 752 ψυχαὶ
3346 672 3395 727 ἐν
3425 678 3501 746 τῇ
3536 674 3804 730 ἀναστάσει

2156 758 2429 836 λήψονται
2460 768 2640 838 σῶμα,
2673 764 2746 818 ὧν
2805 765 2946 819 ἐστιν
3009 765 3087 824 εἷς
3145 763 3236 818 καὶ
3297 760 3612 839 Ὠριγένης,
3675 762 3809 820 ἀλλὰ

2157 853 2523 924 πνευματικὸν
2577 849 2791 928 λέγεται
2848 852 2911 907 τὸ
2970 856 3189 928 χωροῦν
3250 858 3422 909 πᾶσαν
3486 857 3593 908 τοῦ
3661 855 3811 927 ἁγίου

2162 940 2476 1015 Πνεῦματος
2540 941 2640 1010 τήν
2717 940 2985 1015 ἐνέργειαν
3071 942 3160 996 καὶ
3253 941 3579 1005 κοινωνίαν,
3641 941 3811 1018 ὥσπερ

2163 1028 2382 1104 οἰνηρὸν
2440 1031 2530 1085 καὶ
2589 1027 2848 1105 ἐλαιηρὸν
2906 1035 3096 1094 σκεῦος
3159 1027 3415 1086 καλεῖται
3497 1030 3567 1085 τὸ
3616 1030 3813 1086 tova

2166 1118 2503 1195 χωρητικόν.
2541 1118 2857 1198 ’Δναλὸγως
2890 1117 2981 1174 οὖν
3039 1120 3129 1174 καὶ
3185 1119 3424 1194 ψυχικὸν
3478 1119 3733 1188 ἐκάλεσε,
3764 1123 3819 1175 τὸ

2162 1216 2229 1279 τῆ
2286 1212 2441 1286 ψυχῇ
2526 1209 2615 1263 καὶ
2674 1209 2735 1265 οὐ
2807 1210 3076 1280 ΙΙνεύματι
3120 1209 3255 1284 ἀγῖῳ
3318 1207 3814 1282 διοικουμενον.-ο

2165 1297 2412 1360 Ἀλλιος.
2458 1299 2826 1371 Πνευματικὸν
2886 1296 3047 1354 καλεῖ
3103 1302 3283 1370 σῶμα.
3336 1298 3401 1353 τὸ
3459 1298 3671 1371 μηκέτι
3715 1304 3817 1362 τοῖς

2171 1387 2450 1463 βαρήματι
2482 1395 2583 1457 τῆς
2624 1392 2829 1468 φθορᾶς
2862 1387 3194 1456 ὗποπῖπτον,
3245 1386 3395 1443 ἀλλὰ
3451 1387 3529 1463 τῇ
3564 1388 3823 1467 ἀφθαρσίᾳ

2166 1476 2257 1532 καὶ
2304 1468 3042 1552 δόξππερικεκοσμτωένον.
3106 1477 3245 1551 Sir-.5
3300 1477 3392 1533 οὗν
3456 1480 3495 1548 ἡ
3559 1480 3703 1549 αύτὴ
3740 1478 3823 1534 ἆν-

2170 1565 2381 1621 ἷσταται
2414 1566 2675 1638 μετὰτοῦ
2718 1565 2883 1623 αὐτοῦ
2942 1567 3252 1641 σχήματος,
3318 1564 3520 1640 μηκέτι
3582 1566 3646 1620 τὸ
3704 1565 3825 1644 φρό-

2168 1677 2319 1727 νημα
2348 1654 2586 1735 φέρουσα
2615 1656 2677 1710 τὸ
2710 1656 2968 1730 ἐμπαθὲς,
3001 1651 3149 1710 ἀλλα
3204 1654 3267 1710 τὸ
3325 1659 3423 1709 τοῦ
3481 1654 3821 1727 Uva-314110;,

2172 1745 2335 1801 οἱονεὶ
2392 1745 2531 1820 πρὸς
2590 1743 2930 1820 ἐνδοξοτέραν
2993 1739 3418 1816 μεταϐάλλουσα
3476 1745 3823 1815 κατάστασιν,

407 1843 567 1895 ctum
600 1853 720 1892 non
752 1836 883 1903 crit,
941 1836 1047 1891 sed
1102 1836 1545 1908 incorruptione
1578 1837 1728 1894 575
1778 1842 1849 1893 et
1877 1837 2063 1911 gloria

2176 1835 2261 1891 καὶ
2297 1834 2665 1910 ὑψηλονὲραν,
2698 1834 2775 1899 ὡς
2830 1833 3067 1909 εἴρηται,
3134 1841 3235 1904 τῆς
3291 1834 3684 1900 ταπεινώσεως
3733 1843 3825 1906 τῆς

418 1934 715 1987 ornatum.
738 1927 959 1984 Eadem
979 1943 1114 2001 ergo
1137 1944 1272 1983 caro
1294 1945 1428 1984 cum
1454 1929 1659 1985 eadem
1675 1931 1862 2003 ﬁgura
1875 1947 2066 1986 resur-

416 2020 521 2093 git,
540 2034 782 2074 sensum
808 2032 1019 2089 gerens
1042 2033 1161 2071 non
1174 2018 1430 2090 amplius
1453 2018 1786 2088 subjectum
1809 2020 2067 2075 affectio-

413 2107 612 2173 nibus,
631 2106 734 2162 sed
750 2105 993 2177 spiritus
1016 2107 1483 2177 operationibus,
1508 2114 1573 2161 ut
1593 2125 1727 2179 quas
1760 2109 1833 2164 ad
1856 2109 2070 2182 glorio-

412 2197 633 2252 siorem
664 2211 731 2249 ac
762 2194 1187 2250 sublimiorem
1222 2196 1527 2252 transierit
1555 2198 2066 2267 constitutionem,

412 2291 479 2341 ut
505 2285 726 2341 dictum
751 2290 882 2338 est:
903 2292 1258 2357 consumpta
1278 2286 1372 2339 vili
1407 2288 1787 2358 corruptione
1811 2305 1845 2343 a
1867 2288 2066 2359 splen-

416 2374 557 2431 dore
602 2373 1090 2444 incorruptiouis.
1133 2397 1159 2423 ‹‹
1194 2377 1506 2430 Extremus
1535 2376 1721 2432 Adam
1778 2377 1837 2431 in
1894 2377 2066 2450 spiri-

412 2469 540 2521 tum
584 2463 998 2518 vivificantem.
1060 2483 1088 2512 ‹‹
1123 2464 1241 2519 Hoc
1269 2465 1555 2537 scriptum
1615 2482 1734 2520 non
1794 2472 1902 2533 est,
1962 2465 2067 2521 sed

416 2553 574 2626 quod
608 2552 992 2625 consequitur
1023 2552 1167 2608 dicit
1204 2558 1487 2624 tanquam
1542 2555 1830 2627 scriptum
1890 2562 2064 2609 esset.

417 2645 535 2698 «At
563 2659 684 2698 non
715 2642 971 2715 primum
1008 2642 1167 2713 quod
1199 2643 1525 2714 spirituale.
1556 2666 1583 2693 υ
1617 2644 1728 2699 Sed
1760 2659 1880 2698 non
1904 2644 2069 2714 prius

416 2733 639 2790 factum
671 2739 762 2789 est
787 2732 1116 2804 spirituale,
1166 2733 1269 2788 sed
1301 2733 1579 2789 animale.
1614 2735 1742 2789 Non
1803 2750 1973 2789 casus
2003 2750 2071 2788 ac

2176 1929 2377 2004 φθορᾶς
2431 1925 2534 1980 ὑπὸ
2584 1931 2683 1994 τῆς
2744 1923 3138 2000 λαμπρότητος
3204 1931 3303 1994 τῆς
3370 1924 3686 2002 ἀφθαρσίας
3734 1926 3824 1980 ἀν-

2176 2016 2504 2087 αλωθείσης.
2568 2041 2588 2066 ι
2649 2015 2707 2069 '0
2773 2009 3004 2094 ἔσχατος
3062 2012 3245 2087 Ἀδὰμ
3298 2014 3373 2076 εἷς
3431 2019 3660 2088 πνεῦμα
3692 2021 3825 2086 ζωο-

2181 2110 2394 2162 ποιοῦν.
2439 2128 2467 2158 ››
2518 2106 2695 2162 Τοῦτο
2754 2103 2815 2159 οὐ
2874 2102 3193 2181 γέγραπται,
3254 2102 3399 2159 ἀλλᾶ
3453 2105 3523 2161 τὸ
3582 2105 3721 2160 κατᾶ
3772 2104 3827 2161 τὸ

2176 2194 2478 2250 ἀκόλουθον
2510 2194 2828 2269 γενόμενον,
2861 2193 2936 2256 ὡς
2984 2194 3362 2269 γεγραμμένον
3392 2193 3586 2273 φησίν.
3623 2218 3649 2246 ιι
3682 2193 3826 2250 Ἀλλ’

2179 2283 2240 2339 οὐ
2298 2288 2512 2358 πρῶτον
2574 2283 2636 2338 τὸ
2694 2284 3081 2355 πνευματικόν,
3120 2307 3148 2332 »
3232 2280 3387 2337 Ἀλλ’
3480 2284 3552 2338 οὖ
3619 2287 3819 2357 πρῶτον

2175 2375 2366 2449 γέγονε
2419 2372 2482 2427 τὸ
2538 2371 2929 2443 πνευματικὸν,
2997 2369 3143 2427 ἀλλὰ
3187 2372 3248 2426 τὸ
3307 2371 3572 2446 ψυχικόν.
3633 2372 3698 2429 Ἠ
3727 2372 3818 2447 γὰρ

2175 2468 2271 2518 τοῦ
2300 2465 2540 2537 ψυχικοῦ
2570 2459 2835 2524 ἔκπτωσις
2865 2460 2954 2516 καὶ
3013 2455 3344 2532 παράϐασις,
3402 2469 3506 2529 τῆς
3564 2483 3624 2518 τε
3676 2460 3813 2517 Euv-

2177 2553 2511 2627 θρωπῆσεως
2597 2551 2867 2625 πρόφασις
2951 2549 3156 2628 γέγονε,
3237 2549 3326 2605 καὶ
3412 2549 3512 2605 τοῦ
3572 2552 3809 2619 iugoin:

2178 2639 2393 2715 σώματι
2450 2639 2541 2694 τὸν
2609 2638 2738 2695 Θεὸν
2793 2639 2997 2714 Λόγον,
3057 2639 3114 2695 ’ὸν
3171 2640 3262 2694 καὶ
3317 2637 3473 2719 λέγει
3536 2640 3800 2716 πνευματῇ

2181 2730 2294 2786 κόν.

417 2823 780 2895 trangressio
821 2821 1098 2878 animalis
1160 2822 1391 2878 occasio
1451 2823 1562 2878 fuit
1613 2822 2065 2890 incarnationis,
2110 2828 2293 2893 utque
2325 2820 2560 2892 corpori
2589 2820 2863 2876 uniretur
2893 2820 3048 2876 Deus
3115 2820 3383 2889 verbum,
3446 2822 3596 2895 quod
3641 2822 3791 2878 etiam

421 2908 566 2966 dicit
595 2910 925 2982 spirituale.

491 3026 608 3090 XT.
641 3027 831 3082 “~50.
869 3050 890 3075 ι
927 3027 1160 3082 Primus
1191 3028 1370 3083 homo
1429 3027 1500 3082 de
1553 3032 1710 3084 terra
1760 3033 2073 3095 terrenus;

421 3139 450 3169 ‹‹
477 3116 775 3174 secundus
796 3116 973 3172 homo
1000 3117 1123 3187 ipse
1150 3117 1438 3174 Dominus
1453 3117 1524 3173 de
1548 3118 1715 3174 cmlo.
1736 3119 1937 3183 Qualis
1961 3124 2074 3174 ter~

421 3230 450 3261 ιι
478 3223 679 3269 renus.
705 3206 855 3262 tales
877 3211 937 3261 et
969 3206 1187 3264 terreni
1220 3222 1234 3262 :
1286 3212 1346 3262 et
1373 3208 1568 3278 qualis
1599 3208 1877 3275 cmlestis,
1926 3208 2077 3264 tales

427 3317 457 3349 ‹‹
492 3300 551 3351 et
570 3295 860 3352 caelestes.
885 3295 952 3350 Et
978 3295 1479 3366 quemadmodum
1496 3299 1852 3370 gestavimus
1875 3298 2078 3370 imagi-

421 3407 451 3435 ‹‹
474 3399 611 3438 nem
633 3382 1247 3454 terreni,gestabimus
1263 3385 1653 3456 etimaginem
1673 3387 2078 3443 cmlestisﬂoc

2256 3024 2318 3080 Ὀ
2348 3020 2567 3098 πρῶτδς
2608 3021 2893 3094 ἅνθρωπος
2946 3021 3006 3077 ἐκ
3061 3030 3169 3098 γῆς
3225 3026 3441 3099 χοΐκὸς,
3486 3026 3511 3079 6
3568 3021 3778 3096 δεύτερος

2186 3111 2474 3187 ἄνθρωπος
2509 3155 2524 3182 ,
2583 3113 2610 3167 6
2661 3112 2868 3187 Κύριος
2925 3110 2977 3183 ἐξ
3035 3111 3290 3184 οὐρανοῦ.
3341 3115 3476 3175 Οἷος
3535 3115 3562 3169 6
3604 3112 3790 3188 χοίκὸς,

2186 3202 2428 3256 τοιοῦτοι
2507 3200 2597 3256 καὶ
2657 3201 2708 3255 οἱ
2765 3201 2970 3276 χοϊκοί.
3037 3201 3143 3258 Καὶ
3192 3202 3307 3267 οἶος
3365 3204 3392 3258 6
3497 3203 3806 3277 ἐποορὰνιος,

2188 3297 2435 3349 τοιοῦτοι
2468 3293 2557 3348 καὶ
2615 3291 2666 3346 οἱ
2724 3291 3058 3367 ἐπουράνιοι.
3119 3293 3224 3350 Καὶ
3275 3293 3458 3356 καθὼς
3513 3293 3810 3373 ἐφορὲσαμεν

2189 3383 2288 3450 τήν
2341 3383 2522 3437 εἰκόνα
2572 3386 2670 3438 τοῦ
2719 3386 2933 3452 κοῖκοῦ,
2982 3384 3285 3457 φορὲσομεν
3346 3383 3434 3439 καὶ
3494 3386 3595 3454 τὴν
3655 3382 3813 3437 εἶκόνα

428 3492 454 3527 ο
471 3476 669 3527 autem
692 3470 843 3535 dico,
866 3471 1099 3535 fratres,
1123 3472 1279 3542 quod
1307 3490 1443 3528 caro
1463 3479 1522 3527 et
1543 3475 1781 3546 sanguis
1798 3476 2064 3547 regniDei

2181 3476 2279 3528 τοῦ
2328 3473 2677 3546 ἐπουρανίου.
2737 3474 2919 3528 Τοῦτο
2976 3468 3035 3526 δε
3078 3494 3250 3545 φημι,
3310 3470 3563 3551 ἀδελφοὶ,
3597 3474 3677 3530 δτι
3706 3474 3813 3548 σὰρξ

426 3558 875 3616 «hmreditatem
894 3561 1180 3631 consequi
1202 3577 1324 3617 non
1340 3568 1612 3632 possunt,
1644 3579 1837 3633 neque
1868 3580 2072 3620 corru-

428 3672 450 3701 c
475 3649 599 3721 ptio
630 3647 1211 3720 incorruptibilitatis
1261 3650 1669 3706 haereditatem
1703 3653 1936 3723 accipit.
1969 3675 1998 3703 ››

492 3764 737 3837 Expleto
769 3764 841 3820 de
872 3766 1307 3821 resurrectione
1351 3783 1642 3835 sermone,
1676 3767 1751 3823 ad
1804 3769 2074 3826 exhorta-

421 3856 646 3912 tionem
683 3855 861 3922 venit,
907 3859 972 3909 ut
1023 3855 1287 3914 studiose
1344 3865 1792 3925 conversentur,
1852 3866 1911 3915 et
1941 3860 2073 3915 ait:

423 3946 608 4001 Adam
636 3963 705 4002 ex
742 3955 896 4000 lerra
924 3951 1068 4002 erat.
1106 3947 1238 4001 ideo
1269 3954 1328 4002 et
1368 3952 1643 4003 terrenus
1689 3956 1835 4015 erat,
1870 3950 1928 4005 id
1963 3955 2071 4017 est,

418 4036 627 4108 gravis.
647 4034 954 4089 Secundus
977 4052 1108 4092 vero
1126 4036 1307 4093 Adam
1325 4038 1449 4109 ipse
1467 4039 1752 4095 Dominus
1775 4039 1849 4094 de
1884 4040 2030 4096 caelo
2058 4057 2070 4094 :

423 4139 560 4178 nam
590 4122 845 4178 cmleslis
872 4125 1169 4179 eratDeus
1206 4125 1477 4181 Verbum.
1512 4128 1861 4200 Quanquam
1912 4128 2072 4183 enim

418 4226 642 4281 corpus
673 4211 860 4282 ipsius
884 4213 1153 4283 ejusdem
1185 4219 1311 4270 erat
1333 4214 1642 4271 nobiscum
1669 4216 2015 4273 substantia}
2040 4233 2074 4274 a

418 4301 830 4372 prmstantiore
864 4307 1088 4363 tamen,
1117 4317 1333 4374 nempe
1363 4304 1668 4361 divinitate
1701 4307 1844 4362 dicit
1874 4308 2069 4379 ipsum

419 4391 678 4447 caeleste.
699 4420 768 4431 —
796 4391 925 4446 Alio
947 4393 1126 4446 modo.
1166 4393 1401 4449 Primus
1423 4393 1601 4449 homo
1634 4401 1906 4450 terrenus
1925 4402 2069 4463 erat,

420 4496 541 4535 non
566 4479 749 4551 quiet
777 4485 935 4535 terra
956 4478 1278 4552 productus
1301 4481 1384 4537 ait
1403 4484 1504 4551 (ita
1526 4484 1685 4538 enim
1715 4501 1923 4540 omnes
1956 4492 2070 4540 ter-

421 4570 551 4625 reni
577 4576 735 4635 sunt,
757 4576 814 4624 et
845 4577 1134 4642 praeterea
1164 4571 1365 4628 nullus
1390 4574 1654 4629 accusari
1681 4581 1883 4647 posset
1912 4576 2011 4646 qui
2040 4593 2071 4632 e

422 4663 581 4715 terra
609 4659 925 4731 productus
957 4662 1155 4733 esset),
1189 4661 1292 4717 sed
1325 4662 1396 4717 de
1425 4668 1583 4719 terra
1614 4664 1777 4733 dicit,
1842 4664 1901 4719 id
1960 4671 2068 4734 est,

422 4752 695 4804 terrenus
716 4766 783 4805 ac
813 4750 1091 4819 carnalis,
1126 4757 1184 4806 et
1212 4756 1448 4809 terrena
1473 4754 1731 4826 sapiens.
1768 4755 2071 4812 Secundus

2183 3560 2273 3616 καὶ
2300 3562 2440 3634 αἷμα
2474 3558 2752 3635 βασιλείαν
2781 3564 2920 3616 Θεοῦ
2976 3558 3398 3634 κληρονομῆσαι
3458 3563 3525 3617 οὐ
3586 3560 3812 3618 δύναται.

2183 3650 2320 3707 Οὐδὲ
2348 3654 2382 3721 ἡ
2416 3652 2591 3731 φθορᾶ
2616 3653 2717 3721 τὴν
2749 3650 3044 3727 ἀφθαρσίαν
3075 3651 3434 3724 κληρονομεῖ.

2226 3774 2562 3852 ¹Πληρώσας
2616 3777 2708 3832 τὸν
2763 3777 2886 3853 περὶ
2943 3784 3044 3847 τῆς
3099 3776 3432 3840 ἀναστάσεως
3504 3778 3697 3853 λόγον,
3753 3779 3818 3840 εἶς

2183 3867 2491 3938 παραίνεσιν
2547 3864 2684 3937 ἧλθε
2739 3865 3022 3929 πολιτείας
3081 3866 3326 3942 ἀρίστης,
3386 3868 3479 3923 καὶ
3538 3889 3725 3943 φησιν⁸
3769 3869 3820 3926 Ὀ

2183 3954 2365 4030 ’Λδᾶμ
2395 3956 2455 4011 ἐκ
2483 3963 2586 4034 γῆς
2616 3958 2682 4025 ἦν
2705 3960 2994 4031 τοιγαροῦν
3027 3956 3116 4011 καὶ
3176 3957 3373 4034 χοϊκὸς
3422 3960 3515 4026 ἦν,
3566 3959 3822 4024 τουτέστι,

2183 4048 2375 4121 γήϊνος
2406 4046 2495 4101 καὶ
2558 4044 2726 4120 βαρῦς
2797 4045 2859 4102 Ὀ
2899 4042 2957 4100 δὲ
3011 4066 3073 4120 γε
3130 4042 3379 4116 δεύτερος
3433 4045 3613 4120 Ἀδᾶμ
3660 4049 3692 4103 ὁ
3725 4048 3825 4104 Κέ-

2184 4155 2301 4209 ριος
2334 4132 2385 4205 ἐξ
2418 4135 2667 4205 οὐρανοῦ.
2730 4133 2995 4209 Οὐράνιος
3025 4133 3126 4208 γὰρ
3159 4139 3186 4188 ὸ
3218 4133 3347 4196 Θεὸς
3400 4136 3598 4208 Λόγος.
3632 4137 3698 4192 Ei
3728 4136 3818 4211 γὰρ

2182 4223 2271 4277 καὶ
2313 4222 2374 4278 τό
2421 4226 2583 4295 σῶμα
2635 4221 2797 4278 αὐτοῦ
2856 4222 3152 4295 ὁμοούσιον
3217 4225 3374 4296 ἡμῖν,
3436 4222 3567 4281 ἀλλ’
3621 4224 3682 4280 ἐκ
3735 4227 3822 4280 τοῦ

2181 4312 2516 4383 κρείττονος.
2548 4312 2815 4379 τουτέστι,
2873 4315 2975 4376 τῆς
3032 4310 3311 4380 θεότητος,
3370 4311 3622 4388 οὖρένιον
3672 4312 3820 4369 αὐτὸν

2182 4399 2355 4478 λέγει.
2388 4434 2455 4442 -’
2486 4398 2734 4465 ἰλλλιος.
2786 4402 2848 4458 Ὀ
2907 4404 3123 4476 πρῶτος
3179 4398 3470 4475 ἄνθρώπος
3519 4406 3710 4479 γτςϊνος
3738 4403 3816 4472 ἦν,

2183 4489 2244 4544 οὐ
2274 4489 2338 4545 τὸ
2370 4488 2429 4544 ἐκ
2457 4496 2563 4564 γῆς
2596 4496 2881 4564 παρῆχθαι
2938 4490 3136 4563 (οὕτως
3191 4492 3292 4565 γαρ
3361 4493 3560 4555 πάντες
3618 4497 3816 4567 γτςΐνοι,

2180 4580 2271 4633 καὶ
2303 4577 2379 4634 ἔτι
2412 4579 2512 4635 οὐκ
2541 4578 2601 4634 ἂν
2628 4600 2712 4638 τις
2749 4578 3050 4634 αἰτιάσαιτο
3107 4580 3169 4635 τὸ
3226 4577 3286 4635 ἐκ
3342 4587 3449 4654 γῆς
3501 4585 3816 4658 παρῆχθαι),

2180 4665 2309 4723 ἀλλ’
2360 4667 2418 4723 ἐκ
2469 4671 2570 4742 γῆς
2620 4688 2776 4746 φησι,
2832 4670 3099 4737 τουτέστι,
3159 4672 3355 4745 γήϊνος
3409 4669 3499 4725 καὶ
3558 4671 3818 4745 σαρκικός,

2181 4757 2271 4812 καὶ
2311 4758 2457 4812 κάτω
2507 4763 2741 4833 φρονῶν.
2795 4759 2855 4815 Ὁ
2917 4755 2975 4812 δὲ
3030 4755 3298 4834 δεύτερος,
3362 4769 3655 4834 μετάρσιος
3704 4762 3820 4820 ὅλος

421 4854 557 4893 vero
590 4837 863 4893 sublimis
883 4844 1041 4896 totus
1073 4856 1141 4896 ac
1176 4843 1449 4911 cmlestis,
1482 4844 1764 4916 nullaque
1812 4851 2064 4902 terreno-

2177 4847 2266 4902 καὶ
2298 4846 2565 4920 οὐράνιος,
2599 4848 2688 4901 καὶ
2742 4844 2988 4920 μηδεμιᾷ
3019 4852 3129 4903 τῶν
3161 4847 3365 4924 γηΐνων
3421 4846 3616 4918 κηλῖδι
3675 4850 3817 4923 βαρο-

420 4944 555 4985 rum
587 4931 730 4982 nota
756 4933 1049 5000 gravatus.
1085 4931 1285 4996 Qualis
1314 4931 1495 5003 igitur
1523 4940 1650 4990 erat
1692 4935 1743 4990 is
1775 4935 1874 5008 qui
1915 4936 2069 5008 seip-

421 5037 552 5077 sum
583 5035 690 5092 per
719 5035 789 5075 ea
821 5036 951 5091 quae
995 5021 1204 5092 agebat
1264 5039 1331 5077 ac
1389 5024 1706 5087 sentiebat,
1769 5031 2070 5079 terrenum

417 5110 679 5167 reddidit
710 5127 723 5165 :
762 5109 907 5165 tales
942 5115 1118 5166 erunt
1146 5117 1204 5166 et
1230 5113 1326 5183 qui
1361 5113 1435 5168 ad
1463 5113 1650 5185 ipsius
1672 5115 2067 5171 imitationem

415 5203 634 5257 vivunt.
670 5200 781 5257 hoc
813 5204 903 5256 est
935 5201 1197 5255 terreni:
1242 5207 1300 5257 et
1350 5204 1628 5261 omnibus
1676 5206 1767 5260 bis
1827 5205 2067 5260 obnoxii

419 5291 856 5356 all'ectionibus,
887 5289 1103 5360 quibus
1146 5292 1442 5348 versimile
1503 5299 1591 5349 est
1645 5295 1886 5350 ail‘ectos
1939 5312 2065 5351 esse

421 5382 557 5437 illos
577 5382 677 5453 qui
713 5387 885 5438 terrae
914 5379 1140 5451 seipsos
1164 5379 1501 5437 afﬁxerunt.
1538 5385 1607 5438 Et
1638 5384 1831 5454 qualis
1866 5391 1991 5439 erat
2020 5385 2070 5439 is

424 5471 523 5540 qui
559 5487 724 5524 suam
759 5472 819 5526 in
862 5476 1019 5525 terra
1075 5471 1605 5532 conversationem.
1666 5474 1983 5528 sublimem
2015 5477 2074 5530 et

429 5558 726 5613 cmlestem
761 5575 1089 5630 puramque
1122 5560 1377 5614 instituit
1432 5561 1583 5615 570
1618 5562 1764 5617 tales
1810 5569 1986 5618 erunt
2015 5568 2074 5618 et

431 5646 532 5719 qui
566 5646 635 5700 ad
664 5646 1056 5701 imitationem
1079 5648 1332 5703 cmlestis
1365 5649 1522 5704 illius
1561 5650 1837 5718 instituti,
1883 5669 2070 5724 quan-

2177 4938 2422 5010 νόμενος.
2459 4938 2589 5000 Οἴος
2644 4941 2936 5012 τοιγαροῦν
2994 4938 3060 5007 ἧν
3119 4939 3146 4991 6
3202 4938 3398 5013 χοΐκὸν
3455 4936 3814 4995 ἑαυτὸνδι¹ὦν

2178 5027 2391 5105 ἐφρόνει
2448 5027 2537 5081 καῖ
2591 5022 2817 5099 ἔπραττε
2894 5030 3197 5101 κατστήσας
3236 5075 3250 5095 ,
3307 5032 3551 5084 τοιοῦτοι
3618 5028 3813 5085 ἔσονται

2179 5117 2268 5170 καὶ
2321 5117 2373 5170 οἱ
2415 5117 2551 5190 πρὸς
2604 5116 2836 5191 μ’μησιν
2914 5115 3119 5172 ἐκείνου
3183 5119 3429 5193 βιοῦντες
3461 5162 3474 5188 ,
3561 5119 3809 5183 τουτέστι,

2183 5207 2391 5282 χοϊκοΞ,
2425 5205 2513 5259 καὶ
2545 5207 2850 5284 πάσχοντες
2880 5206 2978 5261 ὅσα
3018 5207 3162 5269 εἰκὸς
3195 5209 3448 5287 πάσχειν,
3480 5209 3607 5270 τοὺς
3661 5226 3809 5283 προσ-

2181 5293 2502 5365 ηλώσαντας
2534 5295 2756 5356 ἑαυτοὺς
2793 5299 2871 5367 τῷ
2903 5296 3016 5372 χοί.
3073 5296 3167 5351 Καὶ
3229 5298 3350 5359 οἶος
3417 5298 3483 5368 ἧν
3540 5298 3569 5353 6
3631 5295 3812 5369 μετᾶρο

2181 5405 2294 5439 σιον
2327 5384 2416 5440 καὶ
2462 5385 2714 5460 οὐράνίον
2748 5386 2834 5440 καὶ
2903 5386 3137 5459 καθαρὰν
3169 5387 3269 5456 τήν
3339 5386 3426 5442 ἐπὶ
3497 5389 3600 5460 γῆς
3658 5386 3808 5440 αὗτοῦ

2180 5474 2460 5528 πολιτείαν
2518 5472 2910 5547 ἐνστησάμενος
2944 5518 2957 5543 ,
3016 5478 3258 5529 τοιοῦτοι
3352 5468 3566 5530 ἔσονται
3624 5473 3709 5528 καὶ
3761 5470 3805 5524 οἱ

2178 5562 2313 5638 πρὸς
2383 5562 2666 5637 ὁμοίωσιν,
2718 5563 2945 5626 καθόσον
3006 5562 3146 5618 ἐνέν
3204 5563 3514 5639 ἀνθρώποις
3572 5560 3799 5628 δυνατὸν,

2177 5651 2386 5723 ἐκείνης
2442 5654 2541 5722 τῆς
2628 5652 2879 5728 stipam-fon
2962 5649 3244 5733 διαγωγῆς
3318 5651 3796 5729 πολιτευσάμενοι,

3994 4838 3997 4957 γ

3994 5018 3997 5211 l

3994 5216 3997 5345 τ
