4068 6254
230 384 362 458 889

1161 389 1578 452 COMMENT.
1625 389 1705 452 IN
1750 385 2006 449 EPIST.
2053 385 2077 444 Ι
2121 383 2224 444 AD
2265 381 2634 443 COltINTH.

3531 377 3650 441 890

225 528 538 596 τουτξστιν,
602 523 916 598 ὶπουράνιοί
980 545 1040 580 τε
1095 519 1330 591 ἔσονται,
1397 523 1487 580 καὶ
1565 529 1674 581 τῶν
1733 524 1895 598 ἀξίων

2031 538 2139 576 .um
2171 521 2512 577 hominibus
2543 519 2826 592 possibile
2861 524 2967 585 est,
3031 518 3357 576 conversati
3423 517 3668 585 fuerint,

245 619 443 678 αὐτοῖς
487 636 660 691 γερων
705 614 1098 671 ἀπολαύσουσι.
1141 640 1168 666 «
1204 615 1334 675 Οἴος
1367 616 1394 670 6
1427 615 1642 688 χοϊκὸς,
1673 617 1913 669 τοιοῦτοι

246 711 342 765 καί
377 709 429 763 οἱ
459 707 669 782 χοϊκοί.
705 731 732 758 ››
764 708 918 768 Θῖος.
948 707 1138 779 φησὶν,
1165 707 1192 759 6
1223 706 1420 780 χοϊκός
1447 702 1646 778 Ἀδειμ,
1669 707 1912 760 τοιοῦτοι

241 795 461 855 ἔσονται
491 797 688 858 πάντες
723 797 773 850 οἳ
816 799 1023 868 γήϊνοι,
1072 795 1373 859 τουτέστιν,
1424 795 1475 849 οἱ
1527 796 1648 849 ὅλοι
1679 802 1778 862 τῆς
1807 801 1913 867 γῆς

243 885 399 950 ὅντες
440 887 530 942 καὶ
581 887 720 956 πρὸς
773 886 942 955 αῦτῆν
999 884 1366 958 ἐπτονημὲνοι
1399 887 1793 948 ἀποθανοῦνται
1825 885 1915 939 τὸν

237 978 444 1047 νοητὸν
505 977 728 1030 θίνατον
785 975 879 1030 τὸν
940 971 1030 1028 διὰ
1103 981 1203 1042 τῆς
1261 973 1550 1049 ἁμαρτίας.
1615 974 1684 1031 Οἱ
1742 969 1798 1028 δὲ
1854 993 1917 1047 γε

248 1065 494 1141 μιμηταὶ
528 1065 813 1140 γινόμενοι
843 1067 1088 1138 Χριστοῦ
1145 1063 1283 1118 κατά
1337 1064 1429 1118 τὸν
1485 1060 1721 1126 Παῦλον,
1754 1056 1915 1116 ἔσον-

240 1178 338 1213 ται
370 1156 446 1218 ὡς
478 1155 506 1210 6
539 1154 882 1226 ἐπουρᾶνιος,
937 1150 1120 1213 καθὼς
1177 1151 1264 1206 καί
1326 1151 1630 1223 ἀνθρώποις
1681 1150 1914 1229 ἐφικτόν.

251 1271 275 1297 ι
313 1241 552 1316 Οἴδαμεν
609 1245 738 1317 γὰρ,
800 1242 958 1317 (ρασὶν
1018 1242 1072 1296 αἱ
1135 1239 1457 1308 Καθολικαὶ,
1515 1242 1598 1295 δτι
1632 1241 1718 1295 ἐὰν
1753 1244 1915 1316 φανῇ,

243 1334 442 1408 ὅμοιοι
490 1334 641 1406 αὐτῷ
681 1333 934 1406 ἐσόμεθα.
962 1356 990 1382 ››
1021 1365 1080 1374 —
1109 1355 1137 1383 «
1158 1331 1257 1386 Καὶ
1288 1332 1470 1392 καθὼς
1502 1329 1850 1410 ἐφορὲσαμεν.
1888 1354 1916 1381 ››

251 1426 536 1488 Τουτέστι,
599 1421 791 1482 Καθὼς
849 1421 916 1477 τὰ
973 1419 1153 1497 φαῦλα
1208 1418 1512 1495 ἐπράξαμεν
1569 1424 1754 1491 (ταῦτα
1814 1419 1915 1493 γὰρ

251 1515 419 1572 εἰκὼν
476 1516 574 1568 τοῦ
631 1513 876 1587 χοϊκοῦ),
933 1505 1234 1585 φορέσομεν
1291 1510 1381 1564 καὶ
1438 1513 1536 1577 τήν
1595 1509 1776 1564 είκόνα
1822 1513 1918 1563 τοῦ

250 1605 584 1681 ἐπουρανίου
690 1607 948 1678 Χριστοῦ,

243 1698 338 1753 καὶ
407 1693 645 1769 μιμηταὶ
705 1694 874 1748 αὐτοῦ
924 1693 1212 1766 γινόμενοι
1292 1692 1430 1747 κατᾶ
1488 1693 1551 1747 τὸ
1610 1692 1918 1766 ἐγχωροῦν.

243 1787 448 1849 Καθὼς
506 1787 596 1841 καὶ
655 1783 817 1847 αὐτὸς
875 1783 1132 1859 ἀλλαχοῦ
1197 1804 1358 1863 φησι,
1419 1807 1447 1834 ‹‹
1502 1781 1754 1853 Μιμηταί
1815 1803 1920 1854 μου

1048 1602 1345 1668 τουτέστιν,
1443 1601 1917 1677 ἀγαθοεργοῦντες,

2020 611 2131 665 hoc
2153 616 2258 670 est.
2286 610 2553 664 caelestes
2580 615 2779 664 erunt.
2807 614 2863 662 et
2886 609 3160 663 fruentur
3211 608 3403 679 dignis
3436 626 3497 663 se
3529 626 3674 681 pra--

2021 700 2176 754 miis.
2213 722 2239 749 ‹‹
2273 699 2472 765 Qualis
2503 705 2798 763 terrenus,
2833 697 2984 752 tales
3015 703 3073 753 et
3103 699 3344 752 terreni.
3383 719 3406 749 ν
3451 699 3673 764 Qualis,

2021 789 2234 860 inquit,
2257 797 2525 845 terrenus
2553 789 2733 844 Adam
2761 788 2909 843 tales
2934 793 3109 842 erunt
3140 804 3347 843 omnes
3395 789 3618 843 terreni
3654 805 3665 840 :

2023 880 2136 934 hoc
2158 880 2383 950 est,qni
2411 880 2511 935 toti
2543 897 2587 933 ει
2616 885 2682 932 nt
2735 879 2921 949 ipsius
2973 885 3142 932 terrae
3197 885 3256 932 et
3279 878 3329 932 ei
3364 877 3681 933 adhaeren-

2023 974 2333 1035 tes,morte
2353 968 2764 1026 intellectuali.
2797 985 2927 1039 qua":
2951 973 3190 1038 propter
3212 975 3518 1039 peccatum
3559 972 3667 1031 est,

2023 1052 2375 1108 morientur.
2397 1051 2610 1106 Christi
2635 1058 2831 1106 autem
2852 1050 3178 1105 imitatores
3210 1051 3383 1120 juxta
3422 1050 3668 1104 Paulum

2025 1146 2199 1196 erunt
2217 1147 2283 1196 ut
2305 1141 2564 1196 cmlestis
2583 1141 2704 1199 ille.
2729 1147 3024 1211 quatenus
3043 1139 3383 1195 hominibus
3432 1156 3643 1194 conces
3659 1169 3674 1178 -

2024 1248 2152 1287 sum
2172 1237 2282 1286 est.
2309 1254 2333 1280 ‹‹
2354 1231 2582 1287 Scimus
2607 1231 2790 1297 enim,
2830 1231 2996 1286 aiunt
3034 1230 3341 1284 catholicae
3382 1229 3678 1300 Epistolaa,

2023 1321 2179 1393 quod
2205 1322 2251 1376 si
2281 1322 2650 1393 apparuerit,
2681 1322 2906 1376 similes
2930 1322 2981 1375 ei
3021 1321 3240 1376 erimus
3286 1319 3354 1373 ⁵⁸.
3389 1339 3418 1371 ι
3451 1351 3514 1360 -
3549 1340 3576 1370 ‹‹
3611 1320 3681 1374 Et

2025 1412 2527 1482 quemadmodum
2554 1412 2927 1482 gestavimus.
2956 1433 2984 1460 ››
3013 1411 3127 1465 Hoc
3160 1416 3265 1468 est.
3319 1410 3472 1464 sicut
3503 1424 3678 1480 prava

2025 1501 2250 1571 operati
2277 1517 2502 1558 sumus.
2533 1517 2667 1556 nam
2695 1500 2800 1555 illa
2825 1506 2960 1554 sunt
2986 1502 3175 1571 imago
3207 1500 3451 1554 terreni.
3485 1505 3682 1570 gesta-

2024 1590 2223 1644 bimus
2251 1595 2308 1644 et
2333 1597 2391 1644 et
2412 1590 2729 1660 imaginem
2756 1589 3012 1645 cwlestis
3033 1590 3246 1644 Christi
3279 1607 3291 1642 :
3315 1591 3426 1643 hoc
3450 1588 3668 1644 est.bo-

2027 1695 2106 1734 na
2137 1685 2478 1750 operantes,
2512 1681 2762 1750 ejusque
2814 1680 2949 1734 facti
3009 1679 3337 1734 imitatores
3393 1684 3682 1747 quantum

2033 1768 2426 1824 conceditur:
2469 1768 2970 1839 quemadmodum
3005 1773 3062 1822 et
3115 1768 3241 1838 ipse
3300 1767 3442 1822 alibi
3493 1767 3683 1821 dicit:

247 1878 486 1954 γίνεσθε,
544 1875 723 1936 καθὼς
777 1873 932 1948 κάγὼ
1000 1876 1317 1948 Χριστοῦ.»
1379 1905 1443 1915 ——
1509 1895 1535 1924 «
1571 1872 1678 1940 Τήν
1741 1871 1919 1927 εἰκόνα

2031 1881 2057 1908 ‹‹
2081 1858 2417 1913 Imitatores
2439 1858 2554 1912 mei
2581 1864 2767 1912 estote
2792 1857 2944 1912 sicut
2967 1864 3025 1911 et
3050 1873 3154 1926 ego
3177 1857 3387 1911 Christi
3437 1857 3501 1909 ⁵9.
3558 1879 3585 1905 ››
3617 1887 3685 1898 ---

257 1971 363 2022 τοῦ
395 1968 617 2042 χοῖκοῦ.
651 1988 680 2016 »
711 1964 774 2020 Ἣ
827 1963 986 2017 εἰκὼν
1040 1965 1136 2016 τοῦ
1203 1965 1400 2040 χοϊκοῦ
1432 1957 1628 2032 Ἀδὰμ,
1659 1959 1742 2026 τὸ,
1776 1983 1803 2012 ‹‹
1837 1965 1910 2029 Γῆ

246 2056 321 2122 εἴ,
355 2055 447 2111 καὶ
480 2054 558 2116 είς
606 2060 709 2131 γῆν
742 2049 1037 2127 ἀπελεῦσῃ.
1074 2076 1102 2103 ››
1160 2053 1225 2107 Ἠ
1280 2049 1438 2106 ε“κὼν
1469 2054 1566 2106 τοῦ
1597 2049 1916 2121 ἐπουρανίου

244 2149 518 2210 Χειστοῦ,
580 2146 616 2213 ἡ
676 2141 736 2197 ὲκ
802 2145 1002 2216 νεκρῶν
1086 2141 1372 2206 ἀνάστασις
1446 2139 1536 2194 καὶ
1621 2139 1911 2214 ἀφθαρσία.

241 2235 445 2297 υῦτως
501 2233 529 2286 ὁ
589 2231 641 2287 ἐν
699 2229 874 2306 ἁγίοις
933 2227 1204 2294 Μεϐόδιος
1265 2229 1316 2284 ἐν
1377 2234 1457 2301 τῷ
1523 2229 1650 2304 Περὶ
1691 2228 1915 2283 ἀναστά-

249 2345 390 2384 σεως
425 2321 579 2396 λόγῳ
663 2348 688 2371 u
725 2321 1044 2392 Φορὲσομεν
1105 2319 1195 2374 καὶ
1250 2321 1350 2389 τὴν
1409 2318 1586 2374 εἰκόνα
1615 2323 1713 2373 τοῦ
1748 2317 1914 2372 ἐπου-

256 2412 467 2488 ρανόυ,
500 2434 530 2463 ››
561 2409 658 2478 Τὸ,
691 2414 1030 2483 Φορεσομεν,
1089 2407 1134 2462 εἰ
1197 2409 1291 2481 μὲν
1325 2404 1413 2462 διᾶ
1442 2411 1556 2468 τοῦ,
1591 2428 1640 2472 ο,
1678 2407 1915 2482 βραχέος

249 2503 554 2582 γοαπτὲον,
620 2498 1016 2574 ποοαγόρευσίς
1071 2496 1212 2552 ἐστιν
1273 2497 1323 2567 ἐξ
1396 2495 1725 2558 ἀκολουθίας
1813 2493 1916 2566 λη-

249 2596 452 2671 φθεῖσα
481 2595 576 2646 τοῦ
612 2587 938 2664 μέλλοι-τος,
991 2589 1082 2643 καὶ
1139 2588 1494 2668 ἀποφάνσεως
1546 2589 1658 2659 ἅμα
1692 2583 1920 2658 δύναμιν

260 2681 576 2754 πληροῦσα,
630 2678 900 2745 τουτὲστι,
959 2677 1184 2738 Πάντως
1239 2678 1542 2756 φορὲσομεν
1595 2677 1693 2742 τήν
1740 2675 1920 2730 εἰκόνα

268 2773 372 2825 τοῦ
430 2767 755 2839 ἐπουρανίου,
817 2764 1000 2840 ὥσπερ
1063 2765 1393 2844 ἐφορέσαμεν
1450 2765 1542 2820 καὶ
1600 2767 1700 2834 τὴν
1740 2763 1920 2819 εἰκόνα

269 2862 370 2912 τοῦ
424 2861 632 2932 χοϊκοῦ.
694 2857 798 2914 Καὶ
860 2854 945 2926 ε’ῗη
1007 2853 1067 2910 ἃν
1127 2854 1287 2909 εἰκὼν
1344 2856 1440 2928 μὶν
1495 2858 1590 2909 τοῦ
1651 2859 1847 2929 χοϊκοῦ
1891 2855 1918 2910 ὁ

264 2949 512 3012 θάνατος,
572 2946 730 3000 εἰκὼν
792 2942 849 3000 δὲ
903 2949 1000 2999 τοῦ
1059 2943 1386 3019 ἐπουρανίου
1419 2946 1455 3014 ἡ
1502 2942 1787 3007 ἀνάστασις
1831 2942 1920 2996 καὶ

259 3039 296 3106 ἡ
331 3031 620 3112 ἀιρθαρσία,
659 3036 730 3088 "0
781 3055 840 3089 τε
891 3035 996 3109 γὰρ
1054 3031 1252 3105 Ἀδάμ,
1313 3030 1400 3087 διά
1455 3036 1556 3087 τοῦ
1584 3032 1808 3086 θανάτου
1841 3032 1916 3085 εἶ-

253 3125 555 3193 κονίζεται.
591 3122 764 3184 Αὐτὸς
793 3125 893 3199 γὰρ
952 3123 1042 3177 καὶ
1105 3127 1322 3197 πρῶτος
1354 3127 1460 3176 τῶν
1496 3120 1708 3187 ἄλλων,
1741 3120 1918 3181 off-cio;

255 3218 356 3270 τοῦ
387 3215 565 3267 θανεῖν
626 3214 838 3287 γέγονε,
895 3213 986 3266 καὶ
1047 3213 1074 3267 6
1133 3211 1407 3280 Δεσπότης
1450 3212 1680 3282 Χριστὸς
1730 3207 1918 3280 πάλιν,

2037 1970 2063 1997 ‹‹
2093 1947 2414 2019 Imaginem
2440 1947 2678 2002 terreni.
2711 1971 2729 1992 ιι
2761 1949 2956 2018 Imago
3005 1947 3223 2000 terreni
3266 1945 3450 2001 Adam
3485 1951 3575 2000 est
3604 1946 3680 2000 il-

2036 2036 2170 2091 lud:
2197 2037 2905 2099 «Terraes,etinterram
2952 2035 3266 2089 reverteris
3311 2033 3378 2089 σο.
3431 2059 3450 2082 ι
3487 2034 3681 2107 Imago

2027 2125 2282 2180 caelestis
2327 2125 2540 2181 Christi
2581 2131 2639 2180 et
2689 2124 3044 2179 resurrectio
3094 2141 3161 2178 ex
3208 2123 3457 2180 mortuis
3493 2130 3550 2178 et
3598 2125 3687 2178 in~

2023 2215 2344 2285 corruptio.
2382 2216 2466 2269 Ita
2499 2215 2679 2269 habet
2710 2215 2878 2268 divus
2906 2213 3244 2269 Methodius
3277 2213 3427 2267 labro
3479 2215 3548 2268 De
3607 2230 3693 2268 re-

2039 2306 2400 2361 surrectione.
2435 2329 2456 2353 ιε
2486 2305 2856 2360 Gestabimus
2876 2312 2932 2358 et
2978 2305 3296 2375 imaginem
3347 2304 3624 2359 caelestis.
3663 2325 3690 2354 ››

2037 2394 2093 2448 Si
2120 2392 2680 2465 legatureopéaopev.
2711 2394 2771 2448 id
2812 2399 2920 2456 est,
2973 2393 3358 2465 gestabimus,
3405 2400 3470 2447 ut
3519 2411 3624 2463 per
3653 2409 3685 2446 ο

2028 2483 2202 2538 breve
2234 2481 2614 2537 scribendum
2647 2483 2744 2544 sit,
2778 2483 3126 2537 vaticinium
3156 2487 3244 2536 est
3277 2487 3576 2551 sumptum
3612 2498 3680 2536 ex

2027 2573 2456 2644 consequentia
2513 2573 2641 2644 ejus
2699 2573 2852 2644 quod
2909 2572 3172 2627 futurum
3232 2579 3338 2628 est.
3374 2573 3671 2642 simulque

2029 2664 2141 2718 vim
2178 2662 2374 2735 explet
2426 2668 2482 2718 et
2537 2662 2883 2717 assertionis
2927 2679 2939 2716 :
2996 2662 3106 2716 hoc
3139 2667 3247 2728 est,
3307 2662 3664 2716 Gestatimus

2029 2753 2274 2808 omnino
2297 2752 2612 2823 imaginem
2640 2751 2914 2810 cwlestis.
2939 2751 3092 2808 sicut
3129 2757 3483 2824 gestavnmus
3533 2751 3673 2804 ima-

2028 2843 2223 2917 ginem
2251 2843 2491 2898 terreni.
2518 2846 2585 2896 Et
2606 2859 2735 2897 esse
2759 2841 2992 2914 poterit,
3044 2841 3237 2912 imago
3280 2841 3520 2912 quidem
3555 2846 3676 2895 ter-

2029 2933 2404 2998 reni,mors:
2438 2933 2630 3004 imago
2665 2948 2800 2986 vero
2859 2931 3135 2996 cmlestis,
3195 2931 3549 2985 resurrectio
3609 2947 3674 2985 ac

2029 3021 2960 3094 incorruptio.EfﬁgiaturenimA
2975 3021 3106 3075 dam
3124 3038 3228 3092 per
3262 3027 3508 3076 mortem
3536 3037 3548 3086 ;
3587 3021 3674 3074 si-
3702 3022 3704 3024 ’

2030 3111 2268 3182 quidem
2288 3111 2413 3181 ipse
2431 3127 2664 3180 quoque
2684 3110 2910 3182 primus
2925 3110 3180 3165 fuitaliis
3211 3109 3502 3165 moriendi
3521 3110 3677 3180 prin-

2030 3201 2652 3272 cipium.Rursumque
2673 3199 2957 3254 Dominus
2985 3200 3253 3255 Christus
3275 3216 3381 3272 per
3412 3215 3676 3254 resurre-

262 3301 355 3360 8ιά
402 3308 506 3369 τῖς
561 3301 900 3362 ἀναστάσεως
955 3301 1044 3356 καὶ
1103 3307 1201 3369 τῆς
1259 3299 1552 3376 ἀφθαρσίας
1583 3299 1919 3367 εἷκονίζεται.

2039 3290 2295 3346 ctionem
2313 3289 2440 3344 etin
2461 3289 2965 3360 incorruptionem
2985 3289 3280 3362 efﬁgiatur
3307 3290 3447 3343 Nam
3463 3295 3521 3344 et
3552 3290 3676 3360 ipse

259 3393 438 3456 Αὐτός
495 3413 555 3448 τε
609 3392 714 3468 γάρ
773 3395 992 3462 πρῶτος
1051 3389 1244 3460 ἀνέστη
1325 3389 1503 3465 σαρκὶ,
1555 3390 1784 3458 νικήσας
1837 3388 1928 3443 τὸν

260 3482 512 3550 θάνατον,
565 3481 658 3535 καὶ
715 3484 798 3552 τῷ
852 3480 993 3556 γένει
1053 3479 1214 3534 παντὶ
1269 3483 1378 3533 τῶν
1450 3478 1750 3548 ἀνθρώπων
1826 3477 1924 3546 τήν

265 3572 556 3627 ἀνάστασιν
607 3568 699 3625 καὶ
755 3569 1052 3649 ἀφθαρσίαν
1113 3566 1403 3642 ἐπήγαγεν.
1438 3567 1500 3623 Εἰ
1533 3564 1589 3622 δὲ
1617 3567 1699 3630 τὸ,
1759 3567 1913 3646 (pupa.

267 3682 460 3733 σομεν,
495 3658 582 3715 διὰ
619 3663 828 3732 μακροῦ
859 3655 1125 3735 γραπτέον
1159 3657 1268 3712 ἐστὶ
1317 3659 1436 3718 τοῦ,
1495 3678 1560 3721 ω,
1609 3656 1924 3731 παραίνεσίς

265 3750 382 3806 ἔστι
414 3750 503 3805 καὶ
537 3743 825 3823 συμϐουλὴ
884 3745 968 3803 ἐπ’
1025 3748 1243 3818 ἀρετήν,
1292 3746 1380 3802 καὶ
1412 3740 1588 3802 ἔνθεον
1623 3744 1924 3805 πολιτείαν,

270 3838 618 3915 Φορέςωμεν,
699 3837 886 3916 φησὶν,
965 3834 1312 3908 ἐνδυσώμεθα
1386 3837 1486 3906 τήν
1573 3835 1757 3890 εἰκόνα
1828 3839 1925 3890 τοῦ

267 3929 622 4003 ἦτε-ιυρανίου.
677 3925 771 3983 ’ίνα
828 3927 1344 4000 κληρονομήσωμεν
1378 3928 1476 3996 τὴν
1531 3925 1778 4001 οὐράν.ον
1831 3926 1924 4002 βα-

272 4018 500 4074 σιλείαν.
558 4016 651 4074 Καὶ
685 4016 767 4082 ε““η
799 4016 858 4070 ἄν
913 4015 1073 4070 εἰκὼν
1136 4016 1230 4087 μὲν
1285 4013 1512 4070 ἐνταῦθα
1542 4019 1740 4090 χοϊκοῦ
1773 4014 1924 4089 λαμ-

266 4104 568 4179 ϐανομένη,
645 4106 700 4160 αἱ
759 4106 977 4179 πράξεις
1031 4105 1084 4158 αἱ
1146 4103 1400 4177 πονηραὶ,
1464 4103 1553 4159 καὶ
1641 4103 1925 4178 βρίθουσαν,

266 4197 409 4270 πρὸς
462 4196 530 4250 τά
583 4197 747 4269 γήϊνα
797 4194 882 4248 καὶ
945 4192 1174 4264 σαρκικά
1223 4193 1381 4264 πέθη.
1443 4194 1622 4249 Ταῦτα
1652 4193 1755 4268 γὰρ
1790 4211 1924 4265 μορ-

268 4295 368 4363 φοϊ
423 4285 515 4339 καὶ
572 4283 962 4358 χαρακτηρ’ζει
1019 4281 1110 4335 τὸν
1163 4278 1512 4352 ἁμαρτωλὸν,
1563 4279 1620 4341 ὅς
1655 4279 1764 4334 ἐστι
1795 4290 1923 4355 χοϊο

260 4374 386 4436 κός.
423 4373 595 4429 Εἱκὼν
627 4371 684 4427 ὀὶ
741 4369 1085 4444 ἐπουρανίου,
1142 4369 1203 4423 τὸ
1265 4369 1478 4444 ὑψηλὸν
1511 4369 1602 4423 καὶ
1636 4370 1920 4444 μετάρσιον

260 4473 367 4532 τῆς
426 4459 733 4529 πολιτείας,
790 4461 882 4514 καί
940 4461 974 4529 ἡ
1037 4465 1229 4528 κτῆσις
1286 4463 1394 4513 τῶν
1471 4457 1740 4533 οὐρανίων
1800 4457 1927 4533 ἀρε-

271 4574 413 4610 των.

345 4723 522 4792 Φησὶν
579 4721 673 4777 οῦν
731 4722 848 4792 ἅμα
899 4719 992 4774 καὶ
1073 4716 1359 4791 ἐντρέπων.
1439 4718 1767 4792 Φορέσωμεν
1825 4720 1926 4787 τήν

265 4814 457 4870 εἱκόνα
509 4817 606 4866 τοῦ
665 4809 1008 4884 ἐπουρανίου,
1079 4805 1722 4879 κτησώμεθιπολιτείαν
1758 4809 1927 4883 ὑψοῦ-

267 4925 366 4958 σαν
417 4905 562 4975 ἡμᾶς
620 4901 755 4971 πρὸς
811 4899 1061 4973 οὐρανόν.
1123 4895 1200 4954 Οό
1259 4896 1362 4971 γὰρ
1424 4897 1744 4971 αἱσχῦνεσθε
1804 4895 1929 4953 οῦδὲ

265 4991 690 5069 ἔγκαλῦπτεσθε,
747 4988 832 5045 ὅτι
888 4989 988 5057 τήν
1051 4987 1146 5060 μὶν
1206 4985 1387 5041 εἱκόνα
1415 4991 1512 5041 τοῦ
1544 4990 1744 5065 χοϊκοῦ
1791 5008 1927 5063 προ-

267 5082 459 5154 θῦμος
515 5079 872 5155 έφσρξσαμεν,
931 5077 1114 5130 καίτοι
1197 5079 1552 5130 κατασπῶσαν
1609 5077 1779 5147 ἡμᾶς,
1836 5077 1925 5131 καὶ

265 5179 371 5243 τῆς
405 5167 683 5246 βασιλείας
710 5171 810 5222 τοῦ
865 5170 998 5221 Θεοῦ
1057 5163 1300 5234 ἀναξίους
1331 5163 1756 5232 ἁποοαίνουσαν,
1791 5166 1925 5238 πρὸς

265 5259 327 5319 δὲ
355 5263 456 5326 τήν
488 5259 668 5313 ιὶκόνα
697 5260 792 5311 τοῦ
841 5253 1164 5328 ἐπουρανίου
1225 5249 1305 5308 ἔτι
1365 5251 1645 5327 μέλλομεν
1679 5256 1768 5308 καὶ
1800 5253 1925 5308 ἀνα-

265 5345 641 5420 6αλλόμεθα;
703 5341 1112 5413 Σπουδάσωμεν
1171 5341 1372 5412 ταύτην
1431 5339 1764 5409 ἐνδύσασθαι,
1804 5342 1930 5396 ταῦ-

262 5461 368 5509 την
427 5433 676 5506 ζηλῶσαι
734 5433 835 5500 τήν
902 5431 1148 5503 οὐράνιον
1209 5429 1512 5486 πολιτείαν.
1572 5429 1792 5492 ’Ἄλλως
1824 5431 1926 5505 γάρ

269 5527 373 5583 οῦκ
427 5522 505 5580 ἔνι
571 5527 756 5598 τυχεῖν
817 5527 916 5589 τῆς
985 5517 1235 5593 οὐρανίου
1297 5516 1598 5595 βασιλείας.
1664 5543 1692 5571 ι(
1750 5522 1925 5577 Τοῦτο

333 5695 384 5732 ⁵³
415 5695 433 5751 Ι
469 5695 632 5752 Joan.
674 5708 754 5761 in,
790 5693 843 5750 2.
876 5689 922 5726 ⁶⁹
951 5691 976 5750 Ι
1001 5689 1132 5748 Cor.
1166 5705 1245 5760 ιι,
1282 5692 1334 5746 1.
1365 5687 1412 5726 °°
1444 5689 1585 5748 Gen.
1619 5704 1700 5757 ut,
1737 5691 1826 5748 19.

2034 3379 2338 3450 primusin
2354 3394 2534 3433 carne
2549 3378 3046 3433 surrexitdevicta
3085 3385 3294 3441 morte,
3316 3385 3373 3433 et
3403 3379 3678 3433 universo

2033 3468 2343 3524 hominum
2365 3469 2566 3538 generi
2585 3467 3082 3524 resurrectionem
3097 3473 3157 3524 et
3173 3469 3575 3538 incorruption
3587 3483 3678 3522 em

2034 3557 2337 3614 stabilivit.
2367 3558 2425 3612 Si
2454 3574 2587 3612 vero
2645 3555 2984 3635 φορέσωμεν,
3044 3557 3155 3612 hoc
3213 3563 3303 3612 est
3359 3564 3679 3626 gestemus,

2032 3663 2138 3719 per
2166 3667 2211 3700 ω
2242 3663 2522 3720 maguum
2555 3647 2934 3703 scribendum
2967 3647 3062 3704 sit.
3099 3647 3430 3702 adhortatio
3480 3654 3569 3701 est
3625 3653 3683 3701 et

2032 3736 2346 3792 consilium
2371 3735 2446 3792 ad
2467 3737 2741 3792 virtutem
2764 3736 2837 3791 ad
2860 3736 3124 3791 divinam
3147 3736 3676 3790 conversationem.

2032 3825 2567 3895 Gestemus,inquit
2597 3823 3379 3895 siveinduamusimaginem
3399 3823 3676 3888 ca'lestis,

2032 3913 2368 3968 utcmlestis
2396 3913 2557 3984 regni
2578 3913 2987 3967 lizvreditatem
3011 3913 3392 3982 accipiamus.
3427 3914 3496 3965 Et
3521 3928 3679 3966 nunc

2032 4017 2158 4056 esse
2192 4000 2427 4071 poterit,
2463 4001 2654 4068 imago
2688 4000 2930 4070 quidem
2961 4001 3183 4056 terreni
3212 4018 3341 4071 qua)
3401 4001 3678 4064 sumitur,

2032 4106 2224 4161 prasz
2258 4091 2524 4145 actiones
2556 4089 2958 4160 deprimentes
2984 4089 3056 4154 ad
3088 4096 3351 4145 terrenas
3384 4095 3441 4144 et
3470 4105 3677 4144 carna-

2030 4179 2116 4234 les
2147 4180 2493 4234 at‘fectiones
2552 4180 2682 4234 Hinc
2712 4180 2860 4235 577
2901 4178 3060 4233 enim
3099 4179 3357 4252 ﬁgurant
3408 4197 3473 4233 ac
3532 4179 3683 4234 desi-

2029 4276 2607 4340 gnantpeccatorem
2641 4269 2742 4340 qui
2803 4275 3073 4322 terrenus
3121 4275 3239 4323 est:
3290 4269 3481 4341 imago
3541 4285 3676 4323 vero

2031 4360 2307 4426 scelestis,
2335 4360 2631 4415 excelsum
2665 4376 2731 4415 ac
2763 4359 3015 4414 sublime
3049 4359 3206 4431 quod
3258 4359 3319 4413 in
3372 4374 3683 4414 conversa-

2033 4449 2194 4506 tione
2225 4456 2334 4517 est,
2370 4454 2428 4506 et
2451 4449 2764 4522 acquisitio
2796 4448 3127 4507 cmlestium
3160 4448 3460 4504 virtutum.

2107 4720 2404 4792 Dicitergo
2419 4718 2596 4774 simul
2612 4719 2787 4774 etiam
2817 4717 3167 4775 adhortans:
3203 4717 3510 4774 Gestemus
3532 4718 3678 4774 ima-

2035 4810 2234 4882 ginem
2267 4809 2426 4863 illius
2458 4809 2734 4874 cmlestis,
2767 4795 3145 4878 acquiramus
3172 4807 3680 4864 conversationem

2038 4917 2168 4970 quze
2201 4917 2309 4953 nos
2340 4898 2413 4953 ad
2471 4898 2682 4953 cwlum
2743 4898 3023 4951 sublevet.
3091 4899 3294 4954 Utrum
3355 4898 3513 4952 enim
3563 4916 3678 4953 non

2037 4988 2384 5044 erubescitis
2410 5004 2602 5057 neque
2627 4987 3007 5044 occultamini
3062 4989 3164 5059 qui
3195 4988 3413 5043 terreni
3441 4989 3681 5058 quidem

2037 5077 2199 5131 illius
2256 5075 2571 5147 imaginem
2631 5082 2903 5146 prompto
2959 5076 3158 5131 animo
3234 5076 3678 5147 gestaverimus,

2037 5181 2378 5236 quanquam
2407 5181 2514 5218 nos
2536 5163 2812 5220 deorsum
2840 5166 3116 5226 traheret.
3141 5172 3318 5236 atque
3355 5181 3532 5237 regno
3581 5164 3679 5219 Dei

2037 5253 2307 5326 indignos
2325 5253 2658 5308 exhiberet:
2686 5254 2758 5308 ad
2785 5255 3105 5327 imaginem
3129 5263 3326 5310 autem
3351 5256 3514 5310 illius
3564 5272 3681 5309 c03—

2036 5343 2204 5399 lestis
2220 5343 2412 5397 adhuc
2436 5350 2784 5398 cunctemur
2801 5361 2866 5398 ac
2890 5344 3235 5398 diﬂ'eramus
3261 5344 3288 5399 ?
3329 5344 3681 5400 Studeamus

2037 5449 2104 5488 ac
2126 5433 2474 5486 festinemus
2492 5432 3365 5499 hancinduere,hancmmulari
3382 5434 3679 5489 cmlestem

2039 5521 2577 5588 ccnversationem;
2612 5539 2804 5594 neque
2836 5523 2994 5577 enim
3018 5522 3135 5577 alio
3169 5523 3343 5578 modo
3392 5524 3682 5597 contingit
