4068 6254
367 332 484 400 891

1490 333 1920 398 ωΟυΜΕΝῐῙ
1962 336 2266 403 ἸἬΙΟΟΛ
2311 342 2691 406 EPISCOPI.

3659 338 3807 411 892?

370 467 633 526 nancisci
657 482 904 541 regnum
931 466 1190 524 caeleste.
1227 490 1254 518 α
1291 469 1410 525 Hoc
1439 474 1636 525 autem
1699 469 1852 537 dico,
1901 469 2010 527 fra-

2148 471 2183 528 ῖέ
2206 497 2373 555 φημι,
2436 473 2684 557 ἀδελφοί.
2723 501 2743 526 ι
2798 476 2896 530 Δια
2950 476 3135 542 τοῦτο,
3193 469 3349 551 φησὶ,
3391 473 3577 525 ταῦτα
3608 468 3772 532 εἷπον,

372 565 511 616 tres.
549 560 930 630 «PrOpterea.
951 559 1167 630 inquit,
1200 559 1323 614 haec
1340 558 1482 616 dixi.
1512 567 1574 614 ut
1598 560 1838 616 discatis
1860 561 2018 632 quod

373 665 508 706 caro
533 648 872 720 etsanguis,
916 649 1026 703 hoc
1067 654 1175 707 est.
1201 666 1391 722 pravae
1425 650 1706 710 actiones.
1741 667 1860 706 non
1886 669 2019 722 pos-

377 737 1526 810 suntregniDeiconsequihaareditatem
1567 739 1627 794 ld
1659 741 1834 796 etiam
1862 741 2019 811 quod

375 829 493 884 ait:
519 828 638 882 Hoc
659 833 856 882 autem
881 827 1034 883 dico.
1059 827 1289 887 fratres.
1323 828 1397 883 ad
1431 829 1650 884 variam
1699 830 2024 901 accipietur

377 915 926 989 interpretationem
946 917 1074 987 ejus
1100 917 1255 988 quod
1285 919 1624 989 praecessit:
1658 941 1686 968 «
1719 917 2021 983 Quemad-

377 1005 619 1063 modum
641 1005 997 1078 gestavimus
1015 1006 1332 1077 imaginem
1362 1007 1607 1074 terreni,
1635 1006 2022 1081 gestabimus,

377 1097 494 1152 sive
517 1100 838 1168 gestemus,
863 1095 1181 1167 imaginem
1233 1097 1510 1151 caelestis.
1540 1118 1566 1145 ››
1601 1100 1709 1151 Aut
1740 1096 1898 1152 enim
1930 1111 2026 1151 ex-

382 1184 737 1242 hortationis
757 1184 874 1239 sive
898 1184 1132 1239 consilii
1155 1200 1334 1240 causa
1359 1186 1490 1241 erit.
1543 1191 1606 1240 ut
1658 1185 1736 1241 sit
1763 1202 1974 1241 sensus
2007 1200 2020 1240 :

381 1276 705 1346 Propterea
727 1289 826 1328 vos
844 1272 1136 1328 admoneo
1159 1290 1227 1328 ac
1239 1273 1459 1330 suadeo
1473 1275 1546 1330 ad
1561 1275 1687 1331 haec
1730 1275 2022 1341 facienda,

383 1370 448 1420 ut
468 1363 633 1436 regni
660 1361 914 1418 cwlestis
939 1362 1345 1420 hereditatem
1369 1364 1672 1433 accipiatis
1696 1381 1709 1419 :
1743 1365 2026 1438 quoniam

383 1452 651 1510 carnales
677 1457 735 1507 et
755 1452 1013 1524 quisuos
1035 1454 1282 1510 affectus
1329 1461 1680 1525 sequuntur,
1726 1454 1891 1527 regni
1924 1454 2026 1510 Dei

381 1543 790 1603 hereditatem
817 1559 936 1598 non
967 1544 1277 1616 accipient.
1312 1547 1510 1618 Neque
1543 1545 1702 1601 enim
1759 1544 2025 1602 uatarale

383 1639 486 1690 aut
509 1638 978 1689 consentaneum
1011 1639 1099 1688 est
1129 1639 1192 1691 ut
1223 1635 1322 1706 qui
1351 1635 1611 1707 seipsum
1644 1635 1909 1705 corrupit
1928 1637 2030 1688 aut

387 1722 812 1781 contaminavit
841 1722 1255 1780 immunditiis.
1280 1740 1486 1780 eorum
1509 1725 1754 1796 prmmia
1771 1723 2026 1780 hmredi-

382 1817 502 1868 tate
520 1811 820 1885 possideat
841 1812 940 1883 qui
979 1812 1394 1868 atTectionibus
1438 1819 1644 1869 carent
1690 1819 1792 1869 aut
1834 1813 1907 1868 ab
1939 1813 2024 1870 eis

385 1903 643 1973 corrupti
666 1917 785 1957 non
804 1907 961 1956 sunt.
989 1901 1042 1956 Si
1069 1918 1204 1957 vero
1228 1902 1338 1958 hoc
1359 1902 1763 1974 acceperimus
1811 1908 1878 1957 ut
1918 1919 2020 1958 ra-

386 1992 609 2047 tionem
631 1991 1140 2062 interpretationis
1163 1991 1313 2046 datas
1342 2008 1446 2062 per
1474 1990 1715 2047 modum
1752 1991 2027 2057 docendi,

387 2097 602 2152 nempe
629 2080 787 2152 quod
809 2081 1052 2134 omnino
1083 2081 1197 2134 erit
1248 2080 1624 2148 resurrectio,
1687 2081 1865 2136 etiam
1917 2081 2028 2137 hoc

386 2170 561 2228 modo
593 2185 866 2241 magnam
897 2169 1140 2224 habebit
1170 2169 2030 2241 consequentiam.Bationabi-

389 2261 508 2317 lius
531 2261 688 2316 enim
717 2265 807 2315 est
826 2264 912 2318 ut.
934 2260 1053 2315 Hoc
1083 2265 1282 2316 autem
1315 2259 1470 2320 dico.
1528 2262 2028 2316 resurrectionem

394 2356 656 2406 astruat:
690 2349 842 2404 Illud
873 2365 1032 2416 vero,
1065 2371 1094 2398 «
1129 2348 1542 2404 [hereditatem
1575 2351 1860 2422 consequi
1910 2367 2031 2405 non

390 2443 639 2512 possunt
658 2455 670 2503 ;
689 2458 714 2490 ι
741 2439 801 2494 in
826 2438 1106 2494 lationem
1127 2454 1462 2494 sermonem
1487 2446 1777 2496 sumatur.
1797 2439 1860 2495 ld
1874 2439 2032 2510 quod

391 2528 662 2592 moritur,
687 2528 1209 2598 haereditariojure
1232 2527 1604 2600 possidetur:
1630 2529 1787 2600 quod
1836 2535 2034 2584 autem

393 2619 550 2684 vivit,
583 2617 886 2690 possidet:
921 2634 1136 2690 corpus
1169 2617 1368 2688 itaque
1401 2617 1560 2688 quod
1591 2618 1862 2684 moritur,
1915 2633 2035 2672 non

392 2704 655 2776 possidet
680 2704 1186 2775 incorruptionem
1217 2719 1284 2758 ac
1315 2719 1562 2776 regnum
1591 2703 1872 2759 caelorum
1896 2719 1908 2756 :
1933 2703 2037 2759 sed

393 2793 588 2864 ipsum
620 2793 691 2847 ab
715 2792 806 2847 his
823 2792 1180 2863 possidetur,
1203 2797 1268 2847 ut
1314 2791 1417 2847 ﬂat
1463 2791 1913 2864 incorruptibile
1946 2808 2036 2847 re-

395 2880 612 2953 gnique
644 2881 1060 2952 susceptivum.
1094 2903 1120 2929 «
1158 2882 1356 2952 Neque
1401 2881 1700 2954 corruptio
1758 2881 2036 2936 incorru-

394 2968 730 3041 ptibilitatis
761 2967 1166 3025 hmreditatem
1199 2970 1470 3043 accipiet.
1507 2993 1528 3019 ι
1589 2969 2038 3043 Corruptionem

395 3057 624 3117 diciunt
652 3057 880 3119 vitium,
915 3063 1195 3130 tanquam
1223 3075 1612 3132 corrumpens
1629 3059 1843 3114 animm
1861 3074 2038 3131 gene-

392 3148 720 3206 rositatem.
755 3150 1136 3222 Nequaquam
1157 3166 1293 3223 ergo
1312 3149 1609 3222 corruptio
1630 3148 2039 3205 hereditatem

394 3236 933 3309 incorruptibilium
965 3237 1218 3309 accipiet
1244 3255 1313 3294 ac
1343 3237 1496 3296 578
1528 3238 1820 3294 honorum
1843 3237 2033 3313 regni,

395 3344 526 3399 quin
557 3343 793 3398 semper
824 3326 1034 3384 eodem
1065 3327 1240 3383 modo
1272 3333 1719 3384 conservantur.

465 3460 586 3526 XV,
621 3460 810 3515 51-53.
845 3462 978 3515 Ecce
1007 3463 1323 3531 mysterium
1347 3461 1496 3516 vobis
1524 3460 1667 3516 dico.
1712 3463 1828 3516 Non
1858 3473 2040 3516 omnes

395 3549 615 3622 quidem
647 3549 998 3617 dormiemus,
1033 3565 1217 3605 omnes
1273 3556 1452 3605 tamen
1509 3549 1925 3605 immutabimur
1981 3551 2038 3604 in

389 3645 602 3711 puncto
634 3642 909 3708 temporis.
943 3641 1001 3694 in
1033 3646 1298 3695 momento
1331 3639 1501 3700 oculi,
1532 3639 1590 3693 in
1611 3646 1854 3694 extrema
1886 3639 2040 3694 tuba.

404 3727 572 3784 Canet
601 3728 765 3790 enim.
790 3735 842 3783 et
872 3729 1079 3786 mortui
1134 3729 1548 3784 suscitabuntur
1602 3731 1932 3798 incorrupti.
1991 3733 2043 3784 et

399 3835 496 3875 nos
526 3818 959 3875 immutabimur.
993 3819 1218 3890 Oportet
1241 3821 1386 3876 enim
1415 3819 1774 3889 corruptibile
1804 3819 1902 3874 hoc
1961 3819 2044 3872 in-

401 3910 569 3966 duere
623 3911 1231 3984 incorruptibilitatem,
1281 3917 1334 3967 et
1387 3910 1618 3968 mortale
1670 3909 1770 3967 hoc
1817 3910 2046 3967 induere

401 4000 894 4058 immortalitatem.

473 4132 640 4200 Quod
669 4150 951 4192 arcanum
985 4138 1074 4192 est
1103 4134 1264 4192 dicit.
1300 4135 1573 4193 Ostendit
1621 4139 1819 4192 autem
1871 4149 2049 4206 quem

404 4238 542 4296 erga
572 4223 734 4295 ipsos
763 4230 929 4293 gerat
957 4240 1242 4289 amorem,
1276 4225 1592 4280 revelando
1626 4225 1710 4280 eis
1768 4239 1900 4294 qum
1959 4238 2046 4277 oc-

408 4312 568 4370 culta
598 4318 756 4368 sunt.
792 4337 817 4362 α
855 4315 978 4369 Non
1011 4329 1220 4368 omnes
1242 4314 1481 4384 quidem
1506 4314 1871 4370 dormiemus
1918 4331 1947 4361 ››
1971 4313 2053 4366 Ne

410 4401 484 4458 ob
506 4403 618 4459 hoc
671 4403 885 4473 inquit,
905 4403 978 4458 de
1004 4403 1438 4459 resurrectione
1460 4401 1718 4465 difﬁdas,
1742 4399 1902 4472 quod
1925 4416 2051 4454 mo-

405 4491 683 4546 riendum
716 4491 816 4555 sit,
846 4507 1179 4564 corpusque
1237 4489 1681 4546 dissolvendum
1718 4507 1731 4543 :
1778 4487 2054 4544 nonnulli

2121 563 2208 618 ἳνα
2240 565 2448 636 μάθητε
2480 555 2721 637 ὃτι-σὰρξ
2755 564 2842 619 καὶ
2900 565 3062 636 αἷμα,
3120 563 3423 628 τουτέστιν,
3464 560 3521 612 αἱ
3548 555 3778 631 πονηραὶ

2124 653 2364 728 πράξεις,
2399 654 2460 710 οὗ
2489 653 2734 710 δύνανται
2761 655 2860 722 τῆν
2897 651 3174 728 βασιλείαν
3205 653 3303 706 τοῦ
3334 653 3482 705 Θεοῦ
3513 646 3812 718 κληρονου

2129 750 2320 817 μῆσαι.
2346 777 2410 786 -
2436 747 2603 819 [ΦΩΤ
2632 747 2649 818 ]
2675 743 2775 800 Καὶ
2807 744 2891 811 τὸ,
2917 768 2943 793 ‹‹
2967 745 3143 799 Τοῦτο
3173 737 3231 794 δὲ
3261 761 3439 819 φημι,
3473 735 3736 810 ἀδελφοὶ,
3758 760 3784 786 ι)

2125 834 2259 907 πρὸς
2291 834 2390 902 τῆν
2451 833 2706 911 διάφορον
2766 832 3056 907 ἑρμηνείαν
3117 835 3237 899 τοῦ,
3297 827 3566 889 «Καθὼς
3600 827 3790 906 ἐσορὲ-

2127 943 2293 995 σαμεν
2323 926 2423 994 τὴν
2456 922 2636 979 εἰκόνα
2665 927 2762 978 τοῦ
2808 925 3024 997 χοϊκοῦ,
3057 919 3356 1000 φορέσομεν
3384 917 3421 987 ἢ
3460 916 3792 997 φορέσωμεν

2126 1011 2215 1067 καὶ
2289 1015 2386 1082 τήν
2465 1013 2646 1068 εἰκόνα
2719 1016 2816 1067 τοῦ
2868 1009 3209 1084 ἐπουρανίου,
3268 1006 3716 1087 ὲκληφθήσεται.
3771 1031 3794 1058 ιι

2128 1105 2196 1157 Ἥ
2244 1103 2344 1175 γὰρ
2390 1108 2492 1172 τῆς
2547 1107 2868 1179 προτροπῆς
2921 1099 3010 1154 καὶ
3066 1092 3388 1170 συμϐουλῆς
3425 1096 3586 1152 ἐστιν
3634 1094 3797 1165 αἰτία,

2127 1188 2211 1247 ὅτι
2289 1191 2388 1247 Δια
2457 1193 2618 1247 τοῦτο
2693 1194 2942 1264 παραινῶ
3019 1188 3146 1262 ὑμῖν
3221 1187 3310 1242 καὶ
3415 1179 3798 1258 συμϐουλεῦω

2126 1283 2294 1336 ταῦτα
2325 1285 2526 1344 ποιεῖν,
2579 1279 2670 1334 ἳνα
2721 1281 2820 1348 τῆν
2886 1281 2994 1333 τῶν
3045 1276 3287 1350 οὐρανῶν
3314 1272 3802 1350 κληρονομήσητε

2133 1366 2432 1444 βασιλείαν,
2485 1365 2625 1424 διότι
2683 1369 2735 1425 οἱ
2816 1366 3064 1440 σαρκικοὶ
3123 1364 3215 1420 καὶ
3272 1363 3578 1437 ἰμπαθεῖς,
3647 1363 3805 1438 βασι-

2129 1457 2280 1514 λείαν
2357 1461 2492 1514 Θεοῦ
2566 1458 2631 1513 οὗ
2690 1455 3226 1532 κληρονομήσουσιν.
3302 1453 3381 1511 Οό
3457 1453 3576 1528 γὰρ
3662 1453 3802 1507 ἐστιν

2131 1548 2285 1625 φύσιν
2341 1547 2375 1617 ἢ
2435 1545 2762 1602 ἀκολουθίαν
2823 1545 2972 1621 ἔχον,
3029 1542 3120 1599 ’ίνα
3181 1545 3209 1598 ό
3269 1542 3653 1616 καταφθείρας
3712 1541 3802 1596 καὶ

2129 1633 2557 1711 καταρρυπώσας
2632 1635 2818 1691 δαυτὸν
2888 1638 3032 1702 ,ταῖς
3094 1631 3474 1706 ἀκαθαρσίαις.
3550 1630 3626 1685 τὰ
3694 1634 3799 1684 τῶν

2130 1723 2350 1790 ἀπαθῶν
2407 1725 2498 1780 καὶ
2567 1726 2644 1798 μή
2717 1723 3165 1802 κπαφθαρέντων
3222 1725 3341 1781 τοῖς
3397 1720 3608 1775 πάθεσι
3672 1719 3804 1792 γὲρα

2136 1812 2556 1888 κληρονομήσῃ.
2616 1812 2686 1870 Εἴ
2766 1809 2824 1868 δὶ
2893 1817 2993 1878 τῆς
3079 1806 3427 1887 δογματικῶς
3493 1807 3809 1882 εἰρημένης

2137 1903 2427 1978 δρμηνείας
2483 1902 2656 1959 αἰτίαν
2713 1900 2843 1956 αὐτὸ
2927 1897 3306 1970 ἦκληψόμεθα,
3357 1897 3620 1953 τουτέστι
3681 1903 3805 1968 τῆς,

2133 1995 2217 2051 δτι
2277 1992 2424 2050 ἔσται
2480 1992 2691 2054 παντως
2747 1993 2783 2061 ἡ
2845 1991 3151 2052 ἀνάστασις,
3209 1986 3299 2042 καὶ
3355 1986 3534 2048 οὕτως
3571 1984 3803 2056 πολλὴν

2131 2086 2230 2154 τήν
2293 2081 2621 2140 ἀκολουθίαν
2677 2079 2800 2152 ἕξει.
2865 2078 3441 2156 Συλλογιστικώτερον
3515 2081 3630 2154 γὰρ
3719 2079 3803 2144 τὸ,

2135 2197 2164 2225 ‹‹
2188 2176 2367 2232 Τοῦτο
2399 2169 2456 2228 δέ
2486 2194 2651 2249 φημι,
2679 2195 2705 2222 ››
2726 2173 2826 2241 τήν
2851 2171 3128 2225 ἀνάστασιν
3160 2169 3245 2238 ε’ἰη
3279 2169 3340 2223 ἂν
3367 2167 3802 2237 κατασκευάζον.

2134 2263 2211 2320 Τὸ
2243 2263 2286 2318 δ’
2321 2264 2492 2326 ὃπως,
2525 2261 2578 2318 ἰν
2625 2267 2743 2324 τοῖς
2801 2259 3255 2333 πλατικωτὲροις.
3292 2280 3321 2308 ‹‹
3355 2257 3802 2330 Κληρονομῆσαι

2136 2353 2201 2408 οὐ
2234 2349 2504 2410 δύνανται.
2541 2375 2567 2402 n
2625 2352 2700 2409 Τὸ
2763 2351 3102 2418 ἀποθνῆσκον
3153 2347 3613 2421 κληρονομεῖται,
3648 2347 3710 2400 τὸ
3742 2341 3798 2399 δὲ

2139 2447 2242 2512 ζῶν
2276 2440 2635 2514 κληρονομεῖ.
2686 2441 2780 2496 Διὸ
2839 2439 2900 2495 οὐ
2954 2440 3016 2494 τὸ
3076 2438 3419 2506 ἀποθνῆσκον
3455 2440 3621 2508 σῶμα
3650 2433 3792 2503 κλη-

2139 2537 2361 2607 ρονομεῖ
2390 2533 2489 2600 τῆν
2521 2530 2820 2609 ἀφθαρσίαν
2873 2530 2962 2583 καὶ
3005 2530 3104 2599 τῆν
3167 2525 3448 2602 βασιλείαν
3478 2531 3588 2581 τῶν
3625 2525 3785 2598 οὐρα-

2137 2626 2268 2689 νῶν,
2327 2618 2453 2676 ἀλλ’
2517 2620 2648 2675 αὐτὸ
2709 2619 2813 2674 ὑπὸ
2865 2617 3072 2674 τούτων
3129 2615 3582 2688 κληρονομεῑται,
3624 2613 3696 2674 εἷς
3723 2612 3780 2667 τὸ

2137 2711 2378 2787 γενέσθαι
2410 2708 2681 2787 ἇσθαρτον
2711 2709 2802 2762 καὶ
2835 2705 3078 2762 δεκτικὸν
3108 2712 3207 2776 τῆς
3257 2703 3560 2780 βασιλείας.
3593 2730 3619 2755 ‹‹
3650 2699 3778 2760 Οὗδὶ

2140 2803 2175 2870 ἡ
2209 2800 2382 2880 φθορὰ
2419 2800 2518 2867 τῆν
2577 2799 2875 2876 ἀφθαρσίαν
2927 2795 3288 2870 κληρονομεῖ.
3320 2820 3349 2848 »
3383 2797 3590 2869 Φθορὰν
3625 2813 3763 2869 φησι,

2143 2891 2242 2959 τήν
2315 2890 2529 2954 κακίαν,
2606 2889 2680 2950 ὡς
2755 2887 3213 2963 καταφθείρουσαν
3303 2886 3366 2940 τὸ
3437 2891 3523 2951 τῆς
3585 2886 3753 2954 ψυχῆς

2143 2979 2374 3054 εὐγενὲς.
2432 2977 2546 3036 Οὐκ
2611 2977 2671 3032 ἂν
2739 2977 2830 3032 οὗν
2908 2979 2942 3046 ἡ
3018 2975 3192 3053 φθορά
3265 2973 3641 3048 κληρονομήσει
3688 2967 3750 3021 τὰ

2146 3066 2412 3147 ἄφθαρτα,
2471 3068 2560 3124 καὶ
2618 3067 2700 3122 ἀεὶ
2777 3064 3035 3128 ὡσαύτως
3112 3062 3309 3144 ἔχοντα
3364 3070 3465 3132 τῆς
3514 3056 3761 3135 βασιλείας

2073 3197 2114 3264 C
2147 3159 2337 3234 ἀγαθά,

2219 3461 2359 3521 Ἰδοὺ
2440 3461 2737 3534 μυστήριον
2814 3457 2940 3530 ὑμῖν
3016 3455 3184 3532 λέγω.
3262 3452 3466 3514 Πάντες
3565 3453 3658 3526 μὲν
3735 3444 3794 3504 οὗ

2147 3550 2624 3625 κοιμηθησόμεθα,
2754 3549 2944 3608 πάντες
3059 3542 3116 3602 δὲ
3216 3541 3643 3620 ἀλλαγησόμεθα
3746 3536 3794 3592 ἐν

2148 3641 2365 3712 ἀτόμῳ,
2445 3640 2496 3693 ἐν
2577 3638 2709 3712 ῥιπῇ
2789 3633 3102 3716 ὀφθαλμοῦ,
3158 3631 3211 3689 ἐν
3277 3636 3345 3704 τῇ
3405 3631 3610 3706 ἐσχάτῃ
3653 3625 3794 3684 σάλ-

2150 3751 2334 3808 πιγγι.
2394 3727 2660 3785 ΣαΛπίσει
2719 3726 2846 3802 γὰρ.
2897 3724 2989 3780 καὶ
3048 3724 3101 3778 οἱ
3158 3721 3336 3795 νεκροὶ
3411 3719 3800 3808 ἐγερθήσονται

2151 3805 2444 3892 ἄφθαρτοι,
2529 3815 2617 3870 καὶ
2703 3815 2867 3888 ἡμεῖς
2923 3811 3372 3888 ἀλλαγησόμεθα.
3434 3815 3526 3867 Δεῖ
3578 3809 3681 3884 γὰρ
3743 3805 3801 3862 τὸ

2153 3908 2388 3987 φθαρτὸν
2487 3905 2647 3962 τοῦτο
2751 3900 3070 3966 ἐνδύσασθαι
3143 3900 3464 3982 ἀφθαρσίαν,
3569 3897 3657 3954 καὶ
3748 3896 3806 3951 τὸ

2155 4000 2349 4071 θνητὸν
2377 3996 2538 4053 τοῦτο
2565 3993 2878 4059 ἐνδύσασθαι
2907 3993 3213 4050 ἀθανασίαν.

2226 4139 2566 4218 Ἀπνςῤῥητόν
2629 4159 2782 4208 φησι.
2845 4137 3086 4196 Δείκνυσι
3145 4133 3207 4192 δὶ
3259 4135 3360 4203 τῆν
3415 4135 3552 4210 πρὸς
3606 4132 3805 4194 αὐτοὺς

2157 4232 2395 4308 ἀγάπην,
2459 4229 2519 4286 In
2567 4233 2662 4283 τοῦ
2724 4226 3005 4302 απόῤῥητα
3060 4222 3245 4281 αὐτοῖς
3303 4221 3565 4296 ἐκλέγειν.
3602 4249 3627 4273 ι(
3665 4221 3804 4277 Ιιάνο

2156 4341 2246 4381 τες
2281 4321 2375 4394 μὶν
2427 4317 2488 4374 οὔ
2545 4316 3022 4390 κοιμηθησόμεθα.
3060 4338 3088 4365 ν)
3145 4315 3234 4383 Mi)
3265 4310 3356 4368 διὰ
3405 4315 3591 4379 τοῦτο,
3624 4312 3808 4389 φησῖν,

2159 4409 2372 4465 ἀπίστει
2429 4411 2498 4479 τῇ
2550 4406 2851 4472 ἀναστάσει,
2912 4401 3000 4458 δια
3049 4403 3112 4458 τὸ
3173 4399 3397 4474 μέλλειν
3442 4399 3807 4469 ἀποθνήσκειν

2161 4498 2250 4555 καὶ
2311 4496 2646 4553 διαλύεσθαι.
2697 4494 2814 4551 Εἰσὶ
2873 4494 2973 4566 γὰρ
3025 4510 3164 4553 τινες
3228 4489 3352 4546 τότε
3402 4489 3808 4560 εὑρισκόμενοι,

409 4579 568 4634 enim
603 4586 740 4636 tunc
776 4581 1149 4652 reperientur
1170 4580 1271 4651 qui
1303 4595 1376 4634 ne
1409 4581 1742 4635 moriantur
1786 4577 2038 4650 quidem

2161 4582 2216 4640 οἳ
2248 4583 2310 4640 οὖ
2346 4584 2422 4657 μή
2456 4582 2815 4643 ἀποθάνωσιν,
2868 4575 2996 4634 ἀλλ’
3043 4577 3195 4649 ὅμως
3246 4575 3349 4632 οὐκ
3374 4572 3590 4643 ἀρκέσει
3623 4572 3809 4634 αὐτοῖς

406 4675 671 4724 attamen
693 4669 806 4725 hoc
826 4685 948 4726 non
976 4670 1118 4726 satis
1143 4669 1256 4725 erit
1276 4669 1394 4724 illis
1409 4669 1482 4724 ad
1499 4668 2051 4730 ressurrectionem,

405 4757 523 4814 nisi
557 4757 946 4814 immutentur
968 4765 1028 4815 et
1067 4760 1140 4814 ad
1189 4758 1695 4816 immortalitatem
1722 4762 2051 4814 transeant.

407 4846 479 4900 Et
496 4845 996 4916 quemadmodum
1015 4848 1166 4904 nihil
1189 4848 1310 4903 illis
1331 4849 1562 4904 confert
1581 4846 1656 4904 ad
1678 4846 2056 4903 resurrectio-

413 4951 552 4992 nem
579 4950 702 4990 non
733 4936 904 5000 mori,
932 4938 1014 4991 ita
1044 4954 1236 5010 neque
1269 4937 1440 4994 nobis
1471 4937 1710 4996 nocebit
1743 4938 1917 4994 mori.
1942 4937 2058 4993 Alii

411 5041 548 5081 vero
567 5024 922 5083 aiuntillum
941 5026 1188 5082 dixisse:
1215 5029 1340 5083 Non
1372 5027 1838 5095 dormiemus,de
1886 5027 2062 5100 longa

411 5121 623 5176 morte,
646 5114 813 5188 quasi
829 5131 999 5171 corru
1011 5117 1209 5188 ptione
1226 5133 1294 5173 ac
1307 5117 1696 5174 dissolutione
1709 5134 1856 5190 opus
1880 5123 2055 5173 esset.

414 5204 715 5279 Siquidem
733 5206 792 5260 in
807 5204 1152 5263 indivisibili
1169 5205 1285 5262 sive
1302 5214 1520 5279 puncto
1552 5207 1858 5280 temporis,
1910 5213 1968 5262 et
1995 5207 2060 5263 in

416 5301 717 5351 momento
750 5295 907 5351 oculi
940 5296 1058 5351 sive
1089 5295 1252 5352 uictu
1283 5301 1342 5352 et
1370 5305 1524 5352 motu
1584 5298 1898 5368 subitoque
1946 5297 2062 5352 im-

413 5389 552 5456 petu
584 5391 641 5439 et
669 5385 821 5440 mori
854 5391 912 5440 et
942 5401 1268 5459 resurgere,
1293 5401 1366 5441 ne
1386 5385 1805 5442 dormitionem
1821 5385 2062 5458 quidem

419 5490 548 5528 esse
577 5474 800 5530 dicunt.
838 5497 866 5524 «
899 5479 960 5529 In
996 5481 1215 5548 puncto
1276 5476 1579 5546 temporis,
1640 5476 1702 5530 in
1759 5481 2062 5531 momento

421 5558 600 5615 oculi.
628 5583 654 5608 ››
689 5563 778 5616 An
809 5578 883 5616 ne
914 5563 1094 5618 etiam
1128 5563 1236 5618 hoc
1270 5562 1441 5618 modo
1469 5562 1801 5636 intelligere
1828 5561 2066 5618 licebit?

421 5645 527 5702 sed
544 5662 731 5718 pauca
753 5655 890 5704 ante
920 5650 1288 5708 intellectum
1312 5651 1608 5707 narranda
1625 5657 1781 5707 sunt.
1807 5653 2067 5723 Evange-

2163 4674 2325 4728 τοῦτο
2351 4656 2449 4730 νε¹ς
2507 4668 2608 4735 τῆν
2662 4665 2971 4730 ἀνάστασιν,
3031 4662 3118 4718 ἐὰν
3182 4662 3259 4736 μή
3291 4657 3579 4733 ἀλλαγῶσι
3609 4659 3702 4714 καὶ
3732 4656 3810 4719 εἰς

2163 4758 2450 4823 ἀθανασίαν
2507 4753 2727 4812 ἔλθωσι.
2791 4752 2886 4809 Καὶ
2945 4750 3126 4827 ὥσπερ
3184 4749 3403 4811 ἐκείνοὶς
3442 4749 3507 4804 οὗ
3560 4743 3811 4821 συμϐαλ-

2166 4846 2320 4905 λεται
2351 4847 2485 4920 πρὸς
2544 4847 2644 4913 την
2700 4843 2980 4899 ἀναστασιν
3038 4841 3100 4896 τὸ
3159 4842 3236 4916 μὴ
3295 4839 3606 4905 ἀποθανεῖν,
3640 4836 3810 4896 οὕτως

2169 4935 2298 4993 οόδὲ
2322 4939 2471 5009 ἡμᾶς
2519 4933 2721 5010 βλάψει
2774 4929 2836 4987 τὸ
2894 4931 3199 4986 ἀποθανεῖν.
3233 4925 3436 4986 Ἀλλοι
3469 4923 3524 4981 δὲ
3555 4927 3641 4991 τὸ,
3681 4947 3701 4974 ι
3735 4924 3810 4982 Οὖ

2167 5023 2649 5098 κοιμηθησόμεθα,
2702 5045 2728 5071 ι)
2781 5018 2932 5096 φασὶ,
2986 5018 3108 5092 περὶ
3159 5019 3258 5072 τοῦ
3318 5018 3528 5090 μακροῦ
3587 5014 3810 5078 θανάτου

2169 5114 2328 5171 αὐτὸν
2361 5113 2634 5188 εἴρηκέναι
2675 5109 2813 5166 ὥστε
2878 5111 3080 5186 φθορᾶς
3134 5104 3226 5160 καὶ
3284 5101 3582 5164 διαλυσεως
3614 5099 3813 5173 δεηθῆ-

2169 5223 2273 5262 ναι.
2324 5202 2396 5259 Τὸ
2453 5201 2557 5277 γὰρ
2615 5197 2666 5255 ἐν
2724 5199 2937 5272 ἀτόμῳ,
2995 5194 3162 5272 ἤγουν
3221 5192 3272 5248 ἐν
3331 5194 3560 5267 στιγμῇ.
3593 5190 3649 5246 ἂν
3683 5191 3811 5267 ῥιπῇ

2171 5290 2482 5365 όσθαλμοῦ,
2513 5288 2685 5366 ἤγουν
2743 5291 2883 5366 φορᾷ
2940 5285 3028 5340 καὶ
3081 5284 3315 5352 κινήσει.
3367 5281 3455 5335 καὶ
3500 5282 3647 5355 ὁρμῇ
3682 5281 3815 5334 ἀπο-

2171 5385 2343 5438 θανεῖν
2400 5381 2491 5435 καὶ
2549 5382 2863 5449 ἀναστῆναι,
2922 5373 3050 5431 οὐδὲ
3119 5372 3380 5445 κοίμησιν
3439 5372 3574 5427 εἶναι
3633 5391 3812 5444 φασιν.

2174 5495 2202 5523 ‹‹
2231 5473 2317 5528 Ἐν
2348 5469 2561 5541 ἀτόμῳ,
2611 5467 2663 5523 ἐν
2718 5467 2851 5543 ῥιπῇ
2910 5461 3222 5542 ὀφθαλμοῦ.
3256 5484 3284 5512 »
3344 5461 3485 5534 ’Ἀρα
3519 5461 3594 5532 μή
3628 5457 3700 5514 ἔνι
3727 5457 3812 5512 καὶ

2173 5559 2348 5623 οὕτως
2386 5561 2574 5626 νοῆσαι
2601 5579 2615 5628 ;
2665 5557 2831 5631 μικρᾶ
2859 5553 2916 5610 δὲ
2945 5548 3366 5631 προαφηγητέον
3395 5553 3492 5604 τοῦ
3517 5551 3809 5620 νοήματος.

2171 5648 2235 5706 Ὀ
2267 5643 2655 5722 εὐαγγελιστής
2686 5643 2965 5712 Ἰωάννης,
2997 5637 3160 5718 φησὶν
3212 5633 3264 5693 ἂν
3423 5632 3809 5707 Ἀποκαλύψει,
