4068 6254
304 337 433 409 893

1300 340 1699 405 COMMENT.
1746 343 1833 404 IN
1879 341 2127 403 EPIST.
2173 340 2197 401 Ι
2241 340 2347 401 AD
2392 336 2757 401 CORIN’I‘H.

3613 338 3751 404 8M7

312 474 381 532 τὸ
411 472 575 537 τέλος
608 479 724 537 τοῖς
780 472 1112 550 ἀνθρώποις,
1168 474 1244 550 μή
1308 474 1394 552 ὑφ’
1447 473 1503 531 ’ἄν
1557 480 1720 531 πᾶσιν
1776 472 1970 553 ἐπάγει

2089 474 2228 531 lista
2245 474 2498 531 Joannes
2520 473 2603 529 ait
2622 474 2681 528 in
2702 471 3052 544 Apocalypsi
3074 471 3120 510 ⁶¹
3172 472 3352 530 finem
3383 474 3729 533 hominibus

317 566 464 625 σθαι,
499 564 647 620 ἀλλά
675 565 808 619 κιτά
842 563 1006 638 μέρος
1037 562 1177 638 ἐλέῳ
1236 570 1396 635 Θεοῦ,
1441 565 1532 620 ἳνα
1584 568 1691 621 τῶν
1737 565 1973 637 πρώτων

316 651 746 725 ἀπολλυμένων,
801 654 853 709 οἱ
915 652 1431 728 ὑπολιμπανόμενοι
1486 659 1566 727 τῷ
1652 649 1809 732 φόϐῳ
1864 655 1972 709 τῶν

312 742 821 816 προαναλωθὲντων
853 744 928 807 εἷς
974 745 1259 817 μετάνοιαν
1306 738 1527 809 ἔλθωσι.
1590 745 1746 820 Λέγει
1801 740 1858 798 δὲ
1910 743 1974 798 τὸ

321 831 510 907 δόγμα
536 837 699 887 τοῦτο
730 832 782 888 ἐν
806 836 875 906 τῇ
908 832 1063 889 λύσει
1090 840 1192 903 τῆς
1242 828 1488 906 ἑϐδόμης
1537 830 1831 910 σφραγῖδος
1876 832 1974 888 τοῦ

325 916 572 997 βιϐλίου.
605 928 698 977 Ὧν
733 922 912 984 οὕτως
954 922 1212 997 ἑχόντων,
1237 924 1450 993 νοήσεις
1481 922 1544 977 τὸ
1571 947 1597 973 ιι
1627 924 1711 979 Ἐν
1736 921 1973 996 ἀτόμῳ»

312 1014 432 1079 καί,
468 1033 492 1058 α
525 1012 613 1067 Ἐν
836 1010 1150 1091 ὀφθαλμοῦ,
1188 1034 1215 1063 ιι
1272 1011 1409 1066 κατά
1464 1014 1648 1065 κοινοῦ
1705 1009 1973 1084 εἰρῆσθαι,

315 1100 411 1157 καὶ
456 1100 592 1176 πρὸς
648 1100 715 1155 τά
768 1097 862 1156 δύο
921 1100 1200 1173 ἁρμόζειν,
1262 1098 1358 1155 ’ἱνα
1414 1099 1450 1175 ᾖ
1516 1098 1709 1161 οὕτως·
1772 1100 1973 1160 Πάντες

320 1190 424 1265 μὶν
527 1190 591 1246 οὗ
687 1189 1168 1263 κοιμηθησόμεθα,
1245 1190 1362 1245 οἷον
1437 1188 1847 1263 ἀποθανούμεθα
1921 1186 1974 1245 ἐν

316 1280 530 1353 ἀνόμῳ.
634 1278 684 1335 ἐν
764 1280 897 1354 ῥιπῇ
974 1278 1284 1357 ὀφθαλμοῦ,
1360 1277 1451 1336 διά
1523 1280 1585 1335 τὸ
1661 1280 1795 1336 κατὰ
1873 1278 1971 1353 μὲο

319 1389 418 1444 ρος
451 1368 739 1442 ἐπάγεσθαι
780 1369 842 1423 τὸ
896 1367 1079 1436 τέλος,
1130 1371 1266 1425 κατά
1301 1368 1393 1426 τόν
1445 1370 1612 1446 λόγον
1661 1377 1762 1438 τῆς
1806 1370 1972 1424 Ἀπο-

316 1458 631 1533 καλῦψεως.
698 1457 887 1521 πάντες
948 1459 1127 1530 μέντοι
1213 1458 1641 1534 ἀλλαγησόμεθα
1723 1458 1775 1515 ἐν
1853 1457 1973 1514 ἀτό·

318 1569 439 1622 μῳ,
493 1547 546 1602 ἐν
603 1547 737 1622 ῥιπῇ
797 1546 1108 1623 ὀφθαλμοῦ,
1166 1547 1219 1604 ἐν
1270 1552 1340 1623 τῇ
1404 1549 1610 1624 ἐσχάτῃ
1679 1550 1969 1625 σάλπιγγι.

316 1638 396 1694 Αἱ
458 1636 553 1710 μὶν
608 1638 709 1713 γὰρ
762 1641 975 1709 πρῶται
1035 1636 1335 1713 σάλπιγγες
1390 1638 1527 1695 ἱπτά
1599 1635 1753 1693 οὖσαι
1833 1636 1972 1691 κατά

315 1726 425 1795 τήν
456 1724 850 1799 Ἀποκάλυψιν,
893 1727 996 1783 οὐκ
1052 1726 1316 1803 ἆγείρουσι
1361 1727 1489 1790 τοὺς
1533 1725 1773 1799 νεκροὺς,
1824 1723 1972 1781 ἀλλὰ

317 1813 646 1872 συντελοῦσι
700 1815 829 1878 τοὺς
881 1814 1223 1891 ἀνθρώπους.
1275 1820 1337 1874 Ἣ
1393 1815 1450 1874 δὶ
1495 1814 1781 1873 τελευταία
1836 1814 1972 1870 σάλ-
2004 1850 2049 1915 Β

323 1906 482 1978 πιγξ,
513 1908 664 1959 ποιεῖ
688 1905 789 1975 τήν
822 1924 881 1959 τε
936 1901 1139 1980 ἔγερσιν
1194 1905 1283 1961 καῖ
1338 1906 1437 1974 τήν
1497 1903 1803 1977 ἐναλλαγὴν
1859 1908 1969 1958 τῶν

319 1993 435 2067 ἤδη
467 1994 807 2051 ἀναστάντων
870 1995 921 2050 ὲν
979 1996 1172 2069 ἀτόμῳ
1218 1996 1309 2052 καὶ
1368 1996 1421 2052 ἐν
1475 1995 1621 2073 ῥοπῇ
1683 1993 1970 2073 ὀφθαλμοῦ

319 2083 419 2140 σὺν
445 2088 513 2158 τῇ
554 2085 747 2143 κτίσει.
808 2084 904 2139 Καὶ
960 2086 1061 2160 γάρ
1119 2086 1209 2140 καὶ
1267 2087 1301 2155 ἡ
1358 2085 1529 2147 κτίσις
1593 2082 1970 2158 ἀλλαγήσεται

308 2180 417 2243 τῆς
449 2177 678 2252 φθαρᾶς,
709 2172 787 2235 εἷς
814 2175 914 2241 τήν
945 2171 1249 2248 ἐλευθερίαν
1282 2181 1380 2243 τῆς
1413 2172 1573 2247 δόξης
1598 2178 1707 2228 τῶν
1766 2172 1968 2228 τέκνων

304 2268 413 2319 τοῦ
468 2266 624 2331 Θεοῦ,
657 2263 833 2324 καθὼς
880 2262 931 2318 ἐν
961 2266 1031 2335 τῇ
1063 2263 1200 2336 πρὸς
1232 2262 1535 2337 Ῥωμαίους
1589 2264 1757 2317 εἶπεν.
1820 2286 1848 2314 ιι
1882 2262 1969 2316 ἐν

307 2350 529 2425 ἀτόμῳ.
565 2376 591 2400 ιο
622 2351 722 2409 Καὶ
757 2352 819 2407 τὸ
851 2349 1151 2426 παράδοξόν
1191 2373 1377 2427 φησιν,
1430 2351 1513 2407 ὅτι
1558 2354 1790 2406 τοσαῦτα
1842 2349 1968 2404 θαύ-

312 2463 462 2518 ματα
501 2440 554 2497 ἐν
581 2440 850 2515 ἀκαριαίῳ
880 2436 1030 2497 ἔσται
1085 2442 1272 2517 χρόνῳ
1304 2443 1417 2514 ἅμα
1471 2448 1539 2512 τῆ
1582 2444 1681 2510 τῆς
1738 2438 1966 2516 σάλπιγο

303 2552 408 2611 γος
437 2532 581 2606 ήχῆ.
616 2563 683 2573 -
715 2530 1040 2606 Ἐρώτησις.
1069 2529 1292 2601 Ἐπειδή
1326 2530 1461 2588 κατά
1507 2551 1627 2585 τινα
1677 2536 1781 2585 τῶν
1827 2530 1968 2585 ἅντι-

312 2622 550 2697 γράφων
581 2618 891 2693 περιέχεται
922 2624 1019 2675 τοῦ
1048 2619 1416 2684 Ἀποστόλου,
1446 2644 1473 2672 ιι
1507 2618 1707 2682 Πάντες
1735 2620 1829 2692 μὲν
1857 2639 1969 2674 κοι-

329 2708 711 2781 μηθησόμεθα,
731 2707 797 2763 οὗ
820 2709 1017 2771 πάντες
1049 2707 1106 2765 δὶ
1134 2708 1583 2784 ἀλλαγησόμεθα.
1611 2732 1639 2761 ››
1673 2710 1821 2767 Κατά
1848 2729 1971 2764 τινα

329 2795 411 2865 δὲ,
449 2821 478 2850 ιι
508 2804 618 2854 Ὀτι
648 2798 840 2859 πάντες
876 2798 971 2871 μὶν
1012 2798 1075 2854 οὐ
1115 2798 1591 2872 κοιμηθησόμεθα,
1654 2799 1854 2859 πάντες
1912 2795 1971 2851 δὲ

324 2885 772 2961 ἀλλαγησόμεθα,
806 2911 833 2938 ››
865 2886 1171 2961 παρακαλῶ
1205 2893 1391 2962 μαθεῖν
1422 2889 1582 2942 ποίαν
1612 2886 1695 2942 δεῖ
1724 2891 1830 2942 τῶν
1892 2886 1974 2941 ἰκ-

316 2974 525 3032 δόσεων
557 2974 822 3054 ἐγκρῖναι,
854 2976 944 3031 καὶ
975 2975 1027 3031 τί
1052 2977 1119 3031 τά
1166 2975 1227 3032 ὲκ
1269 2978 1477 3033 τούτων
1532 2974 1869 3048 δηλούμενα.
1902 3007 1971 3018 --

316 3066 657 3140 Ἀπόκρισις.
700 3067 879 3139 Οἶμαι
930 3067 1015 3122 ὃτι
1062 3069 1178 3123 καθ’
1225 3068 1475 3142 ἑκατέραν
1521 3072 1628 3123 τῶν
1682 3064 1968 3122 ἒκδόσεων·

312 3151 510 3223 ἐπειδὴ
568 3155 659 3210 καὶ
705 3155 771 3210 τά
847 3155 1055 3231 ἀοχαῖα
1105 3160 1215 3212 τῶν
1285 3155 1651 3233 ἀντιγράφων,
1722 3156 1818 3218 τάς
1873 3152 1970 3209 δύο

314 3243 691 3326 περιέχουσινο
728 3240 961 3307 εὐσεϐῶς
1004 3243 1063 3301 δὲ
1116 3266 1201 3308 τις
1259 3240 1640 3318 ἐκλαμϐάνων,
1691 3248 1788 3299 τοῦ
1835 3245 1974 3299 ἀπο-

314 3331 582 3389 στολικοῦ
612 3331 712 3388 οὐκ
750 3333 1099 3390 ἀποπεσεῖται
1156 3338 1385 3389 σκοποῦ·
1436 3334 1572 3389 κατά
1619 3333 1713 3406 μὶν
1766 3333 1857 3388 οῦν
1884 3330 1971 3402 τὰ,

310 3449 347 3477 «
382 3426 584 3486 Πάντες
640 3422 1122 3497 κοιμηθησόμεθα,
1181 3426 1243 3480 οὐ
1300 3426 1495 3486 πάντες
1551 3420 1608 3479 δὶ
1667 3421 1971 3497 ἀλλαγησό-

2084 580 2201 619 non
2231 563 2406 618 simul
2438 562 2716 617 omnibus
2748 562 2970 619 induci.
3004 562 3107 616 sed
3165 562 3265 617 Dei
3322 565 3731 621 misericordia

2084 654 2372 727 paulatim
2404 670 2472 710 ac
2503 653 2879 725 pedentium:
2915 660 2980 709 ut
2998 654 3296 725 prioribus
3319 658 3727 727 pereuntibus,

2086 744 2187 816 qui
2217 743 2660 813 relinquuntur,
2693 742 2904 798 timore
2935 743 3098 814 prius
3138 753 3621 816 consumptorum
3654 748 3728 801 ad

2082 832 2559 903 resipiscentiam
2591 831 2850 887 veniant.
2889 831 3174 902 Loquitur
3202 838 3400 888 autem
3419 835 3492 889 ob
3515 836 3728 907 dogma

2084 923 2156 978 de
2187 922 2480 977 solutione
2514 923 2746 993 septimi
2782 922 2958 995 sigilli
2992 922 3146 979 libri.
3180 925 3318 989 Quae
3351 941 3482 980 cum
3534 928 3615 981 ita
3668 943 3729 981 se

2082 1012 2359 1070 habeant.
2384 1011 2681 1085 intelliges
2704 1011 3128 1082 quoddicitur:
3157 1034 3184 1063 υ
3207 1014 3273 1068 In
3322 1021 3541 1085 puncto
3577 1022 3729 1071 tem-

2082 1103 2244 1173 poris
2276 1107 2334 1156 et
2364 1101 2425 1156 in
2458 1106 2761 1155 momento
2792 1100 2947 1155 oculi
3009 1122 3036 1150 »
3069 1103 3371 1158 communi
3403 1103 3579 1159 modo
3637 1103 3729 1160 di-

2081 1198 2242 1249 ctum
2274 1208 2428 1258 esse,
2461 1198 2519 1248 et
2550 1192 2623 1246 ad
2656 1192 2771 1249 duo
2803 1193 2990 1263 aptari
3028 1192 3147 1248 sive
3177 1193 3408 1251 referri.
3443 1201 3509 1250 ut
3540 1196 3614 1250 sit
3635 1195 3731 1253 hic

2083 1298 2333 1338 sensus:
2368 1283 2493 1336 Non
2524 1297 2731 1336 omnes
2763 1282 2999 1352 quidem
3036 1282 3402 1338 dormiemus
3436 1283 3555 1339 sive
3604 1301 3731 1342 mo-

2081 1373 2307 1428 riemur
2334 1370 2395 1425 in
2419 1377 2639 1442 puncto
2665 1371 2972 1442 temporis,
2997 1371 3054 1425 in
3078 1372 3244 1427 nictu
3262 1373 3438 1435 oculi.
3464 1390 3533 1431 eo
3570 1374 3730 1444 quod

2082 1461 2303 1518 sensim
2336 1458 2652 1517 inducatur
2680 1476 2815 1514 mox
2838 1460 3011 1530 juxta
3037 1459 3280 1516 verbum
3313 1463 3726 1535 Apocalypsis:

2082 1553 2298 1609 Omnes
2330 1556 2529 1607 tamen
2557 1549 3010 1606 immutabimur
3039 1550 3100 1606 in
3147 1558 3365 1624 puncto
3417 1554 3724 1626 temporis,

2080 1644 2141 1701 in
2173 1646 2472 1699 momento
2499 1640 2677 1707 oculi,
2712 1641 2773 1695 in
2806 1646 3060 1696 extrema
3090 1641 3248 1699 tuba.
3296 1643 3450 1700 579
3510 1645 3721 1700 Primae

2082 1732 2378 1805 siquidem
2408 1730 2585 1789 tubae.
2618 1746 2753 1786 cum
2781 1735 3007 1802 septem
3041 1736 3241 1787 essent
3281 1733 3453 1803 juxta
3498 1734 3721 1803 Apoca-

2080 1822 2320 1896 lypsim,
2354 1836 2475 1875 non
2507 1820 2797 1875 suscitant
2830 1827 3081 1885 mortus,
3115 1820 3219 1875 sed
3275 1821 3599 1876 conﬁciunt
3656 1838 3724 1877 ac

2083 1911 2435 1967 interimunt
2464 1908 2770 1963 homines:
2795 1914 3061 1964 extrema
3079 1925 3213 1963 vero
3246 1908 3387 1965 tuba
3416 1910 3726 1966 suscitabit

2026 2055 2033 2064 ,
2082 1998 2626 2057 acimmutabiteos
2649 1998 2747 2067 qui
2762 1998 2889 2068 jam
2938 1999 3372 2053 resurrexerint
3412 2000 3473 2054 in
3504 2005 3723 2070 puncto

2082 2088 2366 2159 temporis
2389 2088 2528 2142 etin
2573 2092 2877 2142 momento
2922 2086 3077 2141 oculi
3106 2102 3228 2142 una
3257 2104 3391 2142 cum
3431 2094 3721 2144 creatura.

2082 2180 2227 2234 Nam
2258 2182 2316 2232 et
2345 2185 2617 2231 creatura
2674 2175 3086 2231 immutabitur
3141 2192 3175 2230 a
3228 2177 3606 2247 corruptione
3664 2178 3726 2233 in

2082 2265 2417 2321 libertatem
2439 2264 2639 2335 gloria:
2664 2264 2922 2319 ﬁliorum
2949 2264 3073 2323 Dei.
3100 2265 3256 2320 sicut
3276 2267 3338 2321 in
3363 2267 3627 2338 Epistola
3655 2267 3726 2321 ad

2080 2357 2380 2412 Romanos
2412 2352 2560 2407 dixit
2581 2353 2647 2405 δ’.
2686 2374 2715 2402 ‹‹
2745 2354 2808 2406 In
2852 2360 3068 2423 puncto
3130 2355 3434 2424 temporis.
3495 2378 3522 2405 ››
3584 2358 3726 2411 Rem

2080 2445 2258 2501 etiam
2284 2441 2694 2498 admirandam
2727 2441 2870 2496 dixit
2904 2442 3059 2512 quod
3092 2448 3254 2498 tanta
3294 2443 3581 2500 miracula
3612 2445 3727 2499 im-

2080 2530 2453 2607 perceptibili
2478 2537 2655 2586 erunt
2676 2536 2941 2601 tempore
2972 2532 3152 2587 simul
3183 2548 3313 2587 cum
3352 2549 3497 2587 sono
3516 2533 3673 2588 tubae
3709 2550 3721 2587 :

2078 2654 2148 2666 —
2183 2623 2545 2691 interrogatio
2598 2620 2887 2685 Quoniam
2907 2621 3082 2692 juxta
3111 2621 3383 2692 quaedam
3426 2622 3723 2692 exempla-

2078 2713 2186 2780 ria,
2214 2711 2512 2767 habentur
2540 2709 2665 2765 haec
2697 2710 2962 2781 Apostoli
2992 2709 3170 2765 verba
3198 2725 3211 2763 :
3248 2732 3275 2759 «
3309 2711 3529 2766 Omnes
3588 2712 3725 2781 qui-

2081 2804 2216 2860 dem
2248 2803 2633 2858 dormiemus.
2668 2805 2727 2855 at
2759 2815 2881 2854 non
2930 2816 3138 2855 omnes
3190 2800 3660 2856 immutabimur.
3698 2823 3724 2850 ››

2081 2892 2417 2949 Secundum
2449 2889 2742 2946 nonnulla
2772 2906 2905 2943 vero
2941 2905 2954 2944 :
2992 2911 3019 2939 ‹‹
3061 2891 3187 2944 Non
3218 2906 3426 2945 omnes
3484 2890 3724 2961 quidem

2082 2982 2468 3043 dormiemus.
2496 2996 2703 3034 omnes
2735 2984 2932 3033 tamen
2955 2978 3444 3045 immutabimur;
3473 3002 3498 3028 »
3519 2998 3727 3052 precor

2082 3070 2278 3126 doceri
2310 3076 2503 3125 utram
2536 3067 2862 3123 editionum
2894 3067 3109 3139 eligere
3142 3074 3429 3139 oporteat,
3464 3075 3522 3124 et
3569 3069 3725 3139 quod

2087 3176 2194 3232 per
2213 3159 2338 3214 haec
2360 3156 2744 3229 significetur.
2757 3187 2826 3197 —
2839 3157 3377 3229 Responsioﬂpinor
3391 3156 3729 3229 quodjuxta

2086 3254 2401 3317 utramque
2413 3245 3245 3316 editionem,quandoquidem
3266 3251 3462 3301 vetera
3492 3263 3728 3318 quoque

2079 3334 2444 3407 exemplaria
2464 3340 2781 3404 utramque
2822 3333 3153 3399 continent,
3196 3334 3245 3389 si
3288 3334 3421 3406 quis
3452 3335 3545 3406 pie
3578 3336 3731 3390 acci-

2076 3426 2333 3499 piatnon
2352 3422 2666 3480 excidetab
2680 3423 3013 3480 intentione
3026 3424 3525 3496 Apostoliitaque
3559 3426 3731 3495 juxta

321 3524 482 3585 μεθα,
516 3537 544 3563 ››
577 3512 723 3568 οὕτω
776 3514 889 3588 χρή
951 3518 1115 3581 νοεῖν,
1174 3511 1259 3569 δτι
1298 3516 1489 3576 πάντες
1553 3514 1673 3586 μὶν,
1727 3512 1825 3581 τὴν
1886 3508 1971 3565 διὰ

2081 3514 2227 3571 illud
2252 3514 2493 3586 quidem
2508 3536 2534 3563 ‹‹
2552 3513 2768 3569 Omnes
2782 3513 3235 3575 dormiemus.at
3255 3532 3376 3571 non
3395 3532 3602 3571 omnes
3617 3517 3729 3571 im-

322 3604 557 3667 θανάτου
617 3602 878 3676 κοίμησιν
939 3603 1341 3679 ὑπομενοῦμεν,
1394 3602 1459 3659 οὐ
1517 3604 1708 3664 πάντες
1765 3600 1822 3657 δὲ
1872 3603 1971 3671 τὴν

2081 3606 2466 3668 mutabimur,
2496 3625 2523 3655 ι
2560 3604 2643 3660 ita
2672 3604 3005 3677 intelligere
3036 3610 3287 3677 oportet,
3322 3606 3479 3677 quod
3520 3623 3727 3662 omnes

323 3688 601 3761 δόξανκαὶ
642 3691 741 3759 τὴν
804 3688 1112 3766 παῤῥησίαν
1173 3689 1640 3765 ἀπαλλαξόμεθα,
1702 3685 1834 3766 ὅπερ
1883 3690 1971 3746 αὖ·

2081 3712 2221 3755 sane
2252 3712 2360 3768 per
2389 3699 2642 3749 mortem
2672 3692 3093 3749 dormitionem
3119 3710 3187 3749 ac
3220 3711 3491 3749 somnum
3520 3696 3729 3750 tolera-

321 3779 418 3840 τὸς
448 3777 788 3841 Ἀπόστολος
821 3776 871 3833 ἐν
912 3776 1073 3853 ἄλλῳ
1127 3779 1309 3849 τίθησι
1358 3779 1575 3858 φάσκων
1627 3779 1971 3856 σαφεστερον,

2081 3786 2273 3845 bimus
2307 3802 2320 3839 :
2351 3791 2412 3840 at
2440 3800 2557 3841 non
2593 3800 2800 3839 omnes
2839 3782 2914 3839 ad
2950 3783 3200 3856 gloriam
3258 3800 3326 3839 ac
3388 3784 3724 3840 libertatem

324 3892 354 3921 ιι
389 3866 556 3943 Εἴπερ
596 3869 685 3925 καὶ
714 3866 1089 3943 ἰνδυσάμενοι,
1122 3871 1187 3927 οὗ
1242 3870 1438 3947 γυμνοὶ
1487 3870 1911 3946 εὑρεθησόμεθα.
1947 3893 1971 3921 n

2081 3872 2736 3943 immutabimurzquod
2761 3872 2887 3941 ipse
2910 3872 3223 3942 Apostolus
3244 3871 3383 3927 alibi
3417 3872 3604 3944 ponit.
3640 3872 3727 3927 di-

292 4008 295 4009 ν
321 3960 477 4019 Κατά
505 3957 562 4015 ὃὶ
590 3960 679 4031 τὸ,
718 3982 740 4009 ι
772 3961 849 4017 υῦ
880 3961 1079 4024 πάντες
1138 3961 1204 4035 μὶ
1248 3963 1733 4036 κοιμηθησόμεθα,
1781 3960 1971 4021 πάντες

2082 3980 2223 4021 cens
2246 3961 2545 4034 apertius:
2573 3983 2592 4007 ιι
2620 3960 2678 4015 Si
2702 3966 2901 4018 tamen
2930 3960 3146 4020 vestiti.
3186 3975 3307 4017 non
3365 3961 3512 4019 nudi
3566 3961 3727 4017 inve-

321 4044 381 4105 δὶ
413 4046 867 4123 ἀλλαγησομεθα,
900 4074 928 4102 »
963 4048 1107 4106 οὕτω
1140 4052 1253 4131 χρή
1288 4046 1626 4126 ἰκδὲχεσθαι.
1657 4050 1742 4106 ’ὁτι
1772 4049 1868 4123 μὶν
1916 4047 1971 4103 οὗ

2082 4051 2320 4109 niemur
2346 4047 2414 4103 ⁸³.
2450 4070 2476 4096 ››
2507 4049 2677 4105 Juxta
2708 4048 2820 4103 hoc
2850 4064 2985 4104 vero
3020 4063 3034 4103 :
3074 4068 3101 4100 α
3146 4050 3273 4106 Non
3330 4063 3538 4106 omnes
3599 4051 3727 4120 qui-

318 4140 781 4212 κοιμηθησόμεθα
814 4140 913 4208 τήν
943 4142 1212 4217 χρονικὴν
1251 4139 1537 4215 κοίμησιν,
1589 4138 1729 4195 ὥστε
1777 4136 1971 4209 δεηθῆ-

2084 4141 2219 4197 dem
2239 4137 2837 4196 dormiemus.omnes
2859 4142 3056 4192 tamen
3080 4136 3551 4205 immutabimur,
3573 4160 3599 4186 »
3617 4137 3727 4195 hoc

316 4248 407 4283 ναι
436 4235 610 4308 ταφῆς
641 4230 730 4285 καὶ
764 4228 971 4292 λύσεως
1010 4236 1111 4301 τῆς
1144 4228 1221 4293 εἰς
1252 4231 1477 4303 φθαράν,
1508 4229 1655 4286 ἀλλὰ
1714 4228 1979 4302 σ’5ντομον

318 4319 417 4375 τὸν
472 4318 698 4381 θάνατον
760 4320 811 4374 ol.
863 4319 987 4374 τότε
1042 4320 1424 4393 εὑρισκόμενοι
1491 4320 1847 4393 ὕπομετοῦσι,
1902 4321 1977 4391 μή

2085 4229 2261 4289 modo
2284 4233 2517 4300 Oportet
2532 4226 2821 4298 accipere,
2847 4226 3000 4297 quod
3025 4242 3140 4281 non
3192 4226 3555 4282 dormiemus
3584 4244 3724 4283 sane

2086 4316 2998 4387 diuturnadormitione,utopus
3041 4316 3117 4371 sit
3157 4316 3428 4387 sepulcro
3450 4333 3515 4371 ac
3566 4316 3731 4371 solu—

319 4403 575 4479 δεόμενοι
642 4414 914 4488 χρονικῆς
973 4410 1314 4481 κοιμήσεως,
1377 4405 1467 4464 διά
1519 4410 1619 4477 τήν
1677 4406 1971 4482 παραυτίκα

2088 4410 2249 4465 tione
2281 4407 2354 4462 ad
2384 4406 2849 4479 corruptionem.
2880 4404 2984 4460 sed
3015 4404 3249 4461 brevem
3280 4412 3534 4460 mortem
3555 4404 3729 4458 susti-

316 4495 608 4571 γινομένην
654 4496 958 4565 ἀνάστασιν,
1008 4496 1202 4560 πάντες
1250 4494 1309 4552 δὲ
1349 4496 1780 4571 ἀλλαγήσονται,
1828 4517 1985 4552 τουτ-

2088 4498 2314 4557 nebunt
2328 4495 2484 4568 quod
2499 4502 2639 4551 tunc
2654 4494 3057 4566 reperientur:
3075 4493 3290 4566 quibus
3305 4509 3422 4548 non
3440 4494 3551 4551 erit
3578 4510 3690 4564 opu
3702 4512 3727 4548 s

321 4583 462 4653 ἐστι,
490 4583 787 4661 ἀφθαρσίαν
844 4581 1177 4642 tta-53mm.
1242 4611 1261 4633 ι
1305 4581 1568 4641 Σαλπίσει
1614 4584 1736 4660 γάρ.
1771 4608 1798 4635 η
1849 4584 1971 4640 Εἶτα

2086 4588 2366 4644 diuturna
2388 4585 2762 4655 dormitione,
2785 4590 3027 4656 propter
3048 4583 3260 4641 factam
3309 4581 3504 4637 subito
3533 4597 3729 4638 resur-

320 4674 385 4729 τὸ
416 4668 723 4744 ἀξιόπιστον
758 4668 965 4734 δεικνὺς
1018 4677 1125 4728 τῶν
1178 4673 1499 4747 γινομένων,
1550 4671 1703 4750 φησί’
1757 4698 1784 4725 ‹‹
1821 4672 1969 4729 Σαλ-

322 4766 471 4820 πίσει
501 4764 624 4837 γὰρ,
657 4789 676 4813 ι
704 4765 738 4833 ἡ
764 4763 993 4839 σάλπιγξ
1021 4762 1196 4827 ἐκείνη
1231 4766 1265 4834 ἡ
1290 4758 1517 4837 φοϐερά,
1547 4788 1568 4813 ι
1595 4766 1683 4819 καὶ
1715 4764 1768 4819 οἱ
1786 4765 1967 4839 νεκροὶ

321 4853 737 4921 ἀναστήσονται,
775 4875 803 4901 ››
856 4848 1116 4919 δηλονότι
1170 4849 1583 4929 ἐνηλλαγμενοι
1624 4852 1713 4907 καὶ
1763 4853 1968 4931 ἀφθσρο

320 4962 429 4997 τοι.
465 4942 557 4996 Καὶ
592 4943 779 5013 ἡμεῖς,
809 4941 1109 5009 τουτέστιν,
1137 4942 1189 4998 οἱ
1248 4936 1797 5013 καταλαμϐανόμενοι
1846 4942 1968 4998 τότε

320 5035 539 5100 ζῶντες·
602 5031 726 5107 περὶ
784 5029 999 5086 ἐκείνων
1064 5031 1189 5106 γάρ,
1246 5029 1309 5085 οὖ
1366 5030 1491 5105 περὶ
1567 5030 1760 5085 εαυτοῦ
1812 5049 1965 5108 φησι·

312 5120 406 5177 καὶ
473 5122 635 5193 ἡμεῖς
700 5122 987 5196 τοιγαροῦν
1079 5116 1527 5194 ἀλλαγησόμεθα.
1629 5118 1755 5176 Ἐπὶ
1849 5120 1970 5175 τοῦ-

311 5231 423 5266 των
452 5209 556 5283 γὰρ
587 5207 687 5263 οὐκ
714 5202 860 5264 ἔσται
918 5201 1150 5283 ἔγερσις,
1210 5212 1317 5266 τῶν
1369 5206 1510 5280 μηδὶ
1564 5209 1967 5281 κοιμηθὲντων,

314 5297 465 5356 ἀλλά
498 5298 660 5371 μόνον
687 5294 983 5372 ὶναλλαγή.
1044 5298 1112 5355 Οἱ
1173 5298 1267 5370 μὶν
1320 5296 1500 5370 νεκροὶ
1554 5298 1606 5352 οἱ
1662 5299 1972 5372 προαποθα-

314 5387 526 5449 νόντες.
583 5384 957 5460 ἐγερθήσονται
1026 5383 1315 5465 ἄφθαρτοι,
1381 5386 1432 5441 οἱ
1482 5383 1540 5443 Si
1597 5390 1790 5455 ζῶντες
1847 5386 1970 5442 τότε

318 5482 440 5537 πῶς
470 5476 886 5551 ὶγερθήσονται;
920 5475 1100 5532 Μόνον
1135 5474 1210 5535 ὡς
1262 5473 1315 5529 ἐν
1365 5475 1507 5549 ῥοπῆ
1560 5474 1968 5550 ἀλλαγήσονται

2078 4677 2401 4733 rectionem
2431 4692 2445 4740 ;
2479 4690 2688 4729 omnes
2714 4679 2910 4730 tamen
2941 4671 3436 4738 immutabuntur,
3470 4671 3583 4728 hoc
3613 4677 3721 4739 est,

2078 4766 2330 4823 induent
2359 4763 2885 4835 incorruptionem.
2921 4783 2949 4813 «
2982 4763 3163 4818 Canet
3188 4762 3367 4819 enim.
3414 4784 3441 4809 »
3502 4760 3723 4817 Deinde

2082 4855 2198 4911 ﬁde
2229 4853 2473 4926 dignum
2504 4851 2827 4907 ostendens
2859 4850 2920 4905 id
2951 4850 3107 4922 quod
3138 4851 3208 4906 de
3240 4850 3333 4906 bis
3390 4866 3521 4923 qua:
3582 4851 3724 4905 fient

2078 4945 2301 5001 dictum
2325 4949 2433 5004 est.
2474 4942 2591 4997 ait:
2637 4940 2821 4996 Canet
2864 4941 3023 4995 enim
3075 4941 3215 4996 tuba
3261 4940 3364 4996 illa
3393 4939 3725 4997 tremenda:

2079 5039 2139 5090 et
2157 5031 2376 5091 mortui
2398 5035 2728 5103 resurgant,
2754 5048 2783 5081 ››
2807 5028 3104 5086 immutati
3122 5029 3395 5085 videlicet
3442 5037 3501 5084 et
3538 5030 3728 5083 incor-

2076 5122 2237 5194 rupti
2258 5141 2271 5188 ;
2295 5119 2615 5181 etnos,boc
2634 5117 2943 5189 est,quiad
2963 5117 3022 5173 id
3054 5125 3286 5191 tempus
3329 5117 3728 5187 relinquimur

2076 5211 2532 5275 viventes;nam
2552 5207 2766 5263 deillis
2791 5214 2986 5263 etnon
3024 5208 3095 5263 de
3146 5208 3340 5279 seipso
3392 5206 3570 5262 dicit:
3612 5228 3635 5256 ιι
3670 5213 3727 5260 ct

2078 5316 2185 5354 nos
2215 5299 2396 5371 igitur
2427 5296 2898 5352 immutabimur.
2936 5319 2962 5344 »ι
3000 5296 3059 5351 In
3088 5296 3181 5351 bis
3213 5296 3373 5350 enim
3429 5311 3551 5350 non
3610 5295 3724 5347 erit

2080 5388 2385 5445 suscitatio
2406 5405 2420 5443 :
2441 5404 2577 5443 cum
2609 5404 2729 5442 non
2762 5386 3135 5456 dormierint,
3168 5384 3272 5441 sed
3321 5391 3551 5440 tantum
3612 5385 3725 5438 ini-

2082 5478 2352 5534 mutatio.
2387 5476 2544 5535 580
2583 5475 2793 5531 Mortui
2825 5475 3065 5546 quidem
3126 5475 3227 5545 qui
3285 5480 3459 5530 antea
3502 5474 3721 5530 mortui

392 5639 439 5678 δι
474 5642 649 5711 Apoc.
683 5653 756 5706 v1,
788 5652 902 5705 vni,
934 5653 1012 5706 1x,
1045 5652 1104 5709 x,
1134 5653 1213 5693 xi.
1244 5637 1291 5673 ⁸³
1320 5639 1485 5696 Rom.
1519 5653 1635 5706 vui,
1663 5638 1750 5693 ει.
1782 5638 1831 5675 ⁸⁸
1858 5638 1909 5695 ΙΙ
1933 5638 1971 5696 C

2090 5655 2141 5707 ν,
2173 5640 2226 5697 ὃ.
