4068 6254
298 339 429 398 897
1273 337 1694 402 COMMENT.
1747 335 1819 400 ΙΝ
1866 336 2106 399 EPIST.
2155 335 2180 396 Ι
2224 337 2328 396 AD
2373 335 2743 403 CORINTH.
3605 347 3738 410 898

305 473 415 526 λον
458 474 764 533 πεπαῦσθαι
802 468 1092 544 νομίσωσι,
1151 472 1244 527 καὶ
1303 493 1396 528 τον
1458 475 1765 548 νομοθέτην
1832 471 1938 549 βλα

2105 471 2424 544 iubjungit:
2460 495 2488 524 «
2513 474 2630 529 Deo
2663 481 2860 530 autem
2894 476 2969 530 sit
2997 478 3186 546 gratia
3216 495 3230 545 ;
3266 501 3293 528 η
3316 479 3427 537 hoc
3467 488 3575 553 est,
3647 484 3743 542 le-

305 561 706 638 σφημῆσωσιν,
754 558 967 637 ἐπάγει·
1036 583 1056 610 ι
1092 561 1180 634 Τῷ
1236 560 1297 616 δὲ
1356 569 1474 636 Θεῷ
1528 568 1713 643 χάρις·
1751 590 1773 616 υ
1837 564 1980 631 οἷον,

2105 563 2348 632 gislatori
2383 574 2580 619 autem
2639 567 2754 620 Deo
2815 572 2874 620 et
2903 568 3058 621 Patri
3095 571 3326 625 Domini
3386 575 3571 629 nostri
3603 576 3739 631 .lesu

306 652 398 719 τῷ
433 646 489 704 δὲ
518 649 787 724 νυμοθέτῃ
840 655 956 722 Θεῷ
1013 651 1103 705 καὶ
1176 653 1342 726 ΙΙατρῖ
1401 659 1499 708 τοῦ
1561 657 1757 724 Κυςίου
1817 656 1977 728 ἡμῶν

2105 653 2298 707 lliristi
2334 655 2410 708 sit
2439 655 2646 725 gratia.
2687 659 2812 726 Ipse
2845 656 3001 711 enim
3038 666 3094 712 et
3127 659 3314 730 legem
3369 665 3735 733 temporibus

316 741 508 809 Ἰησοῦ
541 743 725 816 χάρις.
763 739 936 800 Αύτὸς
969 740 1071 815 γὰρ
1103 741 1194 796 καὶ
1223 746 1314 796 τὸν
1348 743 1516 814 νόμον
1577 745 1713 799 κατὰ
1759 743 1982 818 καιροὺς

2105 742 2208 796 mis
2243 744 2448 798 utilem
2481 744 2644 800 dedit
2677 761 2689 797 :
2725 751 2781 799 et
2802 763 2935 800 cum
2972 764 3080 801 nos
3114 749 3222 804 hac
3253 751 3324 804 ad
3357 755 3580 821 peccati
3634 772 3737 810 ro-

319 830 672 905 aopufésovm
701 825 890 897 ἔδωκε,
923 831 1013 884 καὶ
1047 833 1223 904 τούτῳ
1252 836 1412 905 ἡμῶν
1461 834 1536 896 εἷς
1590 834 1747 910 ἰσχὺν
1804 836 1977 907 ἀμαρ-

320 920 445 980 τίας
478 920 958 994 ἁποχρησαμὲνων
1011 922 1100 976 καὶ
1151 925 1601 997 κραταιωσάντων
1649 927 1750 994 τήν
1803 926 1978 998 ἀμαρ-

316 1009 467 1072 τίαν,
500 1008 662 1071 αὐτὸς
697 1009 860 1063 πάλιν
919 1007 1006 1064 διὰ
1062 1016 1157 1066 τοῦ
1217 1014 1344 1068 Υἱοῦ
1401 1013 1566 1069 αύτοῦ
1621 1017 1718 1068 τοῦ
1777 1013 1978 1088 Κυρίου

317 1099 490 1171 ἡμῶν
520 1101 702 1168 Ἰησοῦ
757 1099 1012 1172 Χριστοῦ,
1071 1097 1267 1156 ἔδωκεν
1323 1105 1459 1175 ἡμῖν
1514 1104 1576 1158 τὸ
1634 1103 1754 1159 κατ’
1812 1101 1978 1172 αὐτῆς

316 1187 734 1262 ἆναμφήριστον
764 1191 962 1256 κράτος
991 1189 1082 1243 καὶ
1111 1195 1278 1254 νῖκος.

398 1278 580 1344 "uate,
639 1275 869 1355 ἀδελφοί
933 1300 1041 1352 μου
1097 1280 1388 1356 ἀγαπητοὶ,
1457 1279 1692 1357 ἐνδραῖοι
1751 1281 1978 1360 γίνεσθε,

317 1368 735 1442 ἀμετακίνητοι,
831 1369 1238 1444 περισσεύοντες
1339 1371 1391 1426 ἐν
1477 1378 1555 1446 τῷ
1646 1369 1788 1447 ἔργῳ
1883 1376 1980 1429 τοῦ

325 1458 529 1533 Κυρῖου
588 1459 840 1527 πάντοτε,
907 1457 1109 1523 εἰδότες
1168 1460 1250 1516 ὅτι
1309 1462 1336 1516 ὁ
1393 1463 1562 1525 κόπος
1643 1463 1818 1535 ὑμῶν,
1879 1462 1980 1516 οὐκ

321 1546 442 1602 ἔστι
471 1549 635 1610 κενὸς
667 1548 718 1603 ἐν
754 1550 958 1624 Κυρίῳ.

400 1639 550 1696 Ἐπεὶ
582 1637 673 1694 οὖν
703 1635 916 1715 ἔγνωτε,
950 1640 1107 1716 φησὶ,
1162 1645 1328 1697 ταῦτα
1383 1643 1559 1706 οὕτως
1614 1636 1785 1722 ἔχειν,
1841 1641 1980 1698 εἶναί

313 1749 384 1784 τε
413 1726 701 1783 ἀνάστασιν
734 1729 820 1782 καὶ
882 1724 1122 1802 ἀμοιϐὰς
1166 1728 1352 1786 καλῶν
1403 1733 1493 1786 καὶ
1547 1733 1795 1806 φαύλων,
1845 1733 1979 1803 στή-

316 1839 468 1874 κετε.
541 1815 893 1874 Ἐσαλεύοντο
949 1819 1054 1892 γὰρ
1111 1820 1234 1893 περὶ
1322 1820 1384 1875 τὸ

324 1908 660 1980 μυστήριον,
710 1905 800 1962 καὶ
855 1911 954 1961 τοῦ
1014 1906 1136 1982 βίου
1194 1908 1462 1982 ἠμέλουν,
1523 1910 1598 1972 ὡς
1660 1909 1758 1964 οὐκ
1810 1906 1977 1980 οὔσης

319 1996 685 2061 ἀναστάσεως.
725 1994 855 2053 Εἶτα
911 2015 1064 2071 φησι·
1127 1999 1293 2054 «Καὶ
1349 1998 1757 2074 περισσεύοντες
1799 1998 1850 2054 ἐν
1899 2004 1980 2071 τῷ

320 2087 473 2164 ἔργῳ
499 2091 597 2143 τοῦ
629 2090 788 2153 Θεοῦ,
827 2111 848 2138 υ
883 2087 950 2142 οὐ
1011 2087 1171 2161 μόνον
1220 2089 1352 2144 αὐτὸ
1410 2088 1784 2167 ἐργαζόμενοι,
1833 2089 1980 2146 ἀλλὰ

316 2180 415 2233 καί
451 2175 855 2253 περισσεύοντες
887 2177 940 2232 ἐν
1000 2185 1272 2256 χρησταῖς
1317 2179 1591 2251 πράξεσιν.
1646 2207 1672 2234 ‹‹
1709 2182 1765 2236 Ὀ
1811 2181 1981 2244 κόπος

322 2268 485 2340 ὑμῶν
519 2266 618 2321 οὐκ
657 2261 769 2322 ἔστι
827 2267 984 2329 κενὸς
1044 2267 1096 2321 ἐν
1157 2268 1362 2341 Κυρίῳ,
1398 2294 1425 2320 »ι
1475 2270 1532 2324 ὃν
1585 2274 1676 2324 νῦν
1733 2270 1982 2342 κάμνετε,

318 2357 516 2436 φησίν,
553 2350 854 2411 ἀλλ’ἕσται
886 2356 1054 2410 αύτοῦ
1110 2352 1319 2428 ἀμοιϐὴ
1371 2359 1516 2432 παρὰ
1565 2364 1719 2418 Θεοῦ.
1775 2361 1852 2417 Τὸ
1903 2358 1981 2428 δὲ,

324 2471 358 2498 ‹‹
395 2447 482 2502 Ἐν
517 2445 725 2519 Κυρίῳ,
755 2467 785 2497 ››
814 2447 1049 2514 νοήσεις,
1080 2447 1139 2514 ἢ,
1173 2446 1201 2500 ὁ
1231 2443 1284 2500 ἐν
1323 2446 1505 2522 Κυρίῳ
1534 2448 1727 2519 κόπος,
1756 2448 1817 2518 ἢ,
1839 2449 1984 2526 παρὰ

326 2534 518 2610 Κυρίῳ
549 2533 609 2590 οὐ
643 2535 1083 2608 ματαιωθήσεται
1113 2536 1142 2590 ὁ
1173 2536 1365 2599 κόπος.

421 2741 552 2814 Περὶ
583 2737 637 2794 ’ὁὶ
661 2743 758 2809 τῆς
809 2738 1002 2817 λογίας
1057 2748 1156 2811 τῆς
1213 2741 1288 2808 είς
1344 2744 1471 2807 τοὺς
1534 2743 1744 2821 ἁγίους,
1803 2744 1986 2821 ὥσπερ

352 2826 556 2898 διέταξε
615 2835 727 2891 ταῖς
811 2829 1166 2902 Ἐκκλησίαις
1248 2839 1348 2900 τῆς
1439 2833 1724 2900 Γαλατίας,
1814 2835 1987 2899 οὕτως

343 2919 438 2972 καὶ
500 2918 648 2990 ὑμεῖς
705 2921 992 2989 ποιήσατε.
1051 2922 1186 2976 κατὰ
1257 2923 1381 2994 μίαν
1453 2918 1778 2990 Σαϐϐἀτων,
1859 2921 1988 2979 ἕκα-

336 3027 466 3070 στος
522 3007 679 3078 ὑμῶυ
735 3011 862 3083 παρ’
922 3009 1097 3082 ἑαυτῷ
1178 3009 1370 3065 τιθέτω
1452 3013 1796 3088 Θησαυρίζων
1853 3015 1882 3068 ὅ
1936 3033 1990 3068 τι

331 3095 398 3152 ἄν
457 3094 746 3164 εὐοδῶται,
800 3095 884 3152 ἵνα
945 3101 1019 3170 μὴ
1083 3097 1208 3154 ὅταν
1261 3097 1404 3154 ἔλθω
1464 3099 1587 3156 τότε
1647 3099 1833 3177 λογίαι
1901 3101 1991 3178 γί-

328 3207 556 3244 νωνται.
613 3188 778 3244 ’Ὁταν
839 3183 897 3241 δὲ
947 3187 1362 3261 παραγένωμαι,
1451 3189 1546 3250 οὕς

329 3295 468 3346 σητε
527 3273 596 3331 δι’
653 3273 985 3345 ἐπιστολῶν,
1069 3277 1298 3340 τούτους
1365 3275 1588 3350 πέμψω,
1678 3279 1987 3355 ἀπενεγκεῖν

325 3365 433 3433 τήν
467 3365 636 3444 χάριν
667 3365 821 3438 ὑμῶν
850 3365 924 3427 εἰς
955 3365 1340 3440 Ἰερουσαλήμ.
1375 3367 1496 3422 Ἐὰν
1532 3364 1588 3421 δὲ
1615 3365 1652 3442 ᾖ
1700 3365 1844 3441 ἄξιον
1896 3373 1992 3424 τοῦ

328 3454 478 3526 κᾶμὶ
508 3454 857 3528 πορεύεσθαι,
891 3455 982 3508 σὺν
1015 3452 1141 3528 ἐμοὶ
1172 3456 1556 3529 πορεύσονται.

415 3543 744 3616 Ἀπαρτίσας
776 3544 869 3598 τὸν
917 3544 1040 3617 περὶ
1089 3541 1380 3617 δογμάτων
1432 3543 1614 3620 λόγον,
1664 3545 1740 3608 εἷς
1789 3547 1850 3602 τὸ
1904 3568 1994 3601 κε-

335 3632 574 3713 φάλαιον
603 3637 712 3688 τῶν
749 3635 978 3707 ἀρετῶν,
1018 3635 1116 3702 την
1167 3632 1543 3706 ἐλεημοσύνην
1589 3633 1746 3705 ἦλθε.
1799 3638 1994 3712 Λογίας

335 3720 401 3778 δὲ
431 3722 602 3797 λέγει,
633 3723 730 3792 την
761 3720 1062 3796 συλλογὴν,
1093 3727 1294 3800 κοῦφον
1345 3723 1406 3778 ἐκ
1453 3727 1764 3798 προοιμίων
1818 3732 1992 3782 ποιῶν

337 3813 407 3867 τὸ
469 3817 711 3885 πρᾶγμα.
763 3797 846 3869 ’Τὸ
903 3812 1006 3887 γὰρ
1066 3811 1124 3867 ἐκ
1180 3797 1406 3869 πολλῶν
1493 3816 1994 3894 συνεισφερόμενον,

339 3905 554 3977 κοῦφον
588 3901 816 3972 ἑκάστῳ.
856 3901 987 3956 Εἶτα
1019 3900 1095 3961 είς
1137 3900 1306 3970 ζῆλον
1357 3901 1548 3966 αὐτοὺς
1598 3902 1739 3980 ἄγει,
1792 3902 1994 3982 διηγή-

341 4008 427 4042 σει
455 3995 562 4041 τῶν
596 3984 795 4048 ἒτένοις
849 3990 1324 4063 κατορθωθὲντων.
1378 3991 1581 4064 ’Ὠσπερ
1639 3992 1762 4066 γὰρ,
1813 3993 1994 4070 φησὶν,

341 4076 400 4132 οἱ
443 4074 681 4132 Γαλάται
740 4079 1093 4145 πεποιήκασι.
1152 4079 1291 4152 ’Ὀρα
1349 4075 1406 4132 δὲ
1462 4083 1579 4142 πῶς
1637 4078 1879 4155 ἐμφαίνει
1936 4083 1997 4134 τὸ

339 4168 634 4240 ἀναγκαῖον
666 4170 762 4221 τοῦ
796 4165 1114 4242 γινομένου.
1150 4192 1176 4219 ‹‹
1210 4169 1439 4240 νΩσπερ,
1501 4168 1654 4246 φησὶ,
1703 4166 1933 4242 διέναξα.
1969 4194 1997 4222 ››

345 4254 428 4312 Ού
459 4255 559 4330 γὰρ
593 4257 731 4324 εἷπε,
779 4255 1084 4330 ῐιαρῄνεσα,
1116 4257 1173 4326 ἢ,
1228 4251 1773 4329 Συνεϐουλευσάμην,
1826 4256 1994 4330 ἀλλὰ,

347 4344 592 4416 Διέταξα,
626 4349 702 4416 τῷ
737 4345 869 4418 μετὰ
923 4346 1201 4407 αὐθεντίας
1260 4345 1502 4416 ἐπιτάξαι
1559 4343 1745 4417 δηλῶν
1799 4349 1860 4402 τὸ
1903 4353 1999 4404 τοῦ

350 4436 673 4509 πράγματος
740 4434 1110 4509 ἀπαραίτητόν
1164 4456 1221 4490 τε
1278 4436 1366 4489 καὶ
1422 4436 1724 4511 ἀναγκαῖον.
1780 4463 1805 4489 ‹‹
1856 4439 2003 4494 Κατᾶ

351 4523 486 4597 μίαν
546 4518 864 4581 Σαϐϐάτων.
926 4548 955 4576 ››
1015 4525 1156 4581 Μίαν
1215 4519 1511 4579 Σαϐϐατων
1558 4525 1656 4593 τὴν
1729 4528 1996 4602 Κυριακῆν
2031 4559 2076 4622 D

344 4611 520 4686 λέγει,
551 4613 641 4666 καὶ
673 4612 777 4668 ἀπό
834 4619 938 4682 τῆς
994 4613 1203 4688 ἡμέρας
1261 4612 1426 4681 αὐτῆς
1477 4611 1565 4668 ἐπὶ
1624 4613 1994 4688 ἐλεημοσύνην

343 4702 818 4775 προτρεπόμενος,
850 4707 956 4755 τῶν
1005 4703 1056 4756 ἐν
1113 4701 1248 4773 αὐτῇ
1313 4702 1627 4778 μυστηρίων
1678 4703 1999 4779 ὑπομιμνη-

347 4811 514 4847 σκων.
550 4814 578 4841 ‹‹
641 4793 771 4865 Παρ⁹
823 4792 998 4864 ἑαυτῷ
1054 4794 1269 4855 τιθέτω.
1328 4818 1347 4840 ιι
1417 4796 1795 4866 ΙΙρονοητικῶς
1850 4792 1994 4850 λίαν.

345 4880 427 4937 Οὐ
459 4881 562 4957 γὰρ
592 4884 762 4947 εἶπεν,
793 4881 966 4944 Εὐθὺς
1023 4882 1253 4961 φερέτω,
1299 4882 1387 4936 ἳνα
1439 4885 1513 4956 μή
1564 4905 1647 4946 τις
1708 4884 2000 4965 ἐλάχιστον

349 4969 496 5046 ἔχων
559 4972 908 5048 αἰσχύνηται,
972 4971 1116 5028 ἀλλὰ
1172 4978 1386 5046 πρῶτον
1442 4975 1587 5048 παρὰ
1641 4981 1822 5047 σαυτῷ
1882 4998 2000 5031 συν-

351 5062 532 5135 άγαγε,
591 5061 680 5116 καὶ
737 5063 862 5116 ὅταν
922 5062 1071 5135 ἄξιον
1131 5061 1301 5136 λόγου
1375 5064 1620 5136 γενηται,
1674 5066 1795 5119 τότε
1850 5067 1994 5144 φέρε.

348 5177 374 5203 ‹‹
413 5149 796 5225 Θησαυρεζέτω
855 5149 910 5206 δὲ
940 5153 968 5206 ’ὁ
997 5174 1051 5207 τι
1106 5151 1165 5207 ἄν
1224 5150 1512 5218 εὐοδῶται,
1553 5178 1579 5203 ››
1637 5153 1935 5215 τουτέστιν,
1969 5155 1999 5210 ὅ

346 5243 408 5296 ἄν
443 5242 470 5295 ὁ
503 5241 630 5302 Θεὸς
662 5244 873 5318 πὲμψῃ,
906 5249 994 5299 καὶ
1035 5243 1312 5319 εὐχέρειαν
1349 5247 1480 5320 σχῇ.
1517 5269 1541 5293 υ
1576 5246 1689 5299 Ἵνα
1747 5248 1822 5317 μή
1873 5246 1996 5300 ὅταν

345 5325 516 5392 ἔλθω.
557 5354 579 5382 ν
614 5335 734 5388 Ἵνα
773 5334 879 5403 μης
933 5333 1114 5407 φησὶν,
1169 5332 1257 5386 ὅτε
1304 5333 1494 5404 καιρός
1554 5329 1694 5387 ἐστιν
1745 5334 1998 5409 ἐκφορᾶς,

343 5419 469 5475 τότε
497 5423 740 5496 συνάγειν
772 5420 803 5476 ἃ
842 5426 1019 5496 ξηται.
1062 5425 1156 5494 Τῷ
1188 5418 1243 5475 δὲ
1277 5421 1466 5485 εἰπεῖν,
1498 5446 1525 5472 ‹‹
1553 5424 1718 5478 "Ut-av
1769 5417 1932 5479 ἔλθω.
1968 5447 1997 5476 ››

342 5509 788 5581 «gae-anetina;
823 5511 898 5573 εἰς
925 5515 1023 5583 τήν
1058 5509 1333 5582 συλλογὴν
1366 5511 1540 5579 ποιεῖ,
1583 5513 1657 5572 ὡς
1691 5512 1774 5568 ἐπ’
1813 5514 2000 5589 ’ἁψειιν

344 5598 510 5654 αύτοῦ
544 5597 863 5673 μελλούσης
915 5603 1151 5678 γίνεσθαι
1206 5604 1307 5665 τῆς
1357 5599 1633 5677 εἰσφορᾶς.
1679 5628 1704 5657 ιι
1754 5603 1861 5667 Οῧς
1910 5604 1996 5660 ἐὰν

347 5684 701 5763 δοκιμάσητε.
736 5713 764 5741 »
825 5688 1026 5754 Καλῶς
1080 5689 1165 5761 τὸ,
1225 5711 1257 5739 ‹‹
1297 5686 1406 5752 Οῧς
1452 5685 1516 5744 ἄν
1573 5686 1928 5765 δοκιμάσητε,
1961 5717 1984 5745 ι

2085 831 2196 886 bur
2227 832 2392 886 abusi
2425 851 2710 892 essemus.
2747 851 2813 889 ac
2847 843 3149 906 peccatum
3188 841 3731 910 confirmassemus,

2087 938 2326 975 rursum
2358 923 2484 993 ipse
2516 940 2621 994 per
2654 924 2866 979 Filium
2899 942 3069 980 suum
3114 928 3430 986 Dominum
3463 940 3731 989 nostrum

2083 1014 2280 1068 Jesum
2303 1014 2597 1069 Christum
2622 1015 2974 1071 deditnobis
3005 1017 3288 1075 adversus
3312 1021 3507 1092 ipsum
3540 1041 3740 1095 pecca-

2085 1109 2209 1157 tum
2242 1109 2469 1158 certum
2503 1105 2684 1159 robur
2712 1121 2779 1161 ac
2815 1106 3212 1164 indubitatam
3243 1111 3567 1167 victoriam.

2157 1287 2269 1350 XV,
2306 1288 2402 1340 1-4
2458 1308 2486 1337 α
2519 1287 2964 1357 Itaque.fratres
2995 1291 3110 1344 mei
3142 1291 3342 1346 dilecti
3376 1293 3617 1348 stabiles
3641 1296 3723 1348 si-

2085 1394 2112 1422 «
2150 1374 2244 1438 tis,
2278 1374 2615 1430 immobiles
2645 1377 3014 1433 abundantes
3036 1379 3097 1433 in
3129 1395 3304 1450 opere
3331 1382 3727 1437 Dominisem-

2084 1485 2112 1513 ‹‹
2147 1480 2272 1535 per,
2306 1465 2561 1520 scientes
2584 1466 2742 1536 quod
2774 1465 2942 1521 labor
2963 1474 3152 1523 vester
3181 1485 3302 1523 non
3331 1471 3406 1524 sit
3437 1471 3634 1527 inanis
3666 1472 3729 1527 in

2089 1573 2114 1604 ι
2148 1553 2416 1608 Domino.
2456 1576 2484 1603 »

2153 1643 2441 1707 Quoniam
2477 1659 2611 1714 ergo
2640 1644 2786 1712 haec,
2810 1643 3026 1716 inquit,
3059 1646 3139 1701 ita
3171 1664 3231 1702 se
3264 1647 3482 1704 habere
3522 1650 3734 1718 nostis,

2084 1740 2139 1789 et
2177 1750 2303 1788 esse
2327 1734 2844 1799 resurrectionem,
2899 1751 2966 1790 ac
2996 1736 3290 1792 bonorum
3345 1745 3403 1794 et
3442 1741 3736 1796 malorum

1482 1827 1579 1890 τῆς
1649 1819 1979 1882 ἀναστάσεως

2105 1823 2568 1888 retributionem,
2603 1828 2784 1877 state:
2811 1840 2948 1879 nam
2977 1824 3345 1883 ﬂuctuabant
3365 1829 3522 1884 circa
3542 1847 3741 1886 resur-

2086 1913 2367 1968 rectionis
2383 1911 3052 1984 mysterium,vitamque
3067 1915 3745 1990 negligebant,tanquam

2088 2020 2207 2059 non
2233 2001 3010 2070 essetresurrectioDeiude
3030 2005 3375 2060 aitetiam:«
3411 2007 3742 2064 Abundan-

2090 2100 2177 2148 tes
2202 2093 2263 2147 in
2285 2108 2459 2164 opere
2479 2092 2713 2146 Domini
2741 2108 2754 2158 ;
2782 2115 2807 2140 η
2834 2110 2953 2147 non
2985 2095 3176 2150 solum
3203 2096 3262 2149 in
3297 2113 3365 2151 eo
3399 2105 3734 2168 cperantes,

2088 2198 2290 2238 verum
2323 2182 2501 2236 etiam
2525 2179 2898 2237 abundantes
2929 2183 3100 2238 bonis
3131 2185 3484 2240 actionibus.
3508 2213 3532 2236 ιι
3559 2186 3744 2242 Labor

2089 2279 2283 2327 vester
2313 2287 2432 2326 non
2468 2270 2762 2326 sitinanis
2793 2271 2854 2326 in
2895 2273 3166 2338 Domino,
3205 2296 3231 2325 ››
3264 2292 3380 2346 quo
3434 2293 3614 2334 nunc.
3648 2278 3739 2333 in-

2093 2361 2242 2432 quit,
2277 2359 2690 2425 laboratis,sed
2723 2361 2851 2429 ejus
2877 2362 2989 2415 erit
3021 2363 3331 2419 retributio
3353 2381 3388 2420 a
3415 2365 3550 2421 Deo.
3573 2367 3737 2431 Quod

2097 2455 2296 2505 autem
2325 2447 2490 2515 dicit,
2523 2469 2552 2497 ‹‹
2585 2449 2650 2502 ln
2678 2449 2950 2515 Domino,
2977 2475 2994 2496 -
3023 2450 3311 2524 intellige,
3337 2453 3426 2508 vel
3460 2453 3738 2524 laborqui

2097 2544 2188 2593 est
2216 2537 2277 2592 in
2308 2536 2577 2603 Domino,
2612 2537 2701 2591 vel
2732 2553 2765 2592 a
2801 2538 3046 2594 Domino
3078 2556 3197 2594 non
3229 2541 3544 2596 habebitur
3574 2543 3742 2598 labor

2097 2627 2310 2683 inanis.

2165 2735 2307 2803 XVI,
2346 2735 2460 2788 1-4.
2495 2756 2522 2782 ‹‹
2548 2734 2835 2789 Caaterum
2877 2733 2949 2789 de
2989 2734 3338 2791 collectione
3369 2737 3429 2792 in
3480 2743 3737 2804 sanctos,

2104 2844 2125 2872 ι
2152 2822 2653 2894 quemadmodum
2671 2824 2920 2896 prmcepi
2939 2824 3213 2880 Ecclesiis
3236 2826 3474 2882 Galatia:
3495 2829 3646 2884 582
3665 2828 3746 2882 ita

2101 2934 2125 2964 ι
2148 2919 2207 2966 et
2227 2930 2325 2968 vos
2346 2913 2612 2967 facite.ln
2631 2929 2748 2966 uno
2762 2913 3150 2969 Sabbatorum
3163 2917 3573 2987 unusquisque
3587 2916 3745 2988 apud

2101 3024 2128 3052 «
2155 3018 2217 3056 se
2237 3001 2780 3072 ponatrecondens
2806 3001 3096 3073 quidquid
3124 3005 3505 3060 commodum
3533 3005 3748 3060 fuerit:

2100 3113 2126 3140 ‹‹
2154 3106 2250 3152 ne,
2283 3106 2416 3144 cum
2438 3094 2822 3146 venero.tunc
2846 3091 3226 3147 collectiones
3252 3093 3529 3150 ﬁant.Ubi
3553 3101 3750 3149 autem

1607 3189 1695 3244 ἐὰν
1759 3187 1989 3262 δοκιμά-

2105 3202 2127 3228 ι(
2165 3195 2403 3244 venero,
2446 3195 2832 3250 quoscunque
2873 3180 3263 3251 probaveritis
3310 3200 3416 3254 per
3447 3183 3753 3255 epistolas,

2097 3291 2124 3317 ‹‹
2156 3269 2262 3322 hos
2285 3267 2537 3332 mittam,
2571 3274 2637 3322 ut
2661 3268 2966 3339 perferant
2985 3271 3235 3342 gratiam
3260 3278 3509 3328 vestram
3536 3273 3742 3329 Hiero-

2099 3380 2121 3409 σ
2158 3358 2404 3430 solyma.
2433 3358 2596 3423 Quod
2621 3359 2667 3413 si
2701 3358 2944 3431 dignum
2969 3361 3144 3416 fuerit
3174 3368 3239 3416 ut
3267 3362 3445 3418 etiam
3470 3363 3594 3435 ipse
3613 3381 3742 3436 pro-

2098 3471 2124 3497 «
2151 3448 2402 3512 ficiscar,
2440 3464 2675 3503 mecum
2706 3450 3177 3520 proficiscentur.
3213 3475 3240 3499 n

2168 3536 2409 3608 Expleto
2423 3537 2495 3591 de
2510 3537 2884 3607 dogmatibus
2897 3555 3170 3596 sermone
3192 3540 3265 3596 ad
3289 3542 3568 3598 virtutum
3593 3558 3750 3597 sum-

2100 3645 2255 3683 mam
2286 3628 2468 3684 venit.
2519 3644 2735 3700 nempe
2767 3630 3230 3702 eleemosynam.
3288 3630 3488 3706 Λογίας
3545 3639 3744 3689 autem

2099 3717 2239 3772 dicit
2275 3717 2759 3783 :Collectionem,
2793 3735 2918 3773 rem
2953 3719 3012 3773 in
3034 3720 3293 3775 exordiis
3317 3721 3500 3776 levem
3527 3722 3748 3777 faciens

2101 3807 2259 3878 quod
2291 3807 2448 3863 enim
2475 3807 2546 3862 ab
2569 3808 2862 3862 universis
2886 3809 2943 3862 in
2976 3826 3158 3865 unum
3184 3811 3740 3875 conferebatur,sin—

2101 3897 2254 3968 gulis
2281 3896 2404 3949 leve
2435 3901 2577 3950 erat.
2607 3895 2828 3951 Deinde
2851 3897 2923 3951 ad
2955 3900 3394 3954 aemulationem
3419 3917 3519 3954 eos
3563 3900 3746 3966 ducit,

2101 3985 2443 4039 narratione
2467 4000 2669 4039 eorum
2696 3986 2911 4055 quzeab
2935 3986 3069 4041 aliis
3096 3994 3252 4041 recte
3285 3995 3413 4044 acta
3433 3994 3602 4043 erant
3629 4006 3639 4044 :
3663 3991 3744 4044 ait

2106 4077 2263 4127 enim
2283 4089 2295 4126 :
2319 4073 2826 4138 Quemadmodum
2853 4074 3070 4129 Galatea
3091 4075 3526 4132 fecerunt.Vide
3551 4085 3748 4133 autem

2106 4163 2404 4234 quomodo
2437 4162 2711 4217 ostendat
2741 4164 2826 4218 rei
2862 4165 3334 4222 necessitatem.«
3367 4167 3758 4233 Quemadmo-

2107 4254 2268 4318 dum,
2304 4253 2832 4324 inquit,pra3cepi.-
2858 4256 3054 4325 Neque
3080 4256 3237 4311 enim
3257 4257 3398 4312 dicit
3429 4258 3747 4322 Admonui,

2107 4351 2206 4400 aut
2237 4343 2820 4415 Suasi,sed.prmcepi
2843 4345 3197 4416 periussum
3234 4364 3368 4402 cum
3399 4348 3749 4402 auctoritate

2107 4433 2869 4507 signiﬁcansinevitabilem
2892 4435 2977 4489 rei
3003 4437 3416 4492 necessitatem
3479 4459 3503 4487 «
3539 4437 3602 4490 In
3635 4453 3750 4491 uno

2109 4524 2520 4580 Sabbatorum.
2558 4544 2585 4571 »
2623 4523 2810 4577 Unum
2837 4523 3223 4580 Sabbatorum
3270 4525 3560 4598 significat
3595 4525 3752 4578 diem

2108 4614 2516 4669 Dominicum:
2554 4629 2623 4666 ex
2654 4613 2780 4683 ipso
2821 4630 3054 4685 quoque
3083 4615 3177 4669 die
3208 4615 3284 4671 ad
3313 4617 3754 4686 eleemOsynam

2110 4704 2454 4761 adhortans.
2496 4702 2650 4756 facta
2691 4704 3107 4772 mysteriorum
3141 4723 3272 4776 qua)
3322 4705 3383 4760 in
3417 4723 3483 4761 eo
3518 4710 3756 4777 peracta

2109 4800 2247 4847 sunt
2277 4791 2601 4846 mentione.
2627 4814 2653 4838 «
2684 4791 2853 4861 Apud
2885 4809 2945 4847 se
2978 4801 3177 4864 ponat.
3216 4819 3237 4843 ιι
3275 4795 3519 4851 Provide
3547 4793 3754 4850 admo-

2108 4883 2269 4936 dum.
2300 4881 2600 4951 Siquidem
2631 4897 2751 4934 non
2792 4881 2972 4937 dixit:
3022 4885 3227 4940 Statim
3291 4887 3518 4952 alTei-at,
3579 4903 3652 4940 ne
3705 4885 3754 4938 is

2109 4973 2208 5042 qui
2243 4971 2406 5025 valde
2437 4986 2641 5040 parum
2673 4971 2850 5025 habet
2875 4973 3156 5042 pudeﬁat.
3183 4977 3284 5031 sed
3309 4977 3470 5046 prius
3488 4975 3641 5047 apud
3668 4981 3753 5029 te-

2108 5063 2302 5132 ipsum
2343 5076 2649 5129 congrega.
2685 5077 2937 5131 cumque
2996 5065 3226 5119 ratione
3267 5065 3510 5136 dignum
3555 5064 3753 5133 fuerit,

2109 5159 2247 5204 tunc
2279 5153 2424 5203 aﬂ'er
2457 5148 2787 5204 i-Recondat
2818 5151 3106 5223 quidquid
3137 5155 3513 5209 commodum
3542 5154 3753 5207 fuerit»

2109 5241 2218 5294 hoc
2251 5245 2358 5302 est,
2411 5237 2806 5309 quodcunque
2852 5242 3005 5296 Deus
3062 5245 3306 5310 miserit,
3349 5249 3450 5298 aut
3494 5244 3544 5297 ei
3581 5243 3750 5298 facile

2108 5329 2303 5384 fuerit.
2344 5353 2361 5374 -
2400 5330 2477 5382 Ne
2510 5345 2642 5382 cum
2679 5347 2918 5386 venero.
2949 5357 2975 5382 »
3009 5336 3086 5388 Ne
3111 5351 3243 5388 cum
3279 5333 3756 5404 tempus,inquit,

2110 5416 2393 5473 ell'erendi
2430 5417 2623 5481 fuerit,
2653 5425 2791 5473 tunc
2821 5437 3175 5493 congregare
3195 5423 3446 5493 quisque
3489 5424 3757 5494 incipiat.

2112 5514 2190 5563 lxx
2221 5523 2288 5560 eo
2313 5512 2507 5559 aut-m
2532 5508 2683 5572 quod
2708 5509 2823 5564 ait:
2852 5537 2875 5558 ‹‹
2905 5513 3045 5565 Cum
3067 5528 3338 5578 venero,»
3365 5512 3436 5567 ad
3461 5513 3758 5568 collectio-

2107 5613 2248 5654 nem
2281 5612 2380 5651 eos
2407 5594 2601 5649 reddit
2629 5600 3345 5673 promptiorestanquam
3377 5602 3451 5658 ad
3482 5610 3754 5676 aspectus

2113 5703 2251 5745 suos
2270 5689 2586 5742 venturum
2627 5687 2704 5742 sit
2733 5689 2890 5760 quod
2922 5691 2983 5746 in
3008 5707 3194 5748 unum
3225 5691 3542 5766 colligitur.
3569 5695 3752 5757 Quos-
