4068 6254
471 335 593 396 899

1593 331 2017 399 mCUMENll
2065 331 2369 398 ΤΗΙΟΟᾸΞ.
2412 334 2785 401 EPISCOPI.

3709 347 3795 410 000

469 482 703 536 cunque
729 465 1167 538 probaveritis.»
1189 467 1344 522 Bene
1371 468 1486 537 ait:
1515 489 1540 517 «
1565 467 1958 538 Quoscunque
1982 484 2086 539 pro

2233 463 2662 542 ἆποτριϐόμενος
2721 477 3002 548 πανταχοῦ
3059 473 3120 528 τὸ
3175 469 3519 529 σκανδαλίσαι
3567 476 3706 542 τινὲς,
3738 475 3795 538 ὡς

469 556 746 611 baveritis
771 572 784 620 ;
816 555 1064 626 ~ubique
1084 555 1348 611 devitans
1374 573 1447 611 ne
1467 557 1563 627 qui
1586 557 2118 614 oiTendantur.tan-

467 662 643 716 quam
670 645 794 715 ipse
809 661 1044 714 quoque
1060 646 1334 700 nonnihil
1357 662 1566 716 capere
1582 647 1758 702 vellet
1779 664 1847 702 ex
1871 646 1963 700 his
1986 662 2116 717 quin

465 740 987 807 congregarentur.
1021 759 1046 783 (ι
1074 736 1144 790 Ut
1177 735 1476 806 perferant
1507 736 1755 806 gratiam
1791 741 2110 790 vestram.)

466 824 722 879 Gratiam
755 823 920 883 dixit.
956 840 1092 878 nam
1123 825 1408 880 miserum
1437 831 1565 880 erat
1594 825 1989 896 eleemosynae
2011 841 2113 879 vo-

467 912 744 968 cabulum
773 919 831 967 et
863 911 1168 984 indignum
1192 914 1411 968 sanctis
1443 913 1585 984 quid
1617 913 1765 969 illud
1813 912 2112 985 accepturi

470 1010 636 1059 erant
681 1001 983 1075 Signiﬁcat
1012 1006 1189 1059 etiam
1230 1004 1387 1075 quod
1411 1004 1520 1075 ipsi
1560 1005 1818 1060 vicissim
1865 1004 2113 1076 guatiam

465 1097 760 1166 recepturi
793 1102 993 1150 essent
1022 1112 1234 1168 nempe
1253 1097 1623 1167 precationes
1649 1092 2113 1160 illorum.»Quod

466 1185 510 1238 si
529 1184 770 1255 dignum
787 1184 1271 1240 fuerit.»Perhzec
1290 1185 1362 1241 ad
1376 1185 1685 1241 liberalem
1700 1185 2111 1242 collectionem

466 1291 565 1328 eos
588 1275 954 1330 exhortatur.
973 1275 1027 1328 Si
1060 1279 1245 1336 tanta,
1275 1274 1487 1345 inquit.
1523 1275 1745 1330 fuerint
1766 1281 1831 1329 ut
1860 1291 1955 1329 res
1977 1290 2110 1329 meo

464 1380 699 1435 quoque
715 1364 1898 1434 egeatministerio,veniam.583Ubique
1912 1368 2110 1419 autem

465 1453 599 1508 illos
627 1453 805 1508 etiam
836 1453 958 1508 vult
992 1453 1208 1508 habere
1241 1459 1439 1518 testes,
1502 1453 1659 1524 quod
1711 1454 1862 1508 nihil
1917 1471 1985 1508 ex
2017 1452 2111 1511 his

465 1549 816 1613 accepturus
850 1543 944 1608 sit,
980 1542 1112 1598 ideo
1145 1543 1247 1606 ait,
1283 1566 1311 1593 ‹‹
1346 1545 1570 1598 Mecum
1601 1544 2109 1615 proficiscentur.»

537 1633 675 1696 XVI,
705 1635 828 1687 5-9.
869 1634 1094 1686 Veniam
1133 1639 1315 1687 autem
1353 1633 1426 1687 ad
1456 1650 1544 1688 vos
1575 1650 1696 1688 cum
1735 1633 2111 1688 Macedoniam

2226 557 2510 614 καὶαῖ)τοῦ
2551 579 2604 613 τι
2645 557 2991 634 βουλομένου
3049 557 3234 618 λαϐεῖν
3288 561 3347 618 ἐκ
3402 567 3502 618 τῶν
3557 566 3797 637 συναγομέ-

2225 667 2354 702 νων.
2391 671 2418 698 ‹‹
2454 649 2792 723 Ἀπενεγκεῖν
2825 657 2921 718 τήν
2965 653 3126 727 χάριν
3185 652 3365 725 ὑμῶν.
3401 676 3428 703 »
3470 653 3626 725 Χάριν
3669 654 3794 713 εἶπεν,

2225 734 2458 810 Οἶκτρὸν
2487 737 2588 813 γὰρ
2643 739 2710 807 ἦν
2765 739 2830 795 τὸ
2887 747 2986 811 τῆς
3044 739 3435 813 ἐλεημοσύνης,
3498 743 3578 797 καὶ
3629 742 3795 815 ἀνάξιον

2221 831 2330 881 τῶε
2362 825 2680 899 μελλόντων
2734 825 3030 903 λαμϐάνειν
3085 830 3277 907 ἁγίων.
3325 831 3424 885 Καὶ
3472 833 3696 904 σημαίνει
3736 834 3796 887 δτι

2223 913 2617 989 ἀντιλήψονται
2676 918 2765 974 καὶ
2823 921 2980 975 αὐτοὶ
3045 921 3230 994 χάριν,
3287 922 3383 982 τὰς
3439 921 3594 996 εὐχὰς
3641 922 3798 978 αὐτῶν.

2223 1032 2251 1059 ‹‹
2285 1008 2408 1064 Ἐὰν
2442 1005 2500 1063 δὶ
2529 1008 2566 1083 ᾖ
2597 1007 2766 1083 ἄξιον.
2804 1035 2832 1062 κ
2866 1012 2962 1066 Διὰ
2991 1011 3196 1068 τούτων
3228 1011 3305 1072 εἷς
3338 1009 3606 1087 δαψίλειαν
3649 1012 3802 1077 αὐτοὺς

2220 1095 2602 1171 προτρέπεται.
2654 1099 2777 1155 Ἐὰν
2831 1098 2888 1174 ᾖ,
2938 1101 3095 1177 φησὶ,
3148 1105 3385 1156 τοσαῦτα
3457 1103 3527 1164 ὡς
3599 1101 3678 1157 καὶ
3723 1109 3796 1171 τῆς

2222 1184 2360 1259 έμῆς
2421 1183 2624 1252 δεῖσθαι
2691 1185 2966 1250 διακονίας
3023 1191 3085 1244 τὸ
3162 1196 3413 1267 πρᾶγμα,
3467 1191 3799 1264 ἀπελεύσομαι.

2221 1280 2512 1355 Πανταχοῦ
2543 1274 2599 1332 δὲ
2627 1279 2873 1341 καὶτοὺς
2933 1278 3145 1334 ἐκείνων
3195 1279 3346 1356 ἔχειν
3401 1284 3654 1355 μάρτυρας
3696 1281 3800 1355 βού-

2221 1362 2393 1433 λεται,
2427 1367 2502 1427 ὡς
2529 1365 2690 1430 αὑτὸς
2739 1364 2892 1424 οὑδὶν
2942 1367 3172 1443 λήψεται
3221 1368 3275 1440 ἕξ
3322 1369 3518 1429 αὐτῶν.
3559 1370 3642 1424 Διό
3682 1389 3801 1448 φησι,

2226 1475 2249 1505 ι
2284 1454 2388 1509 Σὺν
2422 1453 2546 1527 ἐμοὶ
2575 1456 2952 1532 πορεύσονται.
2985 1485 3009 1510 ιι

3315 1625 3438 1679 ὅταν
3526 1621 3804 1681 Μακεδονίαν

2294 1617 2626 1694 Ἐλεύσομαι
2701 1618 2759 1676 δὲ
2823 1623 2958 1698 πρὸς
3051 1623 3209 1698 ὑμᾶς,

464 1723 752 1777 transiero.
785 1723 920 1776 Nam
951 1722 1331 1778 Macedoniam
1382 1725 1719 1777 transiturus
1761 1738 1902 1776 sum.
1945 1725 2093 1792 Aput

2223 1705 2445 1820 ἐξέλθω.
2515 1707 2850 1768 Μακεδονίαν
2911 1713 3015 1787 γὰρ
3102 1710 3420 1794 διέρχομαι.
3502 1715 3634 1788 Πρὸς
3699 1713 3806 1786 ὑμᾶς

459 1827 550 1866 vos
581 1817 761 1865 autem
787 1813 1041 1878 fortassis
1055 1811 1407 1880 permanebo,
1439 1817 1535 1864 aut
1567 1812 1733 1865 etiam
1760 1810 2060 1865 hibernabo
2091 1829 2111 1862 .-
2141 1846 2188 1913 Β

459 1907 520 1954 ut
574 1917 667 1956 vos
712 1918 795 1955 me
851 1901 1138 1955 deducatis
1198 1917 1520 1970 quocunque
1569 1900 1913 1970 proﬁciscar.
1972 1897 2107 1954 Nolo

458 1993 601 2046 enim
631 2007 723 2046 vos
751 2007 896 2045 nunc
926 1993 984 2044 in
1033 1997 1351 2046 transcursu
1408 1991 1611 2057 videre,
1671 1990 1765 2045 sed
1813 2006 1970 2060 spero
2024 2006 2109 2044 me

458 2082 808 2150 aliquantum
847 2087 1058 2149 tempus
1087 2096 1527 2149 permansurum,
1559 2078 1608 2134 si
1664 2080 1924 2135 Dominus
1973 2095 2108 2149 per-

456 2172 689 2224 miserit.
725 2169 1039 2224 Commoror
1095 2175 1277 2223 autem
1327 2168 1536 2239 Ephesi
1565 2183 1735 2239 usque
1781 2169 1856 2223 ad
1912 2169 2106 2223 Pente-

457 2264 657 2311 costen.
700 2256 836 2311 Nam
895 2258 1090 2311 ostium
1127 2255 1271 2310 mihi
1323 2263 1582 2327 apertum
1619 2262 1697 2310 est
1737 2273 1998 2326 magnum
2054 2261 2106 2310 et

456 2348 675 2413 efﬁcax,
709 2352 760 2400 et
781 2346 1085 2401 adversarii
1099 2344 1282 2400 multi.

529 2455 556 2482 «
591 2434 735 2488 Cum
771 2433 1177 2489 Macedoniam
1201 2433 1495 2488 transiero
1526 2455 1554 2482 »
1588 2435 1713 2489 Non
1745 2433 1928 2488 dixit:
1956 2435 2100 2490 Cum

456 2523 857 2579 Macedoniam
900 2523 1196 2594 profectus
1228 2522 1418 2588 fuero,
1453 2522 1575 2588 sed,
1616 2547 1636 2571 ι
1698 2523 2032 2589 Transiero,
2065 2543 2092 2575 ι

450 2613 763 2669 consolans
805 2631 906 2669 eos
937 2613 1105 2685 quasi
1139 2616 1302 2668 recta
1342 2611 1418 2666 sit
1470 2612 1849 2668 adventurus.
1893 2613 2096 2668 Consi-

451 2701 592 2758 dera
621 2704 798 2758 etiam
858 2702 1014 2773 quod
1065 2702 1297 2758 caateris
1345 2707 1789 2772 praiponantur.
1851 2702 1932 2756 De
1981 2701 2098 2756 illis

447 2789 595 2844 dixit
629 2809 693 2846 :«
718 2792 1100 2845 Transiturus
1135 2806 1305 2856 sum;
1337 2814 1364 2839 ››
1398 2789 1469 2844 de
1503 2789 1596 2845 his
1628 2797 1864 2845 autem:
1891 2812 1920 2840 ‹‹
1957 2795 2098 2845 Per-

450 2879 722 2933 manebo.
757 2901 785 2927 »
811 2876 1114 2948 Siquidem
1148 2877 1346 2949 plures
1377 2885 1547 2933 erant
1576 2877 1841 2934 Corinthi
1867 2877 2094 2946 fideles,

451 2965 580 3020 ideo
613 2967 792 3021 etiam
823 2966 896 3021 ab
935 2983 1002 3022 eo
1061 2973 1509 3038 praeponuntur.
1571 2990 1598 3018 «
1648 2967 1818 3038 Apud
1867 2985 1966 3024 vos
1997 2985 2097 3023 au-

451 3061 591 3124 tem,
627 3080 648 3105 ο
685 3051 762 3121 δέ,
789 3056 846 3111 id
869 3062 976 3118 est,
1011 3062 1232 3120 autem,
1265 3057 1376 3112 hoc
1398 3056 1527 3112 loco
1545 3056 1826 3121 abundat,
1870 3057 1926 3112 id
1959 3073 2094 3113 vero

451 3145 661 3202 divina)
685 3145 1001 3217 Scripturaa
1025 3145 1316 3202 familiare
1346 3153 1470 3214 est;
1497 3146 1639 3218 quin
1673 3153 1732 3202 et
1787 3146 1944 3218 apud
1993 3163 2094 3202 ex-

2221 1793 2279 1852 δὲ
2345 1799 2514 1874 τυχὸν
2602 1804 2923 1874 παραμενῶ,
2988 1798 3024 1869 ἤ
3097 1803 3185 1857 καὶ
3254 1793 3656 1878 παραχειμάσω,
3734 1799 3801 1854 ἳνα

2220 1887 2375 1959 ὑμεῖς
2433 1909 2500 1960 με
2557 1890 2921 1964 προπέμψητε
2977 1890 3038 1945 οὗ
3096 1890 3185 1946 ἐὰν
3242 1891 3571 1965 πορεύωμαι.
3625 1889 3690 1948 Οὖ
3737 1890 3802 1953 θέο

2218 1973 2301 2031 λω
2347 1977 2448 2052 γὰρ
2509 1978 2648 2050 ὑμᾶς
2706 1977 2830 2054 ἄρτι
2887 1977 2942 2034 ἐν
2998 1977 3226 2056 παρόδῳ
3285 1978 3435 2036 ίδεῖν.
3494 1980 3710 2048 Ἐλπίζω
3757 1973 3799 2031 δὲ

2215 2065 2412 2139 χρόνον
2469 2066 2589 2121 τινὰ
2647 2065 2925 2141 ἐπιμεῖναι
2982 2069 3118 2144 πρὸς
3206 2070 3372 2143 ὑμᾶς,
3428 2068 3511 2124 ἐὰν
3560 2070 3584 2124 6
3636 2068 3799 2141 Κύριος

2214 2152 2500 2230 ἐπιτρέπῃ.
2557 2155 2831 2230 Ἐπιμένω
2891 2155 2947 2213 δὲ
3005 2157 3057 2213 έν
3112 2159 3328 2233 Ἐφέσῳ
3390 2155 3490 2223 ἕως
3562 2163 3650 2227 τῆς
3698 2163 3798 2210 ιΙεν-

2211 2250 2498 2314 τηκοστῆς.
2541 2245 2685 2320 Θύρα
2715 2245 2818 2322 γάρ
2853 2267 2948 2320 μοι
2978 2247 3182 2325 ἀνέῳγε
3227 2246 3439 2324 μεγάλη
3482 2247 3564 2302 καὶ
3607 2245 3797 2319 ἐνεργὴς,

2209 2333 2299 2387 καὶ
2328 2332 2686 2408 ἀντικείμενοι
2711 2333 2938 2395 πολλοί.

2281 2448 2309 2476 α
2342 2425 2506 2481 ’Ὀταν
2551 2423 2878 2482 Μακεδονίαν
2926 2424 3145 2485 διέλθω.
3183 2453 3214 2480 η
3265 2428 3379 2488 Οὑκ
3427 2427 3582 2491 εἶπεν,
3632 2422 3790 2482 Ἀπέλ-

2209 2523 2309 2578 θω,
2339 2513 2507 2585 ana,
2541 2541 2569 2569 «
2621 2517 2852 2588 Διέλθω,
2887 2541 2917 2570 υ
2970 2519 3465 2594 παραμυθούμενος
3508 2515 3688 2586 αὐτοὺς,
3730 2513 3786 2576 ὡς

2208 2604 2362 2669 εὐθὺς
2417 2609 2870 2683 παραγινόμενος.
2933 2611 3035 2668 Καὶ
3094 2612 3199 2686 δρα
3286 2611 3614 2687 προτίμησιν,
3677 2605 3779 2661 tacti-

2204 2716 2347 2765 νους,
2397 2723 2424 2748 ‹‹
2461 2697 2778 2777 Διέεχομαιο
2813 2722 2842 2752 ι)
2904 2698 3034 2772 ὑμῖν
3092 2697 3170 2768 δὲ,
3233 2727 3263 2754 ‹‹
3298 2703 3618 2778 Ιιαραμενῶν.
3643 2721 3664 2747 υ
3701 2692 3773 2748 Καὶ

2203 2786 2304 2862 γὰρ
2357 2787 2582 2851 πλείους
2634 2789 2767 2858 ἦσαν
2823 2789 2875 2845 οἱ
2932 2795 2985 2846 ἐν
3043 2791 3304 2866 Κορίνθῳ
3357 2789 3546 2848 πιστοί.
3597 2788 3667 2843 Διὸ
3703 2785 3765 2839 καί

2205 2880 2576 2948 προτιμῶνται
2608 2879 2736 2952 παρ’
2764 2876 2948 2935 αὑτοῦ.
3003 2903 3031 2930 α
3067 2881 3218 2952 Ηρὸς
3273 2881 3413 2954 ὑμᾶς
3459 2875 3527 2933 δέ.
3557 2901 3578 2928 η
3614 2874 3668 2930 Τὸ
3703 2868 3752 2933 δὲ.

2202 2962 2458 3040 παρέλκει
2491 2965 2731 3022 ἐνταῦθα.
2769 2992 2795 3019 ‹‹
2832 2967 2972 3042 Πρὸς
3002 2967 3141 3040 ὑμᾶς
3174 2965 3258 3027 δέ.
3295 2994 3324 3022 ››
3361 2968 3565 3038 Σύνηθες
3593 2961 3630 3016 δὲ
3656 2961 3744 3014 τοῦ·-

2201 3073 2263 3108 το
2293 3057 2361 3127 τῇ
2393 3055 2506 3125 θείᾳ
2537 3059 2747 3133 Γραφῇ.
2778 3055 2923 3113 ἀλλᾶ
2953 3058 3041 3113 καὶ
3067 3060 3218 3133 παρὰ
3248 3064 3368 3122 τοῖς
3398 3058 3494 3132 ἔξω
3515 3053 3749 3129 amma-

2202 3163 2275 3212 σι,
2301 3141 2489 3213 πολλὴ
2512 3147 2546 3213 ἡ
2569 3144 2792 3217 τοιαύτη
2815 3149 3039 3222 χρῆσις,
3071 3147 3159 3202 καὶ
3199 3147 3440 3220 μάλιστα
3466 3151 3563 3206 τοῖς
3582 3145 3754 3196 ’Ᾱττιιι-

449 3242 652 3291 ternos
683 3235 999 3305 scriptores
1031 3236 1309 3306 frequens
1349 3242 1438 3291 est
1467 3234 1812 3308 hujusmodi
1839 3253 2002 3298 usus.
2035 3242 2093 3291 et

2200 3237 2366 3294 σταῖς,
2404 3257 2429 3284 τε
2463 3235 2645 3308 Τυχὸν
2675 3239 2990 3310 παραμενῶ.
3025 3259 3054 3287 ››
3088 3235 3297 3300 Καλῶς
3326 3237 3408 3307 τὸ,
3447 3234 3610 3310 τυχὸν,
3645 3244 3764 3283 τουτ’

447 3324 706 3380 maxime
737 3324 891 3395 apud
933 3325 1175 3380 Atticos.
1212 3348 1238 3375 ι(
1299 3325 1588 3380 Fortassis
1646 3325 2027 3396 permanebo.
2059 3344 2082 3377 ι

446 3415 602 3468 Bene
633 3413 797 3468 addit
822 3413 1010 3485 τυχόν,
1043 3413 1102 3468 id
1153 3419 1262 3476 est,
1322 3413 1613 3475 fortassis,
1669 3414 1759 3469 vel
1816 3414 2085 3470 forsitan.

443 3505 644 3574 Neque
672 3504 830 3558 enim
858 3504 1102 3559 omnino
1133 3510 1376 3559 noverat
1402 3511 1602 3558 utrum
1634 3504 1744 3559 hoc
1789 3520 1823 3559 a
1876 3506 2088 3575 spiritu

445 3591 872 3648 concederetur
901 3609 975 3648 an
1007 3609 1124 3648 non
1186 3593 1526 3648 liilectionis
1566 3599 1762 3648 autem
1800 3593 2085 3648 indicium

443 3687 550 3749 est,
579 3682 734 3753 apud
765 3682 924 3754 ipsos
955 3698 1307 3754 permanere
1339 3687 1396 3738 et
1425 3680 1496 3736 ab
1529 3681 1672 3753 ipsis
1695 3680 1928 3736 deduci.
1954 3705 1980 3731 ‹‹
2017 3683 2088 3737 Ut

441 3787 542 3827 vos
573 3787 667 3826 me
698 3771 1024 3838 deducatis,
1058 3794 1087 3821 »
1119 3771 1324 3827 etc.Ad
1358 3770 1830 3826 exhortationem
1854 3776 1911 3826 et
1943 3787 2086 3826 con-

441 3861 793 3916 solationem
825 3861 1089 3932 ipsorum
1122 3859 1270 3914 dixit
1299 3860 1441 3920 haec,
1469 3875 1683 3932 nempe
1721 3877 1734 3916 :
1769 3883 1796 3909 ‹‹
1858 3860 1930 3914 Ut
1985 3876 2085 3916 vos

438 3967 533 4005 me
560 3949 887 4014 deducatis,
926 3972 952 3999 »
984 3949 1126 4015 sive,
1160 3971 1187 3999 ‹‹
1249 3950 1487 4004 Praemit
1514 3949 1627 4004 atis
1659 3966 1673 4016 ;
1709 3971 1735 3998 »
1771 3955 1848 4012 et,
1881 3972 1908 3999 «
1939 3950 2082 4005 Nolo

437 4057 536 4096 vos
569 4040 740 4095 modo
773 4041 834 4096 in
868 4040 1120 4096 transitu
1151 4039 1382 4108 videre;
1413 4063 1436 4088 η
1472 4045 1528 4095 et
1561 4056 1621 4094 :«
1657 4039 1837 4110 Spero
1869 4056 1963 4095 me
1981 4041 2083 4096 ali-

438 4137 724 4200 quantum
759 4136 991 4201 tempus
1022 4130 1178 4201 apud
1209 4147 1306 4184 vos
1356 4145 1835 4200 permansurum.
1861 4151 1890 4179 ››
1917 4130 2082 4195 Quod

437 4225 635 4274 autem
665 4217 829 4273 addit
853 4235 866 4272 :
891 4242 914 4267 ‹‹
940 4218 995 4272 Si
1021 4219 1302 4274 Dominus
1336 4217 1692 4288 permiserit,
1728 4240 1756 4267 ιι
1787 4218 2080 4290 interpre-

432 4307 577 4361 tatio
610 4313 700 4360 est
731 4308 858 4377 ejus
883 4307 1044 4376 quod
1066 4305 1468 4378 supradictum
1493 4312 1714 4361 est.cur
1735 4305 2081 4362 videlicetin

434 4412 504 4451 ea
531 4395 822 4466 particula
853 4412 866 4451 :
894 4417 921 4445 «
948 4395 1118 4466 Apud
1150 4412 1250 4450 vos
1283 4400 1481 4451 autem
1513 4394 1781 4449 fortassis
1839 4413 2077 4467 perma-

433 4484 626 4550 nebo;
659 4505 688 4538 ››
747 4484 1063 4552 addiderit,
1099 4508 1125 4536 ‹‹
1158 4484 1467 4548 FortassiS,
1498 4504 1526 4532 ››
1551 4483 1692 4553 quia
1727 4484 1951 4551 nescio,
1985 4485 2076 4540 in-

2192 3321 2334 3376 έστιν
2365 3322 2521 3384 ἴσως.
2553 3322 2629 3379 Οὑ
2659 3323 2760 3399 γὰρ
2793 3320 2914 3399 ᾔδει
2967 3324 3178 3390 πάντως
3233 3327 3339 3382 ὑπὸ
3390 3329 3480 3382 τοῦ
3527 3319 3767 3390 Πνεύματος

2189 3416 2348 3468 τοῦτο
2383 3413 2830 3487 ἐπιτρεπόμενος,
2863 3413 2897 3484 ἢ
2930 3415 3014 3471 οὕ.
3075 3415 3328 3492 Ἀγάπης
3359 3413 3415 3472 δὲ
3461 3408 3682 3469 δεικτικὸν
3725 3401 3770 3458 τό

2187 3521 2246 3556 τε
2297 3509 2622 3576 παραμεῖναι
2677 3503 2884 3569 αὐτοῖς,
2945 3504 3035 3560 καὶ
3091 3503 3155 3560 τὸ
3219 3507 3315 3562 ὑπ’
3372 3504 3534 3560 αὑτῶν
3582 3514 3774 3574 προπεμ·

2189 3592 2400 3668 φθῆναι.
2437 3620 2464 3644 (ι
2497 3593 2616 3648 Ἵνα
2678 3593 2834 3667 ὑμεῖς
2895 3615 2961 3666 με
3009 3593 3401 3670 προπέμψητε,
3434 3619 3454 3648 ι
3500 3590 3579 3646 καί
3621 3586 3675 3641 τὰ
3712 3583 3778 3652 ἐφ·

2188 3680 2328 3749 εξῆς.
2381 3680 2473 3743 Εἰς
2505 3679 2848 3755 παράκλησιν
2879 3682 3053 3738 αὐτῶν
3111 3683 3202 3738 καὶ
3224 3681 3555 3758 παραμυθίαν
3585 3673 3775 3750 εἴρηκεν.

2187 3768 2328 3839 οἷον,
2361 3797 2387 3822 ‹‹
2415 3773 2529 3827 Ἱνα
2560 3772 2715 3846 ὑμεῖς
2753 3795 2818 3846 με
2849 3773 3237 3849 προπέμψητε,
3271 3798 3299 3828 ››
3339 3773 3447 3842 καὶ,
3504 3796 3530 3823 «
3557 3766 3624 3826 Οὖ
3661 3759 3776 3817 θέλω

2187 3862 2324 3936 ὑμᾶς
2356 3861 2475 3938 ἄρτι
2507 3863 2558 3918 ἐν
2589 3861 2813 3939 παρόδῳ
2846 3861 2996 3922 ἰδεῖν.
3035 3890 3062 3917 n
3095 3866 3219 3936 Καὶ,
3254 3892 3282 3919 ‹‹
3333 3864 3560 3933 Ἐλπίζω
3610 3853 3771 3939 χρόνον

2185 3937 2456 4025 ἐπιμεῖναι
2485 3954 2621 4028 πρὸς
2658 3937 2814 4025 ὑμᾶς.
2841 3978 2869 4005 »
2901 3955 2981 4011 Τὸ
3014 3954 3091 4024 δὲ,
3123 3980 3151 4006 ‹‹
3189 3955 3317 4014 Ἐὰν
3344 3957 3370 4011 6
3395 3961 3573 4026 Κύριος
3602 3937 3772 4017 έπιτΡέ’

2183 4063 2284 4116 πῃ,
2346 4065 2373 4094 ›)
2433 4042 2694 4118 ἑρμηνεία
2746 4041 2857 4100 ἐστὶ
2915 4049 3014 4099 τοῦ
3071 4045 3368 4118 εῗρημένου
3425 4041 3624 4105 ἄνωθεν,
3678 4032 3772 4094 τοῦ,

2184 4157 2210 4184 (ι
2246 4132 2390 4206 Πρὸς
2419 4132 2556 4204 ὑμᾶς
2586 4130 2643 4187 δὲ
2669 4133 2840 4208 τυχὸν
2870 4133 2961 4188 καὶ
3011 4139 3333 4209 παραμενῶ,
3375 4160 3398 4184 υ
3448 4129 3530 4186 διὰ
3572 4126 3617 4182 τί
3661 4121 3770 4209 εἶπεἶ

2185 4242 2209 4273 σ
2243 4205 2425 4295 Τυχόν
2451 4243 2465 4290 ;
2500 4246 2526 4272 ››
2548 4225 2671 4279 ’Ότι
2697 4205 2797 4277 οὑκ
2819 4220 2944 4278 οἶδα
2969 4221 3058 4278 ἐὰν
3153 4205 3350 4298 Κύριος
3392 4205 3771 4294 έπιτρέπῃ,ἀλλ’

2180 4306 2274 4363 οὖν
2331 4310 2394 4364 τὸ
2453 4308 2585 4383 ἐμὸν
2645 4311 2883 4384 Θέλημα,
2939 4309 3034 4368 ’ἕνα
3092 4314 3401 4388 προσμείνω
3477 4310 3592 4379 ὑμῖν
3639 4299 3768 4388 ἐστίν’

2179 4421 2206 4448 ‹‹
2242 4398 2518 4470 Ἐπιμένω
2549 4395 2607 4453 δὲ
2637 4396 2688 4452 ἐν
2749 4383 2981 4476 Ἐφέσῳ.
3015 4424 3045 4452 »
3099 4383 3321 4475 ἐφόδια
3367 4399 3660 4473 ἀγαπῶντος
3697 4383 3768 4452 ἦν,

2174 4486 2237 4541 τὸ
2267 4507 2325 4542 τε
2355 4486 2522 4542 εἰπεῖν
2554 4492 2660 4542 ποῦ
2690 4491 3004 4561 προσμένει,
3035 4490 3124 4544 καὶ
3153 4490 3217 4544 τὸ
3251 4491 3418 4564 μέχρι
3444 4484 3574 4552 τότε,
3606 4504 3630 4530 (ι
3651 4476 3768 4564 Ἒυξς

435 4573 582 4643 quit,
615 4581 810 4630 utrum
838 4574 1122 4631 Dominus
1157 4573 1478 4646 permittet.
1505 4572 1706 4643 itaque
1727 4589 1860 4628 mea
1885 4573 2080 4630 volun-

2200 4584 2284 4646 τῆς
2345 4560 2743 4648 Πεοτηκοστῆς.
2776 4604 2799 4628 ι’
2857 4579 3010 4658 φησί.
3063 4580 3169 4636 Καὶ
3203 4560 3290 4635 διὰ
3321 4560 3372 4634 τί
3405 4597 3418 4648 ;
3451 4599 3478 4630 ι(
3524 4570 3654 4642 Θύρα
3689 4560 3768 4637 γάρ

432 4668 524 4717 tas
572 4669 662 4718 est
711 4669 778 4719 ut
834 4663 992 4736 apud
1050 4679 1150 4720 vos
1199 4677 1601 4735 permaneam.
1640 4683 1667 4712 ‹‹
1726 4664 2074 4718 Commoror

435 4757 633 4806 autem
686 4753 921 4823 Ephesi.
982 4776 1007 4800 »ι
1045 4751 1440 4808 Vehementer
1469 4751 1723 4807 amantis
1783 4756 1909 4808 erat
1953 4759 2076 4808 tum

435 4842 651 4908 dicere,
683 4842 786 4897 ubi
818 4843 1076 4914 degeret.
1099 4850 1224 4899 tum
1258 4844 1436 4898 etiam
1477 4841 1743 4913 quandiu
1784 4842 1863 4898 ibi
1915 4860 2077 4898 com-

431 4937 786 4988 moraretur.
838 4932 1032 5004 Usque
1080 4933 1154 4988 ad
1228 4935 1639 4998 Pentecosten,
1728 4931 1939 5003 inquit.
2008 4933 2077 4988 Et

432 5038 614 5092 quare
637 5021 664 5077 ?
692 5046 716 5071 α
745 5023 888 5078 Nam
920 5022 1136 5078 ostium
1160 5023 1302 5078 mihi
1331 5027 1600 5092 apertum
1619 5027 1727 5076 est.
1765 5043 1792 5070 »
1825 5021 1943 5078 Hoc
1966 5027 2074 5090 est,

430 5112 603 5168 multi
638 5117 776 5168 sunt
805 5112 1119 5184 praeparati
1151 5112 1224 5168 ad
1256 5111 1697 5184 suscipiendam
1729 5109 1909 5167 fidem
1943 5129 1956 5167 :
1982 5111 2075 5167 in-

427 5219 665 5275 gressus
697 5219 834 5274 ergo
862 5201 1092 5257 mihiad
1127 5201 1262 5257 illos
1279 5207 1385 5258 est.
1413 5200 1686 5256 ldautem
1719 5199 2075 5256 conﬁdentis

429 5297 517 5346 est
546 5291 703 5364 quod
733 5291 953 5362 ubique
984 5296 1277 5347 terrarum
1299 5290 1583 5360 deinceps
1602 5288 1782 5343 fidem
1833 5295 2074 5361 proten-

427 5380 611 5436 deret.
648 5403 676 5431 «
701 5383 842 5436 Nam
875 5381 1093 5436 ostium
1123 5379 1266 5436 mihi
1294 5383 1564 5451 apertum
1587 5382 1675 5432 est
1705 5385 1765 5432 et
1792 5394 2072 5450 magnum

420 5476 487 5526 Aet
507 5470 732 5525 efﬁcax.
768 5494 796 5520 ››
837 5472 992 5528 584
1023 5472 1205 5543 Viget.
1233 5468 1449 5540 inquit,
1477 5483 1646 5523 mens
1678 5466 1919 5522 illorum
1971 5470 2071 5540 qui

2189 4687 2283 4739 μοι
2315 4667 2596 4740 ἀνέῳκται,
2634 4692 2660 4718 υ
2691 4667 2953 4738 τουτέστι,
2987 4665 3194 4725 πολλοί
3225 4669 3354 4725 εἰσιν
3399 4666 3450 4722 οἱ
3489 4671 3769 4735 παρεσκευα-

2188 4756 2376 4828 σμένοι
2415 4758 2514 4825 τὴν
2555 4755 2735 4812 πίστιν
2794 4753 3060 4830 δέξασθαι.
3121 4755 3366 4819 Ἐἴσοδος
3423 4755 3511 4808 οὖν
3558 4743 3658 4804 ἐστί
3700 4754 3771 4811 μοι

2184 4844 2323 4920 πρὸς
2354 4844 2568 4906 αὐτούς.
2625 4849 2796 4901 Τοῦτο
2853 4843 2910 4900 δὲ
2964 4847 3057 4902 καὶ
3107 4838 3596 4922 παραθαρρύνοντός
3639 4831 3766 4890 ἐστιν’

2185 4932 2268 4988 ὅτι
2328 4937 2612 5008 πανταχοῦ
2666 4938 2770 5009 γῆς
2827 4932 3020 4990 λοιπόν
3079 4933 3344 4991 ἁπλοῦται
3407 4933 3467 4987 τὸ
3538 4927 3769 4998 κήρυγμα·

2187 5046 2214 5074 (ι
2248 5020 2392 5096 θύρα
2435 5023 2538 5098 γάρ
2614 5044 2708 5096 μοι
2776 5021 2972 5100 ἀνέῳγε
3041 5023 3255 5100 μεγάλη
3320 5021 3412 5078 καὶ
3471 5013 3689 5100 ἐνεργός·
3744 5025 3762 5053 ’

2185 5095 2462 5184 Ἀκμάζει.
2494 5095 2647 5192 φησὶ.
2669 5116 2777 5168 τῶν
2833 5095 3135 5190 προσιέναι⁷
3169 5095 3477 5188 μελλόντων
3519 5107 3581 5178 τῇ
3626 5095 3767 5192 πίστει

2184 5201 2218 5270 ἡ
2253 5185 2689 5269 διάνοιαξοὺδὶν
2741 5185 2943 5277 χαῦνον
2975 5201 3011 5273 ἤ
3045 5185 3279 5280 δίψυχον
3324 5201 3532 5277 ἔχουσα.
3580 5185 3664 5280 Δ-ιά
3698 5196 3764 5280 τρι

2184 5267 2346 5345 τοῦτο
2377 5267 2864 5364 καὶ-ἀντικείμενοι
2895 5267 3125 5349 πολλοί..
3151 5267 3302 5367 "Scip
3341 5267 3437 5368 ἧὲιρ
3475 5284 3567 5359 ὁρᾷ
3612 5267 3764 5368 ὲαυτόγ

2186 5379 2215 5434 6
2269 5373 2530 5442 διάϐολος
2579 5380 2983 5456 γυμνούμενον,
3039 5380 3286 5456 τοσούτῳ
3364 5375 3647 5450 ταράσσεται
3695 5373 3764 5412 καί

2180 5467 2307 5530 τοὺς
2341 5467 2779 5543 ἐναντιουμένους
2809 5469 3082 5548 ἐξεγείρει.

426 5558 502 5615 ad
527 5558 702 5614 fidem
731 5560 1030 5617 accessuri
1063 5532 1222 5627 sunt,
1253 5532 1406 5614 nihil
1436 5532 1664 5613 laxum
1695 5555 1920 5613 habens
1968 5532 2071 5614 aut
2120 5532 2606 5617 fraudulentum}
2665 5532 2990 5635 propterea.
3033 5563 3210 5619 etiam
3269 5549 3565 5620 adversarii
3600 5532 3756 5600 mullia

429 5647 658 5713 Quanto
717 5649 877 5703 enim
938 5651 1122 5723 magis
1179 5648 1336 5705 videt
1411 5645 1679 5704 diabolus
1756 5661 1818 5702 se
1897 5648 2164 5722 spoliari,
2221 5655 2387 5708 tanto
2465 5651 2721 5725 amplius
2799 5651 3095 5724 turbatur,
3165 5659 3226 5710 et
3299 5637 3627 5709 adversarios
3678 5637 3758 5682 οι-

427 5736 591 5794 citat.
