4068 6254
242 290 398 349 ,901

1253 296 1663 360 COMMENT.
1711 303 1791 364 ΙΝ
1834 300 2090 368 EPIST.
2135 308 2161 371 Ι
2204 311 2309 373 AD
2353 314 2717 380 CORINTH.

3579 322 3698 400 902

268 436 279 453 ’
363 423 485 479 'Eiv
541 419 599 478 δὲ
668 421 815 500 ’ἐλθῃ
893 425 1185 499 Τιμόθεος,
1276 429 1504 505 βλέπετε
1571 432 1663 490 ἳνα
1719 431 1920 516 ἀφόϐως

328 510 338 531 ι
677 514 688 528 ι
820 515 833 531 .
897 520 922 530 -
1060 519 1071 531 .
1191 513 1214 531 ν
1406 525 1449 531 --
1533 523 1543 531 .
1664 524 1677 531 -
1787 525 1794 531 .

2125 442 2268 515 XVI,
2304 450 2487 508 10-12.
2516 454 2671 519 Quod
2724 456 2774 511 si
2818 463 3028 517 venerit
3069 464 3400 531 Timotheus.
3432 470 3607 527 videte
3634 482 3696 530 ut

240 510 529 586 ,γένηταυ
594 514 729 587 πρὸς
814 515 954 587 ὑμᾶς
1014 519 1114 592 γὰρ
1186 513 1346 596 ἔργον
1406 523 1609 591 Κυρίου
1661 524 1940 602 ἐργέίζεται

284 603 365 664 ὡς
398 602 487 656 καὶ
546 602 670 676 ἐγὼ.
734 606 824 675 Μή
883 627 965 668 τις
1026 609 1117 662 οὖν
1171 608 1329 664 αὐτὸν
1386 609 1729 688 ἐξουθενήσῃ.
1801 617 1942 691 Πρὸ-

288 690 545 765 πέμψατε
596 690 651 748 δὲ
707 693 871 748 αὐτὸν
924 694 976 749 ἐν
1053 696 1264 773 εἰρήνῃ,
1318 697 1408 754 Ἵνα
1464 696 1598 775 ἔλθῃ
1655 704 1791 779 πρός
1854 727 1942 779 με.

283 776 625 859 Ἐκδέχομαι
678 784 781 856 γὰρ
867 784 1025 839 αὐτὸν
1105 788 1242 858 μετά
1323 794 1431 845 τῶν
1484 790 1757 870 ἀδελφῶν.
1811 795 1942 871 Περὶ

232 909 244 917 .
286 865 349 924 δὲ
409 868 640 927 Ἀπλλῶ
696 869 793 926 τοῦ
850 870 1088 952 ἀδελφοῦ
1125 920 1139 945 ,
1200 875 1387 933 πολλὰ
1445 882 1788 954 παρεκὶλεσα
1844 885 1940 938 αῦ-

283 960 408 1027 τὸν,
466 956 559 1014 ’ἶνα
613 953 754 1036 ἔλθῃ
811 964 947 1036 πρὸς
1008 965 1148 1037 ὑμᾶς
1204 972 1311 1021 τῶν
1372 965 1598 1028 ἁδελών.
1654 972 1744 1026 καὶ
1805 973 1939 1027 παν-

232 1067 398 1109 -τως
445 1046 544 1101 οῦκ
598 1047 665 1116 ἧν
728 1047 945 1123 θέλημα
1008 1048 1104 1107 ’ίνα
1160 1052 1250 1107 νῦν
1305 1051 1455 1131 ἓλθῃ.
1518 1058 1825 1115 Ἐλεύσεται
1883 1056 1940 1115 δὲ

285 1135 419 1191 δυαν
454 1139 764 1212 ευκαιρήσῃ.

360 1225 484 1301 Οὐχ
508 1223 602 1281 ἵνα
630 1229 704 1299 μή
738 1248 820 1289 τις
843 1229 991 1302 αῦτῷ
1015 1226 1379 1308 ἐπιϐουλεύσῃ
1410 1241 1519 1290 τῶν
1550 1235 1938 1295 πλουτούντων

281 1314 321 1383 ἢ
358 1313 518 1391 σοφίᾳ
541 1315 905 1386 πεποιθότων,
935 1319 1056 1393 περί
1077 1320 1148 1375 ὧν
1162 1319 1213 1375 ἐν
1238 1322 1437 1398 ἀρχαῖς
1466 1319 1646 1400 ἔλεγεν
1671 1328 1743 1388 ὡς
1766 1348 1936 1404 παρα-

285 1404 550 1458 σπώντων
581 1405 707 1467 τοὸς
740 1408 1009 1479 μαθητὰς,
1034 1406 1122 1464 διὰ
1146 1415 1303 1466 τοῦτο
1349 1411 1517 1489 λέγει.
1556 1441 1582 1467 ‹‹
1620 1415 1873 1492 Ἀφὸὅως
1902 1440 1930 1474 ι

284 1493 341 1566 (ὁ
375 1493 594 1569 μὲνγᾶρ
643 1496 922 1568 Τομόθεος
980 1499 1151 1554 πάντα
1206 1502 1271 1571 ἦν
1329 1499 1553 1575 ἕτοιμος
1602 1505 1931 1583 ὑπομεῖναι),

225 1634 233 1642 ,
280 1580 519 1637 ἀλλ’ἵνα
539 1585 614 1655 μή
645 1585 697 1639 οι
717 1582 1006 1643 ἐπίϐουλοι
1032 1583 1305 1662 βλαϐῶσε.
1336 1595 1525 1655 Καλῶς
1549 1592 1607 1649 aa
1628 1597 1709 1663 τὸ,
1735 1622 1761 1647 ..
1793 1580 1933 1670 Ηρδξ

278 1670 449 1743 ὑμᾶς.
479 1695 507 1724 ι)
542 1674 634 1741 Μὴ
661 1674 765 1749 γᾶρ
802 1696 918 1747 μοι,
951 1678 1130 1754 φησῖν,
1154 1679 1435 1751 ’Έλληνας
1482 1682 1656 1758 εἶ’πῃς,
1701 1684 1835 1748 τέως
1866 1688 1933 1743 τὰ

274 1761 413 1835 ’παρ’
438 1761 590 1834 ὑμῶν
625 1766 791 1832 ζητῶ.
816 1788 843 1816 ‹‹
867 1766 937 1820 Τὸ
976 1766 1081 1839 γὰρ
1102 1760 1260 1841 ἔργον
1312 1770 1509 1846 Κυρίου
1567 1772 1865 1848 ἐργάζεται.
1900 1800 1930 1828 ››

234 1892 237 1893 ν
272 1848 417 1905 Εἶτα
447 1848 552 1905 ἀπὸ
582 1855 678 1905 τοῦ
708 1845 870 1928 ἔργου
899 1857 999 1908 τοῦ
1031 1852 1299 1912 διδάσκειν
1331 1860 1422 1914 καὶ
1466 1862 1774 1937 κηρύσσειν,
1838 1869 1928 1919 καί

274 1938 388 1994 ἀπὸ
416 1944 515 1994 τοῦ
545 1941 747 2010 ἱσάζειν
783 1943 979 2016 ἒᾳυτῷ,
1019 1943 1212 2023 ἐξαίρει
1268 1950 1359 2005 τὸν
1411 1950 1595 2027 ἄνδρα.
1650 1980 1671 2004 ι
1724 1956 1814 2024 Mi;
1843 1977 1928 2019 τις

274 2026 372 2082 οῦν
401 2028 567 2083 αὐτὸν
599 2029 941 2106 ἐξουθενήσῃ.
971 2056 998 2085 ν
1038 2038 1134 2089 Ἤν
1191 2036 1291 2111 γὰρ
1342 2037 1431 2093 καὶ
1462 2026 1583 2103 νέος
1612 2041 1702 2096 καὶ
1739 2044 1928 2116 μόνος,

269 2117 367 2170 καὶ
424 2116 689 2173 τοσούτου
764 2116 947 2192 δήμου
1015 2122 1271 2201 φροντίδα
1327 2126 1716 2203 ἐπετέτραπτο,
1777 2133 1929 2187 ἅτινα

234 2206 452 2262 στάντα
471 2210 926 2287 καταφρονήσεως
961 2218 1221 2288 παρεῖχεν
1279 2215 1550 2291 ἀφορμάς.
1612 2244 1632 2270 ι
1675 2221 1930 2295 Προπέμ-

274 2298 415 2369 ψατε
446 2296 605 2351 αὐτὸν
628 2295 681 2351 ἐν
708 2297 915 2373 εἰρήνῃ.
945 2326 973 2352 »
1004 2303 1090 2371 Μὴ
1119 2302 1300 2382 μάχας
1324 2306 1476 2380 αὖτῷ
1495 2307 1587 2362 καὶ
1610 2307 1926 2386 φλονεικίας

272 2386 624 2466 παράσχητε,
660 2384 802 2459 μηδὲ
835 2390 977 2463 παρά
1015 2412 1161 2455 τινος
1214 2390 1674 2466 ἐπιϐουλευθῆναι
1704 2419 1926 2476 συγχω-

232 2523 243 2531 .
269 2480 501 2554 ρήσητε.
535 2477 609 2534 Τὸ
640 2474 717 2548 δὲ,
753 2504 781 2531 ‹‹
818 2477 1149 2556 Ἐκδὲχομαι
1182 2482 1367 2553 αὐτὸν,
1402 2509 1427 2539 υ
1462 2482 1760 2563 φοϐοῦντός
1782 2489 1922 2545 ἐστιν

236 2565 367 2623 ,ἵνα
408 2565 608 2629 εἰδότες
639 2567 721 2623 ὅτι
754 2572 925 2624 πάντα
959 2570 1104 2637 αῦτῷ
1147 2572 1466 2651 ἀπαγγελεῖ,
1529 2574 1697 2649 μηδὲν
1758 2578 1922 2634 αὐτὸν

242 2704 255 2709 ,
277 2656 575 2730 θλίψωσιν·
614 2656 727 2730 ἅμα
758 2655 815 2713 δὲ
844 2659 933 2713 καὶ
965 2681 996 2714 α
1025 2660 1301 2729 Ειόπιστον
1360 2664 1542 2738 τούτῳ
1599 2673 1773 2722 ποιῶν
1831 2669 1921 2723 τὸν

286 2746 582 2818 Τιμόθεον,
612 2746 686 2802 ὅτι
720 2749 748 2802 ὁ
784 2748 997 2812 Παῦλος
1019 2751 1195 2807 καίτοι
1230 2752 1373 2828 ἔχων
1413 2755 1466 2810 τί
1495 2762 1692 2825 ποιεῖν,
1725 2755 1795 2813 δι’
1828 2759 1926 2814 αῦ-

290 2834 387 2889 τὸν
406 2835 706 2909 περιμᾶνειν
733 2837 912 2910 φρσίν.
941 2864 966 2891 «
985 2839 1112 2914 Ηερὶ
1138 2837 1473 2899 δὲἈπολλῶ
1491 2845 1859 2924 τοῦάδελφοῦ.
1890 2872 1918 2901 ››

285 2924 349 2980 Ὀ
403 2922 690 2988 Ἀπολλὼς
740 2928 826 2982 καὶ
902 2925 1267 3004 πρεσϐύτερος
1350 2933 1416 3001 ἧν
1471 2939 1567 2989 τοῦ
1621 2922 1918 3010 Τιμοθέου,

274 3013 367 3067 καὶ
402 3010 591 3088 λόγιος
621 3014 776 3090 ἀνήρ.
809 3018 919 3073 Ἲνα
948 3021 1038 3072 οῦν
1074 3020 1150 3090 μὴ
1186 3020 1411 3095 λέγωσι,
1454 3024 1522 3080 Τί
1553 3020 1619 3094 δή
1665 3046 1792 3080 ποτε
1825 3024 1919 3081 αῦ-

236 3101 366 3169 ⁵τὸν
396 3102 500 3156 ούκ
527 3096 773 3177 ἔπεμψε;
830 3104 919 3159 καὶ
969 3103 1065 3161 (ίνα
1126 3108 1202 3181 μὴ
1258 3109 1524 3183 νομίσωσι
1582 3122 1918 3188 προτετιμῆ-

274 3192 400 3245 σθαι
456 3192 549 3246 τὸν
604 3193 888 3265 Τιμόθεον,
929 3195 1207 3273 ἀμφότερα
1254 3199 1555 3275 θεραπεύει,
1613 3207 1692 3274 τῷ
1744 3223 1919 3279 παρα-

383 3279 401 3310 ι
583 3283 599 3301 κ
738 3280 752 3301 9
802 3284 815 3301 \
924 3283 937 3303 τ
993 3305 1011 3315 ε,
1094 3289 1140 3317 ,υ
1305 3290 1319 3308 ε
1459 3294 1481 3306 -ο
1554 3313 1563 3331 ν
1661 3292 1675 3308 κ
1763 3294 1778 3319 ι
1812 3300 1823 3317 ι
1898 3292 1913 3312 \

269 3280 497 3336 γαλισαι
542 3303 637 3354 μεν
695 3302 855 3337 αυτον
914 3285 1187 3351 απιλθειν,
1251 3309 1326 3359 μη
1387 3309 1568 3345 πεισα.
1631 3289 1706 3348 δε.
1785 3299 1914 3348 Isne:

272 3372 352 3442 μὴ
379 3371 470 3439 ἦν,
495 3372 650 3449 φησὶ,
684 3372 899 3442 θέλημα
926 3377 1077 3429 Θεοῦ.
1113 3399 1141 3427 ι(
1176 3375 1483 3433 Ἐλεύσεται
1517 3376 1592 3435 δέ.
1626 3404 1654 3433 ››
1699 3383 1806 3438 ⁶Ινα
1840 3384 1916 3457 μή

266 3459 576 3531 νομίσωσιν
599 3459 684 3515 ὅτι
712 3464 909 3535 σκῆψις
937 3467 1105 3519 ταῦτα
1162 3464 1249 3519 καὶ
1306 3467 1597 3548 πρόφασις,
1656 3471 1801 3527 εἶπεν
1836 3471 1918 3527 ὅτι

268 3546 567 3605 ἐλεύσεται.

344 3827 690 3898 Γρηγορεῖτε,
776 3827 1001 3896 στήκετε
1082 3828 1134 3883 ἐν
1200 3833 1268 3904 τῇ
1327 3830 1526 3903 πίστει,
1584 3831 1915 3909 ἀνδρίζεσθε,

266 3916 629 3986 κραταιοῦσθε
662 3955 677 3979 ,
762 3914 938 3970 πάντα
1042 3917 1194 3989 ὑμῶν
1281 3918 1331 3973 ὲν
1418 3920 1595 3995 ἀγάπῃ
1666 3924 1915 3997 γινέσθω.

242 4000 607 4073 ,Παραικαλῶ
662 3999 719 4057 δὲ
770 4004 929 4075 ὑμᾶς,
1016 4004 1290 4084 ἀδελφοὶ,
1351 4006 1532 4065 ο’Ῐδατε
1586 4013 1686 4081 τὴν
1746 4011 1919 4069 οἷ’κίαν

271 4088 516 4165 Στεφανα
550 4132 563 4157 ,
625 4087 708 4144 ὅτι
762 4084 905 4145 ἔστιν
959 4093 1185 4172 ἀπαρχὴ
1238 4102 1338 4164 τῆς
1387 4097 1640 4173 Ἀχαΐας,
1694 4100 1783 4155 καὶ
1841 4101 1917 4164 εἷς

264 4173 544 4231 διακονίαν
626 4182 743 4240 τοῖς
821 4180 994 4256 ἁγίοις
1084 4180 1267 4252 ἔταξαν
1357 4184 1607 4253 ἑαυτοὺς,
1681 4186 1772 4243 ’ίνα
1827 4192 1918 4245 καὶ

265 4265 427 4339 ὑμεῖς
490 4268 865 4340 ὑποτασσησθε
918 4277 1035 4335 τοῖς
1092 4274 1367 4337 τοιούτοις
1403 4320 1418 4349 ,
1466 4279 1556 4333 καὶ
1614 4280 1779 4337 παντὶ
1840 4285 1920 4355 τῷ

233 4359 605 4431 συνεργοῦντι
637 4359 727 4413 καί
756 4366 1054 4421 κοπιῶντι.

234 4478 241 4483 -
332 4445 423 4505 Ὧς
454 4446 578 4521 περὶ
608 4445 1007 4520 καθευδόντων,
1040 4453 1131 4507 καὶ
1194 4456 1577 4527 σαλευομένων
1606 4457 1695 4513 καὶ
1747 4458 1919 4532 μαλα-

259 4536 569 4604 κιζομένων
612 4537 703 4591 καὶ
760 4540 982 4614 νωθρων
1036 4541 1064 4596 ὁ
1116 4541 1303 4617 λόγος,
1358 4546 1443 4613 τὸ,
1506 4552 1744 4622 Υρηγορε

256 4622 377 4692 καῖ,
415 4649 433 4671 ι
461 4625 712 4694 Στήκετε.
750 4628 912 4695 meai,
960 4626 1310 4704 Ἀνδρίζεσθε,
1346 4658 1374 4684 η
1411 4635 1500 4688 κεί
1536 4660 1563 4687 ‹‹
1601 4642 1909 4711 Κραταιοῦ-

230 4712 376 4766 .σθε.
404 4736 433 4761 ››
456 4744 524 4754 —-
556 4738 582 4764 ‹‹
620 4714 793 4769 Ηᾶντα
826 4716 978 4786 ὑμῶν
1014 4718 1067 4772 ἐν
1096 4719 1281 4795 ἀγάπῃ
1314 4720 1562 4797 γινέσθω.
1592 4748 1615 4777 ι
1674 4724 1800 4782 δῖ’-τε
1827 4748 1911 4793 τις

240 4796 569 4869 Biduum:
588 4802 666 4858 ’τε
694 4824 779 4867 τις
811 4804 997 4881 ἄρχει,
1031 4806 1136 4863 εἴτε
1166 4830 1217 4863 τι
1243 4816 1412 4880 ποιεῖ,
1435 4810 1621 4889 ἀγάπη
1647 4817 1911 4890 προηγεί-

262 4891 397 4958 σθω,
438 4892 622 4961 φησίν.
673 4918 699 4944 α
732 4895 1038 4971 Παρακαλῶ
1070 4896 1125 4952 δὲ
1159 4898 1317 4972 ὑμᾶς.
1353 4926 1375 4954 ι
1447 4903 1523 4957 Τὸ
1585 4899 1909 4977 ὑπερϐατὸν,

259 4979 566 5052 παρακαλῶ
595 4982 755 5055 ὑμᾶς,
788 4982 1039 5065 ἀδελφοὶ,
1072 4984 1166 5042 ’ίνα
1196 4988 1284 5043 καὶ
1321 4989 1476 5063 ὑμεῖς
1541 4992 1909 5064 ὑποτάσσησθε

256 5073 381 5132 τοῖς
408 5071 702 5135 τοιούτοις.
737 5073 929 5137 Ποίοις
966 5096 981 5146 ;
1031 5079 1163 5139 Τοῖς
1222 5080 1544 5154 ἀφορὲσασιν
1577 5084 1798 5147 ἑαυτοὺς
1830 5085 1907 5148 εἷς

253 5160 322 5214 τὸ
358 5158 620 5217 διακονεῖν
648 5170 766 5226 τοῖς
799 5165 995 5239 ὁγίοις,
1028 5169 1117 5222 καὶ
1174 5172 1250 5242 μή
1305 5171 1466 5242 μόνον
1517 5174 1726 5243 αὐτοῖς,
1762 5176 1908 5234 ἀλλᾶ

230 5250 348 5303 ικαὶ
404 5253 559 5306 παντί
637 5258 716 5324 τῷ
797 5258 1141 5329 συνεργοῦντι
1216 5261 1304 5314 καὶ
1364 5268 1623 5318 κοπιῶντι
1681 5265 1756 5328 ε“ς
1808 5270 1907 5336 τήν

252 5340 449 5413 χρείαν
476 5344 585 5395 τῶν
626 5344 814 5417 ἁγίων.
876 5371 895 5393 α
932 5344 1137 5402 ΟΫδατα
1194 5350 1293 5418 τήν
1350 5350 1521 5405 οἰκίαν
1581 5360 1837 5431 Στεφανᾶ.
1873 5382 1903 5412 ιο

251 5431 358 5485 Καὶ
398 5430 550 5501 ὑμεῖς
580 5428 714 5501 ἴστε,
749 5434 902 5510 φησὶ,
947 5441 1064 5500 πῶς
1118 5437 1406 5512 κάμνουσι,
1462 5443 1552 5497 καὶ
1610 5444 1672 5498 οῦ
1730 5442 1905 5512 δεῖσθε

246 5520 380 5593 ’παρ’
410 5516 547 5592 ἐμοῦ
583 5523 792 5594 μαθεῖν.
824 5525 1113 5601 Ἀπαρχήν
1146 5523 1204 5582 δὲ
1235 5528 1382 5605 λὲγει
1438 5533 1530 5587 τὸν
1583 5533 1755 5603 οἶκον,
1816 5534 1906 5592 διὰ

220 5610 317 5681 ,τὸ
375 5609 627 5684 πρώτους
686 5611 882 5674 αὐτοὺς
955 5620 1253 5701 πιστεῦσαι,
1306 5618 1342 5688 ἢ
1389 5620 1457 5676 τὰ
1511 5624 1699 5699 πρῶτα
1754 5621 1901 5701 ἔχειν

2053 537 2253 607 absque
2278 548 2422 597 metu
2453 546 2522 598 sit
2551 548 2703 616 apud
2743 566 2852 607 vos.
2896 552 3041 622 Opus
3070 556 3215 612 enim
3248 562 3466 616 Domini
3495 580 3692 634 opera-

2054 632 2147 679 tur
2172 630 2313 683 sicut
2342 639 2393 686 et
2418 650 2532 702 ego.
2564 637 2638 690 Ne
2667 640 2790 706 quis
2834 656 2960 711 ergo
2992 645 3171 712 ipsum
3198 657 3423 717 spernat
3450 669 3468 706 :
3486 630 3580 707 sed
3598 655 3691 709 de-

2052 715 2236 772 ducite
2264 735 2385 775 eum
2428 724 2486 777 in
2512 740 2669 793 pace,
2692 734 2755 781 ut
2784 729 2853 784 ad
2894 747 2978 785 me
3015 737 3218 791 veniat.
3253 740 3519 809 Exspecto
3550 744 3692 797 enim

2050 804 2209 860 illum
2240 824 2359 864 cum
2400 813 2689 878 fratribus.
2728 818 2900 874 Porro
2949 821 3015 875 de
3041 824 3242 893 Apollo
3279 804 3496 895 fro—tre:
3548 832 3694 886 mul-

2051 899 2167 948 tum
2190 896 2438 955 hortatus
2467 917 2587 956 sum
2616 904 2796 967 illum.
2833 916 2895 963 ut
2927 911 3033 965 iret
3061 913 3136 967 ad
3189 931 3282 971 vos
3324 933 3444 973 cum
3497 922 3695 988 fratri-

2051 982 2167 1046 bus,
2225 993 2275 1040 et
2323 992 2546 1047 omnino
2600 1010 2712 1048 non
2771 1004 2887 1052 erat
2933 1000 3187 1059 voluntas
3249 1013 3311 1061 ut
3374 1024 3522 1063 nunc
3566 1012 3688 1065 iret.

2048 1074 2429 1143 Proﬁciscetur
2455 1089 2657 1151 autem,
2688 1102 2809 1141 cum
2864 1096 3058 1146 nactus
3085 1095 3262 1161 fuerit
3307 1105 3691 1168 Opportunzta-

2048 1171 2175 1219 tem.

2118 1256 2242 1311 Non
2274 1266 2589 1330 propterea
2621 1263 2783 1336 dicit,
2819 1268 2947 1324 sine
3004 1272 3236 1342 timore,
3294 1275 3407 1333 hoc
3451 1286 3557 1343 est,
3614 1299 3688 1339 ne

2048 1344 2181 1413 quis
2212 1345 2321 1416 ipsi
2356 1348 2674 1407 insidietur
2702 1354 2942 1414 divitum
3003 1368 3105 1416 aut
3162 1366 3455 1437 sapientia
3502 1372 3687 1427 conﬁ-

2045 1432 2413 1504 dentium,de
2444 1442 2659 1510 quibus
2686 1446 2843 1502 circa
2874 1449 3042 1523 initia
3072 1432 3407 1528 dixit-quod
3460 1461 3690 1518 abstra-

2044 1522 2255 1579 herent
2283 1526 2776 1600 discipulos.Nam
2801 1537 3140 1598 Timotheus
3172 1548 3370 1602 omnia
3392 1552 3688 1607 sustinere

2042 1618 2283 1681 paratus
2314 1622 2441 1671 erat
2474 1619 2615 1673 :sed
2648 1638 2721 1677 ne
2771 1623 3149 1686 insidiatores
3205 1642 3477 1691 noceant.
3533 1639 3687 1694 Bene

2043 1708 2241 1759 autem
2272 1705 2451 1764 dicit:
2489 1731 2516 1760 «
2539 1712 2707 1782 Apud
2739 1732 2857 1771 vos.
2887 1739 2914 1766 »
2946 1720 3025 1774 Ne
3054 1722 3212 1778 enim
3261 1726 3406 1781 mihi
3456 1729 3688 1785 Graecos

2044 1789 2226 1860 dicas,
2260 1793 2498 1852 interim
2552 1816 2682 1870 quin
2713 1820 2747 1858 a
2774 1805 2944 1863 vobis
3001 1815 3268 1880 praastari
3301 1824 3547 1887 possunt
3591 1836 3690 1875 re-

2040 1882 2233 1950 quiro.
2270 1905 2298 1933 ‹‹
2332 1884 2489 1956 Opus
2517 1890 2677 1945 enim
2710 1893 2941 1951 Domini
2974 1909 3270 1970 Operatur.
3301 1882 3331 1954 ξ)
3355 1906 3578 1963 Deinde
3611 1908 3684 1963 ab

2039 1985 2218 2040 opere
2247 1970 2500 2029 docendi
2524 1982 2980 2051 etpraedicandi,
3005 2004 3073 2043 ac
3094 1990 3204 2046 sibi
3229 1992 3341 2064 ipsi
3371 1996 3686 2067 aequando,

2036 2059 2225 2116 virum
2257 2064 2503 2121 extollit.
2540 2091 2566 2117 ‹‹
2617 2070 2698 2125 Ne
2730 2074 2863 2142 quis
2920 2093 3057 2150 ergo
3117 2059 3312 2151 ipsum
3364 2059 3624 2156 spernat.
3658 2059 3687 2138 si

2036 2149 2182 2204 Nam
2207 2151 2445 2222 juvenis
2478 2157 2680 2215 eralet
2709 2163 2894 2224 solus.
2928 2149 3197 2241 tantique
3226 2149 3430 2245 populi
3483 2194 3686 2233 curam

2038 2248 2376 2311 susceperat
2410 2259 2423 2297 :
2460 2262 2589 2316 quae
2619 2252 2821 2308 omnia
2842 2256 3107 2325 praebent
3129 2264 3474 2320 occasiones
3495 2265 3687 2337 despi-

2036 2326 2252 2382 ciendi.
2289 2351 2316 2378 «
2347 2331 2627 2391 Deducite
2661 2355 2798 2395 eum
2822 2342 2884 2397 iu
2918 2361 3082 2416 pace.
3112 2371 3131 2397 ι
3170 2352 3250 2405 Ne
3281 2368 3509 2425 pugnas
3568 2326 3682 2426 ipsi

2035 2422 2137 2471 aut
2166 2421 2580 2479 contentiones
2640 2430 2959 2500 suscitetis,
2996 2452 3191 2507 neque
3238 2421 3686 2511 permittatis-ut

2034 2504 2135 2590 ab_
2151 2506 2351 2578 aliquo
2404 2513 2663 2582 patiatur
2720 2518 2991 2578 insidias.
3026 2504 3190 2589 Quod
3218 2504 3416 2585 autem
3448 2534 3679 2590 subdit:

2035 2605 2063 2634 «
2096 2587 2383 2659 Exspecto
2414 2608 2571 2663 eum,
2598 2616 2626 2645 ››
2659 2602 2940 2658 terrentis
2971 2587 3081 2672 est,
3114 2615 3177 2663 ut
3234 2611 3491 2667 scientes
3525 2615 3683 2685 quod

2033 2676 2235 2731 omnia
2264 2678 2373 2749 ipsi
2405 2686 2855 2745 renuntiaturus
2887 2694 2982 2757 sit,
3014 2694 3074 2749 iu
3120 2697 3286 2753 nullo
3336 2717 3473 2756 eum
3531 2702 3683 2757 afﬂi-

2031 2771 2191 2836 gant.
2244 2767 2430 2825 Simul
2463 2772 2639 2829 etiam
2694 2794 2799 2848 per
2830 2781 2940 2837 hoc
2990 2783 3104 2840 ﬁde
3146 2785 3387 2859 dignum
3420 2790 3678 2847 reddens

2030 2856 2399 2915 Timotheum
2432 2864 2589 2933 quod
2611 2868 2825 2925 Paulus
2852 2872 2991 2929 licet
3012 2856 3239 2933 habens
3267 2880 3426 2951 quod
3457 2888 3676 2955 ageret,

2028 2953 2270 3017 propter
2286 2948 2479 3020 ipsum
2502 2965 2841 3026 exspectare
2865 2979 2925 3016 se
2946 2963 3104 3020 dicat
3132 2948 3343 3023 «Porro
3371 2970 3441 3026 de
3467 2948 3673 3043 apollo

2027 3033 2227 3092 fratre.
2266 3061 2286 3087 ι
2319 3041 2563 3111 Apollos
2593 3052 2650 3100 et
2682 3050 2881 3106 senior
2910 3061 3037 3109 erat
3056 3057 3360 3116 Timotheo
3384 3067 3442 3116 et
3462 3033 3668 3119 doctus

2029 3138 2095 3179 ac
2127 3126 2388 3195 prudens
2411 3130 2514 3186 vir.
2549 3135 2628 3189 Ne
2661 3152 2796 3209 ergo
2814 3140 3052 3199 dicant:
3079 3147 3472 3212 Quamobrem
3496 3152 3667 3208 illum

1948 3206 1992 3270 C
2024 3229 2145 3268 non
2178 3215 2389 3271 misisti
2425 3235 2439 3285 ;
2474 3225 2531 3275 et
2561 3238 2634 3278 ne
2678 3227 3087 3289 existimarent
3116 3240 3501 3310 praepositum
3534 3257 3662 3296 esse

2022 3303 2394 3362 Timotheum
2421 3325 2434 3375 ;
2488 3318 2805 3387 utrumque
2850 3328 3036 3391 curat,
3069 3303 3133 3380 et
3156 3303 3426 3400 ait-quod
3456 3331 3663 3386 exhor-

2024 3396 2178 3447 tatus
2212 3394 2287 3449 sit
2316 3396 2485 3453 illum
2518 3406 2581 3455 ut
2618 3405 3112 3484 proficisceretur,
3148 3394 3497 3475 non—autem
3529 3436 3664 3491 per-

2024 3483 2295 3538 suaserit.
2330 3485 2618 3551 Quoniam
2650 3509 2771 3550 non
2802 3505 2948 3563 erat,
2989 3502 3203 3574 inquit,
3232 3506 3509 3565 voluntas
3542 3509 3663 3565 Dei.

2025 3592 2052 3620 «
2086 3573 2502 3633 Proﬁciscetur
2530 3589 2748 3639 autem.
2782 3607 2812 3636 ››
2871 3590 2951 3645 Ne
3001 3573 3410 3653 existimarent
3447 3600 3573 3654 haec
3605 3599 3668 3655 ﬁ-

2023 3661 2281 3719 ctionem
2311 3680 2378 3721 ac
2407 3674 2758 3738 praetextum
2792 3693 2941 3749 esse,
2966 3680 3112 3738 dicit
3140 3686 3297 3755 quod
3326 3688 3668 3759 proﬁcisce-

1984 3772 1989 3777 ·
2024 3757 2134 3810 tur.

2094 3849 2244 3907 585
2300 3853 2441 3917 XVI.
2492 3858 2676 3912 13-16.
2735 3860 3026 3929 Vigilate:
3067 3870 3210 3919 state
3236 3867 3379 3933 ﬁde:
3428 3868 3668 3924 viriliter

2024 3939 2173 4007 agite
2191 3956 2210 3993 :
2232 3943 2404 4007 fortes
2433 3951 2621 4000 estote.
2646 3948 2839 4003 Omnia
2850 3957 3030 4005 vestra
3036 3968 3139 4021 per
3160 3953 3483 4010 charitatem
3504 3961 3665 4026 ﬁunt.

2024 4027 2281 4083 Obscecro
2296 4038 2480 4086 autem
2506 4049 2617 4097 vos,
2651 4038 2872 4105 fratres,
2893 4042 3067 4095 nostis
3083 4042 3357 4109 familiam
3374 4046 3668 4116 Stephanae

2024 4131 2132 4170 esse
2154 4120 2437 4186 primitias
2480 4122 2725 4187 Achaiae,
2766 4133 2818 4180 et
2876 4129 3022 4198 quod
3049 4132 3105 4184 in
3136 4133 3502 4190 ministerium
3532 4153 3659 4192 san-

2024 4207 2122 4260 ctis
2150 4207 2485 4265 ordinarunt
2508 4215 2742 4282 seipsos:
2774 4223 2835 4270 ut
2866 4224 2916 4272 et
2945 4235 3035 4275 vos
3063 4220 3272 4276 subditi
3291 4224 3413 4281 sitis
3440 4228 3665 4291 talibus,

2024 4297 2277 4366 omnique
2297 4300 2590 4371 adjuvanti
2616 4320 2678 4360 ac
2712 4304 3009 4363 laboranti.

2095 4481 2396 4553 Tanquam
2419 4483 2491 4542 de
2523 4486 2955 4548 dormientibus
2974 4510 3040 4549 ac
3067 4493 3670 4555 ﬂuctuantibusmol-

1750 4554 1915 4647 33L”
1949 4558 1993 4623 Ι)
2024 4567 2388 4631 lescentibus
2444 4592 2512 4632 ac
2567 4581 2844 4647 segnibus
2877 4600 3071 4638 sermo
3122 4592 3210 4639 est
3240 4602 3375 4641 cum
3406 4585 3661 4644 dicitur:

2022 4679 2051 4709 ‹‹
2076 4660 2341 4733 Vigilate,
2374 4683 2405 4716 ι»
2432 4672 2491 4720 et
2519 4688 2549 4717 ‹‹
2583 4668 2759 4732 State,
2792 4692 2821 4722 »
2854 4678 2913 4726 et
2942 4696 2968 4720 ‹‹
3009 4672 3268 4729 Virili'er
3311 4676 3486 4749 agite.
3512 4698 3539 4727 »
3599 4692 3668 4733 ac

2023 4768 2047 4800 α
2084 4749 2286 4806 Fortes
2310 4759 2517 4810 estote.
2552 4776 2582 4808 »
2613 4788 2682 4799 -
2713 4782 2740 4808 ‹‹
2774 4760 2985 4816 Omnia
3012 4767 3203 4819 vestra
3249 4781 3355 4835 per
3412 4766 3670 4822 charita—

2020 4842 2138 4893 tem
2172 4840 2335 4896 ﬂant.
2372 4866 2401 4893 κ
2444 4844 2569 4901 Sive
2603 4848 2736 4917 quis
2770 4848 2996 4917 doceat,
3033 4852 3149 4908 sive
3183 4854 3314 4924 quis
3369 4856 3671 4927 principa-

2018 4933 2144 4985 tum
2179 4939 2362 5004 gerat,
2396 4935 2515 4990 sive
2541 4937 2681 5006 quid
2713 4939 2875 4994 aliud
2901 4940 3096 5008 faciat,
3132 4946 3416 5011 Charitas,
3452 4947 3671 5017 inquit,

2019 5024 2077 5073 et
2107 5019 2343 5076 dilectio
2375 5025 2688 5095 praecedat.
2729 5052 2747 5076 ιι
2785 5028 3072 5087 Obscecro
3105 5040 3303 5089 autem
3335 5052 3452 5090 vos-
3492 5057 3514 5084 ι›
3555 5036 3665 5106 Hy-

2016 5109 2303 5178 perbaton
2337 5118 2444 5168 est.
2478 5113 2733 5171 Obsecro
2757 5134 2876 5175 vos.
2902 5118 3206 5190 fratres,ut
3236 5130 3415 5178 etvos
3446 5123 3665 5192 subditi

2018 5197 2148 5252 sitis
2177 5199 2413 5255 talibus.
2466 5204 2943 5273 Qualibus?Qui
2996 5211 3222 5281 seipsos
3282 5212 3342 5266 in
3396 5212 3670 5267 ministe-

2016 5285 2171 5340 rium
2212 5295 2556 5346 sanctorum
2617 5304 3020 5364 segregarunt.
3074 5315 3184 5354 nec
3245 5299 3439 5355 solum
3473 5300 3666 5371 ipsis:

2014 5391 2215 5431 verum
2250 5379 2428 5433 etiam
2460 5382 2621 5435 omni
2646 5383 2950 5453 adjuvanti
2976 5402 3043 5441 ac
3069 5386 3359 5442 laboranti
3391 5388 3464 5444 ad
3493 5389 3674 5443 mini—

2017 5468 2263 5523 sterium
2297 5476 2640 5526 sanctorum
2672 5494 2701 5523 »
2735 5474 2928 5530 Nostis
2957 5476 3247 5532 familiam
3297 5478 3669 5550 Stephants.»

2014 5556 2085 5611 Et
2111 5572 2235 5617 vos.
2271 5556 2678 5631 inquit,scitis.
2707 5564 3007 5637 quomodo
3041 5566 3331 5636 laborent,
3365 5585 3471 5627 nec
3506 5569 3671 5627 vobis

2015 5660 2165 5719 opus
2196 5652 2381 5704 estut
2410 5666 2444 5705 a
2487 5666 2582 5708 me
2621 5650 2882 5715 discetis.
2935 5655 3237 5715 Primitius
3276 5664 3475 5716 autem
3529 5658 3670 5724 dicit
