4068 6254
465 294 583 358 903

1585 296 1935 361 ἝΟΗΜΕΝ
1942 296 1964 359 Ι
2008 295 2315 361 ΤΜοΜ
2362 295 2730 360 EPISOOPI.

3737 305 3842 365 904

466 433 777 499 familiam,
810 450 876 489 eo
904 432 1061 505 quod
1092 433 1177 489 illi
1212 432 1388 505 primi
1417 432 1777 489 crediderint
1808 440 1907 490 aut
1957 434 2101 507 quod

2224 427 2606 504 ἐπέύλαϐεἷᾳ.
2664 435 2724 490 Ἠ
2775 432 2882 508 γὰρ
2935 432 3177 510 ἆραρχῆ,
3235 433 3298 489 τὸ
3355 434 3623 505 ἒξαίοετον
3681 433 3849 507 δηλοῖ.

470 523 690 596 primas
750 522 995 579 tulerint
1043 524 1102 579 in
1154 525 1370 596 pietate
1400 541 1467 580 ac
1514 524 1822 596 religione.
1856 523 2109 598 ’Λπαρχή

468 613 648 680 enim,
684 613 742 668 id
775 618 883 671 est.
925 613 1200 684 primitias
1260 613 1554 686 significat
1612 613 1667 667 id
1718 613 1873 685 quod
1908 613 2117 684 princi-

467 720 650 775 puum
683 709 773 757 est
800 709 858 759 et
880 703 1199 759 excellens.
1235 726 1262 753 «
1296 704 1592 759 Primitias
1624 704 1879 760 Achaiae.
1929 724 1954 753 ι
1996 704 2114 760 sive

469 792 705 847 Grzrriaa
731 808 743 847 :
772 793 928 847 unde
952 799 1010 847 et
1037 794 1235 848 Achaei
1268 793 1549 849 dicuntur
1574 794 1776 848 Craaci.
1801 814 1829 844 ‹‹
1860 795 1928 848 Et
1956 792 2115 864 quod

466 881 529 935 in
560 881 960 936 ministerzum
981 882 1259 937 sanctis.»
1281 882 1368 936 Ad
1392 882 1834 953 suscipiendum
1854 888 2111 947 sanctos,

469 970 674 1041 eisque
705 970 1190 1026 ministrantium.
1219 971 1581 1026 Urdinarunt
1609 978 1827 1033 autem,
1861 970 1973 1026 hoc
2003 976 2114 1037 est,

468 1058 854 1123 dil'ﬁnierunt,
890 1066 1293 1132 segregarunt.
1342 1060 1520 1115 vitam
1579 1060 1732 1115 hanc
1786 1059 2112 1131 elegerunt.

466 1172 490 1195 α
529 1147 756 1202 Subditi
790 1147 919 1203 sitis
951 1149 1187 1205 talibus.
1224 1170 1249 1199 ι
1282 1149 1590 1221 Adjuvetis
1620 1155 1679 1205 et
1701 1148 1775 1204 ad
1806 1156 2112 1220 sumptum

465 1239 855 1309 pecuniarum
887 1244 946 1295 et
973 1239 1047 1294 ad
1083 1239 1485 1295 ministerium
1542 1240 1870 1312 corporale,
1922 1246 1981 1295 et
2011 1256 2115 1310 per

465 1329 669 1386 omnia
700 1330 783 1385 eis
815 1331 1109 1403 pereatis:
1145 1331 1204 1386 id
1235 1331 1395 1387 enim
1441 1337 1533 1387 est
1586 1331 1894 1404 subjectio.
1940 1332 2005 1386 Et
2038 1346 2113 1386 ne

466 1418 776 1491 Stephanm
807 1420 1125 1493 gratiﬁcari
1157 1421 1444 1489 videatur,
1468 1421 1773 1494 subiungit
1806 1438 1819 1479 :
1854 1444 1881 1472 «
1909 1420 2111 1477 Omni-

467 1523 582 1578 que
612 1508 919 1581 adjuvauti
951 1527 1019 1566 ac
1053 1511 1365 1567 laboranti.
1402 1533 1431 1562 »

532 1598 673 1665 XVI,
704 1604 787 1667 17,
826 1602 904 1655 18.
933 1623 961 1651 ‹‹
996 1601 1234 1663 Gaudeo
1264 1608 1462 1657 autem
1492 1601 1563 1657 de
1593 1599 1844 1655 adventu
1866 1599 2113 1670 Stepha-

466 1712 491 1737 ‹‹
528 1706 618 1744 nm
642 1695 701 1746 et
730 1690 1032 1746 Fortunati
1052 1698 1112 1746 et
1136 1691 1371 1746 Achaici
1403 1708 1415 1745 :
1442 1690 1721 1761 quoniam
1748 1689 1805 1744 id
1827 1688 1985 1760 quod
2008 1688 2114 1743 mi-

464 1800 489 1828 ‹‹
516 1778 792 1836 hideerat
805 1780 1125 1851 vestri,ipsi
1151 1779 1607 1851 suppleverunt:
1633 1778 2101 1834 refocillaverunl

2221 1782 2380 1838 αὐτοὶ
2465 1781 2857 1855 ἀνιπΑήρωσαν
2892 1826 2906 1840 .

473 1890 497 1919 ιι
530 1868 691 1924 enim
727 1869 999 1941 spiritum
1032 1885 1231 1925 meum
1263 1885 1332 1924 ac
1358 1875 1638 1925 vestrum.
1663 1868 1978 1941 Agnoscite
2007 1867 2112 1923 ita-

469 1978 495 2008 ‹‹
528 1973 642 2028 que
675 1958 1039 2030 hujusmodi.
1075 1981 1104 2009 »

534 2046 601 2100 Hi
635 2053 772 2102 sunt
803 2048 901 2118 qui
935 2048 1489 2119 renuntiaruntipsi
1518 2046 1872 2102 divisionem
1902 2063 1971 2103 ac
1992 2046 2111 2102 dis-

469 2134 686 2190 sidium
719 2137 876 2207 quod
909 2143 1035 2193 erat
1060 2137 1214 2209 apud
1264 2137 1639 2193 Corinthios:
1673 2143 1732 2193 et
1760 2152 1867 2209 per
1898 2136 2005 2192 hos
2036 2135 2115 2191 si-

428 2277 435 2281 .
467 2224 730 2294 gniﬁcati
753 2233 891 2282 sunt
911 2228 1012 2299 qui
1044 2235 1216 2284 erant
1246 2245 1314 2284 ex
1336 2228 1564 2284 familia
1583 2228 1794 2285 Chloes
1822 2227 2113 2294 Quoniam

433 2333 437 2338 ’
468 2333 605 2390 ergo
638 2318 957 2374 verisimile
972 2326 1099 2374 erat
1125 2320 1462 2375 Corinthios
1493 2324 1821 2375 commotos
1856 2334 1985 2373 esse
2008 2317 2113 2373 ad-

468 2424 672 2465 versus
704 2409 859 2465 illos.
893 2409 1137 2466 adducit
1168 2428 1269 2466 eos
1301 2411 1362 2466 in
1397 2410 1657 2466 medium
1710 2416 1765 2466 et
1796 2411 1910 2465 ait:
1945 2408 2112 2474 Quod

468 2496 612 2552 mihi
643 2497 847 2554 deerat
876 2499 1053 2555 vestri
1082 2500 1508 2571 suppleverunt
1541 2517 1554 2555 :
1586 2500 1698 2555 hoc
1733 2504 1821 2553 est
1848 2515 1954 2571 pro
1986 2513 2109 2553 om-

466 2587 825 2644 nibusvobis
856 2596 1164 2651 venerunt,
1201 2595 1260 2645 et
1289 2594 1529 2660 propter
1556 2605 1657 2643 vos
1682 2594 1910 2644 tantam
1958 2587 2110 2643 586

464 2678 1003 2750 peregrinationem
1050 2679 1460 2733 instituerunt.
1527 2702 1548 2727 ι
1611 2676 2115 2733 Refocillaverunt

460 2766 621 2822 enim
654 2784 851 2823 meum
886 2769 1162 2840 spiritum
1220 2784 1287 2823 ac
1334 2773 1614 2822 vestrum.
1647 2790 1674 2817 η
1716 2766 1923 2822 Docuit
1952 2765 2110 2837 quod

458 2855 534 2910 ad
566 2856 805 2911 illorum
837 2857 1140 2929 spectabat
1196 2857 1513 2912 utilitatem
1544 2862 1611 2911 ut
1667 2856 1909 2928 spiritus
1939 2855 2101 2911 Pauli

456 2944 1056 3002 refocillaretur.Nam
1089 2947 1190 3018 qui
1219 2945 1661 3018 meum.inquit.
1699 2945 2111 3000 refocillarunt

455 3034 754 3107 spiritum,
788 3041 1045 3092 vestrum
1080 3053 1316 3109 quoque
1365 3036 1778 3092 relocillarunt
1811 3053 1823 3090 :
1858 3035 1969 3091 hoc
1995 3040 2106 3105 est,

453 3125 555 3195 qui
593 3141 684 3180 me
714 3130 1139 3197 praceptorem
1178 3132 1548 3193 recrearunt,
1581 3125 1759 3181 etiam
1793 3141 1891 3180 vos
1919 3123 2097 3180 disci-

2225 546 2251 573 ‹‹
2287 522 2541 595 Ἀπαρχή
2580 528 2681 592 τῆς
2712 520 2969 599 Ἀχαΐας,
3007 547 3033 574 »ι
3068 521 3235 599 ἤγουν
3266 532 3368 592 τῆς
3409 522 3702 591 Ἐλλαδος,
3750 527 3851 582 ὅθεν

2220 611 2311 665 καὶ
2346 612 2589 687 Ἀχαιοί.
2645 635 2672 663 ιι
2705 612 2803 666 Καὶ
2859 612 2937 675 εἷς
2994 610 3263 669 διακονίαν
3320 620 3436 678 τοῖς
3494 612 3671 687 ἁγίοις
3703 643 3722 668 ι
3774 614 3855 678 Εἰς

2218 700 2282 755 τὸ
2315 699 2678 776 ὑποδέχεσθαι
2732 702 2858 764 τοὺς
2917 702 3125 778 ἁγίους,
3184 702 3275 758 καὶ
3336 700 3611 759 διακονεῖν
3674 704 3854 765 αὐτοὶ.

2222 791 2301 847 Τὸ
2335 787 2391 845 δὲ
2422 816 2447 843 ιι
2491 791 2738 861 Ἔταξαν,
2775 814 2803 842 ››
2851 792 2987 857 οἷον,
3027 791 3328 872 ἀφώρισαν,
3360 797 3555 849 τοῦτον
3612 794 3703 847 τὸν
3756 793 3854 869 βῖον

2221 875 2464 936 ε’ίλοντο.
2489 904 2517 931 ‹‹
2542 879 2949 950 Ὑποτάσσησθε
2975 886 3094 943 τοῖς
3122 883 3415 945 τοιούτοις,
3446 908 3472 934 ι)
3507 880 3863 956 Συναντιλαμ-

2221 962 2482 1039 ϐάνησθε,
2509 971 2601 1024 καί
2636 969 2712 1030 εἰς
2754 965 2997 1040 δαπάνην
3050 972 3380 1046 χρημάτων,
3421 971 3517 1027 καὶ
3581 971 3661 1033 εἷς
3712 968 3866 1025 διεκο-

2224 1056 2342 1112 νίαν
2401 1060 2723 1132 σωματικὴν
2756 1102 2770 1128 ,
2855 1059 2948 1115 καὶ
3006 1060 3083 1122 εἰς
3131 1060 3301 1116 πάντα
3364 1062 3624 1125 πείθεσθε
3678 1061 3864 1123 αὐτοῖς·

2216 1150 2377 1201 τοῦτο
2410 1148 2514 1223 γὰρ
2547 1150 2581 1218 ἡ
2618 1148 2887 1224 ὑποταγή.
2923 1149 3026 1205 Καὶ
3077 1146 3174 1203 ἵνα
3226 1150 3300 1222 μή
3361 1145 3491 1223 δόξῃ
3549 1153 3637 1221 τῷ
3689 1156 3866 1229 Στεφα-

2216 1242 2280 1308 νᾷ
2309 1233 2659 1314 χαρίϐεσθαι,
2692 1237 2898 1314 ἐπάγει·
2943 1261 2971 1289 ι(
3006 1237 3103 1292 Καὶ
3134 1239 3293 1294 παιτὶ
3353 1243 3436 1310 τῷ
3490 1244 3767 1296 κοπιῶντι
3793 1239 3868 1294 καὶ

2220 1331 2559 1404 συνεργοῦντι
2571 1372 2582 1386 ,
2620 1352 2649 1378 ››

2289 1606 2479 1682 Χαίρω
2564 1602 2621 1661 δὶ
2679 1604 2767 1661 ἰπὶ
2823 1609 2893 1679 τῇ
2955 1608 3241 1683 παρουσίᾳ
3301 1609 3557 1679 Στεφανᾶ
3605 1607 3699 1662 καὶ
3752 1611 3875 1681 Φορο

2218 1692 2479 1747 τουνάτου
2559 1692 2649 1747 καὶ
2728 1693 3033 1767 ’Λχαῖκοῦ,
3119 1692 3202 1748 ὅτι
3259 1693 3322 1749 τὸ
3385 1693 3546 1766 ὑμῶν
3610 1693 3871 1767 ὑστέρημα

2989 1783 3318 1840 Ἀνὲπαυσαν
3402 1783 3511 1859 γὰρ
3604 1783 3672 1839 τὸ
3751 1781 3867 1856 ἐμὸν

2220 1876 2434 1944 πνεῦμα
2487 1872 2576 1927 καὶ
2629 1872 2692 1927 τὸ
2775 1871 2952 1945 ὑμῶν.
3038 1873 3463 1948 Ἐπιγινώσκετε
3556 1873 3655 1927 οὖν
3752 1872 3864 1935 τοὺς

2220 1958 2524 2023 τοιούτους.

2290 2049 2457 2107 Οὗτοι
2487 2047 2620 2103 εἰσιν
2648 2047 2701 2103 οί
2737 2048 3146 2124 ἀναγγείλαντες
3205 2048 3351 2120 αὖτῷ
3401 2050 3501 2117 τὴν
3569 2051 3721 2125 παρᾶ
3778 2053 3863 2107 Κο-

2221 2140 2449 2212 ρινθίοις
2481 2137 2854 2219 διχοστασίαν,
2884 2138 2975 2195 καὶ
3023 2140 3076 2194 οἱ
3132 2141 3231 2208 τῆς
3281 2137 3471 2209 Χλόης
3525 2136 3622 2194 διὰ
3676 2139 3864 2195 τούτων

2219 2225 2598 2301 ἐδηλώθησαν.
2652 2231 2803 2286 Ἐπεὶ
2892 2230 2984 2285 οὗν
3045 2230 3190 2291 εἰκὸς
3240 2228 3309 2298 ἦν
3355 2230 3486 2291 τοὺς
3552 2231 3859 2305 Κορινθῖους

2217 2320 2525 2395 ἡγριῶσθαι
2555 2319 2693 2393 πρὸς
2724 2317 2919 2381 αὐτοὺς
2976 2318 3328 2393 παρατίθεται
3388 2318 3617 2382 αὐτοὺς,
3674 2317 3852 2393 λὲγων,

2218 2408 2300 2463 ὅτι
2336 2429 2357 2458 ι
2392 2410 2470 2465 Τὸ
2502 2409 2653 2480 ὑμὼν
2691 2407 2972 2481 ὑστέρημα
3028 2406 3447 2483 ἀνεπλήρωσαν,
3482 2432 3510 2459 η
3574 2409 3855 2480 τουτέστιν,

2219 2499 2356 2556 Ἀντὶ
2390 2498 2604 2553 πάντων
2640 2497 2794 2571 ὑμῶν
2821 2496 3020 2567 ἦλθον,
3052 2498 3143 2552 καὶ
3174 2494 3244 2551 δι’
3279 2496 3419 2570 ὑμᾶς
3439 2498 3711 2567 τοσαύτην
3737 2498 3852 2552 ἀπο·

2219 2584 2408 2659 δηνίαν
2440 2587 2775 2644 ἐστείλαντο.
2809 2613 2835 2639 ‹‹
2870 2589 3189 2643 Ανίπαυααν
3220 2587 3327 2662 γὰρ
3393 2588 3459 2642 τὸ
3520 2585 3655 2661 ἐμὸν
3704 2590 3847 2643 πνεῦ-

2221 2697 2296 2750 μα
2333 2676 2422 2732 καὶ
2454 2679 2518 2732 τὸ
2550 2678 2724 2751 ὑμῶν.
2759 2674 3028 2747 Ἐδίδαεεν
3058 2678 3143 2732 ὅτι
3175 2675 3251 2739 είς
3275 2674 3500 2732 ἐκείνων
3522 2673 3715 2753 ὅςελος
3742 2697 3842 2730 συν-

2215 2766 2378 2821 έτεινε
2407 2769 2469 2820 τὸ
2498 2764 2902 2835 ἇναπαυσθῆναι
2930 2765 3031 2833 τήν
3058 2765 3243 2840 ψυχήν
3303 2768 3402 2819 τοῦ
3465 2763 3696 2831 Παύλου,
3724 2764 3834 2818 ἁνα-

2214 2855 2516 2917 παύσαντες
2546 2854 2649 2927 γὰρ
2678 2853 2742 2909 τὸ
2776 2851 2910 2927 ἐμὸν
2950 2857 3186 2928 πνεῦμα,
3255 2853 3411 2932 φησὶ,
3473 2852 3538 2908 τὸ
3586 2854 3725 2925 ὑμῶν
3745 2851 3823 2904 ἄν·

2215 2944 2468 3013 ἐπαυσαν,
2502 2944 2798 3011 τουτέστιν,
2831 2943 2966 3015 Ἐμὶ
2994 2943 3086 2998 τὸν
3144 2940 3474 2999 διδάσκαλον
3516 2940 3808 2998 ἀναπαύσαν-

2210 3055 2314 3105 τες,
2351 3034 2491 3107 ὑμᾶς
2520 3032 2646 3095 τοὺς
2685 3033 2933 3106 μαθητάς
2974 3053 3079 3106 μου
3127 3032 3451 3092 ἀνέπαυσαν,
3504 3058 3526 3084 α
3553 3029 3809 3104 Ἐπιγινώ·

2212 3144 2361 3178 σεκτε
2394 3122 2484 3177 οὗν
2508 3120 2636 3184 τοὺς
2678 3123 2982 3183 τοιούτους.
3019 3146 3048 3175 ››
3116 3123 3201 3178 Ἑν
3259 3126 3398 3197 τιμῇ
3458 3121 3641 3185 αὐτους
3661 3114 3822 3196 ἱχετε,

457 3173 555 3195 ·ι“·’
593 3173 682 3180 ·--
714 3173 1139 3197 r'""'r"""-
1180 3173 1403 3183 ’κη’-ν*-
1422 3173 1548 3193 νη-’ν
1585 3173 1759 3181 νηπυ-
1803 3173 1890 3180 -ντ
1923 3173 2065 3180 *ν’*-

453 3213 624 3285 pulos
655 3231 819 3270 meos
850 3222 1210 3272 recrearunt.
1247 3238 1275 3267 «
1304 3216 1618 3290 Agnoscite
1651 3216 1851 3287 itaque
1889 3215 2095 3286 hujus-

2216 3214 2296 3268 ὅτι
2335 3210 2406 3269 δι’
2441 3213 2582 3287 ὑμᾶς
2606 3213 2965 3286 κεκμήκασιν.

452 3303 633 3358 modi.
668 3326 694 3353 υ
722 3306 887 3375 Ipsos
917 3305 980 3359 in
1009 3305 1239 3361 honore
1288 3305 1523 3371 habete,
1557 3304 1698 3375 quia
1725 3311 1970 3376 propter
1996 3319 2099 3358 vos

448 3390 813 3449 laborarunt.

516 3481 655 3545 XVI,
680 3485 895 3538 19ρ24.‹‹
921 3484 1191 3539 Salutant
1210 3501 1310 3539 vos
1331 3484 1607 3539 Ecclesiae
1630 3482 1802 3538 Asiae.
1829 3482 2098 3538 Salutant

450 3593 477 3620 ‹‹
504 3588 603 3627 vos
625 3571 684 3627 in
711 3573 959 3629 Domino
984 3573 1235 3629 multum
1260 3573 1475 3644 Aquila
1493 3579 1551 3628 et
1572 3572 1842 3627 Priscilla
1862 3587 1996 3627 cum
2030 3587 2098 3626 ea

451 3682 477 3712 «
504 3678 635 3733 qua;
649 3663 709 3717 in
727 3662 988 3735 ipsorum
1014 3662 1187 3719 domo
1204 3670 1295 3719 est
1315 3664 1859 3720 ecclesiaSalutant
1873 3679 1970 3718 vos
1985 3664 2094 3718 fra-

454 3756 608 3807 «tres
628 3770 835 3808 omnes
863 3754 1124 3809 Salutate
1141 3754 1393 3809 invicem
1409 3754 1611 3809 osculo
1634 3752 2095 3810 sancto.Saluta-

452 3865 478 3892 ‹‹
506 3843 587 3898 tio
605 3859 785 3897 manu
806 3858 937 3898 mea
966 3843 1128 3899 Pauli
1179 3844 1236 3899 Si
1256 3844 1388 3916 quis
1420 3860 1539 3898 non
1561 3843 1755 3915 diligit
1777 3842 2093 3899 Dominum

447 3954 474 3977 σι
493 3934 689 3988 Jesum
715 3932 1034 3999 Christum,
1060 3934 1862 3990 sitanathema.maranatha.
1896 3933 2095 3988 Gratia

447 4043 471 4073 ιι
498 4022 732 4077 Domini
761 4023 895 4078 Jesu
915 4024 1129 4078 Christi
1190 4025 1267 4079 sit
1316 4024 1639 4080 vobiscum.
1674 4023 1920 4079 Dilectio
1960 4038 2094 4077 mea

444 4135 471 4162 «
506 4129 640 4168 cum
670 4113 948 4169 omnibus
978 4113 1142 4169 vobis
1171 4112 1232 4169 in
1264 4114 1494 4170 Christo
1514 4115 1671 4172 Jesu.
1705 4118 1915 4171 Amen.
1954 4135 1982 4164 »

514 4378 623 4434 Per
683 4379 1103 4437 salutationem
1151 4378 1419 4434 membra
1471 4380 1533 4434 in
1583 4396 1769 4435 unum
1828 4380 2087 4451 colligat.

444 4485 465 4514 ι
508 4465 717 4536 Aquila
747 4472 806 4521 et
834 4465 1123 4520 Priscilla.
1162 4487 1189 4513 ››
1218 4464 1390 4536 Apud
1421 4468 1528 4520 hos
1561 4480 1906 4523 manens.eo
1929 4463 2087 4535 quod

2279 3474 2648 3543 Ἀσπάζονται
2716 3469 2857 3543 ὑμᾶς
2938 3469 2994 3524 αἱ
3077 3467 3402 3541 Ἐκκλησίαι
3480 3476 3585 3540 τῆς
3647 3469 3838 3529 Ἀσίας.

2205 3564 2572 3632 Ἀσπάζονται
2630 3559 2770 3632 ὑμᾶς
2826 3558 2877 3614 ἐν
2970 3558 3157 3633 Κυρίῳ
3232 3556 3419 3614 πολλᾶ
3469 3557 3712 3620 Ἀκέλας
3762 3556 3839 3613 καὶ

2208 3650 2516 3727 Πρίσκιλλα
2562 3650 2655 3704 σὺν
2739 3652 2808 3722 τῇ
2892 3650 3009 3703 κατ’
3104 3648 3255 3704 ονκον
3329 3647 3507 3703 αὐτῶν
3565 3646 3840 3718 ἐκκλησία.

2204 3742 2565 3810 Ἀσπάζονται
2652 3739 2792 3813 ὑμᾶς
2882 3739 2934 3793 οἱ
3019 3734 3244 3814 ἀδελφοὶ
3307 3737 3521 3799 πάντες.
3582 3739 3843 3794 ’Λσπάσα-

2202 3834 2292 3887 alia
2347 3829 2634 3900 ἀλλήλους
2717 3828 2768 3883 ἐν
2854 3829 3129 3901 φιλήματι
3214 3828 3374 3902 ἁγίῳ.
3445 3826 3508 3884 Ὀ
3565 3825 3845 3899 ἀσπασμὸς

2199 3925 2267 3996 τῇ
2311 3921 2418 3995 ἐμῇ
2480 3921 2626 3999 χε·ρῖ
2700 3917 2936 3974 Παύλου.
2997 3916 3059 3974 Ei
3113 3938 3197 3980 τις
3256 3915 3321 3971 ού
3378 3914 3532 3996 φιλεῖ
3580 3918 3675 3971 τὸν
3744 3914 3839 3973 K5-

2202 4032 2318 4086 ριον
2387 4014 2600 4080 Ἰησοῦν
2681 4007 2933 4082 Χριστὸν,
3009 4004 3128 4077 ἤτω
3198 4004 3462 4081 ἀνάθεμα,
3546 4004 3842 4081 μαραναθά.

2199 4102 2262 4157 Ἦ
2314 4099 2474 4175 χάρις
2527 4097 2624 4154 τοῦ
2683 4096 2886 4173 Κυρίου
2957 4097 3134 4167 Ἰησοῦ
3200 4097 3438 4171 Χριστοῦ
3500 4097 3619 4168 μεθ’
3671 4095 3843 4170 ὑμὼν*

2199 4190 2263 4245 Ἦ
2320 4188 2505 4264 ἀγάπη
2595 4207 2700 4259 μου
2761 4186 2897 4260 μετά
2988 4185 3199 4241 πάντων
3286 4186 3440 4258 ὑμῶν
3529 4184 3582 4239 ἐν
3634 4186 3846 4259 Χριστῷ

2203 4279 2215 4301 ν
2356 4282 2379 4293 ~
2441 4277 2454 4298 ν
2567 4279 2579 4295 ς

2220 4279 2405 4347 Ιησου,
2460 4286 2644 4348 Αμην.

2274 4363 2468 4420 Συνδεῖ
2495 4365 2561 4421 τὰ
2593 4363 2734 4438 μέλη
2758 4368 2836 4436 τῷ
2860 4364 3150 4437 ἀσπασμῷ.
3180 4386 3209 4416 ιι
3230 4363 3452 4428 Ακύλας
3478 4364 3567 4420 καῖ
3598 4362 3846 4439 Ηρίσκιλ-

2202 4454 2292 4512 λα.
2330 4481 2351 4510 ι
2411 4453 2562 4529 Παρὰ
2590 4452 2812 4514 τούτοις
2844 4451 3016 4525 μένων
3048 4449 3138 4508 διὰ
3165 4451 3229 4507 τὰ
3251 4452 3577 4531 ὁμότεχνον,
3610 4454 3712 4523 τήν
3728 4474 3843 4522 σκη-

440 4553 713 4624 ejusdem
744 4562 949 4611 essent
976 4553 1600 4627 artificiioperabatur
1629 4555 1688 4609 in
1710 4560 1837 4610 arte
1862 4553 2098 4610 texendi

2216 4544 2428 4600 ροποιὸν
2458 4542 2738 4618 εἷργάζετο
2794 4539 3017 4615 τέχνην.
3086 4541 3226 4616 Ἦρα
3278 4541 3335 4597 at
3390 4543 3570 4598 αὐτῶν
3628 4541 3836 4618 ἀρετὴν,

439 4644 849 4702 tabernacula.
886 4648 954 4701 Et
984 4645 1300 4702 considera
1331 4646 1595 4717 ipsorum
1623 4646 1919 4712 viitutem,
1953 4644 2094 4716 quia

424 4736 743 4805 propriam
802 4736 1023 4791 donum
1085 4736 1396 4793 ecclesiam
1456 4733 1740 4791 fecerant.
1808 4755 1830 4783 ι
1878 4734 2091 4792 Osculo

444 4829 673 4880 sancto.
701 4846 729 4873 υ
763 4826 978 4880 Mentio
1006 4827 1196 4882 sancti
1220 4826 1407 4882 osculi
1456 4826 1553 4881 hic
1584 4825 1773 4881 solum
1832 4825 2091 4895 additur,

446 4926 515 4965 eo
548 4911 706 4981 quod
755 4913 1009 4967 multum
1042 4915 1197 4970 inter
1250 4932 1312 4971 se
1354 4914 1744 4980 dissidebant,
1778 4913 2042 4969 dicentes
2077 4930 2092 4969 :

445 5002 560 5072 Ego
582 5000 820 5072 quidem
856 5018 986 5056 sum
1018 5003 1205 5063 Pauli.
1241 5019 1346 5075 ego
1377 5019 1511 5059 vero
1541 5003 1777 5074 Apollo,
1833 5019 1938 5075 ego
1988 5020 2092 5058 au-

445 5096 563 5147 tem
592 5091 826 5164 Cephea.
858 5092 1137 5148 Sanctum
1175 5109 1314 5148 vero
1359 5093 1503 5149 dicit
1562 5111 1682 5149 non
1733 5093 1957 5158 fictum,
1992 5092 2094 5150 sed

444 5182 602 5253 quod
636 5198 703 5237 ex
734 5182 1053 5239 dilectione
1084 5183 1369 5254 procedit.
1403 5207 1426 5233 υ
1456 5183 1739 5239 Salutatio
1762 5199 1944 5239 manu
1965 5198 2099 5239 mea

441 5272 632 5328 Pauli.
667 5294 697 5324 »
729 5274 977 5345 Propria
1012 5289 1196 5329 manu
1242 5272 1662 5328 salutationem
1724 5273 1782 5328 in
1848 5273 2098 5344 epistola

446 5363 704 5434 scripsit.
747 5386 773 5414 ‹‹
801 5363 857 5418 Si
887 5363 1019 5435 quis
1041 5380 1161 5419 non
1191 5368 1353 5419 amat
1370 5362 1684 5417 Dominum
1712 5383 1742 5412 »
1776 5362 1900 5417 Uno
1923 5362 2096 5417 verbo

446 5467 656 5507 omnes
685 5453 920 5518 terruit,
952 5453 1053 5525 qui
1112 5452 1203 5509 vel
1258 5452 1331 5508 ab
1390 5451 1736 5508 hominibus
1792 5451 2096 5524 cognomi-

445 5539 762 5611 nabantur,
788 5544 882 5600 vel
899 5549 1280 5610 scortatores,
1312 5542 1403 5599 vel
1429 5542 1791 5600 offendicula
1813 5543 2097 5600 fratribus

441 5635 737 5706 ponentes
767 5632 1001 5690 edendo
1034 5633 1388 5707 idolothyta,
1446 5633 1540 5690 vel
1594 5633 2095 5695 resurrectionem

2201 4636 2286 4691 ὅτι
2314 4634 2406 4689 τὸν
2442 4632 2590 4687 οἶκον
2630 4628 2922 4701 ἐκκλησίαν
2971 4629 3410 4702 ἒπεποιήκεισαν.
3469 4657 3497 4683 «
3545 4633 3637 4688 ’Ev
3684 4631 3839 4712 φιλή-

2204 4746 2336 4798 ματι
2368 4722 2530 4798 ἁγίῳ,
2567 4745 2596 4771 ι)
2625 4721 2702 4778 Τὸ
2722 4725 2819 4777 τοῦ
2841 4721 3001 4796 ἁγίου
3023 4718 3339 4799 φιλήματος
3363 4718 3473 4777 ὦδε
3502 4721 3669 4795 μόνον
3691 4720 3842 4797 πρὸσ·

2200 4834 2398 4883 κειται,
2466 4809 2556 4866 διὰ
2626 4813 2691 4867 τὸ
2748 4809 2895 4866 πολὺ
2954 4810 3149 4873 αὐτοὺς
3210 4808 3501 4870 διεστάναι.
3558 4812 3705 4886 Ἐγὼ
3749 4811 3839 4886 γάρ

2202 4903 2342 4978 εἰμι,
2374 4901 2531 4982 φησὶ,
2567 4899 2808 4965 Ιιαύλου,
2838 4898 2947 4974 ἐγὼ
2992 4897 3049 4956 δὲ
3105 4898 3384 4965 Ἀπολλὼ,
3419 4900 3526 4976 ἐγὼ
3580 4898 3641 4956 δὲ
3670 4904 3837 4977 Κηφᾶ.

2201 4997 2395 5069 ’Ἅγιον
2426 4989 2484 5046 δὲ
2516 4990 2682 5066 λέγει,
2713 4989 2777 5045 τὸ
2808 4991 3164 5063 ἀνυπόκριτον
3221 4991 3309 5045 καὶ
3373 4989 3425 5061 ἐξ
3457 4992 3697 5069 ἀγάπης.
3732 5016 3757 5043 (ι
3785 4990 3837 5046 ’0

2202 5090 2486 5162 ἀσπασμὸς
2514 5090 2584 5159 τῇ
2634 5085 2742 5160 ἐμῇ
2801 5092 2954 5161 χειρῖ
3005 5084 3240 5141 Παύλου.
3277 5108 3308 5141 ι»
3340 5085 3663 5163 Ὶόιὸχειρον
3691 5086 3839 5164 ἔγρα-

2204 5185 2271 5256 ψε
2294 5180 2384 5234 τὸν
2415 5179 2697 5251 ἀσπασμὸν
2744 5174 2796 5230 ἐν
2832 5179 2902 5250 τῇ
2929 5174 3213 5251 ἐπιστολῇ.
3276 5201 3305 5229 ‹‹
3343 5175 3410 5233 Εἴ
3458 5198 3545 5240 τις
3602 5179 3670 5233 οὐ
3702 5175 3841 5255 φιλεῖ

2201 5271 2295 5327 τὸν
2327 5269 2544 5344 Κύριον.
2580 5292 2607 5319 ››
2641 5267 2716 5321 Δι’
2751 5265 2871 5329 ἑνὸς
2899 5264 3145 5342 ῥήματος
3175 5266 3383 5331 πάντας
3437 5263 3694 5342 ἐφόϐησε,
3724 5266 3842 5326 τοὺς

2204 5361 2312 5417 ἀπὸ
2342 5356 2656 5433 ’ἀνθρώπων
2714 5354 3174 5429 ὀνομαζομένους,
3232 5355 3360 5418 τοὺς
3414 5355 3670 5429 πόρνους,
3724 5352 3841 5418 τοὺς

2206 5445 2666 5517 σκανδαλίζοντας
2696 5445 2824 5508 τοὺς
2855 5442 3124 5522 ἀδελφοὺς
3180 5448 3248 5519 τῇ
3304 5450 3418 5501 τῶν
3470 5442 3836 5508 εἶδιυλοθύτων

2206 5541 2428 5618 βρώσει,
2471 5536 2599 5601 τοὺς
2644 5538 2714 5610 τῇ
2746 5534 3033 5591 ἀναστάσει
3082 5533 3464 5600 ἀπιστοῦντας.
3526 5536 3594 5594 Ol
3649 5535 3751 5612 γάρ
3777 5531 3836 5588 τὰ

2201 5632 2428 5688 τοιαῦτα
2455 5627 2809 5704 πράσσοντες,
2833 5621 2896 5682 οὐ
2922 5622 3145 5709 φιλοῦσι
3173 5624 3271 5681 τὸν
3295 5623 3497 5704 Κύριον
3529 5622 3833 5704 Μαραναοά,
