  <div class='ocr_page' id='page_1' title='image "/cluster/home/n/w/nwhite01/storage/ocr_20150623/118/mdp.39015078384297/460.png"; bbox 0 0 4068 6254; ppageno 0'>
   <div class='ocr_carea' id='block_1_1' title="bbox 188 344 325 405">
    <p class='ocr_par' dir='ltr' id='par_1_1' title="bbox 188 344 325 405">
     <span class='ocr_line' id='line_1_1' title="bbox 188 344 325 405; baseline -0.044 1"><span class='ocrx_word' id='word_1_1' title='bbox 188 344 325 405; x_wconf 81' lang='lat'><strong>905</strong></span> 
     </span>
    </p>
   </div>
   <div class='ocr_carea' id='block_1_2' title="bbox 1131 325 2640 412">
    <p class='ocr_par' dir='ltr' id='par_1_2' title="bbox 1131 325 2640 412">
     <span class='ocr_line' id='line_1_2' title="bbox 1131 325 2640 412; baseline -0.001 -9"><span class='ocrx_word' id='word_1_2' title='bbox 1131 341 1543 403; x_wconf 79' lang='lat' dir='ltr'><strong>COMMENT.</strong></span> <span class='ocrx_word' id='word_1_3' title='bbox 1586 325 1669 400; x_wconf 75' lang='grc' dir='ltr'>ἸΝ</span> <span class='ocrx_word' id='word_1_4' title='bbox 1716 339 1966 412; x_wconf 77' lang='lat' dir='ltr'><strong>EPIST.</strong></span> <span class='ocrx_word' id='word_1_5' title='bbox 2015 343 2074 402; x_wconf 93' lang='lat' dir='ltr'>II</span> <span class='ocrx_word' id='word_1_6' title='bbox 2119 342 2224 401; x_wconf 84' lang='lat' dir='ltr'><strong>AD</strong></span> <span class='ocrx_word' id='word_1_7' title='bbox 2267 339 2640 402; x_wconf 82' lang='lat' dir='ltr'><strong>CORINTH.</strong></span> 
     </span>
    </p>
   </div>
   <div class='ocr_carea' id='block_1_3' title="bbox 3487 343 3606 404">
    <p class='ocr_par' dir='ltr' id='par_1_3' title="bbox 3487 343 3606 404">
     <span class='ocr_line' id='line_1_3' title="bbox 3487 343 3606 404; baseline 0 0"><span class='ocrx_word' id='word_1_8' title='bbox 3487 343 3606 404; x_wconf 81' lang='lat'><strong>906</strong></span> 
     </span>
    </p>
   </div>
   <div class='ocr_carea' id='block_1_4' title="bbox 182 472 1858 554">
    <p class='ocr_par' dir='ltr' id='par_1_4' title="bbox 182 472 1840 554">
     <span class='ocr_line' id='line_1_4' title="bbox 182 472 1840 554; baseline -0.002 -21"><span class='ocrx_word' id='word_1_9' title='bbox 182 478 516 540; x_wconf 75' lang='grc' dir='ltr'>Τουτέστιν,</span> <span class='ocrx_word' id='word_1_10' title='bbox 548 476 576 530; x_wconf 80' lang='grc' dir='ltr'>ὁ</span> <span class='ocrx_word' id='word_1_11' title='bbox 603 474 799 549; x_wconf 76' lang='grc' dir='ltr'>Κύριος</span> <span class='ocrx_word' id='word_1_12' title='bbox 833 475 990 544; x_wconf 79' lang='grc' dir='ltr'>ἦλθε.</span> <span class='ocrx_word' id='word_1_13' title='bbox 1023 475 1198 532; x_wconf 73' lang='grc' dir='ltr'>Τοῦτο</span> <span class='ocrx_word' id='word_1_14' title='bbox 1228 472 1285 530; x_wconf 71' lang='grc' dir='ltr'><strong>δὲ</strong></span> <span class='ocrx_word' id='word_1_15' title='bbox 1315 496 1470 554; x_wconf 74' lang='grc' dir='ltr'>φησι,</span> <span class='ocrx_word' id='word_1_16' title='bbox 1503 477 1602 542; x_wconf 72' lang='grc' dir='ltr'>τήν</span> <span class='ocrx_word' id='word_1_17' title='bbox 1629 473 1840 536; x_wconf 56' lang='grc' dir='ltr'>οτίκονοε</span> 
     </span>
    </p>
   </div>
   <div class='ocr_carea' id='block_1_5' title="bbox 1972 472 3609 554">
    <p class='ocr_par' dir='ltr' id='par_1_5' title="bbox 1972 477 3609 551">
     <span class='ocr_line' id='line_1_5' title="bbox 1972 477 3609 551; baseline 0.005 -22"><span class='ocrx_word' id='word_1_18' title='bbox 1972 494 2076 540; x_wconf 62' lang='grc' dir='ltr'>λοι]</span> <span class='ocrx_word' id='word_1_19' title='bbox 2107 478 2436 534; x_wconf 78' lang='lat' dir='ltr'><strong>credentes.</strong></span> <span class='ocrx_word' id='word_1_20' title='bbox 2469 479 2611 534; x_wconf 81' lang='lat' dir='ltr'><strong>Nam</strong></span> <span class='ocrx_word' id='word_1_21' title='bbox 2640 478 2740 549; x_wconf 85' lang='lat' dir='ltr'><strong>qui</strong></span> <span class='ocrx_word' id='word_1_22' title='bbox 2787 477 2928 533; x_wconf 88' lang='lat' dir='ltr'><strong>talia</strong></span> <span class='ocrx_word' id='word_1_23' title='bbox 2985 485 3190 551; x_wconf 78' lang='lat' dir='ltr'><strong>agunt.</strong></span> <span class='ocrx_word' id='word_1_24' title='bbox 3247 496 3368 536; x_wconf 89' lang='lat' dir='ltr'><strong>non</strong></span> <span class='ocrx_word' id='word_1_25' title='bbox 3399 488 3609 538; x_wconf 84' lang='lat' dir='ltr'><strong>amant</strong></span> 
     </span>
    </p>
   </div>
   <div class='ocr_carea' id='block_1_6' title="bbox 185 559 1848 640">
    <p class='ocr_par' dir='ltr' id='par_1_6' title="bbox 185 559 1848 640">
     <span class='ocr_line' id='line_1_6' title="bbox 185 559 1848 640; baseline -0.002 -21"><span class='ocrx_word' id='word_1_26' title='bbox 185 565 331 638; x_wconf 81' lang='grc' dir='ltr'>μίαν</span> <span class='ocrx_word' id='word_1_27' title='bbox 366 559 598 640; x_wconf 69' lang='grc' dir='ltr'>βεϐαιῶν</span> <span class='ocrx_word' id='word_1_28' title='bbox 628 564 715 619; x_wconf 84' lang='grc' dir='ltr'><strong>καὶ</strong></span> <span class='ocrx_word' id='word_1_29' title='bbox 782 566 880 632; x_wconf 70' lang='grc' dir='ltr'><strong>την</strong></span> <span class='ocrx_word' id='word_1_30' title='bbox 935 564 1238 630; x_wconf 76' lang='grc' dir='ltr'>ἀνάστασιν,</span> <span class='ocrx_word' id='word_1_31' title='bbox 1297 563 1386 618; x_wconf 82' lang='grc' dir='ltr'><strong>καὶ</strong></span> <span class='ocrx_word' id='word_1_32' title='bbox 1443 561 1704 628; x_wconf 69' lang='grc' dir='ltr'>ἐντρέπων</span> <span class='ocrx_word' id='word_1_33' title='bbox 1765 561 1848 617; x_wconf 77' lang='grc' dir='ltr'><strong>ὅτι</strong></span> 
     </span>
    </p>
   </div>
   <div class='ocr_carea' id='block_1_7' title="bbox 187 652 1848 729">
    <p class='ocr_par' dir='ltr' id='par_1_7' title="bbox 187 652 1848 729">
     <span class='ocr_line' id='line_1_7' title="bbox 187 652 1848 729; baseline -0.003 -18"><span class='ocrx_word' id='word_1_34' title='bbox 187 657 218 711; x_wconf 85' lang='grc' dir='ltr'>ὁ</span> <span class='ocrx_word' id='word_1_35' title='bbox 252 655 538 726; x_wconf 75' lang='grc' dir='ltr'>Δεσπότης</span> <span class='ocrx_word' id='word_1_36' title='bbox 573 655 704 729; x_wconf 74' lang='grc' dir='ltr'>ὑπὲρ</span> <span class='ocrx_word' id='word_1_37' title='bbox 762 656 921 727; x_wconf 77' lang='grc' dir='ltr'>ἡμῶν</span> <span class='ocrx_word' id='word_1_38' title='bbox 982 656 1258 722; x_wconf 69' lang='grc' dir='ltr'>ἀπέθανεν,</span> <span class='ocrx_word' id='word_1_39' title='bbox 1312 655 1466 728; x_wconf 78' lang='grc' dir='ltr'>ὑμεῖς</span> <span class='ocrx_word' id='word_1_40' title='bbox 1528 652 1585 708; x_wconf 75' lang='grc' dir='ltr'><strong>δὲ</strong></span> <span class='ocrx_word' id='word_1_41' title='bbox 1640 674 1848 726; x_wconf 73' lang='grc' dir='ltr'>παρορ-</span> 
     </span>
    </p>
   </div>
   <div class='ocr_carea' id='block_1_8' title="bbox 182 737 1849 821">
    <p class='ocr_par' dir='ltr' id='par_1_8' title="bbox 182 737 1849 821">
     <span class='ocr_line' id='line_1_8' title="bbox 182 737 1849 821; baseline 0.001 0"><span class='ocrx_word' id='word_1_42' title='bbox 182 748 382 821; x_wconf 77' lang='grc' dir='ltr'>γίζετε</span> <span class='ocrx_word' id='word_1_43' title='bbox 449 743 628 810; x_wconf 82' lang='grc' dir='ltr'>αὐτὸν.</span> <span class='ocrx_word' id='word_1_44' title='bbox 689 745 1016 816; x_wconf 64' lang='grc' dir='ltr'>πράττοντες</span> <span class='ocrx_word' id='word_1_45' title='bbox 1069 741 1266 798; x_wconf 71' lang='grc' dir='ltr'>ἄτοπα·</span> <span class='ocrx_word' id='word_1_46' title='bbox 1329 747 1408 806; x_wconf 49' lang='lat' dir='ltr'><strong>TD</strong></span> <span class='ocrx_word' id='word_1_47' title='bbox 1467 737 1732 816; x_wconf 61' lang='grc' dir='ltr'><strong>Ἐϐραῖκῇ</strong></span> <span class='ocrx_word' id='word_1_48' title='bbox 1793 738 1849 796; x_wconf 57' lang='grc' dir='ltr'><strong>δὲ</strong></span> 
     </span>
    </p>
   </div>
   <div class='ocr_carea' id='block_1_9' title="bbox 179 830 1847 912">
    <p class='ocr_par' dir='ltr' id='par_1_9' title="bbox 179 830 1847 912">
     <span class='ocr_line' id='line_1_9' title="bbox 179 830 1847 912; baseline -0.002 -24"><span class='ocrx_word' id='word_1_49' title='bbox 179 831 468 912; x_wconf 74' lang='grc' dir='ltr'>κέχρηται</span> <span class='ocrx_word' id='word_1_50' title='bbox 501 831 663 906; x_wconf 80' lang='grc' dir='ltr'>λὲξει,</span> <span class='ocrx_word' id='word_1_51' title='bbox 698 830 908 892; x_wconf 80' lang='grc' dir='ltr'>δεικνὺς</span> <span class='ocrx_word' id='word_1_52' title='bbox 939 833 1102 887; x_wconf 78' lang='grc' dir='ltr'>ὅτιού</span> <span class='ocrx_word' id='word_1_53' title='bbox 1139 831 1299 904; x_wconf 81' lang='grc' dir='ltr'>μόνον</span> <span class='ocrx_word' id='word_1_54' title='bbox 1327 830 1424 886; x_wconf 83' lang='grc' dir='ltr'><strong>οὐκ</strong></span> <span class='ocrx_word' id='word_1_55' title='bbox 1453 831 1847 906; x_wconf 68' lang='grc' dir='ltr'><strong>ἀποστρέφεται</strong></span> 
     </span>
    </p>
   </div>
   <div class='ocr_carea' id='block_1_10' title="bbox 178 914 1850 996">
    <p class='ocr_par' dir='ltr' id='par_1_10' title="bbox 178 914 1850 996">
     <span class='ocr_line' id='line_1_10' title="bbox 178 914 1850 996; baseline -0.003 -19"><span class='ocrx_word' id='word_1_56' title='bbox 178 925 290 991; x_wconf 76' lang='grc' dir='ltr'>τήν</span> <span class='ocrx_word' id='word_1_57' title='bbox 321 921 620 987; x_wconf 77' lang='grc' dir='ltr'>ἰδιωτείαν,</span> <span class='ocrx_word' id='word_1_58' title='bbox 655 919 800 976; x_wconf 83' lang='grc' dir='ltr'><strong>ἀλλά</strong></span> <span class='ocrx_word' id='word_1_59' title='bbox 829 923 918 976; x_wconf 76' lang='grc' dir='ltr'><strong>καὶ</strong></span> <span class='ocrx_word' id='word_1_60' title='bbox 953 921 1286 994; x_wconf 75' lang='grc' dir='ltr'>σεμνύνεται.</span> <span class='ocrx_word' id='word_1_61' title='bbox 1339 921 1415 978; x_wconf 89' lang='grc' dir='ltr'><strong>Τὸ</strong></span> <span class='ocrx_word' id='word_1_62' title='bbox 1470 920 1572 996; x_wconf 69' lang='grc' dir='ltr'><strong>γὰρ</strong></span> <span class='ocrx_word' id='word_1_63' title='bbox 1628 914 1850 993; x_wconf 78' lang='grc' dir='ltr'><strong>Ἐϐραῖ-</strong></span> 
     </span>
    </p>
   </div>
   <div class='ocr_carea' id='block_1_11' title="bbox 179 1007 1850 1088">
    <p class='ocr_par' dir='ltr' id='par_1_11' title="bbox 179 1007 1850 1088">
     <span class='ocr_line' id='line_1_11' title="bbox 179 1007 1850 1088; baseline -0.002 -22"><span class='ocrx_word' id='word_1_64' title='bbox 179 1011 271 1067; x_wconf 84' lang='grc' dir='ltr'><strong>στὶ</strong></span> <span class='ocrx_word' id='word_1_65' title='bbox 308 1008 530 1076; x_wconf 82' lang='grc' dir='ltr'>λαλεῖν,</span> <span class='ocrx_word' id='word_1_66' title='bbox 566 1009 807 1066; x_wconf 76' lang='grc' dir='ltr'>ῗδιωτεία</span> <span class='ocrx_word' id='word_1_67' title='bbox 840 1011 1030 1074; x_wconf 79' lang='grc' dir='ltr'>αὐτοῖς</span> <span class='ocrx_word' id='word_1_68' title='bbox 1063 1007 1236 1066; x_wconf 79' lang='grc' dir='ltr'>ἐδόκει</span> <span class='ocrx_word' id='word_1_69' title='bbox 1294 1011 1411 1065; x_wconf 80' lang='grc' dir='ltr'>οὖσι</span> <span class='ocrx_word' id='word_1_70' title='bbox 1471 1014 1682 1088; x_wconf 65' lang='grc' dir='ltr'>σοφοῖς.</span> <span class='ocrx_word' id='word_1_71' title='bbox 1713 1012 1850 1063; x_wconf 82' lang='grc' dir='ltr'>Τοῦ-</span> 
     </span>
    </p>
   </div>
   <div class='ocr_carea' id='block_1_12' title="bbox 180 1095 1848 1179">
    <p class='ocr_par' dir='ltr' id='par_1_12' title="bbox 180 1095 1848 1179">
     <span class='ocr_line' id='line_1_12' title="bbox 180 1095 1848 1179; baseline -0.002 -24"><span class='ocrx_word' id='word_1_72' title='bbox 180 1122 246 1156; x_wconf 87' lang='grc' dir='ltr'><strong>το</strong></span> <span class='ocrx_word' id='word_1_73' title='bbox 285 1099 346 1156; x_wconf 74' lang='grc' dir='ltr'>εὶ</span> <span class='ocrx_word' id='word_1_74' title='bbox 381 1105 550 1169; x_wconf 84' lang='grc' dir='ltr'>ποιεῖ,</span> <span class='ocrx_word' id='word_1_75' title='bbox 588 1102 860 1172; x_wconf 79' lang='grc' dir='ltr'>καθαιρῶν</span> <span class='ocrx_word' id='word_1_76' title='bbox 889 1103 980 1156; x_wconf 87' lang='grc' dir='ltr'>τὸν</span> <span class='ocrx_word' id='word_1_77' title='bbox 1008 1105 1174 1179; x_wconf 70' lang='grc' dir='ltr'>τῦςιον</span> <span class='ocrx_word' id='word_1_78' title='bbox 1201 1105 1308 1155; x_wconf 84' lang='grc' dir='ltr'><strong>τῶν</strong></span> <span class='ocrx_word' id='word_1_79' title='bbox 1348 1105 1548 1173; x_wconf 80' lang='grc' dir='ltr'>σοφῶν.</span> <span class='ocrx_word' id='word_1_80' title='bbox 1607 1132 1671 1142; x_wconf 91' lang='lat'><strong>—</strong></span> <span class='ocrx_word' id='word_1_81' title='bbox 1703 1095 1848 1154; x_wconf 74' lang='grc' dir='ltr'>Ἀλ-</span> 
     </span>
    </p>
   </div>
   <div class='ocr_carea' id='block_1_13' title="bbox 182 1184 1850 1265">
    <p class='ocr_par' dir='ltr' id='par_1_13' title="bbox 182 1184 1850 1265">
     <span class='ocr_line' id='line_1_13' title="bbox 182 1184 1850 1265; baseline -0.003 -18"><span class='ocrx_word' id='word_1_82' title='bbox 182 1191 332 1253; x_wconf 88' lang='grc' dir='ltr'>λως.</span> <span class='ocrx_word' id='word_1_83' title='bbox 366 1191 700 1264; x_wconf 80' lang='grc' dir='ltr'><strong>[ΟΙΚΟΥΜ.]</strong></span> <span class='ocrx_word' id='word_1_84' title='bbox 731 1194 901 1247; x_wconf 74' lang='grc' dir='ltr'>Τοῦτο</span> <span class='ocrx_word' id='word_1_85' title='bbox 930 1190 992 1244; x_wconf 81' lang='grc' dir='ltr'><strong>ού</strong></span> <span class='ocrx_word' id='word_1_86' title='bbox 1014 1197 1114 1259; x_wconf 77' lang='grc' dir='ltr'><strong>τῆς</strong></span> <span class='ocrx_word' id='word_1_87' title='bbox 1144 1184 1408 1265; x_wconf 68' lang='grc' dir='ltr'>Ἑϐραίων</span> <span class='ocrx_word' id='word_1_88' title='bbox 1468 1190 1610 1252; x_wconf 73' lang='grc' dir='ltr'>τινες</span> <span class='ocrx_word' id='word_1_89' title='bbox 1645 1186 1850 1243; x_wconf 66' lang='grc' dir='ltr'>ὑπελα-</span> 
     </span>
    </p>
   </div>
   <div class='ocr_carea' id='block_1_14' title="bbox 182 1275 1848 1355">
    <p class='ocr_par' dir='ltr' id='par_1_14' title="bbox 182 1275 1848 1355">
     <span class='ocr_line' id='line_1_14' title="bbox 182 1275 1848 1355; baseline -0.002 -21"><span class='ocrx_word' id='word_1_90' title='bbox 182 1276 306 1344; x_wconf 78' lang='grc' dir='ltr'>6ον,</span> <span class='ocrx_word' id='word_1_91' title='bbox 335 1278 489 1334; x_wconf 68' lang='grc' dir='ltr'>ἀλλὰ</span> <span class='ocrx_word' id='word_1_92' title='bbox 517 1286 617 1349; x_wconf 74' lang='grc' dir='ltr'>τῆς</span> <span class='ocrx_word' id='word_1_93' title='bbox 659 1279 842 1354; x_wconf 86' lang='grc' dir='ltr'>Σύρων</span> <span class='ocrx_word' id='word_1_94' title='bbox 873 1280 1014 1334; x_wconf 85' lang='grc' dir='ltr'>εἶναι</span> <span class='ocrx_word' id='word_1_95' title='bbox 1046 1287 1252 1355; x_wconf 64' lang='grc' dir='ltr'>φωνῆς.</span> <span class='ocrx_word' id='word_1_96' title='bbox 1285 1279 1674 1354; x_wconf 77' lang='grc' dir='ltr'>Ἐρμηνεύεται</span> <span class='ocrx_word' id='word_1_97' title='bbox 1709 1275 1787 1346; x_wconf 76' lang='grc' dir='ltr'><strong>δὲ,</strong></span> <span class='ocrx_word' id='word_1_98' title='bbox 1819 1278 1848 1331; x_wconf 84' lang='grc' dir='ltr'>ὁ</span> 
     </span>
    </p>
   </div>
   <div class='ocr_carea' id='block_1_15' title="bbox 178 1366 1848 1447">
    <p class='ocr_par' dir='ltr' id='par_1_15' title="bbox 178 1366 1848 1447">
     <span class='ocr_line' id='line_1_15' title="bbox 178 1366 1848 1447; baseline -0.004 -20"><span class='ocrx_word' id='word_1_99' title='bbox 178 1370 405 1447; x_wconf 84' lang='grc' dir='ltr'>Κύριος</span> <span class='ocrx_word' id='word_1_100' title='bbox 435 1369 593 1438; x_wconf 76' lang='grc' dir='ltr'>ἦλθε.</span> <span class='ocrx_word' id='word_1_101' title='bbox 625 1370 844 1426; x_wconf 79' lang='grc' dir='ltr'>Τὲθεικε</span> <span class='ocrx_word' id='word_1_102' title='bbox 877 1367 933 1425; x_wconf 68' lang='grc' dir='ltr'><strong>δὲ</strong></span> <span class='ocrx_word' id='word_1_103' title='bbox 961 1371 1058 1438; x_wconf 76' lang='grc' dir='ltr'><strong>την</strong></span> <span class='ocrx_word' id='word_1_104' title='bbox 1091 1369 1253 1442; x_wconf 75' lang='grc' dir='ltr'>λέξιν,</span> <span class='ocrx_word' id='word_1_105' title='bbox 1288 1375 1395 1424; x_wconf 82' lang='grc' dir='ltr'>τῶν</span> <span class='ocrx_word' id='word_1_106' title='bbox 1428 1367 1515 1423; x_wconf 76' lang='grc' dir='ltr'><strong>ἐπὶ</strong></span> <span class='ocrx_word' id='word_1_107' title='bbox 1539 1366 1848 1443; x_wconf 76' lang='grc' dir='ltr'>εύγλωττίᾳ</span> 
     </span>
    </p>
   </div>
   <div class='ocr_carea' id='block_1_16' title="bbox 178 1456 1846 1538">
    <p class='ocr_par' dir='ltr' id='par_1_16' title="bbox 178 1456 1846 1538">
     <span class='ocr_line' id='line_1_16' title="bbox 178 1456 1846 1538; baseline -0.004 -21"><span class='ocrx_word' id='word_1_108' title='bbox 178 1456 608 1533; x_wconf 78' lang='grc' dir='ltr'><strong>σεμνυνομένων</strong></span> <span class='ocrx_word' id='word_1_109' title='bbox 642 1460 943 1533; x_wconf 79' lang='grc' dir='ltr'>Κορινθίων</span> <span class='ocrx_word' id='word_1_110' title='bbox 975 1461 1075 1529; x_wconf 66' lang='grc' dir='ltr'><strong>τὴν</strong></span> <span class='ocrx_word' id='word_1_111' title='bbox 1107 1458 1271 1538; x_wconf 71' lang='grc' dir='ltr'>ὀφρὺν</span> <span class='ocrx_word' id='word_1_112' title='bbox 1305 1456 1711 1528; x_wconf 71' lang='grc' dir='ltr'>καταστέλλων,</span> <span class='ocrx_word' id='word_1_113' title='bbox 1757 1458 1846 1513; x_wconf 84' lang='grc' dir='ltr'><strong>καὶ</strong></span> 
     </span>
    </p>
   </div>
   <div class='ocr_carea' id='block_1_17' title="bbox 176 1545 1846 1614">
    <p class='ocr_par' dir='ltr' id='par_1_17' title="bbox 176 1545 1846 1614">
     <span class='ocr_line' id='line_1_17' title="bbox 176 1545 1846 1614; baseline -0.004 -7"><span class='ocrx_word' id='word_1_114' title='bbox 176 1549 467 1607; x_wconf 79' lang='grc' dir='ltr'>διδάσκων</span> <span class='ocrx_word' id='word_1_115' title='bbox 518 1549 593 1611; x_wconf 87' lang='grc' dir='ltr'><strong>ὡς</strong></span> <span class='ocrx_word' id='word_1_116' title='bbox 640 1549 700 1604; x_wconf 82' lang='grc' dir='ltr'><strong>ού</strong></span> <span class='ocrx_word' id='word_1_117' title='bbox 759 1545 1113 1614; x_wconf 70' lang='grc' dir='ltr'>παιδεύσεως,</span> <span class='ocrx_word' id='word_1_118' title='bbox 1174 1546 1320 1604; x_wconf 81' lang='grc' dir='ltr'><strong>ἀλλᾶ</strong></span> <span class='ocrx_word' id='word_1_119' title='bbox 1367 1547 1600 1609; x_wconf 76' lang='grc' dir='ltr'>πῖστεως</span> <span class='ocrx_word' id='word_1_120' title='bbox 1659 1547 1846 1609; x_wconf 84' lang='grc' dir='ltr'>αὐτοῖς</span> 
     </span>
    </p>
   </div>
   <div class='ocr_carea' id='block_1_18' title="bbox 174 1637 1849 1720">
    <p class='ocr_par' dir='ltr' id='par_1_18' title="bbox 174 1637 1849 1720">
     <span class='ocr_line' id='line_1_18' title="bbox 174 1637 1849 1720; baseline -0.002 -26"><span class='ocrx_word' id='word_1_121' title='bbox 174 1639 373 1720; x_wconf 72' lang='grc' dir='ltr'>χρεία.</span> <span class='ocrx_word' id='word_1_122' title='bbox 417 1664 443 1691; x_wconf 87' lang='lat'><strong>«</strong></span> <span class='ocrx_word' id='word_1_123' title='bbox 473 1644 528 1694; x_wconf 89' lang='lat' dir='ltr'><strong>&#39;H</strong></span> <span class='ocrx_word' id='word_1_124' title='bbox 567 1637 730 1712; x_wconf 78' lang='grc' dir='ltr'>χάρις</span> <span class='ocrx_word' id='word_1_125' title='bbox 758 1643 856 1694; x_wconf 73' lang='grc' dir='ltr'><strong>τοῦ</strong></span> <span class='ocrx_word' id='word_1_126' title='bbox 918 1637 1119 1713; x_wconf 73' lang='grc' dir='ltr'>Κυρίου</span> <span class='ocrx_word' id='word_1_127' title='bbox 1169 1638 1353 1707; x_wconf 72' lang='grc' dir='ltr'><strong>Ἰησοῦ</strong></span> <span class='ocrx_word' id='word_1_128' title='bbox 1414 1640 1670 1711; x_wconf 74' lang='grc' dir='ltr'>λριστοῢ,</span> <span class='ocrx_word' id='word_1_129' title='bbox 1733 1638 1849 1710; x_wconf 77' lang='grc' dir='ltr'><strong>μεθ’</strong></span> 
     </span>
    </p>
   </div>
   <div class='ocr_carea' id='block_1_19' title="bbox 174 1725 1846 1804">
    <p class='ocr_par' dir='ltr' id='par_1_19' title="bbox 174 1725 1846 1804">
     <span class='ocr_line' id='line_1_19' title="bbox 174 1725 1846 1804; baseline -0.001 -20"><span class='ocrx_word' id='word_1_130' title='bbox 174 1732 363 1804; x_wconf 80' lang='grc' dir='ltr'>ὑμῶν.</span> <span class='ocrx_word' id='word_1_131' title='bbox 387 1731 615 1785; x_wconf 78' lang='grc' dir='ltr'>»Τοῦτο</span> <span class='ocrx_word' id='word_1_132' title='bbox 644 1725 1068 1796; x_wconf 81' lang='grc' dir='ltr'>διδασκάλου,τὸ</span> <span class='ocrx_word' id='word_1_133' title='bbox 1093 1729 1168 1800; x_wconf 79' lang='grc' dir='ltr'><strong>μὴ</strong></span> <span class='ocrx_word' id='word_1_134' title='bbox 1203 1727 1366 1802; x_wconf 73' lang='grc' dir='ltr'>μόνον</span> <span class='ocrx_word' id='word_1_135' title='bbox 1398 1725 1846 1802; x_wconf 72' lang='grc' dir='ltr'>παραινεῖν,ἀλλὰ</span> 
     </span>
    </p>
   </div>
   <div class='ocr_carea' id='block_1_20' title="bbox 1965 566 3607 631">
    <p class='ocr_par' dir='ltr' id='par_1_20' title="bbox 1965 566 3607 631">
     <span class='ocr_line' id='line_1_20' title="bbox 1965 566 3607 631; baseline 0.002 -9"><span class='ocrx_word' id='word_1_136' title='bbox 1965 568 2279 624; x_wconf 91' lang='lat' dir='ltr'><strong>Dominum</strong></span> <span class='ocrx_word' id='word_1_137' title='bbox 2336 595 2359 618; x_wconf 79' lang='grc' dir='ltr'><strong>α</strong></span> <span class='ocrx_word' id='word_1_138' title='bbox 2400 569 2755 624; x_wconf 83' lang='lat' dir='ltr'><strong>Maranatha.</strong></span> <span class='ocrx_word' id='word_1_139' title='bbox 2792 590 2819 618; x_wconf 84' lang='grc'><strong>››</strong></span> <span class='ocrx_word' id='word_1_140' title='bbox 2853 566 2911 622; x_wconf 92' lang='lat' dir='ltr'><strong>ld</strong></span> <span class='ocrx_word' id='word_1_141' title='bbox 2944 575 3052 631; x_wconf 90' lang='lat' dir='ltr'><strong>est,</strong></span> <span class='ocrx_word' id='word_1_142' title='bbox 3111 569 3396 625; x_wconf 86' lang='lat' dir='ltr'><strong>Dominus</strong></span> <span class='ocrx_word' id='word_1_143' title='bbox 3426 570 3607 626; x_wconf 82' lang='lat' dir='ltr'><strong>venit.</strong></span> 
     </span>
    </p>
   </div>
   <div class='ocr_carea' id='block_1_21' title="bbox 1965 657 3610 729">
    <p class='ocr_par' dir='ltr' id='par_1_21' title="bbox 1965 657 3610 729">
     <span class='ocr_line' id='line_1_21' title="bbox 1965 657 3610 729; baseline 0.002 -19"><span class='ocrx_word' id='word_1_144' title='bbox 1965 657 2084 712; x_wconf 87' lang='lat' dir='ltr'><strong>Hoc</strong></span> <span class='ocrx_word' id='word_1_145' title='bbox 2116 666 2312 714; x_wconf 87' lang='lat' dir='ltr'><strong>autem</strong></span> <span class='ocrx_word' id='word_1_146' title='bbox 2345 657 3008 729; x_wconf 84' lang='lat' dir='ltr'><strong>dixitdispensationem</strong></span> <span class='ocrx_word' id='word_1_147' title='bbox 3031 673 3097 712; x_wconf 88' lang='lat' dir='ltr'><strong>ac</strong></span> <span class='ocrx_word' id='word_1_148' title='bbox 3113 659 3610 716; x_wconf 85' lang='lat' dir='ltr'><strong>resurrectionem</strong></span> 
     </span>
    </p>
   </div>
   <div class='ocr_carea' id='block_1_22' title="bbox 1964 748 3611 820">
    <p class='ocr_par' dir='ltr' id='par_1_22' title="bbox 1964 748 3611 820">
     <span class='ocr_line' id='line_1_22' title="bbox 1964 748 3611 820; baseline 0.001 -18"><span class='ocrx_word' id='word_1_149' title='bbox 1964 748 2344 804; x_wconf 78' lang='lat' dir='ltr'><strong>confirmans.</strong></span> <span class='ocrx_word' id='word_1_150' title='bbox 2375 755 2429 802; x_wconf 92' lang='lat' dir='ltr'><strong>et</strong></span> <span class='ocrx_word' id='word_1_151' title='bbox 2460 748 2789 803; x_wconf 89' lang='lat' dir='ltr'><strong>admonens</strong></span> <span class='ocrx_word' id='word_1_152' title='bbox 2813 748 2968 818; x_wconf 88' lang='lat' dir='ltr'><strong>quod</strong></span> <span class='ocrx_word' id='word_1_153' title='bbox 2995 748 3279 804; x_wconf 87' lang='lat' dir='ltr'><strong>Dominus</strong></span> <span class='ocrx_word' id='word_1_154' title='bbox 3300 767 3404 820; x_wconf 90' lang='lat' dir='ltr'><strong>pro</strong></span> <span class='ocrx_word' id='word_1_155' title='bbox 3437 749 3611 805; x_wconf 87' lang='lat' dir='ltr'><strong>nobis</strong></span> 
     </span>
    </p>
   </div>
   <div class='ocr_carea' id='block_1_23' title="bbox 1965 837 3614 908">
    <p class='ocr_par' dir='ltr' id='par_1_23' title="bbox 1965 837 3614 908">
     <span class='ocr_line' id='line_1_23' title="bbox 1965 837 3614 908; baseline 0.002 -19"><span class='ocrx_word' id='word_1_156' title='bbox 1965 843 2234 890; x_wconf 89' lang='lat' dir='ltr'><strong>mortuus</strong></span> <span class='ocrx_word' id='word_1_157' title='bbox 2256 842 2344 890; x_wconf 84' lang='lat' dir='ltr'><strong>est</strong></span> <span class='ocrx_word' id='word_1_158' title='bbox 2383 853 2479 890; x_wconf 84' lang='lat' dir='ltr'><strong>vos</strong></span> <span class='ocrx_word' id='word_1_159' title='bbox 2502 844 2720 898; x_wconf 82' lang='lat' dir='ltr'><strong>autem.</strong></span> <span class='ocrx_word' id='word_1_160' title='bbox 2756 837 2969 908; x_wconf 85' lang='lat' dir='ltr'><strong>inquit.</strong></span> <span class='ocrx_word' id='word_1_161' title='bbox 3008 853 3142 892; x_wconf 88' lang='lat' dir='ltr'><strong>eum</strong></span> <span class='ocrx_word' id='word_1_162' title='bbox 3177 837 3422 892; x_wconf 71' lang='lat' dir='ltr'><strong>irritatis</strong></span> <span class='ocrx_word' id='word_1_163' title='bbox 3453 837 3614 892; x_wconf 87' lang='lat' dir='ltr'><strong>indi-</strong></span> 
     </span>
    </p>
   </div>
   <div class='ocr_carea' id='block_1_24' title="bbox 1962 925 3612 996">
    <p class='ocr_par' dir='ltr' id='par_1_24' title="bbox 1962 925 3612 996">
     <span class='ocr_line' id='line_1_24' title="bbox 1962 925 3612 996; baseline 0.001 -16"><span class='ocrx_word' id='word_1_164' title='bbox 1962 940 2076 996; x_wconf 83' lang='lat' dir='ltr'><strong>gna</strong></span> <span class='ocrx_word' id='word_1_165' title='bbox 2106 931 2541 996; x_wconf 85' lang='lat' dir='ltr'><strong>perpetrantes.</strong></span> <span class='ocrx_word' id='word_1_166' title='bbox 2569 925 2854 982; x_wconf 85' lang='lat' dir='ltr'><strong>Hebraica</strong></span> <span class='ocrx_word' id='word_1_167' title='bbox 2885 941 3016 981; x_wconf 88' lang='lat' dir='ltr'><strong>vero</strong></span> <span class='ocrx_word' id='word_1_168' title='bbox 3043 942 3187 992; x_wconf 77' lang='lat' dir='ltr'><strong>usus</strong></span> <span class='ocrx_word' id='word_1_169' title='bbox 3219 933 3306 984; x_wconf 91' lang='lat' dir='ltr'><strong>est</strong></span> <span class='ocrx_word' id='word_1_170' title='bbox 3353 926 3612 986; x_wconf 75' lang='lat' dir='ltr'><strong>dictione</strong></span> 
     </span>
    </p>
   </div>
   <div class='ocr_carea' id='block_1_25' title="bbox 1963 1013 3611 1086">
    <p class='ocr_par' dir='ltr' id='par_1_25' title="bbox 1963 1013 3611 1086">
     <span class='ocr_line' id='line_1_25' title="bbox 1963 1013 3611 1086; baseline 0.002 -17"><span class='ocrx_word' id='word_1_171' title='bbox 1963 1013 2284 1069; x_wconf 86' lang='lat' dir='ltr'><strong>ostendens</strong></span> <span class='ocrx_word' id='word_1_172' title='bbox 2307 1014 2463 1086; x_wconf 89' lang='lat' dir='ltr'><strong>quod</strong></span> <span class='ocrx_word' id='word_1_173' title='bbox 2483 1032 2601 1070; x_wconf 88' lang='lat' dir='ltr'><strong>non</strong></span> <span class='ocrx_word' id='word_1_174' title='bbox 2616 1015 2810 1076; x_wconf 86' lang='lat' dir='ltr'><strong>solum</strong></span> <span class='ocrx_word' id='word_1_175' title='bbox 2831 1032 2952 1074; x_wconf 85' lang='lat' dir='ltr'><strong>non</strong></span> <span class='ocrx_word' id='word_1_176' title='bbox 2976 1014 3611 1082; x_wconf 79' lang='lat' dir='ltr'><strong>averseturinscitiam,</strong></span> 
     </span>
    </p>
   </div>
   <div class='ocr_carea' id='block_1_26' title="bbox 1965 1102 3614 1179">
    <p class='ocr_par' dir='ltr' id='par_1_26' title="bbox 1965 1102 3614 1179">
     <span class='ocr_line' id='line_1_26' title="bbox 1965 1102 3614 1179; baseline 0.001 -21"><span class='ocrx_word' id='word_1_177' title='bbox 1965 1102 2066 1158; x_wconf 90' lang='lat' dir='ltr'><strong>sed</strong></span> <span class='ocrx_word' id='word_1_178' title='bbox 2098 1110 2157 1159; x_wconf 90' lang='lat' dir='ltr'><strong>et</strong></span> <span class='ocrx_word' id='word_1_179' title='bbox 2185 1104 2471 1176; x_wconf 70' lang='lat' dir='ltr'><strong>glorietur</strong></span> <span class='ocrx_word' id='word_1_180' title='bbox 2497 1104 2567 1159; x_wconf 92' lang='lat' dir='ltr'><strong>de</strong></span> <span class='ocrx_word' id='word_1_181' title='bbox 2599 1121 2686 1160; x_wconf 90' lang='lat' dir='ltr'><strong>ea.</strong></span> <span class='ocrx_word' id='word_1_182' title='bbox 2719 1105 2866 1160; x_wconf 88' lang='lat' dir='ltr'><strong>Nam</strong></span> <span class='ocrx_word' id='word_1_183' title='bbox 2919 1104 3200 1160; x_wconf 82' lang='lat' dir='ltr'><strong>Hebraice</strong></span> <span class='ocrx_word' id='word_1_184' title='bbox 3231 1105 3416 1175; x_wconf 84' lang='lat' dir='ltr'><strong>loqui,</strong></span> <span class='ocrx_word' id='word_1_185' title='bbox 3443 1106 3614 1179; x_wconf 84' lang='lat' dir='ltr'><strong>igno-</strong></span> 
     </span>
    </p>
   </div>
   <div class='ocr_carea' id='block_1_27' title="bbox 1962 1193 3614 1266">
    <p class='ocr_par' dir='ltr' id='par_1_27' title="bbox 1962 1193 3614 1266">
     <span class='ocr_line' id='line_1_27' title="bbox 1962 1193 3614 1266; baseline 0.001 -19"><span class='ocrx_word' id='word_1_186' title='bbox 1962 1194 2158 1248; x_wconf 87' lang='lat' dir='ltr'><strong>rantia</strong></span> <span class='ocrx_word' id='word_1_187' title='bbox 2187 1193 2332 1264; x_wconf 88' lang='lat' dir='ltr'><strong>ipsis</strong></span> <span class='ocrx_word' id='word_1_188' title='bbox 2361 1193 2666 1248; x_wconf 80' lang='lat' dir='ltr'><strong>videbatur</strong></span> <span class='ocrx_word' id='word_1_189' title='bbox 2695 1211 2828 1250; x_wconf 88' lang='lat' dir='ltr'><strong>cum</strong></span> <span class='ocrx_word' id='word_1_190' title='bbox 2862 1196 3161 1266; x_wconf 83' lang='lat' dir='ltr'><strong>sapientes</strong></span> <span class='ocrx_word' id='word_1_191' title='bbox 3221 1199 3440 1252; x_wconf 86' lang='lat' dir='ltr'><strong>essent.</strong></span> <span class='ocrx_word' id='word_1_192' title='bbox 3493 1194 3614 1261; x_wconf 79' lang='lat' dir='ltr'><strong>Hoc</strong></span> 
     </span>
    </p>
   </div>
   <div class='ocr_carea' id='block_1_28' title="bbox 1961 1282 3612 1355">
    <p class='ocr_par' dir='ltr' id='par_1_28' title="bbox 1961 1282 3612 1355">
     <span class='ocr_line' id='line_1_28' title="bbox 1961 1282 3612 1355; baseline 0.001 -19"><span class='ocrx_word' id='word_1_193' title='bbox 1961 1289 2157 1337; x_wconf 90' lang='lat' dir='ltr'><strong>autem</strong></span> <span class='ocrx_word' id='word_1_194' title='bbox 2189 1282 2573 1349; x_wconf 78' lang='lat' dir='ltr'><strong>facit,tollens</strong></span> <span class='ocrx_word' id='word_1_195' title='bbox 2596 1284 2811 1338; x_wconf 83' lang='lat' dir='ltr'><strong>fastum</strong></span> <span class='ocrx_word' id='word_1_196' title='bbox 2843 1285 3200 1355; x_wconf 82' lang='lat' dir='ltr'><strong>sapientum.</strong></span> <span class='ocrx_word' id='word_1_197' title='bbox 3221 1283 3423 1339; x_wconf 79' lang='lat' dir='ltr'><strong>—-Alio</strong></span> <span class='ocrx_word' id='word_1_198' title='bbox 3453 1283 3612 1340; x_wconf 87' lang='lat' dir='ltr'><strong>modo</strong></span> 
     </span>
    </p>
   </div>
   <div class='ocr_carea' id='block_1_29' title="bbox 1961 1373 3614 1445">
    <p class='ocr_par' dir='ltr' id='par_1_29' title="bbox 1961 1373 3614 1445">
     <span class='ocr_line' id='line_1_29' title="bbox 1961 1373 3614 1445; baseline 0.001 -18"><span class='ocrx_word' id='word_1_199' title='bbox 1961 1373 2080 1428; x_wconf 82' lang='lat' dir='ltr'><strong>Hoc</strong></span> <span class='ocrx_word' id='word_1_200' title='bbox 2111 1373 2353 1442; x_wconf 88' lang='lat' dir='ltr'><strong>quidam</strong></span> <span class='ocrx_word' id='word_1_201' title='bbox 2413 1389 2532 1427; x_wconf 88' lang='lat' dir='ltr'><strong>non</strong></span> <span class='ocrx_word' id='word_1_202' title='bbox 2592 1373 2970 1428; x_wconf 71' lang='lat' dir='ltr'><strong>Hebrazorum</strong></span> <span class='ocrx_word' id='word_1_203' title='bbox 3001 1373 3144 1429; x_wconf 76' lang='lat'><strong>581</strong></span> <span class='ocrx_word' id='word_1_204' title='bbox 3183 1373 3288 1432; x_wconf 85' lang='lat' dir='ltr'><strong>sed</strong></span> <span class='ocrx_word' id='word_1_205' title='bbox 3333 1374 3614 1445; x_wconf 80' lang='lat' dir='ltr'><strong>Syrorum</strong></span> 
     </span>
    </p>
   </div>
   <div class='ocr_carea' id='block_1_30' title="bbox 1960 1463 3613 1536">
    <p class='ocr_par' dir='ltr' id='par_1_30' title="bbox 1960 1463 3613 1536">
     <span class='ocr_line' id='line_1_30' title="bbox 1960 1463 3613 1536; baseline 0 -18"><span class='ocrx_word' id='word_1_206' title='bbox 1960 1480 2089 1518; x_wconf 89' lang='lat' dir='ltr'><strong>esse</strong></span> <span class='ocrx_word' id='word_1_207' title='bbox 2121 1479 2320 1518; x_wconf 88' lang='lat' dir='ltr'><strong>vocem</strong></span> <span class='ocrx_word' id='word_1_208' title='bbox 2352 1463 2634 1534; x_wconf 83' lang='lat' dir='ltr'><strong>suspicati</strong></span> <span class='ocrx_word' id='word_1_209' title='bbox 2667 1463 3011 1519; x_wconf 89' lang='lat' dir='ltr'><strong>sunt.Sonat</strong></span> <span class='ocrx_word' id='word_1_210' title='bbox 3039 1470 3259 1532; x_wconf 90' lang='lat' dir='ltr'><strong>autem,</strong></span> <span class='ocrx_word' id='word_1_211' title='bbox 3293 1464 3339 1518; x_wconf 88' lang='lat' dir='ltr'><strong>si</strong></span> <span class='ocrx_word' id='word_1_212' title='bbox 3364 1463 3497 1536; x_wconf 86' lang='lat' dir='ltr'><strong>quis</strong></span> <span class='ocrx_word' id='word_1_213' title='bbox 3518 1464 3613 1518; x_wconf 86' lang='lat' dir='ltr'><strong>in-</strong></span> 
     </span>
    </p>
   </div>
   <div class='ocr_carea' id='block_1_31' title="bbox 1961 1553 3614 1624">
    <p class='ocr_par' dir='ltr' id='par_1_31' title="bbox 1961 1553 3614 1624">
     <span class='ocr_line' id='line_1_31' title="bbox 1961 1553 3614 1624; baseline 0.001 -17"><span class='ocrx_word' id='word_1_214' title='bbox 1961 1558 2340 1624; x_wconf 86' lang='lat' dir='ltr'><strong>terpretetur,</strong></span> <span class='ocrx_word' id='word_1_215' title='bbox 2377 1555 2637 1608; x_wconf 79' lang='lat' dir='ltr'><strong>Dominus</strong></span> <span class='ocrx_word' id='word_1_216' title='bbox 2669 1556 2834 1608; x_wconf 66' lang='lat' dir='ltr'><strong>venit.</strong></span> <span class='ocrx_word' id='word_1_217' title='bbox 2873 1553 3034 1609; x_wconf 87' lang='lat' dir='ltr'><strong>Hanc</strong></span> <span class='ocrx_word' id='word_1_218' title='bbox 3066 1560 3262 1609; x_wconf 89' lang='lat' dir='ltr'><strong>autem</strong></span> <span class='ocrx_word' id='word_1_219' title='bbox 3289 1553 3614 1610; x_wconf 84' lang='lat' dir='ltr'><strong>dictionem</strong></span> 
     </span>
    </p>
   </div>
   <div class='ocr_carea' id='block_1_32' title="bbox 1959 1642 3612 1714">
    <p class='ocr_par' dir='ltr' id='par_1_32' title="bbox 1959 1642 3612 1714">
     <span class='ocr_line' id='line_1_32' title="bbox 1959 1642 3612 1714; baseline -0.001 -17"><span class='ocrx_word' id='word_1_220' title='bbox 1959 1642 2572 1714; x_wconf 85' lang='lat' dir='ltr'><strong>posuit,supercilium</strong></span> <span class='ocrx_word' id='word_1_221' title='bbox 2600 1642 3004 1714; x_wconf 88' lang='lat' dir='ltr'><strong>comprimens</strong></span> <span class='ocrx_word' id='word_1_222' title='bbox 3037 1643 3475 1700; x_wconf 86' lang='lat' dir='ltr'><strong>Corinthiorum</strong></span> <span class='ocrx_word' id='word_1_223' title='bbox 3511 1642 3612 1714; x_wconf 87' lang='lat' dir='ltr'><strong>qui</strong></span> 
     </span>
    </p>
   </div>
   <div class='ocr_carea' id='block_1_33' title="bbox 1960 1731 3614 1804">
    <p class='ocr_par' dir='ltr' id='par_1_33' title="bbox 1960 1731 3614 1804">
     <span class='ocr_line' id='line_1_33' title="bbox 1960 1731 3614 1804; baseline 0 -18"><span class='ocrx_word' id='word_1_224' title='bbox 1960 1748 2088 1786; x_wconf 90' lang='lat' dir='ltr'><strong>sese</strong></span> <span class='ocrx_word' id='word_1_225' title='bbox 2121 1731 2193 1786; x_wconf 92' lang='lat' dir='ltr'><strong>de</strong></span> <span class='ocrx_word' id='word_1_226' title='bbox 2221 1733 2566 1803; x_wconf 85' lang='lat' dir='ltr'><strong>eloquentia</strong></span> <span class='ocrx_word' id='word_1_227' title='bbox 2591 1731 2919 1804; x_wconf 84' lang='lat' dir='ltr'><strong>jactabant,</strong></span> <span class='ocrx_word' id='word_1_228' title='bbox 2955 1739 3013 1788; x_wconf 88' lang='lat' dir='ltr'><strong>et</strong></span> <span class='ocrx_word' id='word_1_229' title='bbox 3042 1731 3262 1787; x_wconf 86' lang='lat' dir='ltr'><strong>docens</strong></span> <span class='ocrx_word' id='word_1_230' title='bbox 3303 1732 3461 1804; x_wconf 87' lang='lat' dir='ltr'><strong>quod</strong></span> <span class='ocrx_word' id='word_1_231' title='bbox 3493 1748 3614 1787; x_wconf 86' lang='lat' dir='ltr'><strong>non</strong></span> 
     </span>
    </p>
   </div>
   <div class='ocr_carea' id='block_1_34' title="bbox 170 1813 1858 1921">
    <p class='ocr_par' dir='ltr' id='par_1_34' title="bbox 170 1813 1845 1921">
     <span class='ocr_line' id='line_1_34' title="bbox 170 1813 1845 1889; baseline -0.002 -16"><span class='ocrx_word' id='word_1_232' title='bbox 170 1819 264 1874; x_wconf 78' lang='grc' dir='ltr'><strong>καὶ</strong></span> <span class='ocrx_word' id='word_1_233' title='bbox 298 1818 657 1874; x_wconf 65' lang='grc' dir='ltr'>ἐπεύλεσθαι.</span> <span class='ocrx_word' id='word_1_234' title='bbox 693 1817 824 1874; x_wconf 84' lang='grc' dir='ltr'>Εἶτα</span> <span class='ocrx_word' id='word_1_235' title='bbox 854 1815 1041 1884; x_wconf 70' lang='grc' dir='ltr'>ἐπειδὴ</span> <span class='ocrx_word' id='word_1_236' title='bbox 1073 1817 1250 1871; x_wconf 81' lang='grc' dir='ltr'>αὐτῶν</span> <span class='ocrx_word' id='word_1_237' title='bbox 1306 1813 1492 1871; x_wconf 85' lang='grc' dir='ltr'>πολλᾶ</span> <span class='ocrx_word' id='word_1_238' title='bbox 1539 1818 1845 1889; x_wconf 66' lang='grc' dir='ltr'>καθήψατο,</span> 
     </span>
     <span class='ocr_line' id='line_1_35' title="bbox 207 1905 1790 1921; baseline -0.001 0"><span class='ocrx_word' id='word_1_239' title='bbox 207 1913 233 1921; x_wconf 56' lang='grc' dir='ltr'><strong>υ</strong></span> <span class='ocrx_word' id='word_1_240' title='bbox 309 1920 318 1921; x_wconf 59' lang='lat'><strong><em>,</em></strong></span> <span class='ocrx_word' id='word_1_241' title='bbox 532 1907 544 1921; x_wconf 86' lang='grc'><strong><em>,</em></strong></span> <span class='ocrx_word' id='word_1_242' title='bbox 679 1907 690 1921; x_wconf 84' lang='lat'><strong>.</strong></span> <span class='ocrx_word' id='word_1_243' title='bbox 771 1906 781 1920; x_wconf 70' lang='grc' dir='ltr'><strong>ι</strong></span> <span class='ocrx_word' id='word_1_244' title='bbox 933 1907 946 1921; x_wconf 80' lang='lat'><strong>.</strong></span> <span class='ocrx_word' id='word_1_245' title='bbox 984 1905 997 1921; x_wconf 66' lang='grc' dir='ltr'><strong>ς</strong></span> <span class='ocrx_word' id='word_1_246' title='bbox 1088 1907 1099 1921; x_wconf 90' lang='grc'><strong><em>,</em></strong></span> <span class='ocrx_word' id='word_1_247' title='bbox 1325 1905 1396 1921; x_wconf 63' lang='grc' dir='ltr'><strong>η..</strong></span> <span class='ocrx_word' id='word_1_248' title='bbox 1527 1905 1540 1921; x_wconf 73' lang='grc'>.</span> <span class='ocrx_word' id='word_1_249' title='bbox 1778 1905 1790 1920; x_wconf 60' lang='grc' dir='ltr'><strong>ε</strong></span> 
     </span>
    </p>
   </div>
   <div class='ocr_carea' id='block_1_35' title="bbox 1972 1813 3613 1921">
    <p class='ocr_par' dir='ltr' id='par_1_35' title="bbox 1972 1813 3613 1893">
     <span class='ocr_line' id='line_1_36' title="bbox 1972 1813 3613 1893; baseline 0 -18"><span class='ocrx_word' id='word_1_250' title='bbox 1972 1821 2316 1882; x_wconf 71' lang='lat' dir='ltr'><strong>eruditiOne,</strong></span> <span class='ocrx_word' id='word_1_251' title='bbox 2339 1820 2442 1875; x_wconf 85' lang='lat' dir='ltr'><strong>sed</strong></span> <span class='ocrx_word' id='word_1_252' title='bbox 2464 1821 2577 1875; x_wconf 82' lang='lat' dir='ltr'><strong>ﬁde</strong></span> <span class='ocrx_word' id='word_1_253' title='bbox 2598 1821 2742 1892; x_wconf 88' lang='lat' dir='ltr'><strong>ipsis</strong></span> <span class='ocrx_word' id='word_1_254' title='bbox 2768 1813 2916 1893; x_wconf 80' lang='lat' dir='ltr'><strong>opus</strong></span> <span class='ocrx_word' id='word_1_255' title='bbox 2941 1827 3087 1876; x_wconf 88' lang='lat' dir='ltr'><strong>erat.</strong></span> <span class='ocrx_word' id='word_1_256' title='bbox 3109 1844 3136 1870; x_wconf 89' lang='grc'><em>‹‹</em></span> <span class='ocrx_word' id='word_1_257' title='bbox 3167 1823 3364 1878; x_wconf 86' lang='lat' dir='ltr'><strong>Gratia</strong></span> <span class='ocrx_word' id='word_1_258' title='bbox 3378 1820 3613 1876; x_wconf 89' lang='lat' dir='ltr'><strong>Domini</strong></span> 
     </span>
    </p>
   </div>
   <div class='ocr_carea' id='block_1_36' title="bbox 177 1905 1858 1982">
    <p class='ocr_par' dir='ltr' id='par_1_36' title="bbox 177 1905 1847 1982">
     <span class='ocr_line' id='line_1_37' title="bbox 177 1905 1847 1982; baseline -0.003 -19"><span class='ocrx_word' id='word_1_259' title='bbox 177 1913 269 1963; x_wconf 70' lang='grc' dir='ltr'><strong>νῦν</strong></span> <span class='ocrx_word' id='word_1_260' title='bbox 303 1907 602 1980; x_wconf 70' lang='grc' dir='ltr'>θεραπεύει</span> <span class='ocrx_word' id='word_1_261' title='bbox 633 1906 829 1969; x_wconf 68' lang='grc' dir='ltr'>αὐτοὺς</span> <span class='ocrx_word' id='word_1_262' title='bbox 859 1907 948 1962; x_wconf 85' lang='grc' dir='ltr'>καὶ</span> <span class='ocrx_word' id='word_1_263' title='bbox 981 1905 1288 1981; x_wconf 82' lang='grc' dir='ltr'>ἐπεύχεται.</span> <span class='ocrx_word' id='word_1_264' title='bbox 1325 1905 1426 1976; x_wconf 52' lang='grc' dir='ltr'><strong>Εῗὴ</strong></span> <span class='ocrx_word' id='word_1_265' title='bbox 1483 1905 1610 1981; x_wconf 78' lang='grc' dir='ltr'>γὰρ,</span> <span class='ocrx_word' id='word_1_266' title='bbox 1662 1905 1847 1982; x_wconf 69' lang='grc' dir='ltr'>φησῖν,</span> 
     </span>
    </p>
   </div>
   <div class='ocr_carea' id='block_1_37' title="bbox 1972 1905 3615 1982">
    <p class='ocr_par' dir='ltr' id='par_1_37' title="bbox 1972 1909 3615 1982">
     <span class='ocr_line' id='line_1_38' title="bbox 1972 1909 3615 1982; baseline -0.001 -18"><span class='ocrx_word' id='word_1_267' title='bbox 1972 1915 2097 1964; x_wconf 89' lang='lat' dir='ltr'><strong>Iesu</strong></span> <span class='ocrx_word' id='word_1_268' title='bbox 2129 1909 2343 1966; x_wconf 82' lang='lat' dir='ltr'><strong>Christi</strong></span> <span class='ocrx_word' id='word_1_269' title='bbox 2367 1909 2444 1964; x_wconf 84' lang='lat' dir='ltr'><strong>sit</strong></span> <span class='ocrx_word' id='word_1_270' title='bbox 2472 1909 2797 1965; x_wconf 87' lang='lat' dir='ltr'><strong>vobiscum.</strong></span> <span class='ocrx_word' id='word_1_271' title='bbox 2844 1932 2870 1960; x_wconf 76' lang='grc' dir='ltr'><strong>λ)</strong></span> <span class='ocrx_word' id='word_1_272' title='bbox 2921 1911 3039 1966; x_wconf 88' lang='lat' dir='ltr'><strong>Hoc</strong></span> <span class='ocrx_word' id='word_1_273' title='bbox 3086 1909 3468 1982; x_wconf 70' lang='lat' dir='ltr'><strong>prmceptoris</strong></span> <span class='ocrx_word' id='word_1_274' title='bbox 3527 1913 3615 1964; x_wconf 83' lang='lat' dir='ltr'><strong>est</strong></span> 
     </span>
    </p>
   </div>
   <div class='ocr_carea' id='block_1_38' title="bbox 180 1994 1858 2072">
    <p class='ocr_par' dir='ltr' id='par_1_38' title="bbox 180 1994 1849 2072">
     <span class='ocr_line' id='line_1_39' title="bbox 180 1994 1849 2072; baseline -0.002 -20"><span class='ocrx_word' id='word_1_275' title='bbox 180 2001 217 2068; x_wconf 70' lang='grc' dir='ltr'><strong>ἦ</strong></span> <span class='ocrx_word' id='word_1_276' title='bbox 254 1997 444 2072; x_wconf 76' lang='grc' dir='ltr'>ἀγάπη</span> <span class='ocrx_word' id='word_1_277' title='bbox 482 2019 590 2070; x_wconf 86' lang='grc' dir='ltr'>μου</span> <span class='ocrx_word' id='word_1_278' title='bbox 629 1999 742 2071; x_wconf 80' lang='grc' dir='ltr'><strong>μεθ’</strong></span> <span class='ocrx_word' id='word_1_279' title='bbox 774 1998 948 2070; x_wconf 49' lang='grc' dir='ltr'>ὑμῶν.</span> <span class='ocrx_word' id='word_1_280' title='bbox 983 1998 1172 2053; x_wconf 85' lang='grc' dir='ltr'>Ἒσται</span> <span class='ocrx_word' id='word_1_281' title='bbox 1215 1994 1272 2051; x_wconf 74' lang='grc' dir='ltr'><strong>δὲ</strong></span> <span class='ocrx_word' id='word_1_282' title='bbox 1325 1999 1486 2051; x_wconf 78' lang='grc' dir='ltr'>τοῦτο</span> <span class='ocrx_word' id='word_1_283' title='bbox 1527 1999 1644 2056; x_wconf 81' lang='grc' dir='ltr'>πῶς</span> <span class='ocrx_word' id='word_1_284' title='bbox 1680 2018 1694 2064; x_wconf 89' lang='lat'><strong>;</strong></span> <span class='ocrx_word' id='word_1_285' title='bbox 1728 1995 1849 2050; x_wconf 76' lang='grc' dir='ltr'>Ἐάν</span> 
     </span>
    </p>
   </div>
   <div class='ocr_carea' id='block_1_39' title="bbox 1972 1994 3616 2072">
    <p class='ocr_par' dir='ltr' id='par_1_39' title="bbox 1972 2000 3616 2072">
     <span class='ocr_line' id='line_1_40' title="bbox 1972 2000 3616 2072; baseline 0.001 -18"><span class='ocrx_word' id='word_1_286' title='bbox 1972 2017 2080 2064; x_wconf 82' lang='lat' dir='ltr'><strong>non</strong></span> <span class='ocrx_word' id='word_1_287' title='bbox 2112 2000 2412 2056; x_wconf 87' lang='lat' dir='ltr'><strong>adhortari</strong></span> <span class='ocrx_word' id='word_1_288' title='bbox 2448 2000 2777 2065; x_wconf 88' lang='lat' dir='ltr'><strong>solum,sed</strong></span> <span class='ocrx_word' id='word_1_289' title='bbox 2801 2005 2858 2060; x_wconf 83' lang='lat' dir='ltr'><strong>et</strong></span> <span class='ocrx_word' id='word_1_290' title='bbox 2878 2002 3129 2072; x_wconf 86' lang='lat' dir='ltr'><strong>precari.</strong></span> <span class='ocrx_word' id='word_1_291' title='bbox 3165 2002 3430 2072; x_wconf 87' lang='lat' dir='ltr'><strong>Denique</strong></span> <span class='ocrx_word' id='word_1_292' title='bbox 3461 2005 3616 2072; x_wconf 87' lang='lat' dir='ltr'><strong>post-</strong></span> 
     </span>
    </p>
   </div>
   <div class='ocr_carea' id='block_1_40' title="bbox 186 2085 1858 2163">
    <p class='ocr_par' dir='ltr' id='par_1_40' title="bbox 186 2085 1854 2163">
     <span class='ocr_line' id='line_1_41' title="bbox 186 2085 1854 2163; baseline -0.002 -20"><span class='ocrx_word' id='word_1_293' title='bbox 186 2089 368 2163; x_wconf 80' lang='grc' dir='ltr'>ὀρθῶς</span> <span class='ocrx_word' id='word_1_294' title='bbox 410 2085 696 2163; x_wconf 82' lang='grc' dir='ltr'>βαδίζητε.</span> <span class='ocrx_word' id='word_1_295' title='bbox 730 2087 863 2145; x_wconf 79' lang='grc' dir='ltr'>Εἶτα</span> <span class='ocrx_word' id='word_1_296' title='bbox 891 2087 976 2142; x_wconf 83' lang='grc' dir='ltr'>ἳνα</span> <span class='ocrx_word' id='word_1_297' title='bbox 1009 2089 1084 2160; x_wconf 76' lang='grc' dir='ltr'><strong>μὴ</strong></span> <span class='ocrx_word' id='word_1_298' title='bbox 1119 2086 1388 2161; x_wconf 74' lang='grc' dir='ltr'>νομίσωσι</span> <span class='ocrx_word' id='word_1_299' title='bbox 1417 2085 1706 2148; x_wconf 80' lang='grc' dir='ltr'>κολακείας</span> <span class='ocrx_word' id='word_1_300' title='bbox 1738 2085 1854 2140; x_wconf 76' lang='grc' dir='ltr'>εἶνα</span> 
     </span>
    </p>
   </div>
   <div class='ocr_carea' id='block_1_41' title="bbox 1972 2085 3616 2163">
    <p class='ocr_par' dir='ltr' id='par_1_41' title="bbox 1972 2087 3616 2162">
     <span class='ocr_line' id='line_1_42' title="bbox 1972 2087 3616 2162; baseline -0.002 -17"><span class='ocrx_word' id='word_1_301' title='bbox 1972 2105 2140 2160; x_wconf 70' lang='lat' dir='ltr'><strong>quam</strong></span> <span class='ocrx_word' id='word_1_302' title='bbox 2173 2089 2234 2144; x_wconf 89' lang='lat' dir='ltr'><strong>in</strong></span> <span class='ocrx_word' id='word_1_303' title='bbox 2264 2089 2470 2144; x_wconf 90' lang='lat' dir='ltr'><strong>multis</strong></span> <span class='ocrx_word' id='word_1_304' title='bbox 2500 2089 2660 2160; x_wconf 91' lang='lat' dir='ltr'><strong>ipsos</strong></span> <span class='ocrx_word' id='word_1_305' title='bbox 2693 2087 3041 2162; x_wconf 74' lang='lat' dir='ltr'><strong>objurgavit,</strong></span> <span class='ocrx_word' id='word_1_306' title='bbox 3075 2107 3236 2145; x_wconf 88' lang='lat' dir='ltr'><strong>nunc</strong></span> <span class='ocrx_word' id='word_1_307' title='bbox 3266 2089 3616 2160; x_wconf 90' lang='lat' dir='ltr'><strong>obsequitur</strong></span> 
     </span>
    </p>
   </div>
   <div class='ocr_carea' id='block_1_42' title="bbox 185 2173 1858 2254">
    <p class='ocr_par' dir='ltr' id='par_1_42' title="bbox 185 2173 1851 2254">
     <span class='ocr_line' id='line_1_43' title="bbox 185 2173 1851 2254; baseline -0.003 -22"><span class='ocrx_word' id='word_1_308' title='bbox 185 2179 248 2232; x_wconf 82' lang='grc' dir='ltr'>τὸ</span> <span class='ocrx_word' id='word_1_309' title='bbox 287 2178 472 2252; x_wconf 43' lang='grc' dir='ltr'>ῥῆμα,</span> <span class='ocrx_word' id='word_1_310' title='bbox 508 2175 721 2254; x_wconf 81' lang='grc' dir='ltr'>ἐπάγει·</span> <span class='ocrx_word' id='word_1_311' title='bbox 760 2202 786 2228; x_wconf 83' lang='grc'><strong>‹‹</strong></span> <span class='ocrx_word' id='word_1_312' title='bbox 819 2179 908 2232; x_wconf 84' lang='grc' dir='ltr'>Ἐν</span> <span class='ocrx_word' id='word_1_313' title='bbox 937 2178 1155 2251; x_wconf 83' lang='grc' dir='ltr'>Χριστῷ</span> <span class='ocrx_word' id='word_1_314' title='bbox 1187 2177 1384 2245; x_wconf 72' lang='grc' dir='ltr'>Ἰησοῦ.</span> <span class='ocrx_word' id='word_1_315' title='bbox 1421 2201 1447 2228; x_wconf 86' lang='grc'><strong>››</strong></span> <span class='ocrx_word' id='word_1_316' title='bbox 1478 2173 1646 2232; x_wconf 77' lang='grc' dir='ltr'><strong>Ούὸἒν</strong></span> <span class='ocrx_word' id='word_1_317' title='bbox 1669 2175 1851 2252; x_wconf 73' lang='grc' dir='ltr'>φησὶν,</span> 
     </span>
    </p>
   </div>
   <div class='ocr_carea' id='block_1_43' title="bbox 1972 2173 3615 2254">
    <p class='ocr_par' dir='ltr' id='par_1_43' title="bbox 1972 2177 3615 2236">
     <span class='ocr_line' id='line_1_44' title="bbox 1972 2177 3615 2236; baseline 0 -4"><span class='ocrx_word' id='word_1_318' title='bbox 1972 2177 2082 2233; x_wconf 83' lang='lat' dir='ltr'><strong>illis</strong></span> <span class='ocrx_word' id='word_1_319' title='bbox 2113 2196 2181 2234; x_wconf 89' lang='lat' dir='ltr'><strong>ac</strong></span> <span class='ocrx_word' id='word_1_320' title='bbox 2213 2183 2342 2234; x_wconf 88' lang='lat' dir='ltr'><strong>orat</strong></span> <span class='ocrx_word' id='word_1_321' title='bbox 2367 2178 2572 2233; x_wconf 88' lang='lat' dir='ltr'><strong>dicens</strong></span> <span class='ocrx_word' id='word_1_322' title='bbox 2599 2194 2611 2231; x_wconf 92' lang='lat'>:</span> <span class='ocrx_word' id='word_1_323' title='bbox 2647 2178 2731 2232; x_wconf 87' lang='lat' dir='ltr'><strong>Sit</strong></span> <span class='ocrx_word' id='word_1_324' title='bbox 2761 2178 3000 2236; x_wconf 88' lang='lat' dir='ltr'><strong>dilectio</strong></span> <span class='ocrx_word' id='word_1_325' title='bbox 3040 2197 3175 2236; x_wconf 89' lang='lat' dir='ltr'><strong>mea</strong></span> <span class='ocrx_word' id='word_1_326' title='bbox 3195 2179 3515 2236; x_wconf 87' lang='lat' dir='ltr'><strong>vobiscum.</strong></span> <span class='ocrx_word' id='word_1_327' title='bbox 3549 2178 3615 2232; x_wconf 92' lang='lat' dir='ltr'><strong>Id</strong></span> 
     </span>
    </p>
   </div>
   <div class='ocr_carea' id='block_1_44' title="bbox 189 2265 1858 2343">
    <p class='ocr_par' dir='ltr' id='par_1_44' title="bbox 189 2265 1852 2343">
     <span class='ocr_line' id='line_1_45' title="bbox 189 2265 1852 2343; baseline -0.001 -20"><span class='ocrx_word' id='word_1_328' title='bbox 189 2268 535 2340; x_wconf 75' lang='grc' dir='ltr'>ἀνθρώπινον</span> <span class='ocrx_word' id='word_1_329' title='bbox 584 2268 618 2337; x_wconf 74' lang='grc' dir='ltr'><strong>ἢ</strong></span> <span class='ocrx_word' id='word_1_330' title='bbox 682 2268 935 2343; x_wconf 85' lang='grc' dir='ltr'>σαρκικὸν</span> <span class='ocrx_word' id='word_1_331' title='bbox 966 2269 1091 2342; x_wconf 76' lang='grc' dir='ltr'>παρ’</span> <span class='ocrx_word' id='word_1_332' title='bbox 1152 2266 1298 2341; x_wconf 74' lang='grc' dir='ltr'>ἒμοί·</span> <span class='ocrx_word' id='word_1_333' title='bbox 1363 2265 1415 2321; x_wconf 83' lang='grc' dir='ltr'>ἐν</span> <span class='ocrx_word' id='word_1_334' title='bbox 1484 2265 1587 2342; x_wconf 84' lang='grc' dir='ltr'><strong>γὰρ</strong></span> <span class='ocrx_word' id='word_1_335' title='bbox 1637 2266 1852 2339; x_wconf 74' lang='grc' dir='ltr'>Χριστῷ</span> 
     </span>
    </p>
   </div>
   <div class='ocr_carea' id='block_1_45' title="bbox 1972 2265 3614 2343">
    <p class='ocr_par' dir='ltr' id='par_1_45' title="bbox 1972 2268 3614 2339">
     <span class='ocr_line' id='line_1_46' title="bbox 1972 2268 3614 2339; baseline 0.004 -17"><span class='ocrx_word' id='word_1_336' title='bbox 1972 2274 2159 2323; x_wconf 73' lang='lat' dir='ltr'><strong>autem</strong></span> <span class='ocrx_word' id='word_1_337' title='bbox 2191 2284 2306 2339; x_wconf 89' lang='lat' dir='ltr'><strong>quo</strong></span> <span class='ocrx_word' id='word_1_338' title='bbox 2339 2273 2510 2339; x_wconf 91' lang='lat' dir='ltr'><strong>pacto</strong></span> <span class='ocrx_word' id='word_1_339' title='bbox 2544 2268 2691 2322; x_wconf 83' lang='lat' dir='ltr'><strong>ﬁet?</strong></span> <span class='ocrx_word' id='word_1_340' title='bbox 2721 2268 2775 2321; x_wconf 92' lang='lat' dir='ltr'><strong>Si</strong></span> <span class='ocrx_word' id='word_1_341' title='bbox 2811 2275 2968 2323; x_wconf 87' lang='lat' dir='ltr'><strong>recte</strong></span> <span class='ocrx_word' id='word_1_342' title='bbox 3010 2268 3318 2326; x_wconf 88' lang='lat' dir='ltr'><strong>incedatis.</strong></span> <span class='ocrx_word' id='word_1_343' title='bbox 3353 2268 3614 2328; x_wconf 87' lang='lat' dir='ltr'><strong>Tandem</strong></span> 
     </span>
    </p>
   </div>
   <div class='ocr_carea' id='block_1_46' title="bbox 191 2353 1858 2431">
    <p class='ocr_par' dir='ltr' id='par_1_46' title="bbox 191 2353 1112 2431">
     <span class='ocr_line' id='line_1_47' title="bbox 191 2353 1112 2431; baseline 0.003 -21"><span class='ocrx_word' id='word_1_344' title='bbox 191 2353 334 2411; x_wconf 71' lang='grc' dir='ltr'>ἔσται</span> <span class='ocrx_word' id='word_1_345' title='bbox 368 2359 404 2427; x_wconf 74' lang='grc' dir='ltr'>ἡ</span> <span class='ocrx_word' id='word_1_346' title='bbox 433 2357 616 2431; x_wconf 82' lang='grc' dir='ltr'>ἀγάπη</span> <span class='ocrx_word' id='word_1_347' title='bbox 655 2377 760 2430; x_wconf 77' lang='grc' dir='ltr'>μοι)</span> <span class='ocrx_word' id='word_1_348' title='bbox 785 2357 902 2429; x_wconf 82' lang='grc' dir='ltr'><strong>μεθ’</strong></span> <span class='ocrx_word' id='word_1_349' title='bbox 938 2357 1112 2428; x_wconf 78' lang='grc' dir='ltr'>ὑμῶν.</span> 
     </span>
    </p>
   </div>
   <div class='ocr_carea' id='block_1_47' title="bbox 1972 2353 3612 2431">
    <p class='ocr_par' dir='ltr' id='par_1_47' title="bbox 1972 2356 3612 2431">
     <span class='ocr_line' id='line_1_48' title="bbox 1972 2356 3612 2431; baseline 0.001 -20"><span class='ocrx_word' id='word_1_350' title='bbox 1972 2373 2040 2412; x_wconf 90' lang='lat' dir='ltr'><strong>ne</strong></span> <span class='ocrx_word' id='word_1_351' title='bbox 2072 2357 2130 2411; x_wconf 93' lang='lat' dir='ltr'><strong>id</strong></span> <span class='ocrx_word' id='word_1_352' title='bbox 2162 2356 2520 2411; x_wconf 89' lang='lat' dir='ltr'><strong>adulationis</strong></span> <span class='ocrx_word' id='word_1_353' title='bbox 2562 2372 2689 2410; x_wconf 89' lang='lat' dir='ltr'><strong>esse</strong></span> <span class='ocrx_word' id='word_1_354' title='bbox 2731 2356 3090 2426; x_wconf 82' lang='lat' dir='ltr'><strong>existiment,</strong></span> <span class='ocrx_word' id='word_1_355' title='bbox 3123 2359 3461 2431; x_wconf 82' lang='lat' dir='ltr'><strong>subjungit:</strong></span> <span class='ocrx_word' id='word_1_356' title='bbox 3489 2379 3517 2408; x_wconf 89' lang='grc'><strong>‹‹</strong></span> <span class='ocrx_word' id='word_1_357' title='bbox 3549 2357 3612 2412; x_wconf 90' lang='lat' dir='ltr'><strong>ln</strong></span> 
     </span>
    </p>
   </div>
   <div class='ocr_carea' id='block_1_48' title="bbox 201 2445 3609 2519">
    <p class='ocr_par' dir='ltr' id='par_1_48' title="bbox 201 2445 3609 2519">
     <span class='ocr_line' id='line_1_49' title="bbox 201 2445 3609 2519; baseline 0 -15"><span class='ocrx_word' id='word_1_358' title='bbox 201 2449 430 2505; x_wconf 87' lang='lat' dir='ltr'><strong>Christo</strong></span> <span class='ocrx_word' id='word_1_359' title='bbox 457 2450 614 2506; x_wconf 84' lang='lat' dir='ltr'><strong>Jesu.</strong></span> <span class='ocrx_word' id='word_1_360' title='bbox 651 2471 678 2498; x_wconf 90' lang='grc'><strong>››</strong></span> <span class='ocrx_word' id='word_1_361' title='bbox 707 2449 884 2517; x_wconf 81' lang='lat' dir='ltr'><strong>Nihil,</strong></span> <span class='ocrx_word' id='word_1_362' title='bbox 919 2448 1134 2519; x_wconf 90' lang='lat' dir='ltr'><strong>inquit,</strong></span> <span class='ocrx_word' id='word_1_363' title='bbox 1167 2448 1498 2503; x_wconf 90' lang='lat' dir='ltr'><strong>humanum</strong></span> <span class='ocrx_word' id='word_1_364' title='bbox 1530 2453 1632 2504; x_wconf 90' lang='lat' dir='ltr'><strong>aut</strong></span> <span class='ocrx_word' id='word_1_365' title='bbox 1661 2446 1898 2503; x_wconf 86' lang='lat' dir='ltr'><strong>carnale</strong></span> <span class='ocrx_word' id='word_1_366' title='bbox 1930 2446 2086 2518; x_wconf 90' lang='lat' dir='ltr'><strong>apud</strong></span> <span class='ocrx_word' id='word_1_367' title='bbox 2109 2462 2202 2501; x_wconf 88' lang='lat' dir='ltr'><strong>me</strong></span> <span class='ocrx_word' id='word_1_368' title='bbox 2234 2452 2325 2500; x_wconf 91' lang='lat' dir='ltr'><strong>est</strong></span> <span class='ocrx_word' id='word_1_369' title='bbox 2353 2463 2366 2512; x_wconf 66' lang='grc' dir='ltr'><strong>ς</strong></span> <span class='ocrx_word' id='word_1_370' title='bbox 2399 2462 2537 2501; x_wconf 89' lang='lat' dir='ltr'><strong>nam</strong></span> <span class='ocrx_word' id='word_1_371' title='bbox 2568 2461 2673 2517; x_wconf 87' lang='lat' dir='ltr'><strong>per</strong></span> <span class='ocrx_word' id='word_1_372' title='bbox 2701 2445 3001 2501; x_wconf 88' lang='lat' dir='ltr'><strong>Christum</strong></span> <span class='ocrx_word' id='word_1_373' title='bbox 3033 2448 3146 2502; x_wconf 90' lang='lat' dir='ltr'><strong>erit</strong></span> <span class='ocrx_word' id='word_1_374' title='bbox 3166 2447 3408 2504; x_wconf 89' lang='lat' dir='ltr'><strong>dilectio</strong></span> <span class='ocrx_word' id='word_1_375' title='bbox 3475 2464 3609 2504; x_wconf 81' lang='lat' dir='ltr'><strong>mea</strong></span> 
     </span>
    </p>
   </div>
   <div class='ocr_carea' id='block_1_49' title="bbox 202 2551 529 2606">
    <p class='ocr_par' dir='ltr' id='par_1_49' title="bbox 202 2551 529 2606">
     <span class='ocr_line' id='line_1_50' title="bbox 202 2551 529 2606; baseline 0.006 -2"><span class='ocrx_word' id='word_1_376' title='bbox 202 2551 529 2606; x_wconf 83' lang='lat' dir='ltr'><strong>vobiscum.</strong></span> 
     </span>
    </p>
   </div>
   <div class='ocr_carea' id='block_1_50' title="bbox 205 2671 1850 2746">
    <p class='ocr_par' dir='ltr' id='par_1_50' title="bbox 205 2671 1850 2746">
     <span class='ocr_line' id='line_1_51' title="bbox 205 2671 1850 2746; baseline -0.001 -18"><span class='ocrx_word' id='word_1_377' title='bbox 205 2671 399 2743; x_wconf 71' lang='grc' dir='ltr'>Τὲλος,</span> <span class='ocrx_word' id='word_1_378' title='bbox 475 2674 564 2727; x_wconf 65' lang='grc' dir='ltr'>σὺν</span> <span class='ocrx_word' id='word_1_379' title='bbox 635 2677 772 2746; x_wconf 81' lang='grc' dir='ltr'>Θεῷ,</span> <span class='ocrx_word' id='word_1_380' title='bbox 850 2679 948 2739; x_wconf 72' lang='grc' dir='ltr'>τῆς</span> <span class='ocrx_word' id='word_1_381' title='bbox 1047 2672 1183 2746; x_wconf 60' lang='grc' dir='ltr'>πηὸς</span> <span class='ocrx_word' id='word_1_382' title='bbox 1236 2672 1559 2745; x_wconf 77' lang='grc' dir='ltr'>Κορινθίους</span> <span class='ocrx_word' id='word_1_383' title='bbox 1625 2671 1850 2744; x_wconf 77' lang='grc' dir='ltr'>πρώτης</span> 
     </span>
    </p>
   </div>
   <div class='ocr_carea' id='block_1_51' title="bbox 856 2745 1209 2813">
    <p class='ocr_par' dir='ltr' id='par_1_51' title="bbox 856 2745 1209 2813">
     <span class='ocr_line' id='line_1_52' title="bbox 856 2745 1209 2813; baseline 0 -13"><span class='ocrx_word' id='word_1_384' title='bbox 856 2745 1209 2813; x_wconf 79' lang='grc' dir='ltr'>Ἐπιστολῆς.</span> 
     </span>
    </p>
   </div>
   <div class='ocr_carea' id='block_1_52' title="bbox 284 2831 1850 2911">
    <p class='ocr_par' dir='ltr' id='par_1_52' title="bbox 284 2831 1850 2911">
     <span class='ocr_line' id='line_1_53' title="bbox 284 2831 1850 2911; baseline 0 -23"><span class='ocrx_word' id='word_1_385' title='bbox 284 2833 515 2911; x_wconf 63' lang='grc' dir='ltr'>Ἐγράφη</span> <span class='ocrx_word' id='word_1_386' title='bbox 549 2833 650 2889; x_wconf 79' lang='grc' dir='ltr'><strong>ἀπὸ</strong></span> <span class='ocrx_word' id='word_1_387' title='bbox 683 2832 978 2890; x_wconf 70' lang='grc' dir='ltr'>Φιλίππων</span> <span class='ocrx_word' id='word_1_388' title='bbox 1014 2831 1102 2888; x_wconf 69' lang='grc' dir='ltr'><strong>’ὁιᾶ</strong></span> <span class='ocrx_word' id='word_1_389' title='bbox 1127 2837 1374 2911; x_wconf 67' lang='grc' dir='ltr'>Στεφανᾶ</span> <span class='ocrx_word' id='word_1_390' title='bbox 1421 2833 1512 2888; x_wconf 82' lang='grc' dir='ltr'><strong>καὶ</strong></span> <span class='ocrx_word' id='word_1_391' title='bbox 1567 2839 1850 2909; x_wconf 80' lang='grc' dir='ltr'>Φουρτου-</span> 
     </span>
    </p>
   </div>
   <div class='ocr_carea' id='block_1_53' title="bbox 210 2923 1266 3002">
    <p class='ocr_par' dir='ltr' id='par_1_53' title="bbox 210 2923 1266 3002">
     <span class='ocr_line' id='line_1_54' title="bbox 210 2923 1266 3002; baseline 0.003 -26"><span class='ocrx_word' id='word_1_392' title='bbox 210 2924 386 2995; x_wconf 59' lang='lat' dir='ltr'><strong>vitae,</strong></span> <span class='ocrx_word' id='word_1_393' title='bbox 420 2924 509 2978; x_wconf 86' lang='grc' dir='ltr'><strong>καί</strong></span> <span class='ocrx_word' id='word_1_394' title='bbox 544 2924 817 3002; x_wconf 82' lang='grc' dir='ltr'>Ἀχαϊκοῦ</span> <span class='ocrx_word' id='word_1_395' title='bbox 850 2923 939 2978; x_wconf 89' lang='grc' dir='ltr'><strong>καὶ</strong></span> <span class='ocrx_word' id='word_1_396' title='bbox 972 2924 1266 2996; x_wconf 71' lang='grc' dir='ltr'><strong>Τιμοθέου.</strong></span> 
     </span>
    </p>
   </div>
   <div class='ocr_carea' id='block_1_54' title="bbox 1960 2671 3612 2742">
    <p class='ocr_par' dir='ltr' id='par_1_54' title="bbox 1960 2671 3612 2742">
     <span class='ocr_line' id='line_1_55' title="bbox 1960 2671 3612 2742; baseline 0.001 -15"><span class='ocrx_word' id='word_1_397' title='bbox 1960 2674 2136 2740; x_wconf 82' lang='lat' dir='ltr'><strong>Finis,</strong></span> <span class='ocrx_word' id='word_1_398' title='bbox 2169 2672 2358 2726; x_wconf 82' lang='lat' dir='ltr'><strong>divino</strong></span> <span class='ocrx_word' id='word_1_399' title='bbox 2385 2675 2604 2740; x_wconf 82' lang='lat' dir='ltr'><strong>favente</strong></span> <span class='ocrx_word' id='word_1_400' title='bbox 2637 2671 2872 2728; x_wconf 71' lang='lat' dir='ltr'><strong>auxilio.</strong></span> <span class='ocrx_word' id='word_1_401' title='bbox 2901 2688 2961 2742; x_wconf 70' lang='lat' dir='ltr'><strong>p1</strong></span> <span class='ocrx_word' id='word_1_402' title='bbox 2978 2671 3112 2727; x_wconf 66' lang='lat' dir='ltr'><strong>foris</strong></span> <span class='ocrx_word' id='word_1_403' title='bbox 3169 2672 3244 2726; x_wconf 91' lang='lat' dir='ltr'><strong>ad</strong></span> <span class='ocrx_word' id='word_1_404' title='bbox 3302 2672 3612 2731; x_wconf 75' lang='lat' dir='ltr'><strong>Corinthios</strong></span> 
     </span>
    </p>
   </div>
   <div class='ocr_carea' id='block_1_55' title="bbox 2647 2742 2924 2812">
    <p class='ocr_par' dir='ltr' id='par_1_55' title="bbox 2647 2742 2924 2812">
     <span class='ocr_line' id='line_1_56' title="bbox 2647 2742 2924 2812; baseline 0.004 -16"><span class='ocrx_word' id='word_1_405' title='bbox 2647 2742 2924 2812; x_wconf 69' lang='lat' dir='ltr'><strong>Epistulae.</strong></span> 
     </span>
    </p>
   </div>
   <div class='ocr_carea' id='block_1_56' title="bbox 1960 2831 3608 2904">
    <p class='ocr_par' dir='ltr' id='par_1_56' title="bbox 1960 2831 3608 2904">
     <span class='ocr_line' id='line_1_57' title="bbox 1960 2831 3608 2904; baseline 0.002 -16"><span class='ocrx_word' id='word_1_406' title='bbox 1960 2834 2134 2890; x_wconf 89' lang='lat' dir='ltr'><strong>Missa</strong></span> <span class='ocrx_word' id='word_1_407' title='bbox 2166 2838 2256 2889; x_wconf 90' lang='lat' dir='ltr'><strong>est</strong></span> <span class='ocrx_word' id='word_1_408' title='bbox 2285 2850 2319 2888; x_wconf 90' lang='lat' dir='ltr'><strong>a</strong></span> <span class='ocrx_word' id='word_1_409' title='bbox 2350 2831 2636 2904; x_wconf 89' lang='lat' dir='ltr'><strong>Philippis</strong></span> <span class='ocrx_word' id='word_1_410' title='bbox 2669 2847 2772 2902; x_wconf 87' lang='lat' dir='ltr'><strong>per</strong></span> <span class='ocrx_word' id='word_1_411' title='bbox 2801 2832 3189 2903; x_wconf 87' lang='lat' dir='ltr'><strong>Stephanum,</strong></span> <span class='ocrx_word' id='word_1_412' title='bbox 3223 2840 3282 2889; x_wconf 92' lang='lat' dir='ltr'><strong>et</strong></span> <span class='ocrx_word' id='word_1_413' title='bbox 3317 2834 3608 2892; x_wconf 78' lang='lat' dir='ltr'><strong>Fortuna-</strong></span> 
     </span>
    </p>
   </div>
   <div class='ocr_carea' id='block_1_57' title="bbox 2210 2919 3359 2992">
    <p class='ocr_par' dir='ltr' id='par_1_57' title="bbox 2210 2919 3359 2992">
     <span class='ocr_line' id='line_1_58' title="bbox 2210 2919 3359 2992; baseline 0.003 -16"><span class='ocrx_word' id='word_1_414' title='bbox 2210 2928 2357 2992; x_wconf 90' lang='lat' dir='ltr'><strong>tum,</strong></span> <span class='ocrx_word' id='word_1_415' title='bbox 2393 2929 2451 2978; x_wconf 90' lang='lat' dir='ltr'><strong>et</strong></span> <span class='ocrx_word' id='word_1_416' title='bbox 2500 2919 2820 2978; x_wconf 87' lang='lat' dir='ltr'><strong>Achaicum</strong></span> <span class='ocrx_word' id='word_1_417' title='bbox 2866 2938 2933 2977; x_wconf 89' lang='lat' dir='ltr'><strong>ac</strong></span> <span class='ocrx_word' id='word_1_418' title='bbox 2965 2923 3359 2980; x_wconf 86' lang='lat' dir='ltr'><strong>Timotheum.</strong></span> 
     </span>
    </p>
   </div>
   <div class='ocr_carea' id='block_1_58' title="bbox 209 3080 3610 3105">
    <p class='ocr_par' dir='ltr' id='par_1_58' title="bbox 209 3080 3610 3105">
     <span class='ocr_line' id='line_1_59' title="bbox 209 3080 3610 3105; baseline -0.001 -1"><span class='ocrx_word' id='word_1_419' title='bbox 209 3080 3610 3105; x_wconf 53' lang='lat' dir='ltr'>ww</span> 
     </span>
    </p>
   </div>
   <div class='ocr_carea' id='block_1_59' title="bbox 1574 3240 2202 3339">
    <p class='ocr_par' dir='ltr' id='par_1_59' title="bbox 1574 3240 2202 3339">
     <span class='ocr_line' id='line_1_60' title="bbox 1574 3240 2202 3339; baseline -0.005 -1"><span class='ocrx_word' id='word_1_420' title='bbox 1574 3240 2202 3339; x_wconf 81' lang='grc' dir='ltr'><strong>ΥΠΟΘΕΣΙΣ</strong></span> 
     </span>
    </p>
   </div>
   <div class='ocr_carea' id='block_1_60' title="bbox 1061 3465 2760 3526">
    <p class='ocr_par' dir='ltr' id='par_1_60' title="bbox 1061 3465 2760 3526">
     <span class='ocr_line' id='line_1_61' title="bbox 1061 3465 2760 3526; baseline -0.002 -2"><span class='ocrx_word' id='word_1_421' title='bbox 1061 3468 1206 3524; x_wconf 77' lang='grc' dir='ltr'><strong>ΤΗΣ</strong></span> <span class='ocrx_word' id='word_1_422' title='bbox 1248 3467 1430 3526; x_wconf 86' lang='grc' dir='ltr'><strong>ΠΡΟΣ</strong></span> <span class='ocrx_word' id='word_1_423' title='bbox 1461 3467 1882 3524; x_wconf 82' lang='grc' dir='ltr'><strong>ΚΟΡΙΝΘΙΟΥΣ</strong></span> <span class='ocrx_word' id='word_1_424' title='bbox 1915 3465 2274 3522; x_wconf 77' lang='grc' dir='ltr'>ΔΕΥΤΕΡΔΣ</span> <span class='ocrx_word' id='word_1_425' title='bbox 2323 3465 2760 3524; x_wconf 82' lang='grc' dir='ltr'><strong>ΕΠΙΣΤΟΛΗΣ.</strong></span> 
     </span>
    </p>
   </div>
   <div class='ocr_carea' id='block_1_61' title="bbox 1474 3745 2334 3844">
    <p class='ocr_par' dir='ltr' id='par_1_61' title="bbox 1474 3745 2334 3844">
     <span class='ocr_line' id='line_1_62' title="bbox 1474 3745 2334 3844; baseline -0.005 0"><span class='ocrx_word' id='word_1_426' title='bbox 1474 3745 2334 3844; x_wconf 78' lang='lat' dir='ltr'><strong>ABGUMENTUM</strong></span> 
     </span>
    </p>
   </div>
   <div class='ocr_carea' id='block_1_62' title="bbox 1099 3951 2794 4016">
    <p class='ocr_par' dir='ltr' id='par_1_62' title="bbox 1099 3951 2794 4016">
     <span class='ocr_line' id='line_1_63' title="bbox 1099 3951 2794 4016; baseline -0.005 0"><span class='ocrx_word' id='word_1_427' title='bbox 1099 3957 1555 4016; x_wconf 81' lang='lat' dir='ltr'><strong>POSTERIORIS</strong></span> <span class='ocrx_word' id='word_1_428' title='bbox 1584 3957 1799 4012; x_wconf 82' lang='lat' dir='ltr'><strong>PAULI</strong></span> <span class='ocrx_word' id='word_1_429' title='bbox 1847 3956 1940 4010; x_wconf 85' lang='lat' dir='ltr'><strong>AD</strong></span> <span class='ocrx_word' id='word_1_430' title='bbox 1971 3951 2391 4012; x_wconf 81' lang='lat' dir='ltr'><strong>CORINTHIOS</strong></span> <span class='ocrx_word' id='word_1_431' title='bbox 2422 3952 2794 4010; x_wconf 68' lang='lat' dir='ltr'><strong>EPISTOLIE.</strong></span> 
     </span>
    </p>
   </div>
   <div class='ocr_carea' id='block_1_63' title="bbox 274 4287 1858 4379">
    <p class='ocr_par' dir='ltr' id='par_1_63' title="bbox 274 4287 1858 4379">
     <span class='ocr_line' id='line_1_64' title="bbox 274 4287 1858 4379; baseline -0.008 -12"><span class='ocrx_word' id='word_1_432' title='bbox 274 4310 500 4379; x_wconf 82' lang='grc' dir='ltr'>Ταύτην</span> <span class='ocrx_word' id='word_1_433' title='bbox 549 4287 863 4364; x_wconf 26' lang='grc' dir='ltr'>ἐπιστέλλει.</span> <span class='ocrx_word' id='word_1_434' title='bbox 913 4305 1019 4362; x_wconf 81' lang='grc' dir='ltr'><strong>ἀπὸ</strong></span> <span class='ocrx_word' id='word_1_435' title='bbox 1079 4301 1440 4367; x_wconf 80' lang='grc' dir='ltr'>Μακεδονίας.</span> <span class='ocrx_word' id='word_1_436' title='bbox 1497 4304 1559 4359; x_wconf 91' lang='grc' dir='ltr'><em>Ἡ</em></span> <span class='ocrx_word' id='word_1_437' title='bbox 1615 4299 1671 4357; x_wconf 73' lang='grc' dir='ltr'><strong>δὲ</strong></span> <span class='ocrx_word' id='word_1_438' title='bbox 1729 4302 1858 4376; x_wconf 87' lang='grc' dir='ltr'>πρό-</span> 
     </span>
    </p>
   </div>
   <div class='ocr_carea' id='block_1_64' title="bbox 1972 4287 3627 4379">
    <p class='ocr_par' dir='ltr' id='par_1_64' title="bbox 2055 4299 3627 4359">
     <span class='ocr_line' id='line_1_65' title="bbox 2055 4299 3627 4359; baseline -0.002 -1"><span class='ocrx_word' id='word_1_439' title='bbox 2055 4301 2206 4359; x_wconf 74' lang='lat'><strong>588</strong></span> <span class='ocrx_word' id='word_1_440' title='bbox 2240 4303 2400 4357; x_wconf 87' lang='lat' dir='ltr'><strong>Hanc</strong></span> <span class='ocrx_word' id='word_1_441' title='bbox 2421 4317 2454 4356; x_wconf 91' lang='lat' dir='ltr'><strong>a</strong></span> <span class='ocrx_word' id='word_1_442' title='bbox 2476 4299 2819 4356; x_wconf 86' lang='lat' dir='ltr'><strong>Macedonia</strong></span> <span class='ocrx_word' id='word_1_443' title='bbox 2839 4299 3040 4356; x_wconf 89' lang='lat' dir='ltr'><strong>mittit.</strong></span> <span class='ocrx_word' id='word_1_444' title='bbox 3076 4301 3208 4355; x_wconf 64' lang='lat' dir='ltr'><strong>Haec</strong></span> <span class='ocrx_word' id='word_1_445' title='bbox 3231 4305 3430 4356; x_wconf 88' lang='lat' dir='ltr'><strong>autem</strong></span> <span class='ocrx_word' id='word_1_446' title='bbox 3463 4317 3627 4356; x_wconf 86' lang='lat' dir='ltr'><strong>occa-</strong></span> 
     </span>
    </p>
   </div>
   <div class='ocr_carea' id='block_1_65' title="bbox 209 4391 1868 4478">
    <p class='ocr_par' dir='ltr' id='par_1_65' title="bbox 209 4391 1868 4478">
     <span class='ocr_line' id='line_1_66' title="bbox 209 4391 1868 4478; baseline -0.008 -22"><span class='ocrx_word' id='word_1_447' title='bbox 209 4422 365 4478; x_wconf 74' lang='grc' dir='ltr'>φασις</span> <span class='ocrx_word' id='word_1_448' title='bbox 399 4403 510 4464; x_wconf 78' lang='grc' dir='ltr'>τῆς</span> <span class='ocrx_word' id='word_1_449' title='bbox 543 4395 878 4466; x_wconf 84' lang='grc' dir='ltr'>Ἐπιστολῆς</span> <span class='ocrx_word' id='word_1_450' title='bbox 917 4393 1076 4464; x_wconf 75' lang='grc' dir='ltr'>αὕτη.</span> <span class='ocrx_word' id='word_1_451' title='bbox 1119 4394 1406 4469; x_wconf 73' lang='grc' dir='ltr'>Δεξάμενοι</span> <span class='ocrx_word' id='word_1_452' title='bbox 1439 4392 1720 4467; x_wconf 82' lang='grc' dir='ltr'>Κορίνθιοι</span> <span class='ocrx_word' id='word_1_453' title='bbox 1768 4391 1868 4459; x_wconf 72' lang='grc' dir='ltr'><strong>την</strong></span> 
     </span>
    </p>
   </div>
   <div class='ocr_carea' id='block_1_66' title="bbox 207 4481 1872 4565">
    <p class='ocr_par' dir='ltr' id='par_1_66' title="bbox 207 4481 1872 4565">
     <span class='ocr_line' id='line_1_67' title="bbox 207 4481 1872 4565; baseline -0.006 -21"><span class='ocrx_word' id='word_1_454' title='bbox 207 4485 486 4565; x_wconf 73' lang='grc' dir='ltr'>προτέραν</span> <span class='ocrx_word' id='word_1_455' title='bbox 521 4485 877 4557; x_wconf 68' lang='grc' dir='ltr'>Ἐπιστολὴν,</span> <span class='ocrx_word' id='word_1_456' title='bbox 936 4483 1302 4557; x_wconf 75' lang='grc' dir='ltr'>κατενύγησαν</span> <span class='ocrx_word' id='word_1_457' title='bbox 1364 4482 1450 4537; x_wconf 75' lang='grc' dir='ltr'>ἐπὶ</span> <span class='ocrx_word' id='word_1_458' title='bbox 1505 4487 1574 4556; x_wconf 79' lang='grc' dir='ltr'><strong>τῇ</strong></span> <span class='ocrx_word' id='word_1_459' title='bbox 1633 4481 1872 4556; x_wconf 80' lang='grc' dir='ltr'>ἁμαρτίᾳ</span> 
     </span>
    </p>
   </div>
   <div class='ocr_carea' id='block_1_67' title="bbox 207 4567 1872 4650">
    <p class='ocr_par' dir='ltr' id='par_1_67' title="bbox 207 4567 1872 4650">
     <span class='ocr_line' id='line_1_68' title="bbox 207 4567 1872 4650; baseline -0.006 -17"><span class='ocrx_word' id='word_1_460' title='bbox 207 4584 301 4633; x_wconf 73' lang='grc' dir='ltr'>τοῦ</span> <span class='ocrx_word' id='word_1_461' title='bbox 333 4572 614 4638; x_wconf 71' lang='grc' dir='ltr'>λαϐόντος</span> <span class='ocrx_word' id='word_1_462' title='bbox 640 4577 738 4645; x_wconf 69' lang='grc' dir='ltr'>τήν</span> <span class='ocrx_word' id='word_1_463' title='bbox 785 4575 1078 4650; x_wconf 73' lang='grc' dir='ltr'>μητρυιὰν,</span> <span class='ocrx_word' id='word_1_464' title='bbox 1112 4572 1204 4628; x_wconf 81' lang='grc' dir='ltr'><strong>καὶ</strong></span> <span class='ocrx_word' id='word_1_465' title='bbox 1257 4571 1606 4642; x_wconf 64' lang='grc' dir='ltr'>ἐλυπήθησαν</span> <span class='ocrx_word' id='word_1_466' title='bbox 1667 4567 1742 4639; x_wconf 77' lang='grc' dir='ltr'>δὲ,</span> <span class='ocrx_word' id='word_1_467' title='bbox 1797 4569 1872 4631; x_wconf 89' lang='grc' dir='ltr'><strong>ὡς</strong></span> 
     </span>
    </p>
   </div>
   <div class='ocr_carea' id='block_1_68' title="bbox 209 4659 1870 4742">
    <p class='ocr_par' dir='ltr' id='par_1_68' title="bbox 209 4659 1870 4742">
     <span class='ocr_line' id='line_1_69' title="bbox 209 4659 1870 4742; baseline -0.006 -20"><span class='ocrx_word' id='word_1_468' title='bbox 209 4665 539 4742; x_wconf 75' lang='grc' dir='ltr'>παριδόντες</span> <span class='ocrx_word' id='word_1_469' title='bbox 627 4670 688 4720; x_wconf 90' lang='grc' dir='ltr'>τὸ</span> <span class='ocrx_word' id='word_1_470' title='bbox 727 4668 978 4719; x_wconf 73' lang='grc' dir='ltr'>τοιοῦτον</span> <span class='ocrx_word' id='word_1_471' title='bbox 1036 4663 1352 4738; x_wconf 82' lang='grc' dir='ltr'>ἁμάρτημα.</span> <span class='ocrx_word' id='word_1_472' title='bbox 1416 4661 1552 4718; x_wconf 60' lang='grc' dir='ltr'>Εῗτα</span> <span class='ocrx_word' id='word_1_473' title='bbox 1618 4659 1870 4737; x_wconf 69' lang='grc' dir='ltr'>ὑφηρπα-</span> 
     </span>
    </p>
   </div>
   <div class='ocr_carea' id='block_1_69' title="bbox 211 4749 1872 4831">
    <p class='ocr_par' dir='ltr' id='par_1_69' title="bbox 211 4749 1872 4831">
     <span class='ocr_line' id='line_1_70' title="bbox 211 4749 1872 4831; baseline -0.005 -21"><span class='ocrx_word' id='word_1_474' title='bbox 211 4761 363 4826; x_wconf 76' lang='grc' dir='ltr'>ζοντο</span> <span class='ocrx_word' id='word_1_475' title='bbox 395 4755 549 4831; x_wconf 67' lang='grc' dir='ltr'>παρά</span> <span class='ocrx_word' id='word_1_476' title='bbox 569 4777 734 4810; x_wconf 89' lang='grc' dir='ltr'>τινων</span> <span class='ocrx_word' id='word_1_477' title='bbox 765 4754 851 4809; x_wconf 73' lang='grc' dir='ltr'><strong>καὶ</strong></span> <span class='ocrx_word' id='word_1_478' title='bbox 883 4753 978 4814; x_wconf 67' lang='grc' dir='ltr'><strong>τάς</strong></span> <span class='ocrx_word' id='word_1_479' title='bbox 1028 4753 1326 4829; x_wconf 50' lang='grc' dir='ltr'>προσάσεις</span> <span class='ocrx_word' id='word_1_480' title='bbox 1385 4751 1491 4804; x_wconf 79' lang='grc' dir='ltr'>τῶν</span> <span class='ocrx_word' id='word_1_481' title='bbox 1549 4749 1872 4828; x_wconf 67' lang='grc' dir='ltr'>σχισμέτων</span> 
     </span>
    </p>
   </div>
   <div class='ocr_carea' id='block_1_70' title="bbox 213 4838 1870 4916">
    <p class='ocr_par' dir='ltr' id='par_1_70' title="bbox 213 4838 1870 4916">
     <span class='ocr_line' id='line_1_71' title="bbox 213 4838 1870 4916; baseline -0.004 -18"><span class='ocrx_word' id='word_1_482' title='bbox 213 4848 544 4909; x_wconf 77' lang='grc' dir='ltr'>ποιούντων,</span> <span class='ocrx_word' id='word_1_483' title='bbox 607 4845 742 4899; x_wconf 70' lang='grc' dir='ltr'>ὥστε</span> <span class='ocrx_word' id='word_1_484' title='bbox 790 4838 1249 4916; x_wconf 69' lang='grc' dir='ltr'>παρακαθέζεσθαι</span> <span class='ocrx_word' id='word_1_485' title='bbox 1306 4844 1384 4912; x_wconf 74' lang='grc' dir='ltr'><strong>τῷ</strong></span> <span class='ocrx_word' id='word_1_486' title='bbox 1437 4839 1722 4916; x_wconf 74' lang='grc' dir='ltr'>γράμματι</span> <span class='ocrx_word' id='word_1_487' title='bbox 1773 4842 1870 4892; x_wconf 77' lang='grc' dir='ltr'><strong>τοῦ</strong></span> 
     </span>
    </p>
   </div>
   <div class='ocr_carea' id='block_1_71' title="bbox 216 4928 1840 5007">
    <p class='ocr_par' dir='ltr' id='par_1_71' title="bbox 216 4928 1840 5007">
     <span class='ocr_line' id='line_1_72' title="bbox 216 4928 1840 5007; baseline -0.004 -22"><span class='ocrx_word' id='word_1_488' title='bbox 216 4932 406 5005; x_wconf 73' lang='grc' dir='ltr'>νόμου,</span> <span class='ocrx_word' id='word_1_489' title='bbox 441 4932 532 4988; x_wconf 75' lang='grc' dir='ltr'><strong>καὶ</strong></span> <span class='ocrx_word' id='word_1_490' title='bbox 587 4928 881 5007; x_wconf 67' lang='grc' dir='ltr'>ἀδιάφορον</span> <span class='ocrx_word' id='word_1_491' title='bbox 942 4933 1192 5005; x_wconf 73' lang='grc' dir='ltr'>ἡγεῖσθαι</span> <span class='ocrx_word' id='word_1_492' title='bbox 1237 4930 1336 4997; x_wconf 71' lang='grc' dir='ltr'>τὴν</span> <span class='ocrx_word' id='word_1_493' title='bbox 1398 4928 1542 5001; x_wconf 79' lang='grc' dir='ltr'>παρᾶ</span> <span class='ocrx_word' id='word_1_494' title='bbox 1605 4929 1700 4980; x_wconf 81' lang='grc' dir='ltr'>τοῦ</span> <span class='ocrx_word' id='word_1_495' title='bbox 1732 4931 1840 4995; x_wconf 79' lang='grc' dir='ltr'>Χρι</span> 
     </span>
    </p>
   </div>
   <div class='ocr_carea' id='block_1_72' title="bbox 227 5015 1871 5098">
    <p class='ocr_par' dir='ltr' id='par_1_72' title="bbox 227 5015 1871 5098">
     <span class='ocr_line' id='line_1_73' title="bbox 227 5015 1871 5098; baseline -0.004 -23"><span class='ocrx_word' id='word_1_496' title='bbox 227 5028 350 5076; x_wconf 81' lang='grc' dir='ltr'>στοῦ</span> <span class='ocrx_word' id='word_1_497' title='bbox 382 5025 574 5098; x_wconf 81' lang='grc' dir='ltr'>χάριν,</span> <span class='ocrx_word' id='word_1_498' title='bbox 606 5021 694 5076; x_wconf 75' lang='grc' dir='ltr'><strong>καὶ</strong></span> <span class='ocrx_word' id='word_1_499' title='bbox 731 5019 944 5091; x_wconf 79' lang='grc' dir='ltr'>μᾶλλον</span> <span class='ocrx_word' id='word_1_500' title='bbox 992 5019 1283 5093; x_wconf 69' lang='grc' dir='ltr'>προσέχειν</span> <span class='ocrx_word' id='word_1_501' title='bbox 1311 5023 1426 5078; x_wconf 82' lang='grc' dir='ltr'>τοῖς</span> <span class='ocrx_word' id='word_1_502' title='bbox 1483 5017 1533 5070; x_wconf 79' lang='grc' dir='ltr'>ἐν</span> <span class='ocrx_word' id='word_1_503' title='bbox 1593 5015 1871 5091; x_wconf 84' lang='grc' dir='ltr'>προσώπῳ</span> 
     </span>
    </p>
   </div>
   <div class='ocr_carea' id='block_1_73' title="bbox 223 5106 1870 5188">
    <p class='ocr_par' dir='ltr' id='par_1_73' title="bbox 223 5106 1870 5188">
     <span class='ocr_line' id='line_1_74' title="bbox 223 5106 1870 5188; baseline -0.004 -23"><span class='ocrx_word' id='word_1_504' title='bbox 223 5113 609 5188; x_wconf 68' lang='grc' dir='ltr'>καυχωμένοις</span> <span class='ocrx_word' id='word_1_505' title='bbox 667 5113 835 5168; x_wconf 84' lang='grc' dir='ltr'>Ἦσαν</span> <span class='ocrx_word' id='word_1_506' title='bbox 872 5108 1048 5165; x_wconf 75' lang='grc' dir='ltr'>δὲκαὶ</span> <span class='ocrx_word' id='word_1_507' title='bbox 1081 5108 1204 5180; x_wconf 69' lang='grc' dir='ltr'>περὶ</span> <span class='ocrx_word' id='word_1_508' title='bbox 1241 5116 1342 5178; x_wconf 73' lang='grc' dir='ltr'>τῆς</span> <span class='ocrx_word' id='word_1_509' title='bbox 1399 5106 1587 5183; x_wconf 78' lang='grc' dir='ltr'>λογίας</span> <span class='ocrx_word' id='word_1_510' title='bbox 1644 5114 1742 5174; x_wconf 74' lang='grc' dir='ltr'>τῆς</span> <span class='ocrx_word' id='word_1_511' title='bbox 1795 5106 1870 5168; x_wconf 73' lang='grc' dir='ltr'><strong>εἰς</strong></span> 
     </span>
    </p>
   </div>
   <div class='ocr_carea' id='block_1_74' title="bbox 222 5194 1870 5278">
    <p class='ocr_par' dir='ltr' id='par_1_74' title="bbox 222 5194 1870 5278">
     <span class='ocr_line' id='line_1_75' title="bbox 222 5194 1870 5278; baseline -0.004 -23"><span class='ocrx_word' id='word_1_512' title='bbox 222 5202 344 5264; x_wconf 75' lang='grc' dir='ltr'>τοὺς</span> <span class='ocrx_word' id='word_1_513' title='bbox 399 5202 584 5276; x_wconf 78' lang='grc' dir='ltr'>ἁγίους</span> <span class='ocrx_word' id='word_1_514' title='bbox 655 5201 1025 5278; x_wconf 63' lang='grc' dir='ltr'>φροντίζοντες</span> <span class='ocrx_word' id='word_1_515' title='bbox 1084 5197 1286 5261; x_wconf 80' lang='grc' dir='ltr'>καλῶς.</span> <span class='ocrx_word' id='word_1_516' title='bbox 1354 5197 1494 5271; x_wconf 77' lang='grc' dir='ltr'>Πρὸς</span> <span class='ocrx_word' id='word_1_517' title='bbox 1554 5199 1719 5252; x_wconf 70' lang='grc' dir='ltr'>ταῦτα</span> <span class='ocrx_word' id='word_1_518' title='bbox 1778 5194 1870 5250; x_wconf 71' lang='grc' dir='ltr'><strong>οὖν</strong></span> 
     </span>
    </p>
   </div>
   <div class='ocr_carea' id='block_1_75' title="bbox 226 5283 1870 5369">
    <p class='ocr_par' dir='ltr' id='par_1_75' title="bbox 226 5283 1870 5369">
     <span class='ocr_line' id='line_1_76' title="bbox 226 5283 1870 5369; baseline -0.002 -25"><span class='ocrx_word' id='word_1_519' title='bbox 226 5288 535 5369; x_wconf 59' lang='grc' dir='ltr'>ἀντιγράφει</span> <span class='ocrx_word' id='word_1_520' title='bbox 569 5293 596 5346; x_wconf 88' lang='grc' dir='ltr'>ὁ</span> <span class='ocrx_word' id='word_1_521' title='bbox 657 5287 1018 5352; x_wconf 78' lang='grc' dir='ltr'>Ἀπὸστολος.</span> <span class='ocrx_word' id='word_1_522' title='bbox 1083 5288 1190 5344; x_wconf 77' lang='grc' dir='ltr'>Καὶ</span> <span class='ocrx_word' id='word_1_523' title='bbox 1249 5293 1464 5363; x_wconf 82' lang='grc' dir='ltr'>πρῶτον</span> <span class='ocrx_word' id='word_1_524' title='bbox 1518 5289 1614 5361; x_wconf 71' lang='grc' dir='ltr'><strong>μὲν</strong></span> <span class='ocrx_word' id='word_1_525' title='bbox 1671 5283 1870 5340; x_wconf 74' lang='grc' dir='ltr'>ἀποδέ·</span> 
     </span>
    </p>
   </div>
   <div class='ocr_carea' id='block_1_76' title="bbox 229 5370 1874 5453">
    <p class='ocr_par' dir='ltr' id='par_1_76' title="bbox 229 5370 1874 5453">
     <span class='ocr_line' id='line_1_77' title="bbox 229 5370 1874 5453; baseline -0.002 -21"><span class='ocrx_word' id='word_1_526' title='bbox 229 5396 384 5453; x_wconf 82' lang='grc' dir='ltr'>χεται</span> <span class='ocrx_word' id='word_1_527' title='bbox 435 5381 560 5441; x_wconf 75' lang='grc' dir='ltr'>τοὺς</span> <span class='ocrx_word' id='word_1_528' title='bbox 618 5374 950 5440; x_wconf 67' lang='grc' dir='ltr'>ἐκϐαλόντας</span> <span class='ocrx_word' id='word_1_529' title='bbox 997 5379 1088 5432; x_wconf 80' lang='grc' dir='ltr'>τὸν</span> <span class='ocrx_word' id='word_1_530' title='bbox 1153 5379 1629 5452; x_wconf 69' lang='grc' dir='ltr'>παρανομήσαντα,</span> <span class='ocrx_word' id='word_1_531' title='bbox 1691 5370 1874 5430; x_wconf 77' lang='grc' dir='ltr'>ἔπειτα</span> 
     </span>
    </p>
   </div>
   <div class='ocr_carea' id='block_1_77' title="bbox 226 5465 1875 5538">
    <p class='ocr_par' dir='ltr' id='par_1_77' title="bbox 226 5465 1875 5538">
     <span class='ocr_line' id='line_1_78' title="bbox 226 5465 1875 5538; baseline -0.002 -14"><span class='ocrx_word' id='word_1_532' title='bbox 226 5465 510 5538; x_wconf 46' lang='grc' dir='ltr'>ἆξτμώσασιν</span> <span class='ocrx_word' id='word_1_533' title='bbox 606 5469 794 5529; x_wconf 74' lang='grc' dir='ltr'>αὐτοῖς</span> <span class='ocrx_word' id='word_1_534' title='bbox 871 5465 1226 5532; x_wconf 84' lang='grc' dir='ltr'>καθικετεύει,</span> <span class='ocrx_word' id='word_1_535' title='bbox 1292 5465 1382 5521; x_wconf 79' lang='grc' dir='ltr'><strong>καὶ</strong></span> <span class='ocrx_word' id='word_1_536' title='bbox 1471 5467 1875 5538; x_wconf 76' lang='grc' dir='ltr'>μετανοήσαντα</span> 
     </span>
    </p>
   </div>
   <div class='ocr_carea' id='block_1_78' title="bbox 225 5549 1871 5636">
    <p class='ocr_par' dir='ltr' id='par_1_78' title="bbox 225 5549 1871 5636">
     <span class='ocr_line' id='line_1_79' title="bbox 225 5549 1871 5636; baseline -0.002 -27"><span class='ocrx_word' id='word_1_537' title='bbox 225 5552 427 5612; x_wconf 70' lang='grc' dir='ltr'>ἰκεῖνον</span> <span class='ocrx_word' id='word_1_538' title='bbox 468 5556 678 5614; x_wconf 77' lang='grc' dir='ltr'>κελεύει</span> <span class='ocrx_word' id='word_1_539' title='bbox 712 5553 998 5636; x_wconf 82' lang='grc' dir='ltr'>δεχθῆναι.</span> <span class='ocrx_word' id='word_1_540' title='bbox 1033 5555 1122 5611; x_wconf 81' lang='grc' dir='ltr'>Ἐν</span> <span class='ocrx_word' id='word_1_541' title='bbox 1153 5553 1292 5630; x_wconf 84' lang='grc' dir='ltr'>αὐτῇ</span> <span class='ocrx_word' id='word_1_542' title='bbox 1349 5549 1407 5607; x_wconf 72' lang='grc' dir='ltr'><strong>δὲ</strong></span> <span class='ocrx_word' id='word_1_543' title='bbox 1463 5549 1703 5608; x_wconf 72' lang='grc' dir='ltr'>διδάσκει</span> <span class='ocrx_word' id='word_1_544' title='bbox 1749 5552 1871 5628; x_wconf 81' lang='grc' dir='ltr'>περὶ</span> 
     </span>
    </p>
   </div>
   <div class='ocr_carea' id='block_1_79' title="bbox 226 5639 1873 5722">
    <p class='ocr_par' dir='ltr' id='par_1_79' title="bbox 226 5639 1873 5722">
     <span class='ocr_line' id='line_1_80' title="bbox 226 5639 1873 5722; baseline -0.001 -25"><span class='ocrx_word' id='word_1_545' title='bbox 226 5647 320 5698; x_wconf 70' lang='grc' dir='ltr'><strong>τοῦ</strong></span> <span class='ocrx_word' id='word_1_546' title='bbox 347 5644 543 5721; x_wconf 82' lang='grc' dir='ltr'>νόμου,</span> <span class='ocrx_word' id='word_1_547' title='bbox 577 5643 800 5722; x_wconf 84' lang='grc' dir='ltr'>διαιρῶν</span> <span class='ocrx_word' id='word_1_548' title='bbox 830 5645 894 5701; x_wconf 84' lang='grc' dir='ltr'><strong>τὸ</strong></span> <span class='ocrx_word' id='word_1_549' title='bbox 922 5643 1171 5722; x_wconf 82' lang='grc' dir='ltr'>γράμμα,</span> <span class='ocrx_word' id='word_1_550' title='bbox 1211 5643 1300 5699; x_wconf 78' lang='grc' dir='ltr'><strong>καὶ</strong></span> <span class='ocrx_word' id='word_1_551' title='bbox 1347 5640 1610 5698; x_wconf 82' lang='grc' dir='ltr'>δείκνυσιν</span> <span class='ocrx_word' id='word_1_552' title='bbox 1671 5642 1755 5698; x_wconf 87' lang='grc' dir='ltr'>’ὀτι</span> <span class='ocrx_word' id='word_1_553' title='bbox 1812 5639 1873 5696; x_wconf 81' lang='grc' dir='ltr'>οὖ</span> 
     </span>
    </p>
   </div>
   <div class='ocr_carea' id='block_1_80' title="bbox 543 5764 1279 5829">
    <p class='ocr_par' dir='ltr' id='par_1_80' title="bbox 543 5764 1279 5829">
     <span class='ocr_line' id='line_1_81' title="bbox 543 5764 1279 5829; baseline -0.001 0"><span class='ocrx_word' id='word_1_554' title='bbox 543 5771 774 5829; x_wconf 76' lang='lat' dir='ltr'><strong>PATittll</strong></span> <span class='ocrx_word' id='word_1_555' title='bbox 801 5813 814 5828; x_wconf 93' lang='lat'><strong>.</strong></span> <span class='ocrx_word' id='word_1_556' title='bbox 862 5767 973 5827; x_wconf 76' lang='lat' dir='ltr'><strong>GR.</strong></span> <span class='ocrx_word' id='word_1_557' title='bbox 1021 5764 1279 5828; x_wconf 75' lang='lat' dir='ltr'><strong>CXVIII.</strong></span> 
     </span>
    </p>
   </div>
   <div class='ocr_carea' id='block_1_81' title="bbox 1983 4389 3630 4462">
    <p class='ocr_par' dir='ltr' id='par_1_81' title="bbox 1983 4389 3630 4462">
     <span class='ocr_line' id='line_1_82' title="bbox 1983 4389 3630 4462; baseline -0.001 -16"><span class='ocrx_word' id='word_1_558' title='bbox 1983 4392 2067 4446; x_wconf 90' lang='lat' dir='ltr'><strong>sio</strong></span> <span class='ocrx_word' id='word_1_559' title='bbox 2097 4390 2520 4462; x_wconf 55' lang='lat' dir='ltr'><strong>fuitiﬁpistolm.</strong></span> <span class='ocrx_word' id='word_1_560' title='bbox 2547 4392 2690 4445; x_wconf 91' lang='lat' dir='ltr'><strong>Cum</strong></span> <span class='ocrx_word' id='word_1_561' title='bbox 2715 4390 2975 4462; x_wconf 85' lang='lat' dir='ltr'><strong>priorem</strong></span> <span class='ocrx_word' id='word_1_562' title='bbox 3025 4389 3345 4461; x_wconf 85' lang='lat' dir='ltr'><strong>Epistolam</strong></span> <span class='ocrx_word' id='word_1_563' title='bbox 3371 4389 3630 4460; x_wconf 84' lang='lat' dir='ltr'><strong>accepis-</strong></span> 
     </span>
    </p>
   </div>
   <div class='ocr_carea' id='block_1_82' title="bbox 1986 4479 3631 4551">
    <p class='ocr_par' dir='ltr' id='par_1_82' title="bbox 1986 4479 3631 4551">
     <span class='ocr_line' id='line_1_83' title="bbox 1986 4479 3631 4551; baseline -0.002 -15"><span class='ocrx_word' id='word_1_564' title='bbox 1986 4488 2118 4536; x_wconf 90' lang='lat' dir='ltr'><strong>sent</strong></span> <span class='ocrx_word' id='word_1_565' title='bbox 2146 4481 2457 4547; x_wconf 89' lang='lat' dir='ltr'><strong>Corinthii,</strong></span> <span class='ocrx_word' id='word_1_566' title='bbox 2491 4481 2831 4551; x_wconf 90' lang='lat' dir='ltr'><strong>compuncti</strong></span> <span class='ocrx_word' id='word_1_567' title='bbox 2859 4485 2998 4534; x_wconf 88' lang='lat' dir='ltr'><strong>sunt</strong></span> <span class='ocrx_word' id='word_1_568' title='bbox 3028 4479 3100 4534; x_wconf 86' lang='lat' dir='ltr'><strong>ob</strong></span> <span class='ocrx_word' id='word_1_569' title='bbox 3133 4479 3296 4534; x_wconf 91' lang='lat' dir='ltr'><strong>illius</strong></span> <span class='ocrx_word' id='word_1_570' title='bbox 3319 4484 3631 4550; x_wconf 89' lang='lat' dir='ltr'><strong>peccatum</strong></span> 
     </span>
    </p>
   </div>
   <div class='ocr_carea' id='block_1_83' title="bbox 1984 4567 3631 4642">
    <p class='ocr_par' dir='ltr' id='par_1_83' title="bbox 1984 4567 3631 4642">
     <span class='ocr_line' id='line_1_84' title="bbox 1984 4567 3631 4642; baseline -0.003 -17"><span class='ocrx_word' id='word_1_571' title='bbox 1984 4572 2083 4642; x_wconf 90' lang='lat' dir='ltr'><strong>qui</strong></span> <span class='ocrx_word' id='word_1_572' title='bbox 2111 4587 2420 4626; x_wconf 77' lang='lat' dir='ltr'><strong>novercam</strong></span> <span class='ocrx_word' id='word_1_573' title='bbox 2455 4576 2758 4641; x_wconf 80' lang='lat' dir='ltr'><strong>acceperat</strong></span> <span class='ocrx_word' id='word_1_574' title='bbox 2785 4586 2796 4623; x_wconf 94' lang='lat'><strong>:</strong></span> <span class='ocrx_word' id='word_1_575' title='bbox 2822 4569 3134 4640; x_wconf 72' lang='lat' dir='ltr'><strong>mmstique</strong></span> <span class='ocrx_word' id='word_1_576' title='bbox 3166 4568 3408 4623; x_wconf 87' lang='lat' dir='ltr'><strong>fuerunt</strong></span> <span class='ocrx_word' id='word_1_577' title='bbox 3436 4573 3499 4622; x_wconf 86' lang='lat' dir='ltr'><strong>ut</strong></span> <span class='ocrx_word' id='word_1_578' title='bbox 3529 4567 3631 4638; x_wconf 90' lang='lat' dir='ltr'><strong>qui</strong></span> 
     </span>
    </p>
   </div>
   <div class='ocr_carea' id='block_1_84' title="bbox 1982 4657 3635 4732">
    <p class='ocr_par' dir='ltr' id='par_1_84' title="bbox 1982 4657 3635 4732">
     <span class='ocr_line' id='line_1_85' title="bbox 1982 4657 3635 4732; baseline -0.002 -16"><span class='ocrx_word' id='word_1_579' title='bbox 1982 4660 2322 4730; x_wconf 56' lang='lat' dir='ltr'><strong>huiusmodi</strong></span> <span class='ocrx_word' id='word_1_580' title='bbox 2345 4664 2649 4732; x_wconf 86' lang='lat' dir='ltr'><strong>peccatum</strong></span> <span class='ocrx_word' id='word_1_581' title='bbox 2667 4657 3396 4714; x_wconf 87' lang='lat' dir='ltr'><strong>dissimulassent.Deinde</strong></span> <span class='ocrx_word' id='word_1_582' title='bbox 3419 4674 3452 4712; x_wconf 89' lang='lat' dir='ltr'><strong>a</strong></span> <span class='ocrx_word' id='word_1_583' title='bbox 3482 4673 3635 4712; x_wconf 89' lang='lat' dir='ltr'><strong>non-</strong></span> 
     </span>
    </p>
   </div>
   <div class='ocr_carea' id='block_1_85' title="bbox 1984 4746 3632 4820">
    <p class='ocr_par' dir='ltr' id='par_1_85' title="bbox 1984 4746 3632 4820">
     <span class='ocr_line' id='line_1_86' title="bbox 1984 4746 3632 4820; baseline -0.002 -14"><span class='ocrx_word' id='word_1_584' title='bbox 1984 4751 2166 4806; x_wconf 88' lang='lat' dir='ltr'><strong>nullis</strong></span> <span class='ocrx_word' id='word_1_585' title='bbox 2196 4747 2669 4820; x_wconf 86' lang='lat' dir='ltr'><strong>surripiebantur</strong></span> <span class='ocrx_word' id='word_1_586' title='bbox 2700 4748 2798 4818; x_wconf 89' lang='lat' dir='ltr'><strong>qui</strong></span> <span class='ocrx_word' id='word_1_587' title='bbox 2828 4748 3004 4802; x_wconf 88' lang='lat' dir='ltr'><strong>etiam</strong></span> <span class='ocrx_word' id='word_1_588' title='bbox 3039 4747 3191 4802; x_wconf 88' lang='lat' dir='ltr'><strong>datis</strong></span> <span class='ocrx_word' id='word_1_589' title='bbox 3245 4746 3632 4804; x_wconf 85' lang='lat' dir='ltr'><strong>dissidiorum</strong></span> 
     </span>
    </p>
   </div>
   <div class='ocr_carea' id='block_1_86' title="bbox 1984 4835 3632 4908">
    <p class='ocr_par' dir='ltr' id='par_1_86' title="bbox 1984 4835 3632 4908">
     <span class='ocr_line' id='line_1_87' title="bbox 1984 4835 3632 4908; baseline -0.002 -14"><span class='ocrx_word' id='word_1_590' title='bbox 1984 4837 2396 4894; x_wconf 85' lang='lat' dir='ltr'><strong>occasionibus</strong></span> <span class='ocrx_word' id='word_1_591' title='bbox 2429 4836 2487 4891; x_wconf 91' lang='lat' dir='ltr'><strong>id</strong></span> <span class='ocrx_word' id='word_1_592' title='bbox 2519 4836 2773 4908; x_wconf 78' lang='lat' dir='ltr'><strong>agebant</strong></span> <span class='ocrx_word' id='word_1_593' title='bbox 2802 4842 2867 4890; x_wconf 94' lang='lat' dir='ltr'><strong>ut</strong></span> <span class='ocrx_word' id='word_1_594' title='bbox 2897 4835 3042 4906; x_wconf 80' lang='lat' dir='ltr'><strong>legis</strong></span> <span class='ocrx_word' id='word_1_595' title='bbox 3101 4836 3314 4890; x_wconf 63' lang='lat' dir='ltr'><strong>litteras</strong></span> <span class='ocrx_word' id='word_1_596' title='bbox 3365 4836 3632 4892; x_wconf 57' lang='lat' dir='ltr'><strong>adha&#39;re-</strong></span> 
     </span>
    </p>
   </div>
   <div class='ocr_carea' id='block_1_87' title="bbox 1983 4924 3632 4998">
    <p class='ocr_par' dir='ltr' id='par_1_87' title="bbox 1983 4924 3632 4998">
     <span class='ocr_line' id='line_1_88' title="bbox 1983 4924 3632 4998; baseline -0.003 -15"><span class='ocrx_word' id='word_1_597' title='bbox 1983 4935 2136 4994; x_wconf 91' lang='lat' dir='ltr'><strong>rent,</strong></span> <span class='ocrx_word' id='word_1_598' title='bbox 2171 4933 2229 4982; x_wconf 86' lang='lat' dir='ltr'><strong>et</strong></span> <span class='ocrx_word' id='word_1_599' title='bbox 2259 4925 2617 4998; x_wconf 83' lang='lat' dir='ltr'><strong>superﬂuam</strong></span> <span class='ocrx_word' id='word_1_600' title='bbox 2651 4924 2935 4978; x_wconf 89' lang='lat' dir='ltr'><strong>ducerent</strong></span> <span class='ocrx_word' id='word_1_601' title='bbox 2964 4924 3161 4980; x_wconf 85' lang='lat' dir='ltr'><strong>datam</strong></span> <span class='ocrx_word' id='word_1_602' title='bbox 3187 4942 3220 4980; x_wconf 90' lang='lat' dir='ltr'><strong>a</strong></span> <span class='ocrx_word' id='word_1_603' title='bbox 3250 4926 3480 4980; x_wconf 87' lang='lat' dir='ltr'><strong>Christo</strong></span> <span class='ocrx_word' id='word_1_604' title='bbox 3501 4942 3632 4998; x_wconf 87' lang='lat' dir='ltr'><strong>gra-</strong></span> 
     </span>
    </p>
   </div>
   <div class='ocr_carea' id='block_1_88' title="bbox 1985 5012 3630 5084">
    <p class='ocr_par' dir='ltr' id='par_1_88' title="bbox 1985 5012 3630 5084">
     <span class='ocr_line' id='line_1_89' title="bbox 1985 5012 3630 5084; baseline -0.001 -16"><span class='ocrx_word' id='word_1_605' title='bbox 1985 5017 2126 5070; x_wconf 88' lang='lat' dir='ltr'><strong>tiam</strong></span> <span class='ocrx_word' id='word_1_606' title='bbox 2155 5031 2166 5068; x_wconf 91' lang='lat'><strong>:</strong></span> <span class='ocrx_word' id='word_1_607' title='bbox 2192 5014 2400 5082; x_wconf 85' lang='lat' dir='ltr'><strong>hisque</strong></span> <span class='ocrx_word' id='word_1_608' title='bbox 2435 5013 2618 5084; x_wconf 85' lang='lat' dir='ltr'><strong>magis</strong></span> <span class='ocrx_word' id='word_1_609' title='bbox 2650 5012 3031 5067; x_wconf 89' lang='lat' dir='ltr'><strong>intenderent</strong></span> <span class='ocrx_word' id='word_1_610' title='bbox 3081 5013 3181 5083; x_wconf 92' lang='lat' dir='ltr'><strong>qui</strong></span> <span class='ocrx_word' id='word_1_611' title='bbox 3243 5014 3303 5067; x_wconf 90' lang='lat' dir='ltr'><strong>in</strong></span> <span class='ocrx_word' id='word_1_612' title='bbox 3361 5029 3630 5084; x_wconf 63' lang='lat' dir='ltr'><strong>personae</strong></span> 
     </span>
    </p>
   </div>
   <div class='ocr_carea' id='block_1_89' title="bbox 1984 5101 3629 5178">
    <p class='ocr_par' dir='ltr' id='par_1_89' title="bbox 1984 5101 3629 5178">
     <span class='ocr_line' id='line_1_90' title="bbox 1984 5101 3629 5178; baseline -0.002 -18"><span class='ocrx_word' id='word_1_613' title='bbox 1984 5106 2262 5178; x_wconf 81' lang='lat' dir='ltr'><strong>gravitate</strong></span> <span class='ocrx_word' id='word_1_614' title='bbox 2285 5101 2713 5173; x_wconf 84' lang='lat' dir='ltr'><strong>gloriabantur.</strong></span> <span class='ocrx_word' id='word_1_615' title='bbox 2757 5103 2909 5156; x_wconf 89' lang='lat' dir='ltr'><strong>Bene</strong></span> <span class='ocrx_word' id='word_1_616' title='bbox 2943 5109 3121 5157; x_wconf 58' lang='lat' dir='ltr'><strong>etiam</strong></span> <span class='ocrx_word' id='word_1_617' title='bbox 3180 5101 3251 5158; x_wconf 92' lang='lat' dir='ltr'><strong>de</strong></span> <span class='ocrx_word' id='word_1_618' title='bbox 3284 5103 3629 5156; x_wconf 73' lang='lat' dir='ltr'><strong>collectione</strong></span> 
     </span>
    </p>
   </div>
   <div class='ocr_carea' id='block_1_90' title="bbox 1985 5190 3631 5261">
    <p class='ocr_par' dir='ltr' id='par_1_90' title="bbox 1985 5190 3631 5261">
     <span class='ocr_line' id='line_1_91' title="bbox 1985 5190 3631 5261; baseline -0.002 -13"><span class='ocrx_word' id='word_1_619' title='bbox 1985 5195 2046 5248; x_wconf 92' lang='lat' dir='ltr'><strong>in</strong></span> <span class='ocrx_word' id='word_1_620' title='bbox 2079 5199 2311 5248; x_wconf 81' lang='lat' dir='ltr'><strong>sanctos</strong></span> <span class='ocrx_word' id='word_1_621' title='bbox 2340 5208 2542 5245; x_wconf 88' lang='lat' dir='ltr'><strong>curam</strong></span> <span class='ocrx_word' id='word_1_622' title='bbox 2575 5190 2993 5245; x_wconf 84' lang='lat' dir='ltr'><strong>habebant.Ad</strong></span> <span class='ocrx_word' id='word_1_623' title='bbox 3030 5193 3152 5246; x_wconf 65' lang='lat' dir='ltr'><strong>haec</strong></span> <span class='ocrx_word' id='word_1_624' title='bbox 3187 5191 3382 5261; x_wconf 87' lang='lat' dir='ltr'><strong>itaque</strong></span> <span class='ocrx_word' id='word_1_625' title='bbox 3415 5191 3631 5245; x_wconf 84' lang='lat' dir='ltr'><strong>rescri-</strong></span> 
     </span>
    </p>
   </div>
   <div class='ocr_carea' id='block_1_91' title="bbox 1985 5279 3636 5352">
    <p class='ocr_par' dir='ltr' id='par_1_91' title="bbox 1985 5279 3636 5352">
     <span class='ocr_line' id='line_1_92' title="bbox 1985 5279 3636 5352; baseline -0.002 -14"><span class='ocrx_word' id='word_1_626' title='bbox 1985 5284 2072 5338; x_wconf 89' lang='lat' dir='ltr'><strong>bit</strong></span> <span class='ocrx_word' id='word_1_627' title='bbox 2104 5280 2432 5352; x_wconf 74' lang='lat' dir='ltr'><strong>Apostolus.</strong></span> <span class='ocrx_word' id='word_1_628' title='bbox 2464 5282 2532 5334; x_wconf 87' lang='lat' dir='ltr'><strong>Et</strong></span> <span class='ocrx_word' id='word_1_629' title='bbox 2580 5280 2839 5351; x_wconf 90' lang='lat' dir='ltr'><strong>primum</strong></span> <span class='ocrx_word' id='word_1_630' title='bbox 2873 5279 3113 5350; x_wconf 91' lang='lat' dir='ltr'><strong>quidem</strong></span> <span class='ocrx_word' id='word_1_631' title='bbox 3148 5281 3306 5351; x_wconf 89' lang='lat' dir='ltr'><strong>ipsos</strong></span> <span class='ocrx_word' id='word_1_632' title='bbox 3337 5296 3636 5335; x_wconf 88' lang='lat' dir='ltr'><strong>commen-</strong></span> 
     </span>
    </p>
   </div>
   <div class='ocr_carea' id='block_1_92' title="bbox 1986 5367 3636 5442">
    <p class='ocr_par' dir='ltr' id='par_1_92' title="bbox 1986 5367 3636 5442">
     <span class='ocr_line' id='line_1_93' title="bbox 1986 5367 3636 5442; baseline -0.001 -16"><span class='ocrx_word' id='word_1_633' title='bbox 1986 5372 2075 5426; x_wconf 79' lang='lat' dir='ltr'><strong>dat</strong></span> <span class='ocrx_word' id='word_1_634' title='bbox 2115 5368 2273 5442; x_wconf 90' lang='lat' dir='ltr'><strong>quod</strong></span> <span class='ocrx_word' id='word_1_635' title='bbox 2305 5374 2802 5440; x_wconf 85' lang='lat' dir='ltr'><strong>transgressorem</strong></span> <span class='ocrx_word' id='word_1_636' title='bbox 2830 5369 3168 5438; x_wconf 84' lang='lat' dir='ltr'><strong>ejecisscnt.</strong></span> <span class='ocrx_word' id='word_1_637' title='bbox 3209 5367 3428 5422; x_wconf 82' lang='lat' dir='ltr'><strong>Deinde</strong></span> <span class='ocrx_word' id='word_1_638' title='bbox 3478 5369 3636 5440; x_wconf 89' lang='lat' dir='ltr'><strong>ipsos</strong></span> 
     </span>
    </p>
   </div>
   <div class='ocr_carea' id='block_1_93' title="bbox 1986 5455 3636 5530">
    <p class='ocr_par' dir='ltr' id='par_1_93' title="bbox 1986 5455 3636 5530">
     <span class='ocr_line' id='line_1_94' title="bbox 1986 5455 3636 5530; baseline -0.002 -14"><span class='ocrx_word' id='word_1_639' title='bbox 1986 5463 2068 5516; x_wconf 90' lang='lat' dir='ltr'><strong>ita</strong></span> <span class='ocrx_word' id='word_1_640' title='bbox 2097 5465 2412 5515; x_wconf 87' lang='lat' dir='ltr'><strong>censentes</strong></span> <span class='ocrx_word' id='word_1_641' title='bbox 2441 5463 2588 5519; x_wconf 88' lang='lat' dir='ltr'><strong>orat,</strong></span> <span class='ocrx_word' id='word_1_642' title='bbox 2623 5475 2690 5512; x_wconf 91' lang='lat' dir='ltr'><strong>ac</strong></span> <span class='ocrx_word' id='word_1_643' title='bbox 2725 5457 3176 5528; x_wconf 89' lang='lat' dir='ltr'><strong>resipiscentem</strong></span> <span class='ocrx_word' id='word_1_644' title='bbox 3225 5455 3402 5528; x_wconf 87' lang='lat' dir='ltr'><strong>jubet</strong></span> <span class='ocrx_word' id='word_1_645' title='bbox 3429 5457 3636 5530; x_wconf 91' lang='lat' dir='ltr'><strong>recipi.</strong></span> 
     </span>
    </p>
   </div>
   <div class='ocr_carea' id='block_1_94' title="bbox 1983 5545 3639 5621">
    <p class='ocr_par' dir='ltr' id='par_1_94' title="bbox 1983 5545 3639 5621">
     <span class='ocr_line' id='line_1_95' title="bbox 1983 5545 3639 5621; baseline -0.002 -15"><span class='ocrx_word' id='word_1_646' title='bbox 1983 5551 2051 5606; x_wconf 89' lang='lat' dir='ltr'><strong>In</strong></span> <span class='ocrx_word' id='word_1_647' title='bbox 2083 5549 2292 5606; x_wconf 87' lang='lat' dir='ltr'><strong>eadem</strong></span> <span class='ocrx_word' id='word_1_648' title='bbox 2324 5552 2525 5603; x_wconf 90' lang='lat' dir='ltr'><strong>autem</strong></span> <span class='ocrx_word' id='word_1_649' title='bbox 2559 5547 2735 5603; x_wconf 90' lang='lat' dir='ltr'><strong>docet</strong></span> <span class='ocrx_word' id='word_1_650' title='bbox 2761 5545 2832 5602; x_wconf 92' lang='lat' dir='ltr'><strong>de</strong></span> <span class='ocrx_word' id='word_1_651' title='bbox 2865 5545 3285 5621; x_wconf 85' lang='lat' dir='ltr'><strong>lege,litteram</strong></span> <span class='ocrx_word' id='word_1_652' title='bbox 3307 5546 3639 5616; x_wconf 88' lang='lat' dir='ltr'><strong>elevans,ac</strong></span> 
     </span>
    </p>
   </div>
   <div class='ocr_carea' id='block_1_95' title="bbox 1987 5636 3638 5710">
    <p class='ocr_par' dir='ltr' id='par_1_95' title="bbox 1987 5636 3638 5710">
     <span class='ocr_line' id='line_1_96' title="bbox 1987 5636 3638 5710; baseline -0.002 -14"><span class='ocrx_word' id='word_1_653' title='bbox 1987 5639 2381 5697; x_wconf 87' lang='lat' dir='ltr'><strong>ostenditnon</strong></span> <span class='ocrx_word' id='word_1_654' title='bbox 2406 5642 2679 5710; x_wconf 88' lang='lat' dir='ltr'><strong>oportere</strong></span> <span class='ocrx_word' id='word_1_655' title='bbox 2710 5640 2943 5694; x_wconf 87' lang='lat' dir='ltr'><strong>tantum</strong></span> <span class='ocrx_word' id='word_1_656' title='bbox 2973 5636 3122 5710; x_wconf 81' lang='lat' dir='ltr'><strong>legis</strong></span> <span class='ocrx_word' id='word_1_657' title='bbox 3140 5637 3638 5710; x_wconf 78' lang='lat' dir='ltr'><strong>sumerelitterae,</strong></span> 
     </span>
    </p>
   </div>
   <div class='ocr_carea' id='block_1_96' title="bbox 3315 5756 3396 5818">
    <p class='ocr_par' dir='ltr' id='par_1_96' title="bbox 3315 5756 3396 5818">
     <span class='ocr_line' id='line_1_97' title="bbox 3315 5756 3396 5818; baseline -0.012 0"><span class='ocrx_word' id='word_1_658' title='bbox 3315 5756 3396 5818; x_wconf 80' lang='lat'><strong>29</strong></span> 
     </span>
    </p>
   </div>
  </div>
