4068 6254
499 348 614 409 907

1581 340 2005 404 CECUMENII
2053 336 2358 399 ΤΗΙΟΟΑΞ
2402 331 2782 402 ΕΡΙΞὈΟΡΙ.
2824 286 2827 287 ν

3756 337 3880 415 908

504 482 606 537 sed
634 496 872 535 sensum
901 478 1003 549 qui
1036 485 1126 534 est
1154 479 1215 534 in
1239 478 1439 533 littera
1469 478 1720 533 scrutari
1759 478 1958 547 Neque
1981 474 2133 531 enim

2256 467 2337 526 δεῖ
2369 467 2671 545 λαμϐάνειν
2698 474 2765 529 τὰ
2811 473 3106 548 γράμματα
3168 476 3330 547 μόνον
3385 480 3489 532 τοῦ
3539 480 3735 552 νόμου,
3764 481 3887 539 ἀλλὰ

499 571 594 626 lex
620 570 810 625 solum
843 570 1085 625 verbum
1109 574 1218 636 est,
1261 567 1364 623 sed
1397 567 1455 622 in
1486 567 1680 623 verbis
1711 572 1801 622 est
1820 573 1881 621 et
1907 563 2145 619 intelle-

498 667 628 716 ctus
648 660 923 732 epit-itus.
959 658 1183 714 Deinde
1216 657 1375 729 quod
1408 658 1680 713 veniente
1737 656 1967 712 Christo
1999 670 2148 709 nova

499 750 576 805 sit
606 750 759 805 facta
786 758 1057 805 creatura
1092 765 1105 802 :
1134 764 1243 804 nec
1300 753 1535 820 oportet
1571 749 1744 820 juxta
1796 750 2148 799 vetustatem

497 840 822 899 vivere.sed
853 840 912 894 in
945 838 1222 894 omnibus
1280 844 1565 908 tanquam
1620 836 1772 893 589
1833 836 1894 890 in
1932 849 2147 889 novam

499 930 768 985 renovari
801 935 1131 984 creaturam
1161 946 1172 982 :
1197 945 1263 983 ac
1295 927 1575 997 deinceps
1607 926 1857 981 otiosam
1879 941 2008 979 esse
2031 923 2149 979 cir—

497 1020 944 1076 cumcisionem.
970 1017 1359 1072 Commendat
1387 1016 1565 1071 etiam
1597 1016 1758 1087 ipsos
1789 1014 1861 1069 de
1880 1013 2149 1067 ministe-

466 1109 681 1173 ‘rio,ac
712 1109 1060 1163 exhortatur
1088 1114 1154 1161 ut
1183 1105 1333 1160 illud
1362 1106 1548 1173 magis
1604 1103 1840 1159 abunde
1888 1102 2009 1157 ﬁat.
2043 1105 2149 1156 Ac-

466 1214 712 1253 cusans
746 1204 943 1252 autem
978 1213 1080 1251 eos
1112 1195 1213 1266 qui
1247 1195 1308 1248 in
1333 1210 1600 1265 personae
1630 1192 1912 1266 gravilate
1934 1189 2148 1262 gloria-

494 1285 729 1350 bantur,
765 1292 978 1341 cuncta
1019 1291 1289 1340 recenset
1342 1300 1473 1354 quae
1533 1288 1773 1353 propter
1829 1279 2145 1335 Dominum

494 1391 703 1446 passus
735 1376 946 1440 fuerat,
1005 1391 1073 1429 ac
1129 1374 1388 1429 visiones
1436 1379 1639 1427 narrat
1694 1388 1841 1443 quas
1898 1369 2143 1435 viderat,

495 1470 620 1520 tum
654 1466 714 1519 in
747 1464 1084 1537 paradisum
1122 1469 1242 1518 tum
1277 1464 1336 1517 in
1387 1463 1625 1517 tertium
1659 1468 1862 1533 raptus
1907 1459 2141 1515 caelum.

494 1555 743 1610 Demum
774 1555 873 1611 ubi
907 1553 1190 1626 prmcepit
1232 1569 1306 1606 ne
1346 1558 1611 1623 peccent.
1641 1550 1745 1605 sed
1804 1554 2144 1621 peccatores

492 1644 690 1715 potius
712 1643 1091 1714 resipiscam,
1124 1642 1185 1695 in
1217 1642 1540 1713 gratiarum
1574 1641 1808 1694 actione
1839 1636 2145 1694 concludit

491 1733 836 1805 Epistolam.
871 1733 1048 1786 Tutus
1075 1732 1273 1803 itaque
1314 1748 1507 1785 sermo
1540 1729 1817 1800 Epistola?
1849 1727 1920 1781 de
1948 1727 2141 1797 seipso

492 1828 584 1877 est
613 1828 671 1876 et
699 1821 771 1875 de
803 1820 1126 1875 Corinthiis
1153 1825 1212 1874 et
1243 1818 1314 1873 de
1347 1817 1909 1891 pseudapostolis,et
1939 1833 2009 1871 ex
2031 1816 2142 1870 hoc
2174 1843 2219 1906 Β

492 1916 840 1984 argumento
871 1910 1143 1981 procedit
1174 1914 1232 1963 et
1261 1908 1335 1963 ad
1364 1925 1435 1963 ea
1465 1926 1595 1979 quae
1628 1907 1840 1962 divina:
1864 1911 2142 1977 suntgra-

492 2001 611 2069 tiaa,
647 2007 706 2056 et
733 2001 806 2055 de
837 2000 992 2055 bona
1021 2000 1470 2054 conversatione
1526 1998 1683 2054 circa
1730 1998 1947 2052 bonam
2000 2012 2140 2051 con-

495 2089 805 2145 scientiam
836 2106 904 2143 ac
923 2094 1224 2144 certamen
1239 2093 1763 2159 contemptumque
1778 2086 2139 2153 divitiarum,

491 2185 552 2234 et
580 2178 653 2233 de
684 2178 1077 2249 eleemosynaa
1108 2178 1320 2234 virtute
1355 2184 1413 2233 et
1441 2176 1513 2233 de
1545 2177 2139 2251 pseudapostolorum

478 2266 771 2339 jactantia
789 2284 858 2323 ac
884 2267 1188 2339 pravitate.

1066 2501 1534 2559 THEODORETI.

545 2618 798 2692 Dignum
823 2624 913 2674 est
940 2624 1357 2690 utqumramus
1389 2636 1565 2691 quam
1598 2619 1672 2675 ob
1699 2635 1939 2675 causam
1953 2618 2132 2674 addat
2224 2676 2227 2677 ν

471 2711 798 2766 secundam
828 2711 1172 2782 Epistolam.
1209 2712 1356 2775 Quia
1411 2728 1545 2765 cum
1600 2711 1661 2765 in
1694 2710 1890 2782 priore
1923 2705 2133 2765 fuisset

469 2800 774 2873 pollicitus
802 2816 863 2855 se
897 2800 972 2854 ad
1005 2800 1168 2871 ipsos
1199 2800 1742 2871 profecturum,nec
1765 2800 1974 2855 fuisset
1995 2816 2127 2871 pro-

468 2890 657 2946 fectus
703 2890 925 2962 Spiritu
956 2891 1153 2962 ipsum
1187 2891 1251 2945 in
1284 2890 1417 2947 aliis
1446 2896 1796 2961 occupante,
1823 2897 1881 2945 et
1910 2890 2129 2961 quiain

475 2979 802 3035 afﬂictione
831 2980 1154 3037 inciderat:
1171 2998 1278 3054 per
1298 2981 1453 3037 hanc
1468 2981 1789 3037 secundam
1804 2981 2128 3052 Epistolam

464 3068 632 3126 'nunc
650 3086 712 3125 se
744 3076 957 3142 purgat
973 3070 1133 3142 quod
1154 3088 1276 3126 non
1301 3070 1615 3139 venerit,et
1632 3076 1698 3126 ut
1721 3070 1920 3126 venire
1953 3071 2131 3126 etiam

476 3176 585 3231 per
616 3160 942 3231 Epistolam
972 3160 1573 3217 videatur.Praeterea
1589 3177 1824 3232 quoque
1851 3161 2126 3233 expriore

474 3248 739 3319 Epistola
758 3249 1038 3304 meliores
1069 3251 1263 3305 eﬂ‘ecti
1299 3256 1506 3305 erant:
1541 3267 1778 3321 aequum
1794 3266 1929 3320 ergo
1946 3250 2131 3305 fuitut

473 3336 800 3390 secundam
833 3337 1101 3407 accipere
1124 3345 1654 3409 mererentur,quo
1684 3339 1871 3411 magis
1911 3338 1984 3394 ad
2016 3339 2124 3393 vir-

472 3429 663 3480 tutem
695 3426 1076 3496 proﬁcerent.

473 3556 630 3614 590
685 3556 1030 3614 SECUNDE
1094 3561 1190 3614 AD
1271 3559 1693 3617 CORlNTHIOS
1761 3561 2139 3619 EPISTOLIE.

1159 3648 1327 3705 CAPI
1333 3650 1447 3704 TA.

470 3791 521 3845 1.
555 3788 875 3847 Gratiarum
925 3790 1072 3844 actio
1100 3790 1165 3845 de
1195 3789 1385 3845 divino
1419 3790 1634 3846 auxilio
1662 3792 1723 3846 in
1780 3806 1890 3863 quo
1939 3795 2023 3847 ait
2070 3808 2126 3849 se

538 3880 709 3947 fuisse
738 3879 1018 3945 conﬁsum.

451 3969 526 4021 ~2.
563 3967 633 4022 De
653 3966 946 4023 dilectione
975 3984 1143 4040 quam
1192 3985 1325 4039 erga
1380 3971 1525 4041 ipsos
1582 3971 1817 4026 habebat
1850 3987 1864 4027 :
1896 3978 1949 4028 et
1978 3971 2123 4044 quod

535 4058 847 4125 pepercerit
896 4074 964 4111 ne
1019 4072 1106 4112 eos
1163 4061 1532 4128 contristaret,
1582 4077 1917 4132 quamquam
1985 4078 2119 4118 mce-

544 4160 669 4199 rore
698 4144 967 4215 afﬁciens,
999 4147 1303 4201 utilitatem
1361 4150 1638 4218 afferret:
1689 4149 1864 4205 veluti
1917 4153 1977 4204 in
2058 4166 2120 4206 eo

542 4233 640 4302 qui
700 4232 767 4287 ob
823 4239 1075 4304 stuprum
1132 4235 1460 4305 objurgatus
1539 4238 1745 4305 fuerat,
1793 4239 1883 4293 cui
1952 4240 2119 4294 etiam

440 4310 445 4317 ’
537 4322 791 4389 ignoscit.

464 4412 516 4467 3.
552 4412 625 4469 De
663 4412 910 4468 utilitate
958 4430 1065 4485 per
1107 4415 1285 4484 ipsum
1337 4417 1593 4485 prastita
1643 4416 1727 4472 his
1777 4418 1876 4488 qui
1930 4418 2117 4475 idonei

533 4510 723 4569 essent,
755 4521 856 4574 per
877 4520 1044 4573 quam
1072 4510 1237 4558 etiam
1273 4505 1647 4560 commendari
1661 4523 1714 4561 se
1741 4508 1898 4562 dicit.

2254 561 2306 616 ἐν
2334 562 2484 634 αὖτῷ
2506 568 2587 636 τῷ
2623 564 2907 639 γράμματι
2953 565 3056 632 τὴν
3109 562 3345 621 διάνοιαν
3394 567 3641 644 ἐρευνᾷν.
3681 573 3775 637 (0-3
3802 575 3885 650 γὲιρ

2258 651 2424 723 μόνον
2454 652 2607 726 ῥῆμά
2639 652 2779 709 ἔστιν
2812 655 2841 708 ὁ
2869 656 3065 727 νόμος.
3101 651 3227 711 ἀλλ’
3284 652 3336 709 ἐν
3380 663 3505 720 τοῖς
3569 658 3758 734 ῥητοῖς
3796 663 3888 718 ἐστι

2251 739 2343 794 καὶ
2376 740 2560 803 ὁνοῦς
2617 746 2716 797 τοῦ
2780 743 3136 816 πνεύματος.)
3193 744 3418 801 Ἔπειτα
3480 747 3571 802 δτι
3632 754 3726 803 τοῦ
3777 755 3891 825 Χρι-

2254 833 2381 882 στοῦ
2412 827 2667 892 ἐλθόντος
2696 833 2853 901 καινή
2895 831 3073 893 κτίσις
3132 832 3343 909 γὲγονε,
3402 836 3495 889 καὶ
3540 836 3607 891 οὐ
3665 834 3745 892 δεῖ
3772 843 3884 897 κατά

2250 919 2314 973 το
2343 917 2578 974 παλαιὸν
2610 924 2728 993 ζῇν,
2759 919 2892 976 ἀλλ’
2921 922 2996 983 ὡς
3053 920 3107 976 ἄν
3165 926 3326 997 καινῇ
3383 926 3588 994 κτίσει,
3647 926 3701 982 ἐν
3757 937 3888 987 πᾶσιν

2250 1008 2620 1095 ᾀνανεοῦσθαι,
2652 1013 2743 1068 καὶ
2762 1012 2938 1090 ἆργῆν
2982 1014 3120 1070 εἶναι
3178 1013 3374 1071 λοιπὸν
3428 1020 3530 1074 τὸν
3590 1026 3886 1095 περιτομήν,

2254 1086 2612 1177 Ἀποδὲχεται
2644 1099 2702 1157 δὲ
2740 1103 2937 1165 αὐτοὺς
2987 1102 3078 1158 καὶ
3130 1106 3254 1179 περὶ
3301 1113 3399 1174 τῆς
3460 1105 3750 1171 διακονίας
3819 1112 3887 1164 ιιαέ

2251 1191 2611 1265 προτρέπεται
2646 1189 2861 1263 μᾶλλον
2920 1193 3091 1264 αὐτὴν
3150 1191 3494 1266 πλεονάζειν.
3572 1198 3888 1272 Αἷτιώμενος

2252 1275 2308 1333 δὲ
2350 1280 2478 1341 τοὺς
2522 1280 2574 1335 ἐν
2633 1282 2915 1357 προσώπῳ
2972 1285 3386 1361 καυχωμένους,
3446 1287 3744 1361 καταλέγει
3783 1290 3893 1345 πάν-

2248 1388 2314 1422 τα
2345 1370 2478 1445 ἅπερ
2505 1372 2738 1426 πέπονθε
2760 1368 2849 1426 διὰ
2905 1374 2996 1428 τὸν
3056 1375 3276 1448 Κύριον.
3337 1377 3432 1430 Καὶ
3493 1378 3601 1440 τᾶς
3656 1379 3888 1444 ὀπτασίας

2252 1454 2523 1533 διηγεῖται
2555 1460 2724 1534 ’ἅσπερ
2756 1462 3015 1535 ἑώρακεν,
3047 1461 3123 1525 εῗς
3165 1485 3223 1519 τε
3278 1464 3370 1519 τὸν
3428 1465 3768 1540 παράδεισον
3817 1470 3889 1524 καὶ

2250 1547 2326 1608 εἷς
2361 1549 2453 1603 τὸν
2479 1549 2664 1624 τρίτον
2712 1550 2941 1622 οὐρανὸν
2990 1553 3274 1629 ἁρπαγείς.
3331 1555 3467 1611 Εῗτα
3531 1558 3894 1633 παραγγείλας

2254 1638 2328 1708 μὴ
2364 1637 2707 1709 ἁμαρτάνειν.
2742 1636 2889 1694 ἀλλᾶ
2949 1646 3224 1714 μετανοεῖν
3273 1643 3399 1706 τοὺς
3457 1645 3887 1719 ἁμαρτάνοντας,

2249 1724 2302 1780 ἐν
2336 1726 2652 1802 εὖχαριστίᾳ
2674 1749 2734 1783 τε
2766 1733 2902 1798 ζειοῖ
2929 1732 3028 1799 τήν
3062 1730 3379 1803 ἐπιστολήν.
3433 1735 3499 1790 ὐ
3559 1740 3670 1797 πᾶς
3722 1738 3887 1790 τοίνυν

2253 1814 2415 1890 λόγος
2445 1814 2587 1872 ἐστὶν
2620 1816 2671 1871 ἐν
2702 1821 2771 1891 τῇ
2805 1817 3126 1894 Ἐπιστολῇ,
3151 1821 3276 1895 περί
3298 1843 3357 1878 τε
3405 1823 3638 1891 ἑαυτοῦ,
3665 1826 3759 1880 καὶ
3788 1826 3892 1899 περὶ

2252 1906 2572 1980 Κορινθίων,
2601 1906 2832 1963 καὶτῶν
2877 1906 3358 1982 ψευδαποστὸλων.
3420 1912 3529 1969 Καὶ
3592 1913 3655 1970 ὲκ
3713 1915 3891 1985 ταύτης

2248 1999 2349 2061 τῆς
2384 1993 2689 2056 ὑποθὲσεως
2712 1996 2956 2070 πρόεισιν
2982 1994 3060 2058 εἷς
3109 2018 3164 2052 τε
3221 1999 3287 2054 τὰ
3338 2006 3441 2070 τῆς
3479 2001 3724 2077 χάριτος
3754 2007 3889 2071 Θεοῦ,

2248 2079 2339 2134 καὶ
2370 2081 2492 2155 περὶ
2519 2080 2727 2157 ἀγαθῆς
2758 2082 3065 2153 πολιτείας,
3095 2087 3231 2140 κατὰ
3277 2086 3339 2141 τὸ
3399 2086 3790 2158 εὖσυνείδτ,τον
3816 2089 3887 2144 καὶ

2248 2168 2310 2224 τὸ
2338 2168 2646 2245 ἐναγώνιον,
2679 2172 2769 2225 καὶ
2823 2172 2886 2228 τὸ
2944 2173 3430 2253 ἀφιλοχρήματον,
3474 2178 3573 2232 καὶ
3636 2179 3760 2253 περέ
3812 2185 3889 2247 τῆς

2250 2255 2609 2331 μεταδοτικῆς
2639 2259 2858 2334 ἀρετῆς,
2889 2262 2978 2316 καὶ
3006 2262 3133 2337 περὶ
3163 2271 3263 2333 τῆς
3293 2269 3401 2319 τῶν
3434 2264 3881 2340 ψευδαποστόλων

2244 2345 2560 2416 ἀλαζονείας
2596 2348 2687 2404 καὶ
2721 2350 3003 2421 πονηρίας.

2845 2493 3285 2551 ΘΕΟΔΩΡΙΤΟΥ.

2309 2607 2368 2661 Τί
2401 2603 2606 2676 δήποτε
2627 2604 2873 2684 δευτέραν
2927 2610 3140 2680 τίθησιν
3199 2610 3556 2682 Ἐπιστολὴν,
3618 2616 3865 2684 ζητεῖσθαι

2237 2692 2407 2765 ἄξιον.
2465 2698 2586 2751 Ὅτι
2668 2695 2722 2752 ἐν
2778 2701 2848 2772 τῇ
2905 2699 3096 2775 πρώτῃ
3152 2697 3409 2764 ἀπελθεῖν
3496 2703 3633 2776 πρὸς
3680 2704 3854 2764 αότοὺς

2237 2781 2724 2861 ἐπαγγειλάμενος,
2784 2788 2872 2843 καὶ
2935 2812 3012 2862 μη
3076 2787 3351 2857 ἀπελθὼν,
3410 2796 3510 2846 τοῦ
3579 2793 3853 2859 υνεῦματος

2237 2873 2312 2937 εῗς
2341 2871 2497 2950 ἕτερα
2552 2876 2714 2932 αὐτὸν
2767 2876 3241 2955 ἀπασχολοῦντος,
3303 2880 3396 2934 καὶ
3440 2877 3525 2935 διὶ
3574 2881 3630 2934 τό
3675 2900 3835 2949 πείρας

2239 2969 2398 3036 σμοῖς
2431 2962 2703 3038 ἐμπεσεῖν,
2736 2963 2825 3022 διὰ
2854 2970 2952 3036 τῆς
2982 2971 3075 3022 νῦν
3120 2964 3373 3044 δευτέρας
3404 2969 3460 3023 τὸ
3507 2971 3576 3040 μὴ
3606 2965 3825 3029 ἀπελθεῖν

2237 3050 2614 3127 ἀπολογεῖται,
2645 3055 2735 3111 καὶ
2764 3053 2855 3111 ’ίνα
2884 3056 2975 3111 καὶ
3005 3055 3264 3121 ἀπελθεῖν
3323 3055 3415 3112 διὰ
3471 3064 3558 3127 τῆς
3606 3059 3835 3113 Ἐπιστο-

2239 3143 2343 3214 λῆς
2377 3141 2530 3220 δόξῃ.
2565 3147 2793 3204 Ἔπειτα
2844 3150 2932 3204 καὶ
2973 3149 3109 3219 ἦσαν
3169 3146 3424 3223 βελτίους
3478 3148 3539 3204 ἐκ
3585 3157 3672 3218 τῆς
3718 3148 3856 3224 πρὼ-

2244 3254 2310 3303 τη
2345 3234 2676 3306 Ἐπιστολῆς
2708 3239 3015 3315 γενόμενοι.
3060 3236 3307 3315 Εῧλογον
3364 3239 3463 3292 οὖν
3531 3240 3600 3307 ἦν
3642 3236 3861 3311 agri...“

2239 3322 2437 3387 αὐτοὺς
2521 3325 2835 3397 ἀξιωθῆναι,
2905 3325 2994 3381 ’ίνα
3092 3325 3282 3381 πλεῖον
3372 3324 3685 3382 ἐπιδώσωσι
3752 3328 3869 3402 πρὸς

2234 3411 2455 3487 ἀρετήν.

2238 3576 2592 3632 ΚΕΦΛΛΑΙΑ
2620 3574 2761 3631 ΤΗΣ
2805 3575 2986 3633 ΠΡΟΣ
3046 3576 3464 3634 ΚΟΡΙΝΘΙΟΥΣ
3526 3581 3867 3637 ΔΕΥΤΕΡΑΣ

2842 3665 3273 3722 ΕΠΙΣΤΟΛΙΙΣ.

2231 3767 2298 3850 α’.
2331 3789 2670 3868 Εὐχαριστία
2699 3789 2822 3864 περὶ
2865 3794 2999 3846 Θεοῦ
3046 3792 3325 3864 βοηθείας,
3385 3791 3438 3847 ἐν
3486 3793 3524 3868 ᾖ
3574 3793 3857 3850 πεποιθένα

2344 3902 2486 3951 ησιν.

2344 3903 2486 3951 ησιν.

2234 3903 2337 4046 βεφ
2373 3971 2501 4045 Περὶ
2558 3969 2775 4048 ἀγάπης
2861 3977 2963 4040 τῆς
3037 3971 3175 4047 πρὸς
3234 3971 3453 4043 αὐτοὺς,
3513 3976 3607 4029 καὶ
3664 3973 3872 4054 φειδοῦς

2300 4059 2375 4122 εἷς
2424 4060 2486 4115 τὸ
2543 4062 2621 4133 μὴ
2693 4059 2905 4130 λυπεῖν,
2962 4059 3008 4115 εἰ
3087 4061 3177 4116 καὶ
3248 4060 3439 4117 λυπῶν
3510 4063 3737 4144 ὠφελεῖ,
3808 4065 3873 4123 ὡς

2298 4149 2385 4205 ἐπὶ
2463 4154 2560 4204 τοῦ
2645 4147 2734 4204 διὰ
2807 4148 3057 4224 πορνείαν
3132 4148 3581 4224 ἐπιτιμηθέντος,
3665 4152 3712 4227 ᾧ
3793 4152 3870 4209 καὶ

2299 4243 2599 4315 συγχωρεῖ.

2219 4414 2285 4488 γ’.
2321 4412 2450 4488 Περὶ
2479 4418 2581 4482 τῆς
2610 4409 2684 4467 δι’
2713 4412 2880 4467 αὐτοῦ
2910 4409 3178 4490 ὠφελείας
3246 4416 3362 4476 τοῖς
3421 4411 3774 4487 ἐπιτηδείοις,
3800 4412 3859 4469 δι’

2293 4504 2359 4571 ἧς
2392 4501 2483 4556 καὶ
2516 4501 2861 4558 συνίστασθαί
2891 4522 3076 4575 φησιν.

458 4591 512 4647 4.
549 4593 619 4647 De
640 4594 947 4648 ministerio
979 4593 1276 4649 secundum
1308 4596 1568 4663 spiritum
1598 4601 1651 4649 et
1705 4596 1889 4666 gloria
1934 4601 2116 4672 magis

2247 4594 2286 4649 i'.
2343 4592 2475 4667 Περὶ
2531 4598 2631 4659 τῆς
2684 4590 2820 4645 κατὰ
2877 4594 3089 4664 πνεῦμα
3149 4587 3492 4667 λειτουργίας
3570 4594 3662 4648 καὶ
3722 4591 3860 4665 δόξης

531 4680 733 4736 divina
771 4699 938 4751 quam
967 4699 1030 4736 ea
1060 4698 1181 4751 quae
1210 4682 1511 4738 secundum
1545 4682 1714 4754 legem
1737 4691 1877 4741 erat.

460 4768 620 4839 5.,οε
649 4769 838 4823 divina
870 4771 1053 4840 gloria
1081 4778 1134 4826 et
1162 4774 1517 4842 consequenti
1541 4776 1677 4843 vita,
1710 4775 1863 4846 quod
1918 4791 1952 4830 a
1978 4791 2109 4833 san-

532 4859 633 4912 ctis
656 4866 1041 4930 .ognoscatur.

459 4948 512 5002 6.
555 4949 631 5003 De
654 4949 971 5017 infirmitate
992 4951 1167 5020 juxta
1196 4968 1390 5023 corpus
1421 4958 1472 5007 et
1493 4952 1740 5025 corporis
1768 4952 2109 5025 depositione

448 5038 729 5111 plenaque
758 5041 1168 5110 ressumptione.

455 5132 507 5185 7.
545 5130 617 5185 De
647 5129 812 5185 Pauli
833 5147 967 5200 erga
987 5133 1149 5186 Deum
1176 5149 1358 5189 amore
1415 5151 1479 5189 ac
1519 5136 1779 5203 fraterna
1808 5137 2106 5191 secundum

522 5221 691 5277 Deum
720 5222 1033 5277 dilectione.

450 5312 504 5369 8.
537 5311 614 5367 De
668 5311 1136 5368 commendatione
1192 5311 1511 5369 obedienliz
1571 5314 1979 5373 Corinthiorum
2050 5328 2105 5377 et

521 5401 813 5458 dilectione
832 5400 1068 5457 Paulum
1102 5402 1471 5459 exhilarante.

451 5488 503 5543 9;
525 5489 859 5546 Exhortatio
907 5491 980 5547 ad
1036 5492 1347 5548 uberiorem
1391 5489 1765 5563 pecuniarum
1821 5497 2102 5554 contribu-

518 5577 721 5633 tionem
750 5580 809 5634 in
834 5586 1071 5650 sanctos,
1094 5587 1148 5636 et
1177 5582 1246 5637 de
1303 5597 1492 5638 eorum
1521 5581 1726 5643 honore
1765 5584 1866 5656 qui
1901 5586 1974 5642 ad
2000 5585 2101 5642 hoc

511 5666 1007 5736 proﬁciscerentur.
1565 5688 1571 5694 ‘

2294 4680 2563 4755 θειοτέρας
2595 4684 2694 4747 τῆς
2725 4680 2860 4735 κατὰ
2889 4679 2981 4734 τὸν
3012 4678 3205 4752 νόμον.

2223 4772 2278 4829 ε’.
2309 4772 2435 4844 Περὶ
2470 4770 2615 4832 θείας
2647 4767 2809 4841 δόξης
2835 4769 2926 4825 καὶ
2954 4773 3052 4825 τοῦ
3083 4767 3390 4826 ἀκολούθου
3425 4771 3572 4846 βίου,
3624 4772 3705 4828 ὅτι
3758 4776 3856 4831 τοῖς

2293 4860 2471 4936 ἁγίοις
2501 4860 2844 4934 γινώσκεται.

2220 4952 2285 5016 ς’.
2322 4951 2448 5026 Περὶ
2479 4957 2579 5020 τῆς
2604 4951 2740 5005 κατὰ
2775 4953 2934 5022 σῶμα
2959 4947 3227 5013 ἀσθενείας
3257 4948 3346 5004 καὶ
3369 4953 3587 5015 τῆςτοῦ
3620 4953 3853 5026 σώματος

2291 5040 2621 5104 ἀποθέσεως,
2651 5039 2741 5094 καὶ
2773 5059 2875 5093 παν
2886 5037 3233 5112 αναλήψεως.

2218 5136 2277 5202 ζ.
2315 5129 2440 5201 Περὶ
2470 5135 2569 5198 τῆς
2598 5127 2768 5183 αὐτοῦ
2797 5124 3197 5207 φιλοθεότητος
3250 5126 3340 5182 καὶ
3377 5125 3740 5208 φιλαδελφίας
3771 5133 3859 5197 τῆς

2285 5220 2421 5277 κατὰ
2451 5219 2684 5290 Χριστόν
2696 5263 2707 5276 .

2215 5317 2284 5385 η’.
2318 5310 2448 5387 Περὶ
2477 5305 2766 5388 ἀποδοχῆς
2795 5309 2894 5373 τῆς
2928 5308 3232 5382 Κορινθίων
3269 5307 3852 5385 ὑπακοῆς,χαῖἆγάπης

2284 5398 2678 5475 εὐφραινούσης
2714 5395 2894 5451 αὐτόν.
3248 5412 3253 5417 ‘

2759 5486 2898 5563 πρὸς
2966 5481 3234 5569 ,ἐπίδοσιν
3337 5486 3641 5562 Χρημάτων
3737 5490 3849 5546 τοῖς

2212 5495 2275 5551 θ’.
2361 5490 2656 5567 Ηροτροπή

2750 5573 2917 5647 τιμὴν
2966 5566 2969 5569 ’
3021 5574 3131 5626 τῶν
3233 5567 3323 5627 διὰ
3393 5577 3555 5629 τοῦτο
3628 5566 3847 5649 ἔρχομέο

2283 5577 2488 5656 ἁγίοις,
2559 5573 2651 5632 καὶ

2208 5691 2335 5728 νων.
