4068 6254
202 424 326 484 909

1171 429 1589 491 COMMENT.
1640 430 1714 490 IN
1759 427 2003 490 EPIST.
2038 429 2095 490 Π
2136 431 2238 490 AD
2271 428 2638 492 CORINTH.

3500 430 3621 494 910

229 555 258 610 “.
306 559 574 629 Διήγησις
607 561 713 611 τῶν
749 554 902 612 ἰδίων
941 559 1120 614 πόνων
1154 561 1246 614 καὶ
1275 559 1578 636 προθέσεως
1633 560 1725 616 καὶ
1764 567 1852 629 τῆς

1981 567 2064 618 10.
2109 566 2471 633 Propriorum
2517 566 2770 618 narratio
2828 563 3075 617 laborum
3131 569 3183 616 et
3229 564 3511 633 propositi
3556 581 3620 622 ac

276 641 362 698 ἐπ’
412 643 562 715 οὖτῷ
625 645 850 720 χάριτος
881 647 1014 718 πρὸς
1073 649 1135 704 τὸ
1196 650 1271 722 μή
1330 655 1448 712 τοῖς
1507 647 1862 711 ἐπιπλάστοις

269 736 665 808 προστίθεσθαι
700 737 1028 810 Κορινθίοις.

2044 654 2243 723 gratiae
2272 670 2392 723 qua
2423 656 2483 708 in
2514 656 2630 725 ipso
2691 661 2872 724 erant,
2904 671 2972 710 ne
3029 656 3387 711 assentiretur
3411 656 3621 724 fucatis

2041 744 2356 799 Corinthiis.

974 1054 1683 1186 ΠΑΥΛΟΥ
1793 1055 2880 1190 ΑΠΟΣΤΟΛΟΥ

539 1318 618 1410 Η
692 1315 1017 1413 ΠΡΟΣ
1107 1316 1876 1414 ΚΟΡΙΝΘΙΟΥΣ
1953 1319 2593 1416 ΕΠΙΣΤΟΛΗ
2676 1320 3284 1420 ΔΕΥΤΕΡΑ.

919 1723 1124 1792 ⁵⁹¹
1178 1741 1812 1894 PAULI
1929 1745 2937 1900 APOSTOLI

341 1993 532 2086 AD
609 1993 1584 2088 COBINTHIOS
1667 1996 2572 2096 POSTERIOR
2641 2003 3472 2103 EPISTOLA.

815 2397 1085 2451 ΚΕΦΑΛ.
1132 2395 1217 2451 Α’.

193 2503 528 2580 Εὐχαριστία
593 2502 716 2578 περῖ
753 2503 757 2506 ’
793 2506 928 2558 Θεοῦ
988 2501 1268 2575 βοηθείας,
1324 2500 1376 2556 ἐν
1528 2504 1846 2558 πεποιθέναι

935 2595 1050 2652 φησ
1073 2595 1121 2630 ν.

271 2691 488 2752 Παῦλος
540 2690 843 2754 ὀιπόστολος
905 2693 1087 2761 Ἰησοῦ
1149 2693 1388 2765 Χριστοῦ
1453 2688 1542 2745 διὰ
1597 2690 1847 2764 θελήμαο

206 2801 299 2842 τος
353 2785 509 2847 Θεοῦ,
569 2781 651 2835 καὶ
708 2780 978 2853 Τιμόθεος
1033 2781 1060 2834 6
1119 2777 1372 2856 ἀδελφὸς,
1447 2783 1515 2853 τῇ
1546 2778 1849 2852 Ἐκκλησία

211 2873 303 2924 τοῦ
354 2875 486 2924 Θεοῦ
541 2875 605 2941 τῇ
661 2868 798 2944 οὔσῃ
863 2868 914 2923 ἐν
997 2870 1270 2943 Κορίνθῳ,
1332 2867 1423 2922 σὺν
1502 2874 1619 2930 τοῖς
1668 2870 1849 2945 ἁγίοις

205 2965 325 3013 πᾶσι
380 2965 497 3020 τοῖς
546 2961 693 3014 οὖσιν
755 2960 806 3014 ἐν
882 2958 984 3032 ὅλῃ
1042 2962 1111 3032 τῇ
1195 2959 1418 3036 Ἀχαΐᾳ,
1478 2958 1642 3036 χάρις
1719 2959 1845 3031 ὑμῖν

198 3047 282 3102 καί
312 3047 501 3122 είρηνη
536 3047 643 3102 ἀπὸ
670 3052 804 3103 Θεοῦ
838 3049 1045 3122 Πατρὸς
1079 3049 1264 3118 ἡμῶν,
1294 3047 1384 3101 καὶ
1433 3047 1629 3121 Κυρίου
1661 3049 1848 3116 Ἰησοῦ

195 3140 452 3211 Χριστοῦ.

258 3226 340 3281 Ἐν
371 3223 451 3299 τῇ
481 3225 678 3300 πρώτῃ
713 3223 1038 3298 Ἐπιστολῇ,
1083 3224 1300 3297 πέμψας
1357 3224 1468 3278 ἐκεῖ
1523 3225 1614 3278 τὸν
1663 3223 1845 3296 Τιμό-

187 3315 326 3382 θεον,
385 3315 482 3369 καὶ
544 3318 634 3368 νῦν
697 3309 998 3369 ἀπολαϐὼν
1078 3314 1266 3384 αὐτὸν,
1338 3313 1513 3384 ἑαυτῷ
1573 3313 1844 3368 συνάπτει.

185 3408 321 3479 ’Ὅρα
350 3402 438 3459 δὲ·
473 3405 608 3458 ποτε
673 3403 766 3475 μὲν
813 3402 994 3458 τέκνον
1055 3401 1212 3457 αὐτὸν
1272 3401 1448 3457 καλεῖ·
1485 3427 1511 3454 ‹‹
1544 3402 1632 3463 Ὠς
1683 3403 1845 3477 πατρὶ

185 3494 304 3568 γὰρ,
366 3494 534 3571 φησὶ,
593 3493 776 3547 τέκνον
829 3489 1115 3547 ἐδούλευσὲ
1176 3509 1291 3564 μοι’
1338 3518 1359 3544 ι
1424 3491 1558 3545 ποτε
1614 3487 1672 3544 δὲ
1723 3512 1848 3545 συν-

185 3585 358 3661 εργόν·
399 3583 483 3639 Τὸ
510 3585 610 3659 γὰρ
647 3604 674 3636 ι
703 3577 857 3658 ἔργον
896 3581 1094 3655 Κυρίου
1148 3580 1424 3655 ἐργάζεται
1484 3580 1558 3642 ὡς
1617 3579 1790 3654 κάγώ·
1820 3605 1846 3631 n

186 3679 272 3728 νῦν
307 3672 364 3729 δὲ
399 3671 663 3752 ἀδελφὸν,
699 3670 790 3727 διὰ
819 3671 1030 3726 πάντων
1089 3671 1398 3744 ἀξιόπιστον
1461 3669 1620 3724 αὐτὸν
1653 3676 1848 3728 ποιῶν.

1869 2405 1916 2470 Β

2603 2410 2835 2466 CAPUT
2891 2413 2932 2467 ι.

1957 2511 2282 2567 Gratiarum
2306 2517 2450 2570 actio
2477 2517 2542 2570 de
2571 2517 2762 2571 divino
2778 2519 3016 2585 auxilio,
3043 2522 3101 2574 in
3130 2535 3239 2590 quo
3256 2522 3337 2575 ait
3356 2537 3414 2576 se
3426 2524 3597 2590 fuisse

2638 2594 2895 2659 cauﬁsum
2909 2631 2922 2646 ο

2027 2694 2069 2755 Ι,
2108 2697 2158 2759 1,
2189 2694 2242 2745 2.
2277 2695 2859 2769 «Paulusapostolus
2879 2699 3013 2753 Jesu
3046 2698 3378 2770 Christiper
3399 2698 3602 2755 volun-

1958 2803 1984 2831 ‹‹
2012 2787 2190 2837 tatem
2219 2785 2414 2851 Dei,et
2433 2788 2772 2843 Timotheus
2802 2789 3000 2854 frater,
3032 2788 3312 2844 Ecclesiae
3335 2789 3436 2844 Dei
3471 2805 3604 2859 quas

1957 2889 1984 2917 ‹‹
2019 2875 2109 2923 est
2138 2871 2399 2926 Corinthi
2427 2890 2544 2929 una
2564 2892 2697 2930 cum
2730 2876 3006 2931 omnibus
3063 2877 3282 2933 sanctis
3331 2877 3432 2948 qui
3465 2881 3605 2932 sunt

1957 2978 1983 3007 «
2018 2957 2078 3012 in
2114 2965 2233 3016 tota
2262 2963 2500 3022 Achaia,
2535 2966 2720 3035 gratia
2751 2966 2913 3021 vobis
2945 2973 3003 3021 et
3049 2983 3162 3039 pax
3203 2983 3236 3021 a
3266 2967 3382 3021 Deo
3428 2968 3600 3022 Patre

1956 3067 1984 3095 «
2009 3056 2232 3117 nostro,
2267 3057 2322 3105 et
2348 3053 2597 3108 Domino
2625 3054 2765 3109 Jesu
2796 3055 3044 3110 Christo.
3080 3077 3109 3106 »

2027 3221 2171 3277 Cum
2202 3240 2323 3279 una
2353 3241 2488 3280 cum
2520 3225 2716 3297 priore
2741 3226 3005 3297 Epistola
3033 3225 3299 3282 misisset
3328 3243 3394 3282 eo
3413 3225 3608 3281 Timo-

1957 3313 2246 3382 tbeum,et
2275 3315 2644 3386 nuncipsum
2668 3315 3128 3387 recepisset,sibi
3147 3315 3602 3388 ipsiconjungit,

1955 3404 2277 3461 Considera
2334 3421 2489 3474 vero,
2543 3405 2698 3475 quod
2739 3405 2934 3476 ipsum
2992 3405 3235 3476 quidem
3295 3404 3596 3460 interdum

1959 3494 2144 3548 {ilium
2167 3499 2366 3548 vocat:
2402 3515 2429 3541 κ
2463 3495 2604 3548 Nam
2635 3499 2700 3548 ut
2756 3494 2929 3565 patri,
2965 3494 3180 3566 inquit,
3241 3494 3403 3550 ﬁlius
3449 3494 3602 3549 mihi

1955 3583 2314 3638 ministravit
2346 3585 2359 3618 ί
2390 3604 2404 3649 ;
2438 3604 2466 3632 »
2496 3583 2798 3638 interdum
2856 3590 3054 3640 autem
3106 3589 3556 3655 cooperatorem
3589 3599 3602 3639 :

1956 3695 1983 3722 ι(
2019 3673 2176 3742 Opus
2204 3672 2363 3727 enim
2412 3672 2645 3728 Domini
2705 3680 3002 3744 operatur.
3062 3674 3278 3744 inquit,
3339 3675 3490 3728 sicut
3546 3678 3606 3728 et

189 3763 519 3838 Σημείωσαι
553 3760 609 3816 δὲ
637 3763 761 3831 τήν,
796 3759 904 3828 διά,
936 3761 1026 3815 καὶ
1057 3761 1145 3815 ἐπὶ
1199 3759 1430 3834 Πατρός.
1487 3785 1513 3811 ι(
1572 3761 1678 3813 Σὺν
1737 3765 1851 3823 τοῖς

1975 3779 2058 3833 ego
2093 3763 2112 3796 ³
2138 3783 2152 3826 ;
2188 3783 2215 3811 ››
2245 3778 2402 3815 nunc
2429 3779 2562 3817 vero
2593 3762 2833 3817 fratrem
2854 3780 2958 3833 per
2990 3763 3190 3818 omnia
3216 3763 3328 3816 (ide
3361 3762 3606 3827 dignum

191 3854 367 3927 ἁγίοις
439 3859 619 3908 πᾶσιν.
675 3875 700 3903 ι
763 3851 981 3926 Ἀγίους
1069 3852 1266 3911 αὐτοὺς
1323 3849 1500 3915 καλεῖ,
1579 3847 1850 3929 ἐμφαίνων

187 3943 271 4001 ὅτι
322 3943 376 3999 εἶ’
442 3964 524 4004 τις
582 3939 818 4017 γεώδης,
886 3939 1040 3996 ἐκτός
1101 3941 1211 3995 ἐστι
1268 3939 1470 4008 ταύτης
1529 3947 1627 4010 τῆς
1684 3961 1848 4015 apo:-

186 4033 450 4108 ηγορίας.
521 4035 750 4085 Δοκοῦσι
809 4028 867 4084 δὲ
943 4030 1093 4084 οὗτοι
1153 4035 1310 4103 κοινῇ
1372 4027 1712 4098 σαλεύεσθαι,
1763 4027 1850 4082 διὰ

185 4129 344 4178 τοῦτο
401 4121 500 4176 καὶ
558 4122 746 4189 κοινὴν
829 4125 1068 4175 ποιεῖται
1135 4121 1234 4188 τήν
1293 4116 1454 4174 ἷάσιν.
1526 4120 1698 4174 Τοῦτο
1793 4114 1851 4171 δὲ

187 4212 321 4285 πρὸς
356 4207 614 4270 Γαλάτας
640 4211 726 4264 καὶ
758 4204 1042 4284 Ἐϐραίους
1101 4209 1320 4286 γράφων
1379 4212 1548 4263 ποιεῖ.
1591 4231 1619 4258 ‹‹
1679 4208 1846 4280 Χάρις

190 4301 317 4374 ὑμῖν
346 4299 446 4354 καὶ
475 4298 686 4373 εἰρήνη.
729 4323 756 4349 ››
786 4301 892 4368 Τήν
928 4299 1130 4368 συνήθη
1177 4295 1546 4371 προσηγορίαν
1584 4295 1674 4350 καὶ
1721 4294 1848 4350 τού·

183 4410 298 4451 τοις
331 4388 658 4466 ἐπεύχεται.

1966 3868 2099 3906 eum
2125 3851 2306 3906 efﬁcit
2333 3851 2746 3906 Animadverte
2760 3858 2955 3906 autem
2991 3852 3469 3922 praepositionem
3496 3845 3604 3918 διά,

1959 3941 2018 3994 id
2051 3946 2140 3995 est
2179 3957 2302 4010 per,
2337 3940 2514 3994 etiam
2547 3940 2618 3995 de
2641 3947 2804 4011 patre
2829 3940 2962 3994 dici.
2987 3965 3004 3988 υ
3027 3941 3152 3995 Una
3173 3956 3306 3994 cum
3331 3938 3608 3994 omnibus

1960 4029 2198 4084 sanctis.
2227 4027 2511 4102 ››“Αγίους,
2546 4029 2604 4082 id
2637 4035 2744 4094 est,
2777 4037 2990 4085 sanctos
3034 4035 3201 4084 vocat
3231 4031 3389 4100 ipsos
3413 4028 3605 4098 (quasi

1959 4117 2088 4172 sine
2118 4120 2314 4188 terra),
2350 4117 2669 4172 ostendens
2711 4117 2868 4189 quod
2922 4119 2970 4173 si
3015 4119 3148 4190 quis
3206 4123 3478 4173 terrenus
3509 4118 3607 4189 sit,

1959 4207 2188 4262 alienus
2220 4212 2309 4262 est
2336 4207 2407 4262 ab
2448 4208 2557 4262 hac
2588 4208 2964 4263 salutatione.
3001 4208 3286 4263 Videntur
3314 4213 3512 4264 autem
3545 4208 3606 4263 hi

1960 4297 2136 4352 simul
2166 4297 2483 4353 iluctuasse
2511 4314 2522 4352 :
2548 4304 2860 4369 pr0pterea
2882 4298 3061 4354 etiam
3079 4297 3613 4354 communemfacit

1959 4393 2018 4442 et
2047 4387 2199 4443 592
2234 4387 2626 4443 sanationem.
2663 4388 2782 4443 Hoc
2815 4404 3051 4459 quoque
3081 4386 3223 4443 facit
3253 4385 3327 4441 ad
3375 4385 3613 4441 Galatas

189 4482 467 4536 scribens
500 4486 558 4534 et
587 4479 662 4534 ad
693 4479 991 4535 Hebraeos.
1020 4501 1046 4529 «
1081 4478 1280 4532 Gratia
1311 4476 1474 4532 vobis
1506 4481 1563 4532 et
1594 4493 1725 4548 pax.
1761 4498 1789 4526 »
1820 4476 2196 4531 Familiarem
2230 4492 2296 4532 ac
2321 4477 2430 4531 sibi
2464 4483 2808 4532 consuetam
2842 4477 3264 4533 salutationem
3303 4475 3483 4530 etiam
3514 4474 3608 4529 his

193 4589 460 4654 exoptat.

264 4677 604 4754 Εὐλογητὸς
706 4678 733 4730 ὁ
838 4677 968 4739 Θεὸς
1057 4674 1145 4728 καὶ
1233 4674 1418 4745 Πατὴρ
1481 4677 1578 4728 τοῦ
1656 4672 1855 4749 Κυρίου

195 4769 358 4838 ἡμῶν
395 4769 583 4836 Ἰησοῦ
617 4769 878 4840 Χριστοῦ,
923 4765 950 4818 6
983 4765 1168 4836 Πατὴρ
1213 4763 1318 4816 τῶν
1380 4761 1704 4834 οἰκτιρμῶν,
1765 4762 1856 4816 καὶ

195 4857 326 4917 Θεὸς
411 4855 596 4924 πάσης
675 4851 1101 4930 παρακλήσεως,
1185 4853 1212 4905 6
1293 4849 1621 4926 παρακαλῶν
1710 4853 1856 4921 ἡμᾶς

195 4944 285 4999 ἐπὶ
339 4946 492 5017 πάσῃ
551 4948 620 5018 τῇ
677 4943 857 5017 θλίψει
909 4945 1089 5016 ἡμῶν,
1153 4941 1226 5002 εἰς
1283 4945 1344 4993 τὸ
1405 4937 1657 5003 δύνασθαι
1713 4943 1860 5011 ἡμᾶς

195 5034 538 5106 παρακαλεῖν
626 5033 754 5096 τοὺς
808 5033 858 5087 ἐν
918 5033 1061 5107 πάσῃ
1153 5029 1362 5104 θλίψει,
1422 5027 1510 5084 διὰ
1573 5037 1672 5099 τῆς
1755 5051 1861 5084 πα-

201 5123 527 5198 ρακλήσεως
613 5123 682 5192 ἧς
763 5120 1233 5196 παρακαλούμεθα
1332 5118 1487 5174 αὐτοὶ
1583 5119 1685 5173 ὑπὸ
1765 5123 1860 5173 τοῦ

200 5219 360 5274 Θεοῦ,

278 5329 304 5355 ι(
351 5302 675 5378 Εὐλογητὸς
729 5304 757 5358 ὁ
801 5303 951 5364 Θεός.
1007 5325 1036 5352 »
1067 5301 1329 5363 Ἐνταῦθα
1387 5301 1649 5356 στατέον.
1685 5325 1705 5349 ι
1754 5299 1858 5356 Καὶ

208 5395 406 5465 Πατὴρ
446 5398 542 5448 τοῦ
577 5393 773 5467 Κυρίου
803 5394 964 5463 ἡμῶν
1034 5391 1214 5457 Ἰησοῦ
1271 5389 1522 5462 Χριστοῦ,
1587 5413 1612 5438 ››
1674 5389 1862 5460 ἹΙμῶν

216 5481 312 5551 μὲν
345 5480 447 5554 γὰρ
480 5484 631 5550 Θεὸς,
673 5485 773 5534 τοῦ
833 5477 890 5534 δὲ
947 5478 1154 5552 Κυρίου
1220 5477 1379 5549 ἡμῶν
1422 5478 1599 5545 Ἰησοῦ
1653 5480 1859 5552 Ηαττξρ.

208 5569 428 5640 Ταύτην
458 5572 557 5639 τήν
595 5568 854 5644 διαίρεσιν
884 5569 976 5623 καὶ
1008 5569 1035 5623 ὁ
1068 5567 1345 5636 Δεσπότης
1405 5568 1553 5639 ἡμᾶς
1607 5565 1859 5637 ἐδίδαξεν.

211 5658 301 5715 Ἐν
334 5659 442 5734 γὰρ
470 5665 588 5722 τοῖς
644 5661 813 5735 ἱεροῖς
871 5656 1232 5737 Εὐαγγελίοις
1291 5648 1415 5735 ἔφη,
1477 5680 1506 5708 ‹‹
1565 5656 1862 5730 Ἐεομολοε

212 5752 422 5834 γοῦμαί
447 5775 552 5828 σοι,
585 5755 782 5831 Πάτερ,
814 5752 984 5832 Κύριε
1015 5758 1112 5808 τοῦ
1144 5751 1372 5829 οὐρανοῦ
1425 5749 1516 5806 καὶ
1545 5751 1645 5822 τῇς
1677 5757 1804 5828 γῆς,
1838 5775 1858 5801 ιι

2038 4677 2082 4745 I,
2117 4679 2282 4739 3,4.“
2310 4676 2662 4732 Benedictus
2693 4677 2848 4732 Deus
2883 4682 2942 4730 et
2969 4677 3142 4730 Pater
3169 4670 3614 4729 Domininostri

1974 4784 1995 4813 ι
2019 4767 2154 4820 Jesu
2173 4765 2409 4832 Christi,
2427 4763 3152 4818 Patermisericordiarum
3169 4768 3225 4816 et
3247 4763 3400 4817 Deus
3419 4759 3614 4816 omnis

1973 4876 1993 4905 ι
2026 4854 2470 4921 consolationis,
2508 4854 2607 4924 qui
2632 4853 2975 4908 consolatur
2995 4869 3104 4908 nos
3128 4853 3190 4906 in
3218 4851 3382 4907 omni
3423 4849 3611 4908 afﬂic-

1970 4968 1996 4995 ‹‹
2033 4947 2191 5000 tione
2226 4952 2446 5011 nostra,
2476 4945 2536 4998 in
2569 4945 2677 4999 hoc
2709 4949 2774 4998 ut
2812 4944 3108 5014 possimus
3167 4959 3267 4998 eos
3317 4941 3614 4998 consolari

1971 5060 1998 5087 ‹‹
2034 5037 2132 5107 qui
2167 5041 2304 5090 sunt
2329 5035 2389 5088 in
2417 5034 2620 5106 quavis
2647 5033 2989 5096 afﬂictione,
3016 5051 3120 5105 per
3150 5031 3619 5088 consolationem

1971 5150 1998 5178 ι(
2033 5144 2150 5198 qua
2170 5127 2440 5196 nosipsos
2474 5124 2814 5181 consolatur
2844 5125 3017 5180 Deus.
3055 5146 3083 5174 »

2043 5320 2070 5349 «
2107 5297 2460 5352 Benedictus
2500 5298 2673 5351 Deus.
2711 5318 2738 5344 »
2771 5297 2888 5350 Hoc
2936 5295 3065 5350 loco
3125 5291 3469 5366 ponendum
3529 5293 3621 5344 est

1971 5390 2344 5462 hypostigma
2374 5388 2492 5442 sive
2515 5385 2956 5442 subdistinctio.
2999 5410 3025 5434 «ι
3059 5386 3128 5438 Ει
3156 5385 3329 5437 Pater
3381 5378 3614 5435 Domini

1971 5479 2155 5535 nostri
2183 5480 2316 5533 Jesu
2349 5477 2586 5532 Christi.
2621 5500 2646 5526 η
2703 5475 3004 5546 Siquidem
3062 5475 3216 5529 Deus
3256 5476 3459 5526 noster
3505 5473 3616 5538 est,

1973 5571 2075 5626 sed
2109 5568 2342 5624 Domini
2375 5567 2561 5622 nostri
2588 5568 2722 5622 Jesu
2756 5565 2971 5620 Christi
2997 5566 3186 5619 Pater.
3223 5563 3382 5616 Hanc
3423 5565 3626 5616 autem

1975 5661 2325 5727 divisionem
2355 5658 2529 5722 etiam
2555 5656 2841 5713 Dominus
2871 5671 2982 5710 nos
3040 5653 3277 5709 docuit:
3337 5651 3419 5707 ait
3462 5649 3624 5705 enim

1973 5752 2035 5808 in
2064 5751 2246 5806 sacris
2268 5747 2596 5823 Evangeliis
2630 5764 2643 5803 :
2679 5768 2707 5796 ‹‹
2739 5745 3040 5803 Conﬁteor
3070 5743 3201 5814 tibi,
3245 5743 3443 5810 Pater,
3501 5739 3623 5795 Do-
