4068 6254
465 387 577 447 θ11

1591 384 1941 449 (ECUMEN
1951 383 1999 458 ll
2041 378 2354 449 TRICCE
2395 380 2743 443 EPISCOPI

3756 388 3865 458 sis

462 519 623 574 mine
655 516 785 573 οωιί
818 521 876 573 et
904 521 1077 572 terras
1099 517 1186 586 ³,»
1218 517 1528 574 manifeste
1550 518 1771 575 docens
1793 516 1953 589 quod
1966 532 2110 573 suus

2224 517 2408 584 σαφῶς
2467 509 2758 581 διδάσκων,
2820 512 2894 577 ὡς
2949 512 3115 575 αὐτοῦ
3193 511 3288 589 μέν
3333 513 3444 570 ἐστι
3508 516 3728 588 Πατήρ,
3779 518 3869 583 τῆς

466 607 708 680 quidem
736 606 812 661 sit
831 606 1023 668 Pater,
1042 614 1329 662 creaturae
1350 624 1484 663 vero
1517 608 1704 664 factor
1724 625 1789 663 ac
1807 607 2113 662 Dominus.

464 697 666 752 Priore
689 696 929 767 quidem
962 697 1223 767 Epistola
1253 699 1688 769 promiseratse
1720 698 2118 769 adipsosven-

467 794 691 853 turum,
742 787 845 842 sed
876 787 1211 858 prohibitus
1269 795 1359 843 est
1407 788 1636 861 magnis
1689 785 2118 843 afﬂictionibus

463 877 659 949 ipsum
691 877 1174 948 corripientibus.
1227 878 1381 933 Scite
1439 879 1618 951 igitur
1646 878 1857 947 incipit
1903 891 2114 947 purga-

462 966 644 1022 tionis
675 966 903 1020 semina
926 968 1148 1036 jacere.
1184 989 1212 1017 ιι
1263 967 1489 1022 Gratias
1542 982 1671 1039 ago,
1731 965 1946 1036 inquit,
1998 965 2115 1018 Deo

463 1054 623 1127 quod
646 1071 751 1109 nos
775 1056 1114 1111 consolatus
1131 1056 1206 1110 sit
1225 1055 1284 1111 in
1315 1057 1476 1112 omni
1509 1056 1832 1112 afﬂictione
1855 1060 2115 1123 nostra.»

462 1174 530 1185 —
551 1165 576 1196 α
612 1144 786 1199 Pater
808 1145 1371 1200 misericordiarum.
1396 1168 1425 1195 »
1454 1145 1652 1201 Sancti
1684 1145 1742 1199 id
1775 1144 2115 1213 habentpro

464 1250 628 1289 more
655 1234 835 1288 Deum
856 1250 924 1289 ex
956 1235 1215 1305 acceptis
1233 1234 1540 1290 beneficiis
1557 1235 1877 1313 appellare.
1896 1230 2115 1289 lnbelli

466 1324 708 1394 quidem
742 1324 1024 1379 victoria:
1054 1350 1078 1372 ιι
1113 1324 1357 1395 Diligam
1394 1331 1470 1388 te.
1532 1325 1801 1391 Domine,
1833 1321 2115 1381 fortitudo

464 1414 660 1469 mea‘.
689 1414 932 1479 Quando
964 1420 1161 1469 autem
1194 1430 1228 1469 a
1259 1416 1474 1470 mentis
1506 1415 1757 1485 caligine
1780 1430 1847 1469 ac
1878 1412 2116 1467 obtene-

460 1500 734 1558 bratione
774 1503 1059 1559 liberatus
1115 1509 1206 1559 est
1264 1520 1278 1559 :
1331 1525 1361 1555 «
1419 1504 1706 1560 Dominus
1758 1501 2114 1558 illuminatio

462 1608 596 1647 mea
621 1591 665 1648 ⁵.
701 1613 728 1641 ››
761 1593 927 1647 Nunc
959 1610 1093 1649 vero
1124 1594 1307 1648 Deum
1333 1593 1879 1649 misericordiarum
1903 1597 2112 1646 etcono

462 1680 772 1737 solationis
794 1682 1086 1736 nominat.
1111 1681 1434 1737 Considera
1464 1699 1599 1737 vero
1618 1698 1797 1753 quam
1817 1695 1945 1736 sese
1963 1678 2112 1733 divi-

460 1786 573 1826 nus
606 1771 700 1826 hic
716 1771 936 1827 Paulus
958 1770 1248 1826 demittat.
1267 1771 1572 1827 Liberatus
1591 1771 1664 1826 ab
1689 1768 2114 1825 afflictionibus

463 1876 594 1931 qum
632 1866 877 1932 propter
906 1861 1395 1933 praedicationem
1454 1863 1945 1932 supervenerant,
1989 1873 2110 1911 non

464 1947 608 2003 dicit
638 1966 700 2005 se
730 1949 1048 2004 liberatum
1072 1949 1230 2020 quod
1263 1949 1479 2021 dignus
1512 1950 1711 2013 fuerit,
1746 1948 1850 2005 sed
1872 1964 1978 2019 per
1998 1947 2108 2003 mi-

464 2038 821 2093 sericordias
851 2039 1398 2094 acmiserationem.
1417 2040 1557 2105 «Qui
1587 2040 1930 2094 consolatur
1942 2054 2108 2094 nos.»

462 2128 590 2180 Non
620 2126 902 2193 dixit,Qui
929 2143 1049 2181 non
1084 2127 1374 2198 permittit
1399 2145 1507 2183 nos
1538 2128 1718 2201 affligi
1750 2128 1935 2199 (novit
1951 2125 2110 2181 enim

462 2214 643 2269 utiles
683 2231 810 2270 esse
841 2215 1409 2285 afﬂictiones),sed.«
1441 2218 1549 2283 Qui
1582 2217 1922 2273 consolatur
1942 2233 2109 2272 nos.»

463 2302 678 2358 Dicens
700 2310 919 2367 autem,
946 2326 974 2354 ‹‹
1013 2307 1074 2359 In
1106 2305 1269 2360 omni
1312 2304 1654 2375 afﬂictione,
1680 2328 1709 2357 ››
1740 2306 2037 2379 signiﬁcat
2054 2309 2114 2361 et

462 2396 775 2452 continuas
800 2397 1155 2453 afﬂictiones
1187 2404 1246 2452 et.
1294 2398 1608 2453 continuas
1650 2397 2109 2454 consolationes.

462 2505 490 2535 ι(
514 2485 578 2540 In
613 2485 724 2540 hoc
755 2492 821 2542 ut
849 2486 1147 2558 possimus
1169 2504 1271 2542 eos
1305 2487 1623 2544 consolari.
1662 2509 1689 2536 ››
1718 2487 1859 2543 Vide
1916 2484 2113 2542 excel-

457 2575 677 2632 lentem
711 2577 891 2632 animi
926 2578 1278 2634 modestiam
1305 2597 1317 2634 :
1348 2581 1471 2633 Non
1494 2578 2113 2651 accepit,inquit,con-

462 2666 816 2725 solationem
844 2667 998 2739 quod
1035 2668 1448 2725 consolatione
1500 2668 1712 2741 dignus
1762 2684 1976 2732 essem,
2011 2665 2114 2721 sed

459 2760 525 2810 ut
552 2757 824 2828 exemplo
856 2758 1285 2813 consolationis
1310 2774 1442 2828 quas
1476 2774 1615 2828 erga
1643 2774 1736 2812 me
1768 2757 2113 2823 factaesset,

460 2861 695 2918 possem
729 2851 789 2900 et
816 2845 966 2902 alios
998 2846 1561 2917 consolariquisunt
1581 2847 1642 2902 in
1665 2845 2111 2903 afﬂictionibus.

458 2935 663 3006 Itaque
694 2941 936 3006 propter
957 2935 1211 2991 aliorum
1243 2935 1716 3003 utilitatem,non
1741 2941 1983 3007 prapter
1998 2951 2112 3001 me,

458 3023 937 3081 fuitconsolatio.
970 3027 1108 3089 Aut.
1141 3024 1503 3094 Consolatio,
1533 3025 1748 3097 inquit,
1766 3042 1897 3097 quas
1928 3025 1989 3080 in
2019 3041 2116 3083 me

458 3110 616 3167 facta
647 3118 755 3173 est.
789 3111 863 3167 ad
894 3112 1322 3169 consolandum
1358 3112 1537 3168 simul
1568 3118 1627 3169 et
1656 3112 1806 3169 alios
1850 3111 1982 3181 fuit,
2014 3128 2115 3169 eos

460 3218 676 3273 nempe
708 3203 808 3274 qui
832 3202 906 3259 ob
936 3220 1100 3260 meas
1131 3203 1412 3260 dolebant
1449 3203 1826 3261 afﬂictiones.

530 3293 686 3349 598
718 3295 763 3360 l,
793 3296 912 3348 5-7.
936 3316 963 3344 ι(
988 3294 1277 3358 Quoniam
1310 3295 1464 3351 sicut
1493 3294 1798 3352 abundant
1841 3294 2113 3351 afﬂictio-
2140 3275 2184 3343 (ἶ

461 3405 488 3432 ‹‹
513 3396 621 3435 nes
641 3381 855 3436 Christi
874 3383 936 3436 in
982 3383 1201 3448 nos,ita
1247 3399 1354 3454 per
1398 3383 1701 3439 Christum
1743 3383 2009 3440 abundat
2055 3388 2115 3439 et

463 3490 491 3521 ι(
507 3468 835 3525 consolatio
864 3470 1227 3526 nostra.Sive
1251 3477 1449 3526 autem
1469 3471 1810 3544 afﬂigimur,
1833 3472 1896 3527 id
1919 3474 1985 3527 fit
2005 3489 2112 3544 pro

460 3580 489 3609 ‹‹
511 3558 689 3614 vestri
721 3558 1132 3616 exhortatione
1149 3576 1216 3617 ac
1248 3560 1459 3626 salute,
1503 3577 1635 3631 qua;
1667 3560 1923 3617 efﬂcitur
1943 3562 2008 3617 in
2022 3567 2114 3618 to-

460 3671 487 3700 ‹‹
511 3648 768 3705 lerantia
797 3648 1140 3705 earumdem
1172 3649 1586 3713 afﬂictionum,
1613 3668 1760 3722 quas
1792 3657 1851 3707 et
1875 3668 1983 3707 nos
2008 3668 2113 3724 pa-

459 3763 486 3792 ‹‹
520 3741 791 3809 timur,et
810 3757 945 3813 spes
976 3748 1181 3798 nostra
1209 3741 1381 3796 ﬁrma
1402 3748 1492 3797 est
1516 3759 1621 3813 pro
1640 3742 1808 3797 vobis
1836 3742 1962 3797 Sive
1978 3760 2114 3799 con-

459 3854 486 3882 ‹‹
511 3832 863 3888 solationem
886 3832 1298 3903 accipimus,id
1314 3832 1496 3903 ﬁtpro
1513 3833 1688 3888 vestri
1704 3832 2110 3889 consolatione

460 3943 487 3973 ι(
519 3938 588 3978 ac
603 3923 793 3978 salute
820 3939 833 3977 :
867 3938 1002 3978 cum
1034 3921 1293 3978 sciamus
1317 3922 1475 3993 quod
1498 3923 1652 3979 sicut
1675 3923 1993 3995 participes
2020 3940 2109 3979 es-

458 4011 583 4067 «tis
604 4011 1018 4081 afﬂictionum,
1049 4012 1134 4068 sic
1155 4012 1335 4069 futuri
1359 4013 1491 4069 sitis
1516 4020 1576 4069 et
1599 4013 2045 4070 consolationis.
2080 4034 2109 4065 »

527 4183 610 4239 Ne
643 4181 745 4254 qui
777 4182 1119 4241 existiment
1147 4184 1265 4240 Deo
1294 4199 1415 4239 non
1447 4200 1577 4240 esse
1609 4200 1765 4241 cura:
1783 4184 2108 4256 apostolos,

458 4289 527 4330 eo
560 4271 720 4344 quod
740 4273 1053 4329 continuas
1066 4272 1400 4329 sustineant
1429 4272 1940 4340 afﬂictiones,vide
1962 4290 2108 4345 quo-

455 4363 631 4420 modo
662 4379 788 4419 rem
812 4361 1320 4431 extollat.Christi,
1352 4362 1567 4432 inquit.
1598 4369 1738 4419 sunt
1756 4362 2111 4419 afﬂictiones

456 4469 523 4511 ac
553 4453 923 4511 calamitates
949 4468 1096 4523 quas
1121 4468 1229 4508 nos
1248 4451 1612 4509 sustinemus
1638 4452 1759 4509 :haa
1773 4468 1914 4508 sane
1929 4452 2108 4508 etiam

456 4543 766 4600 abundant
794 4543 855 4599 in
888 4541 1083 4609 nobis,
1116 4557 1184 4596 ac
1216 4541 1264 4596 si
1297 4539 1521 4596 diceret
1545 4556 1556 4596 :
1579 4542 1704 4596 Non
1753 4541 1946 4597 solum
1976 4558 2108 4613 quas

2224 599 2281 658 δὲ
2310 603 2535 666 κτίσεως
2568 604 2811 675 Ποιητής
2864 604 2953 658 καὶ
3010 604 3306 675 Δεσπότης.
3370 605 3869 680 Ἐπαγγειλὰμενος

2227 694 2321 765 μὲν
2354 694 2420 763 ἦν
2454 692 2507 748 ἐν
2536 696 2606 765 τῇ
2630 693 2821 770 πρώτῃ
2856 694 3157 768 Ἐπιστολῇ
3212 695 3423 751 ἀπιὲναι
3462 696 3616 772 πρὸς
3668 697 3868 767 αὖτοὺς,

2223 782 2351 837 ἀΛΑ’
2417 782 2669 855 ἐκωλύθη
2717 788 3039 860 πειρασμῶν
3094 785 3345 861 μεγάλων
3413 785 3585 841 αὐτὸν
3645 785 3872 841 καταλα-

2223 867 2452 930 ϐόντων.
2511 880 2776 953 Ἀρχεται
2835 875 2927 929 οὖν
2979 875 3188 953 εὐφυῶς
3243 871 3622 931 καταϐάλλειν
3679 876 3872 933 ἀπολο-

2221 962 2340 1035 γίας
2387 961 2687 1038 σπέρματα.
2748 989 2776 1017 ‹‹
2842 964 3165 1040 Εὖχαριστὼ
3223 966 3351 1039 γὰρ,
3407 967 3573 1045 φησί.
3640 970 3723 1037 τῷ
3776 969 3875 1036 θεῷ

2223 1051 2305 1106 ὅτι
2338 1052 2700 1126 παρεκάλεσεν
2728 1055 2877 1127 ἡμᾶς
2934 1054 2986 1110 ἐν
3053 1053 3199 1129 πάσῃ
3256 1058 3328 1128 τῇ
3387 1054 3583 1128 θλίψει
3641 1055 3873 1126 ἡμῶν..

2224 1167 2251 1193 (ι
2282 1144 2340 1199 Ὀ
2374 1144 2559 1217 Πατήρ
2599 1147 2707 1198 τῶν
2741 1142 3067 1217 οἰκτιρμῶν.
3107 1170 3126 1194 ι
3185 1149 3349 1207 "Leo:
3402 1149 3524 1205 τοῖς
3589 1144 3775 1218 ἁγίοις
3826 1142 3876 1198 ἐκ

2220 1234 2328 1285 τῶν
2385 1230 2461 1293 εἷς
2517 1231 2714 1295 αὐτοὺς
2776 1232 3095 1310 εὐεργεσιῶν
3177 1231 3462 1307 ὀνομάζειν
3555 1232 3660 1287 τὸν
3743 1230 3875 1291 Θεὸν.

2224 1321 2346 1376 Ἐπὶ
2379 1321 2475 1394 μὶν
2515 1322 2674 1393 νίκης
2731 1320 3014 1396 πολέμων·
3076 1347 3105 1374 ι(
3165 1323 3465 1399 Ἀγαπήσω
3526 1342 3619 1390 σε,
3706 1322 3876 1396 Κύριε,

2220 1412 2255 1480 ἡ
2290 1409 2449 1485 ἰσχύς
2491 1433 2617 1483 μου.
2652 1436 2680 1463 ››
2709 1414 2877 1469 ’Ὅταν
2911 1410 2968 1466 δὲ
3027 1411 3194 1492 ζόφου
3249 1412 3338 1466 καὶ
3399 1412 3744 1473 σκοτώσεως
3793 1413 3877 1465 νοῦ

2222 1499 2497 1576 λυτρωθῇ.
2529 1526 2559 1554 ‹‹
2593 1501 2793 1576 Κύριος
2847 1503 3129 1582 φωτισμός
3178 1522 3304 1575 μου.
3367 1525 3395 1554 ιο
3458 1505 3575 1555 Νῦν
3643 1499 3706 1556 δὲ
3760 1501 3875 1555 Θεὸν

2222 1590 2520 1665 οἰκτιρμῶν
2561 1591 2653 1646 καὶ
2709 1589 3108 1664 παρακλήσεως
3166 1590 3444 1665 ὀνομάζει.
3502 1598 3657 1667 Ὅρα
3717 1588 3774 1646 δὲ
3823 1590 3878 1645 τὸ

2220 1680 2470 1737 ταπεινὸν
2497 1685 2595 1736 τοῦ
2627 1682 2785 1757 ἁγίου
2845 1685 3068 1739 τούτου.
3129 1681 3439 1757 Λυτρωθεῖς
3491 1686 3614 1736 τῶν
3683 1678 3773 1735 διὰ
3827 1681 3879 1734 τὸ

2220 1772 2482 1847 κήρυγμα
2513 1776 2852 1846 πειρασμῶν,
2893 1771 2955 1826 οὐ
3015 1769 3167 1846 λέγει
3222 1773 3305 1826 ὅτι
3365 1770 3482 1826 κατ’
3543 1770 3709 1841 ἀξίαν
3770 1769 3879 1824 ἐλυ-

2218 1862 2461 1936 τρώϐην,
2493 1858 2640 1916 ἀλλά
2668 1862 2785 1916 κατ’
2814 1860 3137 1936 οίκτιρμοῦς
3169 1861 3262 1915 καὶ
3305 1860 3481 1917 ἔλεον.
3520 1885 3551 1912 α
3624 1861 3691 1918 Ὁ
3722 1879 3876 1934 παρα-

2220 1951 2404 2009 καλῶν
2437 1952 2606 2023 ἡμᾶς.
2659 1974 2685 2002 ι)
2742 1950 2863 2011 Οὐκ
2920 1950 3089 2015 εἶπεν,
3135 1950 3198 2008 Ὁ
3258 1951 3333 2023 μή
3389 1948 3491 2005 ἐῶν
3556 1952 3723 2022 ἡμᾶς
3767 1951 3880 2003 0).:-

2221 2034 2379 2108 ϐῆναι
2428 2036 2594 2112 (οἶδε
2637 2038 2739 2115 γὰρ
2784 2040 2879 2101 τὰς
2966 2038 3183 2113 θλίψεις
3238 2040 3677 2117 συμφερούσας),
3740 2035 3875 2106 ἀλλ’,

2221 2153 2252 2183 ιι
2280 2130 2342 2188 Ὀ
2371 2128 2726 2204 παρακαλῶν.
2760 2153 2789 2183 ›)
2818 2129 3001 2187 Εῗπὼν
3032 2126 3112 2198 δὲ,
3163 2155 3191 2183 κ
3247 2132 3333 2186 Ἐν
3401 2128 3549 2201 πάσῃ
3606 2127 3819 2202 θλίψει,
3848 2152 3870 2177 υ

2223 2216 2390 2289 8ηλοῖ
2417 2220 2505 2275 καὶ
2540 2225 2784 2295 συνεχεῖς
2834 2217 3069 2293 θλίψεις,
3126 2221 3217 2274 καὶ
3275 2225 3522 2298 συνεχεῖς
3587 2217 3874 2294 παρακλή-

2223 2330 2356 2373 σεις.
2391 2335 2419 2363 ‹‹
2452 2309 2545 2374 Εἰς
2580 2311 2643 2365 τὸ
2701 2308 2953 2365 δύνασθαι
3010 2312 3157 2383 ἡμᾶς
3223 2310 3589 2383 παρακαλεῖν.
3664 2334 3695 2360 »ι
3752 2310 3874 2383 Ὅρα

2219 2399 2716 2479 ταπεινοφροσύνης
2750 2394 3086 2475 ὑπερϐολήν.
3147 2400 3223 2454 Οὐ
3280 2397 3664 2473 παρεκλήθην,
3726 2397 3868 2475 φησί,

2223 2487 2312 2545 διὰ
2341 2491 2406 2545 τὸ
2428 2489 2567 2544 εἶναί
2599 2510 2667 2563 με
2697 2486 2843 2560 ἄξιον
2892 2486 3311 2564 παρακλήσεως,
3352 2486 3481 2544 ἀλλ’
3533 2486 3633 2543 ’ἱνα
3672 2487 3733 2543 ἐκ
3782 2489 3869 2542 τοῦ

2227 2576 2630 2656 ὑποδείγμχτος
2701 2584 2801 2648 τῆς
2859 2578 2937 2641 εἰς
3011 2576 3110 2651 ἐμὲ
3191 2579 3620 2654 παρακλήσεως,
3679 2574 3871 2635 ἄλλους

2223 2667 2383 2730 ὄντας
2413 2666 2467 2724 ἐν
2518 2673 2848 2744 πειρασμοῖς
2901 2664 3117 2739 δυνηθῶ
3174 2665 3532 2743 παρακαλεῖν.
3571 2669 3731 2722 Ὥστε
3782 2662 3863 2720 διὰ

2220 2759 2319 2827 τήν
2349 2763 2457 2815 τῶν
2497 2755 2686 2814 ἄλλων
2716 2754 3004 2837 ὠφέλειαν,
3039 2756 3102 2812 οὐ
3135 2754 3203 2812 δι’
3256 2756 3354 2830 ἐμὲ
3409 2759 3444 2827 ἡ
3507 2756 3851 2827 παράκλησις.

2220 2849 2289 2906 Ἳ·Ι
2322 2847 2430 2915 ὅτι,
2461 2850 2522 2905 Ἡ
2566 2848 2640 2911 εἷς
2698 2846 2817 2923 ἇμὶ,
2877 2846 3033 2925 φησὶ,
3092 2845 3461 2921 παράκλησις,
3516 2845 3601 2900 καὶ
3653 2841 3845 2903 ἄλλους

2224 2935 2663 3015 συμπαρακαλεῖ,
2693 2937 2820 3000 τοὺς
2861 2938 2979 2992 οἷον
3012 2934 3339 3016 ἀλγοῦντας,
3398 2937 3482 2991 ἐπὶ
3527 2940 3631 2995 ταῖς
3678 2931 3824 3004 ἐμαῖς

2223 3025 2490 3103 θλίψεσιν.

2291 3290 2417 3348 Ὅτι
2515 3289 2696 3353 καθὼς
2799 3289 3102 3364 περισσεύει
3208 3290 3276 3345 τὰ
3378 3292 3677 3362 παθήματα
3770 3282 3856 3340 τοῦ

2218 3379 2450 3455 Χριστοῦ
2507 3378 2583 3441 εἰς
2667 3381 2839 3453 ἡμᾶς,
2903 3377 3079 3441 οὕτως
3135 3376 3225 3434 διὰ
3278 3382 3376 3433 τοῦ
3451 3380 3702 3453 Χριστοῦ
3771 3395 3860 3431 πε-

2219 3469 2453 3543 ρισσεύει
2510 3467 2604 3525 καὶ
2662 3471 2698 3538 ἡ
2746 3467 3095 3543 παράκλησις
3150 3472 3337 3542 ἡμῶν.
3405 3468 3532 3526 Εἴτε
3578 3465 3642 3522 δὲ
3680 3460 3863 3531 θλιϐό⁴⁵

2222 3562 2379 3633 μεθα,
2430 3558 2562 3632 ὑπὶρ
2620 3560 2719 3628 τῆς
2779 3558 2933 3632 ὑμῶν
3020 3555 3422 3635 παρακλήσεως
3509 3556 3602 3612 καὶ
3696 3576 3868 3624 σωτη-

2220 3649 2335 3725 ρίας
2386 3655 2486 3717 τῆς
2567 3645 2968 3726 ἐνεργουμένης
3024 3647 3077 3702 ὲν
3138 3648 3388 3721 ὑπομονῇ
3489 3650 3598 3701 τῶν
3708 3646 3869 3701 αὐτῶν

2216 3738 2582 3811 παθημάτων,
2641 3738 2714 3792 ὧν
2771 3736 2864 3793 καὶ
2920 3739 3084 3811 ἡμεῖς
3138 3737 3449 3812 πάσχομεν,
3498 3734 3589 3791 καὶ
3620 3737 3662 3804 ἡ
3723 3732 3871 3794 ἐλπὶς

2217 3829 2377 3901 ἡμῶν
2415 3821 2606 3904 βεϐαία
2637 3826 2769 3902 ὑπὲρ
2804 3827 2979 3901 ὑμῶν.
3015 3824 3141 3883 Εῗτε
3190 3823 3683 3901 παρακαλοῦμεθα,
3748 3823 3872 3897 ὑπὲρ

2215 3925 2315 3987 τῆς
2383 3918 2536 3992 ὑμῶν
2590 3915 2999 3991 παρακλήσεως
3052 3914 3145 3971 καί
3184 3914 3484 3987 σωτηρίας,
3534 3910 3749 3977 εἰδότες
3796 3914 3875 3968 ὅτι

2219 4004 2397 4079 ὥσπερ
2425 4002 2683 4058 κοινωνοί
2716 3999 2837 4063 ἐστε
2862 4005 2968 4057 τῶν
2998 4000 3372 4074 παθημάτων,
3404 3999 3577 4063 οὕτως
3625 4001 3727 4055 καὶ
3775 4004 3869 4069 τῆς

2215 4115 2285 4150 πο
2295 4091 2469 4169 ρακλτς
2479 4113 2632 4155 σεως.

2286 4184 2401 4240 Ἵνα
2454 4182 2530 4254 μή
2593 4177 2790 4252 δόξωσί
2837 4200 2978 4242 τινες
3036 4179 3232 4235 ὡσανεὶ
3285 4180 3361 4253 μή
3425 4179 3869 4256 φροντιζομένων

2215 4277 2323 4328 τῶν
2406 4269 2754 4340 ἀποστόλων,
2802 4271 2951 4345 ποιρὰ
3008 4267 3144 4326 Θεοῦ
3222 4270 3470 4344 γίνεσθαι
3529 4269 3720 4333 αὐτοῖς
3777 4268 3872 4331 τὰς

2217 4366 2464 4436 συνεχεῖς
2496 4359 2736 4436 θλῗψεις,
2832 4358 2932 4435 ὅρα
3024 4364 3140 4421 πῶς
3216 4358 3411 4435 ἐξαίρει
3483 4359 3549 4415 τὸ
3621 4366 3866 4435 πρᾶγμα,

2217 4450 2417 4530 λέγων’
2453 4453 2566 4508 Τοῦ
2595 4453 2831 4527 Χριστοῦ
2872 4449 3006 4505 εἶσιν
3063 4450 3120 4504 αἱ
3169 4449 3385 4525 θλίψεις
3441 4450 3535 4505 καὶ
3556 4450 3621 4504 τὰ
3691 4448 3869 4517 παθή-

2221 4562 2382 4616 ματα,
2413 4541 2447 4595 ’ἀ
2475 4542 2639 4614 ἡμεῖς
2676 4538 3041 4614 ὑπομένομεν.
3096 4537 3262 4597 Αὗται
3322 4535 3483 4609 δῆται
3530 4539 3621 4594 καὶ
3680 4557 3856 4614 περισο

454 4648 665 4705 passus
695 4637 787 4688 est
815 4631 1083 4688 Christus
1124 4629 1404 4702 patimur,
1465 4629 1570 4686 sed
1626 4634 1685 4685 et
1737 4629 1930 4702 plura.
1989 4631 2107 4687 Hoc

2222 4629 2565 4695 σεύουσινεῖς
2613 4631 2784 4703 ἡμᾶς,
2833 4628 2961 4684 ὡσεὶ
3014 4627 3217 4704 ἔλεγεν·
3273 4628 3394 4703 Οὐχ
3451 4629 3550 4684 ’ὀσα
3607 4628 3856 4690 πέπονθεν

456 4724 634 4781 etiam
665 4724 812 4780 dicit
840 4724 981 4779 alibi
1010 4741 1024 4779 :
1063 4745 1090 4777 ι
1118 4724 1188 4780 Et
1216 4721 1462 4794 suppleo
1498 4739 1628 4793 quas
1660 4722 1909 4779 deerant
1955 4723 2105 4779 afﬂi-

454 4813 722 4869 ctionum
753 4812 967 4868 Christi
998 4814 1083 4866 ⁸.»
1114 4812 1373 4884 Idipsum
1409 4828 1643 4883 quoque
1677 4828 1782 4884 per
1802 4830 1864 4867 se
1882 4812 2106 4884 absque

456 4902 786 4958 divinaalia
816 4902 1396 4963 consolatione,satis
1416 4907 1505 4956 est
1518 4900 1591 4956 ad
1610 4902 2104 4973 consolationem,

454 4995 607 5052 scire
631 4994 848 5052 Christi
883 5011 1010 5050 esse
1039 4993 1395 5051 afﬂictiones
1426 5010 1575 5064 quas
1636 4994 1747 5065 ipsi
1800 4996 2107 5066 patiuntur

457 5088 634 5141 etiam
660 5085 707 5140 si
743 5100 862 5139 non
892 5083 1145 5139 addatur
1175 5082 1334 5155 quod
1366 5082 1691 5139 consolatio
1726 5083 1941 5139 Christi
1964 5100 2104 5139 exu-

452 5173 621 5231 beret
651 5190 789 5247 erga
819 5173 999 5245 ipsos,
1032 5188 1163 5244 quae
1214 5171 1559 5227 occasiones
1583 5170 1802 5226 laetitiae
1834 5172 1980 5244 ipsis
2002 5172 2108 5227 im-

449 5267 666 5334 mittat,
700 5282 769 5321 ac
798 5264 846 5321 si
870 5261 1064 5319 dicat:
1096 5260 1483 5317 Abundantes
1528 5267 1666 5318 sunt
1722 5262 2104 5330 afﬂictiones,

451 5356 558 5412 sed
588 5355 775 5423 multo
809 5353 994 5428 magis
1040 5350 1392 5409 consolatio.
1435 5372 1464 5401 ‹‹
1509 5354 1594 5407 Ita
1651 5368 1757 5423 per
1804 5352 2104 5407 Christum

448 5445 714 5503 abundat
742 5442 1151 5501 etconsolatio
1184 5446 1408 5507 nostra.
1442 5461 1471 5491 »
1510 5439 1833 5498 Abundant
1864 5440 2103 5513 quidem

444 5532 508 5590 in
537 5533 710 5602 nobis
731 5534 835 5603 ait,
867 5531 1226 5591 tentationes
1258 5534 1316 5586 et
1345 5528 1721 5598 afﬂictiones,
1757 5529 1862 5587 sed
1892 5530 2105 5603 etplus

514 5713 536 5748 ³
567 5708 770 5768 Matth.
802 5725 882 5778 ιι,
912 5706 1003 5763 23.
1037 5704 1060 5741 ⁴
1088 5703 1243 5763 Psal.
1273 5717 1404 5773 xvn,
1440 5704 1494 5759 2.
1519 5700 1544 5737 ⁵
1578 5703 1734 5761 Psal.
1770 5720 1920 5773 xxvr,
1952 5705 2003 5762 1.

2217 4722 2245 4776 ὁ
2276 4720 2527 4795 Χριστὸς,
2576 4721 2883 4799 πάσχομεν,
2940 4717 3088 4774 ἀλλᾶ
3132 4718 3223 4774 καὶ
3280 4716 3479 4773 πλείω.
3546 4722 3718 4775 Τοῦτο
3772 4712 3855 4771 καὶ

2217 4807 2471 4884 ἀλλαχοῦ
2500 4828 2652 4888 φησισ
2684 4834 2710 4860 ‹‹
2745 4808 2847 4865 Καὶ
2893 4804 3195 4884 ἀναπληρῶ
3251 4806 3317 4861 τὰ
3368 4807 3714 4880 ὑστερήματα
3766 4805 3855 4859 τοῦ

2217 4900 2476 4971 Χριστοῦ.
2512 4924 2533 4952 ι
2565 4899 2738 4951 Τοῦτο
2769 4895 2859 4950 καὶ
2889 4894 3019 4950 αὖτὸ
3066 4897 3186 4960 καθ’
3226 4895 3384 4950 ἑαυτὸ
3442 4891 3567 4949 ἄνευ
3626 4902 3724 4962 τῆς
3757 4892 3859 4948 ἀπὸ

2217 4991 2351 5042 Θεοῦ
2392 4984 2792 5059 παρακλήσεως
2826 4986 2982 5058 ἀρκεῖ
3010 4985 3087 5045 εἰς
3137 4983 3503 5060 παραμυθίαν,
3559 4986 3621 5039 τὸ
3673 4982 3859 5038 εἰδέναι

2217 5076 2301 5131 ὅτι
2327 5080 2423 5131 τοῦ
2457 5076 2696 5150 Χριστοῦ
2730 5075 2966 5150 ὑπάρχει
2994 5075 3058 5129 τί
3091 5074 3236 5144 πάοη
3284 5072 3320 5129 ἅ
3372 5073 3530 5129 αὐτοὶ
3571 5077 3859 5148 πάσχουσι,

2221 5168 2295 5240 μὴ
2357 5164 2438 5220 ὅτι
2490 5164 2580 5219 καὶ
2632 5164 2979 5238 παράκλησις
3034 5167 3130 5218 τοῦ
3186 5167 3422 5239 Χριστοῦ
3481 5163 3861 5236 περισσεῦουσα

2216 5255 2283 5324 ἦν
2313 5252 2390 5316 εἷς
2420 5252 2635 5323 αὐτοὺς,
2686 5252 2945 5327 εὐθυμίας
2984 5253 3171 5317 αὐτοῖς
3232 5253 3483 5330 ἀφορμὰς
3536 5252 3854 5325 ἐμποιοῦσα,

2215 5344 2347 5399 ὡσιὶ
2386 5340 2562 5419 ἔλεγε*
2596 5343 2854 5419 Ηερισσαὶ
2909 5344 3004 5412 μὲν
3068 5343 3122 5398 αἱ
3165 5341 3405 5419 θλίψεις,
3461 5341 3606 5400 ἀλλὰ
3658 5340 3856 5413 πολλῷ

2214 5434 2406 5492 πλεῖον
2452 5436 2488 5506 ἡ
2531 5431 2897 5510 παράκλησις.
2960 5459 2989 5490 ιι
3056 5432 3246 5497 Οὕτως
3313 5430 3402 5490 διὰ
3468 5438 3564 5491 τοῦ
3620 5433 3852 5509 Χριστοῦ

2216 5524 2522 5602 περισσεύει
2565 5523 2721 5595 καὶή
2770 5524 3119 5603 παράκλησις
3177 5525 3360 5601 ἡμῶν.
3391 5548 3419 5576 ››
3477 5521 3851 5603 Περισσεύουσι
