4068 6254
199 333 346 396 913

1187 331 1602 395 COMMENT.
1651 333 1730 394 IN
1773 331 2020 393 EPIST.
2066 334 2120 394 ll
2167 331 2279 393 AD
2324 333 2697 395 CORINTH.

3528 341 3646 400 9M

214 469 356 542 μὲν,
416 466 604 545 φησὶν,
662 465 715 522 ἒν
774 468 910 540 ἡμῖν
967 467 1021 523 οἳ
1079 466 1375 543 πειρασμοῖ
1405 469 1497 523 καὶ
1540 470 1596 524 αἱ
1647 465 1887 542 θλίψεις,

2003 487 2180 543 quam
2240 473 2351 541 hae,
2403 472 2709 528 abundant
2763 473 3219 532 consolationes.
3263 477 3385 543 Quo
3418 483 3588 550 pacto
3617 479 3647 535 ’ἔ

208 555 379 612 ἀλλὰ
436 557 523 611 καὶ
580 556 787 611 τούτων
848 552 927 611 ἔτι
983 555 1197 630 μᾶλλον
1256 557 1748 632 περισσεύουσιναὶ
1780 577 1886 611 πα-

208 644 549 721 ρακλήσεις·
611 651 777 713 πῶς;
835 647 919 701 ὅτι
978 646 1040 700 οὗ
1102 646 1262 719 μόνον
1325 645 1730 717 διασκεδαζουσι
1787 646 1883 708 τὰς

205 737 467 810 Θλὲψεις,
545 735 690 790 ἀλλὰ
765 737 852 790 καὶ
946 737 1157 812 χαίρειν
1230 740 1717 813 παρασκευάζουσι,
1793 737 1882 791 καὶ

205 828 517 903 στεφάνους
575 826 664 881 καὶ
727 822 952 902 βραϐεἷα
1008 830 1377 901 προξενοῦσιν.
1437 828 1515 884 υὺ
1573 830 1708 882 κατὰ
1758 828 1884 882 ἀνα-

207 914 444 989 λογίαν,
502 920 656 991 μησὶ,
744 921 850 971 τῶν
924 915 1160 989 θλίψεων
1221 919 1257 986 ἡ
1311 916 1678 992 παρακλησις,
1738 916 1884 972 ἀλλᾶ

205 1005 428 1078 πολλῷ
483 1011 701 1077 μείζων.
756 1006 1066 1079 Περισσεῦει
1110 1006 1236 1082 γὰρ,
1290 1008 1476 1085 φησῖν,
1526 1010 1560 1075 ἡ
1593 1006 1881 1080 παράκλη-

212 1119 332 1159 σις.
371 1121 399 1149 ‹‹
436 1097 557 1152 Ε’ἷτε
591 1092 913 1169 θλιϐόμεθα,
974 1097 1157 1174 φησῗν,
1221 1098 1353 1171 ὑπὲρ
1410 1102 1509 1164 τῆς
1573 1098 1723 1171 ὑμῶν
1777 1118 1881 1151 σω-

208 1186 421 1257 τηρίας
479 1186 569 1239 καὶ
626 1185 1027 1260 παρακλήσεως
1111 1184 1431 1258 θλιϐόμεθα.
1487 1211 1515 1238 ››
1575 1192 1738 1255 ῐΙῶς;
1799 1187 1885 1241 ὅτι

215 1274 351 1345 ἐξῆν
386 1278 524 1346 ἡμῖν
579 1275 980 1349 ἀπαγορεύσασι
1039 1276 1101 1331 τὸ
1156 1276 1470 1350 κηρύσσειν,
1526 1275 1580 1332 ἐν
1610 1274 1764 1345 ἀδείᾳ
1793 1276 1884 1331 καὶ

216 1363 499 1440 ἀσφαλείᾳ
559 1364 713 1420 εἶναι.
773 1362 949 1419 Ἀλλᾶ
1010 1363 1224 1439 μᾶλλον
1272 1366 1572 1441 αἱρούμεθα
1604 1360 1882 1429 θλίϐεσθαι

215 1455 321 1508 καὶ
354 1450 707 1521 κινδυνεύειν,
751 1452 839 1507 ’ἱνα
901 1454 1040 1525 ὑμᾶς
1097 1451 1186 1509 διὰ
1241 1459 1337 1509 τοῦ
1394 1456 1745 1529 κηρύγματος
1777 1454 1885 1508 σώ-

1272 1546 1406 1619 πρὸς

218 1635 447 1691 Οὑκοῦν
501 1634 633 1707 ὑπὲρ
690 1641 790 1700 τῆς
849 1634 999 1707 ὑμῶν
1059 1640 1334 1709 σωτηρίας
1379 1635 1473 1694 τὰς
1506 1634 1718 1707 θλίψεις
1749 1635 1881 1690 ὑπο-

224 1724 491 1797 μένομεν,
549 1730 648 1792 τῆς
708 1723 1099 1798 ἐνεργουμένης
1158 1724 1210 1779 ἐν
1272 1725 1423 1796 ὑμῖν,
1481 1725 1781 1787 τουτέστιν,
1826 1725 1886 1778 ἐκ

222 1564 413 1617 σωμεν
515 1544 605 1597 καὶ
705 1542 1169 1618 παρακαλέσωμεν
1272 1546 1406 1618 πρὸς
1503 1547 1602 1615 τήν
1676 1566 1880 1599 πιστιν.

1996 562 2141 627 Quia
2173 580 2289 618 non
2324 563 2512 617 solum
2546 563 2839 633 dissipant
2877 565 3253 633 at‘ﬂictiones,
3288 566 3390 621 sed
3413 574 3471 623 et
3497 585 3638 641 gau-

1995 651 2156 705 dium
2182 651 2502 708 adducunt.
2538 659 2597 705 et
2626 669 2875 708 coronas
2907 671 2973 708 ac
3033 655 3233 710 bravia
3290 658 3632 713 conciliant.

1995 742 2119 794 Non
2152 740 2224 794 ad
2259 742 2943 813 proportionemﬁnquit,
2965 743 3352 799 afﬂictionum
3387 754 3477 801 est
3505 765 3638 804 con-

1996 828 2227 888 solatio.
2262 830 2361 884 sed
2406 831 2590 885 multo
2624 848 2811 900 maJor
2827 839 2931 886 est.
2962 835 3103 887 Nam
3131 833 3634 907 abundat.inquit,

1995 918 2343 973 consolatio.
2380 941 2405 967 ‹‹
2444 919 2570 974 Sive
2593 921 2915 989 afﬂigimur
2939 922 3182 993 (ait)pr0
3217 926 3388 977 vestri
3423 930 3635 981 exlior-

1994 1011 2215 1065 tatione
2250 1018 2307 1065 et
2336 1011 2525 1067 salute
2559 1012 2894 1084 afﬂigimur.
2930 1036 2956 1062 ››
2983 1014 3286 1077 Quomodo
3309 1016 3481 1080 ?Quia
3504 1017 3639 1073 lice-

1992 1106 2084 1153 ret
2114 1100 2284 1154 nobis
2316 1117 2347 1155 a
2372 1101 2791 1171 prmiticatione
2824 1103 3207 1158 cessantibus,
3241 1105 3299 1157 in
3326 1106 3640 1163 securitate

1994 1195 2052 1243 et
2069 1189 2291 1259 absque
2310 1191 2517 1244 timore
2546 1191 2793 1262 degere:
2820 1192 2920 1246 sed
2948 1193 3141 1263 potius
3164 1192 3436 1265 eligimus
3459 1194 3640 1268 afﬂigi

1993 1279 2606 1348 acpericlitari,utvos
2630 1296 2734 1350 per
2756 1280 3237 1349 praadicationem
3264 1282 3452 1336 salvos
3468 1282 3647 1339 facia-

1998 1384 2149 1429 mus,
2184 1374 2242 1421 et
2270 1367 2343 1421 ad
2367 1367 2544 1421 ﬁdem
2599 1369 3001 1423 exhortemur.
3034 1370 3401 1426 Afﬂictiunes
3442 1372 3642 1443 itaque

1995 1457 2357 1511 sustinemus
2381 1473 2484 1527 pro
2520 1462 2710 1511 vestra
2741 1458 2953 1520 salute,
2993 1458 3048 1512 id
3084 1466 3183 1513 est.
3232 1477 3360 1530 qum
3399 1462 3455 1514 in
3480 1461 3643 1516 vobis

1995 1545 2387 1601 eft'citurlioc
2417 1552 2505 1599 est
2535 1563 2604 1600 ex
2630 1547 2840 1601 virtute
2868 1548 3118 1617 Spiritus
3142 1564 3263 1602 sam
3284 1551 3327 1602 ti
3353 1550 3451 1619 qui
3476 1551 3644 1622 signa

1995 1634 2195 1689 efﬁcit.
2230 1635 2414 1699 «Qum
2446 1635 2720 1695 efﬁcitur.
2759 1660 2777 1682 ιι
2816 1652 3030 1707 nempe
3064 1638 3122 1691 in
3153 1638 3331 1691 vobis.
3354 1664 3377 1685 «ι
3403 1641 3464 1693 ln
3489 1641 3643 1695 594

1995 1724 2312 1778 tolerantia
2366 1745 2394 1772 »
2429 1724 2711 1781 Efﬁcitur.
2748 1724 2957 1794 inquit.
2984 1727 3142 1782 salus
3173 1727 3233 1781 in
3266 1728 3555 1799 vobisqui
3581 1731 3643 1784 in

214 1820 327 1882 τῆς
362 1818 459 1867 τοῦ
492 1812 649 1885 ἁγίου
708 1812 1022 1885 Πνεὺματος
1084 1812 1384 1887 δυνάμεως,
1441 1818 1539 1869 τοῦ
1585 1816 1651 1868 τὰ
1682 1819 1885 1886 σημεῖα

2001 1814 2324 1884 aequalibus
2355 1813 2666 1868 nobiscum
2701 1814 2844 1867 estis
2876 1814 3318 1871 afﬂictionibus.
3350 1819 3643 1882 Quemad-

225 1904 605 1980 ἐνεργοῦντος.
637 1927 663 1953 α
696 1909 806 1971 Τῆς
832 1904 1248 1980 ἐνεργουμὲνης,
1285 1930 1311 1955 ν
1351 1906 1622 1960 τουτέστιν
1652 1902 1704 1959 ἐν
1734 1904 1882 1979 ὑμίν.

234 2017 266 2045 ιι
324 1995 414 2048 Ἐν
497 1993 769 2066 ὑπομονῇ.
848 1995 1179 2067 Ἐνεργεῖται
1239 1994 1290 2049 ἐν
1345 1996 1469 2069 ὑμῖν
1526 1997 1560 2064 ἡ
1620 1992 1886 2068 σωτηρία,

230 2083 419 2162 φησὶν,
460 2080 509 2135 ἐν
548 2082 797 2155 ὑπομονῇ
831 2081 948 2136 οὖσι
996 2087 1103 2137 τῶν
1157 2082 1291 2138 ’ἰσων
1346 2087 1481 2158 ἡμῖν
1528 2084 1885 2157 παθημάτων.

228 2175 437 2247 ’Ὠσπερ
497 2172 600 2245 γὰρ
659 2174 821 2244 ἡμεῖς
875 2171 1242 2247 κηρῦσσοντες
1292 2175 1679 2247 πειραζόμεθα,
1714 2173 1887 2235 οὕτως

222 2257 318 2311 καὶ
381 2257 540 2330 ὑμεῖς
605 2256 1017 2328 μαθητεὺοντες.
1078 2256 1305 2328 Πολλὴν
1365 2256 1421 2313 δὲ
1481 2260 1675 2331 ἀρετήν
1705 2258 1891 2319 αὐτοῖς

235 2351 526 2421 μαρτυρεῖ,
582 2344 665 2399 ὅτι
727 2346 859 2417 μετὰ
943 2352 1260 2421 πειρασμῶν
1347 2344 1598 2422 ἐδέχοντο
1668 2348 1730 2401 τὸ
1788 2348 1889 2416 κή-

236 2456 439 2511 ρυγμα.
483 2458 507 2487 ιι
542 2434 643 2490 Καὶ
671 2436 705 2503 ἡ
738 2434 894 2498 ἐλπὶς
945 2438 1128 2508 ἡμῶν.
1165 2460 1189 2487 ι)
1252 2469 1320 2479 -
1378 2438 1587 2510 [ΦΩΤ.]
1636 2436 1768 2489 Ποία
1798 2433 1892 2489 ἐλ-

232 2526 327 2587 πίς
354 2546 368 2593 ;
400 2526 485 2579 ’ὁτι
527 2524 884 2598 ἐνεργουμένη
946 2524 1093 2580 ἔσται
1153 2526 1203 2580 ἐν
1262 2526 1389 2599 ὑμῖν
1423 2528 1457 2595 ἡ
1491 2526 1760 2600 σωτηρία,
1792 2524 1889 2579 κᾶν

234 2616 308 2670 τὰ
368 2615 503 2669 αὑτὰ
558 2616 691 2684 ἡμῖν
778 2615 867 2667 καὶ
957 2615 1085 2687 ὑμῖν
1166 2614 1508 2694 συνενεχθείη
1570 2616 1889 2686 παθήματα.

235 2709 415 2770 Ῑιῶ;;
477 2701 982 2776 ῐιαρακαλοὺμενοι,
1047 2704 1180 2777 ὑπὲρ
1244 2711 1344 2773 τῆς
1408 2706 1561 2777 ὑμῶν
1618 2703 1892 2778 σωτηρίας

244 2790 726 2865 παρακαλοῦμεῢα,
824 2791 1118 2865 ἀπόδειξιν,
1195 2793 1381 2870 φησὶν,
1488 2792 1719 2855 ἐντεῦθεν
1801 2791 1891 2846 καὶ

246 2887 446 2959 γνῶσιν
500 2879 982 2959 ἀναμνρισϐήτητον
1043 2879 1439 2955 λαμϐάνοντες,
1473 2884 1556 2939 ὅτι
1612 2884 1703 2937 καὶ
1738 2886 1891 2954 ὑμεῖς

233 2970 745 3045 παρακληθτξσεσϐε,
806 2972 945 3029 ὥστε
1022 2973 1175 3029 οὐδὲν
1262 2977 1422 3043 ἧττον
1481 2972 1533 3028 ἐν
1592 2975 1678 3037 οἷς
1734 2972 1891 3028 αὐτοὶ

239 3059 485 3135 ῥυόμεθα
586 3066 694 3116 τῶν
796 3068 1110 3138 πειρασμῶν
1207 3062 1689 3139 παρακαλούμεθα,
1766 3060 1893 3117 ἀλλ’

233 3148 449 3220 ὁμοίως
480 3150 571 3205 καὶ
622 3149 675 3205 ἐν
721 3153 809 3213 οἷς
870 3157 1052 3226 σαφῶς
1109 3152 1269 3225 ἲσμεν
1321 3153 1405 3206 καὶ
1447 3152 1781 3225 μεπείσμεθα
1810 3150 1893 3205 ὅτι

586 3066 694 3116 τῶν

230 3238 729 3312 παρακληθησεσθε
787 3241 877 3295 καὶ
939 3220 1115 3315 ὑμεῖς.
1173 3220 1345 3306 Πόθεν
1381 3220 1888 3310 δὶντοῦτονδῆλονς
1926 3220 1967 3284 C

236 3328 483 3398 αὐτόθεν,
560 3330 739 3409 φησίν.
816 3332 1016 3406 Ὠσπερ
1087 3331 1189 3408 γᾶρ
1264 3332 1380 3387 ἐστὶ
1452 3333 1707 3386 κοινωνοὶ
1781 3336 1887 3385 τῶν

237 3422 562 3490 πειρασμῶν
613 3418 706 3473 καὶ
762 3425 869 3475 τῶν
928 3420 1191 3495 θλῖψεων,
1254 3421 1429 3481 οὕτως
1461 3417 1641 3483 ἔσεσθε
1670 3420 1890 3487 καὶτῆς

233 3508 663 3581 παρακλήσεως.
731 3534 751 3559 α
810 3505 1009 3566 Βεϐαία
1090 3511 1222 3583 ὑπὲρ
1277 3511 1450 3582 ὑμῶν,
1508 3533 1535 3560 ››
1591 3510 1890 3577 τουτέστιν,

238 3594 341 3650 ὅσα
393 3594 452 3650 ἄν
516 3599 789 3671 πάσχητε,
848 3597 1150 3675 θαῤῥοῐμεν
1210 3598 1289 3654 ὅτι
1354 3597 1416 3653 οὑ
1472 3601 1895 3673 παρατραπησε-

241 3696 356 3755 σθε,
415 3682 539 3741 οὔτε
597 3686 1015 3763 ἀπαγορεύσετε,
1069 3686 1193 3743 οὔτε
1280 3688 1413 3762 ὑπὲρ
1470 3688 1542 3742 ὧν
1601 3688 1755 3759 ὑμεῖς
1789 3687 1895 3741 πα-

242 3795 423 3849 σχετε,
456 3771 579 3829 οὔτε
612 3775 743 3848 ὑπὶρ
794 3778 869 3832 ὧν
929 3779 1079 3848 ἡμᾶς
1136 3778 1450 3856 πάσχοντας
1484 3778 1681 3850 ὑρᾶτας
1713 3777 1893 3851 ὁρᾶτε.

246 3887 267 3913 ι
302 3862 456 3938 ’Υπὲρ
488 3871 597 3935 μῆς
627 3864 776 3938 ὑμῶν
810 3865 1209 3940 παρακλήσεως
1240 3865 1330 3921 καὶ
1361 3867 1655 3942 σωτηρίας.
1690 3890 1717 3918 ››
1747 3871 1897 3922 ’Άνω

241 3950 435 4018 εἰπὼν,
489 3953 574 4008 ὅτι
634 3953 793 4027 ’Υπὲρ
879 3957 977 4022 τῆς
1053 3954 1313 4029 ὑμετέρας
1367 3955 1638 4027 σωτηρίας
1696 3950 1895 4017 θλιϐό-

244 4041 401 4112 μεθα,
431 4038 519 4094 ’ἱνα
553 4042 631 4115 μὴ
685 4038 813 4117 δόξῃ
873 4041 1123 4116 ἐπαχθής
1179 4063 1261 4104 τις
1317 4042 1478 4111 εἶναι,
1506 4047 1599 4097 νὺν
1632 4040 1779 4119 λέγει
1812 4040 1895 4096 ὅτι

248 4128 353 4187 Καὶ
410 4129 541 4203 ὑπὲρ
599 4136 699 4199 τῆς
752 4131 903 4203 ὑμῶν
963 4132 1237 4207 σωτηρίας
1292 4130 1775 4205 παρακαλούμεθα,
1808 4131 1899 4184 ἳνα

256 4221 333 4292 μή
438 4222 922 4299 ἀπαγορεύσαντες,
997 4220 1368 4298 ἀμελήσωμεν
1446 4230 1545 4292 τῆς
1622 4221 1897 4293 σωτηρίας

246 4310 420 4381 ὑμῶν,
498 4309 532 4378 ἢ
608 4310 695 4366 ἳνα
768 4310 1182 4389 παρακληθῆτε.
1261 4314 1494 4387 ὁρῶντες
1568 4313 1716 4385 ἡμᾶς
1793 4311 1897 4367 ὑπὸ

252 4402 391 4454 Θεοῦ
448 4401 991 4474 παρακαλουμένους.
1048 4404 1253 4477 ’Ὠσπερ
1310 4403 1434 4475 γαρ,
1493 4401 1647 4479 φησὶ,
1705 4421 1901 4455 κοινω-

255 4487 341 4542 νοί
396 4488 511 4543 ἐστε
567 4494 675 4543 τῶν
727 4490 1089 4565 παθημάτων,
1143 4492 1315 4553 οὕτως
1370 4486 1478 4545 ἔδει
1524 4490 1749 4545 κατὰτὸ
1780 4488 1902 4544 ἀκό-

1998 1906 2239 1961 modum
2273 1906 2431 1960 enim
2466 1904 2786 1977 afﬂigimur
2815 1923 2923 1961 nos
2942 1907 3041 1977 qui
3066 1908 3565 1977 praedicamusjta
3591 1916 3649 1964 et

1994 2012 2092 2050 vos
2126 1996 2226 2067 qui
2260 1994 2507 2049 discitis.
2542 1997 2871 2050 Attestatur
2893 2002 3091 2050 autem
3112 1997 3196 2051 eis
3230 1997 3389 2067 quod
3420 2015 3647 2070 magna:

1996 2084 2115 2139 sint
2144 2083 2397 2147 virtutis,
2432 2084 2571 2153 quia
2597 2084 2754 2138 inter
2802 2084 3187 2140 afﬂictionem
3248 2087 3651 2157 suscipiebant

1994 2170 2501 2242 praedicationem.
2565 2192 2585 2218 σι
2624 2170 2693 2223 Et
2742 2187 2842 2241 spe
2890 2177 3178 2226 nostra.»
3238 2203 3306 2212 --
3364 2174 3645 2237 Quaenam

1997 2278 2130 2333 spes
2162 2260 2190 2314 ?
2212 2276 2425 2331 nempe
2475 2259 2634 2330 quod
2664 2259 3026 2329 perﬁcienda
3056 2261 3132 2314 sit
3162 2262 3222 2316 in
3274 2261 3436 2316 vobis
3463 2264 3645 2322 salus,

1997 2365 2359 2420 quamquam
2394 2348 2616 2402 eaedem
2650 2348 2821 2401 nobis
2840 2365 2905 2403 ac
2928 2349 3091 2403 vobis
3123 2351 3471 2422 contingant
3494 2352 3646 2407 afﬂi-

1998 2436 2594 2501 ctiones.Quomod0?
2615 2436 3094 2491 Consolationem
3121 2439 3503 2508 accipientes,
3537 2457 3644 2509 pro

1997 2534 2191 2583 vestra
2222 2528 2410 2581 salute
2442 2527 3260 2597 c0nsolamur,probationem
3300 2530 3513 2599 inquit,
3536 2548 3644 2587 no-

1998 2618 2308 2688 titiamque
2356 2616 2749 2672 indubitatam
2806 2617 3184 2688 accipientes,
3242 2619 3396 2688 quod
3443 2625 3501 2674 et
3546 2637 3643 2674 vos

1998 2707 2467 2764 consolationem
2493 2706 2882 2761 indubitatam
2904 2707 3296 2776 accipietiszut
3312 2724 3431 2762 non
3449 2710 3645 2763 minus

1998 2798 2465 2853 consolationem
2489 2797 2924 2867 accipiamusin
2943 2796 3365 2852 afﬂictionibus
3387 2799 3648 2868 aquibus

1999 2888 2109 2958 ipsi
2134 2885 2588 2942 liberamur.sed
2617 2886 2920 2939 similiter:
2947 2887 3005 2939 in
3031 2886 3244 2956 quibus
3267 2888 3444 2942 etiam
3474 2888 3647 2959 plane

2001 2977 2221 3031 scimus
2246 2993 2311 3030 ac
2343 2975 2699 3030 conﬁdimus
2730 2976 2887 3045 quod
2920 2983 2979 3030 et
3023 2993 3121 3029 vos
3180 2977 3647 3032 consolationem

2000 3064 2494 3136 accipietis.Unde
2518 3065 2630 3119 hoc
2654 3065 3031 3119 manifestum
3056 3063 3191 3118 est?
3211 3066 3288 3119 Ex
3321 3065 3647 3129 eodem,in-

2002 3154 2166 3225 quit;
2202 3169 2339 3207 nam
2372 3153 2525 3207 sicut
2554 3154 2870 3223 participes
2929 3153 3071 3207 estis
3120 3153 3519 3209 tentationum
3593 3160 3651 3209 et

1998 3243 2409 3309 afﬂictionum,
2437 3243 2521 3298 sic
2558 3242 2739 3297 futuri
2765 3241 2905 3297 estis
2928 3242 3442 3297 etconsolationis.
3473 3264 3501 3293 (ι
3523 3243 3647 3299 Fir-

2000 3349 2097 3388 ma
2142 3348 2248 3404 pro
2280 3332 2461 3387 vobis.
2498 3352 2520 3375 ι»
2542 3333 2659 3387 Poc
2690 3337 2800 3389 est.
2828 3336 3286 3403 quantacunque
3308 3331 3642 3402 patiamini,

2001 3420 2356 3477 conﬁdimus
2380 3418 2539 3492 quod
2571 3436 2690 3474 non
2709 3420 3123 3491 pervertemini
3159 3436 3351 3490 neque
3374 3419 3648 3490 despera-

2001 3511 2162 3577 bitis,
2195 3526 2304 3564 nec
2329 3509 2403 3566 ob
2428 3525 2495 3564 ea
2526 3525 2655 3581 qum
2689 3509 2984 3580 patimini,
3006 3524 3115 3565 nec
3145 3508 3218 3565 ob
3252 3509 3356 3563 illa
3386 3525 3516 3581 quae
3534 3527 3641 3565 nos

2004 3601 2122 3671 pati
2152 3600 2671 3669 c0nspicitis.«-Pro
2694 3600 2867 3654 vestri
2893 3598 3296 3653 consolatione
3321 3599 3644 3654 etsalute.»

2004 3690 2147 3744 Cum
2180 3688 2451 3760 superius
2483 3688 2765 3743 dixisset:
2804 3710 2829 3737 «
2866 3690 2976 3743 Pro
3008 3688 3180 3743 vestri
3214 3689 3404 3743 salute
3436 3688 3645 3759 afﬂigi-

2006 3796 2195 3845 mur,»
2221 3795 2295 3833 ne
2317 3779 2506 3850 gravis
2529 3778 2963 3847 quodammodo
2982 3793 3176 3832 sermo
3204 3793 3333 3833 esse
3357 3777 3645 3843 videatur,

2006 3884 2165 3923 nunc
2198 3867 2398 3923 subdit
2425 3883 2437 3920 :
2472 3868 2581 3921 Pro
2604 3873 2795 3921 vestra
2820 3883 3055 3937 quoque
3079 3867 3267 3920 salute
3298 3866 3651 3921 consolatio-

2005 3973 2141 4012 nem
2158 3958 2482 4028 accipimus
2506 3972 2520 4009 :
2539 3972 2613 4011 ne
2636 3957 3263 4013 deﬁcientesvestrum
3286 3957 3510 4028 neglige
3524 3972 3652 4012 mus

2008 4046 2289 4110 salutem;
2315 4045 2401 4098 vel
2424 4050 2488 4099 ut
2501 4045 2890 4100 consolemini
2914 4044 3181 4100 videntes
3203 4062 3311 4099 nos
3332 4062 3367 4100 a
3387 4046 3501 4100 Deo
3520 4061 3656 4100 con-

2007 4136 2353 4191 solationem
2382 4134 2667 4204 accipere.
2695 4136 2837 4189 Nam
2862 4134 3015 4189 sicut
3044 4135 3426 4208 estis,inquit,
3460 4136 3654 4207 parti-

2008 4226 2168 4295 cipes
2190 4224 2694 4281 afﬂictionum.ita
2716 4240 2784 4279 ex
2808 4226 3195 4295 consequenti
3220 4225 3481 4295 oportuit
3508 4243 3655 4295 quo-

2009 4331 2121 4387 que
2136 4331 2264 4370 esse
2288 4321 2345 4368 et
2369 4314 2853 4369 consolationis.«
2880 4314 3020 4368 Cum
3055 4315 3311 4370 sciamus
3327 4312 3487 4384 quod
3508 4316 3660 4368 sicut

2008 4403 2328 4476 participes
2353 4405 2493 4458 estis
2547 4402 2957 4459 afﬂictionum.
2985 4424 3013 4452 ››
3038 4403 3158 4459 Hoc
3187 4403 3346 4457 enim
3381 4401 3652 4457 novimus

2009 4493 2169 4565 quod
2202 4494 2355 4549 sicut
2382 4493 2698 4564 participes
2720 4493 2861 4547 estis
2889 4492 3393 4553 tentationum,ita
3418 4507 3653 4562 quoque

247 4576 447 4632 λουθον
520 4578 813 4638 κοινωνοὺς
898 4579 1030 4634 εἶναι
1116 4578 1205 4633 καὶ
1289 4585 1388 4647 τῆς
1472 4575 1888 4653 παρακλήσεως.

2009 4599 2252 4638 necesse
2285 4583 2394 4638 fuit
2423 4587 2487 4636 ut
2516 4599 2619 4636 vos
2642 4582 2959 4653 participes
2982 4580 3190 4637 essetis
3222 4586 3280 4634 et
3298 4579 3653 4635 consolatio-

250 4692 274 4721 ι
313 4665 532 4728 Εἰόοτες
592 4666 675 4723 ὅτι
732 4668 912 4743 ὥσπερ
972 4668 1229 4724 κοινωνοί
1303 4668 1421 4724 ἐστε
1475 4673 1583 4722 τῶν
1642 4670 1900 4742 παθημά-

244 4777 371 4811 των.
409 4780 435 4807 ›)
498 4757 665 4812 Τοῦτο
726 4758 828 4835 γὰρ
891 4755 1091 4820 εἰδότες
1150 4758 1334 4830 ἐσμεν,
1412 4756 1496 4813 ὅτι
1552 4754 1735 4829 ὥσπερ
1785 4756 1902 4811 ἐστὲ

247 4851 353 4901 τῶν
413 4852 731 4921 πειρασμῶν
804 4848 1083 4916 κοινωνοὶ,
1169 4849 1341 4908 οὕτως
1409 4848 1548 4920 ὑμᾶς
1610 4846 1903 4920 ἐπάναγκες

245 4935 380 4989 εἶναι
423 4933 505 4990 δεῖ
561 4938 650 4991 καὶ
707 4944 807 5005 τῆς
858 4936 1259 5009 παρακλήσεως
1289 4938 1600 4999 κοινωνούς.
1634 4938 1901 5010 Ὁρῶντες

240 5024 342 5097 γὰρ
411 5026 559 5095 ἡμᾶς
617 5021 1156 5099 παρακαλουμένους,
1231 5023 1510 5087 εὐέλπιδες
1580 5024 1759 5081 ἔσεσθε
1813 5024 1903 5080 καί

244 5114 425 5186 ὑμεῖς,
485 5114 569 5169 ὅτι
629 5112 795 5170 ἐπειό’
873 5113 931 5169 ἂν
1010 5120 1338 5189 πειρασμοῖς
1392 5113 1743 5189 περιπέσητε,
1801 5135 1901 5169 πα-

246 5202 652 5277 ρακληθῆσεσθε
706 5205 797 5259 καὶ
860 5206 1016 5278 ὑμεῖς
1076 5206 1257 5280 ὥσπερ
1314 5205 1403 5259 καὶ
1461 5208 1648 5276 ἡμεῖς.
1699 5208 1903 5280 Ὥσπερ

244 5295 349 5367 γὰρ
377 5294 634 5348 κοινωνοί
691 5292 807 5349 ἔστε
867 5301 973 5348 τῶν
1032 5296 1400 5367 παθημάτων,
1460 5294 1632 5357 οὕτως
1683 5294 1903 5362 καὶτῆς

248 5382 652 5457 παρακλήσεως
748 5386 1129 5455 κοινωνησετε.
1238 5383 1589 5459 ΙΙαράκλησις
1686 5381 1742 5439 δὲ
1817 5382 1901 5451 εἲη

251 5474 338 5541 ἃν,
415 5473 449 5541 ἢ
525 5474 587 5527 τὸ
663 5480 1094 5548 περιαιρεθῆναι,
1171 5475 1297 5535 τοὺς
1373 5474 1735 5549 πειρασμυὺς,
1810 5474 1903 5527 καὶ

320 5652 345 5685 ⁸
372 5651 592 5709 Colon.
630 5670 669 5723 ι,
703 5652 792 5708 34.

748 5386 1129 5455 κοινωνήσετε.

525 5474 587 5527 τὸ
663 5480 1094 5548 περιαιρεθῆναι.

2013 4673 2127 4727 nis.
2160 4672 2440 4727 Videntes
2471 4672 2629 4725 enim
2669 4687 2779 4725 nos
2837 4670 3302 4725 consolationem
3363 4669 3653 4740 accipere,

2013 4761 2168 4816 bono
2202 4761 2365 4815 eritis
2398 4766 2455 4814 et
2484 4777 2583 4814 vos
2632 4760 2852 4825 animo,
2888 4758 3043 4829 quod
3074 4757 3559 4829 quandoquidem
3593 4758 3654 4811 in

2012 4850 2396 4906 afﬂictionem
2422 4848 2769 4913 incideritis,
2792 4846 3260 4903 consolationem
3291 4864 3390 4901 vos
3423 4858 3657 4917 quoque

2012 4938 2313 5008 accipietis
2338 4938 2489 4991 sicut
2521 4942 2575 4990 et
2607 4954 2732 4990 nos.
2783 4937 2941 4991 Sicut
2972 4936 3129 4989 enim
3165 4936 3483 5007 participes
3519 4935 3661 4991 estis

2012 5026 2516 5092 afﬂictionum,ita
2545 5041 2778 5095 quoque
2807 5032 2866 5079 et
2896 5025 2955 5078 in
2988 5024 3390 5080 consolatione
3422 5022 3661 5094 partici-

2011 5116 2249 5188 pabitis.
2285 5114 2617 5169 Consolatio
2667 5121 2865 5169 autem
2909 5115 3022 5169 dici
3083 5120 3298 5185 potest.
3353 5111 3443 5167 vel
3503 5110 3660 5181 quod

2014 5205 2392 5259 auferrentur
2421 5203 2772 5258 afﬂictiones
2813 5204 2901 5258 vel
2935 5203 3093 5274 quod
3145 5219 3215 5258 ex
3282 5203 3584 5271 insperato
3633 5215 3665 5252 a

2011 5293 2407 5365 prmsentibus
2438 5292 2834 5347 liberarentur
2863 5292 3147 5364 periculis
3183 5308 3194 5356 ;
3241 5295 3338 5344 aut
3394 5287 3551 5358 quod
3597 5289 3658 5341 in

2012 5385 2221 5440 mediis
2244 5384 2547 5439 constituti
2581 5382 3135 5455 periculis,viriiiter
3156 5396 3489 5452 magnoque
3525 5379 3656 5432 aui-

2012 5491 2108 5528 mo
2138 5474 2362 5528 ferrent
2393 5490 2522 5543 quae
2544 5473 3235 5542 inciderent,futurorum
3252 5486 3353 5541 spe
3372 5468 3655 5525 roborati:
