4068 6254
424 306 543 367 915

425 536 631 586 noster
660 545 897 584 manum
923 528 1266 601 porrigeret.

1547 303 1974 367 (ECUMENII
2018 301 2328 365 TRICCE
2371 305 2726 368 EPISCOPI

427 437 586 512 quod
614 437 738 494 fieri
761 454 880 494 non
913 441 1134 509 posset,
1192 436 1310 493 nisi
1366 436 1633 493 Christus
1693 453 1864 493 verus
1918 437 2074 494 Deus

2195 433 2615 512 ἀπροσδοκήτως
2689 434 2749 492 ἐκ

3721 302 3826 365 916

2849 441 2960 492 τῶν
3037 436 3470 513 περιεστηκότων
3556 430 3831 513 δυσχερῶν

2169 524 2579 601 ἀπαλλαγῆναι,
2646 523 2682 596 ἤ
2760 527 2849 580 καὶ
2925 528 2987 582 τὸ
3060 526 3111 581 ἐν
3185 525 3368 587 αὑτοῖς
3437 528 3639 597 μέσοις
3678 522 3827 584 ὄντας

425 622 540 677 τοῖς
574 615 785 677 δεινοῖς,
819 615 1077 690 εὐψύχως
1110 615 1197 669 καὶ
1228 614 1481 690 γενναῗως
1511 636 1687 691 φερειν
1722 636 1787 671 τα
1820 613 2218 688 συμπίπτοντα,
2273 618 2341 688 τῇ
2399 621 2507 670 τῶν
2572 613 2890 688 μελλόντων
2923 613 3109 670 ἐλπίδι
3137 614 3567 689 νευρουμένους,
3599 613 3629 666 ὅ
3660 612 3758 667 0'37.
3785 613 3837 667 ἂν

426 705 657 781 γίνοιτο.
702 707 778 778 μή
814 706 1048 777 Χριστοῦ
1075 709 1171 759 τοῦ
1204 703 1468 776 ἀληθινοῦ
1502 703 1633 760 θεοῦ
1665 706 1824 776 ἡμῶν
1851 710 2013 780 χεῖρα
2041 705 2401 780 παρέχοντος.

497 796 648 853 595
699 800 737 859 ι,
771 797 916 850 8-ll.
952 819 977 843 α
1013 797 1139 850 Non
1169 796 1326 850 enim
1350 796 1621 851 volumus
1653 813 1750 850 vos
1779 795 2073 867 ignorare,

427 907 456 935 (ι
488 885 721 948 fratres,
754 883 826 938 de
856 883 1174 939 afﬂictione
1194 892 1397 940 nostra
1420 902 1549 955 quae
1574 884 1743 939 nobis
1774 884 1990 940 accidit
2012 884 2073 938 in

431 997 460 1023 ‹‹
492 973 651 1042 Asia,
685 974 969 1044 quoniam
1003 990 1182 1044 supra
1208 974 1445 1028 modum
1481 973 1699 1046 gravati
1730 974 1949 1028 fuimus
1982 973 2076 1027 ul-

432 1084 459 1112 α
494 1068 583 1118 tra
612 1063 766 1117 vires
788 1079 801 1118 :
821 1063 969 1118 adeo
992 1070 1057 1116 ut
1076 1062 1147 1117 de
1181 1064 1296 1118 vita
1327 1079 1564 1134 quoque
1595 1062 2069 1134 desperaremus.

430 1174 462 1203 «
491 1152 638 1219 Quin
675 1152 786 1224 ipsi
812 1153 872 1207 in
891 1152 1210 1223 nobisipsis
1242 1169 1591 1224 responsum
1617 1152 1822 1207 mortis
1852 1152 2072 1207 habue-

433 1263 458 1296 ι
490 1260 695 1299 ramus
727 1259 800 1298 ne
830 1242 1268 1298 confideremus
1312 1243 1374 1297 in
1428 1242 1599 1297 nobis
1632 1243 1797 1313 ipsis,
1857 1242 1960 1297 sed
2011 1243 2073 1297 in

432 1353 463 1383 «
495 1333 615 1388 Deo
646 1332 745 1403 qui
779 1332 1023 1387 suscitat
1069 1338 1353 1393 mortuos.
1400 1333 1500 1403 qui
1539 1348 1609 1385 ex
1669 1336 1832 1386 tanta
1880 1337 2070 1385 morte

431 1424 698 1495 «eripuit
742 1441 850 1479 nos
903 1429 961 1480 et
1007 1424 1185 1496 eripit
1231 1439 1243 1477 :
1306 1425 1367 1478 in
1400 1439 1515 1494 quo
1549 1440 1714 1496 spem
1744 1423 1920 1477 lixam
1970 1424 2071 1477 lia-

433 1511 719 1578 «bemus,
773 1510 931 1583 quod
1002 1512 1180 1566 etiam
1265 1511 1510 1583 posthac
1587 1517 1899 1583 erepturus
1973 1509 2069 1575 sit,

431 1621 460 1650 σι
486 1600 664 1657 simul
714 1600 1131 1670 adjuvantibus
1171 1605 1229 1655 et
1271 1600 1433 1655 vobis
1455 1616 1561 1671 per
1599 1600 2074 1670 deprecationem

431 1712 461 1741 α
496 1706 598 1763 pro
622 1689 825 1745 nobis:
847 1696 912 1745 ut
931 1706 1001 1743 ex
1024 1689 1227 1745 multis
1248 1689 1519 1761 personis
1544 1705 1647 1759 pro
1697 1688 1852 1743 dono
1876 1688 1937 1742 in
1968 1704 2076 1742 nos

433 1802 462 1831 κ
495 1780 732 1848 collato,
766 1797 870 1852 per
898 1780 1118 1836 multos
1147 1781 1347 1852 gratias
1396 1785 1647 1851 agantur
1696 1795 1800 1850 pro
1830 1779 2013 1834 vobis.
2048 1798 2070 1829 ι

509 1869 727 1926 Deinde
752 1875 1065 1941 postquam
1086 1868 1398 1923 indefinite
1419 1869 1694 1923 meminit
1714 1868 2076 1934 afflictionis,

434 1958 580 2015 dicit
608 1974 769 2013 nunc
792 1958 963 2029 cujus
995 1957 1335 2011 afﬂictionis
1361 1973 1373 2010 :
1434 1963 1501 2011 ut
1531 1956 1679 2011 nihil
1712 1973 1914 2012 eorum
1945 1972 2077 2026 qum

435 2047 591 2104 circa
620 2062 737 2112 me,
770 2046 983 2117 inquit,
1006 2051 1294 2118 geruntur
1324 2045 1607 2118 ignoretis
1632 2046 1815 2117 (quod
1841 2046 2077 2117 signum

435 2141 527 2193 est
544 2134 943 2205 dilectionis);
973 2141 1167 2190 autne
1200 2136 1543 2208 ignorantes
1576 2152 1708 2207 quoa
1742 2136 1888 2190 mihi
1921 2134 2080 2190 acci-

437 2223 673 2289 derunt,
707 2223 1097 2295 indignemini
1132 2240 1198 2278 eo
1235 2224 1392 2295 quod
1440 2226 1614 2296 juxta
1670 2224 1965 2295 promissa
2004 2222 2077 2279 ad

434 2327 534 2365 vos
565 2326 685 2365 non
711 2311 992 2365 venerim.
1026 2332 1053 2360 ‹‹
1087 2311 1167 2365 De
1197 2310 1518 2366 afflictione
1550 2316 1771 2367 nostra.
1807 2333 1833 2360 »
1868 2312 1986 2367 Hoc
2017 2310 2078 2366 in

435 2400 632 2473 priore
681 2416 918 2471 quoque
983 2400 1338 2472 praedixerat
1369 2400 1677 2473 Epistola:
1742 2402 2078 2466 «Quoniam

438 2490 678 2550 ostium,
714 2489 928 2560 inquit,
981 2490 1126 2544 mihi
1178 2496 1448 2561 apertum
1504 2496 1595 2545 est
1648 2497 1707 2545 et
1758 2491 2079 2546 adverSarii

436 2578 609 2637 multi
631 2577 673 2633 ⁸.
710 2599 738 2628 ››
771 2609 838 2619 -
868 2600 896 2627 ‹‹
931 2578 1219 2643 Quoniam
1246 2595 1425 2651 supra
1444 2579 1690 2633 modum
1720 2582 1941 2652 gravati
1965 2580 2078 2635 fui-

434 2685 590 2725 mus.
617 2689 645 2717 »
678 2669 901 2741 Magna,
926 2668 1141 2739 inquit,
1175 2673 1303 2723 erat
1329 2667 1573 2722 afflictio
1602 2673 1661 2722 et
1699 2685 1859 2724 meas
1917 2686 2081 2725 exce-

435 2759 583 2816 dens
603 2758 782 2814 vires:
810 2775 947 2813 nam
978 2758 1268 2829 contingit
1288 2774 1556 2831 magnam
1584 2775 1817 2829 quoque
1837 2759 2085 2815 viriliter

436 2848 509 2905 ab
540 2848 741 2919 aliquo
762 2848 924 2903 ferri.
956 2868 985 2897 «
1009 2847 1169 2903 Adeo
1199 2854 1267 2903 ut
1296 2847 1368 2903 de
1400 2848 1513 2902 vita
1540 2865 1776 2919 quoque
1807 2849 2081 2921 despera-

440 2952 663 2993 remus.
697 2958 726 2985 ››
755 2937 1225 3008 Desperavimus,
1258 2937 1472 3007 inquit.
1512 2953 1622 2993 nec
1665 2938 1921 2994 victuros
1974 2954 2082 2994 nos

2195 2933 2549 3005 Ἀπεγνώσθη
2562 2953 2677 3004 μεν,
2736 2932 2918 3008 φησῖν,

450 3042 582 3082 esse
620 3025 1137 3098 sparabamus,sed
1153 3026 1308 3097 apud
1323 3042 1430 3091 nos
1450 3027 1609 3097 ipsos
1624 3027 2082 3084 existimavimus

438 3115 597 3189 quod
630 3116 872 3171 omnino
904 3132 1310 3171 moreremur:
1374 3132 1511 3171 nam
1572 3116 1683 3172 hoc
1741 3116 2080 3190 significat:

440 3225 469 3256 ‹‹
502 3205 617 3277 Ipsi
648 3204 710 3261 in
737 3205 1056 3276 nobisipsis
1099 3221 1450 3277 responsum
1505 3205 1716 3261 mortis
1771 3222 2083 3278 accepera-

438 3310 611 3359 mus;
647 3316 675 3344 »
705 3293 766 3348 id
794 3294 966 3348 nobis
996 3294 1260 3365 pericula
1290 3295 1746 3365 respondebant.
1774 3296 1933 3367 quod
1954 3313 2086 3351 om—

438 3383 583 3439 nino
606 3398 992 3438 moreremur.
1019 3385 1089 3437 Et
1113 3400 1291 3452 quam
1324 3383 1395 3437 ob
1420 3400 1656 3439 causam
1681 3385 1955 3456 permisit
1977 3403 2086 3440 nos

441 3472 596 3526 Deus
628 3470 702 3525 ad
730 3474 893 3524 tanta
922 3471 1227 3540 pervenire
1258 3471 1560 3541 pericula?
1591 3494 1617 3520 α
1651 3474 1731 3527 Ne
1754 3472 2089 3529 confidere-

444 3574 579 3614 mus
610 3558 671 3612 in
702 3557 1043 3627 nobisipsis.
1078 3579 1106 3606 »
1137 3558 1299 3622 Quod
1322 3564 1519 3615 autem
1550 3558 2089 3628 dicit,tantumdem

444 3653 537 3703 est
564 3663 632 3701 ac
654 3647 702 3701 si
734 3645 991 3701 diceret:
1025 3648 1103 3701 Ne
1134 3646 1344 3701 cristas
1373 3648 1688 3719 erigamus,
1720 3664 1795 3703 ne
1822 3649 1895 3703 ob
1925 3667 2088 3718 egre-

444 3737 538 3811 gia
566 3736 833 3793 facinora
863 3735 1253 3803 extollamur;
1288 3735 1446 3807 quod
1479 3738 1656 3792 etiam
1698 3738 1759 3792 in
1809 3756 2089 3809 processu

442 3826 819 3886 manifestius
848 3824 1009 3880 dicit.
1045 3850 1069 3875 (ι
1094 3827 1162 3879 Et
1189 3842 1262 3880 ne
1282 3825 1633 3883 excellentia
1663 3828 2088 3884 revelationum

445 3917 763 3973 extollerer
791 3914 962 3970 datus
992 3915 1101 3970 fuit
1131 3915 1272 3969 mihi
1305 3915 1550 3988 angelus
1582 3917 1810 3972 Salanaa
1838 3919 1877 3982 τ,
1906 3940 1932 3965 ι»
1996 3919 2082 3973 in-

446 4006 721 4078 telligens
752 4004 1081 4075 afﬂigentes
1104 4021 1165 4058 se
1184 4020 1249 4059 ac
1283 4011 1579 4063 vexantes.
1610 4013 1859 4063 etunum
1882 4025 2084 4078 quem-

448 4112 562 4166 que
595 4096 806 4151 horum
835 4094 1143 4151 hominum
1178 4100 1441 4149 satanam
1475 4097 1806 4167 appellans.
1836 4099 2087 4153 Permis-

448 4200 549 4239 sus
566 4200 718 4249 sum,
748 4183 961 4253 inquit,
986 4184 1344 4238 tentationes
1369 4190 1427 4239 et
1448 4184 1802 4240 afllicliones
1834 4187 2089 4241 sustine-

444 4288 530 4342 re,
564 4278 630 4327 ut
658 4272 774 4327 mei
803 4271 1138 4343 deSperatio
1167 4272 1228 4325 in
1262 4273 1456 4327 ofﬁcio
1489 4290 1584 4328 me
1631 4276 1989 4343 contineret,
2020 4293 2087 4332 ac

446 4362 750 4419 modestus
774 4377 903 4416 esse
932 4360 1243 4417 discerem.
1277 4360 1413 4416 Ideo
1445 4378 1681 4433 quoque
1726 4380 1860 4418 cum
1903 4366 2087 4420 Deum
2119 4329 2165 4393 D

447 4452 877 4516 obsecrassem,
898 4466 1020 4506 non
1042 4467 1172 4505 sum
1199 4454 1505 4505 assecutus
1528 4451 1686 4522 quod
1717 4453 2088 4525 postulabam

448 4541 551 4598 sed
581 4540 880 4614 permansi
916 4539 1181 4610 quotidie
1206 4539 1464 4595 tolerans
1487 4540 1793 4596 modestia)
1813 4543 2093 4615 pharma-

448 4646 605 4691 cum.
637 4644 850 4702 nempe
894 4628 1298 4695 afﬂictionem,
1341 4629 1495 4685 596
1530 4629 1688 4685 Adeo
1722 4647 1937 4703 magna
1967 4638 2095 4688 erat

449 4717 716 4778 afﬂictio,
744 4718 962 4789 inquit,
985 4721 1051 4773 ut
1075 4734 1182 4772 nos
1205 4734 1234 4771 e
1265 4717 1380 4771 vita
1406 4717 1746 4788 expelleret.
1783 4721 2095 4791 Hujusmo-

450 4806 506 4861 di
539 4804 919 4861 afﬂictionem
936 4811 1101 4861 vocat
1117 4805 1294 4860 David
1319 4812 1516 4876 portas
1539 4805 1757 4861 inferni
1789 4826 1855 4863 ac
1887 4811 2092 4866 mortis

450 4901 509 4950 et
538 4893 771 4948 dolores
802 4902 1001 4963 partus
1023 4911 1097 4948 an
1132 4894 1401 4949 umbram
1436 4896 1641 4950 mortis
1671 4897 1709 4947 ⁸.
1749 4921 1772 4946 ‹‹
1810 4899 1961 4963 Quin
2002 4900 2088 4971 ip-

450 4985 501 5040 si
530 4984 588 5038 in
622 4982 955 5053 nobisipsis
987 4998 1334 5053 responsum
1375 4984 1577 5039 mortis
1608 4986 2022 5045 habueramus.
2061 5012 2088 5040 ››

451 5077 844 5146 Responsum,
895 5070 954 5127 id
990 5079 1095 5129 est.
1126 5073 1428 5128 decretum
1452 5090 1519 5129 ac
1550 5078 1930 5131 senlentiam.
1993 5080 2094 5133 Est

449 5172 647 5221 autem
684 5161 1053 5218 tanlumdem
1078 5178 1143 5215 ac
1176 5162 1223 5216 si
1258 5162 1515 5217 diceret:
1551 5164 1848 5228 Quantum
1881 5167 1953 5221 ad
1980 5185 2088 5223 nos

448 5263 832 5325 nostramque
864 5253 1302 5326 cogilaliouem.
1328 5255 1517 5309 adfuit
1547 5259 1754 5313 mortis
1778 5265 2088 5330 exspecta-

450 5346 552 5406 tio.
581 5345 683 5399 sed
722 5346 875 5399 Deus
909 5359 1026 5398 non
1059 5342 1328 5413 permisit
1358 5343 1547 5414 ipsum
1579 5344 1638 5399 in
1664 5363 1811 5417 opus
1842 5364 2089 5419 progre-

451 5432 531 5498 di,
557 5434 775 5489 docens
808 5450 915 5488 nos
946 5449 1021 5488 ne
1044 5432 1105 5486 in
1141 5432 1380 5504 propria
1413 5433 1850 5491 conﬁderemus
1878 5438 2091 5494 virtute

528 5608 550 5641 ⁶
580 5610 602 5665 Ι
632 5610 759 5664 Cor.
792 5627 897 5675 XVI,
931 5613 983 5665 9.
1059 5611 1078 5644 ⁷
1112 5610 1287 5678 Infia,
1327 5614 1407 5666 l2.

2253 792 2331 850 03
2388 792 2489 867 γὰρ
2548 791 2776 865 θέλομεν
2871 793 3011 863 ὑμᾶς
3094 794 3329 867 ἀγνοεῖν,
3388 789 3659 861 ἀδελφοὶ,
3720 789 3842 864 ὑπὲρ

2181 888 2280 950 τῆς
2314 880 2554 955 θλίψεως
2621 882 2779 952 ἡμῶν
2844 886 2944 950 τῆς
3020 881 3321 958 γενομένης
3396 883 3539 953 ἡμῖν

2182 968 2353 1041 Ἀσίᾳ,
2417 972 2500 1025 ὅτι
2559 971 2676 1024 καθ’
2762 966 3077 1045 ὑπερϐολὴν
3147 965 3491 1043 ἐϐαρὺθημεν
3564 969 3706 1039 ὑπὲρ
3764 965 3848 1021 3-5-

2181 1081 2362 1130 ναμιν,
2452 1060 2592 1115 ὥστε
2671 1059 3076 1135 ἐξαπορηθῆναι
3159 1062 3306 1132 ἡμᾶς
3386 1058 3475 1114 καὶ

2184 1148 2363 1207 Ἀλλά
2420 1150 2573 1205 αὐτοὶ
2630 1148 2681 1205 ἐν
2738 1151 2950 1212 ἑαυτοῖς
3009 1150 3073 1204 τὸ
3129 1146 3410 1224 ἀπόκριμα
3463 1154 3577 1203 τοῦ
3626 1149 3847 1202 θανάτου

2183 1239 2519 1314 ἐσχήκαμεν,
2574 1240 2665 1294 ἳνα
2727 1242 2803 1311 μή
2861 1240 3183 1301 πεποιθότες
3250 1240 3396 1313 ὦμεν
3451 1237 3542 1318 ἐφ’
3619 1240 3850 1307 ἑαυτοῖς,

2183 1325 2312 1383 ἀλλ’
2369 1328 2457 1384 ἐπὶ
2508 1333 2589 1401 τῷ
2646 1333 2762 1400 Θεῷ
2816 1334 2895 1399 τῷ
2965 1328 3228 1403 ἐγείροντι
3282 1330 3408 1391 τοὺς
3466 1328 3739 1402 νεκροὺς,
3800 1328 3851 1388 ὃς

2182 1415 2241 1472 ἐκ
2294 1414 2629 1484 τηλικούτου
2708 1418 2944 1481 θανάτου
3031 1417 3291 1494 ἐρῥύσατο
3350 1420 3501 1489 ἡμᾶς
3568 1417 3671 1471 καὶ
3739 1416 3852 1490 ῥίνε-

2397 1508 2411 1525 ν
2526 1508 2534 1523 '
2748 1510 2759 1539 ι
3039 1510 3046 1522 '
3456 1507 3505 1527 υ
3559 1529 3580 1539 -

2180 1529 2286 1564 ται.
2348 1512 2443 1570 Εις
2504 1510 2559 1563 6v
2618 1505 2954 1580 ήλπκαμεν,
3017 1510 3103 1564 ὁτι
3160 1509 3250 1563 καὶ
3306 1502 3385 1563 ἔτι
3445 1529 3705 1583 ρυσεται,
3739 1529 3854 1561 συν-

2190 1598 2581 1669 υπουροὺγτων
2638 1598 2729 1651 καὶ
2788 1597 2941 1668 ὑμῶν
3029 1598 3163 1671 ὑπὲρ
3248 1600 3407 1667 ἡμῶν
3482 1595 3564 1670 τῇ
3658 1594 3853 1665 δεήσει·

2178 1683 2267 1740 ἵνα
2297 1684 2357 1740 ἐκ
2385 1684 2613 1742 πολλῶν
2642 1686 2956 1761 προσώπων
3008 1686 3073 1741 τὸ
3136 1685 3212 1747 ε¹ς
3270 1688 3417 1759 ἡμᾶς
3447 1686 3743 1761 χάρισμα,
3774 1682 3855 1740 διὰ

2185 1772 2416 1830 πολλῶν
2450 1774 2819 1850 εὐχαριστηθῇ
2846 1776 2978 1850 ὑπὲρ
3012 1775 3191 1849 ὑμῶν.

2257 1865 2396 1921 Εἶτα
2450 1862 2636 1934 ἐπειδή
2696 1861 3168 1939 ἀπροσδιορῖστως
3225 1863 3466 1938 θλίψεως
3539 1863 3850 1940 ἐμέμνητο,

2186 1956 2275 2006 νῦν
2310 1951 2459 2029 λέγει
2518 1952 2678 2013 ποίας
2736 1950 2993 2026 θλίψεως.
3049 1954 3162 2007 Ἲνα
3225 1951 3392 2027 μηδὲν
3449 1952 3701 2028 ἀγνοῆτε
3749 1958 3849 2008 τῶν

2184 2044 2301 2096 κατ’
2360 2040 2478 2115 ἐμὲ,
2538 2040 2723 2119 φησίν
2800 2041 2933 2117 ὅπερ
3008 2043 3221 2117 ἀγάπης
3297 2041 3463 2097 ἐστίν·
3517 2044 3561 2113 ἢ
3627 2043 3721 2097 ἳνα
3781 2046 3852 2116 μή

2187 2131 2508 2208 ἀγνοοῦντες
2537 2133 2603 2185 τὰ
2652 2126 2933 2204 συμϐάντα
2981 2134 3143 2205 ἡμῖν,
3180 2132 3470 2206 μέμψησθε
3501 2129 3605 2186 διὰ
3636 2131 3695 2187 τί
3724 2133 3854 2186 nati

2187 2220 2281 2281 τὰς
2342 2221 2660 2295 ὑποσχέσεις
2718 2220 2817 2274 οὐκ
2873 2218 3117 2293 ἤλθομεν
3176 2220 3312 2293 πρὸς
3372 2221 3533 2293 ὑμᾶς.
3606 2246 3635 2271 ι(
3700 2222 3848 2292 Ὑπὲρ

2186 2312 2286 2374 τῆς
2340 2304 2579 2380 θλίψεως
2636 2309 2818 2378 ἡμῶν.
2859 2331 2885 2358 »ι
2970 2311 3142 2363 Τοῦτο
3218 2307 3308 2361 καὶ
3365 2305 3416 2362 ὲν
3477 2311 3552 2379 τῇ
3618 2307 3851 2382 προτέρᾳ

2188 2391 2482 2470 προέλεγεν
2545 2396 2868 2469 Ἐπιστολῇ,
2925 2397 3010 2451 δτι
3074 2418 3099 2449 α
3133 2396 3278 2471 Θῦρα
3309 2418 3405 2470 μοι
3436 2395 3739 2465 ἀνὲιυκται,
3765 2397 3847 2452 καὶ

2187 2484 2549 2555 ἀντικείμενοι
2574 2482 2798 2541 πολλοί.
2825 2510 2850 2536 »ι
2877 2518 2945 2527 -
2968 2510 2992 2536 (ι
3022 2487 3138 2539 Ὃτι
3169 2488 3286 2549 καθ’
3315 2481 3640 2557 ὑπερϐολὴν
3665 2481 3845 2560 ἐϐαρῦ-

2188 2575 2382 2645 θημεν.
2419 2598 2445 2624 »ι
2480 2574 2688 2651 Μέγας,
2713 2574 2902 2652 φησὶν,
2933 2575 3000 2644 ἧν
3032 2576 3059 2629 6
3091 2576 3417 2649 πειρασμὸς,
3449 2575 3541 2630 καὶ
3574 2579 3679 2646 τὴν
3713 2576 3836 2649 ὲμῆν

2191 2657 2527 2735 ὑπερϐαίνων
2591 2662 2832 2736 δύναμιν.
2895 2667 3019 2720 "Evr
3077 2665 3180 2741 γὰρ
3239 2664 3325 2720 καὶ
3362 2664 3533 2740 μέγαν
3564 2661 3834 2739 ὅντα,φέ-

2192 2755 2373 2826 ρεσθαι
2428 2754 2688 2828 γενναίως
2743 2754 2891 2827 παρά
2943 2774 3115 2815 τινος.
3180 2779 3199 2804 α
3236 2756 3397 2809 ’Ὥστε
3440 2755 3821 2828 ἐξαπορηθῆναι

2190 2845 2338 2914 ἡμᾶς
2395 2843 2485 2897 καὶ
2544 2846 2640 2898 τοῦ
2696 2844 2809 2914 ζῇν.
2875 2868 2902 2894 ››
2964 2874 3026 2886 -η
3082 2843 3241 2917 [ΤΟΥ
3278 2844 3808 2916 ΧΙὟΣΟΣΤΟΜΟΥ]

3008 2932 3069 2986 οὐ
3143 2931 3617 3007 προσεδοκήσαμεν
3667 2934 3801 3000 ζήσε-

2194 3024 2334 3090 σθαι,
2393 3020 2520 3076 ἀλλ’
2579 3020 2629 3075 έν
2690 3022 2903 3082 ἑαυτοῖς
2961 3017 3344 3096 ἐλογισάμεθα,
3412 3022 3494 3076 ὅτι
3533 3019 3799 3083 ἀποθαντὲ-

2197 3112 2330 3185 μεθα
2384 3109 2611 3171 παντως.
2671 3116 2843 3165 Τοῦτο
2901 3113 3003 3184 γὰρ
3062 3109 3229 3177 ἐστιν,
3292 3132 3313 3159 ι
3346 3109 3520 3167 Αὐτοὶ
3548 3107 3809 3167 tvm-.01.:

2190 3204 2252 3258 τὸ
2284 3197 2566 3276 ἀπόκριμα
2609 3206 2707 3257 τοῦ
2764 3203 2995 3265 θανάτου
3052 3200 3383 3277 ἐσχήκαμεν.
3425 3226 3453 3253 ι)
3509 3206 3679 3256 Τοῦτο
3704 3203 3821 3271 ἡμῖν

2191 3292 2258 3347 τὰ
2311 3292 2601 3365 πράγματα
2657 3291 3009 3364 ἀπεκρίνατο,
3069 3292 3156 3347 δτι
3210 3289 3577 3364 ἀπολλύμεθα
3607 3292 3829 3348 πάντως-

2196 3383 2296 3440 Kal
2356 3381 2501 3443 τίνος
2556 3379 2727 3437 ’ἑνεκεν
2789 3380 3137 3455 συνεχώρησε
3198 3381 3365 3456 μέχρι
3417 3382 3701 3438 τοσούτων
3737 3403 3835 3436 κιν-

2198 3468 2368 3525 δύνων
2426 3468 2601 3534 ἐλθεῖν
2662 3472 2809 3541 ἡμᾶς
2864 3470 2892 3523 6
2949 3470 3120 3539 Θεόςς
3182 3494 3209 3523 ι(
3245 3472 3357 3525 Ἵνα
3418 3472 3493 3543 μὴ
3528 3470 3839 3535 πεποιθότες

2198 3564 2343 3635 ὦμεν
2404 3563 2485 3643 ἐφ’
2541 3564 2774 3625 ἑαυτοῖς.
2830 3587 2858 3615 ››
2917 3566 2981 3620 '0
3042 3561 3099 3618 δὲ
3158 3563 3322 3639 λέγει,
3379 3566 3636 3620 τοιοῦτόν
3690 3564 3840 3621 ἔστιν·

2198 3652 2308 3707 Ἵνα
2343 3654 2417 3724 μὴ
2455 3653 2591 3726 μέγα
2646 3657 2956 3731 φοονῶμεν,
3013 3655 3198 3727 φησῖν,
3256 3654 3342 3708 ἳνα
3384 3655 3461 3725 μή
3493 3656 3846 3729 ὲπαιρὼμεθα

2196 3745 2312 3803 τοῖς
2345 3742 2787 3815 κατορθώμασιν,
2819 3741 2848 3797 6'
2877 3743 2967 3797 καὶ
3034 3742 3265 3814 προϊὼν,
3323 3741 3649 3820 σαφέστερον
3687 3744 3840 3820 λέγει·

2204 3854 2225 3882 ι
2263 3830 2363 3886 Καὶ
2395 3834 2461 3903 τῇ
2522 3826 2802 3905 ὑπερϐολῇ
2862 3836 2969 3887 τῶν
3030 3828 3415 3906 ἐποκαλὺψεων
3447 3832 3537 3886 ἳνα
3575 3835 3653 3903 μή
3690 3836 3844 3906 ὑπερ-

2199 3917 2461 3992 αἷρωμαι,
2496 3915 2655 3988 ἐδόθη
2692 3940 2787 3993 μοι
2816 3918 3048 3997 ἄγγελος
3080 3926 3272 3987 Σατίν,
3316 3944 3342 3970 ››
3392 3919 3518 3981 τοὺς
3550 3917 3844 3983 θλίϐοντας

2197 4007 2360 4063 αὑτὸν
2421 4007 2595 4082 λέγων
2679 4006 2767 4063 καὶ
2849 4008 3251 4083 ἐπηρεάζοντας
3332 4009 3541 4065 τούτων
3619 4007 3845 4067 ἕκαστον

2198 4097 2480 4170 ἄνθρωπον
2546 4101 2716 4152 Σατᾶν
2776 4097 2983 4155 καλῶν.
3048 4101 3475 4173 Συνειωρτςθην,
3541 4102 3702 4176 φησὶ,
3739 4122 3847 4156 πει-

2199 4186 2440 4262 ρασμοὺς
2498 4185 2805 4260 ὑπομένειν,
2862 4186 2949 4241 ἳνα
2980 4190 3013 4256 ἡ
3049 4188 3276 4242 ἀπόνοια
3334 4209 3438 4260 μου
3467 4189 3849 4258 καταστέλλη·

2197 4296 2286 4330 ται
2315 4276 2403 4329 καὶ
2448 4277 2751 4350 μετριάζειν
2814 4277 2990 4347 μάθω.
3053 4277 3144 4331 Διὸ
3200 4276 3289 4331 καὶ
3347 4276 3736 4349 παρακαλέσας
3768 4282 3846 4334 τὸν

2201 4366 2351 4433 Θεὸν,
2384 4366 2486 4421 06/.
2542 4364 2737 4445 ἔτυχον
2793 4373 2892 4435 τῆς
2950 4367 3240 4437 αἰτήσεως,
3299 4365 3424 4423 ἀλλ’
3456 4363 3642 4441 ἔμεινα
3676 4368 3849 4440 διηνε-

2202 4459 2310 4517 κῶς
2367 4455 2649 4533 φάρμακον
2702 4457 3226 4533 ταμεινοφροσῦνης,
3284 4457 3382 4525 τὴν
3444 4456 3632 4533 θλίψιν
3687 4458 3844 4535 ἔχων.

2203 4546 2301 4600 Καὶ
2357 4545 2529 4608 οὕτως
2588 4546 2679 4615 ἦν,
2739 4546 2894 4623 φησὶ,
2959 4548 3131 4624 μέγας
3182 4548 3210 4603 6
3267 4549 3598 4623 πειρασμὸς,
3658 4552 3739 4613 ὡς
3767 4549 3847 4605 καὶ

2202 4634 2367 4691 αὑτοῦ
2423 4639 2518 4689 τοῦ
2581 4639 2676 4709 ζῇν
2735 4634 3101 4711 ἐκδιωχθῆναι
3155 4640 3325 4709 ἡμᾶς.
3358 4637 3462 4694 Τὸν
3516 4636 3573 4693 δὲ
3603 4645 3847 4696 τ’)ιῡῦτον

2202 4726 2504 4798 πειρασμὸν
2535 4727 2563 4780 6
2595 4724 2757 4782 Δαυὶδ
2786 4724 2962 4788 π·3λας
3021 4724 3151 4797 ᾇόου
3208 4726 3368 4783 καλεῖ
3391 4729 3479 4783 καὶ
3508 4727 3736 4796 ὠδῖνας,
3769 4730 3848 4787 καὶ

2203 4817 2352 4869 σκιὰν
2384 4815 2629 4877 θανάτου.
2693 4814 2932 4873 «Ἀθ.λά
2996 4816 3150 4872 αὐτοὶ
3205 4817 3255 4870 ἐν
3316 4818 3533 4881 ἑαυτοῖς
3592 4821 3655 4875 τὸ
3716 4821 3847 4876 ἀπό-

2200 4924 2371 4975 κριμα
2399 4909 2495 4959 τοῦ
2527 4904 2756 4961 θανάτου
2803 4903 3141 4985 ἐσχήκαμεν.
3182 4931 3206 4955 η
3236 4908 3313 4963 Τὸ
3343 4908 3648 4983 ἀπόκριμα,
3691 4931 3848 4966 τουτ-

2201 4994 2313 5048 έστι
2362 4996 2460 5060 την
2494 4998 2693 5072 ψῆφον,
2752 4997 2849 5066 τὴν
2903 4995 3103 5057 κρίσιν.
3158 4997 3223 5053 ⁸0
3283 4993 3342 5051 δὲ
3401 4996 3567 5071 λέγει,
3603 5000 3841 5055 τοιοῦτόν

2202 5081 2363 5137 ἐστιν’
2399 5089 2602 5158 "Axs-4
2662 5086 2845 5155 ἡμῶν,
2907 5087 3061 5154 Φησὶ.
3121 5086 3210 5140 καὶ
3266 5093 3369 5153 τῆς
3417 5091 3575 5158 ἡμῶν
3621 5088 3845 5157 ἐννοίας,

2200 5165 2327 5243 ἔστη
2391 5175 2425 5241 ἡ
2483 5177 2579 5228 τοῦ
2637 5174 2869 5229 θανάτου
2926 5173 3247 5248 προσδοκία.
3307 5176 3368 5233 Ὁ
3426 5178 3530 5250 γὰρ
3589 5179 3715 5240 Θεὸς
3753 5178 3849 5234 οὐκ

2202 5258 2375 5315 ε’ἶασεν
2438 5259 2605 5327 αὑτήν
2664 5261 2738 5322 εἰς
2794 5260 2952 5337 ἔργον
3010 5261 3209 5326 ἐλθεῖν,
3272 5260 3541 5319 διδ-ἷσκων
3592 5269 3737 5337 ἡμᾶς
3774 5268 3846 5340 μὴ

2200 5350 2512 5405 πεποιθέναι
2542 5350 2629 5404 ἐπὶ
2671 5348 2782 5422 ἰδίᾳ
2824 5349 3050 5425 δυνάμει
3110 5354 3145 5423 ἢ
3207 5351 3408 5426 βουλῇ,
3441 5354 3567 5410 ἀλλ’
3598 5355 3677 5410 ἐπ’
3708 5355 3849 5428 αὑτῷ

2205 5438 2378 5512 μόνῳ,
2434 5438 2516 5494 ὅτι
2568 5442 2657 5494 καὶ
2706 5441 2773 5495 τὰ
2802 5442 2930 5515 παρ’
2987 5444 3121 5514 ἡμῖν
3155 5440 3446 5498 ἀνέλπιστα
3476 5445 3564 5499 καὶ
3597 5443 3844 5513 ἀδῦνατα,

3654 878 3708 932 ἐν
3782 883 3843 953 τῇ

3571 1061 3682 1113 τοῦ

1486 5612 1505 5645 ⁸
1538 5613 1629 5667 Ps.
1665 5631 1796 5684 ινιτ,
1830 5632 1964 5689 xxu,
1996 5635 2154 5688 xuii,
2188 5636 2356 5687 nvu,
2388 5636 2578 5688 nvm,
2612 5637 2683 5675 γι.
