4068 6254
167 320 320 380 91⁸7
1185 323 1595 385 ΟΟΜΜΕΝΤ.
1641 320 1717 380 ΙΝ
1764 321 1866 380 ΕΡ

1979 318 2016 379 .‘.
2064 319 2118 381 II
2163 318 2268 377 AD
2310 317 2677 380 CORINTH.
3525 316 3644 377 918

170 450 353 522 αὐτῷ
413 450 578 528 ῥᾴδια
633 453 723 508 καὶ
774 451 996 510 δυνατά.
1057 456 1234 512 Τοῦτο
1293 451 1350 510 δέ
1387 473 1519 530 φησι
1591 453 1685 508 τὸν
1736 450 1863 507 Θεὸν

1979 456 2079 507 aut
2108 451 2497 518 consilio,sed
2521 451 2581 506 in
2613 451 2742 523 ipso
2777 450 2924 506 solo.
2958 452 3102 506 Nam
3127 449 3196 505 de
3230 448 3448 521 quibus
3478 449 3637 523 apud

1989 558 2097 596 nos
2129 541 2294 596 nulla
2322 540 2573 597 habetur
2603 558 2758 612 spes.
2793 540 2895 595 sed
2929 540 3321 612 impossibilia
3342 540 3638 603 videntur,

1989 648 2057 687 ea
2089 639 2228 686 sunt
2258 632 2368 702 ipsi
2402 631 2725 702 possibilia,
2760 631 2878 685 imo
2924 637 2982 684 et
3039 630 3253 683 facilia.
3291 631 3405 684 Hoc
3437 636 3635 684 autem

1990 722 2172 775 Deum
2226 720 2436 775 fecisse
2496 719 2655 786 dicit,
2719 737 2837 774 non
2887 719 3044 790 quod
3103 720 3212 789 ipsi
3266 719 3446 773 Paulo
3486 736 3636 790 opus

1990 827 2118 865 esse
2152 811 2262 865 hoc
2284 811 2512 865 discere
2554 810 2715 880 (Quis
2748 810 2906 864 enim
2939 810 3123 882 magis
3155 825 3331 878 quam
3366 809 3490 879 ipse
3525 826 3633 863 no-

1987 905 2150 953 verat
2183 900 2240 953 in
2273 899 2398 954 solo
2444 901 2557 954 Deo
2592 898 2950 970 sperandum
3009 913 3138 952 esse
3169 897 3240 968 ‘2),
3275 897 3376 951 sed
3410 903 3475 951 ut
3531 913 3637 968 per

1987 1006 2096 1043 nos
2129 988 2228 1042 alii
2253 989 2363 1043 hoc
2394 988 2717 1043 discerent.
2754 1018 2816 1026 —
2847 991 2951 1041 Aut
2981 987 3081 1041 hoc
3115 987 3291 1041 modo.
3329 987 3406 1040 De
3463 987 3635 1041 nobis

170 543 596 612 πεποιηκέναι,
633 541 739 598 067.
772 543 846 606 ὡς
876 543 1042 598 αὐτοῦ
1096 541 1312 598 Παύλου
1360 540 1620 615 δεομένου
1665 543 1874 613 μαθεῖν,

173 632 322 703 (Τίς
383 632 488 705 γὰρ
550 633 714 686 αὐτοῦ
779 631 992 705 μᾶλλον
1053 631 1179 706 ᾔδει
1255 634 1340 700 τὸ,
1400 632 1487 686 ἐπὶ
1551 631 1702 703 μόνῳ
1763 634 1880 700 Θεῷ

173 718 455 790 ἐλπίζειν
491 729 552 788 ;),
587 719 716 775 ἀλλ’
742 720 832 775 ἳνα
873 717 943 775 δι’
974 723 1138 794 ἡμῶν
1173 721 1224 775 οἱ
1283 718 1450 776 ἄλλοι
1480 723 1642 776 τοῦτο
1686 719 1876 792 μαθω-

183 832 310 865 σιν.
380 843 451 851 —
518 813 587 865 "EI
674 809 868 870 οὓτως.
937 811 1274 884 [ΟΙΚΟΥΜ.]
1373 811 1634 876 Ἑαυτῶν,
1693 808 1876 885 φησὶν.

177 897 535 972 ἆπέγνωμεν
570 896 868 966 παντελῶς,
910 898 1002 952 ἳνα
1032 900 1130 968 τήν
1162 895 1360 952 ἐλπίδα
1401 896 1487 952 ἐπὶ
1553 897 1704 970 μόνῳ
1762 900 1878 967 Θεῷ

179 991 464 1060 σχῶμεν.
522 987 583 1041 Ὀ
647 983 702 1040 δὲ
769 986 966 1039 ἑαυτοῦ
1026 985 1565 1063 προαπογινώσκων,
1631 988 1748 1046 πῶς
1817 981 1874 1037 ἂν

187 1075 392 1145 οἰκείᾳ
433 1072 610 1149 βουλῇ
643 1075 676 1144 ἢ
712 1073 958 1146 δυνάμει,
992 1074 1025 1144 ἢ
1061 1073 1333 1149 ἀπολογίᾳ
1400 1073 1660 1144 σώζεσθαι
1723 1071 1879 1128 ἐλπί-

377 1165 391 1182 ο
504 1163 549 1194 εν
595 1164 607 1182 ,
772 1164 784 1182 ρ
960 1165 972 1180 ε
1024 1165 1048 1181 ..
1343 1169 1370 1180 -
1499 1163 1523 1181 κ
1565 1168 1587 1180 ..
1825 1163 1846 1174 ..

187 1185 292 1220 σοι
334 1186 347 1231 ;
397 1174 468 1225 Ως
503 1194 550 1236 ις
584 1166 890 1225 ακολουθου
922 1186 982 1218 το
1015 1186 1151 1219 απαν
1183 1165 1374 1219 ἑαυτου
1432 1164 1680 1218 ἐκοουναι
1737 1171 1874 1234 Θεῳ.

186 1288 267 1298 ——
309 1254 566 1315 Ἄλλως.
603 1254 984 1328 [ΙΩΑΝΝ()Υ.]
1019 1254 1094 1310 Τὸ
1151 1253 1457 1327 ἀπόκριμα,
1513 1254 1612 1321 τήν
1670 1255 1877 1329 ψῆφον,

184 1345 304 1412 τήν
384 1339 740 1416 προσδοκίαν,
799 1344 896 1410 τήν
977 1342 1178 1418 κρῗσιν.
1259 1342 1526 1411 Γοιαύτην
1589 1342 1738 1416 ἠφίει
1811 1342 1876 1396 τὰ

195 1434 520 1506 πράγματα
575 1435 781 1508 ’ξωνιςνο
841 1432 1096 1492 τοιαύτην
1178 1431 1464 1506 ἀπόκρισν
1553 1427 1734 1486 ἐδίδου
1812 1431 1877 1486 τα

192 1518 363 1594 συμϐ
388 1523 523 1588 Ξντα,
586 1523 666 1576 ὅτι
729 1521 1150 1594 ἀποθανούμεθα
1191 1523 1424 1581 πάντως.
1457 1520 1529 1573 O6
1564 1521 1670 1591 μην
1707 1518 1871 1594 μέχςι

191 1619 315 1679 τῆς
352 1612 544 1682 πείρας
581 1608 734 1680 ἐξέϐη
793 1615 975 1670 τοῦτο,
1045 1607 1193 1665 ἀλλά
1261 1605 1428 1684 μέχρι
1463 1616 1562 1677 τῆς
1617 1609 1870 1669 ὑπονοίας

198 1695 348 1770 ἔστη
422 1707 521 1766 τῆς
581 1699 872 1771 ἡμετέρας.
933 1699 995 1754 Ἠ
1056 1700 1150 1770 μὲν
1207 1701 1306 1772 γαρ
1368 1702 1473 1752 τῶν
1539 1698 1870 1771 πραγμάτων

1988 1078 2133 1148 ipsis
2165 1078 2413 1131 omnino
2466 1076 2906 1148 desperavimus
2937 1081 3002 1131 ut
3052 1092 3215 1146 Spem
3241 1076 3301 1129 in
3361 1075 3485 1131 solo
3520 1076 3635 1130 Deo

1987 1166 2364 1222 haberemus.
2407 1168 2549 1220 Nam
2597 1167 2696 1236 qui
2762 1166 2926 1236 prius
2984 1163 3054 1218 de
3091 1165 3286 1235 seipse
3337 1163 3634 1234 desperat,

1991 1255 2286 1326 quomodo
2319 1256 2558 1326 proprio
2589 1255 2841 1309 consilio
2864 1260 2966 1308 aut
2986 1254 3196 1308 virtute
3221 1269 3321 1307 seu
3345 1252 3638 1308 defensio-

1986 1361 2061 1398 ne
2094 1345 2316 1398 salvum
2380 1360 2440 1398 se
2494 1344 2618 1399 fore
2670 1343 2986 1414 sperabit?
3043 1345 3114 1398 Ut
3157 1357 3527 1411 consequens-
3559 1343 3636 1396 sit

1987 1433 2274 1504 quidquid
2305 1433 2500 1498 habet,
2538 1434 2593 1486 id
2631 1434 2814 1487 Deum
2849 1433 3103 1486 dedisse.
3154 1462 3215 1472 —
3252 1431 3382 1485 Alio
3433 1432 3630 1486 modo.

1986 1525 2376 1593 Responsum.
2415 1522 2469 1576 id
2504 1530 2611 1586 est,
2675 1522 2998 1582 decretum.
3033 1521 3531 1591 exspectationem
3567 1538 3635 1574 ac

1975 1611 2270 1682 judicium
2306 1612 2422 1665 sive
2457 1612 2847 1665 sententiam:
2883 1609 3225 1679 liujusmodi
3253 1627 3447 1665 vocem
3482 1611 3634 1680 peri-

1983 1701 2116 1754 cula
2147 1701 2518 1767 emittebant,
2580 1699 2918 1770 hujusmodi
2953 1700 3512 1754 condemnationem
3563 1715 3630 1754 ac

194 1790 377 1867 φύσις
436 1793 599 1842 τοῦτο
667 1789 999 1864 ἀπεφήνατο,
1061 1791 1095 1856 ἡ
1157 1784 1213 1842 δὲ
1268 1791 1364 1841 τοῦ
1435 1791 1569 1842 Θεοῦ
1647 1784 1867 1860 δύναμις

245 1880 261 1897 9
355 1879 368 1889 ⁸
427 1885 454 1896 ο
609 1879 622 1896 \
710 1880 722 1894 9
789 1880 798 1892 ο
1085 1876 1100 1896 9
1193 1871 1238 1897 ’,ν
1412 1874 1554 1897 ’Ἷῆυ
1677 1875 1838 1897 "‘."

1983 1794 2207 1848 exitum
2241 1793 2462 1848 dabant
2490 1810 2558 1847 ea
2585 1810 2715 1862 quae
2750 1792 3353 1865 contingebantquod
3386 1792 3630 1846 omnino

190 1880 312 1934 οὐκ
346 1879 526 1954 sicin
565 1879 664 1947 τὴν
699 1880 995 1954 ἀπνὶςιανσιν
1057 1876 1132 1938 εἷς
1190 1871 1347 1950 ἔργον
1407 1874 1606 1942 ἐλθεῖν,
1666 1875 1792 1930 ἀλλ’
1823 1875 1874 1929 ἐν

189 1972 272 2040 τῇ
311 1965 524 2037 διανοίᾳ
553 1969 716 2036 ἡμῶν
749 1970 912 2022 τοῦτο
945 1961 1223 2038 συμϐῆναι
1289 1967 1659 2044 συνεχώρησε.
1704 1986 1725 2014 ε
1786 1969 1878 2020 Διὸ

201 2057 304 2112 καὶ
365 2055 418 2111 ἐν
477 2056 714 2120 ἑαυτοῖς,
783 2054 937 2134 φησθ,
997 2056 1058 2110 τὸ
1113 2054 1399 2129 ἀπόκριμα
1469 2058 1565 2110 τοῦ
1651 2053 1876 2107 θανάτου

201 2147 556 2220 ἐσχήκαμεν,
595 2169 621 2194 ››
689 2146 894 2218 ’Ὠσπερ
954 2143 1210 2220 λέγομεν,
1270 2142 1566 2217 Ἀπεκρίθη
1627 2145 1662 2212 ἡ
1720 2142 1876 2204 νόσος

197 2237 282 2298 εἷς
344 2236 575 2310 ὑγίειαν,
636 2234 670 2303 ἢ
755 2234 1020 2309 ἀπεκρίθη
1107 2235 1182 2296 εἰς
1265 2235 1516 2303 θάνατον,
1575 2237 1874 2302 τουτέστιν,

204 2322 372 2399 ἐξέϐη
386 2369 399 2390 ,
495 2322 746 2394 ἐτελέσθη
758 2367 771 2388 ,
859 2325 1303 2396 ἀπετελεύτησεν·

204 2441 235 2468 ‹‹
277 2416 599 2487 Ἀπόκριμα
654 2413 908 2482 θανάτου,
945 2438 973 2464 ››
1032 2414 1094 2468 τὸ
1149 2414 1308 2474 τέλος
1355 2413 1523 2469 αὐτοῦ
1584 2416 1694 2488 χρή
1734 2419 1874 2468 νοεῖν

1011 2505 1177 2576 [NT
1204 2507 1224 2574 ]
1280 2503 1560 2577 ὐπορῆθη
1573 2524 1665 2574 μεν
1748 2503 1872 2579 γάρ,

208 2594 377 2673 φησὶ,
411 2596 508 2646 τοῦ
536 2597 654 2663 ζῇν,
708 2591 798 2647 καὶ
863 2591 996 2666 μετά
1052 2596 1160 2646 τῶν
1219 2597 1424 2666 νεκρῶν
1486 2591 1872 2666 ἐλογίσθημεν,

1393 2325 1564 2386 οὕτως
1622 2325 1712 2380 καὶ
1765 2329 1873 2378 νῦν.

205 2505 306 2561 καὶ
368 2505 469 2570 τὴν
530 2496 771 2559 ἔκϐασν.
868 2535 922 2544 -

208 2686 334 2758 οὐχ
367 2684 452 2758 ὑφ’
489 2682 698 2756 ἐτέρων,
743 2681 872 2738 ἀλλ’
929 2683 1092 2738 αὐτοὶ
1152 2683 1203 2738 ἒν
1259 2683 1471 2746 ἑαυτοῖς
1523 2684 1584 2738 τὸ
1641 2678 1870 2762 ἔσχατον

213 2774 315 2828 καὶ
402 2773 463 2826 τὸ
520 2771 670 2832 τέλος
721 2777 820 2826 τοῦ
881 2772 1110 2836 θανάτου
1198 2769 1506 2834 κατιδόντες
1564 2773 1652 2826 καὶ
1713 2770 1874 2845 λογι-

207 2861 461 2934 σάμενοι.
522 2861 580 2914 ὐ
635 2859 691 2915 δὲ
769 2859 894 2916 οὐδὲ
952 2861 1373 2934 Ἐλογισαμεθα,
1457 2862 1644 2937 φησὶν,
1722 2859 1870 2927 ἀλλ’,

203 2952 650 3024 «daal-(mum,
699 2973 725 3001 »
783 2950 844 3004 16
907 2945 1289 3026 ἀναμφίϐολον
1339 2953 1437 3004 τοῦ
1497 2951 1722 3005 θανάτου
1781 2951 1870 3004 καὶ

195 3041 549 3113 παρεστηκός
614 3037 1041 3112 ἐνδεικνύμενος.
1115 3038 1304 3101 Οὕτως
1360 3040 1427 3108 ἦν
1506 3038 1693 3113 θλίψις
1752 3044 1870 3103 καθ’

199 3127 520 3205 ὑπερϐολὴν
557 3131 692 3205 ὑπὲρ
726 3128 979 3202 δόναμιν,
1013 3127 1156 3186 ὥστε
1205 3130 1233 3184 6
1291 3128 1507 3191 Παῦλος
1536 3128 1645 3201 ἤδη
1678 3132 1867 3200 τεθνη-

196 3218 310 3280 κὼς
336 3219 427 3288 ἦν,
483 3217 610 3272 ὅσον
660 3221 728 3290 τῇ
793 3215 1021 3290 δυνάμει
1086 3217 1268 3274 αὐτοῦ.
1331 3215 1526 3292 Γέγονε
1565 3215 1623 3272 δὲ
1680 3223 1864 3284 τοῦτο,

197 3311 357 3388 φησῖ,
418 3309 508 3364 καὶ
568 3312 694 3385 παρ’
751 3307 980 3370 ἑλπίδας
1040 3309 1340 3380 ἱζήσαμεν,
1407 3306 1493 3363 ἵνα
1561 3307 1613 3363 ἐν
1676 3306 1866 3382 μηδενὶ

199 3398 350 3469 ὦμεν
381 3395 778 3473 τεθαῤῥηκὸτες
836 3397 1078 3466 ἑαυτοῖς,
1137 3393 1266 3452 ἀλλ’
1321 3394 1411 3450 ἰπὶ
1477 3399 1554 3467 τῷ
1611 3401 1729 3468 Θεῷ
1785 3399 1865 3467 τῷ

203 3485 476 3561 ὶγείροντι
499 3487 627 3548 τοὺς
652 3485 898 3560 νεκρούς.

1985 1902 2371 1941 moreremur.
2399 1888 2780 1956 Nequaquam
2815 1886 2925 1940 hoc
2957 1885 3016 1939 in
3049 1885 3477 1955 experientiam
3525 1886 3628 1940 de-

1984 1975 2228 2030 ductum
2261 1980 2368 2029 est.
2406 1974 2510 2030 sed
2540 1975 2597 2029 in
2622 1980 2826 2029 nostra
2863 1973 3276 2044 desperatione
3335 1972 3622 2029 substitit.

1983 2064 2285 2136 Siquidem
2317 2064 2427 2119 hoc
2462 2064 2861 2135 periculorum
2893 2069 3106 2118 natura
3163 2062 3628 2127 demonstrabat,

1983 2153 2083 2209 Dei
2116 2171 2250 2208 vero
2283 2155 2547 2225 potentia
2570 2170 2688 2208 non
2715 2153 2984 2225 permisit
3007 2151 3066 2206 id
3104 2151 3260 2222 quod
3283 2151 3632 2206 ostendeba-

1981 2248 2078 2298 tur
2104 2244 2165 2297 in
2227 2260 2374 2313 opus
2431 2243 2762 2314 pervenire,
2829 2243 2932 2297 sed
2981 2243 3040 2296 in
3100 2249 3304 2296 nostra
3349 2243 3634 2298 duntaxat

1981 2338 2183 2387 mente
2216 2333 2326 2387 hoc
2361 2333 2487 2386 ﬁeri
2521 2333 2832 2386 concessit.
2859 2355 2885 2380 ‹‹
2923 2331 3062 2386 Ideo
3113 2348 3350 2402 quoque
3403 2336 3631 2399 nostra,

1980 2421 2200 2491 inquit,
2234 2427 2431 2475 mente
2463 2437 2814 2491 responsum
2876 2421 3082 2474 mortis
3142 2421 3561 2476 babueramus.
3596 2441 3622 2468 ιι

1979 2509 2488 2575 Quemadmodum
2521 2510 2776 2564 dicimus
2811 2526 2822 2564 :
2858 2509 3092 2563 Morbus
3119 2509 3426 2579 respondit
3448 2509 3508 2562 in
3532 2524 3627 2563 sa-

1979 2601 2226 2654 nitatem
2268 2605 2368 2654 aut
2427 2599 2735 2669 respondit
2766 2599 2824 2652 in
2858 2605 3131 2663 mortem,
3165 2598 3274 2652 hoc
3307 2603 3396 2652 est
3421 2597 3625 2662 evasit,

1979 2688 2181 2743 ﬁnitus
2213 2694 2320 2756 est,
2351 2689 2526 2742 desEit
2559 2689 2677 2742 :ila
2721 2704 2957 2758 quoque
3006 2693 3064 2741 et
3097 2704 3254 2742 nunc
3286 2709 3310 2735 «
3361 2689 3630 2756 Respon-

1979 2796 2106 2834 sum
2129 2781 2355 2837 mortis.
2384 2803 2409 2824 »
2434 2779 2610 2833 finem
2635 2796 2702 2833 ac
2726 2786 2996 2833 eventum
3023 2778 3355 2849 intelligere
3375 2783 3626 2848 Oportet.

1975 2899 2043 2909 —-
2076 2869 2550 2939 Desperavimus.
2613 2868 2824 2938 inquit.
2878 2867 2950 2922 de
3005 2869 3156 2922 vita:
3223 2873 3282 2920 et
3338 2883 3446 2920 nos
3474 2881 3632 2921 cum

1976 2957 2226 3012 mortuis
2258 2958 2723 3027 reputabamur:
2762 2973 2880 3011 non
2907 2956 2978 3010 ab
3010 2956 3164 3014 aliis.
3196 2955 3296 3009 sed
3332 2957 3389 3009 in
3423 2955 3629 3009 nobis-

1973 3046 2121 3116 ipsis
2153 3052 2484 3100 extremum
2517 3063 2582 3100 ac
2615 3045 2794 3100 tinem
2823 3045 3030 3100 mortis
3064 3045 3363 3098 intuentes
3423 3060 3489 3098 ac
3521 3059 3621 3098 co-

1973 3134 2244 3206 gitantes.
2281 3134 2446 3198 Quod
2491 3140 2686 3188 autem
2720 3150 2840 3189 non
2899 3133 3062 3194 dicit.
3124 3132 3624 3203 Cogitaveramus,

1981 3223 2082 3277 sed
2111 3246 2135 3271 «
2175 3222 2598 3283 Habueramus,
2632 3244 2657 3270 »ι
2691 3222 3109 3276 certitudinem
3143 3238 3210 3276 ac
3243 3220 3625 3292 prtesentiam

1976 3311 2185 3365 mortis
2214 3310 2494 3366 ostendit.
2546 3311 2706 3366 Adeo
2739 3312 2848 3365 fuit
2877 3327 3055 3382 supra
3106 3310 3347 3366 modum
3381 3308 3624 3364 afﬂictio

1975 3400 2132 3455 ultra
2161 3401 2334 3470 vires,
2367 3408 2436 3458 ut
2459 3402 2677 3457 Paulus
2700 3403 2825 3473 jam
2859 3407 3016 3456 esset
3040 3409 3330 3469 mortuus,
3359 3400 3515 3472 quod
3547 3400 3620 3455 ad

1973 3505 2110 3546 suas
2135 3491 2286 3546 vires
2299 3490 2622 3562 spectabat.
2649 3491 2766 3546 Hoc
2797 3497 2994 3546 autem
3021 3491 3240 3546 factum
3267 3495 3377 3561 est,
3401 3490 3618 3562 inquit,

197 3584 261 3634 ot
291 3584 506 3649 praeter
537 3593 704 3650 spem
734 3577 1004 3644 viximus,
1035 3581 1103 3633 ut
1131 3577 1194 3634 in
1215 3568 1381 3633 nullo
1414 3593 1580 3648 spem
1611 3592 1969 3649 poneremus
2011 3579 2072 3633 in
2102 3579 2275 3635 nobis
2307 3579 2474 3652 ipsis,
2533 3580 2682 3636 597
2746 3579 2850 3636 sed
2907 3579 2969 3634 in
3031 3581 3149 3636 Deo
3207 3579 3308 3651 qui
3366 3579 3614 3635 suscitat

211 3673 504 3723 mortuos.

284 3766 380 3834 Τῷ
412 3762 702 3838 ἐγείροντι,
762 3762 949 3838 φησὶν,
1011 3763 1072 3824 ὅς
1138 3761 1229 3817 καὶ
1297 3763 1447 3835 ἡμᾶς
1504 3764 1865 3838 νεκρωθὲντας

2049 3767 2157 3832 Qui
2214 3767 2480 3832 suscitat,
2515 3767 2730 3838 inquit,
2765 3766 2866 3838 qui
2912 3783 3022 3822 nos
3066 3783 3302 3837 quoque
3355 3770 3622 3820 mortuas

210 3857 308 3908 νῦν
334 3851 539 3926 ἤγειρε.
596 3850 692 3906 Καὶ
751 3851 852 3927 γὰρ
905 3851 968 3906 τὸ
1020 3851 1324 3925 ἀπόκριμα,
1381 3851 1538 3930 φησὶ,
1577 3850 1672 3907 τοῦ
1703 3853 1867 3908 θανά-

215 3963 316 3999 του
337 3939 389 3996 ἐν
424 3942 636 4002 ἑαυτοῖς
669 3940 1006 4016 δσχήκαμεν,
1037 3938 1126 3993 καθ
1156 3944 1320 3995 τοῦτο
1363 3940 1491 4019 οὖχῖ
1553 3937 1740 3996 ἄλλων
1769 3961 1867 3996 πε-

215 4031 271 4106 ρὶ
304 4033 466 4103 ἡμῶν
505 4029 1016 4104 ὑπολογισαμένων.
1050 4026 1177 4085 ἀλλ’
1213 4027 1370 4084 αὐτοὶ
1405 4029 1454 4083 ἐν
1480 4029 1710 4090 ἑαυτοῖς.
1764 4029 1867 4086 Καὶ

216 4119 317 4175 οὐκ
353 4118 739 4196 ὲλογτσὲμεθα,
777 4118 927 4184 ἀλλ’,
963 4141 991 4169 ‹‹
1027 4118 1360 4192 ἐσχήκαμεν,
1395 4141 1422 4169 ››
1482 4117 1615 4193 ὅπερ
1647 4116 1868 4173 ἁδίστα-

216 4230 346 4270 κτος
386 4209 474 4262 καὶ
512 4203 701 4283 βεϐαία
763 4209 960 4282 κρίσις,
1016 4207 1155 4262 ὥστε
1205 4205 1375 4275 δῆλον
1438 4207 1481 4262 εἷ
1536 4209 1610 4280 μὴ
1655 4209 1682 4263 6
1738 4209 1866 4272 Θεὸς

214 4297 428 4372 ἤγειρε,
493 4298 648 4376 φησί,
714 4298 1002 4357 τεθνεῶτες
1060 4297 1119 4350 ἄν
1177 4295 1388 4368 εἶήμεν.
1466 4297 1528 4352 Et
1589 4294 1646 4351 δὲ
1699 4303 1868 4354 ταῦτα

215 4385 433 4448 Παῦλος
480 4387 508 4440 6
541 4385 592 4440 ἐν
617 4390 738 4447 ταῖς
774 4384 995 4459 θλίψεσι
1053 4384 1488 4457 πλατυνόμενος,
1545 4387 1573 4440 6
1631 4387 1867 4463 καθάπερ

221 4476 506 4554 στεφάνοις
535 4475 622 4529 καὶ
653 4473 979 4551 ἀναῤῥῆσεσι
1009 4479 1127 4536 ταῖς
1175 4473 1394 4547 θλίψεσι
1450 4475 1868 4547 σεμνυνόμενος,

221 4564 267 4621 εἶ
297 4569 467 4620 ταῦτα
493 4565 698 4624 ἐκεῖνος
731 4560 902 4636 λέγει,
933 4561 1022 4616 καὶ
1058 4563 1120 4618 τὸ
1152 4566 1254 4616 πᾶν
1303 4569 1402 4632 τῆς
1461 4563 1732 4637 σωτηρίας
1793 4564 1866 4626 ετς

217 4654 309 4712 τὸν
366 4654 496 4708 Θεὸν
552 4650 887 4722 ἀνατίθησιν,
937 4653 1098 4723 ἡμεῖς
1154 4650 1205 4705 τί
1249 4648 1377 4725 δρᾷν
1433 4650 1726 4731 ὀφείλομεν
1755 4651 1869 4709 ἓτε-

221 4767 312 4820 ρον
344 4765 357 4815 ;
388 4745 424 4814 ἢ
457 4751 574 4806 πῶς
605 4744 820 4805 ἑαυτοῖς
855 4740 1070 4818 θαρβεῖν
1107 4742 1457 4818 ὑπαχθέντες,
1501 4745 1603 4798 οὐκ
1653 4743 1870 4819 ἐγκατα.

221 4835 629 4912 λειφθησὸμεθα
656 4831 882 4894 δικαίως
917 4833 1020 4887 ὑπὸ
1051 4836 1147 4887 τοῦ
1205 4833 1476 4902 σώζοντος
1533 4832 1624 4887 καὶ
1667 4835 1866 4909 ὑπερα-

223 4925 502 4994 σπίζοντος
535 4927 666 4978 Θεοῦ
700 4942 714 4989 ς
749 4947 776 4973 ‹‹
801 4923 894 4993 Τῷ
921 4921 1188 4995 ὲγείραντι
1217 4921 1344 4983 τοὺς
1375 4921 1614 4996 νεκρούς.
1655 4948 1674 4971 ο
1709 4925 1867 4995 ’Ἅμα

227 5016 316 5088 μὲν
345 5013 591 5092 ἐμφαίνει
625 5013 688 5067 τὸ
715 5014 812 5066 τοῦ
841 5007 1092 5066 λανδ-ὄνου
1138 5009 1381 5086 μέγεθος,
1443 5011 1740 5090 μονονουχὶ
1774 5010 1862 5066 λίς

224 5126 328 5181 γων
360 5104 445 5159 δτι
472 5100 696 5177 νεκροὺς
725 5101 1045 5175 γενομὲνους
1069 5099 1375 5170 ἀνέστησεν,
1410 5099 1521 5172 ἃμα
1553 5097 1609 5155 δὲ
1629 5101 1717 5154 καὶ
1767 5105 1864 5156 τοῦ

227 5201 320 5263 τῆς
345 5191 681 5252 ἀναστάσεως
716 5189 909 5244 αὐτοὺς
940 5189 1348 5261 ὑπομιμνήσκει
1380 5186 1570 5262 λόγου,
1602 5190 1661 5244 δν
1689 5187 1860 5245 πολὺν

227 5284 532 5353 ἐποιήσατο,
562 5280 612 5334 ἐν
643 5283 711 5353 τῇ
727 5277 1297 5353 πρώτῃἚπιστολῇΑι
1322 5280 1420 5339 ⁹’(,)ς
1453 5277 1511 5333 ἐκ
1529 5277 1860 5349 τηλικούτου

229 5373 463 5429 θανάτου,
492 5395 518 5420 ››
553 5369 666 5428 Οὐκ
697 5368 838 5434 εἶπε,
873 5389 898 5419 ι
932 5364 1210 5432 Κινδύνου,
1247 5392 1272 5417 ››
1302 5365 1468 5434 ἀλλὰ,
1502 5391 1529 5418 ‹‹
1564 5368 1856 5437 Θανάτου,››

233 5463 348 5532 ὅπερ
381 5459 560 5515 καὶτὸ
596 5455 867 5534 ὑπερεχον
892 5459 996 5510 τῶν
1055 5453 1314 5510 κινδύνων
1375 5452 1560 5527 δηλοῖ,
1617 5456 1705 5511 καὶ
1757 5459 1858 5526 τὴν

233 5553 499 5608 ἀνάστασιν
533 5544 696 5602 πάλιν
731 5545 1102 5620 παρατίθεται,
1137 5545 1212 5607 ὡς
1264 5544 1311 5600 εἷ’
1369 5542 1543 5621 ἔλεγε·
1606 5544 1670 5601 Τί
1730 5545 1858 5600 ἀπι-

235 5641 395 5702 στοῦσί
427 5659 566 5699 τινες
596 5641 664 5712 τῇ
699 5636 982 5691 ἀναστάσει
1019 5656 1033 5706 ;
1066 5632 1174 5706 ἤδη
1209 5632 1398 5690 δίδωσι
1433 5632 1700 5712 δείγματα
1727 5636 1856 5690 ταύ-

1978 3873 2138 3911 nunc
2169 3856 2460 3910 excitavit.
2494 3857 2726 3910 Etenim
2757 3872 3108 3927 responsum
3143 3855 3351 3909 mortis
3373 3855 3432 3908 in
3453 3851 3625 3907 nobis

1976 3945 2120 4016 ipsis
2152 3944 2550 4000 habueramus
2583 3959 2598 4009 ;
2630 3961 2739 4000 nec
2781 3945 2840 4000 id
2870 3944 3004 3998 aliis
3035 3944 3106 3998 de
3155 3943 3326 3998 nobis
3375 3957 3621 4014 respon-

1977 4035 2276 4103 dentibus,
2310 4035 2413 4090 sed
2471 4034 2666 4098 nobis,
2722 4035 2938 4106 inquit,
3000 4035 3058 4089 in
3092 4033 3262 4089 nobis
3307 4034 3472 4106 ipsis.
3509 4034 3626 4090 Nec

1978 4124 2141 4186 dicit.
2199 4124 2775 4182 Existimaveramus.
2810 4124 2935 4185 sed.
2996 4123 3422 4189 Habueramus,
3465 4121 3622 4194 quod

1978 4219 2206 4269 certum
2237 4229 2305 4268 ac
2336 4212 2574 4268 ﬁrmum
2605 4211 3174 4282 ostenditjudicium
3199 4229 3267 4267 ac
3297 4213 3622 4268 decretum.

1977 4304 2182 4374 Itaque
2224 4303 2605 4358 manifestum
2659 4309 2750 4358 est
2777 4302 2937 4373 quod
2967 4303 3080 4357 nisi
3116 4303 3265 4357 Deus
3297 4318 3406 4355 nos
3437 4301 3622 4356 susci-

1979 4398 2180 4459 tasset,
2223 4392 2428 4463 utique
2458 4393 2675 4447 mortui
2730 4408 3013 4448 essemus.
3048 4391 3213 4456 Quod
3245 4390 3291 4444 si
3324 4389 3450 4444 hmc
3481 4389 3625 4444 dicit

1980 4481 2323 4553 Paulus,qui
2345 4483 2403 4536 in
2427 4481 2851 4537 afflictionibus
2873 4481 3126 4537 exsultat
3143 4486 3200 4536 et
3219 4480 3319 4551 qui
3336 4480 3395 4534 in
3427 4479 3624 4534 adver-

1980 4569 2252 4624 sitatibus
2311 4569 2815 4625 inenarrabilibus
2862 4576 3147 4641 tanquam
3198 4569 3260 4623 in
3292 4569 3527 4624 coronis
3556 4584 3624 4624 ac

1979 4657 2197 4712 braviis
2250 4657 2555 4729 gloriatur,
2590 4674 2948 4728 omnemque
3001 4657 3208 4712 salutis
3239 4672 3520 4711 ancoram
3555 4655 3615 4710 in

1979 4746 2163 4801 Deum
2202 4745 2478 4817 reponit:
2511 4746 2654 4817 quid
2710 4763 2818 4802 nos
2866 4745 3029 4800 aliud
3067 4745 3260 4801 facere
3292 4743 3624 4800 debemus?

1977 4839 2080 4888 aut
2107 4835 2404 4904 quomodo
2435 4834 2508 4889 ad
2541 4834 2652 4889 hoc
2679 4833 2915 4889 adducti
2949 4841 3013 4888 ut
3043 4835 3105 4889 in
3130 4834 3301 4890 nobis
3323 4835 3466 4906 ipsis
3489 4850 3623 4890 con-

1977 4922 2250 4991 fidamus,
2275 4940 2394 4979 non
2428 4924 2638 4978 merito
2670 4941 2702 4978 a
2725 4923 3012 4979 salvatore
3044 4941 3111 4980 ac
3142 4931 3474 4996 protectore
3507 4924 3622 4978 Deo

1975 5014 2464 5086 derelinquemur
2493 5014 2521 5069 ‘I
2549 5036 2577 5064 «
2610 5015 2716 5079 Qui
2751 5015 2998 5069 suscitat
3054 5022 3335 5070 mortuos.
3371 5032 3401 5065 υ
3433 5010 3623 5068 Simul

1976 5103 2216 5173 quidem
2247 5103 2508 5158 ostendit
2537 5102 2785 5174 periculi
2809 5103 3618 5175 magnitudinem.propemo-

1976 5191 2113 5248 dum
2145 5193 2349 5247 dicens
2382 5210 2393 5247 :
2429 5194 2543 5248 Nos
2568 5193 2694 5262 jam
2751 5199 3016 5248 mortuos
3050 5192 3350 5247 suscitavit
3381 5208 3393 5245 :
3442 5190 3621 5244 simul

1970 5298 2206 5353 quoque
2239 5297 2573 5336 sermonem
2617 5281 2686 5336 de
2729 5281 3155 5338 reserrectione
3188 5280 3309 5334 illis
3340 5295 3480 5350 sugg
3520 5279 3617 5339 rit,

1970 5388 2145 5442 quem
2178 5371 2240 5426 in
2270 5371 2464 5442 priore
2491 5371 2756 5442 Epistola
2784 5371 3034 5425 multum
3069 5369 3308 5424 fecerat.
3343 5392 3368 5418 «
3405 5367 3512 5433 Qui
3544 5383 3617 5422 ex

1968 5467 2134 5517 tanta
2163 5467 2367 5516 morte.
2407 5484 2434 5509 ››
2468 5463 2591 5516 Non
2625 5461 2793 5526 dixit,
2829 5460 3117 5518 Periculo.
3153 5459 3255 5514 sed
3287 5484 3313 5508 «
3351 5461 3551 5525 Morte,
3588 5483 3608 5511 ι

1969 5550 2124 5622 quod
2159 5551 2339 5606 etiam
2369 5550 2768 5624 periculorum
2794 5550 3263 5624 magnitudinem
3297 5550 3612 5624 significat,

1968 5657 2323 5712 rursumque
2358 5641 2634 5714 proponit
2667 5641 3272 5698 resurrectionem.Ac
3304 5641 3351 5696 si
3379 5640 3610 5699 diciret:
