4068 6254
510 361 629 422 919

1632 340 2050 411 (ΕΟΗΜΕΝΙΙ
2093 347 2401 414 ΤΒΙΟΟιΕ
2447 352 2803 417 EPISCOPI

3741 357 3829 424 920

513 496 703 562 Quare
716 487 993 548 nonnulli
1016 487 1514 545 resurrectionem
1535 492 1656 542 non
1681 486 1929 543 credunt
1949 486 1978 542 ἲ
1992 486 2173 555 huius

2288 505 2383 554 της
2414 487 2443 541 ὁ
2483 487 2633 552 Θεός.
2665 491 2841 563 Ἦμᾶς
2898 491 3005 566 γὰρ
3061 497 3138 565 τῷ
3196 491 3317 568 ὅλῳ
3374 495 3516 572 μέρει
3559 497 3832 572 νεκρωθένττς

509 584 634 657 jam
666 580 889 639 indicia
915 595 983 635 ac
1012 576 1180 651 signa
1211 576 1417 632 tribuit
1442 577 1595 633 Deus
1627 594 1640 632 :
1676 592 1785 632 nos
1818 576 1975 631 enim
2010 576 2171 631 omni

518 676 686 746 parte
717 675 986 727 mortuos
1044 666 1367 723 suscitavit.
1396 689 1423 715 α
1483 664 1650 731 Quod
1685 724 1688 731 ,
1717 665 1894 720 etiam
1925 665 2173 737 posthac

522 764 835 832 erepturus
866 756 968 812 sit.
1014 776 1037 806 υ
1070 755 1192 811 Hoc
1224 754 1486 810 ostendit
1510 754 1698 825 ipsius
1728 754 1905 808 vitam
1936 753 1997 807 in
2029 768 2173 807 con-

522 850 691 905 tinua
722 863 850 904 esse
878 844 1321 917 exspectatione
1345 842 1971 899 afﬂictionum.Dicere
2004 858 2175 897 nam-

524 955 640 1012 que
670 935 1049 1009 Eripietejus
1076 948 1270 989 sermo
1299 938 1406 990 est.
1442 933 1543 1003 qui
1576 936 1818 988 noverat
1849 948 1911 987 se
1971 936 2171 986 tenta-

524 1030 717 1084 tiones
742 1033 801 1082 et
818 1024 1168 1081 afﬂictiones
1184 1036 1421 1093 semper
1440 1020 1950 1077 habiturum.Vide
1974 1027 2173 1076 autem

521 1118 897 1176 modestiam.
931 1115 1148 1171 Paulus
1187 1113 1627 1169 Corinthiorum
1660 1113 1951 1169 auxilium
2013 1112 2172 1183 quod

524 1210 614 1266 est
644 1206 716 1264 ab
743 1205 1011 1263 oratione
1046 1204 1311 1276 postulat
1342 1220 1355 1257 :
1392 1204 1505 1260 hoc
1536 1210 1732 1258 autem
1768 1208 1859 1258 est
1906 1202 2173 1259 docentis

525 1298 702 1356 etiam
729 1295 1007 1369 precandi
1031 1294 1445 1350 necessitatem
1494 1318 1519 1342 «ι
1550 1293 1737 1347 Simul
1758 1292 2174 1362 adjuvantibus

524 1395 583 1446 et
611 1387 796 1444 vobis.
834 1408 861 1435 ››
894 1385 1116 1456 Eripiet
1170 1390 1369 1439 autem
1430 1399 1540 1438 nos
1596 1387 1768 1450 Deus,
1801 1382 1964 1437 vobis
1995 1383 2173 1437 etiam

523 1479 865 1553 precatione
896 1474 1318 1547 adjuvantibus
1350 1491 1363 1529 :
1398 1480 1462 1529 ut
1515 1490 1916 1532 communem.
1958 1473 2174 1544 inquit,

525 1569 671 1626 mihi
729 1567 976 1643 gratiam
1008 1582 1076 1620 ac
1105 1564 1271 1619 vobis
1320 1564 1539 1618 tribuat
1572 1580 1585 1618 :
1618 1568 1684 1617 ut
1713 1562 1775 1617 in
1807 1562 2010 1618 multis
2041 1578 2175 1634 per-

526 1659 711 1726 sonis,
742 1658 854 1713 hoc
886 1660 1109 1727 est,p'er
1140 1653 1359 1709 multas
1385 1668 1692 1725 personas,
1713 1669 1926 1724 nempe
1953 1660 2175 1707 vestras

524 1748 726 1822 gratiae
758 1747 876 1802 Deo
908 1750 1156 1818 agantur
1183 1759 1290 1816 pro
1321 1741 1475 1797 dono
1507 1742 1653 1797 mihi
1677 1741 1911 1797 collato.
1947 1773 2014 1783 —
2045 1742 2176 1797 Alio

2281 576 2521 654 ἤγειρεν.
2559 607 2585 631 ιι
2627 581 2753 639 ’Ὁτι
2782 583 2873 637 καὶ
2901 578 2981 638 ἔτι
3015 585 3254 659 ῥύσεται.
3291 609 3318 637 »ι
3348 588 3518 643 Τοῦτο
3548 585 3736 644 δείκνυσι
3768 592 3830 645 τὸν

2282 665 2445 721 αὐτοῦ
2477 668 2617 743 βίον.
2650 669 2732 725 ἀεὶ
2764 670 2892 727 ὄντα
2923 671 2974 727 ὲν
3009 672 3317 738 πῖοσδοκία
3347 672 3595 749 θλίψεων.
3643 678 3701 733 Τὸ
3741 681 3830 754 γὰρ,

2281 757 2549 823 Ῥύσεται,
2580 758 2791 824 εἰδότος
2822 765 2886 831 ἦν
2954 763 3038 818 ἀεὶ
3089 763 3225 835 ’ἕξειν
3297 766 3630 840 πειρασμούς.
3663 769 3771 842 Ὅρα
3796 768 3833 825 ὁὶ

2280 850 2799 927 ταπεινοφροσύνην·
2838 854 3052 917 Παῦλος
3089 860 3189 922 τῆς
3237 855 3532 929 Κορινθίων
3584 857 3727 931 εὐχῆς
3768 860 3831 925 τήν

2285 938 2560 1012 συνεργίαν
2593 939 2749 995 αἰτεῖ.
2785 944 2958 998 Τοῦτο
3000 939 3057 998 δέ
3099 942 3236 1007 ἐστι,
3275 944 3366 998 καὶ
3425 941 3732 1007 διδάσκοντος
3771 955 3837 1015 τῆς

2284 1026 2455 1100 εὐχῆς
2486 1027 2549 1082 τὸ
2580 1029 2892 1105 ἀναγκαῖον.
2929 1057 2954 1083 α
2988 1031 3510 1108 Συνυπουργούντων
3551 1035 3631 1091 καὶ
3674 1036 3798 1108 ὑμῶν.
3823 1062 3839 1087 ι

2284 1115 2523 1171 Ῥὐσεται
2557 1113 2614 1173 δὶ
2647 1121 2795 1191 ἡμᾶς
2836 1121 2864 1175 ὁ
2895 1121 3047 1187 Θεὸς,
3107 1121 3200 1177 καὶ
3262 1122 3413 1197 ὑμῶν
3464 1122 3537 1185 εἲς
3594 1125 3680 1191 τήν
3725 1125 3840 1200 εὐχῆς

2286 1206 2834 1282 συνεργο·5ντων·⁹ίνα,
2870 1210 3025 1287 eral,
3065 1214 3252 1266 κοινὶν
3314 1214 3410 1283 τὴν
3467 1212 3615 1287 χάριν
3671 1211 3766 1287 ἐμοί
3805 1235 3841 1268 τε

2284 1295 2375 1349 καὶ
2410 1295 2537 1367 ὑμῖν
2567 1296 2851 1372 παράσχῃ,
2910 1297 3000 1354 ἳνα
3052 1299 3105 1354 ἐν
3154 1299 3360 1373 πολλῷ
3416 1302 3690 1376 προσώπῳ,
3736 1323 3844 1358 τουτ-

2286 1380 2418 1448 έστι,
2449 1381 2541 1440 διὰ
2577 1383 2808 1441 πολλῶν
2836 1388 3169 1461 προσώπων,
3232 1395 3344 1446 τῶν
3410 1391 3663 1466 ὑμετέρων
3705 1386 3845 1460 δηλον-

2286 1473 2392 1542 ότι,
2424 1474 2857 1549 εὐχαριστηθῇὸ
2883 1477 3012 1539 Θεὸς
3043 1480 3175 1554 ὑπὲρ
3234 1487 3336 1548 τῆς
3391 1480 3466 1542 εἷς
3518 1479 3607 1551 ἐμὲ
3658 1483 3844 1557 χέριτος.

2286 1596 2353 1605 -
2387 1563 2485 1618 Καὶ
2516 1561 2724 1628 ἄλλως.
2763 1589 2790 1617 ‹‹
2819 1568 2925 1622 Ἰνα
2957 1566 3017 1621 ἐκ
3046 1564 3278 1623 πολλῶν
3317 1571 3628 1643 προσώπων,
3658 1594 3679 1620 ι»
3732 1591 3844 1626 τουτ-

2288 1650 2423 1722 έστι,
2453 1657 2561 1707 τῶν
2592 1653 2867 1729 ὑμετέρων
2933 1658 3034 1726 τὴν
3092 1653 3281 1724 δεησιν
3336 1656 3754 1734 προσδεχόμενος,
3784 1659 3844 1714 καὶ

2288 1735 2365 1795 ἔτι
2424 1740 2654 1817 ῥύσηται
2711 1745 2881 1817 ἡμᾶς,
2965 1746 3056 1800 καὶ
3114 1745 3232 1819 ’ἁμα
3307 1746 3659 1827 εὐχαριστηθῇ
3704 1748 3753 1804 τὸ
3796 1748 3844 1809 εἷς

525 1852 738 1909 quoque
767 1835 948 1890 modo.
973 1856 1000 1883 «
1036 1834 1110 1888 Ut
1138 1846 1211 1887 ex
1269 1831 1475 1886 multis
1521 1831 1813 1902 personis.
1853 1852 1881 1880 »
1912 1830 2030 1886 Hoc
2062 1836 2172 1896 est,

2292 1830 2439 1901 ἡμᾶς
2470 1828 2633 1884 αὐτοῦ
2680 1832 2898 1908 γεγονὸς
2954 1832 3230 1908 χάρισμα.
3292 1835 3406 1893 Οὐκ
3455 1838 3561 1892 εἶπε
3616 1835 3845 1907 δὶ,“Ινιὴ

523 1931 782 1981 vestrum
796 1923 1066 1979 omnium
1080 1920 1561 1992 deprecationem
1577 1920 2179 1991 suscipiens,posthac

527 2016 705 2071 etiam
721 2030 830 2068 nos
850 2012 1065 2083 eripiat
1087 2010 1386 2080 simulque
1402 2008 1601 2081 gratim
1615 2014 1866 2081 agantur
1892 2025 1997 2079 pro
2020 2009 2176 2064 dono

525 2106 589 2160 in
621 2120 731 2159 nos
763 2101 997 2158 collato.
1051 2102 1176 2155 Non
1227 2098 1375 2154 dixit
1405 2105 1639 2154 autem:
1676 2099 1748 2154 Ut
1771 2099 1974 2172 gratim
1996 2115 2176 2171 agan-

530 2198 625 2247 tur
654 2208 761 2264 pro
795 2190 984 2261 gratia
1014 2193 1115 2244 aut
1145 2187 1364 2243 auxilio
1398 2188 1545 2242 mihi
1579 2186 1815 2249 collato.
1868 2187 1970 2242 sed
2004 2212 2029 2237 ‹‹
2065 2190 2174 2243 Pro

527 2280 703 2337 dono.
732 2303 759 2329 ››
783 2281 924 2335 Nam
954 2276 1203 2356 χάρισμα
1226 2277 1423 2333 dicere
1448 2277 1708 2331 solemus
1722 2276 1795 2332 de
1818 2277 2174 2332 sublimibus

531 2376 590 2425 et
615 2367 1005 2427 admirandis,
1038 2382 1290 2438 quaeque
1322 2366 1645 2421 humanam
1676 2366 1970 2421 excedunt
1999 2373 2172 2420 natu-

530 2475 679 2516 ram.
713 2457 866 2517 598
901 2457 1058 2512 Dixit
1109 2460 1306 2511 autem
1334 2472 1346 2509 :
1379 2479 1405 2505 ‹‹
1463 2456 1575 2510 Pro
1635 2455 1790 2510 dono
1822 2456 1883 2510 in
1910 2473 2019 2511 nos
2048 2457 2167 2511 col-

528 2551 668 2611 lato,
694 2564 801 2622 per
833 2547 1073 2614 multos,
1135 2546 1254 2601 sive
1308 2545 1518 2603 multa.
1576 2546 1779 2618 gratiae
1839 2552 2108 2616 agantur.
2142 2567 2172 2595 »

528 2639 935 2715 praemittens:
963 2661 988 2685 α
1026 2636 1103 2691 Ex
1132 2635 1334 2691 multis
1365 2635 1654 2707 personis.
1693 2657 1717 2682 ι»
1751 2635 2176 2700 Quamobrem?

528 2745 602 2785 an
635 2734 757 2784 nOn
803 2726 1187 2782 manifestum
1247 2731 1335 2780 est
1383 2724 1541 2795 quod
1572 2741 1675 2795 per
1702 2724 1761 2779 id
1793 2725 1950 2796 quod
1982 2724 2127 2780 dicit
2156 2742 2171 2781 :

530 2840 559 2869 ι(
591 2820 671 2873 Ex
706 2816 908 2872 multis
939 2814 1228 2887 personis.
1255 2834 1281 2862 »
1346 2812 1641 2886 significat
1665 2828 1766 2867 eos
1797 2813 2012 2869 debere
2043 2831 2177 2885 gra-

529 2907 641 2962 tias
671 2921 886 2979 agere;
919 2921 1026 2975 per
1073 2904 1183 2958 hoc
1242 2908 1440 2958 autem
1501 2902 1658 2973 quod
1716 2902 1880 2957 addit
1923 2897 2012 2956 διά
2036 2901 2174 2957 πολ-

531 2994 667 3061 λῶν,
726 2995 783 3051 id
820 2998 930 3061 est,
991 3006 1098 3065 per
1153 2991 1361 3054 multa,
1414 2991 1622 3047 modos
1680 2990 1905 3047 indicat
1962 2992 2176 3063 quibus

528 3090 799 3159 oporteat
827 3083 1044 3155 gratias
1070 3097 1241 3149 agere
1258 3081 1286 3137 ’ἔ
1317 3082 1515 3152 Neque
1539 3081 1701 3137 enim
1735 3081 1878 3136 satis
1902 3086 1988 3137 est
2016 3082 2178 3153 ipsos

2287 1917 2451 1992 χάρις
2480 1918 2645 1974 αὐτοῦ
2677 1921 2711 1989 ἡ
2744 1919 2820 1981 εἲς
2873 1919 2971 1996 ἐμὲ
3028 1921 3431 1998 εὐχαριστηθῇ,
3477 1926 3533 1996 ἢ,
3580 1929 3610 1996 ἡ
3665 1928 3844 2001 βοήθεια,

2287 2004 2432 2062 ἀλλὰ
2485 2008 2548 2061 τὸ
2606 2009 2876 2084 χάρισμα,
2936 2011 3071 2087 ὅπερ
3128 2012 3403 2087 εἰώθαμεν
3457 2013 3616 2088 λέγειν
3676 2014 3843 2071 ἐπὶτῶν

2290 2093 2518 2170 ὑψηλῶν
2570 2098 2657 2153 καὶ
2715 2097 3059 2174 παραδόξων,
3120 2102 3212 2157 καὶ
3283 2105 3385 2172 τήν
3442 2104 3740 2180 ἀνθρωπίνην
3782 2104 3847 2183 φύ-

2286 2204 2367 2238 σιν
2397 2186 2822 2261 ὑπερκειμένων.
2870 2189 3008 2245 bit:
3068 2187 3125 2246 δὲ
3183 2192 3270 2261 τὸ,
3333 2217 3361 2245 ‹‹
3417 2194 3510 2255 Εἰς
3557 2196 3684 2268 ἡμᾶς
3736 2192 3846 2247 αὐτοῦ

2288 2276 2537 2349 χάρισμα
2586 2273 2672 2331 διὰ
2726 2276 2953 2333 πολλῶν
3007 2278 3414 2358 εὐχαριστηθῇ,
3466 2307 3493 2335 ››
3542 2286 3757 2357 πρότερον
3797 2280 3846 2335 εἶ-

2282 2362 2423 2429 πὼν,
2459 2387 2486 2414 “
2524 2366 2616 2420 Ἐκ
2647 2364 2876 2421 πολλῶν
2908 2370 3246 2442 προσώπων,
3286 2394 3308 2422 ι
3344 2372 3407 2428 Τί
3450 2369 3513 2442 δή
3561 2370 3739 2440 rami:
3778 2367 3843 2435 δῆ-

2284 2450 2402 2515 λον,
2437 2454 2522 2509 δτι
2553 2459 2631 2527 τῷ
2665 2455 2784 2529 μὲν,
2818 2481 2845 2507 (ι
2883 2459 2977 2514 Ἐκ
3003 2458 3239 2514 πολλῶν
3274 2462 3588 2530 ποοσώπιυν,
3618 2484 3641 2511 ››
3674 2461 3750 2526 τὴν
3785 2457 3842 2511 εὖ.

2281 2550 2564 2617 χαριστεῖν
2597 2544 2913 2624 ὀφεῗλοντας
2942 2546 3149 2617 δηλῶν·
3184 2555 3272 2622 τῷ
3305 2548 3363 2608 δὲ
3394 2550 3479 2607 διὰ
3524 2547 3725 2619 πολλῶν,
3753 2550 3838 2605 τοὺς

2280 2631 2516 2703 τρόπους
2540 2635 2656 2689 καθ’
2687 2635 2780 2698 οὕς
2825 2634 2906 2692 δεῖ
2963 2637 3350 2713 εὐχαριστεῖν.
3406 2640 3481 2697 Οὐ
3532 2641 3622 2716 γὰρ
3666 2640 3835 2712 ἀρκεῖται

2286 2715 2355 2773 δι’
2388 2721 2502 2782 ἑνὸς
2534 2722 2731 2786 αὐτοὺς
2764 2726 2972 2800 τρόπου
3006 2727 3439 2804 εὐχαριστῆσαι,
3468 2715 3599 2785 ἀλλά
3621 2726 3687 2784 διὰ
3702 2726 3832 2782 πλειό-

2284 2830 2415 2874 νων,
2448 2808 2624 2875 οδτως
2655 2812 2795 2867 ἐστὶν
2863 2815 3186 2890 εὐγνώμων,
3246 2819 3341 2873 καὶ
3403 2820 3565 2881 οὕτως
3611 2816 3695 2873 οἶδε
3732 2812 3824 2887 μὴτ(

2286 2897 2623 2973 εὐεργέτημα
2681 2902 2744 2957 τὸ
2804 2903 2881 2966 εἷς
2938 2905 3101 2961 αὐτὸν
3162 2907 3555 2984 γεγενημένον,
3595 2899 3815 2981 μᾶλλονδὲ

2286 2985 2363 3046 ὡς
2393 2986 2598 3052 ἐκεῖνος
2622 2991 2779 3069 φησὶ,
2837 2993 3102 3068 χάρισμα.
3168 2998 3305 3056 “Ott
3365 2996 3492 3053 οὐδέ
3540 2996 3667 3052 ἑαυτὸν
3707 2991 3812 3059 ἐξαρ-

2286 3084 2398 3132 κεῖν
2433 3079 2507 3141 εἷς
2540 3080 2891 3161 εὐχαριστίαν
2922 3085 3157 3155 νομίζει,
3188 3086 3327 3143 ἀλλ’
3359 3087 3486 3145 οὐδὲ
3532 3079 3820 3147 τουςπθλλοῦς

529 3189 649 3233 uno
680 3172 857 3230 modo
885 3171 1104 3244 gratias
1137 3169 1442 3243 agere,sed
1467 3170 1768 3241 pluribus:
1798 3169 1944 3225 adeo
1975 3176 2176 3243 gratus

2292 3167 2383 3222 σὺν
2418 3168 2586 3240 αὐτῷ,
2629 3170 2675 3225 εἰ
2706 3174 2781 3245 μὴ
2814 3172 2904 3228 καὶ
2936 3170 3023 3229 διὰ
3052 3173 3290 3233 πολλῶν
3322 3178 3702 3255 εὐχαριστήσωσι
3745 3169 3829 3243 19'3-

530 3270 621 3322 est
649 3262 917 3333 adeoque
947 3261 1109 3314 novit
1128 3259 1349 3332 grande
1370 3259 1590 3315 factum
1615 3275 1742 3315 esse
1776 3259 1834 3313 in
1868 3276 1930 3314 se
1963 3258 2182 3314 beneﬂ-

532 3350 713 3412 cium,
746 3350 866 3404 imo
917 3347 1113 3419 potius
1145 3345 1417 3419 χάρισμα,
1450 3354 1517 3401 ut
1546 3347 1673 3417 ipse
1705 3347 1920 3417 inquit,
1956 3346 2065 3401 hoc
2097 3352 2186 3400 est

543 3440 767 3495 donum
799 3436 1103 3491 eximium.
1151 3433 1297 3499 Quia
1347 3450 1541 3505 neque
1600 3436 1865 3505 seipsum
1913 3434 2185 3491 sufﬁcere

546 3527 846 3584 existimat
875 3525 945 3580 ad
973 3524 1193 3596 gratias
1243 3524 1558 3593 agendum,
1601 3524 1705 3578 sed
1744 3539 1939 3595 neque
1968 3525 2185 3579 multos

547 3631 770 3683 secum,
806 3613 922 3669 nisi
964 3612 1169 3668 multis
1192 3628 1428 3683 quoque
1459 3612 1652 3667 modis
1681 3613 1882 3679 gratim
1913 3619 2184 3685 agantur,

545 3705 761 3764 deinde
829 3701 1173 3775 subjungit:
1238 3725 1257 3751 α
1318 3703 1429 3756 Pro
1487 3700 1739 3757 vobis.»
1798 3701 1925 3757 Alio
1973 3718 2188 3772 quoque

544 3797 722 3853 modo.
757 3794 875 3851 Hoc
907 3799 995 3849 est
1027 3810 1039 3849 :
1073 3792 1261 3857 Quare
1291 3789 1709 3862 deprecatione
1732 3792 1988 3862 teipsum
2015 3792 2184 3862 adju-

539 3885 811 3943 vabimus
837 3882 864 3938 ?
894 3884 1083 3948 Quare
1114 3881 1332 3955 gratias
1357 3892 1599 3954 agemus
1620 3879 1648 3935 ?
1677 3881 1824 3945 Quia
1854 3882 2013 3954 quod
2038 3881 2185 3936 libe-

539 3985 705 4032 ratus
727 3975 860 4039 sim,
885 3972 1100 4043 inquit,
1124 3977 1183 4025 et
1206 3971 1453 4042 posthac
1473 3970 1653 4026 etiam
1687 3970 2031 4027 liberandus
2049 3971 2183 4039 sim,

541 4080 662 4121 non
694 4067 890 4119 m'eum
926 4062 1110 4117 solius
1149 4060 1438 4116 auxilium
1473 4068 1561 4115 est
1584 4067 1687 4115 aut
1717 4061 2185 4125 consolatio,sed

542 4151 853 4224 m'qualiter
902 4150 1075 4205 etiam
1124 4156 1184 4205 et
1230 4158 1508 4206 vestrum.
1553 4150 1841 4219 Adjuvate
1871 4150 2051 4223 igitur
2079 4150 2184 4205 de-

542 4241 901 4315 precatione,
944 4239 1164 4312 gratias
1194 4238 1346 4310 agite
1379 4245 1657 4309 tanquam
1688 4239 1744 4293 id
1778 4255 1882 4310 pro
1913 4240 2075 4294 vobis
2097 4239 2187 4295 fa-

543 4331 785 4387 cientes.
814 4329 940 4384 Mea
968 4328 1129 4382 enim
1150 4326 1481 4381 consolatio
1502 4342 1570 4381 ac
1601 4328 1763 4383 salus
1793 4328 1969 4383 etiam
1993 4337 2186 4385 vestra

543 4425 649 4476 est.
674 4421 875 4489 Neque
914 4417 1026 4473 hoc
1056 4431 1216 4470 nunc
1246 4414 1577 4470 admonens
1608 4414 1982 4477 dico,verum
2004 4418 2183 4473 etiam

541 4523 777 4580 semper
803 4508 866 4562 in
895 4506 1007 4562 hoc
1037 4504 1278 4577 glorior,
1312 4504 1471 4575 quod
1517 4506 1604 4559 ita
1633 4505 1826 4559 affecti
1858 4505 1987 4560 sitis
2049 4522 2185 4577 erga

538 4615 656 4662 me,
686 4603 753 4653 ut
798 4611 995 4651 meam
1027 4593 1280 4648 salutem
1314 4609 1381 4648 ac
1430 4592 1903 4649 consolationem
1931 4601 2183 4651 vestram

539 4687 788 4743 ducetis.
821 4688 965 4740 Nam
996 4683 1266 4756 gloriatio
1298 4697 1449 4747 mea,
1484 4683 1697 4753 inquit,
1730 4682 1857 4738 haec
1882 4689 1991 4747 est,
2025 4685 2185 4756 quod

534 4793 640 4830 vos
661 4775 741 4829 ita
770 4773 964 4830 ali‘ecti
987 4773 1116 4827 sitis
1137 4787 1275 4844 erga
1295 4777 1477 4839 me,et
1505 4772 1588 4829 ita
1619 4789 1712 4829 me
1743 4790 1848 4844 pro
1879 4774 2041 4828 vobis
2064 4774 2182 4829 exi-

539 4863 811 4921 stimetis.
847 4862 1129 4927 Quisnam
1155 4861 1256 4915 tibi
1291 4861 1511 4916 remita
1540 4878 1602 4917 se
1622 4861 1837 4918 habere
1860 4864 2175 4934 persuasit,

538 4959 607 5009 ut
634 4953 716 5008 ita
744 4950 1103 5025 gloriareris,
1138 4967 1171 5006 ο
1201 4950 1382 5006 Paule
1413 4949 1442 5006 ‘P
1481 4952 1927 5020 Testimonium,
1960 4953 2176 5024 inquit,

538 5041 920 5101 conscientias
949 5054 1117 5104 meas,
1145 5056 1213 5094 ex
1244 5040 1340 5095 his
1369 5056 1500 5112 quae
1522 5040 1582 5095 in
1601 5055 1702 5098 vos
1718 5047 1996 5113 operatus
2024 5060 2177 5112 sum,

538 5151 611 5193 ex
642 5132 918 5190 maximis
976 5129 1260 5186 beneﬁcis
1292 5145 1423 5200 qua)
1468 5131 1589 5186 scio
1622 5146 1716 5187 me
1748 5131 1809 5186 in
1839 5149 1941 5188 vos
1971 5139 2181 5189 contu-

533 5227 676 5283 lisse
711 5240 821 5279 :ex
852 5238 920 5278 eo
950 5219 1110 5293 quod
1167 5218 1566 5274 abundantius
1598 5219 1658 5275 in
1704 5221 1867 5276 vobis
1898 5239 2076 5294 quam
2122 5224 2180 5278 in

535 5315 766 5374 caeteris
797 5310 1126 5368 certamina
1146 5308 1530 5363 sustinuerim
1569 5325 1581 5362 :
1613 5309 1741 5366 haec
1772 5312 1916 5366 mihi
1950 5329 2186 5383 persua-

534 5406 680 5462 dent
709 5403 867 5476 quod
897 5413 998 5457 ves
1030 5415 1266 5471 quoque
1300 5414 1494 5453 meam
1529 5392 1781 5456 Salutem
1811 5417 1880 5457 ac
1911 5402 2185 5457 consola-

535 5495 785 5559 tionem,
837 5497 1090 5546 vestram
1139 5488 1368 5544 ducatis
1412 5489 1734 5560 propriam,
1769 5496 1829 5545 et
1870 5498 2186 5562 propterea

537 5579 689 5637 illud
719 5581 899 5636 etiam
945 5579 1096 5633 duco
1145 5577 1581 5649 gloriationem,
1617 5584 1873 5634 vestrum
1905 5581 2063 5636 circa
2091 5596 2183 5634 me

2291 3279 2433 3325 πων,
2468 3259 2604 3327 εἶτα,
2639 3283 2668 3311 ‹‹
2701 3260 2836 3337 ὑπὲρ
2880 3262 3055 3335 ὑμῶν,
3114 3288 3145 3318 ››
3205 3267 3397 3347 φησίν.
3459 3300 3520 3309 -—
3569 3264 3653 3322 Καὶ
3694 3259 3831 3320 ἄλλως,

2294 3348 2509 3422 [ΦΩΤ.]
2533 3350 2811 3413 Τουτέστι,
2840 3352 2905 3408 Τί
2934 3348 2999 3422 δή
3035 3374 3167 3410 ποτε
3197 3351 3681 3432 συνυπουργήσομέν
3714 3348 3834 3417 σοιτῇ

2294 3431 2386 3505 δεῖς
2396 3456 2474 3490 σει
2507 3455 2521 3504 ;
2554 3438 2609 3492 τί
2634 3435 2702 3510 δή
2725 3460 2856 3494 ποτε
2883 3439 3364 3520 εὐχαριστήτομεν
3397 3466 3409 3515 ;
3442 3431 3553 3501 Ὀτι
3578 3444 3631 3499 τὸ
3655 3433 3835 3517 ῥυσθῆναί

2296 3544 2363 3596 με
2392 3525 2481 3579 καὶ
2514 3523 2588 3580 ἔτι
2623 3527 2837 3601 ρύεσθαί
2892 3550 2980 3602 με,
3039 3533 3227 3609 φησὶν,
3289 3535 3389 3591 οὐκ
3440 3530 3543 3591 ἔστι
3596 3533 3725 3606 μόνον
3767 3524 3835 3597 ἒμῆ

2296 3612 2521 3687 βοήθεια
2550 3614 2640 3670 καὶ
2674 3616 3038 3691 παράκλησις,
3072 3619 3202 3676 ἀλλ’
3264 3623 3420 3680 οὐδὲν
3472 3624 3620 3694 ἦττον
3644 3618 3715 3674 καὶ
3752 3616 3838 3686 51.15-

2290 3702 2436 3776 τερα.
2473 3709 2968 3783 Συνυπουργησατε
2998 3708 3177 3764 τοίνυν
3205 3716 3282 3786 τῇ
3351 3709 3541 3783 δεήσει,
3593 3702 3840 3783 εὐχςιριστῆ⁵

2294 3812 2438 3861 σατε,
2472 3792 2546 3855 ὡς
2581 3794 2712 3870 ὑπὲρ
2758 3796 2911 3869 ὑμῶν
2969 3803 3136 3855 ταῦτα
3193 3806 3502 3864 ποιοῦντες.
3544 3801 3600 3857 Ἡ
3647 3798 3728 3871 γὰρ
3773 3790 3841 3861 iiii

2291 3881 2636 3956 παράκλησις
2684 3884 2775 3939 καὶ
2834 3889 3102 3962 σωτηρία,
3157 3890 3395 3967 ὑμετέρα
3438 3890 3561 3947 ἐστί.
3608 3886 3693 3948 Καὶ
3732 3886 3841 3938 τοῦτο

2294 3970 2425 4050 οὐχὶ
2484 3975 2601 4041 νῦν»
2659 3973 2813 4048 φησὶ.
2885 3972 3033 4053 λέγω
3092 3986 3401 4053 παραινῶν,
3467 3978 3597 4035 ἀλλὰ
3645 3973 3715 4030 καὶ
3756 3990 3845 4025 καυ-

2292 4065 2483 4139 χῶμαι
2515 4060 2595 4116 ἀεὶ
2634 4061 2688 4117 ὲν
2718 4063 2916 4137 τούτῳ,
2950 4066 3034 4122 ὅτι
3067 4065 3241 4132 οὕτως
3275 4069 3532 4126 διάκεισθε
3582 4067 3711 4139 ὑμεῖς
3751 4059 3845 4133 πρὸς

2291 4149 2409 4221 ἐμὲ»
2440 4150 2515 4211 ὡς
2554 4153 2655 4222 τὴν
2687 4151 2825 4226 έμτιν
2872 4156 3146 4231 σωτηρίαν
3202 4160 3295 4215 καὶ
3350 4156 3664 4230 παράκλησιν
3711 4148 3845 4223 ὑμετέ-

2293 4258 2387 4311 ραν
2421 4240 2691 4315 ἡγεῖσθαι.
2724 4247 2785 4297 Ἡ
2828 4243 2933 4316 γΞιρ
2986 4246 3261 4322 καύχησις
3316 4252 3495 4321 ἡμῶν,
3545 4244 3702 4324 φησῗν,
3749 4231 3839 4300 αὕτη

2291 4326 2427 4389 ἐστὶ,
2459 4330 2521 4384 τὸ
2554 4328 2727 4394 οὕτως
2758 4328 3063 4391 διακεῖσθαι
3099 4336 3241 4408 ὑμᾶς
3272 4340 3406 4413 πρὸς
3450 4338 3559 4411 ἐμὲ,
3612 4333 3686 4389 καὶ
3724 4328 3844 4383 οὕτως

2295 4413 2701 4491 ὑπολαμϐάνειν
2732 4419 2829 4492 ἐμὲ
2860 4422 2981 4497 περὶ
3017 4424 3190 4499 ὑμῶι.
3225 4428 3324 4490 Τίς
3380 4447 3435 4482 σε
3488 4421 3671 4482 ἔπεισεν
3724 4415 3843 4471 οὕτως

2290 4498 2436 4581 ἔχειν
2468 4507 2558 4561 καὶ
2588 4512 2914 4584 καυχᾶσθαι,
2960 4513 3005 4567 ῶ
3056 4498 3295 4587 Παύλες
3352 4516 3427 4574 Τὸ
3485 4511 3737 4588 μαρτύριον
3777 4507 3842 4564 τῆς

2295 4590 2651 4665 συνειδήσεώς
2686 4618 2812 4671 μου,
2864 4621 3044 4677 φησιν’
3105 4601 3155 4673 ἐξ
3211 4604 3284 4660 ὧν
3342 4586 3563 4679 ἔπραξα,
3604 4596 3752 4678 φησὶν,
3794 4586 3839 4643 εἷς

2296 4682 2460 4755 ὑμᾶς,
2500 4684 2551 4755 ἐξ
2583 4686 2655 4740 ῶν
2692 4675 2913 4743 σύνοιδα
2945 4691 3298 4766 εὐεργετήσας
3333 4675 3420 4751 τὰ-
3454 4675 3677 4770 μέγισέα,
3717 4682 3754 4751 ἐξ
3793 4675 3836 4730 ὦ*

2294 4773 2692 4849 περισσοτέρως
2720 4781 2831 4831 τῶν
2888 4776 3076 4834 ἄλλων
3122 4781 3174 4837 ἐν
3233 4784 3359 4855 ὑμῖν
3391 4779 3728 4858 ἡγωνισιιὶμην⁸
3757 4769 3842 4823 ταῦ-

2288 4863 2354 4917 τά
2413 4884 2480 4935 με
2536 4867 2708 4920 πείθει
2755 4871 2900 4922 νοεῖν
2955 4870 3076 4946 περῖ
3140 4872 3308 4945 ὑμῶν,
3360 4872 3444 4929 ὅτι
3497 4869 3579 4925 καὶ
3632 4866 3755 4936 ὑμεῖς
3774 4854 3842 4919 τήν

2290 4952 2429 5025 ἐμήν
2460 4952 2807 5029 παράκλησιν
2864 4959 2952 5012 καὶ
3014 4961 3282 5032 σωτηρίαν
3343 4960 3478 5016 ἰδίαν
3529 4955 3729 5035 ἡγεῖσθε.
3772 4940 3838 4998 Κπῖ

2292 5038 2380 5096 διὰ
2408 5047 2568 5098 τοῦτο
2597 5045 2747 5117 κΞιγὼ
2798 5048 3071 5122 καύχησιν
3126 5050 3256 5106 αὐτὸ
3306 5055 3574 5125 ποιοῦμαε,
3624 5044 3706 5111 τήν
3755 5035 3840 5102 ὑφ’

2290 5131 2447 5205 τὲραν
2495 5132 2617 5207 περὶ
2676 5132 2773 5208 ἐμὲ
2803 5138 3042 5211 στοργὴν
3070 5135 3327 5214 διάπυρον
3359 5140 3623 5215 ἀγάπησιν.
3652 5134 3729 5186 Ἐκ
3751 5118 3839 5215 sui:

2291 5241 2391 5288 της
2417 5221 2520 5296 γὰρ
2551 5222 2788 5279 τίκτεται
2837 5224 2928 5280 καὶ
2983 5227 3047 5282 τὸ
3103 5229 3203 5296 τὴν
3261 5228 3397 5300 ἐμήν
3440 5220 3736 5299 παρὲκλησιν
3778 5205 3839 5263 καἶ

2296 5313 2567 5386 σωτηρίαν
2598 5312 2799 5368 οἰκείαν
2859 5316 3061 5371 ἑαυτῶν
3121 5321 3382 5393 ἡγεῖσθαι.
3439 5319 3498 5373 Ἡ
3545 5313 3634 5388 γὰρ
3680 5303 3840 5375 κῶμ’

2295 5421 2379 5462 acc
2409 5403 2571 5473 ’ἒμῶν
2607 5401 2738 5471 αὕτη
2777 5403 2908 5470 ἐστὶ,
2966 5408 3101 5461 κατὰ
3147 5409 3209 5464 τὸ
3267 5407 3544 5485 μαρτύριον
3594 5406 3677 5468 τῆς
3715 5404 3837 5446 συνει-

2295 5488 2503 5562 δήσεώς
2535 5515 2663 5566 μου,
2695 5498 2823 5552 Ὅτε
2871 5493 2928 5552 δὲ
2985 5500 3019 5569 ἠ
3071 5497 3367 5570 συνείδησις
3417 5494 3662 5572 μαρτυρεῖν
3708 5485 3835 5549 imi“

2293 5575 2524 5659 φίϐυλος
2553 5585 2588 5651 ἡ
2619 5582 2870 5656 ἀλήθεια.

2218 4562 2260 4626 D

537 5673 803 5745 amorem
833 5666 1260 5740 ardentemque
1291 5665 1672 5723 dilectionem
1710 5682 1821 5724 :ex
1851 5669 1961 5726 hac
1992 5669 2152 5727 enim
2183 5670 2373 5728 oritur
2416 5678 2485 5731 ut
2538 5688 2671 5735 mea
2728 5681 2965 5751 quoque
3020 5679 3182 5737 salus
3237 5697 3303 5737 ac
3358 5672 3663 5738 ωηεδιαιίο,
3686 5661 3826 5718 vlim
