4068 6254
318 339 438 402 921

1252 334 1663 396 COMMENT.
1712 333 1791 393 IN
1838 330 2085 392 EPlST.
2132 330 2181 391 ΙΙ
2225 332 2327 392 AD
2373 331 2740 393 CORINTH.

3616 333 3734 394 929

318 495 569 572 propria
600 511 729 551 esse
762 491 1029 551 ducatur.
1065 488 1362 562 siquidem
1392 488 1664 556 gloriatio
1693 502 1825 543 mea
1852 486 1979 542 haec
2010 490 2100 540 est
2121 484 2293 557 juxta
2351 487 2758 543 testimonium
2816 485 3198 542 conscientias
3254 502 3441 542 mem:
3494 487 3736 558 quando

323 594 523 645 autem
558 584 757 640 consci
801 584 923 638 ntia
955 582 1327 643 testiﬁcatur,
1363 578 1696 634 indubitata
1730 583 1819 632 est
1844 575 2082 631 veritas.

392 677 452 731 ἹΙ
513 674 617 747 γὰρ
674 672 943 745 καύχησις
1000 672 1159 741 ἡμῶν
1230 667 1366 737 αὕτη
1430 665 1593 732 ἐστὶ,
1649 666 1712 721 τὸ
1773 665 1975 740 μαρτύ-
2010 671 2062 732 Α

324 785 436 841 ριον
482 770 582 832 τῆς
645 759 999 831 συνειδήσεως
1062 761 1242 831 ἡμῶν,
1303 755 1385 811 ὅτι
1446 755 1497 810 ἐν
1553 753 1828 821 ἁπλότητι
1888 752 1979 807 καὶ

322 856 365 911 εἰ
396 853 666 929 λικρινείᾳ
705 854 860 918 Θεοῦ,
924 848 1022 904 οὐκ
1074 850 1123 903 ἐν
1178 847 1339 924 σοφίᾳ
1397 849 1649 919 σαρκικῇ,
1711 842 1838 898 ἀλλ’
1897 843 1978 897 ἐν·

323 945 514 1020 χάριτι
573 944 707 997 Θεοῦ
764 940 1173 1015 ἀνεστράφημεν
1237 937 1287 992 ἐν
1344 941 1423 1006 τῷ
1490 935 1684 1007 κόσμῳ
1720 978 1734 1004 ,
1792 953 1977 1007 περισ-

320 1031 559 1108 σοτέρως
620 1028 679 1085 δὲ
733 1029 871 1101 πρὸς
953 1028 1091 1099 ὑμᾶς
1126 1072 1139 1084 .
1202 1026 1280 1082 Οὐ
1340 1024 1444 1101 γὰρ
1500 1020 1645 1078 ἄλλα
1700 1022 1979 1101 γράφομεν

320 1123 448 1195 ὑμῖν
485 1164 502 1193 ,
572 1119 698 1175 ἀλλ’
767 1118 801 1172 ἃ
866 1116 1280 1191 ἀναγινώσκετε.
1340 1113 1584 1183 Ἐλπίζω
1628 1109 1684 1167 δὶ
1746 1111 1830 1167 δτι
1888 1110 1977 1165 καὶ

314 1212 422 1276 {me
514 1212 707 1273 τέλους
814 1210 1172 1285 ἐπιγνώσεσθε
1252 1207 1433 1270 καθὼς
1535 1204 1625 1258 καὶ
1711 1202 1978 1278 ἐπέγνωτε

320 1307 468 1378 ἡμᾶς
500 1303 606 1358 ἀπὸ
677 1301 894 1374 μέρους,
957 1300 1039 1354 ὃτι
1096 1296 1365 1372 καύχημα
1422 1296 1576 1368 ὑμῶν
1637 1292 1820 1367 ἐσμεν,
1878 1312 1972 1346 καο

320 1394 488 1467 θαπερ
519 1391 616 1446 παῖ
670 1392 828 1464 ὑμεῖς
882 1390 1065 1462 ἡμῶν,
1133 1386 1185 1442 ἐν
1261 1390 1329 1459 τῇ
1384 1386 1565 1459 ἡμέρᾳ
1616 1387 1712 1439 τοῦ
1772 1379 1975 1455 Κυρίου

322 1485 526 1553 Ἰησοῦ·

387 1572 617 1637 Ἐπειδή
676 1571 824 1626 εἶπεν
887 1566 998 1623 ἅνω
1042 1567 1131 1622 διὰ
1184 1571 1292 1621 τῶν
1340 1564 1638 1638 οἶκτιρμιῖνθ
1687 1565 1784 1616 τοῦ
1840 1564 1975 1617 Θεοῦ

313 1660 728 1733 ἠλεῆσοαι,’ἰνα
778 1658 854 1733 μὴ
894 1656 1067 1730 ταῦτῃ
1122 1655 1213 1711 τον
1272 1654 1542 1728 ἀκροατήν
1604 1650 1974 1724 ῥᾳθυμότερον

310 1752 543 1819 ποιήσῃ,
580 1746 725 1819 λέγει
757 1744 865 1802 δεῖν
907 1744 1117 1808 οἴκοθεν
1176 1738 1324 1817 ἔχειν
1381 1747 1482 1808 τῆς
1540 1738 1814 1811 σωτηρίας
1874 1736 1972 1798 τὰς

312 1836 587 1914 ἀφορμὰς,
638 1833 745 1888 ἀπὸ
828 1828 1136 1892 συνειδότος
1192 1832 1481 1905 χρηστοῦ.
1547 1828 1625 1885 Τὸ
1680 1824 1973 1900 μαρτύριον

314 1910 441 2001 κᾶρ,
494 1924 650 2005 φησὶ,
720 1927 819 1987 τῆς
876 1917 1234 1990 συνειδήσεως
1299 1921 1484 1992 ἡμῶν,
1534 1917 1609 1976 ὡς
1667 1915 1713 1969 εἰ
1770 1910 1969 1988 ἔλεγεν*

321 2017 402 2074 Τὸ
433 2002 675 2075 συνειδὸς
732 2015 891 2084 ἡμῶν
956 2013 1261 2087 μαρτυροῦν
1310 2011 1445 2080 ἡμῖν
1514 2007 1706 2084 ἀγαθὰ,
1764 2004 1854 2094 καὶ
1888 2002 1973 2058 ὅτι
2003 2032 2051 2094 Β

320 2104 374 2160 ἐν
406 2104 673 2175 ἁπλότητι
733 2101 1139 2178 ἀνεστράφημεν
1197 2098 1247 2153 ἐν
1307 2102 1385 2169 τῷ
1435 2097 1652 2168 κόσμῳ,
1714 2093 1968 2169 μεγίστην

314 2192 716 2270 παρακλήσεως
749 2190 1013 2267 πρόιρασιν
1049 2185 1277 2243 δέδωκεν
1319 2190 1479 2259 ἡμῖν,
1541 2182 1755 2257 μᾶλλον
1817 2180 1875 2237 δὲ
1905 2181 1968 2236 οὐ

311 2282 712 2357 παρακλήσεως
773 2280 932 2353 μόνον
970 2323 983 2349 ,
1041 2277 1187 2333 ἀλλὰ
1241 2278 1327 2331 καὶ
1380 2277 1728 2354 καυχήσεως.
1784 2299 1811 2325 ‹‹
1846 2275 1967 2328 ’Ότι

314 2372 366 2429 ἒν
400 2372 755 2440 ἁπλότητι.»
790 2371 948 2426 Ἀνευ
1006 2364 1195 2432 δόλου,
1254 2362 1377 2421 ἄνευ
1433 2362 1765 2439 ὑποκρίσεώς
1821 2382 1967 2424 τινος

314 2464 407 2520 καὶ
440 2459 914 2533 ἐπικαλῦμματος.
974 2483 1000 2508 ((
1034 2456 1147 2511 Οὐκ
1190 2456 1245 2511 ἐν
1296 2454 1457 2532 σοφίᾳ
1483 2456 1735 2527 σαρκικῇ.
1772 2477 1798 2503 ››
1857 2451 1972 2509 Οὔκ

314 2553 372 2609 ἐν
432 2550 704 2621 δεινότητι
787 2548 875 2602 καὶ
942 2550 1150 2623 στροφῇ
1208 2545 1390 2619 λόγων
1450 2543 1812 2615 συσκιαζούσῃ
1868 2544 1968 2611 τὴν

318 2640 578 2711 ἀλήθειαν
601 2636 1189 2717 ἀνεστράφημεν.“ορα
1219 2631 1296 2700 δὲ,
1350 2632 1430 2710 ἐφ’
1493 2633 1574 2692 οἷς
1631 2630 1771 2706 μέγα
1812 2629 1970 2708 ἐφρό-

323 2752 452 2784 νουν
486 2729 535 2783 οῖ
566 2724 1023 2802 ψευδαπόστολοι,
1066 2728 1232 2779 ταῦτα
1290 2720 1449 2785 αὐτὸς
1507 2720 1816 2775 ἀποσείεται
1882 2720 1971 2773 καὶ

329 2819 531 2897 φεύγει.
564 2842 589 2870 ‹‹
621 2814 779 2871 Ἀλλ’
820 2815 870 2869 ἐν
905 2818 1091 2890 χάριτι
1124 2819 1279 2881 Θεοῦ,
1315 2836 1339 2865 ιο
1399 2812 1666 2878 τουτέστι,
1722 2810 1974 2881 σημείοις

324 2930 382 2965 τε
414 2910 499 2964 καὶ
524 2908 762 2981 τέρασιν,
821 2908 976 2961 ἅτινα
1031 2904 1343 2980 χαρίσματα
1380 2905 1446 2971 ἦν
1504 2907 1653 2957 Θεοῦ¹
1716 2927 1742 2953 ‹‹
1781 2907 1974 2975 Περισ-

324 3002 558 3071 σοτέρως
594 2996 650 3053 δὲ
676 2998 811 3071 πρὸς
844 2997 1001 3068 ὑμᾶς.
1048 3026 1072 3051 io
1133 2999 1257 3054 Πῶς
1301 3012 1315 3062 ;
1383 2992 1466 3048 ὅτι
1530 2991 1665 3065 μετά
1720 2996 1824 3044 τῶν
1874 3012 1977 3060 ση-

323 3089 491 3163 μείων
518 3086 600 3143 ’ἐτι
656 3086 745 3140 καὶ
796 3082 1065 3140 ἀδάπανον
1098 3084 1222 3157 παρ’
1279 3082 1465 3143 αὐτοῖς
1523 3082 1585 3135 τὸ
1644 3078 1976 3154 Εὐαγγέλιον

314 3178 563 3250 ἐκήρυξε.
600 3176 836 3252 Καὶδρα
893 3176 1024 3248 ὅπερ
1084 3175 1147 3242 ἦν
1206 3168 1369 3226 αὐτου
1426 3169 1975 3244 κατόρθιυμα.τοῦτο

312 3272 385 3342 τῇ
417 3269 607 3343 χάριτι
641 3269 738 3320 τοῦ
764 3268 897 3320 Θεοῦ
955 3263 1284 3332 ἀνατίθησιν.
1357 3286 1381 3311 «
1414 3261 1496 3318 Οὐ
1527 3260 1627 3333 γὰρ
1668 3256 1813 3313 ἄλλα
1841 3259 1973 3332 γρσὶ-

322 3379 495 3439 φομεν
542 3357 687 3427 ὑμῖν.
726 3380 748 3408 ι
804 3350 1024 3421 Ἐπειδή
1063 3352 1200 3429 μέγα
1265 3350 1547 3431 ἐφθέγξατο
1606 3350 1729 3425 περὶ
1786 3350 1977 3405 ἑαυτοῦ

318 3436 382 3499 τὸ
404 3442 677 3501 ἀδάπανον
728 3441 955 3516 κηρύξαι
999 3441 1061 3495 τὸ
1115 3436 1466 3513 Εὐαγγὲλιον,
1497 3437 1580 3491 ἳνα
1615 3441 1689 3511 μή
1749 3459 1831 3500 τις
1888 3458 1977 3491 νο-

325 3534 458 3608 μίσῃ
503 3534 719 3603 κόμπον
788 3530 921 3584 αὐτὰ
980 3528 1243 3605 ῥημάτων
1298 3527 1451 3595 εἶναι,
1512 3526 1815 3601 γηρεόοντα
1865 3531 1974 3581 τῶν

318 3617 515 3697 ἔργων,
551 3622 743 3681 αὐτοὺς
775 3624 872 3675 τοῦ
921 3616 1102 3687 ἀληθῆ
1159 3614 1339 3691 λέγειν
1389 3618 1617 3691 παράγει
1679 3615 1973 3691 μάρτυρας.

322 3713 403 3771 Οὐ
469 3712 573 3785 γὰρ
658 3709 805 3766 ἄλλα
884 3707 1184 3784 ἐγράφομεν
1278 3706 1430 3780 ὑμῖν,
1511 3704 1777 3775 τουτέστι,
1860 3708 1976 3777 ξένα

322 3802 415 3858 καὶ
476 3800 746 3875 ἀλλότρια
818 3801 979 3871 ἡμῶν
1069 3796 1453 3874 (ἐγεγραφῆκει
1522 3794 1624 3869 γὰρ
1691 3796 1973 3870 πρότερον,

326 3894 403 3955 ὡς
448 3891 719 3947 ἀδάπανον
770 3889 994 3962 ἐκήρυξε
1048 3888 1111 3942 τὸ
1177 3884 1509 3961 Εὖαγγέλιον
1563 3886 1690 3960 παρ’
1744 3885 1973 3957 αὐτοῖς)’

318 3984 453 4040 ἀλλ’
520 3982 696 4038 ἐκεῖνα
779 3978 926 4050 ὑμῖν,
986 3977 1150 4051 φησὶν
1187 4020 1200 4044 ,
1247 3974 1573 4055 ἐγράφομεν,
1632 3975 1664 4030 ἃ
1721 3974 1975 4067 ἁναγινώτ

324 4092 479 4129 σκετε
514 4117 527 4137 ,
612 4068 886 4124 τουτέστιν
920 4110 933 4131 ,
994 4065 1027 4121 ἃ
1084 4065 1563 4139 ὑπομιμνήσκεσθε
1597 4109 1610 4132 ,
1666 4064 1798 4119 ε’ναι
1849 4082 1957 4136 παρ

316 4165 475 4235 ἡμῖν.
539 4162 868 4231 Ἀναγιωσις
922 4155 1026 4232 γάρ
1084 4154 1224 4209 ἐστιν
1291 4154 1325 4223 ἠ
1399 4153 1726 4225 ὑπόμνησις,
1790 4152 1881 4206 καὶ
1939 4154 1973 4221 ἡ

320 4250 523 4306 ἄνωθεν
581 4252 797 4322 γνῶσις.
858 4244 962 4302 Καὶ
1019 4244 1072 4298 τί
1126 4242 1292 4318 λέγω,
1351 4242 1534 4318 φησὶν,
1567 4242 1723 4298 ἅτινα
1772 4242 1976 4311 ὑπομι-

319 4337 840 4416 μνήσιεσθε;ἆτινα
892 4334 987 4406 μὲν
1048 4331 1139 4387 οὗν
1201 4329 1583 4405 ἐπιγινώσκετε
1649 4330 1762 4385 εἴνα
1817 4331 1976 4401 ἡμῶν

318 4429 453 4497 ἴδια,
519 4430 658 4499 μήτε
727 4426 1143 4497 ὑπομνησθῆναι
1197 4418 1446 4492 δεόμενοι
1506 4418 1595 4476 διὰ
1643 4421 1705 4475 τὸ
1765 4417 1976 4495 πρόδη-

316 4518 418 4575 λον
447 4516 640 4572 αὐτῶν.
674 4512 820 4569 ἀλΛὰ
863 4505 1107 4586 ἀκριϐῶς
1164 4507 1367 4572 εἰδότες
1419 4508 1510 4563 καὶ
1562 4509 1667 4583 πρὸ
1728 4508 1973 4580 ὑπομνή-

317 4628 479 4667 σεως.
511 4629 538 4659 α
567 4602 812 4670 Ἐλπίζω
844 4598 919 4657 δέ.
954 4623 981 4651 ››
1011 4600 1172 4672 Ὁρᾷς
1203 4598 1287 4654 ὅτι
1336 4594 1489 4653 οὐδὲν
1540 4594 1847 4673 ἐπηρμένον
1874 4593 1976 4651 λα-

319 4695 435 4764 λεῖ,
466 4692 611 4749 ἀλλὰ
640 4696 720 4763 τῷ
752 4694 867 4761 Θεῷ
896 4687 1183 4757 ἀνατίθησι
1238 4686 1301 4742 τὸ
1361 4690 1462 4741 πᾶν
1496 4705 1509 4755 ;
1564 4686 1804 4754 Ἐλπιζω
1847 4684 1970 4759 γὰρ,

320 4784 512 4864 φησῖν,
544 4782 617 4843 εἰς
646 4781 739 4835 τὸν
774 4778 922 4847 Θεὸν,
982 4778 1064 4833 ὅτι
1120 4776 1212 4831 καὶ
1267 4773 1372 4838 ἓως
1420 4773 1616 4837 τέλους
1675 4774 1972 4847 ἐπιγνώσει

319 4861 413 4939 eos
446 4877 591 4945 ἡμᾶς
619 4870 898 4929 τοιούτους
931 4865 1107 4934 ὄντας,
1158 4863 1310 4927 οἵους
1366 4865 1420 4919 αἱ
1453 4863 1732 4920 ἐπιστολαῖ
1767 4861 1974 4934 δηλοῦ-

322 4986 397 5021 σι.
431 4963 533 5021 Καὶ
573 4961 678 5016 ἀπὸ
716 4958 910 5013 τῦὗτου
940 4956 1029 5011 καὶ
1089 4957 1117 5009 ὁ
1170 4953 1456 5029 παρελθὼν
1508 4952 1776 5020 δηλοῦται
1828 4956 1968 5028 βίος,

318 5080 349 5109 ς(
374 5054 589 5121 Καθὼς,
623 5049 807 5125 φησὶν,
842 5048 948 5102 ἀπὸ
982 5045 1202 5118 μέρους,
1238 5069 1263 5096 ι)
1296 5047 1552 5113 οἴον,Ἐκ.
1583 5043 1778 5117 μέρους
1807 5041 1967 5118 ἔγνω-

317 5165 396 5202 τε.
449 5139 737 5214 Μετριάζει
797 5134 855 5192 ὀὶ
907 5140 1070 5190 τοῦτο
1112 5133 1304 5208 λέγων·
1370 5135 1582 5210 [QVIR]
1643 5158 1669 5185 υ
1700 5132 1967 5205 Ἐλπίζω,

315 5232 507 5312 φησῖν,
562 5228 647 5283 δτι
722 5226 829 5288 ’ἕως
886 5223 1079 5287 τέλους
1138 5222 1521 5297 ἐπιγνώσεσθε.
1582 5223 1697 5291 Τί;
1759 5245 1787 5274 ι(
1846 5224 1967 5280 Ὀτι

312 5311 585 5397 καύχημα
615 5319 767 5390 ὑμῶν
795 5315 975 5389 ἐσμεν.
1009 5337 1035 5368 η
1102 5314 1251 5387 Οὖγὶ
1286 5314 1447 5386 μόνον
1504 5312 1561 5369 δὲ
1608 5315 1794 5385 ἡμεῖς,
1822 5311 1970 5369 ἀλλὰ

309 5415 401 5470 καὶ
437 5413 592 5486 ὑμεῖς
634 5408 768 5479 ἐμοῦ
824 5404 1095 5483 καόχημά
1158 5402 1294 5462 ἐστε.
1355 5404 1444 5466 Ὠς
1495 5406 1597 5480 γὰρ
1652 5403 1711 5458 ἐκ
1768 5404 1967 5478 μέρους

309 5506 403 5560 νῦν
423 5500 553 5556 αὐτὸ
582 5502 743 5554 τοῦτο
774 5495 1062 5569 ἐπέγνωτε.
1117 5492 1289 5555 οὕτως
1346 5491 1552 5563 ἐλπίζω
1594 5491 1678 5548 ὅτι
1733 5492 1824 5547 καὶ
1878 5513 1962 5548 τε·

313 5590 481 5652 λιζως
539 5584 899 5661 ἐπιγνώσεσθε
952 5582 1083 5638 αὐτὸ
1141 5581 1195 5636 ἐν
1253 5580 1427 5655 ἐιείνῃ
1484 5587 1551 5655 τῇ
1611 5580 1824 5655 ἡμέρᾳ,
1873 5580 1965 5637 ὅτε

312 5680 538 5743 ’ἄπαστος
592 5677 666 5734 ὧν
750 5671 943 5752 ἔπραξε
996 5675 1097 5745 τὴν
1179 5672 1515 5748 ἀντιμισθίαν
1584 5672 1821 5750 οὖρήσει.
1878 5674 1962 5748 Ἐξ

2163 667 2206 724 Ι.
2249 667 2425 721 12-15.
2462 688 2484 717 α
2519 669 2660 723 Nam
2695 666 2964 739 gloriatio
2995 671 3199 721 nostra
3228 666 3354 720 hinc
3370 666 3741 721 esttestimo-

2090 778 2115 804 ι‹
2148 755 2310 810 nium
2344 756 2722 811 conscientia:
2755 755 3159 825 nostraa,quod
3192 771 3325 809 cum
3358 754 3736 825 simplicitate

2090 866 2117 893 α
2150 848 2208 897 et
2237 845 2576 900 sinceritate
2601 845 2725 909 Dei,
2749 861 2870 899 non
2902 862 3007 915 per
3032 843 3384 915 sapientiam
3408 845 3737 908 carnalem,

2093 954 2121 982 «
2155 933 2258 987 sed
2284 950 2389 1005 per
2417 935 2661 1006 gratiam
2698 935 2797 988 Dei
2858 934 3185 989 conversati
3245 934 3393 990 599
3453 934 3640 989 simus
3672 935 3731 987 in

2092 1044 2119 1071 ‹‹
2154 1023 2397 1081 mundo.
2435 1024 2838 1079 abundantius
2870 1031 3064 1079 autem
3102 1040 3239 1095 erga
3270 1040 3389 1078 vos.
3424 1025 3548 1077 Non
3572 1024 3732 1078 enim

2090 1132 2118 1162 ‹‹
2152 1112 2266 1166 alia
2290 1112 2481 1167 scribo
2510 1113 2669 1168 vobis
2696 1130 2874 1183 quam
2906 1130 3035 1183 qua:
3069 1112 3261 1184 legitis
3288 1119 3388 1167 aut
3419 1114 3595 1168 etiam
3628 1130 3733 1167 co-

2093 1223 2114 1248 ι
2149 1202 2450 1273 gnoscitis.
2482 1202 2661 1273 Spero
2688 1208 2884 1257 autem
2908 1201 3064 1272 quod
3098 1218 3285 1272 usque
3307 1202 3379 1256 ad
3398 1203 3574 1257 finem
3597 1219 3735 1273 quo-

2088 1312 2116 1340 ‹‹
2146 1308 2258 1361 que
2289 1293 2641 1363 cognoscitis
2668 1290 3158 1362 quemadmodum
3178 1298 3237 1346 et
3262 1291 3614 1359 cognovistis
3629 1308 3737 1346 nos

2087 1401 2115 1428 «
2150 1396 2219 1435 ex
2250 1386 2452 1451 parte:
2491 1381 2646 1452 quod
2678 1381 2951 1452 gloriatio
2984 1387 3176 1437 vestra
3205 1382 3410 1445 simus,
3447 1380 3736 1451 quemad-

2088 1490 2114 1518 «
2152 1469 2391 1525 modum
2416 1477 2473 1525 et
2501 1488 2601 1525 vos
2635 1477 2837 1526 nostra
2869 1470 2927 1525 in
2963 1472 3056 1525 die
3087 1470 3338 1528 Domini.
3375 1492 3401 1518 υ

2157 1560 2304 1625 Quia
2335 1560 2605 1631 superius
2636 1560 2864 1616 dixerat
2903 1577 3009 1633 per
3040 1562 3139 1615 Dei
3180 1559 3619 1615 misericordias
3676 1577 3737 1616 se

2085 1652 2365 1721 adeptum
2400 1650 2578 1704 fuisse
2613 1650 3182 1714 misericordiam,ne
3218 1648 3741 1704 hocdictoaudito—

2085 1756 2208 1795 rem
2235 1739 2820 1811 reddatsegniorem,
2857 1740 2940 1793 ait
2998 1756 3032 1794 a
3095 1740 3291 1811 seipso
3324 1746 3595 1811 oportere
3636 1740 3741 1793 lia-

2084 1831 2224 1883 bere
2258 1828 2467 1883 salutis
2500 1829 2842 1883 occasiones
2877 1846 2945 1883 ex
2968 1828 3125 1883 bona
3164 1829 3549 1883 conscientia.
3575 1836 3653 1883 Ac
3686 1828 3734 1881 si

2085 1918 2345 1973 diceret:
2377 1918 2753 1972 Conscientia
2786 1923 2988 1973 nostra
3025 1934 3155 1988 qum
3187 1917 3361 1972 nobis
3392 1918 3545 1972 bona
3569 1917 3738 1972 testi-

2083 2008 2314 2075 ﬁcatur,
2338 2012 2397 2062 et
2426 2007 2584 2078 quod
2618 2009 2675 2061 in
2710 2008 3087 2078 simplicitate
3106 2009 3434 2063 conversati
3464 2007 3731 2062 simusin

2081 2098 2328 2163 mundo,
2361 2098 2681 2153 maximam
2708 2098 3131 2153 consolationis
3165 2098 3536 2152 occasionem
3572 2096 3736 2151 dedit

2074 2188 2247 2243 nobis
2282 2205 2294 2241 :
2332 2187 2518 2257 magis
2550 2194 2743 2242 autem
2777 2204 2896 2242 non
2924 2187 3354 2242 consolationis
3378 2186 3592 2255 solum,
3626 2185 3731 2241 sed

2076 2285 2135 2334 et
2161 2279 2552 2351 gloriationis.
2612 2302 2636 2322 σι
2689 2279 2853 2343 Quod
2905 2296 3038 2333 cum
3092 2280 3556 2344 simplicitate.»
3594 2280 3730 2333 Sine

2077 2368 2232 2434 dolo,
2266 2368 2393 2421 sine
2425 2368 2663 2422 fictione
2695 2374 2797 2422 aut
2855 2369 3225 2439 operimento
3286 2369 3507 2438 aliquo.
3543 2391 3569 2416 «
3606 2370 3731 2424 Non

2076 2478 2182 2534 per
2212 2460 2566 2530 sapientiam
2602 2459 2901 2514 carnalem
2958 2482 2985 2509 ››
3020 2463 3143 2515 Non
3183 2477 3290 2530 per
3346 2460 3733 2516 calliditatem

2077 2566 2144 2606 ac
2176 2549 2495 2605 versutiam
2528 2548 2836 2603 verborum
2895 2565 3024 2619 quae
3057 2548 3373 2603 obumbrat
3402 2550 3730 2613 veritatem.

2076 2639 2402 2695 conversati
2437 2654 2661 2693 sumus.
2697 2637 3017 2692 Considera
3046 2654 3184 2691 vero
3207 2638 3366 2709 quod
3406 2655 3473 2693 ea
3502 2640 3733 2708 rejiciat

2078 2746 2146 2785 ac
2176 2728 2383 2801 fugiat.
2420 2728 2479 2782 in
2528 2728 2744 2799 quibus
2800 2727 3211 2800 gloriabantur
3262 2728 3731 2799 pseudapostoli.

2081 2844 2107 2869 ‹‹
2143 2819 2253 2874 Sed
2285 2835 2389 2888 per
2408 2819 2655 2885 gratiam
2693 2818 2814 2874 Dei.
2852 2840 2878 2866 ι)
2907 2819 3027 2873 Ηοο
3057 2824 3147 2873 est
3174 2818 3341 2885 signa
3371 2835 3438 2873 ac
3465 2819 3735 2891 prodigia

2082 2925 2213 2979 quae
2245 2907 2343 2962 Dei
2364 2906 2517 2962 dona
2533 2912 2703 2961 erant
2731 2930 2758 2956 «
2783 2907 3195 2962 Abundantius
3212 2914 3407 2964 autem
3426 2925 3563 2978 erga
3578 2926 3677 2963 vos
3710 2932 3735 2955 η

2080 2996 2382 3062 Quomodo
2405 2996 2432 3051 ?
2460 2996 2608 3060 Quia
2640 3012 2770 3049 cum
2802 2996 3011 3068 signis,
3046 3002 3331 3067 praeterea
3360 2998 3539 3052 etiam
3601 2999 3737 3052 sine

2083 3090 2321 3156 sumptu
2354 3084 2731 3151 Evangelium
2765 3084 2920 3153 apud
2953 3084 3113 3154 ipsos
3165 3085 3608 3155 prmdicaverat.
3670 3087 3738 3138 Et

2082 3173 2210 3228 vide
2237 3188 2251 3226 :
2286 3172 2507 3226 bonum
2533 3189 2681 3242 opus
2713 3171 2869 3243 quod
2898 3172 3086 3243 ipsius
3134 3178 3280 3233 erat,
3314 3174 3735 3246 attribuitgra-

2083 3262 2178 3317 tias
2212 3261 2335 3317 Dei.
2362 3283 2389 3310 «
2416 3262 2540 3316 Non
2573 3261 2731 3316 enim
2773 3261 2891 3316 alia
2941 3261 3257 3317 scribimus
3288 3261 3472 3317 vobis.
3512 3286 3537 3309 ››
3581 3263 3736 3327 Quu-

2087 3352 2249 3407 niam
2281 3351 2532 3406 multum
2564 3350 2636 3405 de
2668 3351 2863 3422 seipso
2911 3350 3144 3407 locutus
3202 3358 3324 3406 erat
3384 3352 3541 3424 quod
3608 3352 3735 3407 sine

2032 3442 2050 3461 ‘
2087 3449 2329 3514 sumptu
2359 3442 2735 3515 Evangelium
2759 3443 3159 3514 prmdicasset.
3204 3460 3279 3498 ne
3312 3443 3445 3514 quis
3475 3442 3601 3498 haec
3658 3442 3741 3499 fa-

2086 3541 2243 3590 stum
2275 3536 2587 3591 verborum
2623 3552 2753 3591 esse
2783 3535 3121 3601 ducat,cum
3155 3536 3473 3591 destitutus
3501 3537 3577 3591 sit
3598 3551 3733 3607 cpe.

2083 3626 2268 3685 ribus.
2303 3626 2463 3697 ipsos
2524 3626 2585 3681 in
2635 3630 2815 3681 testes
2872 3626 3116 3681 adducit
3172 3627 3327 3697 quod
3378 3643 3512 3681 vera
3554 3627 3732 3680 dicat-

2085 3716 2209 3769 Non
2261 3716 2420 3771 enim
2478 3715 2596 3770 alia
2655 3715 3002 3786 scripsimus
3060 3715 3245 3781 vobis,
3308 3716 3419 3771 hoc
3477 3721 3583 3782 est,
3642 3732 3735 3785 pe-

2081 3803 2321 3875 regrina
2345 3810 2403 3859 et
2431 3804 2682 3858 alienaa
2728 3803 2897 3857 nobis
2955 3805 3295 3874 (scripserat
3349 3804 3509 3857 enim
3570 3804 3731 3872 prius

2080 3893 2236 3963 quod
2263 3893 2389 3947 sine
2425 3898 2663 3963 sumptu
2697 3892 3078 3962 prmdicasset
3126 3892 3271 3963 ipsis
3303 3892 3727 3963 Evangelium),

2079 3982 2182 4037 sed
2214 3982 2316 4034 illa
2353 3980 2513 4035 vobis
2573 3981 2919 4050 scripsimus
2980 3995 3111 4050 quin
3171 3980 3385 4045 legitis,
3447 3980 3558 4035 hoc
3619 3988 3729 4046 est,

2082 4069 2153 4125 de
2180 4070 2397 4142 quibus
2433 4070 2765 4141 suggeritur
2794 4068 2956 4123 vobis
3017 4068 3175 4139 quod
3230 4069 3352 4125 sint
3404 4070 3465 4124 in
3511 4068 3681 4124 nobis
3718 4083 3731 4131 ;

2083 4162 2257 4217 lectio
2292 4164 2449 4217 enim
2483 4168 2573 4216 est
2602 4162 2922 4233 suggestio,
2949 4167 3008 4216 et
3039 4168 3225 4217 tracta
3256 4180 3323 4216 ex
3349 4161 3733 4233 praecedenti-

2081 4251 2192 4307 bus
2224 4251 2451 4307 notitia.
2480 4252 2549 4305 Et
2578 4251 2723 4321 quid
2762 4250 2913 4317 dico,
2947 4250 3244 4322 inquit,de
3278 4251 3498 4322 quibus
3532 4266 3733 4323 sugge-

2082 4341 2233 4397 ritur
2264 4340 2427 4395 vobis
2456 4340 2483 4395 ?
2505 4339 2799 4411 siquidem
2831 4357 2960 4411 qua)
2994 4341 3355 4409 cognoscitis
3388 4340 3557 4394 nobis
3601 4357 3728 4395 esse

2084 4430 2343 4503 propria,
2375 4444 2450 4486 ne
2481 4447 2628 4501 opus
2650 4429 2892 4501 quidem
2939 4429 3168 4484 habetis
3216 4435 3279 4483 ut
3340 4435 3732 4501 suggerantur

2084 4520 2266 4579 vobis.
2299 4535 2430 4573 cum
2456 4519 2771 4573 manifesta
2793 4518 3041 4581 sint,sed
3056 4518 3229 4573 etiam
3249 4524 3385 4572 ante
3406 4518 3728 4589 suggestio-

2085 4625 2222 4663 nem
2256 4614 2456 4663 exacte
2489 4608 2671 4662 scitis.
2707 4628 2735 4657 α
2770 4607 2949 4677 Spevo
2998 4613 3213 4662 autem.
3253 4630 3275 4657 ι
3340 4605 3512 4661 Vides
3572 4607 3731 4678 quod

2083 4697 2629 4763 nihilarrogantius
2661 4695 2957 4766 loquatur,
2992 4695 3094 4749 sed
3135 4712 3260 4751 rem
3320 4711 3558 4751 onmem
3616 4697 3732 4751 Deo

2084 4786 2413 4841 attribuat?
2444 4786 2599 4839 600
2625 4787 2765 4839 Nam
2801 4801 2994 4855 spero,
3024 4785 3237 4856 inquit,
3263 4785 3323 4840 in
3356 4787 3539 4841 Deum
3576 4786 3733 4857 quod

2082 4892 2270 4945 usque
2302 4875 2374 4929 ad
2408 4875 2587 4928 finem
2621 4888 2857 4944 quoque
2888 4874 3253 4945 cognoscetis
3282 4891 3390 4929 nos
3424 4876 3568 4930 tales
3599 4892 3727 4929 esse

2082 4964 2289 5035 quales
2321 4962 2660 5031 significant
2689 4961 2956 5031 epistola)
2992 4978 3003 5027 ;
3035 4968 3093 5016 et
3122 4961 3193 5017 ab
3226 4964 3336 5019 hoc
3368 4965 3541 5018 etiam
3580 4981 3725 5032 prm-

2080 5055 2254 5109 terita
2284 5051 2616 5108 ostenditur
2646 5050 2780 5105 vita.
2816 5074 2842 5099 ‹‹
2876 5044 3629 5123 Quemadmodum,inquit,
3659 5070 3725 5106 cx

2078 5148 2242 5214 parte
2277 5158 2289 5208 ;
2327 5161 2354 5189 ιν
2379 5141 2489 5195 hoc
2520 5145 2632 5201 est,
2666 5155 2735 5193 ex
2768 5144 2933 5209 parte
2964 5142 3354 5211 cognovistis:
3378 5142 3490 5197 hoc
3522 5149 3720 5196 autem

2076 5230 2326 5286 dicendo
2360 5246 2478 5300 praa
2508 5245 2570 5283 se
2603 5228 2715 5283 fert
2745 5229 3162 5284 modestiam.«
3197 5230 3398 5301 Spero.
3434 5230 3531 5284 ait.
3568 5231 3728 5301 quod

2077 5336 2265 5391 usque
2295 5320 2367 5373 ad
2402 5318 2577 5373 tinem
2603 5318 2991 5389 cognoscetis.
3030 5339 3054 5365 ››
3080 5318 3230 5383 Quid
3254 5318 3321 5371 ?«
3340 5318 3506 5383 Quod
3520 5319 3735 5392 gloria-

2077 5410 2158 5464 tio
2190 5414 2381 5463 vestra
2413 5406 2617 5462 simus.
2657 5428 2682 5453 ››
2712 5408 2836 5461 Non
2869 5404 3063 5461 solum
3118 5412 3314 5461 autem
3350 5424 3486 5469 nos.
3538 5409 3641 5464 sed
3673 5418 3732 5465 et

2074 5515 2173 5553 vos
2194 5513 2429 5570 quoque
2488 5511 2622 5551 mea
2667 5494 2937 5568 gloriatio
2997 5495 3160 5552 estis.
3212 5495 3372 5553 Sicut
3402 5498 3561 5553 enim
3602 5499 3719 5556 «hoc

2074 5588 2269 5661 ipsum
2299 5602 2459 5641 nunc
2490 5601 2557 5639 ex
2590 5590 2754 5657 parte
2786 5583 3161 5656 cognovistis,
3218 5586 3303 5643 ita
3332 5604 3504 5659 spero
3565 5589 3716 5661 quod

2071 5676 2250 5737 etiam
2281 5675 2392 5736 hoc
2421 5674 2678 5748 perfecte
2710 5673 3073 5748 cognoscetis
3104 5674 3167 5734 in
3198 5675 3299 5733 illo
3327 5675 3443 5745 die,
3475 5676 3716 5749 quando
