4068 6254
349 339 467 398 923

1477 338 1900 401 (ΕΟΗΜΕΝΙῙ
1946 332 2249 395 ΤΒῙοοΕ
2296 332 2649 396 EPISCOPI

3660 343 3780 401 νει

349 476 761 549 unusquisque
792 492 999 535 eorum
1030 494 1162 549 quae
1193 477 1334 533 fecit
1360 476 1820 533 retributionem
1846 474 2001 527 inve-

2123 469 2191 523 ὧν
2228 469 2329 544 γὰρ
2359 468 2615 543 εὖρησετε
2664 470 2977 532 πεισθέντες
3020 471 3146 543 ἐμοὶ
3175 472 3267 527 καὶ
3297 477 3379 544 τῷ
3428 472 3784 547 κηρῦγματΰ

354 569 585 623 niet.Ex
619 568 710 622 his
745 568 907 622 enim
942 585 1073 638 qua)
1107 567 1564 632 nanciscemini,
1598 564 1737 620 dum
1760 562 1904 619 mihi
1939 578 2006 617 ac

352 657 759 729 pi'mdicationi
792 656 1387 728 obtemperatis,tunc
1408 655 1667 728 perfecte
1690 668 2003 726 cognosce-

356 748 429 802 tis
461 754 668 803 etnon
701 763 770 801 ex
802 753 992 818 parte,
1029 747 1188 818 quod
1219 747 1496 818 gloriatio
1527 750 1719 799 vestra
1771 743 1956 797 simus
1991 757 2003 795 :

357 841 414 891 et
443 853 548 908 ego
588 852 731 890 sane
782 841 1037 891 vestram
1073 836 1325 891 salutem
1358 841 1417 890 et
1454 849 1758 890 accessum
1790 830 2007 904 gloria-

356 927 582 981 tionem
614 924 888 980 efficiam.
926 947 954 975 ‹‹
982 924 1146 990 Quod
1185 924 1457 997 gloriatio
1513 927 1706 978 vestra
1735 921 1939 976 simus.
1975 940 2003 969 »

357 1012 580 1069 Deinde
613 1030 686 1067 ne
716 1013 907 1085 gravis
938 1029 1067 1067 esse
1100 1012 1369 1067 videatur
1398 1012 1469 1067 de
1529 1012 1722 1081 seipso
1754 1009 2006 1080 loquens

355 1103 513 1159 bona
542 1119 649 1157 sua
679 1119 861 1174 opera
889 1102 1087 1157 reddit
1115 1102 1474 1157 communia.
1510 1103 1655 1156 Nam
1686 1100 1734 1156 si
1764 1098 2009 1159 talis.in-

358 1193 506 1265 quit.
534 1191 977 1248 demonstratus
1009 1191 1174 1246 fuero
1207 1191 1441 1262 qualem
1474 1191 1593 1246 dixi
1629 1214 1654 1241 «
1682 1191 1745 1245 in
1775 1189 1870 1245 die
1893 1189 2010 1244 Do-

354 1280 523 1343 mini,
558 1301 583 1331 ι
620 1281 731 1336 hoc
763 1286 872 1348 est,
902 1281 961 1334 in
985 1279 1214 1351 judicio
1247 1283 1459 1352 (neque
1492 1280 1650 1336 enim
1691 1277 2011 1351 praesentia

356 1369 576 1424 intueri
607 1374 859 1440 oportet,
894 1386 1113 1442 nempe
1145 1370 1464 1442 opprobria
1501 1376 1561 1425 et
1615 1368 2008 1425 contumelias

355 1475 502 1530 quas
529 1459 805 1514 audimus
838 1475 945 1515 nos
974 1460 1248 1530 apostoli)
1275 1476 1288 1526 ;
1331 1460 1379 1513 si
1413 1460 1561 1514 tales
1592 1475 1729 1531 ergo
1761 1457 2008 1512 demon-

358 1548 525 1603 strati
557 1549 868 1615 fuerimus,
904 1570 931 1595 «ι
962 1549 1236 1620 gloriatio
1287 1555 1482 1604 vestra
1533 1565 1756 1603 sumus.
1799 1571 1823 1595 υ
1852 1548 2001 1611 Quo-

356 1637 533 1694 modo
548 1638 574 1693 ?
589 1638 735 1704 Quia
756 1638 1096 1709 hujusmodi
1127 1639 1386 1695 maxime
1414 1638 1503 1693 usi
1529 1639 1671 1693 estis
1692 1643 2009 1709 prchpto-

356 1726 524 1783 ribus
556 1728 653 1798 qui
688 1726 837 1782 nihil
872 1728 1198 1782 humanum
1231 1726 1580 1782 docuerunt.
1628 1727 1697 1780 Et
1726 1742 1835 1781 nos
1867 1740 2008 1781 sane

2112 558 2238 613 τότε
2293 557 2519 622 τελείως
2579 558 2963 637 ἐπιγνώσεσθε,
3006 561 3098 615 καὶ
3155 560 3255 615 οὐκ
3307 559 3369 616 ἐκ
3428 557 3664 635 μέρους,
3698 564 3785 619 ὅτι

2112 648 2381 728 καῦχημα
2432 651 2583 722 ὑμῶν
2614 648 2793 723 ἐσμεν.
2831 649 2931 706 Καὶ
2985 650 3091 725 ἐγὼ
3123 648 3181 705 δὲ
3234 651 3387 724 ὑμῶν
3420 653 3521 720 τήν
3598 673 3789 721 σωτη-

2116 738 2228 812 ρῖαν
2258 740 2347 793 καί
2369 740 2468 808 τήν
2501 742 2911 815 προσαργωγήν,
2941 760 3010 796 κα
3024 760 3209 816 ›χημα
3228 743 3565 812 ποιήσομαι.
3596 764 3623 794 ι
3658 745 3786 797 ’Ότι

2113 827 2380 902 καύχημα
2409 830 2559 901 ὑμῶν
2599 830 2777 903 ἐσμεν.
2814 854 2843 883 n
2893 831 3029 888 Εἶτα
3083 831 3175 885 ἳνα
3236 834 3311 904 μὴ
3349 833 3584 908 cpe-rixo:
3651 833 3791 887 εἶναι

2115 916 2243 995 δόξῃ
2300 922 2424 991 περὶ
2483 922 2680 977 ἑαυτοῦ
2738 921 2933 994 λέγων,
2987 922 3143 977 κοινὰ
3194 923 3261 978 τὰ
3312 923 3481 978 αὐτοῦ
3538 928 3795 978 ποιεῖται

2111 1011 2532 1083 κατορθώματα,
2564 1010 2609 1064 εἶ
2665 1011 2768 1086 γὰρ
2832 1016 3108 1077 τοιοῦτος,
3170 1012 3329 1091 φησὶ,
3388 1010 3611 1088 δειχθῶ
3677 1013 3791 1069 οῗον

2113 1097 2308 1172 εἴρηκα
2339 1124 2366 1149 ‹‹
2400 1097 2451 1152 ἐν
2491 1103 2560 1171 τῇ
2584 1099 2764 1175 ἡμέρᾳ
2792 1103 2889 1154 τοῦ
2924 1100 3149 1174 Κυρίου,
3188 1124 3214 1150 ι)
3245 1101 3366 1156 οἷον
3424 1101 3479 1156 ἐν
3532 1106 3611 1174 τῇ
3671 1100 3797 1175 κρέ-

2115 1210 2216 1245 σειο
2249 1187 2399 1264 (οὐδὲ
2425 1191 2528 1264 γαρ
2560 1187 2641 1245 δεῖ
2669 1191 2736 1246 τὰ
2767 1190 3004 1264 παρόντα
3064 1197 3308 1260 σκοπεῖν,
3369 1194 3487 1248 οἷον
3538 1193 3620 1249 τὲ
3654 1192 3797 1249 ὀνεί-

2115 1277 2205 1349 δη,
2235 1281 2333 1342 τὰς
2365 1275 2565 1352 ὕϐρεις,
2625 1279 2687 1344 ἃς
2737 1281 3005 1354 ἂκουόμεν
3062 1285 3228 1353 ἡμεῖς
3285 1283 3338 1337 οἱ
3374 1279 3723 1355 ἆπόστολοι)
3751 1282 3794 1338 εἰ

2111 1373 2354 1425 τοιοῦτοι
2385 1374 2677 1445 τοιγαροῦν
2735 1368 3068 1446 δειχθῶμεν.
3128 1395 3157 1423 ‹‹
3189 1371 3459 1446 καύχημα
3499 1375 3670 1446 ὑμῶν
3708 1372 3797 1426 ἐσ-

2119 1480 2234 1532 μεν.
2284 1486 2307 1507 »ι
2344 1465 2464 1521 Πῶς
2501 1481 2514 1525 ;
2545 1462 2670 1518 ’Ὁτι
2699 1462 2966 1516 τοιούτων
2999 1462 3350 1535 ηὖπορήτατε
3404 1460 3794 1533 διδασκάλων,

2115 1553 2223 1605 τῶν
2256 1547 2408 1605 οὐδὶν
2440 1550 2772 1617 ἀνθεώπλνον
2818 1547 3169 1622 διδαξάντων.
3232 1552 3334 1606 Κσέ
3393 1555 3563 1622 ἡμεῖς
3644 1551 3705 1608 δὲ
3744 1552 3793 1606 ἐν

2118 1638 2245 1710 ὑμῖν
2279 1639 2671 1714 καυχησόμεθα
2702 1639 2789 1695 ὅτι
2817 1640 3086 1695 τοιούτων
3144 1640 3537 1716 ηὐποεῆσαμεν
3602 1654 3792 1714 μαθη-

2114 1733 2246 1793 τῶν,
2309 1731 2384 1800 μή
2443 1726 2854 1801 σαλευομένων,
2920 1728 2955 1799 ἢ
3006 1728 3520 1803 σκανδαλιζομένων
3583 1731 3643 1787 ἐν
3708 1736 3791 1802 τῷ

357 1816 421 1871 in
453 1816 614 1870 vobis
644 1816 1034 1887 gloriabimur
1063 1815 1223 1886 quod
1262 1815 1413 1871 tales
1444 1814 1615 1870 nobis
1647 1813 2005 1886 contigerint

2123 1817 2348 1893 πάσχειν
2376 1822 2557 1880 κακῶς
2589 1820 2715 1880 τοὺς
2744 1817 2919 1873 αὐτῶν
2953 1815 3337 1883 διδασκάλους.

361 1903 659 1977 discipuli.
694 1921 814 1960 non
847 1904 1194 1960 vacillantes
1224 1911 1327 1960 aut
1355 1904 1591 1972 offensi,
1639 1903 1782 1959 licet
1830 1903 2006 1959 malis

359 1992 742 2052 afficerentur
771 1995 1037 2066 ipsorum
1067 2000 1484 2067 praeceptores.

1020 2109 1249 2165 CAPUT
1281 2110 1352 2164 Il.

367 2220 445 2270 De
472 2215 763 2270 dilectione
792 2232 958 2287 quam
1004 2233 1137 2286 erga
1168 2216 1313 2288 ipsos
1350 2217 1582 2272 habebat
1614 2236 1631 2272 :
1662 2224 1712 2272 et
1742 2217 1892 2289 quod
1908 2233 2011 2287 pe-

421 2289 663 2357 percerit
721 2304 789 2341 ne
845 2304 932 2342 eos
979 2291 1355 2347 contristaret.
1415 2305 1734 2360 quanquam
1784 2305 2010 2344 mmrore

425 2360 695 2427 afﬁciens,
728 2360 1028 2413 utilitatem
1050 2362 1278 2431 afferret
1309 2361 1521 2415 :veluti
1559 2364 1619 2415 in
1667 2376 1729 2415 eo
1785 2360 1885 2430 qui
1943 2361 2007 2415 ob

424 2437 678 2500 stuprum
708 2431 1031 2501 objurgutus
1056 2434 1266 2501 fuerat,
1303 2435 1393 2487 cui
1421 2436 1585 2488 etiam
1615 2434 1864 2501 ignoscit.

421 2537 550 2603 I,15
591 2541 720 2594 1Ἱ.‹‹
754 2539 823 2593 Et
844 2540 953 2594 bac
988 2538 1206 2595 fiducia
1238 2546 1559 2596 statueram
1590 2540 1664 2595 ad
1695 2541 2005 2597 vosvenire

352 2646 381 2674 «
417 2627 603 2698 prius.
638 2633 703 2682 ut
731 2628 982 2684 alteram
1006 2629 1150 2683 θοι
1193 2629 1491 2685 haberetis
1520 2631 1791 2701 gratiam,
1825 2636 1883 2684 et
1902 2646 2008 2700 per

353 2735 381 2763 ‹‹
414 2732 513 2771 vos
539 2718 795 2773 transire
828 2719 891 2773 in
943 2718 1349 2774 Macedoniam
1388 2736 1401 2772 :
1435 2735 1792 2790 rursumque
1824 2735 1859 2773 θ,
1888 2721 2003 2773 Ma-

361 2825 383 2854 ι
420 2805 669 2861 cedonia
707 2807 907 2861 venire
947 2806 1022 2861 ad
1055 2822 1176 2873 vos,
1208 2824 1276 2862 ac
1308 2824 1342 2862 a
1371 2806 1539 2863 vobis
1570 2807 1781 2862 deduci
1814 2808 1876 2862 in
1904 2809 2007 2864 Ju-

359 2917 388 2946 ‹‹
418 2894 626 2949 daeam.
663 2895 781 2950 Hoc
812 2896 990 2963 igitur
1019 2911 1153 2951 cum
1184 2898 1544 2962 statuissem,
1565 2896 1826 2952 nuncubi
1859 2897 2005 2952 leii-

364 3006 384 3030 ι
426 2987 540 3036 tate
573 2998 715 3037 usus
742 3000 873 3039 sum
904 2984 932 3039 ‘I
960 2991 1065 3039 aut
1092 3001 1236 3041 num
1268 3002 1336 3040 ea
1381 3002 1512 3057 quas
1544 2991 1758 3043 statuo.
1792 3002 2005 3041 secun-

360 3095 379 3121 ι
409 3071 550 3127 dum
582 3089 825 3129 carnem
853 3075 1101 3131 statuo?
1149 3082 1215 3131 ut
1270 3076 1393 3132 sint
1447 3075 1603 3148 apud
1663 3091 1759 3131 me
1814 3077 2005 3133 Etiam

360 3181 387 3213 ιι
419 3161 631 3220 Etiam.
663 3168 722 3216 et
749 3164 874 3217 Non
910 3163 1033 3219 Non
1067 3163 1095 3220 ?
1126 3186 1153 3212 »

427 3273 452 3300 α
490 3252 560 3305 Et
608 3250 721 3306 hac
779 3251 1016 3310 fiducia.
1050 3274 1078 3302 ››
1139 3254 1404 3320 Quanam
1432 3254 1460 3310 ?
1515 3254 1675 3326 quod
1722 3254 2012 3329 gloriarer
2040 3228 2082 3295 (ἶ

356 3340 416 3395 in
474 3339 685 3403 vobis,
765 3341 923 3411 quod
1014 3342 1285 3414 gloriatio
1345 3350 1540 3399 vestra
1591 3350 1748 3401 esset
1821 3345 2011 3401 nostri

362 3425 628 3490 dilectio,
670 3427 827 3495 quod
887 3428 1111 3483 nullius
1171 3429 1313 3484 mali
1369 3431 1543 3486 nobis
1598 3432 1819 3488 conscii
1853 3448 2009 3489 esse—

360 3533 516 3573 mus.
578 3547 644 3557 ——-
703 3516 785 3571 Ob
833 3518 1009 3586 hanc,
1063 3519 1306 3591 inquit,
1367 3520 1680 3588 fiduciam,
1738 3524 1812 3577 ob
1859 3523 2013 3578 hanc

362 3622 577 3678 spem,
652 3606 809 3676 quod
894 3624 1028 3663 mea
1081 3608 1354 3681 gloriatio
1411 3610 1593 3666 etiam
1654 3629 1753 3667 vos
1803 3613 2013 3668 essetis

361 3693 659 3769 promissa
689 3694 750 3750 in
773 3694 877 3750 illo
911 3695 1027 3761 die,
1064 3703 1123 3753 et
1154 3714 1258 3771 ego
1291 3703 1488 3755 vestra
1518 3715 1729 3756 essem.
1766 3699 1932 3766 Quod
1962 3702 2010 3757 si

357 3784 430 3840 ob
461 3783 618 3840 hanc
654 3784 934 3842 fiduciam
963 3792 1287 3843 statueram
1326 3787 1400 3843 ad
1436 3806 1533 3843 vos
1565 3790 1784 3857 venire,
1820 3790 2013 3845 mani-

355 3873 574 3929 festum
608 3882 698 3930 est
728 3876 886 3948 quod
918 3884 1216 3935 maturum
1251 3895 1319 3935 ac
1347 3895 1624 3952 magnum
1657 3885 1785 3936 erat
1807 3879 2012 3935 consi-

358 3962 510 4019 lium
547 3980 779 4037 :neq::e
832 3968 992 4023 enim
1026 3969 1353 4024 humanum
1406 3976 1552 4026 erat.
1612 3969 1717 4026 sed
1774 3975 2015 4043 propter

368 4071 683 4113 commune
714 4058 942 4115 lucrum
974 4077 1042 4116 ac
1098 4063 1347 4119 salutem
1406 4064 1761 4120 animarum.
1816 4064 2015 4120 lnvitis

363 4144 565 4214 itaque
598 4146 835 4204 avulsus
868 4165 999 4204 sum
1026 4166 1061 4205 a
1090 4152 1340 4207 consilio
1371 4170 1382 4205 :
1409 4153 1628 4207 etenim
1671 4151 2013 4223 hujusmodi

363 4233 594 4289 lucrum
628 4251 748 4290 non
772 4238 1314 4309 neglexissemﬂoc
1330 4246 1527 4295 autem
1552 4241 2012 4311 posuit,flrmam

363 4338 431 4376 ac
461 4323 829 4380 verissimam
861 4343 1079 4398 parans
1111 4328 1521 4383 defensionem
1549 4344 1561 4382 :
1595 4326 2013 4384 adeoillicuraa

361 4416 488 4466 erat
507 4413 657 4467 nulli
682 4416 946 4485 praabere
968 4432 1173 4471 ansam
1208 4416 1572 4472 oﬂ‘endiculi.
1608 4441 1634 4466 α
1664 4417 1736 4473 Ut
1763 4416 2013 4472 alteram

364 4499 665 4557 haberetis
695 4504 966 4575 gratiam.
986 4526 1012 4553 ››
1050 4506 1118 4559 lit
1146 4521 1254 4575 per
1282 4505 1537 4576 priorem
1562 4504 2013 4577 videlicetepis-

364 4588 549 4645 tolam
582 4596 637 4645 et
667 4609 773 4664 per
804 4609 997 4651 meam
1028 4595 1431 4665 praesentiam.
1466 4596 1538 4650 Ut
1561 4594 1805 4667 duplam
1833 4594 2015 4650 habe-

364 4677 507 4735 retis
537 4681 806 4752 gratiam,
830 4699 1044 4755 nempe
1076 4689 1133 4739 et
1153 4683 1544 4755 epistolarum
1575 4690 1633 4739 et
1660 4685 2015 4757 praesentiae.

369 4768 625 4824 Gratiam
649 4775 847 4827 autem
879 4773 1023 4828 dicit
1049 4773 1351 4846 gaudium.
1379 4775 1483 4828 uEt
1512 4790 1618 4845 per
1647 4773 2014 4829 vostransire

368 4857 429 4911 in
456 4857 916 4914 Macedoniam.»
949 4862 1126 4933 Atqui
1155 4863 1215 4918 in
1247 4863 1443 4934 priore
1474 4862 2010 4934 Epistoladixerat:

365 4968 393 4995 «
432 4944 673 5001 Veniam
705 4953 900 5002 autem
932 4948 1007 5004 ad
1037 4966 1136 5005 vos
1167 4968 1303 5006 cum
1361 4950 1763 5007 Macedoniam
1821 4957 2013 5006 trans-

367 5037 488 5095 iero
520 5037 563 5106 θ,
596 5061 626 5090 ››
657 5040 754 5096 hic
784 5046 981 5098 autem
1010 5044 1133 5098 ait:
1166 5051 1549 5101 Decreveram
1610 5045 1776 5117 prius
1814 5045 2015 5099 venire

367 5126 440 5183 ad
473 5144 589 5183 vos.
625 5128 775 5194 Quid
807 5145 942 5197 ergo
964 5131 992 5187 ‘2
1022 5148 1163 5186 num
1196 5132 1308 5187 sibi
1342 5133 1455 5204 ipsi
1488 5134 1824 5189 contrarius
1871 5139 1963 5188 est
1989 5132 2017 5187 ?

370 5219 611 5276 Minime
641 5237 655 5288 ;
689 5221 792 5277 sed
825 5222 935 5277 hoc
957 5221 1135 5278 dicit:
1167 5225 1418 5279 Tantum
1450 5223 1640 5279 abfuit
1672 5230 1736 5278 ut
1763 5222 2012 5295 pigrita-

370 5327 467 5366 rer
493 5312 696 5367 venire
725 5312 798 5368 ad
831 5329 951 5377 vos,
982 5319 1366 5383 ut'quautum
1415 5313 1489 5368 ad
1550 5330 1748 5368 meum
1803 5313 2017 5368 attinet

369 5400 657 5461 animum.
689 5402 891 5468 etiam,
920 5403 1264 5474 priusquam
1296 5402 1697 5458 Macedoniam
1729 5402 1992 5457 viderem

367 5486 442 5542 ad
465 5504 563 5543 vos
591 5490 788 5546 venire
818 5490 1054 5557 vellem,
1110 5497 1172 5545 at
1222 5508 1342 5546 non
1396 5496 1813 5548 successerunt
1867 5490 2015 5546 mihi

328 5673 333 5679 -
412 5641 467 5725 ,γ’
494 5640 670 5695 ICor.
703 5657 779 5708 VI,
810 5645 862 5697 ι.

2758 2099 3016 2156 ΚΕΦΑΛ.
3050 2098 3105 2155 Β“

2118 2208 2245 2285 Περῖ
2277 2210 2491 2285 ἀγπὶπης
2522 2209 2804 2285 τῆ-ςῇπρός
2833 2209 3027 2285 animi);
3056 2208 3154 2285 καξ
3177 2207 3397 2285 ego»;
3458 2210 3550 2285 εἷςΔ
3597 2212 3668 2285 τὸ
3701 2213 3779 2285 μή

2190 2278 2405 2361 λυπεῖν,
2439 2281 2485 2336 εἷ
2515 2281 2604 2336 καὶ
2636 2278 2827 2335 λυπῶ]
2866 2282 3096 2361 ᾡφελεῖ,
3126 2281 3199 2342 ὡς
3229 2281 3316 2336 ἐπὶ
3375 2286 3475 2337 τοῦ
3530 2280 3624 2337 διὰ
3649 2278 3785 2356 πὸρὲ

2187 2353 2331 2409 νείαν
2383 2353 2822 2426 ἐπιτιμηθέντας,
2854 2352 2900 2425 ᾧ
2930 2352 3018 2407 καὶ
3049 2359 3348 2428 συγχωρεῖ.

2185 2526 2287 2581 Καὶ
2315 2524 2482 2598 ταέτῃ
2537 2529 2606 2599 τῇ
2665 2525 2987 2595 πεποιθήσει
3053 2518 3371 2596 ἐδουλῦμην
3435 2526 3576 2601 πρὸς
3643 2526 3775 2598 ὑμᾶς

2113 2613 2288 2669 ἐλθεῖν
2344 2615 2407 2670 τὸ
2490 2613 2751 2688 πρότερον
2796 2658 2811 2683 ,
2866 2611 2960 2668 ’ἱνα
3042 2610 3290 2688 δευτέραν
3349 2614 3513 2688 χάριν
3584 2609 3772 2689 ἔχητε,

2111 2703 2200 2757 καὶ
2250 2700 2322 2756 δι’
2381 2704 2533 2775 ὑμῶν
2624 2701 2797 2758 ἐλθεῖν
2879 2702 2955 2763 εἷς
3025 2699 3388 2769 Μακεδονίαν,
3451 2704 3545 2758 καὶ
3608 2702 3760 2759 πάλιν

2112 2792 2217 2846 ἀπὸ
2249 2788 2583 2853 Μακεδονίας
2640 2790 2817 2856 ἐλθεῖν
2885 2792 3020 2860 πρὸς
3080 2792 3242 2864 ὑμᾶς,
3305 2791 3396 2845 καὶ
3461 2792 3552 2871 ὑφ’
3618 2794 3751 2865 ὑμῶν

2115 2888 2544 2957 προπεμφθῆναι
2597 2880 2674 2942 εἷς
2757 2882 2856 2948 τὴν
2932 2879 3214 2937 Ἰουδαίαν·
3274 2885 3441 2936 τοῦτο
3499 2883 3588 2937 οὖν
3633 2882 3742 2955 βου.

2116 2970 2438 3040 λευάμενος,
2491 2972 2568 3041 μή
2627 2990 2681 3026 τι
2740 2969 2843 3045 ἆρα
2898 2973 2967 3043 τῇ
3023 2969 3257 3048 ἐλαφρίᾳ
3312 2968 3730 3044 ἐχρησάμηνςῆ

2114 3062 2147 3118 ἃ
2201 3060 2545 3137 βουλεύομαι
2627 3062 2761 3118 κατὰ
2835 3063 3006 3137 σάρκα
3095 3060 3488 3136 βουλεύομαι;
3566 3060 3647 3117 ’ἱνα
3710 3060 3743 3134 ᾖ

2229 3152 2241 3172 1
2380 3152 2396 3172 \
2464 3152 2478 3169 \
2631 3151 2645 3168 ε
2773 3152 2788 3171 ι
2908 3151 2921 3169 \
2988 3151 3001 3169 \
3126 3151 3153 3170 υ
3245 3150 3273 3171 υ

2115 3172 2224 3227 παρ
2273 3150 2397 3226 ἐμοι
2426 3172 2509 3218 το,
2544 3153 2672 3220 Ναι,
2704 3173 2811 3214 ναι,
2835 3172 2924 3207 και
2949 3171 3031 3218 το,
3075 3153 3175 3209 Ου⁶
3211 3171 3297 3207 ου.

2192 3259 2331 3330 Ποία
2384 3257 2551 3334 ταύτῃ
2622 3257 2903 3335 θαῤῥτςσει,
2959 3257 3137 3327 ﬁcia;
3189 3262 3269 3330 τῷ
3320 3262 3627 3336 καυχᾶσθαι
3690 3258 3765 3339 ἐφ’

2122 3351 2253 3419 ὑμῖν
2307 3352 2387 3419 τῷ
2465 3347 2733 3422 καύχημα
2793 3347 2946 3421 ὑμῶν
3024 3346 3162 3401 εἶναι
3229 3348 3293 3402 τὸ
3349 3348 3563 3426 ἀγαπᾶν
3617 3350 3767 3420 ὑμᾶς,

2121 3443 2200 3510 τῷ
2229 3434 2397 3509 μηδὲν
2456 3437 2668 3500 ἑαυτοῖς
2721 3432 3012 3490 συνειδέναι
3056 3436 3319 3506 πονηρόν.
3385 3438 3605 3512 [ΦΩΤ.]
3654 3437 3770 3495 Ἐπὶ

2118 3525 2310 3597 ταύτῃ,
2343 3524 2500 3603 φησὶ,
2538 3527 2608 3597 τῇ
2656 3520 2978 3596 προσδοκίᾳ,
3009 3520 3099 3577 ἐπὶ
3152 3524 3320 3598 ταύτῃ
3367 3527 3434 3597 τῇ
3466 3522 3676 3595 ἐλπίδι,
3705 3528 3770 3599 τῇ

2120 3613 2210 3669 καὶ
2246 3613 2384 3686 ὑμᾶς
2415 3612 2546 3687 ἐμὸν
2605 3614 2743 3667 εἶναι
2792 3610 3061 3690 καύχημα
3128 3610 3446 3687 ἐγγυωμένη
3497 3612 3549 3667 ἐν
3604 3613 3774 3688 ἐκείνῃ

2121 3704 2189 3776 τῇ
2220 3703 2422 3776 ἡμέρᾳ,
2463 3701 2553 3756 καὶ
2595 3699 2693 3775 ἐμὲ
2732 3701 2864 3756 εἶναι
2928 3700 3099 3772 ὑμῶν.
3162 3699 3227 3757 Εἴ
3293 3697 3351 3755 δί
3380 3701 3468 3757 ἐπὶ
3497 3702 3664 3775 ταύτῃ
3702 3706 3768 3776 τῇ

2121 3792 2409 3861 πεποιήσει
2441 3789 2614 3845 ἐλθεῖν
2667 3783 3000 3860 ἐϐουλόμην,
3065 3785 3235 3859 δῆλον
3296 3788 3381 3846 ὅτι
3434 3789 3644 3871 σφοδρὶ
3679 3790 3770 3849 καὶ

2120 3877 2313 3948 πολλὴ
2346 3880 2413 3949 ἦν
2436 3882 2470 3943 ἠ
2499 3876 2783 3953 βο·5λησις.
2819 3879 2899 3935 Οὐ
2922 3878 3028 3954 γὰρ
3057 3877 3368 3953 ἀνθρωπίνη
3394 3882 3484 3948 ἦν,
3518 3878 3667 3935 ἀλλὰ
3688 3878 3773 3936 διὰ

2121 3971 2303 4027 κοινὸν
2361 3966 2576 4038 κέρδος,
2634 3968 2725 4022 καὶ
2774 3968 3347 4043 σωτητίανψυχικήν.
3411 3972 3573 4027 Ὥστε
3629 3968 3771 4026 ἄκων

2121 4060 2378 4129 ἐνεκόπην
2409 4066 2511 4127 τῆς
2545 4057 2883 4134 βουλήσεως.
2930 4060 3009 4118 Οὔ
3039 4059 3140 4134 γὰο
3197 4057 3257 4114 ἃν
3315 4060 3452 4115 ἑκὼν
3522 4061 3772 4117 tom-3:09

2122 4147 2347 4220 κέρδους
2378 4145 2656 4221 ἠμέλησα.
2690 4150 2863 4203 Τοῦτο
2893 4144 2951 4202 δὶ
2985 4141 3207 4222 βεϐαίαν
3247 4149 3340 4204 καὶ
3395 4146 3773 4219 ἀληθεστάτην

2121 4237 2417 4311 ἀπολογίαν
2475 4238 2884 4306 κατασκευάζων
2934 4235 3188 4301 τέθεικεν·
3232 4237 3410 4300 οὕτως
3470 4239 3767 4317 ἐφρόντιζε,

2126 4322 2315 4402 μηδενὶ
2347 4321 2650 4380 σκανδάλου
2706 4330 3005 4400 παρασχεῖν
3065 4325 3356 4405 πρόιρασιν.
3432 4355 3453 4378 ι
3490 4333 3602 4386 Ἷνκ
3659 4330 3775 4388 δευ-

2120 4414 2276 4490 τέραν
2307 4415 2467 4489 χάριν
2510 4411 2700 4493 ἔχητε.
2733 4437 2760 4465 n
2796 4416 2910 4484 Τήν
2938 4434 2997 4468 τε
3044 4410 3133 4468 διὰ
3185 4422 3286 4483 τῆς
3344 4418 3616 4492 προτέρας
3657 4421 3772 4477 ἐπι.

2123 4503 2346 4573 στολῆς,
2377 4501 2591 4559 καὶδιά
2634 4510 2733 4571 τῆς
2797 4502 2937 4577 ἐμῆς
2993 4502 3314 4578 παρουσίας.
3367 4507 3483 4562 Ἶνα
3540 4506 3771 4577 διπλῆν-

2046 4594 2288 4670 υχάριν
2319 4588 2509 4668 ἔχητε,
2550 4591 2640 4646 καὶ
2695 4588 2783 4647 διὰ
2812 4596 2922 4647 τῶν
2979 4594 3323 4665 γραμμάτων
3379 4595 3470 4649 καὶ
3530 4594 3620 4652 διὰ
3675 4605 3774 4667 τῆς

2124 4682 2439 4758 πσρουσίας.
2474 4680 2647 4753 Χάριν
2690 4677 2766 4748 δὲ,
2796 4682 2895 4749 τήν
2929 4682 3103 4755 χαρὰν
3138 4681 3304 4758 λέγει.
3331 4706 3360 4735 ι(
3385 4683 3487 4742 Καὶ
3520 4681 3593 4741 δι’
3626 4688 3771 4761 ὑμῶν

2126 4769 2356 4827 διελθεῖν
2386 4769 2463 4833 εἰς
2531 4767 2885 4826 Μακεδονίαν.
2927 4794 2956 4822 ››
3014 4770 3121 4829 Καί
3174 4791 3258 4826 τοι
3317 4771 3369 4827 ἐν
3419 4777 3489 4847 τῇ
3540 4777 3772 4851 προτέρᾳ

2125 4860 2330 4934 εἰρήκει
2359 4858 2682 4932 Ἐπιστολῇ,
2717 4884 2744 4911 ‹‹
2778 4856 3107 4932 Ἐλεύσομαι
3145 4858 3204 4914 δὲ
3252 4860 3388 4935 πρὸς
3432 4862 3593 4935 ὑμᾶς,
3652 4864 3767 4921 ὅταν

2126 4947 2466 5007 Μακεδονίαν
2499 4945 2718 5016 διελθω,
2753 4947 3040 5012 »ἐνταῦθα
3089 4945 3145 5003 δέ
3191 4970 3378 5028 φησιν,
3438 4951 3524 5008 ὅτι
3579 4949 3770 5009 Ἠϐου.

2125 5037 2308 5111 λόμην
2339 5039 2603 5113 πρότερον
2654 5036 2828 5099 ἐλθεῖν
2886 5038 3023 5113 πρὸς
3080 5038 3240 5110 ὑμᾶς.
3281 5040 3345 5095 Τί
3402 5038 3545 5110 οὗν;
3606 5045 3772 5114 ἑαυτῷ

2125 5128 2456 5184 ἐναντιοῦται
2501 5146 2514 5195 ;
2547 5127 2634 5194 Μὴ
2667 5125 2902 5203 γένοιτο.
2942 5124 3119 5182 Ἀλλὰ
3144 5130 3306 5182 τοῦτο
3339 5128 3509 5206 λέγει·
3567 5130 3774 5188 Τοσοῦ-

2124 5238 2219 5272 τον
2256 5260 2271 5284 ,
2330 5215 2486 5294 φρσέν
2573 5215 2814 5290 ἀπέαχον
2881 5219 2978 5270 τοῦ
3032 5216 3343 5292 ρᾳθυμῆσαι
3401 5216 3582 5274 ἐλθεῖν
3641 5221 3772 5295 πρὸς

2128 5306 2292 5380 ὑμᾶς,
2324 5304 2409 5360 ὅτι
2441 5304 2564 5360 ὅσον
2591 5305 2720 5374 ἧκεν
2757 5304 2834 5366 εἷς
2866 5312 2965 5372 την
3000 5304 3135 5373 ἐμήν
3189 5306 3446 5381 γνώμην,
3506 5310 3596 5363 καὶ
3657 5309 3775 5381 πρὶν

2129 5391 2464 5453 Μακεδονίαν
2507 5391 2629 5461 ἴδω,
2660 5393 2833 5448 ἐλθεῖν
2880 5394 3015 5468 πρὸς
3076 5394 3216 5466 ὑμᾶς
3267 5394 3493 5469 ἤθελον,
3526 5395 3653 5452 ἀλλ’
3681 5396 3772 5452 οὐκ

2127 5479 2302 5554 ἀπέϐη
2348 5505 2464 5557 μοι,
2498 5483 2655 5562 φησὶ,
2681 5483 2816 5539 κατὰ
2874 5483 3102 5558 γνώμην
3164 5483 3233 5538 τὰ
3270 5486 3581 5559 πράγματα.
3613 5511 3642 5539 ‹‹
3673 5486 3767 5541 Καὶ
