4068 6254
292 294 418 358 925

1302 295 1710 358 COMMENT.
1760 296 1836 357 IN
1885 294 2132 357 EPIST.
2170 296 2222 357 ll
2268 294 2372 358 AD
2417 294 2786 357 CORINTH.

3591 295 3711 357 926

294 427 389 507 ὕφ’
419 428 572 502 ὑμῶν
602 428 1022 504 προπεμφθῆναι
1077 425 1153 492 εἷς
1217 429 1317 498 τὴν
1369 426 1660 487 Ἰουδαίαν.
1699 452 1727 481 »
1760 429 1848 486 Ἐν
1880 430 1949 500 τῇ

2063 445 2166 486 rex
2189 429 2361 501 juxta
2420 430 2811 486 voluntatem.
2853 450 2882 479 «
2915 429 2991 485 At
3019 444 3054 485 a
3081 426 3244 486 vobis
3268 426 3506 484 deducit
3526 426 3586 481 in
3614 427 3717 483 Ju-

296 517 542 593 προτέρᾳ
571 516 872 593 Ἐπιστολῇ
905 519 1071 574 εἶπενο
1105 520 1215 575 Ἵνα
1273 520 1431 591 ὐμεῖς
1468 540 1533 593 με
1565 517 1948 591 προπέμψητε,

297 608 393 663 οὗν
424 608 514 662 ἐὰν
543 608 885 681 πορεύωμαι.
922 611 1029 664 Νῦν
1062 605 1120 663 δὲ
1151 606 1320 682 λέγει.
1351 612 1458 663 ποῦ
1490 603 1693 682 ἔμελλε
1724 607 1950 682 πορεύε-

298 700 444 767 σθαι,
477 719 558 752 οτι
593 696 644 752 ἐν
676 702 746 771 τῇ
778 694 1033 768 Ἰουδαίᾳ.
1083 699 1175 753 Καὶ
1238 697 1341 776 γαρ
1398 699 1520 753 τότε
1576 699 1787 774 ἠγνόει,
1846 700 1953 751 ποῖ’)

294 789 579 845 κελεόεται
613 789 716 843 ὑπὸ
744 793 842 843 τοῦ
894 788 1206 861 Πνεῦματος
1238 787 1514 856 ἀπελθεῖν,
1546 793 1636 842 νῦν
1697 786 1773 858 δὲ,
1804 790 1953 859 ἠκη-

294 878 412 934 κόει
460 878 679 935 Λοιπὸν.
739 879 898 950 Ὁρᾷς
951 878 1111 933 αὐτὸν
1171 878 1441 950 live-Suam
1505 882 1788 954 πανταχοῦ
1817 878 1953 955 ἀγρε-

300 989 464 1042 μενον
499 988 511 1035 ;
552 992 579 1019 (ι
611 969 787 1024 Τοῦτο
819 967 913 1022 οὗν
949 966 1370 1043 βουλευόμενος.
1410 993 1436 1019 ι)
1468 971 1647 1025 Τοῦτο
1690 972 1779 1023 οὖν
1821 971 1955 1045 βου-

296 1058 595 1131 λευόμενος
647 1058 710 1113 τὸ
775 1055 954 1121 ἐλθεῖν
1012 1059 1147 1131 πρὸς
1212 1059 1374 1130 ὑμᾶς,
1432 1058 1574 1121 τίνος
1638 1055 1809 1115 ἕνεκεν
1851 1058 1954 1114 οὐκ

294 1147 470 1217 ἦλθον
516 1166 529 1212 ς
561 1150 699 1216 Ἀρα
721 1146 795 1208 ὠς
828 1144 1061 1224 ἐλαφρὸς
1092 1146 1180 1201 καὶ
1221 1146 1531 1221 εὖρίπιστος
1585 1149 1673 1203 καὶ
1728 1154 1846 1210 τοῖς
1877 1149 1953 1204 οἱ-

292 1235 464 1298 κεέοτς
498 1234 907 1307 ἐναντιώμενος
942 1234 1177 1311 λόγοις;
1248 1237 1339 1304 Μὴ
1396 1239 1627 1312 γένοιτο.
1688 1235 1843 1294 Ἀλλ’
1899 1225 1954 1293 τί

289 1326 357 1381 τὸ
391 1323 568 1380 α’ἶτιον
602 1344 616 1394 ;
653 1344 668 1393 ;
700 1326 823 1382 ’Ότι
854 1322 887 1379 ἃ
912 1322 1253 1399 βουλεύομαι
1284 1326 1471 1405 φησὶν,
1504 1326 1566 1381 οὖ
1626 1327 1764 1382 κατᾶ
1819 1328 1952 1402 σάρ-

292 1436 363 1470 κα
398 1413 759 1491 βουλεῖομαι,
788 1414 874 1469 ἳνα
902 1413 936 1490 ᾗ
969 1415 1093 1489 παρ’
1126 1414 1251 1490 ἐμοὶ
1282 1417 1345 1472 τὸ
1377 1415 1504 1484 Ναὶ,
1559 1417 1682 1485 Ναὶ,
1741 1417 1833 1472 καὶ
1862 1416 1947 1490 τό,

292 1504 709 1580 Οὖ,οὒ.“οπερ
739 1503 900 1566 αὐτὸς
968 1503 1396 1578 ἐρωτηματικῶς
1453 1506 1675 1561 τέθεκε.
1738 1506 1841 1562 Καὶ
1896 1501 1950 1562 τί

294 1592 581 1670 βούλεται,
639 1593 760 1668 δρα.
822 1594 885 1651 Ὁ
969 1594 1224 1669 σαρκικὸς
1278 1594 1461 1672 φησὶν,
1517 1593 1800 1667 ἅνθρωπος
1858 1595 1949 1650 καὶ

288 1684 433 1738 κατὰ
473 1683 645 1756 σάρκα
698 1680 1125 1759 βουλευόμενος,
1168 1683 1284 1739 οἷον
1317 1684 1345 1739 ὁ
1377 1705 1452 1757 μη
1510 1684 1777 1760 ἀγόμενος
1813 1687 1950 1760 πρὸς

2063 519 2272 575 diram.
2310 541 2335 568 ι»
2371 522 2436 575 In
2464 520 2661 592 priore
2687 519 2949 591 Epistola
3005 518 3269 573 dixerat:
3334 518 3406 573 Ut
3460 533 3560 572 vos
3619 534 3712 571 me

2064 608 2369 664 deducatis
2397 625 2751 680 quocunque
2784 608 3148 679 proﬁciscar,
3184 623 3346 661 nunc
3375 623 3511 661 vero
3570 606 3715 660 dicit

2063 715 2178 770 quo
2201 699 2571 770 profecturus
2595 703 2741 765 erat,
2770 714 2982 768 nempe
3008 696 3069 751 in
3091 696 3373 751 Judmam.
3410 695 3711 765 Siquidem

2064 792 2205 843 tunc
2237 786 2547 859 ignorabat
2577 804 2691 857 quo
2725 787 2916 858 ipsum
2944 785 3190 855 juberet
3220 785 3470 855 Spiritus
3529 784 3714 855 proﬁ-

2064 877 2202 934 cisci
2239 893 2252 930 :
2287 893 2444 931 nunc
2475 882 2671 931 autem
2695 876 2822 946 jam
2850 874 3139 930 audierat.
3173 872 3344 928 Vides
3373 879 3572 943 itaque
3634 874 3716 944 ip-

2062 982 2192 1021 sum
2226 965 2445 1036 ubique
2477 982 2509 1020 a
2542 965 2759 1036 Spiritu
2793 964 2927 1019 duci
2962 964 2989 1018 ?
3021 987 3047 1013 ι(
3080 964 3197 1019 Hoc
3230 963 3408 1035 igitur
3439 979 3571 1017 cum
3596 975 3713 1017 sta-

2063 1055 2330 1110 tuissem.
2366 1080 2394 1103 n
2428 1055 2570 1110 Cum
2604 1054 2782 1126 igitur
2811 1054 2921 1109 hoc
2951 1053 3313 1116 statuissem,
3347 1068 3562 1123 nempe
3613 1069 3713 1106 ve-

2063 1144 2193 1200 nire
2224 1143 2299 1198 ad
2328 1160 2449 1209 vos,
2484 1160 2660 1215 quam
2695 1143 2767 1199 ob
2802 1160 2924 1198 rem
2952 1160 3072 1198 non
3104 1142 3234 1197 veni
3266 1141 3293 1196 ?
3325 1150 3413 1196 An
3444 1141 3505 1196 id
3536 1141 3712 1196 omisi

2063 1239 2344 1305 tanquam
2375 1232 2518 1288 levis
2549 1240 2608 1287 et
2637 1232 2956 1289 instabilis.
2990 1233 3209 1304 quique
3257 1231 3513 1302 propriis
3570 1248 3715 1287 cou-

2059 1324 2277 1379 trarius
2332 1340 2463 1378 sum
2523 1322 2902 1377 sermonibus
2959 1322 2987 1376 ‘2
3070 1322 3472 1392 Nequaquam.
3559 1321 3712 1375 602

2062 1411 2213 1478 Quid
2247 1412 2423 1485 igitur
2453 1412 2515 1466 in
2547 1428 2727 1467 causa
2757 1409 2926 1466 fuit?
2979 1410 3127 1475 Quia
3184 1426 3314 1481 quae
3373 1414 3589 1475 statuo,
3623 1409 3716 1463 in-

2060 1502 2210 1574 quit,
2270 1519 2391 1556 non
2450 1501 2780 1557 secundum
2865 1516 3102 1555 carnem
3180 1504 3396 1565 statuo,
3455 1505 3521 1555 ut
3595 1500 3715 1554 sint

2062 1592 2218 1665 apud
2250 1609 2343 1647 me
2374 1593 2561 1647 Etiam
2600 1593 2808 1657 Etiam,
2870 1597 2929 1645 et
2983 1593 3107 1645 Non
3162 1591 3326 1645 Non:
3385 1590 3538 1658 quod
3589 1591 3712 1661 ipse

2060 1683 2477 1750 interrogative
2510 1687 2726 1754 posuit.
2762 1683 2831 1736 Et
2873 1681 3001 1735 vide
3062 1680 3203 1752 quid
3261 1680 3420 1737 velit.
3482 1681 3709 1749 Carnis,

287 1772 359 1828 τὰ
417 1770 654 1841 πρακτέα
710 1772 781 1843 τῇ
834 1771 1079 1846 ἐνεργείᾳ
1166 1778 1265 1828 τοῦ
1355 1772 1684 1846 [Ινεύματος.
1760 1770 1948 1850 κύριός

2063 1771 2280 1843 inquit,
2307 1771 2483 1826 homo
2508 1776 2565 1826 et
2593 1769 2920 1825 secundum
2942 1787 3179 1826 carnem
3205 1775 3491 1834 statuens,
3528 1777 3591 1825 ut
3612 1770 3713 1841 qui

290 1863 437 1921 ictu:
464 1861 675 1917 ἀπιέναι
707 1862 845 1918 ὅπου
889 1859 1171 1938 βούλεται,
1204 1863 1233 1919 ὁ
1265 1859 1323 1918 δὲ
1380 1862 1442 1918 ἐκ
1493 1862 1591 1919 τοῦ
1642 1864 1951 1938 ΙΙνεῦματος

296 1951 589 2024 ἀγόμενος,
630 1949 728 2006 οὐκ
756 1944 874 2026 ἔχει
911 1949 1152 2022 ἐξουσίαν
1216 1950 1453 2027 βαδίζειν
1485 1953 1623 2008 ’ὅπου
1655 1953 1819 2009 θὲλει.
1856 1962 1949 2011 Δε-

299 2040 474 2113 σπόφῃ
502 2041 602 2115 γὰρ
636 2039 992 2095 ὑποτέτακται
1029 2044 1109 2112 τῷ
1143 2040 1515 2115 Ηαρακλήτῳ,
1547 2040 1637 2097 καὶ
1676 2047 1756 2116 τῷ
1787 2043 1952 2100 αὐτοῦ

292 2126 517 2201 νεύματι
548 2127 711 2183 εἴκειν
744 2128 1122 2204 ἀναγκάζετρι,
1162 2130 1321 2185 “Qa-ts
1386 2130 1450 2186 τὸ
1500 2128 1675 2195 ἐλθεῖν
1736 2133 1847 2207 οὐχ
1876 2132 1953 2195 ὡς

286 2216 604 2293 εόρίπιστος
632 2215 724 2271 καὶ
760 2214 995 2294 ὲλαιρρὸς
1050 2218 1141 2272 καὶ
1198 2209 1539 2295 ψευδολᾶγος
1588 2220 1950 2296 ὑπερεθέμην.

286 2305 441 2363 ἀλλὰ
467 2310 566 2361 τοῦ
598 2304 915 2380 Πνεῦματος
958 2308 1005 2379 ᾦ
1036 2305 1266 2382 ἄγομαι,
1298 2309 1332 2377 ἡ
1364 2307 1539 2373 αἰτία,
1569 2313 1665 2365 τοῦ
1696 2308 1952 2385 ἀλλαχοῦ

286 2399 434 2473 ἤπερ
465 2391 779 2471 ἐϐουλόμην
808 2396 1048 2468 ἄξαντος.
1075 2400 1217 2473 Ὅρα
1247 2395 1303 2453 δὲ
1334 2398 1545 2476 σοφίαν·
1575 2398 1708 2472 ὅπερ
1741 2400 1793 2454 οἱ
1833 2398 1949 2455 δια-

287 2484 593 2549 ϐάλλοντες
618 2487 881 2565 πρόφασιν
904 2484 1183 2563 λοιδορίας
1213 2486 1520 2554 ἐποιοῦντο,
1547 2490 1610 2544 τὸ
1634 2489 1954 2564 ὑποσχόμε-

287 2600 381 2633 νον
414 2579 490 2653 μή
531 2574 731 2641 ἐλθεῖν,
761 2581 925 2633 τοῦτο
955 2577 1116 2642 αὐτὸς
1161 2598 1430 2656 προφασιν
1492 2578 1772 2657 ἐγκωμῖου
1824 2601 1952 2636 ποι-

296 2670 468 2735 εῖται,
507 2666 568 2723 τὸ
601 2667 675 2741 μὴ
723 2665 1048 2739 ἐξουσιάζειν
1104 2668 1319 2733 ἑαυτοῦ,
1376 2666 1505 2723 ἀλλ’
1567 2666 1789 2745 ἄγεσθαι
1848 2669 1952 2724 ὑπὸ

300 2760 407 2811 τοῦ
439 2754 736 2826 Πνεῦματος
771 2754 908 2810 ὅπου
939 2756 1092 2829 αὐτῷ
1150 2754 1313 2827 δόξει·
1375 2781 1401 2808 ‹‹
1436 2764 1484 2815 Η
1532 2758 1567 2814 ἆ
1613 2755 1954 2834 βουλεύομαι

301 2845 442 2901 κατὰ
473 2844 636 2919 σάρκα
678 2843 1021 2920 βουλεύομαι
1055 2864 1069 2914 ;
1096 2870 1122 2896 n
1183 2879 1252 2889 -—
1283 2848 1498 2921 [cur]
1554 2848 1848 2923 Ἀποροῦσί
1877 2869 1955 2910 τι-

293 2954 383 2994 νες
427 2931 694 3007 λέγοντες·
741 2933 975 3006 Πότερον
1008 2931 1041 2988 ἃ
1072 2933 1331 3008 βούλεται
1385 2933 1600 2998 ΙΙαῠλος
1641 2935 1730 2990 καὶ
1788 2936 1954 3012 ἐπαγ-

293 3012 559 3087 γέλλεται
597 3015 721 3085 περὶ
754 3019 860 3070 τῶν
878 3021 977 3082 τῆς
1011 3016 1241 3079 πίστεως
1271 3012 1588 3093 δογμάτων,
1616 3017 1754 3072 κατὰ
1781 3017 1954 3091 σάρκα

296 3101 552 3181 βοῦλετα’
592 3103 679 3159 xei
713 3102 1132 3181 ἐπαγγέλλεται,
1183 3104 1217 3174 ἢ
1277 3106 1413 3160 κατά
1461 3109 1691 3178 πνεῦμα.
1726 3106 1790 3163 Εἰ
1847 3106 1950 3181 γὰρ

291 3195 433 3248 κατᾶ
460 3196 694 3265 πνεῦμα,
746 3192 848 3247 οὐκ
900 3190 1045 3249 ἔσται
1105 3194 1271 3250 αὑτοῦ
1322 3196 1405 3264 τὸ,
1466 3220 1486 3246 ι
1541 3195 1643 3251 Ναὶ
1695 3194 1804 3264 ναὶ,
1862 3189 1953 3251 καὶ
1985 3176 2028 3242 C

290 3284 378 3350 τὸ,
431 3280 508 3340 Οὖ
567 3282 652 3340 οὖ.
687 3304 715 3332 ι)
773 3283 838 3339 Ei
897 3279 956 3337 δὲ
1009 3282 1147 3338 κατᾶ
1211 3284 1401 3358 σάρκα,
1455 3289 1571 3346 πῶς
1635 3286 1769 3345 θεῖα.
1828 3289 1948 3348 πῶς

293 3370 641 3444 πνευματικά
681 3394 695 3433 ι
727 3372 779 3426 τί
804 3371 915 3435 οὗν,
944 3371 1098 3447 φασῖν
1141 3391 1155 3439 ς
1185 3372 1269 3427 ὅτι
1299 3373 1421 3448 περὶ
1453 3378 1557 3429 τῶν
1584 3381 1684 3443 τῆς
1714 3374 1950 3439 πίστεως

292 3457 616 3534 γογμάτων,
648 3456 772 3513 οὕτε
800 3478 859 3512 τε
888 3455 1286 3533 ἐπαγγέλλεται
1317 3459 1479 3520 αὐτὸς
1543 3460 1669 3515 οὔτε
1724 3482 1777 3516 τι
1811 3462 1949 3537 βου-

295 3545 537 3604 λεῦεται.
582 3545 903 3602 Δεσποτικαί
934 3548 1037 3622 γὰρ
1066 3548 1121 3601 αἱ
1174 3546 1520 3625 ἐπαγγελίαι,
1577 3548 1669 3604 καὶ
1725 3553 1825 3615 τῆς
1860 3572 1949 3623 με-

291 3635 469 3711 γάλης
513 3634 724 3711 βουλῆς
751 3635 817 3691 τὰ
851 3635 1213 3710 βουλεύματα.
1250 3637 1424 3709 Κῆρυξ
1469 3634 1528 3692 δὲ
1587 3638 1750 3711 μόνον
1805 3638 1947 3694 ἐστὶν

295 3725 325 3781 ὁ
363 3722 575 3786 Παῦλος
605 3725 692 3780 καὶ
746 3720 1019 3794 διάκονος,
1072 3726 1146 3787 ὡς
1203 3727 1293 3781 καὶ
1350 3726 1512 3788 αὐτὸς
1571 3748 1725 3805 φησι,
1784 3751 1813 3781 ‹‹
1847 3750 1948 3801 μυ-

296 3815 538 3888 στηρίων
596 3816 846 3888 Χριστοῦ.
882 3836 910 3867 n
980 3813 1219 3878 Εῗκότως
1295 3814 1386 3870 οὗν
1446 3818 1606 3877 αὐτὸς
1662 3817 1713 3886 ἐξ
1756 3817 1949 3873 ἑαυτοῦ

296 3903 424 3976 περὶ
483 3902 692 3957 τοῦτων
746 3899 871 3960 οὔτε
931 3901 1258 3979 βουλεῦεται
1339 3905 1464 3962 οὔτε
1531 3903 1947 3981 ἐπαγγέλλεται.

295 3994 459 4051 Ἀλλ’
489 3992 536 4048 εἰ
568 3993 690 4066 τερὶ
714 3996 821 4046 τῶν
860 4000 961 4061 τῆς
992 3994 1227 4054 πίστεως
1276 3990 1569 4069 δογμάτων
1603 3994 1701 4051 οὐκ
1750 3992 1947 4066 ἔξεστιν

297 4082 470 4154 αὐτῷ,
494 4082 675 4161 φασὶν,
709 4079 832 4139 οὔτε
868 4082 933 4158 βο
948 4081 1264 4139 )λε·3σασ6αι
1323 4080 1446 4139 οὔτε
1500 4083 1950 4162 ἐπαγγείλασθαι,

293 4172 434 4229 κατὰ
461 4174 630 4241 σάρκα
660 4169 718 4226 δὲ
749 4170 810 4226 οὐ
847 4168 930 4226 δεῖ
983 4169 1149 4227 πάλιν
1203 4171 1365 4228 αὐτὸν
1427 4172 1780 4248 βουλεύεσθαι
1838 4174 1949 4245 (καὶ

294 4261 402 4336 γὰρ
432 4262 679 4325 κάκεῖνος
706 4257 1086 4334 ἀποπέμπεται
1141 4265 1303 4316 τοῦτο
1360 4262 1412 4317 ἦν
1468 4267 1548 4335 τῷ
1600 4261 1796 4336 λέγειν·
1826 4265 1884 4320 Ἦ
1920 4263 1952 4319 ἃ

298 4348 639 4426 βουλεύομαι
669 4349 803 4404 κατὰ
828 4352 999 4425 σάρκα
1031 4348 1372 4424 βουλεύομαι
1406 4353 1466 4424 ;)’
1514 4350 1561 4406 εἰ
1617 4352 1713 4406 οὗν
1757 4351 1807 4407 ἐν
1841 4374 1951 4424 μη-

298 4435 539 4513 δετέροις
561 4436 936 4514 βουλεύεταιῆ
960 4437 1054 4499 τας
1076 4435 1397 4514 ἐπαγγελίας
1420 4442 1705 4511 ποιήσεται
1730 4460 1744 4509 ;
1765 4443 1950 4515 Φαμὲν

2060 1860 2133 1916 ad
2158 1877 2227 1916 ea
2252 1878 2382 1931 quae
2406 1858 2637 1929 agenda
2660 1864 2797 1915 sunt
2814 1876 2935 1915 non
2956 1859 3193 1914 ducitur
3213 1860 3557 1931 operatione
3582 1858 3712 1930 Spi-

2058 1951 2232 2019 ritus,
2268 1951 2318 2005 is
2350 1950 2442 2006 sui
2470 1949 2747 2005 dominus
2780 1955 2890 2013 est,
2951 1950 3123 2020 eique
3177 1949 3433 2005 liberum
3486 1955 3577 2005 est
3625 1950 3712 2005 ire

2061 2058 2176 2113 quo
2200 2041 2452 2097 voluerit
2480 2057 2494 2095 :
2519 2041 2620 2112 qui
2644 2056 2778 2096 vero
2800 2056 2833 2095 a
2858 2040 3075 2111 Spiritu
3102 2039 3359 2106 ducitur,
3383 2040 3522 2095 huic
3572 2039 3716 2094 libe-

2059 2148 2190 2186 rum
2215 2147 2333 2187 non
2359 2136 2450 2186 est
2468 2131 2554 2185 ire
2579 2147 2695 2201 quo
2719 2130 2859 2185 velit
2884 2146 2896 2183 :
2921 2129 3212 2200 siquidem
3251 2129 3502 2184 Domino
3534 2131 3715 2184 Para-

2058 2219 2211 2275 cleto
2234 2220 2540 2290 subjectus
2563 2224 2673 2286 est,
2698 2220 2945 2290 ejusque
2963 2219 3135 2274 nutui
3176 2218 3417 2273 obedire
3461 2219 3710 2290 cogitur.

2056 2308 2263 2374 Itaque
2294 2324 2414 2363 non
2432 2306 2724 2378 tanquam
2758 2306 3078 2374 instabilis,
3114 2307 3260 2362 levis
3309 2313 3411 2362 aut
3460 2307 3743 2363 mendax‘

2058 2398 2261 2453 venire
2283 2398 2486 2453 distuli
2517 2415 2529 2453 :
2551 2399 2655 2454 sed
2677 2398 2947 2470 Spiritus,
2974 2414 3009 2453 a
3029 2415 3145 2469 quo
3168 2397 3371 2460 ducor,
3425 2398 3487 2452 in
3538 2414 3715 2454 causa

2058 2487 2192 2558 fuit,
2217 2487 2449 2559 quialio
2473 2504 2650 2558 quam
2686 2492 3009 2541 statueram
3045 2503 3138 2540 me
3171 2486 3355 2543 duxit.
3391 2486 3714 2543 Considera

2058 2594 2195 2633 vero
2228 2576 2582 2648 sapientiam
2617 2593 2631 2631 :
2664 2574 2824 2646 quod
2856 2574 3322 2630 calumniatores
3354 2591 3592 2630 causam
3625 2576 3714 2630 fa-

2059 2666 2296 2723 ciebant
2324 2665 2850 2735 convitii,nemque
2866 2663 3025 2734 quod
3046 2680 3180 2718 cum
3209 2664 3712 2734 promisissetnon

2059 2753 2982 2825 venisset,hocipseoccasionem
3000 2752 3194 2807 reddit
3237 2752 3524 2807 encomii:
3571 2760 3713 2824 puta

2060 2844 2219 2916 quod
2238 2843 2328 2899 sui
2344 2844 2529 2914 ipsius
2549 2849 2897 2914 potestatem
2919 2857 3037 2895 non
3054 2839 3287 2903 habeat.
3323 2841 3427 2896 sed
3448 2841 3712 2913 aSpirilu

2062 2933 2318 2988 ducatur
2349 2948 2705 3003 quocunque
2738 2930 2823 2985 illi
2859 2931 3046 2985 visum
3081 2929 3278 2985 fuerit.
3312 2951 3338 2981 ‹‹
3398 2935 3514 2984 Aut
3568 2948 3710 2986 num

2062 3039 2195 3093 qum
2218 3020 2766 3076 statuo.secundum
2793 3034 3030 3075 carnem
3054 3024 3249 3073 statuo
3267 3018 3320 3072 ?-
3346 3049 3401 3058 -
3428 3019 3711 3074 Hmsitant

2063 3111 2303 3182 quidam
2323 3111 2589 3165 dicentes
2612 3126 2624 3163 :
2642 3111 2843 3165 Utrum
2866 3126 2996 3179 qum
3011 3109 3217 3164 >tatuit
3232 3107 3445 3163 Paulus
3458 3115 3710 3179 autpro~

2059 3200 2243 3255 mittit
2271 3199 2343 3254 de
2371 3198 2507 3253 fidei
2541 3198 2857 3271 dogmatis,
2892 3197 3217 3253 secundum
3244 3212 3483 3252 carnem
3506 3199 3711 3252 statuit

2057 3306 2125 3346 ac
2144 3288 2450 3361 promittit.
2477 3304 2550 3343 an
2573 3287 2899 3343 secundum
2917 3287 3190 3359 spiritum
3207 3286 3235 3342 ?
3253 3303 3388 3342 nam
3415 3289 3463 3342 si
3501 3304 3708 3343 secun-

2058 3378 2197 3434 dum
2217 3378 2641 3450 spiritum.non
2668 3377 2778 3431 erit
2800 3375 2986 3447 ipsius
3010 3398 3037 3425 ‹‹
3061 3375 3247 3431 Etiam
3275 3374 3484 3446 Etiam,
3513 3378 3709 3431 etNon

2058 3471 2182 3525 Non
2201 3486 2215 3535 ;
2234 3492 2261 3519 ››
2285 3469 2333 3525 si
2351 3485 2487 3524 vero
2502 3466 2828 3523 secundum
2850 3467 3413 3537 carnem.quomodo
3432 3467 3712 3538 spiritua—

2057 3557 2159 3613 lia.
2192 3556 2341 3623 Quid
2374 3572 2533 3629 ergo,
2566 3556 2866 3626 inquiunt,
2900 3554 3219 3610 dicendum
3241 3554 3267 3610 ?
3289 3555 3453 3619 Quod
3477 3555 3548 3609 de
3572 3554 3710 3610 fidei

2063 3647 2356 3719 dogmatis
2398 3662 2594 3718 neque
2634 3646 2761 3716 ipse
2800 3645 3127 3716 quidquam
3172 3646 3484 3717 promittit.
3518 3662 3710 3716 neque

2058 3736 2382 3807 quidquam
2413 3735 2643 3803 statuit,
2677 3741 2816 3790 sunt
2846 3734 3001 3789 enim
3038 3735 3345 3791 Dominica
3397 3735 3708 3804 promissa,

2057 3824 2256 3897 magni
2286 3824 2447 3878 illius
2478 3823 2713 3879 consilii
2748 3822 3006 3877 decreta.
3068 3824 3265 3877 Praeco
3325 3826 3554 3878 tantum
3624 3827 3713 3877 est

2054 3915 2278 3971 Paulus
2310 3928 2377 3967 ac
2409 3912 2703 3974 minister,
2734 3912 2887 3967 sicut
2918 3912 3043 3983 ipse
3075 3911 3176 3972 ait,
3241 3934 3266 3960 ιι
3293 3911 3709 3980 mysteriorum

2059 4003 2273 4060 Christi
2306 4001 2371 4056 ¹⁰.
2404 4022 2433 4052 ››
2464 4002 2595 4072 Ipse
2627 4000 2824 4072 itaque
2855 4001 3066 4056 merito
3105 4017 3175 4055 ex
3243 4001 3437 4072 seipso
3506 3999 3575 4056 de
3618 4002 3709 4056 his

2059 4092 2236 4148 rebus
2251 4107 2444 4162 neque
2461 4090 2634 4146 stalui
2647 4097 2663 4142 t
2677 4106 2869 4161 neque
2885 4090 3315 4160 promittit.Sed
3337 4090 3382 4145 si
3408 4090 3455 4146 si
3478 4089 3549 4145 de
3572 4089 3710 4145 ﬁdei

2062 4179 2456 4254 dogmatibus.
2489 4179 2790 4251 inquiunt.
2823 4193 2942 4233 non
2977 4178 3115 4233 licet
3148 4178 3260 4250 ipsi
3311 4185 3568 4235 statuere
3609 4186 3711 4234 aut

2059 4269 2427 4342 promittere,
2456 4266 2783 4322 secundum
2818 4282 3057 4322 cainem
3104 4282 3241 4321 vero
3303 4283 3541 4322 rursum
3590 4283 3707 4321 non

2062 4362 2295 4430 oportet
2327 4373 2461 4412 eum
2496 4361 2752 4411 statuere
2787 4355 3107 4427 (siquidem
3141 4355 3265 4427 ipse
3315 4371 3550 4426 quoque
3601 4355 3709 4409 hoc

2060 4447 2277 4519 rejicit,
2311 4445 2451 4501 dum
2475 4446 2591 4501 ait:
2618 4468 2644 4495 ιι
2670 4448 2785 4500 Aut
2805 4462 2944 4500 num
2967 4462 3096 4517 qum
3121 4450 3339 4512 statuo,
3381 4444 3706 4500 secundum

297 4529 390 4585 οὖν
420 4528 504 4584 ὅτι
533 4526 647 4584 ἔστι
679 4530 796 4584 θεῖα
824 4528 915 4583 καὶ
962 4527 1302 4604 ἀνθρώπινα,
1332 4528 1391 4599 ἢ,
1449 4528 1494 4584 εἰ
1556 4530 1768 4605 βουλει,
1802 4552 1951 4597 πνευτ

2066 4552 2305 4593 carnem
2326 4541 2520 4591 statuo
2534 4534 2615 4606 ‘2);
2640 4535 2686 4590 si
2716 4551 2820 4607 ego
2844 4534 2905 4590 in
2928 4534 3157 4589 neutris
3202 4534 3407 4589 statuit
3445 4541 3547 4588 aut
3575 4550 3709 4605 pro-

298 4617 646 4692 μτικᾶ,καὶ
678 4638 925 4692 σαρκικα.
961 4618 1059 4673 Καὶ
1122 4621 1230 4673 τῶν
1288 4624 1671 4693 πνευματικῶν
1729 4617 1784 4675 δε
1837 4618 1952 4677 ἓστι

297 4704 535 4784 διαφορὰ
566 4704 776 4776 πολλὴ.
838 4703 1016 4762 Ἀλλᾶ
1073 4704 1210 4767 τὲως
1266 4707 1401 4781 πρὸς
1459 4707 1518 4762 τὸ
1571 4707 1948 4783 προκείμενον.

295 4799 379 4855 τιπά
414 4796 507 4868 μὲν
534 4796 667 4850 ε“σιν
718 4793 922 4868 ἀρεταὶ,
954 4795 1023 4850 τὰ
1081 4792 1159 4850 ὃὲ-
1192 4796 1355 4856 αὐτὸς
1386 4797 1414 4850 ὁ
1443 4800 1538 4850 τοῦ
1594 4798 1950 4872 κηρύγματος

296 4884 494 4963 λύγος,
526 4885 591 4940 τὰ
624 4882 682 4941 δὲ
711 4885 813 4939 οὐκ
840 4884 1001 4946 αὖτὸς
1038 4884 1130 4954 μὲν
1175 4884 1355 4952 οὗτος,
1388 4882 1514 4941 ἀλλ’
1546 4885 1699 4961 ὅμως
1731 4887 1952 4951 ἐκείνοις

297 4975 558 5047 ἁρμόζων
592 4975 644 5028 οἱ
692 4973 782 5028 καὶ
828 4975 921 5028 τὸν
973 4977 1070 5028 τοῦ
1117 4974 1473 5050 κηροόγματος
1533 4975 1697 5053 λόγον
1753 4976 1954 5051 παιδεδέ

299 5064 476 5135 ξαντο,
509 5062 541 5118 ἃ
571 5062 659 5118 καὶ
695 5061 899 5136 Ιιαόλῳ
947 5056 1122 5118 idem
1186 5064 1276 5117 καὶ
1340 5063 1689 5138 βουλεύεσθαι
1721 5066 1807 5121 καὶ
1841 5065 1954 5123 δια-

298 5153 603 5211 τέττεσθαι.
640 5150 741 5209 Καὶ
796 5150 901 5229 γὶρ
959 5172 1148 5225 φησιν,
1212 5174 1240 5207 σ
1272 5154 1550 5227 Επιταγὴν
1604 5155 1805 5230 Κυρίου
1854 5156 1954 5213 οὐκ

299 5237 441 5316 ἔχω,
474 5240 703 5318 γνώμην
737 5237 796 5294 δὲ
826 5236 1049 5314 δίδωμι,
1083 5241 1158 5302 ὡς
1197 5239 1509 5314 ἠλεημένος
1567 5243 1669 5298 ὑπὸ
1726 5244 1949 5320 Κυρίου,

297 5329 493 5390 πιστὸς
526 5327 682 5384 εἶναι.
715 5350 743 5382 ιι

2064 4624 2269 4693 mittit,
2302 4624 2361 4678 in
2387 4622 2602 4694 quibus
2634 4639 2769 4690 ergo
2792 4621 3038 4678 omnino
3062 4627 3279 4676 statuet
3317 4627 3419 4676 aut
3455 4622 3712 4694 promis-

2065 4714 2263 4769 siones
2282 4712 2497 4767 faciet?
2513 4712 2770 4768 Dicimus
2790 4727 2927 4784 ergo
2942 4711 3102 4781 quod
3121 4716 3260 4766 sunt
3282 4710 3498 4767 divina.
3524 4718 3581 4766 et
3610 4712 3711 4766 liu-

2062 4801 2426 4857 mana.autsi
2446 4799 2992 4871 mavisspirituafia
3007 4806 3064 4855 et
3102 4800 3403 4856 carnalia:
3433 4800 3708 4872 spiritua-

2061 4890 2209 4945 lium
2240 4907 2475 4961 quoque
2508 4906 2721 4960 magna
2746 4896 2832 4943 est
2858 4889 3110 4945 varietas
3137 4906 3150 4943 :
3186 4889 3290 4944 sed
3345 4890 3581 4945 interim
3636 4890 3706 4944 ad

2062 4978 2450 5051 propositum.
2487 4978 2588 5034 Hic
2630 4978 2870 5050 quidem
2929 4978 3385 5034 considerantur
3440 4979 3707 5043 virtutes,

2063 5068 2142 5123 ibi
2167 5085 2300 5123 vero
2329 5068 2454 5138 ipse
2477 5067 2918 5139 prmdicationis
2935 5083 3129 5123 sermo
3153 5084 3165 5123 :
3190 5067 3332 5122 alibi
3361 5072 3557 5121 autem
3588 5083 3705 5120 non

2062 5155 2749 5228 quidemidemipse,sed
2774 5163 2970 5211 tamen
2999 5161 3291 5228 quatenus
3321 5156 3472 5209 603
3493 5171 3704 5226 oppor.

2063 5250 2204 5300 tuna
2234 5246 2474 5316 adaptat
2504 5245 2575 5299 iis
2607 5245 2707 5316 qui
2741 5244 3179 5316 prmdicationis
3212 5260 3543 5299 sermonem
3581 5260 3707 5299 sus-

2061 5338 2362 5405 ceperant,
2388 5333 2682 5405 inquibus
2708 5333 2886 5388 Paulo
2906 5333 3047 5388 licet
3078 5337 3137 5387 et
3153 5338 3408 5387 statuere
3459 5338 3517 5387 et
3549 5349 3707 5403 pra)-

2062 5420 2277 5491 cipere.
2311 5421 2566 5483 Etenim,
2598 5442 2625 5471 «
2660 5423 3050 5491 Praeceptum,
3086 5418 3303 5489 inquit,
3334 5418 3563 5485 Domini
3590 5435 3709 5473 non

299 5502 515 5567 habeo,
544 5500 862 5558 consilium
893 5505 1093 5558 tamen
1151 5500 1247 5569 do,
1308 5506 1592 5574 tanquam
1651 5503 2123 5565 misericordiam
2182 5515 2537 5565 consecutus
2594 5524 2629 5563 a
2677 5507 2947 5578 Domino,
2999 5507 3073 5564 ad
3123 5508 3238 5565 hoc
3292 5513 3354 5563 ut
3407 5524 3600 5564 essem
3642 5508 3712 5563 ﬁ-

299 5591 455 5648 delis
489 5591 552 5647 ¹¹.
590 5613 617 5639 η

375 5687 422 5723 ¹⁰
451 5689 477 5747 Ι
506 5689 637 5747 Cor.
664 5704 738 5756 ιν,
776 5691 823 5744 1.
862 5686 1116 5746 “160:.
