4068 6254
381 324 497 404 9‘21

1479 337 1894 403 CECUMENH
1938 339 2246 402 TRICCE
2289 341 2644 405 EPISCOPI

3688 339 3802 401 928

456 461 797 534 Carnalium
829 475 1065 548 quoque
1097 472 1368 547 quasdam
1401 492 1542 532 sane
1573 477 1874 533 contraria
1896 482 2035 531 sunt

2215 476 2310 530 Καὶ
2342 479 2450 532 τῶν
2482 482 2753 551 σαρκικῶν
2814 474 2891 547 δὲ,
2950 475 3016 532 τὰ
3077 476 3171 550 μὶν
3229 475 3360 532 εἰσιν
3420 473 3650 532 ἐναντία
3705 479 3798 532 τοῦ

388 567 642 642 spiritui,
668 565 939 637 quaedam
967 581 1104 619 vero
1133 582 1251 620 non
1278 573 1417 621 sunt
1438 567 1671 639 spiritui
1698 566 2030 623 contraria:

384 658 502 716 alia
522 662 718 712 autem
745 654 1172 727 propemodum
1195 661 1334 710 sunt
1355 657 1563 711 eadem
1586 673 1720 712 cum
1757 657 2037 728 spiritua—

379 748 555 805 libus.
581 745 890 803 Contraria
921 743 1185 817 quidem,
1218 744 1397 799 veluti
1430 752 1569 800 sunt
1600 745 1897 818 impietas.
1950 745 2037 798 in-

378 836 656 903 ﬁdelitas,
690 834 938 898 furtum,
969 833 1352 897 adulterium,
1386 851 1455 890 ac
1486 833 1718 890 similia.
1776 836 2034 890 Rursum

379 927 497 981 alia
523 931 748 979 tantum
784 940 904 979 non
935 929 1075 977 sunt
1131 923 1452 991 contraria,
1510 923 1847 993 cujusmodi
1895 927 2035 978 sunt

381 1015 569 1081 cibus,
603 1030 867 1070 somnus.
890 1013 1102 1086 vigilia:
1121 1000 1188 1068 ac
1213 1013 1453 1069 similia.
1498 1013 1788 1068 Exhibitis
1834 1013 2033 1083 itaque

381 1103 734 1162 differentiis
793 1108 912 1158 tam
968 1101 1369 1174 spiritualium
1429 1118 1606 1174 quam
1677 1102 2031 1170 carnalium,

383 1198 671 1266 quantum
703 1192 1004 1264 pmposito
1037 1190 1381 1246 deserviunt
1415 1207 1426 1245 :
1459 1191 1572 1247 hoc
1605 1191 1783 1247 etiam
1846 1191 2036 1246 consi-

379 1282 587 1338 derare
614 1287 868 1353 oportet,
894 1281 1051 1352 quod
1072 1280 1575 1351 quemadmodum
1622 1287 1782 1336 certe
1842 1280 1914 1336 ab
1942 1281 2034 1336 his

380 1373 480 1444 qui
516 1372 872 1443 promittunt
902 1387 969 1426 ac
1002 1371 1487 1428 statunnt.multa
1505 1370 1737 1426 exsistit
1759 1370 2037 1427 differen-

383 1463 482 1526 tia,
506 1462 587 1517 ita
608 1477 844 1531 quoque
867 1465 925 1515 et
946 1459 1018 1515 ab
1049 1461 1140 1515 his
1165 1477 1294 1532 qua:
1320 1461 1750 1532 promittuntur
1794 1477 1863 1516 ac
1913 1466 2033 1516 sta-

381 1557 630 1607 tuuntur
658 1556 1025 1621 consurgunt
1054 1550 1428 1605 dilTerentizn.
1463 1550 1607 1605 Nam
1642 1550 1700 1605 bi
1755 1551 1827 1605 de
1885 1566 2034 1605 uno-

383 1657 620 1714 quoque
653 1640 949 1695 dictorum
984 1640 1401 1712 promittentes
1423 1655 1491 1695 ac
1525 1645 1876 1703 statuentes,
1935 1640 2038 1694 aut

390 1730 718 1788 secundum
743 1746 980 1785 carnem
1005 1736 1107 1784 aut
1136 1730 1463 1786 secundum
1513 1730 1807 1801 spiritum.
1843 1728 2036 1785 consi-

2143 563 2472 639 πνεύματος,
2506 568 2571 623 τε
2600 564 2657 623 δὲ
2706 564 2804 622 οὐκ
2863 566 3075 622 ἐναντία
3128 569 3226 621 τοῦ
3283 564 3601 639 πνεύματος
3654 562 3803 639 ἕτερα

2143 649 2200 708 8t
2237 655 2400 727 μόνον
2433 657 2522 711 καὶ
2565 656 2694 731 ούχῖ
2745 656 2813 711 τὰ
2868 654 3002 710 αὐτὰ
3055 660 3172 715 τοῖς
3238 658 3655 729 πνευματικοῖς.
3690 656 3807 712 Ἐν-

2144 743 2293 798 αντία
2328 745 2446 816 μὶν,
2478 746 2600 801 οἷον
2646 740 2949 811 δυσσέϐεια,
2999 744 3243 810 ἀπιστία,
3274 742 3484 815 κλοπή,
3555 746 3807 823 μοιχεία,

2141 833 2232 887 καὶ
2262 835 2329 890 τα
2368 832 2557 906 ὅμοια.
2591 836 2787 910 Ἕτερα
2818 831 2875 889 δὲ
2901 833 3061 907 μόνον
3093 833 3185 888 καί
3214 833 3315 889 οὐκ
3370 833 3622 902 ἐναντία,
3679 855 3807 906 τρο-

2141 924 2241 1002 φὴ,
2274 923 2440 986 ὕπνος
2472 922 2821 1001 ἐγρήγορσις,
2869 923 2959 977 καὶ
3014 923 3081 977 τὰ
3139 925 3328 997 ὅμοια.
3390 918 3809 997 Ἐπιδεδειγμέ-

2141 1035 2251 1068 νιυτ
2279 1014 2455 1069 τοίνυν
2485 1019 2591 1069 τῶν
2627 1012 2900 1092 διαφορῶν
2958 1018 3066 1069 τῶν
3125 1013 3261 1068 κατὰ
3314 1011 3377 1067 τὸ
3434 1011 3807 1088 προκείμενον

2138 1103 2277 1165 τὲως
2308 1108 2788 1177 χρησιμευουσῶν,
2838 1107 2945 1157 τῶν
3003 1123 3061 1157 τε
3117 1107 3502 1176 πνευματικῶν
3560 1101 3658 1156 καὶ
3704 1106 3806 1157 τῶν

2144 1197 2435 1263 σαρκικῶν,
2467 1189 2550 1248 δεῖ
2593 1192 2683 1247 καὶ
2740 1196 2903 1248 τοῦτο
2958 1190 3555 1267 προσεπιλογισασθαι,
3592 1189 3679 1246 ὅτι
3712 1188 3819 1245 ὥσ-

2141 1301 2241 1356 περ
2273 1281 2389 1337 οἷον
2422 1282 2527 1338 ἀπὸ
2554 1286 2661 1338 τῶν
2694 1278 3043 1358 ἑπαγγελτῶν
3083 1281 3171 1335 καὶ
3237 1280 3562 1355 βουλευτῶν
3624 1277 3809 1347 πολλὴ

2143 1368 2433 1424 ἀνακύπτει
2466 1365 2723 1445 διαφορὰ,
2754 1368 2928 1432 οὕτως
2974 1369 3065 1423 καὶ
3118 1368 3223 1423 ἀπὸ
3282 1372 3392 1422 τῶν
3451 1365 3813 1445 ἐπαγγελλο-

2147 1456 2321 1531 μένων
2349 1460 2435 1514 καῖ
2477 1457 2890 1534 βουλευομένων
2919 1457 3246 1532 ἀνακύψουσι
3291 1455 3583 1539 διαφοραί.
3649 1458 3814 1516 Οὗτοι

2144 1551 2249 1622 γὰρ
2279 1547 2401 1622 περὶ
2455 1547 2566 1609 ἐνὸς
2623 1548 2849 1602 ἑκάστου
2904 1551 3011 1602 τῶν
3076 1545 3377 1622 εἰρημὶνων
3440 1544 3815 1620 βουλεόμενοι

2143 1642 2235 1695 καὶ
2311 1640 2799 1716 ἐπαγγελλόμενοι,
2855 1641 2889 1711 ἢ
2924 1642 3084 1713 ,κατὰ
3139 1641 3371 1716 σάρκαῆ
3406 1638 3555 1696 κατά
3610 1644 3817 1713 πνεῦμα

2140 1730 2241 1799 τήν
2278 1729 2485 1805 βουλὴν
2525 1730 2616 1785 καὶ
2671 1731 2771 1799 τὴν
2826 1727 3149 1805 ἐπαγγελίαν
3209 1730 3572 1800 ποιήσονται.
3640 1725 3812 1785 Ἀλλεὶ

389 1821 537 1877 lium
569 1836 637 1875 ac
667 1819 1125 1890 promissionem
1156 1819 1393 1873 facient.
1434 1819 1645 1873 Verum
1667 1818 1739 1873 de
1762 1818 2039 1890 praedica-

2152 1819 2265 1894 περὶ
2300 1819 2392 1892 μὲν
2425 1824 2522 1874 τοῦ
2552 1820 2909 1896 κηρύγματος
2938 1821 2967 1875 ὁ
3000 1816 3215 1880 Παῦλος
3265 1817 3387 1874 οὕτε
3419 1818 3808 1893 βουλεύσεται,

388 1910 551 1965 tione
576 1908 815 1980 quidem
837 1907 1050 1962 Paulus
1076 1922 1269 1977 neque
1291 1911 1530 1965 statuet.
1554 1923 1748 1978 neque
1784 1907 2040 1977 promis-

389 1999 619 2054 sionem
635 1998 832 2061 faciet,
867 1997 971 2051 sed
986 2002 1213 2051 tantum
1229 1995 1657 2068 praedicabitac
1682 1993 2046 2051 ministrabit

388 2104 460 2143 eo
492 2086 689 2147 modo,
723 2102 838 2156 quo
871 2090 929 2140 et
959 2091 1296 2157 segregatus
1328 2091 1386 2140 et
1413 2085 1631 2140 missus
1679 2091 1768 2141 est
1799 2102 1812 2140 :
1867 2102 2040 2159 pseu-

395 2175 690 2246 dapostoli
717 2179 936 2242 vero,et
956 2180 1220 2229 statuent
1242 2180 1300 2229 et
1320 2174 1748 2246 promissiones
1793 2174 2040 2230 dabunt.

398 2263 706 2336 Siquidem
736 2270 1148 2335 cauponantur
1175 2269 1234 2319 et
1263 2263 1467 2319 dolose
1501 2270 1756 2320 tractant
1801 2263 2043 2320 verbum

400 2354 525 2410 Dei.
544 2354 724 2408 Porro
738 2351 810 2407 de
825 2353 916 2407 his
930 2367 1061 2424 quas
1082 2359 1417 2425 opportuna
1455 2359 1593 2410 sunt
1619 2353 1916 2423 fidelibus,
1939 2353 2044 2410 sed

399 2460 435 2500 a
457 2443 688 2500 Christo
711 2443 939 2499 sancita
960 2459 1079 2498 non
1104 2449 1261 2510 sunt,
1293 2460 1423 2516 qua;
1475 2450 1534 2499 et
1579 2444 1708 2516 ipsa
1755 2450 1893 2501 sunt
1923 2444 2045 2516 spi-

395 2533 655 2595 ritualia.
681 2538 739 2588 et
761 2538 1053 2588 statuetet
1073 2532 1392 2599 discernet,
1439 2533 1593 2589 sicut
1617 2533 1794 2590 etiam
1830 2531 2046 2605 praedi-

397 2624 615 2679 ximus.
649 2624 720 2678 Et
748 2622 1131 2678 manifestum
1165 2627 1254 2677 est
1284 2621 1442 2693 quod
1473 2638 1541 2676 ex
1575 2622 1686 2678 hoc
1746 2623 1871 2677 solo
1932 2620 2042 2678 du-

395 2712 558 2768 bium
584 2712 839 2769 solutum
858 2716 964 2767 est.
991 2712 1393 2766 Naminventa
1439 2717 1580 2767 sunt
1621 2711 1693 2767 de
1742 2711 1956 2783 quibus
1987 2716 2045 2766 et

396 2807 616 2858 statuet
646 2807 704 2856 et
735 2800 1034 2856 discernet
1062 2806 1122 2856 et
1151 2800 1338 2872 legem
1366 2800 1517 2855 feret
1568 2802 1864 2857 Praeterea
1893 2817 2045 2872 quo-

396 2907 510 2963 que
541 2890 734 2945 adhuc
765 2889 1083 2945 dicendum
1112 2895 1219 2944 est.
1253 2889 1555 2961 Siquidem
1588 2889 1660 2944 de
1704 2889 2043 2946 carnalibus

396 2980 573 3036 etiam
595 2996 724 3050 quae
739 2979 1127 3035 adversantur
1149 2978 1381 3051 spiritui
1425 2979 1708 3035 decernet
1773 2996 1841 3035 ac
1875 2980 2044 3052 spiri-

393 3069 654 3135 tualiter,
686 3085 899 3140 nempe
930 3068 1004 3124 ad
1035 3068 1426 3123 delectionem
1454 3085 1523 3124 ac
1553 3068 2039 3142 fugamillorum:

392 3157 836 3231 pseudapostoli
868 3174 1004 3213 vero
1036 3156 1381 3223 decernent,
1414 3161 1475 3212 at
1532 3157 1859 3214 secundum
1910 3174 2039 3213 car-

394 3263 554 3317 nem,
579 3248 697 3301 sive
720 3247 989 3318 opposito
1015 3245 1192 3301 modo
1214 3246 1289 3301 ad
1337 3247 1632 3318 spiritum.
1689 3247 1774 3303 Ad
1816 3247 1941 3304 haec
1972 3248 2045 3305 de

393 3336 732 3392 carnalibus
763 3351 893 3407 qua;
921 3351 1042 3390 non
1076 3340 1215 3391 sunt
1244 3335 1543 3391 contraria
1573 3336 1829 3407 spiritui.
1863 3338 2042 3394 etiam

392 3425 613 3482 Paulus
645 3425 718 3479 de
742 3423 836 3480 his
866 3430 1106 3493 statuet,
1151 3425 1254 3480 sed
1284 3425 1544 3497 seipsum
1575 3424 1890 3494 dejiciens,
1940 3425 2043 3483 sed

397 3528 533 3570 cum
563 3512 719 3568 fame
748 3527 815 3567 ac
847 3512 942 3567 siti
975 3528 1279 3583 pugnans:
1329 3518 1387 3567 et
1437 3514 1684 3584 planum
1740 3521 1831 3570 est
1885 3514 2045 3586 quod

397 3601 822 3674 spiritualiler;
851 3603 1213 3658 contrarium
1248 3608 1446 3658 autem
1488 3610 1666 3676 agent
1711 3603 2048 3675 pseudapo-

398 3692 556 3749 stoli.
591 3691 852 3747 Breviter
883 3696 1081 3747 autem
1120 3708 1131 3745 :
1169 3690 1502 3748 Secundum
1537 3694 1774 3748 carnem
1802 3694 2045 3765 quidem

398 3786 463 3839 ut
522 3781 599 3837 sit
657 3780 833 3835 modo
881 3780 1110 3853 spiritui
1144 3780 1443 3837 contrario
1498 3798 1835 3854 nequaqum
1872 3789 1930 3838 et
1986 3782 2045 3838 in

395 3870 579 3928 nullis
598 3870 814 3927 Paulus
838 3874 1094 3936 statuet;
1126 3878 1187 3926 at
1215 3870 1538 3928 secundum
1573 3888 1835 3942 carnem,
1879 3877 1944 3927 ut
1972 3872 2049 3929 sit

397 3962 516 4018 alio
547 3961 724 4016 modo
753 3961 910 4016 004
941 3978 1118 4033 quam
1155 3961 1369 4018 habeat
1410 3961 1712 4018 decretum
1768 3961 2044 4034 Spiritus,

374 4050 746 4122 frequenter
776 4050 984 4105 statuit
1010 4066 1078 4106 ac
1110 4051 1313 4121 voluit,
1346 4055 1405 4105 at
1461 4066 1582 4108 non
1639 4051 1701 4108 in
1760 4052 2048 4126 praedica-

402 4137 801 4196 tione.AbsitI
827 4140 939 4194 Nec
963 4140 1024 4194 in
1061 4140 1195 4195 aliis
1231 4140 1661 4212 spiritualibus,
1699 4141 1802 4196 sed
1830 4142 1889 4198 in
1920 4158 2050 4197 car—

401 4227 637 4284 nalibus
670 4244 799 4299 qua)
832 4244 951 4283 non
983 4234 1120 4284 sunt
1176 4228 1409 4298 spiritui
1469 4231 1789 4285 contraria.
1848 4230 2050 4287 Noluit

398 4318 695 4374 verberari
720 4321 778 4373 et
807 4317 1148 4372 verberatus
1182 4325 1309 4383 est;
1343 4318 1530 4374 voluit
1579 4317 1651 4374 ad
1712 4318 2048 4376 Corinthios

394 4407 783 4481 proﬁcisci,et
796 4405 1128 4478 prohibitus
1146 4412 1256 4467 est.
1271 4406 1432 4463 nolui
1446 4407 1847 4464 tTimotheum
1862 4424 2014 4482 aegro
2030 4440 2043 4447 ο

392 4504 517 4553 tare
550 4502 608 4552 et
637 4496 959 4570 aegrotavit.
1006 4496 1243 4567 aliaque
1293 4501 1434 4551 sunt
1490 4497 1824 4553 innumera.
1884 4499 2052 4555 Nunc

2152 1906 2275 1963 οὕτε
2340 1907 2671 1986 ἐπαγγελίαν
2725 1910 3035 1979 ποιήσεται·
3090 1907 3311 1981 κηρύξει
3380 1904 3438 1962 δὲ
3497 1908 3677 1979 μόνον
3731 1907 3823 1961 καῖ

2153 1992 2465 2068 διακονήσει
2500 2041 2514 2067 ,
2562 1997 2741 2058 καθὼς
2806 1996 2896 2051 καὶ
2956 1996 3252 2075 ἐφώρισται
3309 1996 3397 2050 καὶ
3451 1993 3819 2054 ἀπέσταλται.

2154 2087 2223 2143 Oi
2254 2082 2311 2141 δὲ
2336 2082 2792 2161 ψευδαπόστολοι,
2823 2084 2912 2140 καὶ
2971 2083 3357 2160 βουλεύσονται
3414 2084 3510 2140 καὶ
3579 2084 3818 2164 ὑποσχὲ-

2155 2196 2265 2238 σεις
2296 2172 2554 2237 δώσουσι.
2588 2175 2686 2231 Καὶ
2740 2176 2846 2250 γὰρ
2905 2171 3127 2230 δολοῦσι
3160 2174 3249 2231 καὶ
3281 2172 3673 2245 καπηλεύουσι
3728 2173 3811 2229 τὸν

2154 2263 2322 2340 λόγον
2351 2269 2448 2319 τοῦ
2484 2265 2699 2341 Κυρίου.
2755 2263 2880 2338 Περὶ
2919 2265 3014 2337 μὲν
3043 2284 3127 2320 τοι
3154 2267 3264 2318 τῶν
3297 2263 3666 2335 αρμοζόντων
3726 2263 3813 2336 μὲν

2152 2359 2269 2419 τοῖς
2297 2359 2532 2419 πιστοῖς,
2569 2355 2645 2427 μὴ
2694 2354 3166 2427 νομοθετῄθέντων
3200 2348 3258 2408 δὲ
3316 2352 3419 2407 ὑπὸ
3480 2356 3752 2422 Χριστοῦ,
3784 2348 3813 2406 ἃ

2153 2442 2242 2498 καὶ
2273 2442 2408 2497 αὐτὰ
2438 2441 2548 2498 ἐστι
2582 2442 2937 2514 πνευματικᾶ.
2968 2442 3059 2496 καὶ
3108 2440 3459 2517 βουλεύσεται
3518 2440 3618 2496 καὶ
3673 2462 3809 2514 γνω-

2157 2530 2428 2606 ματεύσει,
2460 2532 2637 2593 καθὼς
2669 2532 2759 2587 καὶ
2802 2533 3135 2612 προέφημεν.
3195 2529 3291 2584 Καὶ
3347 2527 3520 2597 δῆλον
3583 2529 3669 2585 ὅτι
3722 2527 3807 2584 καὶ

2156 2620 2215 2677 ἐκ
2239 2620 2435 2676 τούτου
2477 2621 2643 2693 μόνου
2670 2621 2734 2675 τὸ
2782 2618 2987 2694 ἄπορον
3047 2616 3292 2674 λέλυται·
3355 2617 3587 2694 εὕρηται
3648 2619 3745 2693 γαρ
3774 2615 3801 2670 ἃ

2153 2711 2242 2767 καὶ
2303 2711 2654 2786 βουλεύσεται
2707 2710 2796 2765 καὶ
2854 2708 3221 2784 γνωματεύσι,
3280 2708 3370 2762 καῖ
3429 2709 3800 2780 νομοθετήσει·

2154 2803 2368 2874 Ὅμως.
2401 2798 2478 2859 δέ.
2511 2800 2600 2855 καὶ
2632 2794 2709 2855 ἔτι
2750 2798 2964 2875 ῥητέον
2999 2797 3123 2874 περί
3183 2798 3278 2870 μὲν
3337 2798 3443 2874 γὰρ
3473 2802 3589 2853 τῶν
3632 2818 3790 2870 σαρκι,

2154 2896 2288 2959 κῶν,
2310 2889 2343 2946 ἃ
2381 2890 2469 2945 καὶ
2499 2888 2707 2946 ἐναντία
2738 2887 2849 2944 ἐστὶ
2877 2892 2974 2943 τοῦ
3030 2888 3368 2962 πνούματος,
3424 2887 3782 2963 βουλεύσεται·

2155 2974 2304 3032 ἀλλὰ
2333 2981 2732 3049 πνευματικῶς,
2776 2975 2864 3031 ἐπὶ
2923 2972 3195 3050 ἀναιρέσει
3254 2975 3343 3028 καὶ
3404 2978 3550 3051 φυγῇ
3604 2971 3765 3034 minim,

2155 3067 2223 3125 Oi
2254 3063 2311 3122 δί
2340 3063 2774 3140 ψευδαπόστολοι
2800 3063 3213 3131 βουλεύσονται,
3242 3060 3392 3117 ἀλλᾶ
3452 3061 3580 3117 κατᾶ
3628 3059 3777 3130 σάρκα

2155 3153 2279 3224 ἤτοι
2328 3155 2713 3227 ἀντικειμένως
2759 3156 2837 3226 τῷ
2893 3150 3179 3225 πνεύματι.
3215 3152 3340 3228 Περῖ
3406 3152 3505 3224 μὶν
3562 3171 3645 3205 τοι
3692 3147 3791 3201 τῶν

2159 3245 2234 3317 μή
2268 3243 2522 3300 ἐναντίων
2579 3246 2657 3314 τῷ
2712 3262 2980 3315 πνευματι
3044 3244 3337 3312 σαρκικῶν,
3391 3238 3484 3294 καὶ
3539 3237 3664 3310 περὶ
3686 3233 3800 3292 τού-

2150 3355 2259 3389 των
2323 3333 2537 3395 Ιιαῦλος
2610 3330 2985 3407 βουλεύσεται,
3043 3327 3171 3385 ἀλλ’
3227 3328 3540 3398 ὖποπιέζων
3603 3326 3803 3396 ἐαυτὸν,

2153 3422 2299 3479 ἀλλὰ
2328 3423 2480 3495 λιμῷ
2508 3421 2598 3477 καὶ
2626 3419 2764 3494 δίψει
2804 3421 3145 3499 μαχόμειος,
3178 3418 3269 3474 καὶ
3303 3414 3486 3485 δῆλον
3534 3418 3626 3472 δτι
3654 3435 3801 3473 πνευ-

2158 3518 2423 3585 ματικῶς.
2454 3511 2768 3567 Τούναντίον
2805 3509 2862 3565 δὲ
2894 3509 2945 3565 οἱ
2988 3505 3450 3581 ψευδαπόστολοι.
3508 3505 3802 3563 Συνελόντι

2156 3600 2232 3657 δὲ’
2265 3602 2401 3657 κατά
2433 3602 2602 3675 σάρκα
2661 3600 2780 3673 μὶν,
2834 3599 2948 3653 οἷον
3006 3596 3257 3660 ἐναντίως
3315 3601 3412 3652 τοῦ
3470 3595 3803 3671 πνεύματος,

2154 3689 2399 3763 οὐδαμοῦ
2458 3690 2673 3751 Παῦλος
2736 3686 3110 3766 βουλεύσεται,
3168 3683 3299 3741 οὐδὲ
3355 3682 3408 3740 ἕν
3466 3705 3602 3742 τισι.
3670 3682 3808 3741 Κατὰ

2154 3781 2323 3854 σάρκα
2361 3778 2439 3845 ὂὶ,
2470 3780 2588 3834 οἷον
2631 3778 2827 3851 ἐτέριυς
2861 3778 3037 3850 μόνων
3084 3775 3228 3851 παρᾶ
3288 3775 3388 3839 τήν
3442 3776 3540 3829 τοῖ’)
3571 3772 3809 3845 πνεύμα-

2154 3889 2248 3930 τος
2270 3867 2572 3943 βούλησιν,
2605 3865 2881 3929 πολλάκς
2920 3860 3307 3931 ἐϐοδλεύσατο,
3336 3861 3466 3919 ἀλλ’
3498 3862 3602 3917 οὐκ
3645 3861 3701 3917 ἐν
3730 3862 3804 3930 τῷ

2154 3957 2773 4033 κηρύγματι.“Απαγει
2833 3955 2951 4013 Ούκ
2979 3952 3031 4008 ἐν
3090 3958 3206 4015 τοῖς
3256 3950 3450 4015 ἀλλοις
3510 3970 3803 4023 πνευματι-

2156 4053 2293 4110 κοῖς,
2327 4043 2457 4103 ἀλλ’
2486 4045 2535 4101 ἐν
2568 4051 2683 4108 τοῖς
2735 4046 2809 4117 μὴ
2843 4041 3100 4104 ἐναντίοις
3155 4041 3251 4097 τοῦ
3308 4040 3627 4115 πνεύματος
3685 4059 3807 4112 σαρ-

2154 4141 2352 4197 κικοῖς.
2387 4134 2501 4195 Οὐκ
2555 4131 2722 4204 ἤθελε
2748 4132 3059 4202 τύπτεσθαι,
3107 4131 3196 4187 καὶ
3251 4130 3529 4186 ἐτύπτετο.
3606 4126 3802 4185 Ἀπελο

2158 4233 2266 4291 θεῖν
2299 4224 2484 4295 ἤθελε,
2540 4224 2631 4279 καὶ
2690 4221 2958 4279 ἐκωλύετο
3040 4210 3155 4281 Ούκ
3205 4219 3396 4289 ἤθελεν
3454 4220 3681 4283 ἀσοειεῖν
3715 4218 3799 4273 Τί-

2162 4316 2378 4391 μόοεον,
2407 4313 2496 4369 καὶ
2544 4313 2773 4381 ἡσθένει,
2825 4312 2915 4367 καὶ
2970 4311 3132 4386 μυρῖα
3177 4306 3345 4366 ἄλλα.
3400 4309 3578 4364 Αὐτὸς
3634 4305 3691 4362 δὶ
3718 4310 3804 4359 νῦν

2157 4406 2242 4478 τὸ,
2273 4404 2408 4459 κατὰ
2456 4402 2648 4478 σάρκα,
2706 4400 2825 4455 ἀντὶ
2881 4403 2979 4456 τοῦ
3033 4398 3412 4470 αὐτεξουσίως,
3472 4393 3801 4454 αύτοδεσπό-

2155 4517 2301 4559 τως,
2360 4490 2797 4551 αὑτοκελεύστως
2837 4486 3086 4566 ἐξιίλτρε
3118 4530 3132 4544 .
3185 4488 3389 4543 Σκόπει
3442 4484 3501 4543 δί
3564 4486 3794 4542 κάκεῖνο.

392 4593 593 4643 autem
614 4584 749 4639 κατὰ
782 4583 971 4658 σάρκα.
1004 4584 1063 4641 id
1086 4591 1195 4642 est.
1247 4584 1576 4640 secundum
1637 4602 1901 4654 carnem,
1944 4604 2042 4643 ac-

2152 4586 2209 4641 Τί
2240 4585 2370 4652 05v;
2415 4580 2442 4637 ὀ
2476 4579 2690 4642 Παῦλος
2727 4578 3185 4654 ὑπισχνούμενος,
3220 4575 3281 4631 ού
3314 4575 3450 4649 μετᾶ
3497 4582 3598 4645 τῆς
3658 4575 3797 4649 Evag-

395 4676 550 4747 cepit
582 4692 686 4746 pro
719 4690 787 4730 eo
819 4674 977 4747 quod
1009 4680 1094 4729 est
1128 4673 1318 4730 libero
1342 4674 1608 4737 arbitrio,
1644 4676 1884 4748 propria
1939 4693 2042 4732 au-

393 4764 685 4827 ctoritate,
709 4764 948 4835 proprio
969 4764 1165 4834 jussu.
1190 4762 1408 4819 Verum
1432 4763 1582 4821 illud
1633 4765 1810 4820 etiam
1854 4765 2045 4822 consi-

396 4853 539 4910 dera
573 4851 723 4916 Quid
741 4850 916 4921 ergo?
947 4852 1160 4907 Paulus
1205 4852 1347 4908 dum
1392 4852 1786 4924 promitteret,
1821 4870 1943 4909 non
1975 4871 2048 4910 ex

394 4940 737 5014 operatione
760 4938 1013 5010 Spiritus
1035 4940 1550 5010 promittebat,sed
1572 4940 1852 5012 ignorans
1900 4957 2045 4995 num

391 5030 800 5102 completurus
815 5035 971 5084 esset
987 5044 1056 5084 ea
1069 5046 1198 5101 quae
1214 5030 1872 5102 prozi.iltebat‘?Dicin.us
1890 5029 2050 5103 quod

392 5138 513 5181 non
526 5121 729 5178 omnia
741 5118 1100 5193 prmvidebat
1115 5120 1455 5191 Apostolus,
1480 5120 1615 5176 ideo
1632 5120 1809 5177 etiam
1826 5138 1930 5192 pro
1956 5120 2049 5176 his

394 5211 1310 5288 peccaturqumnonexpedinnt,
1337 5211 1491 5267 sicut
1531 5211 1603 5267 de
1644 5212 1884 5267 stimulo
1918 5227 2051 5268 car-

398 5302 1074 5370 nissuaa”;etrursum:
1108 5301 1227 5356 Hoc
1250 5300 1407 5356 enim
1451 5301 1593 5373 quid
1634 5307 1909 5357 oraturus
1937 5301 2049 5356 sim

398 5390 1072 5466 sicutoportetnonnovi
1111 5389 1478 5463 "'.Itemque
1512 5390 1574 5445 in
1592 5391 1753 5446 Actis
1792 5389 1835 5427 13
1856 5397 2051 5447 osten-

476 5619 527 5658 “
554 5620 601 5677 ῙῘ
631 5620 741 5675 Cor
790 5630 894 5686 xu,
924 5621 979 5677 7.
1016 5621 1083 5657 ¹²’
1114 5622 1280 5677 Rom.
1318 5637 1438 5686 vm,
1471 5621 1560 5674 26.
1593 5617 1639 5658 ⁵³
1667 5619 1794 5677 Act.
1828 5635 1943 5689 ενι,
1982 5621 2041 5675 ’7.

2153 4674 2301 4749 γείας
2358 4675 2457 4729 τοῦ
2537 4669 2844 4743 Πνεύματος
2904 4667 3243 4742 ὑπισχνεῖτο,
3303 4663 3433 4719 ἀλλ’
3489 4663 3699 4739 ἀγνοῶν
3753 4662 3797 4718 εἰ

2154 4761 2438 4840 πληρώσει
2470 4760 2565 4821 τας
2601 4758 2921 4833 ὑποσχέσεις
2957 4774 2970 4824 ;
3005 4756 3192 4829 Φαμὲν
3220 4754 3301 4811 ὅτι
3334 4755 3397 4810 οὗ
3445 4754 3623 4811 πάντα
3674 4775 3792 4830 προ-

2153 4851 2274 4931 ῄδει
2307 4854 2335 4907 ὁ
2367 4847 2726 4911 Ἀπόστολος.
2757 4849 3060 4922 Τοιγαροῦν
3091 4845 3182 4900 καὶ
3240 4842 3462 4919 εὔχεται
3492 4844 3796 4923 ἀσύμφορα,

2158 4945 2231 5006 ὡς
2263 4943 2351 5000 ἐπὶ
2389 4946 2490 4997 τοῦ
2539 4937 2812 5002 σκόλοπος
2840 4944 2939 5006 τῆς
2972 4937 3137 4991 αὐτοῦ
3185 4934 3403 5009 σαρκός.
3466 4934 3566 4989 Καὶ
3618 4932 3793 4990 πάλιν·

2158 5033 2228 5088 Τὸ
2256 5032 2380 5107 γὰρ,
2412 5030 2462 5087 τί
2493 5029 2860 5100 προσεύξομαι
2900 5025 2962 5082 τὸ
2993 5025 3122 5080 καθὸ
3180 5020 3284 5094 δεῖ,
3341 5024 3442 5078 οὐκ
3498 5020 3643 5079 οἴδα.
3702 5022 3789 5080 Καὶ

2159 5119 2210 5176 ἐν
2265 5125 2385 5180 ταῖς
2437 5118 2664 5190 Πράξεσι
2723 5113 2779 5170 δὲ
2836 5111 3108 5169 δείκνυται
3155 5111 3408 5175 ἀπελθεῖν
3466 5107 3794 5189 βουλόμενός

2158 5232 2264 5266 που
2294 5208 2383 5264 καῖ
2416 5205 2769 5281 κωλυόμενος
2832 5203 2932 5260 ὑπὸ
2990 5205 3086 5257 τοῖ’)
3140 5200 3473 5274 Πνεύματος.
3526 5202 3703 5257 Τοῦτο
3746 5195 3795 5252 δὲ

2161 5298 2549 5373 συμφερόντως
2592 5295 2823 5370 ἐγίνετο,
2871 5290 2967 5347 ’ἶνα
3029 5292 3105 5363 μὴ
3134 5311 3276 5352 τινες
3338 5290 3554 5363 μείζους
3612 5287 3795 5345 αὐτοὺς

2163 5380 2488 5442 ὑπολάϐωσι
2542 5390 2642 5455 τῆς
2702 5380 3046 5458 ἀνθρωπίνης
3102 5378 3334 5459 φύσεως·
3395 5379 3499 5435 Καὶ
3565 5380 3667 5456 γὰρ
3717 5374 3795 5431 καὶ
