4068 6254
294 378 423 437 929

1254 378 1666 442 ΟΟΜΜΕΝΤ.
1714 382 1791 441 ΙΝ
1841 378 2084 442 EPIST.
2130 382 2184 442 II
2231 382 2332 443 AD
2377 382 2749 446 CORINTH.

3598 395 3718 457 930

284 509 776 589 ἀποτυγχάνουσιν
804 509 989 574 αὐτοῖς
1028 510 1302 577 πολλάιιις
1353 511 1495 568 θῦειν
1549 506 1845 568 ἐϐούλοντο
1879 513 1952 575 ὡς

2071 515 2230 571 ditur
2252 519 2528 575 statuisse
2549 520 2751 590 aliquo
2770 518 3153 590 proﬁcisci,et
3174 520 3507 591 prohibitus
3538 525 3719 584 fuisse

290 601 439 661 Θεοῖς
472 599 521 654 ὲν
557 601 855 674 Λλκκονίᾳ,

2073 623 2105 660 a
2125 608 2431 679 Spiritu.ld
2451 620 2651 667 autem
2678 614 2905 669 utiliter
2927 613 3323 686 contingebat,
3360 632 3431 671 ne
3466 618 3565 688 qui
3627 638 3721 675 su-

298 708 407 763 pra
439 693 700 747 humana
732 700 1008 747 naturam
1040 692 1199 764 ipsos
1231 710 1359 749 esse
1393 695 1854 765 suspicarentur.
1890 692 2191 765 Siquidem
2226 700 2335 755 hoc
2368 702 2543 756 etiam
2579 703 2753 757 modo
2811 703 3156 773 frequenter
3213 704 3332 759 illis
3391 708 3605 762 accidit
3657 722 3721 775 ut

290 782 443 852 ipsis
479 788 760 852 tanquam
790 782 903 836 diis
935 782 1265 838 sacriﬁcare
1298 784 1535 847 vellent,
1571 784 2074 854 quemadmodum
2110 787 2168 841 in
2206 789 2497 859 Lycaonia
2532 791 2592 843 ³4.

373 872 569 931 Πιστὸς
601 868 713 924 8εὸ
768 871 917 939 Θεὸς,
994 870 1077 925 ὅτι
1155 872 1182 926 6
1259 869 1425 948 λόγος
1502 874 1661 944 ἡμῶν
1736 872 1764 925 6
1816 871 1949 945 πρὸς

300 957 465 1029 ὑμᾶς,
523 958 623 1013 οὐκ
684 958 890 1035 ἐγένετο
945 959 1051 1015 Ναὶ
1100 959 1190 1013 καὶ
1248 957 1347 1015 υῦ.
1402 965 1458 1013 '0
1513 960 1612 1035 γὰρ
1670 964 1767 1015 τοῦ
1825 962 1961 1014 Ωεοῦ

295 1046 422 1107 Υἱὸς
508 1048 719 1114 Ἰι,σοῦς
804 1048 1056 1122 Χριστὸς,
1117 1048 1145 1102 6
1204 1046 1254 1103 ἐν
1322 1049 1448 1121 ὑμῖν
1519 1050 1609 1104 καὶ
1665 1047 1732 1103 δι’
1795 1051 1957 1122 ἡμῶν

294 1136 599 1211 κηρυχθεὶς
658 1133 731 1189 δι’
784 1134 919 1209 ἐμοῦ
977 1136 1064 1191 καὶ
1125 1136 1425 1192 Σιλουανοῦ
1508 1138 1597 1192 καὶ
1657 1135 1951 1211 Τιμοϋέσυ,

306 1225 407 1279 οὐκ
438 1223 650 1301 ἐγένετο
684 1226 784 1280 Ναὶ
834 1226 921 1279 καὶ
983 1223 1085 1295 Οὔ,
1135 1224 1283 1282 ἀλλᾶ
1339 1228 1443 1282 λαὶ
1493 1226 1544 1281 ἐν
1600 1228 1748 1298 αὐτῴ
1800 1227 1957 1305 γέγο-

294 1316 594 1372 νεν.“υσαι
655 1315 757 1390 γὰρ
816 1314 1131 1392 ἐπαγγελίαι
1192 1315 1345 1384 Θεοῦ,
1403 1315 1454 1372 ἐν
1514 1317 1659 1390 αὐτῷ
1714 1317 1774 1371 τὸ
1828 1318 1957 1384 [Καὶ.

288 1404 383 1460 καὶ
440 1402 494 1459 ἓν
551 1403 699 1476 αὐτῷ
754 1405 816 1460 τὸ
875 1406 1084 1479 Ἀμὴν,
1137 1410 1218 1479 τῷ
1273 1407 1389 1479 Θεῷ
1447 1407 1586 1483 πρὸς
1672 1404 1828 1476 δόξαν
1886 1403 1955 1461 δι’

293 1495 479 1567 ἢμῶη

368 1644 806 1701 Ἀνακῦπτουσαν
855 1646 1120 1702 ἀντίθεσιν
1158 1645 1301 1706 λύει.
1355 1647 1427 1705 Εἴ
1478 1648 1717 1724 ἀγνοεῖς,
1770 1646 1955 1721 φησὶν,

2138 877 2160 929 I
2222 880 2395 933 18-20.
2430 881 2631 936 Fidelis
2661 887 2841 936 autem
2900 884 3035 937 Deus
3092 884 3238 953 quod
3289 900 3463 940 sermo
3528 895 3713 941 noster

2069 982 2201 1034 erga
2233 984 2349 1037 ros,
2382 986 2491 1023 non
2547 974 2659 1038 fuit
2687 973 2870 1025 Etiam
2928 977 2977 1024 et
3032 973 3170 1026 Non.
3234 974 3370 1027 Nam
3426 974 3529 1029 Dei
3563 976 3711 1044 ﬁlius

2064 1056 2215 1110 Jesus
2249 1058 2489 1113 Christus
2518 1062 2613 1129 qui
2648 1062 2792 1114 inter
2820 1076 2912 1115 vos
2936 1077 3040 1130 per
3069 1076 3165 1115 nos
3218 1063 3564 1132 praedicatus
3608 1072 3708 1130 est,

2065 1161 2255 1215 nempe
2278 1163 2382 1216 per
2410 1164 2493 1202 me
2531 1155 2580 1203 et
2609 1150 2891 1204 Silvanum
2922 1166 2984 1204 ac
3018 1151 3375 1221 Timotheum,
3429 1169 3541 1209 non
3596 1155 3707 1223 fuit

2068 1234 2248 1287 Etiam
2279 1242 2329 1288 et
2359 1238 2496 1303 Non,
2526 1236 2621 1290 sed
2655 1236 2835 1291 Etiam
2857 1255 2961 1307 per
3019 1241 3198 1307 ipsum
3247 1242 3379 1308 fuit.
3433 1242 3717 1311 Quotquot

2067 1324 2211 1377 enim
2240 1332 2367 1378 sunt
2388 1326 2778 1395 promissiones
2808 1328 2925 1393 Dei,
2951 1343 3056 1397 per
3092 1329 3271 1397 ipsum
3321 1336 3449 1383 sunt
3506 1331 3708 1398 Etiam,

2068 1418 2119 1477 et
2138 1429 2243 1482 per
2271 1415 2450 1484 ipsum
2480 1420 2676 1485 Amen,
2710 1417 2816 1471 Deo
2846 1415 2920 1470 ad
2956 1417 3192 1487 gloriam
3218 1435 3323 1488 per
3347 1434 3464 1475 nos.

2138 1651 2547 1722 Emergentem
2579 1652 2749 1707 solvit
2781 1652 3199 1724 objectionem.
3227 1654 3282 1708 Si
3329 1655 3586 1727 ignoras.
3620 1658 3710 1713 di-

299 1734 347 1789 εἷ
382 1732 527 1789 ἔσται
560 1732 595 1788 ἅ
637 1734 936 1810 ἐπηγγέλη,
995 1738 1085 1791 καὶ
1138 1734 1417 1796 πολλάκις
1479 1736 1659 1812 λὲγεις
1717 1736 1769 1791 ἐν
1826 1738 1954 1810 πρά-

2072 1745 2231 1792 ceret
2248 1738 2486 1809 aliquis,
2510 1757 2584 1795 an
2608 1748 2781 1796 erunt
2802 1759 2932 1812 qum
2955 1744 3250 1814 promissa
3300 1752 3458 1811 sunt,
3508 1752 3564 1800 et
3594 1746 3709 1801 fre-

288 1844 465 1897 γματι
498 1825 681 1891 «Ναὶ,
716 1848 739 1877 ι
775 1824 864 1879 καὶ
916 1826 1221 1901 εὑρίσκεται
1281 1852 1303 1878 ιι
1368 1825 1468 1897 Οῦ,
1534 1851 1563 1878 ››
1630 1824 1946 1897 δεδοίκαμεν

291 1916 370 1984 μή
406 1935 523 1975 πως
554 1914 695 1968 καὶὸ
728 1911 897 1987 λόγος
937 1936 1056 1981 σου,
1085 1914 1359 1971 τουτέστιν
1395 1917 1422 1970 6
1468 1915 1767 1990 κηρυχθεῖς
1814 1918 1948 1989 ἡμῖν

287 2003 416 2077 περὶ
447 2010 550 2071 τῆς
582 2002 845 2069 πίστεως,
874 2028 903 2055 ‹‹
934 2005 1038 2062 Ναὶ
1076 2029 1102 2056 ››
1144 2007 1232 2060 καὶ
1294 2030 1321 2057 cr
1383 2002 1459 2063 Οὕ
1490 2032 1514 2057 ιι
1669 2004 1760 2059 καί
1792 2023 1945 2083 φησι·

287 2095 368 2149 Τὸ
403 2093 494 2164 μὲν
526 2091 949 2170 ἐπαγγείλασθαι
980 2093 1177 2162 ἐλθεῖν,
1236 2094 1366 2169 ἐμὸν
1421 2096 1515 2164 ἦν,
1579 2093 1664 2149 διὸ
1722 2094 1811 2148 καὶ
1844 2094 1949 2149 ἁπ-

288 2182 471 2260 ἑτυχε·
506 2183 570 2237 τὸ
603 2180 661 2237 δὲ
690 2185 947 2258 κήρυγμα
975 2188 1077 2238 τοῦ
1122 2189 1256 2239 Θεοῦ
1311 2183 1442 2253 ἐστι,
1504 2184 1595 2238 καὶ
1655 2183 1756 2238 οὐκ
1813 2185 1947 2238 ἀπο-

282 2272 551 2341 τεύξεται.
586 2296 613 2323 ‹‹
648 2274 843 2333 [lio-16¢;
878 2274 1003 2349 γὰρ,
1051 2274 1232 2349 φησὶν,
1289 2275 1317 2329 6
1375 2274 1529 2341 Θεὸς,
1581 2297 1611 2325 ››
1670 2273 1948 2328 τουτέστιν

287 2362 528 2432 ἀληθής.
563 2389 590 2413 u
623 2363 743 2419 Ὃτι
775 2363 803 2416 6
838 2361 1010 2439 λόγος
1042 2366 1224 2435 ἡμῶν.
1264 2388 1289 2413 ››
1351 2364 1448 2420 Καὶ
1506 2363 1633 2438 γὰρ,
1674 2364 1858 2440 φησὶν,
1920 2364 1947 2417 ὁ

286 2450 462 2526 λόγος
490 2452 578 2506 καὶ
609 2451 673 2505 τὸ
702 2456 961 2527 κήρυγμα
992 2455 1173 2525 ἡμῶν,
1212 2452 1273 2507 οὐ
1307 2454 1492 2529 γέγονε
1548 2455 1652 2510 Nai
1701 2452 1791 2507 καὶ
1845 2450 1948 2522 06',

294 2539 446 2596 ἀλλὰ
492 2543 590 2595 Ναὶ
643 2539 788 2596 ἔσται
846 2544 939 2597 καὶ
996 2543 1119 2600 Ναί.
1198 2544 1295 2598 Διᾶ
1342 2549 1504 2599 τοῦτο
1561 2544 1665 2618 γὰρ
1710 2541 1945 2613 ἀλῃθὴςί

293 2628 492 2699 ἐπειδὴ
523 2630 581 2685 οὗ
610 2630 796 2706 γέγονε
825 2632 924 2686 Ναὶ
958 2634 1046 2687 καὶ
1081 2630 1175 2691 Οὔ.
1201 2634 1303 2690 Καὶ
1332 2632 1524 2689 λοιπὸν
1587 2633 1736 2708 λέγει
1791 2639 1949 2695 ποῖος

302 2718 473 2793 λόγος
502 2719 561 2774 οῦ
590 2723 779 2796 γέγονε
810 2721 911 2775 Ναὶ
942 2722 1031 2777 καὶ
1065 2720 1164 2791 Οὔ,
1200 2722 1343 2778 ἀλλὰ
1373 2721 1670 2785 ἀσάλευτος
1719 2722 1946 2795 ἔμεινεν.

313 2832 341 2861 u
376 2809 437 2865 ὐ
466 2808 561 2883 γὰρ
592 2810 711 2872 Υἱὸς
736 2814 834 2865 τοῦ
867 2815 1025 2875 Θεοῦ,
1056 2813 1237 2885 φησὶν,
1275 2814 1304 2866 6
1334 2811 1386 2866 ἐν
1445 2814 1570 2886 ὑμῖν
1626 2810 1945 2887 κηρυχοεῗς,

303 2898 371 2954 οὔ
416 2900 598 2974 γέγονε
653 2901 757 2957 Ναὶ
806 2901 897 2955 καὶ
959 2898 1056 2959 Οὕ·
1121 2927 1147 2954 ι)
1208 2902 1502 2971 τουτέστιν,
1566 2903 1627 2958 οὐ
1702 2906 1793 2957 νῦν
1852 2902 1947 2974 μὲν

300 2984 556 3055 τοιῶσδε,
588 2986 785 3044 ἄκλοτε
817 2987 874 3044 δὲ
902 2989 1134 3045 τοιῶσδε
1164 2994 1513 3067 κεκήρυκται,
1547 3014 1578 3047 (ι
1617 2990 1790 3049 Ἀλλᾶ
1848 2992 1948 3046 Ναὶ

299 3076 353 3132 ἐν
374 3076 544 3150 αὐτῷ,
578 3103 598 3129 ι
634 3078 907 3134 τουτέστιν
932 3079 1351 3156 ἆπαρασάλευτα
1382 3082 1448 3137 τὰ
1505 3082 1580 3144 εἰς
1635 3082 1794 3136 αὐτὸν
1853 3082 1944 3137 τὸν

298 3165 542 3240 Χριστὸν
573 3168 918 3243 κυρηχθέντα
945 3171 1255 3244 γεγένηται.
1292 3172 1387 3225 Διὰ
1416 3176 1576 3226 τοῦτο
1607 3168 1663 3226 δὲ
1691 3172 1752 3226 τὸ
1798 3170 1947 3237 πλῆ-

302 3256 396 3318 Θος
425 3260 534 3310 τῶν
594 3258 941 3330 κυρηξοὶντων
994 3257 1303 3334 καταλέγεν
1370 3285 1389 3311 ι
1450 3261 1526 3314 Δι’
1581 3261 1739 3333 ἑμοῦ,
1789 3261 1943 3336 φησὶ,

373 3345 388 3366 \
708 3351 732 3361 ~
843 3347 856 3366 κ
1066 3349 1084 3379 ι
1322 3348 1335 3369 \
1419 3350 1428 3366 ν
1697 3350 1709 3371 ν
1819 3353 1845 3364 ~

297 3365 390 3399 και
428 3343 737 3400 Σιλουανου
767 3367 859 3401 και
888 3351 1174 3421 Τιμοϐιου,
1211 3370 1337 3403 »και
1359 3347 1543 3420 παλιν,
1578 3373 1605 3401 ‹‹
1640 3346 1690 3403 δι
1726 3352 1948 3423 ἡμων,››

296 3433 378 3497 εἰς
431 3432 674 3503 πλῆθος,
730 3434 897 3509 ταύτῃ
954 3441 1127 3491 ποιῶν
1183 3437 1492 3506 ἀξιόπιστον
1533 3437 1595 3493 τὸ
1667 3440 1949 3513 κήρυγμα,

294 3523 387 3578 καὶ
427 3526 929 3601 ταπεινοφροσύνην
984 3525 1442 3601 ἐπιδεικνύμενος,
1506 3529 1591 3584 ὅτε
1649 3529 1772 3591 τοὺς
1831 3530 1949 3584 hau-

298 3615 399 3667 τοῦ
436 3613 704 3685 μαθητὰς,
727 3614 817 3668 τὸν
849 3616 1121 3688 Τιμόθεον
1153 3617 1245 3670 καὶ
1300 3614 1625 3687 Σιλουανὸν,
1662 3618 1955 3680 κοινωνοὺς

299 3706 401 3757 τοῦ
432 3702 787 3778 κηρύγματος
823 3705 1100 3778 ὀνομάζει.
1138 3729 1166 3758 ‹‹
1228 3704 1406 3761 Ἀλλὰ
1452 3706 1554 3763 Ναὶ
1612 3707 1663 3762 ἐν
1723 3707 1889 3779 αὐτῷ.
1926 3731 1953 3759 ››

300 3825 373 3835 —
433 3793 809 3865 [IQANNOII]
859 3795 973 3853 Οὐκ
1020 3794 1303 3869 ἀνέτρεψα,
1361 3795 1546 3873 φησὶν,
1607 3799 1639 3851 ἃ
1693 3798 1953 3873 πρότερον

299 3881 455 3937 εἶπον
488 3879 539 3935 ἐν
572 3885 651 3953 τῷ
680 3881 1011 3959 κηρύγματι.
1056 3881 1201 3940 Οὐδὲ
1259 3889 1351 3938 νῦν
1409 3886 1502 3957 μὲν
1534 3889 1719 3954 τοῦτο,
1750 3890 1838 3941 νῦν
1901 3882 1960 3940 Si

311 3969 455 4026 ἂλλο
489 3968 781 4045 διελέχθην
816 3972 962 4044 ὑμῖν.
1003 3976 1179 4029 Τοῦτο
1236 3976 1335 4049 γὰρ
1399 3973 1496 4029 οὐκ
1536 3973 1645 4031 ἔστι
1703 3975 1957 4043 πίστεως,

304 4058 456 4115 ἀλλὰ
487 4058 910 4133 πεπλανημὲντ,ς
962 4059 1223 4126 διανοίας.
1289 4087 1317 4115 ‹‹
1370 4062 1546 4121 Ἀλλᾶ
1601 4064 1705 4120 Ναὶ
1762 4064 1851 4120 καὶ
1908 4064 1959 4118 ἐν

301 4149 455 4221 αὐτῷ
510 4152 717 4223 γέγονε,
781 4175 809 4202 ››
869 4151 1173 4223 τουτέστιν,
1232 4153 1365 4226 ὅπερ
1448 4153 1622 4223 εἷπον,
1677 4154 1961 4228 ἀπαρασά-

305 4236 498 4294 λευτον
522 4239 613 4293 καὶ
662 4233 881 4315 βεϐαιον
943 4243 1112 4314 μένει.
1171 4267 1198 4293 ‹‹
1258 4244 1416 4300 Ὅσαι
1480 4242 1582 4319 γὰρ
1642 4241 1963 4317 ἐπαγγελίαι

309 4333 469 4384 Θεοῦ.
506 4352 532 4379 ››
564 4331 655 4384 Ἐν
684 4333 763 4401 τῷ
793 4330 1132 4405 κηρύγματι,
1165 4330 1351 4387 πολλά
1397 4330 1508 4386 ἐστι
1576 4332 1642 4387 τὰ
1700 4330 1962 4406 ἐπαγγελ-

306 4415 540 4489 λόμενα·
604 4417 891 4481 ἀνάστασις
951 4426 1180 4495 νεκρῶν,
1239 4420 1529 4491 υἱοθεσία,
1598 4419 1812 4484 ἐλπίδες
1869 4425 1966 4477 τοῦ

2065 1835 2319 1897 quenter
2349 1831 2409 1883 in
2442 1847 2504 1885 re
2537 1832 2738 1901 aliqua
2758 1832 2907 1887 dicis
2931 1835 3189 1901 «Etiam,
3227 1857 3254 1883 »
3301 1840 3360 1889 et
3416 1838 3713 1908 reperitur

2072 1936 2092 1963 ι
2125 1917 2273 1983 Non,
2305 1940 2332 1967 ››
2364 1935 2636 1973 veremur
2666 1937 2740 1975 ne
2774 1939 2887 1991 quo
2918 1921 3093 1977 modo
3127 1940 3321 1978 sermo
3346 1926 3525 1980 etiam
3551 1932 3708 1992 tuus,

2065 2006 2297 2073 hocest,
2334 2010 2650 2079 qui.leﬁde
2667 2011 2836 2065 nobis
2854 2011 3205 2081 praedicatus
3227 2018 3315 2067 est
3347 2015 3444 2079 ,sit
3469 2038 3494 2062 ‹‹
3520 2016 3710 2070 Etiam

2063 2097 2131 2149 Et
2156 2113 2272 2150 non
2300 2114 2313 2162 ;
2346 2121 2371 2145 υ
2405 2098 2535 2152 ideo
2568 2099 2651 2153 ait
2685 2116 2697 2152 :
2731 2101 2883 2154 Sane
2915 2100 3073 2170 quod
3108 2118 3199 2155 me
3230 2108 3543 2157 venturum
3578 2104 3704 2159 fue-

2062 2184 2175 2239 rim
2204 2186 2526 2255 pollicitus,
2561 2204 2759 2242 meum
2793 2194 2936 2243 erat.
2982 2188 3119 2244 Ideo
3180 2206 3415 2260 quoque
3470 2192 3707 2247 irritum

2064 2273 2203 2327 fuit:
2229 2275 2569 2345 praedicatio
2592 2293 2728 2331 vero
2756 2278 2981 2345 Deiest,
3020 2295 3131 2333 nec
3182 2280 3349 2334 irrita
3398 2280 3528 2334 erit.
3561 2282 3707 2335 Nam

2064 2385 2091 2411 ‹‹
2123 2362 2365 2431 Fidelis,
2398 2366 2609 2435 inquit,
2635 2366 2809 2427 Deus.
2844 2389 2871 2416 ››
2929 2367 2988 2422 id
3047 2374 3155 2433 est,
3225 2385 3421 2425 verax.
3490 2392 3511 2421 a
3549 2370 3713 2435 Quod

2063 2468 2259 2507 sermo
2291 2460 2513 2507 noster.
2547 2474 2575 2503 »
2610 2454 2914 2525 Siquidem
2947 2473 3164 2524 sermo,
3199 2458 3302 2513 ait.
3329 2465 3386 2513 et
3424 2461 3709 2530 prmdica-

2065 2540 2166 2608 lio,
2193 2547 2396 2596 nostra
2424 2558 2545 2597 non
2577 2542 2706 2604 fuit,
2739 2544 2927 2598 Etiam
2958 2550 3016 2599 et
3043 2545 3192 2610 Non,
3225 2546 3327 2600 sed
3360 2546 3548 2600 Etiam
3598 2548 3712 2601 erit

2063 2635 2121 2684 et
2150 2631 2360 2685 Etiam.
2417 2633 2558 2686 Nam
2619 2638 2931 2703 prOpterea
2985 2650 3175 2700 verax,
3239 2650 3355 2704 qua
3411 2652 3531 2688 non
3573 2634 3706 2703 fuit,

2061 2719 2249 2774 Etiam
2270 2726 2327 2774 et
2350 2722 2494 2777 Non.
2520 2722 2742 2776 Deinde
2763 2739 2999 2793 quoque
3022 2723 3168 2777 dicit
3190 2724 3322 2794 quis
3359 2741 3553 2779 sermo
3586 2742 3708 2780 non

2062 2809 2240 2863 fuerit
2260 2810 2448 2864 Etiam
2472 2818 2529 2865 et
2551 2812 2808 2873 Non,sed
2850 2812 3240 2867 inconcussus
3289 2815 3704 2884 permanserit.

2061 2921 2088 2946 ‹‹
2120 2900 2263 2954 Nam
2295 2900 2396 2954 Dei
2428 2901 2631 2958 Filius.
2666 2901 2878 2972 inquit.
2906 2903 3005 2972 qui
3041 2904 3195 2956 inter
3224 2920 3322 2957 vos
3353 2903 3710 2974 prmdicatus

2063 2994 2170 3053 est,
2195 2991 2347 3045 605
2373 3008 2491 3046 non
2516 2992 2833 3047 fuitEtiam
2868 2998 2925 3047 et
2953 2994 3080 3047 Non
3115 3013 3128 3060 ;
3167 3016 3193 3043 »
3255 2994 3364 3048 hoc
3424 3000 3531 3063 est,
3584 3012 3706 3049 non

2059 3093 2218 3131 nunc
2241 3078 2480 3147 quidem
2504 3079 2841 3147 taliter,alio
2857 3096 2994 3135 vero
3013 3086 3277 3152 tempore
3294 3082 3491 3137 taliter
3504 3083 3711 3153 praedi-

2061 3173 2226 3223 catus
2258 3175 2365 3225 est.
2387 3170 2549 3225 «Sed
2566 3170 2753 3225 Etiam
2774 3171 3140 3241 peripsum.»
3159 3174 3275 3227 Hoc
3293 3179 3403 3236 est,
3438 3173 3555 3228 ﬂxa
3573 3178 3711 3227 sunt

2064 3263 2121 3311 et
2150 3256 2503 3313 inconcussa
2530 3276 2661 3329 quas
2694 3259 3012 3331 praedicata
3042 3261 3302 3330 fuerunt,
3338 3262 3616 3317 ducentia
3635 3262 3709 3317 ad

2065 3345 2256 3417 ipsum
2272 3347 2590 3402 Christum.
2617 3349 2937 3419 Propterea
2948 3356 3144 3404 autem
3161 3367 3364 3406 eorum
3383 3350 3717 3407 multitudi-

2063 3452 2198 3490 nem
2234 3442 2503 3491 recenset
2534 3436 2632 3507 qui
2665 3437 3087 3507 praedicarunt,
3145 3439 3387 3494 dicens:
3447 3441 3559 3495 Per
3616 3456 3713 3494 me

2066 3531 2123 3578 et
2149 3525 2448 3580 Silvanum
2480 3542 2547 3581 ac
2578 3526 2989 3593 Timotheum;
3026 3549 3053 3576 »
3114 3545 3474 3600 rursumque
3530 3528 3715 3584 colle-

2066 3614 2229 3677 ctim,
2263 3636 2290 3663 «
2325 3615 2435 3668 Per
2462 3630 2592 3679 nos,
2627 3636 2655 3663 »
2689 3614 2798 3669 hoc
2832 3616 3004 3670 modo
3041 3622 3094 3670 et
3116 3617 3231 3671 ﬁde
3276 3618 3513 3690 dignam
3575 3617 3715 3672 red-

2067 3703 2211 3758 dens
2232 3703 2801 3774 praadicationem,et
2816 3705 3000 3758 animi
3018 3706 3369 3761 modestiam
3386 3706 3669 3761 exhibens
3697 3721 3712 3761 :

2069 3810 2201 3847 cum
2228 3810 2367 3847 suos
2397 3792 2722 3864 discipulos
2753 3794 3055 3848 Silvanum
3088 3812 3155 3849 ac
3184 3797 3555 3850 Timotheum
3616 3813 3712 3850 so-

2068 3882 2190 3936 cios
2223 3880 2367 3935 dicit
2386 3881 2846 3951 praedicationis.
2874 3904 2900 3931 ‹‹
2930 3883 3039 3936 Sed
3060 3883 3248 3937 Etiam
3278 3900 3383 3954 per
3433 3884 3646 3954 ipsum.
3685 3905 3713 3932 »

2065 4001 2133 4010 —
2153 3972 2280 4024 Non
2305 3969 2584 4035 subverti,
2608 3970 2821 4040 inquit,
2848 3987 2977 4041 qua:
3001 3971 3165 4042 prius
3198 3973 3259 4026 in
3294 3972 3715 4043 praedicatione

2070 4060 2356 4124 dixeram,
2390 4074 2585 4128 neque
2618 4075 2776 4112 nunc
2808 4060 3049 4130 quidem
3076 4062 3379 4130 hoc,nunc
3410 4079 3544 4117 vero
3568 4061 3717 4115 illud

2073 4148 2234 4203 vobis
2258 4148 2510 4202 disserui
2539 4164 2550 4200 :
2575 4148 2685 4202 hoc
2710 4148 2868 4202 enim
2892 4166 3011 4203 non
3035 4150 3170 4204 fidei
3219 4157 3329 4219 est,
3366 4152 3469 4207 sed
3500 4151 3717 4206 mentis

2076 4254 2336 4294 erronem
2366 4254 2377 4291 :
2411 4237 2534 4303 sed,
2570 4259 2596 4286 ‹‹
2630 4237 2820 4292 Etiam
2851 4255 2957 4310 per
2988 4238 3181 4309 ipsum
3209 4241 3353 4307 fuit;
3390 4264 3417 4291 »
3463 4242 3575 4296 hoc
3608 4246 3716 4307 est,

2076 4328 2233 4398 quod
2255 4326 2830 4390 dixi,inconcussum
2855 4334 2912 4382 et
2934 4327 3166 4383 firmum
3221 4336 3439 4385 manet.
3475 4353 3502 4379 «
3536 4331 3716 4395 Quot-

2076 4422 2220 4488 quot
2250 4417 2409 4471 enim
2442 4422 2581 4471 sunt
2605 4417 3033 4487 promissiones
3064 4418 3186 4473 Dei.
3225 4442 3250 4467 ››
3309 4419 3373 4473 In
3431 4418 3721 4490 prmdica-

308 4504 613 4581 μελλοντος
643 4507 840 4571 αἰῶνος
896 4475 1069 4580 (basi;
1108 4509 1226 4565 οὖν’
1264 4511 1339 4567 Οὐ
1374 4511 1539 4583 μόνον
1591 4511 1654 4566 16
1708 4513 1954 4587 κήρυγμα

2075 4507 2235 4561 tione
2265 4505 2453 4559 multa
2484 4510 2622 4559 sunt
2678 4506 2991 4576 promissa,
3049 4508 3402 4562 resurrectio
3455 4513 3723 4562 mortuo-

306 4596 391 4651 ἀεὶ
444 4596 700 4659 ὡσαύτως
758 4592 875 4678 ἔχει
927 4620 987 4654 τε
1040 4600 1129 4656 καὶ
1180 4604 1532 4674 κεκήρυκται,
1582 4600 1727 4657 ἀλλᾶ
1770 4602 1858 4656 καὶ
1912 4603 1968 4657 αἱ

305 4683 363 4740 ἰν
392 4686 541 4758 αὐτῷ
572 4686 911 4762 ἐπαγγελίαι.
945 4695 1077 4745 Θεοῦ
1130 4691 1230 4764 γάρ
1299 4690 1452 4745 εἰσιν.
1512 4692 1580 4747 Ἥ
1642 4690 1966 4765 ἐπαγγελίας

305 4773 439 4830 αὐτὸ
464 4776 525 4831 τὸ
555 4779 810 4853 κήρυγμα
862 4776 1027 4853 λέγει.
1088 4780 1147 4836 Ὀ
1202 4781 1302 4853 γαρ
1355 4776 1651 4850 σόνδεσμος
1712 4781 1761 4845 ὁ,
1839 4782 1965 4856 γάρ,

312 4868 484 4919 τοῦτο
517 4864 704 4936 δηλοῖ.
744 4866 1027 4940 ΙΙρὸπαλαι
1057 4868 1159 4943 γὰρ
1192 4871 1225 4937 ἡ
1279 4868 1355 4932 εἶς
1388 4868 1619 4940 Χριστὸν
1648 4869 1827 4930 πίστις
1872 4867 1964 4923 ἐπ-

313 4954 576 5027 ⁵ἤγγελτο.
611 4979 640 5007 ‹‹
674 4957 763 5012 Ἐν
802 4957 948 5028 αὐτῷ
1004 4958 1063 5011 τὸ
1116 4959 1244 5015 Ναί.
1312 4983 1337 5008 ››
1394 4960 1551 5015 ’Ὅσαι
1600 4958 1723 5033 γὰρ,
1783 4958 1963 5037 sqcf,“

315 5041 647 5120 ἐπαγγελίαι
681 5050 814 5100 Θεοῦ
847 5046 897 5099 ἐν
932 5046 1079 5118 αῦτῷ
1108 5051 1187 5118 τῷ
1245 5052 1382 5119 Θεῷ,
1443 5047 1689 5102 τουτέστι
1753 5045 1821 5100 δι’
1872 5046 1963 5100 αὐ-

309 5137 411 5187 τοῦ
439 5137 535 5187 τοῦ
568 5138 721 5202 Θεοῦ,
756 5136 816 5189 τὸ
851 5159 879 5186 ι(
906 5135 999 5189 Ναὶ
1035 5136 1122 5189 καὶ
1156 5139 1218 5189 τὸ
1245 5138 1420 5207 Ἀμὴν
1456 5134 1643 5210 ἔχουσι
1700 5161 1726 5188 ››
1762 5137 1836 5190 Τὸ
1859 5136 1961 5213 γὰρ

308 5220 658 5295 πληροῦσθαι
689 5222 939 5300 ἔχουσαι,
970 5226 1055 5291 τό,
1093 5249 1120 5277 ‹‹
1153 5225 1252 5280 Ναὶ
1284 5225 1464 5279 καὶτὸ
1508 5227 1685 5297 Ἀμὴν
1744 5219 1963 5299 ἔχουσν

306 5312 386 5372 εἷς
420 5312 480 5365 τὸ
511 5311 756 5386 γενέσθαι
791 5312 945 5384 δόξαν
978 5320 1055 5385 τῷ
1087 5319 1203 5387 Θεῷ
1238 5312 1302 5368 δι’
1336 5318 1519 5386 ἡμῶν.
1556 5338 1584 5365 ››
1640 5316 1707 5371 Ἢ
1767 5315 1958 5376 οὕτως.

303 5404 470 5459 ’Όσαι
497 5403 599 5477 γὰρ
632 5403 952 5479 ἐπαγγελία.
982 5408 1139 5473 Θεοῦ,
1171 5402 1222 5457 ἐν
1259 5404 1410 5475 αὐτῷ
1440 5398 1650 5479 ἔχουσι.
1692 5429 1718 5455 ‹‹
1751 5406 1813 5459 τὸ
1860 5406 1959 5461 Ναὶ

303 5493 489 5548 καὶτὸ
520 5494 696 5565 Ἀμὴν
726 5490 798 5547 δι’
826 5494 1012 5568 ἡμῶν,
1049 5517 1077 5546 ››
1127 5493 1255 5549 ὢσεί
1298 5486 1498 5569 ἔλεγενο
1536 5493 1711 5557 Αὐτὸς
1757 5494 1852 5567 μὶν
1900 5494 1962 5548 τὸ

386 5693 429 5733 ’⁸
457 5693 583 5751 Act.
616 5709 715 5748 xxv
746 5708 911 5769 seqq.

2077 4613 2233 4663 rum,
2267 4595 2525 4666 adoptio.
2561 4610 2695 4665 spes
2726 4594 2907 4649 futuri
2942 4596 3159 4651 smculi.
3194 4597 3290 4651 Ait
3348 4613 3483 4670 ergo
3520 4614 3533 4651 :
3594 4598 3719 4651 Non

2079 4685 2269 4740 solum
2293 4684 2634 4756 praedicatio
2658 4700 2894 4755 semper
2915 4686 3121 4740 eodem
3146 4685 3318 4740 modo
3345 4703 3405 4741 se
3442 4686 3620 4741 habet
3651 4702 3719 4741 ac

2077 4774 2397 4845 pas-dicata
2420 4780 2526 4830 est.
2549 4772 2652 4827 sed
2678 4774 2851 4828 etiam
2869 4775 3296 4845 promissiones
3321 4793 3450 4847 qua:
3498 4776 3556 4830 in
3591 4776 3721 4847 ipsa

2078 4872 2240 4919 sunt:
2267 4864 2369 4919 Dei
2393 4864 2549 4918 enim
2575 4869 2731 4917 sunt.
2756 4866 2871 4917 Aut
2890 4865 3315 4934 promissiones
3332 4867 3477 4922 dicit
3526 4866 3715 4937 ipsam

2076 4955 2582 5025 praedicationem,
2643 4970 2779 5007 nam
2840 4955 2949 5009 hoc
3007 4956 3302 5027 significat
3375 4958 3719 5029 conjunctio

2076 5048 2237 5099 enim.
2276 5043 2574 5113 Siquidem
2611 5044 2795 5097 multo
2826 5052 2961 5099 ante
2993 5051 3257 5117 tempore
3290 5046 3437 5102 lides
3470 5049 3527 5101 in
3560 5046 3724 5100 Chri-

2078 5140 2234 5188 stum
2267 5132 2559 5203 promissa
2591 5138 2680 5185 est
2731 5156 2757 5181 ‹‹
2792 5135 2903 5186 Per
2933 5134 3126 5204 ipsum
3150 5135 3410 5190 Etiam.»
3438 5137 3721 5199 Quaecun-

2077 5240 2189 5293 que
2220 5221 2647 5293 promissiones
2704 5222 2827 5290 Dei,
2889 5223 3079 5277 Etiam
3137 5230 3195 5278 et
3248 5227 3436 5278 Amen
3497 5223 3721 5277 habent

2073 5329 2178 5383 per
2208 5312 2398 5382 ipsum
2433 5311 2616 5364 Deum
2677 5312 2819 5365 Nam
2880 5307 2934 5364 ἐν
2992 5309 3137 5382 αὖτῷ
3196 5312 3426 5384 capitur
3487 5330 3591 5385 pro
3652 5308 3721 5364 δι’

2072 5400 2255 5467 αὐτοῦ,
2292 5400 2349 5454 id
2383 5406 2489 5465 est,
2522 5403 2586 5455 1n
2627 5403 2764 5470 ipso.
2797 5418 2901 5472 pro
2953 5404 3057 5456 Per
3108 5404 3306 5473 ipsum.
3370 5405 3514 5459 Cum
3564 5403 3724 5458 enim

2072 5491 2467 5563 complentur,
2500 5488 2721 5545 habent
2752 5514 2777 5540 «
2811 5490 3000 5547 Etiam
3024 5497 3082 5546 et
3105 5494 3319 5563 Amen,
3345 5516 3374 5545 η
3399 5493 3462 5550 in
3494 5493 3604 5550 hoc
3661 5497 3728 5549 ut
