  <div class='ocr_page' id='page_1' title='image "/cluster/home/n/w/nwhite01/storage/ocr_20150623/118/mdp.39015078384297/473.png"; bbox 0 0 4068 6254; ppageno 0'>
   <div class='ocr_carea' id='block_1_1' title="bbox 386 404 499 464">
    <p class='ocr_par' dir='ltr' id='par_1_1' title="bbox 386 404 499 464">
     <span class='ocr_line' id='line_1_1' title="bbox 386 404 499 464; baseline -0.009 0"><span class='ocrx_word' id='word_1_1' title='bbox 386 404 499 464; x_wconf 80' lang='grc'>931</span> 
     </span>
    </p>
   </div>
   <div class='ocr_carea' id='block_1_2' title="bbox 1506 395 2671 459">
    <p class='ocr_par' dir='ltr' id='par_1_2' title="bbox 1506 395 2671 459">
     <span class='ocr_line' id='line_1_2' title="bbox 1506 395 2671 459; baseline -0.002 0"><span class='ocrx_word' id='word_1_2' title='bbox 1506 396 1933 459; x_wconf 74' lang='grc' dir='ltr'>(ΕΟΟΜΕΝΙΙ</span> <span class='ocrx_word' id='word_1_3' title='bbox 1978 395 2282 457; x_wconf 64' lang='grc' dir='ltr'>ΤΜΕΕΕ</span> <span class='ocrx_word' id='word_1_4' title='bbox 2327 396 2671 459; x_wconf 84' lang='lat' dir='ltr'>EPlSOOPI</span> 
     </span>
    </p>
   </div>
   <div class='ocr_carea' id='block_1_3' title="bbox 3710 390 3834 451">
    <p class='ocr_par' dir='ltr' id='par_1_3' title="bbox 3710 390 3834 451">
     <span class='ocr_line' id='line_1_3' title="bbox 3710 390 3834 451; baseline -0.016 0"><span class='ocrx_word' id='word_1_5' title='bbox 3710 390 3834 451; x_wconf 66' lang='lat'>933</span> 
     </span>
    </p>
   </div>
   <div class='ocr_carea' id='block_1_4' title="bbox 388 518 2035 622">
    <p class='ocr_par' dir='ltr' id='par_1_4' title="bbox 388 530 2035 607">
     <span class='ocr_line' id='line_1_4' title="bbox 388 530 2035 607; baseline -0.004 -18"><span class='ocrx_word' id='word_1_6' title='bbox 388 550 494 607; x_wconf 90' lang='lat' dir='ltr'>per</span> <span class='ocrx_word' id='word_1_7' title='bbox 517 551 628 589; x_wconf 89' lang='lat' dir='ltr'>nos</span> <span class='ocrx_word' id='word_1_8' title='bbox 660 532 759 587; x_wconf 71' lang='lat' dir='ltr'>Dei</span> <span class='ocrx_word' id='word_1_9' title='bbox 792 531 980 603; x_wconf 79' lang='lat' dir='ltr'>gloria</span> <span class='ocrx_word' id='word_1_10' title='bbox 1008 535 1312 603; x_wconf 80' lang='lat' dir='ltr'>augeatur.</span> <span class='ocrx_word' id='word_1_11' title='bbox 1347 530 1451 584; x_wconf 82' lang='lat' dir='ltr'>Aut</span> <span class='ocrx_word' id='word_1_12' title='bbox 1482 530 1582 584; x_wconf 83' lang='lat' dir='ltr'>hoc</span> <span class='ocrx_word' id='word_1_13' title='bbox 1614 531 1788 584; x_wconf 86' lang='lat' dir='ltr'>modo.</span> <span class='ocrx_word' id='word_1_14' title='bbox 1853 531 2035 595; x_wconf 88' lang='lat' dir='ltr'>Quot-</span> 
     </span>
    </p>
   </div>
   <div class='ocr_carea' id='block_1_5' title="bbox 2145 518 3840 622">
    <p class='ocr_par' dir='ltr' id='par_1_5' title="bbox 2150 518 3840 622">
     <span class='ocr_line' id='line_1_5' title="bbox 2150 518 3840 622; baseline -0.004 -39"><span class='ocrx_word' id='word_1_15' title='bbox 2150 528 2254 583; x_wconf 71' lang='grc' dir='ltr'>Ναὶ</span> <span class='ocrx_word' id='word_1_16' title='bbox 2284 533 2403 592; x_wconf 87' lang='grc' dir='ltr'>ταῖς</span> <span class='ocrx_word' id='word_1_17' title='bbox 2435 527 2661 591; x_wconf 74' lang='grc' dir='ltr'>οἰκείαις</span> <span class='ocrx_word' id='word_1_18' title='bbox 2686 523 2907 581; x_wconf 75' lang='grc' dir='ltr'>δίδωσιν</span> <span class='ocrx_word' id='word_1_19' title='bbox 2968 522 3335 599; x_wconf 71' lang='grc' dir='ltr'>ἐπαγγελίαις,</span> <span class='ocrx_word' id='word_1_20' title='bbox 3386 520 3469 577; x_wconf 80' lang='grc' dir='ltr'>δι’</span> <span class='ocrx_word' id='word_1_21' title='bbox 3552 524 3725 622; x_wconf 39' lang='grc' dir='ltr'>ἡμᾷῶν</span> <span class='ocrx_word' id='word_1_22' title='bbox 3781 518 3840 576; x_wconf 71' lang='grc' dir='ltr'>δὶ</span> 
     </span>
    </p>
   </div>
   <div class='ocr_carea' id='block_1_6' title="bbox 393 618 2037 694">
    <p class='ocr_par' dir='ltr' id='par_1_6' title="bbox 393 618 2037 694">
     <span class='ocr_line' id='line_1_6' title="bbox 393 618 2037 694; baseline -0.003 -17"><span class='ocrx_word' id='word_1_23' title='bbox 393 629 538 694; x_wconf 89' lang='lat' dir='ltr'>quot</span> <span class='ocrx_word' id='word_1_24' title='bbox 577 622 733 676; x_wconf 90' lang='lat' dir='ltr'>enim</span> <span class='ocrx_word' id='word_1_25' title='bbox 767 620 1193 691; x_wconf 85' lang='lat' dir='ltr'>promissiones</span> <span class='ocrx_word' id='word_1_26' title='bbox 1223 618 1325 674; x_wconf 88' lang='lat' dir='ltr'>Dei</span> <span class='ocrx_word' id='word_1_27' title='bbox 1359 625 1519 684; x_wconf 89' lang='lat' dir='ltr'>sunt,</span> <span class='ocrx_word' id='word_1_28' title='bbox 1555 635 1663 690; x_wconf 85' lang='lat' dir='ltr'>per</span> <span class='ocrx_word' id='word_1_29' title='bbox 1691 620 1887 691; x_wconf 89' lang='lat' dir='ltr'>ipsum</span> <span class='ocrx_word' id='word_1_30' title='bbox 1934 618 2037 672; x_wconf 88' lang='lat' dir='ltr'>ha-</span> 
     </span>
    </p>
   </div>
   <div class='ocr_carea' id='block_1_7' title="bbox 383 707 2038 780">
    <p class='ocr_par' dir='ltr' id='par_1_7' title="bbox 383 707 2038 780">
     <span class='ocr_line' id='line_1_7' title="bbox 383 707 2038 780; baseline -0.004 -13"><span class='ocrx_word' id='word_1_31' title='bbox 383 712 529 767; x_wconf 85' lang='lat' dir='ltr'>bent</span> <span class='ocrx_word' id='word_1_32' title='bbox 559 733 588 761; x_wconf 83' lang='grc'>‹‹</span> <span class='ocrx_word' id='word_1_33' title='bbox 622 712 831 766; x_wconf 82' lang='lat' dir='ltr'>Etiam.</span> <span class='ocrx_word' id='word_1_34' title='bbox 868 716 927 764; x_wconf 91' lang='lat' dir='ltr'>et</span> <span class='ocrx_word' id='word_1_35' title='bbox 954 712 1142 765; x_wconf 84' lang='lat' dir='ltr'>Amen</span> <span class='ocrx_word' id='word_1_36' title='bbox 1175 726 1281 780; x_wconf 88' lang='lat' dir='ltr'>per</span> <span class='ocrx_word' id='word_1_37' title='bbox 1311 725 1442 775; x_wconf 92' lang='lat' dir='ltr'>nos,</span> <span class='ocrx_word' id='word_1_38' title='bbox 1477 731 1504 758; x_wconf 74' lang='grc' dir='ltr'>υ</span> <span class='ocrx_word' id='word_1_39' title='bbox 1538 725 1603 763; x_wconf 85' lang='lat' dir='ltr'>ac</span> <span class='ocrx_word' id='word_1_40' title='bbox 1669 708 1714 762; x_wconf 85' lang='lat' dir='ltr'>si</span> <span class='ocrx_word' id='word_1_41' title='bbox 1766 707 1993 763; x_wconf 90' lang='lat' dir='ltr'>diceret</span> <span class='ocrx_word' id='word_1_42' title='bbox 2025 722 2038 761; x_wconf 92' lang='lat'><strong>:</strong></span> 
     </span>
    </p>
   </div>
   <div class='ocr_carea' id='block_1_8' title="bbox 387 797 2045 872">
    <p class='ocr_par' dir='ltr' id='par_1_8' title="bbox 387 797 2045 872">
     <span class='ocr_line' id='line_1_8' title="bbox 387 797 2045 872; baseline -0.004 -15"><span class='ocrx_word' id='word_1_43' title='bbox 387 802 518 872; x_wconf 88' lang='lat' dir='ltr'>lpse</span> <span class='ocrx_word' id='word_1_44' title='bbox 551 800 791 871; x_wconf 87' lang='lat' dir='ltr'>quidem</span> <span class='ocrx_word' id='word_1_45' title='bbox 829 800 951 854; x_wconf 87' lang='lat' dir='ltr'>suis</span> <span class='ocrx_word' id='word_1_46' title='bbox 985 798 1481 869; x_wconf 89' lang='lat' dir='ltr'>promissionibus</span> <span class='ocrx_word' id='word_1_47' title='bbox 1513 797 1613 852; x_wconf 86' lang='lat' dir='ltr'>dat</span> <span class='ocrx_word' id='word_1_48' title='bbox 1637 798 1825 852; x_wconf 88' lang='lat' dir='ltr'>Etiam</span> <span class='ocrx_word' id='word_1_49' title='bbox 1864 812 1877 851; x_wconf 88' lang='lat'><strong>:</strong></span> <span class='ocrx_word' id='word_1_50' title='bbox 1938 812 2045 869; x_wconf 88' lang='lat' dir='ltr'>per</span> 
     </span>
    </p>
   </div>
   <div class='ocr_carea' id='block_1_9' title="bbox 383 886 2045 959">
    <p class='ocr_par' dir='ltr' id='par_1_9' title="bbox 383 886 2045 959">
     <span class='ocr_line' id='line_1_9' title="bbox 383 886 2045 959; baseline -0.002 -15"><span class='ocrx_word' id='word_1_51' title='bbox 383 907 491 945; x_wconf 88' lang='lat' dir='ltr'>nos</span> <span class='ocrx_word' id='word_1_52' title='bbox 517 896 718 945; x_wconf 90' lang='lat' dir='ltr'>autem</span> <span class='ocrx_word' id='word_1_53' title='bbox 748 890 857 943; x_wconf 85' lang='lat' dir='ltr'>hoc</span> <span class='ocrx_word' id='word_1_54' title='bbox 887 888 1051 955; x_wconf 83' lang='lat' dir='ltr'>facit,</span> <span class='ocrx_word' id='word_1_55' title='bbox 1078 894 1143 942; x_wconf 90' lang='lat' dir='ltr'>ut</span> <span class='ocrx_word' id='word_1_56' title='bbox 1159 887 1525 959; x_wconf 77' lang='lat' dir='ltr'>gloriﬁcetur</span> <span class='ocrx_word' id='word_1_57' title='bbox 1548 888 1724 955; x_wconf 85' lang='lat' dir='ltr'><strong>Deus,</strong></span> <span class='ocrx_word' id='word_1_58' title='bbox 1750 886 1907 955; x_wconf 89' lang='lat' dir='ltr'>quod</span> <span class='ocrx_word' id='word_1_59' title='bbox 1937 902 2045 957; x_wconf 88' lang='lat' dir='ltr'>per</span> 
     </span>
    </p>
   </div>
   <div class='ocr_carea' id='block_1_10' title="bbox 396 976 1092 1033">
    <p class='ocr_par' dir='ltr' id='par_1_10' title="bbox 396 976 1092 1033">
     <span class='ocr_line' id='line_1_10' title="bbox 396 976 1092 1033; baseline -0.003 0"><span class='ocrx_word' id='word_1_60' title='bbox 396 978 671 1033; x_wconf 83' lang='lat' dir='ltr'>homines</span> <span class='ocrx_word' id='word_1_61' title='bbox 705 982 867 1031; x_wconf 84' lang='lat' dir='ltr'>tanta</span> <span class='ocrx_word' id='word_1_62' title='bbox 897 976 1092 1032; x_wconf 80' lang='lat' dir='ltr'>faciat.</span> 
     </span>
    </p>
   </div>
   <div class='ocr_carea' id='block_1_11' title="bbox 460 1066 2044 1137">
    <p class='ocr_par' dir='ltr' id='par_1_11' title="bbox 460 1066 2044 1137">
     <span class='ocr_line' id='line_1_11' title="bbox 460 1066 2044 1137; baseline -0.001 -16"><span class='ocrx_word' id='word_1_63' title='bbox 460 1069 502 1133; x_wconf 87' lang='grc' dir='ltr'>Ι,</span> <span class='ocrx_word' id='word_1_64' title='bbox 537 1071 594 1120; x_wconf 84' lang='lat'>2|</span> <span class='ocrx_word' id='word_1_65' title='bbox 637 1068 725 1121; x_wconf 85' lang='lat'>23.</span> <span class='ocrx_word' id='word_1_66' title='bbox 764 1068 934 1121; x_wconf 88' lang='lat' dir='ltr'>Porro</span> <span class='ocrx_word' id='word_1_67' title='bbox 961 1069 1059 1136; x_wconf 83' lang='lat' dir='ltr'>qui</span> <span class='ocrx_word' id='word_1_68' title='bbox 1116 1066 1405 1137; x_wconf 82' lang='lat' dir='ltr'>conﬁrmat</span> <span class='ocrx_word' id='word_1_69' title='bbox 1463 1081 1559 1122; x_wconf 90' lang='lat' dir='ltr'>nos</span> <span class='ocrx_word' id='word_1_70' title='bbox 1610 1082 1723 1121; x_wconf 89' lang='lat' dir='ltr'>una</span> <span class='ocrx_word' id='word_1_71' title='bbox 1761 1066 2044 1121; x_wconf 85' lang='lat' dir='ltr'>nobiscum</span> 
     </span>
    </p>
   </div>
   <div class='ocr_carea' id='block_1_12' title="bbox 390 1154 2038 1226">
    <p class='ocr_par' dir='ltr' id='par_1_12' title="bbox 390 1154 2038 1226">
     <span class='ocr_line' id='line_1_12' title="bbox 390 1154 2038 1226; baseline -0.001 -15"><span class='ocrx_word' id='word_1_72' title='bbox 390 1161 445 1211; x_wconf 86' lang='lat' dir='ltr'>in</span> <span class='ocrx_word' id='word_1_73' title='bbox 474 1157 769 1223; x_wconf 80' lang='lat' dir='ltr'>Christum,</span> <span class='ocrx_word' id='word_1_74' title='bbox 802 1168 851 1210; x_wconf 84' lang='lat' dir='ltr'>et</span> <span class='ocrx_word' id='word_1_75' title='bbox 881 1158 981 1226; x_wconf 89' lang='lat' dir='ltr'>qui</span> <span class='ocrx_word' id='word_1_76' title='bbox 1009 1158 1173 1210; x_wconf 66' lang='lat' dir='ltr'>unxit</span> <span class='ocrx_word' id='word_1_77' title='bbox 1211 1171 1329 1219; x_wconf 89' lang='lat' dir='ltr'>nos,</span> <span class='ocrx_word' id='word_1_78' title='bbox 1365 1156 1521 1221; x_wconf 86' lang='lat' dir='ltr'>Deus,</span> <span class='ocrx_word' id='word_1_79' title='bbox 1582 1157 1681 1226; x_wconf 89' lang='lat' dir='ltr'>qui</span> <span class='ocrx_word' id='word_1_80' title='bbox 1739 1158 1902 1210; x_wconf 89' lang='lat' dir='ltr'>etiam</span> <span class='ocrx_word' id='word_1_81' title='bbox 1945 1154 2038 1208; x_wconf 88' lang='lat' dir='ltr'>ob-</span> 
     </span>
    </p>
   </div>
   <div class='ocr_carea' id='block_1_13' title="bbox 389 1244 2041 1315">
    <p class='ocr_par' dir='ltr' id='par_1_13' title="bbox 389 1244 2041 1315">
     <span class='ocr_line' id='line_1_13' title="bbox 389 1244 2041 1315; baseline -0.002 -14"><span class='ocrx_word' id='word_1_82' title='bbox 389 1247 631 1315; x_wconf 67' lang='lat' dir='ltr'>signavit</span> <span class='ocrx_word' id='word_1_83' title='bbox 664 1260 778 1309; x_wconf 86' lang='lat' dir='ltr'>nos,</span> <span class='ocrx_word' id='word_1_84' title='bbox 814 1244 1071 1315; x_wconf 82' lang='lat' dir='ltr'>deditque</span> <span class='ocrx_word' id='word_1_85' title='bbox 1118 1245 1343 1299; x_wconf 77' lang='lat' dir='ltr'>arrham</span> <span class='ocrx_word' id='word_1_86' title='bbox 1384 1245 1625 1314; x_wconf 79' lang='lat' dir='ltr'>Spiritus</span> <span class='ocrx_word' id='word_1_87' title='bbox 1676 1246 1734 1299; x_wconf 88' lang='lat' dir='ltr'>in</span> <span class='ocrx_word' id='word_1_88' title='bbox 1792 1244 2041 1299; x_wconf 80' lang='lat' dir='ltr'>cordibus</span> 
     </span>
    </p>
   </div>
   <div class='ocr_carea' id='block_1_14' title="bbox 389 1335 2041 1403">
    <p class='ocr_par' dir='ltr' id='par_1_14' title="bbox 389 1335 2041 1403">
     <span class='ocr_line' id='line_1_14' title="bbox 389 1335 2041 1403; baseline -0.001 -14"><span class='ocrx_word' id='word_1_89' title='bbox 389 1336 611 1390; x_wconf 80' lang='lat' dir='ltr'>nostris.</span> <span class='ocrx_word' id='word_1_90' title='bbox 642 1335 751 1403; x_wconf 83' lang='lat' dir='ltr'>Ego</span> <span class='ocrx_word' id='word_1_91' title='bbox 779 1350 905 1389; x_wconf 76' lang='lat' dir='ltr'>vero</span> <span class='ocrx_word' id='word_1_92' title='bbox 963 1341 1150 1389; x_wconf 86' lang='lat' dir='ltr'>testem</span> <span class='ocrx_word' id='word_1_93' title='bbox 1206 1335 1398 1388; x_wconf 86' lang='lat' dir='ltr'>invoco</span> <span class='ocrx_word' id='word_1_94' title='bbox 1456 1336 1621 1388; x_wconf 85' lang='lat' dir='ltr'>Deum</span> <span class='ocrx_word' id='word_1_95' title='bbox 1680 1336 1736 1388; x_wconf 89' lang='lat' dir='ltr'>in</span> <span class='ocrx_word' id='word_1_96' title='bbox 1797 1335 2041 1388; x_wconf 89' lang='lat' dir='ltr'>animam</span> 
     </span>
    </p>
   </div>
   <div class='ocr_carea' id='block_1_15' title="bbox 386 1423 2040 1493">
    <p class='ocr_par' dir='ltr' id='par_1_15' title="bbox 386 1423 2040 1493">
     <span class='ocr_line' id='line_1_15' title="bbox 386 1423 2040 1493; baseline 0 -15"><span class='ocrx_word' id='word_1_97' title='bbox 386 1440 577 1488; x_wconf 82' lang='lat' dir='ltr'>meam,</span> <span class='ocrx_word' id='word_1_98' title='bbox 620 1424 768 1493; x_wconf 89' lang='lat' dir='ltr'>quod</span> <span class='ocrx_word' id='word_1_99' title='bbox 789 1439 1024 1493; x_wconf 81' lang='lat' dir='ltr'>parcens</span> <span class='ocrx_word' id='word_1_100' title='bbox 1054 1424 1203 1479; x_wconf 81' lang='lat' dir='ltr'>vobis</span> <span class='ocrx_word' id='word_1_101' title='bbox 1241 1424 1485 1478; x_wconf 86' lang='lat' dir='ltr'>nondum</span> <span class='ocrx_word' id='word_1_102' title='bbox 1536 1423 1783 1478; x_wconf 81' lang='lat' dir='ltr'>venerim</span> <span class='ocrx_word' id='word_1_103' title='bbox 1840 1424 2040 1478; x_wconf 80' lang='lat' dir='ltr'>Corin-</span> 
     </span>
    </p>
   </div>
   <div class='ocr_carea' id='block_1_16' title="bbox 384 1511 2044 1583">
    <p class='ocr_par' dir='ltr' id='par_1_16' title="bbox 384 1511 2044 1583">
     <span class='ocr_line' id='line_1_16' title="bbox 384 1511 2044 1583; baseline 0 -17"><span class='ocrx_word' id='word_1_104' title='bbox 384 1513 538 1567; x_wconf 72' lang='lat' dir='ltr'>thun</span> <span class='ocrx_word' id='word_1_105' title='bbox 573 1528 586 1565; x_wconf 86' lang='lat'><strong>:</strong></span> <span class='ocrx_word' id='word_1_106' title='bbox 620 1528 727 1565; x_wconf 86' lang='lat' dir='ltr'>non</span> <span class='ocrx_word' id='word_1_107' title='bbox 757 1511 906 1581; x_wconf 90' lang='lat' dir='ltr'>quod</span> <span class='ocrx_word' id='word_1_108' title='bbox 933 1512 1276 1566; x_wconf 84' lang='lat' dir='ltr'>dominemur</span> <span class='ocrx_word' id='word_1_109' title='bbox 1298 1511 1430 1581; x_wconf 76' lang='lat' dir='ltr'>ﬁdei</span> <span class='ocrx_word' id='word_1_110' title='bbox 1461 1519 1679 1577; x_wconf 72' lang='lat' dir='ltr'>vestrae,</span> <span class='ocrx_word' id='word_1_111' title='bbox 1735 1512 1831 1567; x_wconf 88' lang='lat' dir='ltr'>sed</span> <span class='ocrx_word' id='word_1_112' title='bbox 1884 1513 2044 1583; x_wconf 85' lang='lat' dir='ltr'>adju-</span> 
     </span>
    </p>
   </div>
   <div class='ocr_carea' id='block_1_17' title="bbox 389 1599 1679 1670">
    <p class='ocr_par' dir='ltr' id='par_1_17' title="bbox 389 1599 1679 1670">
     <span class='ocr_line' id='line_1_17' title="bbox 389 1599 1679 1670; baseline -0.001 -14"><span class='ocrx_word' id='word_1_113' title='bbox 389 1610 529 1656; x_wconf 85' lang='lat' dir='ltr'>tores</span> <span class='ocrx_word' id='word_1_114' title='bbox 558 1615 743 1655; x_wconf 88' lang='lat' dir='ltr'>sumus</span> <span class='ocrx_word' id='word_1_115' title='bbox 771 1599 970 1670; x_wconf 82' lang='lat' dir='ltr'>gaudii</span> <span class='ocrx_word' id='word_1_116' title='bbox 998 1603 1183 1656; x_wconf 72' lang='lat' dir='ltr'>vestri.</span> <span class='ocrx_word' id='word_1_117' title='bbox 1214 1602 1350 1654; x_wconf 80' lang='lat' dir='ltr'>Nam</span> <span class='ocrx_word' id='word_1_118' title='bbox 1378 1601 1485 1669; x_wconf 84' lang='lat' dir='ltr'>ﬁde</span> <span class='ocrx_word' id='word_1_119' title='bbox 1505 1603 1679 1656; x_wconf 83' lang='lat' dir='ltr'>statis.</span> 
     </span>
    </p>
   </div>
   <div class='ocr_carea' id='block_1_18' title="bbox 459 1689 2041 1762">
    <p class='ocr_par' dir='ltr' id='par_1_18' title="bbox 459 1689 2041 1762">
     <span class='ocr_line' id='line_1_18' title="bbox 459 1689 2041 1762; baseline -0.001 -16"><span class='ocrx_word' id='word_1_120' title='bbox 459 1691 613 1746; x_wconf 76' lang='lat'>006</span> <span class='ocrx_word' id='word_1_121' title='bbox 637 1690 927 1755; x_wconf 85' lang='lat' dir='ltr'>Quoniam</span> <span class='ocrx_word' id='word_1_122' title='bbox 967 1689 1143 1744; x_wconf 81' lang='lat' dir='ltr'>dixit:</span> <span class='ocrx_word' id='word_1_123' title='bbox 1194 1692 1305 1743; x_wconf 92' lang='lat' dir='ltr'>Per</span> <span class='ocrx_word' id='word_1_124' title='bbox 1352 1706 1461 1744; x_wconf 90' lang='lat' dir='ltr'>nos</span> <span class='ocrx_word' id='word_1_125' title='bbox 1506 1690 1881 1762; x_wconf 86' lang='lat' dir='ltr'>complentur</span> <span class='ocrx_word' id='word_1_126' title='bbox 1911 1706 2041 1761; x_wconf 54' lang='lat' dir='ltr'>pro-</span> 
     </span>
    </p>
   </div>
   <div class='ocr_carea' id='block_1_19' title="bbox 389 1776 2039 1849">
    <p class='ocr_par' dir='ltr' id='par_1_19' title="bbox 389 1776 2039 1849">
     <span class='ocr_line' id='line_1_19' title="bbox 389 1776 2039 1849; baseline -0.001 -14"><span class='ocrx_word' id='word_1_127' title='bbox 389 1779 724 1846; x_wconf 77' lang='lat' dir='ltr'>missiones,</span> <span class='ocrx_word' id='word_1_128' title='bbox 760 1779 1185 1849; x_wconf 83' lang='lat' dir='ltr'>interpretatur</span> <span class='ocrx_word' id='word_1_129' title='bbox 1215 1776 1382 1845; x_wconf 87' lang='lat' dir='ltr'>illud,</span> <span class='ocrx_word' id='word_1_130' title='bbox 1433 1784 1491 1832; x_wconf 94' lang='lat' dir='ltr'>et</span> <span class='ocrx_word' id='word_1_131' title='bbox 1547 1780 1676 1833; x_wconf 87' lang='lat' dir='ltr'>ait:</span> <span class='ocrx_word' id='word_1_132' title='bbox 1736 1780 2039 1849; x_wconf 83' lang='lat' dir='ltr'>Tanquam</span> 
     </span>
    </p>
   </div>
   <div class='ocr_carea' id='block_1_20' title="bbox 382 1867 2114 1971">
    <p class='ocr_par' dir='ltr' id='par_1_20' title="bbox 382 1867 2114 1971">
     <span class='ocr_line' id='line_1_20' title="bbox 382 1867 2114 1971; baseline -0.001 -48"><span class='ocrx_word' id='word_1_133' title='bbox 382 1886 486 1940; x_wconf 84' lang='lat' dir='ltr'>per</span> <span class='ocrx_word' id='word_1_134' title='bbox 508 1884 614 1923; x_wconf 91' lang='lat' dir='ltr'>nos</span> <span class='ocrx_word' id='word_1_135' title='bbox 642 1868 885 1938; x_wconf 85' lang='lat' dir='ltr'>quidem</span> <span class='ocrx_word' id='word_1_136' title='bbox 910 1868 1009 1937; x_wconf 89' lang='lat' dir='ltr'>qui</span> <span class='ocrx_word' id='word_1_137' title='bbox 1041 1867 1295 1921; x_wconf 84' lang='lat' dir='ltr'>ministri</span> <span class='ocrx_word' id='word_1_138' title='bbox 1322 1882 1549 1933; x_wconf 88' lang='lat' dir='ltr'>sumus,</span> <span class='ocrx_word' id='word_1_139' title='bbox 1594 1867 1754 1931; x_wconf 87' lang='lat' dir='ltr'>facit,</span> <span class='ocrx_word' id='word_1_140' title='bbox 1800 1868 1925 1939; x_wconf 91' lang='lat' dir='ltr'>ipse</span> <span class='ocrx_word' id='word_1_141' title='bbox 1957 1873 2039 1922; x_wconf 85' lang='lat' dir='ltr'>ta—</span> <span class='ocrx_word' id='word_1_142' title='bbox 2068 1907 2114 1971; x_wconf 77' lang='grc' dir='ltr'><strong>Β</strong></span> 
     </span>
    </p>
   </div>
   <div class='ocr_carea' id='block_1_21' title="bbox 383 1955 2034 2028">
    <p class='ocr_par' dir='ltr' id='par_1_21' title="bbox 383 1955 2034 2028">
     <span class='ocr_line' id='line_1_21' title="bbox 383 1955 2034 2028; baseline 0 -18"><span class='ocrx_word' id='word_1_143' title='bbox 383 1973 520 2011; x_wconf 78' lang='lat' dir='ltr'>men</span> <span class='ocrx_word' id='word_1_144' title='bbox 553 1959 749 2022; x_wconf 84' lang='lat' dir='ltr'>Pater,</span> <span class='ocrx_word' id='word_1_145' title='bbox 781 1979 808 2006; x_wconf 82' lang='lat'><strong><em>«</em></strong></span> <span class='ocrx_word' id='word_1_146' title='bbox 842 1956 950 2020; x_wconf 91' lang='lat' dir='ltr'>Qui</span> <span class='ocrx_word' id='word_1_147' title='bbox 982 1955 1297 2010; x_wconf 78' lang='lat' dir='ltr'>confirmat</span> <span class='ocrx_word' id='word_1_148' title='bbox 1329 1972 1457 2021; x_wconf 89' lang='lat' dir='ltr'>nos,</span> <span class='ocrx_word' id='word_1_149' title='bbox 1493 1977 1521 2005; x_wconf 90' lang='grc'>››</span> <span class='ocrx_word' id='word_1_150' title='bbox 1582 1962 1641 2012; x_wconf 90' lang='lat' dir='ltr'>et</span> <span class='ocrx_word' id='word_1_151' title='bbox 1687 1956 1789 2028; x_wconf 90' lang='lat' dir='ltr'>qui</span> <span class='ocrx_word' id='word_1_152' title='bbox 1849 1955 2034 2025; x_wconf 77' lang='lat' dir='ltr'>dedit,</span> 
     </span>
    </p>
   </div>
   <div class='ocr_carea' id='block_1_22' title="bbox 388 2045 2035 2116">
    <p class='ocr_par' dir='ltr' id='par_1_22' title="bbox 388 2045 2035 2116">
     <span class='ocr_line' id='line_1_22' title="bbox 388 2045 2035 2116; baseline 0 -15"><span class='ocrx_word' id='word_1_153' title='bbox 388 2047 647 2116; x_wconf 88' lang='lat' dir='ltr'>complet</span> <span class='ocrx_word' id='word_1_154' title='bbox 677 2062 814 2100; x_wconf 85' lang='lat' dir='ltr'>suas</span> <span class='ocrx_word' id='word_1_155' title='bbox 846 2045 1293 2116; x_wconf 89' lang='lat' dir='ltr'>promissiones.</span> <span class='ocrx_word' id='word_1_156' title='bbox 1324 2075 1394 2087; x_wconf 87' lang='lat'>-—</span> <span class='ocrx_word' id='word_1_157' title='bbox 1438 2046 1603 2111; x_wconf 89' lang='lat' dir='ltr'>Quod</span> <span class='ocrx_word' id='word_1_158' title='bbox 1663 2047 1781 2102; x_wconf 85' lang='lat' dir='ltr'>ait:</span> <span class='ocrx_word' id='word_1_159' title='bbox 1843 2070 1864 2096; x_wconf 80' lang='grc' dir='ltr'>ι</span> <span class='ocrx_word' id='word_1_160' title='bbox 1926 2047 2035 2111; x_wconf 91' lang='lat' dir='ltr'>Qui</span> 
     </span>
    </p>
   </div>
   <div class='ocr_carea' id='block_1_23' title="bbox 389 2138 2034 2210">
    <p class='ocr_par' dir='ltr' id='par_1_23' title="bbox 389 2138 2034 2210">
     <span class='ocr_line' id='line_1_23' title="bbox 389 2138 2034 2210; baseline 0 -17"><span class='ocrx_word' id='word_1_161' title='bbox 389 2138 707 2193; x_wconf 86' lang='lat' dir='ltr'>conﬁrmat</span> <span class='ocrx_word' id='word_1_162' title='bbox 736 2154 863 2202; x_wconf 90' lang='lat' dir='ltr'>nos,</span> <span class='ocrx_word' id='word_1_163' title='bbox 900 2158 928 2185; x_wconf 86' lang='grc'>››</span> <span class='ocrx_word' id='word_1_164' title='bbox 962 2142 1019 2191; x_wconf 84' lang='lat' dir='ltr'>et</span> <span class='ocrx_word' id='word_1_165' title='bbox 1058 2144 1211 2208; x_wconf 75' lang='lat' dir='ltr'>cmt.,</span> <span class='ocrx_word' id='word_1_166' title='bbox 1271 2144 1373 2193; x_wconf 89' lang='lat' dir='ltr'>ant</span> <span class='ocrx_word' id='word_1_167' title='bbox 1430 2155 1535 2210; x_wconf 90' lang='lat' dir='ltr'>per</span> <span class='ocrx_word' id='word_1_168' title='bbox 1593 2139 1890 2196; x_wconf 89' lang='lat' dir='ltr'>defectum</span> <span class='ocrx_word' id='word_1_169' title='bbox 1946 2140 2034 2194; x_wconf 89' lang='lat' dir='ltr'>di-</span> 
     </span>
    </p>
   </div>
   <div class='ocr_carea' id='block_1_24' title="bbox 386 2225 2030 2301">
    <p class='ocr_par' dir='ltr' id='par_1_24' title="bbox 386 2225 2030 2301">
     <span class='ocr_line' id='line_1_24' title="bbox 386 2225 2030 2301; baseline 0.002 -20"><span class='ocrx_word' id='word_1_170' title='bbox 386 2233 544 2281; x_wconf 87' lang='lat' dir='ltr'>ctum</span> <span class='ocrx_word' id='word_1_171' title='bbox 579 2232 686 2293; x_wconf 87' lang='lat' dir='ltr'>est,</span> <span class='ocrx_word' id='word_1_172' title='bbox 719 2230 785 2280; x_wconf 90' lang='lat' dir='ltr'>ut</span> <span class='ocrx_word' id='word_1_173' title='bbox 815 2225 969 2281; x_wconf 89' lang='lat' dir='ltr'>desit</span> <span class='ocrx_word' id='word_1_174' title='bbox 992 2226 1219 2299; x_wconf 83' lang='lat' dir='ltr'>integra</span> <span class='ocrx_word' id='word_1_175' title='bbox 1241 2229 1558 2295; x_wconf 85' lang='lat' dir='ltr'>sententia,</span> <span class='ocrx_word' id='word_1_176' title='bbox 1581 2235 1683 2284; x_wconf 87' lang='lat' dir='ltr'>aut</span> <span class='ocrx_word' id='word_1_177' title='bbox 1730 2246 1835 2301; x_wconf 87' lang='lat' dir='ltr'>per</span> <span class='ocrx_word' id='word_1_178' title='bbox 1866 2229 2030 2285; x_wconf 85' lang='lat' dir='ltr'>defe-</span> 
     </span>
    </p>
   </div>
   <div class='ocr_carea' id='block_1_25' title="bbox 389 2315 2034 2388">
    <p class='ocr_par' dir='ltr' id='par_1_25' title="bbox 389 2315 2034 2388">
     <span class='ocr_line' id='line_1_25' title="bbox 389 2315 2034 2388; baseline 0.002 -17"><span class='ocrx_word' id='word_1_179' title='bbox 389 2323 550 2371; x_wconf 88' lang='lat' dir='ltr'>ctum</span> <span class='ocrx_word' id='word_1_180' title='bbox 576 2315 763 2371; x_wconf 90' lang='lat' dir='ltr'>solius</span> <span class='ocrx_word' id='word_1_181' title='bbox 785 2315 1062 2371; x_wconf 88' lang='lat' dir='ltr'>dictionis</span> <span class='ocrx_word' id='word_1_182' title='bbox 1088 2319 1198 2379; x_wconf 84' lang='lat' dir='ltr'>Est,</span> <span class='ocrx_word' id='word_1_183' title='bbox 1220 2322 1361 2388; x_wconf 88' lang='lat' dir='ltr'>puta</span> <span class='ocrx_word' id='word_1_184' title='bbox 1386 2335 1397 2373; x_wconf 90' lang='lat'><strong>:</strong></span> <span class='ocrx_word' id='word_1_185' title='bbox 1449 2318 1557 2383; x_wconf 90' lang='lat' dir='ltr'>Qui</span> <span class='ocrx_word' id='word_1_186' title='bbox 1582 2318 1896 2375; x_wconf 84' lang='lat' dir='ltr'>conﬁrmat</span> <span class='ocrx_word' id='word_1_187' title='bbox 1924 2336 2034 2375; x_wconf 89' lang='lat' dir='ltr'>nos</span> 
     </span>
    </p>
   </div>
   <div class='ocr_carea' id='block_1_26' title="bbox 389 2405 2033 2480">
    <p class='ocr_par' dir='ltr' id='par_1_26' title="bbox 389 2405 2033 2480">
     <span class='ocr_line' id='line_1_26' title="bbox 389 2405 2033 2480; baseline 0.002 -20"><span class='ocrx_word' id='word_1_188' title='bbox 389 2405 625 2476; x_wconf 88' lang='lat' dir='ltr'>aliaque</span> <span class='ocrx_word' id='word_1_189' title='bbox 650 2405 810 2472; x_wconf 87' lang='lat' dir='ltr'>facit,</span> <span class='ocrx_word' id='word_1_190' title='bbox 842 2405 997 2461; x_wconf 89' lang='lat' dir='ltr'>Deus</span> <span class='ocrx_word' id='word_1_191' title='bbox 1030 2410 1140 2461; x_wconf 88' lang='lat' dir='ltr'>est.</span> <span class='ocrx_word' id='word_1_192' title='bbox 1173 2406 1336 2471; x_wconf 90' lang='lat' dir='ltr'>Quod</span> <span class='ocrx_word' id='word_1_193' title='bbox 1369 2408 1417 2461; x_wconf 88' lang='lat' dir='ltr'>si</span> <span class='ocrx_word' id='word_1_194' title='bbox 1450 2408 1533 2463; x_wconf 89' lang='lat' dir='ltr'>sic</span> <span class='ocrx_word' id='word_1_195' title='bbox 1575 2425 1681 2480; x_wconf 90' lang='lat' dir='ltr'>per</span> <span class='ocrx_word' id='word_1_196' title='bbox 1738 2408 2033 2465; x_wconf 89' lang='lat' dir='ltr'>defectum</span> 
     </span>
    </p>
   </div>
   <div class='ocr_carea' id='block_1_27' title="bbox 385 2493 2036 2569">
    <p class='ocr_par' dir='ltr' id='par_1_27' title="bbox 385 2493 2036 2569">
     <span class='ocr_line' id='line_1_27' title="bbox 385 2493 2036 2569; baseline 0.003 -20"><span class='ocrx_word' id='word_1_197' title='bbox 385 2494 461 2549; x_wconf 88' lang='lat' dir='ltr'>sit</span> <span class='ocrx_word' id='word_1_198' title='bbox 491 2493 790 2559; x_wconf 88' lang='lat' dir='ltr'>dictionis,</span> <span class='ocrx_word' id='word_1_199' title='bbox 815 2500 1050 2566; x_wconf 90' lang='lat' dir='ltr'>oportet</span> <span class='ocrx_word' id='word_1_200' title='bbox 1075 2494 1518 2551; x_wconf 88' lang='lat' dir='ltr'>distinctionem</span> <span class='ocrx_word' id='word_1_201' title='bbox 1550 2515 1771 2569; x_wconf 90' lang='lat' dir='ltr'>ponere</span> <span class='ocrx_word' id='word_1_202' title='bbox 1819 2498 1895 2554; x_wconf 87' lang='lat' dir='ltr'>ad</span> <span class='ocrx_word' id='word_1_203' title='bbox 1942 2499 2036 2553; x_wconf 91' lang='lat' dir='ltr'>di-</span> 
     </span>
    </p>
   </div>
   <div class='ocr_carea' id='block_1_28' title="bbox 382 2585 2035 2659">
    <p class='ocr_par' dir='ltr' id='par_1_28' title="bbox 382 2585 2035 2659">
     <span class='ocr_line' id='line_1_28' title="bbox 382 2585 2035 2659; baseline 0.004 -22"><span class='ocrx_word' id='word_1_204' title='bbox 382 2585 629 2644; x_wconf 89' lang='lat' dir='ltr'>ctiones.</span> <span class='ocrx_word' id='word_1_205' title='bbox 665 2607 693 2635; x_wconf 89' lang='grc'>‹‹</span> <span class='ocrx_word' id='word_1_206' title='bbox 726 2585 834 2649; x_wconf 90' lang='lat' dir='ltr'>Qui</span> <span class='ocrx_word' id='word_1_207' title='bbox 867 2585 1036 2639; x_wconf 81' lang='lat' dir='ltr'>unxit</span> <span class='ocrx_word' id='word_1_208' title='bbox 1065 2602 1194 2653; x_wconf 88' lang='lat' dir='ltr'>nos,</span> <span class='ocrx_word' id='word_1_209' title='bbox 1233 2610 1252 2634; x_wconf 80' lang='grc' dir='ltr'>ι</span> <span class='ocrx_word' id='word_1_210' title='bbox 1286 2591 1349 2641; x_wconf 89' lang='lat' dir='ltr'>ut</span> <span class='ocrx_word' id='word_1_211' title='bbox 1388 2594 1827 2658; x_wconf 88' lang='lat' dir='ltr'>consequenter</span> <span class='ocrx_word' id='word_1_212' title='bbox 1848 2588 2035 2659; x_wconf 83' lang='lat' dir='ltr'>perfe-</span> 
     </span>
    </p>
   </div>
   <div class='ocr_carea' id='block_1_29' title="bbox 381 2673 2030 2747">
    <p class='ocr_par' dir='ltr' id='par_1_29' title="bbox 381 2673 2030 2747">
     <span class='ocr_line' id='line_1_29' title="bbox 381 2673 2030 2747; baseline 0.002 -19"><span class='ocrx_word' id='word_1_213' title='bbox 381 2680 474 2728; x_wconf 87' lang='lat' dir='ltr'>cta</span> <span class='ocrx_word' id='word_1_214' title='bbox 496 2673 877 2729; x_wconf 88' lang='lat' dir='ltr'>distinctione</span> <span class='ocrx_word' id='word_1_215' title='bbox 906 2674 1297 2747; x_wconf 81' lang='lat' dir='ltr'>subjungatur</span> <span class='ocrx_word' id='word_1_216' title='bbox 1322 2676 1493 2740; x_wconf 87' lang='lat' dir='ltr'>Deus,</span> <span class='ocrx_word' id='word_1_217' title='bbox 1533 2684 1600 2731; x_wconf 91' lang='lat' dir='ltr'>ut</span> <span class='ocrx_word' id='word_1_218' title='bbox 1645 2677 1720 2730; x_wconf 89' lang='lat' dir='ltr'>sit</span> <span class='ocrx_word' id='word_1_219' title='bbox 1770 2693 1982 2732; x_wconf 90' lang='lat' dir='ltr'>sensus</span> <span class='ocrx_word' id='word_1_220' title='bbox 2016 2692 2030 2731; x_wconf 88' lang='lat'><strong>:</strong></span> 
     </span>
    </p>
   </div>
   <div class='ocr_carea' id='block_1_30' title="bbox 383 2762 2033 2836">
    <p class='ocr_par' dir='ltr' id='par_1_30' title="bbox 383 2762 2033 2836">
     <span class='ocr_line' id='line_1_30' title="bbox 383 2762 2033 2836; baseline 0.003 -20"><span class='ocrx_word' id='word_1_221' title='bbox 383 2764 535 2817; x_wconf 90' lang='lat' dir='ltr'>Deus</span> <span class='ocrx_word' id='word_1_222' title='bbox 568 2769 658 2817; x_wconf 91' lang='lat' dir='ltr'>est</span> <span class='ocrx_word' id='word_1_223' title='bbox 690 2762 790 2833; x_wconf 89' lang='lat' dir='ltr'>qui</span> <span class='ocrx_word' id='word_1_224' title='bbox 824 2762 1140 2818; x_wconf 86' lang='lat' dir='ltr'>conﬁrmat</span> <span class='ocrx_word' id='word_1_225' title='bbox 1169 2780 1299 2823; x_wconf 88' lang='lat' dir='ltr'>nos.</span> <span class='ocrx_word' id='word_1_226' title='bbox 1335 2771 1391 2819; x_wconf 83' lang='lat' dir='ltr'>et</span> <span class='ocrx_word' id='word_1_227' title='bbox 1422 2764 1521 2836; x_wconf 92' lang='lat' dir='ltr'>qui</span> <span class='ocrx_word' id='word_1_228' title='bbox 1572 2765 1741 2820; x_wconf 83' lang='lat' dir='ltr'>unxit</span> <span class='ocrx_word' id='word_1_229' title='bbox 1799 2782 1928 2821; x_wconf 91' lang='lat' dir='ltr'>nos.</span> <span class='ocrx_word' id='word_1_230' title='bbox 1974 2771 2033 2821; x_wconf 92' lang='lat' dir='ltr'>et</span> 
     </span>
    </p>
   </div>
   <div class='ocr_carea' id='block_1_31' title="bbox 387 2851 2032 2926">
    <p class='ocr_par' dir='ltr' id='par_1_31' title="bbox 387 2851 2032 2926">
     <span class='ocr_line' id='line_1_31' title="bbox 387 2851 2032 2926; baseline 0.004 -21"><span class='ocrx_word' id='word_1_231' title='bbox 387 2852 486 2921; x_wconf 89' lang='lat' dir='ltr'>qui</span> <span class='ocrx_word' id='word_1_232' title='bbox 521 2851 851 2919; x_wconf 71' lang='lat' dir='ltr'>obsignavit</span> <span class='ocrx_word' id='word_1_233' title='bbox 879 2868 1009 2919; x_wconf 91' lang='lat' dir='ltr'>nos,</span> <span class='ocrx_word' id='word_1_234' title='bbox 1044 2858 1101 2907; x_wconf 90' lang='lat' dir='ltr'>et</span> <span class='ocrx_word' id='word_1_235' title='bbox 1130 2854 1230 2923; x_wconf 91' lang='lat' dir='ltr'>qui</span> <span class='ocrx_word' id='word_1_236' title='bbox 1264 2853 1428 2907; x_wconf 89' lang='lat' dir='ltr'>dedit</span> <span class='ocrx_word' id='word_1_237' title='bbox 1490 2854 1729 2910; x_wconf 88' lang='lat' dir='ltr'>arrham</span> <span class='ocrx_word' id='word_1_238' title='bbox 1779 2854 2032 2926; x_wconf 88' lang='lat' dir='ltr'>Spiritus</span> 
     </span>
    </p>
   </div>
   <div class='ocr_carea' id='block_1_32' title="bbox 387 2939 2031 3014">
    <p class='ocr_par' dir='ltr' id='par_1_32' title="bbox 387 2939 2031 3014">
     <span class='ocr_line' id='line_1_32' title="bbox 387 2939 2031 3014; baseline 0.004 -21"><span class='ocrx_word' id='word_1_239' title='bbox 387 2940 449 2994; x_wconf 91' lang='lat' dir='ltr'>in</span> <span class='ocrx_word' id='word_1_240' title='bbox 471 2939 746 2995; x_wconf 87' lang='lat' dir='ltr'>cordibus</span> <span class='ocrx_word' id='word_1_241' title='bbox 770 2943 1009 2997; x_wconf 90' lang='lat' dir='ltr'>nostris.</span> <span class='ocrx_word' id='word_1_242' title='bbox 1034 2944 1105 2996; x_wconf 89' lang='lat' dir='ltr'>Et</span> <span class='ocrx_word' id='word_1_243' title='bbox 1127 2942 1509 2998; x_wconf 85' lang='lat' dir='ltr'>manifestum</span> <span class='ocrx_word' id='word_1_244' title='bbox 1533 2949 1622 2999; x_wconf 91' lang='lat' dir='ltr'>est</span> <span class='ocrx_word' id='word_1_245' title='bbox 1655 2944 1813 3014; x_wconf 90' lang='lat' dir='ltr'>quod</span> <span class='ocrx_word' id='word_1_246' title='bbox 1854 2944 2031 3000; x_wconf 86' lang='lat' dir='ltr'>etiam</span> 
     </span>
    </p>
   </div>
   <div class='ocr_carea' id='block_1_33' title="bbox 390 3030 2032 3102">
    <p class='ocr_par' dir='ltr' id='par_1_33' title="bbox 390 3030 2032 3102">
     <span class='ocr_line' id='line_1_33' title="bbox 390 3030 2032 3102; baseline 0.004 -19"><span class='ocrx_word' id='word_1_247' title='bbox 390 3030 512 3085; x_wconf 78' lang='lat' dir='ltr'>haec</span> <span class='ocrx_word' id='word_1_248' title='bbox 545 3030 813 3086; x_wconf 89' lang='lat' dir='ltr'>membra</span> <span class='ocrx_word' id='word_1_249' title='bbox 844 3048 974 3102; x_wconf 75' lang='lat' dir='ltr'>qum</span> <span class='ocrx_word' id='word_1_250' title='bbox 1008 3039 1340 3102; x_wconf 88' lang='lat' dir='ltr'>sequuntur</span> <span class='ocrx_word' id='word_1_251' title='bbox 1368 3032 1442 3089; x_wconf 88' lang='lat' dir='ltr'>ad</span> <span class='ocrx_word' id='word_1_252' title='bbox 1472 3033 1814 3101; x_wconf 89' lang='lat' dir='ltr'>dictionem,</span> <span class='ocrx_word' id='word_1_253' title='bbox 1854 3034 2032 3101; x_wconf 86' lang='lat' dir='ltr'>Deus,</span> 
     </span>
    </p>
   </div>
   <div class='ocr_carea' id='block_1_34' title="bbox 388 3119 2032 3195">
    <p class='ocr_par' dir='ltr' id='par_1_34' title="bbox 388 3119 2032 3195">
     <span class='ocr_line' id='line_1_34' title="bbox 388 3119 2032 3195; baseline 0.004 -22"><span class='ocrx_word' id='word_1_254' title='bbox 388 3119 647 3191; x_wconf 78' lang='lat' dir='ltr'>perfecta</span> <span class='ocrx_word' id='word_1_255' title='bbox 679 3120 1062 3177; x_wconf 87' lang='lat' dir='ltr'>distinctione</span> <span class='ocrx_word' id='word_1_256' title='bbox 1097 3122 1385 3194; x_wconf 78' lang='lat' dir='ltr'>legentur.</span> <span class='ocrx_word' id='word_1_257' title='bbox 1418 3123 1474 3179; x_wconf 90' lang='lat' dir='ltr'>Si</span> <span class='ocrx_word' id='word_1_258' title='bbox 1521 3140 1656 3178; x_wconf 85' lang='lat' dir='ltr'>vero</span> <span class='ocrx_word' id='word_1_259' title='bbox 1714 3141 1821 3195; x_wconf 90' lang='lat' dir='ltr'>per</span> <span class='ocrx_word' id='word_1_260' title='bbox 1870 3123 2032 3179; x_wconf 88' lang='lat' dir='ltr'>defe-</span> 
     </span>
    </p>
   </div>
   <div class='ocr_carea' id='block_1_35' title="bbox 380 3208 2032 3284">
    <p class='ocr_par' dir='ltr' id='par_1_35' title="bbox 380 3208 2032 3284">
     <span class='ocr_line' id='line_1_35' title="bbox 380 3208 2032 3284; baseline 0.004 -23"><span class='ocrx_word' id='word_1_261' title='bbox 380 3213 541 3263; x_wconf 90' lang='lat' dir='ltr'>ctum</span> <span class='ocrx_word' id='word_1_262' title='bbox 561 3208 800 3280; x_wconf 59' lang='lat' dir='ltr'>integra)</span> <span class='ocrx_word' id='word_1_263' title='bbox 821 3210 1111 3265; x_wconf 88' lang='lat' dir='ltr'>orationis</span> <span class='ocrx_word' id='word_1_264' title='bbox 1128 3211 1579 3283; x_wconf 81' lang='lat' dir='ltr'>intelligatur,et</span> <span class='ocrx_word' id='word_1_265' title='bbox 1601 3212 1804 3267; x_wconf 86' lang='lat' dir='ltr'>eadem</span> <span class='ocrx_word' id='word_1_266' title='bbox 1839 3212 2032 3284; x_wconf 88' lang='lat' dir='ltr'>prima</span> 
     </span>
    </p>
   </div>
   <div class='ocr_carea' id='block_1_36' title="bbox 384 3275 2105 3372">
    <p class='ocr_par' dir='ltr' id='par_1_36' title="bbox 384 3275 2105 3372">
     <span class='ocr_line' id='line_1_36' title="bbox 384 3275 2105 3372; baseline 0.004 -22"><span class='ocrx_word' id='word_1_267' title='bbox 384 3297 664 3369; x_wconf 83' lang='lat' dir='ltr'>periodus</span> <span class='ocrx_word' id='word_1_268' title='bbox 684 3314 874 3368; x_wconf 89' lang='lat' dir='ltr'>usque</span> <span class='ocrx_word' id='word_1_269' title='bbox 903 3299 976 3353; x_wconf 90' lang='lat' dir='ltr'>ad</span> <span class='ocrx_word' id='word_1_270' title='bbox 999 3298 1340 3354; x_wconf 87' lang='lat' dir='ltr'>dictionem.</span> <span class='ocrx_word' id='word_1_271' title='bbox 1369 3301 1543 3361; x_wconf 84' lang='lat' dir='ltr'>Deus.</span> <span class='ocrx_word' id='word_1_272' title='bbox 1569 3318 1700 3372; x_wconf 78' lang='lat' dir='ltr'>qum</span> <span class='ocrx_word' id='word_1_273' title='bbox 1741 3302 1802 3356; x_wconf 92' lang='lat' dir='ltr'>in</span> <span class='ocrx_word' id='word_1_274' title='bbox 1833 3302 2029 3357; x_wconf 87' lang='lat' dir='ltr'>medio</span> <span class='ocrx_word' id='word_1_275' title='bbox 2062 3275 2105 3343; x_wconf 64' lang='grc' dir='ltr'><strong>θ</strong></span> 
     </span>
    </p>
   </div>
   <div class='ocr_carea' id='block_1_37' title="bbox 387 3386 2038 3460">
    <p class='ocr_par' dir='ltr' id='par_1_37' title="bbox 387 3386 2038 3460">
     <span class='ocr_line' id='line_1_37' title="bbox 387 3386 2038 3460; baseline 0.004 -22"><span class='ocrx_word' id='word_1_276' title='bbox 387 3386 969 3455; x_wconf 71' lang='lat' dir='ltr'>ponituchgeturet</span> <span class='ocrx_word' id='word_1_277' title='bbox 990 3388 1127 3441; x_wconf 86' lang='lat' dir='ltr'>item</span> <span class='ocrx_word' id='word_1_278' title='bbox 1151 3389 1309 3458; x_wconf 89' lang='lat' dir='ltr'>quod</span> <span class='ocrx_word' id='word_1_279' title='bbox 1332 3388 1539 3444; x_wconf 88' lang='lat' dir='ltr'>ordine</span> <span class='ocrx_word' id='word_1_280' title='bbox 1569 3390 1857 3460; x_wconf 88' lang='lat' dir='ltr'>sequitur.</span> <span class='ocrx_word' id='word_1_281' title='bbox 1892 3393 2038 3445; x_wconf 86' lang='lat' dir='ltr'>Pro-</span> 
     </span>
    </p>
   </div>
   <div class='ocr_carea' id='block_1_38' title="bbox 386 3475 2038 3548">
    <p class='ocr_par' dir='ltr' id='par_1_38' title="bbox 386 3475 2038 3548">
     <span class='ocr_line' id='line_1_38' title="bbox 386 3475 2038 3548; baseline 0.004 -21"><span class='ocrx_word' id='word_1_282' title='bbox 386 3480 591 3546; x_wconf 84' lang='lat' dir='ltr'>pterea</span> <span class='ocrx_word' id='word_1_283' title='bbox 622 3481 819 3528; x_wconf 86' lang='lat' dir='ltr'>autem</span> <span class='ocrx_word' id='word_1_284' title='bbox 852 3475 963 3529; x_wconf 89' lang='lat' dir='ltr'>erit</span> <span class='ocrx_word' id='word_1_285' title='bbox 994 3475 1335 3539; x_wconf 85' lang='lat' dir='ltr'>difﬁcultas,</span> <span class='ocrx_word' id='word_1_286' title='bbox 1372 3478 1512 3548; x_wconf 87' lang='lat' dir='ltr'>quia</span> <span class='ocrx_word' id='word_1_287' title='bbox 1543 3478 1601 3532; x_wconf 88' lang='lat' dir='ltr'>id</span> <span class='ocrx_word' id='word_1_288' title='bbox 1634 3478 1792 3548; x_wconf 88' lang='lat' dir='ltr'>quod</span> <span class='ocrx_word' id='word_1_289' title='bbox 1835 3480 2038 3534; x_wconf 86' lang='lat' dir='ltr'>deﬁcit</span> 
     </span>
    </p>
   </div>
   <div class='ocr_carea' id='block_1_39' title="bbox 382 3564 2036 3640">
    <p class='ocr_par' dir='ltr' id='par_1_39' title="bbox 382 3564 2036 3640">
     <span class='ocr_line' id='line_1_39' title="bbox 382 3564 2036 3640; baseline 0.005 -22"><span class='ocrx_word' id='word_1_290' title='bbox 382 3564 861 3631; x_wconf 85' lang='lat' dir='ltr'>subaudiendum</span> <span class='ocrx_word' id='word_1_291' title='bbox 896 3567 1089 3621; x_wconf 86' lang='lat' dir='ltr'>estad</span> <span class='ocrx_word' id='word_1_292' title='bbox 1153 3585 1364 3624; x_wconf 70' lang='lat' dir='ltr'>s&#39;nsus</span> <span class='ocrx_word' id='word_1_293' title='bbox 1423 3570 1873 3640; x_wconf 83' lang='lat' dir='ltr'>perfectionem,</span> <span class='ocrx_word' id='word_1_294' title='bbox 1933 3577 2036 3626; x_wconf 90' lang='lat' dir='ltr'>aut</span> 
     </span>
    </p>
   </div>
   <div class='ocr_carea' id='block_1_40' title="bbox 385 3654 2037 3731">
    <p class='ocr_par' dir='ltr' id='par_1_40' title="bbox 385 3654 2037 3731">
     <span class='ocr_line' id='line_1_40' title="bbox 385 3654 2037 3731; baseline 0.003 -22"><span class='ocrx_word' id='word_1_295' title='bbox 385 3659 666 3731; x_wconf 76' lang='lat' dir='ltr'>tanquam</span> <span class='ocrx_word' id='word_1_296' title='bbox 699 3654 982 3710; x_wconf 89' lang='lat' dir='ltr'>deﬁciens</span> <span class='ocrx_word' id='word_1_297' title='bbox 1012 3656 1085 3711; x_wconf 88' lang='lat' dir='ltr'>ad</span> <span class='ocrx_word' id='word_1_298' title='bbox 1120 3657 1515 3730; x_wconf 81' lang='lat' dir='ltr'>hypostigma,</span> <span class='ocrx_word' id='word_1_299' title='bbox 1553 3659 1610 3713; x_wconf 91' lang='lat' dir='ltr'>id</span> <span class='ocrx_word' id='word_1_300' title='bbox 1662 3666 1770 3721; x_wconf 86' lang='lat' dir='ltr'>est.</span> <span class='ocrx_word' id='word_1_301' title='bbox 1823 3660 2037 3714; x_wconf 90' lang='lat' dir='ltr'>distin-</span> 
     </span>
    </p>
   </div>
   <div class='ocr_carea' id='block_1_41' title="bbox 384 3744 2028 3812">
    <p class='ocr_par' dir='ltr' id='par_1_41' title="bbox 384 3744 2028 3812">
     <span class='ocr_line' id='line_1_41' title="bbox 384 3744 2028 3812; baseline 0.003 -13"><span class='ocrx_word' id='word_1_302' title='bbox 384 3744 643 3799; x_wconf 85' lang='lat' dir='ltr'>ctionem</span> <span class='ocrx_word' id='word_1_303' title='bbox 674 3745 1111 3800; x_wconf 89' lang='lat' dir='ltr'>terminabitur.</span> <span class='ocrx_word' id='word_1_304' title='bbox 1153 3772 1171 3794; x_wconf 82' lang='grc' dir='ltr'>ι</span> <span class='ocrx_word' id='word_1_305' title='bbox 1237 3747 1344 3812; x_wconf 90' lang='lat' dir='ltr'>Qui</span> <span class='ocrx_word' id='word_1_306' title='bbox 1406 3748 1571 3803; x_wconf 84' lang='lat' dir='ltr'>unxit</span> <span class='ocrx_word' id='word_1_307' title='bbox 1627 3764 1736 3804; x_wconf 91' lang='lat' dir='ltr'>nos</span> <span class='ocrx_word' id='word_1_308' title='bbox 1795 3750 2028 3804; x_wconf 69' lang='lat' dir='ltr'>Deus.-</span> 
     </span>
    </p>
   </div>
   <div class='ocr_carea' id='block_1_42' title="bbox 385 3834 2037 3909">
    <p class='ocr_par' dir='ltr' id='par_1_42' title="bbox 385 3834 2037 3909">
     <span class='ocr_line' id='line_1_42' title="bbox 385 3834 2037 3909; baseline 0.004 -22"><span class='ocrx_word' id='word_1_309' title='bbox 385 3834 491 3898; x_wconf 89' lang='lat' dir='ltr'>Qui</span> <span class='ocrx_word' id='word_1_310' title='bbox 528 3835 590 3889; x_wconf 92' lang='lat' dir='ltr'>in</span> <span class='ocrx_word' id='word_1_311' title='bbox 622 3834 802 3890; x_wconf 86' lang='lat' dir='ltr'>veteri</span> <span class='ocrx_word' id='word_1_312' title='bbox 836 3841 1190 3891; x_wconf 88' lang='lat' dir='ltr'>testamento</span> <span class='ocrx_word' id='word_1_313' title='bbox 1241 3838 1637 3909; x_wconf 74' lang='lat' dir='ltr'>angebantur,</span> <span class='ocrx_word' id='word_1_314' title='bbox 1692 3844 1793 3894; x_wconf 88' lang='lat' dir='ltr'>aut</span> <span class='ocrx_word' id='word_1_315' title='bbox 1847 3855 2037 3894; x_wconf 87' lang='lat' dir='ltr'>sacer-</span> 
     </span>
    </p>
   </div>
   <div class='ocr_carea' id='block_1_43' title="bbox 385 3923 2038 3998">
    <p class='ocr_par' dir='ltr' id='par_1_43' title="bbox 385 3923 2038 3998">
     <span class='ocr_line' id='line_1_43' title="bbox 385 3923 2038 3998; baseline 0.002 -20"><span class='ocrx_word' id='word_1_316' title='bbox 385 3923 553 3978; x_wconf 82' lang='lat' dir='ltr'>dotes</span> <span class='ocrx_word' id='word_1_317' title='bbox 578 3930 746 3980; x_wconf 88' lang='lat' dir='ltr'>erant</span> <span class='ocrx_word' id='word_1_318' title='bbox 772 3930 873 3979; x_wconf 84' lang='lat' dir='ltr'>aut</span> <span class='ocrx_word' id='word_1_319' title='bbox 896 3926 1218 3997; x_wconf 66' lang='lat' dir='ltr'>propheta),</span> <span class='ocrx_word' id='word_1_320' title='bbox 1246 3933 1571 3992; x_wconf 71' lang='lat' dir='ltr'>autreges:</span> <span class='ocrx_word' id='word_1_321' title='bbox 1625 3934 1684 3985; x_wconf 87' lang='lat' dir='ltr'>et</span> <span class='ocrx_word' id='word_1_322' title='bbox 1730 3945 1909 3998; x_wconf 85' lang='lat' dir='ltr'>nunc,</span> <span class='ocrx_word' id='word_1_323' title='bbox 1945 3929 2038 3983; x_wconf 89' lang='lat' dir='ltr'>in-</span> 
     </span>
    </p>
   </div>
   <div class='ocr_carea' id='block_1_44' title="bbox 384 4013 2036 4089">
    <p class='ocr_par' dir='ltr' id='par_1_44' title="bbox 384 4013 2036 4089">
     <span class='ocr_line' id='line_1_44' title="bbox 384 4013 2036 4089; baseline 0.005 -24"><span class='ocrx_word' id='word_1_324' title='bbox 384 4013 534 4082; x_wconf 84' lang='lat' dir='ltr'>quit,</span> <span class='ocrx_word' id='word_1_325' title='bbox 560 4014 858 4086; x_wconf 75' lang='lat' dir='ltr'>ungimur,</span> <span class='ocrx_word' id='word_1_326' title='bbox 883 4021 950 4068; x_wconf 92' lang='lat' dir='ltr'>ut</span> <span class='ocrx_word' id='word_1_327' title='bbox 969 4030 1136 4088; x_wconf 82' lang='lat' dir='ltr'>reges</span> <span class='ocrx_word' id='word_1_328' title='bbox 1159 4015 1398 4086; x_wconf 90' lang='lat' dir='ltr'>quidem</span> <span class='ocrx_word' id='word_1_329' title='bbox 1428 4016 1774 4081; x_wconf 87' lang='lat' dir='ltr'>efﬁciamur,</span> <span class='ocrx_word' id='word_1_330' title='bbox 1823 4018 2036 4089; x_wconf 84' lang='lat' dir='ltr'>princi-</span> 
     </span>
    </p>
   </div>
   <div class='ocr_carea' id='block_1_45' title="bbox 386 4105 2036 4174">
    <p class='ocr_par' dir='ltr' id='par_1_45' title="bbox 386 4105 2036 4174">
     <span class='ocr_line' id='line_1_45' title="bbox 386 4105 2036 4174; baseline 0.004 -17"><span class='ocrx_word' id='word_1_331' title='bbox 386 4108 591 4173; x_wconf 82' lang='lat' dir='ltr'>patum</span> <span class='ocrx_word' id='word_1_332' title='bbox 652 4120 830 4174; x_wconf 89' lang='lat' dir='ltr'>super</span> <span class='ocrx_word' id='word_1_333' title='bbox 886 4105 1234 4160; x_wconf 77' lang='lat' dir='ltr'>affectiones</span> <span class='ocrx_word' id='word_1_334' title='bbox 1292 4106 1627 4172; x_wconf 86' lang='lat' dir='ltr'>habentes;</span> <span class='ocrx_word' id='word_1_335' title='bbox 1698 4106 2036 4163; x_wconf 84' lang='lat' dir='ltr'>sacerdotes</span> 
     </span>
    </p>
   </div>
   <div class='ocr_carea' id='block_1_46' title="bbox 387 4193 2034 4266">
    <p class='ocr_par' dir='ltr' id='par_1_46' title="bbox 387 4193 2034 4266">
     <span class='ocr_line' id='line_1_46' title="bbox 387 4193 2034 4266; baseline 0.005 -22"><span class='ocrx_word' id='word_1_336' title='bbox 387 4196 610 4257; x_wconf 89' lang='lat' dir='ltr'>autem,</span> <span class='ocrx_word' id='word_1_337' title='bbox 644 4193 885 4263; x_wconf 83' lang='lat' dir='ltr'>propria</span> <span class='ocrx_word' id='word_1_338' title='bbox 914 4194 1320 4249; x_wconf 76' lang='lat' dir='ltr'>sacriﬁcantes</span> <span class='ocrx_word' id='word_1_339' title='bbox 1351 4212 1620 4266; x_wconf 88' lang='lat' dir='ltr'>corpora.</span> <span class='ocrx_word' id='word_1_340' title='bbox 1650 4195 1820 4266; x_wconf 86' lang='lat' dir='ltr'>juxta</span> <span class='ocrx_word' id='word_1_341' title='bbox 1850 4196 2034 4252; x_wconf 91' lang='lat' dir='ltr'>illud:</span> 
     </span>
    </p>
   </div>
   <div class='ocr_carea' id='block_1_47' title="bbox 328 4280 2037 4357">
    <p class='ocr_par' dir='ltr' id='par_1_47' title="bbox 328 4280 2037 4357">
     <span class='ocr_line' id='line_1_47' title="bbox 328 4280 2037 4357; baseline 0.004 -23"><span class='ocrx_word' id='word_1_342' title='bbox 328 4350 337 4357; x_wconf 39' lang='grc' dir='ltr'><strong>ο</strong></span> <span class='ocrx_word' id='word_1_343' title='bbox 387 4302 413 4329; x_wconf 87' lang='grc'>‹‹</span> <span class='ocrx_word' id='word_1_344' title='bbox 449 4282 518 4335; x_wconf 89' lang='lat' dir='ltr'>Ut</span> <span class='ocrx_word' id='word_1_345' title='bbox 552 4297 621 4335; x_wconf 85' lang='lat' dir='ltr'>ex</span> <span class='ocrx_word' id='word_1_346' title='bbox 676 4280 887 4340; x_wconf 84' lang='lat' dir='ltr'>ibeatis</span> <span class='ocrx_word' id='word_1_347' title='bbox 944 4283 1214 4338; x_wconf 87' lang='lat' dir='ltr'>membra</span> <span class='ocrx_word' id='word_1_348' title='bbox 1266 4290 1459 4339; x_wconf 87' lang='lat' dir='ltr'>vestra</span> <span class='ocrx_word' id='word_1_349' title='bbox 1514 4285 1771 4340; x_wconf 85' lang='lat' dir='ltr'>hostiam</span> <span class='ocrx_word' id='word_1_350' title='bbox 1838 4287 2037 4341; x_wconf 88' lang='lat' dir='ltr'>viven-</span> 
     </span>
    </p>
   </div>
   <div class='ocr_carea' id='block_1_48' title="bbox 382 4368 2035 4445">
    <p class='ocr_par' dir='ltr' id='par_1_48' title="bbox 382 4368 2035 4445">
     <span class='ocr_line' id='line_1_48' title="bbox 382 4368 2035 4445; baseline 0.004 -22"><span class='ocrx_word' id='word_1_351' title='bbox 382 4375 502 4424; x_wconf 89' lang='lat' dir='ltr'>tem</span> <span class='ocrx_word' id='word_1_352' title='bbox 538 4368 601 4424; x_wconf 68' lang='grc'>³⁵.</span> <span class='ocrx_word' id='word_1_353' title='bbox 638 4392 666 4419; x_wconf 88' lang='grc'>››</span> <span class='ocrx_word' id='word_1_354' title='bbox 700 4370 1010 4441; x_wconf 64' lang='lat' dir='ltr'>Propheta)</span> <span class='ocrx_word' id='word_1_355' title='bbox 1040 4388 1199 4435; x_wconf 90' lang='lat' dir='ltr'>vero,</span> <span class='ocrx_word' id='word_1_356' title='bbox 1248 4377 1529 4442; x_wconf 86' lang='lat' dir='ltr'>tanquam</span> <span class='ocrx_word' id='word_1_357' title='bbox 1584 4389 1795 4445; x_wconf 76' lang='lat' dir='ltr'>magna</span> <span class='ocrx_word' id='word_1_358' title='bbox 1844 4374 2035 4430; x_wconf 89' lang='lat' dir='ltr'>edocti</span> 
     </span>
    </p>
   </div>
   <div class='ocr_carea' id='block_1_49' title="bbox 382 4459 2038 4535">
    <p class='ocr_par' dir='ltr' id='par_1_49' title="bbox 382 4459 2038 4535">
     <span class='ocr_line' id='line_1_49' title="bbox 382 4459 2038 4535; baseline 0.004 -23"><span class='ocrx_word' id='word_1_359' title='bbox 382 4459 686 4529; x_wconf 84' lang='lat' dir='ltr'>mysteria.</span> <span class='ocrx_word' id='word_1_360' title='bbox 709 4460 1090 4531; x_wconf 76' lang='lat' dir='ltr'>Ungitautem</span> <span class='ocrx_word' id='word_1_361' title='bbox 1115 4466 1171 4515; x_wconf 90' lang='lat' dir='ltr'>et</span> <span class='ocrx_word' id='word_1_362' title='bbox 1188 4460 1460 4531; x_wconf 70' lang='lat' dir='ltr'>obsignat</span> <span class='ocrx_word' id='word_1_363' title='bbox 1502 4463 1677 4517; x_wconf 89' lang='lat' dir='ltr'>Pater</span> <span class='ocrx_word' id='word_1_364' title='bbox 1716 4480 1821 4534; x_wconf 91' lang='lat' dir='ltr'>per</span> <span class='ocrx_word' id='word_1_365' title='bbox 1861 4464 2038 4535; x_wconf 80' lang='lat' dir='ltr'>Spiri-</span> 
     </span>
    </p>
   </div>
   <div class='ocr_carea' id='block_1_50' title="bbox 383 4549 2037 4623">
    <p class='ocr_par' dir='ltr' id='par_1_50' title="bbox 383 4549 2037 4623">
     <span class='ocr_line' id='line_1_50' title="bbox 383 4549 2037 4623; baseline 0.004 -23"><span class='ocrx_word' id='word_1_366' title='bbox 383 4551 508 4601; x_wconf 83' lang='lat' dir='ltr'>tum</span> <span class='ocrx_word' id='word_1_367' title='bbox 534 4554 803 4603; x_wconf 89' lang='lat' dir='ltr'>sanctum</span> <span class='ocrx_word' id='word_1_368' title='bbox 830 4565 843 4603; x_wconf 89' lang='lat'>:</span> <span class='ocrx_word' id='word_1_369' title='bbox 866 4566 1002 4604; x_wconf 90' lang='lat' dir='ltr'>nam</span> <span class='ocrx_word' id='word_1_370' title='bbox 1033 4549 1159 4604; x_wconf 66' lang='lat' dir='ltr'>haee</span> <span class='ocrx_word' id='word_1_371' title='bbox 1184 4549 1397 4620; x_wconf 86' lang='lat' dir='ltr'>inquit.</span> <span class='ocrx_word' id='word_1_372' title='bbox 1423 4551 1625 4605; x_wconf 90' lang='lat' dir='ltr'>unctio</span> <span class='ocrx_word' id='word_1_373' title='bbox 1666 4557 1724 4606; x_wconf 91' lang='lat' dir='ltr'>et</span> <span class='ocrx_word' id='word_1_374' title='bbox 1767 4552 2037 4623; x_wconf 74' lang='lat' dir='ltr'>obsigna-</span> 
     </span>
    </p>
   </div>
   <div class='ocr_carea' id='block_1_51' title="bbox 385 4635 2108 4709">
    <p class='ocr_par' dir='ltr' id='par_1_51' title="bbox 385 4635 2108 4709">
     <span class='ocr_line' id='line_1_51' title="bbox 385 4635 2108 4709; baseline 0.006 -20"><span class='ocrx_word' id='word_1_375' title='bbox 385 4635 464 4689; x_wconf 92' lang='lat' dir='ltr'>tio</span> <span class='ocrx_word' id='word_1_376' title='bbox 495 4637 673 4692; x_wconf 86' lang='lat' dir='ltr'>arrha</span> <span class='ocrx_word' id='word_1_377' title='bbox 698 4644 789 4693; x_wconf 91' lang='lat' dir='ltr'>est</span> <span class='ocrx_word' id='word_1_378' title='bbox 819 4637 1129 4693; x_wconf 86' lang='lat' dir='ltr'>Paracleti.</span> <span class='ocrx_word' id='word_1_379' title='bbox 1165 4638 1470 4709; x_wconf 89' lang='lat' dir='ltr'>Siquidem</span> <span class='ocrx_word' id='word_1_380' title='bbox 1502 4639 1575 4694; x_wconf 91' lang='lat' dir='ltr'>ob</span> <span class='ocrx_word' id='word_1_381' title='bbox 1598 4640 1657 4695; x_wconf 91' lang='lat' dir='ltr'>id</span> <span class='ocrx_word' id='word_1_382' title='bbox 1679 4657 1801 4696; x_wconf 90' lang='lat' dir='ltr'>non</span> <span class='ocrx_word' id='word_1_383' title='bbox 1837 4640 2028 4697; x_wconf 81' lang='lat' dir='ltr'>dixit:</span> <span class='ocrx_word' id='word_1_384' title='bbox 2065 4637 2108 4701; x_wconf 81' lang='grc' dir='ltr'><strong>Ι)</strong></span> 
     </span>
    </p>
   </div>
   <div class='ocr_carea' id='block_1_52' title="bbox 384 4724 2034 4801">
    <p class='ocr_par' dir='ltr' id='par_1_52' title="bbox 384 4724 2034 4801">
     <span class='ocr_line' id='line_1_52' title="bbox 384 4724 2034 4801; baseline 0.007 -25"><span class='ocrx_word' id='word_1_385' title='bbox 384 4724 492 4788; x_wconf 92' lang='lat' dir='ltr'>Qui</span> <span class='ocrx_word' id='word_1_386' title='bbox 527 4724 691 4779; x_wconf 86' lang='lat' dir='ltr'>dedit</span> <span class='ocrx_word' id='word_1_387' title='bbox 740 4727 1047 4797; x_wconf 88' lang='lat' dir='ltr'>Spiritum,</span> <span class='ocrx_word' id='word_1_388' title='bbox 1109 4728 1230 4794; x_wconf 87' lang='lat' dir='ltr'>sed,</span> <span class='ocrx_word' id='word_1_389' title='bbox 1291 4750 1319 4778; x_wconf 87' lang='lat'><strong>«</strong></span> <span class='ocrx_word' id='word_1_390' title='bbox 1386 4728 1633 4784; x_wconf 85' lang='lat' dir='ltr'>Arrham</span> <span class='ocrx_word' id='word_1_391' title='bbox 1692 4729 1967 4801; x_wconf 89' lang='lat' dir='ltr'>Spiritus,</span> <span class='ocrx_word' id='word_1_392' title='bbox 2003 4751 2034 4781; x_wconf 82' lang='lat'><strong>»</strong></span> 
     </span>
    </p>
   </div>
   <div class='ocr_carea' id='block_1_53' title="bbox 379 4810 2034 4884">
    <p class='ocr_par' dir='ltr' id='par_1_53' title="bbox 379 4810 2034 4884">
     <span class='ocr_line' id='line_1_53' title="bbox 379 4810 2034 4884; baseline 0.005 -17"><span class='ocrx_word' id='word_1_393' title='bbox 379 4810 718 4868; x_wconf 86' lang='lat' dir='ltr'>futurorum</span> <span class='ocrx_word' id='word_1_394' title='bbox 753 4831 918 4884; x_wconf 88' lang='lat' dir='ltr'>spem</span> <span class='ocrx_word' id='word_1_395' title='bbox 947 4816 1309 4871; x_wconf 87' lang='lat' dir='ltr'>conﬁrmans</span> <span class='ocrx_word' id='word_1_396' title='bbox 1343 4834 1356 4871; x_wconf 90' lang='lat'><strong><em>:</em></strong></span> <span class='ocrx_word' id='word_1_397' title='bbox 1390 4818 1574 4872; x_wconf 89' lang='lat' dir='ltr'>etnim</span> <span class='ocrx_word' id='word_1_398' title='bbox 1623 4818 1799 4873; x_wconf 89' lang='lat' dir='ltr'>arrha</span> <span class='ocrx_word' id='word_1_399' title='bbox 1857 4835 2034 4875; x_wconf 89' lang='lat' dir='ltr'>omne</span> 
     </span>
    </p>
   </div>
   <div class='ocr_carea' id='block_1_54' title="bbox 381 4903 2037 4979">
    <p class='ocr_par' dir='ltr' id='par_1_54' title="bbox 381 4903 2037 4979">
     <span class='ocr_line' id='line_1_54' title="bbox 381 4903 2037 4979; baseline 0.007 -25"><span class='ocrx_word' id='word_1_400' title='bbox 381 4907 622 4973; x_wconf 88' lang='lat' dir='ltr'>pactum</span> <span class='ocrx_word' id='word_1_401' title='bbox 646 4903 963 4960; x_wconf 83' lang='lat' dir='ltr'>confirmat</span> <span class='ocrx_word' id='word_1_402' title='bbox 983 4923 1050 4961; x_wconf 86' lang='lat' dir='ltr'>ac</span> <span class='ocrx_word' id='word_1_403' title='bbox 1069 4907 1312 4963; x_wconf 87' lang='lat' dir='ltr'>stabilit.</span> <span class='ocrx_word' id='word_1_404' title='bbox 1345 4910 1541 4979; x_wconf 88' lang='lat' dir='ltr'>Itaque</span> <span class='ocrx_word' id='word_1_405' title='bbox 1566 4914 1623 4963; x_wconf 89' lang='lat' dir='ltr'>et</span> <span class='ocrx_word' id='word_1_406' title='bbox 1669 4926 1831 4964; x_wconf 89' lang='lat' dir='ltr'>nunc</span> <span class='ocrx_word' id='word_1_407' title='bbox 1858 4909 2037 4966; x_wconf 89' lang='lat' dir='ltr'>arrha</span> 
     </span>
    </p>
   </div>
   <div class='ocr_carea' id='block_1_55' title="bbox 381 4991 2034 5069">
    <p class='ocr_par' dir='ltr' id='par_1_55' title="bbox 381 4991 2034 5069">
     <span class='ocr_line' id='line_1_55' title="bbox 381 4991 2034 5069; baseline 0.006 -24"><span class='ocrx_word' id='word_1_408' title='bbox 381 4991 636 5063; x_wconf 87' lang='lat' dir='ltr'>Spiritus</span> <span class='ocrx_word' id='word_1_409' title='bbox 661 4993 977 5049; x_wconf 88' lang='lat' dir='ltr'>conﬁrmat</span> <span class='ocrx_word' id='word_1_410' title='bbox 993 4995 1164 5051; x_wconf 88' lang='lat' dir='ltr'>nobis</span> <span class='ocrx_word' id='word_1_411' title='bbox 1196 4997 1396 5052; x_wconf 86' lang='lat' dir='ltr'>futura</span> <span class='ocrx_word' id='word_1_412' title='bbox 1438 4997 1611 5055; x_wconf 86' lang='lat' dir='ltr'>bona.</span> <span class='ocrx_word' id='word_1_413' title='bbox 1662 5015 1793 5069; x_wconf 76' lang='lat' dir='ltr'>qum</span> <span class='ocrx_word' id='word_1_414' title='bbox 1825 4999 2034 5055; x_wconf 89' lang='lat' dir='ltr'>oculus</span> 
     </span>
    </p>
   </div>
   <div class='ocr_carea' id='block_1_56' title="bbox 379 5081 2036 5158">
    <p class='ocr_par' dir='ltr' id='par_1_56' title="bbox 379 5081 2036 5158">
     <span class='ocr_line' id='line_1_56' title="bbox 379 5081 2036 5158; baseline 0.005 -23"><span class='ocrx_word' id='word_1_415' title='bbox 379 5098 497 5136; x_wconf 92' lang='lat' dir='ltr'>non</span> <span class='ocrx_word' id='word_1_416' title='bbox 526 5081 672 5136; x_wconf 84' lang='lat' dir='ltr'>vidit</span> <span class='ocrx_word' id='word_1_417' title='bbox 703 5088 761 5136; x_wconf 88' lang='lat' dir='ltr'>et</span> <span class='ocrx_word' id='word_1_418' title='bbox 792 5083 954 5138; x_wconf 85' lang='lat' dir='ltr'>auris</span> <span class='ocrx_word' id='word_1_419' title='bbox 983 5101 1105 5139; x_wconf 89' lang='lat' dir='ltr'>non</span> <span class='ocrx_word' id='word_1_420' title='bbox 1132 5085 1353 5141; x_wconf 83' lang='lat' dir='ltr'>audivit</span> <span class='ocrx_word' id='word_1_421' title='bbox 1387 5085 1451 5140; x_wconf 82' lang='grc'>¹⁶.</span> <span class='ocrx_word' id='word_1_422' title='bbox 1508 5109 1537 5137; x_wconf 89' lang='grc'><em>‹‹</em></span> <span class='ocrx_word' id='word_1_423' title='bbox 1589 5089 1657 5142; x_wconf 88' lang='lat' dir='ltr'>Et</span> <span class='ocrx_word' id='word_1_424' title='bbox 1708 5088 1809 5158; x_wconf 91' lang='lat' dir='ltr'>qui</span> <span class='ocrx_word' id='word_1_425' title='bbox 1870 5087 2036 5143; x_wconf 87' lang='lat' dir='ltr'>dedit</span> 
     </span>
    </p>
   </div>
   <div class='ocr_carea' id='block_1_57' title="bbox 380 5171 2033 5244">
    <p class='ocr_par' dir='ltr' id='par_1_57' title="bbox 380 5171 2033 5244">
     <span class='ocr_line' id='line_1_57' title="bbox 380 5171 2033 5244; baseline 0.004 -18"><span class='ocrx_word' id='word_1_426' title='bbox 380 5172 616 5227; x_wconf 85' lang='lat' dir='ltr'>arrham</span> <span class='ocrx_word' id='word_1_427' title='bbox 646 5171 917 5244; x_wconf 89' lang='lat' dir='ltr'>Spiritus.</span> <span class='ocrx_word' id='word_1_428' title='bbox 942 5194 971 5223; x_wconf 87' lang='lat'>»</span> <span class='ocrx_word' id='word_1_429' title='bbox 991 5174 1369 5230; x_wconf 87' lang='lat' dir='ltr'>Extrinsecus</span> <span class='ocrx_word' id='word_1_430' title='bbox 1392 5175 1863 5232; x_wconf 83' lang='lat' dir='ltr'>subaudiendem</span> <span class='ocrx_word' id='word_1_431' title='bbox 1904 5184 1993 5234; x_wconf 91' lang='lat' dir='ltr'>est</span> <span class='ocrx_word' id='word_1_432' title='bbox 2017 5193 2033 5233; x_wconf 89' lang='lat'><strong><em>:</em></strong></span> 
     </span>
    </p>
   </div>
   <div class='ocr_carea' id='block_1_58' title="bbox 381 5262 2033 5336">
    <p class='ocr_par' dir='ltr' id='par_1_58' title="bbox 381 5262 2033 5336">
     <span class='ocr_line' id='line_1_58' title="bbox 381 5262 2033 5336; baseline 0.005 -21"><span class='ocrx_word' id='word_1_433' title='bbox 381 5262 480 5331; x_wconf 89' lang='lat' dir='ltr'>qui</span> <span class='ocrx_word' id='word_1_434' title='bbox 504 5262 1033 5318; x_wconf 85' lang='lat' dir='ltr'>conﬁrmatuosin</span> <span class='ocrx_word' id='word_1_435' title='bbox 1058 5264 1375 5321; x_wconf 83' lang='lat' dir='ltr'>Christum.</span> <span class='ocrx_word' id='word_1_436' title='bbox 1423 5266 1523 5336; x_wconf 90' lang='lat' dir='ltr'>qui</span> <span class='ocrx_word' id='word_1_437' title='bbox 1572 5267 1742 5321; x_wconf 84' lang='lat' dir='ltr'>unxit</span> <span class='ocrx_word' id='word_1_438' title='bbox 1788 5275 1847 5322; x_wconf 90' lang='lat' dir='ltr'>et</span> <span class='ocrx_word' id='word_1_439' title='bbox 1875 5266 2033 5322; x_wconf 88' lang='lat' dir='ltr'>obsi-</span> 
     </span>
    </p>
   </div>
   <div class='ocr_carea' id='block_1_59' title="bbox 382 5352 2035 5425">
    <p class='ocr_par' dir='ltr' id='par_1_59' title="bbox 382 5352 2035 5425">
     <span class='ocr_line' id='line_1_59' title="bbox 382 5352 2035 5425; baseline 0.004 -20"><span class='ocrx_word' id='word_1_440' title='bbox 382 5352 598 5422; x_wconf 78' lang='lat' dir='ltr'>gnavit.</span> <span class='ocrx_word' id='word_1_441' title='bbox 622 5352 903 5424; x_wconf 85' lang='lat' dir='ltr'>deditque</span> <span class='ocrx_word' id='word_1_442' title='bbox 929 5353 1166 5409; x_wconf 87' lang='lat' dir='ltr'>arrbam</span> <span class='ocrx_word' id='word_1_443' title='bbox 1200 5354 1452 5425; x_wconf 88' lang='lat' dir='ltr'>Spiritus</span> <span class='ocrx_word' id='word_1_444' title='bbox 1484 5354 1544 5409; x_wconf 92' lang='lat' dir='ltr'>in</span> <span class='ocrx_word' id='word_1_445' title='bbox 1595 5356 1875 5412; x_wconf 88' lang='lat' dir='ltr'>cordibus</span> <span class='ocrx_word' id='word_1_446' title='bbox 1922 5373 2035 5412; x_wconf 86' lang='lat' dir='ltr'>no—</span> 
     </span>
    </p>
   </div>
   <div class='ocr_carea' id='block_1_60' title="bbox 386 5442 2034 5519">
    <p class='ocr_par' dir='ltr' id='par_1_60' title="bbox 386 5442 2034 5519">
     <span class='ocr_line' id='line_1_60' title="bbox 386 5442 2034 5519; baseline 0.004 -23"><span class='ocrx_word' id='word_1_447' title='bbox 386 5442 699 5514; x_wconf 85' lang='lat' dir='ltr'>stris,ipse.</span> <span class='ocrx_word' id='word_1_448' title='bbox 725 5444 943 5516; x_wconf 86' lang='lat' dir='ltr'>inquit,</span> <span class='ocrx_word' id='word_1_449' title='bbox 967 5444 1174 5516; x_wconf 89' lang='lat' dir='ltr'>estqui</span> <span class='ocrx_word' id='word_1_450' title='bbox 1214 5462 1353 5501; x_wconf 88' lang='lat' dir='ltr'>suas</span> <span class='ocrx_word' id='word_1_451' title='bbox 1398 5446 1657 5517; x_wconf 89' lang='lat' dir='ltr'>complet</span> <span class='ocrx_word' id='word_1_452' title='bbox 1687 5447 2034 5519; x_wconf 89' lang='lat' dir='ltr'>promissio-</span> 
     </span>
    </p>
   </div>
   <div class='ocr_carea' id='block_1_61' title="bbox 383 5532 2031 5607">
    <p class='ocr_par' dir='ltr' id='par_1_61' title="bbox 383 5532 2031 5607">
     <span class='ocr_line' id='line_1_61' title="bbox 383 5532 2031 5607; baseline 0.007 -24"><span class='ocrx_word' id='word_1_453' title='bbox 383 5544 512 5586; x_wconf 89' lang='lat' dir='ltr'>nes.</span> <span class='ocrx_word' id='word_1_454' title='bbox 544 5532 869 5591; x_wconf 86' lang='lat' dir='ltr'>Considera</span> <span class='ocrx_word' id='word_1_455' title='bbox 900 5534 1197 5607; x_wconf 89' lang='lat' dir='ltr'>quomodo</span> <span class='ocrx_word' id='word_1_456' title='bbox 1228 5535 1715 5594; x_wconf 83' lang='lat' dir='ltr'>manifestissime</span> <span class='ocrx_word' id='word_1_457' title='bbox 1760 5545 2031 5594; x_wconf 84' lang='lat' dir='ltr'>sanctam</span> 
     </span>
    </p>
   </div>
   <div class='ocr_carea' id='block_1_62' title="bbox 450 5681 1385 5759">
    <p class='ocr_par' dir='ltr' id='par_1_62' title="bbox 450 5681 1385 5759">
     <span class='ocr_line' id='line_1_62' title="bbox 450 5681 1385 5759; baseline 0.004 -21"><span class='ocrx_word' id='word_1_458' title='bbox 450 5681 494 5719; x_wconf 83' lang='grc'>¹⁸</span> <span class='ocrx_word' id='word_1_459' title='bbox 525 5683 692 5739; x_wconf 83' lang='lat' dir='ltr'>Rom.</span> <span class='ocrx_word' id='word_1_460' title='bbox 726 5700 826 5757; x_wconf 82' lang='lat' dir='ltr'>xu,</span> <span class='ocrx_word' id='word_1_461' title='bbox 860 5688 911 5739; x_wconf 77' lang='grc'><strong>1.</strong></span> <span class='ocrx_word' id='word_1_462' title='bbox 942 5684 1037 5741; x_wconf 71' lang='grc'>1⁸1</span> <span class='ocrx_word' id='word_1_463' title='bbox 1065 5686 1195 5745; x_wconf 88' lang='lat' dir='ltr'>Cor.</span> <span class='ocrx_word' id='word_1_464' title='bbox 1229 5704 1295 5759; x_wconf 80' lang='grc' dir='ltr'>ιι,</span> <span class='ocrx_word' id='word_1_465' title='bbox 1331 5689 1385 5742; x_wconf 81' lang='lat'>9.</span> 
     </span>
    </p>
   </div>
   <div class='ocr_carea' id='block_1_63' title="bbox 2148 609 3843 685">
    <p class='ocr_par' dir='ltr' id='par_1_63' title="bbox 2148 609 3843 685">
     <span class='ocr_line' id='line_1_63' title="bbox 2148 609 3843 685; baseline -0.003 -14"><span class='ocrx_word' id='word_1_466' title='bbox 2148 620 2311 671; x_wconf 84' lang='grc' dir='ltr'>τοῦτο</span> <span class='ocrx_word' id='word_1_467' title='bbox 2334 622 2504 683; x_wconf 78' lang='grc' dir='ltr'>ποιεῖ,</span> <span class='ocrx_word' id='word_1_468' title='bbox 2547 616 2621 678; x_wconf 86' lang='grc' dir='ltr'>είς</span> <span class='ocrx_word' id='word_1_469' title='bbox 2651 616 2712 672; x_wconf 87' lang='grc' dir='ltr'>τὸ</span> <span class='ocrx_word' id='word_1_470' title='bbox 2743 611 3064 685; x_wconf 71' lang='grc' dir='ltr'>δἰεασθῆναι</span> <span class='ocrx_word' id='word_1_471' title='bbox 3117 614 3206 668; x_wconf 87' lang='grc' dir='ltr'>τὸν</span> <span class='ocrx_word' id='word_1_472' title='bbox 3236 613 3390 682; x_wconf 84' lang='grc' dir='ltr'>Θεὸν,</span> <span class='ocrx_word' id='word_1_473' title='bbox 3452 612 3555 666; x_wconf 78' lang='grc' dir='ltr'>ὃτι</span> <span class='ocrx_word' id='word_1_474' title='bbox 3625 609 3701 665; x_wconf 77' lang='grc' dir='ltr'>δι’</span> <span class='ocrx_word' id='word_1_475' title='bbox 3750 610 3843 666; x_wconf 77' lang='grc' dir='ltr'>ἁν-</span> 
     </span>
    </p>
   </div>
   <div class='ocr_carea' id='block_1_64' title="bbox 2149 706 2846 780">
    <p class='ocr_par' dir='ltr' id='par_1_64' title="bbox 2149 706 2846 780">
     <span class='ocr_line' id='line_1_64' title="bbox 2149 706 2846 780; baseline 0.004 -18"><span class='ocrx_word' id='word_1_476' title='bbox 2149 706 2383 780; x_wconf 83' lang='grc' dir='ltr'>θρώπων</span> <span class='ocrx_word' id='word_1_477' title='bbox 2416 710 2647 762; x_wconf 86' lang='grc' dir='ltr'>τοσαῦτα</span> <span class='ocrx_word' id='word_1_478' title='bbox 2677 711 2846 765; x_wconf 83' lang='grc' dir='ltr'>ποιεῖ.</span> 
     </span>
    </p>
   </div>
   <div class='ocr_carea' id='block_1_65' title="bbox 2216 1054 3849 1136">
    <p class='ocr_par' dir='ltr' id='par_1_65' title="bbox 2216 1054 3849 1136">
     <span class='ocr_line' id='line_1_65' title="bbox 2216 1054 3849 1136; baseline -0.002 -20"><span class='ocrx_word' id='word_1_479' title='bbox 2216 1059 2278 1116; x_wconf 83' lang='grc' dir='ltr'><strong>Ὀ</strong></span> <span class='ocrx_word' id='word_1_480' title='bbox 2310 1056 2367 1114; x_wconf 69' lang='grc' dir='ltr'>δὲ</span> <span class='ocrx_word' id='word_1_481' title='bbox 2401 1054 2638 1136; x_wconf 73' lang='grc' dir='ltr'>βεϐαιῶν</span> <span class='ocrx_word' id='word_1_482' title='bbox 2671 1062 2819 1133; x_wconf 80' lang='grc' dir='ltr'>ἡμᾶς</span> <span class='ocrx_word' id='word_1_483' title='bbox 2848 1059 2939 1115; x_wconf 76' lang='grc' dir='ltr'>σῦν</span> <span class='ocrx_word' id='word_1_484' title='bbox 2972 1062 3109 1132; x_wconf 71' lang='grc' dir='ltr'>ἡμῖν</span> <span class='ocrx_word' id='word_1_485' title='bbox 3140 1061 3216 1124; x_wconf 76' lang='grc' dir='ltr'>εἰς</span> <span class='ocrx_word' id='word_1_486' title='bbox 3255 1061 3532 1136; x_wconf 76' lang='grc' dir='ltr'>Χριστὸν,</span> <span class='ocrx_word' id='word_1_487' title='bbox 3569 1058 3679 1114; x_wconf 73' lang='grc' dir='ltr'>καὶ</span> <span class='ocrx_word' id='word_1_488' title='bbox 3713 1059 3849 1134; x_wconf 83' lang='grc' dir='ltr'>χρί-</span> 
     </span>
    </p>
   </div>
   <div class='ocr_carea' id='block_1_66' title="bbox 2149 1145 3853 1228">
    <p class='ocr_par' dir='ltr' id='par_1_66' title="bbox 2149 1145 3853 1228">
     <span class='ocr_line' id='line_1_66' title="bbox 2149 1145 3853 1228; baseline 0 -27"><span class='ocrx_word' id='word_1_489' title='bbox 2149 1167 2243 1210; x_wconf 87' lang='grc' dir='ltr'>σας</span> <span class='ocrx_word' id='word_1_490' title='bbox 2272 1150 2421 1220; x_wconf 72' lang='grc' dir='ltr'>ἡμᾶς</span> <span class='ocrx_word' id='word_1_491' title='bbox 2450 1150 2598 1217; x_wconf 82' lang='grc' dir='ltr'>Θεὸς,</span> <span class='ocrx_word' id='word_1_492' title='bbox 2625 1150 2653 1204; x_wconf 99' lang='lat'>6</span> <span class='ocrx_word' id='word_1_493' title='bbox 2684 1150 2773 1204; x_wconf 81' lang='grc' dir='ltr'>καὶ</span> <span class='ocrx_word' id='word_1_494' title='bbox 2813 1150 3248 1228; x_wconf 71' lang='grc' dir='ltr'>σφραγισάμενος</span> <span class='ocrx_word' id='word_1_495' title='bbox 3304 1152 3478 1221; x_wconf 67' lang='grc' dir='ltr'>ἡμᾶς,</span> <span class='ocrx_word' id='word_1_496' title='bbox 3546 1150 3657 1203; x_wconf 77' lang='grc' dir='ltr'>καὶ</span> <span class='ocrx_word' id='word_1_497' title='bbox 3722 1145 3853 1211; x_wconf 69' lang='grc' dir='ltr'>δοὺς</span> 
     </span>
    </p>
   </div>
   <div class='ocr_carea' id='block_1_67' title="bbox 2147 1233 3852 1314">
    <p class='ocr_par' dir='ltr' id='par_1_67' title="bbox 2147 1233 3852 1314">
     <span class='ocr_line' id='line_1_67' title="bbox 2147 1233 3852 1314; baseline 0.001 -22"><span class='ocrx_word' id='word_1_498' title='bbox 2147 1237 2238 1293; x_wconf 88' lang='grc' dir='ltr'>τὸν</span> <span class='ocrx_word' id='word_1_499' title='bbox 2268 1233 2555 1314; x_wconf 72' lang='grc' dir='ltr'>ἀρραϐῶνα</span> <span class='ocrx_word' id='word_1_500' title='bbox 2583 1243 2680 1295; x_wconf 89' lang='grc' dir='ltr'>τοῦ</span> <span class='ocrx_word' id='word_1_501' title='bbox 2713 1239 3027 1314; x_wconf 74' lang='grc' dir='ltr'>Ιινεῦματος</span> <span class='ocrx_word' id='word_1_502' title='bbox 3075 1240 3127 1295; x_wconf 75' lang='grc' dir='ltr'>ἐν</span> <span class='ocrx_word' id='word_1_503' title='bbox 3186 1245 3307 1302; x_wconf 82' lang='grc' dir='ltr'>ταῖς</span> <span class='ocrx_word' id='word_1_504' title='bbox 3352 1235 3633 1314; x_wconf 78' lang='grc' dir='ltr'>καρδίαις</span> <span class='ocrx_word' id='word_1_505' title='bbox 3656 1238 3852 1310; x_wconf 70' lang='grc' dir='ltr'>ἡμῶν.</span> 
     </span>
    </p>
   </div>
   <div class='ocr_carea' id='block_1_68' title="bbox 2145 1325 3850 1406">
    <p class='ocr_par' dir='ltr' id='par_1_68' title="bbox 2145 1325 3850 1406">
     <span class='ocr_line' id='line_1_68' title="bbox 2145 1325 3850 1406; baseline -0.001 -23"><span class='ocrx_word' id='word_1_506' title='bbox 2145 1326 2293 1403; x_wconf 87' lang='grc' dir='ltr'>Ἐγὼ</span> <span class='ocrx_word' id='word_1_507' title='bbox 2320 1325 2377 1383; x_wconf 68' lang='grc' dir='ltr'>δὲ</span> <span class='ocrx_word' id='word_1_508' title='bbox 2410 1329 2655 1406; x_wconf 68' lang='grc' dir='ltr'>μάρτυρα</span> <span class='ocrx_word' id='word_1_509' title='bbox 2685 1329 2776 1385; x_wconf 85' lang='grc' dir='ltr'>τὸν</span> <span class='ocrx_word' id='word_1_510' title='bbox 2809 1331 2938 1385; x_wconf 85' lang='grc' dir='ltr'>Θεὸν</span> <span class='ocrx_word' id='word_1_511' title='bbox 2968 1328 3337 1402; x_wconf 77' lang='grc' dir='ltr'>ἐπικαλοῦμαι</span> <span class='ocrx_word' id='word_1_512' title='bbox 3369 1329 3458 1385; x_wconf 72' lang='grc' dir='ltr'>ἐπὶ</span> <span class='ocrx_word' id='word_1_513' title='bbox 3522 1330 3647 1397; x_wconf 75' lang='grc' dir='ltr'>τῆν</span> <span class='ocrx_word' id='word_1_514' title='bbox 3703 1327 3850 1399; x_wconf 72' lang='grc' dir='ltr'>ἐμήν</span> 
     </span>
    </p>
   </div>
   <div class='ocr_carea' id='block_1_69' title="bbox 2145 1419 3849 1501">
    <p class='ocr_par' dir='ltr' id='par_1_69' title="bbox 2145 1419 3849 1501">
     <span class='ocr_line' id='line_1_69' title="bbox 2145 1419 3849 1501; baseline 0 -27"><span class='ocrx_word' id='word_1_515' title='bbox 2145 1421 2354 1495; x_wconf 67' lang='grc' dir='ltr'>ψυχὴν,</span> <span class='ocrx_word' id='word_1_516' title='bbox 2387 1420 2471 1476; x_wconf 75' lang='grc' dir='ltr'>ὅτι</span> <span class='ocrx_word' id='word_1_517' title='bbox 2502 1419 2821 1501; x_wconf 77' lang='grc' dir='ltr'>φειδόμενος</span> <span class='ocrx_word' id='word_1_518' title='bbox 2854 1422 3034 1496; x_wconf 82' lang='grc' dir='ltr'>ὑμῶν,</span> <span class='ocrx_word' id='word_1_519' title='bbox 3066 1422 3165 1478; x_wconf 74' lang='grc' dir='ltr'>οὐκ</span> <span class='ocrx_word' id='word_1_520' title='bbox 3206 1420 3284 1478; x_wconf 82' lang='grc' dir='ltr'>ἔτι</span> <span class='ocrx_word' id='word_1_521' title='bbox 3341 1420 3524 1491; x_wconf 69' lang='grc' dir='ltr'>ἦλθον</span> <span class='ocrx_word' id='word_1_522' title='bbox 3600 1420 3692 1484; x_wconf 76' lang='grc' dir='ltr'>εἷς</span> <span class='ocrx_word' id='word_1_523' title='bbox 3734 1420 3849 1477; x_wconf 84' lang='lat' dir='ltr'>K6-</span> 
     </span>
    </p>
   </div>
   <div class='ocr_carea' id='block_1_70' title="bbox 2146 1509 3849 1590">
    <p class='ocr_par' dir='ltr' id='par_1_70' title="bbox 2146 1509 3849 1590">
     <span class='ocr_line' id='line_1_70' title="bbox 2146 1509 3849 1590; baseline -0.001 -23"><span class='ocrx_word' id='word_1_524' title='bbox 2146 1513 2347 1586; x_wconf 81' lang='grc' dir='ltr'>ρινθον.</span> <span class='ocrx_word' id='word_1_525' title='bbox 2382 1512 2504 1590; x_wconf 79' lang='grc' dir='ltr'>Οὐχ</span> <span class='ocrx_word' id='word_1_526' title='bbox 2529 1517 2612 1571; x_wconf 76' lang='grc' dir='ltr'>ὅτι</span> <span class='ocrx_word' id='word_1_527' title='bbox 2635 1512 2957 1590; x_wconf 80' lang='grc' dir='ltr'>κυριεύομεν</span> <span class='ocrx_word' id='word_1_528' title='bbox 2995 1515 3149 1587; x_wconf 86' lang='grc' dir='ltr'>ὑμῶν</span> <span class='ocrx_word' id='word_1_529' title='bbox 3208 1520 3310 1584; x_wconf 83' lang='grc' dir='ltr'>τῆς</span> <span class='ocrx_word' id='word_1_530' title='bbox 3365 1512 3653 1575; x_wconf 83' lang='grc' dir='ltr'>πίστεως,</span> <span class='ocrx_word' id='word_1_531' title='bbox 3692 1509 3849 1566; x_wconf 67' lang='grc' dir='ltr'>ἀλλὰ</span> 
     </span>
    </p>
   </div>
   <div class='ocr_carea' id='block_1_71' title="bbox 2146 1599 3844 1678">
    <p class='ocr_par' dir='ltr' id='par_1_71' title="bbox 2146 1599 3844 1678">
     <span class='ocr_line' id='line_1_71' title="bbox 2146 1599 3844 1678; baseline -0.001 -21"><span class='ocrx_word' id='word_1_532' title='bbox 2146 1602 2393 1676; x_wconf 73' lang='grc' dir='ltr'>συνεργοί</span> <span class='ocrx_word' id='word_1_533' title='bbox 2449 1600 2608 1676; x_wconf 79' lang='grc' dir='ltr'>ἐσμεν</span> <span class='ocrx_word' id='word_1_534' title='bbox 2672 1609 2771 1673; x_wconf 86' lang='grc' dir='ltr'>τῆς</span> <span class='ocrx_word' id='word_1_535' title='bbox 2836 1606 3013 1678; x_wconf 79' lang='grc' dir='ltr'>χαρᾶς</span> <span class='ocrx_word' id='word_1_536' title='bbox 3098 1602 3272 1676; x_wconf 83' lang='grc' dir='ltr'>ὑμῶν.</span> <span class='ocrx_word' id='word_1_537' title='bbox 3329 1604 3411 1675; x_wconf 76' lang='grc' dir='ltr'>Τῇ</span> <span class='ocrx_word' id='word_1_538' title='bbox 3471 1603 3595 1677; x_wconf 75' lang='grc' dir='ltr'>γὰρ</span> <span class='ocrx_word' id='word_1_539' title='bbox 3652 1599 3844 1656; x_wconf 80' lang='grc' dir='ltr'>πίστει</span> 
     </span>
    </p>
   </div>
   <div class='ocr_carea' id='block_1_72' title="bbox 2145 1690 2425 1761">
    <p class='ocr_par' dir='ltr' id='par_1_72' title="bbox 2145 1690 2425 1761">
     <span class='ocr_line' id='line_1_72' title="bbox 2145 1690 2425 1761; baseline 0.007 -17"><span class='ocrx_word' id='word_1_540' title='bbox 2145 1690 2425 1761; x_wconf 58' lang='grc' dir='ltr'>ἑστήκατε</span> 
     </span>
    </p>
   </div>
   <div class='ocr_carea' id='block_1_73' title="bbox 2218 1777 3841 1855">
    <p class='ocr_par' dir='ltr' id='par_1_73' title="bbox 2218 1777 3841 1855">
     <span class='ocr_line' id='line_1_73' title="bbox 2218 1777 3841 1855; baseline -0.003 -18"><span class='ocrx_word' id='word_1_541' title='bbox 2218 1777 2442 1847; x_wconf 78' lang='grc' dir='ltr'>Ἐπειδὴ</span> <span class='ocrx_word' id='word_1_542' title='bbox 2474 1780 2609 1835; x_wconf 69' lang='grc' dir='ltr'>εἶπε·</span> <span class='ocrx_word' id='word_1_543' title='bbox 2643 1786 2721 1836; x_wconf 80' lang='grc' dir='ltr'>Δι’</span> <span class='ocrx_word' id='word_1_544' title='bbox 2748 1780 2910 1854; x_wconf 74' lang='grc' dir='ltr'>ἡμῶν</span> <span class='ocrx_word' id='word_1_545' title='bbox 2940 1778 3282 1855; x_wconf 74' lang='grc' dir='ltr'>πληροῦνται</span> <span class='ocrx_word' id='word_1_546' title='bbox 3313 1780 3370 1834; x_wconf 81' lang='lat' dir='ltr'>al.</span> <span class='ocrx_word' id='word_1_547' title='bbox 3426 1778 3841 1854; x_wconf 70' lang='grc' dir='ltr'>ἐπαγγελείαι,</span> 
     </span>
    </p>
   </div>
   <div class='ocr_carea' id='block_1_74' title="bbox 2146 1862 3850 1947">
    <p class='ocr_par' dir='ltr' id='par_1_74' title="bbox 2146 1862 3850 1947">
     <span class='ocr_line' id='line_1_74' title="bbox 2146 1862 3850 1947; baseline -0.002 -24"><span class='ocrx_word' id='word_1_548' title='bbox 2146 1864 2553 1945; x_wconf 72' lang='grc' dir='ltr'>ἔπιδιορθοῦται</span> <span class='ocrx_word' id='word_1_549' title='bbox 2585 1870 2742 1940; x_wconf 76' lang='grc' dir='ltr'>αὐτὸ,</span> <span class='ocrx_word' id='word_1_550' title='bbox 2773 1867 2865 1925; x_wconf 85' lang='grc' dir='ltr'>καί</span> <span class='ocrx_word' id='word_1_551' title='bbox 2896 1888 3079 1947; x_wconf 81' lang='grc' dir='ltr'>φησιν·</span> <span class='ocrx_word' id='word_1_552' title='bbox 3106 1870 3195 1931; x_wconf 83' lang='grc' dir='ltr'>Ὠς</span> <span class='ocrx_word' id='word_1_553' title='bbox 3243 1865 3315 1923; x_wconf 84' lang='grc' dir='ltr'>δι’</span> <span class='ocrx_word' id='word_1_554' title='bbox 3368 1871 3537 1941; x_wconf 72' lang='grc' dir='ltr'>ἡμῶν</span> <span class='ocrx_word' id='word_1_555' title='bbox 3611 1868 3725 1940; x_wconf 73' lang='grc' dir='ltr'>μὶν</span> <span class='ocrx_word' id='word_1_556' title='bbox 3760 1862 3850 1921; x_wconf 76' lang='grc' dir='ltr'>ὄν-</span> 
     </span>
    </p>
   </div>
   <div class='ocr_carea' id='block_1_75' title="bbox 2142 1951 3848 2033">
    <p class='ocr_par' dir='ltr' id='par_1_75' title="bbox 2142 1951 3848 2033">
     <span class='ocr_line' id='line_1_75' title="bbox 2142 1951 3848 2033; baseline -0.001 -20"><span class='ocrx_word' id='word_1_557' title='bbox 2142 1979 2252 2013; x_wconf 87' lang='grc' dir='ltr'>των</span> <span class='ocrx_word' id='word_1_558' title='bbox 2276 1955 2561 2030; x_wconf 84' lang='grc' dir='ltr'>διακόνων,</span> <span class='ocrx_word' id='word_1_559' title='bbox 2595 1964 2746 2015; x_wconf 83' lang='grc' dir='ltr'>ποιεῖ</span> <span class='ocrx_word' id='word_1_560' title='bbox 2776 1959 2941 2021; x_wconf 80' lang='grc' dir='ltr'>αὐτὸς</span> <span class='ocrx_word' id='word_1_561' title='bbox 2970 1955 3027 2014; x_wconf 76' lang='grc' dir='ltr'>εὶ</span> <span class='ocrx_word' id='word_1_562' title='bbox 3057 1959 3086 2014; x_wconf 89' lang='lat'>6</span> <span class='ocrx_word' id='word_1_563' title='bbox 3124 1959 3333 2033; x_wconf 76' lang='grc' dir='ltr'>Πατὴρ,</span> <span class='ocrx_word' id='word_1_564' title='bbox 3387 1982 3415 2009; x_wconf 90' lang='grc'>‹‹</span> <span class='ocrx_word' id='word_1_565' title='bbox 3447 1959 3508 2011; x_wconf 79' lang='lat' dir='ltr'><strong>&#39;O</strong></span> <span class='ocrx_word' id='word_1_566' title='bbox 3580 1951 3848 2032; x_wconf 75' lang='grc' dir='ltr'>βεϐαιῶν</span> 
     </span>
    </p>
   </div>
   <div class='ocr_carea' id='block_1_76' title="bbox 2145 2044 3841 2122">
    <p class='ocr_par' dir='ltr' id='par_1_76' title="bbox 2145 2044 3841 2122">
     <span class='ocr_line' id='line_1_76' title="bbox 2145 2044 3841 2122; baseline -0.001 -20"><span class='ocrx_word' id='word_1_567' title='bbox 2145 2049 2313 2119; x_wconf 78' lang='grc' dir='ltr'>ἡμᾶς,</span> <span class='ocrx_word' id='word_1_568' title='bbox 2348 2072 2377 2100; x_wconf 83' lang='grc'>››</span> <span class='ocrx_word' id='word_1_569' title='bbox 2406 2048 2495 2103; x_wconf 79' lang='grc' dir='ltr'>καὶ</span> <span class='ocrx_word' id='word_1_570' title='bbox 2531 2048 2559 2102; x_wconf 91' lang='lat'>6</span> <span class='ocrx_word' id='word_1_571' title='bbox 2591 2044 2741 2116; x_wconf 81' lang='grc' dir='ltr'>δοὺς,</span> <span class='ocrx_word' id='word_1_572' title='bbox 2784 2046 2997 2122; x_wconf 79' lang='grc' dir='ltr'>πληροῖ</span> <span class='ocrx_word' id='word_1_573' title='bbox 3040 2048 3138 2110; x_wconf 82' lang='grc' dir='ltr'>τὰς</span> <span class='ocrx_word' id='word_1_574' title='bbox 3179 2044 3317 2109; x_wconf 76' lang='grc' dir='ltr'>ἰδίας</span> <span class='ocrx_word' id='word_1_575' title='bbox 3351 2046 3734 2121; x_wconf 78' lang='grc' dir='ltr'>ὑποσχέσεις.</span> <span class='ocrx_word' id='word_1_576' title='bbox 3770 2077 3841 2088; x_wconf 90' lang='grc'><strong>-</strong></span> 
     </span>
    </p>
   </div>
   <div class='ocr_carea' id='block_1_77' title="bbox 2145 2131 3838 2212">
    <p class='ocr_par' dir='ltr' id='par_1_77' title="bbox 2145 2131 3838 2212">
     <span class='ocr_line' id='line_1_77' title="bbox 2145 2131 3838 2212; baseline -0.001 -19"><span class='ocrx_word' id='word_1_577' title='bbox 2145 2139 2356 2211; x_wconf 82' lang='grc' dir='ltr'>[ΦΩΤ.]</span> <span class='ocrx_word' id='word_1_578' title='bbox 2392 2139 2490 2207; x_wconf 86' lang='grc' dir='ltr'>Τὸ,</span> <span class='ocrx_word' id='word_1_579' title='bbox 2522 2162 2550 2190; x_wconf 79' lang='grc' dir='ltr'>α</span> <span class='ocrx_word' id='word_1_580' title='bbox 2584 2138 2613 2192; x_wconf 87' lang='lat'>6</span> <span class='ocrx_word' id='word_1_581' title='bbox 2644 2135 2701 2192; x_wconf 65' lang='grc' dir='ltr'>δὲ</span> <span class='ocrx_word' id='word_1_582' title='bbox 2732 2131 2968 2212; x_wconf 74' lang='grc' dir='ltr'>βεϐαιῶν</span> <span class='ocrx_word' id='word_1_583' title='bbox 2996 2139 3168 2210; x_wconf 78' lang='grc' dir='ltr'>ἡμᾶς,</span> <span class='ocrx_word' id='word_1_584' title='bbox 3201 2159 3229 2189; x_wconf 68' lang='grc' dir='ltr'>ι»</span> <span class='ocrx_word' id='word_1_585' title='bbox 3276 2137 3367 2191; x_wconf 78' lang='grc' dir='ltr'>καὶ</span> <span class='ocrx_word' id='word_1_586' title='bbox 3400 2135 3546 2207; x_wconf 74' lang='grc' dir='ltr'>ἑξῆς,</span> <span class='ocrx_word' id='word_1_587' title='bbox 3613 2135 3656 2205; x_wconf 74' lang='grc' dir='ltr'><strong>ἢ</strong></span> <span class='ocrx_word' id='word_1_588' title='bbox 3694 2134 3838 2191; x_wconf 70' lang='grc' dir='ltr'>κατὰ</span> 
     </span>
    </p>
   </div>
   <div class='ocr_carea' id='block_1_78' title="bbox 2143 2221 3831 2301">
    <p class='ocr_par' dir='ltr' id='par_1_78' title="bbox 2143 2221 3831 2301">
     <span class='ocr_line' id='line_1_78' title="bbox 2143 2221 3831 2301; baseline -0.001 -20"><span class='ocrx_word' id='word_1_589' title='bbox 2143 2221 2391 2301; x_wconf 72' lang='grc' dir='ltr'>ἔλλειψιν</span> <span class='ocrx_word' id='word_1_590' title='bbox 2425 2225 2565 2282; x_wconf 73' lang='grc' dir='ltr'>ἰστὶν</span> <span class='ocrx_word' id='word_1_591' title='bbox 2621 2224 2911 2301; x_wconf 74' lang='grc' dir='ltr'>εἲρημένον</span> <span class='ocrx_word' id='word_1_592' title='bbox 2966 2224 3105 2281; x_wconf 85' lang='grc' dir='ltr'>’ὀλου</span> <span class='ocrx_word' id='word_1_593' title='bbox 3156 2223 3447 2286; x_wconf 76' lang='grc' dir='ltr'>λείποντος</span> <span class='ocrx_word' id='word_1_594' title='bbox 3504 2223 3724 2299; x_wconf 77' lang='grc' dir='ltr'>ῥητοῦ,</span> <span class='ocrx_word' id='word_1_595' title='bbox 3769 2226 3831 2294; x_wconf 70' lang='grc' dir='ltr'>ἢ,</span> 
     </span>
    </p>
   </div>
   <div class='ocr_carea' id='block_1_79' title="bbox 2142 2311 3821 2389">
    <p class='ocr_par' dir='ltr' id='par_1_79' title="bbox 2142 2311 3821 2389">
     <span class='ocr_line' id='line_1_79' title="bbox 2142 2311 3821 2389; baseline -0.002 -18"><span class='ocrx_word' id='word_1_596' title='bbox 2142 2315 2278 2371; x_wconf 81' lang='grc' dir='ltr'>κατᾶ</span> <span class='ocrx_word' id='word_1_597' title='bbox 2333 2312 2583 2389; x_wconf 76' lang='grc' dir='ltr'>ἔλλειψιν</span> <span class='ocrx_word' id='word_1_598' title='bbox 2645 2313 2817 2389; x_wconf 84' lang='grc' dir='ltr'>μόνης</span> <span class='ocrx_word' id='word_1_599' title='bbox 2870 2312 3069 2385; x_wconf 82' lang='grc' dir='ltr'>λέξεως</span> <span class='ocrx_word' id='word_1_600' title='bbox 3125 2318 3227 2380; x_wconf 73' lang='grc' dir='ltr'>τῆς</span> <span class='ocrx_word' id='word_1_601' title='bbox 3266 2317 3386 2385; x_wconf 87' lang='grc' dir='ltr'>τοῦ,</span> <span class='ocrx_word' id='word_1_602' title='bbox 3446 2311 3630 2388; x_wconf 78' lang='grc' dir='ltr'>ἔστιν,</span> <span class='ocrx_word' id='word_1_603' title='bbox 3667 2315 3821 2383; x_wconf 78' lang='grc' dir='ltr'>οἷον,</span> 
     </span>
    </p>
   </div>
   <div class='ocr_carea' id='block_1_80' title="bbox 2141 2399 3818 2480">
    <p class='ocr_par' dir='ltr' id='par_1_80' title="bbox 2141 2399 3818 2480">
     <span class='ocr_line' id='line_1_80' title="bbox 2141 2399 3818 2480; baseline -0.001 -17"><span class='ocrx_word' id='word_1_604' title='bbox 2141 2406 2203 2463; x_wconf 90' lang='grc' dir='ltr'>Ὁ</span> <span class='ocrx_word' id='word_1_605' title='bbox 2235 2399 2471 2480; x_wconf 76' lang='grc' dir='ltr'>βεϐαιῶν</span> <span class='ocrx_word' id='word_1_606' title='bbox 2499 2406 2671 2479; x_wconf 75' lang='grc' dir='ltr'>ἡμᾶς,</span> <span class='ocrx_word' id='word_1_607' title='bbox 2698 2404 2788 2460; x_wconf 82' lang='grc' dir='ltr'>καὶ</span> <span class='ocrx_word' id='word_1_608' title='bbox 2846 2404 2913 2461; x_wconf 81' lang='grc' dir='ltr'>τὰ</span> <span class='ocrx_word' id='word_1_609' title='bbox 2973 2402 3118 2460; x_wconf 82' lang='grc' dir='ltr'>ἄλλα</span> <span class='ocrx_word' id='word_1_610' title='bbox 3177 2408 3372 2473; x_wconf 86' lang='grc' dir='ltr'>ποιῶν,</span> <span class='ocrx_word' id='word_1_611' title='bbox 3433 2405 3570 2468; x_wconf 86' lang='grc' dir='ltr'>Θεός</span> <span class='ocrx_word' id='word_1_612' title='bbox 3637 2403 3818 2461; x_wconf 77' lang='grc' dir='ltr'>ἔστιν.</span> 
     </span>
    </p>
   </div>
   <div class='ocr_carea' id='block_1_81' title="bbox 2142 2489 3817 2569">
    <p class='ocr_par' dir='ltr' id='par_1_81' title="bbox 2142 2489 3817 2569">
     <span class='ocr_line' id='line_1_81' title="bbox 2142 2489 3817 2569; baseline -0.003 -17"><span class='ocrx_word' id='word_1_613' title='bbox 2142 2492 2300 2552; x_wconf 85' lang='grc' dir='ltr'>Ἀλλ’</span> <span class='ocrx_word' id='word_1_614' title='bbox 2330 2493 2377 2549; x_wconf 81' lang='grc' dir='ltr'>εἰ</span> <span class='ocrx_word' id='word_1_615' title='bbox 2422 2494 2515 2567; x_wconf 75' lang='grc' dir='ltr'>μὶν</span> <span class='ocrx_word' id='word_1_616' title='bbox 2556 2496 2674 2550; x_wconf 84' lang='grc' dir='ltr'>κατ’</span> <span class='ocrx_word' id='word_1_617' title='bbox 2729 2489 2978 2568; x_wconf 76' lang='grc' dir='ltr'>ἔλλειψιν</span> <span class='ocrx_word' id='word_1_618' title='bbox 3035 2491 3256 2563; x_wconf 61' lang='grc' dir='ltr'>λέξεως,</span> <span class='ocrx_word' id='word_1_619' title='bbox 3315 2492 3392 2555; x_wconf 73' lang='grc' dir='ltr'>εἷς</span> <span class='ocrx_word' id='word_1_620' title='bbox 3448 2492 3537 2559; x_wconf 81' lang='grc' dir='ltr'>τὸ,</span> <span class='ocrx_word' id='word_1_621' title='bbox 3598 2493 3817 2569; x_wconf 75' lang='grc' dir='ltr'>Χρέσας</span> 
     </span>
    </p>
   </div>
   <div class='ocr_carea' id='block_1_82' title="bbox 2141 2580 3810 2656">
    <p class='ocr_par' dir='ltr' id='par_1_82' title="bbox 2141 2580 3810 2656">
     <span class='ocr_line' id='line_1_82' title="bbox 2141 2580 3810 2656; baseline -0.001 -18"><span class='ocrx_word' id='word_1_622' title='bbox 2141 2586 2309 2656; x_wconf 73' lang='grc' dir='ltr'>ἡμᾶς,</span> <span class='ocrx_word' id='word_1_623' title='bbox 2372 2606 2397 2637; x_wconf 69' lang='grc' dir='ltr'>ε</span> <span class='ocrx_word' id='word_1_624' title='bbox 2461 2582 2769 2653; x_wconf 74' lang='grc' dir='ltr'>ὑποστὲζειν</span> <span class='ocrx_word' id='word_1_625' title='bbox 2828 2580 2931 2652; x_wconf 79' lang='grc' dir='ltr'>δεῖ,</span> <span class='ocrx_word' id='word_1_626' title='bbox 2977 2581 3070 2637; x_wconf 71' lang='grc' dir='ltr'>’ἶνα</span> <span class='ocrx_word' id='word_1_627' title='bbox 3127 2580 3165 2656; x_wconf 73' lang='grc' dir='ltr'>ᾖ</span> <span class='ocrx_word' id='word_1_628' title='bbox 3222 2583 3344 2654; x_wconf 65' lang='grc' dir='ltr'>ἑξῆς</span> <span class='ocrx_word' id='word_1_629' title='bbox 3398 2582 3538 2636; x_wconf 78' lang='grc' dir='ltr'>κατὰ</span> <span class='ocrx_word' id='word_1_630' title='bbox 3585 2581 3810 2637; x_wconf 80' lang='grc' dir='ltr'>τελείαν</span> 
     </span>
    </p>
   </div>
   <div class='ocr_carea' id='block_1_83' title="bbox 2142 2670 3804 2752">
    <p class='ocr_par' dir='ltr' id='par_1_83' title="bbox 2142 2670 3804 2752">
     <span class='ocr_line' id='line_1_83' title="bbox 2142 2670 3804 2752; baseline -0.002 -24"><span class='ocrx_word' id='word_1_631' title='bbox 2142 2674 2383 2749; x_wconf 77' lang='grc' dir='ltr'>στιγμῆν</span> <span class='ocrx_word' id='word_1_632' title='bbox 2414 2671 2805 2752; x_wconf 73' lang='grc' dir='ltr'>ἐπιφερόμενον</span> <span class='ocrx_word' id='word_1_633' title='bbox 2841 2672 2927 2740; x_wconf 86' lang='grc' dir='ltr'>τὸ,</span> <span class='ocrx_word' id='word_1_634' title='bbox 2976 2672 3130 2732; x_wconf 72' lang='grc' dir='ltr'>Θεὸς.</span> <span class='ocrx_word' id='word_1_635' title='bbox 3183 2671 3338 2728; x_wconf 80' lang='grc' dir='ltr'>υἶον·</span> <span class='ocrx_word' id='word_1_636' title='bbox 3399 2670 3533 2732; x_wconf 83' lang='grc' dir='ltr'>Θεὸς</span> <span class='ocrx_word' id='word_1_637' title='bbox 3568 2670 3714 2726; x_wconf 68' lang='grc' dir='ltr'>ἔστιν</span> <span class='ocrx_word' id='word_1_638' title='bbox 3774 2671 3804 2725; x_wconf 96' lang='lat'>6</span> 
     </span>
    </p>
   </div>
   <div class='ocr_carea' id='block_1_84' title="bbox 2144 2757 3800 2838">
    <p class='ocr_par' dir='ltr' id='par_1_84' title="bbox 2144 2757 3800 2838">
     <span class='ocr_line' id='line_1_84' title="bbox 2144 2757 3800 2838; baseline -0.001 -21"><span class='ocrx_word' id='word_1_639' title='bbox 2144 2757 2379 2837; x_wconf 74' lang='grc' dir='ltr'>βεϐαιῶν</span> <span class='ocrx_word' id='word_1_640' title='bbox 2403 2764 2569 2833; x_wconf 68' lang='grc' dir='ltr'>ἡμᾶς,</span> <span class='ocrx_word' id='word_1_641' title='bbox 2600 2762 2689 2817; x_wconf 84' lang='grc' dir='ltr'>καὶ</span> <span class='ocrx_word' id='word_1_642' title='bbox 2730 2759 2928 2835; x_wconf 77' lang='grc' dir='ltr'>χρίσας</span> <span class='ocrx_word' id='word_1_643' title='bbox 2986 2763 3155 2834; x_wconf 80' lang='grc' dir='ltr'>ἡμᾶς,</span> <span class='ocrx_word' id='word_1_644' title='bbox 3215 2761 3303 2815; x_wconf 88' lang='grc' dir='ltr'>καὶ</span> <span class='ocrx_word' id='word_1_645' title='bbox 3362 2762 3800 2838; x_wconf 69' lang='grc' dir='ltr'>σφραγισάμενος</span> 
     </span>
    </p>
   </div>
   <div class='ocr_carea' id='block_1_85' title="bbox 2141 2844 3788 2926">
    <p class='ocr_par' dir='ltr' id='par_1_85' title="bbox 2141 2844 3788 2926">
     <span class='ocr_line' id='line_1_85' title="bbox 2141 2844 3788 2926; baseline -0.001 -21"><span class='ocrx_word' id='word_1_646' title='bbox 2141 2854 2315 2926; x_wconf 69' lang='grc' dir='ltr'>ἡμᾶς,</span> <span class='ocrx_word' id='word_1_647' title='bbox 2340 2850 2429 2906; x_wconf 88' lang='grc' dir='ltr'>καὶ</span> <span class='ocrx_word' id='word_1_648' title='bbox 2457 2849 2582 2913; x_wconf 77' lang='grc' dir='ltr'>δοὺς</span> <span class='ocrx_word' id='word_1_649' title='bbox 2613 2851 2701 2906; x_wconf 82' lang='grc' dir='ltr'>τὸν</span> <span class='ocrx_word' id='word_1_650' title='bbox 2731 2844 3021 2924; x_wconf 78' lang='grc' dir='ltr'>ἆρῥαϐῶνα</span> <span class='ocrx_word' id='word_1_651' title='bbox 3067 2853 3163 2905; x_wconf 87' lang='grc' dir='ltr'>τοῦ</span> <span class='ocrx_word' id='word_1_652' title='bbox 3222 2854 3538 2921; x_wconf 68' lang='grc' dir='ltr'>Πνεῦματος</span> <span class='ocrx_word' id='word_1_653' title='bbox 3595 2853 3645 2905; x_wconf 82' lang='grc' dir='ltr'>ἐν</span> <span class='ocrx_word' id='word_1_654' title='bbox 3671 2853 3788 2909; x_wconf 61' lang='grc' dir='ltr'>ταῖς</span> 
     </span>
    </p>
   </div>
   <div class='ocr_carea' id='block_1_86' title="bbox 2140 2936 3767 3015">
    <p class='ocr_par' dir='ltr' id='par_1_86' title="bbox 2140 2936 3767 3015">
     <span class='ocr_line' id='line_1_86' title="bbox 2140 2936 3767 3015; baseline -0.004 -20"><span class='ocrx_word' id='word_1_655' title='bbox 2140 2938 2390 3015; x_wconf 70' lang='grc' dir='ltr'>καρδίαις</span> <span class='ocrx_word' id='word_1_656' title='bbox 2424 2943 2607 3013; x_wconf 76' lang='grc' dir='ltr'>ἡμῶν.</span> <span class='ocrx_word' id='word_1_657' title='bbox 2642 2939 2748 2996; x_wconf 80' lang='grc' dir='ltr'>Καὶ</span> <span class='ocrx_word' id='word_1_658' title='bbox 2780 2936 2953 3009; x_wconf 83' lang='grc' dir='ltr'>δῆλον</span> <span class='ocrx_word' id='word_1_659' title='bbox 2985 2937 3069 2994; x_wconf 79' lang='grc' dir='ltr'>ὅτι</span> <span class='ocrx_word' id='word_1_660' title='bbox 3097 2938 3186 2993; x_wconf 83' lang='grc' dir='ltr'>καὶ</span> <span class='ocrx_word' id='word_1_661' title='bbox 3216 2942 3385 2994; x_wconf 87' lang='grc' dir='ltr'>ταῦτα</span> <span class='ocrx_word' id='word_1_662' title='bbox 3416 2939 3486 2994; x_wconf 72' lang='grc' dir='ltr'>τα</span> <span class='ocrx_word' id='word_1_663' title='bbox 3541 2937 3678 2992; x_wconf 83' lang='grc' dir='ltr'>κῶλα</span> <span class='ocrx_word' id='word_1_664' title='bbox 3704 2936 3767 2989; x_wconf 73' lang='grc' dir='ltr'>τὰ</span> 
     </span>
    </p>
   </div>
   <div class='ocr_carea' id='block_1_87' title="bbox 2140 3025 3763 3109">
    <p class='ocr_par' dir='ltr' id='par_1_87' title="bbox 2140 3025 3763 3109">
     <span class='ocr_line' id='line_1_87' title="bbox 2140 3025 3763 3109; baseline -0.004 -25"><span class='ocrx_word' id='word_1_665' title='bbox 2140 3030 2330 3109; x_wconf 82' lang='grc' dir='ltr'>ἐφεξῆς</span> <span class='ocrx_word' id='word_1_666' title='bbox 2358 3033 2477 3094; x_wconf 82' lang='grc' dir='ltr'>τοῦ,</span> <span class='ocrx_word' id='word_1_667' title='bbox 2520 3030 2674 3099; x_wconf 85' lang='grc' dir='ltr'>Θεὸς,</span> <span class='ocrx_word' id='word_1_668' title='bbox 2731 3030 2868 3083; x_wconf 83' lang='grc' dir='ltr'>κατὰ</span> <span class='ocrx_word' id='word_1_669' title='bbox 2916 3027 3126 3083; x_wconf 73' lang='grc' dir='ltr'>τελείαν</span> <span class='ocrx_word' id='word_1_670' title='bbox 3184 3028 3385 3103; x_wconf 78' lang='grc' dir='ltr'>σιγμῆν</span> <span class='ocrx_word' id='word_1_671' title='bbox 3442 3025 3763 3100; x_wconf 72' lang='grc' dir='ltr'>ἀναγνωσθή-</span> 
     </span>
    </p>
   </div>
   <div class='ocr_carea' id='block_1_88' title="bbox 2142 3112 3774 3194">
    <p class='ocr_par' dir='ltr' id='par_1_88' title="bbox 2142 3112 3774 3194">
     <span class='ocr_line' id='line_1_88' title="bbox 2142 3112 3774 3194; baseline -0.004 -21"><span class='ocrx_word' id='word_1_672' title='bbox 2142 3140 2310 3174; x_wconf 87' lang='grc' dir='ltr'>σεται.</span> <span class='ocrx_word' id='word_1_673' title='bbox 2346 3118 2405 3176; x_wconf 79' lang='lat' dir='ltr'>Ei</span> <span class='ocrx_word' id='word_1_674' title='bbox 2441 3116 2485 3173; x_wconf 83' lang='grc' dir='ltr'>δ’</span> <span class='ocrx_word' id='word_1_675' title='bbox 2518 3119 2591 3180; x_wconf 86' lang='grc' dir='ltr'>ὡς</span> <span class='ocrx_word' id='word_1_676' title='bbox 2622 3117 2738 3174; x_wconf 77' lang='grc' dir='ltr'>κατ’</span> <span class='ocrx_word' id='word_1_677' title='bbox 2768 3112 3015 3191; x_wconf 75' lang='grc' dir='ltr'>ἔλλειψιν</span> <span class='ocrx_word' id='word_1_678' title='bbox 3044 3114 3181 3172; x_wconf 84' lang='grc' dir='ltr'>ὃλου</span> <span class='ocrx_word' id='word_1_679' title='bbox 3239 3114 3411 3191; x_wconf 75' lang='grc' dir='ltr'>ῥητοῦ</span> <span class='ocrx_word' id='word_1_680' title='bbox 3468 3113 3774 3194; x_wconf 64' lang='grc' dir='ltr'>ἑκληφδεὶη,</span> 
     </span>
    </p>
   </div>
   <div class='ocr_carea' id='block_1_89' title="bbox 2141 3203 3781 3283">
    <p class='ocr_par' dir='ltr' id='par_1_89' title="bbox 2141 3203 3781 3283">
     <span class='ocr_line' id='line_1_89' title="bbox 2141 3203 3781 3283; baseline -0.003 -20"><span class='ocrx_word' id='word_1_681' title='bbox 2141 3209 2231 3263; x_wconf 81' lang='grc' dir='ltr'>καὶ</span> <span class='ocrx_word' id='word_1_682' title='bbox 2271 3207 2408 3279; x_wconf 72' lang='grc' dir='ltr'>αὐτὴ</span> <span class='ocrx_word' id='word_1_683' title='bbox 2434 3210 2469 3278; x_wconf 75' lang='grc' dir='ltr'><strong>ἡ</strong></span> <span class='ocrx_word' id='word_1_684' title='bbox 2501 3209 2693 3283; x_wconf 86' lang='grc' dir='ltr'>πρώτη</span> <span class='ocrx_word' id='word_1_685' title='bbox 2725 3204 2978 3281; x_wconf 77' lang='grc' dir='ltr'>περίοδος</span> <span class='ocrx_word' id='word_1_686' title='bbox 3007 3203 3114 3268; x_wconf 78' lang='grc' dir='ltr'>ἓως</span> <span class='ocrx_word' id='word_1_687' title='bbox 3159 3209 3279 3275; x_wconf 76' lang='grc' dir='ltr'>τοῦ,</span> <span class='ocrx_word' id='word_1_688' title='bbox 3329 3205 3483 3272; x_wconf 80' lang='grc' dir='ltr'>Θεὸς,</span> <span class='ocrx_word' id='word_1_689' title='bbox 3515 3205 3656 3260; x_wconf 68' lang='grc' dir='ltr'>κατὰ</span> <span class='ocrx_word' id='word_1_690' title='bbox 3682 3203 3781 3278; x_wconf 70' lang='grc' dir='ltr'>μὲ-</span> 
     </span>
    </p>
   </div>
   <div class='ocr_carea' id='block_1_90' title="bbox 2145 3292 3787 3376">
    <p class='ocr_par' dir='ltr' id='par_1_90' title="bbox 2145 3292 3787 3376">
     <span class='ocr_line' id='line_1_90' title="bbox 2145 3292 3787 3376; baseline -0.003 -23"><span class='ocrx_word' id='word_1_691' title='bbox 2145 3320 2241 3370; x_wconf 88' lang='grc' dir='ltr'>σην</span> <span class='ocrx_word' id='word_1_692' title='bbox 2268 3298 2770 3376; x_wconf 79' lang='grc' dir='ltr'>ἁναγνωσθήσεται,</span> <span class='ocrx_word' id='word_1_693' title='bbox 2800 3298 2889 3352; x_wconf 81' lang='grc' dir='ltr'>καὶ</span> <span class='ocrx_word' id='word_1_694' title='bbox 2931 3297 2992 3352; x_wconf 80' lang='grc' dir='ltr'>τὸ</span> <span class='ocrx_word' id='word_1_695' title='bbox 3032 3295 3248 3373; x_wconf 81' lang='grc' dir='ltr'>ἐφεξῆς.</span> <span class='ocrx_word' id='word_1_696' title='bbox 3288 3297 3365 3353; x_wconf 86' lang='grc' dir='ltr'>Τὸ</span> <span class='ocrx_word' id='word_1_697' title='bbox 3434 3292 3493 3351; x_wconf 71' lang='grc' dir='ltr'>δὲ</span> <span class='ocrx_word' id='word_1_698' title='bbox 3547 3294 3787 3350; x_wconf 62' lang='lat'>67:11:06-</span> 
     </span>
    </p>
   </div>
   <div class='ocr_carea' id='block_1_91' title="bbox 2140 3381 3790 3463">
    <p class='ocr_par' dir='ltr' id='par_1_91' title="bbox 2140 3381 3790 3463">
     <span class='ocr_line' id='line_1_91' title="bbox 2140 3381 3790 3463; baseline -0.002 -20"><span class='ocrx_word' id='word_1_699' title='bbox 2140 3410 2220 3461; x_wconf 85' lang='grc' dir='ltr'>τῳ</span> <span class='ocrx_word' id='word_1_700' title='bbox 2268 3388 2497 3460; x_wconf 82' lang='grc' dir='ltr'>ἀπορίαν</span> <span class='ocrx_word' id='word_1_701' title='bbox 2552 3383 2678 3457; x_wconf 66' lang='grc' dir='ltr'>ἕξει,</span> <span class='ocrx_word' id='word_1_702' title='bbox 2736 3386 3291 3463; x_wconf 82' lang='grc' dir='ltr'>προσυπονοουμὲνου</span> <span class='ocrx_word' id='word_1_703' title='bbox 3347 3388 3445 3441; x_wconf 85' lang='grc' dir='ltr'>τοῦ</span> <span class='ocrx_word' id='word_1_704' title='bbox 3504 3381 3790 3445; x_wconf 75' lang='grc' dir='ltr'>λείποντος</span> 
     </span>
    </p>
   </div>
   <div class='ocr_carea' id='block_1_92' title="bbox 2141 3474 3793 3551">
    <p class='ocr_par' dir='ltr' id='par_1_92' title="bbox 2141 3474 3793 3551">
     <span class='ocr_line' id='line_1_92' title="bbox 2141 3474 3793 3551; baseline 0 -19"><span class='ocrx_word' id='word_1_705' title='bbox 2141 3476 2220 3539; x_wconf 70' lang='grc' dir='ltr'>εἷς</span> <span class='ocrx_word' id='word_1_706' title='bbox 2252 3476 2489 3548; x_wconf 78' lang='grc' dir='ltr'>τελείαν,</span> <span class='ocrx_word' id='word_1_707' title='bbox 2522 3474 2557 3546; x_wconf 73' lang='grc' dir='ltr'>ἤ</span> <span class='ocrx_word' id='word_1_708' title='bbox 2591 3478 2665 3540; x_wconf 84' lang='grc' dir='ltr'>ὡς</span> <span class='ocrx_word' id='word_1_709' title='bbox 2707 3477 2991 3540; x_wconf 74' lang='grc' dir='ltr'>λείποντος</span> <span class='ocrx_word' id='word_1_710' title='bbox 3059 3477 3137 3540; x_wconf 83' lang='grc' dir='ltr'>εἷς</span> <span class='ocrx_word' id='word_1_711' title='bbox 3201 3477 3553 3551; x_wconf 78' lang='grc' dir='ltr'>ὗποστιγμήν</span> <span class='ocrx_word' id='word_1_712' title='bbox 3593 3478 3793 3532; x_wconf 82' lang='grc' dir='ltr'>ἀποτε-</span> 
     </span>
    </p>
   </div>
   <div class='ocr_carea' id='block_1_93' title="bbox 2142 3564 3796 3642">
    <p class='ocr_par' dir='ltr' id='par_1_93' title="bbox 2142 3564 3796 3642">
     <span class='ocr_line' id='line_1_93' title="bbox 2142 3564 3796 3642; baseline 0 -21"><span class='ocrx_word' id='word_1_713' title='bbox 2142 3564 2420 3638; x_wconf 83' lang='grc' dir='ltr'>λευτήσει.</span> <span class='ocrx_word' id='word_1_714' title='bbox 2457 3592 2483 3619; x_wconf 78' lang='grc' dir='ltr'>α</span> <span class='ocrx_word' id='word_1_715' title='bbox 2518 3568 2621 3624; x_wconf 81' lang='grc' dir='ltr'>Καὶ</span> <span class='ocrx_word' id='word_1_716' title='bbox 2652 3566 2852 3633; x_wconf 68' lang='grc' dir='ltr'>χρίσας</span> <span class='ocrx_word' id='word_1_717' title='bbox 2896 3569 3045 3639; x_wconf 73' lang='grc' dir='ltr'>ἡμᾶς</span> <span class='ocrx_word' id='word_1_718' title='bbox 3101 3566 3255 3628; x_wconf 83' lang='grc' dir='ltr'>Θεός.</span> <span class='ocrx_word' id='word_1_719' title='bbox 3287 3588 3314 3620; x_wconf 71' lang='grc' dir='ltr'>ο</span> <span class='ocrx_word' id='word_1_720' title='bbox 3375 3566 3442 3622; x_wconf 80' lang='lat' dir='ltr'>U&#39;t</span> <span class='ocrx_word' id='word_1_721' title='bbox 3504 3567 3796 3642; x_wconf 80' lang='grc' dir='ltr'>χριόμενοι</span> 
     </span>
    </p>
   </div>
   <div class='ocr_carea' id='block_1_94' title="bbox 2141 3654 3801 3735">
    <p class='ocr_par' dir='ltr' id='par_1_94' title="bbox 2141 3654 3801 3735">
     <span class='ocr_line' id='line_1_94' title="bbox 2141 3654 3801 3735; baseline 0 -25"><span class='ocrx_word' id='word_1_722' title='bbox 2141 3654 2191 3711; x_wconf 81' lang='grc' dir='ltr'>ἐν</span> <span class='ocrx_word' id='word_1_723' title='bbox 2216 3661 2285 3730; x_wconf 74' lang='grc' dir='ltr'>τῇ</span> <span class='ocrx_word' id='word_1_724' title='bbox 2316 3654 2548 3727; x_wconf 78' lang='grc' dir='ltr'>παλαιᾷ,</span> <span class='ocrx_word' id='word_1_725' title='bbox 2580 3656 2614 3726; x_wconf 71' lang='grc' dir='ltr'><strong>ἢ</strong></span> <span class='ocrx_word' id='word_1_726' title='bbox 2647 3657 2814 3731; x_wconf 73' lang='grc' dir='ltr'>ἱερεῖς</span> <span class='ocrx_word' id='word_1_727' title='bbox 2842 3661 2877 3727; x_wconf 73' lang='grc' dir='ltr'>ἢ</span> <span class='ocrx_word' id='word_1_728' title='bbox 2909 3663 3190 3735; x_wconf 74' lang='grc' dir='ltr'>προφῆται</span> <span class='ocrx_word' id='word_1_729' title='bbox 3220 3658 3253 3727; x_wconf 73' lang='grc' dir='ltr'><strong>ἢ</strong></span> <span class='ocrx_word' id='word_1_730' title='bbox 3290 3654 3535 3732; x_wconf 80' lang='grc' dir='ltr'>βασιλεῖς</span> <span class='ocrx_word' id='word_1_731' title='bbox 3591 3655 3801 3731; x_wconf 75' lang='grc' dir='ltr'>ἐγίνον-</span> 
     </span>
    </p>
   </div>
   <div class='ocr_carea' id='block_1_95' title="bbox 2138 3742 3800 3825">
    <p class='ocr_par' dir='ltr' id='par_1_95' title="bbox 2138 3742 3800 3825">
     <span class='ocr_line' id='line_1_95' title="bbox 2138 3742 3800 3825; baseline -0.001 -25"><span class='ocrx_word' id='word_1_732' title='bbox 2138 3766 2222 3801; x_wconf 85' lang='grc' dir='ltr'>το.</span> <span class='ocrx_word' id='word_1_733' title='bbox 2267 3746 2367 3802; x_wconf 82' lang='grc' dir='ltr'>Καὶ</span> <span class='ocrx_word' id='word_1_734' title='bbox 2402 3749 2512 3810; x_wconf 83' lang='grc' dir='ltr'>νῦν,</span> <span class='ocrx_word' id='word_1_735' title='bbox 2548 3745 2703 3825; x_wconf 76' lang='grc' dir='ltr'>φησὶ,</span> <span class='ocrx_word' id='word_1_736' title='bbox 2756 3746 3030 3820; x_wconf 74' lang='grc' dir='ltr'>χριόμεθα</span> <span class='ocrx_word' id='word_1_737' title='bbox 3062 3742 3156 3800; x_wconf 68' lang='grc' dir='ltr'>ἵνα</span> <span class='ocrx_word' id='word_1_738' title='bbox 3214 3746 3496 3822; x_wconf 81' lang='grc' dir='ltr'>γενώμεθα</span> <span class='ocrx_word' id='word_1_739' title='bbox 3545 3744 3800 3819; x_wconf 83' lang='grc' dir='ltr'>βασιλεῖς</span> 
     </span>
    </p>
   </div>
   <div class='ocr_carea' id='block_1_96' title="bbox 2145 3828 3803 3909">
    <p class='ocr_par' dir='ltr' id='par_1_96' title="bbox 2145 3828 3803 3909">
     <span class='ocr_line' id='line_1_96' title="bbox 2145 3828 3803 3909; baseline -0.001 -20"><span class='ocrx_word' id='word_1_740' title='bbox 2145 3834 2263 3907; x_wconf 76' lang='grc' dir='ltr'>μὲν,</span> <span class='ocrx_word' id='word_1_741' title='bbox 2296 3834 2662 3909; x_wconf 62' lang='grc' dir='ltr'>καταιχοντες</span> <span class='ocrx_word' id='word_1_742' title='bbox 2704 3838 2810 3889; x_wconf 82' lang='grc' dir='ltr'>τῶν</span> <span class='ocrx_word' id='word_1_743' title='bbox 2867 3839 3078 3899; x_wconf 79' lang='grc' dir='ltr'>παθῶν,</span> <span class='ocrx_word' id='word_1_744' title='bbox 3136 3833 3303 3907; x_wconf 79' lang='grc' dir='ltr'>ἱερεῖς</span> <span class='ocrx_word' id='word_1_745' title='bbox 3362 3828 3438 3892; x_wconf 76' lang='grc' dir='ltr'>δὲ,</span> <span class='ocrx_word' id='word_1_746' title='bbox 3498 3832 3565 3887; x_wconf 78' lang='grc' dir='ltr'>τὰ</span> <span class='ocrx_word' id='word_1_747' title='bbox 3621 3832 3803 3887; x_wconf 68' lang='grc' dir='ltr'>ο“κεῖα</span> 
     </span>
    </p>
   </div>
   <div class='ocr_carea' id='block_1_97' title="bbox 2139 3920 3804 3999">
    <p class='ocr_par' dir='ltr' id='par_1_97' title="bbox 2139 3920 3804 3999">
     <span class='ocr_line' id='line_1_97' title="bbox 2139 3920 3804 3999; baseline -0.002 -21"><span class='ocrx_word' id='word_1_748' title='bbox 2139 3925 2541 3999; x_wconf 76' lang='grc' dir='ltr'>ἱερουργοῦντες</span> <span class='ocrx_word' id='word_1_749' title='bbox 2574 3924 2824 3997; x_wconf 83' lang='grc' dir='ltr'>σώματα,</span> <span class='ocrx_word' id='word_1_750' title='bbox 2855 3922 2991 3977; x_wconf 72' lang='grc' dir='ltr'>κατὰ</span> <span class='ocrx_word' id='word_1_751' title='bbox 3046 3922 3136 3988; x_wconf 85' lang='grc' dir='ltr'>τὸ,</span> <span class='ocrx_word' id='word_1_752' title='bbox 3195 3946 3224 3975; x_wconf 88' lang='grc'><em>‹‹</em></span> <span class='ocrx_word' id='word_1_753' title='bbox 3282 3924 3676 3996; x_wconf 87' lang='grc' dir='ltr'>ΙΙαραστήσατε</span> <span class='ocrx_word' id='word_1_754' title='bbox 3732 3920 3804 3976; x_wconf 77' lang='grc' dir='ltr'>τὰ</span> 
     </span>
    </p>
   </div>
   <div class='ocr_carea' id='block_1_98' title="bbox 2145 4008 3801 4091">
    <p class='ocr_par' dir='ltr' id='par_1_98' title="bbox 2145 4008 3801 4091">
     <span class='ocr_line' id='line_1_98' title="bbox 2145 4008 3801 4091; baseline -0.001 -22"><span class='ocrx_word' id='word_1_755' title='bbox 2145 4014 2286 4088; x_wconf 75' lang='grc' dir='ltr'>μὲλη</span> <span class='ocrx_word' id='word_1_756' title='bbox 2325 4014 2474 4085; x_wconf 84' lang='grc' dir='ltr'>ὑμῶν</span> <span class='ocrx_word' id='word_1_757' title='bbox 2509 4012 2691 4067; x_wconf 79' lang='grc' dir='ltr'>θυσίαν</span> <span class='ocrx_word' id='word_1_758' title='bbox 2720 4017 2915 4082; x_wconf 80' lang='grc' dir='ltr'>ζῶσαν·</span> <span class='ocrx_word' id='word_1_759' title='bbox 2954 4018 3289 4091; x_wconf 75' lang='grc' dir='ltr'>»προφῆται</span> <span class='ocrx_word' id='word_1_760' title='bbox 3331 4008 3410 4079; x_wconf 72' lang='grc' dir='ltr'>δὲ,</span> <span class='ocrx_word' id='word_1_761' title='bbox 3468 4013 3536 4066; x_wconf 68' lang='grc' dir='ltr'>τὰ</span> <span class='ocrx_word' id='word_1_762' title='bbox 3584 4012 3801 4087; x_wconf 70' lang='grc' dir='ltr'>μεγάλα</span> 
     </span>
    </p>
   </div>
   <div class='ocr_carea' id='block_1_99' title="bbox 2143 4097 3798 4179">
    <p class='ocr_par' dir='ltr' id='par_1_99' title="bbox 2143 4097 3798 4179">
     <span class='ocr_line' id='line_1_99' title="bbox 2143 4097 3798 4179; baseline 0 -22"><span class='ocrx_word' id='word_1_763' title='bbox 2143 4105 2416 4178; x_wconf 87' lang='grc' dir='ltr'>μυστήρια</span> <span class='ocrx_word' id='word_1_764' title='bbox 2478 4099 2885 4176; x_wconf 75' lang='grc' dir='ltr'>διδασκόμενοι.</span> <span class='ocrx_word' id='word_1_765' title='bbox 2950 4102 3114 4175; x_wconf 85' lang='grc' dir='ltr'>Χρίει</span> <span class='ocrx_word' id='word_1_766' title='bbox 3172 4097 3229 4155; x_wconf 74' lang='grc' dir='ltr'>δὲ</span> <span class='ocrx_word' id='word_1_767' title='bbox 3282 4100 3372 4155; x_wconf 84' lang='grc' dir='ltr'>καὶ</span> <span class='ocrx_word' id='word_1_768' title='bbox 3430 4105 3714 4179; x_wconf 72' lang='grc' dir='ltr'>σφραγίζει</span> <span class='ocrx_word' id='word_1_769' title='bbox 3767 4103 3798 4157; x_wconf 89' lang='lat'>6</span> 
     </span>
    </p>
   </div>
   <div class='ocr_carea' id='block_1_100' title="bbox 2140 4190 3799 4270">
    <p class='ocr_par' dir='ltr' id='par_1_100' title="bbox 2140 4190 3799 4270">
     <span class='ocr_line' id='line_1_100' title="bbox 2140 4190 3799 4270; baseline -0.002 -22"><span class='ocrx_word' id='word_1_770' title='bbox 2140 4193 2328 4266; x_wconf 75' lang='grc' dir='ltr'>Πατήρ</span> <span class='ocrx_word' id='word_1_771' title='bbox 2354 4192 2444 4248; x_wconf 74' lang='grc' dir='ltr'>διὰ</span> <span class='ocrx_word' id='word_1_772' title='bbox 2496 4194 2592 4245; x_wconf 87' lang='grc' dir='ltr'>τοῦ</span> <span class='ocrx_word' id='word_1_773' title='bbox 2657 4191 2815 4267; x_wconf 85' lang='grc' dir='ltr'>ἁγίου</span> <span class='ocrx_word' id='word_1_774' title='bbox 2873 4190 3210 4265; x_wconf 72' lang='grc' dir='ltr'>Πνεῦματος.</span> <span class='ocrx_word' id='word_1_775' title='bbox 3269 4193 3448 4247; x_wconf 86' lang='grc' dir='ltr'>Ταῦτα</span> <span class='ocrx_word' id='word_1_776' title='bbox 3502 4192 3629 4265; x_wconf 70' lang='grc' dir='ltr'>γὰρ,</span> <span class='ocrx_word' id='word_1_777' title='bbox 3686 4212 3799 4270; x_wconf 73' lang='grc' dir='ltr'>φη-</span> 
     </span>
    </p>
   </div>
   <div class='ocr_carea' id='block_1_101' title="bbox 2142 4274 3797 4358">
    <p class='ocr_par' dir='ltr' id='par_1_101' title="bbox 2142 4274 3797 4358">
     <span class='ocr_line' id='line_1_101' title="bbox 2142 4274 3797 4358; baseline -0.001 -21"><span class='ocrx_word' id='word_1_778' title='bbox 2142 4282 2247 4345; x_wconf 78' lang='grc' dir='ltr'>σὶν,</span> <span class='ocrx_word' id='word_1_779' title='bbox 2279 4283 2312 4352; x_wconf 82' lang='grc' dir='ltr'>ἡ</span> <span class='ocrx_word' id='word_1_780' title='bbox 2351 4282 2535 4357; x_wconf 78' lang='grc' dir='ltr'>χρίσις</span> <span class='ocrx_word' id='word_1_781' title='bbox 2566 4281 2656 4337; x_wconf 88' lang='grc' dir='ltr'>καὶ</span> <span class='ocrx_word' id='word_1_782' title='bbox 2684 4283 2717 4350; x_wconf 73' lang='grc' dir='ltr'>ἡ</span> <span class='ocrx_word' id='word_1_783' title='bbox 2752 4280 3006 4358; x_wconf 77' lang='grc' dir='ltr'>σφραγὶς,</span> <span class='ocrx_word' id='word_1_784' title='bbox 3064 4274 3316 4355; x_wconf 68' lang='grc' dir='ltr'>ἀρραϐὼν</span> <span class='ocrx_word' id='word_1_785' title='bbox 3349 4277 3463 4336; x_wconf 78' lang='grc' dir='ltr'>ἐστι</span> <span class='ocrx_word' id='word_1_786' title='bbox 3529 4284 3626 4334; x_wconf 86' lang='grc' dir='ltr'>τοῦ</span> <span class='ocrx_word' id='word_1_787' title='bbox 3680 4285 3797 4336; x_wconf 80' lang='grc' dir='ltr'>Πα-</span> 
     </span>
    </p>
   </div>
   <div class='ocr_carea' id='block_1_102' title="bbox 2143 4367 3801 4448">
    <p class='ocr_par' dir='ltr' id='par_1_102' title="bbox 2143 4367 3801 4448">
     <span class='ocr_line' id='line_1_102' title="bbox 2143 4367 3801 4448; baseline -0.002 -22"><span class='ocrx_word' id='word_1_788' title='bbox 2143 4369 2445 4448; x_wconf 85' lang='grc' dir='ltr'>ρακλήτου.</span> <span class='ocrx_word' id='word_1_789' title='bbox 2489 4371 2585 4427; x_wconf 82' lang='grc' dir='ltr'>Διὰ</span> <span class='ocrx_word' id='word_1_790' title='bbox 2615 4375 2781 4425; x_wconf 83' lang='grc' dir='ltr'>τοῦτο</span> <span class='ocrx_word' id='word_1_791' title='bbox 2814 4367 2871 4424; x_wconf 79' lang='grc' dir='ltr'>δὲ</span> <span class='ocrx_word' id='word_1_792' title='bbox 2902 4368 3001 4424; x_wconf 71' lang='grc' dir='ltr'>οὐκ</span> <span class='ocrx_word' id='word_1_793' title='bbox 3029 4372 3170 4438; x_wconf 83' lang='grc' dir='ltr'>εἶπε,</span> <span class='ocrx_word' id='word_1_794' title='bbox 3209 4370 3272 4425; x_wconf 87' lang='grc' dir='ltr'>τὸ</span> <span class='ocrx_word' id='word_1_795' title='bbox 3339 4373 3557 4443; x_wconf 80' lang='grc' dir='ltr'>Πνεῦμα</span> <span class='ocrx_word' id='word_1_796' title='bbox 3641 4368 3801 4437; x_wconf 72' lang='grc' dir='ltr'>δοὺς,</span> 
     </span>
    </p>
   </div>
   <div class='ocr_carea' id='block_1_103' title="bbox 2139 4453 3798 4535">
    <p class='ocr_par' dir='ltr' id='par_1_103' title="bbox 2139 4453 3798 4535">
     <span class='ocr_line' id='line_1_103' title="bbox 2139 4453 3798 4535; baseline -0.002 -18"><span class='ocrx_word' id='word_1_797' title='bbox 2139 4460 2291 4524; x_wconf 81' lang='grc' dir='ltr'>ἀλλ’,</span> <span class='ocrx_word' id='word_1_798' title='bbox 2324 4486 2349 4512; x_wconf 79' lang='grc' dir='ltr'>α</span> <span class='ocrx_word' id='word_1_799' title='bbox 2384 4455 2713 4535; x_wconf 79' lang='grc' dir='ltr'>Ἀρραϐῶνα</span> <span class='ocrx_word' id='word_1_800' title='bbox 2770 4463 2872 4515; x_wconf 89' lang='grc' dir='ltr'>τοῦ</span> <span class='ocrx_word' id='word_1_801' title='bbox 2933 4457 3267 4531; x_wconf 70' lang='grc' dir='ltr'>Πνεύματος,</span> <span class='ocrx_word' id='word_1_802' title='bbox 3332 4483 3361 4510; x_wconf 74' lang='grc' dir='ltr'>υ</span> <span class='ocrx_word' id='word_1_803' title='bbox 3406 4453 3644 4533; x_wconf 75' lang='grc' dir='ltr'>βεϐαιῶν</span> <span class='ocrx_word' id='word_1_804' title='bbox 3700 4460 3798 4522; x_wconf 73' lang='grc' dir='ltr'>τὶς</span> 
     </span>
    </p>
   </div>
   <div class='ocr_carea' id='block_1_104' title="bbox 2142 4542 3797 4625">
    <p class='ocr_par' dir='ltr' id='par_1_104' title="bbox 2142 4542 3797 4625">
     <span class='ocr_line' id='line_1_104' title="bbox 2142 4542 3797 4625; baseline -0.002 -21"><span class='ocrx_word' id='word_1_805' title='bbox 2142 4548 2453 4625; x_wconf 70' lang='grc' dir='ltr'>μελλούσας</span> <span class='ocrx_word' id='word_1_806' title='bbox 2487 4546 2738 4611; x_wconf 72' lang='grc' dir='ltr'>ἐλπίδας.</span> <span class='ocrx_word' id='word_1_807' title='bbox 2768 4549 2831 4605; x_wconf 76' lang='grc' dir='ltr'>Ὀ</span> <span class='ocrx_word' id='word_1_808' title='bbox 2859 4548 2960 4622; x_wconf 75' lang='grc' dir='ltr'>γὰρ</span> <span class='ocrx_word' id='word_1_809' title='bbox 2994 4542 3247 4624; x_wconf 60' lang='grc' dir='ltr'>ἀρραϐὼν</span> <span class='ocrx_word' id='word_1_810' title='bbox 3307 4542 3526 4623; x_wconf 75' lang='grc' dir='ltr'>βεϐαιοῖ</span> <span class='ocrx_word' id='word_1_811' title='bbox 3574 4546 3639 4602; x_wconf 87' lang='grc' dir='ltr'>τὸ</span> <span class='ocrx_word' id='word_1_812' title='bbox 3691 4554 3797 4603; x_wconf 79' lang='grc' dir='ltr'>πᾶν</span> 
     </span>
    </p>
   </div>
   <div class='ocr_carea' id='block_1_105' title="bbox 2140 4631 3797 4716">
    <p class='ocr_par' dir='ltr' id='par_1_105' title="bbox 2140 4631 3797 4716">
     <span class='ocr_line' id='line_1_105' title="bbox 2140 4631 3797 4716; baseline -0.001 -22"><span class='ocrx_word' id='word_1_813' title='bbox 2140 4636 2503 4713; x_wconf 77' lang='grc' dir='ltr'>συνάλλαγμα</span> <span class='ocrx_word' id='word_1_814' title='bbox 2579 4643 2878 4716; x_wconf 84' lang='grc' dir='ltr'>Τοιγαροῦν</span> <span class='ocrx_word' id='word_1_815' title='bbox 2953 4636 3043 4692; x_wconf 82' lang='grc' dir='ltr'>καὶ</span> <span class='ocrx_word' id='word_1_816' title='bbox 3128 4638 3157 4692; x_wconf 92' lang='lat'>6</span> <span class='ocrx_word' id='word_1_817' title='bbox 3234 4641 3328 4691; x_wconf 88' lang='grc' dir='ltr'>νῦν</span> <span class='ocrx_word' id='word_1_818' title='bbox 3386 4631 3643 4711; x_wconf 76' lang='grc' dir='ltr'>ἀρῥαϐὼν</span> <span class='ocrx_word' id='word_1_819' title='bbox 3697 4636 3797 4692; x_wconf 74' lang='grc' dir='ltr'>τοῦ</span> 
     </span>
    </p>
   </div>
   <div class='ocr_carea' id='block_1_106' title="bbox 2146 4723 3800 4805">
    <p class='ocr_par' dir='ltr' id='par_1_106' title="bbox 2146 4723 3800 4805">
     <span class='ocr_line' id='line_1_106' title="bbox 2146 4723 3800 4805; baseline -0.001 -23"><span class='ocrx_word' id='word_1_820' title='bbox 2146 4728 2459 4800; x_wconf 71' lang='grc' dir='ltr'>Ηνεύματος</span> <span class='ocrx_word' id='word_1_821' title='bbox 2514 4731 2799 4783; x_wconf 83' lang='grc' dir='ltr'>πιστοῦται</span> <span class='ocrx_word' id='word_1_822' title='bbox 2830 4729 2968 4799; x_wconf 74' lang='grc' dir='ltr'>ἡμῖν</span> <span class='ocrx_word' id='word_1_823' title='bbox 2998 4727 3066 4781; x_wconf 80' lang='grc' dir='ltr'>τὰ</span> <span class='ocrx_word' id='word_1_824' title='bbox 3097 4723 3370 4799; x_wconf 78' lang='grc' dir='ltr'>μέλλοντα</span> <span class='ocrx_word' id='word_1_825' title='bbox 3427 4725 3462 4780; x_wconf 79' lang='grc' dir='ltr'><strong><em>όί</em></strong></span> <span class='ocrx_word' id='word_1_826' title='bbox 3509 4725 3800 4805; x_wconf 78' lang='grc' dir='ltr'>ὀφθαλμὸς</span> 
     </span>
    </p>
   </div>
   <div class='ocr_carea' id='block_1_107' title="bbox 2146 4812 3798 4891">
    <p class='ocr_par' dir='ltr' id='par_1_107' title="bbox 2146 4812 3798 4891">
     <span class='ocr_line' id='line_1_107' title="bbox 2146 4812 3798 4891; baseline -0.001 -19"><span class='ocrx_word' id='word_1_827' title='bbox 2146 4817 2245 4874; x_wconf 74' lang='grc' dir='ltr'>οὐκ</span> <span class='ocrx_word' id='word_1_828' title='bbox 2274 4813 2384 4873; x_wconf 51' lang='grc' dir='ltr'>εῗδε</span> <span class='ocrx_word' id='word_1_829' title='bbox 2412 4817 2499 4872; x_wconf 81' lang='grc' dir='ltr'>καὶ</span> <span class='ocrx_word' id='word_1_830' title='bbox 2534 4817 2625 4879; x_wconf 87' lang='grc' dir='ltr'>οὗς</span> <span class='ocrx_word' id='word_1_831' title='bbox 2656 4815 2761 4872; x_wconf 78' lang='grc' dir='ltr'>οὐκ</span> <span class='ocrx_word' id='word_1_832' title='bbox 2781 4817 3003 4887; x_wconf 77' lang='grc' dir='ltr'>ἤκουσε.</span> <span class='ocrx_word' id='word_1_833' title='bbox 3035 4842 3061 4868; x_wconf 79' lang='lat' dir='ltr'>u</span> <span class='ocrx_word' id='word_1_834' title='bbox 3097 4814 3201 4873; x_wconf 85' lang='grc' dir='ltr'>Καὶ</span> <span class='ocrx_word' id='word_1_835' title='bbox 3229 4812 3354 4877; x_wconf 73' lang='grc' dir='ltr'>’δοὺς</span> <span class='ocrx_word' id='word_1_836' title='bbox 3384 4816 3477 4871; x_wconf 87' lang='grc' dir='ltr'>τὸν</span> <span class='ocrx_word' id='word_1_837' title='bbox 3511 4812 3798 4891; x_wconf 68' lang='grc' dir='ltr'>ἆρῥαὸῶνα</span> 
     </span>
    </p>
   </div>
   <div class='ocr_carea' id='block_1_108' title="bbox 2143 4907 3798 4982">
    <p class='ocr_par' dir='ltr' id='par_1_108' title="bbox 2143 4907 3798 4982">
     <span class='ocr_line' id='line_1_108' title="bbox 2143 4907 3798 4982; baseline -0.001 -19"><span class='ocrx_word' id='word_1_838' title='bbox 2143 4912 2239 4963; x_wconf 86' lang='grc' dir='ltr'>τοῦ</span> <span class='ocrx_word' id='word_1_839' title='bbox 2296 4908 2627 4980; x_wconf 65' lang='grc' dir='ltr'>ΙΙνεόματος.</span> <span class='ocrx_word' id='word_1_840' title='bbox 2693 4930 2720 4961; x_wconf 75' lang='grc' dir='ltr'>ι</span> <span class='ocrx_word' id='word_1_841' title='bbox 2781 4907 3015 4978; x_wconf 82' lang='grc' dir='ltr'>Ἐξωθεν</span> <span class='ocrx_word' id='word_1_842' title='bbox 3073 4915 3562 4976; x_wconf 72' lang='grc' dir='ltr'>συνυπακουστεον,</span> <span class='ocrx_word' id='word_1_843' title='bbox 3623 4908 3652 4962; x_wconf 90' lang='lat'>6</span> <span class='ocrx_word' id='word_1_844' title='bbox 3712 4908 3798 4982; x_wconf 79' lang='grc' dir='ltr'>βε-</span> 
     </span>
    </p>
   </div>
   <div class='ocr_carea' id='block_1_109' title="bbox 2145 4991 3797 5072">
    <p class='ocr_par' dir='ltr' id='par_1_109' title="bbox 2145 4991 3797 5072">
     <span class='ocr_line' id='line_1_109' title="bbox 2145 4991 3797 5072; baseline 0.001 -23"><span class='ocrx_word' id='word_1_845' title='bbox 2145 4991 2316 5052; x_wconf 76' lang='grc' dir='ltr'>ϐαιῶν</span> <span class='ocrx_word' id='word_1_846' title='bbox 2348 4998 2494 5069; x_wconf 67' lang='grc' dir='ltr'>ἡμᾶς</span> <span class='ocrx_word' id='word_1_847' title='bbox 2520 4996 2596 5057; x_wconf 78' lang='grc' dir='ltr'>εἰς</span> <span class='ocrx_word' id='word_1_848' title='bbox 2628 4997 2863 5072; x_wconf 87' lang='grc' dir='ltr'>Χριστὸν</span> <span class='ocrx_word' id='word_1_849' title='bbox 2893 4997 2922 5051; x_wconf 91' lang='lat'>6</span> <span class='ocrx_word' id='word_1_850' title='bbox 2955 4997 3152 5071; x_wconf 80' lang='grc' dir='ltr'>χρίσας</span> <span class='ocrx_word' id='word_1_851' title='bbox 3210 4994 3301 5049; x_wconf 85' lang='grc' dir='ltr'>καὶ</span> <span class='ocrx_word' id='word_1_852' title='bbox 3357 4996 3797 5072; x_wconf 69' lang='grc' dir='ltr'>σφραγισάμενος</span> 
     </span>
    </p>
   </div>
   <div class='ocr_carea' id='block_1_110' title="bbox 2143 5081 3795 5161">
    <p class='ocr_par' dir='ltr' id='par_1_110' title="bbox 2143 5081 3795 5161">
     <span class='ocr_line' id='line_1_110' title="bbox 2143 5081 3795 5161; baseline -0.001 -20"><span class='ocrx_word' id='word_1_853' title='bbox 2143 5086 2232 5141; x_wconf 82' lang='grc' dir='ltr'>καὶ</span> <span class='ocrx_word' id='word_1_854' title='bbox 2264 5084 2389 5147; x_wconf 75' lang='grc' dir='ltr'>δους</span> <span class='ocrx_word' id='word_1_855' title='bbox 2420 5087 2510 5142; x_wconf 85' lang='grc' dir='ltr'>τὸν</span> <span class='ocrx_word' id='word_1_856' title='bbox 2547 5081 2840 5161; x_wconf 70' lang='grc' dir='ltr'>ἆρῥαϐῶνα</span> <span class='ocrx_word' id='word_1_857' title='bbox 2868 5089 2964 5140; x_wconf 88' lang='grc' dir='ltr'>τοῦ</span> <span class='ocrx_word' id='word_1_858' title='bbox 3008 5085 3321 5157; x_wconf 73' lang='grc' dir='ltr'>Πνεῦματος</span> <span class='ocrx_word' id='word_1_859' title='bbox 3375 5085 3429 5139; x_wconf 78' lang='grc' dir='ltr'>ἐν</span> <span class='ocrx_word' id='word_1_860' title='bbox 3486 5091 3608 5149; x_wconf 79' lang='grc' dir='ltr'>ταῖς</span> <span class='ocrx_word' id='word_1_861' title='bbox 3666 5105 3795 5160; x_wconf 87' lang='grc' dir='ltr'>καρ-</span> 
     </span>
    </p>
   </div>
   <div class='ocr_carea' id='block_1_111' title="bbox 2145 5173 3798 5253">
    <p class='ocr_par' dir='ltr' id='par_1_111' title="bbox 2145 5173 3798 5253">
     <span class='ocr_line' id='line_1_111' title="bbox 2145 5173 3798 5253; baseline -0.001 -22"><span class='ocrx_word' id='word_1_862' title='bbox 2145 5173 2285 5238; x_wconf 76' lang='grc' dir='ltr'>δῖαις</span> <span class='ocrx_word' id='word_1_863' title='bbox 2320 5178 2495 5247; x_wconf 61' lang='grc' dir='ltr'>ἡμῶν,</span> <span class='ocrx_word' id='word_1_864' title='bbox 2529 5175 2690 5238; x_wconf 81' lang='grc' dir='ltr'>αὐτός</span> <span class='ocrx_word' id='word_1_865' title='bbox 2724 5174 2863 5231; x_wconf 80' lang='grc' dir='ltr'>ἐστιν</span> <span class='ocrx_word' id='word_1_866' title='bbox 2893 5175 2921 5229; x_wconf 94' lang='lat'>6</span> <span class='ocrx_word' id='word_1_867' title='bbox 2974 5173 3226 5249; x_wconf 86' lang='grc' dir='ltr'>πληρῶν,</span> <span class='ocrx_word' id='word_1_868' title='bbox 3284 5174 3440 5253; x_wconf 74' lang='grc' dir='ltr'>φησὶ,</span> <span class='ocrx_word' id='word_1_869' title='bbox 3498 5174 3597 5239; x_wconf 78' lang='grc' dir='ltr'>τὰς</span> <span class='ocrx_word' id='word_1_870' title='bbox 3657 5174 3798 5237; x_wconf 77' lang='grc' dir='ltr'>ἰδίας</span> 
     </span>
    </p>
   </div>
   <div class='ocr_carea' id='block_1_112' title="bbox 2146 5261 3793 5343">
    <p class='ocr_par' dir='ltr' id='par_1_112' title="bbox 2146 5261 3793 5343">
     <span class='ocr_line' id='line_1_112' title="bbox 2146 5261 3793 5343; baseline -0.002 -22"><span class='ocrx_word' id='word_1_871' title='bbox 2146 5265 2492 5340; x_wconf 68' lang='grc' dir='ltr'>ὑποσχέσεις.</span> <span class='ocrx_word' id='word_1_872' title='bbox 2554 5266 2693 5339; x_wconf 85' lang='grc' dir='ltr'>Ὅρα</span> <span class='ocrx_word' id='word_1_873' title='bbox 2750 5269 2867 5319; x_wconf 85' lang='grc' dir='ltr'>πῶς</span> <span class='ocrx_word' id='word_1_874' title='bbox 2925 5261 3289 5339; x_wconf 79' lang='grc' dir='ltr'>παρεδήλωσε</span> <span class='ocrx_word' id='word_1_875' title='bbox 3346 5262 3649 5343; x_wconf 65' lang='grc' dir='ltr'>σαφέστατα</span> <span class='ocrx_word' id='word_1_876' title='bbox 3697 5267 3793 5332; x_wconf 72' lang='grc' dir='ltr'>τήν</span> 
     </span>
    </p>
   </div>
   <div class='ocr_carea' id='block_1_113' title="bbox 2142 5349 3795 5430">
    <p class='ocr_par' dir='ltr' id='par_1_113' title="bbox 2142 5349 3795 5430">
     <span class='ocr_line' id='line_1_113' title="bbox 2142 5349 3795 5430; baseline -0.002 -20"><span class='ocrx_word' id='word_1_877' title='bbox 2142 5356 2297 5430; x_wconf 76' lang='grc' dir='ltr'>ἁγίαν</span> <span class='ocrx_word' id='word_1_878' title='bbox 2330 5352 2557 5430; x_wconf 81' lang='grc' dir='ltr'>Τριάδα·</span> <span class='ocrx_word' id='word_1_879' title='bbox 2591 5356 2653 5413; x_wconf 83' lang='grc' dir='ltr'>Ὁ</span> <span class='ocrx_word' id='word_1_880' title='bbox 2688 5356 2871 5430; x_wconf 70' lang='grc' dir='ltr'>Πατήρ</span> <span class='ocrx_word' id='word_1_881' title='bbox 2903 5357 2931 5412; x_wconf 91' lang='lat'>6</span> <span class='ocrx_word' id='word_1_882' title='bbox 2971 5349 3207 5428; x_wconf 71' lang='grc' dir='ltr'>βεϐαιῶν</span> <span class='ocrx_word' id='word_1_883' title='bbox 3238 5356 3391 5428; x_wconf 74' lang='grc' dir='ltr'>ἡμᾶς</span> <span class='ocrx_word' id='word_1_884' title='bbox 3432 5352 3511 5418; x_wconf 53' lang='lat' dir='ltr'>sic</span> <span class='ocrx_word' id='word_1_885' title='bbox 3541 5354 3795 5429; x_wconf 79' lang='grc' dir='ltr'>Χριστὸν,</span> 
     </span>
    </p>
   </div>
   <div class='ocr_carea' id='block_1_114' title="bbox 2140 5440 3799 5522">
    <p class='ocr_par' dir='ltr' id='par_1_114' title="bbox 2140 5440 3799 5522">
     <span class='ocr_line' id='line_1_114' title="bbox 2140 5440 3799 5522; baseline -0.004 -21"><span class='ocrx_word' id='word_1_886' title='bbox 2140 5445 2230 5501; x_wconf 84' lang='grc' dir='ltr'>καὶ</span> <span class='ocrx_word' id='word_1_887' title='bbox 2263 5444 2457 5520; x_wconf 72' lang='grc' dir='ltr'>χρίσας</span> <span class='ocrx_word' id='word_1_888' title='bbox 2489 5444 2580 5501; x_wconf 73' lang='grc' dir='ltr'>διὰ</span> <span class='ocrx_word' id='word_1_889' title='bbox 2603 5450 2699 5502; x_wconf 93' lang='grc' dir='ltr'>τοῦ</span> <span class='ocrx_word' id='word_1_890' title='bbox 2739 5446 2896 5522; x_wconf 81' lang='grc' dir='ltr'>ἁγίου</span> <span class='ocrx_word' id='word_1_891' title='bbox 2954 5451 3297 5518; x_wconf 80' lang='grc' dir='ltr'>Πνευματος,</span> <span class='ocrx_word' id='word_1_892' title='bbox 3360 5443 3524 5507; x_wconf 74' lang='grc' dir='ltr'>αὐτὸς</span> <span class='ocrx_word' id='word_1_893' title='bbox 3591 5440 3799 5515; x_wconf 85' lang='grc' dir='ltr'>πληροῖ</span> 
     </span>
    </p>
   </div>
   <div class='ocr_carea' id='block_1_115' title="bbox 2142 5532 3790 5613">
    <p class='ocr_par' dir='ltr' id='par_1_115' title="bbox 2142 5532 3790 5613">
     <span class='ocr_line' id='line_1_115' title="bbox 2142 5532 3790 5613; baseline -0.004 -20"><span class='ocrx_word' id='word_1_894' title='bbox 2142 5534 2233 5593; x_wconf 79' lang='grc' dir='ltr'>καὶ</span> <span class='ocrx_word' id='word_1_895' title='bbox 2260 5536 2354 5599; x_wconf 83' lang='grc' dir='ltr'>τὰς</span> <span class='ocrx_word' id='word_1_896' title='bbox 2387 5536 2732 5613; x_wconf 67' lang='grc' dir='ltr'>ὑποσχέσεις.</span> <span class='ocrx_word' id='word_1_897' title='bbox 2761 5538 2837 5594; x_wconf 87' lang='grc' dir='ltr'>Τὸ</span> <span class='ocrx_word' id='word_1_898' title='bbox 2870 5533 2949 5606; x_wconf 69' lang='grc' dir='ltr'>δὲ,</span> <span class='ocrx_word' id='word_1_899' title='bbox 2981 5533 3214 5611; x_wconf 81' lang='grc' dir='ltr'>πληροῖ,</span> <span class='ocrx_word' id='word_1_900' title='bbox 3246 5534 3353 5591; x_wconf 79' lang='grc' dir='ltr'>ἀπὸ</span> <span class='ocrx_word' id='word_1_901' title='bbox 3394 5537 3582 5591; x_wconf 79' lang='grc' dir='ltr'>κοινοῦ</span> <span class='ocrx_word' id='word_1_902' title='bbox 3603 5532 3790 5605; x_wconf 85' lang='grc' dir='ltr'>νόησαι</span> 
     </span>
    </p>
   </div>
  </div>
