4068 6254
332 351 453 410 933

1295 349 1706 412 OOMMENT.
1755 350 1835 409 IN
1883 347 2130 410 EPIST.
2178 345 2230 408 ll
2276 346 2378 408 AD
2423 347 2783 409 CORINTH.

3629 353 3749 416 934

334 485 447 534 τῶν
479 484 645 555 τριῶν
678 481 987 554 προσώπων
1046 488 1146 550 τῆς
1207 488 1332 554 μιᾶς
1391 481 1667 552 θεότητος.
1718 481 1842 538 ’Ότι
1873 500 1989 558 φει-

2106 479 2502 554 designaverit
2541 481 2885 537 Trinitatem
2915 499 2926 536 :
2967 484 3140 537 Pater
3165 482 3264 554 qui
3299 485 3613 541 confirmat
3642 503 3752 544 nos

339 567 576 644 δόμενος
606 570 782 642 ὑμῶν.
818 594 844 622 ››
877 572 1024 627 Ἀνω
1073 571 1238 626 εἰπὼν
1300 569 1389 625 διὰ
1417 573 1480 625 τὸ
1515 573 1590 644 μὴ
1627 569 1771 646 ἔχειν
1801 570 1991 625 ἑαυτοῦ

337 658 579 729 ἐξουσίαν
637 659 890 734 ἀλλοιχοῦ
954 660 1280 722 ἀποσταλείς
1332 661 1434 715 ὑπὸ
1490 664 1588 715 τοῦ
1659 661 1990 734 Πνεύματος,

336 755 458 813 πῶς
489 754 579 803 νῦν
610 747 780 825 λέγει,
821 776 844 803 ιι
879 747 1212 822 Φειδόμενος
1251 750 1402 822 ὑμῶν
1437 751 1542 804 οὐκ
1571 749 1742 818 ἦλθον
1776 749 1851 811 εἷς
1884 749 1993 804 Κύ-

335 851 556 915 ρινθον;
592 863 619 889 ››
649 840 751 895 Κιί
810 840 1006 919 φαμέν,
1065 841 1149 894 ὅτι
1205 841 1294 894 ὅτε
1340 839 1528 916 ἀφείθη
1567 839 1668 893 ὑπὸ
1697 843 1794 894 τού
1826 838 1992 895 Πνεύ-

337 949 510 1001 ματος
565 927 846 995 ἀπελθεῖν,
908 926 996 983 διὰ
1051 930 1112 983 τὸ
1166 927 1440 1007 φειὸεσθαι
1494 928 1594 984 ούκ
1635 927 1993 994 ἀπῆλθεν.¹’Π

336 1018 476 1090 μετᾶ
522 1025 621 1086 τῆς
672 1016 966 1080 κωλύσεως
1029 1022 1128 1073 τοῦ
1188 1017 1522 1090 Ονεύματος,
1551 1020 1832 1073 καὶτοῦτο
1863 1016 1995 1072 ἐκώ-

332 1105 519 1165 λυσεν.
552 1108 624 1163 Ἥ
673 1107 763 1162 καὶ
821 1107 897 1169 εἷς
950 1112 1112 1162 τοῦτο
1174 1107 1261 1162 ὑπ’
1320 1107 1483 1162 αύτοῦ
1515 1107 1788 1177 ἐκωλύθη.
1820 1109 1990 1164 Ἦσαν

329 1196 440 1270 γὰρ
468 1217 606 1260 τινες
657 1195 1066 1270 ἀμαρτήσαντες
1123 1196 1211 1252 καὶ
1276 1198 1350 1268 μὴ
1418 1201 1864 1269 μετανοήσαντες,
1901 1197 1991 1252 καὶ

331 1286 622 1360 περιέμενε
653 1287 752 1353 τήν
807 1285 1094 1359 μετάνοιαν
1155 1287 1356 1352 αὐτῶν,
1415 1287 1505 1341 καὶ
1546 1285 1635 1341 διὰ
1661 1291 1823 1342 τοῦτο
1857 1285 1990 1354 εἶπε,

333 1399 363 1427 ‹‹
403 1374 760 1450 Φειδόμενος.
796 1399 824 1427 ››
854 1377 1250 1448 Ἐπετέτραπτο
1305 1373 1361 1431 δὲ
1415 1381 1581 1447 αυτῷ,
1612 1376 1700 1431 καὶ
1729 1381 1966 1451 τιμωρεῖ

335 1475 459 1527 σθαι
519 1463 647 1527 τοὺς
706 1465 1129 1539 ἁμαρτάνοντας.
1192 1465 1290 1521 Καὶ
1355 1471 1616 1540 μαρτυρεῖ
1679 1464 1920 1537 Ἐλύμας
1962 1465 1990 1518 ὁ

335 1553 536 1628 μάγος.
575 1577 601 1604 «ι
635 1554 757 1629 Οὐχ
789 1554 868 1608 ὅτι
901 1556 1223 1627 κυριεύομεν
1259 1555 1410 1626 ὑμῶν
1443 1562 1541 1623 τῆς
1574 1555 1827 1616 πίστεως,
1865 1579 1891 1604 ››
1925 1587 1990 1596 -

335 1646 553 1719 [ΦΩΤ]
587 1643 896 1709 Τουτέστίν,
947 1643 1102 1699 ἓνεκα
1159 1652 1258 1713 τῆς
1309 1644 1540 1706 πίστεως
1574 1643 1635 1698 ού
1669 1644 1988 1718 κυριεύομεν

330 1734 511 1805 ὑμῶν.
545 1734 700 1800 Οἴον,
759 1733 820 1787 οὐ
884 1730 972 1787 διὰ
1036 1736 1199 1788 τοῦτο
1259 1732 1502 1806 ἐγένεσθε
1542 1732 1864 1800 πιστοζῗνα
1895 1755 1988 1788 κυ-

2104 570 2163 623 ἱιι
2197 571 2514 638 Christum,
2549 579 2604 625 et
2637 571 2734 641 qui
2768 571 2937 626 unxit
2971 589 3074 642 per
3111 573 3396 642 Spieitum
3451 582 3743 644 sanctum,

2099 659 2224 730 ipse
2254 660 2429 714 etiam
2461 661 2718 732 complet
2749 662 3055 732 promissa.
3092 663 3236 716 607
3285 663 3611 720 Dictionem
3641 683 3747 720 au-

2101 754 2217 801 tem
2252 749 2500 818 complet,
2534 767 2566 805 a
2598 752 2900 805 communi
2931 768 3108 806 sensu
3143 751 3476 812 subaudito.
3501 761 3744 825 propter

2101 852 2283 890 unam
2309 838 2483 891 trium
2526 855 2910 908 personarum
2937 840 3324 894 divinitatem.
3352 863 3380 890 «
3414 842 3580 906 Quod
3612 860 3744 914 par-

2102 939 2242 978 cens
2275 925 2456 978 vobis.
2493 946 2520 973 »
2553 927 2696 982 Cum
2729 929 3002 998 suqerius
3033 927 3426 998 dixeritquod
3475 946 3593 984 suae
3627 948 3747 986 non

2098 1011 2278 1067 fuerit
2306 1015 2632 1085 potestatis,
2666 1016 2782 1070 alio
2839 1018 3054 1072 missus
3086 1033 3120 1072 a
3169 1018 3406 1088 Spiritu.
3451 1020 3746 1089 quomodo

2099 1119 2258 1157 nunc
2286 1102 2462 1156 dicit:
2488 1126 2515 1153 ‹‹
2542 1106 2795 1160 Parcens
2819 1106 2981 1160 vobis
3003 1122 3120 1160 non
3145 1108 3273 1160 veni
3295 1108 3644 1163 Corinthum
3666 1109 3693 1164 ‘3
3716 1131 3742 1160 ιι

2099 1192 2169 1244 Et
2198 1191 2452 1247 dicimus
2480 1193 2637 1263 quod
2670 1195 2906 1264 quando
2946 1196 3269 1266 permissus
3317 1196 3427 1250 fuit
3456 1214 3490 1251 a
3521 1198 3743 1268 Spiritu

2100 1285 2165 1332 ut
2195 1278 2689 1350 proficisceretur,
2714 1298 2782 1336 eo
2815 1283 2969 1352 quod
2995 1289 3262 1354 parceret
3291 1299 3411 1337 non
3445 1292 3533 1338 est
3553 1285 3745 1355 profe-

2100 1374 2248 1424 ctus.
2283 1371 2398 1422 Aut
2424 1386 2540 1424 una
2572 1387 2706 1425 cum
2738 1371 2989 1442 Spiritus
3021 1372 3418 1442 prohibitione
3454 1373 3630 1428 etiam
3683 1374 3744 1428 id

2100 1457 2526 1528 impedimento
2577 1459 2705 1514 fuit.
2739 1463 2855 1514 Aut
2886 1461 3062 1515 etiam
3109 1462 3169 1515 in
3200 1461 3311 1516 hoc
3342 1461 3413 1516 ab
3447 1463 3572 1534 ipso
3606 1479 3744 1534 pro-

2099 1545 2321 1601 hibitus
2353 1554 2460 1602 est.
2494 1550 2676 1604 Erant
2721 1551 2879 1603 enim
2920 1551 3160 1620 quidam
3209 1551 3306 1622 qui
3359 1557 3746 1622 pec.-.averant

2099 1653 2208 1691 nec
2231 1637 2627 1709 resipuerant,
2661 1640 2987 1710 horumque
3031 1643 3356 1712 expectavit
3386 1643 3740 1714 resipiscen-

2099 1725 2261 1787 tiam.
2297 1732 2354 1780 et
2384 1736 2698 1799 propterea
2728 1729 2894 1796 dixit,
2930 1753 2956 1779 «
2991 1732 3265 1786 Parcens.
3304 1757 3324 1784 ι
3379 1732 3740 1787 Permissum

328 1823 594 1898 ριεύησθε
623 1823 709 1877 καὶ
742 1828 1062 1896 τιμωρῆσθε
1123 1823 1207 1895 ὑφ’
1266 1823 1448 1894 ἡμῶν.
1486 1822 1546 1878 Ei
1577 1823 1676 1896 γὰρ
1706 1824 1794 1877 καὶ
1829 1827 1989 1877 τοῦτο

2099 1823 2292 1870 autem
2323 1818 2373 1870 ei
2400 1818 2678 1873 fueratut
2708 1819 2884 1874 etiam
2920 1819 3337 1891 delinquentes
3360 1823 3619 1893 puniret,
3653 1839 3747 1876 cu-

326 1913 424 1980 ἧν,
457 1910 634 1976 αύτοῖ,
691 1911 878 1987 φησὶν,
913 1909 963 1964 ἐν
1004 1914 1072 1983 τῇ
1107 1910 1281 1965 πίστει
1317 1911 1596 1981 ἑστήκατε,
1627 1911 1717 1965 καὶ
1751 1911 1849 1966 ούκ
1877 1907 1987 1966 ἔστι

333 1998 500 2079 χρεία
531 1997 748 2078 φειδοῦς
847 1999 1141 2072 τιμωρίας,
1195 2001 1356 2074 χάριν
1388 2002 1488 2069 τῆς
1518 2003 1772 2061 πίστεως.
1809 2004 1984 2058 Τοῦτο

337 2088 398 2144 δὲ
453 2087 586 2156 λέει,
640 2088 901 2152 ἀντίθεσιν
959 2087 1104 2143 λύιυν
1166 2086 1426 2143 δοκοῦσαν
1497 2089 1839 2145 ἀνακύπτειν.
1899 2091 1988 2153 Ὠς

334 2180 438 2253 γὰρ
490 2177 646 2233 ἐνίων
700 2176 1068 2253 διαγανακτεῖν
1129 2177 1440 2252 μελλόντων
1483 2178 1572 2233 καὶ
1606 2177 1890 2252 λεγόντων,
1919 2179 1984 2236 Ἰί

335 2266 542 2342 λέγεις,
575 2266 658 2321 ὅτι
713 2265 906 2345 ἐφείσω
963 2270 1170 2339 ipim;
1227 2271 1368 2341 Ἀρα
1423 2269 1522 2341 γὰρ
1569 2265 1655 2322 8.5:
1686 2273 1846 2322 τοῦτο
1878 2268 1992 2322 ἐπι-

331 2357 656 2431 στεύσαμεν,
709 2354 802 2411 ⁶ίνα
860 2356 1142 2428 ἀκούωμεν
1227 2357 1374 2432 παρὰ
1457 2361 1552 2410 σοῦ
1633 2358 1716 2410 δτι
1793 2356 1988 2433 ἐφείσω

329 2450 499 2521 ἡμῶν
530 2465 544 2516 ;
577 2446 642 2503 Ei
673 2446 774 2518 γὰρ
807 2447 882 2517 μή
926 2445 1142 2521 ἐφείσω,
1190 2445 1240 2500 τί
1301 2445 1554 2511 πάντωςς
1589 2443 1853 2508 ἐκόλασας
1886 2445 1944 2500 ἅν
1972 2464 1986 2514 ;

328 2535 599 2596 Βασᾶνοις
629 2533 890 2604 ἐξέδωκας
917 2558 931 2602 ς
959 2531 1051 2588 ’ίνα
1105 2532 1196 2588 οὖν
1237 2536 1312 2608 μὴ
1345 2538 1509 2588 ταῦτα
1543 2531 1985 2607 διαλογῖςωνται,

331 2630 704 2701 προαπαντῶν
765 2625 933 2700 λέγει.
996 2625 1108 2682 Οὐκ
1183 2624 1338 2679 εἶπον
1397 2627 1479 2692 τὸ,
1569 2650 1594 2676 ι(
1655 2623 1988 2697 Φειὸόμενος

324 2717 519 2787 ὑμῶν,
555 2716 682 2774 »ὡς
740 2711 897 2770 ἕνεκα
954 2721 1053 2783 τῆς
1113 2714 1344 2776 πίστεως
1405 2709 1588 2769 λαϐὼν
1633 2713 1872 2784 ἐξουσίαν
1899 2715 1988 2770 καὶ

741 2817 746 2825 ’
791 2805 932 2876 ὑμᾶς
991 2804 1080 2857 καὶ
1135 2807 1230 2858 τοῦ
1283 2804 1535 2872 κολάζειν
1567 2804 1655 2857 καὶ
1689 2808 1782 2858 τού
1813 2801 1988 2882 φείδε-

345 2905 489 2960 σθαι,
528 2891 691 2959 ἀλλὰ,
725 2921 749 2944 ιι
791 2890 1126 2964 Φειδόμενος
1159 2917 1186 2943 ››
1247 2892 1418 2958 εἷπον,
1482 2893 1557 2963 μή
1620 2890 1790 2956 θέλων
1851 2893 1987 2963 ὑμᾶς

338 2984 678 3052 λυπηθῆναι.
712 2983 776 3039 Ei
808 2983 911 3057 γὰρ
962 2982 1134 3050 ἦλθον
1195 2980 1300 3056 ἐγὼ
1354 2979 1724 3053 λυπούμενος,
1755 2978 1877 3036 οἶδα
1907 2981 1988 3036 ὅτι

343 2805 639 2876 κυριότητα
667 2803 729 2883 ἐφ

334 3075 428 3129 καὶ
465 3075 617 3128 αὐτοὶ
653 3072 942 3148 βλέποντές
1006 3094 1072 3146 με
1127 3072 1490 3145 λυπούμενον,
1550 3071 1861 3144 ἐλυπήθητε
1905 3071 1986 3129 ἄν.

337 3164 480 3236 Ἐγὼ
515 3162 569 3218 δὲ
596 3163 926 3230 τούναντῖον,
973 3167 1148 3237 χαρᾶς
1181 3161 1295 3234 εἷμῖ
1355 3162 1604 3236 συνεργὸς
1636 3163 1786 3234 ὑμῶν
1821 3183 1987 3216 πνευ-

315 3261 600 3326 ματικῆς,
659 3253 698 3323 ἢ
754 3273 835 3314 τις
868 3248 1037 3318 ἔσται,
1097 3250 1156 3305 ἃν
1183 3255 1279 3305 τοῦ
1314 3251 1616 3310 λυποῦντὸς
1651 3273 1716 3323 με
1760 3246 1918 3325 ἔργου
1942 3251 1990 3322 ἐξ

337 3346 489 3416 ὑμῶν
526 3342 801 3418 ἀρθέντος,
856 3337 1000 3404 ἔλθω
1055 3340 1187 3414 μετᾶ
1237 3346 1409 3416 χαςᾶς
1452 3341 1586 3414 πρὸς
1621 3341 1781 3414 ὑμᾶς,
1815 3343 1993 3416 Χαιρή-

337 3435 492 3488 σεσθε
549 3432 650 3507 γὰρ
714 3432 802 3486 καὶ
889 3430 1042 3502 ὑμεῖς
1100 3427 1181 3502 δι’,
1252 3430 1348 3501 ἐμὲ
1405 3435 1808 3500 πνευματικῶς.
1864 3430 1996 3486 Εἶτα

339 3524 521 3598 ὥσπερ
552 3522 927 3597 ἐπαποροῦντό
954 3541 1120 3587 τινος,
1168 3521 1236 3577 Τί
1268 3519 1397 3586 ούνς
1455 3520 1669 3597 φεύγεις
1697 3520 1784 3574 καὶ
1821 3527 1996 3593 μισεῖς

333 3614 398 3667 τὸ
434 3613 630 3684 λυμεῖν
673 3614 820 3684 ἡμᾶς
852 3631 864 3680 ;
897 3609 1062 3665 πάλιν
1094 3610 1302 3686 ἐπάγει.
1339 3610 1456 3667 Ούκ
1492 3609 1596 3674 ἀεὶ,
1630 3610 1815 3686 φησῖν,
1847 3609 1994 3666 ἀλλὰ

340 3703 657 3757 τουναντίον
691 3700 864 3756 ἐνίοτε
893 3701 980 3754 καὶ
1046 3697 1230 3753 διώκω
1290 3697 1380 3751 καὶ
1439 3696 1648 3771 στέργω
1680 3699 1834 3767 αὐτὸ,
1868 3699 1994 3754 ὅταν

337 3787 431 3846 διὰ
491 3795 586 3845 τοῦ
646 3789 899 3846 λυπεῖσαι
955 3790 1115 3862 ὑμᾶς,
1170 3785 1360 3861 κέρδος
1417 3787 1649 3860 εὑρίσκω
1679 3789 1780 3857 τήν
1813 3810 1994 3859 σωτη-

314 3880 457 3954 ,ρίαν
496 3879 668 3951 ὑμῶν.
732 3879 848 3936 Οὐκ
907 3877 988 3933 ἀεὶ
1049 3875 1106 3931 δὲ
1163 3875 1306 3940 θέλω
1339 3875 1622 3930 λυπεῖσθαι
1659 3876 1818 3948 ὑμᾶς,
1851 3875 1994 3932 ἀλλά

339 3965 734 4041 διορθωθέντας
801 3965 1014 4040 μᾶλλον
1059 3963 1110 4019 ἐν
1160 3968 1307 4039 χαρᾷ
1354 3964 1444 4017 καὶ
1486 3962 1802 4037 ἀγαλλιάσει
1837 3965 1992 4020 εἶναι.

338 4084 368 4112 ‹‹
403 4056 586 4117 Ἀλλά
635 4058 881 4133 συνεργοί
940 4056 1114 4129 ἐσμεν.
1160 4079 1188 4108 ››
1245 4052 1465 4124 Ἐπειδὴ
1526 4054 1786 4117 ἀπονοίας
1821 4052 1993 4110 ἐδόκει

340 4150 494 4216 εἶναι,
525 4149 587 4203 τὸ
619 4149 812 4215 εἰπεῖν,
874 4173 900 4199 ‹‹
951 4143 1284 4216 Φειδὸμενος
1327 4143 1498 4216 ὑμῶν.
1553 4167 1580 4194 ››
1613 4142 1867 4201 Ἐκείνων
1893 4145 1992 4220 γὰρ

321 4259 420 4300 ,τις
468 4235 700 4317 φείδεται
757 4238 831 4291 ὧν
893 4231 1009 4310 ἔχει
1067 4236 1164 4302 τὴν
1230 4232 1494 4302 ἐξουσίαν,
1528 4232 1807 4302 θεραπεύει
1841 4233 1991 4301 αὐτὸ,

319 4327 430 4389 ,καί
463 4316 645 4404 φησιν,
705 4351 730 4380 ιι
778 4325 854 4384 Οὐ
913 4322 1002 4379 διὰ
1049 4324 1112 4378 τὸ
1170 4323 1406 4392 ἐξουσίαν
1453 4316 1598 4395 ἔχειν
1633 4325 1732 4386 τῆς
1763 4323 1994 4385 πίστεως

339 4417 518 4488 ὑμῶν,
555 4439 581 4465 ››
615 4415 766 4470 εἷπον
810 4414 894 4481 τὸ,
968 4436 995 4464 ‹‹
1048 4407 1400 4484 Φειδόμενος·
1457 4432 1484 4458 ››
1536 4409 1792 4480 (Γνώμης
1823 4409 1924 4485 γαρ
1956 4412 1990 4479 ἡ

341 4503 525 4564 πίστις
583 4505 669 4558 καὶ
729 4503 1123 4576 προαιρέσεως,
1185 4498 1274 4553 καὶ
1335 4494 1515 4558 οὐδεὶς
1574 4497 1862 4572 ἀναγκάζει
1901 4520 1990 4552 πι-

336 4598 553 4650 στεύσαι
635 4594 724 4648 τὸν
814 4593 1056 4664 ἄκοντα·)
1141 4588 1266 4644 ἀλλ’
1355 4584 1566 4656 ἐπειδὴ,
1647 4610 1675 4638 ‹‹
1735 4589 1992 4664 Συνεργοί

334 4683 497 4757 ἐσμεν
529 4691 629 4752 τῆς
657 4688 832 4758 χαρᾶς
867 4682 1036 4754 ὑμῶν,
1075 4704 1098 4733 ι)
1135 4676 1224 4734 διὰ
1251 4682 1416 4733 τοῦτο
1448 4679 1626 4743 εἷπον,
1661 4701 1687 4728 (ι
1725 4675 1996 4752 Φειδομε-

334 4793 428 4834 νος
458 4772 612 4844 ὑμῶν
670 4795 698 4823 ››
755 4771 821 4825 Τί
878 4767 935 4823 δέ
987 4769 1099 4824 ἐστι
1155 4771 1342 4832 τοῦτο,
1377 4765 1495 4840 ὅρα.
1531 4765 1992 4839 Εὐφραινόμενος,

336 4862 523 4940 φησὶν,
557 4859 632 4921 εἷς
692 4861 831 4933 ὑμᾶς
887 4859 1013 4934 ἐγὼ,
1075 4861 1317 4933 συνεργῶ
1378 4856 1503 4927 ὑμῖν
1535 4854 1609 4916 εἷς
1641 4855 1702 4910 τὸ
1732 4857 1821 4910 καὶ
1856 4858 1996 4926 ὑμᾶς

337 4950 552 5025 χαίρειν
581 4948 668 5004 ἐπὶ
698 4953 766 5022 τῇ
800 4949 905 5023 ἐμῇ
939 4945 1008 5002 δι’
1059 4947 1198 5020 ὑμᾶς
1248 4944 1566 5021 εὐφροσύνῃ.
1601 4943 1665 5000 Ei
1695 4945 1786 4999 οὗν
1819 4945 1990 5015 ἦλθον

339 5037 432 5094 διὰ
478 5040 602 5100 τοὺς
657 5040 1075 5114 ἁμαρτήσαντας
1134 5033 1326 5108 μηκέτι
1401 5034 1493 5105 μὲν
1548 5034 1988 5111 εὐοραινὸμενος,

334 5130 546 5183 πενθῶν
579 5125 654 5193 δὲ,
691 5126 766 5188 sic
801 5124 978 5197 Λύπην
1030 5127 1117 5180 καὶ
1175 5125 1315 5196 ὑμᾶς
1361 5115 1618 5179 ἔϐαλλον.
1652 5125 1988 5202 Ἐιρεισᾶμην

334 5219 429 5273 οὖν
478 5217 670 5280 ἐλθεῖν,
711 5217 796 5271 ἳνα
862 5218 938 5289 μὴ
989 5214 1257 5286 πρόφασις
1308 5213 1432 5285 ὑμῖν
1467 5211 1695 5284 ἀθυμίας
1726 5212 1988 5286 γένωμαι.

335 5333 363 5362 α
400 5312 486 5381 Τῇ
519 5308 620 5382 γὰρ
649 5308 826 5362 πίστει
875 5307 1153 5376 ἑστήκατε.
1209 5328 1237 5355 ››
1279 5302 1463 5360 Ε’πὼν
1517 5301 1600 5356 δτι
1653 5325 1681 5353 ί(
1711 5305 1778 5374 τῇ
1814 5302 1986 5359 πίστει

329 5397 621 5466 ἑστήκατε,
657 5394 904 5475 ἐμφαίνει
953 5393 1037 5448 ὅτι
1085 5392 1172 5447 καὶ
1218 5390 1269 5445 ἐν
1321 5388 1514 5450 ἄλλοις
1567 5386 1926 5464 ἐσῳάλλοντο,
1961 5391 1990 5448 6'

331 5486 422 5542 καὶ
473 5485 760 5566 σαφηνίζει
790 5484 1013 5549 κατιὼν,
1045 5482 1096 5537 ὲν
1123 5485 1202 5553 τῷ
1240 5478 1386 5535 τέλει
1419 5474 1752 5547 Ἐπιστολῆς

2089 1905 2192 1976 jus
2223 1906 2307 1960 rei
2345 1908 2509 1961 testis
2542 1924 2778 1978 quoque
2810 1915 2899 1964 est
2943 1910 3178 1982 Elymas
3223 1927 3428 1983 magus
3461 1915 3520 1966 ιτ.
3557 1936 3578 1962 ;‹
3612 1913 3741 1966 Non

2095 1994 2255 2064 quod
2286 1994 2664 2051 dominemur
2694 1997 2830 2052 fidei
2865 2005 3090 2054 vestra).
3118 2023 3144 2050 »
3173 2001 3289 2054 Hoc
3323 2007 3430 2068 est,
3455 2000 3527 2054 ob
3560 2001 3740 2056 ﬁdem

2094 2099 2215 2137 non
2245 2083 2626 2141 dominamur
2674 2087 2876 2142 vobis:
2914 2089 3030 2143 sive
3082 2106 3202 2144 non
3243 2095 3556 2161 propterea
3604 2090 3742 2146 facti

2096 2173 2237 2229 estis
2270 2175 2496 2245 fideles,
2530 2184 2594 2231 ut
2623 2177 3060 2249 subjiceremini
3095 2197 3162 2235 ac
3192 2181 3556 2251 pnniremini
3588 2197 3623 2235 a
3644 2197 3744 2234 no-

2093 2263 2206 2317 bis.
2234 2265 2375 2319 Nam
2405 2266 2453 2320 si
2487 2266 2663 2321 etiam
2696 2267 2754 2320 id
2785 2267 3012 2335 fuisset,
3047 2269 3180 2340 ipsi,
3216 2269 3428 2339 inquit,
3473 2270 3586 2324 ﬁde
3619 2277 3742 2324 ste-

2099 2353 2272 2412 tistis.
2313 2371 2422 2410 nec
2452 2372 2601 2427 opus
2626 2363 2714 2411 est
2739 2374 2980 2427 parcere
3012 2359 3341 2429 autpunire
3376 2376 3552 2415 causa
3580 2360 3748 2418 ﬁdei.

2096 2444 2213 2498 Hoc
2243 2452 2440 2500 autem
2466 2446 2609 2500 dicit
2636 2454 3034 2520 emergentem
3060 2449 3293 2503 solvens
3317 2448 3742 2519 objectionem.

2095 2533 2392 2602 Tanquam
2427 2535 2584 2588 enim
2618 2535 2798 2589 futuri
2830 2543 3028 2591 essent
3058 2538 3159 2607 qui
3192 2537 3646 2608 indignarentur
3676 2554 3744 2593 ac

2097 2622 2397 2677 dicerent:
2430 2623 2577 2688 Quid
2633 2625 2740 2693 ais,
2792 2626 2948 2696 quod
3008 2627 3178 2680 nobis
3224 2627 3613 2697 peperceris?
3652 2631 3742 2682 An

2096 2718 2410 2783 propterea
2440 2713 2801 2768 credidimus
2833 2721 2896 2768 ut
2927 2720 3039 2769 ate
3073 2714 3414 2770 audiremus
3453 2716 3612 2786 quod
3648 2733 3743 2787 pe-

2095 2801 2390 2866 percisses
2422 2802 2638 2856 nobis?
2695 2802 2859 2867 Quod
2910 2804 2957 2858 si
3006 2820 3123 2858 non
3173 2805 3558 2875 pepercisses,
3599 2806 3742 2875 quid

2097 2891 2301 2960 utique
2323 2891 2349 2944 ‘2
2366 2908 2440 2945 an
2466 2892 2738 2962 punisses
2758 2910 2865 2948 nos
2881 2893 2908 2948 τὶ
2929 2911 3004 2948 an
3028 2895 3334 2965 suppliciis
3361 2895 3744 2952 tradidisscs?

2099 2980 2177 3032 Ne
2213 2979 2389 3044 igitur
2419 2981 2543 3034 haec
2574 2981 2850 3053 cogitent,
2885 2984 3285 3053 prwoccurrit,
3342 2983 3581 3039 dicens:
3616 2988 3740 3040 Non

2099 3065 2216 3120 dixi
2246 3083 2258 3120 :
2285 3089 2312 3117 «
2346 3070 2601 3124 Parcens
2641 3071 2823 3140 vobis,
2859 3092 2882 3120 ν
2919 3088 2984 3126 ac
3017 3073 3064 3124 si
3110 3072 3422 3127 occasione
3463 3073 3600 3126 ﬁdei
3634 3090 3742 3144 po-

2100 3165 2371 3216 testatem
2405 3178 2471 3216 ac
2514 3163 2845 3218 dominium
2880 3164 2940 3218 in
2989 3182 3087 3220 vos
3136 3166 3496 3236 accepissem
3545 3173 3599 3221 et
3631 3184 3746 3238 pu-

2098 3249 2299 3304 niendi
2333 3257 2391 3304 et
2420 3253 2719 3323 parcendi,
2754 3254 2877 3319 sed,
2914 3273 2936 3297 «
2971 3257 3244 3318 Parcens,
3281 3277 3308 3304 ν
3340 3255 3482 3324 dixi,
3536 3256 3746 3310 nolens

2098 3355 2197 3392 vos
2230 3341 2588 3396 contristari.
2644 3343 2696 3395 Si
2733 3343 2890 3396 enim
2938 3343 3147 3416 lugens
3178 3345 3250 3399 ad
3282 3362 3380 3399 vos
3433 3346 3745 3414 venissem,

2101 3429 2220 3482 scio
2249 3430 2406 3500 quod
2436 3430 2548 3501 ipsi
2583 3448 2816 3502 quoque
2847 3433 3110 3488 videntes
3144 3451 3234 3489 me
3268 3435 3591 3506 lugentem,
3626 3435 3748 3489 uti-

2102 3535 2215 3588 que
2248 3518 2583 3575 luxissetis:
2617 3538 2720 3593 ego
2770 3529 2968 3578 autem
3001 3541 3031 3578 e
3065 3524 3295 3579 diverso
3344 3525 3583 3596 adjutor
3608 3542 3740 3580 sum

2101 3608 2425 3678 spiritualis
2457 3611 2654 3682 gaudii
2685 3613 2860 3666 vestri
2895 3614 3052 3684 quod
3092 3615 3222 3682 erit,
3258 3615 3304 3668 si
3332 3631 3531 3685 opere,
3583 3614 3740 3686 quod

2100 3715 2192 3752 me
2226 3701 2588 3767 constristat,
2613 3702 2844 3758 sublato
2876 3721 2909 3758 a
2939 3704 3125 3763 vobis.
3152 3721 3365 3758 venero
3389 3706 3460 3759 ad
3488 3723 3583 3759 vos
3608 3722 3743 3759 cum

2099 3786 2331 3857 gaudio.
2368 3787 2670 3858 Siquidem
2707 3807 2808 3844 vos
2830 3807 3065 3860 quoque
3093 3808 3324 3845 mecum
3357 3792 3748 3861 spiritualiter

2099 3876 2450 3945 gaudebitis.
2477 3878 2700 3932 Deinde
2724 3885 3005 3950 tanquam
3029 3881 3423 3936 subdubitans
3451 3880 3746 3951 quispiam

2099 3963 2361 4020 diceret:
2394 3966 2543 4030 Quid
2575 3983 2710 4039 ergo
2733 3969 2759 4022 ?
2797 3968 2950 4040 fugis
2995 3986 3062 4024 ac
3102 3970 3415 4024 detestaris
3451 3969 3609 4040 quod
3639 3987 3748 4025 nos

2100 4070 2455 4109 mini-eamus
2476 4056 2502 4109 ‘2
2531 4073 2768 4111 rursum
2809 4058 3113 4130 subJungit
3137 4077 3149 4113 :
3177 4062 3300 4115 Non
3352 4077 3607 4131 semper,
3642 4059 3745 4116 sed

2100 4145 2408 4216 oppositis,
2442 4145 2651 4216 inquit,
2689 4148 2880 4203 modis
2903 4149 3162 4220 idipsum
3194 4150 3490 4206 interdum
3528 4157 3585 4206 et
3615 4169 3747 4223 pro-

2102 4250 2319 4304 sequor
2350 4241 2405 4289 et
2435 4252 2589 4304 amo,
2624 4237 2860 4307 quando
2895 4256 2965 4293 ex
2996 4240 3155 4295 lectu
3185 4247 3372 4295 vestro
3401 4241 3630 4297 lucrum
3659 4242 3744 4294 in-

2099 4324 2294 4390 venio,
2329 4341 2544 4397 nempe
2590 4335 2841 4382 vestram
2891 4329 3165 4384 salutem.
3200 4332 3324 4384 l\on
3375 4347 3610 4401 semper
3639 4347 3746 4384 au-

2100 4420 2220 4468 tem
2253 4432 2352 4470 vos
2382 4416 2720 4472 contristari
2772 4419 2924 4486 volo,
2974 4419 3076 4474 sed
3131 4420 3479 4474 emendatos
3527 4420 3744 4490 potius,

2102 4504 2162 4558 in
2196 4505 2410 4576 gaudio
2443 4513 2501 4560 et
2531 4507 2893 4563 exultatione
2927 4525 3075 4564 esse.
3110 4531 3133 4560 ιι
3166 4509 3276 4564 Sed
3308 4509 3610 4580 adjutores
3644 4526 3746 4564 su-

2103 4609 2254 4647 mus.
2290 4617 2318 4642 ››
2351 4594 2638 4658 Quoniam
2691 4599 3041 4669 arrogantiae
3092 4598 3400 4653 videbatur
3431 4614 3559 4654 esse
3586 4600 3744 4668 quod

2107 4683 2368 4738 dixerat:
2406 4708 2433 4735 «
2465 4686 2720 4741 Parcens
2750 4687 2932 4742 vobis.
2967 4710 2992 4736 »
3024 4689 3174 4743 608
3207 4689 3330 4743 Illis
3361 4689 3521 4744 enim
3561 4689 3750 4760 parcit

2107 4775 2400 4844 quispiam
2446 4792 2624 4846 super
2671 4793 2819 4846 quos
2868 4778 3280 4833 auctoritatem
3334 4779 3530 4847 habet,
3577 4771 3748 4834 curat

2104 4863 2234 4924 hoc.
2267 4870 2326 4918 et
2355 4864 2474 4918 ait:
2509 4885 2537 4913 «
2571 4866 2695 4919 Non
2723 4867 2879 4936 quod
2911 4872 3260 4938 potestatem
3294 4869 3543 4924 habeam
3585 4869 3644 4922 in
3677 4869 3747 4922 {i-

2105 4951 2237 5006 dem
2296 4958 2566 5016 vest'am,
2604 4975 2631 5002 »
2680 4953 2821 5019 dixi,
2856 4977 2882 5003 ‹‹
2930 4957 3185 5011 Parcens
3235 4957 3437 5024 vobis;
3475 4979 3501 5005 ››
3551 4956 3746 5025 (Fides

2102 5040 2395 5109 siquidem
2428 5042 2644 5096 mentis
2675 5049 2763 5096 est
2789 5059 2856 5098 ac
2889 5044 3234 5099 electionis:
3291 5063 3399 5101 nec
3449 5046 3744 5116 quispiam

2101 5129 2402 5182 nolentem
2433 5130 2586 5202 cogit
2616 5130 2690 5185 ad
2739 5132 3125 5203 credendum)
3155 5150 3169 5200 ;
3203 5135 3303 5188 sed
3347 5135 3487 5205 quia
3515 5155 3543 5182 ‹‹
3575 5133 3747 5204 adju-

2103 5222 2278 5281 tores,
2339 5218 2534 5287 inquit
2609 5236 2813 5274 sumus
2865 5223 3064 5292 gaudii
3120 5223 3318 5290 vestri,
3354 5245 3380 5270 υ
3430 5229 3747 5294 prOpterea

2099 5309 2240 5369 dixi.
2278 5332 2305 5360 ‹‹
2335 5312 2589 5366 Parcens
2620 5313 2802 5370 vobis.
2840 5336 2865 5361 υ
2908 5316 2978 5368 Et
3011 5315 3409 5370 animadverte
3457 5313 3742 5384 quidnam

2099 5398 2209 5454 hoc
2242 5399 2335 5454 sit.
2369 5402 2502 5471 Ego.
2541 5401 2756 5472 inquit,
2788 5403 2946 5460 circa
2989 5421 3092 5458 vos
3139 5404 3492 5470 oblectatus,
3543 5403 3602 5458 in
3635 5404 3748 5458 hoc

2098 5486 2260 5542 vobis
2299 5488 2518 5543 auxilio
2547 5507 2701 5558 sum,
2754 5498 2818 5545 ut
2845 5507 2946 5546 vos
2984 5492 3288 5564 gaudeatis
3336 5493 3398 5548 in
3427 5509 3582 5560 mea,
3611 5509 3743 5564 qua)

328 5583 574 5653 prapter
606 5594 707 5633 vos
768 5581 876 5646 est,
927 5573 1338 5630 oblectatione.
1374 5569 1430 5626 Si
1489 5585 1624 5643 ergo
1655 5569 1972 5640 venissem,
2023 5581 2264 5648 propter
2319 5594 2419 5633 eos
2477 5579 2576 5650 qui
2632 5589 3024 5652 peccaverant
3076 5599 3456 5656 nequaquam
3513 5582 3747 5658 gavisus

411 5692 456 5735 ιτ
487 5698 613 5752 Act.
655 5710 775 5764 xm,
805 5695 858 5749 8.
