4068 6254
420 347 535 407 935

1551 342 1961 405 (ECUHENII
2007 341 2312 403 TBICCE
2356 341 2706 404 EPISCOPI

3720 342 3830 402 936

418 482 665 538 fuissem
693 500 706 536 :
740 480 948 547 lugens
977 484 1198 543 autem,
1230 496 1329 534 vos
1360 494 1594 551 quoque
1626 479 1684 534 in
1715 478 1942 534 luctum
1974 477 2388 551 conjecissem.
2421 478 2664 549 Peperci
2697 492 2832 551 ergo
2868 481 2928 532 et
2964 474 3220 533 abstinui
3264 492 3299 532 α
3328 476 3730 549 profectione,
3762 492 3835 531 ne

417 572 586 627 vobis
616 570 844 626 occasio
877 585 1070 625 essem
1104 569 1380 625 tristitiae.
1417 595 1441 617 «ι
1478 571 1621 624 Nam
1656 567 1771 623 fide
1821 569 2009 623 statis.
2041 594 2061 617 ι
2098 567 2347 623 Dicens:
2382 592 2408 617 «
2447 568 2585 623 Fide
2635 568 2824 636 statis,
2877 588 2907 617 »
2935 567 3195 623 ostendit
3224 566 3382 638 quod
3414 566 3476 621 in
3518 566 3663 622 aliis
3696 566 3839 636 lapsi

417 667 614 715 essent
645 660 804 731 quod
836 660 1102 715 etiamin
1133 658 1521 730 sequentibus
1551 659 1911 728 manifestat,
1943 672 2158 729 nempe
2191 658 2253 713 in
2281 657 2399 712 fine
2431 658 2728 730 Epistolm.

491 752 560 814 ll,
596 751 714 804 1-3.
749 749 857 805 Sed
903 749 1005 804 hoc
1051 749 1265 803 derrevi
1312 749 1463 819 apud
1509 751 1737 809 memeti,
1762 764 1902 816 sum,
1952 763 2063 802 non
2094 751 2146 815 Α

415 844 619 895 iterum
650 855 772 895 cum
802 855 1028 894 mwrore
1074 840 1148 893 ad
1174 855 1266 894 vos
1295 840 1499 894 venire.
1554 840 1691 893 Nam
1720 840 1768 893 si
1796 854 1894 908 ego
1932 853 2062 892 mce-

416 946 540 984 rore
566 944 660 983 vos
690 932 952 998 afﬁciam,
986 934 1039 983 et
1072 930 1195 998 quis
1226 935 1303 983 est
1333 930 1431 998 qui
1448 928 1718 983 exhilaret
1740 944 1839 991 me,
1873 928 1985 981 nisi
2016 929 2065 982 is

417 1021 515 1089 qui
553 1034 781 1073 maerore
828 1019 1075 1086 afﬁcitur
1118 1034 1187 1071 ea:
1218 1019 1348 1071 me?
1392 1019 1463 1071 Et
1494 1017 1593 1072 hoc
1644 1014 1820 1086 ipsum
1869 1013 2065 1083 scripsi

418 1107 585 1165 vobis.
620 1124 687 1162 ne
716 1106 767 1161 si
795 1105 1058 1161 venissem
1088 1105 1161 1160 ad
1180 1121 1293 1161 vos.
1326 1105 1572 1160 dolorem
1601 1121 1850 1176 caperem
1880 1121 1948 1159 ex
1978 1103 2064 1160 his

416 1213 484 1250 ea:
512 1197 708 1266 quibus
733 1195 1019 1266 oportebat
1066 1212 1149 1250 me
1180 1211 1372 1265 capere
1402 1194 1756 1267 voluptatem,
1804 1192 2065 1263 ﬁduciam

414 1286 553 1341 hanc
586 1286 787 1340 habens
817 1301 948 1354 erga
994 1300 1086 1340 vos
1128 1300 1330 1355 omnes,
1372 1287 1522 1356 quod
1565 1300 1745 1339 meum
1773 1283 2062 1352 gaudium,

413 1377 484 1429 sit
515 1376 758 1429 omnium
778 1380 1038 1430 vestrum.

486 1463 651 1529 Quod
678 1464 780 1532 ait,
834 1487 861 1512 ‹‹
910 1465 1150 1529 lterum,
1184 1486 1211 1513 »
1268 1461 1531 1518 ostendit
1568 1462 1697 1535 jam
1730 1479 1791 1518 se
1825 1477 2062 1533 quoque

416 1570 662 1609 maerore
692 1558 935 1625 propter
961 1568 1062 1608 eos
1093 1552 1276 1608 fuisse
1308 1552 1605 1607 affectum.
1639 1575 1666 1602 ι(
1702 1552 1844 1607 Nam
1879 1551 1923 1606 si
1957 1566 2062 1624 ego

413 1660 663 1698 mmrore
707 1659 805 1697 vos
851 1642 1128 1697 afﬁciam.
1168 1664 1188 1691 ι
1228 1642 1361 1696 Haec
1400 1641 1579 1697 dictio
1610 1638 1660 1693 εἲ
1689 1640 1818 1711 capi
1868 1645 2065 1712 potest

412 1746 516 1800 pro
548 1730 676 1793 ε”τε,
710 1730 769 1785 id
801 1737 907 1789 est.
940 1732 1051 1785 sive
1080 1736 1181 1785 aut
1212 1729 1357 1798 licet,
1392 1736 1450 1784 et
1478 1728 1631 1783 nihil
1682 1745 1751 1783 ex
1782 1728 1893 1783 hoc
1934 1727 2064 1783 obs-

412 1837 619 1876 eurum
644 1826 745 1876 aut
766 1820 1087 1876 absurdum
1117 1819 1349 1874 invenio
1377 1835 1389 1873 :
1425 1825 1515 1874 est
1540 1824 1736 1873 autem
1780 1817 2057 1873 concilia-

412 1910 562 1964 tivus
610 1926 826 1965 sermo.
882 1908 977 1963 Ait
1003 1908 1197 1963 enim:
1251 1907 1603 1979 Quanquam
1653 1922 1903 1962 maerore
1959 1923 2061 1962 vos

411 1999 666 2053 afﬁciam
700 1996 1067 2069 objurganda
1099 2001 1154 2051 et
1185 1996 1510 2052 aven-endo
1543 2013 1663 2057 vos.
1695 1996 1755 2050 in
1788 1995 1900 2050 hoc
1931 1995 2059 2067 ipso

411 2091 611 2141 tamen
645 2085 961 2152 exhilarer,
994 2084 1153 2156 quod
1186 2091 1413 2140 tantum
1445 2084 1608 2141 vobis
1639 2101 1795 2141 curas
1828 2084 1962 2150 sim,
1996 2090 2061 2140 ut

410 2175 892 2248 compungamini
925 2191 992 2231 ex
1020 2191 1152 2230 mea
1182 2174 1487 2230 aversione
1518 2191 1584 2230 ac
1616 2191 1885 2230 mmrore.
1913 2176 2056 2230 Nam

406 2268 549 2339 quid
594 2284 709 2336 me,
742 2267 956 2338 inquit,
990 2266 1136 2323 adeo
1187 2266 1444 2323 delectat
1493 2273 1558 2321 ut
1606 2283 1817 2323 sensus
1848 2282 2055 2323 eorum

409 2358 508 2429 qui
540 2355 977 2431 objurgantur?
1024 2357 1121 2413 hic
1172 2357 1332 2411 enim
1386 2356 1836 2429 conjectandam
1884 2357 2059 2411 offert

406 2449 726 2504 utilitatem
777 2466 909 2520 quae
941 2465 1009 2503 ex
1061 2447 1472 2521 objurgatione
1530 2465 1880 2504 successura
1946 2453 2053 2503 est.

407 2561 435 2588 «
470 2540 538 2593 Et
570 2539 680 2594 hoc
710 2538 908 2610 ipsum
961 2538 1171 2611 scripsi
1205 2538 1390 2594 vobis.
1427 2561 1454 2587 ››
1502 2538 1746 2604 Quando
1773 2543 1873 2594 aut
1913 2534 2058 2609 quid

406 2626 690 2700 scripsit?
720 2627 779 2682 in
814 2627 931 2682 ﬂne
975 2627 1288 2699 prmsentis
1337 2626 1631 2698 Epistolas.
1672 2626 1918 2699 Scripsit
1948 2640 2055 2680 au-

403 2721 522 2772 tem
537 2716 824 2772 inducens
840 2732 939 2770 eos
954 2715 1053 2787 qui
1075 2715 1458 2787 deliquerunt
1474 2715 1547 2771 ad
1559 2715 2054 2787 resipiscendum,

402 2811 458 2861 et
488 2805 606 2861 ait:
646 2828 671 2851 α
713 2806 793 2859 Ne
838 2820 970 2859 cum
1016 2820 1254 2869 venero,
1315 2821 1556 2859 rursum
1616 2804 1912 2877 deprimat
1963 2820 2057 2859 me

404 2897 577 2963 Deus,
610 2900 668 2951 et
697 2894 933 2967 lugeam
969 2893 1187 2949 multos
1212 2910 1415 2950 eorum
1441 2894 1538 2966 qui
1572 2900 1746 2949 antea
1778 2909 2056 2967 peccave-

402 2990 673 3040 runtnec
721 2982 1168 3056 respuerant”.
1204 3005 1230 3031 »ι
1283 2983 1402 3038 Ηοο
1453 2999 1581 3056 ego,
1631 2983 1847 3055 inquit,
1881 2989 2059 3040 antea

402 3073 611 3146 scripsi
643 3078 711 3130 ut
759 3072 1221 3145 corrigerentur,
1279 3072 1431 3127 009
1486 3077 1543 3127 et
1594 3088 1715 3127 non
1772 3071 2058 3128 haberem

405 3180 718 3220 mmrorem
750 3179 785 3219 a
811 3162 1000 3232 vobis,
1034 3179 1067 3219 a
1102 3161 1341 3233 quibus,
1377 3160 1519 3217 dum
1548 3178 1650 3217 vos
1682 3162 1846 3234 ipsos
1876 3162 2057 3218 corri-

401 3253 640 3325 geretis,
671 3253 953 3326 gaudium
980 3268 1073 3308 me
1105 3252 1322 3308 habere
1346 3252 1674 3323 oporIebat.
1700 3276 1727 3303 ι(
1752 3251 2057 3309 Fiduciam

404 3343 557 3398 hanc
599 3342 827 3397 habens
869 3358 1007 3414 erga
1059 3358 1162 3397 vos
1193 3357 1423 3397 omnes.
1458 3364 1486 3392 ››
1538 3344 1607 3396 Ει
1657 3342 1790 3407 hoc.
1842 3342 2057 3414 inquit,

403 3437 692 3497 statuens,
724 3446 847 3485 non
878 3430 1038 3501 quod
1070 3430 1266 3485 solum
1299 3446 1394 3485 me
1424 3430 1679 3503 gaudere
1718 3430 1917 3493 velim.
1950 3430 2054 3487 sed

2246 746 2469 821 Ἐκρινα
2544 743 2603 800 δὲ
2677 744 2901 818 ἐμαυτῷ
2981 748 3171 817 τοῦτο,
3246 746 3308 801 τὸ
3386 746 3465 820 μὴ
3543 742 3723 799 πάλιν
3796 744 3845 799 ἐν

2176 833 2324 908 λύπῃ
2355 835 2492 908 πρὸς
2552 834 2693 908 ὑμᾶς
2751 832 2952 889 ἐλθεῖν.
3016 832 3082 890 Εί
3132 834 3235 911 γὰρ
3292 834 3404 909 ἐγὼ
3463 831 3635 889 λυπῶ
3686 835 3842 907 ὑμᾶς,

2171 926 2263 980 καὶ
2293 925 2371 987 τίς
2423 925 2563 981 ἐστιν
2615 927 2644 980 ὁ
2704 923 3006 1003 εὐφραίνων
3070 946 3157 998 με,
3219 925 3266 980 εἰ
3328 927 3403 999 μή
3464 926 3495 981 ὁ
3552 924 3848 997 λυπούμε-

2171 1034 2265 1079 νος
2343 1014 2392 1085 ἰε
2460 1014 2640 1088 ἐμοῦ,
2695 1014 2793 1069 Καὶ
2860 1013 3066 1088 ἔγραψα
3124 1014 3255 1087 ὑμῖν
3310 1018 3474 1070 τοῦτο
3531 1014 3705 1083 αὐτὸ,
3764 1014 3846 1069 ’ἕνα

2177 1106 2253 1177 μή
2313 1102 2509 1173 ἐλθὼν,
2572 1103 2754 1175 λύπην
2815 1101 2932 1178 ἔχω
3018 1102 3109 1181 ἀφ’
3165 1104 3239 1159 ὧν
3296 1098 3405 1158 ἔδει
3463 1123 3531 1177 με
3598 1103 3845 1178 χαίρειν,

2172 1194 2449 1257 πεποιθὼς
2477 1191 2565 1249 ἐπὶ
2596 1193 2800 1253 πάντας
2847 1194 3009 1266 ὑμᾶς,
3038 1192 3123 1248 ὃτι
3179 1195 3214 1263 ἡ
3265 1190 3372 1266 ἐμῆ
3413 1192 3590 1270 χαρὰ,
3626 1193 3842 1249 πάντων

2174 1281 2327 1357 ὑμῶν
2354 1281 2516 1342 ἐστιν.

2243 1461 2344 1522 Τὸ.
2400 1458 2587 1529 πάλιν,
2641 1459 2909 1517 δείκνυσιν
2975 1462 3066 1517 καὶ
3120 1458 3231 1533 ἤδη
3293 1461 3621 1532 λυπηθέντα
3684 1460 3842 1518 αὐτὸν

2171 1548 2254 1605 ἐπ’
2285 1547 2491 1611 αὐτοῖς.
2546 1573 2575 1602 ι(
2608 1551 2669 1607 Εἰ
2727 1551 2833 1627 γὰρ
2892 1549 3052 1607 λυπῶ
3111 1551 3273 1626 ὑμᾶς.
3309 1578 3330 1606 ι
3385 1555 3473 1609 Ἐν
3500 1555 3613 1623 τῷ,
3650 1551 3716 1609 Εἰ
3746 1551 3845 1627 γὰρ

2170 1638 2280 1714 ἐγὼ
2311 1638 2471 1695 λυπῶ
2506 1640 2665 1713 ὑμᾶς,
2696 1641 2779 1710 τὸ,
2811 1640 2879 1707 εί,
2912 1640 3032 1696 ἀντὶ
3078 1644 3175 1696 τοῦ
3224 1639 3331 1696 εἲτε
3358 1640 3403 1697 εί
3434 1638 3721 1718 ληφθείη,
3754 1641 3843 1697 ού.

2172 1726 2256 1783 δὶν
2307 1728 2506 1807 ἀσαφὲς
2562 1728 2678 1784 οὐδ’
2735 1726 2937 1807 ἄπορον
2990 1731 3233 1787 ἃπαντῶ.
3289 1732 3701 1805 Θεραπευτικός
3734 1728 3844 1785 δὲὸ

2171 1820 2356 1894 λόγος.
2391 1818 2540 1890 Φησῖ
2565 1819 2692 1894 γὰρ,
2750 1819 2814 1877 Εἴ
2863 1820 2955 1875 καὶ
3019 1818 3179 1875 λυπῶ
3252 1821 3392 1894 ὑμᾶς
3453 1818 3509 1874 ἐν
3548 1824 3640 1892 τῷ
3673 1820 3845 1875 ἐπιτι-

2171 1913 2275 1982 μᾷν
2302 1908 2392 1964 καὶ
2441 1907 2873 1984 ἀποστρέφεσθαι
2935 1909 3096 1980 ὑμᾶς,
3151 1905 3298 1978 πλὴν
3356 1909 3739 1989 εὐφραίνομαι
3773 1906 3838 1964 δι’

2169 1997 2301 2053 αὐτὸ
2332 2001 2516 2064 τοῦτο,
2549 1996 2633 2053 ὅτι
2663 2001 2923 2053 τοσοῦτον
2958 1998 3084 2070 ὑμῖν
3117 1996 3252 2071 ἐμοῦ
3286 1997 3507 2071 μέλλει,
3537 1998 3624 2053 ὡς
3651 1996 3837 2054 δάκνε-

2170 2089 2289 2143 σθαι
2319 2085 2377 2143 ἐκ
2425 2094 2525 2156 τῆς
2575 2085 2715 2161 ἆμῆς
2759 2087 3110 2165 ἀποστροφῆς
3141 2087 3231 2143 καὶ
3265 2086 3468 2159 λύπης.
3501 2086 3566 2144 Ἰί
3609 2089 3720 2163 γὰρ
3749 2109 3832 2161 με,

2167 2179 2352 2255 φησῖν,
2414 2174 2683 2254 εὐφραίνει
2744 2176 2938 2249 οὕτως,
2994 2176 3068 2240 ὡς
3148 2181 3255 2233 τῶν
3312 2175 3743 2253 ἐγκαλουμένων
3798 2178 3827 2247 ἠ

2163 2267 2411 2338 α’ἶσθησις
2440 2287 2453 2336 ;
2498 2272 2799 2342 τεκμηριοῖ
2828 2268 2935 2346 γὰρ
2983 2266 3120 2337 αὕτη
3150 2267 3251 2336 τὴν
3285 2267 3343 2322 ἐκ
3371 2271 3481 2322 τῶν
3535 2265 3830 2341 ὲγκλημᾶ-

2161 2377 2268 2413 των
2313 2356 2606 2434 γινομένην
2653 2354 2945 2431 ὠφέλειαν.
3005 2383 3033 2410 ‹‹
3083 2356 3190 2413 Καὶ
3238 2354 3444 2432 ἔγραψα
3494 2356 3631 2431 ὑμῖν
3670 2361 3825 2412 τοῦτο

2162 2446 2314 2505 αὐτό.
2350 2472 2378 2500 ››
2411 2449 2550 2503 Πότε
2579 2444 2799 2523 ἔγραψε,
2855 2446 2947 2502 καὶ
3003 2445 3096 2515 τίς
3157 2447 3245 2503 Ἐν
3293 2450 3372 2518 τῷ
3412 2446 3567 2503 τέλει
3596 2450 3700 2511 τῆς
3730 2451 3815 2500 νῦν

2161 2537 2513 2603 Ἐπιστολῆς.
2549 2538 2790 2613 Ἔγραψε
2823 2534 2880 2591 δὲ
2903 2535 3034 2599 τοὺς
3080 2535 3474 2612 ἡμαρτηκότας
3504 2534 3717 2610 ἐνάγων
3746 2534 3818 2600 είς

2165 2626 2473 2699 μετάνοιαν.
2533 2650 2559 2677 ιι
2595 2626 2689 2694 Μή
2747 2622 2974 2681 ἐλθόντα
3026 2624 3130 2702 γὰρ
3190 2645 3280 2699 με,
3315 2624 3448 2702 φησὶ
3499 2623 3671 2681 πάλιν
3721 2645 3807 2679 τα-

2161 2714 2413 2770 πεινώσει
2447 2716 2475 2771 ὁ
2507 2714 2638 2778 θεός
2673 2736 2799 2789 μου,
2840 2714 2931 2770 καὶ
2980 2717 3235 2786 πενθήσω
3264 2712 3523 2777 πολλοῦς
3552 2720 3659 2770 τῶν
3689 2735 3806 2789 προ-

2163 2804 2611 2880 αμαρτησάντων,
2661 2804 2751 2860 καὶ
2809 2806 2885 2877 μή
2929 2804 3399 2878 μετανοησάντων.
3438 2828 3465 2856 n
3494 2809 3663 2861 Τοῦτο
3692 2804 3796 2869 οὖν,

2162 2892 2318 2973 φησὶ,
2351 2891 2694 2967 προέγραψα,
2750 2893 2843 2949 ἳνα
2900 2890 3334 2968 διορθώσωνται,
3364 2893 3456 2948 καὶ
3520 2894 3593 2965 μὴ
3626 2890 3784 2959 λύπην

2163 2988 2285 3059 σχῶ
2316 2982 2402 3061 ἀφ’
2436 2982 2612 3055 ὑμῶν.
2674 2982 2797 3064 ’Δᾴ
2853 2983 2927 3037 ῶν
2985 2981 3408 3039 κατοπθούντων
3439 2982 3626 3058 χαίρειν
3650 2975 3761 3033 ἔδει.

2164 3097 2192 3125 ι(
2221 3072 2501 3135 Πεποιθὼς
2534 3070 2621 3127 ἰπὶ
2654 3072 2859 3134 πάντας
2910 3072 3072 3147 ὑμᾶς,
3102 3096 3132 3124 ››
3178 3072 3276 3127 Καὶ
3325 3076 3491 3127 τοῦτο
3534 3067 3775 3145 βουλόμε-

2159 3182 2269 3233 νος,
2300 3162 2481 3241 φησὶν,
2515 3160 2576 3216 οὐ
2602 3161 2771 3238 χάριν
2802 3166 2900 3217 τοῦ
2940 3160 3035 3235 ἐμὲ
3084 3163 3247 3235 μόνον
3281 3160 3635 3237 εὐφρανθῆναι
3663 3155 3786 3231 βού-

2163 3250 2355 3326 λομαι,
2388 3248 2535 3307 ἀλλά
2562 3251 2651 3307 καὶ
2711 3251 2873 3327 ὑμᾶς.
2907 3250 3151 3308 Πὲποιθα
3206 3252 3311 3328 γὰρ
3343 3252 3427 3307 δτι
3460 3252 3494 3321 ἡ
3529 3246 3797 3325 διόρθωσις

2161 3345 2267 3395 τῶν
2327 3337 2596 3420 ἀδελφῶν,
2657 3341 2747 3396 καὶ
2803 3339 2928 3414 ἐμοὶ
2986 3340 3155 3397 τίκτει
3212 3336 3801 3417 χαρὼ,καίὖμῖν.”Η

2162 3431 2265 3505 γὰρ
2325 3429 2431 3503 ἐμὴ
2496 3430 2662 3506 χαρὰ,
2719 3430 2989 3511 πρόφασις
3044 3432 3250 3507 γίνεται
3290 3429 3379 3486 καὶ
3414 3429 3682 3506 ὑμετέρας
3708 3445 3804 3507 χα-

404 3526 462 3574 et
490 3536 612 3575 vos.
645 3493 915 3574 Conﬁdo-
941 3518 1100 3574 enim
1159 3518 1316 3590 quod
1348 3493 1598 3574 fratrum
1654 3521 1963 3584 correctio,
1997 3527 2055 3577 et

2175 3493 2246 3505 ..
2356 3493 2431 3503 ..
2499 3493 2585 3506 ...
2645 3493 2658 3501 .
2764 3493 2773 3505 .
2843 3493 2855 3511 .
2976 3493 2983 3495 ~
3058 3493 3071 3507 .

2168 3523 2282 3594 ρᾶς,
2315 3518 2488 3582 οὕτως
2522 3540 2608 3593 με,
2640 3525 2827 3600 φησὶν,
2860 3522 3121 3599 ἀγαπᾶτε.

404 3608 554 3663 mihi
613 3607 803 3681 pariet
855 3607 1136 3681 gaudium
1194 3613 1253 3664 et
1308 3608 1509 3663 vobis:
1569 3624 1707 3665 nam
1739 3625 1940 3665 meum
1996 3609 2279 3684 gaudium
2331 3612 2562 3668 occasio
2605 3617 2696 3668 est
2753 3617 2811 3668 et
2867 3611 3046 3669 vestri
3073 3611 3293 3686 gaudii,
3347 3610 3495 3668 adeo
3553 3626 3657 3668 me
3682 3605 3803 3666 dili-

407 3696 563 3771 gitis.

473 3789 544 3856 lI,
577 3788 695 3843 4-7.
726 3790 859 3845 Nam
889 3803 958 3844 ea:
981 3788 1154 3843 multa
1182 3789 1485 3858 afﬂictione
1515 3794 1564 3844 ct
1595 3786 1883 3844 anxietate
1921 3805 2050 3845 cor-

400 3878 484 3933 dis
514 3880 709 3948 scripsi
736 3878 888 3933 vobis
912 3893 1015 3948 per
1060 3878 1259 3934 multas
1312 3878 1615 3949 tacrymas:
1662 3895 1771 3934 non
1816 3885 1879 3934 ut
1918 3897 2050 3936 mce-

398 3983 522 4021 rore
569 3968 951 4037 afﬁceremini,
1009 3967 1105 4022 sed
1161 3974 1223 4022 ut
1280 3970 1675 4038 cognosceretis
1723 3968 2051 4024 charitatem

402 4073 568 4126 quam
598 4057 765 4112 habeo
792 4058 1164 4113 abundantius
1195 4074 1327 4128 erga
1352 4075 1464 4114 vos.
1501 4058 1656 4124 Quod
1691 4060 1739 4114 si
1768 4060 1891 4130 quis
1919 4075 2051 4114 con-

401 4147 661 4213 tristavit,
706 4161 818 4200 non
846 4162 929 4202 me
974 4148 1337 4214 contristavit,
1382 4147 1477 4203 sed
1522 4163 1593 4201 ea:
1614 4154 1801 4218 parte,
1832 4165 1902 4203 ne
1947 4165 2050 4218 ag—

397 4251 617 4303 gravem
669 4251 851 4292 omnes
907 4252 1023 4292 vos.
1093 4237 1311 4306 Sufﬁcit
1370 4236 1684 4292 istiusmodi
1740 4237 2046 4310 increpatio

400 4324 518 4382 han:
541 4342 663 4395 quae
704 4328 856 4394 facta
896 4332 972 4381 est
1022 4343 1056 4379 a
1089 4326 1379 4395 pluribus:
1429 4333 1489 4381 ut
1541 4343 1568 4381 e
1614 4327 1825 4382 diverso
1874 4330 2047 4399 magis

397 4414 718 4471 condonetis
748 4421 798 4470 et
837 4414 1210 4482 consolemini,
1266 4432 1333 4470 ne
1374 4415 1646 4485 quomodo
1695 4416 1925 4470 tristitia
1952 4419 2045 4471 ni-

394 4506 508 4559 mia
536 4505 891 4561 absorbeatur
922 4504 1258 4576 hujusmodi.

464 4684 752 4747 Quoniam
784 4700 920 4756 ergo
951 4683 1202 4740 fratrum
1234 4681 1521 4738 correctio
1562 4698 1876 4739 commune
1906 4700 2043 4757 gau-

394 4772 557 4828 dium
607 4772 905 4838 conciliat,
961 4773 1285 4844 plurimum
1340 4772 1504 4827 illam
1545 4772 1758 4844 cupio:
1820 4778 1877 4827 et
1906 4789 2040 4828 cum

393 4877 513 4917 non
546 4859 867 4931 perﬁcitur,
892 4861 1065 4917 doleo
1096 4879 1163 4917 ac
1187 4862 1491 4932 defatigor.
1528 4860 2040 4933 Reprehensiones

391 4952 593 5021 itaque
626 4955 684 5005 et
712 4950 1157 5023 objurgationes
1180 4969 1328 5023 quas
1349 4951 1580 5023 scripsi.
1606 4967 1679 5006 ex
1712 4951 2039 5007 afflictione

390 5047 449 5096 et
479 5041 776 5095 anxietate
809 5040 1005 5096 cordis
1036 5042 1246 5112 scripsi
1273 5057 1287 5096 :
1323 5058 1441 5096 non
1471 5041 1544 5097 ad
1592 5041 1701 5096 hoc
1750 5041 1945 5096 nitens
1977 5046 2042 5097 ut
2074 5062 2122 5125 υ

391 5130 894 5186 contristaremini
929 5129 1091 5203 (nam
1123 5130 1234 5185 hoc
1265 5130 1443 5185 etiam
1475 5130 1623 5186 alias
1667 5130 1916 5185 stultum
1952 5146 2041 5186 es-

391 5226 522 5282 set),
559 5220 662 5276 sed
701 5226 767 5275 ut
798 5219 1187 5292 spiritualiter
1226 5226 1285 5275 et
1314 5219 1386 5276 ad
1439 5220 1869 5276 correctionem
1902 5237 2048 5276 con-

390 5309 799 5367 tristaremini.
860 5314 1136 5366 Attamen
1181 5310 1292 5365 hoc
1346 5325 1464 5364 non
1497 5308 1660 5375 dicit,
1709 5309 1815 5366 sed
1842 5310 2041 5367 volens

390 5398 537 5469 ipsis
565 5398 815 5471 obsequi
848 5399 963 5455 ait:
1000 5420 1025 5450 ι
1079 5399 1148 5454 Ut
1197 5398 1550 5455 charitatem
1601 5415 1797 5455 meam
1828 5415 2042 5473 cogno-

391 5486 655 5543 sceretis.
681 5509 710 5538 »
740 5490 827 5544 Me
849 5488 1146 5562 siquidem
1169 5487 1400 5545 anxiari
1425 5503 1492 5545 ac
1513 5503 1765 5547 mmrore
1792 5503 1859 5545 eo
1884 5488 2042 5561 quod

462 5653 510 5695 ι’
537 5653 699 5712 Infra
728 5672 828 5714 xu.
902 5656 949 5693 ⁸⁹
979 5658 1003 5714 I
1033 5658 1166 5717 Cor.
1195 5674 1251 5727 ν,
1280 5658 1335 5715 ε.

2233 3789 2325 3844 Ἐκ
2377 3790 2479 3866 γὰρ
2535 3789 2757 3862 πολλῆς
2816 3788 3059 3865 θλίψεως
3120 3788 3211 3845 καὶ
3266 3795 3510 3869 συνοχῆς
3570 3784 3808 3864 καρδίας,

2161 3872 2365 3952 ἔγραψα
2423 3879 2549 3953 ὑμῖν
2625 3877 2712 3935 διὰ
2769 3877 2997 3936 πολλῶν
3085 3876 3357 3953 δακρύων,
3416 3878 3528 3954 οὐχ
3582 3877 3673 3933 ἳνα
3729 3874 3811 3931 λυ-

2160 3968 2392 4038 πηθῆτε,
2469 3966 2616 4025 ἀλλά
2688 3971 2788 4041 τήν
2863 3970 3075 4044 ἀγάπην
3145 3969 3232 4024 ἳνα
3305 3973 3479 4044 γνῶτε
3553 3970 3620 4038 ἢν
3700 3961 3807 4043 ἔχω

2160 4055 2557 4131 περισσοτέρως
2612 4056 2689 4120 εἷς
2750 4057 2911 4130 ὑμᾶς.
2973 4057 3034 4116 Εἰ
3098 4055 3156 4113 δι
3206 4078 3292 4121 τις
3349 4054 3690 4128 λελύπηκεν,
3720 4052 3810 4108 οὐκ

2159 4142 2255 4217 ἐμὲ
2312 4143 2638 4218 λελύπηκεν,
2699 4146 2847 4203 ἀλλά
2928 4147 3035 4203 ἀπὸ
3121 4147 3340 4222 μέρους,
3395 4146 3488 4200 ἳνα
3549 4146 3627 4220 μὴ
3694 4142 3807 4199 ἐπι-

2159 4229 2311 4310 ϐαρῶ
2368 4233 2568 4299 πάντας
2629 4236 2789 4308 ὑμᾶς,
2863 4237 3047 4291 ἱκανὸν
3118 4240 3198 4310 τῷ
3253 4236 3489 4309 τοιούτῳ
3542 4237 3577 4303 ἡ
3639 4233 3808 4290 ium-

2161 4344 2260 4397 μια
2324 4323 2482 4396 αὕτη,
2552 4327 2587 4395 ἡ
2658 4325 2761 4380 ὑπὸ
2826 4330 2935 4380 τῶν
2996 4322 3292 4381 πλειόνων.
3363 4326 3522 4379 Ὠστε
3590 4324 3804 4378 τοὺναν-

2154 4413 2270 4468 τίον
2342 4411 2557 4488 μᾶλλον
2628 4414 2769 4489 ὑμᾶς
2836 4426 3166 4490 γαρισασθαι
3235 4413 3327 4470 καὶ
3417 4411 3800 4489 παρακαλέσαι,

2160 4502 2236 4575 μή
2302 4525 2420 4567 πως
2488 4508 2557 4578 τῇ
2624 4504 2981 4579 περισσοτέρᾳ
3047 4502 3193 4579 λύπῃ
3252 4504 3535 4576 καταποθῇ
3604 4503 3632 4556 ὁ
3696 4521 3800 4557 τοι·

2156 4594 2313 4654 οὗτος

2225 4682 2376 4739 Ἐπεὶ
2408 4681 2503 4737 οὗν
2535 4685 2570 4754 ἡ
2604 4679 2895 4759 διόρθωσις
2946 4687 3054 4739 τῶν
3112 4680 3363 4761 ἀδελφῶν
3412 4687 3605 4750 κοινῆς
3636 4683 3798 4759 χαρᾶς

2153 4771 2407 4844 πρόξενός
2439 4769 2603 4841 ἐστιν,
2655 4774 2796 4828 πάνυ
2856 4772 3027 4843 αὐτῆς
3086 4771 3214 4847 ἐρῶ,
3273 4771 3361 4826 καὶ
3408 4772 3484 4844 μή
3514 4773 3797 4848 γενομένης

2153 4859 2310 4934 ἀλγῶ
2389 4860 2476 4915 καὶ
2535 4861 2836 4938 τρύχομαι.
2894 4866 3190 4936 Τοιγαροῦν
3239 4861 3335 4922 τὰς
3386 4858 3677 4935 ἐγκλήσεις
3714 4858 3792 4913 καί

2156 4947 2504 5021 ἐπιτιμήσεις
2562 4948 2625 5013 ἃς
2683 4949 2915 5029 ἔγραψα,
2974 4949 3080 5006 ἀπὸ
3138 4948 3379 5025 θλίψεως
3438 4950 3529 5004 καῖ
3565 4953 3793 5023 συνοχῆς

2153 5034 2380 5111 καρδίας
2438 5037 2663 5115 ἔγραψα.
2721 5040 2845 5116 Οὐχ
2925 5038 3007 5095 ἶνα
3087 5039 3372 5108 λυπηθῆτε
3461 5036 3792 5107 σπουδάζων,

2154 5131 2335 5201 (τοῦτο
2388 5129 2492 5203 γὰρ
2551 5129 2641 5183 καὶ
2686 5128 2876 5193 ἄλλως
2934 5130 3206 5201 ἀνόητον),
3237 5126 3365 5183 ἀλλ’
3393 5126 3478 5182 ἳνα
3510 5146 3790 5201 πνευματι-

2154 5223 2265 5280 κῶς
2295 5219 2385 5273 καὶ
2432 5216 2520 5273 ἐπὶ
2579 5215 2863 5293 διορθώσει
2916 5217 3219 5289 λυπηθῆτε.
3278 5215 3458 5272 Ἀλλά
3513 5214 3790 5287 τοῦτομὲν

2155 5306 2218 5363 ού
2251 5305 2423 5384 λέγει.
2483 5313 2815 5385 Θεραπεῦσαι
2873 5306 2931 5365 δὲ
2980 5307 3172 5371 αὐτοὺς
3228 5302 3425 5377 θέλων,
3474 5307 3659 5382 φησίν,
3691 5305 3791 5362 Ἵνα

2150 5399 2250 5466 τὴν
2284 5398 2495 5474 ἀγάπην
2540 5419 2646 5472 μου
2677 5403 2871 5476 γνῶτε.
2911 5424 2931 5451 ι
2985 5398 3056 5457 Τὸ
3101 5398 3204 5476 γὲρ
3250 5397 3348 5471 ἐμὲ
3391 5393 3683 5471 ἀδημονεῖν
3706 5391 3788 5447 καὶ

2150 5485 2579 5563 κατατρύχεσθαι
2656 5485 2737 5565 ἐφ’
2797 5488 2883 5550 οἷς
2946 5486 3103 5561 ὑμεῖς
3188 5483 3543 5563 ἁμαρτάνετε,
3600 5481 3787 5561 δεῖγμα
