4068 6254
250 301 377 361 937

1229 302 1628 366 COMMENT.
1679 303 1755 364 IN
1800 305 2046 365 EPIST.
2095 305 2146 367 ΙΙ
2193 306 2294 365 AD
2339 302 2702 365 COBINTH.

3562 302 3680 362 938

256 433 537 508 μεγίστης
594 431 809 508 ἀγάπης
866 433 995 490 ἐστί.
1062 457 1084 488 α
1117 434 1524 510 Περισσοτέρως
1583 435 1658 498 είς
1695 435 1852 506 ὑμᾶς.
1885 459 1914 487 ››

2054 455 2128 493 'os
2159 439 2435 510 peccetis,
2464 437 2736 494 maximae
2785 433 3074 491 indicium
3127 437 3216 490 est
3259 433 3564 490 charitatis
3611 453 3681 492 ac

250 520 674 598 Πλεῖον,φησὶ,
736 529 843 578 τῶν
908 522 1118 579 λοιπῶν
1182 546 1287 597 μου
1351 527 1635 597 μαθητῶν.
1692 525 1924 598 Καὶγαρ

255 609 474 665 πολλοί
507 613 692 666 πστοὶ
723 614 858 680 ἦσαν
909 611 958 667 ἐν
1017 614 1254 687 Κορίνθῳ
1284 615 1371 668 καὶ
1406 611 1651 686 δόκιμοι.
1685 639 1710 665 α
1749 611 1926 672 Ἀλλᾶ

262 698 381 753 ἀπὸ
443 701 663 772 μέρους,
713 699 801 753 ἳνα
858 701 934 773 μή
995 696 1243 775 ἐπιϐαρῶ
1301 704 1501 763 πάντας
1562 702 1720 775 ὑμᾶς.
1772 726 1796 752 ιι
1859 733 1926 744 νυ.

265 788 616 860 [ΘΕΟΔΩΡ.]
677 789 871 858 Μεῑζὸν
933 811 986 843 τι
1042 789 1214 844 εἰπεῖν
1272 786 1588 861 ἠϐουλήθη,
1638 791 1726 845 καὶ
1760 788 1925 860 δεῖξαι

266 880 381 931 πᾶν
415 877 477 931 τὸ
509 881 670 948 σῶμα
697 885 798 942 τῆς
849 877 1177 948 Ἐκκλησίας
1224 886 1560 949 κοινωνῆσαν
1589 887 1687 948 τῆς
1721 877 1926 949 λύπης,

266 963 424 1020 ἀλλὰ
480 965 608 1026 τοὺς
665 964 869 1028 ἄλλους
924 968 1148 1029 πιστοὺς
1202 968 1541 1038 καταλιπὼν,
1591 973 1698 1024 τῶν
1728 975 1930 1041 Κοριν-

265 1053 408 1108 θίων
437 1054 804 1128 ἐμνημόνευσε
839 1056 1021 1129 μόνον.
1056 1060 1227 1112 Τοῦτο
1255 1058 1356 1131 γὰρ
1390 1055 1577 1128 δηλοῖ,
1608 1059 1691 1127 τὸ,
1724 1081 1752 1110 ‹‹
1788 1053 1927 1113 Ἀπό

272 1143 501 1218 μέρους.
533 1167 561 1195 ››
613 1146 741 1214 Καῖ,
794 1171 820 1198 (ι
854 1153 966 1201 Ίνα
1021 1148 1098 1219 μή
1159 1142 1425 1222 ἐπιϐαρῶ,
1466 1173 1484 1197 ι
1528 1148 1655 1204 Εἶτα
1683 1149 1783 1217 τὴν
1815 1168 1926 1202 πα-

264 1235 468 1306 τρικην
503 1233 892 1310 φιλοστοργίαν
924 1242 1125 1311 γυμνοῖ
1167 1235 1361 1312 λέγων·
1421 1259 1442 1286 ι
1477 1239 1679 1294 Ἰκανὸν
1708 1242 1788 1310 τῷ
1814 1257 1932 1290 τοι-

274 1322 452 1394 ούτῳ,
511 1324 546 1390 ἡ
607 1321 856 1396 ἐπιτιμία
926 1323 1082 1395 αὕτη.
1147 1352 1168 1379 ι
1237 1325 1500 1381 Βοῦλεται
1559 1323 1645 1380 διὰ
1700 1326 1930 1392 τούτων,

277 1411 502 1486 ἀγάπην
561 1415 873 1486 κυρωθῆναι
937 1415 1011 1476 εἰς
1066 1414 1157 1468 τὸν
1219 1417 1646 1490 πεπορνευκότα,
1706 1415 1829 1489 περὶ
1871 1415 1931 1468 οὗ

277 1497 513 1574 ἔγραψεν
573 1499 626 1555 ἐν
685 1506 752 1575 τῇ
810 1504 1002 1577 πρώτῃ
1062 1500 1384 1577 Ἐπιστολῇ.
1438 1505 1541 1560 Καὶ
1597 1505 1695 1578 γὰρ
1738 1505 1930 1565 πάντες

275 1589 445 1644 αὐτὸν
504 1593 636 1659 ’ἦσαν
696 1591 1152 1669 ἀποστραφέντες,
1206 1598 1324 1653 ταῖς
1382 1592 1581 1647 τούτου
1633 1590 1931 1647 κελεύσεσι.

276 1678 385 1733 Καὶ
443 1677 543 1752 ὅρα
597 1679 648 1733 τί
701 1685 871 1738 ποιεῖ.
934 1681 1238 1743 Κοινωνοὺς
1292 1681 1488 1743 αὐτοὺς
1548 1685 1782 1736 ποιεῖται
1831 1687 1934 1750 τῆς

2039 528 2393 584 dilectionis.
2419 553 2443 577 «ι
2477 527 2890 583 Abundantius
2913 543 3050 598 erga
3071 542 3189 579 vos.
3212 545 3237 576 ι
3275 525 3435 584 Plus.
3464 525 3679 596 inquit,

2038 635 2216 689 quam
2246 635 2383 690 erga
2413 624 2658 674 cmteros
2691 635 2852 673 meos
2911 617 3256 688 discipulos.
3304 618 3444 671 Nam
3510 615 3682 671 multi

2037 708 2345 763 credentes
2372 725 2437 762 ac
2459 709 2684 778 probati
2710 715 2878 762 erant
2901 706 3184 761 Corinthi.
3220 727 3237 750 -
3266 705 3376 760 Sed
3402 723 3468 760 ex
3493 712 3680 776 parte,

2036 812 2110 850 ne
2137 813 2441 868 aggravem
2505 813 2710 851 omnes
2736 813 2834 850 vos
2891 818 2918 844 »
2978 796 3161 865 Majus
3217 794 3445 865 aliquid
3483 795 3682 850 dicere

2036 884 2240 942 voluit.
2276 891 2336 939 et
2365 885 2676 940 ostendere
2718 890 2904 939 totum
2937 883 3212 938 Ecclesiae
3244 900 3458 953 corpus
3498 883 3684 954 parti-

2038 989 2176 1044 ceps
2210 989 2337 1028 esse
2362 973 2630 1029 mazroris
2651 991 2664 1038 ;
2689 979 2750 1027 at
2778 972 3008 1028 caeteris
3033 971 3308 1026 ﬁdelibus
3333 971 3682 1043 praetermis-

2040 1063 2141 1129 sis,
2177 1064 2369 1117 solum
2403 1064 2673 1119 meminit
2719 1063 3198 1117 Corinthiorum:
3250 1062 3361 1116 hoc
3387 1061 3542 1116 enim
3590 1061 3678 1116 si-

2038 1152 2298 1223 gnificat,
2332 1175 2358 1201 «
2389 1153 2467 1208 Ex
2499 1159 2685 1224 parte,
2723 1173 2746 1202 ν
2774 1159 2848 1220 et,
2882 1175 2907 1201 α
2942 1153 3020 1206 Ne
3051 1168 3375 1224 aggravem.
3405 1172 3432 1200 ››
3458 1148 3680 1206 Deinde

2041 1243 2326 1298 eximium
2385 1258 2453 1297 ac
2503 1250 2812 1313 paternum
2865 1258 3127 1296 amorem
3172 1239 3390 1312 detegit
3437 1239 3681 1295 dicens:

2045 1352 2072 1381 ι(
2098 1331 2321 1385 Sufﬁcit
2345 1330 2675 1386 istiusmodi
2699 1331 2923 1384 homini
2965 1329 3291 1402 increpatio
3324 1329 3467 1383 haec.
3497 1350 3524 1378 »
3551 1327 3686 1383 Vult

2043 1438 2148 1492 per
2176 1421 2302 1476 haec
2333 1422 2676 1476 charitatem
2713 1421 3052 1476 conﬁrmari
3077 1437 3212 1492 erga
3233 1436 3366 1474 eum
3401 1419 3500 1490 qui
3535 1434 3688 1473 scor-

2045 1515 2200 1565 tatus
2231 1512 2444 1576 fuerat,
2473 1511 2544 1565 de
2580 1528 2695 1582 quo
2728 1510 2921 1581 priore
2955 1509 3194 1580 scripsit
3231 1510 3528 1580 Epistola:
3562 1523 3689 1562 om-

2045 1614 2152 1653 nes
2184 1597 2478 1668 siquidem
2503 1615 2571 1653 ex
2602 1600 2776 1667 hujus
2799 1603 3092 1669 praecepto
3116 1597 3350 1652 fuerant
3369 1612 3503 1651 eum
3526 1611 3693 1651 aver-

2051 1687 2182 1740 sati.
2219 1688 2287 1740 Et
2316 1687 2443 1740 vide
2503 1687 2645 1757 quid
2703 1694 2853 1758 agat.
2917 1687 3072 1740 6l0
3137 1685 3459 1756 Participes
3518 1683 3698 1738 efﬁcit

276 1764 488 1836 λύπης,
523 1767 596 1829 ὡς
635 1773 794 1843 κοινῇ
853 1770 1064 1823 πάντων
1121 1770 1474 1838 λυπηθέντων
1530 1768 1616 1823 ἐπὶ
1675 1774 1752 1841 τῷ
1781 1789 1929 1842 γενο-

335 1857 346 1874 ρ
517 1857 536 1870 η
731 1859 742 1873 ι
842 1867 869 1874 _
967 1858 989 1874 λ
1026 1858 1049 1874 μ
1141 1861 1151 1874 .
1516 1862 1526 1874 ,
1731 1862 1737 1874 .

2054 1777 2211 1847 ipsos
2245 1776 2518 1843 tristitiae,
2544 1782 2830 1847 tanquam
2863 1775 3137 1830 omnibus
3168 1782 3408 1848 propter
3437 1775 3494 1830 id
3538 1772 3697 1845 quod

284 1857 458 1929 μένῳ,
517 1857 606 1912 ἳνα
658 1859 745 1912 καὶ
804 1867 902 1929 τῆς
964 1858 1258 1933 διδομένης
1320 1862 1654 1937 συγγνώμης
1685 1862 1942 1936 γένωνται

283 1946 566 2013 κοινωνοὶ,
600 1947 688 2001 καὶ
722 1969 900 2026 φησιν.
952 1949 1015 2005 Εἰ
1067 1946 1123 2004 δέ
1164 1971 1248 2011 τις
1280 1948 1583 2019 λελύπηκε,
1613 1949 1704 2003 τὸν
1737 1968 1945 2021 πεπορ-

289 2036 516 2090 νευκότα
551 2033 750 2113 λέγων,
814 2036 913 2092 οὐκ
969 2037 1067 2109 ἐμὲ
1120 2037 1401 2108 λελῦπηκε
1459 2038 1644 2106 μόνον,
1679 2035 1944 2091 ἀλλὰκαὶ

297 2125 437 2196 ὑμᾶς
471 2124 519 2179 ἐν
558 2127 730 2199 μέρει.
789 2129 963 2182 Τοῦτο
1022 2128 1125 2202 γὰρ
1183 2128 1266 2195 τὸ,
1299 2152 1326 2179 ‹‹
1362 2127 1499 2181 Ἀπὸ
1543 2127 1758 2202 μέρους.
1795 2151 1823 2176 ››
1853 2127 1941 2182 Ἑν

292 2213 452 2287 μέρει
484 2210 541 2268 δὲ
590 2215 766 2284 εἷπον,
825 2215 1009 2294 φησὶν,
1067 2214 1156 2270 ἳνα
1212 2217 1288 2289 μή
1347 2214 1942 2288 ἐπιδαρῶθτουτέστιν’

287 2301 673 2374 ἐπιπαροξῦνω
732 2308 845 2360 κατ’
921 2306 1086 2360 αὐτοῦ
1159 2306 1358 2367 πάντας
1425 2307 1584 2378 ὑμᾶς.
1643 2309 1714 2360 ’Ἠ
1773 2305 1945 2367 οὕτως

292 2395 416 2464 μεθ’
453 2388 778 2468 ὑπερϐατοῦ·
811 2393 1099 2465 εΧελνὸπηκε
1133 2396 1270 2466 ὑμᾶς
1325 2393 1376 2449 ἐν
1440 2391 1611 2468 μέρει.
1679 2397 1854 2450 Τοῦτο
1887 2391 1945 2449 Si

288 2481 471 2549 εἶπον,
521 2483 606 2537 ’ἰνα
655 2484 730 2555 μή
780 2479 1098 2557 ἐπιϐαρησω
1141 2486 1232 2539 τὸν
1280 2484 1704 2558 πεπορνευκότα,
1748 2488 1827 2556 τῷ
1855 2482 1942 2538 λέ·

283 2592 404 2646 γειν
435 2577 692 2628 τοσοῦτον
745 2574 872 2628 λαὸν
934 2574 1096 2628 αὐτὸν
1157 2573 1540 2642 λελυπηκέναι.
1579 2597 1606 2625 ‹‹
1635 2573 1836 2629 Ἱκανὸν
1865 2577 1944 2644 τῷ

284 2659 590 2731 τοιούτῳὴ
626 2660 878 2734 ἐπιτιμία
910 2659 1067 2732 αὕτη.
1105 2686 1132 2712 ››
1186 2663 1283 2718 Διά
1331 2666 1491 2718 τοῦτο
1544 2663 1604 2716 τὸ
1646 2660 1821 2734 ὄνομα
1847 2660 1944 2716 αὖ·

289 2752 391 2800 τοῦ
424 2746 547 2803 οὕτε
579 2747 706 2820 ἅνω,
756 2747 878 2805 οὕτε
935 2747 1042 2805 ὧδε
1092 2752 1327 2821 τίθησιν,
1383 2752 1549 2805 αὐτοῦ
1603 2747 1941 2828 φειδόμενος,

296 2838 378 2908 μή
439 2859 551 2900 πως
601 2843 668 2912 τῇ
723 2839 987 2912 ὀνομασίᾳ
1043 2840 1231 2907 αὐτοῦ,
1288 2839 1452 2895 πάλιν
1512 2839 1941 2914 ἀ-θαζέσῃὸκατ’

289 2925 460 2981 αὐτοῦ
515 2933 622 2982 τῶν
685 2929 986 3004 Κορινθίων
1051 2929 1246 3001 θυμός.
1309 2931 1460 2991 ‹‹“Ως
1518 2950 1574 2983 τε
1629 2927 1938 2983 τούναντίον

291 3017 508 3088 μᾶλλον
545 3019 686 3090 ὑμᾶς
717 3031 1065 3094 χαρισασθαι.
1101 3045 1129 3071 n
1325 3021 1510 3092 μόνον,
1542 3018 1696 3096 φησὶ,
1739 3017 1942 3088 λύσητε

287 3108 389 3176 τὴν
442 3105 785 3180 ἐπιτιμησιν,
845 3106 992 3163 ἀλλὰ
1046 3109 1132 3163 καὶ
1193 3108 1599 3180 παρακαλέσατε
1637 3106 1818 3175 αὐτὸν,
1851 3108 1942 3161 καὶ

2053 1864 2272 1920 factum
2303 1865 2497 1919 fuerat
2521 1883 2592 1919 ex
2640 1883 2808 1936 aequo
2852 1866 3234 1934 contristatis,
3269 1871 3331 1919 ut
3378 1865 3557 1920 etiam
3595 1879 3696 1917 ve-

2055 1953 2166 2007 nia:
2200 1970 2330 2023 qua;
2371 1953 2544 2008 datur
2597 1954 2742 2008 ﬁant
2797 1971 3032 2024 quoque
3090 1953 3428 2025 participes,
3463 1958 3520 2008 et
3569 1951 3688 2007 ait:

2054 2041 2219 2106 Quod
2241 2042 2288 2096 si
2313 2043 2446 2112 quis
2485 2043 2873 2110 contristavit,
2897 2043 3067 2098 illum
3092 2042 3294 2098 dicens
3325 2042 3425 2113 qui
3460 2047 3690 2097 scorta-

2053 2134 2147 2184 tus
2175 2130 2387 2201 fuerat,
2413 2148 2533 2186 non
2584 2149 2676 2187 me
2704 2133 3074 2188 contristavit
3122 2133 3337 2199 solum,
3371 2131 3473 2187 sed
3505 2136 3562 2186 et
3591 2146 3692 2184 vos

2054 2220 2115 2273 in
2139 2225 2334 2290 parte:
2372 2238 2512 2276 nam
2540 2222 2650 2276 hoc
2673 2222 2990 2295 signiﬁcat,
3024 2245 3051 2272 «
3087 2223 3152 2277 In
3175 2227 3398 2293 parte.»
3427 2222 3493 2276 In
3525 2225 3691 2292 parte

2053 2316 2250 2364 autem
2273 2310 2414 2374 dixi,
2441 2312 2652 2381 inquit,
2675 2329 2748 2366 ne
2772 2329 3097 2385 aggravem,
3123 2313 3234 2368 hoc
3265 2317 3372 2380 est,
3413 2312 3692 2367 adversus

2053 2398 2224 2451 illum
2267 2399 2612 2454 exacerbem
2643 2417 2850 2455 omnes
2898 2419 3018 2456 vos.
3050 2403 3164 2456 Aut
3210 2402 3321 2457 hoc
3351 2401 3526 2456 modo
3558 2416 3694 2456 cum

2054 2487 2379 2558 hyperbato
2406 2505 2417 2542 :
2453 2489 2832 2544 Contristavit
2859 2507 3065 2545 omnes
3095 2507 3199 2544 vos
3238 2491 3299 2545 in
3329 2496 3531 2560 parte;
3581 2490 3694 2544 hoc

2051 2582 2249 2630 autem
2283 2576 2426 2635 dixi.
2463 2595 2534 2633 ne
2568 2595 2702 2633 eum
2737 2580 2837 2650 qui
2870 2585 3160 2635 scortatus
3191 2579 3384 2634 fuerat
3431 2593 3697 2651 aggrava-

2051 2681 2200 2730 rem,
2233 2665 2483 2721 dicendo
2515 2667 2705 2738 ipsum
2729 2667 3110 2723 contristasse
3131 2673 3358 2722 tantum
3385 2666 3693 2738 populum.

2052 2777 2080 2804 «
2142 2754 2372 2810 Sufﬁcit
2421 2757 2757 2812 istiusmodi
2815 2757 3040 2813 homini
3101 2757 3426 2828 increpatio
3485 2757 3628 2811 haec.
3665 2777 3694 2806 »ι

2051 2845 2371 2915 Propterea
2403 2863 2596 2917 neque
2619 2847 2891 2918 superius
2923 2864 3117 2918 neque
3139 2864 3299 2902 nunc
3321 2863 3541 2901 nomen
3564 2846 3692 2916 ejus

2052 2933 2314 3003 apponit,
2351 2941 2620 2990 metuens
2661 2953 2734 2991 ne
2767 2954 2882 3008 quo
2915 2936 3090 2992 modo
3125 2937 3253 3008 ejus
3295 2935 3692 3006 appellatione

2049 3038 2286 3076 rursum
2319 3024 2724 3080 el‘fervesceret
2766 3026 3047 3080 adversus
3088 3042 3222 3080 eum
3252 3025 3691 3080 Corinthiorum

2047 3111 2303 3179 animus,
2342 3135 2360 3161 ι
2400 3113 2470 3166 Ut
2501 3130 2530 3168 e
2589 3113 2817 3170 diverso
2865 3115 3052 3187 magis
3102 3114 3471 3169 condonetis.
3503 3135 3530 3164 »
3563 3115 3689 3170 Non

289 3195 345 3250 ἒν
377 3200 445 3269 τῇ
501 3199 739 3272 προτέρᾳ
796 3192 951 3275 ἔχετε
1006 3198 1172 3270 τάξει.
1227 3196 1497 3253 Ἐναντίων
1543 3197 1646 3272 γὰρ
1696 3199 1730 3264 ἡ
1771 3196 1939 3270 παρά-

2054 3199 2264 3267 solum,
2295 3201 2508 3271 inquit,
2530 3203 2998 3275 increpationem
3022 3204 3250 3272 solvite,
3282 3219 3484 3258 verum
3509 3202 3688 3257 etiam

291 3284 492 3355 κλησις
523 3293 623 3356 τῆς
654 3286 1044 3359 ἐπιτιμήσεως.
1103 3289 1239 3362 *Ορα
1298 3285 1373 3341 δέ.
1431 3288 1544 3341 Ἵνα
1578 3286 1653 3358 μή
1683 3285 1879 3359 νομίσῃ
1913 3286 1941 3339 ὁ

293 3376 679 3451 πεπορνευκὼς
733 3378 932 3438 ἱκανῶς
996 3377 1464 3449 μετανενοηκέναι,
1494 3373 1583 3430 καὶ
1615 3379 1710 3430 τοῦ
1743 3375 1942 3429 λοιποῦ

296 3465 669 3539 ῥαθυμότερος
702 3464 945 3541 γένηται,
980 3466 1134 3540 φησὶ·
1199 3491 1225 3520 ‹‹
1263 3464 1618 3539 Χαρίσασθαι,
1652 3489 1679 3514 ››
1739 3464 1803 3520 Εἰ
1851 3475 1941 3519 καί

298 3557 374 3626 μὴ
408 3553 574 3624 ἄξιος,
603 3553 789 3633 φησὶν,
848 3554 957 3609 ἐστὶ
1017 3550 1204 3609 λαϐεῖν
1264 3553 1399 3608 κατᾶ
1429 3552 1655 3632 ὀφειλὴν
1684 3554 1782 3621 τὴν
1814 3573 1944 3626 συγ-

293 3644 547 3719 γνώμην,
603 3645 676 3715 μγς
739 3665 855 3706 πως
910 3647 978 3716 τῇ
1038 3643 1397 3718 περισσοτέρᾳ
1457 3641 1604 3716 λύπῃ
1639 3645 1939 3714 καταποθῇ,

292 3731 367 3793 ὡς
402 3733 429 3786 ὁ
462 3731 668 3795 Ἰούδας
724 3732 831 3787 ἀπὸ
883 3740 982 3801 τῆς
1041 3734 1278 3808 ἀμέτρου
1306 3731 1506 3802 λύπης.
1545 3763 1571 3782 ιι
1598 3734 1668 3787 ’Ἡ
1700 3751 1942 3784 καταπο-

292 3823 360 3895 Θῃ
399 3821 502 3876 ὐπὸ
549 3825 646 3877 τοῦ
709 3827 935 3878 Σατανᾶ.
967 3847 994 3873 υ
1053 3822 1230 3892 Δηλοῖ
1276 3819 1332 3876 δὲ
1388 3820 1554 3876 αὖτοῦ
1585 3821 1815 3898 ἄφθονον
1843 3821 1941 3888 τήν

295 3909 498 3981 λύπην.

2051 3289 2440 3345 consolemini
2474 3309 2630 3359 eum,
2663 3298 2721 3347 et
2749 3293 2810 3347 in
2842 3293 3026 3364 priori
3058 3293 3266 3347 ordine
3297 3309 3364 3347 ac
3407 3291 3693 3364 dignitate

2052 3377 2346 3433 habetote.
2364 3381 2503 3435 Nam
2527 3383 2799 3453 opposita
2816 3387 2906 3436 est
2926 3382 3252 3438 consolatio
3275 3380 3693 3454 increpationi.

2054 3465 2375 3521 Considera
2402 3485 2556 3536 vero,
2591 3468 2751 3539 quod
2783 3486 2856 3524 ne
2889 3469 3242 3524 existimetis
3274 3469 3374 3540 qni
3425 3475 3698 3540 stuprum

2053 3553 2429 3610 commiserat
2460 3575 2522 3612 se
2553 3557 2920 3613 sufﬁcienter
2952 3557 3361 3630 pcenitentiam
3389 3557 3601 3629 egisse,
3629 3571 3698 3611 ac

2055 3643 2137 3696 ita
2175 3643 2457 3716 deinceps
2515 3647 2752 3719 segnior
2796 3648 2982 3716 ﬁeret,
3029 3647 3141 3701 ait:
3177 3669 3204 3696 ι(
3258 3646 3635 3700 Condonetis.
3673 3665 3700 3694 »

2055 3738 2195 3793 Etsi.
2231 3735 2440 3806 inquit.
2476 3738 2687 3809 dignus
2720 3755 2840 3792 non
2872 3743 2961 3792 est
2993 3737 3090 3808 qui
3129 3743 3408 3806 tanquam
3441 3735 3701 3788 debitam

2054 3826 2307 3895 accipiat
2327 3826 2578 3885 veniam.
2606 3843 2704 3879 vos
2730 3833 2925 3879 tamen
2944 3824 3379 3880 condonate.ne
3403 3820 3698 3892 quomodo

2055 3914 2242 3968 nimia
2269 3913 2656 3968 absorbeatur
2686 3913 2944 3980 tristitia,
2987 3910 3490 3983 quemadmodum
3519 3909 3698 3965 Judas

296 4001 370 4057 ab
403 4002 720 4058 immodico
753 4019 1024 4060 maerore.
1065 4023 1084 4051 ι
1120 4003 1225 4058 Vel
1272 4001 1660 4058 absorbeatur
1687 4017 1723 4056 a
1768 4001 2002 4056 Satana.
2035 4023 2061 4051 »
2115 4002 2413 4074 Signiﬁcat
2433 4009 2630 4058 autem
2671 4003 3073 4057 abundantem
3125 4001 3287 4055 illius
3329 3999 3596 4055 dolorem
3630 4015 3698 4055 ac

293 4092 544 4156 luctum.

370 4180 463 4233 Διὸ
519 4179 820 4254 παρακαλῶ
891 4181 1052 4254 ὑμᾶς,
1120 4185 1358 4255 κυρῶσαι
1420 4178 1494 4240 εἷς
1564 4177 1726 4232 αὐτὸν
1807 4175 1943 4251 ἀγά-

295 4289 428 4338 πην.
491 4267 585 4332 Εἷς
639 4273 806 4324 τοῦτο
865 4270 969 4346 γαρ
1037 4263 1265 4343 ἔγραψα,
1323 4269 1410 4322 ’ἱνα
1463 4271 1576 4342 γνῶ
1635 4267 1734 4333 τήν
1792 4262 1942 4319 δοκι-

355 4358 368 4374 \
477 4358 491 4375 Ρ
556 4362 582 4373 υ
737 4358 751 4378 ν
835 4357 848 4377 ’
1001 4360 1009 4374 ν
1177 4359 1189 4376 ο
1468 4356 1481 4374 Ί
1660 4356 1680 4375 τ

301 4379 410 4429 μην
471 4379 646 4431 υμων,
708 4379 754 4413 ει
807 4379 881 4419 εις
942 4379 1113 4412 παντα
1173 4358 1403 4427 υπήκοοί
1465 4376 1602 4411 εστε.
1683 4361 1726 4432 ῼ
1783 4351 1838 4408 δέ
1886 4375 1938 4409 τι

2133 4183 2200 4250 ΙΙ,
2243 4186 2394 4237 5-H.
2440 4186 2798 4252 Quapropter
2853 4182 3068 4236 obsecro
3123 4197 3214 4236 vos
3272 4184 3583 4250 conﬁrmata
3637 4183 3700 4234 in

2059 4272 2218 4326 illum
2248 4273 2596 4327 charitatem.
2629 4274 2693 4326 In
2725 4272 2822 4326 hoc
2862 4273 3005 4325 enim
3049 4269 3245 4340 scripsi
3274 4277 3333 4323 ut
3385 4284 3700 4338 cognoscam

2051 4363 2432 4431 probationem
2470 4364 2654 4428 vestri,
2713 4378 2786 4415 an
2843 4361 2915 4414 ad
2956 4361 3141 4414 omnia
3199 4359 3503 4412 obedientes
3556 4359 3697 4411 sitis.

295 4445 605 4520 χαρίζεσθε,
634 4447 723 4501 καὶ
756 4446 885 4522 ἐγώ.
919 4449 1021 4502 Καὶ
1056 4448 1158 4524 γὰρ
1217 4446 1349 4522 ἐγὼ,
1400 4445 1448 4501 εἳ
1501 4467 1554 4500 τι
1589 4446 1939 4520 κεχάρισμαι,

2059 4452 2160 4506 Cui
2187 4468 2314 4506 vero
2362 4451 2679 4506 condonatis
2722 4450 2942 4520 aliquid
2997 4455 3048 4503 et
3105 4465 3204 4518 ego
3254 4447 3516 4502 condono.
3568 4446 3703 4500 Nam

294 4538 342 4610 ᾧ
397 4538 752 4611 κεχάρισμαι,
810 4535 880 4592 δι’
942 4539 1080 4609 ὑμᾶς
1136 4538 1186 4592 έν
1246 4539 1528 4613 προσώπῳ
1571 4542 1827 4612 Χριστοῦ,
1859 4537 1944 4591 ’ἰνα

298 4625 377 4697 μή
411 4623 895 4697 πλεονεκτηθῶμεν
953 4625 1056 4681 ὑπὸ
1106 4630 1203 4680 τοῦ
1259 4629 1490 4682 Σατανᾶ.
1525 4624 1600 4682 Οὐ
1646 4625 1750 4699 γὰρ
1781 4625 1946 4680 αὐτοῦ

294 4716 396 4784 νουις
409 4735 548 4788 ματα
580 4713 903 4791 ἂγνοοῦμεν.

375 4904 486 4961 Οὐκ
513 4901 590 4960 ἔτι
645 4907 718 4967 ὡς
778 4904 1105 4970 διδάσκαλος
1164 4906 1401 4974 κελεύει,
1455 4904 1686 4967 ἀλλ’ὡς
1720 4907 1949 4980 συνήγο-

305 5015 397 5069 ρος
452 4993 704 5056 δικαστὰς
758 4995 1083 5069 παρακαλεῖ.
1150 5022 1170 5049 ι
1209 5001 1456 5071 κυρῶσαι
1501 4995 1576 5056 εἰς
1623 4994 1780 5050 αὐτὸν
1814 4993 1950 5070 ἀγά-

302 5105 434 5152 πην.
472 5110 497 5134 υ
531 5087 619 5152 Μὴ
650 5084 865 5153 ἁπλῶς,
925 5084 1070 5139 ἀλλὰ
1127 5086 1364 5160 παγίως.
1400 5084 1672 5160 Μεγίστην
1703 5082 1760 5138 δὲ
1789 5087 1949 5139 τοῦτο

301 5171 536 5227 δείκνυσι
593 5175 886 5251 Κορινθίων
943 5176 1161 5250 ἀρετὴν,
1226 5177 1310 5230 ὅτι
1369 5175 1542 5236 οὕτως
1603 5168 1951 5247 μετεϐλήθη-

301 5282 418 5332 σαν,
452 5261 526 5326 ὥς
580 5285 637 5319 τε
687 5264 767 5342 ἐφ’
799 5264 844 5337 ᾧ
900 5266 1165 5340 πρότερον
1223 5263 1563 5342 ἐρυσιοῦντο,
1596 5289 1622 5315 ‹‹
1661 5264 1762 5320 Καὶ
1799 5263 1950 5333 ὑμεῖς

294 5353 420 5427 γὰρ,
479 5354 612 5430 φησὶ
672 5353 1077 5426 πεφυσιωμένοι
1136 5354 1274 5420 ἐστὶ,
1311 5377 1339 5404 ››
1395 5357 1485 5406 νῦν
1519 5347 1719 5427 ἕιθραν
1753 5353 1952 5405 ἄσπον-

295 5439 388 5497 δον
422 5442 586 5521 ἔχειν.
656 5467 680 5497 ιι
729 5445 846 5498 ’Ἵνα
903 5448 1012 5519 γνῶ
1072 5444 1170 5512 τήν
1223 5440 1456 5515 δοκιμήν
1489 5442 1664 5514 ὑμῶν.
1699 5465 1727 5492 ››
1758 5441 1870 5507 Τήν
1902 5437 1954 5492 ἐν

291 5536 362 5606 τῇ
394 5533 605 5606 ὑπακοῇ
637 5531 917 5604 δηλονότι.
953 5557 983 5585 ‹‹
1017 5533 1108 5595 Εἷς
1139 5537 1301 5588 τοῦτο
1331 5532 1432 5607 γὰρ
1469 5529 1699 5608 ἔγραψα,
1732 5554 1760 5582 ››
1790 5550 1952 5586 τουτ-

367 5662 412 5697 ¹⁹
447 5661 470 5716 Ι
503 5661 633 5717 Cor.
667 5679 719 5730 ν,
757 5664 809 5716 2.

580 5782 844 5844 Panos.
891 5783 1006 5844 Gn.
1054 5779 1314 5844 CXVIII.

2055 4549 2105 4596 et
2156 4558 2254 4610 ego
2293 4541 2343 4596 si
2391 4541 2527 4611 quid
2584 4541 2905 4606 condonavi,
2966 4540 3054 4592 cui
3087 4535 3414 4602 condonavi,
3468 4540 3704 4605 propter

2055 4647 2146 4686 vos
2176 4632 2483 4685 condonavi
2537 4632 2596 4683 in
2618 4645 2856 4699 persnna
2903 4629 3131 4685 Christi.
3177 4643 3244 4680 ne
3301 4622 3705 4679 circumvenia-

2055 4738 2179 4775 mur
2209 4737 2242 4774 a
2264 4721 2491 4775 Satana.
2524 4721 2640 4774 Non
2691 4720 2836 4771 enim
2866 4716 3016 4772 illius
3063 4714 3422 4784 cogitationes
3469 4714 3700 4782 ignora-

2056 4826 2195 4864 mus.

2128 4900 2255 4954 Jam
2282 4914 2398 4952 non
2431 4902 2497 4952 ut
2530 4898 2856 4966 prmceptor
2895 4892 3085 4964 jubet,
3121 4891 3222 4947 sed
3273 4897 3555 4962 tanquam
3607 4905 3703 4960 pa-

2061 4994 2263 5041 tronus
2286 4985 2520 5058 judices
2547 4983 2915 5053 deprecatur.
2956 5001 2982 5031 ιι
3031 4981 3388 5035 Conﬁrmate
3439 4996 3497 5034 in
3528 4978 3698 5032 illum

2060 5076 2429 5131 charitatem.
2465 5094 2489 5123 ιδ
2539 5074 2663 5126 Non
2695 5078 3016 5141 utcunque,
3063 5069 3167 5125 sed
3217 5069 3488 5123 ﬁrmiter.
3515 5066 3698 5120 Maxi-

2063 5182 2218 5220 mam
2249 5173 2444 5219 autem
2478 5161 2915 5216 Corinthiorum
2939 5158 3198 5215 ostendit
3222 5158 3516 5216 virtutem.
3543 5153 3702 5225 quod

2062 5254 2208 5309 adeo
2240 5251 2534 5307 immutati
2559 5255 2774 5313 essent,
2799 5256 2865 5304 ut
2886 5249 2956 5303 de
2989 5265 3104 5319 quo
3128 5247 3291 5318 prius
3314 5244 3504 5299 inﬂati
3536 5247 3707 5297 erant

2063 5361 2129 5398 ac
2161 5360 2289 5398 sese
2341 5340 2648 5412 jactabant
2701 5345 2883 5406 (nam.
2925 5361 2943 5385 ιι
2978 5338 3045 5390 Et
3096 5353 3217 5399 vos,
3252 5334 3467 5405 inquit,
3514 5330 3705 5386 inﬂati

2065 5433 2206 5488 estis
2228 5431 2358 5502 ην),
2383 5447 2542 5485 nunc
2559 5428 2760 5483 odium
2780 5424 3272 5481 irreconciliabile
3292 5425 3710 5493 conceperant.

2068 5547 2095 5576 <<
2128 5525 2200 5581 Ut
2229 5535 2579 5595 cognoscam
2625 5516 3044 5589 probationem
3093 5514 3290 5572 vestri.
3327 5534 3356 5562 »
3406 5513 3555 5568 Puta
3584 5523 3717 5580 qua

3356 5761 3435 5822 80
