4068 6254
217 411 345 469 941

1194 407 1611 467 COMMENT.
1659 405 1743 463 ΙΝ
1795 403 2044 462 EPIST.
2097 401 2148 464 ll
2192 406 2292 464 AD
2338 405 2711 466 CORINTH.

3530 407 3649 466 942

229 549 380 611 ζετο.
415 542 513 595 Καὶ
546 541 782 609 τοσαύτη
817 540 903 608 ἦν,
937 539 1092 618 φησὶ,
1125 537 1295 610 λύπη,
1331 537 1412 591 ὅτι
1446 537 1533 590 καὶ
1567 535 1728 608 θύρας
1789 557 1882 608 μοι

2018 538 2228 608 tccepit
2257 538 2770 609 impedimentum.
2823 541 2893 592 Et
2923 542 3086 594 tanta
3111 537 3260 607 'fuit,
3297 539 3512 610 inquit,
3543 539 3650 596 tri-

228 628 614 707 ἀνεῳγμένης,
647 626 916 695 τουτέστι,
947 626 1038 680 καὶ
1073 630 1331 698 μαθητῶν
1374 625 1617 697 εὐπορῶν
1660 621 1749 677 καὶ
1797 627 1894 676 τοῦ

233 719 414 792 λόγου
443 717 762 798 τρέχοντος,
799 717 951 788 ὅμως
981 713 1187 790 ἤλγουν
1221 714 1308 768 ἐπὶ
1339 717 1406 786 τῇ
1441 713 1675 783 ἀπουσία
1702 711 1892 769 Τίτου.

231 805 606 864 Δείκνυσιδιά
661 806 896 872 τούτων,
956 803 1054 860 105
1112 805 1272 860 Τίτου
1329 804 1391 857 τὸ
1445 803 1752 880 χρήσιμον,
1811 799 1896 853 ίίτι

232 898 417 972 χωρίς
453 897 678 960 ἐκείνου,
711 897 802 952 καί
831 917 919 950 τοι
971 895 1134 968 θύρας
1182 893 1546 968 ἀνεῳγμένης,
1597 892 1752 964 ὅμως
1799 889 1899 944 οὐκ

241 985 399 1060 εἶχεν
432 985 632 1051 ἆνεσιν,
668 981 757 1038 διὰ
801 985 863 1037 τὸ
928 982 1002 1054 μή
1062 987 1311 1056 παρεῖναι
1370 979 1546 1034 αὐτόν.
1604 981 1781 1035 Τοῦτο
1840 973 1899 1031 δὲ

234 1073 414 1146 λέγει,
437 1072 525 1128 καί
559 1073 650 1126 τὸν
683 1072 847 1128 Τίτον
878 1075 995 1132 τοῖς
1030 1068 1344 1144 Κορινθίοις
1402 1071 1660 1122 συνιστῶν
1708 1061 1894 1138 (ἔμελ-

233 1161 304 1217 λε
335 1165 438 1238 γάρ
469 1162 634 1216 πάλιν
678 1157 1036 1215 ἀποστέλλειν
1092 1158 1255 1213 αὐτὸν
1315 1157 1450 1232 πρὸς
1508 1155 1748 1227 αὐτοὺς),
1807 1152 1896 1209 καὶ

230 1255 341 1322 τήν
377 1252 578 1307 οίκείαν
611 1247 852 1318 σπουδὴν
897 1249 1019 1323 περὶ
1081 1247 1275 1310 αὐτοὺς
1333 1244 1619 1312 ἐνδεικνῦς,
1671 1244 1752 1299 ὅτι
1807 1241 1898 1298 καί

233 1363 363 1404 πως
395 1342 539 1397 οὓτω
582 1340 1022 1414 χρησιμεύοντος
1078 1335 1132 1391 ἐν
1191 1341 1270 1409 τῷ
1331 1335 1638 1413 κηρύγματι
1695 1333 1785 1388 καὶ
1844 1332 1895 1387 ἐν

234 1439 379 1488 πᾶσι
407 1436 503 1486 τοῦ
557 1432 743 1501 Τίτου,
803 1429 956 1500 ὅμως
1012 1429 1176 1489 αὐτὸς
1234 1425 1451 1481 ἐκείνων
1503 1429 1564 1480 τὸ
1623 1424 1896 1504 συμφέρον

236 1521 547 1598 προκρίνει.
609 1518 701 1574 Διὸ
759 1520 844 1573 καὶ
901 1515 1185 1573 ἀπέστειλε
1241 1516 1330 1570 καὶ
1391 1513 1682 1570 ἀποστελεῖ
1736 1513 1899 1568 αὐτὸν

235 1611 433 1667 πολλὰ
464 1610 685 1685 χρῄζων
721 1608 884 1663 αὐτοῦ
913 1614 1013 1675 τῆς
1047 1605 1368 1678 παρουσίας.
1405 1630 1431 1655 ‹‹
1470 1601 1648 1660 Ἀλλά
1693 1603 1901 1657 ἀποτα-

235 1703 470 1774 ξέμενος
501 1699 688 1760 αὐτοῖς
749 1722 774 1749 ››
806 1697 880 1752 Τὸ
908 1695 1334 1767 ἀποταξάμενος,
1369 1692 1466 1748 οὐκ
1497 1691 1609 1747 ἔστι
1659 1692 1721 1746 τὸ
1773 1689 1899 1746 ἑλό-

243 1791 527 1864 μενοςμὴ
588 1787 836 1862 κηρύξαι.
896 1789 1129 1859 ’Ἄπαγε
1190 1785 1338 1855 (Οἷον
1400 1783 1499 1858 γὰρ
1552 1781 1643 1852 ἦν,
1705 1780 1750 1834 εἰ
1811 1778 1900 1833 διὰ

239 1884 344 1950 τὴν
379 1878 642 1934 ἀπουσίαν
685 1877 844 1931 Τίτου
901 1871 1219 1943 ἐνεποδίσθη
1278 1873 1340 1926 τὸ
1397 1873 1657 1946 κήρυγμα
1684 1875 1724 1940 ;)
1771 1867 1897 1924 ἀλλ’

248 1969 370 2023 ἀντὶ
401 1966 611 2034 τοῦ,οὐ
655 1969 915 2020 τοσοῦτον
977 1961 1255 2035 ἐπιμείνας
1315 1962 1448 2036 πρὸς
1502 1959 1719 2027 αὐτοὺς,
1778 1959 1903 2012 ὅσον

251 2057 450 2129 ἤθελον
482 2055 699 2111 ἐκεῖνοι.
732 2057 907 2110 Τοῦτο
942 2054 1034 2125 μὶν
1101 2050 1230 2111 ἴσως
1292 2050 1381 2105 καὶ
1439 2053 1535 2105 τοῦ
1591 2048 1905 2121 Πνεύματὸς

249 2146 660 2221 ἐπιτρέψαντος,
695 2142 840 2212 πλὴν
871 2143 1042 2198 ἐποίει
1088 2163 1142 2197 τι
1200 2141 1288 2196 καὶ
1350 2143 1385 2209 ἡ
1437 2139 1668 2194 ἀπουσία
1714 2138 1901 2195 Τίτου.

238 2245 404 2302 Ἴσως
440 2237 496 2293 δὲ
527 2240 617 2292 καὶ
650 2233 928 2312 χρειώδης
957 2236 1024 2304 ἦν
1075 2233 1220 2305 αὐτῷ
1279 2237 1356 2304 τῷ
1403 2231 1714 2306 κηρύγματι
1745 2231 1773 2284 ὁ
1804 2233 1905 2287 Τῖ-

247 2351 369 2392 τος.

323 2512 444 2582 Τῷ,
484 2506 540 2564 δὲ
607 2511 720 2576 Θεῷ
786 2505 949 2584 χάρις
1031 2507 1112 2575 τῷ
1204 2503 1431 2556 πάντοτε
1523 2492 1904 2572 Θριαμόεύοντι

249 2603 402 2670 ἡμᾶς
436 2597 489 2654 ἑν
527 2601 605 2670 τῷ
661 2598 905 2669 Χριστῷ,
963 2591 1052 2647 καῖ
1112 2592 1210 2660 τὴν
1261 2590 1438 2663 ὁσμὴν
1493 2595 1593 2657 τῆς
1650 2588 1906 2662 γνώσεως

253 2687 428 2741 αὐτοῦ
491 2689 804 2765 φανεροῦντι
865 2680 936 2736 δι’
994 2682 1155 2754 ἡμῶν
1215 2677 1268 2734 ἐν
1327 2677 1488 2734 παντὶ
1573 2676 1746 2748 τύπῳ,
1816 2675 1902 2731 ὅτι

259 2761 515 2849 Χριστοῦ-
560 2771 755 2829 εὐωδία
815 2770 973 2844 ἐσμὲν
1032 2775 1110 2841 τῷ
1163 2772 1280 2840 Θεῷ
1351 2765 1401 2821 ἐν
1461 2771 1576 2828 τοῖς
1665 2761 1906 2838 σωζομέ-

453 2865 536 2919 καῖ
594 2865 648 2919 ἐν
710 2868 827 2925 τοῖς
884 2859 1313 2931 ἀπολλυμένοις·
1405 2857 1484 2918 οἷς
1572 2855 1666 2929 μὲν
1753 2854 1900 2926 ὀσμή

255 2959 485 3021 θανάτου
518 2955 593 3018 εἷς
642 2954 891 3022 θάνατον,
937 2953 1020 3013 οἷς
1071 2948 1128 3005 δὲ
1191 2950 1335 3020 ὀσμή
1396 2954 1542 3017 ζωῆς
1599 2945 1676 3006 είς
1737 2948 1902 3014 ζωήν,

251 3046 355 3103 Καὶ
391 3046 525 3120 πρὸς
578 3049 747 3099 ταῦτα
803 3042 886 3103 τίς
936 3040 1155 3107 ἱκανός;
1219 3037 1294 3093 υύ
1335 3039 1439 3114 γάρ
1499 3036 1658 3108 ἐσμεν
1719 3035 1791 3095 ὡς
1855 3023 1905 3086 οἳ

249 3134 456 3191 πολλοῖ
513 3131 909 3203 κακηλεύοντες
969 3131 1060 3184 τὸν
1147 3127 1311 3202 λόγον
1393 3130 1490 3180 τοῦ
1547 3128 1703 3188 Θεοῦ,
1778 3120 1906 3177 ἀλλ’

249 3226 326 3287 ὡς
358 3225 406 3294 ἐξ
441 3219 962 3298 εἰλικρινείας,ἀλλ’
1021 3218 1094 3279 ὠς
1143 3217 1202 3272 ἐκ
1254 3220 1387 3270 Θεοῦ
1435 3215 1768 3268 κατενώπιον
1804 3215 1903 3266 τοῦ

257 2887 395 2928 νοις,

252 3315 406 3380 Θεοῦ,
445 3313 494 3368 ἐν
529 3315 747 3387 Χριστῷ
778 3308 1077 3382 λαλοῦμεν.

328 3405 467 3461 Εἶτα
498 3400 686 3470 ἐπειδή
718 3399 932 3464 πολλάς
961 3395 1209 3469 κατέλεξε
1237 3395 1433 3462 λύπας,
1473 3393 1567 3454 τὰς
1628 3392 1678 3447 ἐν
1732 3391 1907 3461 Ἀσίᾳ,

251 3492 349 3552 τᾶς
375 3491 426 3545 ἐν
455 3485 701 3563 Τρῳάδι,
733 3487 862 3542 αὐτὸ
891 3486 952 3540 τὸ
1006 3486 1081 3556 μὴ
1134 3482 1310 3547 ἐλθεῖν
1365 3482 1498 3556 πρὸς
1559 3477 1774 3544 αὐτοὺς,
1819 3474 1908 3530 ’ίνα

251 3585 334 3652 τίῆ
369 3581 638 3654 νομίσωσι
670 3582 840 3635 ταῦτα
888 3574 1305 3655 ὀλοφυρομένου
1366 3574 1504 3627 εἶναι
1553 3571 1618 3624 τὰ
1667 3569 1908 3644 ῥήματα,

247 3671 458 3744 ἐπάγει·
495 3695 522 3722 ‹‹
552 3674 644 3742 Τῷ
675 3665 731 3722 δὲ
757 3671 874 3738 Θεῷ
905 3665 1063 3741 χάρις
1092 3668 1170 3735 τῷ
1232 3655 1435 3736 θριαμδ
1452 3659 1630 3716 εύοντι
1671 3661 1842 3731 ἡμᾶς,
1880 3682 1907 3708 ››

245 3760 548 3828 τουτέστιν,
609 3759 1041 3832 εὐχαριστοῦμεν
1100 3757 1178 3824 τῷ
1245 3760 1360 3823 Θεῳ
1430 3754 1507 3822 νῷ
1588 3751 1909 3826 φανεροῦντι

252 3855 407 3923 ἡμᾶς
439 3849 536 3903 καὶ
564 3845 908 3916 καταδήλους
946 3847 1191 3898 ποιοῦντι
1227 3839 1314 3896 διά
1376 3844 1472 3894 τοῦ
1525 3839 1757 3913 πάσχειν
1810 3858 1908 3892 κα-

256 3945 390 4006 κῶς,
426 3943 738 4014 φανεροῦντι
771 3936 845 4007 δὲ,
882 3936 1014 4009 μετὰ
1041 3938 1145 3990 τῶν
1177 3933 1313 3986 κατὰ
1361 3935 1457 3987 105
1515 3925 1772 3984 διάϐολον
1828 3951 1910 3983 νι-

259 4037 374 4087 κῶν
403 4015 492 4085 καὶ
528 4028 826 4101 τροπαίων.
884 4030 1056 4082 Τοῦτο
1113 4024 1212 4099 γάρ
1249 4023 1276 4076 ὁ
1307 4015 1572 4094 θρίαμϐος
1630 4018 1908 4093 βούλεται.

254 4128 347 4176 Ἠν
378 4120 483 4196 γάρ
511 4122 590 4190 τῷ
647 4117 883 4192 πάσχειν
937 4116 1139 4179 κακῶς,
1189 4112 1243 4166 αἱ
1301 4111 1436 4165 κατά
1493 4113 1590 4164 τοῦ
1647 4103 1910 4162 διαϐόλου

259 4195 406 4266 νίκαι
441 4209 790 4263 συνίστανται.
826 4207 989 4262 Ὅσον
1019 4203 1120 4278 γάρ
1150 4222 1232 4262 τις
1265 4198 1453 4254 πλεῖον
1488 4195 1909 4273 πάσχει,πλεῖον

261 4304 406 4371 νεκᾷ,
445 4323 471 4349 ‹‹
501 4301 674 4369 Ἥμᾶς
707 4295 758 4349 ἐν
789 4299 868 4366 τῷ
903 4296 1147 4368 Χριστῷ,
1185 4315 1210 4340 ››
1243 4292 1374 4346 Οἷον
1401 4285 1489 4342 διὸ.
1518 4288 1607 4342 τὸν
1651 4285 1911 4361 Χριστὸν,

263 4388 354 4444 διά
382 4390 443 4444 τὸ
475 4390 757 4462 κήρυγμα.
794 4414 812 4438 ι
855 4383 952 4438 Καὶ
984 4384 1081 4450 τὴν
1132 4382 1306 4452 ὀσμὴν
1357 4385 1458 4446 τῆς
1507 4377 1762 4450 γνώσεως
1808 4375 1912 4430 αὐ-

263 4483 383 4538 τοῦ,
421 4504 447 4529 ››
478 4479 539 4534 Ἦ
575 4477 720 4549 ὁσμὴ
751 4481 850 4543 τῆς
879 4473 1130 4548 γνώσεως
1161 4467 1256 4524 δύο
1289 4466 1475 4538 δηλοῖ,
1507 4465 1588 4522 ὅτι
1615 4487 1672 4521 τε
1702 4468 1764 4522 τὸ
1812 4467 1914 4536 κή-

267 4589 449 4644 ρυγμα
488 4564 736 4638 οὐράνιόν
795 4563 902 4617 ἐστι
967 4560 1156 4634 μύρον,
1215 4557 1303 4612 καὶ
1364 4558 1449 4611 ὃτι
1500 4555 1597 4610 οὐκ
1653 4555 1911 4610 ἀνακεκά-

2006 625 2184 691 stitia,
2219 629 2375 698 quod
2399 645 2533 682 cum
2557 629 2734 683 etiam
2767 634 3036 698 apertum
3061 634 3219 682 esset
3241 627 3384 682 mihi
3410 629 3650 695 ostium,

2005 714 2116 770 hoc
2139 722 2245 776 est,
2282 725 2338 770 et
2378 717 2578 788 plures
2610 725 2808 772 essent
2837 717 3112 788 discipuli
3139 725 3198 772 et
3227 733 3423 772 sermo
3452 735 3652 773 curre-

2005 811 2114 870 ret,
2151 811 2348 860 tamen
2381 807 2641 877 angebar
2673 823 2851 877 super
2881 807 3153 862 absentia
3199 807 3330 861 Titi.
3384 808 3484 862 His
3539 807 3652 862 Titi

2006 895 2322 950 utilitatem
2354 897 2634 965 ostendit,
2689 897 2828 966 quia
2876 897 3006 950 sine
3039 897 3163 958 illo,
3210 895 3350 951 licet
3381 903 3652 968 apertum

2009 986 2426 1044 essetostium.
2459 1002 2579 1040 non
2631 991 2828 1040 tamen
2862 985 3068 1040 habuit
3099 986 3547 1056 relaxationem,
3584 1001 3651 1042 eo

2009 1073 2168 1144 quod
2197 1073 2294 1128 ille
2336 1091 2456 1129 non
2489 1075 2737 1130 adesset.
2779 1075 2895 1130 Hoc
2953 1082 3148 1131 autem
3183 1075 3326 1130 dicit
3356 1083 3412 1130 et
3457 1076 3652 1131 Titum

2009 1164 3033 1231 commendansCorinthiisfrursum
3057 1165 3217 1220 enim
3236 1165 3426 1236 ipsum
3453 1163 3526 1220 ad
3549 1179 3650 1223 eos

2008 1253 2300 1308 missurus
2332 1254 2502 1326 erat),
2537 1261 2594 1308 et
2626 1256 2927 1326 prOprium
2963 1255 3119 1310 circa
3160 1255 3294 1310 illos
3334 1255 3654 1312 ostendens

2009 1339 2292 1395 studium.
2326 1339 2673 1412 Quanquam
2708 1343 2865 1397 enim
2895 1343 3042 1397 adeo
3075 1343 3237 1398 utilis
3268 1349 3326 1398 et
3357 1343 3416 1397 in
3442 1341 3656 1414 praedi-

2010 1431 2240 1485 catione
2273 1440 2330 1486 et
2360 1432 2418 1486 in
2450 1432 2729 1488 omnibus
2761 1434 3122 1502 essetTitus,
3157 1434 3280 1504 ipse
3306 1440 3500 1489 tamen
3532 1433 3661 1488 illo-

2009 1537 2139 1574 rum
2175 1522 2463 1592 prmponit
2494 1521 2807 1577 utilitatem
2839 1541 2850 1577 :
2877 1523 3008 1577 ideo
3031 1528 3088 1576 et
3117 1538 3251 1578 eum
3278 1523 3440 1578 misit
3463 1521 3535 1577 ad
3553 1537 3658 1577 eos

2012 1615 2069 1662 et
2104 1609 2316 1677 mittet,
2336 1627 2467 1665 cum
2501 1612 2626 1682 ipse
2651 1612 2899 1666 multum
2935 1619 3132 1683 egeret
3163 1613 3290 1683 ejus
3319 1612 3656 1684 praesentia.

2013 1721 2041 1746 «
2073 1697 2182 1753 Sed
2215 1717 2348 1754 cum
2383 1700 2500 1755 illis
2524 1700 2955 1757 valedixissem.
2995 1725 3019 1751 »
3053 1702 3195 1758 Cum
3218 1701 3657 1773 valedixissem,

2011 1805 2128 1842 non
2163 1795 2249 1842 est
2280 1806 2346 1843 ac
2381 1790 2428 1842 si
2463 1789 2688 1844 diceret
2719 1809 2730 1844 :
2760 1792 2904 1846 Cum
2937 1791 3248 1863 elegissem
3293 1809 3412 1847 non
3443 1792 3658 1865 praedi-

2011 1895 2166 1933 care.
2205 1879 2461 1934 Minime.
2488 1880 2636 1944 Quid
2667 1881 2827 1935 enim
2859 1882 2969 1936 hoc
3003 1886 3176 1949 esset,
3210 1882 3256 1935 si
3289 1888 3529 1954 propter
3547 1881 3657 1938 Titi

2015 1967 2345 2022 absentiam
2368 1969 2864 2040 impedimentum
2896 1971 3191 2040 acciperet
3239 1971 3609 2043 evangelium
3630 1971 3658 2027 ‘i

2014 2056 2274 2112 Blased
2300 2059 2468 2128 quasi
2485 2058 2708 2114 diceret
2725 2059 2871 2114 :Non
2893 2064 3054 2114 tanto
3071 2064 3332 2131 tempore
3355 2060 3658 2131 apudillos

2013 2150 2313 2220 permansi
2346 2156 2634 2220 quantum
2668 2151 2756 2205 illi
2788 2151 3147 2206 voluissent:
3183 2151 3360 2222 idque
3392 2151 3659 2207 fortassis

2016 2239 2192 2292 etiam
2220 2240 2600 2310 permittente
2626 2241 2866 2310 Spiritu,
2897 2240 3149 2296 faciebat
3189 2246 3386 2295 tamen
3435 2239 3660 2312 aliquid

2013 2328 2121 2381 Titi
2160 2327 2452 2382 absentia.
2505 2330 2794 2383 Fortassis
2847 2336 3044 2384 autem
3079 2329 3241 2384 utilis
3274 2346 3508 2401 quoque
3537 2335 3662 2386 erat

2014 2417 2087 2473 ad
2115 2419 2595 2490 praedicationem
2627 2420 2807 2474 Titus.

2086 2507 2154 2573 Il,
2193 2506 2373 2562 14-17.
2410 2532 2434 2556 ‹‹
2474 2509 2590 2563 Deo
2623 2515 2815 2564 autem
2841 2510 3029 2581 gratia
3060 2510 3159 2576 qui
3185 2527 3419 2581 semper
3450 2510 3659 2567 trium-

2020 2621 2038 2642 α
2074 2597 2255 2667 pltare
2281 2597 2543 2652 nosfacit
2565 2598 2623 2651 in
2643 2597 2872 2652 Christo
2899 2615 2910 2652 :
2939 2603 2997 2653 et
3018 2598 3260 2653 odorem
3284 2599 3510 2654 notitiae
3538 2614 3660 2655 sum

2016 2709 2042 2736 «
2070 2686 2410 2742 manifestat
2441 2704 2546 2758 per
2575 2687 2759 2742 nosin
2787 2687 3418 2753 omniloco.Quoniam
3443 2687 3660 2744 Christi

2021 2799 2040 2823 ι
2069 2775 2224 2830 bona
2247 2775 2564 2848 fragrantia
2599 2793 2803 2830 sumus
2837 2777 2950 2830 Deo
2984 2778 3044 2831 in
3076 2775 3168 2831 his
3201 2779 3298 2848 qui
3320 2777 3462 2832 salvi
3485 2776 3655 2846 ﬁunt,

2015 2885 2042 2911 ‹‹
2078 2868 2137 2916 et
2167 2863 2227 2916 iu
2261 2863 2352 2916 his
2384 2863 2482 2933 qui
2519 2870 2799 2933 pereunt:
2821 2863 3167 2934 hisquidem
3191 2865 3334 2920 odor
3353 2865 3562 2920 mortis
3583 2863 3660 2920 ad

2021 2973 2040 3000 ι
2073 2957 2348 3019 mortem,
2373 2952 2492 3006 illis
2512 2969 2649 3006 vero
2676 2953 2822 3006 odor
2843 2952 2972 3006 vita)
3004 2954 3078 3009 ad
3109 2954 3307 3009 vitam.
3337 2955 3407 3008 Et
3426 2954 3500 3009 ad
3531 2955 3658 3010 haac

2015 3062 2044 3089 ‹‹
2079 3041 2210 3110 quis
2231 3040 2479 3095 idoneus
2496 3041 2659 3095 ‘lNon
2675 3042 2833 3096 enim
2854 3059 3057 3097 sumus
3077 3048 3141 3097 ut
3158 3042 3428 3113 plerique
3450 3059 3662 3114 caupo-

2017 3149 2039 3172 «
2066 3134 2274 3184 nantes
2296 3129 2535 3184 verbum
2557 3130 2788 3196 Dei,sed
2808 3130 2961 3185 velut
2981 3148 3050 3186 ex
3073 3131 3541 3196 sinceritate,sed
3565 3146 3660 3185 ve-

2019 3218 2218 3274 alutex
2235 3219 2440 3287 Deolin
2458 3219 2882 3291 conspectuDei
2899 3220 3300 3292 perChristum
3318 3220 3662 3291 loquimur.»

2086 3400 2306 3454 Deinde
2331 3404 2647 3471 postquam
2672 3400 2890 3456 multos
2913 3402 3214 3457 recensuit
3253 3399 3489 3456 dolores
3516 3415 3666 3472 quos

2015 3488 2075 3542 in
2102 3490 2236 3543 Asia.
2261 3494 2320 3542 et
2341 3489 2562 3544 Troade
2587 3496 2912 3561 acceperat,
2945 3491 3028 3545 sic
3079 3497 3145 3545 ut
3184 3490 3257 3546 ad
3290 3507 3391 3544 eos
3422 3489 3662 3561 profici-

2017 3579 2098 3633 sci
2132 3596 2251 3633 non
2285 3580 2580 3650 potuerit:
2617 3598 2689 3635 ne
2739 3580 2916 3636 verba
2964 3581 3091 3636 hzec
3140 3580 3483 3636 existiment
3533 3595 3661 3636 esse

2015 3668 2640 3741 lugentis,subjungit:
2679 3693 2705 3718 ‹‹
2739 3671 2855 3724 Deo
2880 3677 3078 3725 autem
3101 3671 3290 3742 gratia
3318 3670 3416 3740 qui
3446 3669 3659 3723 trium-

2017 3758 2195 3829 phire
2226 3775 2334 3812 nos
2365 3758 2522 3812 facit.
2567 3780 2592 3807 ››
2627 3759 2744 3812 Hoc
2773 3767 2879 3822 est,
2904 3762 3121 3831 gratias
3144 3759 3373 3830 agimus
3409 3759 3525 3812 Deo
3557 3756 3660 3827 qui

2015 3865 2123 3901 nos
2157 3847 2517 3912 manifestat,
2559 3864 2626 3901 ac
2656 3848 3010 3918 conspicuos
3049 3864 3177 3901 esse
3210 3845 3370 3911 facit,
3410 3861 3516 3916 per
3545 3845 3658 3900 hoc

2017 3935 2173 4005 quod
2203 3934 2376 3988 malis
2425 3934 2753 3989 afﬁcimur:
2801 3935 3140 3988 manifestat
3185 3940 3406 4002 autem,
3438 3950 3544 4004 per
3573 3932 3659 3985 vi-

2016 4024 2231 4078 ctorias
2254 4040 2321 4077 ac
2344 4028 2564 4092 tropaea
2585 4039 2714 4092 qua;
2737 4023 3016 4078 adversus
3033 4023 3332 4078 diabolum
3347 4021 3658 4077 habemus.

2014 4114 2160 4167 Nam
2190 4113 2302 4166 hoc
2351 4111 2460 4166 sibi
2513 4111 2634 4166 vult
2679 4112 3034 4183 triumphus.
3071 4113 3136 4166 In
3169 4113 3277 4166 hoc
3310 4111 3469 4167 enim
3502 4108 3662 4182 quod

2018 4199 2173 4255 mala
2201 4199 2478 4272 patimur,
2512 4206 2874 4272 consurgunt
2914 4199 3193 4256 adversus
3225 4200 3529 4255 diabolum
3575 4199 3660 4253 vi-

2017 4289 2237 4344 ctoriae.
2265 4288 2565 4360 Siquidem
2597 4307 2713 4362 quo
2740 4289 2872 4361 plus
2903 4290 3126 4361 patitur
3161 4290 3478 4360 quispiam,
3527 4288 3662 4360 plus

2017 4380 2213 4434 vincit.
2248 4402 2274 4428 ‹‹
2311 4381 2375 4434 In
2405 4380 2657 4434 Christo.
2695 4403 2722 4429 »
2767 4381 2882 4434 Hoc
2930 4386 3038 4445 est,
3080 4397 3206 4452 per,
3254 4379 3375 4434 sive
3423 4383 3666 4449 propter

2018 4469 2317 4523 Christum
2351 4475 2405 4523 et
2437 4467 2943 4540 praedicationem.
2979 4494 2997 4516 ι»
3036 4471 3106 4523 Et
3144 4467 3387 4524 odorem
3437 4466 3662 4522 notitia

2019 4575 2159 4612 sum.
2196 4580 2224 4607 »
2257 4559 2413 4613 Odor
2433 4559 2658 4613 notitia:
2689 4559 2805 4615 duo
2838 4559 3151 4631 signiﬁcat.
3187 4564 3244 4612 et
3283 4557 3441 4628 quod
3491 4556 3668 4611 caele-

266 4643 469 4715 λυπται
502 4661 629 4709 πᾶσι
661 4653 750 4708 καὶ
784 4650 1062 4728 πρόδηλόν
1107 4648 1273 4712 ἐστιν,
1327 4645 1459 4721 ὅπερ
1509 4645 1597 4699 καὶ
1659 4643 1905 4719 ἀλλαχοῦ

2022 4649 2127 4702 stis
2160 4648 2498 4720 praedicatio
2533 4656 2898 4722 unguentum
2930 4650 3026 4714 sit,
3048 4655 3104 4703 et
3136 4646 3294 4718 quod
3320 4663 3440 4701 non
3473 4644 3669 4701 omni-

268 4769 456 4818 φησιν,
501 4770 528 4796 ί(
557 4751 715 4819 ’Ἄρτι
751 4741 1025 4818 βλὲπομεν
1061 4736 1130 4793 δι’
1162 4736 1424 4811 ἐσόπτρου
1459 4734 1507 4789 ἐν
1550 4733 1848 4808 αἰνίγματι.
1886 4758 1912 4784 ››

261 4811 466 4910 ε’.Ωσπερ
498 4834 598 4910 γὰρ
633 4836 665 4898 ἡ
701 4833 843 4904 ὀσμαὶ,
879 4828 1047 4898 δηλοῖ
1089 4828 1181 4902 μὲν
1212 4825 1348 4881 εἷναί
1402 4845 1506 4878 που
1566 4823 1758 4897 μύρον,
1812 4826 1913 4893 τὴν

265 4925 326 4982 δὲ
358 4925 541 4980 οὐσίαν
567 4923 733 4992 αὐτ-ᾖν
765 4920 826 4975 οὐ
860 4918 1025 4989 δηλοῖ
1053 4923 1150 4972 τοῦ
1207 4913 1480 4983 πνέοντος,
1539 4914 1712 4974 οὕτως
1759 4912 1847 4967 καὶ
1878 4915 1912 4982 ἡ

269 5009 364 5067 διὰ
391 5014 487 5066 τοῦ
526 5010 880 5084 κηρύγματος
911 5010 1129 5078 γνῶσις,
1161 4999 1328 5073 δηλοῖ
1384 5000 1476 5072 μὲν
1521 5000 1612 5053 καὶ
1675 4996 1915 5053 διδάσκει

267 5102 409 5156 εἶναι
437 5098 588 5166 Θεὸν,
623 5099 812 5158 ὁποῖος
847 5094 903 5150 δὲ
930 5096 1024 5162 τὴν
1068 5091 1272 5160 οὐσίαν,
1297 5088 1394 5145 οὐκ
1415 5087 1512 5145 ἔτι.
1541 5113 1566 5140 ‹‹
1594 5092 1913 5162 Φανεροῦντι

271 5189 345 5244 δι’
375 5191 554 5261 ἡμῶν.
590 5211 617 5237 ››
650 5185 1022 5260 Θυμιατήριον
1055 5182 1180 5257 γὰρ,
1215 5178 1403 5257 φησὶν,
1462 5176 1616 5250 ἐσμὲν
1666 5181 1762 5230 τοῦ
1815 5176 1918 5249 μύ-

269 5300 370 5356 ρου
402 5277 598 5332 τούτου
629 5275 715 5330 καὶ
752 5271 1004 5349 οὐρανίου
1036 5269 1402 5345 θυμιάματος,
1441 5267 1539 5334 τὴν
1600 5267 1775 5339 ὀσμὴν
1822 5265 1915 5320 αὐ-

266 5352 368 5424 τοῦ
401 5365 783 5444 περιφέροντες
815 5365 1114 5437 πανταχοῦ,
1177 5385 1202 5410 ‹‹
1247 5360 1370 5415 ’Ὁτι
1425 5360 1664 5429 Χριστοῦ
1721 5352 1918 5410 εὐωδία

265 5457 452 5529 ἐσμὲν.
493 5481 512 5506 ι
544 5443 626 5512 Οὐ
661 5455 846 5526 μόνον,
881 5451 1066 5526 φησὶν,
1101 5446 1329 5504 εὐωδίαν
1358 5443 1725 5522 κηρύσσομεν,
1775 5443 1920 5500 ἀλλά

267 5546 364 5604 καὶ
395 5549 558 5620 ἡμεῖς
591 5545 644 5600 οἱ
670 5541 970 5600 ἀπόστολοι
1003 5536 1202 5596 εὐωδία
1234 5537 1414 5611 ἒσμὶν,
1448 5539 1669 5612 Χριστῷ
1696 5539 1775 5608 τῷ
1806 5538 1920 5607 Θεῷ

349 5731 396 5766 ³ο
429 5729 604 5785 lCor.
631 5728 865 5795 xul,12.

2023 4737 2133 4791 bus
2159 4737 2412 4792 revelata
2427 4738 2572 4792 sitet
2596 4738 2930 4794 manifesta:
2959 4737 3116 4809 quod
3137 4737 3312 4792 etiam
3335 4735 3476 4792 alibi
3500 4735 3666 4791 dicit:

2025 4850 2051 4876 «
2087 4827 2397 4881 Cernimus
2429 4844 2586 4882 nunc
2620 4844 2724 4898 per
2749 4827 3055 4898 speculum
3087 4827 3147 4881 in
3197 4826 3509 4898 aenigmate
3535 4826 3599 4882 ⁸ο.
3634 4844 3659 4874 -ι

2023 4915 2534 4980 Quemadmodum
2559 4916 2714 4970 enim
2741 4916 2887 4971 odor
2918 4916 3140 4972 indicat
3170 4916 3412 4988 quidem
3449 4913 3668 4971 alicubi

2027 5022 2153 5060 esse
2191 5012 2578 5078 unguentum,
2629 5022 2748 5059 non
2796 5011 2996 5060 tamen
3047 5005 3236 5076 ipsam
3286 5005 3670 5060 manifestant

2025 5094 2402 5163 prmsentiam
2426 5095 2555 5162 ejus
2586 5094 2745 5163 quod
2778 5095 2963 5165 spirat
2997 5111 3009 5148 :
3057 5095 3138 5149 ita
3186 5109 3420 5163 quoque
3457 5090 3670 5145 notitia

2026 5200 2156 5253 quae
2188 5199 2292 5253 per
2330 5182 2810 5252 praedicationem
2841 5183 3110 5245 habetur,
3139 5181 3398 5236 ostendit
3428 5179 3671 5250 quidem

2026 5289 2092 5327 ac
2123 5272 2294 5326 docet
2343 5289 2468 5327 esse
2523 5274 2728 5340 Deum,
2765 5279 2824 5328 at
2853 5274 3046 5345 qualis
3079 5274 3155 5328 sit
3194 5288 3297 5344 per
3349 5268 3672 5326 essentiam

2026 5377 2144 5415 non
2176 5361 2275 5416 ita.
2313 5385 2340 5410 ‹‹
2374 5362 2704 5418 Manifestat
2733 5380 2839 5434 per
2869 5380 2996 5418 nos.
3042 5384 3066 5412 ι
3099 5364 3242 5417 Nam
3273 5359 3453 5414 veluti
3487 5357 3672 5413 thuri-

2026 5449 2253 5515 bulum,
2288 5450 2504 5522 inquit,
2538 5468 2743 5507 sumus
2773 5452 2951 5524 hujus
2983 5451 3267 5525 unguenti
3299 5467 3365 5506 ac
3414 5447 3671 5504 caalestis

2026 5539 2276 5607 incensi,
2330 5541 2516 5613 ipsius
2577 5541 2819 5597 odorem
2877 5541 3097 5614 ubique
3163 5539 3670 5599 circumferentes.
