4068 6254
366 364 490 423 943

1485 359 1911 424 (ECUMENIl
1957 353 2259 417 TlthCzE
2306 354 2674 417 EPlSCOPI.

3675 362 3793 417 9M

360 517 391 546 «
416 495 713 559 Quoniam
745 494 963 555 Christi
1010 494 1166 550 bona
1213 495 1539 567 fragrantia
1569 509 1795 548 sumus.
1831 513 1859 541 »
1890 490 2012 544 Non

2131 486 2246 539 οἷον
2275 486 2672 564 ἀναφερομένη.
2708 491 2831 549 Πῶς
2858 506 2873 554 ;
2903 486 2938 556 ἢ
3005 488 3235 552 ἑαυτοὺς
3283 491 3736 566 ἱερουργοῦντες,
3764 493 3801 561 ἢ

354 586 582 651 solum,
616 584 838 653 inquit,
887 583 1105 639 bonam
1160 584 1543 656 fragrantiam
1602 581 2016 654 praedicamus,

354 690 559 728 verum
587 674 775 728 etiam
806 689 914 727 nos
933 673 1185 745 apostoli
1213 672 1368 727 bona
1397 672 1723 744 fragrantia
1787 685 2018 731 sumus,

364 780 497 833 quaa
531 780 564 818 a
592 762 824 817 Christo
858 764 973 817 Deo
1012 763 1189 817 veluti
1224 764 1491 835 emergit.
1524 760 1829 827 Quomodo
1850 758 1878 813 ?
1906 762 2023 812 Aut

369 870 479 909 nos
520 852 682 923 ipsos
713 852 1138 919 sacrificantes,
1170 859 1272 907 aut
1303 852 1563 907 externis
1594 847 2020 904 afflictionibus

370 941 639 1013 quotidie
688 942 1033 1005 morientes,
1079 943 1235 997 614
1285 948 1343 996 et
1380 942 1443 996 in
1491 940 1706 995 Christi
1749 937 2017 992 victimas

366 1033 647 1102 reputati.
679 1055 705 1080 «ι
740 1033 806 1085 In
839 1032 930 1086 his
962 1032 1062 1101 qui
1114 1031 1258 1086 salvi
1318 1032 1472 1086 fiunt
1545 1052 1573 1079 »
1633 1030 1793 1082 Bona
1842 1026 2019 1097 igitur

358 1121 687 1192 fragrantia
706 1136 933 1187 sumus,
956 1126 1016 1175 et
1049 1120 1262 1174 bonam
1315 1118 1703 1191 fragrantiam
1737 1115 2014 1187 prmdica-

364 1227 535 1266 mus:
569 1210 687 1264 sive
721 1210 853 1280 quis
883 1226 951 1264 ex
982 1209 1092 1264 hoc
1126 1210 1321 1264 salvus
1356 1209 1457 1264 ﬁat
1493 1225 1600 1280 per
1638 1206 1842 1272 fidem,
1894 1204 2017 1258 sive

358 1306 563 1371 pereat
603 1316 706 1370 per
762 1299 1263 1354 incredulitatem.
1300 1297 1820 1364 Quemadmodum
1857 1294 2016 1349 enim

357 1390 446 1445 sol
474 1394 533 1443 et
562 1389 679 1444 mel
712 1389 784 1444 ab
819 1390 911 1444 his
962 1391 1070 1460 qui
1116 1390 1438 1445 cmcutiuut
1482 1395 1584 1444 aut
1628 1388 1763 1441 vitio
1814 1384 2014 1439 affecti

361 1484 520 1545 sunt,
551 1495 671 1533 non
697 1479 868 1549 juxta
900 1496 1066 1535 suam
1095 1481 1535 1551 perspiciuntur
1558 1483 1834 1533 naturam
1864 1492 1876 1528 :
1911 1474 2015 1529 sed

360 1584 479 1622 non
506 1567 580 1622 ob
621 1567 681 1622 id
710 1568 812 1622 ille
849 1568 1091 1638 quidem
1141 1568 1493 1623 tenebrosus
1528 1572 1636 1633 est,
1675 1567 1785 1620 hoc
1816 1570 2012 1619 autem

362 1673 653 1725 amarum,
676 1657 757 1710 ita
780 1664 834 1711 et
856 1674 964 1712 nos
991 1663 1049 1711 et
1086 1657 1449 1727 prazdicatio,
1484 1670 1828 1726 quanquam
1861 1669 2013 1707 non-

361 1746 512 1800 nulli
543 1745 617 1800 oh
637 1745 1116 1801 incredulitatem
1137 1752 1405 1817 pereant,
1435 1762 1556 1799 non
1578 1743 1651 1798 ob
1678 1743 1736 1797 id
1761 1759 1879 1796 non
1926 1747 2016 1795 est

364 1834 673 1907 spirituale
703 1841 1065 1906 unguentem
1094 1852 1106 1888 :
1149 1837 1291 1904 qu‘n
1342 1834 1536 1905 potius
1579 1849 1648 1886 ex
1678 1834 1789 1887 hoc
1819 1830 2011 1886 admi-
2044 1853 2090 1918 Β

362 1924 618 1978 randum
669 1929 779 1989 est,
830 1922 988 1991 quod
1030 1939 1239 1993 pravos
1290 1926 1497 1994 arguat
1534 1937 1602 1975 ac
1650 1920 2007 1975 convincat:

364 2013 504 2081 quia
525 2020 584 2065 et
602 2017 972 2083 unguentum
996 2028 1204 2082 porcos
1226 2011 1515 2065 suffocare
1538 2009 1842 2073 dicitur,et
1859 2009 2013 2081 ignis

363 2101 565 2170 spinas
584 2115 1031 2154 consumere.—
1055 2102 1197 2154 Nam
1235 2100 1352 2154 sive
1380 2099 1674 2170 quispiam
1696 2098 1889 2152 salvus
1912 2098 2014 2153 fiat

361 2189 479 2243 sive
495 2188 1103 2260 pereat,Evangelium
1123 2190 1183 2243 in
1199 2205 1304 2243 sua
1321 2188 1793 2260 permanetvirtu
1804 2189 2011 2242 te.Non

362 2278 523 2332 enim
545 2277 733 2348 ipsius
764 2294 912 2349 opus
936 2284 1025 2333 est
1047 2278 1325 2349 perditio,
1348 2277 1453 2333 sed
1480 2275 1922 2349 ingratitudinis
1944 2277 2011 2334 il-

361 2366 613 2422 lorum.«
648 2367 749 2422 His
770 2365 1011 2438 quidem
1035 2368 1180 2423 odor
1202 2369 1409 2423 mortis
1431 2368 1505 2423 ad
1524 2372 1799 2422 mortem.
1835 2388 1862 2416 ››
1888 2368 2011 2421 Non

360 2473 429 2512 ex
461 2457 700 2528 propria
728 2462 960 2525 natura,
989 2456 1092 2511 sed
1112 2474 1181 2512 ex
1204 2458 1468 2529 ipsorum
1492 2456 1741 2512 malitia.
1763 2454 2008 2521 Quando

358 2545 739 2601 vivificativus
762 2551 851 2600 est
874 2551 973 2599 aut
998 2546 1238 2616 quidem
1254 2553 1312 2601 et
1329 2546 1597 2601 Christus
1616 2546 1767 2617 lapis
1791 2543 2009 2600 eratof-

358 2636 651 2693 fensionis
674 2643 733 2691 et
751 2642 919 2707 petra
943 2636 1207 2692 scaudali
1233 2637 1326 2691 his
1352 2638 1451 2707 qui
1473 2635 2004 2708 pereunt—Aliud.

359 2727 528 2781 Juxta
577 2725 836 2780 inditum
884 2726 1101 2796 cuique
1161 2725 1460 2792 affectum,
1495 2726 1688 2779 suavis
1736 2725 1882 2779 odor
1910 2729 2012 2779 aut

362 2815 669 2870 mortifer:
694 2814 1195 2885 quemadmodum
1220 2814 1267 2868 si
1298 2814 1456 2869 idem
1488 2820 1856 2886 unguentum
1891 2829 2011 2868 sca-

360 2902 539 2957 rabeo
572 2909 629 2957 et
661 2903 949 2958 columbas
981 2910 1368 2975 proponatur,
1421 2919 1540 2958 non
1571 2904 1727 2958 idem
1756 2904 1815 2957 in
1846 2909 2012 2957 utro-

359 3008 476 3063 que
505 2992 765 3048 et‘ficiet:
806 2993 909 3048 sed
940 2992 1219 3048 columba
1270 2992 1510 3064 quidem
1560 2992 1860 3048 robustior
1907 3008 2013 3064 per

357 3098 595 3138 suavem
626 3081 1174 3155 unguentiodorem
1208 3082 1497 3150 redditur,
1523 3082 1843 3138 scarabeus
1874 3098 2009 3137 vero

354 3171 734 3227 interimitur.
770 3173 856 3225 Ita
877 3177 935 3226 et
954 3172 1172 3227 Paulus
1196 3172 1467 3227 divinum
1494 3171 1647 3227 illud
1672 3172 2008 3239 incensum,

356 3259 405 3313 si
434 3261 568 3330 quis
590 3260 867 3315 columba
889 3262 1226 3325 esset,sicut
1247 3262 1430 3327 Titus,
1454 3261 1725 3316 Silvanus
1741 3267 1798 3315 et
1813 3261 2013 3315 Timo-

355 3347 548 3414 theus,
567 3365 684 3402 una
707 3365 843 3402 cum
866 3365 933 3402 eo
957 3349 1349 3419 participabat
1375 3350 1437 3403 in
1462 3348 1617 3405 bono
1644 3349 1776 3405 vitae
1809 3349 2013 3415 odore,

355 3436 675 3506 proficiens
700 3436 773 3490 ad
796 3452 971 3491 omne
1009 3437 1069 3490 id
1096 3436 1254 3507 quod
1287 3437 1603 3492 honestum
1638 3445 1786 3503 erat,
1848 3453 2012 3492 sum-

359 3521 477 3595 ptis
494 3522 565 3578 ab
585 3524 711 3595 ipso
735 3524 1057 3595 exemplis;
1085 3524 1135 3579 si
1173 3541 1308 3579 vero
1333 3526 1544 3580 Demas
1590 3526 1885 3598 quispiam
1918 3542 2011 3579 es-

364 3616 456 3667 set
490 3616 592 3666 aut
642 3611 976 3666 Alexander
1034 3618 1135 3667 aut
1181 3614 1600 3685 Hermogenes,
1654 3630 1774 3668 non
1815 3613 2014 3669 ferens

364 3703 773 3773 temperantia:
821 3699 1250 3769 suffimentum,
1294 3702 1712 3758 scarabeorum
1774 3718 1934 3757 more
1981 3719 2015 3757 a

368 3791 529 3848 suavi
552 3790 731 3846 odore
758 3790 1087 3863 fugabatur.
1124 3814 1151 3842 «
1184 3794 1255 3845 Et
1284 3792 1357 3847 ad
1378 3792 1504 3846 hrcc
1526 3792 1661 3863 quis
1690 3792 2011 3847 idoneus?»

365 3887 457 3936 An
491 3880 563 3936 ad
596 3887 819 3936 tantam
851 3881 1100 3953 gratiam
1132 3880 1380 3936 idoneos
1403 3898 1501 3937 vos
1526 3898 1654 3937 esse
1685 3881 1926 3953 putatis,
1949 3887 2015 3937 ut

363 3970 578 4025 Christi
610 3970 765 4025 bona
800 3970 1125 4042 fragrantia
1151 3971 1279 4026 sitis
1300 3971 1328 4026 ‘2
1361 3988 1761 4042 nequaquam,
1796 3971 1898 4027 sed
1933 3979 2013 4027 to-

363 4064 488 4113 tum
520 4058 721 4131 gratiae
746 4063 853 4114 est.
891 4081 919 4109 ιι
951 4060 1076 4115 Non
1128 4060 1287 4115 enim
1323 4077 1528 4115 sumus
1566 4066 1631 4115 ut
1658 4061 1946 4132 plerique.
1982 4084 2010 4110 »

362 4146 859 4218 Pseudapostolos
880 4146 974 4203 hic
1006 4148 1287 4217 insinuat,
1308 4150 1408 4220 qui
1444 4149 1539 4203 Dei
1575 4149 1823 4221 gratiam
1871 4166 2009 4220 pro-

360 4234 558 4304 prium
588 4251 738 4306 opus
769 4252 899 4291 esse
931 4234 1228 4303 dicebant,
1263 4244 1321 4292 et
1357 4238 1478 4293 ait:
1514 4239 1835 4310 Propterea
1866 4237 2008 4306 dixi,

359 4345 386 4373 ι(
423 4324 563 4389 Quis
590 4323 863 4393 idoneus,
902 4348 927 4374 ››
961 4331 1019 4380 et
1041 4327 1158 4381 Deo
1186 4343 1311 4381 rem
1336 4343 1573 4381 omnem
1599 4326 2012 4397 attribui,quia

360 4429 480 4468 non
514 4430 645 4469 sum
678 4414 832 4469 sicut
862 4415 1308 4485 casterinempe
1330 4413 1771 4486 pseudapostoli
1799 4432 2011 4487 caupo-

360 4517 512 4557 nans
546 4509 602 4557 et
623 4503 883 4558 alienum
902 4503 1125 4558 faciens
1145 4501 1365 4557 donum
1386 4503 1658 4557 Dei.Cum
1681 4503 1840 4558 enim
1857 4505 2010 4559 Deus

2129 574 2237 628 ἀπὸ
2265 579 2373 629 τῶν
2407 574 2598 647 ἔξωθεν
2627 578 2747 640 καθ’
2794 574 3003 651 ἡμέραν
3060 578 3523 649 ἀποθνήσκοντες,
3579 580 3679 633 καὶ
3732 581 3807 643 εἰς

2128 663 2300 737 ἱερεῖα
2328 662 2685 738 λογιζόμενοι
2716 670 2971 739 Χριστοῦ.
3007 691 3035 717 ‹‹
3071 667 3154 721 Ἐν
3188 673 3304 730 τοῖς
3363 668 3742 740 σωζομένοις.
3777 694 3803 721 n

2130 751 2349 810 Εὐωδία
2404 758 2689 829 τοιγαροῦν
2727 755 2909 828 ἐσμεν,
2977 756 3067 809 καὶ
3127 754 3353 811 εὐωδίαν
3408 758 3803 831 κηρύσσομεν,

2125 840 2224 895 κᾶν
2256 861 2339 903 τις
2371 841 2430 896 ἐκ
2456 842 2658 898 τούτου
2710 842 2954 913 σώζηται
3002 842 3092 899 διὰ
3133 846 3233 915 τήν
3290 847 3497 917 πίστιν,
3567 846 3677 902 κᾶν
3728 868 3811 911 τις

2125 930 2435 987 ἀπόλλυται
2463 929 2533 986 δι’
2592 934 2864 989 ἀπιστίαν.
2925 938 3129 1010 Ὥσπερ
3177 937 3280 1011 γὰρ
3312 938 3341 990 6
3374 934 3547 1005 ἥλιος
3597 937 3696 991 καὶ
3748 938 3809 991 τὸ

2132 1018 2282 1092 μέλι,
2306 1027 2423 1082 τοῖς
2481 1018 2907 1095 ἀμϐλυώττουσι
2963 1024 3053 1079 καὶ
3105 1030 3222 1086 τοῖς
3279 1027 3692 1099 κακουμένοις,
3747 1026 3809 1081 οὗ

2125 1110 2261 1164 κατὰ
2290 1111 2390 1179 τήν
2423 1110 2624 1166 οἰκείαν
2654 1112 2844 1185 ὁρᾶται
2875 1113 3063 1187 φύσιν,
3095 1111 3222 1170 ἀλλ’
3253 1114 3317 1168 οὐ
3376 1115 3525 1190 παρὰ
3560 1120 3746 1170 τοῦτο
3771 1115 3807 1184 ἤ

2125 1200 2397 1261 σκοτεινὸς
2457 1199 2719 1270 ἐκεῖνοςῆ
2759 1202 2823 1256 τὸ
2882 1200 3010 1276 μέλι
3059 1204 3277 1279 πικρὸν,
3338 1204 3513 1267 οὕτως
3582 1205 3687 1260 καὶ
3747 1207 3810 1261 τὸ

2124 1290 2389 1361 κήρυγμα
2418 1289 2507 1343 καὶ
2547 1292 2734 1361 ἡμεῖς,
2775 1288 2870 1345 κᾶν
2931 1289 3273 1347 ἀπόλλυνταί
3328 1314 3470 1354 τινες
3529 1297 3613 1367 τῇ
3680 1295 3809 1349 ἁπι-

2125 1376 2267 1445 στίᾳ,
2301 1375 2362 1430 οὗ
2416 1378 2563 1451 παρά
2612 1382 2774 1433 τοῦτο
2832 1379 2932 1434 οὐκ
2980 1378 3089 1435 ἔστι
3149 1385 3516 1454 πνευματικὸν
3592 1383 3807 1457 μύρον,

2122 1462 2269 1518 ἀλλᾶ
2296 1464 2386 1517 καὶ
2417 1467 2554 1520 κατὰ
2581 1469 2741 1520 τοῦτό
2772 1467 2881 1522 ἐστι
2914 1470 3209 1542 θαυμάσαι,
3270 1470 3355 1525 ’ὁτι
3397 1471 3533 1533 τοὺς
3592 1471 3811 1533 κακοὺς

2122 1550 2363 1632 ἐλέγχει.
2396 1555 2547 1611 Ἐπεὶ
2597 1557 2685 1610 καὶ
2744 1557 2807 1612 τὸ
2870 1557 3040 1633 μύρον
3097 1558 3225 1621 τοὺς
3281 1560 3513 1634 χοίρους
3584 1562 3813 1636 πνίγειν

2124 1641 2313 1718 λόγος,
2379 1645 2469 1699 καὶ
2535 1646 2596 1700 τὸ
2662 1650 2770 1722 πῦρ
2835 1648 2931 1708 τὰς
2996 1647 3224 1712 ἀκάνθας
3306 1648 3670 1705 ἀναλίσκειν.
3744 1683 3815 1693 -—

2123 1734 2382 1806 ]ἽΩΑΝ.]
2416 1735 2513 1790 ’Δν
2543 1756 2602 1789 τε
2633 1735 2735 1811 γὰρ
2766 1738 3009 1806 σώζηται
3038 1757 3143 1804 τις,
3200 1738 3386 1815 φησὶν,
3436 1737 3498 1792 ἂν
3529 1760 3600 1792 τε
3630 1738 3813 1793 ἀπόλ-

2123 1819 2305 1889 λυται,
2336 1824 2398 1878 τὸ
2433 1822 2769 1899 Εὐαγγὲλιον
2806 1825 2902 1891 τὴν
2946 1824 3146 1880 οἰκείαν
3178 1827 3373 1901 ἀρετὴν
3421 1822 3559 1901 ἔχον
3621 1830 3804 1900 μένει,

2120 1912 2198 1969 Οὐ
2229 1914 2335 1988 γάρ
2393 1913 2559 1970 αὐτοῦ
2615 1908 3140 1989 ἔργονὴάπώλεια,
3200 1914 3347 1971 ἀλλὰ
3405 1924 3507 1985 τῆς
3572 1919 3808 1973 ἐκείνων

2119 2002 2530 2076 ἀγνωμοσύνης.
2568 2029 2589 2055 ι
2628 2006 2725 2067 Οἷς
2757 2005 2851 2078 μὶν
2881 2005 3028 2079 ὀσμὴ
3061 2008 3285 2061 θαεάτου
3337 2006 3414 2070 εἷς
3464 2009 3736 2071 θάνατον.
3774 2034 3802 2059 ι)

2122 2089 2199 2147 Οὐ
2228 2092 2373 2168 παρὰ
2403 2094 2501 2161 τήν
2558 2092 2762 2148 οἰκείαν
2821 2094 3003 2169 φύσιν,
3062 2093 3207 2150 ἀλλᾶ
3258 2094 3405 2170 παρὰ
3461 2097 3564 2164 τήν
3611 2098 3801 2152 αὐτῶν

2119 2180 2325 2237 κακίαν.
2359 2183 2507 2238 Ἐπεὶ
2543 2182 2631 2237 καὶ
2665 2184 2693 2236 6
2735 2184 2987 2257 Χριστὸς,
3030 2184 3182 2245 Λίθος
3231 2185 3295 2254 ἦν
3350 2187 3802 2259 προςκόμματος

2120 2270 2212 2324 καὶ
2242 2269 2410 2346 πέτρα
2440 2268 2741 2326 σκανδάλου
2775 2277 2892 2333 τοῖς
2951 2271 3381 2346 ἀπολλυμένοις.
3417 2305 3484 2316 -—
3524 2273 3796 2337 Ἄλλως.

2123 2361 2888 2433 [ΓΡΗΓΟΡΙΟΥΝΥΣΣΗΣ]
2931 2361 3079 2418 Κατὰ
3133 2362 3232 2431 τήν
3287 2368 3606 2439 προσοῦσαν
3668 2364 3798 2419 ἑκά-

2123 2470 2231 2521 στῳ
2281 2446 2541 2520 διάθεσιν,
2569 2452 2604 2521 ἢ
2642 2451 2911 2520 ζωοποιὸς
2971 2452 3195 2525 ἐγίνετο,
3242 2451 3278 2522 ἤ
3330 2456 3722 2534 θανατηφόρος
3753 2459 3788 2525 ἡ

2122 2535 2364 2597 εὕπνοια.
2397 2542 2599 2613 ’Ὠσπερ
2629 2540 2693 2595 τὸ
2724 2540 2853 2595 αὐτὸ
2890 2540 3061 2617 μύρον
3118 2541 3163 2595 εί
3220 2544 3483 2618 Κανθάρῳ
3526 2546 3616 2599 καὶ
3684 2552 3786 2600 Πε-

2124 2632 2340 2702 ριστερᾷ
2361 2629 2672 2702 προτεθείη,
2715 2629 2778 2683 οὐ
2834 2629 3028 2684 ταύτὸν
3086 2630 3165 2710 ἐφ’
3226 2632 3494 2706 ἑκατέρων
3551 2633 3783 2711 ἐργάζε-

2120 2737 2234 2785 ται,
2293 2714 2488 2785 ἂλλ¹ή
2552 2718 2647 2790 μὲν
2707 2719 3017 2793 περιστερὰ,
3071 2718 3477 2797 ῥωμαλεωτέρα
3534 2721 3627 2777 διά
3673 2730 3774 2793 τῆς

2121 2804 2373 2866 εὐπνοίας
2421 2810 2519 2860 τοῦ
2576 2807 2750 2881 μύρου
2808 2808 3035 2880 γίνεται,
3071 2807 3188 2863 ὁδὲ
3245 2809 3513 2886 κάνθαρος
3572 2813 3767 2889 φθείρε-

2117 2913 2226 2950 ται.
2261 2894 2451 2956 Οὕτως
2483 2897 2571 2949 καὶ
2603 2895 2631 2950 6
2662 2894 2901 2964 Παῦλος,
2959 2896 3021 2952 τὸ
3069 2904 3213 2961 θεῖον
3269 2898 3443 2954 ἐκεῖνο
3503 2901 3744 2973 Θυμίαμα,

2116 2983 2164 3038 ἐἰ
2201 2984 2293 3057 μὲν
2324 3006 2406 3047 τις
2456 2985 2522 3054 ἦν
2583 2988 2891 3061 περιστερὰ,
2946 2989 3083 3042 κατὰ
3140 2990 3309 3046 Τίτον
3411 2990 3683 3045 Σιλουανὸν
3707 2991 3739 3057 ἧ

2120 3074 2412 3147 Τιμόθεον,
2444 3081 2806 3151 συμμετεῖχεν
2857 3077 3006 3149 αὐτῷ
3060 3084 3159 3147 τῆς
3205 3076 3437 3142 εὐωδίας
3480 3084 3568 3134 τοῦ
3611 3081 3753 3153 βίον,

2120 3164 2443 3238 προκόπτων
2477 3162 2530 3219 ἐν
2562 3166 2720 3220 παντὶ
2783 3170 2937 3238 καλῷ
2991 3172 3111 3231 τοῖς
3167 3170 3284 3222 κατ’
3346 3168 3505 3224 αὐτὸν
3560 3166 3762 3224 ὑποδεί-

2118 3273 2334 3326 γμασιν·
2371 3251 2413 3306 εί
2456 3249 2513 3307 δὲ
2544 3257 2732 3325 Δημᾶς
2754 3275 2839 3317 τις
2868 3252 2935 3319 ἦν
3072 3252 3457 3331 ’Δλὲξα-ιὸρος,
3503 3254 3542 3326 ἤ
3574 3258 3770 3330 Ἑρμο-

2119 3338 2300 3414 γένης,
2356 3340 2418 3394 οὐ
2480 3336 2728 3417 φέροντες
2784 3342 2846 3397 τὸ
2928 3344 3025 3411 τῆς
3111 3342 3424 3419 ἐγκρατείας
3508 3345 3779 3419 θυμίαμα,

2119 3429 2398 3504 κανθάρων
2432 3425 2586 3498 δίκην
2625 3430 2729 3485 ὑπὸ
2761 3433 2859 3499 τῆς
2891 3428 3121 3496 εὐωδίας
3159 3431 3579 3507 ἐφυγαδεύοντο.
3615 3460 3644 3487 ιι
3680 3435 3782 3491 Καὶ

2119 3518 2253 3587 πρὸς
2281 3522 2449 3573 ταῦτα
2477 3518 2557 3581 τίς
2616 3519 2905 3589 ἰκανός;››
2963 3521 3104 3595 Ἀρα
3160 3529 3297 3598 πρὸς
3354 3523 3453 3591 τήν
3511 3523 3783 3594 τοσαύτην

2120 3609 2281 3680 χάριν
2316 3603 2523 3661 δοκεῖτε
2551 3610 2699 3680 ἡμᾶς
2747 3606 2969 3670 ἱκανοὺς
3030 3611 3165 3665 εἶναι
3227 3609 3301 3673 ὠς
3356 3612 3497 3665 εἶναι
3551 3610 3782 3667 εὐωδίαν

2119 3697 2358 3770 Χριστοῦ
2391 3716 2405 3765 ;
2444 3720 2467 3749 ιι
2499 3697 2805 3770 Οὐμενοῦν,
2832 3698 2982 3754 ἀλλὰ
3012 3699 3072 3753 τὸ
3104 3699 3233 3755 ὅλον
3296 3707 3394 3761 τοῖς
3445 3700 3707 3777 χάριτος,
3749 3727 3776 3755 ιι

2122 3784 2264 3847 Τοὺς
2292 3781 2766 3858 ψευδαποστόλους
2792 3785 3019 3851 ἐνταῦθα
3051 3787 3360 3862 αἰνίττεται,
3420 3792 3473 3844 οἱ
3525 3794 3629 3859 τήν
3676 3795 3778 3846 τοῦ

2120 3877 2254 3928 Θεοῦ
2287 3876 2448 3949 χάριν
2511 3872 2709 3929 οἰκεῖον
2766 3868 2997 3951 ἔφασκον
3052 3878 3405 3953 κατόρθωμα,
3463 3879 3554 3934 καί
3611 3899 3773 3959 φησυ

2121 3962 2219 4017 Διά
2242 3967 2402 4018 τοῦτο
2434 3963 2604 4033 εἶπον,
2641 3988 2669 4015 ‹‹
2700 3963 2797 4026 Τίς
2830 3965 3054 4034 ἱκατός;
3090 3989 3117 4017 ››
3150 3966 3239 4021 καὶ
3267 3972 3347 4040 τῷ
3380 3973 3496 4041 Θεῷ
3553 3970 3617 4024 τὸ
3671 3975 3780 4024 πᾶν

2119 4050 2449 4122 ἀνατέθεικα,
2484 4052 2566 4106 ὅτι
2598 4051 2697 4106 οὐκ
2729 4052 2843 4125 εἷμὶ
2881 4054 2955 4114 ὡς
3014 4055 3065 4109 οἱ
3124 4054 3334 4126 λοιποὶ,
3391 4056 3689 4128 τουτέστιν,
3721 4060 3778 4113 οἱ

2119 4138 2582 4213 ψευδαπόστολοι,
2613 4139 2943 4210 καπηλεύων
2980 4144 3069 4198 καὶ
3128 4146 3359 4200 νοθεύων
3415 4148 3516 4216 τὴν
3568 4145 3778 4223 δωρεάν

2117 4232 2214 4283 τοῦ
2242 4234 2396 4288 Θεοῦ.
2427 4230 2590 4287 Ὃταν
2620 4231 2727 4307 γὰρ
2758 4232 2786 4286 6
2818 4231 2949 4297 Θεὸς
2979 4230 3057 4287 δῶ
3113 4230 3340 4309 δωρεὰν,
3392 4233 3536 4310 λέγει
3590 4233 3647 4291 δέ
3688 4258 3777 4299 τις

2117 4318 2222 4372 ἀπὸ
2276 4317 2495 4372 οἰκείων
2555 4315 2735 4374 πόνων
2797 4319 2965 4391 αὐτὴν
3043 4326 3354 4390 κεκτῆσθαι,
3408 4328 3616 4381 νοθευει
3670 4328 3771 4395 τὴν

2117 4408 2278 4482 χάριν
2311 4410 2407 4461 τοῦ
2439 4411 2594 4463 Θεοῦ.
2624 4409 2693 4466 Ἥ
2723 4408 2884 4463 τοῦτό
2946 4431 3098 4487 φησι.
3150 4412 3246 4466 Διὰ
3296 4417 3458 4469 τοῦτο
3506 4420 3623 4476 τοῖς
3674 4415 3770 4486 μὶν

2117 4493 2526 4568 ἀπολλυμένοις
2556 4496 2701 4568 ὀσμή
2735 4494 2848 4552 ἐστι
2876 4499 3130 4570 θανάτου,
3156 4507 3273 4567 τοῖς
3325 4499 3382 4557 δὲ
3434 4505 3772 4578 σωζομένοις

362 4589 582 4646 donum
613 4592 862 4659 dederit,
889 4592 1035 4647 dicit
1065 4597 1261 4647 autem
1287 4592 1582 4663 quispiam
1605 4592 1763 4662 quod
1786 4592 1909 4646 suis
1947 4592 2007 4646 id

2120 4585 2260 4659 ὀσμὴ
2295 4590 2463 4656 ζωῆς,
2498 4584 2685 4655 ἐπειδὴ
2728 4587 2790 4642 οὖ
2848 4591 3233 4662 καπηλεύομεν
3289 4594 3380 4647 τὸν
3442 4594 3631 4670 λόγου,
3694 4595 3770 4658 ὡς

359 4677 665 4735 laboribus
717 4687 927 4737 nactus
970 4682 1066 4745 sit,
1106 4681 1357 4753 gratiam
1406 4682 1506 4736 Dei
1549 4681 1689 4735 facit
1728 4680 2010 4737 alienam.

356 4771 473 4823 Aut
504 4768 614 4822 hoc
638 4769 816 4824 dicit:
848 4772 1167 4842 Propterea
1187 4771 1280 4825 his
1302 4772 1404 4842 qui
1428 4777 1680 4843 pereunt
1700 4770 1845 4825 odor
1867 4788 2017 4826 mor-

356 4856 435 4912 tis
464 4862 573 4921 est,
624 4859 775 4913 6l5
812 4858 903 4912 his
933 4865 1130 4913 autem
1178 4860 1280 4931 qui
1334 4860 1479 4915 salvi
1504 4858 1653 4913 fiunt
1685 4859 1834 4913 odor
1859 4860 2011 4927 vitai,

358 4946 645 5017 quoniam
676 4963 795 5001 non
828 4963 1235 5018 cauponamur
1255 4949 1521 5013 verbum,
1554 4949 1736 5003 veluti
1769 4948 2011 5019 quidam

360 5036 463 5108 qui
517 5035 667 5091 illud
734 5043 1104 5092 commutant
1160 5038 1488 5093 secundum
1555 5038 1899 5093 occasiones
1956 5043 2013 5093 et

358 5142 644 5199 personas
673 5126 860 5197 turpis
900 5123 1048 5180 lucri
1080 5125 1302 5196 gratia:
1359 5125 1463 5180 sed
1509 5127 1815 5180 veritatem
1862 5142 2009 5196 pras-

358 5216 731 5283 dicamus,ut
760 5216 934 5287 etqui
969 5215 1129 5287 digni
1164 5220 1303 5270 sunt
1323 5215 1467 5271 salvi
1500 5215 1666 5284 flant,
1693 5222 1748 5271 et
1781 5216 2011 5286 indigni

356 5306 430 5361 ob
450 5324 615 5363 suam
633 5305 1110 5361 incredulitatem
1134 5306 1639 5377 pereant.Etenim
1666 5321 1735 5359 ex
1760 5305 2009 5361 sinceri-

356 5400 475 5450 tate
522 5396 828 5468 loquimur
859 5413 990 5467 quai
1036 5394 1292 5450 vidimus
1342 5400 1400 5449 et
1451 5411 1581 5465 quas
1614 5394 1948 5450 audivimus
1981 5411 2014 5450 a

356 5482 606 5561 Christo.
650 5507 677 5534 «
725 5485 838 5541 Sed
889 5484 1050 5539 velut
1081 5501 1154 5539 ex
1184 5485 1322 5540 Deo.
1362 5505 1383 5534 ι
1421 5483 1533 5539 Sed
1564 5483 1724 5539 velut
1752 5483 1814 5537 hi
1847 5484 1947 5555 qui
1978 5500 2014 5538 a

2116 4675 2209 4729 καί
2236 4695 2376 4737 τινες
2418 4669 2970 4747 συμμεταϐάλλοντες
3031 4679 3190 4735 αὐτὸν
3248 4687 3365 4743 τοῖς
3418 4669 3631 4756 καιροῖς
3680 4684 3771 4738 καὶ

2114 4771 2233 4826 τοῖς
2263 4764 2599 4836 προσώποις,
2631 4763 2866 4843 αῗσχροῦ
2923 4764 3148 4843 κέρδους
3208 4771 3395 4844 χάριν,
3466 4769 3612 4826 ἀλλὰ
3667 4773 3771 4841 τήν

2119 4851 2378 4923 ἆλήθείαν
2405 4850 2770 4925 κηρύσσομεν,
2802 4852 2896 4909 *ίνα
2944 4856 3033 4910 καὶ
3092 4857 3143 4911 οἱ
3196 4859 3335 4927 αξιοι
3387 4865 3629 4926 σωθῶσι,
3680 4861 3773 4917 καὶ

2120 4942 2171 4995 οἱ
2203 4941 2407 5012 ἀνάξιοι
2431 4945 2501 5015 τῇ
2534 4940 2709 5013 οἰκείᾳ
2766 4942 2988 5016 ἀπιστίᾳ
3046 4946 3396 5005 ἆπώλωνται.
3450 4950 3557 5006 Καὶ
3586 4951 3686 5027 γὰρ
3722 4950 3771 5022 ἐξ

2121 5029 2468 5103 είλικρινείας
2502 5028 2781 5104 λαλοῦμεν
2823 5033 2857 5086 ἅ
2888 5030 3072 5107 ἴδομεν
3101 5034 3191 5090 καὶ
3222 5036 3254 5091 ἆ
3284 5037 3597 5110 ἠκούσαμεν
3626 5040 3774 5113 παρὰ

2118 5124 2214 5175 τοῦ
2238 5120 2492 5191 Χριστοῦ.
2532 5143 2558 5173 ιι
2589 5119 2747 5176 Ἀλλ’
2787 5120 2860 5183 ὡς
2902 5121 2961 5176 ἐκ
2991 5127 3147 5180 Θεοῦ.
3184 5147 3207 5177 ι
3245 5122 3406 5182 Ἀλλ’
3437 5125 3510 5188 ὠς
3541 5127 3599 5182 ὲκ
3637 5131 3771 5183 Θεοῦ

2121 5205 2381 5272 λαϐόντες
2415 5210 2504 5264 καὶ
2542 5208 2817 5281 μαθόντες,
2846 5211 2939 5266 καὶ
2970 5212 3044 5277 ὡς
3074 5214 3304 5269 ἐνώπιον
3349 5220 3447 5271 τοῦ
3494 5221 3627 5272 Θεοῦ
3670 5216 3769 5273 λαο

2121 5299 2361 5366 λοῦντες,
2394 5297 2483 5353 καὶ
2524 5299 2600 5360 ὠς
2654 5297 2709 5355 ἐν
2768 5300 3003 5375 Χριστῷ,
3063 5302 3328 5376 τουτέστι,
3389 5303 3478 5361 διὰ
3534 5308 3768 5381 Χριστοῦ

2116 5387 2527 5463 κατηχούμενοι
2586 5386 2675 5441 καὶ
2735 5385 3135 5465 διδασκόμενοι,
3198 5391 3500 5467 λαλοῦμεν,
3576 5390 3765 5465 Βαϐαῖ,

2117 5479 2293 5547 πόσην
2324 5476 2582 5546 ἀλήθειαν
2611 5475 2692 5549 τῷ
2721 5478 3030 5553 κηρύγματι
3062 5479 3432 5556 ἐμαρτύρησεν
3465 5484 3478 5538 Ῑ

353 5571 473 5626 Deo
494 5578 852 5643 acceperunt
880 5577 938 5628 et
967 5573 1323 5638 didicerunt,
1356 5579 1416 5629 et
1446 5573 1546 5643 qui
1583 5573 1644 5627 in
1675 5577 1997 5643 conspectu
2020 5569 2124 5627 Dei
2146 5570 2473 5642 loquuntur
2499 5584 2512 5621 :
2540 5572 2600 5623 et
2627 5572 2917 5641 tanquam
2955 5588 3061 5643 per
3107 5570 3425 5643 Christum,
3472 5573 3533 5628 id
3581 5579 3687 5643 est,
3727 5588 3763 5628 ι

357 5660 588 5718 Christo
622 5662 894 5716 instructi
917 5669 974 5718 et
1003 5663 1195 5718 edocti
1230 5664 1549 5735 loquimur.
1585 5664 1779 5733 Papaa,
1815 5668 2101 5732 quantam
2125 5660 2433 5716 veritatem
2469 5658 2880 5730 prmdicationi
2909 5662 3201 5719 asseruit!
