4068 6254
265 340 389 404 945

344 474 401 528 ’Δ
413 468 661 546 ρχόμεθα
744 470 913 527 πάλιν
997 472 1222 537 ἑαυτοὺς

269 560 559 636 χρῄζομεν
623 561 694 623 ὥς
752 582 915 626 τινες,
998 569 1331 619 συστατικῶν
1412 563 1716 620 ἐπιστολῶν
1796 566 1931 635 πρὸς

276 649 423 721 ὑμᾶς
467 649 501 717 ἢ
560 649 609 720 ἐξ
670 651 826 721 ὑμῶν
889 656 1242 707 συστατικῶν.
1303 653 1365 710 Ἣ
1423 652 1686 723 ἐπιστολή
1746 656 1929 726 ἡμῶν,

274 739 434 811 ὑμεῖς
496 738 612 793 ἐστε
668 737 1089 815 ἐγγεγραμμένη
1152 742 1203 795 ἐν
1257 747 1378 803 ταῖς
1442 742 1687 815 καρδίαις
1746 746 1931 816 ἡμῶν,

271 829 653 902 γινωσκομένη
746 830 835 882 καὶ
934 830 1407 904 ἀναγινωσκομένη
1507 833 1608 886 ὑπὸ

273 918 598 991 ἀνθρώπων,
712 920 945 995 ῳανερού
955 940 1106 990 μενοι
1246 920 1329 975 ὅτι
1433 920 1548 977 ἐστὲ
1667 920 1930 988 ἐπιστολὴ

272 1007 536 1077 Χριστοῦ,
611 1003 995 1076 διακονηθεῖσα
1082 1010 1165 1084 ὑφ’
1252 1012 1432 1079 ἡμῶν,
1510 1008 1929 1087 ἐγγεγραμμένη

271 1094 344 1147 οὗ
417 1093 635 1167 μέλανι,
724 1092 871 1150 ἀλλὰ
952 1097 1221 1169 πνεύματι
1308 1104 1441 1154 Θεοῦ
1525 1105 1749 1170 ζῶντος,
1837 1098 1934 1155 οὐκ

266 1181 322 1238 ἐν
377 1181 539 1252 πλαξὶ
594 1181 855 1252 λιθίναις,
927 1184 1056 1241 ἀλλ’
1112 1186 1165 1241 ἐν
1226 1188 1389 1258 πλαξὶ
1473 1188 1721 1263 καρδίαις
1798 1208 1931 1264 σαρ-

268 1272 471 1334 κίναις.

1323 477 1647 532 συνιστάνειν

1717 834 1931 886 πάντων

346 1405 372 1429 «
409 1379 727 1453 Ἀρχόμεθα
784 1377 949 1435 πάλιν
1011 1382 1234 1447 ἑαυτοὺς
1303 1386 1647 1443 συνιστάνειν.
1685 1410 1713 1437 ι)
1770 1387 1933 1448 ’Ἰσως

262 1465 382 1541 ἐρεῖ
408 1489 512 1528 τις.
545 1468 725 1543 φησῗν,
762 1469 845 1523 ’ὁτι
902 1475 1069 1524 ταῦτα
1124 1468 1539 1551 διεξερχόμεθα,
1592 1475 1928 1549 βουλόμενοι

271 1557 404 1629 ὑμῖν
448 1557 678 1618 ἐαυτοὺς
736 1564 980 1629 συνιστᾷν
1040 1561 1129 1615 καὶ
1184 1564 1590 1636 παρατίθεσθαι.
1655 1589 1683 1616 ‹‹
1736 1567 1803 1624 Ἥ
1848 1570 1925 1639 μὴ

274 1644 565 1719 χρῄζομεν
595 1647 666 1707 ὥς
698 1667 905 1707 τινες...
940 1672 966 1698 ››
1002 1650 1126 1705 Κατ’
1158 1649 1422 1723 ἐρώτησιν
1469 1652 1757 1727 ἀνάγνωθι.
1791 1659 1931 1731 Ἀρα

280 1736 361 1804 μή
400 1734 683 1812 χρῄζομεν
784 1735 873 1815 ἀφ’
905 1736 1054 1809 ὑμῶν
1088 1740 1224 1811 πρὸς
1257 1739 1494 1812 ἑτέρους,
1528 1739 1565 1810 ἤ
1598 1744 1686 1819 ἀφ’
1734 1744 1926 1818 ἑτέρων

1232 343 1640 405 COMMENT.
1688 345 1762 403 IN
1808 344 2053 406 EPIST.
2104 347 2158 406 Il
2206 348 2305 406 AD
2352 347 2716 411 CORINTH.

1725 472 1763 545 ἥ
1849 478 2009 549 MA

3571 353 3690 412 946

2122 481 2217 547 Ill,
2245 481 2362 537 1-3.
2396 484 2698 554 Incipimus
2726 499 2945 539 rursum
2974 498 3070 539 nos
3090 486 3236 554 ipsos
3266 486 3643 541 commendare
3664 491 3693 542 ?

2041 572 2181 624 Num
2197 588 2415 640 egemus
2438 581 2498 626 ut
2522 575 2778 628 nonnulli
2798 574 3256 629 commendati/iis
3276 574 3523 643 epistolis
3540 579 3691 646 apud

2037 674 2128 713 vos
2153 667 2249 714 aut
2280 677 2314 714 α
2342 663 2492 715 vobis
2532 664 3030 717 commen'latitiis?
3060 663 3305 732 Epistola
3354 671 3540 717 nostra
3597 682 3690 720 vos

2038 752 2160 804 estis
2191 752 2399 819 scripta
2428 753 2485 805 in
2529 752 2783 806 cordibus
2837 751 3055 811 nostris,
3090 768 3210 821 qum
3241 752 3580 820 intelligitur
3638 756 3689 808 et

2040 838 2247 907 legitur
2276 840 2343 893 ab
2377 842 2623 896 omnibus
2673 843 3003 907 hominibus,
3037 843 3165 895 dum
3213 842 3507 895 declaratis
3537 845 3688 911 quod

2039 926 2163 981 estis
2205 927 2441 997 epistola
2492 930 2715 997 Christi,
2746 930 3169 984 subministrata
3220 946 3249 980 η
3281 931 3457 995 nobis,
3490 933 3691 984 inscri-

2032 1021 2136 1084 pta
2164 1032 2274 1070 non
2326 1023 2659 1085 atramento,
2687 1019 2779 1072 sed
2815 1020 3017 1080 spiritu
3050 1020 3147 1071 Dei
3187 1019 3459 1072 viventis:
3492 1035 3604 1074 non
3630 1022 3689 1073 in

2040 1102 2244 1158 tabulis
2271 1104 2524 1172 lapideis,
2552 1105 2645 1159 sed
2673 1107 2732 1159 in
2764 1106 2963 1160 tabulis
2993 1106 3175 1160 cordis
3197 1108 3432 1159 carneis.

2106 1411 2135 1441 ‹‹
2169 1389 2491 1460 Incipimus
2520 1402 2778 1442 rursum.
2818 1406 2845 1435 »
2880 1384 3328 1441 Dicetfortassis
3362 1384 3687 1455 quispiam,

2038 1480 2251 1550 inquit,
2287 1476 2443 1548 quod
2477 1477 2599 1531 haec
2645 1476 3008 1530 disseramus
3065 1475 3330 1528 volentes
3361 1490 3469 1528 nos
3528 1474 3688 1544 ipsos

2036 1569 2199 1624 vobis
2240 1566 2657 1622 commendare
2694 1571 2751 1617 et
2784 1566 2841 1617 in
2875 1564 3141 1619 medium
3174 1564 3387 1618 aﬂ‘erre
3422 1581 3433 1617 :
3469 1586 3495 1610 «
3532 1564 3685 1618 Num

2038 1674 2277 1730 egemus
2310 1663 2375 1710 ut
2406 1654 2677 1709 nonnulli
2712 1695 2750 1707 ..
2791 1678 2809 1700 ι
2847 1653 3266 1719 lnterrogative
3298 1652 3421 1706 haec
3472 1652 3687 1724 legito:

2037 1749 2239 1803 Utrum
2284 1745 2455 1799 nobis
2487 1761 2634 1814 opus
2669 1748 2756 1796 est
2788 1749 2888 1796 aut
2917 1760 2947 1796 a
2979 1742 3143 1796 vobis
3175 1742 3245 1795 ad
3279 1741 3427 1795 alios
3459 1748 3561 1795 aut
3614 1740 3686 1794 ab

271 1824 413 1895 πρὸς
471 1826 608 1894 ὑμᾶς
667 1830 1021 1894 συστατικῶν,
1082 1830 1327 1883 τουτέστι
1380 1832 1751 1905 παραθετικῶν
1813 1833 1926 1888 ἐπι-

2046 1836 2168 1891 aliis
2196 1835 2267 1889 ad
2292 1851 2391 1887 vos
2422 1831 2921 1887 rommendatitiis
2949 1830 3239 1901 epistolis,
3274 1831 3395 1884 sive
3419 1847 3548 1900 qua:
3582 1845 3689 1883 nos

276 1911 493 1966 στολῶν
523 1931 536 1980 ;
572 1913 667 1967 Διὰ
696 1915 893 1968 τούτου
926 1912 1003 1983 δὲ,
1062 1917 1190 1978 τοὺς
1243 1915 1723 1989 ψευδαποστόλους
1763 1921 1929 1975 αἰνίτ-

266 2022 438 2060 τεται,
470 2026 497 2053 ι(
542 2004 605 2059 Ἡ
629 2002 890 2074 ἐπιστολή
936 2007 1096 2076 ἡμῶν
1152 2007 1289 2079 ὑμᾶς
1348 2006 1550 2066 ἐστε.»
1612 2011 1757 2065 Ἀντὶ
1808 2010 1928 2066 ἐπι-

272 2091 495 2159 στολῆς,
554 2092 709 2167 φησὶ,
771 2091 1065 2165 δυναμένης
1124 2098 1271 2167 ἡμᾶς
1351 2099 1705 2173 παραθέσθαι,
1787 2100 1927 2173 ὑμᾶς

273 2174 501 2254 ἔχομεν,
532 2182 621 2233 καὶ
651 2182 750 2249 τὴν
795 2182 947 2252 ὑμῶν
1002 2184 1140 2238 κατὰ
1197 2185 1323 2239 Θεὸν
1378 2184 1749 2260 εὐδοκίμησιν.
1811 2194 1931 2244 Δεῖ-

270 2290 391 2343 γμα
420 2270 525 2342 γὰρ
565 2270 759 2341 ἀρετῆς
822 2268 1174 2343 διδασκαλου,
1225 2276 1258 2343 ἡ
1308 2280 1415 2328 τῶν
1467 2279 1721 2348 μαθητῶν
1773 2277 1927 2333 εὐδο-

270 2358 525 2429 κίμησις.
557 2360 623 2415 Οἱ
652 2359 743 2412 οὗν
777 2360 911 2434 πρὸς
956 2359 1160 2423 ἃλλους
1210 2364 1349 2435 ὑμᾶς
1385 2360 1602 2439 ἔχοντες
1640 2367 1716 2430 εἰς
1759 2365 1925 2443 λόγον

273 2448 603 2507 συστάσεως.
639 2448 735 2502 οὐκ
770 2450 827 2502 ἂν
863 2450 995 2524 πρὸς
1056 2452 1193 2524 ὑμᾶς
1252 2454 1553 2515 συστάσεως
1602 2452 1925 2528 ἐδεήθημεν.

280 2560 308 2588 ι(
343 2535 789 2610 Έγγεγραμμένη
834 2538 884 2592 ἐν
940 2544 1058 2600 ταῖς
1114 2537 1359 2614 καρδίαις
1414 2545 1597 2614 ἡμῶν.
1632 2567 1660 2594 ››
1713 2544 1803 2598 Ἐν
1850 2549 1930 2617 νῷ

269 2625 381 2708 γὰρ
413 2626 551 2708 ὑμᾷς
588 2621 823 2699 ἔχοντες,
860 2628 1045 2703 φησὶν,
1104 2628 1177 2689 ὡς
1236 2629 1323 2683 καὶ
1384 2630 1744 2708 ἐγγεγράφθαι
1794 2635 1930 2705 ἡμῖν

281 2707 462 2762 δοκεῖν
509 2707 593 2764 διὰ
650 2712 712 2766 τὸ
766 2712 1163 2781 ἁνεξαλειπτον,
1227 2722 1507 2793 πανταχοῦ
1565 2707 1930 2794 περιφέρομεν

290 2798 455 2868 ὑμᾶς,
488 2799 571 2852 καὶ
602 2800 658 2853 ἐκ
695 2808 794 2868 τῆς
855 2803 1005 2872 ὑμῶν
1053 2804 1249 2875 ἀρετῆς
1299 2804 1502 2880 ἔχομεν
1552 2810 1677 2877 παρ’
1726 2808 1930 2883 ἑτέροις

288 2885 560 2945 σύστασιν.
592 2890 761 2963 Ὅπερ
805 2891 934 2967 φησὶ
996 2893 1085 2945 καὶ
1137 2892 1189 2946 ἐν
1231 2898 1298 2965 τῇ
1357 2900 1549 2970 πρώτῃ
1606 2898 1931 2970 Ἐπιστολῇ.

283 2998 312 3024 ‹‹
346 2976 407 3029 Ἥ
440 2977 543 3050 γὰρ
601 2978 830 3055 σφραγὶς
876 2986 976 3047 τῆς
1035 2982 1175 3054 ἐμῆς
1232 2982 1543 3053 ἀποστολῆς
1602 2986 1755 3058 ὑμεῖς
1815 2985 1933 3041 ἐστε

277 3064 331 3117 ἐν
388 3065 596 3139 Κυρίῳ.
635 3091 656 3119 ι
729 3100 798 3109 -—-
860 3091 887 3118 ‹‹
955 3070 1333 3142 Γινωσκομένη
1403 3074 1493 3127 καὶ
1562 3075 1933 3149 ἀναγινωσκο-

280 3154 442 3228 μένη.
472 3178 501 3207 ›)
534 3158 651 3226 Τῷ,
682 3159 993 3232 πανταχόσε
1055 3160 1194 3233 ὑμᾶς
1243 3162 1547 3239 περιφέρειν
1596 3168 1664 3238 τῇ
1718 3167 1929 3238 μνήμῃ.

270 3244 371 3297 Διὰ
431 3243 523 3297 οὖν
584 3252 683 3311 τῆς
744 3247 1098 3321 ἀναγνώσεως
1180 3251 1524 3323 γινὼσκεσθε.
1603 3254 1928 3325 Ἀνάγνωσιν

276 3328 335 3386 δὲ
365 3332 543 3401 καλεῖ,
578 3335 676 3402 τήν
710 3335 877 3388 αὐτοῦ
906 3337 1030 3404 περὶ
1062 3336 1235 3391 αὐτῶν
1268 3338 1492 3411 ὁμιλίαν
1529 3341 1619 3395 καὶ
1683 3345 1786 3412 μνή
1801 3364 1929 3415 μην.

275 3444 304 3472 ‹‹
336 3422 462 3476 Ὀτι
503 3420 619 3475 ἐστέ
647 3420 910 3492 ἐπιστολή
970 3426 1226 3500 Χριστοῦ.
1262 3450 1291 3479 ››
1356 3432 1515 3497 ΙΙῶς;
1567 3434 1655 3502 Τῷ
1699 3432 1789 3485 τὸν
1840 3430 1930 3485 νό-

279 3530 383 3581 μον
419 3509 583 3563 αὐτοῦ
614 3510 702 3564 καὶ
760 3512 855 3573 τὰς
912 3511 1137 3577 ἐντολὰς
1192 3519 1321 3588 παρ’
1381 3518 1529 3588 ὑμῖν,
1590 3518 1931 3594 γραμμᾱίτων

276 3596 465 3667 δίκην,
514 3598 688 3670 μένειν
744 3600 833 3654 καέ
884 3601 1269 3678 φυλάττεσθαι.
1337 3614 1790 3677 ((Διακονηθεῖσα
1844 3604 1930 3687 ὑφ’

272 3687 462 3773 ἡμῶν.
498 3712 525 3737 ››
560 3688 625 3743 O't
659 3685 715 3742 δὲ
746 3696 846 3757 τῆς
878 3692 1133 3763 γνώσεως
1163 3695 1252 3746 καὶ
1285 3698 1381 3749 τοῦ
1412 3697 1771 3773 κηρύγματος
1800 3685 1931 3752 τού-

271 3794 375 3827 του
408 3770 678 3862 διάκονοι,
712 3778 877 3848 ἡμεῖς
911 3778 986 3841 εἰς
1035 3780 1173 3852 ὑμᾶς
1234 3782 1544 3857 ἐγενόμεθα.
1574 3770 1581 3773 ⁷
1608 3787 1705 3840 Καὶ
1749 3785 1930 3862 ὥσπερ

284 3864 533 3930 Μωυσῆς
566 3861 809 3927 διάκονος
840 3871 937 3921 τοῦ
970 3869 1140 3942 νόμου
1171 3872 1408 3945 γέγονεν,
1464 3872 1608 3929 οὕτω
1647 3876 1737 3930 καὶ
1768 3861 1931 3948 ἡμεῖς

280 3955 385 4005 τοῦ
437 3953 810 4026 κηρύγματος·
865 3956 958 4009 καὶ
1017 3958 1197 4033 ὥσπερ
1256 3959 1458 4024 ἐκεῖνος
1547 3963 1642 4025 τὰς
1718 3963 1930 4026 πλάκας

279 4039 591 4109 ἐλάξευσεν,
624 4043 799 4104 οὕτως
830 4045 994 4117 ἡμεῖς
1027 4046 1116 4107 τὰς
1163 4048 1313 4119 ὑμῶν
1370 4047 1616 4126 καρδίας
1679 4050 1808 4107 Εῗτα
1872 4052 1932 4107 ἐκ

278 4129 505 4197 τούτου,
536 4129 611 4191 εἰς
647 4129 925 4205 σύγκρισιν
957 4131 1098 4201 ἦλθε
1126 4140 1221 4189 τοῦ
1251 4138 1489 4192 παλαιοῦ
1513 4139 1683 4212 νόμου
1713 4141 1801 4194 καὶ
1831 4149 1930 4210 τῆς

278 4214 427 4285 νέας,
462 4218 551 4272 καί
581 4240 767 4294 φησιν’
802 4223 1037 4284 Ἐκεῖνος
1069 4225 1164 4297 μέν
1214 4224 1425 4297 μέλανι,
1480 4230 1615 4296 αὕτη
1669 4225 1725 4284 δὲ
1771 4232 1934 4284 πνεύ-

282 4330 415 4382 ματι
472 4308 850 4386 ἐγγέγραπται’
922 4314 1121 4377 ἐκεῖνος
1197 4316 1248 4371 ἐν
1310 4316 1510 4382 λίθοις,
1569 4320 1704 4391 αὕτη
1767 4318 1823 4375 δὲ
1878 4322 1929 4377 ἐν

279 4399 554 4471 σαρκίναις
586 4399 806 4468 πλαξὶν,
840 4404 954 4456 οἷον
989 4403 1040 4457 ἐν
1066 4402 1335 4479 καρδίαις.
1368 4409 1518 4481 ’Όσῳ
1550 4406 1606 4463 δὲ
1651 4411 1712 4465 τὸ
1761 4415 1930 4464 πνεῦ-

279 4509 357 4561 μα
385 4494 482 4543 τοῦ
519 4489 776 4561 μέλανος,
808 4493 898 4546 καὶ
957 4490 1125 4556 λίθων
1173 4497 1208 4564 ἡ
1254 4494 1448 4571 καρδία
1504 4495 1764 4575 διαφέρει,
1809 4520 1932 4554 τοσο

2042 1928 2376 1997 proponant
2398 1928 2455 1975 et
2484 1920 2848 1975 exhibeant?
2872 1922 2982 1973 Per
3001 1920 3111 1974 hoc
3144 1925 3339 1973 autem
3368 1920 3693 1989 pseudapo-

2046 2015 2227 2069 stolos
2250 2012 2537 2084 designat.
2575 2031 2601 2059 «
2635 2009 2895 2080 Epistola
2925 2015 3126 2063 nostra
3156 2026 3255 2062 vos
3274 2009 3435 2062 estis.
3469 2031 3494 2052 η
3520 2008 3689 2077 Loco,

2043 2103 2259 2174 inquit,
2293 2100 2555 2171 epistolae
2587 2115 2717 2169 qua?
2750 2115 2858 2151 nos
2891 2097 3077 2168 possit
3109 2097 3166 2149 in
3191 2096 3451 2150 medium
3476 2112 3692 2166 propo-

2045 2208 2206 2252 nere,
2240 2190 2527 2244 habemus
2558 2205 2661 2242 vos
2694 2204 2760 2241 ac
2818 2192 3071 2241 vestram
3128 2185 3454 2240 secundum
3508 2185 3693 2238 Deum

2044 2281 2398 2352 probitatem
2436 2296 2446 2331 :
2482 2294 2614 2331 cum
2646 2284 2785 2330 nota
2814 2276 3045 2329 virtutis
3088 2274 3352 2345 magistri
3389 2274 3464 2328 sit
3493 2272 3693 2344 probi-

2044 2378 2133 2426 tas
2166 2366 2730 2438 discipulorum.Qui
2756 2367 2955 2435 itaque
2989 2364 3314 2419 habeamus
3347 2381 3446 2417 vos
3469 2364 3527 2416 in
3562 2379 3689 2417 mo-

2044 2460 2183 2515 dum
2199 2455 2732 2512 commendationis
2746 2470 2881 2524 erga
2895 2453 3448 2522 alios,nequaquam
3464 2468 3604 2521 egen
3621 2469 3691 2507 us

2045 2545 2558 2603 commendatione
2594 2544 2666 2598 ad
2698 2559 2815 2597 vos.
2855 2564 2880 2589 ‹‹
2918 2542 3144 2611 Scripta
3174 2542 3234 2594 in
3270 2540 3549 2595 cordibus
3583 2556 3686 2594 no-

2046 2638 2203 2691 stris.
2241 2657 2268 2685 »
2302 2637 2363 2689 In
2394 2639 2589 2687 mente
2620 2632 2831 2701 inquit.
2875 2647 2974 2683 vos
3003 2629 3308 2695 habentes,
3338 2629 3421 2682 ita
3452 2634 3517 2681 ut
3546 2645 3685 2698 pro-

2045 2732 2176 2798 pter
2203 2723 2635 2778 indebilitatem
2669 2719 2936 2789 inscripti
2980 2733 3109 2771 esse
3142 2715 3460 2770 videamini
3495 2717 3551 2768 in
3585 2731 3689 2769 no-

2044 2814 2158 2874 bis.
2191 2812 2410 2881 ubique
2442 2827 2541 2864 vos
2572 2807 3134 2869 circumferimus,et
3163 2821 3227 2858 ex
3263 2812 3453 2858 vestra
3483 2804 3693 2857 virtute

2046 2902 2332 2958 habemus
2374 2899 2526 2970 apud
2578 2897 2726 2952 alios
2786 2894 3406 2950 commendationem:
3444 2892 3600 2962 quod
3632 2892 3691 2946 in

2046 2994 2240 3065 priore
2272 2990 2533 3061 Epistola
2563 2989 2679 3043 ait:
2708 3009 2735 3036 «
2761 2986 3030 3058 Sigillum
3054 2984 3418 3055 apostolatus
3453 2983 3568 3037 mei
3594 2999 3694 3035 vos

2048 3083 2189 3137 estis
2220 3082 2281 3135 in
2315 3079 2564 3134 Domino
2588 3077 2655 3131 2’.
2694 3098 2721 3125 »
2753 3108 2820 3114 —-
2856 3096 2876 3122 α
2904 3077 3039 3139 Quae
3074 3072 3427 3143 intelligitur
3457 3077 3513 3125 et
3552 3071 3690 3142 legi-

2049 3177 2163 3227 tur.
2201 3193 2227 3218 »
2259 3172 2339 3223 Ex
2371 3185 2438 3223 eo
2471 3167 2627 3237 quod
2652 3182 2752 3220 vos
2782 3163 3001 3233 ubique
3035 3164 3092 3215 in
3117 3162 3405 3216 memoria
3436 3161 3692 3215 circum-

2044 3262 2322 3315 feramus.
2356 3259 2559 3326 Itaque
2593 3271 2697 3325 per
2718 3254 3035 3307 lectionem
3057 3248 3687 3321 6|6cognoscimini:

2035 3351 2355 3404 lectionem
2369 3352 2566 3401 autem
2590 3349 2753 3398 vocat
2776 3359 2942 3397 suam
2964 3341 3035 3395 de
3068 3341 3209 3411 ipsis
3228 3339 3684 3393 collocutionem

2035 3456 2102 3495 ac
2126 3437 2639 3492 memorationem.
2678 3456 2697 3479 ιι
2736 3431 2900 3496 Quod
2934 3430 3075 3484 estis
3102 3428 3351 3500 epistola
3381 3427 3617 3480 Christi.
3655 3447 3683 3475 »

2037 3526 2339 3592 Quomodo
2361 3524 2387 3577 ?
2409 3523 2556 3588 Quia
2587 3522 2679 3576 lex
2730 3537 2797 3575 ac
2844 3524 3139 3591 praecepta
3166 3518 3313 3587 ejus.
3348 3516 3679 3570 litterarum

2036 3615 2165 3669 loco
2193 3618 2436 3668 manent
2465 3628 2531 3666 ac
2555 3616 2862 3665 servantur
2889 3607 3047 3679 apud
3065 3624 3164 3661 vos
3194 3605 3686 3659 «Subministrata

2037 3722 2070 3759 a
2100 3705 2292 3759 nobis.
2322 3704 2467 3757 »Nos
2486 3706 2681 3756 autem
2706 3701 2885 3770 hujus
2910 3698 3135 3752 notitiae
3160 3713 3225 3750 ac
3247 3694 3683 3767 praedicationis

2036 3794 2295 3847 ministri
2321 3806 2456 3862 erga
2485 3807 2586 3843 vos
2616 3790 2856 3850 fuimus;
2884 3792 2942 3840 et
2972 3784 3471 3856 quemadmodum
3497 3785 3683 3837 Moses

2039 3883 2183 3953 legis
2214 3881 2324 3934 fuit
2354 3876 2739 3940 minister,ita
2771 3879 2828 3928 et
2857 3890 2965 3927 nos
2984 3872 3508 3944 praedicationis,et
3532 3870 3688 3923 sicut

2039 3972 2140 4026 ille
2166 3970 2396 4025 tabulas
2427 3966 2657 4028 incidit,
2678 3966 2759 4019 ita
2781 3980 2889 4018 nos
2920 3962 3098 4017 corda
3126 3967 3335 4015 vestra.
3362 3959 3585 4014 Deinde
3618 3975 3684 4014 ex

2042 4061 2153 4114 hoc
2182 4057 2255 4113 ad
2279 4055 2657 4111 collationem
2689 4052 2847 4106 venit
2875 4050 3090 4105 veteris
3138 4049 3283 4121 legis
3314 4065 3381 4103 ac
3416 4048 3549 4101 novi
3580 4049 3687 4101 Te-

2042 4145 2405 4209 stamenti,et
2434 4142 2518 4197 ait
2540 4141 2673 4195 :llla
2694 4139 2931 4210 quidem
2961 4143 3312 4201 atramento,
3347 4138 3457 4191 hoc
3487 4143 3686 4192 autem

2038 4236 2252 4306 spiritu
2273 4232 2625 4302 inscriptum
2648 4236 2762 4285 est:
2797 4228 2902 4283 illa
2930 4228 2991 4281 in
3015 4226 3450 4297 lapidibushoc
3477 4226 3538 4279 in
3558 4241 3685 4280 car-

2038 4324 2167 4380 neis
2200 4320 2748 4379 tabulis.hocest.in
2776 4316 3050 4373 cordibus
3075 4321 3318 4386 :quanto
3350 4319 3546 4369 autem
3562 4313 3683 4382 spi-

2037 4414 2187 4467 ritus
2217 4409 2591 4482 praestantior
2629 4413 2718 4461 est
2746 4409 3099 4469 atramento,
3131 4407 3187 4455 et
3216 4418 3317 4457 cor
3348 4399 3640 4471 lapidibus
3666 4413 3681 4453 :

2041 4506 2202 4557 tanto
2260 4515 2473 4554 novum
2522 4499 2962 4551 Testamentum
3012 4491 3136 4563 lege
3172 4488 3551 4562 praestantius
3596 4493 3693 4542 est

274 4578 447 4649 ούτῳ,
499 4578 654 4654 φησί,
721 4579 811 4633 καὶ
870 4582 902 4649 ἡ
963 4582 1077 4650 νέα,
1133 4588 1229 4637 τοῦ
1286 4584 1460 4658 νόμου
1516 4587 1608 4641 καὶ
1663 4594 1765 4656 τῆς
1820 4609 1926 4643 πα-

2046 4590 2339 4661 veterique
2373 4588 2790 4642 instrumento.

269 4665 459 4726 λαιᾶς.

350 4781 682 4851 Πεποίθησιν
742 4782 799 4839 δὲ
877 4786 1132 4858 τοιαύτην
1189 4786 1422 4864 ⁴ἔχομεν
1483 4789 1571 4845 διὰ
1626 4797 1722 4847 τοῦ
1781 4796 1928 4868 Χρι-

273 4874 408 4923 στοῦ
466 4872 603 4944 πρὸς
659 4873 754 4927 τὸν
815 4873 967 4942 Θεὸν,
1030 4876 1138 4951 οὐχ
1194 4877 1276 4933 ὅτι
1364 4880 1536 4934 ἱκανοί
1616 4882 1774 4954 ἐσμεν
1841 4883 1929 4962 ἀφ’

266 4959 476 5013 ἑαυτῶν
529 4958 842 5035 λογίζεσθαί
900 4985 950 5018 τι
1000 4966 1074 5027 ὡς
1133 4965 1183 5038 ἐξ
1243 4968 1471 5035 ἑαυτῶν,
1528 4969 1655 5025 ἀλλ’
1714 4974 1747 5039 ἡ
1809 4958 1929 5027 ἰκα-

267 5048 446 5117 νότης
478 5050 637 5119 ἡμῶν
676 5049 735 5104 ἐκ
790 5056 885 5106 τοῦ
943 5058 1096 5109 Θεοῦ.
1156 5057 1254 5117 "Oc
1312 5058 1398 5111 καὶ
1467 5058 1719 5113 ἶκάνωσεν
1778 5062 1926 5134 ἡμᾶς

272 5134 559 5200 διακόνους
620 5147 807 5208 καινῆς
878 5138 1168 5212 διαθήκης,
1248 5145 1309 5198 ού
1391 5148 1737 5223 γράμματος,
1828 5150 1927 5205 ἀλ-

272 5223 352 5279 λὰ
389 5225 717 5298 πνεύματος·
775 5230 851 5285 Τὸ
909 5230 1013 5305 γὰρ
1072 5232 1305 5308 γράμμα
1364 5234 1691 5308 ἀποκτείνει,
1750 5239 1812 5292 τὸ
1872 5236 1928 5293 δὲ

261 5316 483 5382 πνεῦμα
517 5319 798 5382 ζωοποιεῖ.

335 5420 470 5475 Εἶτα
499 5417 687 5492 ἐπειδὴ
720 5424 782 5478 τὸ
815 5421 981 5494 δεῖξαι
1031 5430 1130 5497 τήν
1161 5429 1294 5484 Νέαν
1353 5432 1575 5503 μείζονα
1621 5438 1722 5489 τοῦ
1752 5435 1925 5507 νόμου

338 5633 384 5673 ﬂ
418 5635 593 5695 lCor.
627 5653 707 5710 xv,
740 5641 827 5696 ia.

2114 4794 2209 4861 Ill,
2243 4796 2273 4847 4
2313 4795 2363 4845 6.
2402 4792 2681 4846 Fiduciam
2713 4796 2892 4844 autem
2924 4784 3243 4857 hujusmodi
3272 4784 3527 4839 habemus
3578 4798 3684 4853 per

2039 4883 2313 4938 Christum
2343 4898 2475 4951 erga
2507 4882 2696 4946 Deum,
2742 4894 2851 4933 non
2886 4877 3035 4947 quod
3060 4874 3244 4930 idonei
3270 4875 3440 4927 simus
3470 4889 3538 4927 ea:
3582 4888 3681 4927 no-

2041 4971 2117 5026 bis
2154 4972 2287 5041 ipsis
2316 4968 2566 5037 cogitare
2596 4967 2897 5037 quidquam
2933 4972 3194 5034 tanquam
3228 4980 3295 5017 em
3322 4961 3477 5016 nobis
3500 4960 3633 5030 ipsis
3666 4977 3685 5011 :

2036 5060 2128 5114 sed
2150 5059 2200 5114 si
2224 5059 2297 5113 ad
2329 5058 2545 5128 aliquid
2598 5057 2781 5110 idonei
2832 5069 3033 5116 sumus,
3070 5053 3132 5105 id
3155 5068 3222 5104 ere
3248 5051 3345 5104 Deo
3379 5056 3475 5112 est,
3509 5049 3607 5117 qui
3634 5052 3686 5101 et

2036 5152 2255 5206 idoneos
2314 5152 2443 5219 feeit
2493 5164 2589 5204 nos
2647 5149 2926 5202 ministros
2980 5146 3113 5199 Novi
3177 5139 3525 5207 Testamenti,
3574 5154 3684 5193 non

2038 5240 2255 5308 littera,
2313 5241 2407 5295 sed
2473 5237 2720 5307 spiritus.
2785 5238 2920 5289 Nam
2984 5235 3169 5287 littera
3206 5229 3425 5297 occidit,
3456 5228 3685 5298 spiritus

2035 5336 2215 5385 autem
2244 5330 2502 5397 viviﬁeat.

2107 5435 2328 5491 Deinde
2351 5439 2665 5507 postquam
2698 5430 2958 5488 ostendit
2984 5430 3208 5484 Novum
3239 5426 3682 5481 Testamentum
