4068 6254
435 294 557 356 947

1532 290 1944 354 CECUMENII
1991 285 2297 347 TBICCE
2340 285 2715 350 EPISCOPI.

3732 286 3832 354 NB

438 434 636 505 majus
667 448 798 488 esse
826 431 955 507 lege
984 430 1288 504 veterique
1320 430 1717 487 instrumento
1753 445 1913 485 :una
1942 442 2093 499 quo-

2226 421 2293 477 ιαὶ
2324 429 2422 491 τῆς
2453 423 2711 492 παλαιᾶς,
2763 425 3168 493 συειυπηκοῦετο
3225 428 3359 482 κατᾶ
3413 426 3481 483 τὺ
3535 425 3839 503 ἀκόλουθον,

445 540 561 597 que
584 539 651 578 ex
670 522 1057 594 consequenti
1072 520 1628 594 subintelligebatur
1648 519 1947 591 apostolos
1967 534 2090 573 ma-

433 615 598 688 jores
621 628 752 668 esse
776 613 927 668 Mose
958 612 1176 666 veteris
1203 612 1581 666 instrumenti
1605 610 1915 675 ministro;
1939 606 2012 662 ob
2034 605 2095 661 id

445 704 604 760 enim
630 701 787 773 quod
811 718 904 756 res
926 707 1064 756 sunt
1110 701 1386 771 majores.
1412 706 1652 771 propter
1682 700 1791 753 hoc
1813 698 2007 768 ipsum
2037 702 2096 751 et

452 791 734 851 ministri.
768 789 879 846 Sed
909 796 1099 846 totum
1139 790 1256 844 Deo
1284 789 1554 845 attribuit
1584 795 1642 843 et
1687 788 1805 843 ait:
1832 809 1859 835 ‹‹
1919 785 2097 841 Fidu-

452 882 603 940 ciam
638 887 834 936 autem
857 879 1199 949 huiusmodi
1220 879 1565 935 habemus.»
1589 877 1963 949 Hyperbaton
1986 880 2093 930 est:

455 973 602 1039 Quia
622 970 915 1026 idoneitas
947 975 1151 1024 nostra
1180 984 1252 1023 ex
1276 969 1390 1023 Deo
1417 973 1525 1028 est.
1567 967 1781 1038 inquit,
1810 971 1868 1021 et
1887 970 2102 1020 cmtera

457 1077 589 1134 quae
611 1061 672 1114 in
695 1058 891 1115 medio
913 1057 1399 1130 ponuntur.bono
1422 1073 1628 1112 sumus
1650 1055 1851 1109 animo
1872 1070 1939 1109 ac
1970 1069 2104 1109 con-

456 1148 698 1208 ﬁdimus
711 1164 817 1219 per
836 1146 1131 1201 Christum
1148 1145 1434 1201 habentes
1454 1150 1521 1199 ut
1544 1143 1913 1200 conﬁdamus
1936 1140 2104 1211 :quia

452 1254 565 1299 nos
593 1236 832 1309 quidem
851 1252 971 1290 non
995 1250 1199 1290 sumus
1233 1233 1427 1289 idonei
1452 1233 1526 1289 ad
1549 1231 2009 1288 ministrandum
2042 1231 2103 1286 in

458 1332 627 1383 tanto
662 1324 1013 1390 ministerio,
1040 1323 1161 1377 imo
1192 1339 1269 1378 ne
1296 1322 1367 1377 ad
1386 1321 1839 1394 concipiendum
1863 1319 2103 1392 quidem

466 1418 667 1472 mente
723 1413 809 1468 rei
853 1411 1345 1485 magnitudinem,
1380 1418 1479 1467 aut
1528 1412 1590 1466 in
1622 1412 1751 1485 ipsa
1782 1408 2106 1482 quidquam

461 1503 705 1562 omnino
734 1502 1145 1577 cogitandum:
1189 1501 1293 1556 sed
1316 1502 1456 1572 quia
1488 1500 1869 1573 beneplacuit
1897 1499 2008 1571 ipsi
2043 1503 2110 1553 ut

462 1611 575 1651 nos
594 1591 792 1648 idonei
815 1608 1080 1647 essemus
1104 1597 1267 1647 tanto
1282 1591 1539 1663 negotio.
1573 1614 1597 1641 α
1619 1592 1744 1645 Non
1768 1589 1914 1644 litter
1930 1588 2111 1655 αλερά

463 1680 734 1754 Spiritus.
763 1702 791 1731 »
824 1681 938 1736 Lex
962 1681 1121 1735 enim
1151 1680 1381 1736 litteras
1430 1678 1677 1746 ferebat,
1710 1678 1925 1733 Christi
1974 1694 2108 1732 vero

2201 512 2289 567 καὶ
2321 516 2419 567 τοῦ
2450 508 2702 568 διακόνου
2732 517 2830 578 τῆς
2863 511 3102 576 παλαιᾶς
3137 517 3379 573 Μωσέως
3439 516 3670 585 μείζους
3719 518 3841 573 εἶναι

2201 602 2329 663 τοὺς
2365 601 2704 662 ἀποστόλους
2734 601 2836 679 (ἐφ’
2868 604 2941 658 ὧν
2985 604 3091 677 γὰρ
3150 605 3215 658 τὰ
3262 605 3563 681 πράγματα
3615 607 3843 677 μείζονα.

2204 690 2290 746 ἐπί
2322 692 2528 747 τούτων
2560 692 2649 747 καὶ
2681 694 2733 748 οἳ
2765 690 3053 766 διάκονοι),
3096 693 3226 750 ὅλον
3271 699 3351 766 τῷ
3409 701 3530 766 Θεῷ
3580 696 3846 766 ἀνατίθησι

2203 780 2266 835 τὸ
2327 787 2572 855 πρᾶγμα,
2631 781 2721 836 καί
2778 804 2929 858 φησι·
2992 808 3018 835 ‹‹
3084 784 3416 853 [Ιεποίθησιν
3470 783 3535 840 δὲ
3614 785 3850 855 toea-311;:

2205 867 2433 949 ἔχομεν.
2473 894 2499 920 ››
2545 867 2898 942 ’Υπερϐατὸν,
2959 872 3045 927 ὅτι
3076 874 3112 943 ἡ
3144 873 3400 943 ἱκανότης
3447 877 3622 947 ἡμῶν
3675 875 3735 930 ἰκ
3772 880 3855 931 τοῖι

2208 964 2362 1028 Θεοῦ,
2398 960 2488 1015 καὶ
2520 961 2586 1015 τὰ
2618 960 2785 1016 λοιπᾶ
2816 958 2904 1015 διὰ
2938 960 3123 1033 μέσου.
3177 962 3517 1040 Θαῤῥοῦμεν,
3575 966 3736 1037 φησὶ,
3778 968 3853 1021 καὶ

2208 1049 2544 1121 πεποίθαμεν
2574 1050 2652 1113 είς
2672 1050 2764 1104 τὸν
2790 1051 2943 1118 Θεὸν,
2978 1048 3067 1105 διὰ
3099 1056 3332 1125 Χριστσῦ
3361 1054 3423 1107 τὸ
3453 1052 3685 1129 θαρρεῖν
3716 1052 3857 1128 ἔχον-

2209 1159 2317 1203 τες,
2352 1139 2437 1195 ’ὁτι
2466 1142 2629 1213 ἡμεῖς
2665 1140 2780 1211 μὲν,
2814 1142 2927 1219 οὐχ
2950 1141 3128 1197 ἱκανοί
3181 1140 3339 1214 ἐσμεν
3387 1142 3640 1218 τοσαύτῃ
3695 1142 3858 1200 Biano-

2211 1226 2299 1297 νίᾳ
2337 1228 2798 1301 ὑπηρετήσασθαι,
2829 1228 2956 1285 ἀλλ’
2980 1227 3110 1285 οὐδὲ
3134 1229 3186 1286 ἐν
3235 1236 3311 1302 νῷ
3355 1227 3545 1288 λαϐεῖν
3595 1236 3701 1288 τοῦ
3740 1233 3860 1308 πρα-

2213 1337 2423 1390 γματος
2470 1318 2533 1371 τὸ
2595 1319 2844 1395 μέγεθος,
2876 1319 2911 1389 ἢ
2944 1318 3092 1383 ὅλως
3135 1320 3457 1395 λογίσασθαί
3502 1342 3561 1376 τι
3611 1322 3668 1377 ἐν
3713 1322 3862 1393 αὐτῷ,

2214 1402 2341 1460 ἀλλ’
2373 1405 2458 1461 ὃτι
2488 1402 2794 1476 ηὐδόκησεν
2826 1410 2974 1479 ἡμᾶς
3030 1409 3248 1471 ἱκανοὺς
3298 1409 3549 1486 γενέσθαι
3595 1417 3678 1484 τῷ
3719 1412 3862 1482 τηλι-

2216 1493 2401 1567 κούτῳ
2431 1494 2738 1571 πράγματι.
2807 1497 2944 1553 «Uti
3002 1497 3352 1571 γράμματος,
3410 1498 3565 1556 ἀλλὰ
3618 1500 3864 1573 Πνεόμα-

2218 1603 2330 1646 τος.
2368 1610 2389 1637 ι
2425 1583 2486 1643 Ὀ
2517 1584 2617 1658 γὰρ
2649 1583 2842 1657 νόμος,
2875 1585 3175 1661 γράμματα
3217 1584 3392 1666 ἔφερε,
3424 1589 3489 1643 τὸ
3524 1587 3586 1644 δὲ
3640 1591 3868 1664 Χριστοᾶ

2217 1677 2499 1749 κήρυγμα.
2534 1674 2850 1747 Πνεόμκτος
2898 1675 3261 1752 ἐπιιροίττβιν.
3318 1678 3417 1734 Ἢν
3475 1678 3579 1751 μὶν
3636 1680 3743 1754 γὰρ
3788 1679 3866 1734 καὶ

460 1769 804 1844 praedicatio
827 1768 1078 1840 Spiritus
1118 1767 1654 1839 superventionem.
1684 1766 1987 1838 Siquidem
2016 1765 2109 1820 lex

2226 1765 2248 1818 ὁ
2306 1764 2476 1835 νόμος
2538 1765 2920 1837 πνευματικὸς,
2978 1764 3105 1820 ἀλλ’
3163 1765 3225 1820 οὗ
3280 1767 3504 1840 Πνεῦμα
3563 1767 3864 1843 ἐχαρίζετο,

467 1874 703 1932 quoque
734 1856 1061 1929 spiritualis
1093 1861 1305 1923 erat,at
1334 1856 1617 1927 Spiritum
1648 1872 1769 1910 non
1792 1854 2106 1922 tribuebat,

471 1946 631 2019 quod
660 1945 801 2000 facit
840 1944 1201 2016 praedicatio.
1256 1948 1337 2000 Ac
1370 1945 1415 1999 si
1467 1943 1692 1999 diceret
1726 1960 1738 1997 :
1770 1943 1950 1999 Nobis
1994 1960 2111 1997 non

467 2035 700 2092 litteras
730 2034 879 2088 611
933 2032 1073 2086 dare
1105 2032 1493 2088 commissum
1525 2037 1615 2086 est
1633 2031 1791 2088 velut
1822 2032 1982 2094 Mosi,
2009 2032 2110 2087 sed

470 2123 935 2194 Spiritum.Nam
963 2138 1068 2193 per
1098 2122 1540 2193 impositionem
1569 2138 1852 2177 manuum
1876 2127 2115 2192 aposto-

464 2211 660 2268 lorum
685 2210 1136 2281 superveniebat
1152 2210 1405 2281 Spiritus
1429 2216 1665 2266 sanctus
1697 2211 1893 2266 «Nam
1918 2210 2117 2265 littera

469 2299 705 2355 occidit.
744 2322 771 2347 ι»
805 2300 941 2367 Lex,
974 2300 1187 2371 inquit,
1223 2300 1456 2356 occidit.
1493 2300 1547 2354 Si
1581 2301 1740 2355 enim
1771 2305 2114 2372 peccantem

474 2389 1254 2463 deprehenderitﬁntv-rimit
1284 2406 1436 2446 eum.
1472 2413 1499 2440 ‹‹
1521 2391 1660 2445 Nam
1680 2391 1779 2460 qui
1802 2397 2120 2463 transgres-

477 2495 578 2537 sus
600 2484 708 2546 est,
737 2479 947 2550 inquit,
980 2478 1169 2552 legem
1205 2478 1366 2544 Mosi,
1393 2479 1517 2534 sine
1551 2478 1961 2534 misericordia
2010 2477 2118 2533 sub
2170 2482 2179 2489 “

477 2568 709 2626 duobus
738 2574 841 2623 aut
871 2568 1056 2624 tribus
1090 2567 1336 2623 testibus
1395 2569 1647 2623 moritur
1677 2567 1744 2623 ³³.
1780 2589 1809 2617 ››
1869 2567 2120 2639 Spiritus

473 2675 614 2714 vero
646 2657 695 2713 si
726 2656 1187 2731 deprehenderit
1214 2657 1472 2729 peccatis
1503 2663 1904 2728 mortuos,per
1929 2655 2118 2729 bapti-

476 2764 607 2804 sma
626 2746 900 2802 viviﬁcat.

1110 2835 1340 2893 CAPUT
1383 2835 1480 2891 IV.

472 2927 546 2984 De
572 2927 826 2982 ministro
855 2925 1155 2981 secundum
1177 2926 1469 2996 Spiritum,
1524 2931 1577 2980 et
1602 2925 1784 2994 gloria
1814 2924 1992 2995 magis
2025 2924 2118 2979 di-

663 2999 796 3053 vina
826 3014 999 3067 quam
1025 3014 1091 3052 ea
1120 3012 1241 3068 quae
1260 2999 1555 3053 secundum
1590 2999 1760 3067 legem
1790 3004 1925 3051 erat.

541 3107 643 3167 III.
678 3107 832 3162 7-11.
882 3106 1037 3171 Quod
1083 3108 1130 3161 si
1173 3108 1538 3162 ministerium
1571 3110 1761 3162 mortis
1816 3108 1875 3160 in
1925 3105 2126 3162 litteris

471 3195 808 3265 insculptum
865 3194 1147 3265 lapidibus
1201 3197 1314 3264 fuit
1360 3198 1419 3249 in
1476 3195 1677 3266 gloria,
1735 3196 1872 3250 adeo
1902 3201 1965 3249 ut
2014 3210 2125 3249 non

464 3291 688 3357 possent
733 3283 916 3339 oculos
946 3284 1228 3338 intendere
1260 3286 1367 3354 ﬁlii
1414 3286 1587 3340 Israel
1632 3289 1689 3339 in
1736 3284 1938 3354 faciem
1967 3285 2119 3353 Mosi,

468 3377 703 3442 propter
722 3372 956 3439 gloriam
997 3372 1180 3426 vultus
1232 3375 1346 3443 ejus
1376 3388 1504 3442 quae
1551 3374 1818 3441 aboletur,
1873 3389 1970 3428 cur
2016 3389 2123 3427 non
2172 3370 2175 3375 ’

464 3460 658 3531 potius
688 3460 1053 3513 ministerium
1101 3461 1342 3529 Spiritus
1397 3465 1503 3515 erit
1546 3464 1606 3515 in
1662 3463 2050 3529 gloria?Nam
2078 3464 2126 3516 si

471 3548 837 3603 ministerium
865 3548 1338 3605 condemnationis
1384 3548 1587 3619 gloria,
1620 3549 1791 3604 multo
1821 3551 1996 3618 magis
2025 3566 2120 3604 ea:-

475 3635 623 3691 cellit
650 3637 1019 3691 ministerium
1052 3639 1291 3708 justitia:
1322 3641 1378 3692 in
1436 3638 1636 3708 gloria.
1670 3638 2124 3709 Quandoquidem

472 3742 540 3780 ne
569 3724 935 3795 gloriﬁcatum
1000 3727 1219 3797 quidem
1275 3729 1389 3798 fuit
1439 3728 1587 3799 quod
1616 3729 1978 3798 glori/iculum
2022 3734 2119 3795 est,

474 3820 534 3870 in
568 3815 669 3869 hac
695 3822 878 3885 parte,
916 3823 1145 3887 pl'Opter
1181 3819 1505 3872 eminentem
1537 3818 1793 3885 gloriam.
1834 3820 2044 3872 Etenim
2076 3819 2124 3872 si

474 3907 534 3962 id
561 3908 711 3979 quod
739 3907 993 3963 aboletur
1043 3909 1156 3976 fuit
1208 3924 1311 3978 per
1349 3907 1607 3979 gloriam,
1668 3908 1839 3963 multo
1865 3911 2039 3978 magis
2067 3909 2124 3964 id

478 3998 628 4069 quod
654 4003 838 4052 manet
867 4002 945 4052 est
973 3999 1033 4051 in
1065 3996 1267 4066 gloria.

547 4175 867 4247 Pestquam
897 4176 961 4231 in
988 4175 1462 4248 praecedentibus
1502 4176 1707 4233 docuit
1748 4177 1885 4233 Novi
1925 4179 2121 4234 Testa-

474 4264 660 4322 menti
674 4264 1091 4321 excellentiam
1114 4281 1293 4337 super
1305 4265 1685 4336 Vetus:quod
1711 4265 1858 4321 illud
1882 4265 2123 4336 quidem

475 4354 537 4409 in
560 4353 859 4427 lapidibus
890 4352 1095 4409 datum
1127 4359 1337 4410 eratet
1378 4369 1484 4425 per
1535 4359 1956 4420 atramentum,
2017 4371 2121 4410 no-

473 4460 611 4501 vum
632 4460 768 4501 vero
802 4444 864 4499 in
895 4442 1177 4499 cordibus
1219 4448 1278 4498 et
1305 4459 1412 4514 per
1443 4443 1721 4515 spiritum
1750 4460 1761 4498 :
1791 4443 1915 4499 vult
1963 4460 2123 4499 nunc

2217 1852 2351 1926 ὅπερ
2404 1859 2555 1909 ποιεῖ
2608 1852 2669 1908 τὸ
2719 1856 2998 1929 κήρυγμα,
3060 1854 3134 1917 ὡς
3184 1854 3230 1910 εί
3284 1850 3495 1933 ἔλεγεν·
3556 1858 3761 1929 Ἡμεῖς
3811 1858 3863 1911 οὐ

2218 1941 2516 2018 γράμματα
2569 1940 2980 2015 έπιστεύθημεε,
3041 1942 3116 2003 ὡς
3172 1945 3402 2012 Μωσῆς,
3454 1942 3611 1999 ἀλλὰ
3669 1948 3867 2017 Πνεῦμα

2221 2029 2450 2089 διδόναι.
2484 2031 2580 2088 Atii
2610 2032 2713 2107 γὰρ
2743 2038 2843 2101 τῆς
2872 2028 3159 2096 ἐπιθέσεως
3191 2037 3294 2088 τῶν
3329 2039 3537 2109 χειρῶν
3591 2039 3707 2089 τῶν
3742 2034 3867 2089 ἁπο-

2222 2122 2458 2191 στόλων,
2489 2120 2833 2200 ἐπισοίτησις
2878 2122 3086 2196 ἐγίνετο
3145 2122 3459 2195 Πνεύματος
3515 2125 3708 2200 ἁγίου.
3762 2124 3873 2179 σῖό

2223 2212 2326 2289 γὰρ
2385 2215 2617 2287 γράμμα
2671 2210 3000 2267 ἀποκτείνει.
3037 2235 3066 2263 »ι
3123 2212 3182 2270 Ὁ
3238 2213 3432 2284 νόμος,
3494 2214 3693 2290 φησὶν,
3753 2214 3873 2268 ἀπο-

2222 2301 2441 2358 κτείνει.
2483 2324 2510 2352 η
2546 2301 2669 2355 Ἐὰν
2699 2299 2799 2375 γὰρ
2834 2294 2977 2375 λάϐῃ
3011 2297 3475 2373 πλημμελοῦντα,
3525 2304 3740 2379 ἀναιρεῖ
3782 2300 3873 2355 σῦ-

2222 2389 2338 2445 τόν.
2374 2417 2397 2438 ιι
2434 2383 2696 2462 Μαραϐἆς
2726 2389 2828 2463 γάρ
2857 2410 2964 2461 τις,
2996 2389 3153 2468 φησὶ,
3187 2389 3352 2461 νόμον
3383 2389 3652 2460 Μωσέως,
3715 2390 3872 2466 χωρίς

2228 2477 2530 2553 θ’κτιρμῶν
2559 2476 2645 2532 ἐπὶ
2703 2474 2851 2531 δυσὶν
2883 2473 2920 2546 ἤ
2952 2476 3095 2551 τρισὶ
3157 2478 3415 2550 μάρτυσιν
3465 2480 3815 2549 ἀποθνήσκει.
3845 2503 3867 2529 ι·

2230 2568 2303 2625 Τὸ
2334 2565 2391 2622 δὲ
2422 2571 2638 2638 Πνεῦμα
2666 2564 3104 2642 νενεκρωμένους
3147 2573 3266 2629 ταῖς
3316 2568 3617 2643 ἁμαρτίαις
3665 2564 3866 2642 λαμϐα-

2232 2677 2343 2727 νον,
2375 2653 2427 2710 ἐν
2456 2660 2536 2728 τῷ
2569 2656 2903 2730 βαπτίσματι
2939 2660 3226 2725 ζωοποιεῖ.

2861 2836 3119 2891 ΚΕΦΑΛ.
3163 2835 3236 2891 Δ“.

2234 2926 2361 3000 Περὶ
2422 2931 2522 2995 τῆς
2599 2924 2771 3015 κατὰ,
2819 2928 3036 3015 Ηνείξνμα
3118 2923 3465 3016 λειτουργίας
3537 2927 3618 2979 καὶ
3692 2922 3836 2993 δόξῃς

2607 2997 2876 3071 θειοτέρας
2902 3002 3002 3066 τῆς
3027 2996 3164 3050 κατὰ
3188 2997 3281 3051 τὸν
3313 2996 3499 3070 νόμον.

2302 3102 2369 3161 Εἰ
2413 3102 2471 3159 δὲ
2528 3099 2768 3157 διακονία
2819 3105 2915 3156 τοῦ
2969 3102 3198 3157 θανάτου
3255 3102 3307 3157 ἒν
3366 3105 3663 3179 γράμμασιν
3714 3099 3840 3154 ἔντε-

2158 3170 2199 3237 C
2231 3190 2528 3266 τυπωμένη
2583 3190 2634 3247 ἐν
2689 3189 2866 3254 λίθοις
2923 3188 3152 3265 ἐγενήθη
3212 3189 3265 3245 ἐν
3354 3170 3533 3265 δόξῃ-,1
3580 3188 3710 3246 ὥστε
3783 3189 3853 3261 μὴ

2234 3280 2489 3346 δύνασθαι
2555 3279 2849 3336 ένατενίσαι
2929 3280 3055 3343 τοὺς
3149 3278 3299 3342 υἱοὺς
3389 3278 3618 3356 Ἰσραὴλ
3682 3278 3750 3341 εἲς
3808 3275 3860 3330 τὸ

2232 3373 2526 3447 πρόσωπον
2612 3368 2886 3431 Μωϋσέως
2974 3364 3064 3424 διὰ.
3134 3370 3233 3438 τήν
3294 3367 3450 3442 δόξαν
3508 3375 3611 3425 τοῦ
3668 3368 3861 3445 προσώ-

2232 3480 2342 3514 που
2393 3457 2558 3513 αὐτοῦ
2611 3459 2711 3529 τὴν
2766 3457 3235 3530 καταργουμένην,
3296 3462 3413 3518 πῶς
3472 3457 3607 3532 οὐχὶ
3671 3453 3860 3530 μᾶλλον

2234 3551 2268 3617 ἡ
2303 3546 2548 3602 διακονία
2585 3550 2682 3602 τοῖ’)
2741 3547 3050 3620 Πνεύματος
3109 3540 3255 3602 ἔσται
3313 3545 3362 3602 ἐν
3416 3544 3543 3623 δόξῃ
3588 3568 3601 3618 ;
3672 3548 3730 3603 Li.
3780 3545 3863 3621 γὰρ

2232 3640 2267 3702 ἡ
2324 3633 2567 3692 διακονία
2622 3642 2721 3706 τῆς
2779 3635 3144 3709 κατακρίσεως
3203 3634 3349 3709 δόξα,
3404 3635 3610 3710 πολλῷ
3674 3635 3865 3711 μᾶλλον

2233 3727 2537 3804 περισσεύει
2604 3729 2631 3796 ἢ
2694 3723 2942 3781 διακονία
3022 3728 3122 3792 τῆς
3207 3722 3551 3795 δικαιοσύνης
3626 3727 3682 3782 ἐν
3735 3724 3864 3798 δόξῃ.

2235 3817 2331 3872 Καὶ
2387 3821 2490 3892 γὰρ
2548 3817 2609 3872 οὗ
2670 3812 2982 3886 δεδόξασται
3038 3814 3100 3871 τὸ
3159 3812 3539 3888 δεδοξασμένον
3600 3822 3656 3871 ἐν
3713 3815 3870 3885 τούτῳ

2230 3908 2309 3975 τῷ
2381 3906 2555 3978 μέρει,
2655 3898 2828 3960 ἕνεκεν
2928 3908 3028 3970 τῆς
3135 3897 3591 3976 ὑπερϐαλλούσης
3703 3902 3868 3972 δόξης.

2232 3994 2295 4052 Εἰ
2341 3995 2447 4073 γαρ
2500 3994 2562 4049 τὸ
2617 3993 3050 4068 καταργοῦμενονν
3105 3988 3195 4050 διὰ
3253 3988 3434 4066 δόξης,
3491 3991 3702 4068 πολλῷ
3753 3989 3871 4067 μᾶλ-

2231 4083 2329 4140 λον
2361 4085 2424 4140 τὸ
2460 4083 2617 4156 μένον
2647 4081 2698 4137 ἐν
2725 4079 2876 4157 δόξῃ.
3491 4086 3498 4091 ’

2305 4170 2527 4244 Διδάξας
2560 4171 2614 4227 ἐν
2648 4178 2770 4234 τοῖς
2838 4167 2945 4226 ἅνω
2999 4172 3100 4241 τὴν
3162 4169 3421 4250 διαφορὰν
3474 4179 3574 4243 τῆς
3635 4174 3758 4236 νέας
3810 4171 3876 4235 ὡς

2233 4263 2370 4337 πρὸς
2399 4263 2499 4330 τήν
2528 4258 2785 4328 παλαιὰν,
2816 4260 2878 4315 τὸ
2930 4258 3135 4330 ἐκείνην
3192 4260 3286 4335 μὶν
3346 4261 3396 4317 ἐν
3455 4259 3638 4325 λίθοις
3696 4264 3783 4318 καὶ
3827 4260 3871 4315 έν

2237 4348 2452 4421 μέλανι,
2484 4348 2688 4419 ταύτην
2717 4344 2776 4403 δὲ
2804 4347 2854 4402 ἐν
2913 4348 3178 4421 πνεύματι
3234 4349 3322 4404 καὶ
3372 4349 3423 4405 ἑν
3479 4348 3757 4425 καρδίαις,
3796 4354 3871 4404 νῦν

2235 4436 2377 4493 θέλει
2441 4434 2607 4511 δεῖξαι
2666 4436 2747 4492 ὅτι
2807 4436 2898 4492 καὶ
2960 4437 3010 4492 ἐν
3069 4435 3196 4513 δόξῃ
3260 4440 3460 4510 μείζων
3517 4444 3552 4510 ἡ
3612 4442 3731 4498 νέα.
3786 4436 3871 4494 Καὶ

474 4533 787 4592 ostendere
809 4532 966 4605 quod
989 4533 1168 4589 etiam
1190 4533 1251 4587 in
1272 4532 1461 4605 gloria
1481 4534 1675 4606 majus
1698 4533 1775 4587 sit
1795 4534 2034 4588 Novum.
2060 4535 2114 4588 Et

2234 4524 2420 4598 ἐπειδή
2450 4530 2484 4597 ἡ
2517 4524 2724 4583 παλαιὰ
2755 4526 3018 4598 αἰσθητὴν
3051 4528 3173 4605 εἶχε
3202 4525 3384 4600 δόξαν,
3411 4532 3511 4600 τήν
3571 4537 3673 4586 τοῦ
3716 4550 3871 4608 προσ-

474 4624 759 4697 qnoniam
779 4624 962 4679 Vetus
984 4622 1333 4679 sensibilem
1355 4622 1609 4679 habebat
1627 4623 2120 4695 gloriam,nempe

470 4713 686 4770 faciem
717 4713 880 4781 Mosi,
914 4715 1136 4769 Novum
1165 4728 1295 4767 vero
1326 4711 1783 4785 intelligibilem,
1830 4729 1864 4767 a
1892 4712 2120 4768 ratione

477 4800 738 4858 ostendit
771 4801 1186 4857 excellentiam
1220 4819 1233 4856 :
1270 4806 1328 4855 et
1358 4800 1489 4855 vide
1506 4801 2120 4872 quomodo.Protinus

476 4893 670 4964 ipsum
705 4898 871 4948 vocat
897 4892 1106 4948 mortis
1136 4891 1535 4947 ministerium
1568 4897 1625 4946 et
1655 4890 1866 4946 litteris
1890 4890 2022 4945 etin
2043 4891 2123 4947 la-

476 4980 715 5056 pidibus
768 4980 1131 5053 insculptum
1165 4998 1177 5036 :
1229 4998 1297 5036 ac
1354 4981 1402 5036 si
1434 4980 1695 5037 diceret:
1726 4980 1853 5037 Non
1885 4985 2010 5035 erat
2039 4980 2121 5037 ibi

478 5070 766 5127 auxilium
799 5068 1042 5140 aliquod
1073 5073 1176 5125 aut
1205 5068 1497 5134 remissio,
1524 5068 2026 5139 quemadmodum
2058 5069 2119 5122 in

475 5160 852 5232 baptismate,
879 5159 982 5214 sed
1006 5158 1145 5214 solea
1179 5157 1390 5213 litteris
1414 5174 1481 5213 ac
1501 5157 1860 5231 supplicium
1882 5157 2123 5212 inevita-

474 5251 636 5317 bile;
669 5249 822 5306 618
856 5254 920 5304 ut
960 5247 1118 5319 quod
1174 5247 1472 5318 lapidibus
1529 5246 1894 5318 insculptum
1944 5252 2118 5302 esset.

478 5340 871 5396 Ministerium
898 5343 1096 5395 autem
1112 5337 1321 5393 mortis
1352 5336 1496 5391 dicit
1516 5336 1943 5408 legem.Etvide
1963 5337 2123 5408 quod

479 5445 600 5485 non
633 5429 781 5483 dixit
811 5444 939 5484 esse
971 5427 1182 5483 mortis
1214 5426 1539 5480 etl‘eetivam
1576 5443 1587 5479 :
1623 5441 1819 5494 neque
1851 5425 2010 5479 enim
2048 5423 2122 5478 ad

480 5523 787 5587 peccatum
804 5523 904 5572 aut
924 5523 1175 5572 mortem
1191 5513 1536 5585 impellebat
1554 5530 1567 5571 :
1589 5513 1691 5568 sed
1705 5513 2121 5569 ministerium.

482 5606 625 5662 Nam
659 5605 981 5674 legislatori
1013 5612 1139 5660 erat
1167 5604 1240 5660 ad
1270 5602 1693 5667 ministerium,
1725 5607 1782 5657 et
1810 5608 2000 5658 morte
2032 5602 2123 5657 di-

551 5696 599 5732 ²²
628 5694 801 5755 Hebr.
835 5706 890 5764 ι,
921 5693 1012 5751 28.

2230 4620 2384 4675 ώπου
2414 4617 2737 4687 Μωσέως,ἡ
2789 4614 2847 4671 δέ
2905 4617 2997 4673 νέα
3049 4619 3276 4688 νοητήν,
3335 4620 3442 4676 ἀπὸ
3498 4618 3870 4701 συλλογισμοῦ

2227 4710 2328 4778 τὴν
2364 4708 2640 4783 ὑπεροχὴν
2675 4704 2931 4763 δείκνυσι.
2996 4707 3096 4762 Καὶ
3148 4709 3265 4783 δρα.
3328 4709 3542 4772 Εὐθέως
3603 4708 3866 4767 διακονίαν

2230 4798 2397 4866 αὐτὴν
2462 4799 2611 4871 Λέγει
2668 4797 2919 4867 θανάτου,
2974 4795 3148 4851 καὶέν
3188 4797 3472 4873 γράμμασι
3530 4800 3616 4857 καῖ
3680 4801 3734 4856 ἐν
3790 4800 3868 4857 λί-

2231 4898 2346 4950 θοις
2376 4886 2840 4958 έντετυπωμένην,
2873 4885 2948 4949 ὡς
3004 4883 3050 4940 εἰ
3107 4879 3310 4962 ἔλεγεν·
3374 4887 3485 4943 Οὐκ
3536 4890 3605 4959 ἦν
3658 4887 3868 4967 βοήτειιὶ

2228 4999 2310 5038 τις
2371 4975 2502 5044 ἐκεῖ,
2561 4976 2596 5045 ἢ
2659 4975 2844 5052 ἄφεσις
2902 4972 3084 5048 ὥσπερ
3163 4975 3253 5031 ἐπὶ
3305 4980 3405 5031 τοῦ
3483 4978 3870 5054 βαπτίσματος,

2232 5065 2377 5123 ἀλλᾶ
2430 5065 2725 5140 γράμματα
2788 5063 2954 5136 μόνον
3010 5063 3102 5119 καὶ
3158 5066 3403 5138 τιμωρία
3478 5067 3871 5140 ἀνεξάλειπτος,

2230 5157 2322 5210 ἅτε
2378 5152 2556 5218 λίθοις
2623 5151 3095 5229 ἒγκεκολαμμένη.
3156 5153 3443 5210 Διακονίαν
3517 5153 3577 5212 δὲ
3631 5160 3869 5223 θανάτου,

2228 5246 2321 5299 τὸν
2349 5245 2517 5317 νόμον
2554 5242 2723 5320 λέγει.
2757 5241 2860 5300 Καὶ
2905 5241 3029 5315 δρα,
3088 5240 3188 5296 οὐκ
3246 5242 3382 5311 εἶπε,
3442 5247 3733 5314 ποιητικὸν
3787 5258 3873 5310 θα-

2229 5334 2391 5389 νάτου
2426 5332 2513 5397 (οὐ
2546 5332 2652 5408 γὰρ
2718 5330 2881 5392 αὐτὸς
2932 5328 3058 5386 ὢθει
3115 5333 3252 5405 πρὸς
3309 5331 3578 5408 ἁμαρτίαν
3628 5332 3667 5404 ἤ
3724 5334 3867 5399 θάνα-

2228 5428 2364 5487 τον)·
2427 5418 2574 5475 ἀλλὰ
2630 5418 2917 5475 διακονίαν.
2981 5415 3225 5488 Διηκόνει
3279 5419 3383 5498 γὰρ
3440 5426 3520 5492 τῷ
3588 5424 3873 5496 νομοθέτῃ,’

2230 5513 2320 5567 καὶ
2378 5510 2505 5571 τοὺς
2562 5509 2741 5580 ἀξίους
2812 5509 3067 5577 θανάτου,
3130 5510 3158 5563 ὁ
3214 5511 3383 5581 νόμος
3467 5512 3746 5569 έθανᾶτου.
3800 5542 3858 5553 -

2230 5601 2560 5677 [GEOAQPJ
2593 5601 2706 5668 Τήν
2758 5595 2818 5653 δὲ
2873 5596 3146 5653 διακονίαν
3200 5603 3296 5653 τοῦ
3349 5600 3542 5673 νόμου,
3602 5599 3859 5658 διακονίαν
