4068 6254
364 365 495 427 949

1342 352 1743 413 ΟΟΜΜΕΝΤ.
1799 349 1871 409 ΙΝ
1922 349 2167 410 EPIST.
2216 350 2263 409 ll
2310 352 2414 411 AD
2461 354 2828 415 CORINTH.

3676 358 3798 418 950

370 495 607 551 θανάτου
637 489 1103 567 προσηγόρευσεν,
1161 483 1352 555 ἐπειδὴ
1409 483 1538 547 τοὺς
1598 478 1999 555 παραϐαίνοντα

2145 500 2288 551 gnos
2320 485 2413 541 lex
2443 486 2844 543 interimebat.
2872 519 2942 529 —-
2973 486 3136 560 Legis
3165 486 3565 544 ministerium
3599 492 3797 562 appel-

374 585 410 642 ὁ
447 584 621 658 νόμος
651 580 929 650 ἐκόλαζεν,
986 577 1049 634 Εἰ
1109 576 1308 643 τοίνυν,
1371 573 1556 654 φησὶν,
1615 570 1737 635 ἔνθα
1791 569 2033 645 τιμωρία

370 673 467 729 καὶ
522 672 749 736 θάνατος
806 668 895 724 καὶ
963 667 1263 741 γράμματα
1330 664 1506 725 λίθοις
1563 659 2030 737 ἐγκεκολαμμένα,

368 763 645 831 τοσαύτην
692 762 719 815 ὁ
779 760 946 815 ταῦτα
1002 756 1247 828 κομίζων
1308 754 1359 809 ἐν
1409 758 1488 825 τῷ
1544 753 1823 828 προσώπῳ
1878 749 2032 820 δόξαν

370 849 613 924 ἐδέξατο,
676 847 875 919 πολλῷ
941 845 1152 921 μᾶλλον
1210 844 1261 898 οἱ
1330 848 1407 915 τῷ
1462 842 1589 914 θείῳ
1661 839 2029 901 διακονοῦντες

364 942 667 1011 Πνεύματι,
724 936 981 996 πλείονος
1037 932 1377 990 ἀπολαύουσι
1435 930 1619 1002 δόξης.
1659 954 1683 983 ‹‹
1729 934 1890 984 ’Ὠστε
1951 931 2025 1002 μή

364 1028 624 1085 δύνασθαι
684 1025 1005 1083 ἐνατενίσαι.
1066 1048 1094 1074 ››
1184 1022 1429 1095 Ἐπαιρει
1524 1022 1623 1086 τήν
1705 1023 1799 1073 τοῦ
1854 1018 2027 1091 νόμου

369 1116 554 1189 δόξαν,
609 1115 698 1171 ’ίνα
756 1114 921 1170 πλέον
980 1113 1184 1188 αὐξήσῃ
1272 1112 1371 1179 τὴν
1446 1117 1546 1179 τῆς
1606 1109 1744 1172 νέας.
1815 1110 1883 1164 ’Ή
1945 1106 2026 1161 ὅτι

367 1211 538 1262 τοῦτο
622 1205 932 1278 κατηγορία
1000 1202 1138 1259 ἐστὶν
1222 1197 1518 1268 Ἰουδαίων,
1638 1200 1722 1254 ’ὁτι
1833 1196 2026 1264 οὕτως,

365 1298 552 1376 φησὶν,
606 1297 743 1365 ἦσαν
800 1294 1011 1360 ταχεῖς,
1070 1293 1142 1353 ὡς
1203 1288 1344 1363 μηδὲ
1399 1291 1497 1358 τὴν
1555 1288 1816 1358 αἰσθητὴν
1870 1285 2023 1357 δόξαν

361 1387 583 1449 ἱκανοὺς
614 1388 746 1439 εἶναι
779 1386 926 1459 ὀρᾷν.
966 1408 985 1431 ι
1044 1382 1139 1435 Δια
1196 1382 1295 1447 τήν
1358 1376 1511 1449 δόξαν
1573 1382 1669 1433 τοῦ
1726 1377 2025 1451 προσώπου

354 1476 547 1531 αὐτοῦ.
591 1498 620 1526 ››
680 1477 829 1531 Ἀνω
889 1471 1089 1541 ἐπάρας
1148 1470 1247 1538 τήν
1305 1473 1401 1523 τοῦ
1456 1469 1632 1541 νόμου
1696 1465 1875 1540 δόξαν,
1938 1471 2025 1521 νῦν

352 1564 541 1637 ἡυέμα
595 1567 847 1635 καθαιρεῖ
903 1560 1093 1630 αὐτήν.
1133 1558 1208 1616 Οὐ
1277 1558 1376 1633 γὰρ
1436 1559 1463 1611 ὁ
1521 1559 1689 1629 νόμος
1744 1558 1866 1632 εἶχε
1922 1558 2021 1625 τήν

355 1651 536 1722 δόξαν,
574 1651 701 1709 ἀλλ’
733 1653 760 1705 ὁ
797 1657 1018 1718 Μωσῆς.
1058 1647 1161 1705 Καὶ
1196 1649 1223 1701 ὁ
1263 1650 1465 1716 Μωσῆς
1498 1644 1576 1713 δὲ,
1639 1646 1699 1701 οὖ
1757 1648 2018 1718 μένουσαν

364 1744 495 1817 εἶχε
526 1738 704 1811 δόξαν,
746 1737 895 1794 ἀλλὰ
950 1735 1418 1811 καταργουμένην,
1476 1734 1721 1790 τουτέστι
1775 1734 2020 1807 παυομὲ-

350 1852 479 1902 νην.
527 1828 751 1896 Ἐπειδὴ
785 1829 888 1902 γὰρ
932 1826 1044 1882 ἄνω
1078 1827 1245 1898 ἐπῆρε
1276 1826 1340 1880 τὰ
1370 1826 1505 1880 κατὰ
1560 1824 1650 1879 τὸν
1684 1826 1878 1897 νόμον,
1923 1830 2016 1878 νῦν

353 1920 496 1978 αὐτὰ
524 1923 772 1993 καθαιρεῖ
792 1920 882 1971 ’ἱνα
907 1914 1213 1991 συγκαοέλῃ
1246 1916 1312 1969 τὰ
1344 1913 1630 1971 Ἰουδαῖκά.
1668 1940 1694 1965 ‹‹
1726 1918 1849 1976 Πῶς
1888 1913 2016 1989 οὐχὶ

360 2006 576 2080 μᾶλλον
606 2010 639 2076 ἡ
670 2004 918 2062 διακονία
947 2010 1048 2060 τοῦ
1086 2006 1393 2077 Πνεύματος
1426 2022 1438 2072 ;
1465 2027 1490 2054 n
1524 2005 1725 2078 Ὠσπερ
1746 2001 2014 2057 διακονίαν

359 2098 589 2152 θανάτου
620 2098 712 2151 τὸν
745 2098 912 2168 νόμον
947 2094 1219 2163 ἐκάλεσεν,
1260 2094 1434 2154 οὕτως
1492 2095 1627 2147 κατᾶ
1674 2093 1736 2146 τὸ
1789 2090 2019 2148 ἀκόλου-

352 2190 447 2242 θον
471 2182 799 2265 ὤφειλετήν
828 2187 946 2239 νὲαν
993 2206 1050 2239 κο
1070 2183 1223 2238 λέσαι
1282 2180 1553 2238 διακονίαν
1610 2188 1777 2252 ζωῆς.
1838 2181 2015 2239 Ἀλλὰ

347 2281 513 2331 τοῦτο
550 2277 645 2347 μὲν
682 2280 881 2345 σιωπᾷ,
914 2275 975 2327 τὸ
1014 2278 1197 2345 μεῖζον
1230 2268 1287 2326 δὶ
1344 2271 1513 2341 λέγει.
1576 2271 1855 2326 Διακονίαν
1911 2272 2013 2346 γὰρ

350 2367 519 2434 αὐτὴν
555 2366 868 2436 ΙΙνεύματος
900 2362 1080 2427 καλεῖ,
1112 2368 1209 2417 τοῦ
1270 2361 1359 2416 καὶ
1417 2362 1514 2429 τήν
1578 2362 1718 2430 ζωὴν
1771 2360 2010 2431 ἐξουσίαν

356 2448 585 2529 ἔχοντος
617 2456 900 2527 παρεχειν.
944 2450 1223 2506 Διακονίαν
1262 2447 1319 2504 δὶ
1351 2449 1662 2522 Πνεύματος
1694 2449 1859 2517 αὐτὴν
1915 2470 2009 2541 καί

356 2541 468 2609 λεῖ,
504 2540 592 2597 δια
620 2543 715 2609 τὴν
745 2540 1091 2611 ἐπιφοίτησιν
1118 2544 1214 2594 τοῦ
1242 2540 1400 2614 ἁγίου
1448 2538 1781 2611 Πνεῦματος,
1844 2538 2008 2593 οἱονεῐ

346 2633 450 2698 τὴν
562 2632 1065 2704 παρασκευαστικὴν
1146 2636 1249 2697 τῆς
1331 2632 1429 2683 τοῦ
1514 2628 1670 2702 ἁγίου
1755 2627 2006 2699 Πνεύμα-

346 2740 442 2782 τος
470 2718 882 2799 ἐπιφοιτήσεως.
920 2745 946 2771 ‹‹
987 2718 1053 2773 [νῖ
1104 2718 1206 2795 γὰρ
1264 2719 1296 2788 ἠ
1362 2716 1602 2772 διακονία
1625 2723 1725 2786 τῆς
1758 2719 2007 2792 κατακρί-

357 2829 511 2869 σεως.
577 2832 601 2860 ν
673 2811 810 2866 Ἀπὸ
888 2809 1270 2883 συλλογισμοῦ
1343 2806 1405 2861 τὸ
1482 2805 1707 2881 εὓλογον
1782 2805 2003 2881 ἔχοντος

349 2898 449 2965 τήν
492 2896 765 2972 σύγκρισιν
826 2902 1085 2953 ποιεῖται.
1133 2896 1191 2950 lsi
1246 2896 1346 2971 γὰρ
1408 2893 1555 2966 δόξα,
1616 2896 1802 2975 φησὶν,
1863 2896 2003 2950 ἐστὶν

342 2984 396 3039 ἐν
423 2990 501 3058 τῷ
527 2985 705 3059 νόμῳ,
731 2986 821 3040 καί
850 3007 938 3040 τοι
971 2982 1083 3040 ὄντι
1139 2982 1372 3056 διακόνῳ
1404 2984 1631 3039 θανάτου
1689 2985 1775 3038 καὶ
1836 3006 2001 3039 κατα-

349 3074 603 3150 κρίσεως,
634 3074 836 3147 πολλῷ
882 3072 1093 3147 μᾶλλον
1124 3074 1257 3127 κατὰ
1285 3073 1347 3127 τὸ
1386 3072 1707 3141 ἀκόλουθον,
1734 3074 1796 3129 οὐ
1833 3075 1999 3148 μόνον

341 3158 487 3220 ἔστιν
523 3163 575 3218 ἐν
607 3169 674 3239 τῇ
706 3163 797 3237 νέᾳ
829 3162 974 3234 δόξα,
1020 3161 1165 3219 ἀλλὰ
1195 3162 1281 3218 καὶ
1322 3162 1644 3235 περισσεύει.
1718 3162 1818 3219 Καὶ
1870 3166 1995 3241 γὰρ,

340 3277 371 3307 α
437 3254 776 3326 Περισσεύει.
836 3278 861 3306 ›)
924 3256 1032 3309 Τοῠ
1096 3254 1192 3327 μὲν
1240 3253 1343 3328 γὰρ
1396 3252 1571 3326 νόμου
1634 3250 1998 3327 ἁμαρτωλοὺς

346 3337 731 3413 λαμϐάιοντος
760 3344 849 3398 καὶ
900 3344 1342 3416 τιμωρουμένου,
1392 3341 1453 3397 τὸ
1511 3342 1765 3416 κήρυγμα
1821 3344 2001 3419 ἁμαρ-

332 3431 552 3491 τωλοὺς
589 3425 873 3503 λαμϐάνον
908 3431 958 3485 ἐν
1019 3436 1097 3503 τῷ
1150 3430 1505 3505 βαπτίσματι,
1568 3429 1630 3483 οὐ
1692 3430 1855 3501 μόνον
1909 3432 1999 3486 ἀν-

342 3520 598 3582 ευθύνους
630 3520 843 3598 ἀφίησι,
876 3522 989 3596 (καί
1019 3542 1105 3576 τοι
1135 3518 1295 3595 ἤρκει
1324 3519 1411 3574 καὶ
1442 3522 1651 3593 τοῦτο.)
1703 3518 1851 3575 ἀλλὰ
1907 3521 1998 3575 καὶ

335 3608 563 3677 δικαιοῖ,
597 3612 685 3665 καὶ
716 3611 951 3687 ἁγιάζει,
984 3610 1074 3665 καὶ
1107 3611 1183 3673 εἰς
1213 3609 1477 3665 υἱοθεσίαν
1524 3608 1701 3679 καλεῖ,
1761 3611 1849 3665 καὶ
1902 3612 1997 3674 τὰς

344 3698 657 3771 μελλούσας
703 3698 929 3762 ἐλπίδας
986 3699 1400 3775 ἐπαγγέλλεται·
1458 3700 1613 3757 Ὅθεν
1671 3698 1760 3753 καὶ
1811 3697 1999 3755 διακο-

326 3786 447 3842 νίαν
491 3786 839 3859 δικαιοσύνης
900 3788 1068 3857 αὐτην
1122 3786 1306 3858 καλεῖ,
1358 3788 1431 3849 ὡς
1491 3785 1800 3843 δικαιοῦσαν
1868 3789 1995 3851 τοὺς

336 3871 576 3940 ἀσεϐεῖς.

406 4074 438 4106 α
468 4053 567 4107 Καὶ
600 4054 703 4131 γαρ
761 4054 827 4108 οὗ
887 4051 1220 4124 δεδόξασται.
1259 4076 1285 4104 ››
1320 4054 1419 4109 Καὶ
1468 4054 1544 4119 τί,
1595 4055 1785 4134 φησὶν,
1849 4057 1995 4109 αντι-

336 4141 629 4211 παράθεσιν
678 4147 821 4197 ποιῶ
880 4149 978 4212 τῆς
1035 4140 1154 4204 νέας
1213 4142 1303 4197 καὶ
1365 4146 1462 4196 τοῦ
1491 4142 1664 4217 νόμου
1697 4165 1711 4213 ;
1743 4143 1988 4215 Τοσαύτη

252 4292 259 4297 υ
328 4231 460 4305 γαρ,
511 4231 667 4307 φησὶ,
718 4238 815 4301 τῆς
875 4230 991 4292 νὲας
1051 4232 1084 4300 ἠ
1148 4229 1382 4307 διαφορὰ
1438 4232 1526 4286 καὶ
1588 4234 1621 4301 ἠ
1678 4230 1826 4302 δόξα,
1884 4232 1989 4303 ὅτι,

330 4319 521 4396 φησὶν,
554 4319 609 4374 ἰν
643 4320 977 4397 συγκρίσεως
1023 4320 1197 4394 μέρει,
1232 4322 1415 4395 (τοῦτο
1462 4322 1561 4396 γάρ
1621 4320 1760 4375 ἐστιν
1820 4321 1850 4376 ὅ
1899 4321 1992 4378 λέ-

325 4428 409 4482 γει
444 4408 494 4461 ἐν
539 4409 720 4482 τούτῳ
773 4413 852 4480 τῷ
913 4410 1087 4483 μὲρει,
1154 4408 1398 4465 τουτέστι
1456 4417 1556 4479 τῆς
1617 4410 1987 4486 συγκρίσεως),

324 4494 453 4553 οὐδὲ
486 4494 643 4567 δόξαν
670 4493 817 4573 ἔχειν
844 4496 984 4568 δόξει
1018 4499 1051 4568 ἠ
1083 4496 1311 4568 παλαια,
1345 4498 1436 4553 καί
1478 4520 1563 4554 τοι
1622 4497 1985 4573 δεδοξασμένῃ

2141 572 2280 628 lavit
2304 578 2507 631 mortis
2542 578 2960 645 ministerium,
2995 578 3275 647 quoniam
3330 584 3795 651 transgressores

2143 663 2236 718 lex
2272 667 2573 736 puniebat.
2628 667 2681 721 Si
2742 668 2922 737 igitur
2980 666 3079 721 ubi
3138 669 3495 738 supplicium
3539 688 3604 725 ac
3639 689 3797 727 mors

2144 760 2287 821 erat,
2313 754 2642 827 litteraeque
2677 756 2972 827 lapidibus
3005 757 3339 828 insculpta},
3364 761 3461 829 qui
3496 760 3621 815 hazc
3646 762 3792 816 fere-

2141 840 2240 896 bat
2270 850 2494 898 tantam
2528 846 2585 899 in
2618 846 2765 900 facie
2787 846 3033 916 gloriam
3060 847 3306 916 accepit,
3335 848 3517 901 multo
3537 852 3795 920 amplius

2142 932 2243 1001 qui
2266 932 2462 987 divino
2494 935 2837 988 ministrant
2861 935 3343 1005 Spiritui,majori
3367 937 3646 994 fruuntur
3675 941 3795 1011 glo-

2142 1020 2248 1073 ria.
2286 1044 2311 1070 (ι
2345 1022 2504 1076 Adeo
2529 1028 2594 1077 ut
2624 1041 2743 1077 non
2776 1030 3017 1094 possent
3046 1025 3235 1079 oculis
3262 1026 3589 1082 intendere.
3626 1052 3651 1077 ››
3688 1031 3791 1083 Ex-

2141 1109 2298 1163 tollit
2327 1110 2469 1183 logis
2504 1112 2749 1184 gloriam
2776 1118 2841 1165 ut
2872 1114 3055 1181 magis
3089 1120 3299 1186 augeat
3340 1115 3587 1187 gloriam
3648 1118 3789 1172 Novi

2138 1199 2517 1255 Testamenti.
2572 1202 2667 1257 Vel
2705 1200 2858 1273 quod
2894 1202 3003 1256 hoc
3051 1203 3237 1273 magis
3269 1207 3564 1260 accusatio
3588 1207 3664 1261 sit
3690 1208 3791 1262 Ju-

2139 1287 2440 1344 daaorum:
2476 1307 2611 1344 nam
2650 1292 2818 1356 adeo,
2860 1291 3074 1361 inquit,
3109 1293 3289 1346 crassi
3351 1300 3539 1359 erant,
3589 1302 3655 1350 ut
3712 1313 3787 1352 ne

2139 1377 2479 1432 sensibilem
2516 1379 2754 1450 quidem
2788 1379 3034 1448 gloriam
3086 1380 3282 1435 videre
3332 1390 3532 1437 essent
3560 1384 3782 1448 idonei,

2136 1467 2438 1537 «Propter
2472 1468 2717 1538 gloriam
2746 1469 2937 1522 vultus
2970 1469 3098 1528 eius
3146 1489 3168 1518 υ
3200 1470 3342 1523 Cum
3376 1472 3647 1542 superius
3698 1473 3780 1527 le-

2133 1554 2219 1625 gis
2269 1555 2513 1626 gloriam
2569 1557 2877 1611 extulisset
2949 1574 3108 1613 nunc
3139 1574 3265 1612 eam
3302 1560 3587 1629 paulatim
3622 1568 3778 1617 exte-

2134 1650 2277 1698 nuat
2307 1661 2372 1698 ac
2398 1645 2702 1699 tollit.Non
2736 1646 2895 1701 enim
2928 1645 3020 1699 lex
3048 1647 3293 1717 gloriam
3346 1649 3621 1714 habebat,
3672 1652 3776 1706 sed

2131 1732 2317 1786 Moses
2351 1750 2363 1787 :
2396 1739 2452 1787 et
2501 1734 2595 1788 hic
2653 1734 2890 1805 quidem
2946 1752 3054 1789 nos
3095 1745 3535 1807 permanentem
3568 1739 3778 1794 habuit

2128 1822 2375 1893 gloriam
2410 1823 2511 1877 sed
2543 1841 2673 1894 qum
2705 1825 2974 1879 aboletur
3004 1842 3071 1879 ac
3102 1832 3311 1881 cessat.
3346 1829 3489 1881 Nam
3520 1829 3660 1898 quia
3682 1844 3775 1882 su-

2132 1912 2333 1983 perius
2365 1913 2655 1968 extulerat
2679 1930 2747 1967 ea
2764 1931 2893 1984 quae
2920 1915 3063 1986 legis
3083 1916 3432 1983 erant,tollit
3452 1917 3772 1988 nuncipsa,

2134 2006 2196 2055 ut
2227 2018 2345 2056 una
2375 2002 2603 2056 auferat
2630 2009 2685 2056 et
2716 2003 2975 2057 Iudaica.
3011 2026 3037 2053 «
3072 2005 3185 2057 Cur
3216 2021 3333 2058 non
3365 2006 3560 2075 potius
3595 2005 3771 2060 mini-

2131 2092 2377 2145 sterium
2410 2092 2681 2162 Spiritus.
2716 2092 3334 2147 nSicutministerium
3360 2094 3776 2166 mortislegem

2130 2180 2467 2250 appellavit,
2494 2181 2574 2235 ita
2606 2198 2763 2236 nunc
2794 2199 2863 2235 ex
2885 2184 3273 2253 consequenti
3298 2182 3643 2237 debuissent
3666 2186 3773 2238 No-

2132 2285 2262 2323 vum
2308 2270 2748 2324 Testamentum
2782 2287 2989 2325 vocare
3020 2271 3421 2325 ministerium
3454 2272 3583 2325 vitae
3618 2289 3629 2325 :
3666 2273 3769 2327 sed

2127 2356 2237 2411 hoc
2262 2357 2500 2427 quidem
2536 2363 2707 2427 tacet,
2741 2376 2942 2413 verum
2981 2360 3139 2430 quod
3200 2361 3395 2431 majus
3454 2366 3543 2415 est
3600 2361 3771 2417 dicit:

2126 2446 2321 2517 ipsum
2346 2447 2503 2501 enim
2528 2453 2694 2501 vocat
2714 2448 2965 2519 Spiritus
2985 2449 3402 2518 ministerium,
3429 2467 3560 2504 cum
3596 2452 3774 2505 etiam

2124 2536 2341 2591 habeat
2364 2542 2716 2608 potestatem
2750 2539 2929 2593 dandi
2952 2540 3153 2594 vitam.
3178 2541 3360 2596 Vocat
3382 2546 3579 2595 autem
3605 2542 3778 2595 mini—

2125 2626 2370 2680 sterium
2396 2626 2666 2694 Spiiitus,
2702 2633 2945 2698 propter
2966 2628 3217 2699 Spiritus
3248 2629 3435 2683 sancti
3458 2646 3778 2700 superven-

2126 2714 2367 2778 tionem,
2421 2720 2700 2785 tanquam
2762 2717 3215 2788 praeparativum
3303 2719 3773 2789 superventionis

2123 2803 2375 2874 Spiritus
2408 2805 2616 2859 sancti.
2652 2827 2680 2853 ‹‹
2710 2807 2851 2859 Nam
2888 2806 2933 2859 si
2979 2806 3376 2860 ministerium
3411 2808 3771 2863 condemna-

2122 2891 2367 2946 tionis.»
2426 2894 2507 2947 Ex
2564 2893 3018 2948 ratiocinatione
3074 2896 3579 2966 comparationem
3628 2897 3771 2953 facit

2117 2980 2334 3035 rationi
2387 2998 2732 3037 consonam.
2768 2983 2820 3037 Si
2868 2983 3075 3054 gloria,
3109 2984 3322 3053 inquit,
3354 2990 3443 3039 est
3499 2986 3560 3039 in
3617 2986 3763 3055 lege,

2119 3087 2248 3141 quae
2273 3076 2470 3126 tamen
2492 3073 2695 3126 mortis
2714 3089 2779 3127 ac
2799 3073 3315 3127 condemnationis
3335 3074 3608 3128 ministra
3622 3080 3768 3140 erat,

2116 3159 2303 3213 multo
2338 3162 2522 3233 magis
2573 3162 2962 3231 consequitur
2990 3167 3057 3215 ut
3087 3163 3145 3215 in
3180 3164 3333 3216 Novo
3395 3164 3767 3217 Testamento

2117 3264 2238 3303 non
2270 3249 2459 3303 solum
2486 3250 2671 3321 gloria
2694 3250 2787 3314 sit,
2822 3251 2925 3306 sed
2952 3252 3127 3305 etiam
3152 3251 3423 3307 excellat.
3459 3253 3770 3317 Nam,«Ex-

2118 3338 2298 3400 cellit,
2335 3361 2361 3389 υ
2398 3340 2607 3410 inquit.
2636 3341 2779 3395 Cum
2813 3342 2969 3395 enim
3002 3342 3094 3395 lex
3145 3342 3596 3413 deprehendens
3628 3359 3769 3414 pec-

2116 3433 2362 3495 catores,
2391 3429 2647 3499 puniret.
2687 3429 3029 3500 praedicatio
3062 3436 3401 3501 peccatores
3432 3432 3763 3501 deprehen-

2116 3516 2262 3571 dens
2293 3518 2355 3571 in
2382 3516 2759 3588 baptismate,
2785 3536 2903 3573 non
2938 3518 3114 3573 modo
3140 3520 3268 3573 sine
3294 3536 3465 3589 pcena
3496 3520 3762 3589 dimittit,

2116 3624 2250 3662 cum
2282 3612 2480 3661 tamen
2513 3607 2623 3663 hoc
2656 3608 2798 3661 satis
2823 3614 2979 3663 esset
3009 3626 3020 3661 :
3046 3624 3244 3663 verum
3281 3610 3769 3680 etiamjustificat

2114 3700 2171 3749 et
2203 3695 2553 3759 sanctiﬁcat,
2590 3712 2655 3749 ac
2685 3696 2745 3749 in
2777 3696 3157 3768 adoptionem
3183 3703 3368 3764 vocat,
3400 3699 3768 3754 futurorum-

2115 3800 2227 3853 que
2258 3783 2551 3839 bonorum
2586 3801 2747 3855 spem
2782 3784 3092 3853 promittit.
3129 3786 3293 3845 Unde
3317 3787 3492 3839 etiam
3519 3789 3771 3841 Novum-

2110 3873 2548 3927 Testamentum
2563 3879 2733 3926 vocat
2761 3873 3159 3929 ministerium
3184 3874 3614 3944 justitiazﬁlib
3637 3881 3766 3931 tan-

2113 3975 2291 4030 quam
2326 3960 2541 4030 impios
2565 3959 2927 4029 justificans.

2181 4080 2207 4106 ‹‹
2243 4056 2735 4127 Quandoquidem
2769 4074 2843 4112 ne
2866 4058 3258 4125 gloriﬁcatum
3289 4059 3527 4130 quidem
3561 4060 3691 4116 fuit.
3728 4082 3760 4115 ao

2107 4148 2176 4201 Et
2202 4146 2344 4216 quid
2381 4145 2782 4211 collationem,
2806 4147 3017 4217 inquit.
3042 4146 3194 4202 facio
3226 4148 3363 4202 Novi
3398 4150 3761 4207 Testamenti

2107 4234 2180 4290 ad
2212 4234 2401 4306 legem
2430 4236 2655 4291 ?Tanta
2686 4241 2775 4290 est
2805 4236 2942 4291 Novi
3002 4237 3358 4291 Testamenti
3405 4240 3760 4299 excellentia

2105 4340 2173 4379 ac
2202 4324 2481 4396 gloria,ut
2500 4325 2557 4378 in
2578 4325 2687 4379 hac
2705 4331 2870 4396 parte
2883 4324 3451 4391 conferendo,Vetus
3474 4345 3548 4381 ne
3569 4329 3757 4385 ullam

2107 4412 2348 4484 quidem
2382 4413 2648 4467 videatur
2679 4413 2896 4468 habere
2918 4414 3338 4484 gloriam,licet
3356 4415 3753 4487 glorificatum

2106 4502 2208 4566 sit,
2242 4501 2287 4555 si
2322 4500 2393 4555 ad
2426 4503 2649 4556 Novum
2683 4504 2975 4557 conferas.
3031 4507 3099 4556 Et
3129 4504 3237 4557 hoc
3262 4504 3368 4570 est,
3403 4504 3559 4575 quod
3619 4506 3702 4559 ait
3732 4523 3748 4563 :

331 4592 489 4657 οὖσα,
523 4590 598 4651 ὡς
628 4590 763 4664 πρὸς
822 4588 1234 4649 ἀντιπαράθεσιν
1284 4595 1380 4657 τῆς
1437 4587 1579 4651 νέας.
1616 4614 1643 4641 ‹‹
1691 4591 1777 4646 Ἐν
1806 4591 1982 4664 τούτῳ

2117 4612 2128 4638 τ
2166 4592 2226 4644 ln
2258 4591 2367 4644 hac
2412 4596 2598 4661 parte,
2636 4614 2660 4639 n
2713 4608 2926 4663 nempe
2986 4593 3470 4662 comparationis.
3502 4624 3571 4635 —
3602 4595 3746 4651 Nam

324 4685 409 4752 τῷ
442 4681 612 4753 μέρει.
653 4702 680 4729 ››
713 4678 1041 4755 [ΘΕΟΔΩΤ.]
1074 4711 1140 4719 —-
1188 4679 1433 4747 Τοσαύτη
1491 4679 1593 4752 γάρ
1626 4678 1759 4748 ἐστι,
1792 4682 1979 4759 φησὶν,

321 4771 359 4839 ἦ
392 4773 509 4831 τοῖς
544 4766 816 4828 διακόνοις
846 4769 943 4828 τῆς
998 4768 1225 4841 χάριτος
1285 4766 1654 4842 προσεσυμὲνη
1691 4765 1835 4840 δόξα,
1896 4769 1977 4823 ὅτι

322 4855 451 4913 οὐδὲ
482 4855 638 4927 δόξαν
671 4855 815 4910 εἶ’ποι
846 4876 928 4918 τις
979 4855 1039 4910 ἄν
1072 4854 1294 4917 ε”κότως
1351 4858 1448 4924 την
1506 4861 1691 4911 Μωσεῖ
1744 4878 1981 4933 προσγε-

325 4945 581 5019 νομένην,
614 4940 944 5000 ἀποϐλέπων
976 4944 1050 5006 εἷς
1082 4944 1327 5007 τούτους.
1382 4945 1465 5000 Ἐν
1521 4945 1671 4999 νυκτὶ
1730 4946 1821 5018 μὲν
1875 4946 1976 5023 γὰρ

324 5036 389 5089 τὸ
422 5033 708 5109 λυχνιαῖον
741 5038 880 5110 φῶς,
913 5033 1209 5113 φανότατον
1238 5035 1373 5088 εἶναι
1434 5030 1603 5102 δοκεῖ,
1665 5033 1715 5088 ἐν
1760 5056 1977 5108 μεσημ-

323 5119 455 5199 ϐρίᾳ
493 5121 549 5178 δὲ
588 5125 723 5197 μέση
748 5123 1061 5198 κρύπτεται,
1120 5122 1209 5176 καὶ
1272 5121 1397 5178 οὐδὲ
1459 5128 1573 5187 σῶς
1630 5124 1763 5178 εἶναι
1815 5125 1974 5197 νομί-

322 5218 491 5282 ζεται.
543 5213 649 5269 Τὸν
712 5210 770 5267 δὲ
824 5211 992 5285 νόμον
1072 5210 1297 5268 ἐκάλεσε
1380 5212 1843 5289 καταργούμενον,
1902 5214 1975 5275 ὡς

314 5300 660 5374 παυσάμενον
719 5304 786 5373 τῇ
846 5304 1089 5374 Χριστοῦ
1132 5301 1423 5373 παρουσίᾳ,
1459 5300 1613 5373 μένον
1670 5299 1726 5355 δὲ
1756 5302 1817 5357 τὸ
1876 5309 1973 5371 τῆς

314 5389 546 5465 χᾶριτος
606 5388 803 5463 δῶρον,
852 5391 925 5450 ὡς
979 5389 1039 5444 οὐ
1095 5389 1415 5463 ληψόμενον
1472 5390 1651 5451 τέλος.
1702 5391 1766 5447 Εἰ
1797 5390 1972 5445 τοίνυν

315 5480 545 5545 ἐκεῖνον,
579 5479 734 5557 φησὶ,
781 5479 1052 5553 τετύχηκε
1110 5476 1293 5549 δόξης,
1354 5476 1609 5549 δηλονότι
1662 5481 1749 5535 καὶ
1808 5484 1969 5535 τοῦτο

316 5567 752 5629 πολλαπλασίως
785 5569 1042 5638 τεύξεται.
1081 5592 1107 5619 ‹‹
1166 5569 1241 5624 Τὸ
1304 5565 1716 5642 δεδοξασμένον.
1755 5596 1780 5620 ››
1841 5572 1969 5627 Οἶον

317 5658 347 5714 δ
378 5653 604 5733 νόμοςό
665 5654 819 5730 δόξαν
861 5651 1003 5734 ἔχων
1062 5653 1151 5712 διὰ
1202 5661 1294 5713 τοῦ
1356 5658 1651 5733 προσώπου
1707 5658 1965 5723 Μωσέως.

2091 4684 2255 4736 tanta
2278 4688 2385 4743 est,
2420 4682 2631 4752 inquit,
2666 4681 2737 4735 ad
2771 4682 3078 4736 ministros
3108 4682 3309 4752 gratia:
3342 4681 3607 4737 reditura
3625 4684 3745 4757 glo-

2088 4768 2195 4829 ria.
2232 4776 2296 4823 ut
2324 4770 2536 4823 merito
2570 4786 2762 4839 neque
2794 4770 3040 4841 gloriam
3075 4787 3202 4824 esse
3232 4770 3389 4825 dicat
3421 4771 3739 4843 quispiam,

2088 4882 2218 4921 eam
2252 4883 2382 4937 quae
2414 4870 2611 4923 Mosen
2675 4873 2875 4923 secuta
2908 4874 3017 4933 est,
3053 4868 3101 4921 si
3153 4868 3225 4923 ad
3268 4870 3375 4924 hos
3434 4870 3733 4941 respiciat.

2089 4955 2389 5026 Siquidem
2426 4956 2681 5011 lucernm
2716 4956 2813 5010 lux
2846 4957 2906 5009 in
2932 4964 3104 5011 nocte
3135 4958 3368 5012 videtur
3389 4975 3515 5013 esse
3549 4959 3742 5030 splen-

2086 5044 2395 5100 didissima
2409 5052 2467 5099 at
2486 5046 2544 5098 in
2562 5044 2811 5099 meridie
2836 5045 3339 5108 occultatur.etne
3372 5048 3468 5101 lux
3494 5048 3737 5118 quidem

2086 5148 2213 5187 esse
2245 5134 2635 5187 existimatur.
2675 5134 2881 5204 Legem
2915 5140 3112 5189 autem
3177 5136 3325 5189 dixit
3354 5135 3577 5189 aboleri
3624 5152 3635 5189 :
3668 5141 3737 5192 ut

2085 5239 2215 5293 quas
2247 5222 2321 5277 ad
2352 5224 2563 5277 Christi
2597 5224 2975 5295 prmsentiam
3001 5226 3349 5279 cessaverit:
3384 5225 3732 5296 gratiaevero

2082 5311 2303 5365 donum
2338 5319 2671 5379 manere,ut
2703 5313 2860 5383 quod
2894 5311 3071 5367 ﬁnem
3101 5331 3219 5368 non
3253 5312 3549 5368 habeat.Si
3587 5330 3723 5386 ergo

2080 5400 2472 5472 illud,inquit,
2510 5404 2783 5457 sortitum
2814 5408 2901 5456 est
2927 5402 3195 5473 gloriam,
3234 5404 3611 5458 manifestum
3646 5410 3735 5459 est

2082 5489 2237 5559 quod
2269 5491 2425 5545 istud
2461 5491 2644 5545 multo
2679 5491 2965 5562 majorem
2989 5493 3325 5546 sortietur.«
3357 5492 3521 5557 Quod
3550 5493 3727 5565 glori-

2080 5578 2319 5633 ficatum
2356 5586 2461 5634 est.
2500 5604 2525 5629 ››
2584 5582 2729 5635 Puta
2758 5580 2853 5634 lex
2885 5598 3015 5651 qua:
3046 5581 3295 5653 gloriam
3355 5582 3562 5637 habuit
3618 5600 3724 5654 per

2078 5668 2289 5725 faciem
2323 5670 2484 5726 Mosi.
2522 5694 2547 5721 α
2584 5671 2649 5726 In
2676 5672 2779 5726 bac
2829 5676 3009 5743 parte.
3048 5694 3072 5720 ‹‹
3108 5671 3171 5729 In
3212 5678 3378 5745 parte
3413 5689 3722 5745 compara-
