4048 6250
357 397 471 457 951

1428 374 1848 441 (ECUMENH
1894 367 2197 431 TlllCCE
2238 363 2612 427 EPISCOPI.

3655 342 3765 403 952

361 527 543 587 tionis
571 539 674 580 seu
723 518 1060 576 collationis
1088 514 1256 574 nulla
1284 518 1375 569 est
1402 512 1542 566 Mosi
1573 508 1779 583 gloria,
1804 520 2004 576 quan-
2037 538 2048 569 λ

2177 500 2270 555 Ἐν
2298 495 2479 567 τούτῳ
2508 497 2587 565 τῷ
2620 488 2792 567 μέρει.
2829 511 2858 541 »ι
2881 489 2970 543 Ἐν
2997 488 3081 587 vii:
3108 483 3258 557 μέρει
3299 485 3401 548 τῆς
3436 472 3773 553 συγκρίσεως

365 631 543 691 quam
573 612 938 685 gloriﬁcatus
972 613 1076 661 est.
1124 607 1265 660 Nam
1298 603 1347 657 si
1378 601 1453 657 ad
1495 602 1713 655 Novum
1745 594 2014 651 conferas

364 708 807 764 Testamentum
841 696 1111 766 non,fuit
1131 692 1517 767 gloriﬁcatus.
1548 710 1578 758 μ
1606 689 1852 756 Propter
1879 682 2019 735 emi-

365 800 610 851 nentem
671 789 939 863 gloriam.
991 806 1020 834 »
1053 784 1236 848 Quam
1286 778 1465 834 habet
1494 775 1768 832 videlicet
1798 774 2017 827 Novum

367 884 832 938 Testamentum.
868 901 894 926 u
935 874 1161 929 Etenim
1197 872 1242 926 si
1277 869 1435 942 quod
1472 866 1747 923 aboletur
1774 862 1886 917 fuit
1917 876 2021 932 per

370 970 645 1042 gloriam.
675 990 704 1019 »
735 965 959 1023 Deinde
990 964 1167 1019 etiam
1203 977 1275 1015 ex
1307 954 1722 1031 permanentia
1763 949 2024 1006 ostendit

373 1038 809 1117 excellentiam.
844 1057 989 1111 Nam
1033 1052 1081 1108 si
1115 1052 1230 1118 lex,
1264 1047 1480 1118 inquit,
1540 1061 1670 1116 quae
1728 1038 2024 1097 abolenda

375 1156 587 1209 eratac
616 1153 938 1204 cessatura.
972 1159 1079 1215 per
1106 1139 1352 1213 gloriam
1376 1137 1514 1191 data
1543 1139 1651 1197 est,
1684 1130 1873 1187 multo
1905 1144 2027 1183 ma-

374 1240 463 1314 gis
490 1239 714 1294 Novum
746 1237 1185 1291 Testamentum
1222 1225 1380 1299 quod
1412 1239 1645 1295 semper
1675 1221 2024 1277 duraturum

374 1334 487 1396 est,
509 1327 622 1382 erit
660 1327 723 1381 in
752 1320 1115 1395 intelligibili
1147 1317 1355 1391 gloria.

446 1417 669 1481 Ill,l2-l
682 1416 979 1485 5.«ltaque
992 1426 1125 1466 cum
1140 1407 1468 1463 habeamus
1479 1400 1821 1476 bujusmodi
1839 1416 2026 1471 spem,

384 1526 413 1555 ‹‹
434 1505 622 1561 multa
642 1504 914 1559 libertate
932 1500 1158 1556 utimur
1172 1503 1381 1564 ;etnon
1399 1495 1553 1549 sicut
1568 1494 1755 1546 Moses
1773 1488 2033 1561 ponebat

381 1597 690 1659 «velamen
714 1594 789 1650 ad
808 1591 1020 1647 faciem
1039 1604 1207 1643 suam
1230 1602 1304 1641 ne
1322 1582 1701 1640 intenderent
1720 1579 1826 1634 ﬁlii
1850 1576 2032 1632 Israel

389 1715 410 1743 ι
445 1691 508 1747 in
533 1688 717 1743 ﬁnem
749 1683 879 1754 ejus
901 1678 1060 1751 quod
1080 1675 1369 1732 aboletur.
1404 1670 1517 1727 Sed
1565 1667 1845 1725 obcaecati
1895 1669 2035 1721 sunt

382 1804 412 1834 α
436 1792 646 1836 sensus
665 1773 927 1829 illorum.
962 1770 1102 1823 Nam
1149 1780 1336 1835 usque
1372 1762 1446 1817 ad
1468 1760 1627 1816 diem
1677 1757 2030 1812 hodiernum

2120 586 2207 643 καὶ
2268 585 2639 659 παραθέσεως,
2699 579 2799 635 οὐκ
2853 575 2966 632 ἔστι
3049 570 3178 642 δόξα
3228 574 3326 625 τοῦ
3384 567 3681 624 Μωῦσέως
3728 561 3775 617 εἰ

2122 679 2213 735 καὶ
2258 658 2539 747 ἐδοξάσθη.
2603 674 2683 731 Οὐ
2738 672 2838 747 γαρ
2890 665 3221 737 δεδόξασται,
3279 662 3326 717 εί
3383 658 3665 733 συγκρίνα
3715 658 3779 727 τῇ

2127 774 2238 844 νέᾳ.
2303 795 2329 821 ‹‹
2388 771 2603 826 Ἕνεκεν
2680 772 2782 835 τῆς
2844 755 3298 832 ὑπερϐαλλούσης
3368 751 3565 821 δόξης,
3630 773 3658 799 ιι
3721 748 3779 815 ἦν

2127 864 2268 945 ἔχει,
2300 863 2578 918 τουτέστιν
2610 863 2646 929 ἡ
2677 858 2766 913 νέα
2823 880 2850 906 α
2883 854 2943 911 Ei
2977 853 3080 930 γαρ
3109 850 3172 905 τὸ
3208 846 3665 922 καταργούμενον
3708 837 3789 894 διὰ

3027 941 3037 945 Α
3184 935 3206 945 λ
3250 937 3262 945 .
3510 935 3527 945 .
3607 928 3636 945 κ

2129 928 2310 1026 δόξης.
2351 978 2378 1003 ››
2411 951 2541 1009 Εἶτα
2571 948 2662 1003 καὶ
2693 946 2753 1002 ἐκ
2780 947 2877 1001 τοῦ
2911 928 3149 1015 μονίμου
3181 935 3413 993 δείκνυσι
3457 935 3571 1000 τῆν
3605 928 3793 1005 διαιρο-

2132 1048 2248 1119 prim.
2308 1042 2372 1099 Εἰ
2429 1039 2533 1115 γάρ
2593 1038 2620 1092 ὁ
2677 1034 3084 1108 καταργεῖσθαι,
3142 1027 3297 1108 φησὶ.
3375 1022 3469 1079 καὶ
3529 1019 3797 1076 παύεσθαι

2139 1107 2359 1207 μέλλων
2392 1107 2584 1203 νόμος,
2617 1124 2709 1181 διὰ
2739 1107 2898 1194 δόξης
2924 1118 3110 1190 ἐδόθη,
3159 1107 3333 1173 πόσον
3389 1110 3625 1188 μᾶλλον
3654 1111 3691 1177 ἡ
3722 1107 3795 1161 ἀεὶ

2133 1203 2267 1277 οὖσα
2299 1221 2387 1276 καὶ
2422 1217 2652 1291 ἐσομένη
2684 1215 2779 1269 νέα
2807 1210 2953 1268 ἔσται
2983 1209 3034 1264 ἐν
3062 1209 3234 1280 νοητῇ
3271 1203 3423 1278 δόξῃ.

2207 1417 2467 1486 Ἔχοντες
2521 1405 2614 1462 οὖν
2668 1402 2925 1473 τοιαύτην
3008 1395 3226 1465 ἐλπίδα,
3296 1392 3493 1465 πολλῇ
3583 1387 3805 1464 παρρη-

2140 1499 2229 1571 σίᾳ
2274 1479 2562 1577 Ξρώμεθα,
2614 1492 2703 1549 καὶ
2763 1493 2827 1547 οὐ
2884 1489 3121 1562 καθάπερ
3174 1488 3415 1552 Muniis-ﬁ:
3478 1479 3649 1548 ἐτίθη
3711 1479 3806 1531 κέ·

2140 1586 2339 1662 λυμμα
2383 1585 2470 1641 ἐπὶ
2521 1585 2585 1640 τῖε
2644 1581 2936 1654 πρόσωπον
2992 1577 3159 1632 αὐτοῦ
3210 1575 3344 1648 πρὸς
3404 1571 3468 1626 τὸ
3539 1572 3625 1643 μὴ
3692 1567 3805 1621 ἀτε-

2141 1676 2285 1731 νίσαι
2379 1676 2505 1736 τοὺς
2590 1672 2742 1732 υἱοὺς
2815 1665 3037 1743 Ἰσραὴλ
3125 1664 3200 1726 εἰς
3282 1663 3346 1716 τὸ
3432 1657 3614 1719 τέλος
3714 1657 3807 1710 τοῦ

2144 1765 2609 1842 καταργουμένου,
2646 1758 2774 1816 ἀλλ’
2832 1756 3100 1832 ἐπωρώθη
3153 1752 3220 1807 τά
3272 1752 3531 1822 νοήματα
3597 1747 3805 1802 αὐτῶν.

383 1895 410 1922 ι(
428 1868 699 1926 velamen
722 1863 785 1917 in
802 1858 1059 1915 lectione
1075 1852 1299 1911 Veteris
1311 1847 1670 1905 Testamenti
1684 1846 2032 1909 manet,n0n

2159 1834 2453 1929 'Axp-tvyip
2502 1856 2601 1919 τῆς
2659 1851 2896 1922 σήμερον
2951 1844 3012 1899 τὸ
3070 1841 3201 1897 αὐτὸ
3254 1837 3533 1910 κάλυμμα
3584 1834 3683 1890 ἐπὶ

383 1982 412 2011 ‹‹
435 1924 756 2018 detectum,
782 1946 939 2020 quod
978 1961 1084 2017 per
1116 1942 1413 2025 Qhristum
1461 1937 1801 2002 aboleatur;
1836 1933 1938 1989 sed
1956 1932 2029 1987 ad

2159 1924 2434 2019 ιναγνώσει
2491 1947 2592 2010 τῆς
2651 1936 2894 1999 ῐιαλαιᾶς
2942 1934 3216 2001 Διαθήκης
3306 1928 3455 2001 μένει
3523 1927 3609 1999 μὴ
3688 1924 3809 1978 ἀνα-

383 2070 412 2099 ‹‹
444 2048 605 2103 hunc
638 2055 825 2110 usque
859 2036 1017 2091 diem
1067 2024 1200 2088 cum
1258 2029 1475 2102 legitur
1523 2028 1732 2093 Moses,
1760 2024 2030 2079 velamen

383 2159 412 2188 ι(
446 2149 627 2206 super
655 2144 758 2186 cor
796 2125 1040 2181 illorum
1071 2119 1332 2193 ponitur.
1368 2140 1395 2167 »

456 2309 749 2379 Quoniam
781 2303 1122 2361 auditorum
1155 2296 1477 2353 inﬁrmitas
1500 2310 1620 2350 non
1642 2291 1877 2347 videbat
1894 2289 2038 2345 Novi

386 2396 744 2461 Testamenti
774 2392 1026 2467 gloriam
1078 2390 1294 2462 (neque
1343 2384 1504 2441 enim
1536 2381 1836 2439 sensibilis
1866 2381 2035 2448 erat),

391 2491 497 2549 sed
526 2488 598 2546 ad
635 2501 762 2542 eam
799 2482 949 2538 bene
980 2481 1194 2536 aﬂ'ecta
1215 2480 1357 2541 erat,
1410 2474 1483 2530 ad
1505 2474 1772 2529 futurum
1806 2476 2038 2540 tempus

389 2583 552 2654 ipsos
586 2575 872 2632 remittit:
906 2571 1037 2626 ideo
1088 2583 1325 2640 quoque
1378 2564 1504 2636 spei
1560 2561 1833 2618 meminit
1884 2558 2039 2614 620

394 2646 433 2720 «-
453 2664 802 2740 Hujusmodi
836 2677 1024 2733 spem,
1060 2681 1086 2708 »
1116 2657 1328 2727 inquit.
1359 2651 1733 2725 Hujusmodi,
1766 2646 2043 2720 qualem?

392 2756 557 2825 Quod
586 2772 694 2810 nos
718 2754 947 2823 majora
971 2746 1377 2818 acceperimus
1400 2758 1577 2813 quam
1597 2745 1759 2795 vetus
1789 2736 2043 2810 populus

394 2844 779 2902 Israeliticus.
819 2859 841 2887 ι
877 2838 1055 2893 Multa
1084 2835 1353 2890 libertate
1402 2831 1650 2885 utimur.
1683 2850 1712 2877 ››
1766 2826 2044 2893 Quando-

401 2933 645 3007 quidem
674 2931 852 3004 igitur
872 2944 982 2982 nos
995 2925 1133 2981 Novi
1155 2920 1514 2977 Testamenti
1537 2917 1796 2974 ministri
1818 2916 2048 2987 majora

399 3005 761 3094 accepimus,
793 3014 1283 3090 praedicationem
1314 3026 1448 3067 cum
1502 3023 1717 3080 magna
1772 3005 2046 3061 libertate

399 3111 816 3188 prmdicamus,
849 3105 1000 3161 nihil
1033 3102 1400 3161 occultantes
1429 3114 1623 3170 neque
1655 3095 1907 3160 remissi,
1940 3111 2047 3149 ne-

399 3218 514 3276 que
544 3199 712 3256 veriti
755 3214 828 3253 ne
870 3201 1125 3252 vestram
1173 3190 1574 3264 percutiamus
1623 3185 2047 3242 conscientiam

397 3272 642 3366 propter
654 3284 1092 3361 praedicationis
1104 3272 2053 3347 absurditatem,quemadmodum

404 3363 593 3435 Moses
650 3374 902 3431 feriebat
958 3376 1231 3442 aspectus
1300 3368 1658 3422 Iudaeorum.
1720 3366 1832 3419 Vos
1891 3363 2051 3419 enim

403 3463 917 3539 pulchritudinem
970 3475 1101 3530 quae
1150 3462 1240 3512 est
1284 3457 1345 3510 in
1404 3453 1823 3526 praedicatione
1853 3451 2050 3506 videre

404 3552 655 3629 potestis
689 3568 702 3606 :
739 3556 801 3606 ut
833 3562 1213 3618 nequaquam
1263 3542 1560 3599 feriamini
1592 3542 1913 3606 intuentes,
1945 3556 2052 3595 ne-

400 3660 515 3719 que
548 3646 770 3705 mente,
813 3653 1006 3710 neque
1061 3632 1422 3705 intelligibili
1480 3635 1740 3701 aspectu.
1775 3649 1801 3680 α
1832 3630 1902 3683 Et
1930 3644 2051 3683 non

400 3738 556 3795 sicut
593 3735 799 3788 Moses.
839 3751 866 3778 ››
926 3730 1006 3782 Ac
1067 3725 1114 3780 si
1167 3723 1460 3796 quispiam
1517 3720 1798 3775 dixisset:
1860 3719 2052 3783 Quare

401 3830 604 3899 aperte
661 3817 997 3893 praedicatis
1054 3820 1113 3870 et
1171 3829 1291 3869 non
1350 3812 1413 3866 in
1470 3809 1713 3865 modum
1742 3806 2052 3863 velaminis

406 3896 819 3973 obumbrando
852 3904 1167 3977 loquimini
1199 3903 1227 3958 ‘2
1254 3904 1443 3968 Quare
1464 3900 1492 3956 ‘l
1522 3898 1786 3954 Primum
1810 3896 2052 3969 quidem

358 4062 367 4083 τ
405 4001 775 4061 confidentes
803 3998 867 4053 in
888 3996 1143 4068 puritate
1168 3990 1609 4064 praedicationis
1635 4006 1648 4056 ;
1673 3987 1884 4043 deinde
1917 3987 2056 4057 quia

348 4080 367 4085 ﬂ
408 4111 510 4150 vos
540 4105 776 4164 quoque
807 4086 1002 4141 videre
1033 4083 1280 4156 potestis
1328 4097 1459 4136 eam
1510 4095 1641 4151 quae
1675 4079 1736 4131 in
1771 4075 2059 4149 praedica—

409 4183 573 4237 tione
604 4184 692 4235 est
721 4172 1248 4248 pulchritudinem.
1282 4171 1479 4240 Neque
1529 4169 1688 4222 enim
1737 4166 1916 4220 veluti
1948 4166 2059 4234 ,Ιο-

413 4270 521 4331 dmi
555 4265 861 4325 caacutitis.
893 4265 1122 4329 Quanto
1154 4260 1315 4315 enim
1360 4259 1583 4313 Novum
1613 4257 2054 4310 Testamentum

412 4361 609 4433 majus
638 4362 747 4424 est,
778 4359 940 4410 tanto
969 4367 1203 4422 quoque
1238 4349 1429 4418 major
1459 4352 1547 4400 est
1573 4345 1924 4400 excellentia
1956 4360 2057 4399 eo—

412 4465 549 4506 rum
581 4446 685 4518 qui
715 4444 1026 4500 docentur.
1064 4461 1091 4490 ‹‹
1119 4438 1202 4494 Ne
1250 4435 1631 4491 intenderent
1660 4434 1765 4489 ﬂlii
1793 4433 1991 4488 Israel.
2030 4452 2056 4480 »

418 4540 491 4596 Ut
520 4535 767 4592 intentis
798 4528 1016 4602 inquit,
1049 4526 1234 4584 oculis
1264 4526 1327 4581 in
1374 4524 1587 4579 faciem
1615 4522 1744 4595 ejus
1772 4539 1893 4578 non
1924 4538 2058 4592 per-

418 4627 722 4700 spicerent
749 4621 810 4677 id
840 4618 999 4692 quod
1025 4620 1393 4673 cessaturum
1425 4619 1552 4669 erat
1604 4629 1671 4668 ac
1702 4611 2063 4667 abolendum

420 4716 493 4772 ab
525 4729 594 4769 ea
623 4712 830 4785 gloria.
861 4708 1073 4763 Volens
1127 4710 1325 4761 autem
1357 4700 1671 4757 ostendere
1715 4701 1906 4755 brevis
1936 4715 2066 4754 esse

418 4803 707 4875 temporis
718 4800 968 4873 gloriam
983 4798 1020 4852 il
1031 4798 1462 4867 lam,quantum
1475 4793 1548 4848 ad
1562 4792 2070 4864 comparationem

424 4893 625 4968 gloria:
649 4908 778 4962 quae
802 4903 1036 4958 semper
1059 4889 1329 4941 maneret
1348 4884 1408 4938 in
1429 4884 1603 4948 Novo,
1624 4882 1707 4937 ait
1731 4886 1861 4949 ;«ln
1888 4882 2068 4936 ﬁnem

426 4984 557 5056 ejus
614 4977 774 5053 quod
821 4977 1176 5045 aboletur,»
1239 4991 1307 5030 ac
1365 4974 1413 5028 si
1472 4973 1730 5028 diceret:
1774 4971 1919 5025 Cum
1949 4986 2071 5026 non

424 5069 730 5148 potuerint
759 5069 819 5124 in
865 5066 1113 5140 gloriam
1163 5062 1472 5118 intendere
1528 5061 1829 5121 Israelitaa.
1864 5076 2072 5117 conse-

429 5177 621 5237 quens
649 5164 739 5215 est
766 5162 833 5214 ut
876 5155 1054 5211 ﬁnem
1096 5153 1310 5209 habeat
1356 5168 1423 5207 ac
1471 5157 1662 5207 cesset
1705 5150 1808 5207 illa
1838 5149 2068 5222 gloria:

430 5272 562 5328 quas
594 5250 741 5306 adeo
769 5247 961 5303 brevis
981 5251 1109 5301 erat
1134 5243 1440 5315 temporis.
1473 5247 1537 5296 ut
1593 5241 1772 5296 simul
1825 5246 1883 5294 et
1911 5239 2075 5295 ince-

427 5345 584 5416 perit
615 5347 673 5396 et
702 5336 1052 5395 cessaverit:
1089 5350 1282 5404 neque
1308 5338 1505 5387 tamen
1544 5333 1607 5386 in
1636 5331 1822 5395 illam,
1856 5329 2071 5399 inquit,

433 5434 696 5504 aspicere
753 5432 1094 5500 potuerunt,
1126 5424 1273 5479 adeo
1320 5427 1489 5477 erant
1517 5421 1865 5477 imbecilles.
1906 5440 1926 5467 α
1963 5419 2077 5476 Sed

435 5519 714 5576 obcaecati
748 5523 886 5572 sunt
917 5530 1126 5571 sensus
1159 5513 1417 5567 illorum.
1457 5533 1484 5560 ››
1519 5512 1636 5565 Hoc
1667 5512 2078 5577 est,excaacata

441 5613 531 5665 est
563 5624 731 5665 mens
762 5606 1026 5672 illorum,
1059 5603 1237 5675 idque
1268 5601 1438 5667 adeo,
1473 5605 1536 5655 ut
1561 5616 1681 5656 non
1710 5606 1855 5656 tunc
1886 5599 2078 5654 solum

438 5695 582 5756 Mosi
614 5692 858 5767 gloriam
893 5693 1088 5750 videre
1119 5708 1238 5748 non
1294 5689 1619 5764 potuerint,
1658 5690 1763 5746 sed
1792 5705 1866 5746 ne
1918 5704 2080 5746 nunc

2136 2009 2578 2104 καλυπτόμενον,
2637 2027 2720 2083 ὅτι
2805 2024 2856 2079 ἐν
2912 2024 3129 2097 Χριστῷ
3201 2021 3580 2092 καταργεῖται.
3645 2009 3804 2069 Ἀλλ’

2094 2111 2101 2117 ’
2136 2120 2241 2182 in):
2276 2101 2516 2193 σήμερον
2551 2117 2707 2186 ἡνίκα
2738 2113 3174 2189 ἀναγινώσκηται
3231 2109 3462 2174 Μωσῆς,
3526 2101 3806 2174 κάλυμμα

2139 2213 2228 2270 ἐπὶ
2258 2214 2358 2282 τὴν
2389 2207 2612 2285 καρδίαν
2644 2205 2820 2262 αὐτῶν
2852 2209 3048 2259 κεῖται.

2210 2298 2442 2370 Ἐπειδή
2501 2299 2564 2355 τὸ
2622 2295 2837 2359 ἀσθενὲς
2883 2296 2990 2346 τῶν
3076 2289 3356 2360 ἀκροατῶν
3417 2284 3525 2339 ούκ
3605 2276 3807 2369 ἔϐλεπξ

2141 2396 2240 2463 τήν
2302 2391 2459 2463 δόξαν
2512 2396 2612 2459 τῆς
2669 2388 2807 2448 Νέας
2869 2383 2954 2455 (ού
3039 2383 3145 2458 γὰρ
3203 2380 3268 2449 ἦν
3328 2377 3618 2445 αἰσθητή),
3681 2350 3807 2429 σὶλλ⁹

2146 2484 2384 2558 ίλιγγία,
2441 2481 2518 2542 εἰς
2598 2479 2690 2533 τὸν
2782 2473 3055 2548 μέλλοντα
3114 2470 3308 2546 χρόνον
3370 2466 3572 2527 αὐτοὺς
3628 2483 3803 2537 παρα-

2146 2573 2374 2644 πέμπει.
2410 2569 2503 2625 Διὸ
2534 2568 2624 2624 καὶ
2658 2563 2884 2624 ἐλπίδος
2946 2561 3240 2637 μέμνηται.
3279 2582 3307 2611 ι(
3363 2555 3663 2625 Τοιαύτην,
3697 2574 3800 2629 ση-

2146 2662 2250 2727 σέν,
2281 2657 2502 2715 ἐλπίδα.
2544 2685 2562 2708 ι
2597 2654 2895 2724 Τοιαύτην,
2927 2651 3091 2708 ποίαν
3124 2668 3138 2717 ;
3173 2647 3258 2703 ὅτι
3320 2644 3585 2721 μειζόνων
3635 2645 3793 2714 ἡμεῖς

2147 2751 2486 2823 ἠξιώθημεν,
2519 2749 2555 2817 ἢ
2608 2747 2636 2800 ὁ
2688 2744 2861 2799 πάλαι
2919 2736 3163 2810 Ἰσραήλ.
3204 2763 3224 2787 α
3271 2732 3468 2807 Πολλῇ
3525 2729 3789 2808 παρῥησὲᾳ

2151 2819 2441 2911 λέώμεθα.
2472 2819 2506 2888 ⁷))
2540 2834 2694 2891 Ἐπεὶ
2726 2831 2817 2888 οὖν
2860 2829 3121 2904 μειζόνων
3176 2828 3342 2899 ἡμεῖς
3400 2823 3451 2878 οἱ
3507 2826 3604 2887 τῆς
3653 2819 3780 2878 Νέας

2154 2925 2401 2982 διάκονοι
2453 2924 2790 2995 ἠξιώθημεν,
2850 2920 2986 2995 μετά
3062 2914 3373 2990 παρρησίας
3425 2913 3488 2967 τὸ
3537 2913 3767 2985 κήρυγμα

2150 3016 2525 3090 κηρύσσομεν,
2556 3008 2709 3067 οὐδὲν
2748 3007 3210 3083 ἀποκρύπτοντες,
3273 2999 3402 3057 οὐδὲ
3454 2995 3760 3055 ἀποστελλό-

2159 3124 2331 3179 μενοι,
2363 3098 2487 3159 ούδὶ
2516 3096 2821 3161 δεδοικότες
2855 3099 2930 3169 μή
2973 3093 3269 3165 πλήξωμεν
3305 3092 3458 3163 ὑμῶν
3512 3091 3601 3156 τὴν
3654 3106 3767 3139 συν-

2162 3192 2367 3263 είδησιν
2403 3188 2493 3246 διὰ
2522 3189 2618 3258 τὴν
2662 3185 2884 3242 ἀτοπίαν
2940 3186 3035 3237 τοῦ
3081 3180 3454 3255 κηρύγματος,
3516 3175 3685 3249 ὥσπερ
3755 3174 3780 3227 δ

2162 3287 2365 3350 Μωσῆς
2426 3277 2664 3348 ἔπληττε
2719 3275 2815 3337 τὰς
2886 3277 2993 3328 τῶν
3055 3267 3335 3327 Ἰουδαίων
3389 3264 3565 3342 ὄψεις.
3623 3266 3789 3337 Ὑμεῖς

2157 3372 2258 3448 γὰρ
2291 3368 2424 3424 ἰδεῖν
2464 3368 2526 3422 τὸ
2583 3366 2701 3420 ἒνόν
2756 3365 2837 3433 τῷ
2896 3357 3212 3434 κηρύγματι
3276 3352 3493 3416 καλλος
3555 3351 3794 3416 δύνασθε,

2158 3459 2249 3515 καὶ
2284 3458 2382 3513 οὐκ
2413 3454 2473 3510 ἅν
2523 3450 2826 3529 πληγεῖητε
2883 3449 3115 3521 ὁρῶντες
3170 3441 3299 3499 οὐδὲ
3362 3444 3456 3498 τὸν
3504 3446 3630 3497 νοῦν
3684 3438 3801 3496 οὐδὲ

2158 3548 2252 3609 τὰς
2280 3548 2477 3614 νοητὰς
2511 3539 2689 3617 ὄψεις.
2732 3565 2758 3592 ι(
2798 3539 2893 3596 Καὶ
2927 3536 2989 3592 ού
3043 3534 3281 3610 καθάπερ
3335 3536 3601 3602 Μωϋσῆς,
3639 3558 3665 3582 ιι
3715 3530 3801 3587 Διὰ

2159 3635 2213 3690 τί
2244 3632 2324 3699 δὲ,
2356 3634 2429 3695 ὡς
2481 3635 2528 3686 εἱ
2581 3629 2700 3686 εἷπέ
2752 3649 2858 3696 τις,
2916 3621 3438 3695 ἀνακεκαλυμμένως
3487 3622 3801 3696 κηρύσσετε,

2159 3723 2249 3779 καὶ
2288 3723 2350 3778 ού
2407 3719 2565 3791 δίκην
2621 3716 2986 3791 καλύμματος
3045 3711 3476 3784 ἐπεσκιασμένως
3535 3709 3801 3777 λαλεῖτε;

2165 3814 2264 3868 Διά
2292 3811 2344 3867 τί
2374 3830 2388 3880 ;
2423 3813 2646 3884 Ηρῶτον
2684 3806 2779 3881 μὲν
2810 3804 3134 3882 θαρροῦντες
3164 3806 3244 3874 τῷ
3299 3802 3522 3875 καθαρῷ
3554 3804 3653 3855 τοῦ
3709 3821 3806 3873 κη-

2166 3901 2466 3978 ρύγματος,
2497 3892 2681 3953 ἔπειτα
2711 3897 2795 3950 ὅτι
2830 3895 2988 3967 ὑμεῖς
3021 3892 3111 3946 καὶ
3143 3888 3274 3945 ἰδεῖν
3309 3886 3534 3943 δύνασθε
3576 3890 3638 3943 τὸ
3694 3888 3805 3944 ἐνὸν

2164 3976 2852 4064 τῷγκηρύγματικάλλος.
2909 3981 2986 4040 Ού
3044 3981 3148 4056 γὰρ
3205 3977 3292 4033 ἴσα
3349 3976 3638 4042 Ἰουδαίοις
3704 3978 3807 4050 ἀμ-

2166 4074 2497 4134 ϐλυώττετε.
2529 4077 2681 4145 "(lup
2734 4071 2837 4149 γάρ
2896 4071 2931 4141 ἡ
2991 4069 3082 4124 νέα
3143 4070 3365 4142 μείζων,
3422 4068 3674 4140 τοσούτῳ
3724 4066 3813 4123 καὶ

2163 4173 2272 4224 τῶν
2301 4167 2757 4240 μαθητευομένων
2791 4161 2854 4216 τὸ
2887 4157 3170 4235 διάφορον.
3205 4182 3233 4208 (ι
3267 4159 3408 4228 Πρὸς
3465 4158 3529 4212 τὸ
3566 4160 3642 4229 μὴ
3697 4158 3812 4214 ἀτε-

2155 4259 2313 4313 -νίσαι
2341 4256 2468 4316 τοὺς
2500 4254 2649 4315 υἱοὺς
2684 4248 2927 4327 Ἰσραήλ.
2964 4272 2991 4300 ››
3022 4250 3188 4304 ’Ὥστε
3248 4248 3324 4319 μὴ
3383 4246 3651 4317 ἀτενίσαι,
3707 4270 3816 4328 φη-

2169 4346 2275 4414 σῖν,
2337 4344 2416 4406 εἷς
2472 4343 2535 4397 τὸ
2575 4341 2867 4416 πρόσωπον
2929 4337 3114 4406 αὐτοῦ,
3173 4336 3235 4391 τὸ
3290 4339 3674 4411 καταργεῖσθαι
3730 4337 3819 4391 καὶ

2167 4434 2425 4491 παύεσθαι
2470 4430 2675 4507 μέλλον
2707 4428 2813 4484 ἀπὸ
2844 4433 2942 4495 τῆς
2975 4423 3159 4498 δόξης.
3198 4423 3542 4497 Βουλόμενος
3567 4423 3626 4479 δὲ
3657 4424 3819 4496 δεῖξαι

2171 4521 2567 4598 ὀλιγοχρόνιον
2599 4522 2697 4589 τήν
2730 4515 2884 4590 δόξαν
2936 4514 3170 4584 ἐκείνην,
3220 4515 3295 4578 ὡς
3348 4514 3483 4590 πρὸς
3547 4514 3820 4590 σύγκρισιν

2095 4594 2689 4688 Βτῆς-ἀεὶ-μενούσης
2720 4611 2771 4666 ἐν
2817 4613 2886 4682 τῇ
2943 4608 3032 4679 νέᾳ
3089 4604 3245 4683 δόξῃ,
3303 4607 3490 4686 φησὶν,
3551 4632 3580 4660 ι(
3638 4608 3729 4674 Εἰς
3756 4609 3817 4663 τὸ

2176 4705 2335 4768 τέλος
2362 4708 2459 4760 τοῦ
2488 4700 2953 4778 καταργουμένου,
2990 4721 3018 4751 ››
3050 4697 3126 4759 ὡς
3183 4697 3229 4751 εἰ
3286 4693 3492 4770 ἔλεγενσ
3525 4698 3691 4756 Ὀταν
3724 4698 3818 4754 οὐχ

2176 4793 2444 4867 ἠδύναντο
2485 4790 2716 4847 ἀτενίσαι
2776 4793 2846 4863 τῇ
2906 4784 3033 4861 δόξῃ
3098 4787 3149 4841 οἱ
3200 4783 3562 4857 Ἰσραηλίται,
3624 4785 3815 4843 λοιπὸν

2178 4883 2337 4946 τέλος
2370 4883 2488 4957 εἶχε
2515 4880 2606 4935 καὶ
2639 4877 2907 4935 ἐπαύσατο
2939 4877 2973 4947 ἠ
3009 4873 3136 4946 δόξα
3193 4874 3390 4945 ἐκείνη.
3452 4874 3642 4938 Οὕτως
3701 4875 3816 4933 ὀλι-

2177 4974 2475 5053 γοχρόνιος
2497 4971 2588 5039 ἦν,
2622 4969 2696 5030 ὡς
2734 4968 2850 5039 ’ἅμα
2908 4970 2988 5037 τῷ
3044 4963 3300 5040 ἄρξασθαι
3356 4963 3445 5018 καὶ
3502 4965 3819 5024 παύσασθαι.

2180 5062 2339 5118 Ἀλλ’
2371 5057 2500 5116 οὐδὲ
2534 5057 2610 5119 εὶς
2663 5055 2897 5127 ἓκείνην,
2959 5053 3142 5135 φησὶν,
3192 5050 3325 5107 ἰδεῖν
3383 5050 3679 5125 ἠδύναντο,
3736 5056 3825 5113 οὗ..

2180 5172 2289 5212 τως
2328 5152 2463 5219 ἦσαν
2521 5149 2776 5208 ἀσθενεῖς.
2812 5168 2842 5198 ιι
2901 5141 3061 5201 Ἀλλ’
3116 5141 3384 5215 ἐπωρώθη
3461 5143 3529 5198 τά
3584 5147 3827 5218 νοήματα

2186 5240 2381 5296 αύτῶν.
2441 5261 2471 5292 »
2527 5235 2830 5299 Τουτέστιν,
2890 5231 3158 5305 ἐπωρώθη
3218 5231 3399 5287 αὐτῶν
3454 5232 3483 5286 ὁ
3540 5237 3692 5299 νοῦς,
3743 5235 3825 5290 καὶ

2184 5333 2469 5396 τοσοῦτον,
2529 5324 2612 5381 ὅτι
2672 5323 2735 5379 ού
2797 5322 2962 5393 μόνον
3015 5320 3140 5377 τότε
3206 5321 3306 5388 τὴν
3373 5321 3625 5384 Μωσέως
3680 5320 3824 5394 δόξαν

2185 5417 2316 5475 ἰδεῖν
2344 5418 2444 5473 οὒκ
2474 5414 2687 5491 ἴσχυον,
2729 5408 2858 5468 ἀλλ’
2889 5407 3014 5467 οὐδὲ
3043 5415 3134 5464 νῦν
3171 5411 3239 5465 τὰ
3294 5408 3346 5466 ἐν
3402 5414 3481 5482 τῷ
3510 5411 3668 5486 νόμῳ
3700 5412 3821 5468 ἰδεῖν

2186 5508 2471 5584 ἰσχύουσιν
2504 5505 2580 5566 ὠς
2613 5504 2749 5579 χρή.
2798 5503 2969 5576 ’Ἀχρι
3020 5500 3143 5577 γᾶρ,
3197 5499 3353 5580 φησὶ,
3408 5507 3508 5569 τῆς
3566 5504 3823 5578 σήμερον,

2186 5600 2248 5655 τὸ
2281 5596 2411 5652 αὐτὸ
2441 5594 2567 5668 παρ’
2599 5592 2784 5651 αὐτοῖς
2814 5588 3082 5661 κάλυμμα
3112 5585 3230 5662 ἔχει
3278 5587 3313 5656 ἠ
3373 5587 3678 5663 ἀνάγνωσις
3730 5592 3819 5644 τοῦ

2185 5689 2378 5764 νόμου.
2433 5687 2636 5760 "ach
2690 5679 2795 5761 γὰρ
2851 5675 3272 5753 κεκαλυμμένης
3326 5679 3426 5750 τῆς
3471 5676 3820 5756 ἀναγνώσεως

2091 3229 2134 3297 C
