4048 6250
282 360 421 419 953

1263 352 1670 415 COMMENT.
1718 355 1795 413 IN
1844 351 2087 412 EPlSl‘.
2134 355 2190 415 ΙΙ
2239 358 2341 416 AD
2386 346 2754 449 CORINTH.

3590 366 3709 426 954

277 485 347 544 οὐ
387 485 646 543 δύνανται
681 484 812 541 ἰδεῖν
860 485 926 541 τὰ
993 485 1043 540 ἒν
1102 476 1258 561 αὐτῇ,
1320 484 1448 543 οὐδὲ
1504 490 1703 562 γνῶναι
1760 483 1844 539 ὅτι
1894 481 1938 538 έν

2064 487 2303 558 quidem
2337 506 2564 560 eaquae
2598 492 2658 547 in
2716 492 2842 564 lege
2903 498 3040 550 sunt
3097 493 3293 548 videre
3350 501 3601 566 possunt
3645 501 3710 553 ut

287 587 528 659 Χριστῷ
556 589 901 661 καταργεῖται
949 582 1039 637 καὶ
1095 580 1319 635 παύεται
1350 580 1593 653 ὁνόμος.
1657 583 1767 634 Ποῦ
1826 579 1951 655 γαρ,

285 674 449 729 εἶ’ποι
488 695 595 739 τις,
639 677 801 728 τοῦτο
860 667 975 747 ἔχει
1030 672 1057 725 ὁ
1110 672 1302 743 νόμος,
1355 670 1436 724 ὅτι
1482 669 1532 724 έν
1589 670 1805 742 Χριστῷ
1862 667 1951 722 καὶ

286 761 388 818 διὰ
422 764 609 834 Ἰησοῦ
638 763 1103 837 καταργηθήσεται
1139 778 1153 828 ;
1214 759 1316 816 Καὶ
1376 759 1534 821 αὐτὸς
1598 760 1689 831 μὶν
1726 759 1752 811 6
1778 759 1950 831 νόμος

276 852 469 932 φησίν.
511 851 691 907 Εῗπὼν
723 853 823 925 γαρ
855 849 959 911 ὅτι,
996 874 1023 901 ‹‹
1056 850 1375 920 Ἀναστήσει
1415 850 1540 921 ὑμῖν
1573 850 1883 922 προφήτην,
1918 872 1936 898 ιι

281 940 586 1017 ἐπ-ήγανεν,
618 963 647 991 ‹‹
682 940 861 996 Αὐτοῦ
911 939 1199 993 ἀκούσεσθε
1266 942 1550 992 πανοτιοῦν
1603 936 1882 1012 λέγοντος·
1922 958 1946 988 υ

278 1030 451 1108 φησὶ,
484 1029 579 1083 κᾶν
617 1027 922 1084 ὑπεναντίον
950 1028 1076 1101 εἳπῃ
1132 1031 1229 1081 τοῦ
1285 1028 1480 1099 νόμου,
1539 1028 1661 1099 περὶ
1714 1025 1949 1097 Χριστοῦ

286 1119 503 1193 λέγων.
539 1118 711 1180 Αὐτός
746 1116 803 1172 δέ
828 1118 917 1172 καὶ
974 1116 1041 1171 τὰ
1100 1111 1354 1171 Σάϐϐατα
1412 1115 1589 1183 ἔλυσε,
1641 1115 1946 1191 Θεραπεύων

274 1208 331 1262 ἐν
364 1208 580 1269 αὐτοῖς.
617 1207 712 1261 Καὶ
765 1203 1163 1261 έπιδιετάσσετό
1222 1227 1360 1275 τινα,
1421 1206 1494 1266 ὡς
1548 1206 1632 1271 τὸ,
1694 1230 1719 1257 ‹‹
1757 1205 1950 1260 Ἠκού-

275 1317 413 1351 σατε
456 1298 540 1352 ὅτι
585 1295 789 1372 ἐρρήθη
840 1296 958 1357 τοίς
1007 1295 1262 1370 ἀρχαίοις
1322 1292 1465 1363 τόδε,
1526 1295 1631 1369 ἐγὼ
1687 1292 1743 1348 δὲ
1802 1294 1946 1370 λέγω

276 1389 444 1460 ὑμῖν.
482 1414 502 1440 ι
544 1386 640 1441 Καὶ
670 1407 730 1441 το
768 1387 843 1455 μὴ
876 1384 1134 1439 ἀπολύειν
1162 1390 1389 1459 γυναῖκα
1440 1381 1527 1438 διὰ
1561 1388 1723 1455 μῖσος
1756 1380 1945 1457 μόνον,

271 1476 372 1533 καὶ
406 1474 554 1530 ἀλλα
612 1472 819 1530 πόλλα.
879 1475 1107 1529 Ἔπειτα
1157 1470 1213 1527 δὲ
1272 1474 1354 1526 ὅτι
1422 1472 1794 1545 ἐντειλάμενος
1848 1471 1948 1525 αὐ-

270 1570 399 1627 τοῖς
438 1567 467 1619 6
499 1565 627 1625 Θεὸς
659 1583 712 1616 εν
769 1567 847 1633 τῷ
903 1583 1017 1634 ναῳ
1081 1563 1228 1635 μόνῳ
1282 1560 1448 1629 θύειν,
1501 1561 1592 1615 καὶ
1648 1562 1698 1615 ἐν
1768 1563 1946 1634 τούτῳ

269 1652 634 1725 περικλείσας
691 1653 786 1713 τὰς
858 1652 1063 1720 θυσίας,
1121 1652 1241 1725 εἶρα
1306 1648 1550 1705 καθελὼν
1608 1651 1789 1720 αὐτὸν,
1849 1651 1948 1706 οὐκ

270 1737 523 1811 εὔδηλον
585 1741 667 1794 ὅτι
723 1741 1059 1814 καταργήσει
1115 1740 1210 1801 τας
1269 1738 1453 1803 θυσίας
1506 1739 1596 1793 καὶ
1654 1740 1826 1803 πάσας
1851 1742 1945 1800 τὰς

2063 586 2314 652 oportet.
2349 583 2489 635 Nam
2522 582 2595 636 ad
2628 582 2786 637 hunc
2817 600 3004 653 usque
3056 584 3235 651 diem,
3287 583 3497 653 inquit,
3549 586 3705 643 idem

2063 672 2329 726 velamen
2363 670 3278 744 habetapudipsoslectiolegis.
3322 675 3496 737 Quasi
3544 676 3706 730 enim

2061 761 2251 815 velata
2274 766 2428 815 esset
2451 761 2642 818 lectio.
2668 779 2787 816 non
2811 768 3057 832 possunt
3081 762 3297 815 intueri
3328 780 3456 832 qua)
3507 764 3568 817 in
3605 764 3707 820 illa

2062 856 2219 909 sunt,
2254 866 2445 919 neque
2477 866 2832 919 cognoscere
2866 851 3019 921 quod
3053 868 3158 921 per
3214 851 3511 905 Christum
3571 854 3707 908 abo-

2060 940 2215 994 letur
2245 946 2303 993 et
2333 947 2525 993 cessat
2556 940 2649 994 lex
2703 942 2776 993 At
2824 939 2923 993 ubi
2970 940 3027 994 id
3086 940 3264 993 habet
3317 941 3429 1001 lex,
3495 942 3708 996 dixerit

2061 1029 2377 1100 quispiam,
2414 1028 2571 1098 quod
2604 1045 2708 1099 per
2737 1028 3033 1083 Christum
3068 1034 3125 1082 et
3156 1046 3259 1100 per
3314 1030 3509 1084 Iesum
3569 1031 3705 1086 abo-

2060 1118 2238 1172 lenda
2257 1123 2413 1171 esset
2435 1117 2461 1172 εἶ
2482 1116 2700 1172 Eadem
2728 1117 2856 1188 ipsa
2883 1118 2972 1171 lex
2995 1117 3156 1174 dicit.
3184 1120 3326 1173 Nam
3351 1136 3482 1175 cum
3522 1120 3703 1175 dixis-

2061 1214 2149 1263 set
2176 1224 2187 1260 :
2215 1230 2236 1258 α
2266 1208 2618 1278 Prophetam
2650 1206 3135 1262 suscitabitvobis
3182 1209 3355 1275 Deus,
3403 1234 3421 1256 -
3456 1210 3703 1277 subjun-

2057 1297 2177 1350 xit:
2217 1321 2234 1345 σ
2274 1297 2473 1366 Ipsum
2498 1295 2750 1351 audietis
2774 1294 3062 1364 quidquid
3088 1295 3303 1351 dixerit
3326 1297 3392 1363 ’3,
3452 1320 3477 1344 ››
3523 1298 3701 1351 etiam

2059 1384 2331 1439 videlicet
2363 1385 2406 1439 si
2444 1384 2599 1455 quod
2635 1384 2746 1457 legi
2778 1385 3140 1438 contrarium
3201 1390 3290 1439 est
3348 1385 3582 1451 dixerit,
3628 1386 3699 1441 de

2056 1476 2284 1531 Christo
2318 1475 2587 1546 loquens.
2624 1477 2745 1545 ipse
2767 1491 2899 1528 vero
2925 1481 2981 1529 et
3004 1474 3259 1529 Sabbata
3295 1475 3486 1540 solvit,
3545 1477 3693 1531 621

2057 1582 2276 1621 sanans
2302 1565 2363 1618 in
2386 1565 2531 1634 ipsis
2553 1564 2637 1628 2‘;
2673 1570 2730 1617 et
2757 1563 3027 1633 quaedam
3060 1563 3307 1627 addidit,
3340 1570 3405 1618 ut
3443 1581 3576 1619 cum
3610 1565 3698 1619 di-

2055 1661 2214 1710 ceret
2246 1672 2257 1708 :
2296 1678 2321 1702 α
2357 1654 2621 1708 Audistis
2653 1652 2810 1724 quod
2841 1653 2949 1707 hoc
2999 1653 3223 1707 dictum
3284 1654 3359 1707 sit
3416 1655 3698 1725 antiquis,

2056 1761 2159 1816 ego
2192 1750 2391 1799 autem
2422 1743 2553 1797 dico
2587 1742 2748 1795 vobis
2779 1742 2839 1794 ’5.
2878 1766 2904 1790 ››
2936 1744 3004 1795 Et
3036 1742 3192 1811 quod
3225 1750 3465 1813 propter
3506 1745 3699 1799 solum

269 1830 521 1904 νομικὰς
554 1827 861 1903 ἱερουργίας
897 1848 910 1897 ;
944 1826 1082 1883 ὣστε
1105 1829 1195 1882 καὶ
1252 1827 1523 1898 α’σθητῶς
1578 1830 1667 1882 καὶ
1728 1834 1938 1899 νοητῶς

2052 1835 2255 1890 odium
2281 1851 2399 1887 non
2425 1838 2581 1886 esset
2601 1849 2749 1886 uxor
2766 1831 3121 1885 dimittenda
3142 1831 3185 1863 ²⁶
3210 1832 3535 1901 :multaque
3559 1833 3695 1887 alia.

275 1921 305 1975 6
371 1916 537 1993 νόμος
595 1919 697 1987 τὴν
755 1919 947 1973 ἑαυτοῦ
1007 1917 1343 1995 καταργησιν
1422 1919 1714 1997 περιέχειν·
1786 1946 1811 1970 ι(
1849 1921 1936 1988 Μὴ

281 2008 816 2079 ἀνακαλυπτόμενον
851 2051 865 2077 ,
899 2031 927 2057 ››
982 2006 1061 2068 εἷς
1108 2007 1168 2061 τὸ
1226 2012 1424 2081 γνῶναι
1482 2007 1692 2077 αὐτοὺς,
1752 2008 1835 2063 ὅτι
1893 2008 1943 2063 έν

281 2102 507 2172 Χριστῷ
557 2101 903 2171 καταργεῖται
945 2097 973 2150 6
1027 2095 1215 2168 νόμος.
1266 2129 1333 2137 -
1366 2098 1708 2171 [ΚΥΡΙΑΑ.]
1752 2098 1811 2154 Ὀ
1842 2097 1941 2172 γὰρ

291 2185 531 2259 Χριστὸς
616 2188 877 2257 καταργεῖ
946 2184 1007 2237 τὸ
1051 2182 1337 2255 κάλυμμα.
1395 2184 1569 2247 Αὐτὸς
1619 2185 1723 2259 γὰρ
1782 2182 1853 2237 ὢν
1906 2186 1940 2253 ἡ

283 2274 547 2345 ἀλήθεια,
579 2272 734 2328 παύει
764 2275 865 2342 τήν
898 2272 1049 2326 σκιὰν
1103 2273 1193 2326 καὶ
1248 2274 1346 2340 τήν
1408 2269 1643 2343 διπλόην
1699 2277 1794 2327 τοῦ
1850 2274 1943 2327 νό-

289 2385 418 2436 μου,
462 2362 636 2424 οὕτως
667 2360 719 2415 έν
746 2356 948 2436 βιϐλίῳ
979 2360 1118 2435 ρλα’,
1152 2363 1249 2427 τῆς
1281 2361 1566 2435 ἑρμηνείας
1596 2366 1691 2415 τοῦ
1743 2368 1938 2421 Λουκᾶ.

282 2485 351 2495 —
386 2454 602 2526 [ΦΩΤ.]
636 2448 828 2520 Ἐδόθη
890 2457 1007 2511 τοῖς
1065 2450 1115 2505 ἐν
1174 2448 1485 2524 παραδείσῳ
1533 2449 1753 2521 ἐντολὴ,
1815 2450 1941 2507 ἀλλ’

286 2538 505 2618 ἤργησε
537 2540 625 2593 καὶ
656 2541 944 2604 πέπαυται,
981 2539 1067 2593 καὶ
1103 2538 1265 2593 οἷονεῖ
1318 2542 1678 2615 κατήργητκι.
1741 2537 1937 2610 Ἐδόθη

284 2638 407 2692 τοῖς
440 2632 560 2704 περὶ
596 2633 740 2691 Νῶε,
776 2631 990 2702 κάκείνη
1048 2631 1306 2692 ὡσαύτως
1354 2631 1587 2705 ἤργησεν
1641 2630 1729 2685 καὶ
1784 2632 1939 2684 κατέο

290 2741 491 2776 παυσεν
528 2762 539 2774 .
600 2718 794 2790 Ἐδόθη
856 2728 971 2781 τοῖς
1028 2721 1151 2791 περὶ
1203 2715 1475 2793 Ἀϐραὰμ,
1531 2718 1677 2774 ἀλλὰ
1730 2720 1819 2773 καὶ
1878 2721 1941 2775 τὰ

292 2810 521 2865 πλεῖστα
546 2811 745 2881 ταύτης
805 2813 1148 2885 κατήργησεν
1184 2811 1211 2864 6
1263 2810 1429 2881 νόμος
1502 2811 1721 2883 μυρίαις
1770 2831 1939 2883 προσ-

288 2901 481 2969 Θιςκαις
510 2899 822 2961 ἀλλοιώσας
854 2899 941 2954 καί
972 2901 1129 2969 τάξας
1175 2896 1348 2974 ἕτερα.
1409 2896 1601 2968 Ἐδόθη
1663 2897 1752 2953 διὰ
1809 2902 1939 2956 Μω-

278 2988 416 3052 σέως
475 2992 503 3044 6
560 2990 752 3063 νόμος,
810 2995 1157 3064 καταργεῖται
1217 2989 1305 3042 καὶ
1360 2989 1585 3043 παύεται
1634 2989 1723 3043 καὶ
1764 2989 1939 3059 οὗτος,

282 3080 387 3135 οὐκ
419 3078 503 3156 ἔρρ’
533 3080 578 3151 ᾧ
607 3079 788 3150 ἓτερον
820 3078 1165 3157 εἰσαχθῆναι,
1199 3078 1287 3132 καὶ
1319 3078 1483 3132 πάλιν
1517 3078 1760 3132 κάκεῖνον
1811 3100 1939 3132 κατε

278 3170 614 3243 αργτ,θῆναι,
647 3166 775 3222 ἀλλ’
807 3167 889 3245 ἐφ’
926 3168 971 3239 ᾧ
1022 3163 1201 3240 ἕτερον
1259 3167 1579 3242 εἰσαχθῆται
1639 3167 1730 3222 τὸν
1771 3167 1931 3244 εὐαγε
1965 3206 2007 3271 C

341 3256 361 3271 ς
445 3258 457 3271 .
629 3257 641 3271 .
732 3256 746 3271 .
872 3257 886 3271 ι
1018 3258 1071 3271 .-
1217 3254 1240 3271 ι.
1357 3257 1366 3271 .
1576 3256 1649 3271 ..,
1877 3257 1893 3271 ς

271 3256 643 3333 γελικὸν,καί
703 3256 778 3319 εἷς
834 3257 924 3311 τὸν
982 3258 1147 3311 αἰῶνα
1214 3254 1503 3329 διαμένειν.
1576 3256 1774 3318 Πάντες
1838 3257 1932 3331 μὲν

274 3344 373 3401 οὖν
404 3346 455 3400 οἱ
485 3342 791 3419 ἔμπροσθεν
839 3347 1281 3418 κατηργήθησαν,
1322 3342 1469 3399 ἀλλᾶ
1523 3344 1681 3406 τέλος
1740 3366 1936 3419 καταρ-

272 3434 550 3509 γουμένου
582 3434 609 3488 6
642 3433 833 3505 νόμος,
892 3429 1079 3500 ἐπειδή
1143 3433 1256 3505 μετ’
1312 3432 1472 3487 αὐτὸν
1542 3432 1640 3487 ούκ
1694 3428 1772 3487 ἔτι
1820 3430 1933 3488 ἕτε-

275 3544 373 3598 ρος
398 3526 767 3595 καταργεῖται,
816 3521 878 3577 Εἴ
936 3518 992 3575 δὲ
1048 3522 1073 3575 ὁ
1126 3521 1295 3593 νόμος
1350 3521 1509 3582 τέλος
1556 3520 1937 3596 καταργουμέ-

274 3632 396 3680 νου,
428 3610 520 3665 καὶ
559 3611 621 3664 τὸ
651 3609 862 3685 εἰσάγον
891 3609 1046 3663 αὐτὸν
1105 3610 1399 3683 πρόσωπον
1459 3608 1718 3680 δηλονότι
1776 3608 1934 3671 τέλος

274 3697 740 3775 καταργουμένου,
769 3696 952 3773 ὥσπερ
993 3698 1082 3753 γαὶ
1124 3699 1151 3753 6
1207 3702 1303 3753 τοῦ
1362 3698 1682 3775 εὐαγγελίου
1742 3698 1931 3773 ’δοτῆρ,

277 3788 356 3849 εἷς
405 3789 497 3843 τὸν
572 3786 743 3842 αἰῶνα
799 3790 895 3842 τοῦ
946 3786 1143 3849 αἶ’ὡνος
1208 3786 1480 3861 βασιλεύει
1530 3788 1617 3842 καὶ
1676 3790 1931 3863 κυριεύει.

278 3901 307 3929 ι(
348 3875 633 3948 Καλυμςια
686 3875 775 3930 ἔπί
832 3878 929 3945 τὴν
990 3872 1217 3945 καρδίαν
1278 3876 1649 3933 αὐτῶνκεὶναι,
1714 3900 1741 3927 ))
1804 3878 1935 3933 Εἶτα

276 3963 469 4036 ἐπειδῆ⁴
504 3966 644 4029 εἶπε,
673 3963 942 4038 κάλυμμα
971 3966 1178 4019 κεῖσθαι
1233 3963 1320 4019 ἐπὶ
1374 3968 1442 4037 τῇ
1485 3967 1779 4041 ἀναγνώσει
1832 3973 1933 4034 τῆς

276 4052 544 4122 Παλαιᾶς,
572 4052 661 4108 ’ίνα
704 4056 895 4127 μήτις
948 4074 1181 4127 νομισῃς
1241 4060 1342 4123 τῆς
1388 4054 1640 4130 ἀσαφείας
1689 4059 1784 4109 τοῦ
1842 4055 1935 4110 νό-

283 4165 397 4217 μου
420 4145 553 4198 εἷναι
615 4145 677 4197 τὸ
734 4140 905 4197 α’ίτιον
967 4142 1040 4197 ὡς
1096 4144 1171 4214 μὴ
1230 4142 1554 4214 νοουμένου,
1611 4146 1930 4219 σαφέστερον

276 4232 410 4288 αύτὸ
438 4229 612 4309 λέγει,
647 4228 856 4293 δεικνὺς
889 4230 1063 4286 αὐτῶν
1100 4232 1189 4286 καὶ
1224 4232 1286 4285 οὐ
1322 4236 1417 4287 τοῦ
1458 4232 1630 4303 νόμου
1658 4234 1719 4286 τὸ
1753 4233 1931 4304 ἁμάρ-

272 4343 447 4393 τημα.
485 4346 511 4371 ‹‹
548 4320 827 4394 Κάλυμμα
857 4322 983 4395 γὰρ,
1017 4321 1202 4397 φησὶν.
1238 4319 1324 4375 ἐπὶ
1352 4323 1449 4390 τήν
1498 4319 1717 4395 καρδίαν
1753 4323 1931 4378 αὐτῶν

273 4418 474 4469 κεῖται.
509 4417 663 4467 »Διὸ
716 4412 776 4465 ού
829 4408 1079 4465 δύνανται
1136 4414 1336 4484 γνῶναι
1394 4412 1493 4477 τήν
1553 4408 1789 4467 διάνοιαν
1839 4416 1936 4466 τοῦ

2050 1924 2275 1985 Deinde
2299 1928 2495 1977 autem
2521 1921 2659 1991 quia
2679 1921 2739 1973 in
2762 1920 2885 1973 solo
2909 1920 3129 1990 templo
3146 1922 3524 1991 praicepiteis
3544 1923 3696 1977 Deus

2052 2015 2406 2076 sacrificare,
2437 2016 2495 2065 et
2524 2011 2583 2063 in
2617 2009 2725 2063 hoc
2780 2009 3044 2063 victimas
3103 2010 3410 2070 conclusit,
3481 2012 3695 2066 deinde

2049 2106 2199 2161 illud
2231 2101 2471 2158 sustulit
2499 2117 2509 2153 ε
2546 2116 2618 2153 an
2642 2116 2761 2152 non
2787 2098 3169 2152 manifestum
3204 2104 3293 2153 est
3324 2100 3480 2169 quod
3530 2100 3701 2153 victi-

2049 2213 2177 2251 mas
2192 2187 2738 2260 omniaquelegalia
2753 2186 3043 2241 sacrificia
3076 2187 3243 2241 irrita
3279 2187 3524 2241 fecerit?
3545 2192 3609 2241 ut
3640 2193 3699 2243 et

2048 2281 2315 2340 sensibili
2350 2285 2405 2334 et
2436 2276 2748 2348 intelligibi
2785 2276 2960 2330 modo
2994 2276 3082 2330 lex
3119 2276 3209 2330 sui
3264 2277 3452 2347 ipsius
3510 2276 3694 2331 aboli-

2047 2374 2270 2427 tionem
2294 2368 2737 2438 complectatur.
2775 2387 2801 2414 «
2837 2367 2960 2419 Non
2992 2365 3310 2419 detectum.
3336 2390 3361 2413 υ
3387 2365 3474 2419 Ad
3497 2365 3608 2420 hoc
3632 2370 3697 2421 ut

2046 2461 2159 2532 ipsi
2183 2463 2543 2531 cognoscant
2566 2455 2722 2525 quod
2748 2471 2855 2524 per
2903 2454 3200 2508 Christum
3236 2454 3329 2509 lex
3364 2455 3693 2511 aboleatur.

2049 2582 2107 2590 —
2135 2549 2402 2603 Christus
2426 2546 2580 2599 enim
2608 2544 2837 2597 irritum
2862 2543 3004 2597 facit
3043 2543 3331 2598 velamen.
3384 2546 3524 2597 Nam
3559 2559 3694 2597 cum

2047 2638 2171 2709 ipse
2206 2638 2281 2691 sit
2305 2635 2539 2697 veritas,
2584 2648 2814 2687 cessare
2874 2631 3014 2686 facit
3069 2631 3364 2695 umbram,
3427 2630 3691 2701 legisque

2046 2726 2491 2798 ambiguitatem
2529 2724 2611 2777 [ta
2632 2721 2809 2775 habet
2828 2721 3153 2775 centesimo
3178 2720 3366 2791 primo
3392 2721 3690 2775 tricesimo

2046 2815 2556 2887 interpretationis
2582 2813 2638 2866 in
2656 2813 2887 2866 Lucam.
2918 2842 2977 2851 —
3004 2812 3209 2865 Datum
3235 2818 3324 2864 est
3356 2811 3449 2864 his
3499 2810 3597 2880 qui
3633 2810 3693 2865 in

2047 2907 2324 2979 paradiso
2348 2907 2914 2974 erantpraéceptum,
2948 2900 3047 2953 sed
3073 2900 3305 2954 irritum
3334 2900 3551 2955 factum
3582 2905 3693 2966 est,

2047 3001 2103 3049 et
2124 2994 2374 3049 cessavit
2405 3010 2470 3047 ac
2503 2992 2786 3046 abolitum
2818 2995 2925 3043 est.
2979 2991 3187 3043 Datum
3218 2995 3308 3043 est
3338 2995 3393 3042 et
3426 2995 3690 3059 tempore

2046 3087 2185 3150 Noe,
2221 3089 2277 3137 et
2308 3082 2454 3137 illud
2487 3080 2764 3135 similiter
2819 3078 3104 3132 abolitum
3166 3083 3254 3132 est
3301 3094 3367 3131 ac
3419 3078 3689 3134 cessavit.

2047 3174 2256 3229 Datum
2272 3176 2430 3225 estet
2446 3175 2705 3239 tempore
2724 3167 3037 3229 Abraham,
3055 3166 3153 3220 sed
3177 3166 3499 3237 etplurima
3514 3166 3693 3237 hujus

2048 3262 2217 3316 irrita
2232 3260 2372 3314 fecit
2392 3259 2482 3313 lex
2510 3256 2839 3311 innumeris
2854 3262 3090 3310 mutans
3123 3255 3525 3310 additionibus
3546 3256 3692 3310 alia-

2046 3366 2161 3422 que
2185 3348 2421 3419 jubens.
2462 3347 2601 3401 Data
2631 3350 2720 3399 est
2751 3362 2856 3415 per
2878 3346 3074 3399 Mosen
3107 3346 3149 3378 ³⁷
3182 3350 3239 3398 et
3278 3345 3403 3398 haec
3457 3360 3693 3413 quoque

2046 3438 2319 3494 aboletur
2341 3452 2406 3490 ac
2425 3440 2617 3489 cessat
2642 3450 2653 3487 :
2681 3450 2799 3487 non
2826 3434 2984 3504 quod
3016 3433 3133 3487 alia
3166 3432 3406 3487 inducta
3455 3432 3529 3485 sit
3560 3448 3690 3501 quee

2046 3528 2223 3581 etiam
2248 3524 2572 3587 aboleatur,
2594 3523 2695 3577 sed
2719 3522 2875 3592 quod
2898 3522 3014 3577 alia
3028 3522 3103 3575 sit
3127 3521 3366 3576 inducta
3389 3521 3483 3574 lex
3512 3536 3691 3575 evan-

2044 3617 2233 3689 gelica
2259 3632 2389 3685 quas
2422 3615 2482 3667 in
2513 3620 2800 3667 aeternum
2834 3618 3196 3683 permaneat.
3232 3611 3443 3666 Omnia
3490 3610 3689 3680 itaque

2046 3704 2481 3778 prioraabolita
2498 3708 2656 3765 sunt,
2687 3708 2746 3756 at
2793 3701 2928 3755 finis
2972 3702 3098 3771 ejus
3122 3700 3279 3772 quod
3301 3700 3572 3754 aboletur
3602 3705 3691 3755 est

2046 3795 2140 3848 lex
2174 3812 2187 3847 :
2222 3792 2504 3863 quoniam
2567 3796 2699 3860 post
2756 3790 2943 3859 ipsam
3006 3790 3172 3844 nulla
3227 3789 3345 3843 alia
3394 3787 3684 3842 aboletur.

2044 3881 2209 3947 Quod
2233 3881 2279 3934 si
2306 3881 2396 3933 lex
2420 3878 2555 3932 finis
2580 3884 2668 3931 est
2691 3877 2817 3946 ejus
2840 3877 2995 3947 quod
3019 3876 3310 3944 aboletur,
3358 3876 3486 3946 ipsa
3538 3892 3684 3945 quo-

2045 3987 2158 4042 que
2188 3969 2367 4023 facies
2393 3984 2518 4022 eam
2545 3966 2831 4019 inducens
2856 3973 3012 4020 certe
3064 3966 3194 4019 ﬁnis
3233 3970 3321 4019 est
3368 3966 3495 4033 ejus
3527 3965 3685 4034 quod

2043 4059 2341 4113 aboletur:
2367 4055 2869 4128 quemadmodum
2893 4055 3068 4109 etiam
3103 4054 3400 4125 Evangelii
3433 4054 3601 4108 dator
3623 4054 3685 4108 in

2044 4146 2327 4201 saeculum
2360 4144 2589 4199 saeculit
2620 4149 2824 4216 regnat
2854 4159 2919 4197 ac
2978 4143 3264 4214 regnabit.
3329 4166 3348 4191 α
3408 4142 3683 4197 Velamen

2045 4254 2223 4310 super
2246 4254 2347 4291 cor
2373 4236 2607 4290 illorum
2637 4236 2893 4306 ponitur.
2922 4256 2947 4281 ››
2975 4234 3193 4289 Deinde
3217 4235 3497 4304 quoniam
3522 4234 3684 4288 dixe-

2044 4334 2133 4382 rat
2167 4326 2433 4381 velamen
2468 4325 2603 4396 poni
2639 4325 2698 4379 in
2733 4324 2987 4380 lectione
3019 4324 3245 4378 Veteris
3276 4323 3631 4377 Testamenti
3670 4338 3682 4376 :

2038 4432 2112 4471 ne
2136 4416 2268 4487 quis
2288 4416 2653 4471 existimaret
2676 4415 2821 4485 legis
2844 4413 3262 4468 obscuritatem
3282 4412 3343 4465 in
3366 4427 3540 4465 causa
3556 4426 3684 4464 esse

273 4503 472 4576 νόμου.
506 4502 573 4559 El
602 4503 705 4576 γὰρ
746 4498 1014 4573 ἔγνωσαν,
1045 4501 1363 4572 ἀπήστησαν
1395 4501 1454 4556 ἂν
1483 4502 1572 4557 ἀπ’
1622 4502 1809 4571 αὐτοῦ,
1840 4505 1925 4557 καὶ

314 4596 342 4609 ο
386 4595 433 4609 ςγ
576 4596 601 4606 ~
648 4590 662 4609 Ἴ
1014 4593 1059 4609 rn
1096 4595 1122 4606 θ’
1286 4591 1298 4607 \
1375 4592 1387 4609 ο
1472 4592 1483 4609 Ι
1651 4594 1678 4609 I'I
1753 4591 1772 4609 λ

2052 4504 2198 4577 quod
2227 4522 2347 4559 non
2396 4505 2848 4577 intelligeretur,
2912 4501 3283 4557 manifestius
3339 4499 3485 4553 illud
3518 4500 3681 4565 dicit,

273 4596 355 4663 τῷ
386 4595 615 4665 Χριστῷ
646 4590 979 4647 έπιστευσαι.
1014 4593 1191 4647 Τοῦτο
1239 4591 1340 4665 γὰρ
1368 4592 1395 4646 6
1425 4592 1594 4663 νόμος
1649 4591 1927 4666 βουλεται.

2043 4598 2362 4652 ostendens
2387 4596 2649 4668 ipsorum
2671 4603 2727 4652 et
2748 4613 2865 4650 non
2890 4595 3035 4665 legis
3058 4609 3185 4647 esse
3208 4592 3431 4646 vitium.
3460 4612 3487 4639 ‹‹
3539 4592 3683 4644 Nam

274 4682 567 4751 velamen,
602 4682 817 4753 inquit,
845 4698 1025 4753 super
1054 4699 1156 4736 cor
1177 4682 1412 4737 illorum
1447 4682 1706 4753 ponitur,
1744 4705 1767 4731 ιι
1803 4683 1934 4739 ideo
1965 4702 2085 4740 non
2117 4690 2366 4756 possunt
2396 4685 2540 4757 legis
2563 4702 2803 4739 sensum
2834 4697 3207 4755 cognoscere.
3241 4682 3382 4735 Nam
3412 4680 3459 4734 si
3508 4679 3680 4734 illum

277 4772 711 4843 cognovissent,
746 4773 949 4842 utique
978 4770 1048 4826 ab
1080 4770 1209 4842 ipsa
1238 4772 1644 4839 recessissent,
1678 4779 1737 4827 et
1764 4774 1995 4830 Christo
2028 4775 2423 4830 credidissent
2454 4792 2465 4829 :
2503 4774 2559 4828 id
2592 4774 2751 4829 enim
2784 4773 2906 4827 vult
2932 4773 3023 4827 lex
3046 4770 3322 4841 acjubet.

346 4857 536 4912 ἸΙνίκα
638 4854 685 4911 δ’
762 4856 821 4910 ἂν
897 4854 1190 4932 ἐπιστρέψῃ
1268 4858 1403 4930 πρὸς
1482 4857 1703 4932 Κύριον,
1777 4878 1932 4934 περι-

279 4951 506 5022 αιρεῖται
590 4946 652 5001 τὸ
734 4944 1021 5019 κάλυμμα.
1104 4946 1165 5001 Ὀ
1214 4943 1271 5001 δὲ
1331 4947 1522 5021 Κύριος
1568 4948 1631 5002 τὸ
1716 4950 1933 5019 Πνεῦμα

277 5035 441 5091 ἐστιν.
511 5035 586 5092 O3
638 5033 692 5090 δέ
741 5036 803 5089 τὸ
863 5038 1081 5108 Πνεῦμα
1138 5037 1342 5111 Κυρίου
1377 5080 1390 5105 ,
1466 5037 1575 5091 ἐκεῖ
1632 5034 1929 5111 ἐλευθερία.

277 5125 467 5196 Ἡμεῖς
571 5120 629 5179 δὶ
733 5125 922 5187 πάντες
1024 5125 1519 5198 ἀνακεκαλυμμένῳ
1646 5128 1931 5201 προσώπῳ

276 5216 375 5282 τήν
484 5210 637 5284 δόξαν
738 5215 941 5288 Κυρίου
1036 5215 1547 5286 κατοπτριζόμενοι,
1605 5216 1704 5284 τήν
1764 5216 1932 5285 αὐτήν

278 5302 461 5357 εἰκόνα
513 5302 1009 5379 μεταμορφούμεθα
1065 5302 1171 5358 ἀπὸ
1202 5300 1363 5385 δόξης
1410 5305 1488 5366 εἷς
1538 5302 1716 5376 δόξαν,
1764 5305 1927 5370 καθά-

277 5412 377 5465 περ
411 5391 516 5446 ἀπὸ
553 5392 759 5465 Κυρίου
790 5390 1118 5465 ΙΙνεύματος.

350 5480 452 5538 Καὶ
511 5481 614 5557 γὰρ
673 5480 761 5535 καὶ
816 5480 843 5536 6
902 5482 1143 5551 Μωϋσῆς
1212 5482 1348 5556 πρὸς
1446 5483 1541 5555 μὲν
1629 5481 1927 5548 Ἰουδαίους

2113 4862 2208 4923 IlI,
2248 4864 2308 4915 16
2349 4862 2429 4916 18.
2464 4863 2537 4915 At
2573 4863 2665 4915 ubi
2695 4877 2977 4915 conversus
3019 4862 3190 4928 fuerit
3249 4859 3320 4913 ad
3370 4860 3679 4923 Dominum,

2045 4951 2262 5005 tolletur
2292 4949 2535 5005 velamen
2566 4968 2584 5003 .·
2617 4951 2878 5004 Dominus
2908 4956 3088 5002 autem
3113 4949 3351 5018 Spiritus
3395 4954 3471 5001 est
3499 4964 3521 5010 ;
3546 4962 3680 5015 por-

2043 5055 2100 5092 νυ
2133 5040 2228 5093 ubi
2260 5038 2499 5107 Spiritus
2538 5040 2775 5097 Domini,
2814 5039 2889 5092 ibi
2920 5039 3161 5091 libertas.
3198 5041 3298 5092 Nos
3330 5045 3507 5091 autem
3557 5051 3680 5088 om-

2041 5144 2133 5183 nes
2157 5128 2365 5182 deterta
2397 5128 2549 5183 (ὗῗῖ
2580 5131 2725 5197 facie
2758 5130 2813 5181 in
2844 5128 3064 5197 speculo
3106 5127 3366 5191 videntes,
3414 5126 3486 5177 ad
3534 5139 3679 5176 cam-

2040 5218 2163 5272 dcm
2195 5220 2493 5287 imaginem
2526 5221 2981 5286 transformamur
3013 5235 3043 5271 ιι
3093 5216 3273 5287 gloria
3330 5217 3386 5267 in
3443 5211 3683 5282 gloriam

2039 5313 2305 5377 tanquam
2334 5322 2368 5360 a
2400 5308 2620 5361 Domini
2647 5309 2881 5378 Spiritu.

2109 5486 2412 5559 Siquidem
2443 5492 2501 5543 et
2530 5488 2718 5543 Moses
2749 5487 2821 5543 ad
2877 5485 3107 5543 Judazos
3164 5485 3418 5555 loquens
3466 5482 3682 5539 habeat

352 5685 397 5724 ³³
428 5688 593 5745 Deut.
621 5703 780 5747 m1.
816 5691 900 5746 t5.
934 5688 983 5727 “
1017 5689 1183 5749 Joan.
1216 5704 1267 5763 ν,
1298 5689 1331 5745 6
1362 5704 1528 5763 seqq.
1562 5688 1609 5727 ⁸⁵
1637 5690 1839 5750 Matth.
1871 5705 1927 5764 ν,

2081 5691 2126 5730 ³⁸
2157 5692 2357 5751 Matth.
2390 5709 2505 5766 xxv,
2536 5694 2588 5750 3.
2623 5690 2670 5729 ⁸⁷
2696 5694 2863 5751 Joan.
2893 5709 2930 5765 1,
2966 5696 3052 5750 17.
