4048 6250
474 318 589 380 955

1575 310 1991 378 (ΕΟΠΜΕΝΙΙ
2033 310 2122 368 ΤΗ

2228 304 2339 365 ΒιΕ
2380 303 2758 365 EPISCOPI.
3686 313 3774 373 956

473 453 742 509 velamen
766 464 779 518 ;
812 434 887 507 ad
917 448 1103 507 Deum
1132 465 1267 506 vero
1290 450 1599 517 accedens,
1619 446 1923 506 auferebat
1952 444 2114 500 vela-

2232 434 2419 494 λαλῶν
2448 435 2567 512 εἶχε
2588 437 2651 491 τὸ
2682 433 2985 511 κάλυμμα,
3028 438 3164 513 πρὸς
3212 437 3304 493 τὸν
3366 437 3488 494 θεὸν
3534 436 3584 496 δὶ
3626 439 3774 512 εἰσιὼν,

474 558 637 599 men.
662 543 849 596 Moses
870 540 1030 595 enim
1077 540 1341 612 ipsorum
1366 548 1538 611 typus
1566 544 1709 594 erat.
1744 539 1886 593 Nam
1917 540 1978 590 et
2005 534 2116 606 ipsi

473 631 615 687 dum
638 632 841 687 volunt
861 631 973 703 legi
994 631 1238 698 hmrere,
1262 630 1528 686 velamen
1551 629 1795 695 habent,
1830 626 1991 699 quod
2020 641 2121 681 eos

471 720 663 793 legem
694 721 883 791 ipsam
919 736 1038 774 non
1071 720 1214 774 sinit
1243 720 1460 774 intueri
1496 737 1509 773 :
1543 736 1678 774 cum
1727 723 1927 774 autem
1986 731 2121 771 con-

470 811 623 866 versi
650 809 869 865 fuerint
897 810 971 864 ad
1000 810 1338 874 Dominum,
1367 809 1669 865 auferetur
1710 823 1914 863 eorum
1970 804 2123 860 vela-

476 917 636 956 men.
672 901 832 954 Tunc
861 904 1059 954 autem
1091 905 1524 963 convertentur,
1555 915 1690 953 cum
1743 897 1951 951 relicta
1994 894 2120 964 lege

479 990 726 1046 credent
754 989 1008 1055 Christo,
1040 994 1100 1044 et
1126 988 1374 1062 gratiam
1407 1005 1537 1059 qum
1570 1004 1605 1042 a
1635 986 1855 1058 Spiritu
1911 990 2003 1039 est
2059 984 2121 1038 in

475 1080 771 1151 baptismo
795 1078 1151 1149 acceperint.
1178 1079 1296 1132 Hoc
1316 1078 1476 1132 enim
1508 1076 1636 1132 loco
1678 1075 1996 1132 Dominum
2026 1072 2117 1127 di-

475 1171 556 1226 cit
585 1168 902 1240 Spiritum:
964 1189 993 1217 ‹‹
1044 1168 1333 1224 Dominus
1386 1173 1580 1223 autem
1640 1165 1892 1237 Spiritus
1950 1168 2059 1219 est.
2088 1185 2117 1213 »

471 1257 695 1315 Deinde
709 1256 1107 1330 nelquisquam
1122 1256 1512 1313 inﬁrmiorum
1534 1252 2122 1311 auditorumaudiens

482 1347 639 1419 quod
661 1348 849 1403 Moses
868 1347 941 1402 ad
962 1348 1273 1403 Dominum
1320 1361 1638 1402 conversus
1684 1344 1989 1400 auferebat
2019 1358 2120 1397 ve-

478 1436 699 1503 lamen,
732 1437 858 1508 ipse
891 1452 1025 1491 vero
1057 1453 1191 1491 cum
1223 1436 1456 1491 aPaulo
1487 1434 1750 1491 converti
1810 1433 1882 1489 ad
1941 1431 2119 1504 Spiri-

479 1531 604 1582 tum
638 1525 1010 1589 admonetur,
1044 1532 1215 1598 putet
1245 1542 1306 1579 se
1337 1541 1457 1580 non
1488 1524 1563 1579 ad
1612 1524 1929 1579 Dominum
1988 1536 2124 1577 con-

477 1615 645 1681 verti,
670 1615 1055 1689 subjungitzu
1083 1615 1369 1671 Dominus
1416 1621 1613 1669 autem
1659 1612 1909 1683 Spiritus
1948 1616 2054 1666 est.
2090 1631 2119 1659 »

475 1705 556 1761 Ne
585 1705 875 1763 timueris.
902 1703 1117 1775 inquit,
1142 1702 1319 1758 etiam
1342 1702 1417 1757 ad
1465 1702 1783 1758 Dominum
1815 1706 2122 1756 converte-

474 1794 560 1850 ris
588 1810 724 1851 cum
754 1794 827 1850 ad
859 1794 1139 1865 Spiritum
1172 1793 1533 1848 converteris
1565 1798 1579 1848 ε
1635 1807 1774 1847 nam
1832 1791 2117 1847 Dominus
2148 1801 2193 1864 Β

475 1884 727 1956 Spiritus
751 1889 858 1945 est,
888 1884 1154 1955 ejusdem
1178 1883 1527 1954 maiestatis,
1551 1881 1758 1937 eodem
1781 1880 1958 1936 modo
1979 1879 2121 1936 ado-

477 1973 724 2036 randus,
759 1972 1143 2043 ejusdemque
1162 1972 1507 2027 substantia:
1525 1987 1656 2026 cum
1673 1973 1843 2025 Patre
1860 1987 1927 2025 ac
1949 1970 2117 2025 Filio.

484 2082 508 2113 ι)
544 2062 628 2115 Ibi
661 2061 924 2117 libertas.
956 2084 985 2109 »
1017 2060 1080 2115 Id
1112 2061 1330 2115 dicitur
1358 2060 1525 2132 quasi
1559 2059 1999 2131 comparatione
2047 2058 2120 2114 ad

483 2150 675 2222 legem
704 2164 716 2204 ι
751 2150 834 2203 ibi
865 2150 1024 2204 enim
1048 2149 1257 2222 jugum
1289 2156 1417 2205 erat
1464 2155 1522 2204 et
1567 2150 1837 2216 servitus,
1897 2149 1960 2203 in
2005 2148 2119 2204 ﬁde

479 2256 616 2295 veso
633 2239 845 2295 Christi
875 2238 1134 2294 libertas.
1160 2262 1185 2287 ‹‹
1212 2240 1327 2294 Nos
1375 2244 1572 2294 autem
1619 2254 1845 2293 omnes.
1878 2257 1902 2287 υ
1938 2236 2121 2301 Adeo,

474 2329 688 2400 inquit,
715 2328 775 2383 in
797 2327 1067 2382 libertate
1090 2344 1158 2383 ac
1178 2328 1571 2400 generositate
1624 2343 1851 2394 sumus,
1901 2332 1967 2382 ut
1996 2343 2119 2382 om-

474 2434 584 2474 nes
613 2434 723 2473 nos
741 2417 973 2473 detecta
1002 2417 1150 2473 facie
1182 2417 1397 2489 (neque
1420 2417 1581 2472 enim
1613 2416 1769 2489 apud
1812 2415 2122 2472 credentes

475 2509 765 2581 contingit
794 2524 923 2565 esse
954 2507 1244 2580 velamen)
1276 2508 1524 2580 gloriam
1557 2507 1790 2563 Domini
1824 2508 2122 2563 intuentes

474 2597 994 2665 transformamur,
1052 2597 1559 2663 Quemadmodum
1620 2597 1779 2652 enim
1809 2602 2121 2668 argentum

475 2688 586 2743 soli
610 2687 969 2759 Oppositum,
1001 2688 1196 2757 ipsum
1230 2687 1407 2742 etiam
1442 2686 1729 2758 quosdam
1759 2685 1976 2740 emittit
2027 2701 2125 2741 ra-

476 2777 608 2832 dios
634 2793 740 2849 per
762 2778 1063 2831 incursum
1088 2776 1232 2832 solis
1257 2791 1270 2831 :
1322 2777 1404 2830 ita
1424 2780 1481 2830 et
1522 2792 1630 2830 nos
1673 2775 1735 2829 in
1765 2773 2121 2846 baptismate

477 2885 587 2942 per
617 2868 898 2939 Spiritum
928 2868 1249 2942 repurgati,
1283 2875 1341 2923 et
1369 2868 1532 2922 illius
1579 2866 1763 2921 radiis
1819 2865 2121 2932 illustrati,

481 2957 859 3029 splendorem
910 2958 1226 3028 quemdam
1284 2955 1721 3029 intelligibilem
1775 2955 2121 3011 emittimus.

394 3102 399 3107 .
477 3048 615 3103 Vult
644 3054 844 3103 autem
877 3054 936 3103 et
964 3049 1126 3120 ipsos
1151 3048 1225 3103 ad
1254 3047 1660 3119 apostolorum
1706 3045 1977 3102 ordinem
2027 3044 2124 3099 ad-

2221 532 2537 602 περιῃρεῖτο
2590 526 2653 580 τὸ
2718 524 3007 601 κάλυμμα.
3072 528 3254 591 Τόπος
3322 526 3411 583 οὗν
3464 528 3524 596 ἦν
3579 529 3776 586 αὗτῶνὸ

2222 622 2445 684 Μωσῆς.
2507 614 2609 672 Καὶ
2639 616 2743 690 γὰρ
2800 616 2892 670 καὶ
2950 614 3104 671 αὐτοὶ
3160 615 3319 686 ἡνίκα
3379 617 3466 690 μὲν
3520 616 3773 695 ἐμφιλοχωι

2224 710 2377 780 ροῦσι
2393 710 2473 777 τῷ
2491 705 2668 777 νόμῳ,
2693 700 2885 786 ἔχουσι
2906 707 2967 761 τὸ
2990 705 3277 782 κάλυμμα,
3312 706 3438 780 ὅπερ
3466 708 3636 771 αὐτοὺς
3654 711 3771 765 αὐτὸν

2222 796 2315 851 τὸν
2346 795 2516 867 νόμον
2549 793 2679 849 ἰδεῖν
2713 795 2812 850 οὐκ
2868 795 2946 866 ἐᾷ,
3004 801 3161 851 Ὅταν
3213 794 3272 854 δὲ
3326 795 3773 875 ἐπιστρεψωτιτρὴ

2225 883 2445 958 Κύριον,
2507 888 2860 957 περιαιρεῖται
2923 884 3101 939 αὐτῶν
3154 885 3215 941 τὸ
3272 883 3551 960 κάλυμμα.
3600 888 3710 942 Τότε
3743 885 3778 942 3‘s

2222 970 2630 1052 ἂπιστρέφουτιν
2664 1017 2680 1039 ,
2738 972 2784 1027 εἰ
2840 972 3059 1052 ἀφέντες
3109 974 3200 1030 τὸν
3258 974 3447 1047 νόμον,
3501 975 3780 1032 mets-53m:

2222 1061 2462 1135 Χριστῷ,
2501 1061 2588 1115 καὶ
2619 1063 2717 1132 τήν
2778 1062 2884 1117 ἀπὸ
2938 1067 3036 1116 τοῦ
3093 1063 3402 1136 Ηνεόματος
3458 1059 3781 1138 λάϐωςιχάειν

2223 1150 2275 1206 ἐν
2303 1155 2383 1222 τῷ
2418 1151 2776 1226 βαπτίσματι·
2837 1150 3038 1227 Κύριον
3088 1153 3192 1228 γὰρ
3256 1154 3473 1217 ἐνταῦθα
3525 1154 3582 1209 τὸ
3610 1158 3783 1227 Πνεῦμα,

2223 1239 2383 1320 φησίν
2439 1266 2464 1290 ιι
2500 1242 2560 1297 Ὁ
2593 1238 2650 1293 δὲ
2680 1240 2881 1314 Κύριος
2912 1240 2973 1295 τὸ
3005 1242 3223 1314 Πνεῦμά
3255 1242 3414 1297 ἐστιν.
3450 1268 3470 1296 ι
3506 1242 3622 1297 Εἶτα
3645 1243 3712 1296 ἱνα
3734 1245 3782 1314 μή

2222 1349 2305 1391 τις
2361 1333 2468 1384 τῶν
2545 1328 2930 1402 ἀσθενεστέρων
3017 1330 3300 1401 ἀκροατῶν
3334 1375 3347 1399 ,
3403 1330 3618 1395 ἀκούσας
3667 1331 3787 1387 δτιὸ

2222 1422 2428 1486 Μωσῆς
2512 1418 2645 1491 πρὸς
2726 1416 2926 1492 Κύριον
3014 1416 3352 1496 ἐπιστρέφων
3434 1425 3707 1495 περῖῃρεῖτο
3747 1421 3787 1475 τὸ

2223 1505 2512 1579 καλυμμα,
2544 1505 2651 1581 ἐγὼ
2692 1503 2748 1562 δὲ
2804 1508 2938 1581 πρὸς
2997 1508 3059 1563 τὸ
3120 1512 3335 1580 Πνεῦμα
3388 1507 3672 1583 ἐπιστρεψαι
3717 1509 3787 1564 ὑπὸ

2224 1600 2320 1651 σοῦ
2378 1597 2848 1670 προτρεπόμενος,
2878 1598 2925 1651 ὦ
2960 1596 3163 1668 Παῦλε,
3217 1599 3281 1654 οὐ
3338 1599 3469 1671 πρὸς
3521 1600 3602 1654 τὸν
3641 1598 3787 1672 Κύριον

2221 1682 2529 1764 ἐπιστρέψω
2564 1731 2579 1754 ,
2639 1686 2877 1761 ἐπάγει.
2944 1714 2965 1738 ι
3021 1688 3083 1743 Ὀ
3142 1686 3200 1743 δὲ
3282 1688 3477 1764 Κύριος
3528 1689 3585 1743 τὸ
3630 1689 3791 1760 Πνεῦμά

2223 1774 2351 1831 εστι.
2391 1799 2418 1827 ››
2452 1777 2542 1846 Μὴ
2574 1770 2772 1855 φοϐοῦ,
2831 1776 2990 1855 φησὶ,
3047 1777 3136 1833 καὶ
3196 1779 3334 1851 πρὸς
3388 1778 3448 1834 τὸ
3504 1781 3691 1849 Πνεῦμα
3713 1778 3790 1831 ἐπι.

2226 1863 2488 1944 στρέφων,
2527 1864 2664 1935 πρὸς
2722 1864 2922 1938 Κύριον
2978 1863 3345 1943 ἑπιστρᾶφεις.
3402 1865 3584 1937 Κύριος
3630 1866 3712 1940 γὰρ
3750 1866 3789 1919 τὸ

2226 1957 2463 2025 Πνεῦμα,
2520 1952 2610 2007 καὶ
2667 1952 3005 2028 ὁμόθρονοπ,
3055 1955 3143 2008 καὶ
3211 1955 3687 2029 ὁμοπροσκόνητον,
3727 1953 3788 2007 καὶ

2227 2042 2520 2116 ὁμοοόσιον
2553 2043 2723 2116 Πατρὶ
2754 2042 2842 2097 καὶ
2877 2041 3008 2114 Υἶῷ.
3074 2070 3093 2093 ι
3155 2045 3305 2099 Ἐκεῖ
3360 2042 3633 2119 ἐλευθερία.
3663 2068 3686 2094 ι»
3727 2043 3787 2101 Ὦς

2225 2134 2361 2207 πρὸς
2416 2134 2508 2188 τὸν
2565 2133 2733 2203 νόμον
2815 2130 2998 2187 τοῦτο.
3056 2133 3205 2189 Ἐκεῖ
3282 2134 3383 2209 γὰρ
3440 2134 3583 2210 ζυγὸς
3631 2135 3683 2201 ἦν
3726 2130 3786 2185 καὶ

2225 2219 2467 2285 δουλεία,
2500 2219 2551 2275 ἐν
2585 2218 2642 2277 δὶ
2669 2224 2738 2295 τῇ
2770 2220 2948 2276 πίστει
2986 2223 3225 2297 Χριστοῦ
3285 2221 3569 2297 ἐλευθερία.
3600 2247 3623 2273 ιι
3649 2223 3788 2292 Ἣμεῦε

2225 2308 2284 2366 δὲ
2340 2311 2531 2373 πάντες
2571 2356 2585 2379 ,
2645 2334 2673 2362 ι»
2731 2310 2991 2367 τοσοῦτόν
3051 2311 3211 2384 ἐσμεν
3248 2359 3261 2377 ,
3322 2313 3500 2392 φησὶν,
3554 2307 3789 2381 ἐλευθερίας

2223 2403 2313 2456 καὶ
2344 2400 2610 2476 εὐγενείας
2678 2401 2846 2467 ἱντὸς,
2882 2401 2965 2456 ὅτι
3014 2402 3213 2464 πάντες
3271 2406 3434 2475 ἡμεῖς
3488 2398 3788 2470 ἀνακεκαλυμ-

2229 2489 2371 2562 μένῳ
2426 2491 2726 2565 προσώπῳ.
2783 2486 2934 2563 (οὐδὲ
2987 2491 3093 2568 γὰρ
3152 2487 3234 2546 ἕνι
3283 2494 3427 2567 παρά
3487 2496 3587 2554 τοῖς
3631 2492 3786 2547 πιστοᾶ

2224 2578 2537 2652 κάλυμμα),
2601 2580 2701 2648 τήν
2761 2577 2915 2653 δόξαν
2971 2585 3070 2636 τοῦ
3128 2583 3334 2655 Κυρίου
3389 2579 3781 2655 κατοπτριζόμενοι

2225 2669 2697 2744 ἀναμορφούμεοα
2757 2712 2772 2739 ,
2857 2669 2990 2746 φησί
3024 2713 3037 2725 .
3123 2672 3374 2746 Καθάπερ
3442 2671 3532 2746 γάρ
3612 2669 3779 2745 ἄργυρος

2227 2760 2478 2831 ἁντικρυς
2532 2756 2700 2827 ἡλίου
2795 2759 3043 2832 κείμενος
3078 2805 3092 2829 ,
3140 2760 3471 2834 ἀντιπέμπει
3535 2760 3606 2813 καὶ
3665 2756 3776 2813 αὐτὸς

2226 2846 2447 2908 ἀκτῖνάς
2505 2867 2652 2909 τινας
2710 2851 2780 2921 τῇ
2835 2843 3092 2924 προϐολῇ
3149 2854 3253 2904 τοῦ
3313 2849 3498 2919 ἡλίου,
3546 2846 3667 2905 οὕτως
3705 2841 3768 2895 κιῖ

2227 2941 2389 3011 ἡμεῖς
2482 2938 2534 2993 ἐν
2590 2944 2670 3011 τῷ
2729 2941 3068 3015 βαπτίσματι
3151 2942 3529 3018 καθαιρόμενοι
3586 2936 3647 2992 διὰ
3692 2937 3759 2988 τοῦ

2229 3030 2544 3103 Πνεόματος
2570 3073 2584 3100 ,
2644 3030 2733 3084 καὶ
2789 3036 2908 3093 ταῖς
2968 3029 3176 3086 ἐκείνου
3234 3032 3421 3088 ἀκτῖσι
3478 3031 3769 3102 καταυγαζομε-

477 3136 692 3193 ducere
716 3137 777 3191 in
801 3154 867 3193 eo
891 3136 1050 3208 quod
1071 3137 1153 3192 ait
1177 3153 1189 3191 :
1215 3158 1243 3187 ‹‹
1267 3139 1381 3193 Nos
1413 3143 1608 3194 autem
1637 3152 1845 3192 omnes
1874 3135 2122 3207 gloriam

2234 3139 2363 3188 τοι,
2418 3116 2620 3192 α’ἰγλην
2669 3120 2789 3175 τινὰ
2842 3121 3045 3191 νοητὴν
3098 3120 3547 3196 ἀντιπέμπομεν.
3589 3113 3780 3173 Βοῦλεται

2240 3203 2281 3219 ..ι
2421 3207 2434 3219 .
2535 3206 2549 3219 .
2627 3205 2639 3219 ε
2776 3207 2789 3219 .
2928 3208 2968 3219 ..
3097 3209 3110 3219 .
3255 3216 3282 3219 _
3414 3215 3437 3219 _
3537 3210 3549 3219 .
3676 3202 3706 3219 ,ς

475 3226 711 3283 Domini
737 3227 798 3280 in
831 3227 1069 3297 speculo
1101 3225 1390 3291 videntes,
1427 3250 1447 3277 ι
1486 3227 1598 3282 hoc
1624 3231 1736 3289 est,
1771 3224 1993 3297 Spiritu
2051 3224 2121 3278 il-

477 3316 775 3371 luminati.
812 3337 839 3364 «
872 3318 918 3370 A
941 3315 1132 3388 gloria
1161 3315 1223 3369 in
1249 3315 1519 3388 gloriam.
1576 3335 1605 3365 ››
1660 3316 1726 3369 In
1785 3316 2002 3385 ipsum,
2038 3313 2125 3368 in-

482 3404 628 3475 quit,
662 3402 1042 3472 splendorem
1074 3408 1564 3465 transmutamur,
1591 3419 1624 3458 a
1653 3403 1839 3475 gloria
1871 3403 2123 3474 Spiritus

479 3492 555 3549 ad
587 3496 850 3547 nostram
880 3490 1129 3564 gloriam
1161 3491 1314 3546 facta
1344 3491 1875 3555 transmutatione;
1935 3494 1995 3545 et
2049 3489 2124 3545 ad

475 3582 660 3638 talem
691 3596 758 3635 ac
786 3585 1031 3641 tantam,
1064 3580 1279 3652 inquit,
1310 3580 1561 3651 gloriam
1591 3580 1989 3651 pervenimus,
2050 3578 2124 3634 ad

480 3684 656 3742 quam
688 3662 1010 3724 verisimile
1041 3674 1131 3724 est
1156 3668 1468 3741 pervenire
1500 3684 1636 3723 eum
1666 3669 1767 3741 qui
1798 3666 2124 3723 aParacle-

479 3765 539 3816 to
571 3759 965 3823 illuminatur,
1002 3766 1060 3815 et
1110 3758 1360 3814 obscura
1418 3758 1675 3831 imagine
1734 3758 1937 3827 glorias
1995 3758 2125 3830 ejus

479 3849 820 3917 insignitur.
857 3849 1001 3903 628
1033 3848 1184 3913 Quid
1214 3847 1291 3903 ad
1324 3849 1449 3904 haec
1480 3848 1676 3905 dicere
1716 3852 1967 3920 possunt
2022 3846 2124 3918 qui

483 3936 765 4008 Spiritum
798 3937 1150 4007 impugnant
1180 3936 1208 3991 ?
1236 3939 1284 3993 A
1310 3937 1521 4007 gloria,
1552 3936 1765 4009 inquit,
1787 3934 1967 3991 divini
1995 3935 2126 4006 Spi-

475 4026 629 4083 ritus
660 4026 719 4080 in
751 4025 997 4099 gloriam
1026 4032 1312 4083 nostram.
1348 4028 1429 4083 Ac
1461 4025 1508 4081 si
1541 4024 1699 4083 dicat
1730 4044 1744 4094 ;
1777 4025 1920 4082 Inde
1967 4025 2126 4082 acci-

477 4130 697 4186 pimus.

1136 4348 1363 4407 CAPUT
1400 4351 1465 4407 V.

480 4442 557 4498 De
585 4438 779 4497 divina
806 4439 989 4510 gloria
1018 4445 1071 4496 et
1095 4441 1445 4510 consequenti
1471 4443 1609 4509 vita,
1641 4440 1788 4512 quod
1834 4457 1870 4496 α
1923 4443 2126 4499 sanctis

553 4519 933 4583 cognoscatur.

547 4624 639 4685 IV,
662 4626 712 4687 1,
736 4625 788 4678 2.
812 4623 1114 4692 Propterea
1133 4637 1254 4678 cum
1277 4622 1644 4676 ministerium
1664 4622 1765 4677 hoc
1802 4621 2117 4688 habeamus,

474 4710 1067 4768 sicutnostrimisertus
1106 4717 1185 4766 est
1218 4712 1379 4778 Deus,
1411 4709 1563 4764 haud
1601 4710 1996 4780 defutigamur,
2028 4711 2124 4766 sed

476 4800 756 4870 rejicimus
786 4800 1179 4855 occultamenta
1214 4800 1496 4855 dedecoris
1516 4816 1537 4864 ;
1568 4815 1679 4854 non
1725 4806 1999 4856 versantes
2018 4816 2124 4870 per

478 4885 763 4951 astutiam,
824 4903 996 4958 neque
1052 4888 1178 4944 dolo
1238 4894 1508 4944 tractante
1558 4888 1781 4944 uerbum
1836 4889 1984 4943 Dei:
2032 4888 2127 4945 sed

477 4975 929 5047 manifestatione
952 4976 1207 5032 veritatis
1263 4976 1578 5033 exhibentes
1637 4993 1734 5032 nos
1774 4978 1919 5047 ipsos
1976 4978 2128 5048 apud

478 5083 693 5126 omnem
722 5066 1117 5122 conscientiam
1146 5065 1424 5121 hominum
1454 5064 1516 5120 in
1543 5069 1835 5136 conspectu
1862 5066 1979 5120 Dei.

550 5272 574 5304 ι
600 5254 941 5324 Propterea.
968 5272 995 5299 ι»
1018 5247 1395 5320 Hyperbaton
1414 5252 1520 5303 est.
1542 5249 1862 5320 Propterea
1880 5264 2003 5303 non
2024 5246 2131 5303 de-

475 5343 792 5415 fatigamur
816 5357 829 5394 :
850 5343 1183 5411 propterea,
1211 5343 1454 5409 propter
1474 5336 1657 5407 quid?
1696 5336 1843 5401 Quia
1862 5336 2003 5392 talia
2031 5351 2132 5391 ac-

481 5433 768 5502 cepimus.
806 5453 834 5482 «
891 5431 1037 5486 Cum
1092 5429 1493 5485 ministerium
1551 5430 1663 5483 hoc
1716 5427 2059 5484 habeamus.
2097 5447 2127 5477 »

479 5520 770 5585 Quoniam
787 5517 1663 5590 multaacmagnadeapostolis
1695 5517 1944 5581 dixerat,
1989 5522 2131 5587 puta

483 5629 512 5659 ‹‹
542 5606 801 5663 Gloriam
827 5607 1063 5664 Domini
1103 5608 1164 5663 in
1198 5608 1438 5681 speculo
1464 5606 1727 5666 videmus
1752 5621 1821 5663 ac
1843 5605 2127 5665 transfor-

2152 4513 2200 4578 D

2235 3203 2293 3261 δὲ
2349 3207 2437 3261 καὶ
2490 3205 2685 3269 αὑτοὺς
2745 3207 2821 3269 εἰς
2877 3208 3025 3279 τάξιν
3086 3209 3311 3283 ἀγαγεῖν
3369 3215 3473 3265 τῶν
3529 3202 3784 3263 ἀποστόλων.

2233 3295 2332 3350 Διὰ
2385 3299 2549 3351 τοῦτο
2626 3295 2742 3350 εἷπε
2797 3297 2860 3352 τὸ
2897 3340 2910 3365 ,
2998 3321 3024 3349 ‹‹
3058 3298 3249 3371 Ἡμεῖς
3321 3299 3509 3361 πάντες
3552 3295 3633 3364 τήν
3678 3288 3787 3360 δόξαν

2233 3385 2433 3459 Κυρίου
2463 3386 2976 3460 κατοπτριζόμενοι,
3011 3410 3038 3438 ››
3082 3388 3198 3442 οἷον
3230 3387 3652 3462 ἐλλαμπρόμενοι
3676 3379 3792 3438 [1νεῦ-

2236 3494 2383 3547 ματι.
2444 3498 2473 3527 ιι
2532 3475 2664 3530 ’Δπὸ
2719 3472 2881 3546 δόξης
2938 3477 3015 3540 εἷς
3071 3473 3252 3547 δόξαν.
3291 3503 3318 3531 ))
3387 3477 3478 3540 Εἰς
3529 3477 3614 3544 τὴν
3654 3471 3791 3539 αὐτὴν,

2232 3564 2389 3643 φησὶ,
2449 3560 2781 3637 λαμπηδόνα
2854 3559 3341 3639 μεταϐαλλόμεθα.
3398 3567 3499 3622 ἀπὸ
3549 3571 3635 3632 τῆς
3680 3558 3794 3630 δόξης

2230 3657 2327 3708 τοῦ
2382 3653 2710 3727 πνεύματος,
2768 3652 2845 3717 είς
2900 3653 3158 3729 ἡμετέραν
3218 3652 3377 3727 δόξαν
3422 3655 3689 3732 ἐρχομένης
3729 3652 3797 3713 τῆς

2238 3742 2714 3822 μεταμορφώσεως
2746 3784 2761 3798 .
2816 3743 2920 3800 Καὶ
2977 3742 3054 3806 είς
3116 3745 3377 3816 τοιαύτην
3413 3787 3427 3814 ,
3487 3742 3643 3818 φησὶ,
3690 3734 3800 3804 δόξαν

2234 3832 2525 3908 φθάνομεν,
2562 3830 2639 3892 είς
2669 3828 2786 3886 οἵαν
2818 3830 2961 3894 είκὸς
3013 3832 3211 3910 φθάσαι
3267 3837 3360 3890 τὸν
3413 3833 3514 3889 ἀπὸ
3564 3833 3647 3886 τοῦ
3671 3843 3801 3899 παρι-

2231 3918 2444 3988 κλήτου
2490 3925 2963 3993 καταυγαζομενον
2998 3964 3013 3988 ,
3088 3921 3176 3977 καὶ
3236 3920 3421 3980 εἰκόνα
3473 3915 3687 3993 ἀμυδρὰν
3728 3917 3799 3979 τῆς

2233 4008 2403 4064 αὐτοῦ
2443 4005 2605 4081 δόξης
2664 4008 3148 4083 ἐνσημαινόμενον.
3177 4010 3240 4066 Τί
3266 4012 3469 4069 ι’ἰποιεν
3514 4009 3634 4082 πρὸς
3678 4006 3799 4058 ταῦτα

2232 4097 2292 4152 οἱ
2350 4098 2858 4174 πνευματομάχοις
2943 4100 3051 4154 ἀπὸ
3119 4096 3281 4170 δόξης
3362 4100 3501 4177 λέγει
3561 4099 3645 4151 τοῦ
3691 4089 3798 4145 (laico

2234 4187 2567 4259 Πνεόματος,
2594 4187 2671 4250 εἰς
2700 4184 2856 4258 δόξαν
2882 4189 2981 4256 τὴν
3013 4187 3306 4265 ἡμετέραν.
3356 4187 3494 4246 Ἀντί
3521 4188 3626 4256 τοῦ,
3651 4179 3803 4236 ἐκεῖθεν

2233 4271 2533 4349 δεχόμεθα.

2864 4368 3126 4424 ΚΕΦΑΛ.
3168 4368 3245 4425 Ε“.

2233 4454 2371 4531 Περί
2397 4453 2541 4531 θείας
2581 4450 2743 4531 δόξῃς
2799 4455 2891 4510 καὶ
2945 4462 3044 4511 τοῦ
3101 4454 3406 4515 ἀκολούθου
3460 4455 3593 4530 βίου,
3620 4448 3694 4505 δτι
3716 4447 3800 4501 τοῖς

2347 4524 2526 4599 ἁγίοις
2559 4524 2904 4603 γινώσκεται.

2301 4615 2400 4671 Διά
2429 4619 2591 4669 τοῦτο
2649 4612 2867 4690 ἔχοντες
2924 4618 3024 4687 τὴν
3085 4615 3358 4674 διακονίαν
3414 4614 3620 4683 ταύτην,
3667 4604 3801 4663 καθὼς

2230 4703 2551 4776 ἠλεήθημεν
2586 4747 2600 4771 ,
2690 4705 2791 4761 οὐκ
2874 4705 3205 4781 ἐκκακοῦμεν
3235 4752 3250 4774 ,
3306 4705 3450 4762 ἀλλὰ
3524 4697 3802 4767 ἀπειπάμεθα

2231 4794 2302 4850 τά
2399 4795 2615 4870 κρυπτὰ
2686 4802 2787 4865 τῆς
2890 4795 3182 4872 αἰσχύνης,
3284 4800 3357 4868 μή
3454 4789 3713 4867 περιπατοῠ

2233 4880 2287 4938 ἰν
2390 4885 2734 4960 πανουργίᾳ,
2838 4881 2978 4958 μηδὲ
3082 4883 3366 4948 δολοῦντες
3485 4881 3568 4937 τὸν

2232 4977 2331 5029 τοῦ
2431 4959 2621 5043 Θεοῦ,
2692 4971 2841 5031 ἀλλὰ
2912 4978 2981 5049 τῇ
3075 4975 3366 5050 φανερώσει
3437 4977 3531 5040 τῆς
3594 4959 3801 5050 ἀληθείας

2234 5070 2585 5127 συνιστῶντες
2691 5065 2913 5130 ἑαυτοὺς
3011 5066 3147 5142 πρὸς
3271 5068 3436 5120 πᾶσαν
3553 5049 3798 5121 συνείδησιν

2235 5153 2535 5231 ἀνθρώπων
2635 5153 2866 5211 ἒνώπιον
2969 5159 3067 5212 τοῦ
3141 5158 3295 5214 Θεοῦ.

2315 5269 2335 5294 ι
2372 5243 2469 5299 Διὰ
2495 5248 2678 5300 τοῦτο,
2713 5267 2742 5296 ››
2774 5245 2851 5302 Τὸ
2883 5239 3206 5319 ὑπερϐατὸν,
3263 5240 3350 5300 διὰ
3403 5243 3550 5297 τοῦτο
3599 5231 3684 5289 οὐκ
3728 5224 3796 5319 ἐξ·

2237 5333 2533 5405 κακοῦμεν.
2568 5334 2663 5389 Διὰ
2720 5336 2882 5388 τοῦτο
2953 5339 3169 5403 Ποῖονς
3228 5334 3310 5389 ὅτι
3361 5327 3619 5392 τοιοότων,
3659 5312 3800 5395 φησὶν,

2236 5423 2521 5494 ἡξιώμεθα
2555 5463 2567 5477 .
2639 5446 2668 5474 ‹‹
2734 5422 3006 5499 Ἔχονττς
3090 5424 3189 5492 τὴν
3249 5418 3500 5477 διακονίαν
3549 5414 3799 5499 αὑτηί-ν

2239 5491 2461 5580 ’ἐπειδὴ
2519 5509 2705 5567 πολλά
2959 5491 3169 5585 μεγάλα
3222 5511 3342 5585 περὶ
3394 5512 3493 5563 τῶν
3537 5491 3794 5585 ἀποστόλινν

2242 5576 2475 5678 sip-ﬁxe»,
2534 5598 2732 5678 λέγων,
2794 5627 2821 5654 ι(
2869 5576 2983 5670 Τήν
3040 5576 3199 5673 δόξαν
3261 5576 3452 5678 Κυρίου
3504 5576 3791 5661 κατοπτριζό’
