4048 6250
315 320 443 383 957

1288 317 1696 379 COMMENT.
1743 318 1820 377 IN
1867 314 2117 377 EPIST.
2165 314 2218 374 ΙΙ
2262 315 2367 374 ΑΙ)
2415 312 2782 376 CORINTH.

3614 317 3734 378 958

317 464 482 530 μεθα,
548 481 577 506 »ι
636 452 706 526 (εί
763 453 866 532 γάρ
935 452 1025 509 καὶ
1081 452 1459 524 ἑκοινοποίησε
1517 453 1608 508 τὸν
1671 451 1838 528 λόγον
1898 455 1971 523 τῷ

2087 466 2320 506 mamur
2348 466 2362 517 ;
2397 473 2424 500 ››
2459 449 2818 524 (quanquam
2853 451 3013 504 enim
3047 467 3382 506 sermonem
3415 450 3552 506 fecit
3576 468 3735 508 com-

318 543 494 598 εἰπεῖν
556 566 584 594 ‹‹
616 544 805 616 Ἡμεῖς
864 539 921 598 δὶ
978 541 1193 610 πάντες,
1231 565 1254 595 n
1307 542 1453 612 πλὴν
1515 541 1591 605 είς
1647 542 1773 604 τοὺς
1834 541 1980 596 ἀπο-

321 631 558 694 στόλους
617 632 991 707 πριυτοτόπως
1048 632 1236 706 ε’θρητο
1295 631 1360 686 τὰ
1417 630 1724 707 εἰρημένα,)
1784 628 1978 686 λοιπὸν

327 723 556 794 κατάγει
585 723 674 776 τὸν
709 722 832 797 περῖ
864 721 1041 776 αὐτῶν
1090 719 1276 796 λόγον.
1311 746 1340 773 ‹‹
1366 725 1632 796 ’Ἔχοντες
1665 721 1791 794 γάρ,
1824 717 1976 797 φησὶ,

320 813 424 880 τήν
487 808 782 877 διακονίαν,
817 834 845 862 ››
903 805 1201 876 τουτέστιν,
1257 813 1419 880 ἡμεῖς
1470 809 1636 866 πλέον
1667 806 1817 863 οὐδὲν
1854 807 1979 862 ἀλλ’

320 899 359 969 ἢ
422 895 661 953 διάκονοί
721 899 879 971 ἐσμεν
940 903 1035 953 τοῦ
1095 897 1470 972 κηρύγματος,
1531 900 1683 964 Εἶτα,
1727 895 1980 958 «Καθὼς

317 986 669 1059 ἠλεηθημεν,
730 1009 761 1040 ››
821 983 1030 1048 δεικνὺς
1113 987 1195 1041 ὃτι
1281 987 1371 1042 καὶ
1430 986 1559 1041 αὐτὸ
1613 987 1674 1040 τὸ
1732 983 1975 1062 γενέσθαι

317 1074 586 1144 διάκονοι,
649 1075 747 1131 οὐκ
795 1079 934 1148 ἦμεν
1019 1075 1182 1147 ἄξιοι,
1270 1075 1417 1131 ἀλλά
1476 1075 1564 1130 καὶ
1622 1081 1804 1142 τοῦτο,
1861 1075 1978 1128 κατ’

314 1161 478 1222 ἵλεον
507 1169 640 1222 Θεοῦ
682 1165 937 1242 ἔσχομεν.
987 1191 1012 1217 ιι
1049 1167 1166 1223 Οὐκ
1215 1165 1565 1239 ἐκκακοῦμεν.
1602 1189 1630 1216 ››
1662 1164 1974 1232 Τουτόστιν,

317 1254 421 1311 οὐκ
470 1255 878 1330 ἀπαγορεύομεν
938 1256 1074 1330 πρὸς
1128 1254 1224 1316 τὰς
1284 1253 1497 1328 θλίψεις
1552 1254 1642 1310 καὶ
1701 1254 1824 1314 τοὺς
1856 1274 1976 1308 πει-

315 1343 566 1419 ρασμοὺς
594 1345 684 1400 καὶ
743 1344 869 1398 τους
926 1341 1234 1406 κινδύνους.
1287 1368 1314 1396 (ι
1347 1342 1517 1400 ’Λλλά
1547 1342 1890 1415 ἀπειπάμεθα
1944 1368 1972 1395 ››

314 1433 464 1508 Πρὸς
499 1434 596 1504 μὲν
626 1435 722 1494 τὰς
755 1431 966 1507 θλίψεις
1020 1433 1122 1488 οὐκ
1179 1432 1546 1505 ἀπειπάμεθα,
1577 1432 1666 1487 καὶ
1705 1431 1974 1506 ἀπεκρου-

311 1523 532 1594 Ωάμεθα
620 1522 689 1576 τὰ
773 1522 983 1597 κρυπτὰ
1067 1529 1167 1591 τῆς
1251 1521 1544 1600 αἰσχύνης,
1609 1520 1855 1576 τουτέστι
1910 1521 1972 1574 τὸ

308 1615 544 1668 τοιαῦτα
591 1617 765 1666 ποιεῖν
828 1610 878 1665 ἐν
931 1615 1132 1687 τρυφῇ,
1190 1610 1222 1666 ἃ
1281 1611 1652 1688 φανερο·3μενα
1710 1609 1971 1685 aiax-3w,"

312 1699 490 1779 φέρει.
544 1699 850 1755 Αἰνίττεται
911 1696 969 1755 δὲ
1053 1699 1179 1762 τοὺς
1239 1697 1740 1774 ψευδαποστόλους,
1802 1695 1856 1752 οῗ
1917 1697 1969 1752 ἐν

312 1791 568 1888 σχήματι
626 1783 910 1852 εὐλαϐείας
966 1789 1125 1856 ἦσαν,
1211 1788 1300 1843 καὶ
1363 1787 1416 1842 ὲν
1476 1792 1652 1867 κρυφῇ
1712 1786 1965 1862 πονηροί.
2007 1825 2049 1888 Β

311 1881 444 1940 Hii);
513 1874 570 1932 δὲ
626 1877 972 1952 ἀπειπάμεθα
1060 1879 1126 1934 τὰ
1213 1878 1421 1950 κρυπτὰ
1506 1884 1604 1945 τῆς
1662 1876 1971 1951 αἷσχῦνηςς

315 1966 736 2042 Ἀπανούργως,
796 1967 951 2044 φησὶ,
1006 1966 1093 2021 καὶ
1161 1965 1454 2027 ἀπλάστως
1515 1969 1731 2035 ζῶντες.
1790 1965 1849 2022 Ὁ
1919 1963 1976 2018 δὲ

318 2057 494 2118 οὕτως
557 2054 1043 2133 ἀναστρεφόμενος,
1109 2057 1304 2109 ἀπεῖπε
1358 2056 1494 2130 πρὸς
1571 2055 1634 2108 τὸ
1718 2054 1972 2129 πράττειν

312 2167 367 2201 τι
400 2149 507 2201 τῶν
538 2145 1024 2222 κατεγνωσμένων.
1059 2170 1084 2195 ‹‹
1119 2145 1200 2200 Τά
1238 2145 1448 2220 κρυπτά
1489 2150 1590 2213 τῆς
1622 2143 1908 2218 αἰσχύνης.
1945 2167 1972 2194 ››

307 2236 418 2295 Καὶ
476 2235 542 2289 τὰ
593 2233 804 2310 κρυπτά
858 2241 960 2303 τῆς
1018 2234 1306 2313 α’σχόνης,
1375 2233 1562 2312 φησὶν,
1607 2232 1970 2302 ἀπειπάμεθα,

315 2325 440 2382 οἷον
472 2323 628 2380 οὐδὲν
679 2323 791 2380 οὐδ’
850 2322 904 2380 ἐν
963 2327 1142 2401 κρυφῇ
1203 2322 1466 2398 αἰσχύνης
1498 2322 1644 2396 ἄξιον
1677 2319 1971 2394 διαπραττό

316 2427 476 2489 μεοα,
508 2413 656 2471 ἀλλὰ
691 2415 766 2487 μή
827 2411 1178 2474 ἐκκακοῦντες
1238 2411 1291 2467 ἐν
1346 2417 1464 2473 ταῖς
1499 2411 1745 2488 θλίψεσιν
1777 2411 1851 2475 ὡς
1882 2412 1971 2466 καὶ

311 2506 474 2577 ὑμεῖς
535 2504 714 2574 ὁρᾶτε,
777 2499 906 2557 οὐδὲ
961 2503 1098 2556 κατά
1153 2500 1424 2576 λογισμὸν
1459 2500 1599 2557 ἄλλο
1630 2523 1682 2557 τι
1718 2497 1972 2556 διανοού-

318 2604 461 2667 μεθα
517 2590 782 2666 αἰσχύνης
868 2587 1038 2662 ἀξιον,
1125 2590 1266 2660 οἷον,
1327 2589 1424 2645 οὐκ
1490 2587 1816 2664 ὀλιγωρίαν,
1875 2589 1974 2643 οὐκ

321 2674 683 2758 ἀμφιϐολίαν,
745 2678 808 2733 οὐ
887 2674 1208 2752 δισταγμὸν,
1289 2677 1388 2732 οὐκ
1462 2677 1807 2753 ἀχαριστίαν,
1877 2676 1974 2732 οὐκ

321 2766 468 2824 ἄλλο
521 2789 573 2822 τι
625 2767 762 2822 κατὰ
822 2764 1066 2821 διάνοιαν
1122 2763 1521 2842 ἀναδεχόμεθα.
1584 2764 1738 2823 Ἀλλ’
1789 2764 1970 2840 ὥσπερ

315 2854 378 2912 ἐν
435 2861 510 2928 τῷ
565 2856 781 2935 φανερῴ
841 2856 944 2910 οὐκ
1003 2853 1362 2930 ἐκκακοῦμεν,
1418 2855 1592 2918 οὕτως
1651 2852 1766 2908 οὔδ’
1808 2856 1862 2908 ἓν
1894 2858 1972 2925 τῴ

317 2949 543 3018 κρυπτῷ
597 2945 864 3020 αἰσχύνης
923 2943 1069 3014 ἄξιόν
1124 2965 1176 2998 τι
1238 2942 1594 3019 λογιζόμεθα,
1627 2942 1772 2998 ἀλλά
1801 2942 1971 2996 πάντα

308 3034 380 3091 τὰ
437 3040 538 3102 τῆς
599 3033 870 3108 αἰσχύνης
926 3033 1139 3108 κρυπτά
1189 3034 1554 3107 ἀπειπάμεθα.
1616 3033 1764 3100 Εἶτα,
1813 3057 1838 3082 u
1876 3033 1967 3100 Μή

314 3128 741 3196 περιπατοῦντες
799 3120 851 3176 ἐν
912 3121 1231 3196 πανουργίᾳ,
1296 3146 1322 3172 ››
1379 3121 1466 3176 καὶ
1524 3121 1664 3191 ἑξῆς.
1722 3125 1962 3196 Πανουρ-

2090 558 2328 596 munem
2345 542 2594 596 dicendo
2614 559 2625 595 :
2645 567 2665 587 ιι
2685 543 2799 596 Nos
2813 549 3008 596 autem
3025 557 3296 607 omnes,»
3320 541 3391 596 ad
3432 543 3732 613 apostolos

2090 637 2284 686 tamen
2300 631 2476 687 veluti
2497 631 2686 702 prima
2699 647 2860 685 exem
2874 631 3058 701 plaria
3071 630 3420 685 dicebantur
3436 631 3733 702 prmdicta)

2089 719 2370 792 deinceps
2387 737 2718 774 sermonem
2737 719 3189 793 dehisdeducit:
3211 741 3231 768 α
3269 720 3412 773 Cum
3445 721 3600 774 enim
3628 721 3735 774 mi-

2087 810 3232 881 nisterium,inquit,habeamus.hncest.
3265 835 3282 856 ιι
3305 809 3725 882 nihilamplius

2087 917 2264 971 quam
2297 900 2554 954 ministri
2589 899 3024 970 praedicationis
3057 899 3262 953 simus.
3324 899 3545 954 Deinde
3599 901 3678 955 ait
3714 917 3725 954 :

2087 1012 2112 1040 «
2150 990 2310 1044 Sicut
2341 989 2526 1044 nostri
2554 990 2829 1043 misertus
2861 992 2949 1042 est
2977 989 3151 1051 Deus,
3174 1010 3200 1036 ››
3221 989 3544 1042 ostendens
3567 989 3723 1060 quod

2087 1081 2166 1134 Ne
2199 1079 2272 1134 ad
2304 1079 2414 1135 hoc
2447 1079 2685 1150 quidem
2719 1079 2880 1149 digni
2914 1095 3116 1133 sumus
3147 1084 3213 1132 ut
3235 1077 3420 1133 simus
3446 1079 3727 1146 ministri,

2085 1171 2186 1228 sed
2219 1178 2278 1226 et
2308 1172 2418 1227 hoc
2448 1188 2482 1226 a
2507 1170 2608 1226 Dei
2663 1169 3072 1224 misericordia
3128 1167 3433 1223 habemus.
3497 1191 3523 1216 «
3561 1168 3724 1224 Haud

2083 1261 2495 1333 defatigamur.
2530 1262 2648 1315 Hoc
2681 1265 2788 1320 est,
2824 1276 2943 1313 non
2975 1258 3286 1313 deficimus
3317 1258 3390 1313 ad
3448 1258 3727 1314 afﬂictio-

2082 1350 2578 1406 nes.tentationes
2609 1365 2676 1406 ae
2709 1349 2991 1420 pericula.
3029 1372 3053 1397 ‹‹
3089 1349 3199 1404 Sed
3234 1348 3548 1418 rejecimus
3596 1373 3618 1394 η
3643 1350 3728 1404 Ad

2081 1438 2435 1495 afﬂictiones
2455 1438 2694 1509 quidem
2711 1455 2829 1492 non
2858 1438 3270 1508 defatigamur,
3289 1437 3392 1492 sed
3414 1438 3730 1508 rejecimus

2081 1544 2148 1584 ac
2177 1528 2558 1584 refutavimus
2591 1528 3024 1583 occultamenta
3057 1526 3364 1582 dedecoris
3401 1544 3412 1580 :
3446 1526 3556 1581 hoc
3617 1534 3726 1595 est,

2079 1619 2222 1675 talia
2251 1620 2310 1672 in
2343 1618 2572 1673 occulto
2606 1618 2817 1679 facere,
2852 1634 2982 1686 qum
3016 1616 3388 1671 manifestata
3439 1616 3727 1686 pudorem

2079 1709 2378 1764 aﬂ'errent.
2403 1709 2678 1780 Designat
2694 1713 2888 1762 autem
2910 1705 3399 1778 pseudapostolos
3413 1706 3510 1776 qui
3555 1706 3724 1761 habi-

2079 1801 2206 1850 tum
2233 1793 2550 1864 quemdam
2584 1794 2818 1864 pietatis
2852 1793 3171 1858 habebant,
3215 1793 3316 1847 sed
3376 1793 3437 1847 in
3495 1795 3726 1849 occulto

2084 1883 2242 1953 pravi
2257 1888 2420 1938 erant
2432 1884 2492 1947 .Q
2502 1899 2572 1936 uo
2583 1882 2752 1936 modo
2767 1888 2961 1936 autem
2980 1882 3060 1952 rej
3073 1881 3283 1936 ecirnus
3297 1882 3662 1938 occultamen
3675 1889 3730 1940 ta

2083 1971 2427 2026 dedecoris?
2450 1972 2586 2027 Sine
2611 1972 2866 2026 versutia
2888 1987 2953 2025 ac
2978 1969 3210 2026 fallacia
3260 1971 3534 2026 viventes.
3585 1975 3726 2027 Nam

2083 2061 2181 2132 qui
2199 2062 2278 2116 ita
2291 2060 3266 2130 conversatur,recusatquidquam
3293 2059 3484 2114 facere
3523 2077 3726 2115 eorum

2081 2167 2212 2220 qum
2227 2150 2836 2205 damnatasunt.6‘24
2851 2172 2875 2198 ‹‹
2895 2149 3338 2204 Occultamenta
3353 2147 3722 2204 dedecoris.»

2081 2240 2269 2294 Etiam
2284 2236 3292 2307 occultamentis.inquit.dedecoris
3318 2238 3725 2294 interdixirnus

2079 2327 2136 2383 id
2159 2335 2248 2382 est
2294 2329 2442 2382 nihil
2459 2327 2805 2382 confusione
2823 2327 3064 2399 dignum
3079 2327 3226 2380 nein
3242 2326 3470 2382 occulto
3487 2327 3725 2398 q::idem

2080 2423 2526 2489 perpetramus:
2563 2417 2664 2471 sed
2697 2417 2757 2470 in
2787 2415 3211 2470 afflictionibus
3242 2432 3360 2469 non
3390 2417 3728 2472 succumbi-

2081 2524 2234 2563 mus.
2259 2509 2324 2559 ut
2343 2512 2400 2559 et
2419 2521 2514 2560 vos
2533 2505 2741 2559 videtis
2769 2521 2780 2557 :
2806 2521 2998 2575 neque
3021 2504 3109 2558 vel
3136 2510 3332 2557 mente
3363 2505 3524 2559 aliud
3556 2506 3728 2576 quid-

2079 2612 2255 2668 quam
2289 2596 2613 2667 cogitamus
2645 2593 2995 2648 confusione
3027 2593 3270 2664 dignum
3298 2611 3308 2645 :
3344 2594 3452 2648 hoc
3484 2599 3570 2648 est
3627 2612 3726 2650 ne-

2079 2702 2192 2756 que
2214 2684 2629 2756 negligentiam
2655 2700 2847 2754 neque
2871 2683 3304 2737 haesitationem
3323 2699 3425 2737 seu
3439 2684 3723 2749 ambigui-

2078 2781 2480 2845 tatem,neque
2495 2773 3002 2846 ingratitudinem,
3022 2789 3214 2843 neque
3232 2772 3394 2827 aliud
3416 2773 3720 2844 quippiam

2079 2864 2416 2935 hujusmodi
2434 2864 2520 2918 vel
2535 2869 2733 2918 mente
2747 2861 3198 2932 recipimuszsed
3217 2862 3719 2933 quemadmodum

2077 2955 2138 3007 in
2165 2954 2476 3008 manifesto
2499 2969 2617 3007 non
2642 2952 3141 3024 defatigamur,ita
3165 2967 3357 3022 neque
3383 2952 3444 3006 in
3494 2953 3724 3008 occulto

2078 3043 2404 3114 quidquam
2455 3042 2868 3098 erubescentia
2920 3041 3162 3114 dignum
3222 3040 3568 3112 cogitamus,
3623 3043 3725 3098 sed

2076 3132 2278 3187 omnia
2307 3132 2540 3187 ruboris
2572 3131 3007 3186 occultamenta
3063 3129 3402 3199 rejecimus.
3450 3131 3674 3186 Deinde
3709 3148 3723 3186 :

311 3213 438 3290 γίας
502 3212 596 3284 μὶν
655 3211 758 3286 γὰρ
813 3211 901 3265 καὶ
963 3208 1154 3280 δόλου,
1213 3207 1358 3267 ἄλλα
1419 3212 1512 3284 μὲν
1554 3208 1970 3274 ἐπιδείκνυσθαι,

2082 3245 2106 3271 ‹‹
2141 3223 2263 3275 Non
2294 3226 2594 3276 versantes
2625 3237 2731 3292 per
2761 3219 3062 3278 astutiam.
3088 3240 3115 3267 »
3141 3224 3250 3272 etc.
3286 3218 3585 3289 Siquidem
3611 3237 3730 3276 ver-

314 3297 464 3357 ἄλλα
495 3297 552 3354 δὲ
584 3297 1012 3374 διαλογίζεσθαι.
1047 3323 1074 3351 κ
1108 3297 1264 3370 Μηδὲ
1297 3298 1585 3362 δολοῦντες
1614 3301 1705 3354 τὸν
1741 3299 1968 3376 λόγον.»

305 3399 413 3459 Καὶ
447 3399 509 3453 οὐ
547 3397 728 3472 μόνον,
764 3397 920 3475 φησὶ,
983 3397 1103 3471 βίον
1159 3397 1250 3452 καὶ
1309 3396 1590 3454 πολιτείαν
1624 3397 1968 3476 ἀπάνουργον

313 3488 736 3563 ἐπιτηδεύομεν,
771 3488 896 3546 ἄλλ’
928 3488 1053 3545 οὐδὲ
1085 3487 1362 3562 δολοῦμεν
1393 3491 1485 3545 τὸν
1517 3489 1678 3564 λόγον
1709 3495 1805 3546 τοῦ
1836 3495 1971 3545 Θεοῦ

311 3579 408 3637 καὶ
439 3581 500 3634 τὸ
531 3581 814 3656 κηρυγμα,
874 3581 908 3650 ἢ
971 3580 1446 3654 χρηματιζόμενοι
1489 3579 1539 3650 ἐξ
1571 3580 1755 3646 αὐτοῦ,
1857 3585 1970 3643 τοῖς

309 3673 525 3745 καιροῖς
571 3669 663 3723 καὶ
705 3674 819 3730 τοῖς
853 3669 1172 3739 προσώποις
1231 3664 1848 3741 συμμεταϐαλλόμενοι,
1879 3671 1971 3724 καὶ

310 3763 404 3814 νῦν
439 3762 531 3829 μὲν
577 3762 764 3827 τοῦτο,
819 3762 910 3810 νῦν
983 3754 1041 3812 δὲ
1099 3757 1271 3814 ἐκεῖνο
1334 3756 1697 3827 διδασκοντες,
1756 3759 1886 3831 ὅπερ
1920 3761 1972 3814 οἱ

316 3845 762 3924 ψευδαπόστολοι
820 3845 1059 3903 ἐποίουν.
1123 3872 1149 3898 ι(
1183 3844 1365 3903 Ἀλλᾶ
1417 3852 1486 3922 τῇ
1547 3849 1975 3923 φανερώσειτῆς

313 3935 597 4009 ἀληθείας.
635 3961 662 3986 ››
724 3933 920 4004 Οὐδὲν,
975 3937 1131 4016 φησῖ,
1194 3937 1420 4014 κρόφιον
1477 3945 1605 4010 παρ’
1657 3942 1815 4008 ἡμῖν.
1850 3937 1974 3994 οὐδὲ

315 4025 462 4084 ἄλλο
498 4027 592 4098 μὶν
624 4025 958 4099 κρύπτομεν,
991 4023 1132 4082 ἄλλο
1165 4021 1223 4082 δὲ
1253 4025 1546 4100 λαΛοῦμεν,
1583 4026 1730 4082 ἀλλά
1759 4028 1848 4082 διὰ
1872 4029 1972 4096 τὴν

317 4115 622 4198 φανέρωσιν
678 4121 778 4184 τῆς
836 4114 1114 4186 ἀληθείας,
1172 4121 1503 4189 συνιστῶμεν
1557 4118 1642 4171 καὶ
1687 4118 1974 4189 παρατιθὲ-

321 4215 458 4278 μεθα
514 4203 741 4265 ἑαυτοὺς
802 4206 916 4259 οἷον
976 4202 1159 4276 ἐσμὲν,
1217 4204 1360 4278 πάσῃ
1415 4202 1717 4275 συνειδήσει
1765 4207 1977 4280 ἀνθρώ-

313 4315 454 4351 πων.
485 4326 555 4337 -
585 4296 802 4367 [ΦΩΤ.]
861 4294 928 4352 Οἱ
983 4294 1085 4369 γὰρ
1143 4291 1605 4370 ψευδαπόστολοι,
1657 4297 1722 4351 οὐ
1762 4300 1831 4368 τῇ
1873 4317 1976 4370 φα-

314 4384 541 4457 νερώσει
572 4390 674 4452 τῆς
707 4381 992 4452 ἀληθείας,
1024 4381 1172 4440 ἀλλά
1227 4388 1306 4457 τῷ
1363 4383 1620 4440 ὑποδῦναι
1678 4386 1970 4461 πρόσωπον

314 4471 605 4544 ἀληθείας,
667 4471 926 4528 συνίστων
970 4472 1212 4541 ἑαυτοὺς,
1273 4470 1386 4529 οὐδ’
1423 4473 1652 4530 ἒνώπιον
1684 4479 1781 4530 τοῦ
1811 4479 1967 4542 Θεοῦ,

2084 3311 2252 3366 ειιῐὶεθ
2285 3326 2351 3365 ac
2384 3309 2503 3364 doli
2533 3316 2621 3364 est
2651 3309 2811 3364 aliud
2855 3309 3114 3364 exterius
3172 3309 3506 3368 ostendere.
3567 3310 3728 3365 aliud

2083 3403 2281 3453 autem
2313 3398 2586 3468 cogitare.
2628 3418 2650 3447 α
2687 3399 2886 3467 Neque
2910 3396 3044 3450 dolo
3069 3401 3389 3452 tractantes
3409 3397 3672 3452 verbum.
3704 3421 3730 3449 ››

2083 3489 2198 3542 Nec
2229 3486 2444 3549 solum,
2479 3486 2691 3556 inquit,
2723 3487 2900 3541 vitam
2932 3502 3000 3542 ac
3031 3486 3545 3541 conversationem
3602 3488 3728 3544 sine

2081 3575 2339 3631 versutia
2368 3576 2754 3638 instituimus,
2818 3574 2921 3629 sed
2979 3592 3173 3646 neque
3228 3574 3360 3631 dolo
3411 3583 3730 3634 tractamus

2082 3664 2324 3719 verbum
2356 3665 2457 3721 Dei
2494 3665 2612 3720 sive
2642 3664 3129 3736 praedicationem
3167 3681 3178 3718 :
3212 3670 3313 3720 aut
3343 3673 3636 3735 quaestum
3662 3684 3731 3721 ex

2082 3763 2210 3834 ipso
2241 3769 2555 3825 sectantes.
2590 3769 2690 3818 aut
2713 3764 2888 3832 juxta
2906 3769 3233 3832 temporum
3257 3778 3324 3818 ac
3343 3779 3730 3833 personarum

2085 3851 2395 3907 varietates
2427 3865 2535 3904 nos
2566 3849 2724 3921 ipsos
2755 3856 3210 3908 commutantes,
3273 3854 3330 3905 et
3382 3867 3539 3904 nunc
3596 3852 3727 3918 hoc,

2086 3956 2244 3995 nunc
2276 3946 2471 3995 autem
2516 3938 2665 3995 illud
2723 3937 3023 3994 docentes.
3081 3938 3237 4009 quod
3286 3939 3730 4011 pseudapostoli

2083 4027 2395 4087 faciebant.
2420 4048 2442 4071 ‹‹
2467 4027 2580 4083 Sed
2603 4028 2661 4080 in
2689 4026 3163 4085 manifestatione
3186 4027 3465 4083 veritatis.
3493 4050 3520 4079 η
3552 4031 3727 4098 Nihil,

2086 4118 2298 4188 inquit,
2322 4116 2618 4173 occultum
2645 4115 2800 4187 apud
2823 4132 2929 4170 nos
2952 4122 3060 4180 est,
3095 4132 3291 4187 neque
3336 4117 3498 4173 aliud
3535 4121 3729 4176 occul-

2085 4214 2300 4267 tamus.
2329 4205 2490 4261 aliud
2522 4210 2718 4261 autem
2752 4204 3092 4275 loquimur:
3127 4205 3229 4260 sed
3257 4222 3362 4278 per
3392 4208 3732 4266 manifesta-

2085 4297 2309 4352 tionem
2322 4294 2584 4351 veritatis
2599 4311 2706 4350 nos
2721 4295 2882 4366 ipsos
2897 4294 2957 4349 in
2974 4294 3232 4349 medium
3276 4295 3629 4366 proferimus
3661 4314 3726 4354 ac

2086 4385 2432 4440 exhibemus
2446 4383 2650 4456 quales
2664 4401 2868 4442 sumus
2881 4383 3036 4456 apud
3049 4400 3286 4438 omnem
3301 4385 3727 4442 conscientiam

2085 4474 2416 4530 hominum.
2447 4505 2518 4514 —
2545 4473 2690 4530 Nam
2721 4473 3158 4546 pseudapostoli
3193 4489 3312 4530 non
3336 4489 3440 4544 per
3471 4475 3724 4530 manife-

317 4563 449 4622 ἀλλ’
483 4564 558 4628 εἰς
609 4563 884 4635 ἀρέσκειαν
947 4566 1112 4637 μόνον
1170 4569 1278 4620 τῶν
1341 4567 1733 4638 ἀπατωμένων.
1767 4593 1793 4620 ‹‹
1832 4568 1971 4642 Πρὸς

2082 4564 2399 4620 stationem
2432 4563 2715 4628 veritatis,
2749 4563 2852 4618 sed
2882 4563 3216 4618 simulando
3233 4563 3492 4619 veritatis
3517 4580 3723 4634 perso-

313 4659 491 4710 πᾶσαν
574 4651 882 4722 συνείδησιν
967 4654 1297 4729 ἀνθρώπων.
1364 4680 1392 4708 ››
1456 4657 1608 4731 Ilio-'0
1669 4654 1968 4728 συνειδήσει

316 4741 619 4819 ἀνθρώπων
673 4742 914 4798 ἀπίστων
966 4763 1024 4798 τε
1073 4743 1164 4798 καὶ
1220 4747 1424 4798 πιστῶν
1456 4743 1678 4807 ἑαυτοὺς
1710 4747 1966 4800 συνιστῶ-

317 4852 433 4904 μεν,
495 4830 547 4902 ἐξ
631 4831 729 4900 ὧν,
811 4830 998 4902 φησὶν,
1083 4830 1540 4910 ἂναστρεφόμεθα.
1615 4831 1835 4902 Ἐπειδή
1892 4828 1969 4890 ἔνι

315 4917 501 4982 λαθεῖν
567 4919 696 4982 τοὺς
769 4919 1090 4994 ἀνθρώπους
1171 4921 1262 4976 καὶ
1345 4921 1640 4992 ἀπατῆσαι,
1695 4924 1786 4979 τὸν
1841 4921 1972 4980 Θεὸν

312 5003 510 5086 ἷφορον
543 5008 791 5086 ἐφίστησι
821 5012 890 5082 τῇ
921 5010 1114 5066 hau-.08
1143 5008 1416 5084 πολιτείᾳ.

381 5270 448 5327 Εἰ
516 5266 573 5326 δὲ
627 5268 718 5324 καὶ
797 5261 912 5326 ἔστι
995 5267 1408 5342 κεκαλυμμένον
1485 5272 1548 5326 τὸ
1632 5270 1964 5349 Εὖαγγὲλιον

307 5359 493 5431 ⁴ἡμῶν,
576 5355 627 5412 ἐν
709 5361 827 5420 τοῖς
929 5356 1342 5432 ἀπολλυμένοις
1425 5358 1536 5414 ἐστὶ
1617 5358 1966 5436 κεκαλυμμέ-

301 5467 418 5514 νον,
478 5444 532 5501 ἐν
591 5448 676 5508 οἷς
737 5445 765 5500 ὁ
826 5445 956 5509 Θεὸς
1012 5451 1109 5501 τοῦ
1161 5449 1358 5512 αἰῶνος
1413 5451 1634 5518 τούτου,
1689 5449 1966 5528 ἐτύφλωσε

308 5536 378 5592 τὰ
431 5537 681 5608 νοήματα
736 5539 846 5589 τῶν
905 5535 1168 5607 ἀπίστων,
1227 5537 1302 5599 εἷς
1358 5539 1418 5594 τὸ
1481 5539 1557 5613 μή
1610 5539 1835 5613 αὐγάσαι
1869 5542 1962 5596 αὐ-

305 5628 426 5686 τοῖς
505 5623 598 5678 τὸν
685 5624 968 5704 φωτισμὸν
1047 5629 1143 5682 τοῦ
1233 5625 1572 5705 ΕὐαγγεΗου
1626 5635 1725 5700 τῆς
1801 5625 1964 5703 δὸεης

2078 4651 2638 4719 nam,ostendebant
2659 4653 2886 4724 seipsos
2915 4669 3033 4706 non
3058 4669 3256 4707 coram
3279 4653 3419 4720 Deo,
3452 4653 3555 4709 sed
3589 4659 3724 4709 tan-

2080 4747 2201 4797 tum
2223 4747 2288 4797 ut
2307 4743 2380 4796 iis
2403 4741 2704 4812 placerent
2725 4741 2823 4812 qui
2842 4740 3218 4796 fallebantur.
3245 4764 3272 4790 «
3296 4743 3462 4814 Apud
3484 4760 3723 4800 omnem

2080 4829 2504 4887 conscientiam
2526 4829 2855 4884 hominum.
2889 4854 2907 4880 ι
2947 4829 3139 4896 Omni,
3176 4831 3385 4904 inquit,
3415 4833 3722 4891 conscien-

2081 4921 2175 4976 tiae
2188 4919 2521 4978 hominum.
2549 4919 2668 4974 sive
2681 4918 3048 4974 credentium
3066 4919 3183 4977 sive
3199 4938 3315 4976 non
3331 4922 3722 4990 credentium,

2079 5009 2353 5080 nosipsos
2380 5024 2449 5063 ex
2475 5013 2677 5064 nostra
2711 5010 3158 5065 conversatione
3217 5012 3724 5080 commendamus,

2079 5099 2366 5165 Quoniam
2398 5097 2671 5153 homines
2704 5096 2887 5152 latere
2919 5099 3230 5172 contingit,
3269 5099 3520 5170 illosque
3563 5101 3725 5156 deci-

2078 5203 2239 5261 pere.
2268 5188 2455 5243 Deum
2479 5203 2598 5242 sum
2618 5187 2997 5242 conscientia:
3020 5188 3282 5259 prwfecit
3302 5189 3720 5260 inspectorem.

2146 5277 2235 5343 IV,
2271 5276 2386 5330 3-5.
2422 5275 2578 5340 Quod
2620 5276 2668 5328 si
2716 5275 2892 5329 adhuc
2947 5277 3185 5331 velatum
3233 5283 3308 5331 est
3365 5279 3722 5347 Evangelium

2075 5372 2339 5420 nostrum.
2369 5363 2427 5417 in
2459 5363 2540 5418 his
2570 5365 2668 5432 qui
2692 5371 2927 5433 pereunt
2958 5365 3202 5419 velatum
3259 5372 3360 5432 est,
3421 5367 3476 5420 in
3519 5367 3716 5438 quibus

2074 5457 2214 5510 Deus
2245 5454 2407 5525 hujus
2435 5453 2626 5507 seculi
2654 5457 2945 5507 excaecant
2974 5470 3159 5509 sensus
3196 5454 3624 5524 incredulomm,
3648 5475 3715 5513 ne

2073 5543 2346 5598 illuseeret
2380 5543 2490 5597 illis
2523 5543 2704 5596 Iumcn
2763 5544 3047 5612 Evangelii
3112 5544 3302 5614 gloria)
3359 5545 3563 5601 Christi
3618 5550 3712 5617 qui

2073 5641 2148 5690 est
2181 5635 2362 5705 imago
2393 5635 2509 5690 Dei.
2545 5635 2659 5690 Non
2691 5635 2832 5688 enim
2864 5649 2959 5689 nos
2989 5637 3132 5707 ipsos
3179 5637 3568 5708 praedicamus,
3618 5637 3711 5693 sed
