4048 6250
195 351 310 411 961

1191 348 1596 410 COMMENT.
1646 346 1733 406 IN
1778 345 2026 406 EPlST.
2073 347 2124 407 ΙΙ
2171 347 2269 406 AD
2316 351 2675 412 CORINTH.

3485 356 3602 418 962
3637 441 3646 446 _

195 480 471 556 ἐσόπτρου
503 479 556 536 ἐν
605 479 903 555 αἰνίγμασιν
937 504 965 532 ››
999 481 1087 534 καὶ
1122 503 1150 530 ι(
1181 473 1502 553 Ἀῤῥυὸῶνα
1534 478 1844 549 Πνεύματος

1971 480 2023 534 in
2057 482 2367 553 aenigmate
2390 481 2461 551 3’,
2495 507 2522 533 ››
2548 491 2624 550 et,
2649 507 2676 533 ‹‹
2702 484 2952 539 Arrham
2981 485 3269 541 habemus
3291 487 3542 559 Spiritus
3558 489 3605 527 ³³

193 570 289 625 καὶ
323 571 507 642 ὀσμήν
538 569 811 644 γνώσεως.
846 594 874 620 ὶι
906 603 967 612 -
1002 595 1027 620 ‹‹
1053 569 1164 624 Τοῦ
1194 566 1534 644 Εὐαγγελίου
1565 573 1665 635 τῆς
1697 567 1856 638 ὸόξης

192 668 298 718 τοῦ
333 664 586 737 Χριστοῦ.
651 686 678 713 ››
739 661 873 731 Δόξα
927 661 1026 735 γὰρ
1085 662 1320 734 Χριστοῦ
1385 659 1448 714 τὸ
1506 657 1851 732 εὐαγγέλιον.

200 752 470 822 Δοξαστὸς
506 751 600 824 μὲν
662 751 763 827 γὰρ
796 753 823 805 6
853 751 1082 826 Χριστὸς
1135 747 1223 804 διὰ
1274 748 1456 823 μυρία,
1504 746 1553 820 ἐξ
1603 747 1677 801 ὧν
1727 744 1852 816 ἐδη-

204 841 567 918 μιοόργησεν,
619 841 667 909 ἒξ
730 841 803 894 ὧν
865 842 1078 912 συνέχει
1135 839 1203 892 τὰ
1251 836 1752 912 δημιουργηθέντα,
1803 835 1852 904 εξ

199 932 278 985 ὧν
313 932 378 984 τὰ
409 932 583 984 πάντα
635 933 914 1003 ζωογονεῖ,
970 927 1204 1000 μάλιστα
1254 924 1311 980 δε
1354 925 1413 980 ἐκ
1457 930 1555 980 τοῦ
1600 924 1853 998 σταυροῦ,

191 1019 257 1073 οὗ
291 1020 462 1092 κῆρυξ
492 1019 555 1072 τὸ
596 1015 936 1091 εὐαγγέλιον,
971 1042 995 1068 ‹‹
1029 1018 1124 1077 Ὃς
1157 1015 1298 1070 ἐστιν
1329 1014 1490 1070 εῗκὼν
1516 1018 1612 1068 τοῦ
1635 1016 1789 1070 Θεοῦ.
1825 1035 1852 1062 ››

189 1111 284 1172 Ὠς
315 1107 366 1162 ἐν
400 1104 731 1183 παραδρομῇ
787 1104 959 1183 λέγει,
1008 1107 1060 1160 τί
1104 1104 1214 1159 ἐστι
1261 1105 1324 1159 τὸ
1375 1102 1681 1177 εὐςγγελίου
1731 1125 1852 1156 συν-

198 1198 557 1270 εσκεασμὲνον
605 1202 724 1259 τοῖς
779 1195 1050 1256 ἀπίστοις·
1113 1195 1260 1260 Ὁτι,
1319 1195 1474 1271 φησὶ,
1528 1195 1657 1254 Θεός
1709 1190 1852 1246 ἐστιν

195 1288 226 1340 6
260 1287 614 1359 σταυρωθείς.
673 1284 847 1340 Εἷκὼν
895 1284 997 1360 γάρ
1047 1281 1158 1336 ἐστι
1206 1287 1304 1337 τοῦ
1355 1284 1564 1356 lla-rp");
1614 1280 1858 1354 ἀπαράλ-

191 1375 423 1436 λακτος.
457 1377 582 1431 ’Ότι
615 1375 718 1448 γὰρ
751 1371 932 1427 εἰκόνα
984 1368 1128 1426 οἶδεν
1161 1373 1189 1425 6
1219 1370 1556 1432 Ἀπόστολος
1603 1369 1666 1424 τὸ
1717 1370 1856 1426 κατὰ

184 1469 298 1518 πᾶν
338 1462 457 1517 ἴσον
488 1463 577 1516 καὶ
611 1463 830 1534 ὅμοιον,
871 1462 973 1536 ’ὀρα
1001 1460 1052 1513 τί
1083 1481 1246 1536 φησιν
1291 1457 1568 1532 ἀλλαχοῦ⁶
1624 1480 1651 1508 ‹‹
1685 1457 1851 1510 Σκιάν

186 1553 298 1627 γὰρ
332 1547 477 1626 ἔχων
513 1552 540 1605 6
571 1551 741 1624 νόμος
772 1556 881 1606 τῶν
938 1547 1255 1620 μελλόντων
1304 1547 1546 1621 ἀγαθῶν,
1598 1546 1700 1600 οὐκ
1756 1543 1854 1598 αὒ-

191 1643 300 1710 τὴν
337 1643 435 1708 τὴν
469 1639 649 1695 εἰκόνα
700 1644 810 1694 τῶν
865 1639 1230 1714 πραγμάτων.
1260 1661 1285 1688 ››
1343 1636 1537 1692 Εἰκόνα
1583 1638 1716 1689 Θεοῦ
1757 1635 1850 1688 τὸν

188 1733 458 1805 Χριστὸν,
493 1730 568 1792 ὡς
601 1730 730 1784 Θεὸν
760 1729 818 1783 ἐκ
861 1733 994 1783 Θεοῦ
1050 1725 1508 1803 προσηγόρευσεν.
1567 1725 1654 1780 Ἐν
1703 1724 1852 1794 αὐτῷ

187 1820 301 1896 γὰρ
337 1817 574 1873 δείκνυσι
601 1819 694 1874 τόν
738 1816 964 1892 Πατέρα.
1025 1818 1116 1871 Διό
1178 1837 1364 1893 φησιν,
1428 1816 1534 1867 «Ὀ
1593 1811 1849 1888 ἑωρακὼς

189 1907 315 1981 ἐμὲ,
350 1909 559 1982 ἑώρακε
606 1907 698 1962 τὸν
751 1907 978 1981 Πατέρα.
1038 1930 1064 1956 ι)
1123 1938 1190 1946 —-
1249 1929 1275 1956 «
1339 1902 1416 1960 Οὐ
1469 1903 1569 1978 γὰρ
1628 1900 1850 1962 ἑαυτοὺς

187 1998 566 2072 κηρύσσομεν.
603 2023 624 2050 ι
687 1999 835 2053 Ἀνω
900 1998 1038 2061 εἷπε,
1106 2017 1126 2043 ι
1189 1995 1276 2061 Mi,
1319 1995 1741 2066 περιπατοῦντες
1801 1989 1852 2044 ἐν

190 2086 520 2163 πανουργίᾳ,
585 2083 725 2160 μηδὲ
775 2083 1064 2146 δολοῦντες
1107 2084 1199 2138 τὸν
1254 2082 1417 2157 λόγον
1473 2085 1568 2136 τοῦ
1617 2084 1770 2136 Θεοῦ.
1825 2102 1852 2129 ››

197 2182 362 2244 Πῶς;
393 2202 420 2227 (ι
455 2175 608 2233 Ἐπεὶ
661 2176 736 2248 μή
789 2173 1011 2235 ἑαυτοὺς
1060 2174 1426 2247 κηρύσσομεν,
1478 2170 1660 2249 φησὶν,
1712 2167 1859 2224 ἀλλὰ

202 2266 439 2341 Χριστὸν
473 2264 692 2338 Κύριον·
755 2263 974 2325 ἑαυτοὺς
1023 2260 1080 2317 δὲ
1137 2259 1368 2321 δούλους
1429 2262 1578 2333 ὑμῶν
1635 2257 1705 2313 δι’
1760 2258 1855 2313 αὖ·

196 2357 330 2412 τόν.
373 2379 402 2406 ››
435 2357 614 2410 Τοῦτο
648 2351 705 2408 δὲ
736 2351 928 2426 λέγων,
960 2351 1086 2412 τοὺς
1142 2347 1500 2410 διδασκάλους
1539 2347 1718 2403 αὐτῶν
1763 2346 1855 2401 αἷ-

205 2444 463 2508 νίττεται,
504 2442 628 2516 περῖ
661 2443 734 2496 ὧν
768 2435 965 2518 ἔγραφε
995 2437 1174 2513 λέγειν
1234 2437 1451 2508 αὐτοὺς,
1499 2461 1528 2489 ‹‹
1560 2436 1704 2510 Ἐγὼ
1766 2437 1858 2508 μὲν

197 2533 318 2606 εἰμι
349 2531 598 2598 Παύλου,
630 2530 742 2607 ἐγὼ
774 2528 831 2584 δὲ
858 2526 1148 2598 Ἀπολλὼ,
1180 2526 1291 2603 ἐγὼ
1323 2525 1379 2582 δὲ
1407 2531 1592 2606 Κηφᾶ,
1625 2549 1654 2577 ››
1687 2523 1740 2579 οἳ
1766 2523 1852 2579 καὶ

195 2622 590 2698 κατεκυρίευον
625 2620 822 2676 αὐτῶν.

285 2818 415 2874 ’Ὅτι
473 2817 500 2870 6
555 2815 682 2876 Θεὸς
735 2815 764 2868 6
824 2814 992 2867 εἰπὼν
1049 2811 1110 2866 ἐκ
1161 2812 1390 2871 σκότους
1448 2813 1563 2887 φῶς
1619 2807 1856 2882 λάμψαι,

209 2907 273 2968 ὃς
332 2903 571 2979 ἔλαμψεν
627 2903 678 2957 ἐν
732 2907 852 2964 ταῖς
910 2899 1135 2975 καρδίας
1192 2901 1376 2973 ἡμῶν,
1470 2899 1606 2972 πρὸς
1686 2918 1860 2972 φωτι-

210 2997 351 3069 σμὸν
385 3002 481 3064 τῆς
519 2994 774 3069 γνώσεως
826 2999 924 3061 τῆς
987 2989 1150 3061 δόξης
1212 2994 1310 3045 τοῦ
1367 2993 1522 3058 Θεοῦ,
1582 2987 1634 3042 ἐν
1692 3007 1860 3063 προσ-

209 3087 352 3158 ώπῳ
389 3088 565 3156 Ἰησοῦ
597 3086 858 3158 Χριστοῦ.

1961 586 2028 625 ac
2049 571 2290 626 odorem
2315 573 2688 646 cognitionis.
2715 597 2742 624 »
2769 603 2830 615 --
2866 597 2892 623 ‹‹
2914 575 3206 648 Evangelii
3226 576 3424 648 gloria
3447 578 3607 634 Chri-

1961 661 2054 714 sti.
2083 683 2108 708 »
2136 661 2330 716 Gloria
2357 663 2515 717 enim
2541 664 2755 717 (.hristi
2789 670 2878 718 est
2907 665 3307 736 Evangelium.
3342 667 3606 724 (lhristus

1959 749 2252 819 siquidem
2302 752 2726 824 gloriﬁcandus
2776 761 2865 808 est
2912 755 2984 809 ob
3038 756 3391 812 innumera:
3448 759 3606 829 quod

1957 841 2260 898 creaverit.
2297 843 2451 911 quod
2485 850 2683 898 creata
2712 850 3038 908 conservet,
3074 845 3231 914 quod
3291 849 3491 901 omnia
3520 849 3606 922 gi-

1957 934 2098 998 gnat
2129 945 2195 983 ac
2227 930 2497 996 vn'iticet,
2534 933 2788 986 maxime
2819 938 3014 987 autem
3048 942 3288 1004 propter
3347 953 3604 1004 crucem,

1960 1020 2129 1087 cujus
2152 1034 2325 1088 preco
2349 1026 2440 1074 est
2472 1021 2866 1092 Evangelium.
2896 1022 3052 1086 «Qui
3089 1030 3178 1076 est
3202 1024 3395 1095 imago
3430 1025 3548 1080 Dei.
3579 1048 3606 1075 ››

1958 1105 2259 1176 Tanquam
2295 1107 2355 1161 in
2398 1114 2740 1164 transcursu
2770 1110 2932 1176 dicit,
2958 1110 3098 1180 quid
3133 1112 3207 1165 sit
3237 1113 3394 1182 quod
3419 1116 3607 1169 Evan-

1958 1194 2177 1264 gelium
2201 1204 2474 1268 contegat
2499 1199 2861 1253 incredulis:
2895 1200 3058 1264 Quod
3091 1201 3244 1255 Deus
3277 1203 3370 1269 sit,
3392 1203 3607 1274 inquit,

1960 1283 2059 1352 qui
2085 1285 2400 1340 cruciﬁxus
2424 1293 2529 1340 est.
2567 1289 2708 1341 Nam
2740 1288 2932 1360 imago
2968 1290 3154 1344 Patris
3179 1297 3266 1344 est
3290 1308 3394 1360 per
3410 1293 3612 1347 omnia

1959 1370 2012 1424 ei
2045 1372 2276 1427 similis.
2312 1376 2460 1438 Quia
2491 1376 2648 1430 enim
2683 1377 2842 1432 novit
2872 1379 3187 1448 Apostolus
3218 1380 3333 1434 dici
3397 1381 3610 1453 imagi-

1958 1474 2094 1513 nem
2131 1461 2285 1530 quod
2317 1479 2423 1533 per
2453 1465 2652 1520 omnia
2692 1467 2918 1535 aequale
2971 1473 3061 1521 est
3107 1485 3173 1521 ac
3215 1469 3429 1535 simile,
3481 1471 3610 1525 vide

1959 1548 2115 1617 quod
2147 1550 2286 1604 alibi
2321 1553 2515 1607 dicat:
2551 1577 2579 1604 «
2612 1555 2890 1610 Umbram
2921 1557 3078 1611 enim
3122 1557 3349 1612 habens
3381 1558 3475 1613 lex
3507 1559 3610 1614 fu-

1961 1641 2228 1693 turorum
2255 1639 2564 1706 bonorum,
2590 1661 2709 1697 non
2733 1645 2918 1714 ipsam
2947 1647 3478 1718 rerumimaginem
3499 1649 3562 1703 ³⁸.
3580 1669 3606 1701 ι

1955 1724 2287 1795 Imaginem
2347 1731 2448 1784 Dei
2502 1732 2858 1802 appellando
2947 1735 3266 1804 Christum,
3328 1743 3613 1806 tanquam

1960 1815 2141 1869 Deum
2174 1816 2244 1870 de
2267 1819 2403 1884 Deo,
2427 1820 2722 1889 siquidem
2750 1821 2810 1875 in
2837 1839 2896 1875 se
2924 1822 3049 1892 ipso
3074 1825 3332 1878 ostendit
3353 1827 3610 1896 Patrem,

1960 1904 2092 1959 ideo
2125 1906 2253 1960 ait:
2290 1926 2309 1954 ι
2343 1908 2450 1972 Qui
2511 1909 2655 1963 vidit
2714 1927 2828 1972 me.
2891 1912 3034 1966 vidit
3084 1914 3313 1967 Patrem
3365 1914 3431 1968 ³⁵.
3484 1939 3513 1964 ››
3543 1947 3614 1957 —-

1962 2015 1990 2043 «
2027 1995 2150 2048 Non
2185 1996 2342 2050 enim
2375 1998 2650 2068 nosipsos
2704 1999 3117 2070 praedicamus.
3155 2023 3181 2050 ι)
3216 2003 3496 2073 Superius
3531 2005 3616 2058 di-

1962 2082 2082 2136 xit:
2127 2106 2155 2132 ‹‹
2189 2085 2314 2138 Non
2367 2093 2669 2142 versantes
2709 2105 2814 2159 per
2862 2090 3162 2157 astutiam,
3223 2107 3418 2161 neque
3477 2093 3613 2148 dolo

1958 2179 2282 2231 tractantes
2339 2179 2581 2234 verbum
2619 2181 2739 2238 Dei.
2778 2203 2804 2230 »
2864 2182 3168 2246 Quomodo
3195 2183 3221 2236 ‘l
3271 2209 3294 2232 α
3328 2185 3475 2250 Quia
3504 2203 3613 2242 nos

1963 2263 2124 2333 ipsos
2157 2281 2274 2319 non
2305 2266 2720 2338 praedicamus,
2785 2269 2887 2324 sed
2929 2271 3224 2326 Christum
3274 2273 3613 2341 Dominum,

1963 2369 2072 2406 nos
2103 2353 2262 2423 ipsos
2293 2363 2489 2410 autem
2523 2373 2718 2411 servos
2763 2364 2988 2414 vestros
3040 2367 3283 2432 propter
3327 2363 3548 2419 Jesum.
3584 2374 3631 2414 »‘

1966 2441 2085 2495 Hoc
2114 2459 2248 2496 vero
2282 2443 2506 2508 dicens,
2553 2446 2816 2516 ipsorum
2876 2447 3146 2520 designat
3198 2459 3611 2522 prmeeptores,

1965 2530 2036 2584 de
2069 2532 2284 2601 quibus
2317 2535 2555 2606 scripsit
2583 2536 2917 2592 Corinthios
2966 2538 3203 2593 dicere:
3257 2561 3285 2590 «
3319 2541 3432 2614 Ego
3481 2544 3614 2612 qui-

1964 2635 2100 2691 dem
2132 2654 2262 2694 sum
2294 2641 2480 2705 Pauli,
2517 2658 2622 2708 ego
2655 2648 2852 2697 autem
2892 2644 3126 2714 Apollo,
3177 2662 3281 2716 ego
3336 2663 3470 2702 vero
3515 2648 3614 2702 Ce-

1965 2727 2098 2796 phae
2127 2725 2194 2794 ³⁷,
2229 2750 2256 2777 ››
2289 2729 2390 2800 qui
2424 2731 2600 2786 etiam
2635 2732 3099 2788 dominabantur
3123 2735 3231 2789 eis.

2037 2836 2128 2902 ιν,
2163 2840 2213 2890 6.
2248 2838 2277 2890 3
2311 2839 2581 2901 Quoniam
2615 2845 2754 2895 Deus
2811 2842 2910 2909 qui
2949 2841 3119 2910 jussit
3171 2859 3198 2895 e
3247 2844 3477 2898 tenebris
3533 2843 3616 2897 lu-

1967 2941 2080 2979 cem
2109 2927 2436 2986 illucescere.
2473 2935 2549 2982 est
2606 2931 2672 2991 is,
2725 2928 2824 2997 qui
2871 2930 3062 2984 illuxit
3110 2932 3165 2983 in
3209 2933 3462 2987 cordibus
3507 2949 3614 2987 no-

1966 3017 2095 3067 stris
2145 3016 2220 3068 ad
2271 3014 2427 3068 illum
2454 3016 2732 3070 nationem
2788 3020 3120 3087 cognitionis
3175 3020 3365 3086 gloriae
3410 3021 3504 3074 Dei
3551 3023 3615 3076 in

1966 3103 2111 3169 facie
2136 3104 2262 3157 Jesu
2294 3104 2518 3158 Christi.

283 3248 384 3304 Διὰ
410 3247 462 3302 τί
493 3247 670 3322 λέγεις
730 3245 921 3300 σαυτὸν
969 3241 1168 3298 δοῦλον
1213 3245 1411 3314 ἡμῶν;
1462 3240 1614 3318 φησί,
1668 3240 1856 3306 Διατί;

2043 3237 2230 3301 Quare
2262 3239 2515 3309 teipsum
2547 3238 2695 3294 dicis
2727 3257 2954 3294 servum
3012 3247 3282 3296 nostrum
3303 3242 3330 3296 ‘?
3383 3243 3572 3307 Quare
3589 3243 3617 3296 ‘l

201 3340 334 3395 ’Ὁτι
366 3335 676 3410 πεφίλησθε
703 3335 848 3408 παρὰ
879 3338 976 3388 τοῦ
1035 3336 1169 3386 Θεοῦ
1224 3352 1349 3402 μου.
1400 3329 1574 3390 Αὐτὸς
1619 3329 1722 3404 γὰρ
1752 3328 1779 3381 6
1806 3325 1860 3382 ἰν

209 3427 363 3502 ἀρχῇ
394 3434 495 3494 τῆς
522 3424 751 3486 κτίσεως
793 3423 982 3489 εἶπὼνν
1032 3421 1140 3475 ἀπὸ
1192 3420 1416 3481 σκότους
1463 3418 1676 3491 λάμψαι
1725 3421 1862 3496 qui,"

209 3516 268 3578 ες
299 3515 543 3589 ἔλαμψε,
573 3512 870 3581 τουτέστιν,
929 3509 1093 3574 οὗτος
1145 3504 1386 3583 ἔλαμψεν
1447 3507 1497 3562 ἐν
1555 3513 1676 3568 ταῖς
1731 3526 1862 3581 καρ-

212 3604 357 3668 δίαις
386 3608 570 3675 ἡμῶν.
612 3602 869 3674 ’Έλαμψε
926 3597 1002 3668 δὲ,
1061 3599 1217 3678 φησὶ,
1277 3597 1526 3675 φωτίζων
1583 3599 1716 3670 ἡμῖν
1772 3595 1863 3650 καὶ

209 3693 598 3752 ἆποκαλύπτον
659 3694 760 3761 τήν
823 3690 961 3745 ἰδίαν
1048 3695 1248 3765 γνῶσιν
1307 3688 1397 3743 καὶ
1456 3684 1632 3756 δόξαν.
1695 3710 1722 3739 ‹‹
1776 3691 1863 3742 Ἐν

211 3784 500 3860 προσώπῳ
529 3786 718 3853 Ἰησοῦ
749 3784 1009 3855 Χριστοῦ,
1044 3802 1072 3831 ››
1104 3777 1386 3840 Τουτέστι,
1423 3773 1512 3830 διὸ.
1541 3779 1638 3830 τοῦ
1695 3795 1863 3849 προσ-

214 3876 374 3929 ώπου
402 3877 500 3927 τοῦ
531 3873 784 3946 Χριστοῦ.
833 3872 929 3924 Διὰ
990 3869 1092 3943 γὰρ
1150 3870 1245 3921 τοῦ
1304 3866 1432 3919 Υἱοῦ
1499 3867 1632 3936 ἡμῖν
1665 3866 1701 3933 ἡ
1734 3862 1867 3934 ἀλη-

213 3966 316 4034 θὴς
346 3967 547 4038 γνῶσις
579 3965 676 4016 τοῦ
713 3959 942 4034 ΙΙατρὸς,
974 3957 1154 4021 καθὼς
1185 3954 1344 4015 αὐτὸς
1394 3952 1544 4030 λέγει
1597 3953 1650 4008 ὲν
1694 3952 1865 4027 Εὐαγ-

219 4051 435 4128 γελίοις
502 4051 638 4125 πρὸς
692 4050 785 4103 τὸν
845 4047 1076 4120 Πατέρα,
1140 4069 1167 4096 ‹‹
1229 4042 1576 4120 Ἐφανέρωσά
1659 4061 1754 4094 σου
1808 4040 1871 4094 τὸ

221 4137 400 4215 ὅνομα
426 4145 542 4200 τοῖς
573 4137 882 4208 ἀνθρώποις
911 4137 1003 4190 καὶ
1033 4131 1257 4203 ἐδόξασα
1307 4153 1364 4187 σε
1393 4130 1481 4186 ἐπὶ
1532 4137 1632 4200 τῆς
1683 4136 1804 4204 γῆς.
1842 4152 1871 4180 ››

221 4232 324 4290 Καὶ
366 4229 674 4306 ἐφανερώθη
713 4229 850 4299 ἡμῖν
907 4223 996 4280 διὰ
1059 4226 1266 4292 Ἰησοῦ.
1321 4223 1438 4275 Ὅτι
1495 4218 1604 4274 ἔστι
1663 4219 1873 4294 Πατὴρ,

216 4319 311 4375 καὶ
345 4318 431 4373 δτι
463 4315 524 4372 οὗ
583 4314 673 4371 διὰ
720 4317 948 4384 κνίσσης
1003 4311 1094 4366 καὶ
1153 4310 1399 4383 αἱμάτων
1459 4313 1875 4382 προσκυνεῖσθαι

221 4407 508 4484 βούλεται,
540 4406 628 4460 καὶ
661 4403 744 4459 ὅτι
775 4403 825 4457 ἐν
860 4397 1058 4476 Τριάδι
1122 4398 1403 4471 ὁμοουσίῳ
1427 4396 1519 4451 καὶ
1565 4393 1876 4468 ἰσοδυνάμῳ

222 4492 758 4571 Θρησκεύεταιθεός.
809 4491 966 4549 ’Ὁθεν
1026 4494 1116 4542 καί
1179 4484 1425 4559 μεγάλης
1483 4484 1696 4558 ε”ρηται
1758 4484 1880 4558 βου-

1971 3325 2116 3390 Quia
2138 3327 2319 3382 amati
2339 3328 2773 3399 estis,inquit,a
2795 3331 2909 3384 Deo
2935 3332 3224 3402 meo.Ipse
3243 3332 3401 3385 enim
3428 3333 3527 3402 qui
3545 3331 3617 3386 ab

1972 3413 2340 3485 initiojussit
2361 3421 2477 3471 uta
2504 3417 2766 3472 tenebris
2787 3417 3298 3486 luxillucesceret,
3333 3426 3420 3474 est
3444 3421 3493 3474 is
3515 3420 3617 3491 qui

1973 3504 2185 3565 illuxit.
2221 3506 2332 3560 hoc
2359 3513 2466 3573 est,
2498 3507 2595 3562 hic
2626 3508 2821 3564 illuxit
2850 3509 2910 3563 in
2941 3510 3218 3565 cordibus
3236 3511 3617 3566 nostris.lllu-

1973 3594 2058 3648 xit
2086 3600 2285 3650 autem
2319 3595 2665 3652 illuminans
2689 3614 2818 3658 nos.
2839 3615 2905 3653 ac
2932 3600 3203 3655 revelans
3237 3601 3326 3654 sui
3355 3600 3629 3655 notitiam

1975 3688 2029 3737 et
2056 3683 2326 3753 gloriam.
2361 3707 2387 3734 ‹‹
2423 3686 2486 3740 In
2522 3686 2668 3741 facie
2699 3688 2835 3742 Jesu
2865 3688 3098 3742 Christi.
3136 3711 3161 3736 η
3225 3689 3342 3743 Hoc
3376 3695 3483 3746 est.
3519 3705 3626 3758 per

1974 3771 2186 3826 faciem
2218 3773 2446 3827 Christi.
2486 3776 2628 3828 Nam
2661 3792 2765 3845 per
2793 3776 3004 3830 Filium
3057 3777 3395 3847 accepimus
3426 3793 3626 3831 veram

1978 3861 2168 3915 Patris
2200 3861 2621 3933 cognitionem,
2656 3863 3162 3932 quemadmodum
3209 3864 3336 3934 ipse
3386 3864 3530 3918 dicit
3570 3864 3633 3919 in

1979 3948 2309 4020 Evangeliis
2339 3949 2594 4020 loquens
2625 3949 2700 4005 ad
2749 3953 2984 4006 Patrem
3013 3969 3024 4004 :
3064 3974 3085 4002 ιι
3123 3952 3484 4006 Manifestavi
3519 3969 3626 4007 no-

1980 4053 2118 4092 men
2150 4043 2316 4090 tuum
2351 4038 2715 4106 hominibus,
2751 4046 2808 4094 et
2836 4039 3157 4111 glorificavi
3191 4047 3247 4095 te
3297 4058 3475 4112 super
3504 4046 3625 4096 ter-

1955 4141 1958 4143 λ
1980 4143 2108 4181 ram
2130 4127 2192 4180 ³⁷.
2215 4150 2242 4176 ››
2269 4127 2415 4183 627
2445 4129 2512 4181 Et
2536 4128 2976 4183 manifestatum
3005 4135 3095 4184 est
3116 4129 3288 4185 nobis
3307 4148 3411 4202 per
3433 4133 3633 4187 Iesum

1984 4215 2141 4286 quod
2173 4215 2248 4269 sit
2277 4217 2470 4282 Pater,
2506 4222 2562 4270 et
2591 4218 2750 4288 quod
2778 4235 2895 4273 non
2937 4218 3073 4273 velit
3122 4219 3330 4274 nidore
3383 4237 3450 4276 ac
3497 4237 3639 4275 san-

1983 4306 2161 4377 guine
2189 4304 2422 4359 adorari
2471 4313 2572 4360 aut
2621 4307 2866 4378 placari,
2914 4308 3193 4379 quodque
3243 4307 3303 4362 in
3353 4309 3635 4364 Trinitate

1987 4393 2253 4466 ejusdem
2314 4397 2586 4450 essentiae
2646 4397 3032 4467 ejusdemque
3084 4397 3364 4468 potentiae
3423 4397 3640 4452 colitur

1990 4489 2160 4539 Deus,
2199 4485 2360 4540 Unde
2394 4486 2570 4540 etiam
2606 4485 2798 4541 dictus
2828 4493 2918 4542 est
2947 4486 3142 4559 magni
3176 4485 3409 4540 eonsilii
3442 4495 3636 4558 Ange-

223 4587 331 4655 λῆς
363 4581 659 4658 1Ἄγγελος.
697 4606 722 4634 ιι
761 4580 899 4653 Πρὸς
931 4577 1210 4654 φωτισμὸν
1238 4581 1338 4644 τῆς
1369 4575 1644 4647 γνώσεως.
1684 4598 1710 4623 ››
1741 4574 1861 4647 ’Ὀρι

1990 4574 2080 4628 lus
2117 4575 2184 4630 ³⁸.
2237 4597 2263 4624 κ
2298 4575 2382 4629 Ad
2441 4575 2940 4631 illuminationem
3001 4577 3376 4650 cognitionis.
3412 4598 3439 4626 »
3491 4576 3632 4630 Vide

220 4682 324 4744 τῆς
357 4673 516 4747 ἁγίας
537 4667 762 4744 Τριάδος
793 4670 854 4724 τὸ
881 4668 1023 4741 ἀπαρ
1038 4662 1306 4720 ἱλλακτον
1337 4664 1427 4717 καὶ
1459 4663 1727 4736 ὁμότιμον
1761 4666 1876 4723 πῶς

220 4765 249 4818 ὁ
293 4761 510 4822 Παῦλος
540 4758 724 4830 δηλοῖ,
761 4762 887 4817 Φῶς
920 4755 1011 4810 καὶ
1045 4759 1172 4816 Φῶς
1201 4753 1293 4807 καὶ
1326 4756 1452 4812 Φῶς
1485 4750 1718 4814 καλέσας
1775 4753 1873 4820 τήν

221 4852 377 4927 ἀιίαν
427 4847 658 4924 Τριᾶδα.
718 4850 866 4904 Ἂνω
922 4844 1048 4918 περὶ
1112 4841 1428 4915 Πνεύματος
1485 4839 1660 4915 λέγων
1721 4843 1875 4919 φησὶ,

226 4967 256 4995 ‹‹
283 4943 400 5008 Τήν
435 4938 613 5012 δόξαν,
647 4941 761 4993 οἷον
799 4937 861 4990 τὸ
930 4938 1044 5011 φῶς
1111 4931 1315 5006 Κυρίου
1364 4932 1872 5004 κατοπτριζόμενοι,

225 5033 330 5097 τήν
382 5029 547 5097 αὐτὴν
602 5026 779 5082 εἰκόνα
851 5019 1366 5099 μεταμορφούμεθα.
1425 5042 1453 5070 ››
1518 5019 1688 5072 Πάλιν
1752 5019 1876 5093 περὶ

222 5124 326 5176 τοῦ
358 5119 507 5187 Υἶοῦ,
539 5142 565 5169 (ι
601 5115 696 5177 Εἷς
727 5115 789 5169 τὸ
840 5113 914 5184 μὴ
966 5110 1192 5183 αὐγάσαι
1241 5107 1424 5168 αὐτοῖς
1462 5107 1554 5162 τὸν
1595 5108 1873 5184 φωτισμὸν

217 5213 325 5265 τοῦ
356 5203 698 5282 Εὐαγγελίου
726 5210 826 5272 τῆς
859 5199 1020 5271 δόξης
1068 5203 1165 5254 τοῦ
1220 5198 1476 5271 Χριστοῦ.
1517 5219 1545 5248 ››
1597 5201 1708 5251 Νῦν
1753 5197 1873 5271 περὶ

216 5303 324 5356 τοῦ
366 5297 576 5372 Πατρός
633 5315 790 5366 φησι.
860 5315 880 5342 ι
945 5290 1086 5365 Πρὸς
1131 5287 1422 5366 ,φωτισμὸν
1479 5290 1580 5352 τῆς
1632 5287 1880 5362 γνώσεως

219 5397 328 5460 τῆς
362 5385 522 5458 δόξης
551 5389 648 5441 τοῦ
681 5386 837 5440 Θεοῦ.
875 5408 895 5433 Ι

293 5577 343 5612 ⁸³
374 5577 394 5632 l
426 5577 555 5632 Cor.
589 5589 712 5630 xm.
751 5575 834 5626 12.
929 5570 974 5604 ³⁸³
1006 5570 1054 5625 ΙΙ
1085 5569 1214 5624 Cor.
1250 5583 1289 5632 ι,
1322 5569 1410 5622 22.

225 5651 275 5688 ³³
304 5650 418 5704 lsa.
450 5664 527 5712 ιχ,
561 5649 613 5703 6.
689 5641 736 5678 3'
767 5644 785 5697 Ι
817 5643 948 5698 Cor.
980 5657 1104 5711 xm,
1141 5641 1224 5694 l2.

1505 5563 1553 5600 3‘
1582 5566 1758 5623 Hebr.
1789 5585 1844 5636 ι,
1879 5571 1930 5625 1.

1987 4664 2282 4734 quomodo
2316 4665 2533 4719 Paulus
2565 4672 2782 4720 sancta:
2807 4667 3107 4721 Trinitatis
3131 4665 3535 4721 omnimodam
3562 4666 3635 4720 si-

1987 4755 2388 4809 militudinem
2421 4743 2814 4826 eumdemque
2847 4756 3133 4810 honorem
3168 4757 3638 4824 manifestet,vo-

1986 4860 2128 4898 cans
2158 4850 2423 4898 sanctam
2455 4844 2802 4898 Trinitatem
2829 4845 3066 4905 Lucem.
3098 4845 3333 4911 Lucem,
3395 4846 3634 4899 Lucem.

1987 4933 2264 5003 Superius
2296 4933 2367 4987 de
2427 4932 2641 5002 Spiritu
2707 4933 2990 5002 loquens:
3041 4957 3067 4983 «
3104 4935 3382 5001 Gloriam,
3438 4934 3635 5003 inquit

1985 5023 2117 5093 (hoc
2149 5027 2257 5089 est,
2291 5021 2483 5076 lucem
2515 5020 2794 5091 Domini),
2838 5022 2898 5075 in
2957 5022 3197 5092 speculo
3246 5022 3513 5076 videntes
3563 5019 3638 5075 ad

1986 5110 2252 5166 eamdem
2278 5109 2597 5180 imaginem
2623 5109 3116 5164 transformamur
3135 5110 3200 5164 3°.
3229 5134 3253 5157 »
3281 5113 3536 5165 Rursum
3561 5109 3633 5163 de

1985 5199 2159 5254 Filio:
2187 5221 2212 5246 ‹‹
2235 5199 2313 5252 Ne
2336 5198 2709 5252 illucesceret
2729 5198 2847 5252 illis
2875 5198 3074 5254 lumen
3099 5199 3397 5269 Evangelii
3429 5198 3634 5268 glorias

1984 5287 2216 5342 Christi.
2252 5308 2278 5335 ››
2315 5288 2479 5342 Nunc
2509 5286 2581 5341 de
2614 5289 2780 5342 Patre
2813 5289 2896 5343 ait
2926 5305 2937 5342 :
2963 5309 2991 5338 «
3025 5287 3635 5343 Adilluminationem

1987 5379 2344 5453 cognitionis
2374 5379 2576 5452 gloria;
2609 5380 2730 5436 Dei.
2769 5403 2794 5429 ››

2588 5566 2634 5602 ⁸⁸
2663 5568 2687 5621 Ι
2716 5567 2845 5623 Cor.
2882 5585 2920 5636 ι,
2954 5571 3043 5625 42.

2022 5567 2068 5603 ³⁸
2097 5567 2262 5624 Joan.
2291 5583 2404 5637 xxv,
2438 5571 2490 5622 9.
2588 5567 2634 5602 ⁸⁸
2663 5568 2687 5621 Ι
2716 5567 2845 5623 Cor.
2882 5585 2920 5636 ι,
2954 5571 3043 5625 42.
3141 5567 3188 5604 ³⁷
3215 5569 3379 5625 Joan.
3413 5579 3546 5641 xvn,
3583 5571 3636 5624 5-
