4048 6250
482 346 601 405 963

1129 469 1362 527 CAPUT
1393 471 1485 525 Vl.

480 568 555 620 De
584 565 907 633 inﬁrmitate
936 563 1111 634 juxta
1158 575 1354 632 corpus
1412 567 1462 616 et
1499 563 1743 633 rorporis
1792 560 2128 631 depositione

949 635 1224 705 plenaque
1252 636 1640 703 resumptione.

547 727 640 790 IV,
673 727 820 779 7-l0.
855 726 1129 778 Habemus
1162 729 1341 776 autem
1376 723 1693 777 thesaurum
1722 722 1865 776 hunc
1896 723 1954 775 in
1984 721 2128 775 vasis

473 817 739 880 testaceis,
770 819 833 867 ιιι
862 813 1087 866 virtutis
1116 810 1419 864 eminentia
1459 817 1533 864 sit
1589 811 1682 864 Dei
1710 815 1762 863 et
1788 826 1899 863 non
1928 825 1997 863 ea:
2023 822 2125 862 no-

477 902 595 955 bis:
629 900 756 954 dum
777 898 839 953 in
869 899 1120 952 omnibus
1140 896 1469 966 premimur,
1500 903 1559 950 ut
1588 912 1696 950 non
1727 897 1891 950 nimii
1936 894 2125 949 reddi-

472 1005 635 1044 mur:
669 990 949 1051 haeremus,
983 993 1039 1040 at
1084 1002 1196 1040 non
1243 985 1654 1055 deprimimur:
1695 983 2124 1055 persecutionem

470 1079 742 1150 patimur,
776 1083 834 1131 at
861 1092 972 1131 non
1004 1079 1061 1129 in
1094 1092 1156 1129 ea
1188 1075 1490 1130 deserimur
1520 1091 1537 1127 :
1569 1075 1884 1143 dejicimur,
1930 1079 1989 1128 at
2015 1088 2126 1127 non

460 1170 755 1240 perimus:
813 1181 1025 1234 semper
1068 1165 1551 1232 mortiﬁcationem
1598 1164 1815 1217 Domini
1864 1163 1991 1217 Jesu
2066 1163 2125 1215 in

469 1272 697 1326 corpore
742 1256 1203 1323 circumferentes,
1257 1259 1319 1305 ut
1367 1259 1418 1307 et
1456 1251 1575 1306 vita
1619 1253 1746 1308 Iesu
1786 1253 1846 1305 in
1896 1265 2126 1321 corpore

470 1356 653 1405 nostro
683 1349 1090 1416 manifestetur.

544 1532 728 1586 Etiam
754 1546 885 1600 quae
908 1544 1067 1583 nunc
1098 1533 1404 1599 ponuntur
1433 1528 1861 1599 consequentia
1889 1530 2030 1582 sunt
2048 1525 2123 1581 ad

469 1637 539 1677 ea
569 1638 702 1692 quas
734 1620 1007 1691 superius
1038 1617 1408 1673 dicebantur.
1442 1618 1728 1683 Quoniam
1763 1616 2119 1687 nos,inquit,

471 1710 722 1782 apostoli
744 1725 949 1765 sumus
970 1708 1410 1779 prmdicatiouis
1428 1708 1709 1773 ministri,
1735 1723 1865 1761 cum
1894 1706 2119 1778 indigni

470 1807 631 1856 tanta
664 1802 791 1872 ejus
821 1800 1008 1872 gloria
1040 1799 1246 1865 simus,
1289 1804 1568 1867 tanquam
1628 1813 1837 1851 aurum
1870 1797 1931 1850 in
1966 1796 2119 1851 vasis

474 1891 744 1945 testaceis
772 1888 1049 1943 ferentes.
1086 1908 1112 1935 ‹‹
1148 1888 1217 1941 Et
1242 1903 1361 1941 non
1394 1902 1463 1940 ex
1494 1885 1685 1939 nobis.
1721 1910 1748 1935 ››
1789 1887 1857 1940 Ut
1895 1885 2117 1953 nullus,

470 1978 685 2049 inquit,
719 1976 828 2032 sibi
865 1977 977 2041 ipsi
1010 1982 1293 2046 tanquam
1324 1975 1501 2048 digno
1535 1975 1755 2030 tribuat
1778 1975 1937 2045 quod
1962 1990 2121 2029 acce-

471 2066 642 2137 perit,
681 2064 784 2119 sed
815 2069 1002 2118 totum
1038 2064 1139 2117 Dei
1172 2064 1247 2118 sit
1277 2063 1576 2140 potentia),
1620 2066 1720 2134 qui
1770 2063 1985 2118 idonea
2016 2064 2118 2118 ha-

465 2154 595 2210 buit
622 2170 757 2209 vasa
790 2158 1045 2208 testacea
1074 2153 1146 2208 ad
1178 2154 1304 2207 auri
1339 2154 1794 2224 susceptionem.
1835 2176 1860 2203 «
1884 2154 2035 2209 Dum
2059 2152 2120 2208 in

467 2244 743 2300 omnibus
775 2244 1122 2315 premimur.
1158 2265 1186 2293 ››
1218 2243 1399 2307 Adeo,
1433 2243 1649 2313 inquit.
1684 2249 1872 2298 totum
1906 2248 1994 2297 est
2014 2260 2116 2314 po-

468 2334 669 2389 tentia}
698 2332 822 2392 Dei.
857 2332 1013 2402 quod
1048 2332 1186 2387 licet
1218 2332 1454 2387 testacei
1481 2332 1683 2388 simus.
1719 2332 1872 2387 028
1904 2334 1966 2387 in
1990 2339 2121 2388 tan-

465 2424 660 2494 tisque
675 2424 1144 2495 circumagamur
1162 2421 1588 2477 tentalionibus
1603 2421 1977 2477 etafilictioni
1989 2423 2116 2497 bus,

467 2529 587 2567 non
611 2512 960 2585 frangimur,
994 2527 1105 2566 nec
1137 2511 1441 2582 perdimus
1469 2527 1604 2566 eum
1636 2511 1814 2582 quiin
1842 2510 2015 2566 nobis
2030 2514 2121 2565 est

469 2600 834 2657 thesaurum.
869 2601 931 2654 In
968 2598 1271 2663 omnibus,
1293 2600 1506 2671 inquit,
1526 2605 1583 2654 et
1607 2599 1749 2654 locis
1770 2600 2116 2671 etnegoliis.

472 2694 615 2747 Eum
650 2710 783 2747 vero
815 2692 913 2764 qui
946 2692 1236 2763 premitur
1283 2708 1402 2746 non
1453 2692 1680 2748 anxiari
1727 2697 1828 2747 aut
1874 2692 2117 2747 anxium

466 2782 662 2842 reddi.
698 2787 786 2837 est
816 2781 917 2836 Dei
949 2782 1151 2853 gratim
1206 2805 1233 2830 υ
1267 2781 1590 2836 Haeremus.
1622 2803 1649 2831 ιδ
1671 2781 1886 2838 Incerti
1911 2797 2117 2837 sumus

469 2870 610 2943 quid
644 2871 837 2928 facere
870 2877 1138 2943 oporteat
1167 2871 1241 2926 ad
1273 2871 1493 2926 bellum
1526 2888 1593 2926 ac
1636 2873 2115 2943 persecutionem

466 2961 731 3033 undique
763 2962 1169 3033 insurgentem
1197 2977 1209 3015 :
1244 2966 1305 3015 at
1333 2978 1451 3016 non
1485 2962 1543 3017 in
1577 2966 1811 3017 tantum
1842 2970 1909 3017 ut
1937 2962 2117 3019 etiam

463 3052 888 3123 opprimamur,
921 3052 1031 3105 hoc
1064 3057 1173 3113 est.
1232 3057 1298 3105 ut
1343 3052 1622 3107 cadamus
1671 3069 1738 3108 ac
1784 3053 2113 3112 vincamur.

464 3162 492 3189 ‹‹
526 3140 1005 3196 Persecutionem
1039 3140 1317 3212 patimur.
1348 3164 1374 3188 ιι
1402 3143 1847 3212 Persequuntur
1870 3144 2111 3214 quidem

1597 335 2019 400 CECUMENll
2064 332 2370 400 TlilCC/E
2416 341 2787 409 EPISCOPI.

3704 352 3786 413 96A

2165 471 2211 535 Α
2885 480 3144 538 ΚΕΦΔΛ.
3180 480 3240 549 ζ’.

2240 558 2368 634 Περὶ
2399 568 2499 633 τῆς
2529 565 2666 644 κατὰ
2692 570 2850 644 σῷμα
2881 568 3153 644 ἀσθενείας
3193 568 3297 644 καὶ⁸
3328 575 3425 638 τῆς
3479 573 3564 623 τοῦ
3604 571 3794 644 σώματος

2582 637 2910 706 ἀτοθέσεως,
2942 641 3032 695 καὶ
3073 637 3515 715 παναναλγξψεως.

2309 723 2549 799 Ἐχομεν
2608 723 2666 782 δὲ
2725 730 2816 783 τὸν
2883 732 3151 802 θησαυρὸν
3237 729 3425 786 τοῦτον
3495 731 3543 784 ἐν
3612 731 3800 804 ὀστρακί-

2236 830 2353 871 νοις
2413 815 2672 883 σκεύεσιν,
2728 816 2820 872 *ἱνα
2878 821 2913 887 ἡ
2982 815 3262 894 ὑπερϐολὴ
3319 827 3418 889 τῆς
3498 817 3731 889 δυνάμεως
3778 819 3803 895 ᾗ

2234 903 2332 953 τοῦ
2365 906 2521 973 Θεοῦ,
2563 905 2651 959 καὶ
2718 908 2795 979 μὴ
2864 907 2914 977 ἐξ
2974 910 3156 980 ἡμῶν·
3216 908 3267 963 ἔν
3325 908 3477 964 παντὶ
3531 904 3802 983 θλιεέμενοι.

2236 985 2363 1043 ἀλλ’
2449 991 2511 1046 οὐ
2612 997 3139 1071 στενοχωρούμενοι·
3260 998 3628 1073 ἀπορούμενοι,
3714 994 3803 1052 ἀλλ’

2238 1076 2342 1132 οὐκ
2400 1078 2851 1158 ἐξαπορούμενοι’
2917 1083 3269 1159 διωκόμενοι,
3327 1084 3450 1142 ἓιλλ¹
3537 1086 3625 1141 οὐκ
3690 1085 3806 1161 ἐγκα-

2237 1165 2653 1243 ταλειπόμενοι·
2743 1169 3246 1247 καταϐαλλόμενοι,
3327 1173 3449 1231 ἀλλ’
3528 1175 3617 1230 οὐκ
3681 1172 3807 1229 ἇπολ·

2237 1251 2483 1328 λύμενοι·
2548 1263 2783 1317 πάντοτε
2860 1265 2961 1333 τήν
3018 1263 3278 1338 νέκρωσιν
3332 1269 3426 1319 τοῦ
3499 1263 3678 1339 Κυρίου
3725 1266 3808 1332 Ἰη-

2234 1349 2330 1397 σοῦ
2387 1344 2439 1401 ἐν
2493 1352 2574 1418 τῷ
2632 1353 2848 1423 σώματι
2905 1353 3308 1431 περιφέροντες,
3362 1352 3455 1409 ἵνα
3506 1353 3591 1408 καὶ
3649 1355 3678 1423 ἡ
3727 1353 3807 1421 ζωή

2233 1438 2328 1489 τοῦ
2359 1438 2540 1508 Ἰησοῦ
2570 1437 2624 1493 ἐν
2651 1444 2730 1511 τῷ
2771 1443 2982 1516 σώματι
3013 1445 3176 1515 ἡμῶν
3209 1445 3510 1517 φανερωθῇ.

2306 1526 2609 1583 ’Λκόλουθα
2647 1534 2756 1584 τῶν
2789 1528 2900 1586 ἅνω
2938 1531 3030 1586 καὶ
3081 1532 3151 1587 τὰ
3197 1536 3308 1591 νῦν.
3363 1534 3484 1590 Ὃτι
3526 1534 3688 1603 ἡμεῖς,
3728 1551 3811 1608 ςτε-

2235 1613 2339 1682 σῖν,
2375 1616 2425 1669 οἱ
2457 1616 2785 1687 ἀπόστολοι,
2839 1617 3082 1676 διάκονοι
3143 1625 3241 1677 τοῦ
3298 1620 3634 1696 κηρύγματός
3673 1617 3809 1690 ἐσμεν,

2234 1703 2444 1773 ἀνάξιοι
2473 1712 2574 1776 τῆς
2620 1708 2889 1778 τοσαύτης
2944 1709 3109 1765 αὐτοῦ
3167 1708 3327 1784 δόξης
3382 1711 3712 1788 ὑπάρχοντες,
3749 1706 3812 1761 καὶ

2154 1827 2197 1892 Β
2234 1792 2416 1866 ὥσπερ
2488 1796 2690 1869 χρυσὸν
2755 1795 2808 1852 ἓν
2880 1798 3218 1875 ὀστρακίνοις
3301 1799 3543 1879 φέροντες
3636 1796 3810 1853 σκεύεσι.

2238 1884 2403 1939 «Καὶ
2467 1889 2544 1960 μὴ
2605 1886 2653 1958 ἐξ
2725 1889 2900 1961 ὑμῶν.
2939 1914 2966 1941 ι)
3023 1892 3135 1946 Ἵνα
3196 1889 3410 1964 μηδεὶς,
3466 1890 3635 1970 φησὶν,
3685 1890 3812 1957 ἑαυτῷ

2230 1970 2443 2047 ἀποδῷ,
2477 1975 2553 2037 ὡς
2584 1976 2715 2049 ἀξίῳ
2749 1974 3018 2049 δέξασθαι,
3051 1978 3198 2035 ἀλλὰ
3237 1980 3300 2036 τὸ
3344 1985 3446 2035 πᾶν
3493 1977 3572 2051 εἴη
3620 1985 3706 2046 τῆς
3744 1978 3810 2031 τοῖν

2228 2066 2364 2117 Θεοῦ
2439 2061 2745 2138 δυνάμεως,
2814 2071 2913 2121 τοῦ
3016 2069 3386 2130 ἱκανώσωτος
3448 2069 3514 2123 τὰ
3586 2066 3813 2142 ὀστράκινα

2229 2152 2416 2224 σκεύη,
2451 2154 2528 2218 εἰς
2557 2156 2795 2234 χρυσίου
2828 2156 3136 2235 ὑποδοχήν.
3180 2184 3209 2211 ‹‹
3262 2163 3354 2217 Ἐν
3411 2159 3567 2216 παντὶ
3609 2151 3815 2230 θλιϐἰμε-

2226 2263 2332 2302 νοι.
2367 2267 2394 2295 υ
2421 2244 2521 2299 Καὶ
2544 2250 2823 2316 τοσοῦτον,
2848 2248 3003 2325 φησί,
3031 2249 3094 2305 τὸ
3126 2247 3533 2323 πᾶν’δυνάμεώς
3575 2247 3672 2304 ἐστι
3698 2249 3811 2313 Θεοὸ,

2228 2331 2312 2386 ’ὁτι
2346 2333 2437 2386 καί
2463 2352 2550 2387 τοι
2583 2333 2896 2407 ὀστράκινοι
2927 2332 3099 2403 ὄντες,
3140 2339 3226 2393 καὶ
3291 2338 3344 2393 ἓν
3406 2339 3667 2400 τοσούτοις
3702 2353 3811 2408 περι-

2228 2423 2585 2499 στρεφόμενοι
2618 2432 2965 2499 πειρασμοῖς,
3014 2426 3078 2481 οὐ
3122 2428 3458 2502 θραυόμεθα,
3504 2427 3584 2484 καὶ
3624 2422 3812 2480 ἀπόλλυ-

2230 2529 2324 2583 μεν
2354 2510 2447 2565 τὸν
2480 2510 2533 2566 ἐν
2565 2513 2702 2584 ἡμῖν
2732 2515 3026 2588 θησαυρόν.
3060 2518 3150 2571 Ἐν
3179 2516 3373 2585 παντὶ,
3406 2515 3554 2595 φησὶ,
3581 2514 3658 2570 ναὶ
3699 2512 3809 2582 τόπῳ

2236 2600 2327 2653 καὶ
2365 2601 2676 2677 πράγματι.
2710 2602 2788 2658 Τὸ
2821 2599 2877 2657 δὲ
2910 2605 2985 2676 μή
3021 2610 3482 2679 στενογωρεῑσθαι
3510 2604 3593 2660 τὸν
3611 2596 3807 2671 θλιϐόμε-

2227 2708 2317 2743 νον
2352 2693 2485 2744 Θεοῦ
2519 2689 2746 2764 χάριτός
2780 2690 2942 2749 ἐστιν,
2978 2716 3007 2745 ‹‹
3035 2692 3463 2768 Ἀπορούμενοι.
3489 2719 3515 2747 n
3541 2689 3800 2766 Ἀπορούμε·

2224 2797 2329 2845 νοι,
2361 2777 2516 2856 φησί,
2548 2778 2601 2831 τί
2632 2782 2743 2854 χρὴ
2794 2785 2969 2835 ποιεῖν
3010 2783 3147 2856 πρὸς
3194 2782 3288 2837 τὸν
3350 2782 3413 2839 ἐκ
3453 2785 3641 2839 πάντων
3675 2774 3796 2834 πόλε-

2229 2887 2329 2938 μον
2360 2869 2451 2921 καὶ
2483 2864 2750 2943 διωγμὸν,
2782 2867 2911 2924 ἀλλ’
2943 2869 3042 2925 οὐκ
3071 2870 3159 2926 ἐπὶ
3208 2876 3498 2941 τοσοῦτον,
3548 2872 3649 2927 ὥστε
3680 2868 3787 2936 ἡμᾶς

2222 2955 2315 3009 καὶ
2346 2956 2772 3031 ἐξαπορηθῆναι,
2828 2961 3098 3028 τουτέστι,
3160 2967 3345 3016 πεσεῖν
3412 2962 3505 3017 καὶ
3551 2956 3776 3030 tanaim-

2233 3070 2260 3097 ‹‹
2297 3046 2654 3119 Διωκόμενοι.
2694 3074 2713 3097 ιι
2752 3048 3018 3103 Διώκουσι
3055 3051 3149 3122 μὶν
3186 3051 3237 3105 οἱ
3287 3050 3583 3128 ἄνθρωποι,
3619 3046 3689 3100 οὖν.
3718 3039 3787 3113 ἔγ-

2227 3132 2631 3206 καταλιμπάνει
2671 3132 2726 3190 δὲ
2757 3136 2784 3189 ὁ
2826 3138 2975 3198 Θεός.
3010 3136 3087 3194 Ού
3147 3138 3254 3213 γὰρ
3299 3141 3443 3215 πρὸς
3495 3141 3634 3208 ἧτταν
3668 3134 3794 3203 ὴμῖυνι

719 3195 725 3196 ,
1039 3195 1054 3212 ,
1877 3195 2111 3214 ,νήη-

464 3227 759 3293 homines,
793 3236 852 3283 at
882 3230 1035 3283 Deus
1062 3230 1121 3283 in
1155 3246 1223 3284 ea
1256 3246 1372 3284 non
1426 3230 1663 3286 deserit.
1711 3233 1910 3303 Neque
1955 3234 2112 3288 enim

2228 3218 2375 3276 ἀλλᾶ
2400 3195 2535 3295 τέρὸς
2593 3221 2759 3277 πάλιν
2814 3226 2850 3293 ἦ
2913 3195 3291 3301 ξυγχώρῆσῖς.
3348 3195 3389 3279 ⁸ι
3426 3195 3803 3289 ⁷Ιζιίταϐιιλλόμεέ-

462 3318 755 3386 permittit
810 3322 876 3371 ut
924 3317 1401 3382 succumbamus,
1451 3319 1555 3373 sed
1603 3326 1667 3374 ut
1713 3338 2115 3392 exerceamur.

459 3427 486 3453 ‹‹
518 3404 861 3475 Dejicimur.
903 3428 926 3451 ›ι
960 3406 1029 3458 Et
1059 3406 1218 3476 quod
1250 3406 1323 3460 ad
1355 3408 1850 3478 magnitudinem,
1894 3411 2113 3482 inquit,

458 3492 850 3549 afflictionum
896 3494 1125 3560 attinet,
1170 3495 1297 3566 jam
1349 3493 1563 3566 dejecti
1608 3513 1850 3551 sumus:
1903 3505 1963 3553 at
2009 3499 2112 3554 Dei

458 3583 645 3654 gratia
675 3599 794 3637 non
826 3583 1088 3654 perimus
1117 3600 1129 3637 :
1185 3583 1297 3637 hoc
1326 3589 1437 3648 est,
1471 3583 1531 3639 in
1564 3584 1856 3658 ambiguis
1879 3603 1946 3641 ac
1976 3605 2113 3658 per-

454 3671 645 3742 plexis
674 3669 849 3725 rebus
883 3677 1114 3741 portum
1144 3670 1351 3726 salutis
1414 3672 1771 3728 invenimus.
1808 3696 1836 3725 ‹‹
1870 3675 2115 3747 Semper

454 3760 973 3814 mortificationem
1004 3760 1256 3815 Domini.
1289 3784 1314 3808 ››
1341 3761 2107 3836 Mortificationem,inquit,

454 3850 689 3923 Domini
728 3869 834 3906 nos
868 3868 1102 3922 quoque
1133 3850 1355 3922 ubique
1389 3852 1886 3920 circumferimus,
1939 3859 2004 3909 ut
2045 3855 2108 3910 in

455 3939 581 3995 dies
612 3940 831 4011 ubique
864 3940 1207 3995 moriamur.
1244 3943 1407 4007 Nam,
1442 3943 1560 3997 «In
1593 3942 1719 3998 dies
1752 3945 1996 4005 morior.
2021 3944 2109 3999 in-

452 4028 599 4097 quit,
636 4045 741 4099 per
772 4034 1023 4084 vestram
1062 4030 1500 4101 gloriationem,
1562 4036 1629 4086 ut
1679 4032 1856 4089 etiam
1915 4049 2107 4088 resur-
2158 4096 2163 4099 _

450 4117 635 4171 rectio
670 4118 900 4172 Domini
934 4120 1034 4174 ﬁat
1066 4124 1205 4174 nota
1237 4137 1342 4191 per
1390 4138 1603 4194 corpus
1652 4129 1922 4177 nostrum
1971 4123 2035 4177 ‘°.
2075 4144 2103 4172 »

449 4203 595 4258 Nam
647 4205 745 4275 qui
793 4207 1213 4262 resurrectioni
1269 4209 1497 4263 Domini
1546 4227 1666 4265 non
1708 4211 1915 4277 credit,
1967 4226 2102 4266 cum

449 4292 643 4348 videat
671 4310 780 4349 nos
813 4295 873 4349 in
908 4295 1035 4350 dies
1066 4297 1390 4352 morientes
1414 4297 1475 4351 in
1509 4297 1633 4353 dies
1665 4304 1867 4354 tamen
1889 4300 2098 4363 vivere,

438 4382 565 4452 jam
602 4399 977 4456 nequaquam
1011 4385 1448 4441 rationabiliter
1478 4387 1823 4443 incredulus
1861 4404 2097 4460 perma-

446 4471 631 4528 nebit.

2226 3332 2330 3368 νοι.
2371 3338 2391 3365 ι
2429 3312 2535 3366 Καὶ
2590 3313 2715 3368 ὅσον
2778 3312 2896 3384 μὲν,
2963 3312 3120 3392 φησὶ,
3176 3315 3317 3388 πρὸς
3378 3316 3441 3371 τὸ
3500 3313 3693 3388 μέγεθος
3734 3306 3806 3360 τῶν

2227 3406 2568 3474 πειρασμῶν,
2618 3399 2727 3471 ἤδη
2777 3397 3229 3473 καταϐληθέντες.
3282 3404 3437 3460 ἀλλὰ
3480 3408 3544 3476 τῇ
3588 3404 3669 3456 τοῦ
3714 3394 3810 3450 Θεοῦ

2227 3490 2414 3568 χάριτι
2448 3490 2546 3545 οὐκ
2577 3490 2980 3563 ἀπολλύμενοι.
3015 3492 3133 3546 ἀντὶ
3183 3497 3308 3561 τοῦ,
3361 3493 3413 3549 ἐν
3465 3491 3670 3566 ἀπόροις
3709 3480 3812 3559 πρά-

2222 3598 2412 3652 γμασι,
2445 3597 2649 3653 πορους
2680 3577 3021 3653 εὖρίσκοντες
3079 3581 3382 3655 σωτηρίας.
3439 3606 3465 3633 α
3499 3578 3710 3636 Ηάντοτε
3744 3571 3813 3638 τὴν

2222 3665 2482 3741 νέκρωσιν
2519 3671 2615 3722 τοῦ
2647 3668 2865 3741 Κυρίου.
2900 3691 2929 3721 u
2988 3702 3057 3712 -
3118 3671 3463 3745 [GEOAQP]
3509 3670 3615 3736 Τήν
3656 3664 3813 3736 νέκρω-

2222 3776 2327 3825 σιν,
2361 3758 2519 3835 φησὶ,
2550 3761 2648 3811 τοῦ
2679 3757 2886 3831 Κυρίου
2943 3757 3033 3812 καὶ
3092 3760 3258 3831 ἡμεῖς
3316 3762 3594 3834 πανταχοῦ
3647 3750 3816 3829 περιφέ-

2221 3866 2409 3920 ρομεν,
2476 3847 2554 3917 τῷ
2621 3848 2740 3910 καθ’
2806 3846 3018 3921 ἡμέραν
3111 3849 3473 3919 ἀποθνήσκειν
3556 3841 3809 3914 πανταχοῦσ

2231 3959 2257 3984 ‹‹
2304 3938 2430 3989 Καθ’
2492 3934 2703 4010 ἡμέραν
2759 3936 2858 4011 γᾶρ
2919 3938 3270 4008 ἀποθνήσκω,
3331 3940 3400 4009 νὴ
3458 3939 3552 4006 τήν
3603 3931 3811 4009 ὑμετέραν

2214 4023 2507 4099 καύχησιν,
2538 4023 2646 4089 ἳνα,
2701 4025 2856 4103 φησὶ,
2925 4026 3014 4080 καὶ
3072 4027 3105 4096 ἠ
3167 4027 3455 4090 ἀνάστασις
3509 4029 3599 4080 τοῦ
3660 4018 3816 4093 Κυρίου

2216 4110 2479 4183 διάδηλος
2510 4114 2733 4189 γένηται
2765 4112 2855 4170 διὰ
2896 4119 2994 4170 τοῦ
3051 4115 3304 4188 σώματος
3365 4120 3542 4190 ἡμῶν.
3578 4138 3603 4165 ι»
3644 4113 3695 4168 Ὁ
3733 4106 3813 4183 γὰρ

2210 4207 2278 4277 τῇ
2311 4202 2592 4258 ἀναστάσει
2635 4207 2733 4258 τοῦ
2792 4204 2995 4278 Κυρίου
3042 4204 3307 4275 ἀπιστῶν,
3360 4207 3509 4279 ἡμᾶς
3551 4205 3678 4278 ὅρων
3718 4192 3811 4256 καθ’

2211 4292 2420 4367 ἡμέραν
2471 4292 2932 4364 ἀποθνήσκοντας,
2982 4294 3102 4358 καθ’
3149 4290 3359 4369 ἡμέραν
3418 4293 3474 4350 δὶ
3523 4297 3719 4362 ζῶντας,
3761 4279 3808 4336 οὗ

2208 4378 2304 4436 κᾶν
2333 4377 2411 4437 ἔτι
2446 4380 2694 4456 εὐλόγως
2723 4382 3035 4453 ἀπιστήσει.

512 4562 606 4630 IV,
641 4564 729 4626 il,
765 4564 848 4617 13.
900 4566 1130 4634 Semper
1158 4566 1303 4619 enim
1333 4582 1428 4620 nos
1458 4567 1555 4636 qui
1583 4566 1836 4634 vivimus,
1862 4568 1922 4622 in
1949 4583 2093 4622 mor-

2274 4558 2382 4616 Ἀεὶ
2413 4558 2513 4632 γὰρ
2547 4560 2710 4630 ἡμεῖς
2769 4559 2819 4613 οἱ
2877 4562 3096 4628 ζῶντες,
3158 4559 3231 4621 εἰς
3287 4560 3507 4615 θάνατον
3560 4546 3803 4631 παραδιδό-

443 4657 545 4704 iem
579 4652 855 4707 tradimur
870 4659 1104 4723 propter
1130 4655 1333 4723 Jesum,
1386 4660 1447 4709 ut
1494 4662 1545 4710 et
1586 4657 1704 4711 vita
1740 4658 1867 4711 Jesu
1912 4658 2096 4711 mani-

441 4740 676 4805 festetur
705 4741 761 4793 in
798 4743 1021 4796 mortali
1047 4760 1209 4798 carne
1238 4751 1445 4799 nostra.
1480 4746 1674 4815 Itaque
1704 4762 1850 4800 mors
1875 4747 2095 4816 quidem

442 4827 503 4880 in
533 4825 689 4881 nobis
719 4830 853 4897 agit,
889 4832 1003 4884 vita
1030 4848 1156 4886 vero
1179 4831 1237 4886 in
1259 4834 1427 4888 vobis.
1467 4836 1739 4890 (ceterum
1762 4851 1883 4890 cum
1903 4835 2097 4890 habea-

442 4932 562 4971 mus
592 4918 837 4972 eumdem
867 4921 1129 4988 spiritum
1155 4923 1467 4993 [ideijuwta
1488 4923 1633 4977 illud
1654 4924 1803 4994 quod
1829 4926 2095 4995 scriptum

443 5013 559 5061 est:
593 5007 837 5075 Credidi,
871 5009 1074 5065 idcirco
1111 5012 1317 5067 locutus
1360 5029 1479 5069 sum
1509 5031 1526 5068 :
1563 5022 1615 5068 et
1664 5030 1760 5070 nos
1800 5015 2091 5081 credimus,

441 5096 649 5151 idcirco
682 5097 847 5153 etiam
882 5099 1181 5168 loquimur.

512 5187 589 5241 De
624 5187 829 5243 eodem
892 5205 1127 5243 rursum
1180 5190 1346 5245 dixit.
1404 5194 1747 5264 PrOpterea,
1801 5193 2014 5264 inquit,
2060 5209 2095 5247 a

438 5274 554 5328 Deo
588 5277 990 5345 permittimur
1023 5278 1171 5332 tradi
1204 5279 1265 5333 in
1289 5286 1563 5347 mortem,
1594 5285 1658 5335 ut
1680 5281 2094 5336 manifestetur

437 5363 593 5430 quod
628 5367 951 5421 surrexerit
983 5367 1267 5423 Christus.
1312 5369 1421 5434 Qui
1479 5371 1639 5426 enim
1688 5370 1748 5425 in
1805 5370 1932 5426 dies
1981 5386 2092 5425 nos

436 5449 702 5520 suscitat,
734 5459 893 5513 certe
926 5455 1190 5530 seipsum
1222 5474 1459 5530 quoque
1492 5458 1784 5515 excitavit.
1816 5463 1932 5514 Aut
1978 5458 2093 5514 hoc

511 5648 555 5683 ‘0
585 5648 715 5702 Cor.
751 5668 841 5722 xv,
874 5657 961 5710 32.

2209 4650 2341 4723 μεθα
2403 4644 2493 4702 διά
2560 4648 2793 4717 Ἰησοῦν,
2853 4644 2943 4702 ἵνα
3006 4651 3041 4717 ἡ
3113 4650 3224 4717 ζωὴ
3291 4652 3388 4704 τοῦ
3464 4649 3635 4715 Ἰησοῦ
3683 4657 3806 4719 paver

2206 4740 2358 4812 ρωθῇ
2412 4736 2466 4790 ἐν
2526 4739 2593 4809 τῇ
2653 4739 2821 4809 θνητῇ
2861 4736 3019 4809 σαρκὶ
3074 4739 3255 4809 ἡμῶν,
3314 4739 3475 4793 Ὥστε
3529 4737 3556 4790 ὁ
3613 4732 3696 4806 μὶν
3740 4723 3806 4780 θά-

2204 4847 2361 4887 νατος
2392 4825 2442 4879 ἐν
2480 4826 2619 4898 ἡμῖν
2664 4822 2977 4899 ἐνεργεῖται,
3009 4827 3044 4894 ἡ
3079 4821 3138 4880 δὲ
3186 4827 3299 4895 ζωὴ
3350 4823 3400 4881 ἐν
3449 4826 3594 4897 ὑμῖν.
3638 4821 3803 4895 Ἐχον·

2204 4936 2291 4977 τες
2360 4912 2418 4969 δὲ
2476 4914 2539 4969 τὸ
2606 4912 2737 4968 αύτὸ
2807 4917 3022 4986 πνεῦμα
3085 4916 3185 4987 τῇς
3287 4913 3517 4975 πίστεως
3589 4908 3708 4965 κατὰ
3751 4899 3798 4954 τδ

2201 5004 2611 5082 γεγραμμένον,
2663 5001 3002 5071 Ἐπίστευσα,
3063 5000 3147 5057 διὸ
3205 5001 3471 5074 ἐλάλησα
3529 4999 3614 5056 καὶ
3672 4992 3802 5067 ἡμετε

2204 5092 2549 5165 πιστεύομεν,
2584 5089 2668 5146 διὸ
2704 5091 2793 5147 καῖ
2829 5090 3127 5164 λαλοῦμεν.

2276 5182 2447 5237 Πάλιν
2479 5181 2599 5256 περῖ
2632 5184 2730 5236 τοῦ
2762 5180 2929 5237 αὐτοῦ
2978 5180 3114 5236 εἶπε.
3166 5182 3266 5237 Διὰ
3309 5185 3468 5238 τοῦτο
3511 5178 3631 5255 γὰρ.
3673 5165 3799 5251 φησὶ.

2202 5269 2641 5349 συγχωρούμεθα
2672 5269 2775 5325 ὑπὸ
2803 5272 2901 5325 τοῦ
2948 5274 3082 5325 Θεοῦ
3131 5268 3516 5346 παραδίδοσθαι
3561 5265 3630 5321 εἷς
3673 5259 3799 5314 ϐάντι

2202 5348 2315 5431 τον,
2343 5362 2437 5416 ’ἰνα
2467 5360 2754 5436 φανερωθῇ
2782 5357 2863 5414 ὅτι
2905 5359 3098 5430 ἀνέστη
3132 5361 3386 5435 Χριστός.
3439 5358 3500 5415 Ὀ
3539 5355 3635 5430 γσὶρ
3675 5348 3796 5416 ἡμᾶς

2204 5451 2426 5526 ἐγείρων
2467 5449 2583 5504 καθ’
2642 5446 2875 5522 ἡμέραν,
2922 5448 3014 5503 καὶ
3058 5448 3242 5504 ἑαυτὸν
3296 5445 3543 5519 δηλονότι
3594 5439 3793 5516 ἤγειρεν.
