4048 6250
125 373 256 431 965

1061 363 1471 430 ΟΟΜΜΕΝΤ.
1517 364 1596 426 ΙΝ
1640 362 1890 425 EPIST.
1941 361 1994 422 ΙΙ
2042 364 2142 424 AD
2185 365 2550 428 CORINTH.

3433 366 3548 428 966

127 509 207 565 Ἥ
248 503 443 567 οὕτως’
474 503 572 560 Διά
597 507 759 559 106:0
810 503 1033 566 ἑαυτοὺς
1085 503 1163 565 εἰς
1221 503 1444 557 θάνατον
1496 496 1794 575 παραδίδο-

1931 509 2114 567 nodo:
2149 509 2469 578 Pr0pterea
2493 521 2603 560 nos
2633 504 2793 576 ipsos
2841 505 2903 558 in
2954 513 3204 560 mortem
3260 505 3551 562 tradimus

142 618 272 669 μεν,
303 594 392 650 ἳνα
423 594 457 663 ἡ
493 594 608 662 ζωὴ
638 596 734 648 τοῦ
794 591 994 662 Κυρίου
1052 595 1335 671 φανερωθῇ
1383 589 1473 644 καὶ
1528 587 1789 663 ἐνεργήσῃ

132 687 196 740 ἐν
232 688 394 757 ἡμῖν.
450 683 626 749 [Ιὸτε;
687 679 944 750 δηλονότι
1001 679 1052 734 ἐν
1117 681 1195 752 τῷ
1257 677 1523 752 μέλλοντι
1576 679 1792 748 κόσμῳ.

129 775 291 829 Ὦσεὶ
323 773 524 848 ἔλεγενο
557 773 747 843 Ἡμεῖς
779 771 962 826 τοίνυν
995 768 1084 824 διὰ
1139 771 1232 824 τὸν
1289 771 1518 842 Χριστὸν
1567 763 1797 841 παραδί-

140 863 319 936 δομεν
350 860 570 922 ἑαυτοὺς
602 859 678 920 είς
727 861 970 928 θάνατον,
1019 857 1110 912 ’ίνα
1157 859 1186 913 ὁ
1253 858 1482 932 Χριστὸς
1537 857 1660 910 τότε
1688 854 1796 909 ἀπὸ

139 958 251 1008 τοῦ
281 955 484 1019 νοητοῦ
527 951 758 1005 Θανάτου
815 953 913 1002 τοῦ
970 955 1070 1016 τῆς
1127 947 1516 1023 κατακρίσεως,
1573 944 1799 1020 ῥύσηται

135 1047 301 1117 ἡμᾶς
329 1041 419 1096 καὶ
451 1040 526 1103 εἷς
561 1042 704 1109 ζωήν
735 1040 915 1115 ἀγάγῃ
942 1040 1040 1108 τήν
1064 1040 1287 1108 νοητήν.
1340 1061 1368 1089 (ι
1415 1039 1576 1091 ²Ὠστε
1633 1036 1661 1089 ὁ
1703 1035 1797 1106 μὲν

143 1135 398 1198 θάνατος.
433 1155 460 1182 ››
491 1131 578 1192 Ὡς
613 1129 672 1184 ἐκ
702 1132 799 1184 τοῦ
829 1125 1158 1194 ἀκολούθου,
1219 1125 1372 1204 φησὶ,
1431 1129 1598 1180 τοῦτο
1656 1123 1800 1200 γίνε-

145 1224 305 1291 σθαι,
333 1221 424 1275 τὸν
491 1219 586 1291 μὶν
644 1220 868 1272 θάνατον
924 1217 975 1272 ἐν
1026 1220 1164 1290 ἡμῖν
1218 1215 1452 1292 ἐνεργεῖν
1510 1213 1601 1268 καὶ
1659 1212 1802 1286 ἑνερο

141 1313 248 1390 γὸν
278 1310 693 1384 ὑπάρχειν,τὴν
727 1305 784 1362 δὲ
841 1309 986 1377 ζωὴν
1049 1307 1100 1362 ἰν
1162 1307 1312 1379 ὑμῖν.
1371 1307 1457 1367 Ὧς
1518 1305 1564 1360 εἰ
1594 1303 1800 1378 ἔλεγεν·

138 1403 347 1474 Ἡμεῖς
406 1399 822 1470 ἀποθνήσκομεν
883 1394 972 1451 διὰ
1029 1395 1093 1451 τὸ
1149 1398 1432 1472 κήρυγμα,
1501 1392 1594 1448 ’ίνα
1647 1393 1803 1464 ὑμεῖς

145 1494 362 1561 ζήστ,τε
415 1486 486 1543 δι’
543 1488 707 1560 αὐτοῦ
771 1490 872 1556 τὴν
921 1486 1117 1560 ἀγήρω
1175 1486 1381 1555 ἐκείνην
1439 1484 1529 1539 καὶ
1587 1483 1807 1552 αἰώνιον

141 1581 328 1649 ζωὴν,
360 1578 698 1638 πιστεύοντες
731 1576 810 1638 εἷς
839 1574 1102 1650 Χριστόν.
1137 1608 1202 1616 -
1256 1575 1474 1648 [ΦΩΤ.]
1531 1573 1604 1628 Τὰ
1659 1574 1803 1642 πάθη

132 1671 240 1726 καὶ
273 1670 330 1724 αἱ
362 1667 596 1740 θλίψεις,
630 1667 797 1721 καὶαι
853 1666 1223 1745 θανατηφόροι
1286 1663 1585 1742 συμφοραὶ,
1641 1667 1809 1716 ταῦτα

142 1764 245 1814 νῦν
311 1758 602 1832 ἐνεργεῖται
661 1755 712 1811 ἐν
761 1759 918 1828 ἡμῖν,
978 1756 1164 1832 φησὶν,
1235 1757 1268 1822 ἡ
1329 1751 1386 1808 δὲ
1421 1753 1601 1814 πίστις
1633 1753 1719 1806 καὶ
1774 1753 1809 1820 ἡ

1899 611 1964 659 ut
2007 604 2124 656 vita
2178 598 2411 655 Domini
2473 597 2886 652 manifestetur
2936 601 2993 650 et
3050 601 3183 666 agat
3238 595 3299 649 in
3353 596 3543 650 nobis.

1901 689 2191 757 Quando?
2224 704 2438 758 nempe
2471 687 2528 740 in
2557 687 2752 740 futuro
2786 685 3036 740 sarculo:
3069 702 3137 740 ac
3199 685 3246 739 si
3279 685 3503 741 diceret
3537 705 3553 747 :

1903 784 2064 837 Nunc
2105 784 2344 850 propter
2383 775 2680 830 Christum
2733 776 3130 845 nosmetipsos
3179 775 3240 829 in
3301 782 3551 830 mortem

1902 871 2213 934 tradimus,
2239 874 2306 921 ut
2335 866 2596 921 Christus
2631 871 2768 918 tunc
2798 863 2870 919 ab
2915 864 3303 918 intellectuali
3363 871 3550 920 morte

1905 955 2418 1014 condemnationis
2448 971 2556 1008 nos
2588 955 2820 1016 liberet,
2854 960 2911 1007 et
2945 953 3019 1008 ad
3048 954 3222 1008 vitam
3255 954 3433 1009 ducat
3459 956 3551 1008 in-

1904 1046 2325 1103 tellectualem.
2351 1066 2370 1094 ιι
2399 1045 2600 1112 Itaque
2625 1059 2782 1097 mors
2804 1043 3109 1112 quidem.»
3136 1043 3331 1099 Uthoc
3353 1061 3556 1099 conse-

1908 1154 2096 1209 quens
2127 1136 2223 1201 sit,
2247 1134 2398 1190 629
2445 1133 2658 1203 inquit,
2695 1138 2943 1186 mortem
2975 1133 3216 1202 quidem
3265 1150 3436 1206 agere
3486 1151 3554 1189 ac

1908 1228 2023 1280 vim
2053 1224 2270 1280 habere
2293 1229 2351 1278 et
2380 1222 2785 1292 operationem
2818 1222 2878 1275 in
2899 1222 3092 1288 nobis,
3125 1223 3303 1276 vitam
3332 1241 3468 1278 vero
3493 1224 3556 1279 in

1909 1315 2091 1370 vobis.
2129 1318 2207 1368 Ac
2236 1330 2283 1383 si
2307 1311 2566 1365 diceret:
2601 1312 2712 1364 Nos
2755 1311 3042 1365 morimur
3071 1318 3310 1383 propter
3337 1314 3556 1385 prmdi-

1912 1404 2226 1469 cntionem,
2260 1407 2325 1456 ut
2356 1417 2454 1454 vos
2485 1399 2690 1454 vivatis
2720 1416 2826 1470 per
2850 1400 3037 1471 ipsam
3071 1402 3186 1456 vita
3233 1403 3336 1457 illa
3367 1403 3558 1458 incor-

1909 1492 2212 1565 ruptibilis
2243 1507 2310 1544 ac
2341 1496 2581 1553 mterna,
2602 1488 2912 1544 credentes
2943 1490 3003 1543 in
3029 1491 3348 1546 Christum.
3371 1524 3434 1532 —
3466 1491 3559 1546 Af-

1914 1583 2209 1637 ﬂictiones
2239 1586 2298 1634 et
2325 1579 2671 1645 anxietates,
2698 1579 3134 1650 mortifermque
3167 1582 3555 1648 calamitates,

1915 1673 2127 1742 inquit,
2175 1670 2301 1724 haec
2341 1685 2497 1724 nunc
2529 1675 2850 1736 Operantur
2881 1670 2939 1722 in
2972 1670 3182 1725 nobis:
3219 1671 3363 1726 fides
3421 1688 3557 1726 vero

1917 1777 1983 1816 ac
2016 1761 2202 1830 pietas
2231 1775 2378 1829 tqum
2413 1774 2545 1812 vere
2577 1759 2657 1812 ita
2693 1763 2797 1826 est)
2830 1759 2888 1811 in
2919 1760 3101 1813 vobis.
3154 1761 3348 1816 Pietas
3399 1761 3560 1815 enim

147 1842 406 1903 εὐσέϐεια
473 1847 618 1917 (ἣτις
686 1844 828 1899 ἐστὶν
889 1845 924 1911 ἡ
1009 1840 1244 1913 ἀληθινὴ
1321 1844 1480 1912 ζωήὶ,
1541 1841 1594 1895 ἐν
1653 1841 1803 1913 ὑμῖν.

1928 1851 2032 1904 sive
2065 1849 2257 1903 cultus
2293 1848 2389 1902 Dei
2423 1848 2539 1901 vita
2577 1853 2684 1902 est.
2719 1864 2851 1902 cum
2901 1849 3435 1920 incorruptibilem,
3468 1851 3564 1904 in-

145 1938 282 2005 Ζωή
317 1934 374 1990 δὲ
402 1935 542 1990 ἐστιν
573 1937 608 2003 ἡ
640 1928 904 2002 εὐσέϐεια,
935 1933 1016 1988 ὃτι
1051 1933 1150 2001 τήν
1202 1931 1392 2005 ἀγήρω
1449 1930 1540 1985 καὶ
1596 1929 1806 1984 ἄλυπον

147 2028 245 2082 καὶ
297 2023 471 2081 ἀίδιον
531 2024 582 2078 ἐν
633 2023 882 2098 οὐρανοῖς
940 2023 1202 2097 προξενεῖ.
1239 2046 1266 2073 ‹‹
1321 2023 1578 2096 Ἔχοντες
1630 2017 1687 2074 δὲ
1741 2019 1803 2074 τὸ

146 2117 288 2172 αὐτὸ
316 2119 528 2187 πνεῦμα
585 2120 686 2182 τῆς
748 2112 1002 2173 πίστεως.
1064 2137 1093 2164 ››
1149 2113 1219 2165 Τὸ
1275 2110 1405 2166 αὐτὸ
1462 2114 1670 2182 πνεῦμα
1725 2113 1805 2181 τῷ

141 2203 556 2280 Δαυίδ,φησῖν,
597 2199 842 2278 ἔχοντες,
899 2203 966 2256 τὰ
1025 2201 1160 2256 αὐτὰ
1225 2200 1369 2272 αὐτῷ
1422 2199 1514 2255 καὶ
1571 2199 1804 2277 ιρθεγγό-

145 2308 313 2369 μεθα,
345 2296 432 2361 τὸ,
470 2321 490 2343 ι
545 2294 887 2350 Ἐπίστευσα.
949 2289 1035 2344 διὸ
1093 2287 1359 2360 ἐλάλησα.
1433 2288 1640 2344 »Ἀνω
1703 2289 1806 2362 γαρ

141 2385 257 2439 ἀπὸ
317 2382 601 2458 λογισμῶν
676 2382 1028 2453 παραστήσας
1085 2380 1184 2449 τὴν
1251 2378 1553 2449 ἀνάστασιν,
1607 2380 1698 2430 νῦν
1749 2375 1808 2430 ἐκ

144 2474 388 2534 πίστεως
420 2472 588 2539 αὐτὴν
623 2469 880 2546 εἶσφὲρει.

224 2559 450 2624 Εἰδότις
503 2560 588 2616 ὅτι
648 2561 676 2614 ὁ
733 2559 938 2634 ἐγείρας
993 2559 1087 2613 τὸν
1165 2557 1363 2632 Κύριον
1429 2557 1658 2626 Ἰησοῦν,
1717 2554 1806 2609 καὶ

148 2656 306 2724 ἡμᾶς
399 2647 487 2705 διὰ
565 2653 747 2720 Ἰησοῦ
832 2647 1030 2721 ἐγερεῖ,
1137 2645 1227 2702 καὶ
1313 2647 1648 2720 παραστήσει
1712 2642 1806 2697 σῦν

156 2742 426 2814 ὕμῖν.Τὰ
481 2741 583 2813 γὰρ
642 2739 814 2793 πάντα
873 2734 942 2792 δι’
1001 2737 1164 2810 ὑμᾶς,
1219 2732 1313 2789 *ίνα
1359 2736 1394 2803 ἡ
1452 2733 1613 2809 χάρις
1642 2732 1808 2788 πλεο-

164 2830 402 2899 νάσασα,
461 2825 544 2882 διὰ
598 2832 706 2882 τῶν
773 2825 1043 2882 πλειόνων
1117 2825 1214 2892 τήν
1299 2822 1647 2897 εὐχαριστίαν
1705 2842 1810 2876 πε-

169 2918 421 2992 ρισσεύσῃ
479 2916 554 2980 ε⁷¹ς
596 2917 697 2985 τήν
758 2913 914 2985 δόξαν
967 2918 1063 2969 τοῦ
1123 2917 1276 2969 Θεοῦ.
1339 2913 1430 2968 Διὸ
1491 2911 1590 2966 οὐκ
1656 2910 1812 2965 ἐκκα-

160 3013 392 3080 κοῦμεν,
452 3004 578 3060 ἀλλ’
641 3006 685 3060 εἰ
743 3005 833 3059 καὶ
891 3005 918 3059 ὁ
971 2999 1071 3072 ἔξω
1131 3005 1290 3074 ἡμῶν
1364 3001 1645 3076 ἅνθρωπος
1695 2997 1814 3055 δια-

157 3097 458 3176 φθείρεται,
517 3093 646 3150 ἀλλ’
705 3096 733 3149 ὁ
792 3093 988 3157 ἔσωθεν
1035 3091 1416 3147 ἀνακαινοῦται
1490 3090 1670 3163 ἡμέρᾳ
1724 3089 1811 3144 καὶ

151 3186 358 3259 ἡμέρᾳ.

229 3272 523 3345 Λαλοῦμεν
559 3271 616 3327 δὲ
645 3276 830 3340 τοῦτο,
864 3268 1065 3331 εἰδότες
1096 3269 1180 3324 ὅτι
1213 3270 1239 3322 ὁ
1268 3269 1358 3322 τὸν
1414 3267 1607 3341 Κύριον
1662 3266 1804 3342 ἐγεί-

161 3385 255 3440 ρας
313 3365 524 3437 Πατήρ,
597 3363 686 3416 καὶ
745 3364 891 3434 ἡμᾶς
950 3360 1148 3434 ἐγερεῖ.
1212 3358 1380 3412 Πόθεν
1437 3353 1684 3424 εἰδότες;
1761 3354 1821 3410 ἐκ

157 3462 257 3523 τῆς
289 3453 526 3513 πίστεως
561 3448 846 3521 δηλονότι.
879 3476 905 3502 ‹‹
940 3450 1040 3506 Καὶ
1071 3451 1218 3520 ἡμᾶς
1233 3444 1322 3500 διὰ
1355 3449 1536 3515 Ἰησοῦ
1563 3444 1756 3518 ἐγερεῖ.
1789 3468 1816 3495 υ

155 3543 333 3605 Αὐτὸς
364 3544 463 3616 γὰρ
494 3539 614 3610 ἥξει
645 3540 696 3594 ἐν
730 3538 1088 3611 κελεύσματι,
1148 3538 1200 3591 ἐν
1233 3539 1384 3609 φωνῇ
1439 3531 1816 3610 ἀρχαγγέλου,

155 3633 210 3688 ἐν
242 3633 532 3705 σάλπιγγι,
563 3631 654 3684 καὶ
688 3630 865 3704 ἐγερεῖ
894 3629 1020 3688 τοὺς
1079 3625 1327 3700 νεκροὺς,
1389 3624 1480 3679 καὶ
1528 3625 1818 3696 παραστή-

160 3743 236 3778 σει
272 3726 355 3794 τῷ
387 3721 571 3793 οἰκείῳ
604 3721 837 3794 βήματι.
883 3743 908 3770 ι(
941 3718 1024 3774 Τὰ
1084 3717 1188 3792 γαρ
1235 3716 1404 3770 πάντα
1465 3711 1537 3768 δι’
1591 3715 1751 3785 ὑμᾶς.
1792 3736 1820 3764 ››

156 3811 426 3867 Ἐνταῦθα
456 3805 806 3884 παιδαγωγεῖ
860 3807 1082 3873 αὐτοὺς,
1137 3805 1270 3878 ὑπὲρ
1325 3810 1427 3872 τῆς
1486 3802 1822 3863 ἀναστάσεως

170 3900 266 3955 καὶ
323 3903 432 3954 τῶν
487 3897 695 3952 λοιπῶν
745 3897 981 3970 ἀγαθῶν,
1049 3894 1208 3969 χάριν
1261 3889 1452 3947 εἰδέναι
1526 3889 1822 3962 ἀνθρώπων

178 3990 274 4062 μὲν
313 3984 528 4060 μηδενὶ.
559 3990 672 4058 Θεῷ
720 3982 778 4039 δὲ
838 3985 1004 4057 μόνῳ.
1073 3983 1140 4039 υἱ
1198 3982 1301 4056 γὰρ
1360 3977 1820 4056 ψευδαπόστολοι,

171 4080 389 4141 ἑαυτοῖς
415 4077 516 4144 τὴν
557 4075 719 4149 χάριν
775 4073 1111 4139 ἀνετίθεσαν,
1171 4072 1244 4130 ὡς
1304 4068 1394 4124 διὰ
1437 4075 1541 4123 τῶν
1603 4069 1820 4124 οἰκείων

169 4169 312 4243 πρὸς
400 4166 526 4220 Θεὸν
588 4163 1004 4236 παρακλήσεων,
1091 4158 1442 4235 δωρουμένου
1503 4164 1669 4214 ταῦτα
1725 4161 1823 4214 τοῦ

166 4260 330 4314 Θεοῦ.
360 4280 388 4308 ‹‹
421 4255 500 4311 Τὰ
532 4256 633 4331 γὰρ
668 4253 859 4321 πάντα,
890 4253 1167 4308 τουτέστιν
1215 4250 1407 4326 ἀγαθὰ,
1469 4247 1538 4303 δι’
1599 4249 1759 4321 ὑμᾶς,
1791 4270 1820 4300 η

169 4347 238 4402 οὐ
272 4344 363 4400 διὰ
385 4341 560 4413 τόνδε,
593 4345 683 4398 καὶ
715 4340 894 4412 τόνδε,
934 4338 1081 4397 ἀλλὰ
1139 4337 1229 4394 διὰ
1284 4339 1344 4393 τὸ
1402 4341 1557 4412 κοινῇ
1617 4336 1825 4416 συμφέ-

175 4457 296 4512 ρον.
327 4438 497 4489 Τοῦτο
530 4432 610 4502 δὲ,
642 4433 799 4512 φησὶ,
834 4431 1076 4508 γέγονεν,
1115 4430 1206 4483 ἳνα
1247 4431 1280 4496 ἡ
1340 4428 1503 4506 χάρις
1537 4431 1634 4481 τοῦ
1691 4430 1825 4482 Θεοῦ

176 4524 480 4598 πλεονάσῃ,
513 4520 750 4583 πολλοῖς
782 4519 1156 4596 παρεχομένη.
1208 4517 1419 4586 Ταύτης
1476 4515 1534 4572 δὲ
1588 4514 1821 4571 πλεονα-
1853 4564 1898 4628 D

179 4621 208 4628 μ
258 4614 270 4628 Ι
515 4612 527 4628 \
568 4613 582 4628 Ι
680 4611 692 4628 ν
833 4609 844 4628 ν
896 4610 908 4624 ε
1036 4608 1095 4628 ’.γ
1271 4607 1282 4626 Ι
1389 4627 1400 4628 κ
1497 4605 1788 4628 ,‘_-,,,,nl

179 4614 404 4683 ζούσης,
437 4612 527 4666 καί
559 4613 592 4681 ἡ
651 4611 728 4670 εἰς
787 4609 948 4664 αὐτὸν
1000 4607 1319 4682 εὐχαριστία
1376 4605 1822 4678 συμπλεονασθή-

180 4724 353 4758 σεται.
415 4725 439 4756 ιι
503 4701 597 4757 Διὸ
655 4699 752 4754 οὐκ
805 4699 1152 4770 ἐκκακοῦμεν.
1216 4720 1244 4747 ››
1312 4695 1458 4750 Ἐπεὶ
1510 4695 1599 4749 οῦν
1667 4691 1823 4766 ἴσμεν

177 4794 352 4847 πάντα
405 4791 472 4846 τὸ.
503 4791 579 4851 εἰς
621 4792 767 4862 ἡμᾶς
826 4788 1106 4862 γινόμενα,
1158 4786 1233 4847 εἷς
1292 4785 1634 4860 εὐχαριστίαν
1693 4789 1825 4839 Θεοῦ

175 4880 457 4952 τελευτᾷν,
501 4879 603 4934 οὐκ
655 4879 985 4948 ἐκκακοῦμεν
1042 4873 1168 4931 οὐδὲ
1223 4873 1634 4949 ἀπαγορεύομεν
1689 4873 1826 4947 πρὸς

173 4973 309 5034 τοὺς
340 4967 696 5045 πειρασμούς.
740 4969 882 5037 Ἐξω
921 4963 979 5020 δὲ
1045 4966 1347 5040 ἂνθρωπον,
1404 4965 1466 5018 τὸ
1524 4968 1685 5035 σῶμα
1739 4983 1829 5017 κα-

179 5061 293 5124 λεῖ,
331 5059 464 5132 ὅπερ
524 5057 825 5134 φθείρεται,
886 5055 1305 5127 μαστιζὸμενον,
1348 5051 1704 5124 διωκόμενον,
1736 5072 1826 5106 και

180 5148 579 5222 δεσμούμενον.
613 5148 760 5200 Ἐσω
792 5142 849 5198 δὲ
892 5143 1171 5216 ἄνθρωπον
1227 5144 1326 5209 τήν
1383 5142 1592 5216 ψυχήν,
1651 5142 1685 5210 ἢ
1743 5162 1827 5203 τις

182 5235 506 5304 ἀναοαλλει,
533 5235 820 5314 φησῇκασ
853 5234 1079 5302 ἑκάστην
1109 5231 1318 5305 ἡμέραν
1351 5234 1419 5302 τῇ
1448 5227 1630 5285 ἑλπίδι
1651 5231 1739 5285 οιαὶ
1761 5233 1828 5303 τῇ

179 5336 353 5412 χαρᾷ,
387 5330 477 5385 καὶ
506 5333 586 5402 τῷ
615 5326 813 5382 εἰδέναι
843 5327 928 5381 ὃτι
963 5325 1095 5398 ὑπὲρ
1127 5328 1260 5380 Θεοῦ
1289 5325 1512 5402 πάσχει.

255 5617 334 5675 Τὸ
365 5615 471 5690 γὰρ
525 5610 836 5677 παραυτίκα
893 5607 1126 5686 ἐλαφρὸν
1189 5612 1290 5676 τῆς
1345 5602 1588 5679 θλίψεως
1646 5605 1831 5676 ἡμῶν,

185 5708 303 5766 καθ’
389 5697 700 5786 ὑπερϐολὴν
804 5698 879 5759 εἷς
959 5691 1272 5773 ὑπερϐολὴν
1372 5693 1592 5749 αἰώνιον
1667 5696 1835 5769 βάρος

1913 1940 2291 1995 deiicientem
2323 1954 2389 1992 ac
2419 1939 2842 2009 sempiternam
2868 1938 3046 1993 vitam
3083 1939 3146 1994 in
3170 1941 3334 1995 caelis
3364 1940 3563 1995 conci-

1915 2031 2035 2084 liet.
2073 2051 2098 2077 ‹‹
2134 2030 2422 2083 Caeterum
2451 2044 2581 2082 cum
2617 2027 2940 2082 habeamus
2971 2029 3248 2083 eumdem
3288 2030 3562 2100 spiritum

1916 2118 2073 2174 ﬁdei.
2112 2139 2139 2166 »
2167 2119 2313 2172 Cum
2344 2116 2618 2172 eumdem
2651 2117 2924 2188 spiritum
2957 2135 3092 2173 cum
3126 2120 3302 2174 David
3334 2120 3562 2174 habea-

1915 2225 2065 2270 mus,
2093 2207 2297 2262 eadem
2331 2207 2508 2261 etiam
2541 2223 2675 2261 cum
2701 2207 2826 2277 ipso
2861 2207 3177 2277 loquimur.
3201 2215 3343 2280 puta
3374 2233 3400 2258 «
3436 2209 3569 2265 Cre-

1915 2297 2058 2362 didi,
2093 2296 2309 2350 idcirco
2332 2295 2562 2350 locutus
2594 2313 2743 2351 sum.
2781 2319 2807 2345 ››
2836 2298 2979 2351 Nam
3004 2315 3135 2352 cum
3162 2298 3221 2352 in
3253 2298 3568 2369 superiori-

1918 2386 2026 2440 bus
2051 2385 2566 2442 resurrectionem.
2602 2385 3178 2442 considerationibus
3219 2404 3286 2442 ac
3317 2387 3565 2442 rationi-

1917 2475 2028 2530 bus
2059 2473 2395 2537 astruxerit,
2430 2473 2698 2527 eamdem
2731 2490 2889 2528 nunc
2921 2491 2991 2528 ex
3025 2475 3139 2529 ﬁde
3171 2475 3416 2531 inducit.

1992 2565 2080 2631 ιν,
2115 2565 2303 2618 14-16.
2341 2587 2362 2610 α
2399 2563 2663 2617 Scientes
2695 2563 2850 2632 quod
2883 2564 2930 2617 is
2976 2563 3076 2634 qui
3117 2564 3419 2619 suscitavit
3453 2565 3566 2618 Do-

1921 2674 1949 2701 ‹‹
1982 2653 2210 2706 minum
2241 2653 2460 2718 Jesum,
2494 2667 2602 2706 nos
2635 2667 2869 2722 quoque
2902 2668 3007 2723 per
3029 2653 3229 2708 Jesum
3261 2651 3572 2708 suscitabit

1923 2763 1950 2791 ‹‹
1984 2748 2044 2796 et
2072 2741 2392 2796 constituet
2414 2740 2734 2796 vobiscum.
2770 2741 2913 2795 Nam
2945 2742 3146 2796 omnia
3178 2747 3419 2814 propter
3446 2758 3568 2811 vos,

1924 2854 1951 2880 «
1978 2837 2044 2885 ut
2074 2831 2263 2900 gratia
2287 2847 2418 2900 qua:
2460 2830 2791 2892 exundavit.
2826 2831 3098 2901 pluribus
3146 2832 3363 2904 gratias
3395 2846 3570 2904 agen-

1926 2942 1953 2969 ‹‹
1988 2919 2164 2978 tibus.
2199 2920 2482 2974 exuberet
2518 2920 2578 2974 in
2627 2920 2875 2991 gloriam
2911 2921 3034 2986 Dei,
3092 2923 3410 2992 Propterea
3449 2937 3572 2974 non

1927 3032 1953 3058 «
1989 3008 2400 3080 defatigamus,
2423 3009 2526 3063 sed
2557 3009 2825 3079 quamvis
2858 3015 3136 3064 externus
3168 3011 3343 3064 homo
3375 3016 3577 3063 noster

1928 3120 1953 3145 ‹‹
1987 3102 2422 3168 corrumpatur,
2452 3097 2720 3151 internus
2753 3102 2950 3151 tamen
2984 3104 3302 3152 renovatur
3359 3097 3418 3151 in
3451 3097 3578 3151 dies

1927 3209 1953 3235 «
1991 3186 2276 3256 singulos.

2000 3285 2115 3338 Hoc
2141 3290 2339 3338 autem
2386 3283 2687 3354 loquimur
2744 3285 2999 3340 scientes
3057 3287 3215 3356 quod
3267 3288 3442 3341 Pater
3472 3283 3576 3356 qui

1929 3374 2244 3428 Dominum
2278 3374 2596 3434 suscitavit.
2632 3391 2739 3429 nos
2772 3393 3005 3446 quoque
3037 3375 3363 3430 suscitabit.
3413 3373 3577 3430 Unde

1929 3466 2039 3521 hoc
2063 3467 2361 3520 scientes?
2391 3483 2459 3521 ex
2493 3466 2607 3521 fide
2650 3467 2939 3523 videlicet.
2984 3491 3010 3517 ‹‹
3047 3470 3159 3524 Nos
3191 3485 3427 3540 quoque
3475 3485 3583 3540 per

1927 3559 2125 3612 Jesum
2155 3557 2482 3612 suscitabit.
2528 3580 2555 3607 »
2582 3558 2712 3628 Ipse
2763 3559 2920 3612 enim
2972 3560 3165 3614 veniet
3211 3576 3314 3630 per
3360 3575 3585 3630 praece-

1930 3653 2118 3718 ptum.
2149 3663 2255 3717 per
2285 3662 2484 3700 vocem
2518 3647 2878 3716 archangeli,
2912 3664 3017 3718 per
3049 3649 3248 3702 tubam
3278 3666 3290 3711 ;
3316 3654 3369 3701 et
3403 3647 3585 3703 susci-

1930 3735 2078 3790 tabit
2105 3742 2390 3803 mortuos,
2413 3751 2638 3805 suoque
2658 3737 2827 3790 sistet
2859 3736 3158 3790 tribunali.
3197 3760 3223 3785 «
3258 3738 3400 3790 Nam
3445 3753 3580 3789 om-

1931 3825 2032 3879 nia
2061 3831 2303 3894 propter
2341 3840 2517 3878 vos.»
2553 3825 2667 3876 Hoc
2723 3824 2849 3877 loco
2911 3824 3069 3894 ipsos
3127 3824 3368 3878 instruit
3425 3821 3583 3892 quod

1931 3914 2003 3968 de
2035 3913 2467 3968 resurrectione
2519 3913 2865 3982 cmterisque
2923 3913 3250 3972 beneficiis.
3284 3912 3433 3967 nulli
3482 3911 3585 3965 ho-

1935 4003 2187 4066 minum,
2221 4001 2322 4054 sed
2357 3999 2466 4054 soli
2499 4001 2617 4053 Doo
2650 4001 2889 4072 agendae
2923 4002 3042 4056 sint
3078 4003 3299 4074 gratias.
3364 3999 3584 4056 Pseud—

1934 4089 2184 4162 apostoli
2209 4090 2368 4143 enim
2391 4088 2501 4142 sibi
2526 4089 2669 4158 ipsis
2707 4089 2953 4161 gratiam
2986 4090 3388 4145 attribuebant
3414 4089 3584 4160 quasi

1934 4183 2088 4235 Deus
2118 4179 2222 4232 illa
2252 4178 2576 4242 tribuisset,
2641 4178 3152 4234 exhortationibus
3204 4180 3468 4250 ipsorum
3510 4178 3584 4234 ad

1936 4271 2119 4324 Deum
2170 4267 2544 4323 ducentibus.
2608 4289 2635 4315 ‹‹
2669 4269 2811 4322 Nam
2869 4269 3067 4323 omnia
3106 4275 3347 4340 propter
3397 4286 3581 4323 vos.»

1935 4361 2094 4414 Bona
2121 4357 2393 4412 videlicet
2419 4375 2524 4412 seu
2550 4357 2860 4426 beneficia,
2883 4377 3003 4414 non
3033 4364 3274 4430 propter
3295 4360 3451 4414 hunc
3483 4362 3586 4412 aut

1935 4449 2106 4504 illum
2138 4447 2240 4502 sed
2274 4454 2514 4519 propter
2543 4465 2922 4502 communem
2955 4449 3290 4503 utilitalem.
3335 4449 3453 4502 Hoc
3483 4464 3582 4502 au-

1941 4544 2055 4594 tem
2087 4538 2306 4592 factum
2339 4543 2445 4595 est.
2479 4537 2693 4608 inquit,
2726 4543 2790 4592 ut
2831 4538 3018 4610 gratia
3075 4537 3176 4592 Dei
3235 4537 3585 4606 exundaret,

1939 4629 2079 4684 dum
2110 4627 2312 4681 multis
2344 4627 2640 4688 tsibuitur,
2672 4627 2780 4682 hac
2824 4645 2958 4681 vero
3018 4627 3370 4695 exundante,
3405 4628 3584 4681 etiam

1934 4719 2254 4790 gratiarum
2284 4717 2436 4770 actio
2469 4716 2541 4770 ad
2585 4733 2720 4770 eum
2780 4716 2957 4770 simul
3005 4717 3348 4772 exundaret.
3381 4738 3408 4765 ‹‹
3443 4718 3583 4771 Pro-

1935 4815 2138 4879 pterea
2168 4823 2286 4860 non
2320 4805 2731 4876 del'atigamur.
2769 4827 2795 4854 »
2829 4806 3114 4870 Quoniam
3145 4823 3280 4877 ergo
3315 4806 3584 4861 novimus

1937 4896 2134 4951 omnia
2165 4911 2295 4964 quze
2326 4894 2386 4947 in
2410 4911 2515 4947 nos
2543 4894 2692 4947 facta
2726 4900 2863 4947 sunt
2892 4894 2964 4948 ad
2995 4895 3212 4966 gratias
3247 4897 3362 4950 Deo
3413 4912 3585 4965 agen-

1937 4985 2041 5040 das
2075 4983 2398 5040 terminari.
2437 4999 2555 5036 non
2587 4982 2980 5053 defatigamur
3009 5001 3202 5054 neque
3246 4983 3586 5039 succumbi-

1939 5090 2069 5128 mus
2100 5071 2171 5126 ad
2195 5072 2562 5126 afﬂictiones.
2590 5072 2906 5126 Externum
2939 5080 3134 5127 autem
3169 5074 3469 5127 hominem
3493 5088 3585 5125 vo-

1938 5169 2032 5218 cat
2063 5179 2298 5231 corpus,
2355 5162 2509 5215 680
2541 5160 2696 5230 quod
2731 5163 3127 5232 corrumpitur
3157 5163 3295 5216 dum
3325 5161 3589 5227 ﬂagella-

1939 5260 2055 5321 tur,
2089 5253 2303 5324 ligatur
2332 5268 2398 5306 ac
2428 5253 2898 5323 persecutionem
2939 5253 3209 5320 susiinet,
3243 5253 3588 5306 interiorem

1941 5358 2075 5398 vero
2101 5340 2425 5408 hominem,
2460 5341 2718 5395 animam
2751 5359 2881 5412 quas
2940 5359 3195 5406 rursum,
3257 5341 3469 5410 inquit,
3506 5339 3590 5393 vi-

1941 5431 2122 5486 rescit
2151 5430 2400 5501 singulis
2432 5429 2640 5485 diebus
2668 5446 2771 5502 spe
2822 5437 2878 5485 et
2907 5431 3138 5500 gaudio,
3175 5437 3232 5486 et
3261 5432 3400 5502 quia
3431 5429 3593 5487 novit

1941 5521 2097 5593 quod
2129 5519 2186 5573 id
2219 5537 2324 5590 pro
2357 5521 2474 5574 Deo
2508 5520 2782 5591 patiatur.

2013 5610 2105 5678 ιν,
2139 5613 2224 5676 17,
2247 5611 2328 5665 18.
2354 5632 2383 5661 ‹‹
2409 5612 2554 5667 Nam
2584 5618 3001 5668 momentanea
3030 5611 3235 5668 levitas
3258 5611 3589 5668 affectionis

1945 5725 1973 5752 ‹‹
2006 5705 2245 5770 nostra,
2304 5700 2474 5773 mire,
2536 5718 2713 5773 supra
2765 5702 3006 5761 modum
3059 5708 3348 5758 mter-num
3387 5701 3588 5775 gloria
