4048 6250
496 310 620 370 967
1582 300 2000 368 (ΕΟΗΜΕΝΠ
2045 302 2093 362 T

2167 297 2348 360 [cca
2395 297 2758 361 EPISCOPI.
3042 270 3047 271 ί
3685 315 3765 374 968

497 461 527 492 ‹‹
558 439 792 512 pondus
821 438 977 511 parit
1006 437 1199 504 nobis,
1235 436 1375 494 dum
1407 454 1526 494 non
1548 441 1885 510 spectamus
1917 450 1986 490 ea
2015 449 2095 505 qu

2177 434 2233 501 Α
2262 426 2424 500 δόξης
2507 432 2893 510 κατεργάζεται
2945 433 3106 507 ἡμῖν’
3185 435 3257 507 μὴ
3313 436 3612 494 σκοπούντων
3665 441 3773 514 ἡμῶν

489 552 517 580 ιι
551 529 843 595 videntur,
878 526 983 583 sed
1015 544 1085 583 ea
1115 544 1247 599 qum
1302 544 1424 583 non
1483 527 1793 582 videnlur:
1824 541 1955 596 quae
1987 523 2081 577 eni

2250 521 2319 574 τὰ
2397 519 2726 595 βλεπόμενα,
2786 520 2934 578 ἀλλᾶ
2988 523 3056 578 τὰ
3118 526 3193 596 μή
3258 524 3555 599 βλεπόμενα.
3601 531 3665 587 Τὰ
3710 533 3774 607 γὰρ

491 639 520 669 κ
549 619 842 685 videntur,
879 618 1240 689 temporaria
1271 623 1447 673 sunt:
1501 624 1560 673 at
1598 632 1730 687 qua:
1790 630 1911 670 non
1943 612 2089 667 videi

2254 607 2573 683 βλεπόμενα
2629 611 2958 687 πρόσκαιρα,
3012 613 3082 668 τά
3134 609 3193 669 δὲ
3252 616 3325 688 μὴ
3385 613 3651 690 βλεπόμενα
3690 619 3779 674 αἰώ-

488 729 517 760 ‹‹
552 714 665 772 tur,
701 714 945 762 aeterna.

760 714 945 761 terna.
2251 720 2358 756 νια.

562 797 705 852 Vide
728 796 1195 865 conversionem,
1215 801 1281 851 ut
1312 796 1530 851 audeas
1553 794 1847 849 sustinere
1877 790 2149 847 afflictio-

2322 790 2463 861 Ὅρα
2490 791 2719 864 τροπὴν,
2765 791 2841 854 εἰς
2895 791 2957 846 τὸ
3013 790 3227 864 τολμᾷν
3277 794 3540 869 καθαρῥεῖν
3588 800 3671 850 τῶν
3706 817 3788 851 πει-

493 905 603 944 nes
636 893 693 943 et
722 889 783 942 in
812 888 931 942 illis
987 887 1307 942 confidere.
1367 887 1509 941 Nam
1569 890 2006 948 momeutanea,
2038 883 2091 936 hc

2256 883 2493 953 ρασμῶν.
2529 881 2599 932 Τὸ
2629 879 2733 954 γάρ
2774 881 3099 953 παραυτίκα,
3159 883 3312 962 φησὶ,
3366 885 3584 939 τουτέστι
3624 887 3673 939 τὸ
3714 883 3790 938 ὀλι-

492 983 599 1039 est.
634 975 964 1033 brevissimi
995 976 1299 1046 temporis,
1336 975 1531 1045 inquit
1566 991 1578 1027 :
1635 972 1891 1029 brevitas
1920 978 2090 1041 templ

2253 968 2577 1043 γοχρόνιον,
2605 969 2666 1023 τὸ
2700 970 2905 1049 βραχὺ,
2946 969 3022 1034 εἰς
3051 972 3113 1026 τὸ
3145 978 3440 1040 παυσθῆναι
3489 980 3575 1043 τῆς
3604 972 3791 1047 θλίψεως.

492 1069 577 1121 ris
609 1073 697 1120 est
726 1066 799 1120 ad
831 1065 940 1119 hoc
970 1070 1035 1119 ut
1077 1071 1268 1119 cesset
1297 1064 1560 1119 afﬂictio.
1594 1064 1723 1117 Non
1789 1061 1900 1117 fuit
1951 1067 2086 1115 aute

2255 1055 2371 1112 Οὐκ
2424 1055 2665 1131 ἠρκέσθη
2724 1055 2784 1112 δὲ
2840 1058 3030 1126 εἰπὼν,
3088 1082 3116 1112 ι
3172 1060 3480 1135 παραυτίκα,
3511 1087 3536 1114 η
3584 1063 3701 1119 ἀλλὰ
3736 1068 3792 1122 καὶ

492 1157 633 1212 satis
657 1155 900 1219 dixisse,
950 1177 978 1203 «
1012 1155 1502 1219 Momentanea,»
1564 1151 1671 1206 sed
1727 1150 1892 1206 addit
1948 1149 2090 1204 etiar

2257 1170 2283 1197 ‹‹
2316 1144 2608 1225 Ὶελαιρρὸν,
2642 1171 2669 1200 ››
2701 1148 2888 1227 φὴσίν.
2922 1149 3203 1207 «Αἰώνιον
3234 1150 3696 1232 βάροςτφησὶβόξης
3710 1177 3796 1211 κατ-

496 1246 741 1300 Levitas.
772 1266 799 1292 «
833 1245 1132 1298 Eternum
1166 1243 1367 1313 gloria)
1399 1240 1633 1312 pondus
1661 1241 1828 1312 parit.
1868 1262 1894 1288 ››
1928 1241 2043 1293 Nec
2066 1254 2094 1292 ι]

2256 1238 2562 1314 εργάζεται.
2597 1262 2625 1290 ››
2656 1237 2757 1295 Καὶ
2778 1240 2890 1314 οὐχ
2918 1238 3132 1309 ἁπλῶς,
3159 1240 3303 1297 ἀλλὰ
3327 1244 3438 1298 καθ’
3468 1239 3798 1318 ὑπερϐολὴνκιὶ

496 1350 732 1405 cunque
766 1333 897 1398 hoc,
932 1332 1036 1387 sed
1062 1333 1209 1387 mire
1241 1349 1308 1387 ac
1329 1348 1508 1403 supra
1547 1331 1789 1385 modum
1817 1329 1875 1383 id
1893 1328 2052 1384 facit,
2085 1329 2094 1381 1

2256 1325 2334 1388 εἰς
2367 1322 2682 1402 ὑπερϐολὴν
2713 1332 2875 1383 τοῦτο
2905 1334 3120 1386 ποιοῦν.
3155 1331 3251 1386 Καὶ
3284 1331 3382 1406 ὅρα
3412 1336 3505 1398 τῆς
3549 1333 3800 1406 άντιμισθίις

453 1424 814 1495 _considera
871 1421 1279 1477 retributionis
1348 1420 1791 1477 exuudantiam.
1852 1416 2051 1490 Siquid

2253 1418 2316 1472 τὸ
2356 1415 2677 1487 πλεονάζον.
2712 1421 2809 1491 Τῷ
2830 1420 2934 1495 γάρ
2958 1417 3239 1488 αὖτίκα,τὸ
3259 1422 3473 1477 αἰώνιον
3492 1423 3805 1499 ἀντιμετρήσει,

498 1520 919 1571 momentaneo
950 1512 1311 1583 rependatur
1333 1517 1644 1576 aeternum,
1676 1510 1898 1565 levitati
1923 1507 2096 1580 pondl

2253 1509 2334 1578 τῷ
2363 1505 2607 1582 ἐλαφρῷ,
2639 1506 2702 1561 τὸ
2735 1508 2897 1582 βαρὺ,
2927 1511 2998 1582 τῇ
3031 1507 3237 1583 θλίψει,
3272 1512 3371 1581 τήν
3403 1510 3565 1581 δόξαν.
3616 1513 3698 1568 Καὶ
3722 1510 3805 1567 οὐδὲ

498 1603 807 1659 afllictioni
840 1602 1045 1675 gloria.
1082 1603 1151 1655 Et
1190 1618 1301 1656 nec
1335 1602 1393 1655 in
1428 1600 1520 1653 his
1552 1600 1869 1669 quiescunt
1895 1596 2096 1651 retribl

2256 1592 2391 1670 ἃχρι
2427 1595 2637 1650 τούτων
2706 1597 2759 1650 οἰ
2808 1593 3148 1671 πλεονασμοὶ
3196 1604 3302 1654 τῶν
3351 1597 3662 1671 ἀντιδόσεων,
3708 1598 3806 1656 ἀλλὶ

494 1694 729 1748 tionum
761 1691 1158 1756 exundantim,
1191 1690 1295 1746 sed
1330 1689 1496 1745 addit
1534 1689 1712 1743 etiam
1776 1711 1803 1737 ‹‹
1839 1688 2001 1753 Mire,
2034 1707 2063 1735 »

2257 1684 2347 1740 καὶ
2408 1708 2434 1737 ι(
2495 1686 2614 1749 καθ’
2674 1680 3015 1761 ὑπερϐολὴν,
3044 1711 3072 1739 n
3129 1688 3219 1743 καὶ
3253 1713 3281 1741 (ι
3339 1688 3416 1751 εἷς
3500 1686 3802 1764 ὑπερϐολήν.ι

492 1784 731 1853 «Supra
775 1781 1035 1835 modum.
1084 1802 1109 1828 »
1146 1811 1207 1819 —
1260 1801 1287 1828 ‹‹
1349 1780 1499 1833 Dum
1551 1794 1672 1832 non
1735 1781 2090 1847 spectamus.

2209 1796 2225 1857 ι
2257 1810 2323 1827 -φ
2357 1801 2383 1827 ι(
2418 1776 2507 1844 Μὴ
2541 1775 2890 1832 σκοπούντων
2930 1777 3115 1849 ἡμῶν.
3170 1804 3191 1831 ι
3260 1777 3474 1849 Ἐπειδὴ
3526 1782 3708 1857 βαρεῖαν
3749 1778 3807 1835 οὗ·

488 1874 777 1938 Quoniam
813 1872 1198 1926 afﬂictionem
1223 1886 1356 1939 qua)
1401 1868 1592 1940 gravis
1623 1873 1707 1922 est
1742 1867 1890 1921 dixit
1936 1866 2086 1921 level

2260 1887 2355 1920 σαν
2384 1867 2485 1935 τήν
2517 1863 2725 1939 θλίψιν,
2760 1865 2910 1920 εἶπεν
2941 1864 3201 1943 ἐλαφρὰν,
3235 1866 3565 1943 ἐπεξηγεῖται
3589 1875 3687 1932 πῶς
3708 1868 3800 1923 ἐστιν

491 1966 730 2016 enarrat
758 1959 1057 2031 quomodo
1090 1958 1234 2013 levis
1264 1958 1339 2012 sit
1363 1972 1626 2028 praesens
1655 1956 1922 2010 afﬂictio.
1950 1955 2005 2009 Si
2027 1970 2089 2008 nc

2257 1954 2467 2031 ἐλαφρᾶ
2495 1955 2530 2024 ἠ
2557 1955 2674 2008 νυνί
2708 1953 2912 2029 θλίψις.
2945 1956 3089 2023 Ἐὰν,
3133 1957 3295 2036 φησὶ,
3354 1960 3427 2031 μή
3484 1964 3728 2033 σκοπῶμεν
3763 1958 3804 2012 τὶ

491 2049 958 2109 consideremus.
1010 2047 1250 2118 inquit,
1310 2063 1441 2116 qum
1500 2043 1795 2113 videntur,
1857 2042 1960 2098 sed
2018 2060 2089 2114 qu

2261 2042 2594 2119 βλεπόμενα,
2625 2040 2773 2099 ἀλλᾶ
2796 2044 2863 2098 τὰ
2898 2045 2973 2117 μή
3013 2042 3349 2120 βλεπόμενα.
3383 2049 3502 2104 Ἐὰν
3541 2047 3628 2121 γάρ
3649 2048 3703 2102 τὶ
3740 2046 3808 2100 ἐκεῖ

491 2153 611 2191 non
637 2136 929 2191 videntur.
967 2137 1109 2190 Nam
1143 2135 1191 2189 si
1222 2135 1419 2188 futura
1439 2132 1834 2205 prmsentibus
1856 2146 2089 2202 oppona

2254 2138 2371 2195 τοῖς
2410 2136 2500 2186 νῦν
2529 2131 2876 2207 ἀντιστήσῃς,
2926 2133 3136 2211 ἐλαφρά
3186 2138 3256 2190 τά
3312 2140 3401 2190 νῦν
3460 2132 3808 2215 φανεῖταιᾸῐρὸι

488 2225 640 2281 levia
668 2230 954 2296 apparent
987 2223 1346 2295 praesentia:
1383 2229 1522 2277 sunt
1550 2221 1711 2277 enim
1755 2220 2086 2291 temporali:

2030 2220 2144 2281 lia;
2255 2242 2449 2298 σκαιρα
2479 2222 2583 2298 γάρ
2615 2221 2779 2292 ἐστιν,
2812 2221 2987 2278 ἐκεῖνα
3018 2220 3076 2278 δί
3118 2223 3334 2284 αἶώνια.
3616 2231 3620 2235 ’

487 2315 593 2370 illa
623 2331 756 2370 vero
789 2320 1032 2369 aeterna.

564 2406 623 2473 V,
660 2405 773 2458 1-4.
812 2426 840 2453 ‹‹
878 2403 1105 2459 Scimus
1156 2402 1314 2457 enim
1376 2402 1535 2473 quod
1584 2402 1633 2456 si
1691 2407 1991 2457 terrenum
2016 2416 2149 2458 nos-

2325 2403 2564 2478 Οῗδαμεν
2593 2406 2695 2481 γάρ
2728 2404 2810 2460 ὅτι
2867 2405 2954 2462 ἐὰν
3011 2407 3046 2477 ἠ
3107 2406 3352 2482 ἐπίγειος
3381 2408 3532 2481 ἡμῶν
3582 2406 3703 2461 οἰκία
3738 2408 3801 2459 τοῦ

487 2518 514 2545 ‹‹
551 2500 708 2550 trum
739 2493 1111 2550 domicilium
1142 2492 1323 2563 hujus
1358 2491 1722 2549 tabernaculi
1778 2490 2079 2546 destructu

2253 2491 2486 2559 σκήνους
2571 2488 2874 2566 καταλυθῇ,
2928 2489 3230 2565 οἰκοδομὴν
3328 2492 3389 2548 ἐκ
3459 2496 3578 2549 Θεοῦ
3643 2486 3805 2573 ἷέλομεν³

486 2605 516 2635 ‹‹
545 2584 741 2647 fuerii,
780 2583 1235 2638 aadiﬁcationem
1260 2597 1330 2635 ex
1385 2581 1503 2636 Deo
1554 2580 1860 2639 habemus.
1893 2578 2084 2635 domic

2252 2578 2425 2633 οἰκίαν
2484 2577 2938 2655 ἀχειροποίητον,
2993 2581 3217 2636 αἰώνιον
3320 2581 3373 2637 ἒν
3434 2587 3542 2647 τοῖς
3608 2580 3803 2654 οὐρανοῖς-

490 2695 516 2722 ‹‹
553 2673 698 2727 lium
729 2688 848 2726 non
878 2672 1307 2730 manufactum,
1350 2675 1638 2724 aeternum
1688 2669 1749 2724 in
1780 2667 1964 2723 caelis.
1999 2669 2088 2722 Na:

2250 2667 2355 2723 Καὶ
2429 2669 2532 2743 γὰρ
2615 2668 2666 2723 ἐν
2747 2669 2928 2743 τούτῳ
3006 2671 3366 2744 στενάζομεν,
3451 2672 3509 2726 τὸ
3577 2670 3804 2741 οἰκητήριον

490 2784 519 2815 ιε
551 2762 614 2817 in
636 2764 747 2817 hoc
772 2761 1063 2834 geminus.
1097 2759 1400 2815 domicilio
1456 2765 1658 2814 nostro
1701 2758 1861 2830 quod
1916 2774 1946 2813 e
1997 2774 2080 2812 cae

2249 2757 2410 2829 ἡμῶν
2503 2758 2565 2813 τὸ
2666 2758 2716 2831 ἐξ
2819 2758 3048 2833 οὐρανοῦ
3121 2757 3517 2825 ἐπενδύσασθαι
3568 2760 3802 2821 ἐπιποθουν-

488 2872 516 2902 ‹‹
552 2857 642 2906 est
670 2850 1017 2923 superindui
1044 2850 1470 2905 desiderantes.
1498 2849 1555 2904 Si
1587 2854 1745 2904 certe
1776 2848 1989 2916 induti,
2020 2864 2086 2903 nc

2247 2866 2355 2907 τες.
2417 2846 2547 2920 Ε’ἰγε
2592 2847 2684 2902 καὶ
2739 2844 3119 2921 ἐνδυσάμενοι,
3201 2849 3266 2904 οὐ
3343 2850 3539 2926 γυμνοὶ
3606 2842 3798 2919 εὖρεθησδ·

488 2961 515 2988 ‹‹
550 2939 694 2994 nudi
744 2940 1130 3010 reperiemur.
1165 2938 1397 2992 Etenim
1451 2937 1551 3009 qui
1582 2954 1788 2992 sumus
1818 2938 1879 2991 in
1910 2936 2023 2991 hoc
2051 2943 2086 2991 ta

2252 2937 2407 3008 μεθα.
2442 2935 2544 2992 Καὶ
2590 2935 2697 3010 γὰρ
2754 2936 2806 2990 οἱ
2864 2933 3013 2999 ὄντες
3065 2936 3118 2992 ἐν
3171 2940 3251 3008 τῷ
3309 2941 3516 3010 σκήνει,
3571 2934 3785 3001 στενάζομεν

485 3047 515 3079 ιι
545 3027 891 3093 bernaculo,
914 3028 1207 3099 gemimus
1239 3026 1490 3087 onerati.
1512 3031 1827 3097 propterea
1847 3024 2007 3095 quod
2037 3041 2083 3078 nn

2250 3022 2603 3097 βαρούμενοι,
2672 3023 2756 3100 ἐφ’
2813 3022 2858 3097 ᾧ
2918 3025 2983 3079 οὐ
3067 3022 3307 3098 θέλομεν
3368 3025 3657 3090 ἐκδ·5σασθαι,
3704 3016 3785 3073 ἀλλ’

490 3138 519 3168 ‹‹
552 3117 731 3172 limus
763 3117 917 3185 exui,
948 3116 1050 3171 sed
1075 3114 1446 3188 superindui,
1477 3120 1543 3171 ut
1571 3114 1957 3170 absorbeatur
1987 3129 2088 3168 mo

2199 3109 2659 3189 Ιἐπενδύσασθαι,
2711 3111 2800 3168 ’ίνα
2855 3116 3139 3189 καταποθῇ
3222 3116 3291 3171 τὸ
3380 3118 3564 3188 θνητὸν
3623 3110 3696 3168 ὕπὸ
3729 3112 3797 3175 τῆς

496 3164 518 3168 ..
552 3164 730 3172 --..-..-
767 3164 917 3185 ---_-,
949 3164 1050 3171 η-
1075 3164 1446 3188 __,-_-_-___,
1484 3164 1542 3171 ..-
1573 3164 1948 3170 _-_-__-____
1988 3164 2074 3168 ,ν

490 3226 517 3254 ι(
550 3207 748 3261 talitas
781 3222 815 3259 a
844 3206 980 3262 vita.

822 3164 917 3215 ._:,
949 3164 1050 3171 η-
1075 3164 1446 3188 ,Ἵππη-Ἴ
1484 3164 1542 3171 ..-
1573 3164 1948 3170 _~_-__-____
1988 3164 2107 3168 --μ
2168 3164 2210 3231 C

844 3212 980 3262 Vita.
2252 3205 2420 3270 ζωῆς.

562 3294 850 3357 Quoniam
899 3298 1256 3349 tractaturus
1283 3301 1373 3349 est
1428 3294 1500 3348 de
1556 3293 1990 3348 resurrectione
2021 3308 2143 3347 ser-

2323 3288 2547 3359 Ἐπειδὴ
2603 3292 2696 3346 τὸν
2751 3291 2877 3365 περὶ
2922 3291 3271 3359 ἀναστάσεως
3348 3294 3622 3371 γυμνάζειν
3674 3282 3807 3361 μέλλει

488 3381 831 3447 monem,ad
864 3398 1040 3451 quem
1061 3383 1348 3437 Corinthii
1382 3382 1679 3436 inﬁrmius
1710 3383 1903 3437 allecti
1935 3394 2086 3436 eran‘

2251 3377 2443 3454 λόγον,
2474 3380 2609 3453 πρὸς
2643 3381 2701 3434 ’ὸν
2735 3381 2786 3435 οἰ
2842 3382 3116 3455 Κορίνθιοι
3171 3382 3552 3458 ἀσθενέστερον
3602 3378 3808 3458 διέκειντο,

489 3470 777 3541 anticipat
808 3470 942 3524 illos
965 3470 1207 3524 dicens:
1262 3494 1287 3521 α
1322 3470 1572 3531 Scimus,
1610 3493 1629 3517 ιι
1692 3475 1970 3540 tanquam
2029 3471 2087 3541 ip

2248 3469 2643 3544 προκατασῦρει
2671 3468 2868 3532 αὐτοὺς
2902 3468 2991 3524 διὰ
3039 3475 3159 3541 τοῦ,
3213 3496 3244 3524 ‹‹
3308 3470 3565 3545 Οέδαμεν,
3607 3494 3630 3521 ι)
3657 3468 3715 3528 ὦς
3756 3456 3816 3517 καὶ

488 3576 725 3631 quoque
758 3558 981 3614 scirent
1010 3575 1119 3613 nec
1145 3559 1216 3614 de
1266 3559 1700 3614 resurrectione
1755 3559 2086 3630 ambigeren

2246 3558 2419 3611 αὐτῶν
2478 3555 2871 3631 ἐπισταμένων,
2934 3559 3024 3614 καὶ
3103 3559 3202 3616 οὐκ
3260 3558 3692 3639 ἀμφιϐαλλόντων
3735 3548 3815 3622 περὶ

482 3648 778 3705 ~Aliud.
824 3649 1003 3703 Multa
1069 3649 1130 3703 in
1190 3649 1336 3703 63!
1400 3648 1803 3719 superioribus
1862 3650 2080 3703 narravi

2247 3648 2350 3715 τὴν
2380 3647 2689 3703 ἀνάστασιν.
2729 3681 2788 3691 -—
2821 3646 3020 3705 Ἄλλο.
3054 3651 3265 3723 [ΦΩΤ.]
3304 3649 3495 3707 Πολλὰ
3531 3649 3577 3704 ἐν
3625 3650 3721 3705 τοῖς
3745 3640 3817 3696 ἄνω

480 3739 803 3795 ostendens
826 3739 982 3810 quod
1005 3738 1185 3794 etiam
1216 3739 1291 3794 ad
1322 3738 1701 3794 commodum
1734 3738 1811 3793 sit
1838 3738 2078 3793 factum

2245 3734 2517 3808 διεξῆλθε,
2576 3734 2786 3799 δεικνὺς
2844 3737 2971 3800 τοὺς
3058 3741 3405 3814 πειρασμοῦς
3459 3739 3543 3794 καί
3610 3736 3664 3791 τὸ
3710 3736 3821 3801 σῶμα

479 3836 538 3885 et
568 3830 926 3884 afllictiones
945 3846 1162 3901 corpus
1196 3836 1588 3884 consumant:
1622 3845 1785 3883 nunc
1815 3827 1973 3900 quod
2006 3828 2077 3899 p11

2243 3825 2549 3904 φθείρεσθαι
2595 3827 2730 3898 πρὸς
2788 3825 3057 3906 ὠφέλειαν
3114 3829 3429 3903 γινόμενον,
3480 3832 3563 3884 νῦν
3601 3827 3655 3882 τὸ
3702 3818 3820 3876 πλέον

482 3927 572 3975 est
597 3920 761 3983 dicit.
786 3920 946 3991 quod
969 3921 1147 3975 etiam
1179 3919 1523 3976 omnimoda
1552 3919 1816 3992 corporis
1839 3927 2079 3991 corrupt

2243 3914 2414 3989 λέγει,
2450 3915 2534 3969 ὅτι
2562 3916 2653 3970 καὶ
2683 3917 2718 3986 ἠ
2752 3916 3027 3985 παντελὴς
3058 3921 3156 3971 τοῦ
3218 3920 3478 3992 σώματος
3507 3919 3653 3990 ἡμῶν
3681 3907 3825 3988 φθοράι

480 4024 613 4079 quas
644 4010 709 4063 ﬁt
738 4027 843 4080 per
875 4016 1149 4073 mortem,
1181 4010 1346 4064 utilis
1377 4014 1468 4064 est
1500 4026 1513 4075 ;
1546 4026 1684 4064 nam
1738 4009 2078 4080 incorruptit

2239 4006 2273 4076 ἠ
2309 4004 2398 4060 διὰ
2452 4003 2549 4060 τοῦ
2609 4005 2857 4073 θανάτου,
2915 4005 3219 4084 ὠφέλιμος.
3278 4011 3414 4066 Ἀπὸ
3472 4008 3569 4083 γᾶρ
3623 3999 3824 4082 ςαθαρτοῦι

479 4113 619 4152 nem
654 4098 844 4168 ipsam
876 4115 910 4154 a
939 4099 1319 4170 corruptione
1350 4098 1696 4169 accipimus.

1687 4143 1696 4155 ,
2240 4095 2421 4171 φησὶν,
2456 4092 2726 4172 ἃφθαρτον
2754 4094 2887 4150 αὐτὸ
2909 4090 3285 4170 λαμϐάνομεν.

556 4185 695 4241 Vide
727 4192 925 4242 autem
949 4193 1232 4259 quantam
1256 4188 1672 4243 excellentiam
1691 4188 2135 4260 comparatione

2308 4185 2451 4259 ’Όρα
2481 4180 2558 4249 δὲ,
2592 4188 2660 4258 τῇ
2699 4181 2991 4259 παραθέσει
3046 4187 3214 4241 πόσον
3272 4182 3441 4258 ἔδειξε
3493 4187 3552 4242 τὸ
3604 4181 3825 4257 διάφορον-

476 4275 826 4331 ostenderit.
860 4278 1003 4331 Nam
1054 4276 1164 4331 hoc
1220 4282 1543 4343 terrenum,
1577 4276 1728 4331 illud
1783 4276 2041 4344 caeleste,

2239 4275 2417 4329 Τοῦτο
2448 4270 2704 4348 ἐπίγειον,
2737 4272 2908 4328 ἐκεῖνο
2940 4273 3210 4347 οὐράνιον,
3270 4275 3547 4333 τουτέστιν
3605 4273 3651 4343 ἐξ
3701 4268 3824 4340 οὖρα·

476 4373 585 4429 est.
619 4385 860 4423 sumens
892 4385 922 4422 e
956 4366 1101 4422 caelo
1136 4367 1682 4437 incorruptionem:
1734 4368 1846 4421 hoc
1884 4366 2074 4440 domic

2237 4366 2336 4416 νοῦ
2365 4362 2464 4429 τήν
2499 4361 2798 4436 ἀφθαρσίαν
2848 4358 3149 4436 λαμϐάνον*
3205 4369 3379 4420 τοῦτο
3446 4363 3584 4420 οἰκία
3633 4361 3823 4428 σκήνους,

474 4457 627 4513 lium
654 4463 745 4512 est
776 4455 1146 4513 tabernaculi
1175 4455 1356 4528 (quod
1379 4455 1608 4510 facilem
1634 4456 1931 4528 signiﬁcat
1951 4456 2072 4511 diss

2239 4451 2371 4522 ὅπερ
2400 4449 2465 4505 τὸ
2496 4447 2817 4505 εὐδιάλυτον
2859 4448 3049 4522 δηλοῖ,
3081 4451 3258 4508 ἐκεῖνο
3310 4454 3550 4509 αἰώνιον.
3604 4450 3718 4509 Εἶτα
3759 4440 3824 4498 li-

474 4544 807 4611 lutionem),
834 4545 985 4600 illud
1012 4551 1321 4599 aeternum.
1355 4544 1575 4600 Deinde
1601 4544 1777 4600 etiam
1825 4545 1970 4600 illud
1994 4544 2072 4599 ἀί(

2242 4562 2325 4615 γει
2356 4541 2528 4596 ἐκεῖνο
2557 4542 2647 4596 καὶ
2682 4542 3134 4616 ἀχειροποίητον.
3168 4543 3247 4601 Οὐ
3294 4549 3459 4600 τοῦτο
3513 4541 3741 4614 δηλονότι
3781 4530 3822 4587 τδ

476 4650 599 4687 non
632 4635 1036 4689 manufactum
1066 4651 1078 4687 :
1104 4650 1214 4689 nec
1245 4634 1355 4688 hoc
1378 4641 1535 4688 certe
1567 4651 1781 4705 corpus
1816 4634 2074 4689 manufal

2239 4630 2409 4704 παρὸν
2443 4634 2602 4703 σῶμα
2646 4630 3036 4705 χειροποίητόν
3097 4632 3262 4701 ἐστιν,
3317 4633 3467 4690 ἀλλὰ
3515 4633 3580 4689 τά
3631 4625 3822 4707 ἐγκώμια

473 4727 600 4778 tum
634 4724 944 4794 vituperat,
982 4723 1084 4778 sed
1112 4722 1272 4778 illius
1304 4729 1478 4795 auget
1526 4723 1814 4778 encomia.
1870 4746 1897 4773 «
1922 4722 1979 4777 Si
2012 4729 2065 4777 te

2242 4716 2385 4790 αὔξει
2407 4719 2634 4775 ἐκείνου.
2665 4743 2695 4772 ι(
2727 4721 2850 4776 Ἐάν
2882 4720 2916 4790 ἠ
2950 4720 3185 4797 ἐπίγειος
3213 4721 3376 4794 ἥμῶν
3430 4721 3589 4777 οἰκία.
3644 4743 3669 4772 ιδ
3712 4709 3822 4770 Ἐπί·

472 4827 686 4866 renum
720 4822 986 4866 nostrum
1022 4812 1412 4867 domicilium.
1452 4834 1478 4859 »
1537 4814 1857 4868 Terrenum
1890 4811 2067 4882 quide

2238 4830 2383 4883 γειος
2421 4808 2517 4881 μὲν
2574 4806 2742 4879 οἰκία,
2794 4809 2829 4878 ἠ
2889 4807 3114 4865 ἐνταῦθα
3172 4806 3479 4887 βραχύϐιος
3519 4809 3822 4887 ζωή²σκῆν⁰ξ

476 4897 848 4955 domicilium
879 4906 969 4953 est
998 4899 1190 4955 brevis
1222 4918 1352 4971 quae
1385 4900 1480 4954 hic
1517 4899 1709 4971 agitur
1741 4899 1873 4955 vita.
1907 4898 2074 4970 Corp!

2241 4894 2319 4967 δὲ,
2351 4897 2412 4952 τὸ
2446 4901 2605 4969 σῶμα
2635 4898 2795 4969 ἡμῶν
2827 4902 2933 4953 τῶν
2965 4883 3182 4974 ψυχῶνξ
3213 4883 3395 4958 ’Άλλο
3438 4900 3539 4973 γὰρ
3595 4896 3736 4961 οἰκίαν
3759 4883 3823 4944 υἱ

472 5005 610 5047 vero
644 4988 1095 5046 tabernaculum
1114 4995 1553 5044 estnostrarum
1584 4988 2070 5044 animarum.Alit

2240 4984 2382 5041 ἄλλο
2408 4986 2470 5041 τὸ
2496 4993 2695 5054 σκῆνος
2724 4987 2786 5041 οὗ
2811 4985 2956 5042 ἐστιν
2986 4988 3020 5058 ἠ
3055 4987 3224 5057 οἰκία,
3255 4989 3346 5044 καὶ
3395 4986 3535 5044 ἄλλο
3586 4987 3748 5057 ἡμεῖς,
3769 4976 3820 5030 ὦ*

476 5084 557 5136 esi
593 5078 752 5133 enim
778 5078 1150 5133 domicilium
1184 5084 1241 5133 et
1270 5077 1430 5132 aliud
1480 5078 1928 5134 tabernaculum
1959 5077 2074 5149 cujl

2239 5074 2350 5130 ἐστι
2374 5074 2438 5129 τὸ
2471 5081 2669 5143 σκῆνος
2696 5072 2857 5133 ἲδιον.
2922 5075 3040 5130 Ἐάν
3099 5074 3215 5145 οὖν,
3279 5076 3466 5155 φησῖν,
3523 5072 3710 5145 ἧοῖκία
3753 5065 3823 5120 τοῦ

474 5175 563 5226 est
592 5168 985 5237 domicilium,
1020 5173 1079 5221 et
1107 5166 1269 5222 aliud
1301 5183 1410 5222 nos
1443 5184 1696 5237 quorum
1755 5174 1844 5223 est
1891 5184 2072 5240 propr

2240 5165 2472 5233 σκήνους
2501 5164 2662 5235 ἡμῶν
2707 5162 3011 5239 καταλυθῇ.
3071 5164 3345 5221 τουτέστιν
3394 5166 3429 5235 ἠ
3489 5164 3693 5225 ἐνταῦθα
3722 5156 3824 5232 βρα-

471 5260 947 5316 tahernaculum.
981 5258 1035 5312 Si
1071 5257 1248 5329 igitur
1280 5256 1672 5323 domicilium,
1706 5257 1918 5328 inquit,
1942 5256 2069 5312 tabe

2241 5250 2438 5329 χύϐιος
2470 5253 2608 5322 ζωὴ,
2642 5248 2828 5326 ἕξομεν
2881 5252 3054 5309 οἰκίαν
3111 5254 3557 5332 ἀχειροποίητον,
3608 5245 3824 5306 τουτέστιν

471 5349 670 5405 naculi
704 5349 888 5405 nostri
923 5347 1300 5408 dissolvatur,
1334 5347 1444 5401 hoc
1478 5353 1587 5415 est,
1622 5347 1814 5401 brevis
1845 5363 1975 5418 quae
2035 5346 2069 5401 h

2243 5343 2388 5412 ζωὴν
2421 5341 2663 5408 αἷώνιον,
2698 5342 2762 5397 οὐ
2812 5339 3218 5417 προσδεομένην
3274 5349 3375 5412 τῆς
3430 5341 3680 5415 ἡμετέρας
3706 5332 3828 5405 ἔργα·

474 5440 669 5509 agitur
696 5440 833 5500 vita.
866 5438 1219 5493 habebimus
1250 5435 1621 5492 domicilium
1649 5454 1770 5492 non
1823 5435 2072 5491 manufai

2242 5430 2357 5492 σίας
2388 5430 2473 5485 καὶ
2505 5435 2616 5484 τῶν
2644 5430 2929 5503 ἡμετέρων
2956 5451 3071 5507 χειε
3084 5435 3159 5486 ὦν
3200 5433 3336 5508 πρὸς
3386 5432 3639 5486 σύστασιν.
3670 5419 3826 5509 Xalt?“

473 5506 622 5592 tum,
656 5527 715 5580 id
747 5534 855 5594 est,
888 5528 1067 5584 vitam
1097 5531 1402 5596 aeternam,
1432 5543 1565 5597 quae
1595 5543 1717 5583 non
1748 5543 1896 5599 opus
1916 5526 2067 5581 habe

2241 5517 2300 5576 δὲ
2333 5520 2408 5582 ὡς
2439 5518 2576 5595 πρὸς
2609 5516 3028 5590 ἀντιδιαστολήν
3085 5523 3185 5591 τῆς
3220 5506 3500 5598 παρούσης
3554 5518 3701 5587 ζωῆς,
3746 5506 3821 5572 τήν

473 5619 680 5672 nostra
709 5632 890 5686 opera
918 5623 1021 5672 aut
1050 5616 1270 5672 nostris
1300 5615 1577 5672 manibus
1606 5615 1679 5673 ad
1711 5617 1801 5671 sui
1842 5615 2071 5673 constiti

2245 5607 2553 5686 μέλλουσαν
2603 5607 3032 5685 ἀχειροποίητον
3090 5610 3260 5671 εἶπεν.
3309 5611 3376 5667 Ἦ
3453 5609 3552 5685 γὰρ
3605 5602 3806 5678 παροῦσα
