4048 6250
255 348 381 411 999

1221 346 1615 408 COMMENT.
1665 345 1749 407 IN
1799 345 2042 406 EPIST.
2091 345 2146 406 II
2189 345 2301 408 AD
2341 349 2718 414 CORINTH.

3555 355 3678 415 970

239 479 370 536 ’ἀπὸ
398 481 510 536 τῶν
552 481 755 558 χειρῶν
802 473 919 554 ἔχει
976 479 1079 547 τὴν
1136 477 1412 549 σύστασιν,
1472 476 1658 554 ἄρτου,
1716 481 1906 546 ποτοῦ,

2029 479 2268 538 tionem.
2297 483 2452 541 Bene
2483 489 2682 542 autem
2712 485 2786 542 ad
2813 484 3126 557 praesentis
3182 485 3314 540 vita)
3374 501 3677 558 compara-

255 570 352 624 καὶ
385 566 704 642 ἐνδύματος.
739 568 930 631 Οὕτως
964 570 992 624 ὁ
1023 567 1180 646 ἅγιος
1217 567 1510 636 Μεθόδιος,
1561 567 1612 622 ἐν
1659 573 1737 640 τῷ
1790 566 1919 641 Περὶ

264 658 609 720 ἀναστάσεως
647 657 822 735 λόγῳ.
883 691 952 702 —-
1007 657 1209 714 Ἀλλο.
1264 659 1533 734 Ἐπίγειον
1593 657 1767 712 οῗκίαν
1820 658 1918 725 τήν

268 751 407 804 κατὰ
437 748 530 804 τὸν
561 749 799 823 παρόντα
858 747 978 822 βίον
1037 747 1186 825 λέγει
1244 745 1545 824 διαγωγὴν,
1615 754 1813 817 σκῆνος
1861 744 1918 802 δὲ

266 839 335 896 τὸ
367 843 544 913 σῶμα.
578 838 702 895 Ἐάν
749 837 922 893 τοίνυν
984 833 1126 912 λάϐῃ
1176 835 1336 901 τέλος
1389 839 1457 893 τά
1501 839 1762 912 παρόντα,
1820 839 1918 905 τήν

266 927 696 1004 ἀχειροποίητον
728 925 930 1003 ἔχομεν
980 927 1177 1001 οἲκίαν,
1235 930 1336 996 τὴν
1397 927 1616 982 αἷὼνίον
1673 927 1763 982 καὶ
1821 925 1916 982 οὑκ

265 1019 473 1094 ράνιον.
504 1051 576 1061 ——
605 1016 807 1075 Ἄλλο.
843 1018 1113 1092 Ἐπίγειον
1147 1018 1319 1072 οἰκίαν
1352 1018 1607 1088 σκήνους,
1637 1017 1698 1071 τὸ
1757 1020 1918 1088 σῶμα

257 1103 446 1162 καλεῖ.
478 1131 507 1159 ‹‹
543 1103 858 1179 Οἶκοδομὴν
890 1105 949 1160 ἐκ
977 1111 1112 1161 Θεοῦ
1141 1104 1361 1182 ἔχομεν.
1397 1131 1426 1158 ››
1464 1107 1596 1164 Οἶον
1644 1107 1743 1176 τήν
1793 1105 1914 1160 ἀνα-

262 1195 480 1268 νέωσιν,
509 1197 609 1265 τὴν
639 1195 861 1271 ἔγερσιν.
898 1220 925 1248 (ς
983 1198 1070 1252 Ἐν
1128 1196 1244 1257 τοῖς
1294 1195 1627 1270 οὐρανοῖς.»
1679 1197 1811 1252 Οἷον
1861 1193 1912 1250 ἐν

257 1292 381 1347 τοῖς
440 1285 692 1362 οὐρανοῖς
747 1290 1260 1342 κατασκευασθεῖσαν
1317 1285 1608 1366 ἄφθαρτον,
1673 1286 1916 1341 τουτέστι

259 1372 356 1430 διὰ
384 1375 614 1453 χάριτος
645 1373 918 1449 οὐρανίοῦ.
953 1375 1054 1431 Καὶ
1101 1376 1225 1449 γὰρ,
1275 1374 1328 1430 ἐν
1378 1375 1580 1447 τούτῳ,
1631 1373 1746 1429 ἀντὶ
1794 1377 1912 1440 τοῦ,

263 1461 358 1518 διὰ
401 1468 583 1521 τοῦτο.
617 1495 644 1521 «
685 1465 1043 1537 Στενάζομεν.
1079 1487 1104 1515 ››
1155 1465 1357 1537 Ὑμεῖς,
1405 1463 1560 1539 φησὶ,
1619 1462 1912 1534 στενάζετε,

259 1555 340 1616 ὡς
395 1552 561 1622 εἲκὸς,
612 1553 972 1631 φθειρομένου
1021 1558 1118 1608 τοῦ
1175 1555 1428 1628 σώματος
1487 1554 1638 1626 ὑμῶν
1698 1551 1749 1607 ἐν
1795 1557 1913 1614 ταῖς

261 1641 536 1716 θλίψεσιν.
568 1644 760 1716 Ἡμεῖς
822 1641 902 1714 δὲ,
962 1643 1044 1705 οἷς
1087 1643 1315 1718 ἐναργής
1342 1646 1376 1712 ἡ
1411 1644 1592 1705 πίστις
1639 1650 1740 1712 τῆς
1784 1641 1914 1697 ἀνα-

260 1731 526 1800 στάσεως,
583 1730 900 1804 στενάζομεν
959 1733 1043 1786 ὅτι
1104 1734 1179 1805 μὴ
1270 1730 1552 1793 παντελῶς
1617 1730 1912 1809 φθείρεται.

261 1821 436 1881 Διατί.
498 1823 623 1878 Ὀτι
679 1821 1043 1894 ἐπιποθοῦμεν
1093 1822 1156 1876 τὸ
1216 1819 1480 1898 ἄφθαρτον
1533 1823 1692 1894 ἡμῶν
1755 1825 1989 1918 σῶμαΒ

254 1908 672 1967 ἐπενδύσασθαι.
705 1910 896 1972 Καλῶς
958 1909 1016 1965 δὲ
1068 1911 1153 1980 τὸ,
1215 1935 1241 1962 u
1279 1907 1716 1974 Ἐπενδὺσασθαι.
1749 1932 1777 1962 »
1833 1910 1912 1966 T6

256 1999 362 2075 γάρ
392 1999 588 2068 θνητὸν
637 2001 797 2053 τοῦτο
856 2003 1014 2071 σῶμα
1070 1995 1379 2052 ἒπενδὺεται
1435 1998 1533 2065 τήν
1594 1995 1909 2072 ἀφθαρσίαν.

258 2111 286 2139 ‹‹
320 2087 398 2144 Τὸ
421 2086 743 2161 οἰκητήριον
767 2088 950 2160 ἡμῶν.
978 2110 1004 2138 ››
1033 2085 1148 2142 Οὑκ
1177 2086 1314 2156 εἶπε,
1340 2093 1571 2157 Σκῆνος,
1594 2085 1741 2153 ἀλλ’,
1772 2111 1799 2138 ‹‹
1824 2086 1914 2143 Οἱ.

257 2178 554 2251 κηττςριον,
587 2199 616 2228 ››
645 2178 743 2245 την
774 2175 850 2237 εἷς
899 2175 1028 2231 αὑτὸ
1066 2175 1282 2255 ἀσφαλῆ
1339 2177 1508 2249 μονήν
1557 2174 1645 2230 καὶ
1697 2175 1911 2247 οἷ’κησιν

261 2263 475 2335 δηλῶν.
511 2298 573 2306 —
607 2263 808 2324 Ἀλλο.
842 2268 1166 2338 [θΕΟΔΩΡ.]
1199 2266 1532 2341 Οἰκητήριον
1561 2264 1782 2322 ἐνταῦθα
1811 2268 1910 2336 τὴν

262 2355 563 2432 ἀφθαρσίαν
597 2353 866 2412 ἐκάλεσεν.
901 2356 1013 2410 Οὐκ
1035 2357 1158 2410 εἶπε
1207 2353 1286 2426 δὲ,
1333 2353 1710 2426 ³Ενδὺσασθαι,
1760 2353 1910 2428 ἀλλ’,

265 2469 293 2497 ‹‹
333 2442 771 2508 Ἐπειδὺσασθαι.
806 2468 834 2498 ››
863 2445 1015 2502 Ἐπεὶ
1049 2444 1157 2520 οὑχ
1182 2442 1362 2520 ἕτερον
1392 2443 1691 2519 ἐνδυόμεθα
1729 2451 1909 2519 σῶμα,

262 2533 412 2590 ἀλλά
439 2537 502 2590 τὸ
547 2537 781 2611 φθαρτὸν
834 2541 1018 2607 τοῦτο,
1073 2537 1175 2605 τὴν
1234 2536 1525 2615 ἀφθαρσίαν
1583 2533 1911 2597 ἐπενδὺεται,

257 2649 287 2676 ι(
322 2626 402 2682 Τὸ
431 2624 487 2695 ἐξ
517 2625 774 2699 οὑρανοῦ.
813 2651 833 2680 ι
871 2625 986 2682 Οὑκ
1033 2622 1222 2695 ἐπειδὴ
1272 2626 1321 2699 ἐξ
1373 2625 1624 2701 οὑρανοῦ.
1649 2627 1911 2698 κάτεισιν,

269 2711 399 2767 ἀλλ’
456 2711 640 2784 ἐπειδὴ
701 2714 760 2770 ἐκ
816 2719 948 2770 Θεοῦ
1001 2716 1100 2783 τήν
1154 2715 1447 2792 ἀφθαρσίαν
1534 2711 1821 2789 λαμϐάνει.
1882 2739 1907 2771 n

272 2799 401 2877 Εῗγε
431 2802 517 2858 καὶ
547 2801 889 2876 ἐνδυσάμενοι
931 2803 992 2858 οὑ
1049 2803 1249 2879 γυμνοὶ
1307 2804 1728 2878 εὑρεθησόμεθα.
1782 2829 1810 2859 ››
1849 2839 1910 2849 -

269 2893 507 2964 [ΙΩΑΝ]
564 2893 825 2949 Τουτὲστι
906 2889 1001 2948 κάν
1085 2893 1416 2967 ἀποθώμεθα
1477 2894 1540 2948 τὸ
1609 2899 1788 2967 σῶμα,
1849 2893 1912 2949 οὑ

270 2980 448 3056 χωρὶς
480 2983 733 3056 σώματος
765 2980 877 3038 ἐκεῖ
905 2984 1386 3057 παραστησόμεθα,
1430 2981 1574 3038 ἀλλὰ
1610 2986 1723 3057 μετ’
1751 2983 1912 3040 αὑτοῦ

263 3071 547 3148 ἀφθάρτου
605 3073 923 3149 γενομένου.
1016 3074 1164 3135 Τινὲς
1246 3071 1303 3127 δὲ
1359 3093 1539 3152 φασιν,
1597 3071 1766 3147 Εἴπερ
1823 3073 1913 3129 καὶ

261 3157 710 3234 ἐπενδυσάμενοι,
770 3161 830 3215 οὑ
887 3161 1082 3236 γυμνοὶ
1176 3163 1600 3236 εὑρεθησόμεθα.
1659 3167 1768 3219 Ἵνα
1812 3163 1913 3238 γὰρ

267 3251 346 3324 μὴ
409 3250 514 3304 ἀπὸ
571 3257 672 3320 τῆς
727 3250 1064 3314 ἀναστάσεως
1117 3251 1313 3314 πάντες
1399 3251 1660 3328 θαρῥῶσι,
1723 3252 1909 3329 φησὶν,

265 3364 295 3391 ‹‹
330 3337 460 3414 Εἷ’γε
505 3339 597 3395 καὶ
655 3337 1022 3414 ἐνδυσάμενοι,
1058 3364 1086 3392 ››
1143 3341 1436 3412 τουτέστιν,
1488 3341 1782 3419 ἀφθαρσίαν
1824 3343 1914 3396 καὶ

262 3433 427 3502 σῶμα
454 3427 722 3504 ἄφθαρτον
751 3425 1030 3500 λαϐόντες,
1064 3455 1093 3482 ‹‹
1128 3431 1192 3486 οὑ
1221 3431 1420 3506 γυμνοὶ
1452 3429 1854 3505 εὑρεθησόμεθα
1885 3452 1912 3482 ››

263 3517 452 3588 δόξης.
512 3519 573 3572 Ἠ
638 3517 734 3590 μὲν
791 3520 894 3595 γὰρ
959 3520 1243 3582 ἀνάστασις
1301 3521 1454 3588 κοινή
1515 3520 1749 3590 πάντων,
1789 3521 1824 3588 ἡ
1858 3516 1916 3574 δὲ

264 3605 399 3678 δόξα
428 3608 528 3663 οὑκ
557 3601 638 3662 ἔτι
664 3605 784 3678 ἴση,
817 3606 943 3664 ἀλλ’
973 3611 1025 3663 οἱ
1060 3608 1152 3682 μέν
1183 3607 1234 3662 ἐν
1267 3613 1428 3684 τιμῇ,
1481 3609 1533 3662 οἱ
1587 3606 1644 3664 δὶ
1691 3607 1742 3664 ἐν
1790 3609 1914 3663 ἀτι-

268 3697 392 3771 μία.
426 3721 454 3749 «
508 3697 588 3754 Οὑ
642 3698 842 3773 γυμνοὶ
892 3698 1312 3772 εὑρεθησόμεθα.
1349 3721 1377 3749 ››
1425 3701 1536 3753 Ἷνα
1588 3699 1662 3771 μή
1716 3697 1774 3752 ἐκ
1815 3704 1915 3766 τῆς

266 3784 608 3846 ἂναστάσεως
643 3785 814 3858 μόνης
846 3785 937 3840 καὶ
976 3783 1036 3840 ἐκ
1075 3792 1175 3854 τῆς
1232 3789 1326 3840 τοῦ
1386 3785 1640 3858 σώματος
1685 3782 1914 3840 ἐναλλαο

269 3882 379 3952 γῆς
437 3875 705 3948 νομίσωσι
761 3876 824 3929 τὸ
881 3881 982 3930 πᾶν
1042 3879 1457 3948 κατορθοῦσθαι,
1519 3874 1729 3950 ἐπάγει·
1792 3871 1919 3950 Eii-{3

267 3965 364 4021 καὶ
424 3962 693 4042 ἄφθαρτον
752 3964 881 4019 αὑτὸ
936 3961 1308 4036 ἐνδυσάμενοι,
1364 3963 1424 4018 οὑ
1498 3965 1692 4040 γυμνοὶ
1757 3961 1917 4033 δόξης

267 4053 366 4109 καὶ
404 4059 573 4126 τιμῆς
633 4053 958 4126 εὑρεθῶμεν.
1021 4053 1080 4108 Ἣ
1138 4054 1239 4128 γάρ
1298 4052 1584 4131 ἀφθαρσία,
1643 4057 1760 4114 τοῖς
1823 4051 1916 4124 μὲν

271 4142 355 4204 εἷς
413 4142 634 4216 ἀγαθὸν,
691 4148 812 4205 τοῖς
863 4141 920 4197 δὲ
976 4142 1051 4203 εἰς
1115 4142 1277 4196 κακὸν
1343 4140 1510 4211 ἔσται,
1596 4138 1922 4210 διαιωνίζειν

270 4236 528 4303 ποιοῦσα,
559 4234 648 4288 καὶ
677 4233 773 4296 τὰς
817 4231 1003 4306 τιμάς,
1062 4232 1153 4286 καὶ
1195 4233 1291 4292 τὰς
1341 4231 1611 4306 τιμωρίας
1669 4231 1920 4300 στενάζο·

274 4342 400 4396 μεν.
462 4343 485 4371 α
546 4321 837 4395 Στένομεν,
898 4345 928 4375 ››
986 4321 1171 4397 φησὶν,
1231 4321 1328 4375 οὑκ
1384 4320 1770 4394 ἀπαλλαγῆναι
1825 4324 1922 4376 τοῦ

272 4412 529 4482 σώματος
563 4409 855 4488 ἐφιέμενοι,
895 4409 1039 4466 ἀλλὰ
1068 4415 1175 4464 τῶν
1207 4413 1391 4466 παθῶν
1443 4409 1606 4464 αὑτοῦ
1650 4408 1924 4485 ἐλεύθεροι

267 4500 517 4576 γενέσθαι
573 4502 888 4562 ποθοῦντες.
933 4500 1012 4557 Οὑ
1061 4501 1166 4576 γάρ
1213 4497 1582 4564 ἀποδύσασθαι
1630 4501 1692 4555 τὸ
1742 4503 1921 4572 σῶμα,

2033 570 2256 626 tionem
2294 572 2440 627 dixit
2472 574 2730 630 futuram
2764 593 2884 630 non
2917 592 3045 630 esse
3076 574 3352 630 manibus
3408 574 3626 630 factam
3660 591 3674 628 :

2030 674 2162 714 nam
2195 679 2458 732 praesens
2494 665 2767 720 manibus
2799 665 2976 721 habet
3005 665 3305 728 constitui,
3333 680 3546 736 nempe
3572 680 3678 736 per

2029 749 2248 815 cibum,
2282 759 2509 823 potum,
2543 755 2981 810 indumentum.
3024 756 3110 809 Ita
3136 754 3303 809 divus
3335 753 3513 808 habet
3559 755 3676 808 Me-

2031 838 2266 895 thodius
2295 842 2399 896 lib.
2434 845 2508 897 De
2548 847 2957 900 resurrectione.
2981 874 3051 885 —
3105 843 3299 900 Aliud.
3358 844 3676 899 Terrenum

2028 926 2395 985 domicilium
2427 931 2570 986 dicit
2613 934 2922 1004 praesentis
2953 933 3082 986 vitae
3141 933 3672 1001 conservationem,

2029 1017 2476 1077 tabernaculum
2501 1039 2635 1078 vero
2659 1024 2960 1094 corpus.Si
2982 1040 3142 1079 nunc
3164 1023 3345 1078 linem
3368 1023 3676 1094 accipiunt

2027 1109 2362 1176 praesentia,
2394 1111 2764 1168 domicilium
2801 1113 3085 1168 habemus
3114 1129 3235 1168 non
3267 1112 3674 1168 manufactum

2029 1203 2317 1255 mternum
2348 1218 2416 1257 ac
2437 1202 2694 1258 caeleste.
2721 1234 2788 1243 —
2818 1203 3009 1258 Aliud.
3043 1205 3364 1258 Terrenum
3398 1201 3675 1258 taberna-

2026 1287 2144 1341 culi
2165 1287 2536 1347 domicilium
2568 1298 2733 1348 vocat
2761 1309 2996 1364 corpus.
3032 1313 3060 1342 »
3091 1292 3563 1348 IEdificationem
3607 1307 3679 1347 ex

2027 1376 2145 1430 Deo
2179 1378 2488 1446 habemus,
2525 1403 2551 1431 »
2585 1383 2694 1437 hoc
2754 1387 2864 1453 est,
2896 1383 3345 1438 renovationem
3376 1398 3682 1438 resurrec-

2027 1465 2274 1522 tionem.
2313 1492 2338 1517 ‹‹
2374 1470 2439 1524 In
2471 1471 2656 1539 oculis,
2690 1494 2718 1520 ››
2754 1472 2813 1526 id
2847 1478 2937 1527 est
2968 1479 3365 1544 praaparatam
3399 1471 3460 1526 in
3493 1472 3675 1544 caelis,

2025 1553 2559 1630 incorruptibilem,
2610 1578 2825 1633 nempe
2883 1579 2989 1633 per
3041 1562 3291 1634 gratiam
3350 1560 3673 1620 caelestem.

2024 1644 2167 1697 Nam
2200 1643 2252 1698 ἐν
2281 1646 2482 1719 τούτῳ,
2516 1649 2575 1704 id
2607 1656 2714 1717 est,
2751 1651 2811 1706 in
2836 1651 2968 1717 hoc,
3003 1652 3234 1722 capitur
3283 1669 3391 1724 pro
3426 1647 3514 1704 διὰ
3544 1649 3672 1704 τοὺ-

2022 1749 2137 1800 του,
2173 1733 2227 1789 id
2264 1741 2371 1799 est,
2404 1753 2511 1808 per
2563 1739 2692 1793 hoc.
2727 1761 2754 1789 «
2817 1740 3138 1795 Gemimus.
3165 1761 3193 1788 »
3252 1742 3386 1807 Vos,
3454 1740 3667 1811 inquit,

2023 1822 2258 1891 gemitis
2290 1829 2353 1877 ut
2380 1826 2702 1880 verisimile
2726 1833 2814 1881 est
2839 1827 2995 1897 quod
3028 1845 3242 1899 corpus
3294 1834 3550 1883 vestrum
3583 1829 3671 1883 af-

2021 1907 2382 1967 flictionibus
2417 1921 2865 1985 corrumpatur:
2900 1932 3009 1970 nos
3041 1922 3239 1970 autem
3264 1917 3477 1986 quibus
3509 1923 3671 1972 certa

2021 2005 2110 2056 est
2140 2019 2276 2073 spes
2307 2006 3077 2077 resurrectionisgemimus
3102 2006 3258 2076 quod
3282 2023 3402 2061 non
3431 2007 3670 2078 penitus

2021 2099 2453 2163 corrumpatur.
2480 2095 2870 2160 Quamobrem
2891 2096 2918 2150 ‘2
2939 2096 3084 2160 Quia
3105 2095 3376 2167 cupimus
3399 2101 3670 2150 nostrum

2021 2196 2233 2251 corpus
2266 2183 2611 2253 superindui
2665 2184 3246 2256 incorruptibilitate.
3283 2185 3437 2239 Bene
3469 2190 3669 2240 autem

2020 2290 2048 2318 ‹‹
2082 2269 2438 2340 Superindui
2464 2289 2477 2339 ;
2512 2294 2538 2322 »
2574 2289 2714 2328 nam
2743 2273 2994 2328 mortale
3021 2273 3131 2327 hoc
3154 2289 3366 2344 corpus
3399 2273 3673 2344 superin-

2018 2358 2146 2414 duit
2175 2360 2818 2434 incorruptibilitatem.
2842 2387 2867 2414 ‹‹
2895 2364 3203 2418 Domicilio
3237 2370 3462 2418 nostro.
3490 2387 3518 2412 ››
3542 2366 3668 2420 Non

2020 2448 2203 2503 dixit:
2237 2451 2659 2520 Tabernaculo,
2694 2452 2817 2519 sed,
2861 2475 2884 2505 α
2915 2453 3249 2518 Domicilio,
3276 2453 3666 2524 iisigiiiﬁcans

2020 2537 2253 2593 ﬁrmam
2288 2541 2659 2596 mansionem
2709 2558 2776 2596 ac
2833 2540 3284 2596 habitationem.
3343 2572 3413 2581 —
3477 2541 3662 2597 Aliud.

2018 2626 2396 2684 Domicilium
2430 2629 2692 2684 hocloco
2728 2631 2882 2685 632
2923 2630 3146 2685 vocavit
3202 2629 3666 2700 incorruptibili-

2018 2720 2220 2771 tatem.
2256 2719 2380 2772 Non
2413 2717 2560 2773 dixit
2588 2724 2806 2786 autem,
2841 2718 3034 2787 Indui,
3065 2718 3166 2772 sed
3185 2739 3214 2768 »
3247 2717 3660 2790 Superindui;»

2020 2807 2504 2878 quandoquidem
2536 2825 2658 2863 non
2691 2808 2853 2864 aliud
2901 2809 3207 2863 induimus
3263 2825 3496 2879 corpus,
3556 2807 3661 2863 sed

2021 2896 2404 2967 corruptibile
2433 2899 2542 2952 hoc
2583 2897 2961 2970 superinduit
3019 2894 3675 2968 incorruptibilitatem.

2024 3006 2048 3037 α
2083 2985 2247 3050 Quod
2281 3003 2310 3040 e
2343 2987 2489 3042 coelo
2523 2994 2630 3044 est.
2668 3009 2695 3036 n
2727 2989 2853 3042 Non
2887 2987 3043 3056 quod
3090 3003 3118 3040 e
3151 2987 3296 3041 cmlo
3326 2985 3673 3052 descendat,

2024 3072 2127 3128 sed
2160 3074 2316 3142 quod
2344 3091 2378 3130 a
2417 3075 2534 3130 Deo
2584 3075 3211 3146 incorruptibilitatem
3243 3075 3516 3145 accipiat.
3552 3096 3580 3125 (ι
3614 3074 3673 3144 Si

2028 3169 2185 3218 certe
2245 3165 2436 3220 induti
2486 3182 2604 3220 non
2667 3164 2811 3220 nudi
2870 3164 3260 3236 reperiemur.
3324 3187 3350 3213 ››
3388 3165 3506 3218 Hoc
3562 3169 3672 3230 est,

2027 3269 2368 3324 quanquam
2400 3254 2624 3310 anobis
2648 3271 2859 3325 corpus
2890 3254 3212 3320 auferatur,
3245 3270 3366 3308 non
3398 3253 3524 3308 sine
3549 3269 3679 3307 cor-

2027 3358 2169 3413 pore
2199 3342 2281 3397 ibi
2314 3343 2614 3410 sistemur,
2649 3343 2752 3398 sed
2783 3360 2918 3398 cum
2948 3342 3156 3398 eodem
3214 3342 3367 3397 facto
3401 3343 3672 3397 incorru-

2025 3431 2504 3502 ptibili.Quidam
2524 3437 2721 3488 tamen
2753 3432 2962 3488 dicunt
2987 3450 3000 3488 :
3026 3433 3080 3487 Si
3110 3437 3270 3487 certe
3303 3430 3675 3503 superinduti

2026 3537 2147 3575 non
2179 3521 2322 3576 nudi
2355 3521 3053 3593 reperiemur.Siquidem
3088 3537 3164 3574 ne
3197 3537 3404 3576 omnes
3437 3536 3677 3575 aresuro

2024 3611 2290 3666 rectione
2324 3611 2601 3667 fiduciam
2634 3610 2980 3676 sumant,ait
3013 3627 3024 3665 :
3052 3633 3078 3660 «
3107 3610 3162 3664 Si
3209 3616 3367 3665 certe
3401 3609 3614 3677 induti,
3646 3630 3674 3659 η

2025 3700 2138 3754 hoc
2168 3705 2277 3767 est,
2311 3706 2552 3772 accepta
2609 3699 3167 3771 incorruptibilitate
3202 3706 3259 3753 et
3288 3716 3533 3769 corpore
3587 3699 3679 3753 in-

2027 3788 2419 3859 corruptibili,
2447 3805 2567 3843 non
2589 3788 2776 3859 gloria
2807 3787 3011 3842 nudati
3043 3787 3432 3857 reperiemur.
3459 3788 3682 3840 Resur-

2028 3877 2208 3931 rectio
2242 3894 2498 3946 namque
2553 3877 2888 3931 communis
2921 3877 3032 3930 erit
3084 3876 3374 3942 omnium,
3408 3879 3467 3929 at
3491 3874 3680 3945 gloria

2028 3983 2148 4022 non
2181 3968 2321 4020 item
2340 3966 2585 4036 aequalis
2606 3983 2618 4019 :
2636 3965 2738 4019 sed
2763 3965 2862 4020 alii
2889 3965 3129 4035 quidem
3151 3963 3407 4018 eruntin
3433 3964 3680 4033 honore,

2029 4057 2131 4111 alii
2161 4071 2296 4110 vero
2329 4057 2390 4109 in
2422 4055 2803 4110 contumelia.
2838 4077 2866 4103 «
2899 4055 3025 4108 Non
3077 4053 3220 4108 nudi
3254 4054 3677 4124 reperiemur.»

2029 4147 2109 4200 Ne
2124 4163 2190 4199 ex
2206 4145 2330 4199 sola
2355 4145 2788 4210 resurrectione
2805 4161 3237 4214 corporumque
3265 4144 3682 4199 immutatione

2031 4235 2372 4290 existiment
2401 4251 2524 4288 rem
2549 4250 2787 4288 omnem
2823 4239 3122 4304 peractam
3157 4249 3308 4299 esse,
3346 4233 3677 4305 subjungit:

2033 4325 2088 4379 Si
2121 4330 2279 4379 certe
2331 4323 2892 4395 incorruptibilitate
2943 4323 3072 4394 ipsa
3106 4322 3447 4390 induti,non
3477 4321 3684 4376 nudati

2034 4414 2404 4484 reperiemur
2433 4412 2620 4484 gloria
2649 4418 2708 4466 et
2734 4410 3290 4482 honore.Siquidem
3319 4409 3685 4480 incorruptio

2036 4503 2128 4558 his
2178 4503 2418 4573 quidem
2480 4503 2540 4556 in
2580 4501 2827 4566 malum,
2863 4501 2984 4556 illis
3017 4517 3150 4554 vero
3176 4501 3236 4554 in
3268 4485 3490 4554 bonum
3527 4498 3681 4553 erit:

273 4588 408 4645 ἀλλ’
455 4587 838 4646 ἐπενδύσασθαι
887 4590 987 4658 τὴν
1035 4589 1330 4664 ἀφθαρσίαν
1387 4588 1711 4665 ὀρεγόμεθα.
1760 4612 1787 4641 ‹‹
1824 4591 1917 4645 Βα-

2039 4599 2324 4664 perpetuo
2355 4590 2566 4646 durare
2605 4590 2828 4646 faciens
2862 4597 2917 4645 et
2950 4591 3207 4645 honores
3263 4594 3320 4643 et
3374 4587 3682 4659 supplicia.

273 4679 560 4753 ροὺμενοι,
608 4704 636 4732 ››
696 4676 918 4748 Ἐπειδὴ
978 4678 1249 4734 ἆντέκειτο
1306 4678 1455 4748 αὑτῷ
1512 4681 1547 4748 ἡ
1605 4679 1758 4747 κοινή
1817 4682 1924 4732 τῶν

274 4769 580 4842 ἀνθρώπων
625 4767 772 4840 δόξα,
811 4767 892 4838 Τί,
952 4769 1108 4843 φησὶ,
1163 4768 1454 4838 στενάζεις,
1502 4768 1590 4822 ἳνα
1637 4768 1815 4842 ἀποθῇ
1864 4768 1927 4822 τὸ

276 4863 478 4930 σῶμα;
510 4857 703 4915 Καίτοι
733 4856 927 4920 πάντες
982 4857 1257 4934 ἂνθρωποι
1313 4858 1655 4926 στενάζουσιν
1698 4856 1788 4910 ’ἰνα
1848 4857 1924 4929 μὴ

275 4948 610 5014 ἀποθάνωσι,
641 4946 823 5026 φησίν.
855 4943 997 5004 Οὑδὲ
1049 4949 1214 5019 ἡμεῖς
1264 4947 1608 5018 στενάζομεν,
1653 4943 1745 5000 ’ίνα
1792 4947 1931 5000 ἀπο-

277 5037 507 5109 θώμεθα
535 5037 597 5092 τὸ
629 5042 789 5109 σῶμα
819 5035 928 5105 {mi
978 5033 1346 5108 ἐκδυσώμεθα,
1396 5033 1525 5090 ἀλλ’
1568 5037 1660 5090 ἳνα
1716 5032 1932 5090 ἐπενδυ-

279 5126 506 5199 σώμεθα
543 5129 642 5196 τήν
674 5124 991 5201 ἀφθαρσίαν.
1027 5126 1107 5181 Οὑ
1147 5126 1248 5200 γάρ
1303 5122 1513 5193 ἐπειδὴ,
1563 5123 1717 5203 φησὶ,
1771 5124 1932 5196 σῶμά

276 5215 419 5284 ἐστι,
453 5214 790 5289 βαρούμεθα,
840 5212 968 5268 ἀλλ’
1016 5212 1202 5283 ἐπειδή
1254 5214 1449 5284 θνητὸν
1498 5214 1589 5267 καὶ
1637 5209 1926 5288 ἄφθαρτον.

276 5329 310 5360 u
347 5306 464 5382 Ἐφ’
494 5305 540 5377 ᾧ
573 5304 634 5359 οὑ
665 5303 894 5378 σὲλομεν
953 5301 1293 5358 ἐκδύσασθαι.
1330 5327 1358 5354 ››
1408 5303 1508 5372 Τὸ,
1566 5299 1645 5378 ἐφ’
1705 5303 1771 5374 ᾦ,
1815 5301 1930 5356 ἀντὶ

270 5398 379 5451 τοῦ
440 5392 652 5464 ἐπειδή.
727 5418 748 5444 ι
793 5395 911 5448 Ἵνα
961 5397 1250 5466 καταποθῇ
1307 5392 1370 5446 τὸ
1423 5391 1615 5462 θνητὸν
1678 5391 1779 5446 ὑπὸ
1834 5398 1933 5460 τῆς

278 5486 450 5554 ζωῆς.
487 5508 516 5535 ››
563 5479 1005 5552 Ἐπενδὺσασθαι,
1056 5483 1211 5560 φησί,
1263 5478 1582 5554 σπεύδομεν,
1629 5478 1720 5534 ’ίνα
1766 5502 1933 5535 κατα-

273 5575 426 5648 ποθῇ
481 5575 544 5629 τὸ
601 5577 692 5627 νῦν
752 5572 949 5642 θνητὸν
1003 5573 1093 5627 καὶ
1153 5571 1385 5649 φθαρτὸν
1462 5574 1622 5644 σῶμα
1677 5570 1779 5626 ὑπὸ
1833 5577 1936 5641 τῆς

275 5661 579 5740 ἀφθαρσίας
614 5661 704 5717 καὶ
736 5660 1046 5726 ἀθανασίας.

2039 4705 2067 4732 ‹‹
2101 4681 2422 4736 Gemimus.
2448 4703 2475 4729 n
2509 4679 2831 4747 Gemimus,
2867 4678 3082 4749 inquit,
3111 4695 3231 4733 non
3290 4677 3598 4748 cupientes
3655 4692 3690 4731 θ.

2038 4787 2282 4842 corpore
2310 4767 2567 4834 liberari,
2605 4768 2708 4824 sed
2731 4768 2803 4823 ab
2831 4768 2960 4839 ejus
2991 4767 3415 4822 afflictionibus
3448 4771 3506 4821 et
3534 4765 3686 4821 alie-

2039 4861 2333 4918 ctionibus
2396 4859 2638 4914 liberari
2699 4857 3024 4928 cupientes.
3073 4857 3200 4911 Non
3257 4857 3417 4912 enim
3473 4871 3686 4927 corpus

2040 4966 2274 5018 exuere,
2307 4949 2410 5004 sed
2459 4947 2887 5019 superinduere
2929 4947 3439 5018 incorruptionem
3471 4960 3687 5001 concu-

2041 5042 2344 5113 piscimus.
2382 5061 2409 5090 ‹‹
2440 5039 2701 5094 Onerati.
2744 5061 2770 5088 ››
2805 5037 3094 5102 Quoniam
3129 5037 3542 5108 opponebatur
3572 5033 3685 5105 ipsi

2041 5129 2374 5186 communis
2405 5128 2714 5182 hominum
2745 5125 3130 5199 gloria.Quid,
3157 5125 3368 5196 inquit,
3392 5124 3597 5195 gemis,
3623 5126 3688 5176 ut

2041 5220 2342 5274 auferatur
2371 5216 2628 5287 corpus?
2658 5221 2728 5270 At
2776 5233 2984 5270 omnes
3015 5215 3286 5269 homines
3316 5219 3559 5284 gemunt
3612 5227 3686 5265 ne

2045 5310 2394 5364 moriantur.
2422 5310 2618 5379 Neque
2642 5325 2749 5363 nos
2780 5307 3070 5379 gemimus
3104 5313 3168 5360 ut
3196 5305 3425 5360 auferat
3454 5321 3485 5358 a
3518 5302 3689 5357 nobis

2045 5415 2257 5468 corpus
2289 5403 2346 5451 et
2372 5413 2676 5463 exuamur,
2706 5396 2809 5450 sed
2843 5399 2906 5448 ut
2936 5394 3438 5466 superinduamus
3492 5393 3690 5446 incor-

2043 5487 2536 5558 ruptionem.Non
2571 5487 2728 5540 enim
2761 5484 2912 5544 ideo.
2947 5484 3158 5554 inquit,
3192 5500 3505 5556 gravamur
3535 5481 3695 5552 quod

2045 5575 2455 5646 adsitcorpus,
2492 5574 2594 5629 sed
2617 5573 2774 5644 quod
2811 5572 3056 5627 mortale
3089 5579 3148 5627 et
3187 5571 3574 5643 corruptibile
3602 5571 3697 5626 sit.

2045 5686 2073 5714 «
2108 5665 2430 5735 Propterea
2473 5662 2631 5734 quod
2683 5663 2940 5719 nolimus
2969 5662 3124 5717 exui.
3160 5682 3191 5712 »
3221 5663 3366 5718 Nam
3397 5659 3476 5735 ἐφ’
3507 5657 3553 5730 ᾦ
3602 5675 3701 5716 ca-

277 5758 444 5830 pitur
499 5774 604 5829 pro
664 5751 875 5825 ἐπειδὴ,
935 5755 995 5810 id
1027 5759 1118 5811 est
1172 5753 1619 5825 quandoquidem
1676 5758 1776 5809 aut
1835 5757 1986 5825 quia.
2022 5773 2046 5802 «
2099 5757 2170 5811 Ut
2200 5755 2587 5812 absorbeatur
2617 5755 2946 5810 mortalitas
2977 5770 3012 5809 ει
3065 5753 3201 5809 vita.
3239 5776 3266 5803 »
3299 5750 3696 5826 Superindui-

610 5877 863 5936 PATBOL.
914 5874 1024 5935 Gn.
1058 5873 1327 5934 CXVIII.

3329 5872 3404 5933 31
