4048 6250
222 362 346 424 973

1228 366 1636 428 COMMENT.
1684 368 1759 427 IN
1812 367 2046 428 EPIST.
2099 368 2149 428 II
2198 371 2300 429 AD
2345 369 2709 430 CORINTH.

3524 367 3646 427 974

222 498 456 570 προσθεν
518 502 616 554 τοῦ
701 500 950 573 βήματος
1026 501 1123 553 τοῦ
1174 503 1438 574 Χριστοῦ,
1504 496 1593 554 ’ίνα
1649 498 1878 573 κομίση-

1999 518 2181 558 coram
2232 505 2501 561 tribunali
2527 506 2751 574 Christi,
2778 512 2836 559 ut
2890 505 3101 572 referat
3170 503 3542 573 unusquisque
3583 520 3648 559 ea

226 605 322 639 ται
380 582 607 647 ἕκαστος
663 589 730 642 τὰ
783 584 874 642 διὰ
930 592 1024 642 τοῦ
1086 589 1341 660 σώματος
1404 587 1539 653 πρός
1600 586 1630 641 ὅ
1672 583 1892 662 ἔπραξεν

229 674 352 731 ιῖτε
407 676 634 750 ἀγαθὸν,
689 674 797 733 εἴτε
870 678 1057 733 κακόν.
1125 675 1345 740 Εἷδὸτες
1432 678 1523 733 οὖν
1579 679 1669 733 τὸν
1727 675 1895 755 ιρόέον

220 766 336 817 τοῦ
420 766 644 838 Κυρίου,
733 765 1053 838 ἀνθρώπους
1138 766 1415 839 πείθομεν,
1505 770 1621 838 Θεῷ
1681 764 1737 821 δε
1795 788 1890 822 πε-

218 853 604 928 φανερώμεθα.
704 852 950 924 Ἐλπίζω
1033 854 1089 909 δὲ
1168 855 1256 909 καὶ
1343 855 1394 909 ἐν
1456 860 1574 916 ταῖς
1644 853 1891 926 συνειδή-

233 961 381 995 σεσιν
418 943 567 1015 ὑμῶν
597 946 1025 1023 πεφανερῶσθαι.

307 1032 512 1086 Λοιπὸν
546 1032 636 1086 καὶ
694 1032 803 1087 ἀπὸ
860 1037 969 1087 τῶν
1029 1033 1490 1109 σκυθρωποτέρων
1523 1039 1699 1090 πτοεῖ.
1734 1031 1887 1102 Πλὴν

229 1119 322 1174 ὅτι
379 1119 693 1193 ἀναμνήσας
751 1126 849 1177 τοῦ
909 1116 1145 1198 φοϐεροῦ
1205 1124 1475 1195 βήματος,
1532 1121 1594 1176 οὐ
1629 1121 1792 1196 μόνον
1825 1120 1892 1177 τὰ

228 1211 530 1285 σκυθρωπὰ
583 1209 730 1265 ἀλλὰ
788 1210 877 1265 καὶ
937 1211 1000 1266 τὰ
1051 1214 1396 1286 χρηστοτέρα
1434 1218 1540 1266 τῶν
1576 1212 1685 1266 ἐκεῖ
1715 1209 1885 1287 λέγει.

225 1321 259 1350 ‹‹
296 1299 374 1355 Τὰ
404 1296 493 1353 διὰ
524 1304 620 1354 τοῦ
654 1301 928 1373 σώματος.
970 1326 989 1352 ι
1051 1334 1119 1342 —
1171 1302 1507 1374 [ΘΕΟΔΩΡ.]
1559 1301 1640 1357 Τὰ
1675 1298 1763 1355 διὰ
1790 1304 1887 1355 τοῦ

229 1387 490 1459 σώματος
551 1387 695 1461 αὖτῷ
754 1388 1187 1462 πεπολιτευμένα
1242 1389 1331 1443 καὶ
1389 1390 1740 1465 πεπραγμένα
1781 1412 1888 1467 φη-

234 1476 316 1533 σί.
351 1478 642 1551 Κομίσεται
697 1477 755 1534 δὲ
808 1481 946 1554 πρὸς
1006 1475 1038 1532 ἅ
1096 1474 1337 1554 ἔπραξεν,
1397 1477 1504 1534 εἷ’τε
1551 1479 1746 1556 ἀγαθὰ,
1779 1478 1890 1535 εἶ’τε

222 1566 390 1625 κακὰ.
430 1565 654 1637 Ἐπειδὴ
700 1570 803 1645 γὰρ
844 1570 979 1643 πρὸς
1037 1590 1094 1623 τε
1123 1572 1189 1623 τὰ
1243 1568 1383 1625 καλὰ
1412 1570 1501 1624 καὶ
1536 1571 1611 1643 μὴ
1642 1574 1887 1638 τοιαῦτα,

225 1656 293 1710 τὸ
329 1661 487 1729 σῶμα
540 1656 850 1730 ὑπηρέτησε
896 1662 964 1732 τῇ
1016 1661 1197 1733 ψυχῇ,
1245 1658 1334 1713 καὶ
1374 1658 1469 1721 τὰς
1509 1654 1743 1731 ἀμοιϐὰς
1774 1680 1889 1731 μετ’

220 1744 397 1813 αὐτῆς
430 1743 829 1819 ἂπολαμϐἀνει·
863 1751 1035 1802 Τοῦτο
1093 1753 1198 1801 τῶν
1250 1747 1524 1823 λεγόντων
1557 1747 1697 1803 ἄλλο
1730 1754 1887 1821 σῶμα

216 1834 349 1888 τότε
379 1833 679 1910 ἐγείρεσθαι
734 1834 1026 1912 ἐμφράττει
1085 1838 1152 1890 τὰ
1212 1838 1475 1909 στύματα.
1536 1837 1613 1893 Οὐ
1670 1836 1770 1911 γὰρ
1821 1834 1879 1894 ἂν
1915 1875 1959 1939 Β

217 1918 317 1939 ,νλῆ
485 1922 497 1939 Ι
753 1925 764 1935 ⁵
945 1926 956 1939 ο
1240 1922 1327 1939 νκκ
1410 1923 1423 1939 Ί
1646 1929 1668 1939 υ
1830 1923 1842 1939 3

213 1918 398 1976 ἄλλου
430 1922 684 1996 σώματος
742 1925 1178 1999 ἁμαρτήσαντος,
1235 1922 1373 1978 ἄλλο
1406 1923 1752 1999 ἐτιμωρεῖτο,
1789 1923 1881 1977 οὖ-

226 2006 286 2064 δὲ
315 2008 491 2066 ἄλλου
532 2013 1006 2086 κατορθώσαντος,
1067 2010 1209 2067 ἀλλο
1268 2011 1642 2089 ἐστεφανοῦτο.
1677 2037 1703 2064 ι(
1739 2012 1883 2087 Πρὸς

225 2096 533 2175 ὅέπραξεν.
569 2127 598 2153 ››
657 2100 795 2157 Οὐδὲ
853 2104 956 2179 γὰρ
1016 2105 1194 2179 γυμνή
1353 2104 1530 2176 ψυχὴ,
1587 2100 1735 2157 ἀλλὰ
1793 2099 1881 2156 διὰ

219 2193 320 2243 τοῦ
380 2191 636 2263 σώματος
718 2192 996 2264 κομίζεται
1083 2192 1270 2261 ταῦτα,
1327 2193 1591 2260 τουτέστι,
1653 2191 1790 2267 πρὸς
1848 2190 1881 2244 ’ὰ

210 2272 432 2353 ἔπραξε,
466 2282 869 2355 συμπάσχουσα
928 2282 1018 2337 καὶ
1074 2278 1501 2353 συνδοξαζομένη
1554 2285 1634 2353 τῷ
1666 2280 1879 2353 συζύγῳ

220 2371 459 2442 σώματι.
519 2371 706 2432 Οὕτως
765 2373 791 2426 ὁ
852 2373 903 2427 έν
964 2373 1139 2446 ἁγίοις
1198 2369 1464 2432 Μεθόδιος
1514 2369 1565 2424 ἐν
1614 2374 1693 2442 τῷ
1750 2369 1878 2444 Περὶ

210 2457 556 2522 ἀναστάσεως
615 2461 789 2537 λόγῳ.
851 2485 878 2513 ‹‹
926 2458 1145 2522 Εἰδότες
1220 2459 1309 2515 οῦν
1395 2460 1487 2515 τὸν
1551 2454 1721 2537 φόϐον
1782 2462 1880 2513 τοῦ

210 2550 440 2624 Κυρίου.
475 2573 502 2601 ι)
557 2552 633 2607 Τὸ
692 2549 1068 2626 δικαστήριον,
1123 2551 1312 2627 φησὶν,
1371 2550 1568 2619 ἐκεῖνο,
1631 2550 1720 2603 καὶ
1779 2550 1877 2616 τήν

213 2641 336 2694 κατ’
367 2641 514 2710 ἀξίαν
571 2641 849 2697 ἀπόδοσιν.
918 2668 937 2694 ι
974 2643 1322 2717 Ἀνθρώπους
1354 2643 1640 2715 πείθομεν.
1676 2664 1702 2691 ›)
1754 2640 1877 2694 Πεί-

218 2740 388 2801 θομεν
417 2727 504 2784 διὰ
528 2733 710 2802 τοῦτο,
741 2730 836 2786 ’ίνα
896 2734 970 2804 μή
1028 2753 1146 2786 τινα
1209 2734 1362 2804 ὑμῶν
1408 2728 1874 2801 σκανδαλίσωμεν.

218 2816 298 2870 0'3
354 2817 453 2893 γὰρ
510 2820 696 2893 πρᾶξαί
756 2842 808 2875 τι
860 2826 965 2875 τῶν
1022 2819 1247 2898 φαύλων
1312 2820 1478 2893 μόνον
1538 2818 1877 2893 κατακρίνει,

220 2903 371 2959 ἀλλὰ
399 2907 485 2960 καί
536 2908 597 2962 τὸ
649 2908 966 2982 νομίζεσθαι
1025 2909 1279 2981 πράττειν
1328 2907 1574 2979 κολάζει,
1607 2906 1693 2961 ἐὰν
1729 2904 1879 2961 δυναί-

218 3016 380 3067 μενοι
435 2998 533 3065 τήν
595 2999 854 3069 τοιαύτην
914 2998 1149 3071 ὑποψίαν
1210 2998 1391 3066 λῦσαι,
1449 2998 1875 3074 καταφρονήσω-

218 3104 416 3157 μεν.-
448 3086 697 3149 Ἄλλως.
745 3082 1080 3161 Συμϐουλῆς
1120 3087 1211 3141 καὶ
1242 3088 1610 3161 παραινέσεως
1642 3086 1726 3153 τὸ,
1758 3084 1874 3139 πεί-

218 3184 426 3245 θωμεν,
462 3172 548 3229 διὸ
606 3176 693 3230 καὶ
754 3174 843 3231 διὰ
903 3181 1115 3252 μακροῦ
1172 3180 1269 3230 τοῦ
1301 3198 1345 3229 ω
1376 3173 1663 3252 γραπτέον.
1704 3197 1730 3227 ι
1761 3178 1875 3245 Θεῷ

216 3261 267 3317 8‘
382 3285 400 3295 _
596 3265 609 3285 I
674 3287 690 3297 '
957 3269 967 3280 ι
1108 3267 1120 3282 \
1250 3262 1298 3283 ’Ν
1511 3265 1552 3295 ’ἱ
1672 3285 1709 3296 ~
1750 3262 1759 3279 Ι
1800 3284 1817 3292 .-

254 3283 277 3316 ε
337 3268 779 3341 πιερανερωμεθα.
819 3290 847 3316 ››
906 3269 1006 3322 Ίον
1062 3285 1164 3341 γαρ
1220 3265 1399 3319 ειοότα
1466 3271 1612 3335 Θεον,
1679 3275 1873 3326 ιιειθειν

214 3349 281 3403 οὐ
342 3349 443 3406 δεῖ.
509 3377 535 3405 ‹‹
594 3354 840 3422 Ἐλπίζω
900 3350 976 3422 δὲ,
1036 3354 1126 3409 καὶ
1210 3353 1260 3408 ἐν
1337 3358 1455 3413 ταῖς
1516 3349 1876 3421 συνειδήσεσιν

213 3438 371 3512 ὑμῶν
400 3445 828 3519 πεφανερῶσθαι.
891 3467 919 3494 ››
981 3441 1225 3512 Ἐλπιζω
1286 3439 1364 3511 δὲ,
1427 3441 1615 3519 φησὶν,
1666 3442 1748 3495 ὅτι
1782 3440 1871 3495 καὶ

218 3528 362 3601 ὑμᾶς
424 3532 485 3585 ού
537 3528 988 3604 σκανδαλίσομεν,
1043 3529 1171 3586 ἀλλ’
1232 3531 1339 3585 οἷοί
1398 3529 1581 3602 ἐσμεν,
1627 3529 1871 3584 τοιοῦτοί

212 3615 374 3690 ἐσμεν
408 3617 459 3672 ἐν
496 3624 558 3693 τῇ
593 3622 788 3697 γνώσει
828 3620 1002 3693 ὑμῶν.
1038 3624 1215 3677 Τοῦτο
1272 3618 1374 3696 γὰρ
1424 3620 1508 3690 τὸ,
1553 3642 1579 3668 ‹‹
1613 3624 1703 3675 Ἐν
1749 3623 1868 3680 ταῖς

215 3704 608 3778 συνειδήσεσιν.
644 3732 670 3763 ν

2003 608 2131 661 qua?
2157 596 2310 661 facta
2361 602 2489 650 sunt
2537 612 2642 665 per
2689 611 2885 665 corpus
2916 595 3087 664 juxta
3128 592 3187 646 id
3208 594 3350 662 quo!
3372 594 3509 660 fecit
3540 595 3651 648 sive

2002 683 2201 737 bonum
2234 686 2343 739 sive
2390 687 2616 739 malum.
2678 688 2920 741 Scienles
2971 684 3145 755 igitur
3193 688 3453 737 terrorem
3492 682 3651 737 illum

2000 772 2242 839 Domini,
2294 775 2583 830 suademus
2639 775 2966 836 hominibus,
3023 773 3129 827 Deo
3178 788 3304 826 vero
3368 773 3648 840 manifesti

1996 876 2200 916 sumus.
2241 864 2414 933 Spero
2482 872 2667 919 autem
2716 880 2811 920 nos
2865 870 2914 918 et
2963 864 3021 917 in
3070 860 3411 917 conscientiis
3453 860 3644 917 vestris

1998 954 2312 1018 manifestos
2341 968 2467 1009 esse.

2068 1041 2356 1112 Deinceps
2411 1043 2588 1097 etiam
2643 1060 2677 1097 a
2726 1041 3085 1096 tristioribus
3128 1043 3331 1094 terret.
3366 1040 3644 1093 Attamen

1994 1128 2148 1184 facta
2188 1130 2492 1186 mentione
2547 1130 2841 1186 tremendi
2902 1129 3214 1184 tribunalis
3275 1144 3395 1182 non
3449 1128 3642 1182 solum

1995 1219 2208 1289 tristia,
2242 1219 2345 1274 sed
2395 1226 2454 1275 et
2490 1220 2894 1275 commodiera
2941 1218 3141 1284 refert,
3176 1235 3245 1272 ex
3276 1217 3367 1271 his
3399 1233 3527 1287 quas
3560 1215 3643 1269 ibi

1993 1307 2283 1362 accident.
2320 1332 2345 1358 ‹‹
2382 1309 2518 1373 Quae
2543 1326 2649 1380 per
2680 1326 2913 1380 corpus
2939 1327 2962 1351 η
2992 1339 3058 1345 -
3084 1308 3162 1361 Ea
3188 1323 3319 1377 quas
3360 1322 3465 1377 per
3513 1322 3644 1359 cor-

1993 1413 2104 1467 pus
2135 1397 2207 1451 ab
2238 1398 2367 1468 ipso
2400 1399 2817 1453 administrata
2849 1414 2951 1452 seu
2974 1401 3213 1468 peracta
3244 1400 3399 1457 sunt,
3427 1393 3643 1463 inquit.

1994 1486 2227 1540 Referet
2274 1493 2471 1541 autem
2509 1488 2685 1559 juxta
2735 1504 2803 1542 ea
2859 1503 2989 1557 qua:
3022 1485 3160 1539 fecit
3191 1484 3308 1539 sive
3339 1483 3494 1538 bona
3526 1483 3642 1537 sive

1993 1574 2167 1629 mala.
2225 1576 2514 1639 Quoniam
2575 1579 2733 1631 enim
2766 1577 2838 1631 ad
2898 1576 3148 1630 honesta
3174 1579 3230 1628 et
3261 1573 3440 1628 etiam
3472 1572 3544 1627 ad
3577 1589 3645 1628 ea

1992 1680 2124 1733 quas
2174 1682 2293 1719 non
2342 1672 2480 1720 sunt
2529 1666 2894 1737 hujusmodi,
2929 1665 3275 1719 obsecutum
3308 1669 3399 1718 est
3429 1679 3643 1734 corpus

1991 1753 2228 1821 animae,
2262 1771 2381 1808 una
2413 1757 2589 1809 etiam
2614 1772 2747 1810 cum
2772 1756 2899 1825 ipsa
2927 1753 3379 1808 retributionem
3404 1752 3638 1822 accipit.

1990 1843 2059 1895 Et
2088 1842 2198 1896 hoc
2257 1859 2360 1897 ora
2406 1844 2660 1898 obstruit
2707 1843 3028 1897 dicentium
3081 1841 3242 1896 aliud
3275 1847 3414 1896 tunc
3460 1840 3640 1896 susci-

1993 1930 2103 1985 tari
2135 1947 2367 2002 corpus.
2431 1934 2629 2003 Neque
2690 1934 2847 1986 enim
2879 1949 3011 1986 cum
3060 1931 3223 1985 aliud
3254 1947 3470 2000 corpus
3500 1946 3640 2000 pec-

1989 2021 2225 2087 caverit,
2302 2021 2463 2076 aliud
2542 2021 2832 2093 supplicio
2905 2020 3059 2076 affici
3143 2018 3382 2075 debet:
3443 2035 3638 2089 neque

1988 2125 2122 2163 cum
2156 2109 2318 2164 aliud
2377 2111 2609 2183 egregia
2648 2111 3011 2182 praestiterit,
3045 2109 3206 2163 aliud
3238 2108 3508 2163 coronari
3540 2111 3643 2162 aut

1988 2200 2285 2270 praemiari
2319 2206 2570 2271 oportet.
2602 2224 2627 2249 ‹‹
2662 2202 2833 2256 Juxta
2884 2199 2942 2254 id
2985 2199 3142 2270 quod
3173 2198 3311 2252 fecit
3347 2214 3358 2251 :
3388 2220 3413 2245 ››
3447 2196 3580 2269 πρὸς
3612 2196 3641 2248 ’ὸ

1988 2280 2225 2359 ἔπραξεν.
2256 2289 2386 2359 Vel,
2418 2289 2506 2344 Ad
2538 2290 2620 2357 id,
2653 2291 2772 2343 sive
2799 2306 2935 2344 cum
2967 2306 3057 2353 eo,
3121 2288 3280 2357 quod
3329 2294 3641 2358 operatum

1991 2383 2096 2431 est.
2134 2377 2435 2447 Siquidem
2468 2396 2589 2433 non
2630 2381 2831 2434 anima
2890 2378 3047 2433 nuda
3096 2378 3221 2431 haec
3280 2376 3479 2443 refert,
3538 2374 3639 2430 sed

1990 2480 2201 2533 corpus
2234 2484 2249 2533 ;
2284 2466 2395 2520 hoc
2425 2471 2530 2532 est,
2559 2465 2730 2535 juxta
2762 2482 2831 2520 ea
2877 2481 3006 2535 qua:
3058 2468 3292 2534 Operata
3356 2468 3463 2530 est,
3523 2478 3638 2516 una

1986 2553 2219 2623 patiens
2270 2572 2506 2626 unaque
2556 2556 2803 2627 gloriam
2855 2552 3186 2623 suscipiens
3238 2568 3372 2606 eum
3415 2551 3638 2620 collega

1987 2659 2258 2715 corpore.
2290 2647 2377 2700 Ita
2407 2646 2587 2701 habet
2615 2646 2782 2701 divus
2804 2642 3137 2699 Methodius
3170 2641 3320 2696 libro
3353 2643 3424 2696 De
3452 2657 3637 2695 resur—

1986 2736 2240 2788 rectione.
2281 2758 2299 2785 α
2337 2736 2601 2790 Scientes
2634 2736 2812 2806 igitur
2839 2739 3124 2787 terrorem
3148 2731 3319 2785 illum
3342 2729 3636 2785 Domini.»

1985 2823 2137 2878 Illud
2169 2825 2273 2893 ait,
2308 2825 2571 2880 tribunal
2596 2830 2653 2879 et
2682 2824 2919 2896 dignam
2939 2818 3637 2893 repensionem.«Suade-

1984 2928 2116 2969 mus
2164 2914 2523 2968 hominibus.
2579 2936 2606 2964 »
2643 2915 2963 2984 Propterea
2994 2910 3312 2966 suademus
3340 2926 3415 2964 ne
3456 2925 3634 2979 quem

1984 3007 2242 3056 vestrum
2296 3002 2688 3057 offendamus.
2740 3007 2937 3071 Neque
2996 2999 3152 3054 enim
3222 2998 3415 3052 solum
3466 2999 3638 3051 affert

1986 3090 2575 3162 damnationemaliq
2586 3090 2687 3145 uid
2708 3096 3078 3162 perpetrasse
3098 3102 3300 3142 eorum
3318 3103 3446 3155 quae
3462 3102 3638 3156 prava

1990 3184 2146 3246 sunt,
2180 3197 2382 3234 verum
2413 3180 2591 3234 etiam
2627 3178 2952 3233 existimari
3002 3178 3217 3242 facere,
3279 3174 3638 3245 supplicium

1988 3267 2246 3335 adducit,
2276 3268 2322 3323 si
2355 3285 2487 3323 cum
2513 3284 2821 3339 possemus
2844 3264 3189 3338 hujusmodi
3212 3263 3421 3317 tollere
3446 3262 3640 3333 suspi-

1988 3358 2239 3421 cionem,
2303 3358 2759 3412 contemnimus.
2820 3388 2888 3395 —
2917 3355 3035 3409 Alio
3096 3353 3275 3407 modo.
3306 3351 3551 3406 Consilii
3579 3355 3639 3405 et

1985 3446 2412 3500 exhortationis
2438 3452 2525 3500 est
2542 3445 2698 3517 quod
2722 3445 2825 3511 ait,
2850 3443 3142 3513 πείθωμεν,
3174 3440 3235 3496 id
3261 3446 3368 3505 est,
3392 3439 3637 3495 suadea-

1983 3550 2134 3602 mus,
2168 3534 2300 3589 ideo
2346 3535 2524 3589 etiam
2572 3552 2677 3606 per
2708 3554 2750 3586 ω
2801 3534 3043 3605 longum
3087 3528 3469 3585 scribendum
3523 3534 3629 3584 est.

1979 3645 2007 3672 «
2057 3624 2173 3677 Deo
2233 3640 2367 3678 vero
2421 3623 2718 3678 manifesti
2776 3638 2999 3677 sumus.
3061 3644 3087 3667 ››
3142 3620 3259 3673 Deo
3310 3618 3467 3673 enim
3528 3617 3628 3686 qui

1976 3718 2189 3767 cuncta
2219 3713 2380 3767 novit
2410 3713 2657 3767 suadere
2698 3727 2818 3765 non
2864 3714 3116 3781 oportet.
3150 3730 3177 3757 «
3214 3706 3393 3777 Spero
3425 3710 3621 3759 autem

214 3813 329 3855 nos
362 3800 533 3855 estin
554 3800 1157 3855 conscientiisvestris
1186 3797 1535 3854 manifestos
1567 3815 1752 3854 esse.»
1772 3805 1956 3871 Spero
1980 3807 2176 3855 autem
2205 3802 2359 3873 quod
2391 3818 2583 3872 neque
2616 3818 2713 3855 vos
2745 3794 3243 3863 ol‘fendemus,sed
3278 3793 3486 3863 quales
3520 3808 3617 3845 su-

212 3905 371 3958 mus,
406 3889 552 3945 tales
583 3891 728 3945 etin
759 3890 1093 3962 cognitione
1132 3896 1325 3945 vestra
1356 3905 1583 3943 sumus.
1616 3893 1757 3943 Nam
1792 3889 1900 3944 hoc
1925 3896 2031 3956 est,
2067 3890 2223 3960 quod
2255 3891 2338 3944 ait

848 4008 1107 4061 ΚΕΦΑΚ.
1164 4006 1236 4060 Ζ’.

217 4097 351 4173 Περὶ
409 4103 509 4166 τῆς
556 4096 724 4151 αὐτοῦ
777 4095 1170 4173 φιλοΘ-εότῃτος
1203 4094 1303 4173 ,καὶ
1352 4090 1712 4171 φιλαδελφίας
1770 4099 1871 4161 τῆς

824 4168 962 4222 κατὰ
1007 4166 1264 4240 Χριστόν.

290 4258 370 4317 Οὔ
451 4259 553 4333 γὰρ
648 4256 814 4313 πάλιν
931 4256 1154 4319 ἑαυτοὺς
1247 4255 1630 4326 συνιστάνομεν

219 4347 368 4404 ἀλλὰ
451 4348 708 4427 ἀφορμὴν
797 4344 1039 4406 διδόντες
1126 4345 1253 4418 ὑμῖν
1316 4345 1677 4417 καυχήματος
1743 4343 1874 4416 ὑπὲρ

216 4440 407 4510 ἡμῶν,
460 4434 551 4491 ’ίνα
609 4431 777 4515 ἔχητε
833 4436 967 4511 πρὸς
1021 4434 1150 4497 τοὺς
1204 4434 1257 4488 ἐν
1319 4431 1599 4507 προσώπῳ
1649 4451 1875 4508 καυχω-

220 4526 438 4601 μένους,
496 4527 584 4581 καὶ
638 4527 706 4580 οὗ
756 4522 970 4599 καρδίᾳ.
1031 4520 1163 4581 Εἴτε
1217 4522 1320 4599 γὰρ
1372 4520 1682 4595 ἐξέστημεν,
1733 4526 1869 4593 Θεῷ·

219 4615 333 4672 εἴτε
357 4619 772 4693 σωφρονοῦμεν,
798 4615 947 4687 ὑμῖν.

295 4800 553 4874 Συνεχῶς
583 4789 939 4869 ἀποτρίϐεται
994 4793 1094 4862 τὴν
1151 4797 1253 4847 τοῦ
1314 4793 1389 4864 μὴ
1452 4788 1628 4845 δοκεῖν
1658 4796 1871 4865 καυχᾶ-

220 4894 343 4948 σθαι
379 4884 655 4951 ὑπόνοιαν,
712 4882 800 4937 καὶ
850 4900 1034 4955 φησιν·
1091 4879 1182 4940 Εἷς
1233 4877 1460 4939 τούτους
1500 4878 1626 4940 τοὺς
1670 4877 1875 4953 λόγους

220 4972 495 5043 ἤλθομεν,
530 4972 640 5045 οὐχ
687 4970 912 5030 ἑαυτοὺς
961 4973 1338 5033 συνιστῶντες,
1383 4965 1679 5030 τουτέστιν,
1723 4964 1872 5021 ἐπαί-

224 5082 411 5136 ροντες
463 5061 498 5130 ἢ
577 5059 1025 5136 ἐγκωμιάζοντες,
1113 5055 1239 5112 ἀλλ’
1305 5057 1432 5129 ὑμῖν
1515 5056 1871 5133 παρέχοντες,

222 5151 414 5227 φησὶν,
475 5150 750 5225 ἀφορμὴν,
811 5149 942 5223 ὑπὲρ
998 5150 1159 5220 ἡμῶν
1212 5151 1518 5219 καυχᾶσθαι
1576 5145 1709 5218 πρὸς
1750 5145 1874 5207 τους

220 5237 726 5315 ψευδαποστόλους.
776 5234 1002 5307 Ἐπειδὴ
1084 5237 1189 5311 γὰρ
1275 5234 1473 5288 ἐκεῖνοι
1529 5231 1870 5307 διασύρουσιν

218 5332 392 5405 ἡμᾶς’
452 5330 544 5385 ἳνα
602 5330 758 5402 ὑμεῖς
815 5325 985 5403 ἔχητε
1044 5327 1177 5400 ὑπὲρ
1233 5328 1395 5398 ἡμῶν
1437 5326 1764 5398 καυχᾶσθαι,
1798 5326 1875 5388 εἰς

215 5420 447 5482 τούτους
505 5418 696 5488 ἦλθον,
757 5417 912 5495 φησὶ,
971 5418 1095 5477 τοὺς
1154 5414 1371 5487 λόγους.
1408 5436 1436 5466 ιι
1467 5416 1585 5469 Ἵνα
1624 5408 1809 5488 ἔχητε.
1847 5438 1867 5467 ι

216 5511 365 5579 ’Ἐξω
446 5530 499 5563 τι
583 5507 1009 5580 ἀπολογεῖσθαι,
1066 5505 1120 5559 τὶ
1179 5502 1377 5577 λέγειν,
1438 5501 1490 5556 τὶ
1547 5506 1872 5576 καυχᾶσθαι.

218 5624 247 5654 ι(
283 5598 432 5674 Πρὸς
461 5597 588 5660 τοὺς
647 5596 698 5651 ὲν
753 5595 1034 5671 προσώπῳ
1080 5588 1499 5667 καυχωμένους.
1531 5613 1559 5642 ››
1610 5593 1737 5665 Περὶ
1765 5597 1871 5647 τῶν

216 5684 683 5765 ψευδαποστόλων
743 5685 926 5764 φησὶν,
987 5681 1184 5744 οἲτινες
1240 5679 1411 5736 πάντα
1465 5678 1602 5754 πρὸς
1661 5678 1871 5756 ἀνθρω.

2399 3907 2411 3943 :
2449 3912 2475 3938 «
2512 3887 2961 3944 Inconscientiis
3003 3884 3232 3939 vestris.
3271 3905 3298 3930 ››

2526 4006 2677 4060 635
2710 4004 2939 4058 CAPUT
2974 4003 3086 4056 VII.

1982 4097 2054 4150 De
2081 4096 2245 4150 Pauli
2275 4111 2407 4163 erga
2455 4095 2627 4148 Deum
2683 4108 2863 4147 amore
2907 4107 2970 4145 ac
3026 4093 3281 4158 fraterna
3330 4088 3626 4143 secundum

2541 4166 2709 4218 Deum
2765 4164 3077 4217 dilectione.

1720 4254 1871 4325 ὑμῖν,

2054 4258 2118 4323 V,
2184 4259 2268 4323 i2,
2321 4256 2405 4309 13.
2472 4257 2589 4309 Νοη
2652 4255 2797 4308 enim
2854 4268 3072 4307 rursum
3128 4266 3225 4304 nos
3280 4252 3425 4319 ipsos
3485 4264 3629 4303 com-

1984 4346 2305 4401 mendamus
2346 4345 2529 4399 vobis:
2572 4344 2668 4397 sed
2709 4344 3042 4397 occasionem
3098 4340 3291 4394 damus
3329 4338 3476 4392 vobis
3510 4337 3627 4405 glo-

1985 4435 2174 4489 riandi
2217 4435 2283 4489 de
2332 4434 2506 4499 nobis,
2548 4440 2607 4487 ut
2648 4432 2866 4502 aliquid
2928 4431 3173 4485 habeatis
3225 4427 3481 4482 adversus
3540 4440 3627 4479 eos

1983 4527 2079 4594 qui
2103 4527 2159 4578 in
2186 4526 2333 4593 faeie
2372 4524 2707 4592 gloriantur,
2735 4528 2784 4577 et
2833 4537 2945 4575 non
2986 4522 3043 4574 in
3100 4517 3278 4573 corde.
3338 4518 3479 4570 Nam
3526 4515 3636 4569 sive

1984 4616 2307 4679 insanimus,
2353 4613 2459 4667 Deo
2515 4610 2858 4666 insanimus:
2892 4609 3003 4663 sive
3050 4605 3175 4661 sani
3229 4620 3433 4671 sumus,
3481 4601 3630 4657 vobis

1983 4705 2104 4757 sani
2131 4719 2332 4757 sumus.

2056 4792 2346 4846 Continue
2380 4790 2778 4861 suspicionem
2805 4792 3015 4859 purgat
3049 4785 3187 4856 quia
3217 4782 3401 4838 videri
3433 4784 3634 4852 posset

1984 4880 2244 4951 gloriari,
2280 4886 2338 4935 et
2366 4880 2480 4934 ait:
2532 4878 2621 4932 Ad
2652 4878 2761 4931 hos
2808 4890 3113 4931 sermones
3155 4872 3449 4937 venimus,
3511 4884 3631 4923 non

1986 4986 2093 5024 nos
2122 4970 2279 5040 ipsos
2311 4966 2816 5028 commendantes,
2848 4966 2958 5019 hoc
3008 4968 3116 5029 est,
3152 4960 3503 5016 extollentes
3534 4960 3636 5011 aut

1984 5057 2525 5124 collaudantes,sed
2558 5056 2717 5110 vobis
2749 5054 3123 5109 occasionem
3164 5050 3496 5121 prmbentes
3519 5044 3637 5116 glo-

1984 5148 2175 5201 riandi
2192 5148 2263 5201 de
2279 5147 2451 5200 nobis
2465 5145 2744 5200 adversus
2776 5138 3474 5215 pseudoapostolos.Nam
3501 5131 3641 5202 quia

1986 5236 2072 5290 illi
2106 5235 2426 5290 detrahunt
2455 5234 2648 5295 nobis,
2682 5238 2745 5287 ut
2791 5249 2890 5286 vos
2930 5229 3170 5301 possitis
3205 5227 3274 5281 de
3310 5223 3481 5279 nobis
3509 5220 3636 5292 glo-

1985 5325 2149 5379 riari.
2183 5324 2271 5379 Ad
2302 5326 2428 5387 hos,
2465 5323 2680 5393 inquit.
2712 5322 2839 5376 veni
2867 5333 3211 5375 sermones:
3248 5339 3272 5364 ιι
3310 5316 3382 5368 Ut
3413 5307 3643 5381 aliquid

1984 5414 2269 5469 habeatis.
2333 5436 2360 5463 ››
2412 5413 2819 5467 Exstrinsecus
2852 5406 3327 5464 subaudiendum
3360 5407 3470 5457 est.
3505 5399 3637 5453 Ali-

1985 5503 2125 5574 quid
2159 5501 2319 5573 quod
2358 5502 2419 5556 in
2474 5502 2661 5555 nostri
2724 5498 3132 5555 defensionem
3191 5489 3633 5564 respondeatis,

1984 5594 2212 5665 aliquid
2280 5594 2438 5664 quod
2486 5592 2717 5661 dicatis,
2772 5589 2998 5660 aliquid
3055 5585 3214 5659 quod
3272 5579 3639 5657 gloriemini.

1984 5684 2312 5741 «Adversus
2325 5701 2425 5738 eos
2444 5700 2544 5739 eos
2557 5683 2659 5753 qui
2674 5682 2735 5736 in
2748 5679 2895 5735 facie
2907 5676 3376 5751 gloriantur.»De
3392 5668 3644 5745 pseudo-
