4048 6250
480 349 598 408 975

1600 336 2023 402 CECUMENII
2063 336 2373 401 TRICCE
2416 339 2764 404 EPlSCOPl

3691 345 3778 416 ιτα

484 480 769 554 apostolis
797 479 960 552 dicit,
987 481 1089 553 qui
1148 477 1349 537 omnia
1375 475 1450 532 ad
1496 471 1855 547 placendum
1879 469 2124 527 homini-

2242 470 2533 549 παρεσκίαν
2567 471 2656 529 καὶ
2702 471 3022 550 φιλοτιμίαν
3079 474 3319 535 ἐποίουν.
3375 476 3476 535 Καὶ
3523 489 3785 556 προσωπεῖον

481 571 591 625 bus
623 575 681 625 et
701 571 774 626 ad
802 569 1005 643 glorias
1057 586 1323 626 amorem
1362 564 1680 631 faciebant,
1723 568 1781 617 et
1812 577 2131 634 personam

482 660 722 732 quidem
755 659 1055 716 habebant
1083 658 1320 733 pietatis
1373 673 1441 712 ac
1493 651 1926 720 sanctimoniae,
1958 650 2135 706 bonis

482 756 680 807 autem
713 750 992 822 operibus
1023 750 1188 806 vacui
1220 752 1409 805 erant.
1444 748 1562 802 Hoc
1609 743 1771 800 enim
1830 747 1921 797 est
1975 740 2136 813 quod

484 849 687 904 addit:
721 872 748 898 «
780 851 850 903 Et
878 866 998 904 non
1058 849 1119 903 in
1168 847 1368 914 corde,
1403 867 1431 895 »
1463 860 1531 899 eo
1591 840 1748 914 quod
1790 841 1951 895 intus
1982 836 2136 892 nihil

487 937 776 993 haberent
802 937 963 992 boni.
999 959 1025 986 ‹‹
1065 938 1208 992 Nam
1238 936 1357 990 sive
1395 933 1750 997 insanimus,
1784 952 1813 980 ››
1868 928 2017 991 Sive,
2049 926 2138 981 in-

487 1027 637 1093 buit,
670 1026 987 1099 magniﬁca
1006 1025 1308 1097 loquimur
1340 1039 1353 1091 ;
1382 1024 1493 1077 hoc
1548 1024 1640 1076 est
1662 1032 1920 1089 namque
1980 1014 2137 1085 quod

487 1117 571 1173 ait
602 1135 614 1173 :
649 1141 675 1167 «
711 1118 1069 1181 Insanimus,
1105 1138 1132 1166 ››
1164 1116 1283 1171 sive
1316 1121 1479 1169 extra
1502 1128 1612 1167 nos
1640 1110 1893 1165 ferimur
1921 1106 2134 1178 (Siqui-

487 1207 623 1262 dem
654 1206 1085 1262 insanientium
1110 1210 1200 1261 est
1243 1202 1560 1277 magniﬁca
1589 1206 1647 1256 et
1670 1194 2138 1267 fastuosaloqui)

487 1304 731 1370 propter
763 1298 946 1352 Deum
983 1297 1093 1351 hoc
1126 1294 1397 1350 facimus.
1458 1287 1763 1357 Quomodo
1792 1288 1820 1342 θ
1877 1288 1958 1342 Ne
2012 1301 2135 1352 vos,

486 1386 894 1443 existimantes
925 1402 1034 1440 nos
1055 1383 1225 1452 viles,
1259 1380 1602 1453 despiciatis
1634 1382 1901 1433 nostram
1928 1373 2141 1447 praedi-

484 1478 800 1533 cationem.
872 1475 1001 1529 Sive
1062 1473 1395 1528 modestum
1480 1467 1707 1540 aliquid
1791 1465 2135 1533 dixerimus,

482 1571 726 1638 pr0pter
754 1581 855 1619 vos
887 1565 997 1618 hoc
1029 1563 1300 1629 facimus,
1332 1565 1399 1615 ut
1434 1576 1537 1614 vos
1580 1558 1778 1613 animo
1836 1554 2135 1611 modestos

485 1672 614 1711 esse
674 1655 1013 1709 doceamus.
1072 1652 1186 1706 Aut
1246 1651 1342 1704 hoc
1417 1648 1604 1703 modo.
1686 1647 1741 1700 Si
1839 1643 2137 1715 quispiam

481 1743 744 1799 insanire
777 1759 885 1796 nos
918 1738 1395 1795 existimetaDeo
1410 1733 1746 1790 mercedem
1766 1732 2133 1803 accepimus;

2249 562 2344 635 μὶν
2372 562 2525 642 εἶχον
2584 558 2868 649 εὐλαϐείας
2926 565 3014 622 καὶ
3071 569 3418 641 σεμνότητος,
3457 563 3608 643 ἔργων
3633 568 3676 627 δὲ
3695 574 3787 649 ἁγα-

2244 655 2352 714 θῶν
2411 652 2708 730 ἐτύγχανον
2759 648 2983 730 ἔρημοι.
3038 660 3207 712 Τοῦτο
3262 658 3367 735 γὰρ
3418 656 3539 714 ἐστι·
3582 685 3606 711 α
3633 648 3786 735 Καὶ

2244 738 2296 795 ἐν
2348 739 2562 816 καρδίᾳ,
2597 740 2747 799 »δια
2800 745 2864 800 τὸ
2925 746 3001 818 μή
3058 741 3205 820 ἔχειν
3235 742 3388 803 ἔνδον
3438 749 3631 824 ἀγαθόν.
3658 776 3680 803 ι(
3705 750 3791 808 Εἴτε

2244 828 2350 905 γὰρ
2404 828 2717 904 ἐξέστημεν.
2752 856 2780 884 »
2838 834 2939 889 'Av
2992 854 3069 903 τε,
3128 834 3280 908 φησὶ,
3342 837 3473 911 μέγα
3515 840 3794 916 φθεγγώμεθα

2245 921 2426 991 (τοῦτο
2484 921 2589 996 γὰρ
2647 921 2709 976 τὸ
2768 946 2797 976 οι
2854 919 3201 997 Ἐεέστημεψ
3267 926 3588 999 μαινομένων
3634 930 3713 1005 γάρ
3752 932 3794 985 τὸ

2247 1007 2463 1084 μεγάλα
2518 1010 2840 1085 φθέγγεσθαι
2920 1012 3010 1067 καί
3071 1012 3382 1089 ὑπέρογκα),
3440 1013 3524 1070 διὰ
3569 1016 3648 1071 τὸν
3692 1020 3797 1089 Θεὸν,

2246 1100 2401 1177 φησὶ,
2433 1104 2595 1156 τοῦτο
2624 1104 2911 1172 ποιοῦμεν.
2946 1106 3070 1165 Πῶς
3100 1125 3116 1172 ;
3145 1105 3255 1158 Ἲνα
3317 1106 3390 1178 μή
3443 1106 3584 1178 ὑμεῖς
3610 1108 3799 1180 νομίσαν-

2243 1208 2331 1250 τες
2388 1191 2536 1262 ἡμᾶς
2602 1187 2837 1252 εὐτελεῖς
2919 1194 3369 1270 καταφρονήσητε
3435 1198 3526 1249 τοῦ
3577 1195 3651 1273 ὑφ’
3696 1196 3799 1270 ὑμῶν

2243 1277 2623 1353 κηρῦγματος.
2674 1280 2769 1336 "Av
2824 1300 2883 1336 τε
2939 1278 3157 1355 μέτριόν
3213 1303 3264 1337 τι
3338 1281 3584 1356 εἴπωμεν,
3628 1282 3686 1338 δι’
3709 1285 3802 1356 huic

2243 1371 2407 1424 τοῦτο
2481 1372 2770 1441 ποιοῦμεν,
2843 1368 2930 1424 ἳνα
3000 1378 3436 1449 ταπεινοφρονεῖν
3518 1373 3641 1446 ὑμᾶς
3697 1370 3803 1428 διδά-

2245 1458 2443 1530 ξωμεν.
2479 1458 2548 1514 Ἥ
2608 1457 2801 1519 οὕτως’
2862 1457 2923 1513 Εἰ
2986 1459 3080 1532 μὲν
3136 1482 3220 1522 τις
3277 1463 3424 1535 ἡμᾶς
3483 1462 3720 1535 μαίνεσθαι
3741 1483 3804 1516 νο-

2249 1547 2418 1619 μίζει,
2477 1546 2624 1622 παρὰ
2688 1550 2822 1601 Θεοῦ
2870 1546 2964 1603 τὸν
3024 1550 3213 1621 μισθὸν
3270 1545 3624 1624 λαμϐάνομεν,
3674 1549 3730 1606 δι’
3765 1552 3806 1606 δν

2243 1639 2488 1690 τοιοῦτοι
2519 1637 2877 1709 νομιζόμεθα.
2937 1637 3001 1693 Εἰ
3058 1634 3117 1694 δὶ
3146 1641 3360 1718 νήφειν,
3390 1639 3541 1703 αὐτὸς
3568 1649 3656 1710 τῆς
3679 1640 3724 1696 ἐκ
3738 1644 3803 1696 τοῦ

2245 1725 2439 1800 νήφειν
2503 1723 2721 1789 ὠλείας
2767 1724 3112 1784 ἀπολαυέτω.
3161 1729 3231 1785 Ἦ
3288 1730 3480 1791 οὓτως·
3512 1752 3539 1782 α
3570 1730 3624 1787 Εἰ
3672 1730 3806 1802 μαινόι

484 1837 727 1903 prepter
757 1846 934 1901 quem
967 1827 1115 1882 tales
1134 1826 1421 1881 habemur
1445 1841 1459 1890 ;
1484 1823 1533 1878 si
1560 1839 1698 1877 vero
1729 1821 1959 1877 sobrios
1983 1835 2124 1891 esse,

2246 1817 2401 1908 μεθα,
2435 1814 2590 1893 φησὶ,
2627 1812 2726 1908 ’διὰ
2781 1816 2875 1871 τὸν
2929 1816 3056 1872 Θεὸν
3120 1818 3437 1892 μαινόμεθα.
3473 1844 3500 1872 υ
3529 1820 3617 1874 Διὰ
3641 1819 3719 1895 γὰρ
3741 1820 3806 1887 τήν

486 1921 612 1991 ipse
663 1917 977 1975 commodo
1036 1916 1286 1982 fruatur,
1346 1912 1506 1984 quod
1537 1928 1608 1966 ex
1640 1910 1834 1966 sobrie
1862 1908 2127 1982 degendo

482 2009 772 2079 provenit.
808 2009 922 2061 Aut
952 2006 1060 2059 alio
1100 2004 1257 2058 modo
1290 2018 1304 2057 :
1345 2021 1367 2051 ι
1411 2002 1470 2057 Si
1528 1999 1880 2067 insanimus,
1912 1998 2128 2068 inquit,

483 2103 726 2169 propter
756 2097 940 2150 Deum
972 2093 1325 2148 insanimus.
1360 2112 1388 2142 ιι
1421 2092 1565 2147 Nam
1586 2094 1828 2162 propter
1874 2091 2128 2142 vestram

485 2186 737 2241 salutem
772 2202 784 2251 ;
818 2184 972 2239 636
1032 2199 1162 2253 quas
1221 2182 1340 2236 Deo
1394 2196 1553 2237 curas
1614 2184 1723 2246 est,
1783 2175 2131 2250 hujusmodi

481 2274 804 2346 loquimur,
838 2277 903 2327 ut
922 2271 1022 2326 ubi
1055 2269 1447 2344 cognoveritis
1479 2268 1720 2339 quinam
1745 2268 1953 2335 simus,
1987 2265 2131 2321 salvi

483 2363 633 2430 sitis,
669 2362 979 2418 credentes
1008 2360 1102 2415 his
1134 2376 1264 2431 quas
1313 2375 1348 2414 a
1396 2357 1572 2414 nobis
1620 2356 2037 2428 praedicantur.
2072 2355 2129 2409 Si

480 2457 679 2508 autem
720 2451 1007 2524 sapimus,
1068 2448 1310 2505 credite.
1343 2481 1413 2489 —
1441 2447 1571 2503 Alio
1628 2447 1805 2502 modo.
1868 2446 2025 2500 Bene
2057 2443 2128 2500 ad

479 2544 764 2616 praadicta
822 2541 1179 2615 subjunxit:
1241 2562 1269 2590 «
1328 2541 1456 2595 Sive
1512 2539 1866 2603 insanimus,
1928 2557 1954 2587 »
2016 2540 2128 2591 etc.

478 2634 716 2688 Dixerat
744 2633 906 2688 enim
942 2648 955 2686 :
996 2631 1236 2702 «Spero
1281 2634 1481 2684 autem
1532 2632 1591 2682 et
1636 2627 1698 2680 in
1749 2624 2131 2681 conscientiis

480 2722 690 2777 vestris
719 2721 1069 2776 manifestos
1103 2735 1212 2773 nos
1245 2733 1411 2783 esse;
1447 2736 1472 2765 ι
1510 2731 1630 2769 non
1675 2714 1837 2769 enim
1893 2728 2130 2768 rursum

480 2827 591 2866 nos
622 2811 782 2882 ipsos
816 2808 1324 2874 commendamus,
1367 2804 1662 2875 siquidem
1719 2819 1842 2858 non
1890 2819 2130 2875 egemus

481 2900 997 2955 commendatione
1032 2914 1169 2969 erga
1199 2913 1320 2950 vos.
1345 2895 1472 2949 Sive
1504 2893 1666 2949 enim
1699 2891 1993 2964 quispiam
2047 2891 2133 2945 in-

480 2988 677 3045 sanire
709 3006 819 3044 nos
845 2987 1077 3053 dixerit,
1104 2987 1177 3041 ad
1202 2986 1385 3040 Deum
1416 2983 1528 3038 hoc
1559 2982 1906 3047 refertur,ac
1934 2980 2128 3035 futuro

478 3078 1009 3151 egetjudicio,non
1042 3082 1233 3131 vestro
1270 3091 1282 3128 :
1315 3073 1475 3145 quod
1521 3073 1698 3129 etiam
1758 3071 1899 3127 alibi
1941 3070 2125 3124 dixit:

482 3191 502 3217 ιι
540 3168 676 3222 Mihi
705 3173 903 3223 autem
936 3165 1419 3232 indignissimum
1478 3162 1729 3227 videtur,
1763 3166 1827 3215 ut
1869 3177 1903 3215 a
1960 3158 2125 3213 vobis

467 3256 835 3328 judicer,sed
865 3256 964 3325 qui
988 3254 1219 3326 judicat
1248 3268 1341 3307 me
1376 3252 1659 3306 Dominus
1690 3256 1781 3305 est
1807 3250 1899 3306 Ψ.
1935 3272 1963 3298 ››
1997 3249 2123 3303 Sive

474 3345 651 3416 igitur
680 3342 1270 3412 insanimus,inquit,
1303 3341 1376 3395 ad
1409 3342 1595 3395 Deum
1627 3355 1745 3393 non
1780 3338 1854 3394 ad
1875 3354 1976 3393 vos
2024 3353 2120 3393 re-

473 3432 788 3487 ferendum
820 3437 910 3486 est
935 3429 1279 3502 hujusmodi
1327 3428 1646 3499 judicium,
1682 3429 1809 3483 Sive
1840 3428 2119 3498 cuiquam

475 3520 718 3575 omnino
750 3535 958 3591 sapere
988 3518 1280 3586 videmur,
1305 3516 1471 3572 vobis
1529 3516 1728 3587 potius
1788 3524 1967 3587 quam
1999 3515 2124 3587 qui-

478 3609 676 3665 busvis
706 3609 841 3664 aliis
873 3606 1337 3663 existimandum
1386 3612 1475 3662 est
1504 3622 1613 3660 nos
1638 3621 1865 3677 sapere.
1892 3626 1920 3655 «
1979 3606 2124 3660 Nam

483 3698 743 3772 sigillum
773 3697 1138 3770 apostolatus
1171 3697 1308 3763 mei,
1331 3696 1415 3751 ait
1444 3694 1585 3751 alibi
1616 3693 1684 3763 ‘3,
1717 3711 1818 3749 vos
1851 3693 1991 3749 estis
2021 3710 2129 3766 per

2243 1904 2395 1977 ὖμῶν
2430 1904 2703 1981 σωτηρίαν
2756 1907 2823 1975 ἧς
2876 1903 3099 1977 κήδεται
3130 1908 3158 1962 ὁ
3189 1908 3344 1978 Θεὸς,
3398 1912 3606 1964 τοιαῦτα
3632 1905 3803 1986 φθεγγό-

2240 1992 2396 2064 μεθα,
2448 1991 2540 2047 ’ίνα
2595 1994 2810 2069 γνόντες
2867 1996 3017 2067 ἡμᾶς
3071 1996 3216 2060 τίνες
3288 1996 3463 2071 ἐσμὲν,
3522 2000 3703 2063 σωθῆτε
3742 2017 3802 2050 τι·

2238 2080 2550 2144 στεύσαντες
2611 2087 2721 2143 τοῖς
2778 2086 2907 2159 παρ’
2960 2084 3119 2157 ἡμῶν
3193 2086 3629 2161 κηρυσσομὲνοις.
3680 2084 3727 2138 Εἴ
3766 2080 3801 2136 ἃ

2238 2184 2648 2255 σωφρονοῦμεν,
2734 2181 3012 2250 πεισθῆτε.
3072 2213 3139 2225 -
3196 2180 3444 2245 Ἄλλως.
3522 2182 3699 2255 [ΦΩΓ.]
3737 2179 3800 2246 Τὸ,

2239 2291 2267 2320 ‹‹
2300 2267 2427 2325 Εἴτε
2455 2268 2768 2343 ἐξέστημεν,
2809 2294 2839 2324 ››
2898 2269 2987 2325 καὶ
3046 2270 3192 2341 ἑξῆς,
3250 2270 3433 2334 καλῶς
3485 2270 3705 2346 ἐπήνεγκε
3727 2273 3804 2322 τοῖς

2237 2357 2681 2434 προειρημένοιςι
2743 2383 2772 2412 ι(
2807 2358 3049 2430 Ἐλπίζω
3108 2357 3166 2415 δὲ
3222 2362 3315 2416 καὶ
3368 2361 3419 2417 ἐν
3464 2366 3572 2422 ταῖς
3619 2354 3803 2425 συνειδπζ·

2240 2466 2382 2502 σεσιν
2432 2447 2586 2521 ὑμῶν
2643 2452 3075 2526 πεφανερῶσθαι,
3106 2471 3133 2504 ι
3199 2449 3276 2504 Οὐ
3336 2450 3441 2525 γὰρ
3468 2447 3613 2504 πάλιν
3640 2445 3803 2505 tax-320i:

2240 2537 2594 2610 συστάνομεν.
2679 2536 2758 2595 Οὐ
2814 2537 2920 2613 γάρ
3000 2533 3235 2610 δεόμεθα
3321 2539 3458 2614 πρὸς
3511 2538 3647 2611 ὑμᾶς.
3692 2531 3800 2611 φησίν

2240 2622 2565 2687 συστάσεως.
2625 2631 2726 2681 "Av
2782 2645 2843 2680 τε
2901 2625 3007 2701 γὰρ
3061 2625 3421 2699 ἐξεστηκότας
3464 2648 3539 2688 τις
3565 2622 3796 2698 ἧμᾶξέρεῖι

2238 2717 2356 2785 Θεῷ
2415 2713 2527 2769 ἐστι
2584 2718 2746 2770 τοῦτο
2805 2714 3177 2787 ἀνακείμενον,
3226 2717 3321 2772 καὶ
3381 2723 3481 2784 τῆς
3528 2714 3685 2769 ἐκεῖθεν
3711 2709 3794 2783 κρί-

2240 2823 2375 2864 σεως
2409 2799 2690 2874 δεόμενον,
2724 2802 2833 2878 οὔχ
2892 2803 3066 2875 ὑμῶν.
3126 2805 3192 2861 Ὃ
3250 2805 3347 2860 καὶ
3400 2802 3626 2878 ἀλλαχοῦ
3649 2795 3786 2874 ἔλεγεν.

2240 2915 2268 2944 ι(
2303 2892 2458 2965 Ἐμοὶ
2494 2890 2552 2946 δὲ
2583 2892 2659 2954 εἷς
2690 2890 2982 2967 ἐλαχιστόν
3042 2891 3176 2960 ἐστι,
3203 2890 3299 2948 ’ἶνα
3360 2894 3449 2967 ὑφ’
3489 2888 3783 2965 ὗμῶνάνιλῳι-

2239 2984 2339 3045 θῶ.
2393 2981 2454 3039 Ὁ
2511 2977 2569 3035 δὲ
2625 2979 2922 3056 ἀνακρίνων
2981 3002 3047 3054 με
3106 2981 3310 3056 Κύριός
3361 2970 3771 3038 ἐστιν.››Εῗτεοῦν,

2239 3070 2423 3148 φησῖν,
2484 3069 2792 3144 ἐξέστημεν,
2852 3075 2968 3144 Θεῷ
3019 3072 3053 3140 ἡ
3107 3070 3341 3143 τοιαύτη
3397 3072 3563 3148 κρίσις
3583 3068 3781 3129 bimam,

2238 3161 2349 3239 οὐχ
2383 3161 2532 3233 ὑμῖν.
2568 3158 2697 3218 Εἴτε
2740 3159 2844 3215 τινὶ
2902 3158 3049 3222 ὅλως
3108 3157 3383 3236 δοκοῦμεν
3417 3164 3683 3239 σωφρονεῖν,
3705 3152 3790 3221 δνῖν

2239 3247 2451 3323 μᾶλλον
2512 3249 2642 3326 ὑπὲρ
2700 3248 2828 3311 τοὺς
2886 3247 3088 3313 ἄλλους
3148 3250 3359 3314 πάντας
3418 3247 3665 3325 νομιστέον
3694 3243 3794 3313 ἡμᾶς

2231 3343 2549 3413 σωφρονεῖν.
2582 3363 2612 3393 ιι
2669 3340 2733 3397 Ἦ
2774 3339 2879 3415 γὰρ
2937 3340 3169 3418 σφραγὶς
3215 3348 3325 3412 τῆς
3383 3341 3516 3415 ἐμῆς
3544 3330 3797 3398 ἀποστολῆς,

2231 3427 2394 3503 φησὶν
2458 3426 2735 3503 ἀλλαχοῦ,
2798 3429 2953 3502 ὑμεῖς
3008 3427 3132 3484 ἐστε
3177 3429 3229 3485 ἐν
3302 3430 3503 3506 Κυρίῳ.
3557 3453 3575 3480 ι
3627 3428 3699 3481 Δεῖ
3739 3420 3802 3506 οὖν

2234 3517 2373 3589 ὑμᾶς
2406 3517 2578 3580 οὕτως
2634 3517 2759 3592 περὶ
2813 3519 2975 3590 ἡμῶν
3034 3524 3253 3594 φρονεῖν
3305 3505 3399 3577 καί
3440 3505 3804 3594 λογίζεσθαι-ί)ξῖ

2238 3606 2403 3679 μόνον
2434 3603 2510 3673 δὲ,
2542 3590 2807 3662 ἀλλὰκαὶ
2854 3607 2992 3683 πρὸς
3034 3590 3162 3671 τοὺς
3196 3608 3251 3664 ἐν
3283 3590 3553 3686 προσώπω
3581 3590 3808 3676 καυχωμέ“

2233 3716 2377 3764 νους,
2402 3695 2471 3750 τὰ
2500 3693 2633 3750 αὗτᾶ
2664 3695 2794 3771 ὑπὲρ
2826 3699 2987 3770 ἡμῶν
3040 3697 3130 3752 καὶ
3172 3696 3359 3774 λέγειν
3390 3697 3476 3753 καὶ
3508 3689 3808 3751 διατείνεσθαι.

484 3788 818 3843 Dominum.
854 3809 883 3838 »
916 3789 1159 3859 Oportet
1186 3786 1385 3857 itaque
1421 3802 1521 3840 vos
1552 3785 1635 3839 ita
1664 3784 1735 3840 de
1767 3783 1939 3839 nobis
1963 3783 2182 3838 sentire
2214 3801 2281 3840 ac
2313 3787 2670 3844 existimare.
2698 3792 2811 3843 Nec
2851 3787 2909 3844 id
2943 3788 3157 3859 solum,
3191 3805 3396 3846 verum
3457 3788 3617 3843 etiam
3655 3781 3809 3837 adver-

475 3893 575 3931 sus
606 3893 706 3931 eos
737 3876 838 3948 qui
869 3876 932 3930 in
976 3875 1124 3930 facie
1155 3873 1506 3944 gloriantur,
1538 3872 1746 3929 eadem
1785 3872 1857 3928 de
1892 3871 2064 3928 nobis
2095 3877 2153 3926 et
2178 3872 2375 3930 dicere
2408 3880 2467 3931 et
2495 3875 2907 3932 contendendo
2939 3892 3301 3934 asseverare.

551 3966 832 4032 ν,14-16.
896 3965 1155 4019 Charitas
1215 3964 1362 4018 enim
1392 3962 1595 4018 Christi
1650 3963 1952 4032 contringit
2000 3977 2121 4031 nos,

463 4055 783 4126 judicantes
811 4053 976 4120 illud,
1004 4054 1152 4124 quod
1179 4054 1228 4108 si
1255 4069 1398 4108 unus
1419 4069 1526 4123 pro
1573 4053 1826 4108 omnibus
1874 4058 2123 4108 mortuus

469 4145 605 4213 fuit,
665 4159 793 4212 ergo
847 4159 1027 4199 omnes
1084 4144 1290 4197 mortui
1342 4144 1597 4210 fuerunt,
1621 4147 1671 4196 et
1728 4159 1832 4212 pro
1872 4141 2122 4196 omnibus

469 4238 716 4288 mortuus
746 4238 845 4301 est,
875 4238 935 4286 ut
994 4231 1093 4301 qui
1122 4233 1332 4299 vivunt,
1361 4229 1594 4300 posthac
1622 4246 1731 4285 non
1777 4232 1885 4286 sibi
1913 4232 2118 4298 vivant,

466 4321 558 4377 sed
588 4321 642 4375 ei
689 4323 787 4391 qui
825 4336 935 4391 pro
975 4320 1228 4374 omnibus
1282 4324 1528 4373 mortuus
1576 4324 1655 4373 est
1700 4325 1755 4373 et
1792 4321 2116 4374 resurrexit.

464 4411 658 4481 Itaque
710 4425 807 4463 nos
858 4408 1088 4478 posthac
1158 4407 1429 4460 neminem
1478 4408 1728 4460 novimus
1813 4407 2117 4461 secundum

462 4516 699 4554 carnem.
731 4499 903 4553 Porro
935 4499 1101 4551 etiam
1122 4498 1170 4551 si
1200 4497 1549 4565 cognovimus
1598 4493 1872 4550 Christum
1921 4511 2113 4550 secun-

463 4602 593 4658 pum
625 4603 864 4651 carnem,
897 4602 1043 4641 nunc
1093 4591 1275 4641 tamen
1296 4600 1407 4639 non
1438 4584 1675 4654 amplius
1702 4586 1971 4640 nov-imus.

539 4673 1245 4745 Christi,inquit,dilectio
1276 4672 1541 4727 continet
1574 4689 1682 4727 nos
1708 4672 1769 4727 in
1828 4672 2023 4728 ofﬁcio
2056 4678 2115 4728 et

466 4765 857 4835 impellit,nec
889 4780 1097 4836 segnes
1121 4781 1250 4820 esse
1282 4764 1425 4819 sinit
1453 4762 1523 4818 ad
1556 4763 1791 4819 labores
1811 4781 1917 4835 pro
1947 4763 2110 4820 vobis

469 4858 796 4923 susceptos.
820 4853 956 4909 Ideo
985 4855 1162 4909 etiam
1193 4853 1321 4908 haec
1349 4852 1633 4923 loquitur,
1666 4852 1879 4922 inquit,
1925 4859 2108 4909 utvos

470 4942 611 4998 salvi
645 4942 1198 5011 sitis,existimando
1232 4959 1341 4997 nos
1372 4942 1487 4997 fide
1519 4941 1727 5014 dignos
1758 4957 1910 4998 esse.
1944 4943 2110 4999 Novit

463 5033 623 5086 enim
652 5030 901 5086 suadere
934 5030 1242 5101 discipulis
1273 5035 1602 5101 praeceptor
1648 5030 1889 5101 probus.
1924 5052 1954 5082 ‹‹
2006 5032 2108 5087 Ju-

460 5119 728 5177 dicantes
761 5120 933 5175 illud.
970 5142 998 5169 ››
1031 5119 1323 5189 Continet,
1356 5119 1569 5189 inquit,
1604 5135 1715 5173 nos
1746 5124 1805 5173 et
1852 5120 2106 5192 impellit

2299 3962 2361 4017 Ἦ
2418 3962 2522 4039 γὰρ
2577 3963 2762 4038 ἀγάπη
2817 3967 2914 4019 τοῦ
2971 3964 3207 4040 Χριστοῦ
3268 3966 3477 4040 συνέχει
3531 3964 3678 4034 ἡμᾶς,
3719 3951 3811 4027 κΡί⁴

2229 4072 2421 4115 ναντας
2479 4056 2665 4125 τοῦτο,
2717 4052 2803 4109 ὅτι
2869 4052 2914 4108 εἰ
2982 4054 3058 4115 εἷς
3115 4053 3245 4127 ὑπὲρ
3317 4055 3527 4109 πάντων
3583 4048 3810 4111 amt-01V“,

2230 4139 2332 4205 ἄρα
2389 4144 2440 4198 οἳ
2498 4142 2692 4205 πάντες
2751 4141 3040 4200 ἀπέθανον.
3122 4143 3225 4200 Καὶ
3313 4143 3444 4218 ὑπὲρ
3499 4140 3689 4195 πάντων
3732 4132 3812 4186 ἀπ·

2230 4230 2421 4300 ἐθανεν,
2470 4229 2563 4286 ’ίνα
2612 4233 2664 4287 οἱ
2714 4236 2911 4302 ζῶντες
2967 4233 3163 4306 μηκέτι
3215 4217 3430 4294 ἑαυτοῖς
3496 4234 3663 4300 ζῶσιν,
3702 4217 3809 4278 ἀλλὰ

2225 4325 2304 4392 τῷ
2353 4321 2484 4397 ὑπὲρ
2534 4320 2750 4376 πάντων
2810 4321 3149 4391 ἀποθανόντι,
3199 4322 3292 4375 καὶ
3357 4318 3625 4395 ἐγερθέντι.
3666 4311 3811 4382 Ἡμεῖς

2228 4408 2332 4464 ἀπὸ
2391 4412 2487 4464 τοῦ
2552 4409 2665 4479 νῦν,
2734 4407 2924 4465 οὐόἑνα
2989 4407 3217 4482 οἳδαμεν
3281 4410 3419 4464 κατᾶ
3484 4407 3654 4481 σάρκα.
3698 4392 3813 4482 Et“

2226 4498 2313 4554 καὶ
2345 4496 2655 4574 ἐγνώκαμεν
2684 4498 2822 4555 κατὰ
2870 4500 3038 4574 σάρκα
3083 4498 3343 4573 Χριστὸν,
3377 4496 3521 4553 ἀλλᾶ
3546 4499 3629 4551 νῦν
3656 4488 3736 4546 οὐκ
3757 4478 3812 4539 ἔτι

2224 4587 2583 4665 γινώσκομεν.

2292 4675 2355 4732 Ἦ
2398 4674 2582 4752 ἀγάπη
2650 4679 2747 4731 τοῦ
2814 4676 3070 4752 Χριστοῦ,
3136 4675 3291 4754 φησὶ,
3352 4671 3563 4747 συνέχει
3616 4666 3694 4724 καὶ
3724 4678 3809 4717 συν-

2220 4765 2352 4819 ωθεῖ
2406 4748 2556 4837 ἡμᾶς
2610 4765 2699 4820 καὶ
2762 4748 3019 4840 ῥᾳθῦμεῖν
3078 4748 3177 4819 οὐκ
3233 4763 3311 4835 ἐᾷ,
3371 4763 3505 4837 πρὸς
3560 4777 3672 4817 τους
3708 4748 3806 4817 ὑπὲρ

2219 4855 2378 4927 ἡμῶν
2419 4853 2641 4917 πόνους.
2704 4855 2818 4924 Διὸ,
2859 4855 3016 4933 φησὶ,
3073 4853 3162 4909 καὶ
3217 4851 3442 4907 τοιαῦτα
3497 4843 3803 4923 φθεγγόμεθα,

2211 4940 2306 4997 ’ίναί
2372 4943 2530 5017 ὑμεῖς
2596 4944 2829 5013 σωθῆτε,
2905 4941 3251 5014 ἀξιοπίστους
3307 4943 3454 5012 ἡμᾶς
3516 4935 3802 5008 νομίσαντες.

2215 5016 2426 5096 ΙΙείθειν
2481 5032 2583 5107 γάρ
2625 5031 2738 5087 οἶδε
2781 5032 3047 5106 μαθητὰς,
3113 5032 3141 5087 ὁ
3197 5030 3443 5106 ἐνάρετος
3507 5016 3801 5081 διδάσκαλος.

2219 5148 2245 5176 ‹‹
2294 5122 2577 5199 Κρίναντες
2616 5127 2796 5179 τοῦτο.
2842 5146 2869 5175 ››
2912 5124 3141 5199 Συνέχει
3181 5124 3351 5194 ἡμᾶς,
3392 5118 3540 5197 φησὶ,
3578 5112 3658 5168 καὶ
3715 5124 3803 5160 συ*

2213 5215 2345 5268 ιυθεῖ
2377 5216 2411 5283 ἡ
2462 5213 2641 5290 ἀγάπη
2702 5217 2799 5268 τοῦ
2847 5217 3097 5289 χριστοῦ,
3150 5210 3333 5281 ἐπειδὴ
3368 5196 3670 5283 κεκρίκαμεν
3694 5196 3801 5252 εἶναι

2208 5306 2368 5358 τοῦτο
2400 5302 2619 5371 ἀληθές.
2658 5308 2855 5371 Ποῖον;
2889 5327 2916 5354 ‹‹
2948 5306 3073 5360 ’Ότι
3104 5302 3185 5363 εἷς
3228 5301 3362 5373 ὑπὲρ
3406 5296 3610 5353 πάντων
3648 5284 3805 5343 ἀπεθαο

2208 5412 2316 5448 νεν.
2370 5415 2400 5444 ››
2466 5389 2692 5460 Ἐπειδή
2761 5393 2812 5446 ο⁹ι
2853 5391 3046 5454 πάντες
3081 5392 3216 5461 ἦσαν
3256 5390 3596 5444 ἇποθανοντες
3632 5376 3800 5448 ἄνθρω·

2206 5502 2324 5538 ποι.
2376 5481 2469 5536 Διὸ
2519 5481 2610 5536 καὶ
2658 5481 2790 5557 ὑπὲρ
2839 5481 3050 5537 πάντων
3101 5478 3375 5536 ἀπέθανιν.
3425 5500 3446 5529 ι
3497 5477 3600 5531 Ἵνα
3625 5469 3667 5523 οἱ
3697 5466 3800 5533 ξεῖν’

451 5211 666 5266 Christi
708 5208 1457 5281 dilectio,quandoquidem
1490 5209 1602 5263 hoc
1626 5225 1827 5263 verum
1859 5211 2105 5281 esseju—

448 5300 796 5369 dicavimus,
841 5300 1131 5372 quidnam
1162 5299 1190 5353 ?
1225 5319 1246 5349 ι
1281 5297 1446 5362 Quod
1477 5313 1632 5353 unus
1684 5315 1791 5369 pro
1823 5300 2101 5355 omnibus

444 5398 715 5447 mortuus
746 5392 875 5446 fuit.
912 5414 940 5442 ››
975 5390 1267 5455 Quoniam
1298 5404 1508 5443 omnes
1550 5388 1823 5444 homines
1881 5391 2099 5447 mortui

446 5487 635 5550 erant,
659 5480 792 5537 ideo
821 5482 1001 5538 etiam
1032 5496 1138 5554 pro
1170 5480 1452 5536 omnibus
1493 5484 1763 5535 mortuus
1818 5485 1928 5536 est.
1960 5504 1988 5532 ‹‹
2029 5483 2102 5537 Ut

526 5662 598 5698 ‘9‘
627 5664 651 5716 Ι
681 5663 812 5719 Cor.
844 5680 913 5717 ιν.
951 5666 1001 5717 3.
1035 5665 1078 5699 ⁸³
1106 5665 1129 5717 Ι
1160 5664 1290 5718 Cor.
1325 5680 1402 5727 IX,
1435 5663 1485 5716 3.
