4048 6250
229 330 359 393 977

1208 324 1619 385 COMMENT.
1666 323 1745 383 ΙΝ
1793 323 2031 384 EPIST.
2082 323 2128 382 Il
2175 324 2282 383 AD
2324 324 2690 385 CORINTH.

3536 331 3656 391 978

226 485 328 528 τες
362 459 562 536 μηκέτι
593 461 807 521 ἑαυτοῖς
841 462 1027 529 ζῶσιν.
1060 479 1087 511 ιι
1120 457 1182 515 Εἰ
1211 454 1302 512 οὗν
1336 454 1397 511 οὐ
1441 454 1521 511 δεῖ
1572 458 1721 529 ἡμᾶς
1772 455 1892 511 ἔαυ-

2009 457 2108 531 qui
2140 457 2364 528 vivunt,
2396 460 2642 531 posthac
2670 477 2791 516 non
2824 461 2935 516 sibi
2968 462 3181 517 vivant.
3217 484 3244 511 ››
3279 463 3334 519 Si
3370 480 3506 537 ergo
3534 483 3654 523 non

225 560 356 618 τοῖς
385 557 505 628 ζῇν,
542 551 767 613 εἰκότως
827 547 1200 622 σπουδάζομεν
1258 551 1348 603 καὶ
1402 550 1589 621 ἡμεῖς.
1654 545 1894 609 Είκότως

236 641 293 699 δ’
327 645 387 698 ἂν
440 642 525 697 καὶ
590 643 746 713 ὑμεῖς
798 644 906 695 τῶν
959 639 1222 694 ἐπιόντων
1276 638 1723 718 καταφρονήσητε
1779 657 1893 690 πει-

235 737 491 808 ρασμῶν.
531 729 706 789 Ἀλλά
758 735 837 803 τῷ
895 731 1025 804 ὑπὲρ
1086 732 1296 785 πάντων
1351 727 1689 783 ἀποθανόντι.
1736 728 1896 803 Τρεῖς

235 824 378 878 εἰσιν
416 820 646 900 ὀφειλῆς
676 819 943 897 ἀφορμαὶ,
996 816 1066 873 δι’
1115 818 1176 880 ἅς
1209 816 1291 873 δεῖ
1346 816 1663 886 σπουδάζειν
1723 818 1895 889 ἡμᾶς,

228 914 420 970 πάντα
452 911 542 966 διὰ
566 912 658 966 τὸν
690 910 889 985 Κύριον
943 913 1140 966 ποιεῖν.
1200 908 1331 977 Μία,
1390 906 1473 962 ὅτι
1531 905 1689 969 αὐτὸς
1745 908 1893 979 ἡμᾶς

226 1001 485 1069 ἰποίησε⁸
522 997 767 1073 δευτέρα,
800 998 883 1053 ’ὁτι
919 995 989 1051 δι’
1020 999 1171 1069 ἡμᾶς
1222 996 1507 1060 ἀπέθανεν·
1568 995 1751 1068 τρίτη,
1811 994 1892 1047 δτι

224 1091 339 1160 τήν
370 1090 628 1164 ἀπαρχὴν
664 1090 849 1160 ἡμῶν,
900 1085 1166 1156 τουτέστι,
1223 1087 1323 1154 τὴν
1380 1082 1518 1139 ἰδίαν
1578 1084 1749 1159 σάρκα
1806 1082 1896 1137 ἆν-

226 1182 435 1248 ἑστησε
467 1176 538 1233 δι’
569 1179 716 1250 ἡμᾶς
750 1176 839 1231 καὶ
868 1174 945 1238 εἷς
1004 1174 1272 1249 οὐρανοὺς
1332 1174 1615 1248 ἀνήγαγεν,
1658 1170 1750 1226 ’ἱνα
1804 1171 1893 1225 καὶ

229 1290 298 1325 σε
332 1268 595 1344 άναγάγῃ,
620 1265 758 1320 ὅπου
787 1266 821 1336 ἠ
876 1266 1099 1339 ἀπαρχή
1151 1285 1245 1319 σου
1293 1263 1575 1338 τυγχάνει.
1607 1264 1741 1337 Ὅρα
1789 1264 1894 1315 ποῦ

224 1360 477 1435 ἀνήγαγε
505 1358 596 1411 τὸν
631 1353 819 1430 λόγον.
855 1354 950 1416 Τίς
979 1355 1081 1431 γάρ
1109 1353 1255 1417 ὅλως
1302 1354 1367 1422 ἦν
1424 1352 1586 1427 χρεία
1642 1351 1896 1423 ἐνανθρω-

225 1451 461 1518 πήσεως
492 1446 580 1501 καὶ
614 1445 937 1520 σαρκώσεως
968 1449 1044 1515 τῷ
1076 1448 1191 1514 Θεῷ
1240 1442 1423 1520 Λόγῳ,
1481 1442 1526 1497 εἰ
1590 1443 1663 1514 μὴ
1728 1444 1892 1495 τοῦτο

224 1536 573 1608 ᾠκονομεῖτο
649 1533 682 1603 ἡ
756 1534 916 1604 ἡμῶν
989 1529 1291 1593 ἀνάπλασις
1377 1530 1468 1584 καὶ
1556 1528 1889 1596 ἀνάστασιςς

229 1645 258 1677 ι
299 1622 506 1680 Οὸδένα
545 1618 767 1693 οἷ’δαμεν
834 1620 968 1674 κατά
1019 1619 1206 1674 σάσκα.
1272 1640 1297 1671 ι
1352 1617 1500 1674 Ἐπεὶ
1558 1618 1648 1670 οὖν
1699 1615 1892 1677 πάντες

224 1712 504 1768 ἀπέθανον
563 1715 629 1783 τῇ
688 1710 928 1783 ἁμαρτίᾳ
988 1709 1076 1763 καὶ
1139 1713 1269 1778 ζῶσι
1328 1705 1416 1763 διὰ
1481 1706 1572 1762 τὸν
1634 1706 1888 1780 Χριστὸν,

2003 554 2229 619 oportet
2263 566 2371 603 nos
2402 548 2591 605 vivere
2623 550 2793 605 nobis
2826 551 2990 623 ipsis,
3026 553 3235 606 merito
3267 553 3377 608 hoc
3404 556 3654 612 nitimur

2004 643 2063 693 et
2092 654 2199 692 nos
2230 638 2423 693 facere
2455 655 2521 694 ac
2548 640 2940 710 persuadere;
2976 643 3185 696 merito
3210 648 3407 698 autem
3458 651 3515 699 et
3554 664 3651 701 vos

2002 727 2349 783 accedentes
2371 729 2465 782 67
2483 730 2523 783 3
2546 728 2849 800 despicere
2874 730 3101 785 debetis
3125 730 3500 790 afflictiones.
3535 736 3647 790 Sed

2002 816 2055 870 ei
2086 816 2187 887 qui
2220 834 2323 887 pro
2355 818 2631 871 omnibus
2663 825 2932 874 mortuus
2965 825 3071 873 est.
3107 822 3243 875 Tres
3282 826 3421 875 sunt
3462 822 3647 878 debiti

2002 905 2364 972 occasiones,
2398 914 2640 977 propter
2671 926 2816 978 quas
2874 916 3105 980 Oportet
3162 926 3270 965 nos
3328 912 3532 965 conari
3584 919 3651 967 ut

2002 999 2202 1053 omnia
2222 1004 2462 1070 propter
2481 1001 2797 1055 Dominum
2821 1001 3103 1056 faciamus
3134 1019 3145 1055 :
3167 1018 3310 1068 una,
3364 1005 3647 1073 quoniam

2002 1088 2127 1159 ipse
2161 1105 2269 1143 nos
2299 1088 2603 1156 formavit;
2638 1089 2843 1153 altera,
2877 1091 3017 1161 quia
3046 1097 3288 1162 propter
3317 1109 3424 1147 nos
3487 1110 3649 1148 mor-

2002 1180 2139 1232 tuus
2171 1184 2297 1243 est;
2332 1178 2504 1233 tertia
2535 1180 2673 1249 quia
2702 1179 2993 1249 primitias
3052 1186 3306 1244 nostras,
3368 1182 3478 1236 hoc
3530 1189 3642 1250 est,

2003 1284 2171 1323 suam
2204 1268 2505 1338 propriam
2537 1284 2798 1331 carnem,
2836 1274 3075 1339 propter
3118 1286 3224 1323 nos
3280 1272 3650 1325 resuscitavit

2002 1357 2135 1410 etin
2154 1357 2696 1422 cmlosintroduxit,
2732 1364 2797 1412 ut
2826 1364 2883 1412 et
2923 1364 2977 1412 te
3039 1359 3180 1413 illuc
3240 1360 3649 1416 introduceret

1999 1446 2100 1501 ubi
2132 1452 2265 1501 sunt
2301 1447 2575 1517 primitiae
2636 1453 2769 1503 tum.
2806 1448 2945 1502 Vide
3007 1466 3122 1518 quo
3188 1466 3524 1504 sermonem
3573 1451 3643 1505 de

1999 1536 2250 1591 duxerit.
2280 1537 2425 1590 Nam
2458 1553 2587 1607 quas
2620 1538 2862 1591 omnino
2920 1538 3129 1591 fuisset
3185 1539 3388 1593 divino
3456 1540 3640 1594 Verbo

1997 1626 2322 1680 necessitas
2351 1631 2417 1679 ut
2441 1627 2870 1680 humanitatem
2902 1634 3231 1682 assumeret
3256 1644 3322 1681 ac
3370 1630 3645 1684 incarna-

1996 1719 2180 1782 retur,
2213 1714 2328 1768 nisi
2359 1714 2471 1768 hoc
2504 1714 2741 1784 provide
2775 1715 3064 1785 exegisset
3089 1721 3145 1770 et
3176 1733 3280 1786 per
3337 1717 3447 1771 hoc
3504 1735 3642 1788 pro-

231 1798 433 1857 οὐδένα
492 1798 649 1873 ἴσμεν
735 1799 871 1853 κατὰ
919 1798 1089 1875 σάρκα
1162 1803 1358 1868 ζῶντα,
1405 1793 1675 1865 τουτέστι,
1757 1797 1892 1850 κατὰ

2008 1808 2203 1857 curata
2260 1801 2466 1856 fuisset
2526 1809 2729 1857 nostra
2784 1805 3076 1874 reparatio
3136 1822 3203 1858 ac
3261 1809 3639 1862 resurrectio.

230 1893 345 1960 τήν
404 1888 577 1945 πάλαι
637 1888 941 1955 πολιτείαν,
999 1888 1097 1956 τήν
1154 1887 1205 1942 ἐν
1263 1885 1576 1963 ἁμαρτίαις,
1661 1890 1731 1940 Τὸ
1787 1885 1890 1962 γάρ

233 1985 519 2053 τοιοῦτον,
555 1978 777 2043 θάνατός
822 1976 955 2046 ἐστι,
1010 1978 1100 2033 καὶ
1158 1977 1218 2033 οὔ
1276 1979 1411 2048 ζωή.
1472 1974 1649 2035 Ἀλλὰ
1699 1979 1789 2031 νῦν
1839 1975 1890 2028 οἱ

235 2068 412 2132 ὅντως
462 2073 685 2140 ζῶντες,
738 2070 874 2123 κατὰ
930 2073 1143 2141 πνεῦμα
1187 2072 1369 2138 ζῶσιν,
1430 2068 1888 2143 Ἀνεγεννήθησαν

228 2160 342 2237 γάρ
375 2158 428 2213 έν
458 2163 537 2230 τῷ
569 2157 927 2233 βαπτίσματι.
962 2158 1055 2212 Διὸ
1085 2158 1173 2213 καὶ
1198 2158 1315 2212 νέαν
1347 2151 1539 2232 ἔχουσι
1597 2158 1767 2227 ζωὴν,
1798 2153 1889 2211 καὶ

231 2248 300 2303 οὖ
362 2246 622 2303 παλαιάν.
670 2270 696 2298 (ι
756 2245 903 2303 Κατὰ
960 2244 1147 2321 σάρκα.
1236 2270 1264 2297 ››
1322 2246 1450 2302 Οἶον
1537 2250 1729 2314 ζῶντα.
1791 2245 1885 2299 Καὶ

237 2341 526 2407 τοσοῦτον,
560 2335 745 2415 φησὶν,
797 2333 974 2397 οὐδεὶς
1028 2329 1105 2390 ἔτι
1159 2335 1294 2389 κατὰ
1347 2335 1518 2410 σάρκα
1576 2338 1640 2408 ζῇ
1695 2333 1885 2405 (ἐκείνη

243 2430 354 2503 γὰρ
386 2425 485 2481 οὐκ
513 2420 623 2479 ἔστι
658 2425 795 2495 ζωὴ,
830 2424 973 2479 ἀλλὰ
1005 2426 1277 2498 θάνατος),
1310 2423 1393 2479 ὅτι
1424 2424 1515 2480 καὶ
1574 2426 1601 2478 ὀ
1660 2423 1887 2499 Χριστὸς

220 2516 321 2571 ’ίνα
353 2513 496 2590 δείξῃ
545 2515 631 2569 ὅτι
688 2515 750 2569 τὸ
808 2516 943 2570 κατὰ
1003 2514 1172 2589 σάρκα
1228 2520 1322 2589 ζῇν
1386 2510 1737 2585 ἐκϐέϐληται,
1797 2515 1887 2569 καὶ

227 2610 327 2661 νῦν
357 2606 496 2661 κατά
517 2609 731 2679 πνεῦμα
765 2608 965 2677 ζῶμεν,
1026 2604 1112 2659 καὶ
1171 2603 1329 2667 αὐτὸς
1377 2610 1472 2660 τοῦ
1527 2606 1663 2660 κατά
1720 2606 1889 2679 σάρκα

246 2700 351 2769 ζῇν
406 2694 692 2752 ἐπαύσατο.
755 2699 927 2765 Πῶς;
986 2694 1064 2750 Οὐ
1122 2695 1184 2748 τὸ
1251 2700 1410 2767 σῶμα
1465 2694 1617 2766 ἀφεὶς
1658 2691 1885 2768 (ἅπαγεῑ

255 2784 377 2857 μετ’
434 2784 593 2837 αὐτοῦ
648 2784 751 2861 γὰρ
791 2782 907 2853 ἣξει
967 2784 1042 2845 ὡς
1104 2782 1264 2854 ἰδίου,
1323 2785 1516 2858 κριτὴς
1596 2784 1887 2852 ἁπάντων),

248 2871 397 2927 ἀλλὰ
428 2879 528 2927 τῶν
562 2879 800 2951 φυσικῶν
845 2872 1179 2947 ἀπαλλαγεὶς
1238 2877 1443 2946 παθῶν,
1501 2875 1617 2929 οἷον
1677 2875 1887 2943 πείνης,

240 2962 335 3018 καί
370 2960 552 3037 δίψης,
598 2964 685 3017 καὶ
736 2964 927 3031 ὕπνου,
985 2965 1075 3019 καὶ
1132 2966 1326 3022 κόπου.
1377 2968 1485 3022 Νῦν
1535 2966 1637 3040 γὰρ
1695 2964 1891 3024 ἀπαθὲς

238 3052 333 3105 καὶ
360 3052 631 3127 ἀκήρατον
661 3049 779 3127 ἔχει
806 3055 867 3107 τὸ
902 3058 1082 3127 σῶμα.
1116 3077 1145 3106 ‹‹
1204 3054 1267 3111 Εἴ
1320 3052 1377 3110 δὶ
1432 3056 1521 3109 καὶ
1577 3054 1886 3128 ἐγνώκαμεν

234 3141 377 3195 κατά
406 3142 576 3217 σάρκα
608 3143 860 3217 Χριστόν.
897 3169 917 3197 ι
966 3144 1166 3216 Ὥσπερ
1208 3146 1367 3215 ἡμῶν
1421 3145 1484 3198 τὸ
1538 3147 1675 3198 κατά
1719 3142 1886 3217 σάρκα

242 3228 357 3285 ἐστὶ
388 3232 451 3285 τὸ
485 3232 535 3286 ἐν
597 3232 910 3307 ἁμαρτίαις,
968 3234 1057 3287 καὶ
1112 3234 1175 3287 τὸ
1225 3231 1326 3303 ἔξω
1381 3232 1585 3288 τούτων
1635 3231 1696 3288 οὐ
1753 3232 1889 3288 κατὰ

241 3319 437 3394 σάρκα,
472 3320 615 3375 οὕτω
644 3323 733 3376 καὶ
762 3326 860 3376 τοῦ
890 3325 1125 3397 Χριστοῦ
1153 3323 1216 3376 τὸ
1266 3322 1401 3378 κατὰ
1457 3321 1646 3397 σάρκα,
1704 3322 1765 3375 τὸ
1822 3319 1892 3374 si-

238 3430 355 3465 κειν
383 3416 498 3473 τοῖς
530 3418 780 3491 φυσικοῖς
813 3414 1022 3469 πάθεσι.
1056 3414 1126 3467 Τὸ
1183 3414 1261 3486 μὴ
1319 3411 1480 3468 εἷ’κειν
1516 3411 1591 3480 δὲ,
1632 3413 1696 3468 οὐ
1755 3413 1895 3467 κατὰ

242 3502 438 3575 σάρκα,
472 3501 598 3557 αλλ’
639 3502 844 3577 ὥσπερ,
878 3503 1063 3582 φησῗν,
1121 3501 1321 3564 ἐκεῖνος
1380 3501 1702 3576 ἀπηλλάγη,
1751 3500 1894 3557 οὕτω

242 3589 337 3645 καὶ
369 3590 550 3662 ἡμεῖς.
582 3592 765 3653 Οὕτως
796 3593 823 3647 ὁ
856 3591 1095 3665 Κλήμης
1128 3589 1178 3647 ἐν
1234 3593 1476 3666 τετάρτῳ
1528 3595 1635 3647 τῶν
1669 3592 1898 3647 Ὑποτυ-

248 3680 501 3736 πώσεων.

1998 1913 2027 1940 ‹‹
2057 1891 2365 1946 Neminem
2395 1891 2664 1945 novimus
2695 1892 3021 1947 secundum
3079 1910 3341 1949 carnem.
3400 1918 3428 1944 »
3488 1897 3643 1960 Quo-

1998 1980 2159 2035 niam
2191 1980 2369 2052 igitur
2398 1996 2606 2034 omnes
2636 1983 2854 2035 mortui
2888 1987 3058 2036 erant
3084 1988 3346 2052 peccato,
3367 1990 3423 2039 et
3444 1984 3647 2039 vivunt

1996 2074 2238 2141 propter
2267 2069 2590 2138 Christum,
2622 2071 2924 2125 neminem
2958 2072 3331 2143 agnoscimus
3369 2074 3469 2143 qui
3492 2075 3646 2128 vivat

1996 2161 2323 2216 secundum
2356 2177 2616 2227 carnem,
2642 2161 2752 2216 hoc
2776 2161 3073 2233 est,juxta
3107 2168 3365 2217 veterem
3409 2180 3646 2219 conver-

1996 2251 2286 2305 sationem
2318 2266 2448 2320 qum
2479 2257 2605 2306 erat
2637 2252 2698 2305 in
2728 2252 2987 2323 peccatis
3021 2270 3033 2318 ;
3077 2252 3419 2323 hujusmodi
3480 2254 3640 2307 enim

1995 2357 2156 2396 mors
2175 2345 2263 2394 est
2284 2344 2340 2393 et
2364 2356 2484 2394 non
2505 2340 2637 2395 vita.
2664 2346 2735 2395 At
2765 2357 2922 2395 nunc
2965 2341 3063 2411 qui
3114 2357 3247 2395 vere
3297 2342 3513 2410 vivunt,
3546 2359 3636 2396 se-

1996 2429 2259 2484 cundum
2289 2429 2563 2499 spiritum
2594 2429 2812 2498 vivunt,
2844 2430 3171 2501 regenerati
3205 2447 3462 2501 namque
3495 2438 3633 2486 sunt

1995 2536 2102 2591 per
2116 2518 2477 2589 baptismum
2505 2535 2517 2571 :
2544 2518 2674 2573 ideo
2698 2535 2934 2589 quoque
2953 2535 3161 2573 novam
3204 2519 3423 2574 habent
3462 2522 3639 2575 vitam

1998 2613 2052 2663 et
2085 2625 2205 2663 non
2236 2612 2514 2662 veterem.
2551 2629 2577 2655 «
2612 2607 2950 2663 Secundum
2982 2624 3242 2673 carnem,
3280 2629 3303 2659 «
3331 2625 3544 2679 nempe
3568 2610 3645 2661 vi-

1995 2704 2247 2754 ventem.
2282 2701 2351 2752 Et
2380 2698 2549 2764 adeo,
2584 2697 2796 2768 inquit,
2823 2697 3025 2753 nullus
3049 2699 3293 2768 posthac
3313 2697 3643 2753 secundum

1996 2804 2233 2843 carnem
2266 2788 2403 2841 vivit
2435 2787 2562 2859 (illa
2593 2787 2752 2841 enim
2811 2804 2929 2841 non
2991 2793 3081 2841 est
3136 2788 3272 2851 vita,
3328 2788 3429 2841 sed
3468 2790 3648 2858 mors)

1998 2877 2153 2948 quod
2168 2877 2519 2938 ettlhristus,
2539 2876 3143 2930 utostenderetvitam
3167 2876 3491 2931 secundum
3515 2895 3644 2933 car-

1997 2985 2134 3022 nem
2165 2967 2413 3039 ejectam
2448 2983 2597 3029 esse,
2632 2974 2689 3020 et
2720 2984 2877 3021 nunc
2909 2984 3040 3028 nos,
3077 2967 3403 3021 secundum
3466 2968 3647 3038 spiri-

1996 3062 2123 3111 tum
2155 3057 2363 3121 vivere,
2394 3056 2519 3125 ipse
2552 3072 2786 3125 quoque
2819 3054 2994 3109 desiit
3024 3056 3353 3110 secundum
3403 3073 3643 3110 carnem

1997 3144 2699 3209 vivere.Quomodo?Non
2718 3144 2875 3213 quod
2915 3161 3128 3215 corpus
3166 3145 3497 3211 dimiserit;
3532 3146 3646 3199 mi-

2000 3235 2742 3306 nime.Cumipsoenim,ut
2782 3234 2893 3289 sibi
2933 3235 3192 3306 proprio,
3236 3240 3517 3289 venturus
3560 3240 3651 3290 est

2001 3325 2267 3379 omnium
2285 3323 2492 3395 judex,
2528 3324 2631 3378 sed
2663 3323 2813 3378 liber
2841 3324 2912 3378 ab
2954 3324 3401 3391 afflictionibus,
3444 3330 3649 3395 utpote

2003 3415 2156 3470 fame
2188 3430 2254 3469 ac
2285 3414 2403 3481 siti,
2437 3430 2645 3469 somno
2678 3430 2745 3468 ac
2770 3413 2971 3468 labore
3002 3430 3013 3467 :
3039 3431 3198 3469 nunc
3223 3414 3381 3468 enim
3411 3414 3645 3485 impati-

2004 3503 2123 3559 bile
2156 3520 2223 3559 ac
2246 3503 2580 3558 immortale
2611 3520 2823 3575 corpus
2849 3503 3043 3558 habet.
3080 3525 3107 3553 ‹‹
3140 3506 3321 3559 Porro
3358 3504 3536 3559 etiam
3599 3504 3651 3558 si

2007 3593 2386 3666 cognovimus
2409 3593 2704 3648 Christum
2729 3593 3059 3648 secundum
3083 3610 3343 3648 carnem.
3371 3616 3397 3641 ››
3445 3596 3660 3658 Quem-

2010 3684 2331 3739 admodum
2344 3684 2500 3755 apud
2514 3700 2621 3739 nos
2637 3685 2960 3739 secundum
2974 3701 3214 3739 carnem
3255 3700 3405 3752 esse,
3440 3684 3659 3737 dicitur

252 3785 383 3828 esse
414 3771 475 3825 in
502 3773 760 3843 peccatis
790 3789 802 3828 :
838 3778 895 3828 et
924 3774 1053 3829 sine
1084 3774 1175 3828 his
1208 3790 1356 3841 esse,
1389 3774 1605 3829 dicitur
1632 3790 1762 3829 esse
1793 3790 1915 3829 non
1948 3774 2273 3829 secundum
2306 3789 2546 3828 carnem
2576 3790 2589 3827 :
2625 3773 2704 3827 ita
2735 3790 2970 3843 quoque
3005 3772 3160 3843 apud
3210 3772 3507 3825 Christum
3562 3787 3657 3825 se-

252 3859 517 3917 cundum
549 3877 788 3916 carnem
823 3879 953 3918 esse
986 3862 1224 3931 dicitur,
1254 3863 1628 3918 naturalibus
1657 3863 1871 3934 subjici
1903 3862 2325 3919 afﬂictionibus
2361 3878 2373 3916 :
2435 3878 2557 3916 non
2610 3862 2822 3933 subjici
2879 3879 3035 3928 vero,
3096 3877 3224 3916 esse
3279 3877 3399 3915 non
3446 3876 3661 3915 secun-

253 3946 398 4004 dum
430 3965 690 4005 carnem.
728 3950 838 4005 Sed
871 3951 1375 4022 quemadmodum
1406 3951 1529 4019 ille,
1564 3952 1778 4023 inquit,
1812 3950 2097 4006 liberatus
2128 3956 2235 4019 est,
2266 3950 2347 4004 sic
2380 3956 2438 4005 et
2466 3966 2591 4004 nos.
2625 3951 2711 4004 Ita
2736 3949 2913 4003 habet
2970 3949 3244 4004 Clemens
3302 3952 3511 4018 quarto
3566 3950 3663 4001 In-

250 4041 651 4110 formationum
684 4039 852 4095 libro.

322 4128 486 4182 ’Ὥστε
518 4123 569 4181 εἷ’
598 4147 679 4188 τις
736 4126 787 4181 ἐν
823 4129 1066 4203 Χριστῷ,
1125 4130 1286 4198 καινή
1344 4130 1539 4191 κτίσις.
1573 4130 1649 4184 Τὰ
1698 4128 1903 4203 ἀρχαῖα

254 4213 560 4291 παρῆλθεν,
643 4214 762 4270 ἰδοὺ
844 4216 1029 4293 γέγονε
1085 4218 1243 4273 καινὰ
1320 4218 1387 4273 τὰ
1468 4218 1658 4274 πάντα.
1712 4218 1792 4274 Τά
1848 4214 1905 4271 δὲ

253 4306 427 4362 πάντα
459 4306 517 4361 ἐκ
545 4310 641 4361 τοῦ
676 4311 831 4376 Θεοῦ,
875 4313 973 4363 τοῦ
1030 4307 1467 4380 καταλλάξαντος
1523 4310 1671 4381 ἡμᾶς
1729 4308 1906 4379 ἑαυτῷ

258 4394 350 4451 διά
380 4397 562 4467 Ἰησοῦ
592 4398 855 4472 Χριστοῦ,
888 4397 977 4453 καὶ
1037 4397 1221 4462 δόντος
1280 4402 1416 4473 ἡμῖν
1472 4403 1573 4469 τὴν
1629 4398 1903 4456 διακονίαν

2086 4129 2149 4199 ν,
2185 4130 2374 4183 17-19.
2410 4126 2646 4183 Proinde
2674 4130 2721 4184 si
2749 4130 2870 4198 quis
2916 4128 3059 4183 vivit
3114 4128 3171 4181 in
3230 4127 3465 4198 Christo,
3516 4144 3660 4182 nova

2015 4224 2270 4274 creatura
2297 4224 2394 4272 est.
2432 4219 2625 4273 Vetera
2649 4218 3073 4287 praeterierunt,
3131 4233 3249 4271 ecce
3305 4232 3448 4271 nova
3498 4220 3659 4284 facta

2012 4314 2141 4364 sunt
2171 4309 2373 4363 omnia.
2407 4308 2602 4363 Omnia
2634 4314 2815 4361 autem
2855 4324 2922 4361 ea:
2978 4307 3084 4361 Deo
3128 4308 3225 4375 qui
3283 4305 3667 4360 reconciliavit

2016 4414 2115 4453 nos
2141 4398 2246 4453 sibi
2266 4414 2371 4469 per
2397 4399 2579 4452 Iesum
2610 4397 2888 4452 Christum
2917 4414 2936 4449 .·
2965 4396 3226 4465 deditque
3256 4394 3408 4449 nobis
3464 4396 3661 4448 minis-

258 4492 359 4555 τῆς
390 4483 765 4590 καταλλαγῆς,
796 4488 870 4550 ὡς
903 4489 985 4544 ὅτι
1018 4489 1148 4552 Θεὸς
1205 4492 1269 4559 ἦν
1318 4488 1370 4545 ἐν
1425 4491 1643 4565 Χριστῷ
1700 4490 1897 4563 κόσμοι

2021 4490 2222 4544 terium
2249 4487 2731 4554 reconciliationis,
2748 4486 3193 4557 quandoquidem
3215 4487 3353 4539 Deus
3376 4500 3481 4553 per
3498 4484 3658 4538 Chri-

260 4573 654 4633 καταλλάσσων
737 4577 932 4648 ἑαυτῷ,
1021 4581 1096 4653 μή
1186 4578 1543 4655 λογιζόμενος
1604 4579 1789 4643 αὐτοῖς
1840 4580 1909 4635 τά

261 4666 682 4740 παραπτώματα
709 4667 908 4740 αὐτῶν,
932 4668 1022 4723 καὶ
1057 4669 1282 4743 θέμενος
1306 4671 1442 4743 ἡμῖν
1474 4670 1565 4725 τὸν
1614 4668 1781 4745 λόγον
1811 4677 1912 4741 τῆς

261 4754 642 4831 καταλλαγῆς.

338 4844 408 4900 Ei
432 4867 514 4908 τις
545 4844 597 4901 ἐν
627 4848 848 4921 Χριστῷ
882 4852 969 4921 ζῇ,
1030 4849 1186 4926 φησὶ,
1244 4850 1521 4906 τουτέστιν
1566 4849 1617 4904 ἐν
1676 4854 1744 4924 τῇ
1825 4847 1917 4903 πί-

267 4956 378 4992 στει
411 4935 599 5009 αὐτοῦ,
630 4938 790 5006 και·νὴ
822 4939 997 5001 κτίσις
1038 4939 1199 4998 ἐστίν.
1234 4939 1324 5001 Εἲς
1380 4940 1566 5007 καινὴν
1619 4940 1719 5015 γάρ
1776 4936 1915 5007 ἦλθε

261 5025 353 5081 καὶ
410 5026 531 5081 νέαν
581 5029 727 5097 ζωὴν
784 5029 896 5103 (καὶ
943 5029 1045 5105 γάρ
1124 5027 1320 5086 ἄνωθεν
1403 5029 1765 5105 ἐγεννήθημεν
1827 5025 1916 5083 δια

260 5118 363 5169 τοῦ
393 5116 747 5191 Πνεύματος),
780 5123 878 5173 τοῦ
913 5123 1007 5193 ζῇν
1046 5118 1107 5173 οὐ
1161 5121 1262 5188 τὴν
1295 5119 1346 5173 ἐν
1406 5118 1700 5192 ἁμαρτίαις
1746 5119 1912 5189 ζωὴν,

264 5200 412 5258 ἀλλα
458 5207 559 5274 τήν
618 5204 669 5261 ἐν
725 5208 1013 5280 πνεύματι.
1066 5232 1095 5259 ι‹
1155 5210 1237 5264 Τα
1277 5208 1483 5286 ἀρχαῖα
1548 5205 1849 5283 παρῆλθεν.
1888 5230 1910 5259 ι

264 5299 405 5350 Ποῖα
434 5292 684 5369 ἀρχαῖας
738 5296 864 5365 ἦτοι
914 5299 981 5353 τά
1036 5298 1410 5371 ἁμαρτήματά
1470 5319 1604 5375 φησι
1678 5298 1767 5352 καὶ
1823 5295 1917 5358 τάς

266 5376 598 5453 ἀσεϐείας,ή
640 5386 707 5439 τά
765 5382 1036 5441 Ἰουδαϊκά
1092 5385 1286 5443 πάντα.
1353 5420 1418 5429 -
1474 5384 1722 5449 Ἄλλως.
1794 5390 1917 5447 Πῶς

271 5471 329 5528 δὲ
355 5494 421 5528 τα
452 5473 656 5549 άρχαῖα
686 5475 936 5549 παρῆλθε
970 5496 981 5546 ;
1018 5478 1187 5551 Ψυχὴ
1220 5476 1310 5531 καὶ
1380 5482 1541 5551 σῶμα
1593 5478 1729 5550 ἡμῖν
1796 5496 1915 5531 καιο

267 5563 361 5619 νὸν
395 5562 682 5638 (ἐκαθάρθη
714 5586 815 5640 γαρ
863 5570 943 5637 τῷ
1003 5565 1378 5641 βαπτίσματι),
1414 5568 1653 5636 Διαθήκη
1716 5566 1913 5634 Καινὴ.

276 5652 428 5710 Ἀντὶ
484 5660 581 5724 τῆς
643 5652 881 5727 ἐπιγείου
938 5654 1323 5728 Ἰερουσαλὴμ,
1378 5656 1405 5709 ὁ
1490 5655 1735 5733 οὐρανός.
1770 5655 1915 5712 Ἀντί

2018 4586 2163 4635 stum
2191 4577 2582 4634 reconciliabat
2613 4577 2873 4632 mundum
2928 4576 3052 4641 sibi,
3110 4590 3221 4629 non
3276 4579 3537 4643 reputans
3587 4576 3662 4628 eis

2013 4676 2242 4740 peccata
2268 4685 2369 4725 sua
2399 4687 2417 4723 :
2449 4675 2498 4723 et
2517 4670 2704 4739 posuit
2734 4669 2792 4721 in
2820 4667 2973 4722 nobis
3003 4680 3300 4721 sermonem
3329 4664 3657 4719 reconciliao

2023 4762 2209 4815 tionis.

2093 4848 2243 4905 688
2276 4849 2335 4904 Si
2366 4847 2499 4919 quis
2530 4846 2669 4901 vivit
2703 4846 2765 4901 in
2792 4846 3042 4908 Christo,
3103 4844 3319 4916 inquit,
3382 4846 3492 4899 hoc
3553 4849 3663 4912 est,

2024 4940 2083 4994 in
2118 4938 2231 4993 fide
2264 4938 2351 4993 vel
2384 4954 2488 5008 per
2512 4935 2688 4990 [idem
2710 4936 2917 5006 ipsius,
2951 4951 3097 4989 nova
3128 4942 3398 4989 creatura
3429 4940 3539 4999 est,
3592 4934 3664 4987 ad

2021 5045 2231 5084 novam
2260 5027 2417 5082 enim
2449 5042 2516 5082 ac
2538 5024 2866 5095 juvenilem
2899 5024 3055 5079 venit
3102 5024 3279 5079 vitam
3339 5022 3658 5093 (siquidem

2024 5134 2276 5189 superne
2309 5116 2431 5171 nati
2463 5132 2667 5170 sumus
2700 5131 2805 5185 per
2834 5112 3163 5184 Spiritum),
3194 5118 3262 5167 ut
3318 5112 3486 5172 vivat,
3540 5126 3662 5164 non

2022 5205 2139 5259 vita
2168 5221 2297 5274 qua:
2329 5204 2391 5257 in
2423 5202 2681 5274 peccatis
2711 5203 2922 5273 agitur,
2952 5201 3055 5255 sed
3114 5217 3243 5270 qua:
3298 5200 3359 5253 in
3421 5197 3659 5269 Spiritu.

2024 5297 2233 5350 Vetera
2262 5294 2695 5365 prmterierunt.
2732 5314 2759 5340 »
2792 5293 3073 5355 Quaenam
3105 5295 3299 5344 vetera
3317 5288 3344 5342 ‘I
3390 5290 3504 5341 Aut
3533 5303 3667 5357 pec-

2024 5389 2153 5440 cata
2174 5382 2315 5438 dicit
2343 5388 2398 5436 et
2419 5382 2772 5451 impietates,
2798 5386 2900 5435 aut
2921 5385 3132 5435 cuncta
3155 5377 3417 5433 Judaica.
3445 5406 3513 5416 -—
3535 5375 3665 5430 Atio

2022 5474 2200 5530 modo.
2227 5471 2529 5538 Quomodo
2555 5475 2754 5526 autem
2778 5476 2970 5524 vetera
3010 5468 3425 5539 prmterierunt
3446 5468 3473 5521 ?
3520 5464 3664 5520 Ani-

2023 5580 2120 5620 ma
2150 5581 2217 5620 ac
2239 5580 2451 5634 corpus
2481 5560 2651 5616 nobis
2675 5561 2949 5615 innovata
2975 5564 3132 5627 sunt,
3151 5574 3363 5628 nempe
3386 5556 3670 5628 purifica-

2027 5660 2084 5709 ta
2114 5671 2219 5725 per
2248 5650 2854 5725 baptismumzdatum
2881 5654 2968 5704 est
2990 5650 3207 5703 Nomm
3227 5649 3667 5702 Testamentum
