4048 6250
456 355 577 417 979

1571 352 1996 413 (ECUMENII
2042 351 2345 413 TI’tiCCzE
2387 350 2741 414 EPISCOP]
3724 359 3811 419 980

455 508 562 566 pro
593 489 824 547 Veteri:
857 505 961 562 pre
1009 493 1260 560 terrena,
1310 489 1635 546 Jerusalem
1660 488 1917 545 scelestis
1950 504 1964 555 ;
1997 504 2085 560 ρι’(

2215 489 2346 541 ναοῦ
2376 482 2661 556 αἰσθητοῦ,
2689 485 2818 551 ναὸς
2845 486 3232 561 πνευματικός.
3290 488 3449 544 Ἀντί
3506 489 3705 546 πλακῶν
3750 492 3815 549 λι-

454 581 676 654 templo
709 579 1002 643 sensibili,
1034 580 1322 651 templum
1354 580 1700 653 spirituale;
1736 596 1839 651 pro
1880 578 2100 634 tabulis

451 670 725 743 lapideis,
759 685 992 725 carnem
1026 669 1243 724 tabulm
1280 687 1292 735 ;
1327 687 1433 742 pro
1474 669 1948 731 circumcisione,
2005 668 2102 723 ba-

452 759 705 831 ptismus
728 800 742 824 ,
767 774 872 830 pro
893 775 1360 829 manna,corpus
1386 758 1754 813 Uominicum
1780 774 1793 823 ;
1819 774 1923 828 pro
1946 773 2101 828 aqua

450 848 587 905 data
608 865 678 903 ex
702 854 888 919 petra,
912 848 1151 920 sanguis
1174 848 1518 903 Dominicus
1544 864 1557 913 ;
1580 864 1683 919 pro
1734 847 1894 919 virga
1932 847 2095 916 Mosi,

452 954 596 994 crux
629 953 642 1002 ;
677 953 779 1007 pro
812 942 969 992 terra
1005 936 1443 1008 promissionis,
1503 953 1748 1008 regnum
1809 935 2047 990 caeleste
2084 951 2096 1001 ;

449 1043 556 1101 pro
590 1026 923 1082 innumeris
954 1025 1278 1081 sacerdotis
1314 1028 1484 1095 juxta
1542 1025 1732 1096 legem
1786 1024 2095 1089 institutis,

451 1133 604 1173 unus
625 1116 886 1188 pontifex
910 1114 1213 1179 Christus;
1256 1130 1361 1185 pro
1414 1112 1795 1168 immaculata
1843 1128 1945 1166 ove
1979 1112 2097 1167 sive

449 1223 621 1279 agno,
642 1204 823 1261 Filius
842 1204 940 1259 Dei
968 1219 981 1269 ;
1007 1219 1112 1275 pro
1129 1201 1288 1257 nudo
1317 1202 1558 1257 nomine
1580 1201 1936 1272 adoptionis,
1962 1216 2099 1255 vera

449 1294 709 1366 adoptio.
735 1295 891 1348 Nova
922 1291 1217 1363 siquidem
1242 1297 1515 1346 creatura
1536 1290 1694 1345 dicta
1716 1296 1823 1358 est,
1858 1295 1916 1344 et
1963 1306 2098 1344 con-

448 1384 690 1440 ferendo
712 1382 786 1439 ad
805 1381 983 1436 vitam
1007 1398 1136 1452 quae
1160 1381 1221 1435 in
1244 1380 1501 1452 peccatis
1548 1380 1854 1451 agebatur,
1914 1384 1972 1434 et
2023 1378 2097 1433 ad

450 1489 647 1530 mores
687 1489 754 1528 ac
787 1477 1081 1543 praecepta
1102 1470 1428 1525 secundum
1447 1469 1637 1541 legem
1660 1468 1814 1524 data.
1834 1491 1860 1519 ι(
1887 1468 2097 1523 Omnia

453 1568 649 1618 autem
673 1577 743 1615 ex
768 1560 909 1615 Deo.
936 1580 963 1609 υ
989 1560 1121 1613 Haec
1144 1564 1341 1613 autem
1360 1558 1582 1624 omnia,
1607 1557 1823 1627 inquit,
1876 1574 1943 1611 ex
1976 1558 2094 1611 Deo

452 1651 656 1706 datum
671 1654 829 1716 sunt,
852 1649 952 1720 qui
968 1664 1074 1702 nos
1093 1647 1200 1701 sibi
1218 1647 1329 1718 ipsi
1344 1646 1745 1702 reconciliavit
1764 1662 1870 1717 per
1882 1645 2095 1699 Filium

452 1759 623 1798 suum
647 1740 1056 1796 mediatorem.
1082 1740 1280 1808 Neque
1302 1737 1460 1790 enim
1485 1752 1593 1790 nos
1610 1734 1684 1790 ad
1722 1751 1857 1789 eum
1889 1750 2066 1789 accur

452 1834 660 1900 rimus,
684 1831 787 1888 sed
810 1832 934 1903 ipse
962 1846 1067 1884 nos
1093 1829 1314 1884 vocavit
1336 1844 1439 1899 per
1464 1826 1688 1881 caedem
1708 1842 1775 1881 ac
1826 1825 2094 1880 immola-
2126 1861 2171 1924 Β

450 1924 673 1978 tionem
702 1920 832 1975 Filii
866 1920 976 1975 sui.
1038 1941 1066 1968 «
1120 1917 1409 1988 Deditque
1469 1917 1641 1970 nobis
1692 1915 2092 1970 ministerium

448 2007 976 2066 reconciliationis.
1014 2029 1041 2053 »
1065 2006 1108 2060 Ο
1132 2005 1484 2075 profundam
1504 2004 1977 2074 immensamque
1999 2003 2091 2058 be-

451 2099 802 2169 nignitatem
833 2112 899 2151 ac
934 2094 1364 2149 humanitatem
1391 2093 1403 2147 Σ
1438 2095 1563 2148 Non
1586 2093 1745 2146 enim
1776 2098 2091 2163 postquam

448 2186 663 2241 Filium
690 2200 861 2240 suum
881 2182 1135 2255 legatum
1159 2182 1231 2237 ad
1256 2181 1805 2237 reconciliationem
1830 2182 2091 2250 miserat,

448 2280 509 2331 et
537 2274 637 2330 ille
659 2275 1054 2344 interemptus
1083 2271 1293 2341 fuerat,
1329 2271 1610 2342 deinceps
1645 2287 1752 2326 nos
1809 2270 2089 2342 neglexit,

449 2364 553 2421 sed
585 2363 732 2419 Filio
765 2378 998 2435 quoque
1031 2367 1263 2417 mortuo
1297 2361 1470 2416 nobis
1520 2360 1803 2432 apostolis
1851 2376 2090 2415 rursum

445 2453 696 2512 credidit
716 2450 1114 2508 ministerium
1130 2450 1652 2507 reconciliationis.
1668 2474 1685 2497 -
1710 2449 2090 2521 Quandoqui-

446 2544 580 2601 dem
601 2545 756 2600 Deus
779 2558 883 2614 per
903 2541 1224 2597 Christum.
1252 2563 1280 2589 »
1303 2539 1535 2594 Etenim
1561 2540 1843 2611 primum,
1875 2539 2087 2610 inquit,

444 2633 505 2690 id
536 2639 643 2698 est,
677 2638 813 2688 ante
843 2631 1205 2703 passionem,
1234 2630 1410 2698 Deus,
1470 2646 1685 2700 nempe
1743 2632 1937 2695 Pater,
1988 2645 2095 2700 per

443 2724 739 2779 Christum
771 2722 1034 2777 medium
1067 2720 1188 2776 sive
1220 2719 1633 2785 mediatorem,
1667 2718 1957 2774 mundum
1979 2718 2092 2773 sibi

441 2811 885 2870 reconciliabat.
921 2834 948 2861 ‹‹
983 2812 1108 2866 Non
1138 2816 1423 2881 reputans
1454 2809 1539 2864 eis
1596 2815 1839 2881 peccata
1898 2825 2024 2865 sua.
2065 2830 2092 2859 ››

445 2903 534 2959 Ita
554 2902 712 2957 enim
735 2906 793 2956 et
813 2917 931 2955 non
945 2900 1060 2955 alio
1081 2900 1255 2954 modo
1274 2904 1503 2971 poterat
1522 2899 1649 2953 fieri
1666 2899 2091 2968 reconciliatio,

441 2996 507 3048 ut
525 2992 784 3064 primum
807 2989 1253 3045 remitterentur
1274 2993 1535 3060 peccata,
1566 3004 1633 3043 ac
1658 2988 1705 3043 si
1731 2988 1814 3043 ita
1858 3005 2093 3061 pmnam

440 3082 761 3154 expetisset
789 3084 1190 3153 peccatorum,
1241 3081 1299 3131 et
1349 3077 1434 3132 sic
1487 3076 1692 3133 nullus
1730 3077 1974 3133 relictus
2006 3085 2097 3134 est

438 3172 675 3243 quijam
698 3168 1137 3226 reconcilietur.
1166 3198 1191 3217 κι
1218 3168 1288 3221 Et
1308 3167 1507 3238 posuit
1528 3166 1588 3221 in
1630 3167 1804 3223 nobis
1856 3185 2085 3223 sermo-

439 3277 596 3317 nem.
633 3282 662 3311 »
684 3262 858 3315 Pater
887 3259 1085 3329 itaque
1116 3254 1295 3311 etiam
1327 3261 1464 3311 ante
1497 3256 1834 3328 passionem
1866 3274 1971 3328 per
1990 3258 2084 3312 Fi-

438 3349 585 3404 lium
611 3346 1037 3403 reconciliabat
1057 3344 1167 3399 sibi
1185 3342 1497 3411 mundum,
1522 3345 1622 3414 qui
1645 3362 1806 3400 nunc
1848 3361 2085 3416 quoque

436 3436 635 3508 posuit
665 3435 727 3489 in
756 3434 928 3489 nobis
959 3448 1295 3488 sermonem
1327 3449 1395 3487 ac
1427 3433 1826 3488 ministerium
1880 3451 2085 3489 recon-

438 3523 774 3580 ciliationis.
810 3523 961 3578 689
995 3524 1138 3577 Nam
1160 3522 1442 3591 quoniam
1471 3521 1653 3575 Filius
1679 3539 1821 3577 suus
1839 3524 2081 3578 crucifi-

434 3630 544 3669 xus
566 3617 675 3680 est,
700 3629 807 3667 nos
829 3610 1071 3682 reliquit
1092 3609 1191 3681 qui
1215 3609 1665 3664 exhortaremur
1681 3611 1754 3665 ad
1803 3612 2077 3667 reconci-

435 3701 743 3757 liationem
796 3717 897 3756 eos
956 3699 1057 3770 qui
1116 3703 1256 3752 sunt
1312 3714 1491 3769 super
1555 3704 1795 3754 terram.
1865 3698 2078 3756 Vidisti

509 3793 570 3861 V,
604 3794 693 3858 20,
726 3794 813 3845 2i.
850 3792 955 3845 Pro
987 3789 1199 3844 Christo
1228 3790 1415 3858 itaque
1461 3789 1733 3857 legatione
1786 3791 2081 3859 fungimur

434 3888 698 3953 tanquam
759 3882 865 3934 Deo
913 3896 1014 3949 per
1068 3895 1167 3933 nos
1224 3879 1572 3945 exhortante,
1640 3895 1896 3949 rogamus
1974 3897 2079 3950 pro

433 3970 670 4033 Christo,
702 3968 1130 4024 reconcitiemini
1164 3970 1288 4023 Deo.
1326 3970 1464 4023 Eum
1496 3985 1732 4040 namque
1762 3972 1860 4040 qui
1882 3987 2075 4040 pecca-

432 4063 546 4113 tum
576 4074 685 4111 non
709 4064 958 4120 noverat,
988 4073 1092 4127 pro
1120 4058 1274 4111 nobis
1326 4065 1614 4126 peccatum
1671 4061 1828 4127 fecit,
1887 4067 1948 4114 ut
1979 4076 2077 4116 nos

430 4149 775 4215 efﬁceremur
787 4147 1018 4216 justitia
1049 4148 1142 4201 Ι.ἐί
1167 4163 1268 4216 per
1297 4147 1475 4201 illum.

2208 575 2929 651 θίνων,σάρκινοιπλάκες’
2986 575 3105 632 ἀντὶ
3163 586 3520 653 περιτομῆς,
3576 580 3819 655 βάπτισμα.

2211 664 2356 723 Ἀντὶ
2394 666 2588 738 μάννα,
2623 669 2782 738 σῶμα
2813 667 3160 722 Δεσποτικόψ
3192 665 3330 723 ἀντὶ
3391 672 3515 736 τοῦ,
3570 667 3624 723 ἐκ
3667 672 3819 746 πέτρας

2210 752 2424 824 ὓδατος,
2457 755 2596 828 αἷμα
2628 757 2975 811 Δεσποτικόν·
3008 757 3127 812 ἀντὶ
3174 764 3284 826 τῆς
3353 751 3561 830 ῥάϐδου
3617 762 3821 829 Μωσέως,

2209 844 2513 919 ὁσταυρός’
2549 843 2670 900 ἀντὶ
2718 852 2820 919 γῆς
2874 844 3220 920 ἐπαγγελίας,
3292 844 3560 921 βασιλεία
3615 847 3823 920 οὐρανῶν.

2209 933 2364 988 ’Λντὶ
2400 932 2610 1008 μυρίων
2641 937 2750 987 τῶν
2779 936 2918 990 κατᾶ
2946 934 3037 989 τὸν
3066 934 3237 1006 νόμον
3305 936 3529 1009 ἱερέων,
3589 938 3663 996 εἷς
3689 936 3827 1008 ἀρχιε-

2215 1023 2335 1097 ρεὺς
2372 1023 2400 1077 ὁ
2435 1023 2689 1095 Χριστός
2724 1024 2841 1078 ἀντὶ
2874 1023 3113 1097 ἀμώμου
3156 1019 3480 1097 προϐάτου,
3532 1025 3560 1079 ὁ
3613 1027 3721 1088 Υἱὸς
3757 1032 3825 1081 τοῦ

2207 1116 2363 1166 Θεοῦ·
2395 1111 2511 1167 ἀντὶ
2543 1111 2711 1186 ψιλοῦ
2743 1112 3012 1185 ὀνόματος
3067 1115 3377 1183 υἱοθεσίας,
3439 1113 3652 1185 ἀληθής
3694 1117 3825 1171 υἱοθε-

2206 1200 2315 1257 σία.
2339 1202 2398 1258 ἹΙ
2435 1203 2540 1277 γὰρ
2569 1203 2727 1271 καινή
2769 1202 2968 1271 κτίσις,
3003 1204 3090 1258 καὶ
3122 1204 3195 1265 ὡς
3235 1205 3389 1279 πρὸς
3451 1206 3551 1274 τήν
3605 1203 3654 1259 ἐν
3704 1206 3831 1279 ἀμαρ-

2205 1290 2346 1354 τίαις
2378 1293 2493 1361 ζωὴ
2520 1290 2755 1367 εἶ’ρηται,
2784 1292 2875 1347 καὶ
2906 1294 2980 1353 ὡς
3011 1293 3147 1368 πρὸς
3203 1294 3278 1347 τὰ
3347 1294 3492 1348 κατὰ
3547 1295 3703 1366 νόμον
3748 1294 3828 1363 ἢθη

2206 1380 2297 1435 καὶ
2362 1380 2720 1456 ἐπιτάγματα.
2779 1406 2808 1434 ‹‹
2868 1382 2949 1439 Ti
2995 1379 3053 1437 δὲ
3135 1382 3319 1437 πάντα
3375 1381 3438 1437 ἐκ
3490 1386 3609 1437 ’τοῦ
3657 1387 3830 1438 Θεοῦ.»

2207 1473 2394 1528 Ταῦτα
2452 1468 2507 1525 δὲ
2565 1471 2755 1537 πάντα,
2824 1471 3009 1547 φησὶν,
3059 1470 3118 1526 ἐκ
3147 1475 3286 1526 Θεοῦ
3347 1474 3491 1544 ἡμῖν
3551 1469 3827 1547 δεδώρηται,

2206 1562 2302 1613 τοῦ
2336 1556 2425 1613 διδ.
2459 1558 2678 1631 μεσίτου
2716 1562 2813 1613 τοῦ
2867 1559 2996 1613 Υἱοῦ
3052 1558 3244 1623 αὑτοῦ,
3319 1558 3829 1629 ἆποκαταλλάξαντος

2207 1651 2355 1720 ἡμᾶς
2408 1648 2593 1721 ἑαυτῇ.
2654 1648 2736 1704 Οὐ
2795 1648 2899 1723 γὰρ
2958 1650 3123 1721 ἡμεῖς
3180 1647 3338 1721 αὐτῷ
3400 1644 3827 1724 προσεδράμομεν,

2206 1736 2336 1793 ἀλλ’
2368 1736 2528 1799 αὐτὸς
2555 1739 2704 1809 ἡμᾶς
2734 1735 2976 1804 ἐκάλεσε,
3002 1735 3092 1791 διὰ
3145 1744 3247 1806 τῆς
3318 1744 3541 1812 σφαγῆς
3594 1741 3686 1792 τοῦ
3734 1737 3829 1792 Υἱοῦ

2208 1826 2394 1882 αὐτοῦ.
2428 1850 2456 1879 «
2492 1825 2596 1881 Καὶ
2629 1822 2819 1887 δόντος
2860 1827 2997 1898 ἡμῖν
3050 1826 3149 1894 τήν
3210 1824 3497 1882 διακονίαν
3551 1833 3647 1895 τῆς
3676 1824 3827 1880 καταλ-

2206 1913 2403 1990 λαγῆς.
2444 1937 2470 1965 ››
2499 1915 2566 1967 ’Ὠ
2597 1914 2801 1988 βάθους
2856 1913 3323 1988 φιλανθρωπίαςί
3381 1914 3462 1973 Οὗ
3522 1916 3625 1990 γὰρ
3680 1911 3826 1978 ἐπειδὴ

2196 1999 2433 2079 πρέσϐυν
2467 2002 2553 2059 ἐπὶ
2585 2001 2943 2080 καταλλαγὴν
2995 1999 3206 2078 ἔπεμψε
3244 2005 3345 2059 τὸν
3380 2004 3530 2074 rtem,
3587 2004 3734 2064 αὐτὸς
3780 2001 3821 2056 δὲ

2197 2095 2430 2173 ἐσφάγη,
2459 2094 2652 2151 λοιπὸν
2685 2094 2965 2167 ἠμέλησεν
2997 2097 3181 2168 ἡμῶν,
3212 2094 3373 2152 ἀλλᾶ
3429 2095 3519 2150 καὶ
3574 2098 3662 2149 τοῦ
3711 2095 3822 2151 Υἳοῦ.

2197 2187 2587 2254 ἀποθανόντος,
2644 2187 2782 2258 ἡμῖν
2834 2186 2933 2255 τὴν
2996 2185 3273 2242 διακονίαν
3336 2193 3440 2256 τῆς
3517 2183 3822 2255 καταλλαγῆς

2197 2273 2362 2331 πάλιν
2399 2273 2678 2331 ἐπίστευσε
2705 2279 2821 2335 τοῖς
2852 2273 3206 2339 ἀποστόλοις,
3272 2302 3294 2327 ι
3334 2277 3428 2338 Ὠς
3483 2274 3564 2329 ὅτι
3617 2273 3729 2335 Θεὸς
3770 2271 3818 2338 ἦν

2198 2362 2250 2419 ἐν
2275 2367 2518 2438 Χριστῷ.
2550 2386 2576 2417 υ
2613 2363 2711 2421 Καὶ
2765 2364 2889 2437 γὰρ,
2950 2364 3107 2440 φησὶ,
3154 2364 3216 2418 τὸ
3284 2370 3527 2439 πρῶτον,
3583 2363 3685 2416 οἷον
3731 2359 3810 2434 πρὸ

2197 2456 2294 2508 τοῦ
2325 2456 2582 2527 σταυροῦ,
2615 2452 2743 2514 Θεὸς
2772 2452 2866 2523 ἦν,
2897 2454 3197 2523 τουτέστιν,
3223 2455 3256 2509 ὁ
3304 2454 3518 2527 Πατὴρ,
3549 2449 3630 2506 διὰ
3679 2447 3805 2522 μέσου

2198 2543 2431 2616 Χριστοῦ
2473 2541 2549 2603 ὡς
2576 2539 2822 2614 μεσίτου,
2856 2538 3257 2597 καταλλάσσων
3289 2544 3477 2614 ἑαυτῷ
3507 2541 3587 2594 τὸν
3643 2538 3811 2610 κόσμον

2200 2654 2227 2683 ‹‹
2264 2632 2350 2701 Μή
2381 2628 2738 2705 λογιζόμενος
2765 2629 2972 2690 αὐτοῖς.
3007 2654 3035 2682 ››
3069 2630 3229 2687 Οὕτω
3273 2631 3386 2708 γαρ
3419 2629 3510 2685 καὶ
3548 2628 3633 2683 οὐκ
3657 2624 3802 2684 ἄλλως

2201 2717 2324 2789 ἐνῆν
2357 2720 2454 2788 τήν
2493 2717 2849 2794 καταλλαγὴν
2912 2718 3178 2794 γενέσθαι,
3236 2721 3324 2794 τῷ
3387 2724 3597 2795 πρῶτον
3638 2715 3792 2790 ἀφεῖναι

2200 2809 2267 2862 τὰ
2324 2806 2813 2881 πλημμελήματα,
2876 2808 2950 2871 ὡς
3008 2810 3121 2885 εἷ’γε
3206 2806 3373 2881 δίκην
3453 2807 3666 2881 ἀπῄτησε
3702 2804 3778 2855 τῶν

2202 2898 2507 2972 ἁμαρτιῶν,
2544 2895 2642 2951 οὐκ
2670 2895 2731 2951 ἄν
2758 2917 2865 2965 τις,
2910 2897 3064 2975 φησὶ,
3120 2896 3490 2975 περιελείφθη
3548 2893 3597 2955 ὃς
3629 2886 3766 2945 καταλ-

2202 2984 2420 3061 λαγείη.
2458 3010 2484 3037 ‹‹
2520 2984 2618 3041 Καὶ
2652 2984 2876 3059 θὲμενος
2904 2985 2956 3041 ἐν
2989 2988 3124 3059 ἡμῖν
3156 2987 3250 3042 τὸν
3287 2987 3482 3062 λόγον.
3516 3009 3542 3038 »ι
3568 2984 3609 3037 Ὁ
3632 2976 3751 3048 "ﬂii?

2203 3076 2294 3130 οὗν
2324 3076 2413 3147 ἦν,
2475 3075 2564 3130 καὶ
2623 3076 2728 3151 πρὸ
2788 3079 2884 3131 τοῦ
2944 3081 3198 3152 σταυροῦ,
3250 3076 3413 3154 φησὶ,
3470 3073 3645 3130 διατοῦ
3678 3064 3770 3118 Υἲοῦ

2199 3164 2364 3220 αὐτοῦ
2441 3163 2832 3221 καταλλάσσων
2890 3167 3061 3237 ἑαυτῷ
3116 3166 3208 3221 τὸν
3266 3167 3502 3240 κόσμον,
3559 3155 3778 3216 omium

2204 3253 2429 3326 θέμενος
2462 3253 2514 3309 ἐν
2557 3256 2693 3327 ἡμῖν
2746 3254 2838 3309 τὸν
2896 3251 3059 3329 λόγον
3115 3255 3202 3309 καὶ
3265 3256 3370 3325 τήν
3431 3248 3675 3309 διακονίαν
3718 3247 3787 3309 τῆς

2194 3340 2572 3417 καταλλαγῆς.
2657 3340 2883 3412 Ἐπειδή
2934 3342 3059 3419 γὰρ,
3119 3344 3310 3422 φησὶν,
3388 3344 3416 3397 ὁ
3492 3339 3601 3399 ι’ἴὸς
3666 3331 3787 3422 αὐτοῦ

2194 3428 2679 3504 ἰσταυρώθη,ἠμᾶς
2711 3430 2854 3487 εἴασε
2869 3419 3318 3507 παρακαλοῦντας
3341 3433 3475 3507 πρὸς
3500 3419 3787 3493 καταλλαγὴν

2189 3521 2318 3582 τοὺς
2377 3520 2463 3575 ἐπὶ
2520 3528 2644 3595 γῆς.
2697 3518 2854 3583 Εἶδες
2910 3520 3138 3596 μέγεθος
3197 3521 3415 3601 ἆφάτου
3465 3514 3785 3601 ἆγαθότητοςξ

2191 3605 2360 3665 Οὐδὲν
2388 3611 2671 3683 τοιγαροῦν
2700 3595 2956 3686 φορτικὸν
2992 3610 3116 3683 ὑμῖν
3145 3595 3396 3686 ἤλθομεν
3428 3613 3655 3675 ποιῆσαι,
3674 3595 3786 3653 ἀλλᾶ

2191 3696 2385 3776 τρίλους
2416 3704 2645 3767 ποιῆσαι
2680 3699 2816 3772 ὑμᾶς
2850 3698 2985 3773 πρὸς
3015 3700 3106 3753 τὸν
3133 3699 3292 3758 Θεόν.

2258 3788 2417 3863 Ὑπὲρ
2450 3791 2684 3859 Χριστοῦ
2706 3788 2800 3842 οῦν
2834 3783 3231 3863 πρεσόεύομεν,
3294 3792 3371 3853 ὡς
3416 3790 3507 3843 τοῦ
3564 3783 3680 3839 Θεοῦ
3705 3795 3788 3831 πα·

2189 3876 2557 3952 ρακαλοῦντος
2592 3875 2662 3932 δι’
2689 3880 2870 3948 ἡμῶν.
2908 3877 3149 3951 Δεόμεθα
3178 3879 3314 3954 ὒπέρ
3347 3879 3591 3954 Χριστοῦ,
3622 3863 3779 3924 καταλ-

2188 3966 2393 4041 λάγητε
2420 3970 2499 4038 τῷ
2529 3971 2666 4038 Θεῷ.
2714 3967 2822 4023 Τὸν
2856 3968 2961 4045 γὰρ
2994 3969 3071 4040 μὴ
3130 3969 3325 4044 γνόντα
3380 3963 3642 4041 ἁμαρτίαν,
3671 3955 3775 4026 ὖπὲρ

2185 4060 2349 4130 ἡμῶν
2382 4058 2647 4132 ἁμαρτίαν
2682 4056 2962 4128 ἐποίησεν,
2987 4055 3080 4113 ’ἶνα
3111 4061 3274 4132 ἡμεῖς
3325 4057 3587 4138 γενώμεθα
3638 4046 3775 4104 δικαι-

2186 4147 2351 4212 οσ·3νη
2386 4150 2524 4201 Θεοῦ
2556 4146 2609 4201 ὲν
2633 4146 2801 4218 αὐτῷ.
3023 4145 3026 4148 ’

434 4234 905 4308 magnitudinem
935 4235 1251 4289 ineffabilis
1280 4235 1561 4290 bonitatis
1590 4236 1618 4290 ?
1648 4236 1801 4291 Nihil
1834 4237 2014 4310 igitur
2030 4253 2201 4310 grave
2230 4236 2502 4292 venimus
2535 4236 2609 4292 ad
2638 4236 3067 4307 imponendum
3098 4237 3279 4306 vobis,
3312 4238 3414 4295 sed
3444 4240 3504 4290 ut
3530 4248 3621 4286 vos
3672 4236 3776 4293 erga

431 4324 617 4380 Deum
649 4326 872 4379 amicos
903 4323 1294 4380 efficeremus.

505 4419 689 4470 Deum
742 4412 1142 4468 immortalem
1202 4428 1318 4482 quo
1375 4429 1501 4467 rem
1572 4414 1762 4485 ipsam
1822 4414 2078 4470 extulit!

432 4503 669 4569 Christi,
703 4503 918 4574 inquit,
952 4500 1514 4573 nominelegatione
1574 4502 1915 4575 fungimur;
1968 4520 2076 4558 nos

432 4593 592 4648 enim
624 4593 754 4663 ejus
812 4608 959 4664 opus
993 4591 1054 4646 in
1112 4607 1220 4645 nos
1273 4590 1628 4662 recepimus.
1689 4592 1839 4646 Loco
1896 4593 2077 4664 igitur

431 4681 642 4737 Christi
660 4680 953 4753 legatione
972 4678 1587 4752 fungimur,tanquam
1607 4680 1778 4734 Patre
1825 4697 1933 4752 per
1961 4698 2071 4737 nos

431 4768 878 4825 exhortante.Si
898 4767 1141 4840 quidem
1185 4767 1286 4822 ille
1335 4784 1456 4823 non
1507 4772 1732 4824 tantum
1765 4786 1869 4840 per
1898 4770 2065 4824 Chri-

2258 4413 2327 4466 ’Ώ
2355 4416 2461 4466 ποῦ
2513 4412 2669 4488 ἐξῆρε
2724 4413 2786 4468 τὸ
2843 4417 3066 4487 πρᾶγμα
3101 4415 3114 4470 i
3146 4415 3308 4490 Ὑπὲρ
3346 4413 3594 4479 Χριστοῦ»
3645 4397 3767 4490 (Ρη-τί»

2185 4495 2580 4575 πρεσϐεύομεν.
2611 4485 2719 4558 τΤὸ
2776 4485 2895 4576 γὰρ
2939 4485 3100 4557 αῦτοῦ
3154 4485 3307 4579 ἔργον
3365 4505 3517 4577 ἡμεῖς
3569 4485 3763 4579 ἂνεδεξάς

2188 4601 2342 4662 μεθα.
2377 4591 2517 4648 Ἀντὶ
2552 4595 2789 4665 Χριστοῦ
2819 4592 2909 4645 οῦν
2943 4594 3108 4664 ἡμεῖς
3148 4577 3527 4667 τέρεσϐεύομεν,
3579 4586 3643 4644 ὡς
3686 4577 3760 4667 τοῦ

2187 4681 2394 4753 Πατρὸς
2427 4679 2873 4755 παρακαλοῦντος
2905 4677 2976 4736 δι’
3003 4666 3203 4753 ἡμῶν(
3236 4680 3375 4741 Οὔτε
3427 4679 3522 4755 γὰρ
3565 4672 3640 4728 διὰ
3685 4666 3759 4721 τοῦ

2178 4769 2413 4841 Χριστοῦ
2444 4769 2607 4843 μόνον
2639 4768 2968 4844 παρακαλεῖ,
3001 4768 3147 4826 ἀλλᾶ
3170 4772 3365 4827 τούτου
3418 4757 3759 4838 παυρωθέντος

432 4866 589 4917 stum
610 4859 972 4925 exhortatur,
998 4858 1099 4913 sed
1119 4858 1221 4913 illo
1243 4858 1420 4913 etiam
1445 4858 1724 4914 cruciﬁxo
1777 4877 1934 4915 nunc
1964 4877 2070 4932 per

2196 4857 2437 4931 ῖι’ἠμῶν
2464 4863 2555 4914 νῦν
2615 4843 2935 4935 παρακαλεῖ.
2996 4883 3025 4912 ‹‹
3086 4861 3327 4932 Δεόμεθα
3375 4859 3496 4933 ὑπὲρ
3547 4846 3756 4935 Χριστοῦ.

431 4966 540 5006 nos
563 4949 924 5006 exhortatur.
946 4972 970 4996 ‹‹
1000 4949 1293 5020 Rogamus
1315 4964 1420 5019 pro
1453 4947 1682 5003 Christo
1727 4949 2078 5004 reconcilie-

426 5039 577 5096 mini
604 5039 740 5095 Deo.
767 5059 796 5089 »
822 5039 931 5092 Pro
957 5036 1187 5093 Christo
1211 5038 1408 5108 itaque
1434 5036 1724 5109 legatione
1764 5038 2076 5112 fungentes

429 5131 608 5187 etiam
630 5144 736 5201 pro
759 5127 989 5182 Christo
1024 5125 1404 5181 exhortamur
1436 5131 1493 5180 et
1523 5143 1819 5199 rogamus,
1856 5143 2073 5183 recon-

425 5220 713 5278 ciliemini
745 5221 882 5274 Deo.
916 5218 1028 5271 Vos
1058 5217 1218 5271 enim
1248 5216 1450 5271 hostes
1483 5216 1645 5277 estis.
1680 5222 1739 5271 et
1786 5218 1886 5288 qui
1936 5218 2071 5274 odio

424 5311 676 5378 habetis,
709 5326 809 5364 vos
843 5309 1043 5378 itaque
1095 5304 1589 5369 reconciliemini,
1617 5305 1691 5360 ad
1750 5307 2072 5362 amicitiam

422 5398 821 5456 revertamini.
866 5420 896 5449 »
945 5398 1092 5452 Eum
1150 5410 1366 5465 uampe
1424 5393 1525 5465 qui
1585 5400 1891 5465 peccatum
1949 5412 2071 5451 non

422 5495 686 5544 noverat.
714 5508 737 5537 υ
765 5485 1179 5541 Animadverte
1203 5482 1366 5538 Pauli
1386 5482 1705 5537 artiﬁcium
1742 5499 1807 5539 ac
1835 5485 2073 5555 sapien-

424 5576 590 5632 tiam.
621 5574 910 5645 Deinceps
940 5579 1225 5644 tanquam
1252 5571 1480 5645 legatus
1536 5587 1775 5627 causam
1833 5589 2068 5644 quoque

425 5664 725 5739 pouitqua
737 5662 1081 5734 persuaderi
1105 5659 1354 5734 possint.
1390 5661 1459 5715 Ut
1476 5659 1649 5726 nihil,
1683 5660 1896 5733 inquit,
1915 5661 2071 5733 prio-

2180 4948 2567 5026 καταλλάγτ,τε
2592 4954 2669 5022 τῷ
2694 4933 2869 5022 Θεῷ.»
2906 4950 3065 5025 Ὑπὲρ
3098 4952 3329 5026 Χριστοῦ
3358 4951 3443 5006 οόν
3488 4933 3757 5026 πρεσϐεύον-

2176 5058 2283 5104 τες,
2315 5038 2404 5092 καὶ
2437 5039 2566 5114 ὑπὲρ
2613 5042 2847 5113 Χριστοῦ
2900 5041 3065 5111 ἡμεῖς
3122 5040 3545 5112 παρακαλοῦμεν,
3592 5017 3749 5114 mra}:

2179 5126 2389 5205 λάγητε
2416 5133 2497 5201 τῷ
2528 5105 2669 5201 Θεῷί
2699 5129 2880 5202 Ὑμεῖς
2925 5105 3039 5206 ’γάρ
3095 5105 3213 5185 ἐστέ
3264 5133 3315 5186 οἳ
3370 5105 3539 5204 ἐχθροὶ
3589 5114 3663 5206 ’ίᾳί
3709 5105 3747 5161 οἱ

2182 5220 2480 5287 μισοῦντες.
2569 5218 2753 5290 Ὑμεῖς
2841 5216 2933 5273 οῦν
3013 5216 3411 5295 καταλλάγητε,
3482 5205 3742 5295 φιλνεώθητθ

2179 5329 2208 5358 ‹‹
2232 5306 2334 5361 Τὸν
2361 5307 2463 5383 γὰρ
2498 5309 2573 5381 μή
2602 5308 2803 5382 γνόντα
2833 5307 3123 5382 ἁμαρτίαν.
3188 5331 3218 5360 ››
3270 5294 3397 5376 Ὅρα
3444 5302 3499 5357 τὸ
3546 5294 3740 5383 ἔντεχνον

2174 5394 2266 5450 καὶ
2299 5396 2465 5468 σοφὸν
2499 5394 2687 5452 αὐτοῦ.
2749 5396 2956 5451 Λοιπὸν
3012 5397 3088 5458 ὡς
3144 5391 3461 5471 πρεσϐευτὴς
3509 5374 3743 5471 mia???”

2176 5479 2247 5536 δι’
2301 5458 2387 5550 ἧς.
2428 5480 2487 5538 ἄν
2547 5488 2812 5548 πεισθεῖεν
2871 5482 3039 5569 λέγει.
3076 5456 3214 5540 ⁷Ἵνα
3272 5484 3391 5561 γὰρ,
3422 5456 3569 5569 ens-3,
3606 5456 3737 5569 μηξξξ

2173 5570 2311 5626 εἲπω
2340 5575 2447 5627 τῶν
2475 5573 2732 5647 πρώτων,
2763 5572 2848 5629 ’ὁτι
2909 5567 3185 5647 ὑϐρίσατε,
3245 5560 3328 5629 ὅτι
3381 5560 3633 5643 εὐεργέτην,
3672 5560 3736 5647 δξί

2174 5657 2330 5731 δίκην
2365 5661 2464 5717 οὐκ
2514 5663 2814 5737 ἀπῄτησεν,
2872 5661 2954 5718 ὅτι
3014 5666 3228 5739 πρῶτος
3290 5653 3640 5728 καταλλαγῆναι
3684 5653 3704 5689 ι
