4048 6250
242 364 392 425 981

1222 358 1620 419 COMMENT.
1669 358 1745 417 IN
1792 357 2042 417 EPIST.
2089 355 2143 416 ll
2190 356 2293 415 AD
2338 356 2702 417 CORlNTH.

3573 356 3692 419 982

256 492 439 564 λετο,
470 496 569 549 κᾶν
613 491 699 548 διὸ
724 492 947 562 ἐποίησε
970 496 1083 560 νῦν,
1119 490 1304 570 φησὶν,
1352 490 1415 545 οὐ
1473 487 1673 545 δίκαιοι
1732 499 1928 544 καταλ-

2050 506 2180 544 rum
2210 490 2588 561 dicam.quod
2603 489 2966 545 contumelia
2985 489 3304 544 alTeceritis
3342 487 3520 543 etiam
3542 488 3694 544 bene

260 583 517 659 λαγῆναι
559 582 831 658 ὐπάρχετε
861 600 874 649 ;
910 586 1075 637 Ποῖον
1105 585 1265 635 τοῦτο
1292 600 1306 650 ;
1336 580 1427 634 τὸν
1463 579 1565 655 γὰρ
1609 581 1683 651 μή
1736 579 1934 653 γνόντα

256 673 574 747 ἁμαρτίαν,
607 671 761 747 φησὶ,
821 669 1087 739 τουτέστι,
1143 670 1235 724 τὸν
1295 666 1774 738 αὖτοδικαιοσύνην
1805 664 1933 722 ὄντα

256 764 369 817 καὶ
403 762 698 839 ἁγιασμὸν,
748 761 839 815 τὸν
896 761 1018 814 Υἱὸν
1079 759 1269 827 αὐτοῦ,
1330 760 1358 813 ὁ
1399 758 1608 833 ΙΙατήρ,
1666 756 1930 832 ἁμαρτίαν

246 849 522 921 ἐποίησε,
554 851 854 920 τουτέστιν,
887 850 961 909 ὡς
994 847 1337 924 ἁμαρτωλόν
1393 868 1510 902 τινα
1565 847 1655 901 καὶ
1710 844 1935 901 καταδι-

252 964 369 999 κον
434 941 577 997 εἶάσε
644 947 1041 1015 σταυρωθῆναι.
1116 940 1231 995 Οὐκ
1291 938 1405 993 εἶπε
1462 935 1517 992 δὲ
1576 935 1933 1011 ἁμαρτωλὸν,

257 1031 409 1087 ἀλλ’
441 1030 735 1105 ἁμαρτίαν,
786 1030 920 1105 ὅπερ
977 1031 1161 1101 μεῖζόν
1222 1026 1386 1083 ἐστιν·
1457 1027 1687 1082 ἀπέθανε
1733 1024 1791 1080 δὲ
1829 1047 1933 1103 φη-

260 1120 385 1189 σὶν,
416 1122 443 1175 6
475 1120 705 1195 Χριστὸς
759 1119 859 1174 οὐκ
897 1119 1040 1188 εἰκῆ,
1099 1115 1217 1174 οὐδ’
1275 1114 1432 1171 οὐδὶν
1502 1114 1732 1192 ὠφελῶν
1759 1116 1929 1187 ἡμᾶς.

264 1209 409 1266 ἀλλ’
439 1207 532 1264 ’ίνα
564 1206 805 1271 δικαίους
836 1208 1235 1283 ἀπεργάσηται,
1276 1204 1479 1262 Ἀλλοι
1515 1206 1688 1266 οὕτως
1747 1206 1936 1279 ἡρμή-

261 1320 491 1355 νευσαν.
553 1330 620 1340 -
674 1298 1013 1372 [ΟΙΚΟΥΜ.]
1063 1296 1335 1371 Ἀμαρτία
1411 1293 1646 1368 λέγεται,
1705 1294 1767 1347 τὸ
1800 1294 1932 1367 ὑπὲρ

262 1390 562 1462 ἁμαρτιῶν
607 1389 771 1459 θῦμα,
842 1387 919 1447 ὡς
975 1386 1066 1440 καὶ
1125 1386 1153 1439 ὁ
1208 1386 1511 1460 πεοφήτηςο
1582 1408 1600 1432 ι
1640 1383 1933 1457 Ἀμαρτίας

260 1477 415 1533 λαοῦ
449 1498 550 1549 μου
598 1478 879 1554 φάγονται.
917 1500 945 1526 ››
1002 1474 1269 1542 τουτέστι,
1323 1474 1391 1528 τὰ
1450 1472 1582 1545 ὑπὶρ
1651 1473 1933 1544 ἁμαρτιῶν

266 1569 495 1638 θύματα
578 1570 732 1639 Θῦμα
792 1562 882 1619 οὖν
946 1564 1077 1637 ὑπὲρ
1139 1565 1417 1636 ἁμαρτιῶν
1470 1560 1717 1626 ἐποίησεν
1760 1561 1788 1614 6
1827 1566 1933 1614 Πα-

262 1656 383 1730 τὴρ
415 1655 508 1709 τὸν
541 1651 715 1712 Υἱοόν,
770 1677 797 1704 ‹‹
833 1652 1128 1727 Ἀμαρτίαν
1180 1650 1421 1720 ἐποίησε,
1455 1673 1481 1701 »ι
1531 1647 1829 1715 τουτέστιν,
1862 1648 1935 1708 ὡς

276 1743 623 1819 ἁμαρτωλὸν
680 1744 1071 1817 κατακριθῆναι
1106 1784 1120 1798 .

1183 1763 1204 1791 ι
1262 1742 1373 1797 Ἵνα
1430 1741 1593 1811 ἡμεῖς
1652 1739 1937 1815 γενώμεθα

2044 578 2116 633 de
2130 579 2295 633 vobis
2308 579 2775 649 meritum,quod
2793 595 2995 650 poenas
3018 595 3138 632 non
3174 577 3506 648 expetierit,
3536 579 3694 647 quod

2043 668 2205 739 prior
2228 668 2599 723 reconciliari
2621 668 2910 739 cupierit:
2965 673 3024 721 at
3074 667 3146 721 ob
3199 667 3257 720 id
3293 665 3501 720 saltem
3534 666 3692 735 quod

2042 756 2832 828 nuncfecit.nonnetequum
2876 761 2965 810 est
3006 762 3071 810 ut
3120 756 3231 826 ipsi
3263 756 3693 810 reconciliemi—

2042 847 2143 901 ni‘?
2167 849 2237 901 Et
2255 846 2397 916 quid
2438 846 2587 901 illud
2636 847 2761 901 est?
2802 849 2971 908 Eum,
3017 846 3230 915 inquit,
3256 844 3352 914 qui
3382 851 3691 916 peccatum

2044 939 2901 1007 nonnoverat,hocest,Filium
2946 954 3118 991 suum
3162 937 3262 1007 qui
3303 937 3431 1007 ipsa
3480 937 3688 1007 estju-

2046 1027 2207 1082 stitia
2239 1033 2297 1082 et
2357 1029 2747 1083 sanctificatio
2805 1027 2870 1081 ‘4.
2934 1030 3109 1082 Pater
3165 1027 3303 1081 fecit
3359 1033 3686 1096 peccatum,

2045 1116 2155 1170 hoc
2186 1121 2293 1175 est,
2330 1122 2608 1187 tanquam
2643 1123 3012 1187 peccatorem
3064 1116 3324 1185 aliquem
3383 1114 3690 1185 poenisque

2046 1205 2391 1272 obnoxium,
2425 1206 2685 1277 cruciﬁgi
2738 1206 3031 1276 permisit.
3091 1206 3218 1259 Non
3278 1204 3426 1258 dixit
3471 1210 3691 1271 autem,

2043 1297 2445 1363 Peccatorem,
2480 1294 2606 1359 sed,
2636 1296 2792 1366 quod
2825 1296 3018 1365 majus
3052 1301 3161 1355 est,
3204 1316 3231 1343 ‹‹
3292 1296 3623 1348 Peccatum.
3662 1314 3689 1341 ››

2046 1385 2307 1438 Mortuus
2368 1390 2458 1438 est
2513 1390 2708 1439 autem
2769 1384 3037 1439 Christus
3095 1400 3215 1437 non
3271 1383 3374 1436 abs
3443 1399 3526 1448 re,
3589 1385 3692 1435 aut

2046 1474 2271 1529 nullam
2298 1473 2467 1527 nobis
2494 1476 2749 1528 atTerens
2771 1476 3109 1537 utilitatem,
3137 1472 3241 1527 sed
3263 1479 3329 1527 ut
3363 1490 3472 1527 nos
3495 1472 3692 1543 justos

2046 1567 2329 1622 efficeret.
2352 1600 2415 1607 —
2432 1568 2543 1623 Alii
2563 1570 2659 1623 hoc
2681 1571 2843 1623 modo
2888 1572 3341 1638 interpretantur.
3378 1570 3689 1621 Peccatum

2045 1657 2263 1711 dicitur
2281 1658 2515 1712 victima
2532 1675 2660 1728 quae
2677 1658 3050 1729 propeccalis
3082 1657 3444 1721 immolatur,
3480 1673 3687 1726 quem-

2044 1744 2370 1800 admodum
2427 1748 2511 1801 ait
2568 1748 2857 1817 propheta
2909 1764 2921 1800 :
3009 1748 3253 1801 Peccata
3310 1746 3511 1817 populi
3571 1746 3687 1799 mei

270 1831 599 1903 δικαιοσύνη
636 1835 769 1887 Θεοῦ
800 1829 851 1885 ἐν
883 1831 1053 1901 αὐτῷ,
1086 1852 1115 1881 ››
1146 1829 1260 1884 Οὔκ
1289 1830 1422 1898 εἶπε,
1467 1828 1928 1902 Δίκαιοιγενώμε-

2044 1834 2356 1889 comedent
2384 1834 2450 1901 ‘5,
2487 1857 2513 1885 ››
2547 1836 2607 1890 id
2639 1842 2747 1901 est,
2797 1836 3064 1891 victimas
3118 1852 3223 1906 pro
3280 1835 3556 1906 peccatis.
3601 1835 3691 1887 Υἱ-

272 1923 367 1989 θα,
398 1918 547 1991 ἀλλ’,
579 1945 599 1970 ι
638 1917 1128 1989 Αὐτοδικαιοσύνη,
1165 1942 1193 1968 ››
1226 1915 1358 1991 ὅπερ
1391 1915 1932 1990 μεῖζονῆν.καὶΘεοῦ

277 2008 622 2080 δικαιοσύνη.
655 2013 787 2064 Θεοῦ
818 2006 874 2063 δὶ
906 2005 1245 2077 δικαιοσύνη,
1286 2006 1347 2061 τὸ
1375 2007 1449 2079 μή
1485 2003 1533 2074 ἐξ
1557 2000 1751 2079 ἔργων,
1788 2004 1933 2059 ἀλλά

276 2096 372 2153 διά
407 2100 819 2177 συγχωρήσεως
850 2096 1231 2165 δικαιωθῆναι,
1263 2093 1314 2149 ἐν
1344 2093 1510 2164 αὐτῷ,
1539 2091 1607 2148 δι’
1630 2094 1820 2149 αὐτοῦ.

2044 1923 2622 1994 ctimamigiturquze
2639 1941 2746 1995 pro
2770 1925 3028 1994 peccatis
3062 1926 3375 1978 offerretur
3408 1924 3548 1977 fecit
3576 1925 3687 1977 Pa-

2042 2017 2133 2065 ter
2151 2012 2384 2066 Filium.
2412 2014 2767 2067 «Peccatum
2791 2013 2948 2066 fecit.
2977 2035 3003 2061 »
3030 2014 3146 2065 Hoc
3166 2018 3271 2077 est,
3291 2018 3356 2065 ut
3403 2018 3683 2081 tanquam

2044 2106 2320 2170 peccator
2376 2100 2894 2156 condemnaretur.
2958 2123 2983 2149 ‹‹
3041 2103 3111 2155 Ut
3161 2118 3269 2155 nos
3317 2100 3688 2153 efficeremur

257 2190 509 2263 justitia
538 2189 640 2244 Dei
672 2204 779 2260 per
808 2188 998 2243 illum.
1035 2209 1064 2237 »
1096 2187 1249 2242 640
1278 2187 1406 2240 Non
1437 2184 1605 2251 dixit,
1633 2184 1781 2239 Justi
1815 2184 2209 2256 efﬁceremur,
2243 2189 2366 2256 sed,
2422 2209 2449 2239 α
2508 2192 2638 2259 Ipsa
2677 2189 2932 2259 justitia,
2996 2210 3022 2237 ››
3083 2187 3239 2258 quod
3300 2187 3491 2258 majus
3542 2192 3689 2254 erat,

272 2280 502 2350 Deique
533 2279 727 2349 ipsius
750 2277 1004 2349 justitia.
1041 2276 1144 2331 Dei
1178 2281 1374 2330 autem
1399 2274 1654 2344 justitia,
1687 2290 1809 2328 non
1840 2291 1969 2343 qua:
2005 2284 2161 2331 esset
2184 2295 2251 2330 ex
2283 2278 2583 2348 operibus,
2617 2277 2720 2331 sed
2750 2284 2815 2330 ut
2844 2294 2912 2331 eo
2943 2277 3282 2330 remittente
3333 2293 3399 2330 ac
3462 2276 3690 2329 veniam

264 2367 450 2423 dante
468 2367 941 2438 justiﬁcaremur
972 2363 1023 2418 ἐν
1056 2365 1211 2435 ἀυτῷ
1248 2365 1359 2418 hoc
1392 2368 1504 2429 est,
1535 2357 1604 2414 δι’
1633 2360 1817 2430 αὐτοῦ,
1851 2363 1909 2417 id

2044 2407 2051 2431 ,
2076 2383 2182 2436 per
2201 2369 2399 2434 ipsum.

341 2460 738 2531 Συνεργοῦντες
825 2452 883 2509 δε
964 2454 1054 2508 καὶ
1145 2450 1609 2525 παρακαλοῦμεν,
1694 2451 1771 2521 μή
1858 2451 1936 2513 εἰς

266 2546 431 2601 κενὸν
490 2548 588 2615 τὴν
652 2545 812 2619 χάριν
871 2547 969 2598 τοῦ
1028 2547 1162 2597 Θεοῦ
1224 2538 1467 2614 δέξασθαι
1547 2540 1730 2611 ὑμᾶς.
1773 2538 1928 2613 Λέγει

269 2635 401 2709 γάρ’
463 2636 647 2709 Καιρῷ
720 2629 891 2703 δεκτῷ
952 2630 1231 2701 ἐπήκουσά
1289 2650 1408 2695 σου,
1476 2628 1566 2682 καὶ
1627 2626 1680 2681 έν
1748 2628 1929 2702 ἡμέρᾳ

279 2722 552 2796 σωτηρίας
617 2718 982 2791 ἐϐοήθησὰσοι
1017 2764 1032 2779 .
1109 2718 1250 2773 Ἰδοὺ
1308 2722 1399 2772 νῦν
1459 2718 1647 2791 καιρὸς
1704 2716 1931 2791 εὐπρόσ-

285 2810 491 2879 δεκτος,
552 2808 666 2865 ἰδοὺ
754 2816 847 2864 νῦν
929 2809 1110 2885 ἡμέρα
1178 2808 1471 2881 σωτηρίας.
1530 2804 1813 2877 Μηδεμίαν
1874 2804 1925 2859 ἐν

282 2897 473 2973 μηδενὶ
532 2896 769 2960 διδόντες
849 2898 1171 2972 προσκοπήν
1206 2937 1221 2962 ,
1294 2896 1382 2950 ἳνα
1456 2896 1532 2969 μὴ
1596 2895 1841 2967 μωμηθῇ
1891 2895 1925 2962 ἡ

273 2986 538 3044 διακονία.

347 3080 528 3133 Ταῦτα
585 3076 678 3148 μὲν
740 3076 942 3154 φησὶν,
1002 3075 1029 3129 ὁ
1088 3075 1217 3135 Θεὸς
1276 3071 1364 3127 διὰ
1418 3076 1514 3127 τοῦ
1571 3073 1698 3126 Υὶοῦ
1763 3070 1926 3125 αὐτοῦ

2122 2456 2209 2518 Vl,
2268 2458 2384 2511 1-3.
2436 2456 2797 2525 Cooperantes
2852 2462 3032 2509 autem
3086 2457 3247 2508 etiam
3310 2454 3689 2519 exhortamur,

2040 2561 2108 2599 ne
2136 2548 2196 2599 in
2224 2561 2461 2599 vacuum
2491 2547 2735 2613 gratiam
2768 2546 2865 2598 Dei
2894 2542 3197 2613 recipiatis.
3235 2544 3325 2595 Ait
3382 2545 3525 2596 enim
3557 2559 3574 2595 :
3624 2544 3688 2594 In

2042 2639 2282 2703 tempore
2311 2640 2534 2702 accepto
2565 2633 2828 2687 exaudiui
2860 2639 2927 2697 te,
2961 2639 3013 2685 et
3062 2634 3118 2685 in
3179 2632 3267 2685 die
3314 2630 3510 2685 salutis
3568 2646 3690 2683 sua:-

2039 2728 2191 2779 curri
2220 2726 2338 2778 tibi.
2372 2726 2503 2778 Ecce
2533 2740 2684 2777 nunc
2717 2730 2925 2792 tempus
2958 2722 3308 2791 acceptabile,
3368 2737 3485 2775 ecce
3542 2736 3688 2773 nunc

2039 2813 2154 2869 dies
2182 2814 2396 2868 salutis.
2423 2814 2642 2867 Nullam
2674 2814 2731 2865 in
2779 2828 2838 2865 re
2891 2812 3008 2865 ulla
3063 2811 3249 2865 demus
3298 2810 3679 2878 offensionem,

2036 2920 2105 2957 ne
2142 2902 2582 2973 reprehendatur
2610 2898 2998 2955 ministerium.

2108 3084 2241 3136 Haec
2261 3082 2497 3152 quidem
2522 3082 2659 3136 fecit
2680 3083 2852 3147 Deus,
2878 3080 3089 3150 inquit,
3116 3095 3221 3149 per
3242 3079 3453 3133 Filium
3481 3091 3673 3143 suum,

268 3165 582 3235 πεποίηκε,
634 3166 719 3219 καὶ
782 3167 947 3238 ἡμεῖς
1004 3161 1060 3218 δὲ
1113 3166 1484 3236 συνεργοῦντες
1542 3161 1632 3214 καὶ
1689 3180 1927 3234 παρακα-

271 3254 292 3271 κ
352 3259 375 3270 ν
583 3251 606 3271 δ
730 3253 749 3271 \
801 3258 825 3268 «ιι
1255 3251 1273 3271 Χ
1324 3255 1349 3265 Ψ
1586 3250 1603 3271 Χ
1734 3250 1751 3271 Ῑ
1817 3254 1838 3264 ἰ’
1864 3270 1869 3271 ,

2044 3189 2144 3226 nos
2180 3189 2315 3226 vero
2338 3173 2515 3226 etiam
2539 3176 2925 3243 coaperantes
2975 3177 3031 3225 et
3074 3170 3452 3225 exhortantes
3490 3168 3675 3239 persi-

580 3251 932 3325 διατελοῦμεν
965 3297 978 3321 ,
1032 3251 1469 3326 παρακαλοῦντες
1547 3250 1640 3322 μὲν
1733 3250 1872 3322 ὑμᾶς
1908 3292 1921 3316 ,

274 3349 663 3423 συνεργοῦντες
712 3343 769 3399 δὲ
820 3350 900 3417 τῷ
952 3348 1085 3413 Θεῷ.
1121 3348 1291 3400 Τοῦτο
1360 3342 1462 3418 γὰρ
1507 3341 1653 3412 αὐτῷ
1714 3338 1923 3408 σπουδὴ

270 3437 338 3491 τὸ
369 3438 610 3503 σωθῆναι
653 3435 815 3507 ὑμᾶς,
849 3434 877 3488 ’ὁ
907 3434 994 3487 καὶ
1028 3432 1283 3507 ἀλλαχοῦ
1314 3452 1467 3507 φησι,
1503 3454 1530 3481 ‹‹
1564 3434 1697 3485 Θεοῦ
1744 3449 1929 3504 συνερ-

269 3524 362 3599 γοί
392 3522 574 3595 ἐσμεν,
611 3548 632 3575 ι
698 3521 748 3594 ἐξ
783 3523 855 3576 ὢν
887 3519 1272 3592 διατελοῦμεν,
1330 3519 1481 3599 φησί.
1544 3542 1573 3571 ‹‹
1608 3520 1700 3588 Μὴ
1734 3519 1809 3579 εἰς
1839 3539 1927 3573 κε-

271 3613 366 3667 νὸν
393 3614 491 3681 τήν
546 3613 709 3690 χάριν
741 3616 838 3665 τοῦ
891 3615 1027 3667 Θεοῦ
1095 3607 1338 3679 δέξασθαι
1397 3610 1557 3681 ὑμᾶς.
1600 3631 1627 3660 »
1678 3614 1931 3683 Παρακα-

277 3700 485 3776 λοῦμεν
529 3699 587 3756 δὲ
612 3703 777 3775 ἡμεῖς
838 3702 890 3755 οἱ
947 3698 1274 3770 ἀπόστολοι,
1326 3699 1417 3753 ἳνα
1474 3699 1574 3767 τὴν
1630 3696 1931 3773 εὐεργεσίαν

272 3791 373 3847 τοῦ
413 3794 546 3845 Θεοῦ
570 3788 808 3861 δέξησθε,
851 3788 941 3844 καὶ
1005 3791 1080 3861 μὴ
1124 3787 1539 3863 ἁποκρούσησθε
1596 3787 1782 3857 αὐτὴν,
1821 3808 1931 3858 μη-

280 3878 341 3934 δὶ
370 3879 442 3941 εἷς
474 3880 623 3935 κενὸν
678 3879 768 3933 καὶ
825 3878 1103 3955 ἀνωφελὲς
1154 3879 1253 3946 τήν
1315 3878 1478 3953 χάριν
1538 3878 1782 3950 γενέσθαι
1842 3874 1931 3929 καὶ

284 3968 563 4044 δεχθῆναι.
622 3970 697 4026 Τὸ
727 3969 827 4043 γὰρ
884 3966 1322 4040 καταλλαγέντας
1379 3971 1456 4037 τῷ
1512 3970 1628 4036 Θεῷ
1685 3962 1773 4019 διὰ
1832 3970 1931 4032 τῆς

281 4058 563 4128 πίστεως,
612 4056 888 4130 ἐπιμένειν
944 4061 1024 4128 τῷ
1082 4055 1334 4131 προτέρῳ
1395 4054 1500 4129 βίῳ
1551 4051 1701 4109 οὐδὲν
1748 4052 1929 4127 ἓτερόν

279 4148 446 4217 ἐστιν,
501 4149 535 4216 ἢ
606 4146 683 4208 εἷς
742 4147 889 4202 νενὸν
941 4146 1031 4201 καὶ
1084 4147 1259 4219 μάτην
1317 4145 1552 4221 γενέσθαι
1606 4145 1704 4211 τήν
1768 4143 1929 4218 χάριν

278 4241 373 4292 τοῦ
458 4234 612 4307 Θεοῦ,
679 4237 769 4290 καὶ
827 4232 979 4290 οὐδὲν
1024 4233 1378 4311 ὠφεληθῆναι
1433 4233 1560 4294 τοὺς
1616 4229 1931 4305 δεξαμένους

287 4325 474 4395 αὐτήν.
521 4326 584 4383 Εἰ
633 4326 735 4401 γὰρ
792 4325 951 4388 αὐτὸς
999 4324 1264 4398 ἁμαρτίας
1326 4324 1727 4397 συνεῘ.ώρησεν,
1768 4325 1932 4394 ἡμεῖς

287 4413 342 4471 δὶ
372 4415 536 4471 πάλιν
560 4414 770 4471 τούτων
804 4413 1183 4489 πληρούμεθα,
1210 4413 1263 4467 τί
1284 4414 1345 4467 τὸ
1377 4410 1568 4486 κέρδος
1594 4432 1607 4481 ;
1632 4436 1657 4463 α
1687 4414 1797 4468 Νῦν
1822 4433 1935 4466 και-

289 4505 380 4581 ρὸς
441 4500 855 4577 εὐπρόσδεκτος.
905 4528 932 4555 ››
983 4502 1087 4559 Καὶ
1138 4501 1297 4563 ποῖός
1356 4500 1496 4556 ἐστιν
1560 4502 1586 4553 6
1645 4497 1933 4571 εὐπρόσδε-

271 3254 501 3318 λοῦντες

2038 3262 2393 3321 stimus.vos
2416 3260 2655 3331 quidem
2677 3260 3077 3325 exhortantes,
3133 3260 3248 3313 Deo
3300 3264 3497 3313 autem
3550 3274 3681 3311 coo-

2034 3358 2310 3422 perantes
2345 3368 2356 3405 :
2393 3350 2612 3403 etenim
2646 3349 2756 3402 hoc
2785 3349 2897 3419 ipsi
2930 3348 3193 3402 studium
3225 3354 3315 3402 est
3342 3351 3409 3399 ut
3437 3364 3536 3400 vos
3560 3346 3681 3400 sal-

2035 3442 2090 3494 vi
2124 3440 2299 3495 sitis?
2323 3440 2487 3503 Quod
2520 3439 2698 3493 etiam
2728 3438 2869 3493 alibi
2901 3438 3075 3491 dicit:
3111 3461 3136 3486 ‹‹
3173 3438 3275 3492 Dei
3335 3442 3683 3507 coOperato-

2036 3551 2132 3589 res
2165 3549 2371 3589 sumus
2404 3534 2469 3597 "",
2504 3554 2531 3580 »
2565 3536 2624 3585 et
2652 3531 2791 3586 hinc
2825 3536 2914 3585 est
2944 3536 3009 3584 ut
3038 3531 3098 3584 in
3130 3530 3241 3585 hoc
3297 3530 3685 3600 persistamus

2036 3620 2254 3690 inquit,
2289 3640 2315 3667 «
2350 3619 2430 3672 Ne
2462 3618 2522 3671 in
2554 3634 2801 3671 vacuum
2832 3617 3081 3688 gratiam
3141 3617 3243 3670 Dei
3302 3614 3618 3685 recipiatis.
3658 3636 3679 3661 ι

2036 3707 2432 3760 Exhortamur
2463 3721 2571 3758 nos
2597 3704 2848 3774 apostoli
2882 3709 2947 3757 ut
2974 3703 3077 3757 Dei
3122 3702 3476 3756 beneficium
3536 3701 3685 3754 reci-

2037 3795 2213 3865 piatis
2239 3799 2298 3847 et
2327 3810 2447 3847 non
2465 3792 2770 3863 repellatis
2795 3791 2943 3844 illud
2970 3807 2982 3844 :
3017 3797 3075 3845 et
3106 3808 3224 3844 non
3272 3790 3575 3857 contingat
3621 3793 3686 3841 ut

2037 3884 2097 3937 in
2121 3897 2369 3937 vacuum
2393 3885 2493 3934 aut
2512 3880 2639 3933 sine
2663 3879 2919 3933 utilitate
2940 3880 3127 3950 gratia
3151 3878 3395 3932 accedat
3433 3894 3499 3931 ac
3530 3876 3685 3929 reci-

2038 3972 2251 4042 piatur.
2285 3971 2403 4023 Deo
2440 3968 2731 4038 siquidem
2767 3985 2872 4037 per
2922 3967 3099 4020 fidem
3157 3965 3573 4021 reconciliatos
3625 3964 3685 4018 in

2036 4058 2733 4132 priorivitapermanere,
2769 4055 2918 4110 nihil
2964 4055 3127 4110 aliud
3167 4060 3257 4109 est
3294 4071 3471 4126 quam
3513 4055 3572 4108 in
3602 4070 3687 4108 va-

2038 4164 2213 4205 cuum
2233 4164 2299 4203 ac
2322 4146 2541 4201 frustra
2569 4145 2668 4199 Dei
2696 4145 2944 4215 gratiam
2993 4144 3296 4212 accedere,
3331 4150 3389 4199 et
3431 4160 3533 4198 eos
3584 4144 3681 4214 qui

2038 4238 2202 4292 illam
2221 4234 2645 4305 acceperantin
2661 4234 3199 4304 nullojuvarLNam
3215 4234 3262 4287 si
3286 4235 3413 4305 ipse
3445 4232 3685 4302 quidem

2038 4331 2281 4399 peccata
2305 4324 2744 4388 condonaverit,
2780 4340 2887 4378 nos
2909 4340 3043 4378 vero
3067 4339 3303 4377 rursum
3327 4322 3549 4376 eisdem
3576 4321 3688 4373 im-

2038 4415 2291 4488 plemur,
2320 4413 2477 4483 quod
2500 4412 2899 4467 accedetinde
2950 4411 3182 4466 lucrum
3203 4411 3230 4463 ’ἶ
3280 4433 3300 4458 α
3355 4413 3498 4464 Ecce
3530 4425 3687 4462 nunc

2043 4510 2276 4574 tempus
2294 4502 2674 4572 acceptabile.
2705 4524 2731 4549 ››
2760 4504 2825 4555 Et
2844 4500 3016 4570 quale
3041 4505 3129 4553 est
3173 4504 3404 4568 tempus
3423 4502 3688 4567 accepta-

283 4574 407 4655 κτος
436 4574 646 4669 καιρὸς,
680 4593 768 4647 καὶ
801 4595 835 4662 ἡ
867 4590 1048 4666 ἡμέρα
1076 4598 1178 4661 τῆς
1226 4590 1500 4665 σωτηρίας
1535 4609 1548 4657 ;
1580 4591 1642 4646 Ἡ
1693 4597 1791 4657 τῆς
1823 4587 1928 4644 δω-

2044 4593 2156 4649 bile
2175 4597 2278 4647 aut
2295 4591 2419 4645 dies
2443 4590 2654 4645 salutis
2677 4590 2703 4644 ?
2726 4591 2851 4644 dies
2874 4590 3011 4644 doni
3031 4605 3097 4642 ac
3127 4588 3349 4659 gratim.
3397 4588 3687 4652 Praesens,

285 4690 427 4759 ρεᾶς,
459 4685 493 4752 ἡ
524 4689 626 4751 τῆς
672 4682 920 4758 χάριτος.
967 4686 1021 4733 '0
1078 4678 1189 4748 νῦν,
1250 4680 1414 4748 φησὶν
1472 4679 1735 4754 ὑπάρχων
1809 4698 1928 4732 και-

292 4773 402 4847 ρός,
457 4770 509 4826 ἐν
570 4769 616 4844 ᾤ
674 4770 1087 4845 ἁμαρτημάτων
1150 4770 1243 4842 μὲν
1300 4767 1485 4845 ἄφεσις
1542 4767 1929 4839 apd-attach

292 4860 347 4919 δὲ
412 4859 728 4931 δικαιοσύνη
780 4858 986 4934 δωρεὰν
1070 4856 1302 4914 δίδοται.
1364 4856 1514 4914 Ἐπεὶ
1566 4858 1655 4911 οὖν
1687 4858 1713 4910 6
1744 4858 1932 4932 καιρὸς

288 4951 534 5027 χάριτος,
568 4949 813 5017 εἰκότως,
850 4947 1037 5024 φησὶν,
1071 4946 1351 5017 ἐπήκουσά
1376 4967 1473 5002 σου
1522 4946 1573 5000 ἐν
1628 4945 1829 5018 τούτῳ,
1860 4946 1933 5006 ὡς

291 5043 396 5115 εἴγε
427 5039 576 5095 ἔλθοι
609 5040 637 5093 6
667 5046 765 5107 τῆς
797 5037 1029 5111 κρίσεως
1060 5037 1273 5111 καιρὸς,
1335 5036 1433 5091 οὐκ
1477 5032 1555 5090 ἔτι
1587 5034 1776 5096 ἁπλῶς
1824 5035 1935 5088 εἷσ-

286 5128 569 5185 ακούσεται
604 5172 617 5186 .
666 5132 720 5181 '0
781 5126 873 5181 οῦν
936 5125 990 5180 ἐν
1041 5130 1217 5200 καιρῷ
1312 5124 1541 5199 χάριτος
1597 5119 1930 5192 ἐπιτηδεύων

287 5216 565 5275 πολιτείαν
622 5217 899 5292 χρηστήν,
957 5213 1201 5289 εὐχερῶς
1257 5212 1586 5281 ἐπιτεύξεται
1644 5215 1751 5266 τῶν
1803 5212 1934 5284 βρα-

290 5302 471 5376 ϐείων,
520 5306 611 5359 καὶ
660 5304 1054 5373 ἀκουσθήσεται
1087 5303 1192 5357 ὑπὸ
1223 5306 1378 5359 Θεοῦ.
1433 5297 1654 5369 Ἐπειδή
1687 5300 1776 5354 καὶ
1806 5300 1933 5361 τοὺς

291 5394 454 5470 μυρία
526 5392 1037 5466 πλημμελήσαντας
1096 5388 1333 5469 δέχεται,
1424 5389 1573 5466 ἂφεὶς
1629 5388 1814 5449 αὐτοῖς
1871 5389 1937 5442 τὰ

293 5484 654 5559 ἁμαρτήματα
687 5481 884 5537 αὐτῶν.
926 5506 946 5531 ι
980 5477 1269 5554 Μηδεμίαν
1300 5476 1352 5533 ἐν
1389 5475 1603 5552 μηδενί.
1639 5500 1667 5529 ››
1699 5478 1773 5535 Τὸ
1812 5477 1939 5545 νόη-

358 5681 406 5717 ⁴⁴
439 5682 458 5738 Ι
489 5683 622 5739 Coa.
660 5699 696 5749 ι,
730 5683 818 5737 30.
850 5680 896 5715 ⁸⁵
926 5680 1073 5736 Osee
1104 5695 1143 5751 ι,
1173 5680 1225 5735 8.
1262 5678 1304 5713 ⁸⁸
1334 5678 1359 5731 Ι
1387 5679 1515 5731 Cor.
1550 5692 1614 5745 ιι,
1647 5677 1701 5730 9.

2042 4681 2257 4751 inquit,
2300 4685 2530 4750 tempus
2564 4685 2653 4733 est
2683 4679 2742 4732 in
2776 4696 2891 4747 quo
2922 4683 3298 4749 peccatorum
3345 4674 3691 4730 conceditur

2040 4769 2648 4839 remissio,etjustitia
2670 4767 2851 4839 gratis
2903 4766 3472 4831 donatur.Quoniam
3513 4765 3691 4837 igitur

2043 4863 2275 4929 tempus
2300 4862 2391 4911 est
2411 4858 2634 4928 gratim,
2667 4857 2879 4911 merito
2905 4856 2963 4910 in
2987 4856 3118 4915 hoc.
3174 4856 3388 4925 inquit,
3423 4854 3689 4911 exaudiri

2043 4950 2209 5003 te.Ac
2234 4947 2281 5001 si
2306 4946 2529 5001 diceret
2556 4963 2567 4998 :
2596 4946 2699 5001 Ubi
2750 4945 2977 5001 venerit
3018 4945 3227 5014 judicii
3276 4952 3528 5016 tempus,
3564 4945 3690 5014 jam

2046 5052 2166 5089 non
2181 5033 2351 5088 facile
2378 5034 2509 5102 quis
2525 5032 2891 5088 exaudietur.
2915 5034 3021 5096 Qui
3047 5033 3224 5102 igitur
3275 5037 3538 5101 tempore
3570 5046 3695 5101 gra-

2047 5124 2217 5177 tizein
2242 5122 2395 5176 bona
2430 5122 2875 5176 conversatione
2920 5121 3158 5176 sudiose
3214 5138 3275 5175 se
3319 5121 3486 5191 gerit,
3519 5119 3690 5173 facile

2045 5212 2249 5266 bravia
2278 5217 2627 5281 assequctur
2660 5216 2715 5265 et
2744 5229 2777 5264 a
2810 5213 2924 5265 Deo
2958 5210 3327 5265 exaudietur.
3362 5210 3472 5261 Eos
3531 5207 3691 5260 enim

2049 5301 2147 5371 qui
2182 5300 2359 5354 etiam
2394 5301 2452 5353 in
2487 5299 2759 5369 plurimis
2791 5300 3174 5369 deliquerunt
3204 5296 3468 5367 suscipit,
3496 5296 3693 5349 remit-

2048 5395 2177 5443 tens
2200 5389 2346 5459 ipsis
2379 5394 2619 5459 peccata
2647 5405 2770 5442 sua.
2807 5411 2833 5437 ‹‹
2865 5388 3099 5442 Nullam
3134 5388 3193 5440 in
3223 5402 3286 5440 re
3318 5385 3460 5439 ulla.
3498 5406 3523 5433 ››
3547 5385 3690 5439 Sen-

2046 5478 2230 5533 tentia
2256 5478 2366 5531 hoc
2389 5476 2561 5532 modo
2584 5477 2983 5531 connectitur:
3018 5478 3434 5546 Cooperantes,
3469 5474 3687 5546 inquit,
