4048 6250
420 316 541 377 983

1543 315 1733 377 (ECU
1746 315 1900 374 ΜΕΝ
1910 314 1964 374 ll
2010 315 2316 377 TRICCIE
2361 313 2709 378 EPISCOPI

3688 319 3775 379 984

425 459 485 512 et
511 454 890 511 exhortantes
902 449 1532 523 persistimus,nullam
1546 451 1824 524 cuiquam
1857 449 2066 507 dantes

2187 470 2262 522 μα
2319 450 2492 513 οὕτως
2550 448 2870 526 συνείρεται·
2933 455 3324 527 Συνεργοῦντες
3387 446 3469 518 δὲ,
3524 450 3662 531 φησὶ,
3710 457 3784 511 καὶ

425 542 1176 601 oﬂ‘ensionem.Considera
1194 543 1409 598 veroin
1459 543 1667 598 ordine
1713 543 2071 598 narrationis

422 634 1055 703 consiliumtanquam
1076 631 1321 687 diceret.
1359 634 1442 687 Ita
1484 633 1547 688 in
1569 632 1849 687 omnibus
1882 648 2073 687 meam

423 725 683 780 vitamac
717 723 1227 779 conversationem
1270 721 1481 794 dirigo,
1527 722 1670 777 6“
1704 728 1910 777 utnon
1942 722 2073 778 dico

426 814 838 874 accusationis.
864 812 967 868 sed
990 829 1098 867 nec
1126 812 1551 883 indignationis
1575 813 1771 867 locum
1797 813 2075 883 cuiquam

427 902 723 958 tribuam:
760 917 833 955 ne
860 900 992 971 quis
1023 899 1422 954 ministerium
1479 915 1547 954 ac
1604 916 1751 970 opus
1804 906 2075 954 nostrum

428 988 847 1064 reprehendat.
880 988 1026 1061 Ipsis
1048 989 1208 1045 enim
1232 989 1443 1060 pedem
1487 988 2076 1051 offendentibus,me-

431 1078 958 1153 ritoindignatioin
981 1079 1466 1150 praedicationem
1485 1083 1835 1135 recurreret.
1868 1078 2076 1133 Dicere

434 1170 594 1226 enim
624 1174 899 1241 poterant
926 1166 1200 1239 apostoli,
1233 1167 1348 1223 nisi
1382 1167 1686 1239 quippiam
1716 1167 1857 1222 boni
1916 1184 2074 1222 com-

431 1259 591 1315 modi
609 1256 1332 1329 essetpraadicatio,malis
1354 1257 1533 1311 etiam
1556 1256 1900 1312 hominibus
1929 1256 2077 1311 illud

432 1347 881 1404 concederetur.
903 1347 1117 1401 Dicens
1148 1351 1346 1400 autem
1369 1345 1504 1411 hoc,
1536 1344 1966 1417 propemodum
1998 1346 2081 1401 ait

428 1436 550 1492 illis
586 1437 871 1507 :Oportet
900 1452 1010 1491 nos
1041 1452 1242 1491 curam
1297 1441 1472 1490 rectm
1530 1435 1661 1489 vitae
1717 1435 1955 1503 habere,
2004 1453 2077 1491 ne

429 1526 504 1583 ad
531 1525 708 1581 ﬁdem
741 1524 1067 1597 indignatio
1100 1531 1157 1579 et
1206 1524 1501 1580 accusatio
1560 1530 1845 1579 recurrat.
1911 1526 2076 1592 Nam,

432 1637 462 1666 ιι
486 1616 566 1671 Ex
587 1614 899 1682 fructibus,
923 1613 1139 1685 inquit,
1164 1630 1371 1670 eorum
1393 1613 1761 1684 cognoscetis
1801 1629 1902 1669 eos
1950 1612 2014 1666 ‘7.
2050 1635 2080 1663 ››

510 1797 605 1866 Vl,
635 1800 670 1853 4
706 1801 788 1852 10.
821 1797 930 1852 Sed
982 1800 1041 1852 in
1071 1797 1322 1852 omnibus
1378 1796 1730 1852 exhibeamus
1784 1813 1879 1853 nos
1936 1796 2080 1867 ipsos

438 1894 501 1942 ut
532 1888 629 1941 Dei
656 1889 938 1941 ministros
964 1888 1025 1940 in
1057 1885 1356 1940 tolerantia
1384 1886 1578 1949 multa,
1640 1887 1698 1940 in
1756 1888 2079 1955 afﬂictioni-

443 1977 556 2043 bus,
592 1978 649 2030 in
678 1973 1107 2037 necessitatibus,
1139 1977 1197 2028 in
1227 1976 1622 2041 anxietatibus,
1668 1976 1727 2029 in
1764 1974 1972 2045 plagis,
2022 1978 2083 2029 in

442 2065 774 2133 carceribus,
824 2067 881 2119 in
938 2064 1323 2129 instabilitate,
1384 2067 1443 2119 in
1501 2064 1798 2131 laboribus,
1848 2068 1906 2120 in
1934 2067 2081 2135 vigi-

438 2155 552 2224 liis,
585 2154 645 2208 in
660 2156 917 2225 jejuniis,
944 2152 1005 2207 in
1033 2154 1364 2218 sinceritate,
1415 2156 1474 2207 in
1529 2157 1779 2219 scientia,
1837 2158 1897 2210 in
1958 2156 2080 2211 lon-

436 2245 786 2314 ganimitate,
844 2244 901 2297 in
962 2244 1314 2312 benignitate,
1372 2244 1431 2297 in
1488 2242 1703 2313 Spiritu
1762 2252 1970 2312 sancto,
2021 2247 2078 2298 in

436 2332 711 2389 charitate
768 2349 879 2388 non
935 2331 1222 2400 simulata,
1283 2331 1343 2387 in
1399 2349 1644 2388 sermone
1699 2337 1969 2403 veritatis,
2020 2337 2080 2389 in

424 2425 679 2494 potentia
707 2421 828 2489 Dei,
854 2438 959 2493 per
986 2437 1145 2476 arma
1163 2421 1409 2491 justz'tize
1454 2422 1653 2478 dextra
1709 2440 1773 2479 ac
1826 2427 2077 2495 sinistra,

425 2530 532 2584 per
560 2513 799 2583 gloriam
829 2517 883 2566 et
911 2512 1297 2581 ignominiam,
1323 2528 1428 2582 per
1458 2515 1703 2568 convicia
1732 2520 1784 2568 et
1844 2515 2030 2570 laudes
2064 2529 2077 2568 :

434 2604 594 2673 quasi
645 2604 987 2672 impostores,
1036 2602 1134 2656 sed
1182 2615 1437 2656 veraces:
1497 2604 1658 2671 quasi
1722 2605 1917 2673 ignoti,
1987 2604 2082 2659 sed

432 2695 597 2749 noti:
657 2692 819 2763 quasi
874 2695 1185 2761 morientes,
1245 2693 1340 2747 sed
1396 2710 1512 2747 ecce
1569 2692 1857 2750 vivimus:
1922 2696 2082 2765 quasi

436 2784 691 2851 correpti,
724 2782 818 2837 sed
845 2798 955 2836 non
982 2783 1147 2837 occisi
1180 2799 1192 2836 :
1225 2780 1389 2852 quasi
1414 2781 1680 2846 dolentes,
1714 2783 1809 2838 sed
1825 2786 2083 2839 continue

436 2870 777 2939 gaudentes:
828 2871 991 2940 quasi
1033 2885 1327 2940 pauperes,
1385 2870 1479 2924 sed
1539 2871 1738 2925 multos
1792 2872 2033 2929 ditantes
2061 2891 2081 2930 :

433 2960 594 3031 quasi
618 2958 765 3013 nihil
794 2958 1068 3026 habentes,
1098 2959 1193 3014 sed
1222 2960 1413 3013 omnia
1435 2960 1791 3029 possidentes.

503 3143 632 3198 Non
653 3140 869 3210 solum,
892 3139 1109 3211 inquit,
1132 3138 1442 3196 studemus
1462 3141 1595 3212 puri
1619 3156 1750 3197 esse
1798 3141 1872 3197 ab
1911 3159 2080 3199 accu-

435 3231 764 3287 sationibus
785 3247 851 3285 ac
874 3228 1381 3301 indignationibus
1403 3230 1522 3285 sive
1545 3230 1805 3301 querelis
1829 3248 1843 3287 :
1876 3248 2078 3288 verum
2119 3195 2162 3262 Ο

436 3321 613 3375 etiam
635 3319 911 3374 omnibus
933 3335 1041 3373 nos
1056 3318 1215 3389 ipsos
1234 3317 1610 3374 exhibuimus
1623 3336 1690 3375 ac
1713 3321 2085 3377 ostendimus

436 3414 502 3464 ut
535 3409 634 3464 Dei
665 3408 991 3463 ministros.
1015 3407 1318 3473 Quomodo
1340 3412 1541 3463 autem
1565 3409 1624 3464 id
1674 3410 1803 3465 ﬁeri
1835 3417 2031 3481 potest
2059 3411 2086 3465 ‘I

439 3501 498 3553 et
519 3495 815 3568 quomodo
834 3495 1095 3550 ostendit
1114 3511 1243 3550 sese
1266 3496 1564 3566 quispiam
1597 3498 1698 3553 Dei
1744 3498 2086 3555 ministrum

439 3586 556 3642 nisi
572 3602 678 3658 per
693 3585 1200 3640 conversationem
1218 3601 1285 3641 ac
1300 3584 1479 3640 vitam
1496 3584 1524 3640 ‘l
1554 3585 1694 3641 Vide
1736 3603 1877 3642 sane
1929 3590 2088 3659 quod

442 3691 563 3732 non
584 3674 1274 3745 dixerit:Appareamus,
1327 3673 1470 3730 sed:
1515 3697 1543 3724 «
1604 3675 2024 3745 Exhibeamus,
2059 3700 2087 3727 ››

442 3766 560 3823 sive
580 3765 1671 3837 Demonstremus,quodostensionem
1714 3767 1776 3821 in
1809 3782 1872 3821 se
1904 3768 2089 3823 conti-

439 3856 1258 3929 netperoperaetveritatem.
1309 3873 1331 3903 ι
1359 3856 1425 3910 In
1468 3855 1785 3911 tolerantia
1813 3856 2022 3913 multa.
2054 3879 2083 3909 »

439 3947 651 4002 Omnia
676 3945 833 3999 virili
864 3945 1063 4000 animo
1124 3944 1379 3999 ferentes
1437 3961 1808 4017 quaecunque
1869 3947 1930 4001 in
1978 3964 2087 4004 nos

437 4034 596 4089 dicta
612 4035 833 4090 fuerint
857 4053 866 4087 :
886 4032 1417 4089 ideoetiamaddit:
1441 4054 1460 4080 ι
1487 4035 1695 4100 Multa;
1724 4057 1751 4085 »
1786 4041 1844 4091 et
1873 4053 2084 4093 conse-

439 4128 692 4194 quenter
718 4128 991 4178 recenset
1020 4124 1081 4177 in
1113 4122 1328 4193 quibus
1359 4125 1530 4194 positi
1566 4129 1623 4178 et
1653 4126 1902 4181 viriliter
1956 4143 2086 4183 sese

439 4213 724 4267 habentes
743 4212 1121 4266 exhibuerint
1141 4228 1270 4266 sese
1321 4213 1421 4266 Dei
1464 4214 1790 4270 ministros.
1837 4236 1865 4264 (ι
1900 4219 1963 4270 1n
1988 4233 2087 4271 ne-

435 4301 831 4357 cessitatibus.
866 4322 895 4350 ››
914 4300 1315 4355 Aftlictionum
1340 4301 1741 4357 intensionem
1772 4304 2087 4378 designant

437 4390 845 4457 necessitates,
880 4405 1095 4460 nempe
1151 4389 1387 4461 quando
1427 4389 1806 4447 inevitabiles
1862 4393 2087 4450 fuerint

438 4485 540 4535 aut
570 4497 816 4553 magum.
851 4500 879 4530 «
912 4480 978 4534 In
1011 4478 1427 4533 anxietatibus.
1465 4500 1494 4529 ››
1554 4478 1826 4535 Difﬁcilis
1886 4480 2088 4537 admo-

2176 538 2613 614 παρακαλοῦντες
2645 537 3027 612 διατελοῦμεν,
3090 537 3367 613 μηδεμίαν
3428 537 3611 612 μηδενὶ
3640 538 3785 598 διδόν-

2174 649 2260 691 τες
2295 631 2640 703 προσκοπήν.
2697 631 2836 701 *Ορα
2893 626 2950 685 δὲ
3000 627 3054 684 ἐν
3112 629 3253 698 τάξει
3320 625 3623 703 διηγήσεως
3671 652 3779 703 σιμ-

2178 714 2411 790 ϐουλὴν,
2446 721 2573 775 ὡσεῖ
2606 717 2779 794 ἔλεγεο
2835 720 2933 775 Διά
2990 721 3205 776 πάντων
3261 718 3551 774 ἀπευθόνω
3583 741 3676 792 μου
3715 722 3784 776 τὸν

2181 807 2297 883 βίον
2329 808 2417 863 καὶ
2456 810 2554 878 τὴν
2609 806 2916 868 πολιτείαν.
2976 811 3137 864 Ὥστε
3166 807 3230 863 οὗ
3262 807 3420 884 λέγω
3476 811 3784 884 κατηγορίας,

2178 898 2304 955 ἀλλ’
2333 899 2419 955 ἳνα
2456 898 2597 972 μηδὲ
2629 900 2891 974 μέμψεώς
2920 921 3029 955 τινι
3082 897 3160 955 δῶ
3190 900 3407 975 χώραν.
3441 902 3556 956 Ἵνα
3603 904 3670 974 μή
3707 923 3789 970 τις,

2178 990 2363 1069 φησὶν,
2403 986 2733 1062 ἐπιλάϐηται
2763 998 2865 1060 τῆς
2912 987 3191 1054 διακονίας
3234 993 3402 1063 ἡμῶν
3465 992 3557 1045 καὶ
3608 994 3694 1045 τοῦ
3718 986 3790 1066 ἕρ-

2175 1102 2297 1156 γου.
2347 1080 2538 1137 Αὐτῶν
2579 1081 2683 1156 γὰρ
2740 1078 3160 1152 σφαλλομὲνων,
3227 1079 3462 1143 εἰκότως
3528 1083 3564 1148 ἡ
3620 1081 3790 1154 μέμψις

2178 1169 2256 1233 εἷς
2290 1170 2353 1225 τὸ
2383 1173 2645 1245 κήρυγμα
2678 1167 2959 1244 ἀνέτρεχεν
3020 1174 3172 1224 εἶπον
3206 1170 3311 1245 γὰρ
3372 1167 3436 1224 ἂν
3492 1169 3545 1224 οἷ
3596 1169 3793 1224 ἀπόστο-

2180 1258 2292 1329 λοι,
2333 1260 2380 1315 εἰ
2414 1261 2491 1333 μὴ
2521 1262 2588 1328 ἦν
2613 1280 2665 1314 τι
2697 1259 2939 1335 χρηστὸν
2972 1258 3035 1313 τὸ
3074 1262 3359 1334 κήρυγμα,
3420 1257 3664 1331 ἤμελλον
3691 1259 3793 1313 αὐτὸ

2179 1347 2457 1425 ἄνθρωποι
2522 1350 2907 1405 πεπιστεῦσθαι
2959 1349 3196 1423 πονηροί
3226 1392 3239 1405 .
3295 1350 3481 1404 Τοῦτο
3534 1345 3591 1403 δὲ
3640 1346 3794 1416 εἰπὼν,

2181 1439 2484 1514 μονονουχὶ
2516 1438 2661 1514 λέγει
2692 1439 2902 1505 αὐτοῖς,
2934 1437 3018 1492 ὅτι
3072 1443 3163 1493 Δεῖ
3217 1440 3370 1510 ἡμᾶς
3430 1438 3594 1513 ὀρθοῦ
3644 1435 3793 1508 ἐπιμε-

2180 1527 2390 1585 λεῖσθαι
2424 1528 2571 1604 βίου,
2597 1529 2687 1582 ’ἱνα
2723 1528 2800 1600 μὴ
2859 1526 2936 1589 είς
2991 1528 3093 1596 τὴν
3153 1527 3336 1581 πίστιν
3366 1529 3403 1596 ἡ
3440 1526 3643 1601 μέμψις
3691 1527 3796 1580 ἀνα-

2181 1615 2380 1693 δράμῃ.
2416 1641 2443 1669 ιι
2480 1619 2575 1674 Ἐκ
2630 1616 2736 1693 γὰρ
2802 1621 2910 1672 τῶν
2963 1621 3186 1692 καρπῶν
3244 1616 3426 1672 αὐτῶν
3468 1616 3795 1691 ἐπιγνώσεσθε

2182 1707 2400 1769 αὐτοὺς.
2436 1730 2466 1759 ››

2257 1794 2417 1852 Ἀλλ’
2473 1794 2525 1850 ἐν
2584 1795 2743 1849 παντὶ
2812 1799 3164 1858 συνιστῶντες
3251 1793 3504 1861 ἑαυτοὺς,
3561 1794 3633 1856 ὡς
3682 1794 3792 1850 Θεοῦ

2188 1881 2451 1942 διάκονοι.
2529 1883 2618 1940 Ἐν
2699 1883 2950 1957 ὑπομονῇ
3035 1880 3251 1956 πολλῇ,
3341 1883 3394 1939 ἐν
3451 1882 3706 1955 θλίψεσιν,
3752 1881 3792 1935 ἐν

2185 1974 2448 2049 ἀνάγκαις
2483 2016 2497 2041 ,
2555 1972 2606 2027 ἓν
2675 1973 3064 2049 στενοχωρίαις
3097 2015 3113 2041 ,
3171 1973 3224 2028 ἐν
3300 1972 3567 2048 πληγαῖς,
3619 1972 3668 2027 ἐν
3716 1994 3793 2049 φυ-

2185 2069 2326 2133 καῖς,
2371 2061 2424 2117 ἐν
2483 2062 2924 2131 ἀκαταστασίαις,
2988 2061 3041 2117 ὲν
3099 2061 3318 2129 κόποις,
3380 2061 3436 2117 ἐν
3494 2060 3793 2136 ἀγρυπνίαις,

2185 2152 2238 2209 ἐν
2269 2154 2566 2224 νηστείαις,
2614 2152 2666 2207 ἐν
2715 2153 3001 2229 ἁγνότητι,
3065 2151 3116 2207 ἐν
3180 2154 3414 2226 γνώσει,
3479 2152 3531 2207 ἓν
3562 2151 3791 2225 μακροθυ-

2189 2243 2307 2317 μίᾳ,
2359 2243 2413 2298 ἐν
2471 2242 2861 2319 χρηστότητι,
2916 2241 2969 2297 ἐν
3030 2243 3302 2316 Πνεῦματι
3362 2242 3529 2314 ἁγίῳ,
3559 2240 3606 2297 ἐν
3637 2241 3788 2315 ἀγάπῃ

2184 2333 2561 2404 ἀνυποκρίτῳ,
2619 2331 2672 2386 ἐν
2732 2330 2886 2407 λόγῳ
2940 2330 3229 2402 ἀληθείας,
3282 2330 3341 2387 ἐν
3396 2329 3614 2403 δυνάμει
3661 2333 3784 2386 Θεοῦ.

2186 2422 2285 2480 Διά
2334 2426 2441 2478 τῶν
2497 2420 2684 2477 ὅπλων
2750 2428 2852 2491 τῆς
2901 2417 3276 2492 δικαιοσύνης,
3340 2424 3452 2478 τῶν
3505 2418 3671 2490 δεξιῶν
3714 2417 3783 2471 καὶ

2186 2511 2501 2587 ἀριστερῶν,
2563 2508 2652 2566 διά
2711 2508 2873 2582 δόξης
2928 2509 3019 2564 καὶ
3065 2509 3314 2582 ἀτιμίας,
3380 2507 3470 2565 διὰ
3524 2507 3782 2586 δυσφημίας

2184 2601 2273 2656 καὶ
2322 2600 2612 2676 εὐφημίας·
2664 2600 2737 2661 ὡς
2794 2597 2995 2654 πλάνοι
3032 2598 3123 2654 καὶ
3179 2598 3440 2668 ἀληθεῖς,
3482 2599 3555 2660 ὠς
3598 2594 3778 2672 ἀγνοοῦ-

2189 2710 2337 2764 μενοι
2424 2689 2515 2744 καὶ
2610 2687 3126 2763 ἐπιγινωσκόμενοι,
3218 2688 3297 2752 ὡς
3386 2688 3774 2758 ἀποθνήσκοντες,

2185 2779 2276 2834 καὶ
2330 2776 2451 2833 ΐδοὺ
2509 2781 2690 2850 ζῶμεν
2724 2820 2738 2847 ,
2799 2778 2875 2838 ὡς
2931 2773 3327 2850 παιδευόμενοι
3387 2776 3479 2832 καὶ
3545 2774 3610 2850 μὴ
3655 2775 3768 2827 θανα-

2184 2866 2445 2940 τούμενοι
2480 2909 2494 2937 ,
2554 2867 2630 2930 ὡς
2686 2863 3046 2938 λυπούμενοι,
3107 2865 3188 2920 ἀεὶ
3244 2861 3301 2919 δὲ
3382 2864 3667 2941 χαίροντες,
3707 2857 3761 2915 ὡς

2187 2955 2407 3031 πτωχοί
2440 3000 2458 3029 ,
2510 2954 2765 3019 πολλοὺς
2845 2952 2903 3010 δὲ
2975 2956 3375 3026 πλουτίζοντες
3409 3001 3426 3029 ,
3516 2954 3576 3015 ὡς
3635 2943 3749 3022 μηδὲν

2188 3041 2431 3122 ἔχοντες,
2462 3045 2551 3101 καὶ
2582 3046 2756 3101 πάντα
2774 3047 3118 3120 κατέχοντες.

2261 3137 2338 3194 Οὔ
2401 3138 2565 3210 μόναν
2626 3134 2790 3213 φησὶν
2849 3131 3258 3206 ἐσπουδάσαμεν
3346 3135 3659 3209 κατηγοριῶν

2196 3226 2455 3300 μέμψεων
2488 3226 2628 3280 εἶναι
2658 3223 2907 3299 καθαροὶ,
2940 3222 3085 3279 ἀλλὰ
3113 3223 3203 3279 καὶ
3235 3222 3291 3278 ἐν
3324 3223 3489 3279 παντὶ
3518 3217 3776 3285 cavamin-

2196 3334 2290 3388 μεν
2324 3313 2416 3369 καὶ
2444 3310 2792 3387 ἀπεδείξαμεν
2836 3311 3059 3377 ἑαυτοὺς
3083 3310 3158 3374 ὠς
3188 3317 3329 3368 Θεοῦ
3384 3310 3663 3368 διακόνους.
3689 3306 3779 3358 Πῶς

2194 3401 2241 3459 δ’
2273 3402 2332 3457 ἂν
2377 3401 2460 3473 ε’ίη
2518 3406 2700 3469 τοῦτο,
2746 3402 2837 3457 καὶ
2904 3407 3021 3464 πῶς
3076 3422 3161 3464 τις
3227 3400 3600 3457 ἀποδείκνυσιν
3640 3390 3783 3449 ἑαυτὸν

2196 3496 2331 3548 Θεοῦ
2363 3489 2633 3561 διάκονον,
2664 3491 2701 3562 ἢ
2734 3489 2801 3546 δι’
2831 3496 2905 3546 ῶν
2965 3491 3317 3547 πολιτεύεται
3357 3490 3447 3546 καὶ
3481 3490 3589 3564 βιοῖ
3617 3503 3631 3553 ;
3678 3482 3787 3552 Ὅρα

2194 3580 2271 3651 δὲ,
2306 3583 2408 3638 οὐκ
2437 3583 2581 3649 εἶπε,
2615 3582 2969 3655 Φαινόμενοι,
3028 3578 3197 3651 ἀλλά,
3235 3602 3262 3635 α
3292 3582 3661 3637 Συνιστῶντες.
3691 3592 3714 3621 ιι

2195 3672 2364 3743 ἐστιν,
2395 3668 2827 3733 ἀποδεικνύντες.
2883 3676 3058 3726 Τοῦτο
3118 3669 3177 3727 δὲ
3232 3671 3336 3740 τήν
3398 3667 3465 3724 δι’
3520 3661 3672 3740 ἔργων
3715 3654 3784 3711 κεί

2193 3759 2453 3831 ἀληθείας
2511 3758 2783 3831 ἀπόδειξιν
2844 3758 2985 3834 ἔχει.
3053 3784 3074 3811 ι
3111 3761 3198 3817 Ἐν
3262 3759 3516 3833 ὑπομονῇ
3556 3747 3785 3820 πολλῇ.»

2195 3852 2369 3907 ΙΙάντα
2396 3850 2654 3926 γενναίως
2712 3850 2963 3928 φέροντες
3016 3849 3084 3904 τὰ
3143 3846 3511 3923 ῥηθησόμενα.
3575 3840 3655 3898 Διὸ
3681 3851 3783 3928 νησί

2265 3940 2281 3961 \
2411 3923 2420 3926 ⁷
2567 3943 2593 3955 ~
2724 3923 2734 3928 ”
2982 3939 2994 3953 ε
3401 3937 3446 3966 ’.
3592 3954 3605 3968 ι
3672 3923 3689 3943 ⁸⁹

2190 3960 2303 4008 και,
2339 3964 2365 3993 ‹‹
2400 3937 2617 4014 Πολλῃ.
2650 3962 2673 3992 ι
2710 3946 2809 3994 Και
2839 3937 3029 3993 λοιπον
3065 3937 3359 4013 καταλέγει
3398 3957 3448 3992 εν
3490 3934 3618 3989 τίσιι
3665 3940 3782 4014 οντες

2190 4030 2275 4084 καὶ
2331 4029 2592 4105 γενναίως
2659 4026 3035 4105 διαγενομενοι
3073 4071 3088 4098 ,
3147 4029 3545 4099 συνεστήσαμεν
3605 4009 3788 4105 Exarsit:

2190 4122 2325 4174 θεοῦ
2383 4116 2668 4179 διακόνους
2700 4157 2716 4176 .
2766 4097 2810 4171 ’‹‹
2842 4120 2927 4175 Ἐν
2989 4118 3264 4192 ἀνάγκαις.
3299 4140 3330 4169 ››
3385 4111 3641 4172 Ἐπίτασιι
3690 4097 3781 4165 θλί⁶

2190 4211 2335 4283 ψεως
2364 4206 2626 4277 δηλοῦσιν
2675 4209 2732 4262 αἱ
2790 4207 3039 4283 ἀνάγκαι.
3071 4206 3236 4263 Ὅταν
3296 4205 3501 4282 ἄφυκτα
3553 4204 3585 4274 ᾖ
3631 4193 3688 4249 τὰ
3709 4208 3782 4283 κα-

2189 4277 2276 4354 κά.
2316 4318 2338 4348 ι
2368 4299 2455 4354 Ἐν
2495 4277 2916 4373 στενοχωρίαις..
2943 4319 2972 4347 ››
3025 4277 3464 4367 Δυσδιεξόδευτος
3517 4291 3600 4358 ἦν,
3628 4277 3779 4373 φῇσῖνι

2187 4390 2224 4458 ἡ
2281 4385 2604 4465 ἀπαλλαγή.
2667 4410 2695 4439 ι(
2728 4388 2817 4442 Ἐν
2876 4383 3166 4466 φυλακαῖς.
3211 4409 3241 4438 ››
3296 4387 3461 4442 Τοῦτο
3514 4368 3695 4466 καὶ-’έν
3737 4383 3780 4466 ξι

2190 4475 2464 4552 ἀφόρητόν
2495 4457 2628 4547 ἐστι,
2659 4476 2822 4533 Ὅταν
2869 4457 2927 4530 δὲ
2990 4475 3081 4530 καὶ
3137 4474 3312 4530 πάντα
3364 4474 3525 4547 ὁμοῦ,
3581 4461 3663 4552 θέα
3706 4457 3777 4512 τὸν

440 4569 603 4634 dum,
634 4547 850 4638 inquit,
886 4572 1013 4623 erat
1041 4567 1337 4623 liberatio.
1371 4591 1398 4618 α
1435 4567 1499 4624 In
1533 4569 1891 4624 carceribus.
1940 4590 1968 4623 ι
2018 4572 2080 4628 Id

2190 4566 2393 4642 ἀγῶνα.
2452 4590 2480 4619 ι(
2520 4567 2606 4623 Ἑν
2664 4564 3103 4626 ἀκαταστασίαις.
3146 4588 3175 4618 ››
3232 4565 3395 4621 Ὅταν
3451 4551 3778 4642 ἐλαυνόμενος.

440 4660 617 4714 etiam
644 4659 836 4714 solum
859 4657 1055 4724 fuerit,
1080 4657 1400 4714 molestum
1425 4658 1602 4714 nimis
1643 4665 1733 4714 est
1762 4676 1774 4714 :
1808 4677 1943 4715 cum
1977 4678 2083 4718 au-

439 4753 558 4802 tem
591 4747 769 4802 simul
800 4747 1001 4803 omnia
1026 4753 1412 4816 concurrunt,
1471 4747 1599 4803 vide
1656 4755 1945 4820 quantum
2008 4753 2085 4807 sit

438 4841 797 4891 certamen.«
814 4835 879 4890 In
897 4835 1281 4892 instabilitate
1299 4854 1312 4891 :
1330 4860 1358 4886 ››
1372 4838 1526 4894 642
1540 4838 1777 4909 quando
1824 4840 2081 4912 exagita-

437 4933 531 4981 tus
545 4941 664 4980 non
680 4923 1045 4981 habebatubi
1060 4925 1270 4996 pedem
1285 4927 1507 4999 figeret.
1531 4947 1557 4980 α
1584 4928 1650 4983 In
1690 4927 2014 4985 laboribus.
2051 4952 2079 4981 υ

434 5019 571 5084 Qua:
606 5018 895 5073 hactenus
953 5016 1110 5072 dicta
1149 5022 1307 5083 sunt,
1345 5018 1416 5072 ab
1456 5018 1718 5073 inimicis
1776 5021 1835 5074 in
1883 5019 2080 5091 ipsum

434 5109 663 5164 invecta
684 5112 821 5162 sunt
851 5122 864 5160 :
898 5110 1333 5176 consequenter
1356 5123 1425 5162 eo
1457 5123 1694 5178 quoque
1748 5107 1892 5163 dicit
1948 5125 2080 5180 quae

431 5198 672 5253 sibimet
700 5197 825 5268 ipse
859 5193 1172 5260 inferebat,
1206 5195 1374 5265 quasi
1406 5212 1526 5250 non
1558 5196 1661 5251 illa
1683 5197 2060 5254 suffecissent

434 5286 686 5341 Labores
716 5292 912 5339 autem
945 5283 1107 5352 dicit,
1140 5289 1199 5338 et
1228 5283 1386 5355 quod
1415 5286 1692 5342 manibus
1725 5287 1850 5359 ipse
1877 5306 2082 5360 operaa

432 5379 615 5441 retur,
649 5380 708 5427 et
736 5372 1109 5445 fatigationes
1141 5387 1288 5442 quas
1318 5379 1564 5444 prOpter
1592 5375 2079 5445 priedicationem

437 5461 690 5516 subibat.
758 5482 783 5514 ιι
848 5463 913 5516 In
973 5462 1333 5517 sinceritate.
1393 5484 1422 5513 »
1483 5464 1830 5521 Sinceritate
1914 5471 2083 5523 vocat

509 5628 555 5665 ‘7
586 5631 785 5686 Matth.
820 5634 915 5700 νη,
956 5637 1037 5689 16.

2192 4653 2319 4711 οὐδὲ
2347 4654 2484 4710 ὅπου
2525 4659 2627 4729 στῇ
2659 4654 2830 4730 εἶχεν.
2873 4679 2900 4706 ‹‹
2936 4655 3020 4709 Ἐν
3076 4651 3286 4716 κόποις.
3327 4675 3348 4703 ι
3409 4649 3486 4706 Ta
3542 4636 3775 4734 μὶν-εῗρης

2195 4748 2327 4821 μένα
2352 4751 2498 4820 ποιρᾶ
2526 4749 2633 4800 τῶν
2664 4743 2949 4819 πολεμίων
2985 4743 3217 4818 ἐπήγετο
3276 4742 3444 4811 αὐτῷ.
3500 4728 3681 4790 Λοιπὸν
3704 4740 3774 4831 κίκι

2187 4838 2257 4892 τά
2284 4838 2410 4913 παρ’
2468 4837 2659 4892 ἑαυτοῦ
2715 4834 3081 4911 είσενεχθέντα
3138 4832 3307 4908 λέγει,
3339 4831 3414 4894 ὠς
3469 4825 3541 4899 μὴ
3592 4821 3772 4891 alme

2186 4949 2295 4983 των
2326 4926 2564 4982 ἐκείνων.
2600 4925 2814 4987 Κόπους
2856 4922 2913 4981 δέ
2965 4944 3116 4999 φησι,
3151 4922 3240 4979 καὶ
3300 4923 3394 4983 τὰς
3438 4917 3495 4974 ἐκ
3547 4916 3642 4965 τῶν
3669 4922 3770 5005 ζει-

2189 5017 2297 5092 ρῶν
2326 5015 2601 5092 ἐργασίας,
2659 5014 2872 5075 καὶτὰς
2930 5010 3019 5068 διά
3080 5014 3145 5068 τὸ
3200 5013 3457 5090 κήρυγμα
3511 4986 3768 5103 συντριϐεὶς.

2190 5131 2217 5159 ιι
2248 5108 2335 5164 Ἐν
2355 5108 2632 5180 ἁγνότητι.
2658 5128 2686 5157 »
2714 5103 3016 5181 Ἀγνότητά
3038 5124 3222 5181 φησιν,
3243 5103 3346 5173 τήν
3369 5118 3426 5156 τε
3444 5099 3767 5185 σωφροσῡνξνν

2187 5196 2276 5251 καὶ
2307 5197 2369 5252 τὸ
2402 5193 2670 5251 ἀδάπανον
2699 5193 3053 5271 Εὐαγγέλιον,
3085 5193 3177 5249 καὶ
3204 5191 3268 5247 τὸ
3297 5190 3351 5247 ἐν
3383 5191 3534 5245 ἅπασι
3555 5185 3762 5278 καθξρίνδ

2195 5307 2216 5336 ι
2248 5288 2338 5342 Ἐν
2366 5286 2564 5360 γνώσει
2615 5282 2693 5341 δὲ.
2740 5308 2771 5335 ››
2808 5286 2898 5340 ’Ev
2929 5283 3091 5360 σοφίᾳ
3116 5282 3274 5349 Θεοῦ,
3304 5284 3373 5355 τῇ
3403 5274 3560 5333 ὅντως
3583 5272 3763 5360 γνωσεξτ

2188 5376 2250 5430 οὐ
2281 5358 2518 5451 καθάπερ
2544 5375 2595 5428 o't
2652 5358 3111 5448 ψευδαπόστολοι,
3167 5375 3237 5443 τῇ
3294 5360 3589 5454 ἀνθρωπίνῃ.

2185 5446 2574 5539 κομπάζοντες.
2607 5446 2675 5507 -έ
2696 5461 2872 5520 Ἀλλο
2894 5462 3235 5538 [ΘΕΟΔΩΑ.]
3257 5461 3372 5519 Ἵνα
3398 5453 3535 5524 εἴπῃ,
3560 5446 3643 5502 Καὶ
3661 5446 3758 5504 περί
