4048 6250
211 361 345 421 935

1197 359 1606 420 COMMENT.
1653 360 1730 419 IN
1783 358 2027 420 EPIST.
2074 358 2126 419 ll
2170 359 2271 417 AD
2316 357 2684 417 COBINTH.

3532 350 3650 411 986

213 489 360 553 τοὺς
392 489 709 566 γνωρίμους
739 492 828 546 καὶ
858 491 982 566 περὶ
1013 489 1142 555 τοὺς
1190 491 1502 566 ἀγνώστους
1552 488 1880 561 σπουδάζον·

1997 488 2802 556 modestiam,etexihibitum
2835 487 2962 542 sine
2985 490 3226 558 sumptu
3258 485 3648 556 evangelium,

221 601 323 644 τες
389 581 528 636 εἶναι
594 580 938 656 μακροθυμοι
988 580 1075 636 οιαὶ
1143 579 1399 655 χρηστοί.
1451 582 1528 637 Τὸ
1584 581 1688 656 γὰρ
1730 579 1890 657 ἀγνό-

219 691 388 741 τητι,
415 672 608 746 ἀγνοιᾳ
639 670 805 746 λέγει,
839 670 968 726 οὐχὶ
1000 669 1205 745 ἁγνείᾳ.
1238 702 1307 711 —
1332 667 1540 725 ”Αλλο.
1590 669 1891 746 Ἀγνότητα

223 761 414 839 λέγει,
441 761 541 830 τὴν
574 766 681 816 τῶν
713 760 1018 844 χρημάτων
1053 760 1370 835 ὑπεροψίαν.
1441 757 1582 818 Οὐδὲ
1635 761 1737 836 γάρ
1794 761 1890 824 τὰς

226 850 529 924 ἀναγκαίας
572 849 762 929 χρείας
791 849 935 924 παρά
967 849 1267 924 Κορινθίων
1297 846 1530 919 ἐδέξατο.
1581 853 1780 904 Γνῶσιν
1811 848 1886 920 δὲ,

223 940 312 1001 ὡς
339 941 528 1012 οἶμαι,
559 941 660 1008 τὴν
689 936 1061 995 διδασκαλίαν.
1093 963 1121 990 ‹‹
1145 941 1230 994 Ἐν
1264 939 1630 1014 μακροθυμίᾳ.
1665 963 1692 989 ››
1729 937 1888 995 Ἀδα-

227 1029 500 1104 μαντίνης
534 1026 703 1084 δεῖται
735 1031 944 1104 ψυχῆς,
986 1029 1048 1084 τὸ
1105 1028 1364 1092 πάντοθεν
1425 1027 1745 1103 νυσσόμενον
1809 1031 1884 1102 μὴ

225 1120 408 1194 μόνον
445 1120 843 1194 μακροθυμεῖς,
876 1115 1022 1174 ἀλλᾶ
1049 1117 1140 1173 καὶ
1189 1117 1604 1192 χρηστεύεσθαι.
1638 1142 1667 1170 ιι
1696 1113 1886 1193 Ὑϐρι-

223 1207 456 1282 ζόμενοι
493 1207 621 1283 γάρ,
653 1207 838 1285 φησὶν,
873 1204 1230 1282 εὐλογοῦμεν.
1264 1230 1292 1260 ››
1324 1239 1396 1248 -
1426 1229 1455 1258 ‹‹
1497 1207 1584 1263 Ἐν
1614 1207 1887 1281 Πνεύματι

219 1296 398 1371 ἁγίῳ.
435 1321 463 1349 ››
530 1296 664 1352 Εἶτα
715 1294 947 1351 δείκνυσι
1006 1296 1165 1352 πόθεν
1222 1300 1470 1359 τοιοῦτος
1516 1298 1761 1373 γέγονεν.
1799 1299 1887 1354 Ἐν

221 1385 532 1459 Πνεῦματι,
592 1383 783 1464 φησὶν,
841 1384 987 1449 ὄντες
1048 1382 1450 1458 διετελέσαμεν.
1510 1387 1646 1444 Τότε
1705 1384 1886 1457 δὲτὴν

218 1479 332 1529 τοῦ
369 1475 672 1547 Ιινεύματος
700 1476 907 1530 τέθεικε
960 1476 1236 1550 βοήθειαν,
1296 1474 1421 1530 ὅταν
1468 1477 1533 1530 τὰ
1585 1477 1711 1550 παρ’
1765 1477 1884 1530 ἑαυ-

217 1569 330 1620 τοῦ
364 1567 788 1640 συνεισήνεγκεν.
831 1592 858 1619 ι
896 1566 983 1621 Ἑν
1019 1563 1200 1640 ἀγάπῃ
1243 1565 1611 1640 ἀνυποκρίτῳ.
1648 1589 1675 1616 ››
1707 1569 1884 1622 Τοῦτο

217 1653 291 1709 τὸ
324 1653 538 1709 πάντων
568 1650 744 1709 αἶ’τιον
782 1659 892 1708 τῶν
925 1653 1166 1731 ἀγαθῶν.
1210 1657 1388 1712 Τοῦτο
1443 1660 1692 1710 τοιοῦτον
1723 1654 1882 1710 αὐτὸν

219 1741 540 1818 εἰργάσατο,
593 1747 756 1798 τοῦτο
803 1742 867 1797 τὸ
927 1747 1139 1817 ΙΙνεῦμα
1200 1741 1378 1817 μένειν
1421 1743 1692 1815 ἐποίησεν.
1732 1766 1757 1798 ιι
1794 1745 1882 1800 Ἐν

219 1831 383 1908 λόγῳ
409 1831 691 1903 ἀληθείας.
729 1857 757 1883 ››
786 1834 959 1907 ’Ὀπερ
988 1831 1244 1907 ἀλλαχοῦ
1275 1855 1460 1910 φησιν,
1487 1859 1514 1886 (τ
1548 1832 1626 1891 Οὐ
1653 1830 1881 1888 δολοῦν-
1917 1857 1962 1920 Β

218 1943 314 1984 τες
345 1922 436 1977 τὸν
480 1920 647 1997 λόγον
679 1927 780 1977 τοῦ
813 1927 967 1978 Θεοῦ.
1004 1946 1032 1972 υ
1083 1922 1217 1978 Εἶτα
1271 1923 1384 1989 καὶ,
1419 1947 1447 1976 (ι
1503 1925 1589 1980 Ἐν
1657 1921 1883 1995 δυνάμει

226 2015 390 2080 Θεοῦ,
447 2033 470 2063 ι
533 2009 604 2065 δι’
653 2011 743 2081 ἧς,
800 2011 957 2087 φησὶ,
1013 2012 1184 2068 πάντα
1268 2013 1654 2088 πεπράχαμεν
1714 2011 1883 2068 πάντα

221 2100 332 2176 γὰρ
358 2105 440 2174 τῷ
468 2105 585 2172 Θεῷ
615 2099 917 2171 ἀνατίθησι.
954 2123 976 2151 ι
1009 2101 1107 2158 Διά
1135 2107 1241 2158 τῶν
1284 2099 1474 2156 ὅπλων
1522 2109 1624 2171 τῆς
1680 2100 1885 2157 δικαιο-

220 2189 420 2260 σύνης,
458 2194 568 2244 τῶν
601 2187 787 2260 δεξιῶν
816 2191 903 2244 καὶ
928 2191 1242 2266 ἀριστερῶν,
1280 2215 1309 2243 ››
1357 2191 1420 2247 Εἰ
1485 2189 1745 2252 βούλεσθε
1780 2212 1882 2264 μα-

223 2280 363 2349 θεῖν,
423 2279 578 2359 φησί,
636 2280 797 2334 πόθεν
847 2285 1018 2334 ταῦτα
1081 2280 1551 2354 κατωρθώσαμεν,
1599 2279 1881 2339 ἀκούσατε.

227 2367 332 2422 Διὰ
361 2371 468 2422 τῶν
507 2365 718 2439 ὅπλων,
779 2369 932 2446 φησὶ,
996 2372 1102 2424 τῶν
1173 2367 1359 2439 δεξιῶν
1418 2370 1507 2423 καὶ
1565 2368 1883 2444 ἀριστερῶν,

227 2451 386 2512 ἅτινα
417 2455 462 2510 εἰ
507 2455 595 2511 καὶ
646 2453 796 2512 δοκεῖ
852 2459 991 2512 εἴναι
1041 2458 1250 2514 ἐναντία
1301 2458 1435 2532 πρὸς
1493 2458 1674 2526 ἑαυτὰ,
1732 2455 1883 2526 πλὴν

225 2545 380 2602 ὅπλα
409 2543 755 2617 δικαιοσύνης
788 2546 908 2603 εἰσί.
942 2548 1093 2618 Δεξιᾶ
1137 2545 1194 2602 δὲ
1251 2546 1416 2622 λέγει,
1469 2548 1536 2602 τὰ
1594 2548 1711 2604 οἷον
1762 2546 1884 2603 ἐπι-

230 2632 383 2704 δέξια
413 2632 692 2706 δοκοῦντα,
733 2636 979 2691 τουτέστι
1033 2639 1129 2700 τὰς
1169 2637 1314 2712 παρὰ
1365 2636 1667 2713 ἀνθρώπων
1716 2638 1882 2709 τιμὰς

233 2725 330 2778 καὶ
364 2721 536 2797 δόξας,
593 2727 682 2789 αἶς
720 2725 818 2780 οὐκ
875 2725 1244 2803 ἐφυσήθημεν,
1278 2733 1465 2805 φησὶν,
1527 2725 1651 2782 οὐδὲ
1707 2725 1881 2802 ἐπήρ-

237 2823 414 2886 θημεν
443 2815 574 2889 πρὸς
606 2811 760 2886 δόξαν
790 2818 971 2886 κενήν.
1003 2815 1101 2871 Διὰ
1127 2821 1287 2872 τοῦτο
1329 2816 1431 2895 γὰρ
1490 2816 1636 2872 ’ὀπλα
1669 2815 1880 2872 δικαιο-

232 2925 400 2974 συνης
451 2905 689 2980 γέγονεν.
742 2905 1025 2983 Ἀριστερὰ
1095 2904 1168 2977 δὲ,
1229 2907 1296 2962 τὰ
1367 2908 1586 2970 τούτοις
1640 2906 1871 2966 ἐναντία.

226 2994 368 3052 Οἴον
399 2993 526 3055 τοὺς
557 2995 917 3070 πειρασμοὺς,
976 2995 1103 3058 τοὺς
1161 2993 1463 3072 διωγμοὺς,
1522 2998 1618 3060 τὰς
1673 2993 1878 3072 ὕϐρεις,

225 3084 317 3146 οἷς
353 3083 414 3138 οὐ
447 3082 808 3158 κατεπέσαμεν
869 3082 992 3140 οὐδὲ
1055 3088 1399 3160 ἡττήθημεν,
1456 3087 1530 3148 ὡς
1586 3087 1636 3143 εἷ’
1681 3081 1879 3162 ἔλεγενο

223 3171 344 3232 ῬΑεὶ
375 3173 428 3227 οἱ
457 3172 610 3228 αὐτοί
641 3171 955 3248 ἐμείναμεν,
992 3176 1131 3248 μήτε
1159 3181 1278 3239 τοῖς
1331 3175 1526 3239 καλοῖς
1581 3175 1879 3250 ἐπαιρόμε-

223 3283 336 3332 νοι,
375 3263 517 3336 μήτε
546 3269 662 3326 τοῖς
693 3271 881 3326 κακοῖς
917 3262 1348 3339 μαλακιζόμενοι
1383 3263 1627 3327 νΑλλως.
1657 3266 1885 3340 [1ΩΕΝ.]

226 3351 520 3427 Ἀριστερὰ
546 3352 707 3410 καλεῖ
755 3354 820 3408 τά
870 3351 1134 3411 δοκοῦντα
1200 3355 1329 3409 εἶναι
1389 3355 1630 3430 λυπηρά.
1703 3355 1884 3412 Καίτοι

228 3443 402 3497 ταῦτά
431 3441 543 3498 ἐστι
573 3442 638 3498 τά
693 3443 783 3500 τὸν
851 3445 1038 3517 μισθὸν
1102 3439 1324 3520 ἔχοντα.
1387 3445 1484 3500 Καὶ
1533 3445 1677 3508 τίνος
1707 3441 1883 3500 ἕνεκεν

230 3533 407 3594 οὕτως
439 3533 574 3588 αὖτᾶ
604 3535 762 3589 καλεῖ
794 3554 808 3602 ;
839 3537 907 3592 *Η
939 3537 1073 3591 κατά
1102 3539 1201 3606 τήν
1259 3537 1538 3612 ὑπόληψιν
1593 3541 1700 3592 τῶν
1741 3536 1886 3593 πολ-

231 3619 372 3693 λῶν,
402 3619 438 3691 ἠ¹
471 3620 657 3693 ἐπειδὴ
693 3622 963 3680 ἐκέλευσεν
1011 3626 1039 3680 ὁ
1099 3625 1246 3692 Θεὸς,
1280 3623 1530 3702 εὔχεσθαι
1591 3627 1665 3700 μὴ
1710 3625 1883 3682 εἰσελ-

230 3713 340 3768 Θεῖν
372 3712 450 3772 εἷς
473 3712 797 3787 πειρασμόν.
832 3737 860 3765 ‹‹
892 3715 988 3768 Διὰ
1019 3711 1180 3785 δόξης
1223 3715 1312 3770 καὶ
1379 3716 1619 3787 ἀτιμίας.
1658 3740 1682 3768 ν
1751 3717 1885 3773 Εἶτα

232 3797 377 3874 λέγει
437 3801 692 3876 ἀριστερὰ
745 3804 832 3858 καὶ
891 3800 1053 3876 δεξιά.
1116 3805 1218 3861 Καὶ
1285 3803 1404 3877 ὅρα,
1458 3805 1554 3866 τὰς
1594 3805 1737 3878 παρὰ
1787 3805 1886 3860 ἀν-

230 3890 465 3966 θρώπων
497 3890 673 3946 αὐτῶν
728 3893 1144 3968 προσαγομένας
1201 3893 1384 3965 τιμὰς,
1446 3893 1525 3955 εῗς
1563 3894 1766 3948 οἰκεῖον
1796 3895 1883 3950 τέ.

232 3990 376 4044 θεικε
406 3981 757 4056 κατόρθωμα.
791 3978 922 4038 Οἵδε
953 3982 1055 4060 γὰρ
1087 3981 1148 4037 δν
1209 3980 1344 4057 μέγα
1408 3986 1481 4056 μή
1527 3982 1729 4038 ἁλῶναι
1785 3983 1879 4038 τύ-

229 4089 314 4148 φῳ
344 4065 435 4123 διὰ
464 4069 560 4130 τὰς
589 4071 779 4144 τιμάς.
814 4094 841 4122 ‹‹
873 4072 961 4133 Ὡς
991 4069 1213 4138 πλάνοι,
1246 4073 1333 4127 καὶ
1365 4071 1612 4142 ἀληθεῖς,
1649 4096 1677 4123 ››
1709 4070 1880 4128 Αὖται

230 4159 284 4212 αί
317 4157 580 4237 εὐφημίαι
613 4159 706 4214 καὶ
750 4157 1074 4240 δυσφημίαι,
1138 4182 1170 4217 ι(
1218 4167 1302 4224 Ὡς
1360 4161 1737 4237 ἀγνοούμενοι,
1791 4161 1881 4217 καὶ

230 4245 738 4322 ἐπιγινωσκόμενοι.
776 4273 802 4301 »ι
855 4252 1028 4307 Τοῦτό
1087 4250 1196 4305 ἐστι
1254 4250 1344 4306 καὶ
1403 4248 1564 4323 δόξης
1614 4251 1706 4306 καὶ
1766 4252 1882 4306 ἀτι-

235 4336 384 4410 μίας.
442 4339 575 4399 Τοῖς
633 4338 730 4412 μὲν
787 4340 890 4414 γὰρ
949 4339 1217 4415 γνώριμοί
1275 4360 1334 4394 τε
1382 4340 1518 4409 ἦσαν
1593 4341 1681 4396 καὶ
1733 4359 1883 4416 περι-

230 4424 584 4498 σπούδαστοι,
618 4428 670 4481 οἱ
703 4424 760 4483 δὲ
806 4425 934 4483 οὐδὲ
993 4427 1185 4484 εἰδέναι
1242 4427 1437 4491 αὐτοὺς
1494 4429 1699 4500 ἠξίουν.
1739 4455 1758 4480 ι
1793 4430 1882 4493 Ὡς

227 4515 681 4586 ἀποθνήσκοντες.
747 4540 775 4568 »ι
836 4518 985 4574 Κατὰ
1052 4519 1149 4587 τὴν
1210 4515 1554 4594 σφοδρότητα
1610 4519 1698 4574 καὶ
1780 4519 1878 4587 τήν

227 4604 466 4672 σπουδὴν
493 4609 602 4660 τῶν
634 4603 1023 4678 πολεμούντων
1053 4609 1206 4679 ἡμῖν.
1244 4588 1273 4660 «ἒ
1304 4588 1409 4664 καὶ
1460 4605 1582 4662 ἰδοὺ
1610 4612 1809 4683 ζῶμεν.
1845 4632 1867 4662 ι
1907 4588 1951 4653 D

223 4695 367 4752 Κατᾶ
394 4697 496 4766 τήν
529 4692 756 4769 δ·5ναμιν
803 4700 900 4752 τοῦ
954 4701 1110 4754 Θεοῦ.
1168 4721 1197 4750 ‹‹
1252 4704 1341 4760 Ὡς
1397 4695 1802 4773 παιδευόμενοι·
1840 4721 1870 4750 ”

223 4785 398 4840 Ταῦτα
433 4781 700 4860 δὲ,φησῖ,
761 4786 1060 4860 συνεχώρει
1111 4787 1140 4842 ὁ
1197 4787 1351 4853 Θεὸς,
1410 4784 1682 4843 παιδεύων
1749 4787 1867 4860 μὶν,

226 4871 288 4928 οὐ
329 4875 436 4946 μὴν
470 4872 605 4948 ἄχρι
635 4873 865 4938 θανᾶτου
899 4875 1410 4952 ἐγκαταλιμπάνων,
1450 4901 1471 4928 ι
1529 4883 1616 4940 Ὦς
1662 4875 1868 4932 λυπού.

230 4981 398 5033 μενοι.
447 4986 476 5015 ››
535 4964 688 5036 Παρά
747 4964 840 5036 μὲν
895 4970 1016 5027 τοῖς
1069 4962 1258 5034 ἔξωθεν
1315 4964 1367 5037 ἐξ
1433 4968 1506 5022 ὦν
1557 4965 1866 5046 πάσχομεν,

225 5049 448 5124 ἀθυμεῖν
480 5053 840 5126 νομιζόμεθα,
875 5055 957 5109 ἀεὶ
990 5051 1046 5110 δὲ
1094 5056 1182 5110 καὶ
1223 5054 1306 5132 ἐφ’
1361 5057 1591 5129 ἑκάστῳ,
1623 5054 1872 5113 ἀδιαλεί-

224 5162 371 5204 πτως
401 5142 708 5217 χαίροντες.
746 5145 888 5219 Ὀρα
929 5147 1028 5215 τήν
1089 5147 1246 5221 ἁγίαν
1303 5149 1512 5226 ψυχήν,
1567 5147 1644 5206 Οὐ
1701 5148 1866 5222 μόνον

223 5229 374 5308 ἔφερε
401 5233 530 5292 τοὺς
564 5232 900 5306 πειραπμοῦς
957 5235 1239 5310 γενναίως,
1298 5235 1445 5292 ἀλλᾶ
1500 5238 1588 5292 καὶ
1649 5230 1866 5313 ἔχαιρεν

222 5320 304 5377 ἐπ’
352 5321 563 5392 αὐτοῖς,
619 5319 778 5385 εἰδὼς
840 5319 929 5377 διὰ
983 5324 1074 5379 τὸν
1132 5324 1364 5400 Χριστὸν
1411 5327 1663 5401 πάσχειν.
1723 5351 1745 5378 ι
1779 5328 1868 5389 Ὡς

223 5409 461 5485 πτωχοί.
482 5434 509 5462 ››
541 5411 926 5484 Διετελὲσαμεν
958 5413 1032 5475 ὡς
1061 5416 1306 5494 πτωχοὶ,
1324 5414 1570 5478 πολλοὺς
1594 5415 1649 5472 δὲ
1669 5414 1867 5472 ἐπλου-

224 5498 446 5573 τίσαμεν
485 5499 894 5574 ἢπνευματικῴ
952 5500 1178 5576 πλούτῳ
1233 5504 1268 5574 ἢ
1326 5504 1418 5559 καὶ
1470 5503 1730 5582 σαρκικῷ.
1781 5505 1865 5565 Εἴ.

294 5669 334 5706 δ’
361 5670 409 5725 Π
442 5671 571 5726 Cor.
607 5646 676 5739 ιν,
711 5675 762 5726 2.
797 5671 841 5707 "
871 5673 1070 5730 Matth.
1105 5690 1174 5745 v1,
1208 5677 1259 5729 9.

1997 588 2404 652 servatamque
2428 580 2488 634 in
2508 579 2790 635 omnibus
2810 578 3146 649 puritatem.
3177 599 3204 625 «
3237 577 3298 631 In
3324 577 3589 631 scientia.
3619 598 3646 626 ››

1998 672 2064 726 In
2095 672 2194 727 Dei
2229 670 2522 742 sapientia
2553 687 2682 740 quae
2717 684 2852 722 vera
2885 673 2975 721 est
3005 666 3294 721 scientia:
3330 682 3450 720 non
3499 666 3651 721 sicut

1996 760 2476 832 pseudoapostoli
2501 760 2598 830 qui
2620 760 2692 813 ob
2718 759 3044 812 humanam
3068 756 3420 828 sapientiem
3439 756 3647 811 cristas

1997 850 2592 923 erigebant.——Aliud
2637 853 2716 902 Ac
2741 847 2787 900 si
2822 847 2977 902 dicat
3008 863 3018 898 :
3074 847 3142 899 Et
3184 845 3341 900 circa
3388 851 3559 900 notos
3587 851 3644 899 et

1968 935 2153 995 'circa
2183 941 2414 1012 ignotos
2448 939 2711 992 nitamur
2741 953 2850 991 nos
2880 935 3156 990 exhibere
3176 934 3548 1006 longanimes
3575 951 3641 989 ac

1996 1031 2192 1087 utiles.
2249 1032 2392 1086 Nam
2447 1029 2605 1100 quod
2661 1028 2762 1093 ait,
2821 1024 2870 1078 ἐν
2927 1023 3205 1100 ἁγνότητι,
3263 1025 3374 1079 hoc
3432 1029 3540 1088 est,
3591 1021 3642 1076 ἐν

1995 1117 2204 1194 ἀγνοίᾳ,
2236 1119 2294 1174 id
2328 1124 2438 1186 est,
2472 1121 2528 1172 in
2558 1117 2904 1188 ignorantia,
2935 1120 2994 1170 et
3023 1130 3145 1168 non
3176 1113 3379 1186 ἁγνείᾳ,
3410 1112 3470 1167 id
3529 1117 3636 1182 est,

1995 1199 3241 1278 castitatevelpuritate.—Aliud,éyvé-cma,
3278 1201 3335 1256 id
3379 1207 3485 1269 est,
3521 1203 3638 1257 sin-

1994 1299 2300 1354 ceritatem
2323 1296 2867 1368 dicitpecuniarum
2883 1293 3222 1364 despectum
3243 1307 3455 1361 ;neque
3479 1291 3639 1346 enim

1993 1405 2028 1444 a
2058 1387 2379 1443 Corinthiis
2411 1387 2470 1441 in
2502 1384 2871 1440 necessarios
2901 1400 3043 1436 usus
3074 1386 3400 1451 acceperat.
3437 1380 3639 1435 Scien-

1994 1479 2135 1534 tiam
2166 1495 2324 1544 vero,
2357 1476 2710 1536 doctrinam,
2743 1479 2808 1529 ut
2840 1474 3066 1544 opinor.
3104 1494 3131 1522 «
3163 1473 3229 1525 In
3279 1470 3637 1543 longanimi-

1994 1574 2130 1623 tate.
2170 1590 2189 1615 ι
2227 1565 2622 1621 Adamantino
2651 1581 2797 1634 opus
2829 1567 2956 1616 erat
2986 1561 3206 1627 animo,
3257 1565 3323 1612 ut
3374 1559 3637 1628 undique

1993 1674 2180 1712 caesus
2197 1672 2318 1710 non
2335 1660 2564 1710 tantum
2581 1651 3070 1724 longanimis,scd
3086 1649 3266 1704 etben
3279 1650 3446 1720 ignus
3461 1655 3636 1704 esset.

1994 1747 2299 1818 Siquidem
2339 1744 2770 1800 maledicimur.
2807 1742 3020 1813 inquit,
3056 1741 3159 1795 sed
3215 1739 3587 1794 bendicimus
3623 1756 3635 1793 :

1995 1858 2021 1886 ι(
2055 1838 2118 1892 In
2151 1836 2372 1906 Spiritu
2404 1839 2626 1888 sancto.
2666 1853 2692 1880 »ι
2726 1831 2948 1886 Deinde
3003 1829 3263 1884 ostendit
3317 1828 3477 1882 unde
3527 1829 3640 1882 hu-

1983 1925 2248 1996 jusmodi
2281 1923 2458 1978 fuerit
2486 1923 2742 1977 animus.
2774 1921 2842 1974 In
2873 1919 3112 1990 Spiritu,
3136 1917 3350 1987 inquit,
3385 1918 3502 1971 sive
3535 1934 3640 1987 per

1992 2014 2273 2087 Spiritum
2331 2010 2855 2084 perseveravimns.
2915 2010 3076 2062 Tunc
3135 2013 3333 2061 autem
3387 2008 3639 2077 Spiritus

1991 2103 2273 2160 auxilium
2303 2101 2520 2173 posuit,
2554 2116 2688 2155 cum
2721 2115 2790 2154 ea
2821 2097 3066 2152 adduxit
3097 2113 3227 2166 quae
3287 2112 3393 2150 sua
3449 2101 3633 2150 erant.

1992 2217 2020 2245 ‹‹
2053 2193 2119 2248 In
2151 2192 2438 2248 charitate
2469 2207 2589 2245 non
2623 2187 2920 2243 simulata.
2954 2212 2977 2236 »
3009 2187 3128 2240 Hoc
3157 2191 3509 2240 cunctorum
3551 2190 3642 2239 est

1990 2301 2170 2342 causa
2199 2285 2512 2351 honorum,
2547 2283 2658 2336 hoc
2691 2281 2869 2335 talem
2931 2279 3126 2350 ipsum
3189 2277 3465 2341 reddidit,
3527 2276 3638 2332 hoc

1991 2374 2274 2446 Spiritum
2305 2387 2547 2426 manere
2579 2370 2737 2425 fecit.
2773 2391 2800 2418 ‹‹
2830 2371 2894 2421 In
2926 2383 3201 2422 sermone
3262 2365 3543 2419 veritatis.
3608 2387 3636 2414 »

1990 2462 2157 2528 Quod
2213 2460 2354 2516 alibi
2413 2460 2600 2516 dicit:
2658 2459 2785 2513 Non
2844 2456 2979 2510 dolo
3039 2459 3364 2509 tractantes
3394 2453 3636 2508 verbum

1989 2553 2090 2608 Dei
2121 2549 2187 2606 ⁴⁸.
2224 2571 2252 2600 ››
2284 2549 2503 2605 Deinde
2537 2548 2713 2602 etiam
2749 2564 2762 2600 :
2797 2569 2822 2596 ‹‹
2862 2546 2924 2600 In
2955 2545 3219 2616 potentia
3279 2543 3400 2607 Dei,
3451 2563 3480 2591 »
3532 2559 3637 2611 per

1991 2656 2169 2711 quam
2201 2640 2422 2706 omnia,
2455 2637 2668 2707 inquit,
2705 2634 2930 2706 operati
2964 2649 3188 2699 sumus,
3224 2632 3425 2686 omnia
3473 2630 3634 2684 enim

1991 2731 2108 2788 Deo
2139 2730 2427 2788 attribuit.
2469 2747 2488 2776 ι
2524 2730 2634 2782 Per
2663 2741 2827 2780 arma
2876 2723 3124 2794 justitiaa
3184 2722 3387 2776 dextra
3446 2737 3512 2775 ac
3562 2721 3636 2773 si-

1988 2821 2194 2876 nistra.
2234 2843 2254 2870 ιι
2293 2819 2349 2874 Si
2380 2817 2575 2881 vultis,
2603 2815 2816 2887 inquit,
2848 2814 3075 2869 discere
3105 2811 3262 2866 unde
3294 2817 3395 2866 aut
3416 2809 3632 2880 quibus

1987 2909 2200 2966 mediis
2233 2909 2355 2964 hanc
2387 2907 2543 2962 bona
2598 2904 2954 2976 peregimus,
3015 2901 3234 2957 audite.
3295 2902 3407 2954 Per
3466 2915 3633 2954 arma

1980 2999 2230 3071 justitiaa
2259 2999 2462 3054 dextra
2483 3013 2552 3052 ac
2577 2995 2821 3050 sinistaa
2849 3009 2862 3047 :
2884 3009 3014 3063 quae
3039 2991 3146 3045 etsi
3172 2991 3328 3044 inter
3350 3007 3410 3044 se
3429 2989 3636 3042 viden-

1987 3094 2084 3144 tur
2113 3087 2432 3151 contraria,
2469 3092 2666 3140 tamen
2697 3099 2863 3138 arma
2892 3081 3142 3152 justitiaa
3205 3083 3360 3134 sunt.
3423 3080 3638 3132 Dextra

1991 3177 2491 3248 autemdicitquai
2509 3181 2790 3244 tanquam
2807 3172 3014 3226 dextra
3054 3169 3343 3235 videntur,
3390 3169 3500 3223 hoc
3533 3173 3640 3235 est,

1915 3231 1959 3294 Ο
1991 3269 2251 3324 honores
2286 3272 2344 3322 et
2372 3263 2842 3321 existimationes
2873 3261 3028 3332 apud
3059 3259 3333 3314 homines
3361 3275 3373 3312 :
3408 3257 3479 3312 ob
3513 3275 3642 3328 qua)

1992 3375 2112 3414 non
2136 3357 2610 3417 intumescimus,
2632 3352 2846 3424 inquit,
2871 3367 3065 3422 neque
3085 3349 3222 3403 elati
3241 3354 3342 3404 aut
3363 3364 3643 3420 arrogan-

1991 3453 2080 3504 tes
2102 3448 2242 3503 facti
2261 3463 2466 3501 sumus
2491 3445 2563 3499 ad
2589 3445 2829 3499 inanem
2847 3441 3112 3514 gloriam.
3141 3441 3461 3509 Pr0pterea
3505 3454 3641 3508 ergo

1990 3536 2423 3607 armajustitiaa
2454 3535 2607 3591 facta
2637 3537 2776 3589 sunt
2810 3547 2824 3596 ;
2858 3531 3101 3586 sinistra
3156 3545 3289 3582 vero
3349 3544 3482 3597 quae
3548 3525 3642 3580 his

1990 3628 2290 3683 contraria
2321 3632 2479 3688 sunt,
2510 3629 2715 3696 utpote
2745 3620 3129 3682 tentationes,
3174 3636 3261 3688 pc":
3284 3617 3640 3684 «contiones,

1990 3717 2242 3789 injurias
2276 3715 2491 3784 quibus
2514 3730 2634 3768 non
2667 3727 2872 3766 sumus
2904 3707 3265 3764 consternati
3299 3721 3490 3775 neque
3538 3704 3641 3758 de-

1988 3807 2146 3875 victi,
2169 3823 2236 3861 ac
2259 3805 2309 3860 si
2332 3805 2586 3859 diceret:
2639 3802 2882 3869 Semper
2921 3797 3101 3852 iidem
3151 3795 3501 3854 mansimus,
3535 3807 3641 3846 ne-

1987 3912 2101 3967 que
2120 3893 2418 3965 prosperis
2434 3891 2793 3959 elati,neque
2809 3885 3071 3941 adversis
3086 3883 3388 3938 molliores
3424 3880 3638 3949 effecti,

1985 3981 2530 4039 —Aliomod0648
2546 3978 2794 4034 Sinistra
2832 3980 3001 4029 vocat
3037 3991 3170 4044 qua:
3213 3972 3488 4026 videntur
3510 3986 3638 4025 esse

1988 4076 2197 4131 tristia.
2233 4073 2343 4129 Sed
2374 4087 2508 4127 cum
2538 4070 2664 4125 hmo
2698 4065 3033 4122 mercedem
3093 4063 3374 4129 habeant,
3436 4079 3542 4117 cur
3571 4079 3641 4116 ea

1987 4167 2099 4222 hoc
2111 4163 2288 4220 modo
2305 4160 2603 4234 appellat?
2617 4157 2908 4229 Autjuxta
2930 4154 3252 4210 multorum
3268 4152 3612 4223 Opinionem
3625 4194 3639 4219 ,

1987 4245 2957 4325 autquiajussitnosDeusprecari
3003 4261 3081 4299 ne
3119 4241 3543 4297 induceremur
3576 4242 3636 4294 in

1984 4345 2372 4400 tentationcm
2383 4341 2447 4394 ιθ.
2464 4337 2865 4412 «Pergloriam
2881 4329 3632 4406 etigncminiam.»Deinde

1986 4432 2474 4490 recensetdextra
2485 4447 2551 4486 ac
2565 4428 2826 4484 sinistra.
2840 4427 2909 4480 Et
2923 4421 3234 4480 considera
3252 4419 3410 4491 quod
3442 4419 3632 4474 hono-

1983 4539 2080 4580 res
2111 4523 2209 4594 qui
2244 4522 2315 4577 ab
2347 4518 2693 4578 hominibus
2724 4516 3074 4576 afferuntur,
3108 4512 3168 4566 in
3200 4509 3508 4582 proprium
3532 4507 3632 4562 bo-

1983 4629 2127 4668 num
2159 4629 2305 4685 opus
2336 4614 2630 4667 numerat.
2663 4606 2834 4662 Novit
2865 4605 3024 4659 enim
3057 4605 3280 4672 quanta
3307 4615 3403 4653 res
3418 4599 3631 4654 sitnon

1984 4703 2114 4775 capi
2145 4703 2299 4760 fastu
2331 4700 2404 4756 ob
2436 4697 2733 4755 exhibitas
2764 4696 3041 4750 honores.
3084 4715 3100 4738 α
3135 4690 3307 4755 Quasi
3344 4689 3632 4760 imposte-

1982 4811 2098 4859 res,
2132 4791 2234 4848 sed
2263 4806 2522 4848 veraces.
2553 4809 2579 4838 »
2614 4802 2830 4857 nempe
2862 4799 2967 4855 per
2996 4780 3203 4837 laudes
3231 4785 3289 4835 et
3325 4778 3626 4834 infamias.

1982 4880 2201 4946 «Quasi
2229 4877 2556 4952 ignoti,sed
2575 4875 2722 4931 noti.
2749 4896 2775 4923 ››
2801 4875 2919 4929 Hoc
2969 4871 3146 4926 etiam
3197 4875 3286 4924 est
3339 4868 3541 4941 gloria:
3575 4874 3634 4923 et

1980 4967 2709 5046 ignominim.Quibusdam
2726 4964 2884 5020 enim
2901 4962 3024 5016 noti
3041 4978 3092 5016 e:
3113 4966 3290 5016 antac
3303 4960 3628 5032 plurimum

1980 5062 2052 5118 ab
2085 5063 2204 5116 illis
2238 5057 2737 5121 observabantur;
2771 5053 2871 5109 alii
2903 5069 3036 5108 vero
3067 5067 3142 5107 ne
3176 5067 3349 5105 nosse
3387 5049 3626 5119 quidem

1979 5151 2142 5222 ipsos
2173 5149 2586 5221 dignabantur.
2624 5166 2652 5196 ‹‹
2683 5143 2858 5210 Quasi
2891 5141 3237 5197 morientes.
3275 5164 3295 5192 ι
3335 5139 3392 5192 Si
3451 5137 3626 5192 vehe-

1979 5238 2262 5294 mentiam
2293 5235 2568 5290 videlicet
2592 5250 2658 5288 ac
2691 5236 2969 5288 conatum
3002 5233 3233 5300 spectes
3265 5241 3471 5281 eorum
3525 5224 3628 5296 qui

1979 5327 2150 5383 nobis
2181 5327 2586 5382 adversantur.
2623 5344 2650 5372 α
2688 5321 2798 5377 Sed
2829 5336 2964 5376 ecce
2988 5317 3253 5372 vivimus.
3282 5343 3304 5367 υ
3328 5317 3406 5369 Ex
3426 5313 3628 5369 divina

1977 5417 2262 5490 potentia.
2299 5437 2326 5464 «
2363 5414 2538 5480 Quasi
2571 5411 2845 5483 correpti.
2881 5431 2910 5459 »
2943 5411 3074 5464 Haec
3105 5412 3304 5462 autem
3336 5403 3628 5477 permittit

1979 5505 2488 5578 Deus,corripiens
2505 5503 2744 5576 quidem
2759 5519 2825 5557 ac
2837 5499 3116 5556 erudiens
3137 5513 3268 5566 nos,
3292 5512 3410 5551 non
3425 5500 3622 5551 tamen
