4048 6250
420 361 537 421 987

1560 358 1973 420 (ECUMENII
2019 359 2320 419 TRICCE
2364 361 2714 422 EPISCOPI

3729 359 3834 420 988

422 509 612 565 usque
643 491 717 547 ad
748 497 997 547 mortem
1033 491 1476 562 derelinquens.
1501 514 1525 540 «
1547 490 2063 556 Quasidolentes.»

2185 509 2286 564 χον
2319 491 2421 566 γάρ
2450 492 2546 553 τὰς
2596 492 2845 548 ἁπάντων
2904 490 3254 567 ἀνεῳγμένας
3311 490 3536 556 οἰκίας,
3599 493 3841 553 ποιούσας

423 581 594 654 Apud
625 587 936 636 extraneos
967 580 1205 652 qnidem
1239 587 1481 651 propter
1510 580 1612 635 illa
1642 598 1772 652 quin
1820 581 2081 652 patimur

421 673 622 728 dolere
641 673 1335 742 existimamurzsemper
1377 676 1572 726 tamen
1615 679 1672 726 et
1711 673 1770 727 in
1798 672 2075 728 omnibus

421 763 704 820 continue
735 760 1081 833 gaudemus.
1120 760 1258 814 Vide
1289 767 1552 815 sanctam
1591 762 1756 816 Pauli
1779 761 2067 816 animam.

420 856 547 910 Non
563 853 753 907 solum
770 853 1126 907 tentationes
1150 853 1228 905 vix
1243 851 1866 912 iliterfcrebat,verum
1895 853 2072 908 etiam

425 943 644 1014 inipsis
665 941 1346 1013 gaudebat,sciensquod
1362 947 1602 1012 propter
1622 941 1920 997 Christum
1971 942 2074 997 illa

421 1037 743 1104 pateretur.
767 1055 793 1079 α
829 1030 1002 1095 Quasi
1027 1047 1338 1102 pauperes.
1371 1053 1390 1076 ι
1420 1029 1875 1085 Perduravimus
1903 1031 2071 1101 quasi

2188 580 2221 633 ἄ
2260 579 2578 653 βούλονται.
2613 606 2640 632 ‹‹
2668 585 2758 642 Ὠς
2803 579 2971 655 μηδὲν
3007 580 3257 656 ἔχοντες.
3286 602 3315 635 ι
3349 578 3550 638 Οὐδὲν
3586 581 3688 655 γάρ
3720 579 3847 654 ἔχων

2182 668 2248 723 τά
2287 670 2502 724 πάντων
2548 671 2687 745 εἶχε.
2734 674 2816 744 Τῇ
2871 671 2974 746 γὰρ
3031 671 3338 746 οὖκουμένῃ
3415 669 3742 726 ἐπέταττεν.
3797 670 3850 725 Εἴ

2185 755 2408 814 δυνατὸν
2437 759 2564 833 γάρ,
2597 759 2754 836 φησὶ,
2798 759 2925 821 τοὺς
2992 759 3310 839 ὀφθαλμοὺς
3372 759 3743 830 ἐξορύξαντες
3800 757 3850 812 ἂν

2185 847 2420 905 ἐδώκατὲ
2464 873 2578 924 μοι.
2657 853 2774 908 Ἔνι
2807 847 2863 905 δὲ
2912 853 3000 906 καὶ
3060 853 3186 927 περὶ
3238 855 3659 923 πνευματικῶν
3708 856 3856 905 ταῦτα

2183 948 2394 1010 νοῆσαι.
2426 943 2488 999 Ὀ
2537 942 2640 1018 γάρ
2697 941 3024 1016 ἀπορρήτων
3085 942 3295 998 ἁκούων
3362 942 3694 1019 ῥημάτων,
3758 945 3858 1002 πῶς

2186 1031 2318 1105 οὐχὶ
2348 1032 2563 1086 πάντων
2593 1030 3003 1105 πλουσιώτερος
3034 1032 3101 1100 ἦν
3135 1051 3149 1100 ;

420 1120 678 1178 mendici
712 1138 723 1175 :
757 1120 860 1176 sed
887 1121 1105 1175 multos
1137 1119 1474 1180 ditavimus,
1505 1125 1604 1174 aut
1634 1119 2045 1190 spiritualibus
2076 1119 2316 1183 divitiis.
2351 1128 2452 1177 aut
2483 1123 2661 1177 etiam
2711 1123 2982 1178 terrenis.
3045 1123 3344 1193 Siquidem
3402 1122 3718 1178 omnium
3773 1123 3863 1176 ha-

420 1211 640 1266 bebant
667 1216 902 1280 apertas
934 1210 1142 1265 domos
1174 1209 1292 1263 sive
1323 1208 1600 1276 familias,
1631 1226 1761 1280 qua:
1794 1208 2093 1264 faciebant
2121 1211 2413 1283 quidquid
2437 1211 2720 1283 juberent
2745 1212 3019 1284 apostoli.
3061 1231 3084 1260 ι
3120 1213 3295 1278 Quasi
3317 1213 3482 1268 nihil
3511 1212 3866 1268 habentesn

419 1303 562 1356 Nam
592 1299 741 1354 nihil
775 1299 990 1354 habeat
1023 1316 1035 1352 :
1071 1304 1368 1369 prmcepta
1399 1298 1558 1353 enim
1592 1297 1719 1352 orbi
1751 1298 1948 1353 dabat.
1980 1300 2210 1354 Etenim
2245 1301 2290 1354 si
2326 1301 2474 1368 ﬁeri,
2504 1302 2716 1372 inquit,
2745 1302 3057 1372 potuisset,
3087 1302 3290 1356 oculos
3321 1309 3582 1356 vestros
3619 1301 3863 1356 effossos

421 1388 733 1443 dedissetis
763 1387 932 1442 mihi.
966 1387 1124 1442 Licet
1156 1392 1351 1441 autem
1387 1393 1443 1441 et
1475 1387 1598 1441 haec
1629 1386 1700 1442 de
1733 1387 2142 1459 spiritualibus
2173 1389 2462 1460 accipere.
2496 1390 2603 1455 Qui
2635 1391 2797 1445 enim
2829 1406 3047 1445 arcana
3077 1390 3254 1445 verba
3288 1390 3594 1446 audierat
3657 1389 3730 1456 5°,
3787 1406 3876 1444 an-

419 1495 536 1532 non
570 1477 836 1532 omnium
869 1477 1199 1531 ditissimus
1226 1476 1401 1530 erat?

495 1565 580 1627 Vl,
620 1567 683 1618 14
723 1567 804 1618 l6.
843 1564 909 1619 0s
938 1570 1184 1617 nostrum
1240 1569 1494 1633 apertum
1552 1571 1628 1617 est
1689 1579 1824 1633 erga
1880 1579 1990 1630 vos,
2041 1579 2063 1618 ε

2255 1564 2332 1620 Τὸ
2381 1563 2556 1634 στόμα
2621 1567 2781 1634 ἡμῶν
2840 1563 3044 1640 ἀνέῳγε
3101 1565 3238 1639 πρὸς
3298 1567 3466 1638 ὑμᾶς,
3555 1562 3870 1638 Κορίνθιοι,

421 1653 714 1717 Corinthii,
747 1669 839 1707 cor
867 1659 1112 1706 nostrum
1145 1652 1442 1705 dilatatam
1475 1657 1553 1706 est
1585 1669 1604 1703 :
1633 1668 1746 1705 non
1803 1654 1926 1706 estis
1969 1669 2063 1706 an-

2181 1653 2215 1720 ἠ
2320 1649 2516 1726 καρδία
2615 1655 2777 1726 ἡμῶν
2812 1650 3204 1710 πεπλάτυνται.
3255 1654 3332 1710 Οὐ
3414 1656 3876 1728 στενοχωρεῖσθε

417 1745 641 1813 gustiin
663 1742 836 1804 nobis,
872 1743 967 1796 sed
987 1743 1207 1810 angusti
1260 1743 1386 1795 estis
1433 1741 1490 1794 in
1534 1742 1827 1795 visceribus
1857 1743 2063 1796 vestris.

2183 1739 2234 1796 ἐν
2275 1743 2430 1815 ἡμῖν,
2507 1742 2929 1814 στενοχωρεῖσθε
3030 1739 3086 1797 δὲ
3192 1742 3245 1797 ἐν
3304 1749 3424 1805 τοῖς
3505 1743 3876 1817 σπλάγχνοις

417 1833 681 1888 Eamdem
710 1838 889 1886 autem
917 1831 1432 1897 remunerationem,
1459 1835 1520 1882 ut
1541 1827 1674 1896 ﬁliis
1717 1829 1837 1883 dico
1863 1845 1875 1882 :
1911 1830 2063 1884 Dila-

2183 1830 2360 1903 ὑμῶν.
2429 1833 2546 1900 Τὴν
2607 1829 2662 1885 δὲ
2709 1831 2879 1899 αὐτὴν
2936 1831 3274 1903 ἀντιμισθίαν
3334 1833 3410 1894 ὡς
3475 1834 3728 1894 τεκνοις
3792 1830 3873 1885 λέ·

419 1920 612 1975 temini
641 1927 692 1975 et
724 1937 836 1987 vos,
867 1935 936 1973 ne
969 1919 1252 1973 declinetis
1281 1920 1354 1972 ad
1385 1919 1712 1974 incredulos.
1741 1919 1895 1982 Quod
1923 1921 2063 1973 enim

2181 1941 2285 1996 γω,
2371 1917 2718 1991 πλατύνθητε
2802 1921 2891 1975 καὶ
2951 1921 3127 1994 ὑμεῖς,
3188 1923 3262 1995 μή
3327 1922 3556 1999 γίνεσθε
3625 1923 3873 1991 ἑτεροζυ-

419 2012 754 2065 consortium
773 2010 1010 2080 justitiae
1042 2024 1160 2062 cum
1188 2006 1484 2076 iniquitate
1503 2010 1531 2060 ?
1560 2013 1656 2061 aut
1685 2021 1813 2077 qua?
1831 2023 2063 2062 commu-

2184 2014 2407 2086 γοῦντες
2452 2009 2724 2072 ἀπίστοις.
2808 2009 2876 2068 Τί
2941 2011 3040 2087 γὰρ
3103 2013 3312 2085 μετοχὴ
3374 2009 3734 2086 δικαιοσύνῃ
3792 2009 3870 2064 καὶ

417 2099 512 2152 nio
544 2098 653 2151 luci
683 2098 756 2151 ad
783 2098 1032 2151 tenebras
1062 2099 1090 2151 ?
1119 2104 1217 2150 aut
1247 2113 1368 2166 quae
1398 2097 1698 2151 concordia
1730 2097 1944 2151 Christo
1997 2099 2063 2152 ad

2183 2099 2387 2173 ἀνομία
2429 2121 2444 2168 ;
2476 2101 2568 2162 Τίς
2603 2097 2660 2154 δὲ
2689 2101 2949 2155 κοινωνία
2979 2101 3119 2180 φωτὶ
3168 2100 3304 2175 πρὸς
3363 2103 3574 2164 σκότος
3617 2122 3632 2168 ;
3670 2101 3774 2164 Τίς
3819 2096 3866 2152 δὲ

419 2186 598 2239 Belial
625 2188 652 2239 ?
683 2191 778 2239 aut
809 2201 930 2255 qua'
955 2201 1089 2254 pars
1117 2185 1279 2255 ﬁdeli
1303 2201 1424 2239 cum
1457 2185 1671 2254 inﬁdeli
1698 2188 1725 2238 ?
1782 2191 1877 2240 aut
1934 2185 2063 2254 quid

2185 2191 2535 2263 συμφώνησις
2591 2194 2806 2264 Χριστῷ
2865 2189 3002 2262 πρὸς
3064 2187 3263 2265 Βελίαρ
3315 2207 3329 2258 ;
3386 2197 3463 2247 "H
3552 2191 3650 2252 τίς
3714 2191 3861 2263 μερὶς

416 2276 669 2330 convenit
701 2273 903 2344 templo
925 2275 1024 2328 Dei
1049 2290 1170 2328 cum
1201 2274 1362 2328 idolis
1383 2277 1410 2326 ?

2182 2278 2360 2348 πιστῷ
2395 2277 2530 2349 μετά
2554 2277 2784 2333 ἀπίστου
2819 2297 2834 2346 ;
2864 2279 2948 2339 τίς
2988 2276 3044 2333 δὲ
3102 2281 3492 2355 συγκατάθεσις
3561 2285 3691 2353 ναῷ
3735 2284 3860 2334 εοεοῦ

2186 2365 2320 2439 μετά
2345 2364 2591 2421 εἰδώλων
2628 2386 2641 2435 ;

490 2460 646 2514 644
680 2460 785 2515 Ubi
817 2460 1056 2532 propria
1090 2459 1382 2530 percurrit
1410 2459 1755 2523 certamina,
1791 2459 1949 2514 venit
1994 2458 2063 2514 ad

2251 2455 2327 2512 Τὰ
2352 2460 2458 2510 τῶν
2492 2453 2646 2510 ἰδίων
2681 2454 2904 2529 ἀγώνων
2934 2453 3196 2522 διελθὼν,
3228 2457 3302 2518 εἷς
3345 2457 3437 2510 τὸν
3496 2458 3639 2530 περὶ
3698 2456 3853 2511 πολι-

415 2565 747 2605 sermonem
781 2548 850 2604 de
879 2548 1346 2614 conversatione,
1387 2549 1636 2620 vitaeque
1669 2549 1916 2602 ratione.
1944 2547 2066 2602 Pri-

413 2655 576 2694 mum
607 2646 806 2694 autem
839 2639 1050 2692 nititur
1080 2637 1437 2710 persuadere
1469 2637 1629 2708 quod
1653 2636 2066 2709 ampliusillos

420 2727 693 2800 diligens,
729 2728 928 2781 minus
960 2726 1258 2798 diligatur,
1293 2731 1352 2780 et
1381 2725 1464 2780 ait
1495 2741 1508 2780 :
1571 2748 1598 2773 «
1660 2727 1735 2780 Os
1793 2732 2064 2781 nostrum

417 2823 688 2886 apertum
721 2822 827 2871 est.
864 2839 891 2864 »
926 2817 1043 2871 Hoc
1075 2821 1184 2882 est,
1216 2831 1337 2870 non
1360 2831 1675 2886 possumus
1717 2813 1894 2868 silere
1928 2830 2066 2886 erga

413 2921 536 2967 vos,
596 2921 832 2976 semper
889 2904 1051 2960 vobis
1111 2904 1432 2975 cupimus:
1493 2903 1650 2974 quod
1725 2904 2062 2958 amantium

412 2993 720 3064 proprium
746 2999 854 3059 est,
881 3000 939 3049 et
980 2994 1240 3065 ingenua
1285 2992 1555 3048 libertate
1604 2991 1998 3064 loquentium.
2032 3015 2061 3044 ››

417 3082 547 3139 Alio
577 3084 754 3138 modo.
791 3085 908 3138 Hoc
941 3089 1048 3150 est,
1083 3083 1424 3138 facultatem
1447 3082 1834 3138 etaudaciam
1892 3083 2063 3138 nobis

408 3173 690 3237 tribuitis,
746 3178 808 3226 ut
841 3190 905 3227 os
936 3171 1093 3242 apud
1152 3189 1252 3227 vos
1310 3171 1700 3244 aperii'emus.
1757 3172 2060 3243 Siquidem

2180 2543 2324 2606 τείας
2357 2543 2575 2624 ἔρχεται
2609 2545 2800 2618 λόγον.
2865 2541 3132 2620 Πρότερον
3193 2542 3251 2600 δὲ
3307 2551 3491 2600 πεῖσαι
3553 2545 3710 2602 Θέλει
3770 2544 3844 2599 ὅτι

2181 2633 2406 2708 ἀγαπῶν
2438 2632 2653 2702 αὐτοὺς,
2687 2629 2909 2689 ἔλαττον
2980 2634 3272 2708 ἀγαπᾶται,
3335 2635 3426 2688 καί
3485 2657 3646 2712 φησι·
3682 2661 3712 2687 α
3772 2634 3837 2690 Τὸ

2181 2721 2360 2794 στόμα
2398 2724 2558 2795 ἡμῶν
2625 2722 2868 2795 ἀνέῳγεν,
2905 2745 2934 2774 n
2994 2723 3141 2790 οἷον,
3211 2722 3288 2779 Οὐ
3351 2720 3632 2796 δυνάμεθα
3691 2727 3830 2796 σιγᾷν

2179 2811 2314 2884 πρὸς
2349 2811 2511 2883 ὑμᾶς,
2554 2811 2633 2866 ἀεὶ
2667 2812 2796 2883 ὑμῖν
2832 2809 3175 2886 διαλέγεσθαι
3209 2812 3469 2886 θέλομεν,
3508 2813 3641 2888 ὅπερ
3695 2813 3816 2887 1'71-

2179 2898 2404 2952 πώντων
2439 2897 2572 2952 ἴδιον
2605 2900 2696 2954 καὶ
2728 2898 2848 2954 ἄνευ
2882 2898 3196 2968 ὑποστολῆς
3231 2899 3549 2957 λαλούντων
3571 2937 3635 2944 -
3675 2899 3797 2955 Ἀλ-

2179 2985 2294 3046 λως
2329 2990 2540 3064 [ΦΩΤ.]
2575 2990 2722 3046 Ἀντὶ
2750 2993 2870 3054 τοῦ,
2903 2989 3173 3064 Εὐπορίαν
3232 2993 3372 3063 ἡμῖν
3430 2993 3787 3065 παρεσχήκατε,

2176 3081 2272 3132 τοῦ
2295 3077 2534 3153 ἀνοίγειν
2563 3078 2698 3150 πρὸς
2734 3079 2872 3152 ὑμᾶς
2921 3079 2985 3133 τὸ
3045 3080 3240 3153 στόμα.
3303 3081 3470 3137 Ὅταν
3501 3082 3593 3156 γαρ
3633 3083 3658 3135 ᾗ
3712 3075 3793 3150 μὲν

2173 3187 2258 3230 τις
2284 3167 2464 3244 ἀγαπᾷ
2497 3165 2798 3242 διαπύρως,
2831 3168 2883 3222 οἱ
2933 3165 2989 3222 δὲ
3027 3167 3131 3222 οὐκ
3187 3170 3570 3243 ἀνταγαπῶσιν
3599 3168 3811 3243 ὁμοίως,

411 3262 646 3332 quando
666 3261 958 3332 quispiam
976 3261 1270 3315 ferventer
1294 3266 1454 3316 amat
1482 3261 1582 3315 alii
1605 3277 1739 3316 vero
1784 3278 1906 3318 non
1933 3261 2062 3334 pari

2175 3254 2400 3311 πολλῶν
2433 3253 2818 3328 δικαιωμάτων
2866 3256 3118 3331 εὐπορίαν
3176 3257 3481 3333 παρέχουσι
3537 3259 3669 3334 πρὸς
3720 3255 3801 3311 αῦ-

413 3351 590 3406 modo
624 3351 953 3416 redamant,
978 3351 1348 3406 occasionem
1370 3367 1438 3406 ac
1454 3350 1798 3406 facultatem
1839 3354 2062 3408 amanti

413 3438 1058 3509 praebent,utpluribus
1079 3455 1245 3493 suam
1268 3453 1506 3494 causam
1527 3455 1664 3510 erga
1696 3439 1854 3509 ipsos
1878 3442 2066 3510 justi-

413 3527 548 3581 ﬁcet
571 3542 636 3580 ac
660 3525 869 3597 probet
895 3542 906 3580 :
931 3531 1202 3597 apertum
1230 3532 1338 3592 est,
1373 3527 1979 3596 inquit.multitudine
2000 3545 2069 3584 ac

410 3614 967 3686 vijustiticationum
993 3614 1497 3685 Nobisquefacere
1512 3615 2064 3687 volentibus,ipsum

412 3710 632 3770 tamen,
660 3703 780 3758 illis
805 3704 968 3758 intus
1001 3702 1581 3760 subscaturientibus
1612 3720 1679 3759 ac
1707 3721 1942 3759 sursum
1999 3722 2067 3761 ac

409 3793 714 3859 lientibus,
751 3799 1024 3864 apertum
1060 3797 1192 3846 est:
1230 3796 1288 3845 et
1349 3790 1511 3846 labia
1567 3792 1640 3847 ad
1699 3792 2065 3864 loquendum

409 3883 600 3954 aperit
621 3899 688 3938 ac
703 3879 1486 3952 distendit,etjustiﬁcantes
1504 3881 1766 3936 rationes
1799 3881 2062 3954 aggredi-

410 3977 522 4027 tur.
554 3972 931 4034 Deamamus,
966 3970 1182 4041 inquit.
1219 3975 1277 4024 et
1309 3969 1506 4025 cordis
1535 3970 1802 4042 patimur
1835 3970 2066 4027 inﬂam-

414 4061 706 4116 mationes
731 4077 744 4115 :
772 4059 1091 4115 dilatamur
1107 4059 1283 4115 corde
1305 4065 1361 4115 et
1384 4060 1733 4131 gaudemus,
1757 4061 2066 4133 amorique

415 4149 742 4205 subdimur.
772 4151 880 4205 Vos
899 4155 1098 4204 autem
1120 4149 1280 4204 velut
1303 4149 1535 4222 angusti
1567 4151 1729 4205 estis.
1777 4151 1831 4205 Si
1864 4167 1973 4206 nos
2004 4152 2066 4208 in

414 4239 736 4294 visceribus
763 4238 971 4293 vestris
990 4238 1390 4308 susceperitis,
1417 4254 1536 4292 non
1553 4239 1934 4294 continebitis
1956 4257 2065 4296 nos

413 4329 474 4384 in
499 4329 643 4402 ipsis
669 4346 682 4396 ;
709 4327 814 4384 sed
842 4345 1036 4400 neque
1058 4345 1157 4381 vos
1177 4327 1423 4382 exibetis
1466 4335 1747 4399 tanquam
1795 4346 2066 4386 remune-

411 4419 707 4474 rationem
733 4417 1040 4489 explentes
1073 4433 1205 4470 cum
1241 4415 1334 4470 his
1382 4416 1481 4486 qui
1532 4432 1812 4489 magnum
1843 4421 2065 4475 amoris

416 4509 695 4565 aﬂ'ectum
725 4523 861 4580 erga
883 4523 981 4562 vos
1005 4505 1294 4578 auspicati
1315 4511 1472 4574 sunt,
1499 4505 1601 4560 sed
1633 4507 1791 4578 quod
1833 4509 2065 4579 gravius

417 4596 977 4663 est,incredulorum
1007 4611 1269 4651 amorem
1293 4595 1639 4667 prmponitis
1660 4597 1844 4651 amori
1861 4604 2063 4655 nostro

2174 3343 2302 3406 τοὺς
2323 3349 2401 3415 τῷ
2430 3345 2727 3420 ἀγαπῶντι.
2763 3369 2790 3396 ‹‹
2822 3344 3085 3420 Ἀνέῳγε,
3117 3370 3145 3397 ι)
3181 3347 3330 3422 φησί,
3365 3349 3456 3418 Τῷ
3486 3349 3591 3422 γάρ
3623 3348 3808 3416 πλήθει

2177 3434 2266 3488 καὶ
2296 3437 2364 3505 τῇ
2396 3432 2549 3490 ἴσχύῖ
2577 3439 2684 3490 τῶν
2727 3433 3140 3507 δικαιωμάτων,
3173 3435 3262 3490 καὶ
3294 3439 3455 3508 ἡμῶν
3513 3443 3669 3511 σιγᾷν
3719 3436 3822 3499 ἐθε-

2175 3518 2404 3590 λόντων,
2439 3522 2568 3577 αὐτὸ
2598 3524 2751 3595 ὅμως
2786 3524 2874 3579 ὑπ’
2908 3523 3082 3577 αὐτῶν
3138 3519 3348 3579 ἔνδοθεν
3411 3520 3819 3596 ἀναϐλυζόντων

2174 3611 2264 3666 καὶ
2301 3609 2741 3683 ὑπερπηδώντων
2771 3612 2988 3685 ἀνέῳγε,
3022 3613 3113 3667 καὶ
3146 3613 3536 3669 ἀναπετάννυσι
3571 3616 3640 3669 τά
3669 3615 3821 3691 χείλη

2175 3701 2311 3774 πρὸς
2340 3701 2403 3755 τὸ
2432 3696 2630 3776 λέγειν.
2663 3699 2767 3756 Καὶ
2825 3701 3020 3756 Λοιπὸν
3075 3703 3303 3778 ἄρχεται
3361 3708 3469 3757 τῶν
3525 3700 3828 3776 δικαιωμά-

2172 3810 2302 3844 των.
2336 3790 2817 3867 ’Υπεραγαπῶμεν,
2851 3789 3037 3867 φησὶν,
3071 3791 3162 3845 καὶ
3223 3788 3550 3866 ὲγκαρδίους
3604 3789 3826 3872 ἔχομενν

2174 3881 2263 3935 καὶ
2296 3878 2701 3954 πλατυνόμεθα,
2742 3880 2833 3935 καὶ
2892 3879 3163 3954 χαίρομεν
3221 3875 3462 3947 ἔχοντες,
3521 3884 3612 3937 καὶ
3676 3880 3825 3939 αὐτοὶ

2172 3971 2272 4039 τῆς
2303 3968 2520 4042 ἀγάπης
2551 3969 2848 4041 ἠρξάμεθα.
2880 3969 3064 4042 Ὑμεῖς
3115 3966 3174 4024 δὲ
3231 3970 3308 4031 ὡς
3366 3973 3823 4048 στενοχωρούμε-

2173 4079 2281 4114 νοι.
2312 4059 2434 4116 Ἐάν
2469 4055 2687 4130 δέξησθε
2717 4060 2865 4129 ἡμᾶς
2899 4057 2949 4112 ἐν
2981 4064 3100 4122 τοῖς
3134 4058 3480 4137 σπλάγχνοις
3516 4061 3697 4133 ὑμῶν,
3734 4062 3827 4117 οὐκ

2175 4145 2329 4222 ἔχετε
2357 4148 2504 4218 ἡμᾶς
2536 4147 2588 4200 ἐν
2619 4146 2828 4212 αὐτοῖς,
2860 4145 2986 4202 ἀλλ’
3007 4145 3127 4202 αὐδ’
3157 4149 3232 4211 ὡς
3288 4149 3632 4222 ἀντιμισθίαν
3680 4151 3822 4222 πλη·

2175 4241 2393 4311 ροῦντες
2452 4236 2588 4310 πρὸς
2643 4236 2770 4297 τοὺς
2829 4236 3191 4310 κατάρξαντας
3248 4240 3397 4309 ἡμᾶς
3477 4246 3580 4307 τῆς
3611 4240 3823 4314 ἀγάπης

2175 4327 2404 4401 ποργήν
2438 4323 2824 4393 ἐπιδείκνυσθε,
2858 4323 3005 4381 ἀλλά
3033 4327 3123 4380 καὶ
3179 4327 3242 4381 τὸ
3300 4327 3621 4402 βαρύτερον,
3685 4329 3822 4402 μᾰλο

2175 4413 2271 4471 λον
2301 4420 2412 4470 τῶν
2433 4414 2673 4470 ἀπίστων
2704 4415 2739 4484 ἢ
2771 4415 2869 4482 τήν
2904 4416 3063 4487 ἡμῶν
3112 4416 3321 4491 ἀγάπην
3377 4422 3485 4473 τῶν
3544 4419 3824 4495 ὑπεραγα-

2174 4505 2398 4560 πώντων
2448 4504 2589 4578 ὑμᾶς
2645 4503 2981 4581 προκρίνετε.
3043 4506 3187 4577 Ἐγὼ
3245 4506 3302 4561 δὲ
3359 4505 3503 4582 λέγω
3563 4509 3692 4579 ὑμῖν
3754 4511 3824 4570 ὡς

2171 4595 2402 4662 τέκνοις,
2435 4591 2529 4648 κάν
2564 4593 2639 4655 ὠς
2670 4594 3015 4665 ἀντιμισθίαν
3047 4595 3138 4649 καὶ
3186 4595 3511 4670 ἀντάμειψιν
3540 4598 3823 4672 πληροῦν-

418 4658 630 4756 quivos
645 4685 904 4758 amplius
921 4658 1366 4758 diligimus.E.go
1383 4658 1580 4738 autem
1599 4683 1762 4740 vobis
1779 4691 2060 4758 tanquam

2174 4705 2280 4753 τες,
2313 4681 2684 4753 πλαντύνθητε
2742 4683 2832 4737 καὶ
2884 4682 3063 4752 αὐτοὶ,
3120 4683 3212 4738 καὶ
3271 4683 3489 4757 δέξασθε
3541 4689 3690 4758 ἡμᾶς
3748 4688 3818 4750 ὡς

417 4773 929 4836 filiisdico,saltem
972 4774 1131 4829 velut
1176 4770 1656 4827 remuneratione
1705 4789 1770 4829 ac
1801 4775 2059 4833 retribu-

413 4862 633 4918 tionem
667 4862 1032 4929 exhibentes,
1069 4861 1400 4918 dilatemini
1434 4867 1494 4916 et
1519 4879 1618 4917 vos
1650 4879 1718 4920 ac
1775 4865 2056 4937 suscipite

413 4952 702 5020 nos,sicut
721 4958 776 5008 et
805 4968 912 5007 nos
953 4954 1322 5024 suscepimus
1372 4969 1472 5008 vos
1514 4953 1576 5008 in
1603 4955 1929 5011 visceribus
1959 4971 2059 5010 no-

414 5042 573 5108 stris,
631 5059 699 5098 ac
743 5041 969 5114 diligite
989 5048 1311 5098 eximentes
1326 5043 1595 5115 vosipsos
1614 5050 1672 5099 et
1692 5049 1963 5100 arcentes
1985 5044 2056 5099 ab

409 5149 610 5188 amore
629 5131 1495 5203 inﬁdelium,quemadmodum
1510 5134 1861 5190 naturaliter
1873 5133 2058 5190 direm

409 5219 509 5286 pta
531 5230 596 5270 ac
620 5219 892 5286 separata
909 5221 1047 5268 sunt
1067 5229 1100 5267 a
1122 5229 1182 5267 se
1207 5212 1456 5268 invicem
1483 5213 1632 5269 ﬁdes
1649 5215 1722 5269 ab
1738 5215 2056 5270 inﬁdelita-

408 5309 483 5372 te,
509 5305 743 5375 justitia
773 5303 845 5359 ab
879 5302 1195 5374 injustitia,‘
1225 5301 1320 5357 lux
1353 5303 1963 5369 atenebris,Christus
1981 5304 2054 5359 ab

407 5395 790 5462 Antichristo,
822 5393 946 5465 ipse
980 5392 1174 5448 fidelis
1204 5390 1276 5446 ab
1309 5391 1556 5461 infideli,
1616 5394 1902 5466 templum
1949 5394 2054 5449 Dei

407 5497 442 5537 α
471 5483 691 5558 templo
721 5483 1038 5538 idolorum.
1069 5482 1125 5536 Si
1157 5481 1300 5537 estis
1359 5498 1496 5554 ergo
1546 5483 1816 5554 justitiie,
1879 5483 2048 5547 lucis,

480 5675 527 5713 ‘°
553 5676 604 5735 Π
628 5675 755 5734 Cor.
791 5691 890 5744 xu,
921 5677 976 5734 ir.

2168 4774 2331 4844 ἡμεῖς
2358 4773 2499 4844 ὑμᾶς
2544 4770 2597 4826 ἐν
2658 4778 2774 4836 τοίς
2826 4774 3170 4848 σπλάγχνοις
3217 4775 3401 4845 ipim,
3460 4774 3549 4829 καὶ
3611 4777 3819 4850 ἀγαπήο

2167 4879 2292 4913 σατε
2319 4865 2417 4927 τῆς
2444 4861 2554 4912 τῶν
2615 4858 2861 4912 ἀπίστων
2920 4866 3157 4934 στοργῆς
3212 4860 3433 4921 ἑαυτοὺς
3492 4861 3821 4937 ἐξαιροῦντες

2165 4947 2256 5002 καὶ
2310 4946 2763 5021 διατειχίζοντες,
2797 4947 2974 5008 καθὼς
3031 4949 3166 5002 κατὰ
3216 4953 3376 5024 φύσιν
3437 4947 3688 5022 διέστηκε
3736 4953 3818 5008 καὶ

2167 5033 2586 5111 διατετείχισται
2623 5033 2888 5106 ἀλλήλων
2919 5039 2953 5105 ἡ
2993 5037 3173 5100 πίστις
3219 5037 3310 5092 καὶ
3343 5039 3584 5108 ἀπιστία,
3643 5045 3678 5111 ἡ
3739 5041 3817 5097 δι-

2167 5126 2428 5195 καιοσύνη
2493 5124 2584 5179 καὶ
2653 5121 2855 5194 ἀδικία,
2914 5125 2975 5179 τὸ
3029 5129 3143 5202 φῶς
3199 5126 3306 5181 ἀπὸ
3360 5131 3457 5182 τοῦ
3513 5129 3815 5200 σκότους,6

2169 5214 2400 5291 Χριστὸς
2434 5215 2539 5270 ἀπὸ
2569 5220 2668 5271 τοῦ
2701 5215 3108 5292 Ἀντιχρίστου,
3160 5215 3324 5276 αὐτὸς
3382 5218 3410 5270 ὁ
3468 5220 3658 5282 πιστὸς
3714 5221 3812 5276 ἀπὸ

2167 5309 2264 5361 τοῦ
2295 5305 2548 5376 ἀπίστου,
2591 5304 2770 5366 ὁναὸς
2826 5307 2920 5357 τοῦ
2977 5308 3113 5359 Θεοῦ
3168 5304 3259 5358 καὶ
3316 5307 3440 5368 ναὸς
3499 5313 3608 5362 τῶν
3665 5307 3814 5366 εἰδώ-

2171 5393 2304 5451 λων.
2340 5396 2402 5450 Ei
2436 5395 2528 5449 οὗν
2559 5401 2658 5463 τῆς
2718 5391 3073 5463 δικαιοσύνης
3129 5391 3265 5462 ἐστὶ,
3321 5401 3417 5450 τοῦ
3467 5397 3670 5474 φωτὸς,
3726 5404 3810 5454 τοῦ

2170 5487 2426 5561 Χριστοῦ,
2459 5485 2670 5554 πιστοὶ,
2701 5482 2824 5545 ναὸς
2869 5486 3026 5552 Θεοῦ,
3088 5479 3345 5554 διάστητε
3395 5487 3485 5540 καὶ
3542 5487 3810 5564 χωρίσθη..
