  <div class='ocr_page' id='page_1' title='image "/cluster/home/n/w/nwhite01/storage/ocr_20150623/118/mdp.39015078384297/502.png"; bbox 0 0 4048 6250; ppageno 0'>
   <div class='ocr_carea' id='block_1_1' title="bbox 153 355 3636 436">
    <p class='ocr_par' dir='ltr' id='par_1_1' title="bbox 153 355 3636 436">
     <span class='ocr_line' id='line_1_1' title="bbox 153 355 3636 436; baseline 0.006 -21"><span class='ocrx_word' id='word_1_1' title='bbox 153 355 297 416; x_wconf 75' lang='grc'><strong>989</strong></span> <span class='ocrx_word' id='word_1_2' title='bbox 1186 364 1597 428; x_wconf 77' lang='lat' dir='ltr'><strong>COMMENT.</strong></span> <span class='ocrx_word' id='word_1_3' title='bbox 1642 365 1724 426; x_wconf 85' lang='lat' dir='ltr'><strong>IN</strong></span> <span class='ocrx_word' id='word_1_4' title='bbox 1770 362 2018 426; x_wconf 85' lang='lat' dir='ltr'><strong>EPIST.</strong></span> <span class='ocrx_word' id='word_1_5' title='bbox 2053 363 2106 424; x_wconf 89' lang='grc' dir='ltr'><strong>ΙΙ</strong></span> <span class='ocrx_word' id='word_1_6' title='bbox 2143 366 2243 425; x_wconf 85' lang='lat' dir='ltr'><strong>AD</strong></span> <span class='ocrx_word' id='word_1_7' title='bbox 2288 365 2650 426; x_wconf 78' lang='lat' dir='ltr'><strong>COBINTH.</strong></span> <span class='ocrx_word' id='word_1_8' title='bbox 3517 373 3636 436; x_wconf 87' lang='lat'><strong>990</strong></span> 
     </span>
    </p>
   </div>
   <div class='ocr_carea' id='block_1_2' title="bbox 154 489 1866 580">
    <p class='ocr_par' dir='ltr' id='par_1_2' title="bbox 154 489 1866 568">
     <span class='ocr_line' id='line_1_2' title="bbox 154 489 1866 568; baseline 0.005 -27"><span class='ocrx_word' id='word_1_9' title='bbox 154 507 223 543; x_wconf 88' lang='grc' dir='ltr'><strong>τε</strong></span> <span class='ocrx_word' id='word_1_10' title='bbox 258 489 388 544; x_wconf 84' lang='grc' dir='ltr'>ἀπὸ</span> <span class='ocrx_word' id='word_1_11' title='bbox 425 495 547 546; x_wconf 79' lang='grc' dir='ltr'><strong>τοῦ</strong></span> <span class='ocrx_word' id='word_1_12' title='bbox 587 489 836 562; x_wconf 78' lang='grc' dir='ltr'><strong>σκότους,</strong></span> <span class='ocrx_word' id='word_1_13' title='bbox 865 494 973 550; x_wconf 85' lang='grc' dir='ltr'><strong>ἀπὸ</strong></span> <span class='ocrx_word' id='word_1_14' title='bbox 1001 501 1102 566; x_wconf 87' lang='grc' dir='ltr'><strong>τῆς</strong></span> <span class='ocrx_word' id='word_1_15' title='bbox 1131 493 1364 568; x_wconf 85' lang='grc' dir='ltr'>ἀδικίας,</span> <span class='ocrx_word' id='word_1_16' title='bbox 1397 497 1502 554; x_wconf 83' lang='grc' dir='ltr'><strong>ἀπὸ</strong></span> <span class='ocrx_word' id='word_1_17' title='bbox 1545 501 1642 553; x_wconf 89' lang='grc' dir='ltr'><strong>τοῦ</strong></span> <span class='ocrx_word' id='word_1_18' title='bbox 1699 499 1866 553; x_wconf 82' lang='grc' dir='ltr'>Ἀντι-</span> 
     </span>
    </p>
   </div>
   <div class='ocr_carea' id='block_1_3' title="bbox 1981 489 3637 580">
    <p class='ocr_par' dir='ltr' id='par_1_3' title="bbox 1983 498 3637 580">
     <span class='ocr_line' id='line_1_3' title="bbox 1983 498 3637 580; baseline 0.007 -27"><span class='ocrx_word' id='word_1_19' title='bbox 1983 498 2220 566; x_wconf 84' lang='lat' dir='ltr'><strong>Christi,</strong></span> <span class='ocrx_word' id='word_1_20' title='bbox 2251 499 2392 554; x_wconf 80' lang='lat' dir='ltr'><strong>estis</strong></span> <span class='ocrx_word' id='word_1_21' title='bbox 2425 499 2651 566; x_wconf 79' lang='lat' dir='ltr'><strong>fideles,</strong></span> <span class='ocrx_word' id='word_1_22' title='bbox 2676 505 2734 555; x_wconf 89' lang='lat' dir='ltr'><strong>et</strong></span> <span class='ocrx_word' id='word_1_23' title='bbox 2763 500 3050 572; x_wconf 81' lang='lat' dir='ltr'><strong>templum</strong></span> <span class='ocrx_word' id='word_1_24' title='bbox 3076 501 3203 570; x_wconf 90' lang='lat' dir='ltr'><strong>Dei,</strong></span> <span class='ocrx_word' id='word_1_25' title='bbox 3240 505 3637 580; x_wconf 86' lang='lat' dir='ltr'><strong>sejungamini</strong></span> 
     </span>
    </p>
   </div>
   <div class='ocr_carea' id='block_1_4' title="bbox 159 582 1866 663">
    <p class='ocr_par' dir='ltr' id='par_1_4' title="bbox 159 582 1866 663">
     <span class='ocr_line' id='line_1_4' title="bbox 159 582 1866 663; baseline 0.006 -27"><span class='ocrx_word' id='word_1_26' title='bbox 159 582 465 662; x_wconf 81' lang='grc' dir='ltr'>χρίστου.</span> <span class='ocrx_word' id='word_1_27' title='bbox 502 589 635 643; x_wconf 91' lang='grc' dir='ltr'>Τῶν</span> <span class='ocrx_word' id='word_1_28' title='bbox 659 587 762 661; x_wconf 80' lang='grc' dir='ltr'><strong>γὰρ</strong></span> <span class='ocrx_word' id='word_1_29' title='bbox 790 588 1029 643; x_wconf 84' lang='grc' dir='ltr'>ἀπίστων</span> <span class='ocrx_word' id='word_1_30' title='bbox 1085 588 1196 646; x_wconf 77' lang='grc' dir='ltr'><strong>ἐστῖ</strong></span> <span class='ocrx_word' id='word_1_31' title='bbox 1252 594 1439 663; x_wconf 83' lang='grc' dir='ltr'>ταῦτα,</span> <span class='ocrx_word' id='word_1_32' title='bbox 1491 593 1582 647; x_wconf 84' lang='grc' dir='ltr'>καὶ</span> <span class='ocrx_word' id='word_1_33' title='bbox 1631 596 1737 646; x_wconf 87' lang='grc' dir='ltr'><strong>τῶν</strong></span> <span class='ocrx_word' id='word_1_34' title='bbox 1779 611 1866 646; x_wconf 87' lang='grc' dir='ltr'>κα-</span> 
     </span>
    </p>
   </div>
   <div class='ocr_carea' id='block_1_5' title="bbox 1981 582 3635 663">
    <p class='ocr_par' dir='ltr' id='par_1_5' title="bbox 1987 589 3635 660">
     <span class='ocr_line' id='line_1_5' title="bbox 1987 589 3635 660; baseline 0.008 -18"><span class='ocrx_word' id='word_1_35' title='bbox 1987 605 2053 643; x_wconf 88' lang='lat' dir='ltr'><strong>ac</strong></span> <span class='ocrx_word' id='word_1_36' title='bbox 2065 589 2420 658; x_wconf 90' lang='lat' dir='ltr'><strong>separemini</strong></span> <span class='ocrx_word' id='word_1_37' title='bbox 2439 605 2471 644; x_wconf 88' lang='lat' dir='ltr'><strong>a</strong></span> <span class='ocrx_word' id='word_1_38' title='bbox 2488 589 3057 660; x_wconf 84' lang='lat' dir='ltr'><strong>tenebris,abinjusti</strong></span> <span class='ocrx_word' id='word_1_39' title='bbox 3070 592 3635 657; x_wconf 84' lang='lat' dir='ltr'><strong>tia,abAntichristo.</strong></span> 
     </span>
    </p>
   </div>
   <div class='ocr_carea' id='block_1_6' title="bbox 156 677 1866 758">
    <p class='ocr_par' dir='ltr' id='par_1_6' title="bbox 156 677 1866 754">
     <span class='ocr_line' id='line_1_6' title="bbox 156 677 1866 754; baseline 0.004 -26"><span class='ocrx_word' id='word_1_40' title='bbox 156 681 676 732; x_wconf 82' lang='grc' dir='ltr'>τασκευασάντων</span> <span class='ocrx_word' id='word_1_41' title='bbox 704 678 928 740; x_wconf 71' lang='grc' dir='ltr'>ἑαυτοὺς</span> <span class='ocrx_word' id='word_1_42' title='bbox 957 681 1115 743; x_wconf 81' lang='grc' dir='ltr'>ναοὺς</span> <span class='ocrx_word' id='word_1_43' title='bbox 1149 677 1418 751; x_wconf 70' lang='grc' dir='ltr'>εἲδώλιυν,</span> <span class='ocrx_word' id='word_1_44' title='bbox 1477 683 1549 736; x_wconf 85' lang='grc' dir='ltr'>ὧν</span> <span class='ocrx_word' id='word_1_45' title='bbox 1607 679 1690 736; x_wconf 84' lang='grc' dir='ltr'><strong>δεῖ</strong></span> <span class='ocrx_word' id='word_1_46' title='bbox 1739 681 1866 754; x_wconf 75' lang='grc' dir='ltr'>ὑμᾶς</span> 
     </span>
    </p>
   </div>
   <div class='ocr_carea' id='block_1_7' title="bbox 1981 677 3638 758">
    <p class='ocr_par' dir='ltr' id='par_1_7' title="bbox 1988 678 3638 758">
     <span class='ocr_line' id='line_1_7' title="bbox 1988 678 3638 758; baseline 0.007 -27"><span class='ocrx_word' id='word_1_47' title='bbox 1988 679 2119 732; x_wconf 63' lang='lat' dir='ltr'><strong>Haec</strong></span> <span class='ocrx_word' id='word_1_48' title='bbox 2151 679 2311 732; x_wconf 89' lang='lat' dir='ltr'><strong>enim</strong></span> <span class='ocrx_word' id='word_1_49' title='bbox 2343 678 2675 733; x_wconf 76' lang='lat' dir='ltr'><strong>inﬁdelium</strong></span> <span class='ocrx_word' id='word_1_50' title='bbox 2709 685 2847 734; x_wconf 91' lang='lat' dir='ltr'><strong>sunt</strong></span> <span class='ocrx_word' id='word_1_51' title='bbox 2888 686 2945 732; x_wconf 89' lang='lat' dir='ltr'><strong>et</strong></span> <span class='ocrx_word' id='word_1_52' title='bbox 2994 698 3199 736; x_wconf 85' lang='lat' dir='ltr'><strong>eorum</strong></span> <span class='ocrx_word' id='word_1_53' title='bbox 3255 684 3353 754; x_wconf 87' lang='lat' dir='ltr'><strong>qui</strong></span> <span class='ocrx_word' id='word_1_54' title='bbox 3412 687 3638 758; x_wconf 89' lang='lat' dir='ltr'><strong>seipsos</strong></span> 
     </span>
    </p>
   </div>
   <div class='ocr_carea' id='block_1_8' title="bbox 156 765 1866 846">
    <p class='ocr_par' dir='ltr' id='par_1_8' title="bbox 156 765 1866 846">
     <span class='ocr_line' id='line_1_8' title="bbox 156 765 1866 846; baseline 0.004 -28"><span class='ocrx_word' id='word_1_55' title='bbox 156 765 566 840; x_wconf 78' lang='grc' dir='ltr'><strong>κεχωρίσθαι</strong></span> <span class='ocrx_word' id='word_1_56' title='bbox 597 769 683 822; x_wconf 76' lang='grc' dir='ltr'>καὶ</span> <span class='ocrx_word' id='word_1_57' title='bbox 718 769 1130 846; x_wconf 74' lang='grc' dir='ltr'>ἀφωρισμένως</span> <span class='ocrx_word' id='word_1_58' title='bbox 1193 771 1348 829; x_wconf 80' lang='grc' dir='ltr'>εἶναι.</span> <span class='ocrx_word' id='word_1_59' title='bbox 1397 771 1533 827; x_wconf 85' lang='grc' dir='ltr'><strong>Τότε</strong></span> <span class='ocrx_word' id='word_1_60' title='bbox 1579 772 1682 846; x_wconf 78' lang='grc' dir='ltr'><strong>γάρ</strong></span> <span class='ocrx_word' id='word_1_61' title='bbox 1726 771 1811 826; x_wconf 77' lang='grc' dir='ltr'>καὶ</span> <span class='ocrx_word' id='word_1_62' title='bbox 1848 771 1866 824; x_wconf 75' lang='grc' dir='ltr'><strong><em>ἑ</em></strong></span> 
     </span>
    </p>
   </div>
   <div class='ocr_carea' id='block_1_9' title="bbox 1981 765 3638 846">
    <p class='ocr_par' dir='ltr' id='par_1_9' title="bbox 1986 769 3638 844">
     <span class='ocr_line' id='line_1_9' title="bbox 1986 769 3638 844; baseline 0.007 -23"><span class='ocrx_word' id='word_1_63' title='bbox 1986 773 2399 839; x_wconf 70' lang='lat' dir='ltr'><strong>prmpararunt</strong></span> <span class='ocrx_word' id='word_1_64' title='bbox 2431 769 2488 822; x_wconf 88' lang='lat' dir='ltr'><strong>in</strong></span> <span class='ocrx_word' id='word_1_65' title='bbox 2544 769 2766 840; x_wconf 91' lang='lat' dir='ltr'><strong>templa</strong></span> <span class='ocrx_word' id='word_1_66' title='bbox 2826 769 3142 835; x_wconf 85' lang='lat' dir='ltr'><strong>idolorum,</strong></span> <span class='ocrx_word' id='word_1_67' title='bbox 3198 789 3232 826; x_wconf 77' lang='grc' dir='ltr'><strong>τι</strong></span> <span class='ocrx_word' id='word_1_68' title='bbox 3277 775 3491 844; x_wconf 88' lang='lat' dir='ltr'><strong>quibus</strong></span> <span class='ocrx_word' id='word_1_69' title='bbox 3541 795 3638 832; x_wconf 90' lang='lat' dir='ltr'><strong>vos</strong></span> 
     </span>
    </p>
   </div>
   <div class='ocr_carea' id='block_1_10' title="bbox 155 854 1866 933">
    <p class='ocr_par' dir='ltr' id='par_1_10' title="bbox 155 854 1866 933">
     <span class='ocr_line' id='line_1_10' title="bbox 155 854 1866 933; baseline 0 -22"><span class='ocrx_word' id='word_1_70' title='bbox 155 855 396 928; x_wconf 69' lang='grc' dir='ltr'>Κύριος</span> <span class='ocrx_word' id='word_1_71' title='bbox 428 854 742 926; x_wconf 77' lang='grc' dir='ltr'>εἷσδέξεται</span> <span class='ocrx_word' id='word_1_72' title='bbox 798 859 959 930; x_wconf 80' lang='grc' dir='ltr'>ὑμᾶς,</span> <span class='ocrx_word' id='word_1_73' title='bbox 1014 859 1102 913; x_wconf 78' lang='grc' dir='ltr'><strong>καὶ</strong></span> <span class='ocrx_word' id='word_1_74' title='bbox 1161 859 1432 931; x_wconf 77' lang='grc' dir='ltr'><strong>ἐνοικήσει</strong></span> <span class='ocrx_word' id='word_1_75' title='bbox 1493 859 1544 914; x_wconf 79' lang='grc' dir='ltr'>ἐν</span> <span class='ocrx_word' id='word_1_76' title='bbox 1602 860 1730 933; x_wconf 85' lang='grc' dir='ltr'>ὑμῖν</span> <span class='ocrx_word' id='word_1_77' title='bbox 1785 859 1866 912; x_wconf 72' lang='grc' dir='ltr'><strong>καῖ</strong></span> 
     </span>
    </p>
   </div>
   <div class='ocr_carea' id='block_1_11' title="bbox 1981 854 3640 933">
    <p class='ocr_par' dir='ltr' id='par_1_11' title="bbox 1989 856 3640 930">
     <span class='ocr_line' id='line_1_11' title="bbox 1989 856 3640 930; baseline 0.008 -21"><span class='ocrx_word' id='word_1_78' title='bbox 1989 856 2314 929; x_wconf 84' lang='lat' dir='ltr'><strong>diremptos</strong></span> <span class='ocrx_word' id='word_1_79' title='bbox 2346 873 2412 912; x_wconf 87' lang='lat' dir='ltr'><strong>ac</strong></span> <span class='ocrx_word' id='word_1_80' title='bbox 2455 865 2758 928; x_wconf 86' lang='lat' dir='ltr'><strong>separatos</strong></span> <span class='ocrx_word' id='word_1_81' title='bbox 2817 875 2944 914; x_wconf 88' lang='lat' dir='ltr'><strong>esse</strong></span> <span class='ocrx_word' id='word_1_82' title='bbox 2999 866 3250 930; x_wconf 83' lang='lat' dir='ltr'><strong>Oportet.</strong></span> <span class='ocrx_word' id='word_1_83' title='bbox 3305 865 3447 918; x_wconf 80' lang='lat' dir='ltr'><strong>Nam</strong></span> <span class='ocrx_word' id='word_1_84' title='bbox 3499 872 3640 922; x_wconf 89' lang='lat' dir='ltr'><strong>tunc</strong></span> 
     </span>
    </p>
   </div>
   <div class='ocr_carea' id='block_1_12' title="bbox 157 942 1866 1024">
    <p class='ocr_par' dir='ltr' id='par_1_12' title="bbox 157 942 1866 1024">
     <span class='ocr_line' id='line_1_12' title="bbox 157 942 1866 1024; baseline 0.002 -26"><span class='ocrx_word' id='word_1_85' title='bbox 157 942 679 1018; x_wconf 69' lang='grc' dir='ltr'>ἐμπεριπατήσει,</span> <span class='ocrx_word' id='word_1_86' title='bbox 712 947 885 1010; x_wconf 88' lang='grc' dir='ltr'>πάσας</span> <span class='ocrx_word' id='word_1_87' title='bbox 916 947 1254 1003; x_wconf 62' lang='grc' dir='ltr'>κατευθύνων</span> <span class='ocrx_word' id='word_1_88' title='bbox 1286 949 1380 1010; x_wconf 74' lang='grc' dir='ltr'><strong>τὰς</strong></span> <span class='ocrx_word' id='word_1_89' title='bbox 1409 944 1633 1024; x_wconf 78' lang='grc' dir='ltr'>τρίϐους</span> <span class='ocrx_word' id='word_1_90' title='bbox 1665 948 1755 1003; x_wconf 85' lang='grc' dir='ltr'><strong>καὶ</strong></span> <span class='ocrx_word' id='word_1_91' title='bbox 1810 947 1866 1002; x_wconf 77' lang='grc' dir='ltr'>τὰ</span> 
     </span>
    </p>
   </div>
   <div class='ocr_carea' id='block_1_13' title="bbox 1981 942 3642 1024">
    <p class='ocr_par' dir='ltr' id='par_1_13' title="bbox 1987 943 3642 1016">
     <span class='ocr_line' id='line_1_13' title="bbox 1987 943 3642 1016; baseline 0.007 -19"><span class='ocrx_word' id='word_1_92' title='bbox 1987 943 2275 999; x_wconf 86' lang='lat' dir='ltr'><strong>Dominus</strong></span> <span class='ocrx_word' id='word_1_93' title='bbox 2299 962 2534 1016; x_wconf 89' lang='lat' dir='ltr'><strong>quoque</strong></span> <span class='ocrx_word' id='word_1_94' title='bbox 2564 947 2847 1016; x_wconf 85' lang='lat' dir='ltr'><strong>suscipiet</strong></span> <span class='ocrx_word' id='word_1_95' title='bbox 2877 964 2977 1002; x_wconf 84' lang='lat' dir='ltr'><strong>vos</strong></span> <span class='ocrx_word' id='word_1_96' title='bbox 3009 954 3068 1002; x_wconf 89' lang='lat' dir='ltr'><strong>et</strong></span> <span class='ocrx_word' id='word_1_97' title='bbox 3088 949 3442 1006; x_wconf 88' lang='lat' dir='ltr'><strong>inhabitabit</strong></span> <span class='ocrx_word' id='word_1_98' title='bbox 3470 955 3528 1007; x_wconf 91' lang='lat' dir='ltr'><strong>in</strong></span> <span class='ocrx_word' id='word_1_99' title='bbox 3548 971 3642 1009; x_wconf 88' lang='lat' dir='ltr'><strong>vo-</strong></span> 
     </span>
    </p>
   </div>
   <div class='ocr_carea' id='block_1_14' title="bbox 161 1031 1866 1115">
    <p class='ocr_par' dir='ltr' id='par_1_14' title="bbox 161 1032 1866 1115">
     <span class='ocr_line' id='line_1_14' title="bbox 161 1032 1866 1115; baseline 0.003 -25"><span class='ocrx_word' id='word_1_100' title='bbox 161 1032 566 1111; x_wconf 74' lang='grc' dir='ltr'>διαδήματα.</span> <span class='ocrx_word' id='word_1_101' title='bbox 596 1073 666 1082; x_wconf 92' lang='lat'><strong>-—</strong></span> <span class='ocrx_word' id='word_1_102' title='bbox 694 1041 764 1096; x_wconf 84' lang='lat' dir='ltr'><strong>&quot;H</strong></span> <span class='ocrx_word' id='word_1_103' title='bbox 797 1040 886 1094; x_wconf 76' lang='grc' dir='ltr'><strong>καὶ</strong></span> <span class='ocrx_word' id='word_1_104' title='bbox 920 1037 1114 1103; x_wconf 72' lang='grc' dir='ltr'>οὕτως·</span> <span class='ocrx_word' id='word_1_105' title='bbox 1149 1065 1177 1092; x_wconf 86' lang='grc'><strong>‹‹</strong></span> <span class='ocrx_word' id='word_1_106' title='bbox 1209 1042 1280 1097; x_wconf 87' lang='grc' dir='ltr'><strong>Τὸ</strong></span> <span class='ocrx_word' id='word_1_107' title='bbox 1313 1042 1488 1107; x_wconf 82' lang='grc' dir='ltr'>στόμα</span> <span class='ocrx_word' id='word_1_108' title='bbox 1519 1044 1678 1115; x_wconf 72' lang='grc' dir='ltr'>ἡμῶν</span> <span class='ocrx_word' id='word_1_109' title='bbox 1713 1039 1866 1112; x_wconf 83' lang='grc' dir='ltr'>ἀνέῳ-</span> 
     </span>
    </p>
   </div>
   <div class='ocr_carea' id='block_1_15' title="bbox 1981 1031 3640 1115">
    <p class='ocr_par' dir='ltr' id='par_1_15' title="bbox 1987 1031 3640 1100">
     <span class='ocr_line' id='line_1_15' title="bbox 1987 1031 3640 1100; baseline 0.007 -15"><span class='ocrx_word' id='word_1_110' title='bbox 1987 1031 2078 1086; x_wconf 91' lang='lat' dir='ltr'><strong>bis</strong></span> <span class='ocrx_word' id='word_1_111' title='bbox 2095 1048 2161 1086; x_wconf 89' lang='lat' dir='ltr'><strong>ac</strong></span> <span class='ocrx_word' id='word_1_112' title='bbox 2187 1032 2600 1100; x_wconf 88' lang='lat' dir='ltr'><strong>inambulabit,</strong></span> <span class='ocrx_word' id='word_1_113' title='bbox 2624 1040 2815 1089; x_wconf 90' lang='lat' dir='ltr'><strong>rectas</strong></span> <span class='ocrx_word' id='word_1_114' title='bbox 2836 1035 3063 1090; x_wconf 82' lang='lat' dir='ltr'><strong>faciens</strong></span> <span class='ocrx_word' id='word_1_115' title='bbox 3085 1053 3292 1092; x_wconf 90' lang='lat' dir='ltr'><strong>omnes</strong></span> <span class='ocrx_word' id='word_1_116' title='bbox 3317 1041 3558 1096; x_wconf 90' lang='lat' dir='ltr'><strong>semitas</strong></span> <span class='ocrx_word' id='word_1_117' title='bbox 3573 1059 3640 1097; x_wconf 90' lang='lat' dir='ltr'><strong>ac</strong></span> 
     </span>
    </p>
   </div>
   <div class='ocr_carea' id='block_1_16' title="bbox 164 1122 1866 1206">
    <p class='ocr_par' dir='ltr' id='par_1_16' title="bbox 164 1128 1866 1206">
     <span class='ocr_line' id='line_1_16' title="bbox 164 1128 1866 1206; baseline 0.001 -24"><span class='ocrx_word' id='word_1_118' title='bbox 164 1146 300 1201; x_wconf 79' lang='grc' dir='ltr'>γεν,</span> <span class='ocrx_word' id='word_1_119' title='bbox 339 1147 370 1177; x_wconf 76' lang='grc' dir='ltr'><strong>ιι</strong></span> <span class='ocrx_word' id='word_1_120' title='bbox 419 1128 557 1182; x_wconf 76' lang='grc' dir='ltr'>ἀντὶ</span> <span class='ocrx_word' id='word_1_121' title='bbox 587 1133 684 1183; x_wconf 90' lang='grc' dir='ltr'><strong>τοῦ</strong></span> <span class='ocrx_word' id='word_1_122' title='bbox 733 1128 987 1201; x_wconf 79' lang='grc' dir='ltr'>Ἐτοιμοί</span> <span class='ocrx_word' id='word_1_123' title='bbox 1047 1129 1204 1203; x_wconf 80' lang='grc' dir='ltr'>ἐσμεν</span> <span class='ocrx_word' id='word_1_124' title='bbox 1265 1131 1353 1185; x_wconf 80' lang='grc' dir='ltr'>καὶ</span> <span class='ocrx_word' id='word_1_125' title='bbox 1402 1131 1866 1206; x_wconf 69' lang='grc' dir='ltr'><strong>παρεσκευάσμεθα</strong></span> 
     </span>
    </p>
   </div>
   <div class='ocr_carea' id='block_1_17' title="bbox 1981 1122 3639 1206">
    <p class='ocr_par' dir='ltr' id='par_1_17' title="bbox 1989 1122 3639 1202">
     <span class='ocr_line' id='line_1_17' title="bbox 1989 1122 3639 1202; baseline 0.006 -26"><span class='ocrx_word' id='word_1_126' title='bbox 1989 1122 2190 1176; x_wconf 89' lang='lat' dir='ltr'><strong>colles.</strong></span> <span class='ocrx_word' id='word_1_127' title='bbox 2229 1153 2291 1162; x_wconf 94' lang='lat'><strong>—</strong></span> <span class='ocrx_word' id='word_1_128' title='bbox 2325 1125 2439 1177; x_wconf 82' lang='lat' dir='ltr'><strong>Aut</strong></span> <span class='ocrx_word' id='word_1_129' title='bbox 2469 1124 2570 1178; x_wconf 86' lang='lat' dir='ltr'><strong>hoc</strong></span> <span class='ocrx_word' id='word_1_130' title='bbox 2600 1125 2763 1178; x_wconf 77' lang='lat' dir='ltr'><strong>etiam</strong></span> <span class='ocrx_word' id='word_1_131' title='bbox 2792 1125 2950 1179; x_wconf 89' lang='lat' dir='ltr'><strong>modo</strong></span> <span class='ocrx_word' id='word_1_132' title='bbox 2976 1142 2988 1179; x_wconf 90' lang='lat'><strong>:</strong></span> <span class='ocrx_word' id='word_1_133' title='bbox 3019 1148 3043 1173; x_wconf 84' lang='lat'><strong>«</strong></span> <span class='ocrx_word' id='word_1_134' title='bbox 3073 1127 3147 1181; x_wconf 91' lang='lat' dir='ltr'><strong>Os</strong></span> <span class='ocrx_word' id='word_1_135' title='bbox 3174 1134 3441 1184; x_wconf 87' lang='lat' dir='ltr'><strong>nostrum</strong></span> <span class='ocrx_word' id='word_1_136' title='bbox 3467 1147 3639 1202; x_wconf 91' lang='lat' dir='ltr'><strong>aper-</strong></span> 
     </span>
    </p>
   </div>
   <div class='ocr_carea' id='block_1_18' title="bbox 170 1213 1866 1293">
    <p class='ocr_par' dir='ltr' id='par_1_18' title="bbox 170 1215 1866 1293">
     <span class='ocr_line' id='line_1_18' title="bbox 170 1215 1866 1293; baseline 0.001 -22"><span class='ocrx_word' id='word_1_137' title='bbox 170 1215 258 1277; x_wconf 79' lang='grc' dir='ltr'>εἷς</span> <span class='ocrx_word' id='word_1_138' title='bbox 304 1217 379 1271; x_wconf 81' lang='grc' dir='ltr'><strong>τὸ</strong></span> <span class='ocrx_word' id='word_1_139' title='bbox 450 1217 638 1272; x_wconf 80' lang='grc' dir='ltr'>πάντα</span> <span class='ocrx_word' id='word_1_140' title='bbox 699 1215 968 1273; x_wconf 84' lang='grc' dir='ltr'>διδάσκειν</span> <span class='ocrx_word' id='word_1_141' title='bbox 1023 1221 1162 1292; x_wconf 75' lang='grc' dir='ltr'>ὑμᾶς</span> <span class='ocrx_word' id='word_1_142' title='bbox 1221 1220 1355 1293; x_wconf 75' lang='grc' dir='ltr'>μετὰ</span> <span class='ocrx_word' id='word_1_143' title='bbox 1415 1218 1730 1290; x_wconf 78' lang='grc' dir='ltr'><strong>ἁπλότητος</strong></span> <span class='ocrx_word' id='word_1_144' title='bbox 1787 1219 1866 1273; x_wconf 55' lang='grc' dir='ltr'>καῖ</span> 
     </span>
    </p>
   </div>
   <div class='ocr_carea' id='block_1_19' title="bbox 1981 1213 3642 1293">
    <p class='ocr_par' dir='ltr' id='par_1_19' title="bbox 1992 1213 3642 1284">
     <span class='ocr_line' id='line_1_19' title="bbox 1992 1213 3642 1284; baseline 0.006 -18"><span class='ocrx_word' id='word_1_145' title='bbox 1992 1217 2112 1266; x_wconf 89' lang='lat' dir='ltr'><strong>tum</strong></span> <span class='ocrx_word' id='word_1_146' title='bbox 2147 1217 2252 1266; x_wconf 86' lang='lat' dir='ltr'><strong>est.</strong></span> <span class='ocrx_word' id='word_1_147' title='bbox 2293 1233 2318 1262; x_wconf 79' lang='grc' dir='ltr'><strong>ιι</strong></span> <span class='ocrx_word' id='word_1_148' title='bbox 2349 1213 2498 1269; x_wconf 76' lang='grc'><strong>645</strong></span> <span class='ocrx_word' id='word_1_149' title='bbox 2536 1214 2653 1268; x_wconf 84' lang='lat' dir='ltr'><strong>Hoc</strong></span> <span class='ocrx_word' id='word_1_150' title='bbox 2687 1219 2793 1278; x_wconf 88' lang='lat' dir='ltr'><strong>est,</strong></span> <span class='ocrx_word' id='word_1_151' title='bbox 2829 1215 3015 1284; x_wconf 83' lang='lat' dir='ltr'><strong>parati</strong></span> <span class='ocrx_word' id='word_1_152' title='bbox 3049 1232 3254 1271; x_wconf 91' lang='lat' dir='ltr'><strong>sumus</strong></span> <span class='ocrx_word' id='word_1_153' title='bbox 3278 1233 3344 1272; x_wconf 88' lang='lat' dir='ltr'><strong>ac</strong></span> <span class='ocrx_word' id='word_1_154' title='bbox 3368 1218 3642 1276; x_wconf 77' lang='lat' dir='ltr'><strong>instructi</strong></span> 
     </span>
    </p>
   </div>
   <div class='ocr_carea' id='block_1_20' title="bbox 165 1302 1866 1386">
    <p class='ocr_par' dir='ltr' id='par_1_20' title="bbox 165 1303 1866 1386">
     <span class='ocr_line' id='line_1_20' title="bbox 165 1303 1866 1386; baseline 0.002 -28"><span class='ocrx_word' id='word_1_155' title='bbox 165 1303 454 1366; x_wconf 75' lang='grc' dir='ltr'>πλάτους</span> <span class='ocrx_word' id='word_1_156' title='bbox 494 1303 748 1381; x_wconf 75' lang='grc' dir='ltr'>καρδίας.</span> <span class='ocrx_word' id='word_1_157' title='bbox 793 1307 886 1362; x_wconf 83' lang='grc' dir='ltr'><strong>Διὸ</strong></span> <span class='ocrx_word' id='word_1_158' title='bbox 942 1307 1031 1362; x_wconf 85' lang='grc' dir='ltr'><strong>καὶ</strong></span> <span class='ocrx_word' id='word_1_159' title='bbox 1095 1309 1251 1382; x_wconf 88' lang='grc' dir='ltr'>ὑμεῖς</span> <span class='ocrx_word' id='word_1_160' title='bbox 1292 1309 1593 1383; x_wconf 74' lang='grc' dir='ltr'>προθύμως</span> <span class='ocrx_word' id='word_1_161' title='bbox 1631 1305 1866 1386; x_wconf 76' lang='grc' dir='ltr'>εἰσδέχε-</span> 
     </span>
    </p>
   </div>
   <div class='ocr_carea' id='block_1_21' title="bbox 1981 1302 3640 1386">
    <p class='ocr_par' dir='ltr' id='par_1_21' title="bbox 1989 1302 3640 1376">
     <span class='ocr_line' id='line_1_21' title="bbox 1989 1302 3640 1376; baseline 0.005 -20"><span class='ocrx_word' id='word_1_162' title='bbox 1989 1307 2053 1356; x_wconf 93' lang='lat' dir='ltr'><strong>ut</strong></span> <span class='ocrx_word' id='word_1_163' title='bbox 2082 1318 2182 1356; x_wconf 91' lang='lat' dir='ltr'><strong>vos</strong></span> <span class='ocrx_word' id='word_1_164' title='bbox 2214 1303 2414 1356; x_wconf 85' lang='lat' dir='ltr'><strong>omnia</strong></span> <span class='ocrx_word' id='word_1_165' title='bbox 2445 1302 2762 1357; x_wconf 83' lang='lat' dir='ltr'><strong>doceamus</strong></span> <span class='ocrx_word' id='word_1_166' title='bbox 2801 1321 2932 1359; x_wconf 90' lang='lat' dir='ltr'><strong>cum</strong></span> <span class='ocrx_word' id='word_1_167' title='bbox 2988 1304 3366 1376; x_wconf 83' lang='lat' dir='ltr'><strong>simplicitate</strong></span> <span class='ocrx_word' id='word_1_168' title='bbox 3417 1314 3474 1363; x_wconf 88' lang='lat' dir='ltr'><strong>ct</strong></span> <span class='ocrx_word' id='word_1_169' title='bbox 3523 1309 3640 1364; x_wconf 87' lang='lat' dir='ltr'><strong>lato</strong></span> 
     </span>
    </p>
   </div>
   <div class='ocr_carea' id='block_1_22' title="bbox 170 1389 1866 1476">
    <p class='ocr_par' dir='ltr' id='par_1_22' title="bbox 170 1393 1866 1476">
     <span class='ocr_line' id='line_1_22' title="bbox 170 1393 1866 1476; baseline 0 -27"><span class='ocrx_word' id='word_1_170' title='bbox 170 1395 300 1450; x_wconf 85' lang='grc' dir='ltr'>σθε.</span> <span class='ocrx_word' id='word_1_171' title='bbox 343 1417 372 1449; x_wconf 75' lang='grc' dir='ltr'>ι</span> <span class='ocrx_word' id='word_1_172' title='bbox 411 1395 487 1452; x_wconf 86' lang='grc' dir='ltr'><strong><em>Ἢ</em></strong></span> <span class='ocrx_word' id='word_1_173' title='bbox 525 1393 722 1468; x_wconf 87' lang='grc' dir='ltr'>καρδία</span> <span class='ocrx_word' id='word_1_174' title='bbox 751 1398 911 1469; x_wconf 77' lang='grc' dir='ltr'>ἡμῶν</span> <span class='ocrx_word' id='word_1_175' title='bbox 964 1396 1351 1452; x_wconf 71' lang='grc' dir='ltr'><strong>πεπλάτυνται.</strong></span> <span class='ocrx_word' id='word_1_176' title='bbox 1390 1422 1410 1447; x_wconf 74' lang='grc' dir='ltr'>ι</span> <span class='ocrx_word' id='word_1_177' title='bbox 1466 1398 1718 1473; x_wconf 76' lang='grc' dir='ltr'>Καθάπερ</span> <span class='ocrx_word' id='word_1_178' title='bbox 1773 1397 1866 1476; x_wconf 63' lang='grc' dir='ltr'><strong>γάρ</strong></span> 
     </span>
    </p>
   </div>
   <div class='ocr_carea' id='block_1_23' title="bbox 1981 1389 3640 1476">
    <p class='ocr_par' dir='ltr' id='par_1_23' title="bbox 1987 1389 3640 1466">
     <span class='ocr_line' id='line_1_23' title="bbox 1987 1389 3640 1466; baseline 0.004 -21"><span class='ocrx_word' id='word_1_179' title='bbox 1987 1389 2164 1445; x_wconf 86' lang='lat' dir='ltr'><strong>corde</strong></span> <span class='ocrx_word' id='word_1_180' title='bbox 2193 1407 2206 1444; x_wconf 91' lang='lat'><strong>:</strong></span> <span class='ocrx_word' id='word_1_181' title='bbox 2241 1391 2372 1445; x_wconf 92' lang='lat' dir='ltr'><strong>ideo</strong></span> <span class='ocrx_word' id='word_1_182' title='bbox 2406 1408 2506 1445; x_wconf 83' lang='lat' dir='ltr'><strong>vos</strong></span> <span class='ocrx_word' id='word_1_183' title='bbox 2538 1409 2772 1462; x_wconf 90' lang='lat' dir='ltr'><strong>quoque</strong></span> <span class='ocrx_word' id='word_1_184' title='bbox 2831 1400 3102 1464; x_wconf 84' lang='lat' dir='ltr'><strong>prompte</strong></span> <span class='ocrx_word' id='word_1_185' title='bbox 3155 1411 3264 1449; x_wconf 90' lang='lat' dir='ltr'><strong>nos</strong></span> <span class='ocrx_word' id='word_1_186' title='bbox 3325 1397 3640 1466; x_wconf 88' lang='lat' dir='ltr'><strong>admittite,</strong></span> 
     </span>
    </p>
   </div>
   <div class='ocr_carea' id='block_1_24' title="bbox 169 1480 1866 1562">
    <p class='ocr_par' dir='ltr' id='par_1_24' title="bbox 169 1483 1650 1562">
     <span class='ocr_line' id='line_1_24' title="bbox 169 1483 1650 1562; baseline 0.003 -26"><span class='ocrx_word' id='word_1_187' title='bbox 169 1485 241 1537; x_wconf 83' lang='grc' dir='ltr'>τὸ</span> <span class='ocrx_word' id='word_1_188' title='bbox 278 1484 511 1558; x_wconf 74' lang='grc' dir='ltr'>θερμὸν</span> <span class='ocrx_word' id='word_1_189' title='bbox 552 1483 790 1560; x_wconf 64' lang='grc' dir='ltr'>εὐρύνων</span> <span class='ocrx_word' id='word_1_190' title='bbox 829 1484 1042 1556; x_wconf 73' lang='grc' dir='ltr'>ε’ῗωθεν,</span> <span class='ocrx_word' id='word_1_191' title='bbox 1071 1485 1222 1540; x_wconf 75' lang='grc' dir='ltr'>οὕτω</span> <span class='ocrx_word' id='word_1_192' title='bbox 1251 1486 1339 1540; x_wconf 72' lang='grc' dir='ltr'><strong>καὶ</strong></span> <span class='ocrx_word' id='word_1_193' title='bbox 1441 1485 1650 1562; x_wconf 78' lang='grc' dir='ltr'>ἀγάπη.</span> 
     </span>
    </p>
   </div>
   <div class='ocr_carea' id='block_1_25' title="bbox 1981 1480 3638 1562">
    <p class='ocr_par' dir='ltr' id='par_1_25' title="bbox 2005 1480 3638 1548">
     <span class='ocr_line' id='line_1_25' title="bbox 2005 1480 3638 1548; baseline 0.009 -21"><span class='ocrx_word' id='word_1_194' title='bbox 2005 1483 2156 1533; x_wconf 79' lang='lat' dir='ltr'><strong>«Cor</strong></span> <span class='ocrx_word' id='word_1_195' title='bbox 2203 1486 2472 1534; x_wconf 86' lang='lat' dir='ltr'><strong>nostrum</strong></span> <span class='ocrx_word' id='word_1_196' title='bbox 2533 1480 2844 1535; x_wconf 85' lang='lat' dir='ltr'><strong>dilatatum</strong></span> <span class='ocrx_word' id='word_1_197' title='bbox 2906 1489 3013 1538; x_wconf 90' lang='lat' dir='ltr'><strong>est.</strong></span> <span class='ocrx_word' id='word_1_198' title='bbox 3052 1505 3078 1530; x_wconf 84' lang='lat'>»</span> <span class='ocrx_word' id='word_1_199' title='bbox 3126 1485 3638 1548; x_wconf 85' lang='lat' dir='ltr'><strong>Quemadmodum</strong></span> 
     </span>
    </p>
   </div>
   <div class='ocr_carea' id='block_1_26' title="bbox 1987 1569 3244 1633">
    <p class='ocr_par' dir='ltr' id='par_1_26' title="bbox 1987 1569 3244 1633">
     <span class='ocr_line' id='line_1_26' title="bbox 1987 1569 3244 1633; baseline 0.004 -9"><span class='ocrx_word' id='word_1_200' title='bbox 1987 1569 2146 1624; x_wconf 90' lang='lat' dir='ltr'><strong>enim</strong></span> <span class='ocrx_word' id='word_1_201' title='bbox 2180 1569 2342 1623; x_wconf 91' lang='lat' dir='ltr'><strong>calor</strong></span> <span class='ocrx_word' id='word_1_202' title='bbox 2372 1569 2619 1624; x_wconf 84' lang='lat' dir='ltr'><strong>dilatare</strong></span> <span class='ocrx_word' id='word_1_203' title='bbox 2651 1571 2822 1633; x_wconf 86' lang='lat' dir='ltr'><strong>solet,</strong></span> <span class='ocrx_word' id='word_1_204' title='bbox 2858 1571 2940 1625; x_wconf 89' lang='lat' dir='ltr'><strong>ita</strong></span> <span class='ocrx_word' id='word_1_205' title='bbox 2971 1578 3030 1626; x_wconf 89' lang='lat' dir='ltr'><strong>et</strong></span> <span class='ocrx_word' id='word_1_206' title='bbox 3059 1590 3244 1631; x_wconf 90' lang='lat' dir='ltr'><strong>amor.</strong></span> 
     </span>
    </p>
   </div>
   <div class='ocr_carea' id='block_1_27' title="bbox 2060 1657 3640 1731">
    <p class='ocr_par' dir='ltr' id='par_1_27' title="bbox 2060 1657 3640 1731">
     <span class='ocr_line' id='line_1_27' title="bbox 2060 1657 3640 1731; baseline 0.004 -19"><span class='ocrx_word' id='word_1_207' title='bbox 2060 1657 2358 1728; x_wconf 87' lang='lat' dir='ltr'><strong>Siquidem</strong></span> <span class='ocrx_word' id='word_1_208' title='bbox 2392 1658 2614 1714; x_wconf 79' lang='lat' dir='ltr'><strong>fervida</strong></span> <span class='ocrx_word' id='word_1_209' title='bbox 2649 1660 2918 1730; x_wconf 58' lang='lat' dir='ltr'><strong>quasdam</strong></span> <span class='ocrx_word' id='word_1_210' title='bbox 2955 1678 3048 1716; x_wconf 88' lang='lat' dir='ltr'><strong>res</strong></span> <span class='ocrx_word' id='word_1_211' title='bbox 3097 1679 3266 1718; x_wconf 88' lang='lat' dir='ltr'><strong>amor</strong></span> <span class='ocrx_word' id='word_1_212' title='bbox 3309 1669 3418 1731; x_wconf 89' lang='lat' dir='ltr'><strong>est,</strong></span> <span class='ocrx_word' id='word_1_213' title='bbox 3472 1681 3537 1719; x_wconf 89' lang='lat' dir='ltr'><strong>ac</strong></span> <span class='ocrx_word' id='word_1_214' title='bbox 3593 1666 3640 1719; x_wconf 91' lang='lat' dir='ltr'><strong>si</strong></span> 
     </span>
    </p>
   </div>
   <div class='ocr_carea' id='block_1_28' title="bbox 1988 1745 3642 1824">
    <p class='ocr_par' dir='ltr' id='par_1_28' title="bbox 1988 1745 3642 1824">
     <span class='ocr_line' id='line_1_28' title="bbox 1988 1745 3642 1824; baseline 0.005 -25"><span class='ocrx_word' id='word_1_215' title='bbox 1988 1745 2247 1800; x_wconf 89' lang='lat' dir='ltr'><strong>diceret:</strong></span> <span class='ocrx_word' id='word_1_216' title='bbox 2274 1749 2396 1801; x_wconf 87' lang='lat' dir='ltr'><strong>Non</strong></span> <span class='ocrx_word' id='word_1_217' title='bbox 2417 1748 2607 1803; x_wconf 89' lang='lat' dir='ltr'><strong>solum</strong></span> <span class='ocrx_word' id='word_1_218' title='bbox 2633 1765 2754 1813; x_wconf 80' lang='lat' dir='ltr'><strong>ore,</strong></span> <span class='ocrx_word' id='word_1_219' title='bbox 2782 1750 2884 1804; x_wconf 90' lang='lat' dir='ltr'><strong>sed</strong></span> <span class='ocrx_word' id='word_1_220' title='bbox 2912 1756 2969 1804; x_wconf 89' lang='lat' dir='ltr'><strong>et</strong></span> <span class='ocrx_word' id='word_1_221' title='bbox 2990 1752 3166 1806; x_wconf 90' lang='lat' dir='ltr'><strong>corde</strong></span> <span class='ocrx_word' id='word_1_222' title='bbox 3195 1752 3395 1824; x_wconf 80' lang='lat' dir='ltr'><strong>diligo,</strong></span> <span class='ocrx_word' id='word_1_223' title='bbox 3432 1771 3642 1809; x_wconf 91' lang='lat' dir='ltr'><strong>omnes</strong></span> 
     </span>
    </p>
   </div>
   <div class='ocr_carea' id='block_1_29' title="bbox 1992 1836 3643 1914">
    <p class='ocr_par' dir='ltr' id='par_1_29' title="bbox 1992 1836 3643 1914">
     <span class='ocr_line' id='line_1_29' title="bbox 1992 1836 3643 1914; baseline 0.004 -25"><span class='ocrx_word' id='word_1_224' title='bbox 1992 1836 2148 1890; x_wconf 87' lang='lat' dir='ltr'><strong>intus</strong></span> <span class='ocrx_word' id='word_1_225' title='bbox 2181 1837 2606 1904; x_wconf 89' lang='lat' dir='ltr'><strong>complectens,</strong></span> <span class='ocrx_word' id='word_1_226' title='bbox 2641 1837 2774 1892; x_wconf 89' lang='lat' dir='ltr'><strong>ideo</strong></span> <span class='ocrx_word' id='word_1_227' title='bbox 2806 1839 2926 1892; x_wconf 85' lang='lat' dir='ltr'><strong>ait:</strong></span> <span class='ocrx_word' id='word_1_228' title='bbox 2967 1862 2984 1886; x_wconf 83' lang='lat'><strong>-</strong></span> <span class='ocrx_word' id='word_1_229' title='bbox 3025 1842 3102 1894; x_wconf 78' lang='lat' dir='ltr'><strong>Ne</strong></span> <span class='ocrx_word' id='word_1_230' title='bbox 3137 1841 3265 1895; x_wconf 87' lang='lat' dir='ltr'><strong>sitis</strong></span> <span class='ocrx_word' id='word_1_231' title='bbox 3306 1843 3538 1914; x_wconf 87' lang='lat' dir='ltr'><strong>angusti</strong></span> <span class='ocrx_word' id='word_1_232' title='bbox 3582 1843 3643 1896; x_wconf 91' lang='lat' dir='ltr'><strong>in</strong></span> 
     </span>
    </p>
   </div>
   <div class='ocr_carea' id='block_1_30' title="bbox 1991 1924 3642 1989">
    <p class='ocr_par' dir='ltr' id='par_1_30' title="bbox 1991 1924 3642 1989">
     <span class='ocr_line' id='line_1_30' title="bbox 1991 1924 3642 1989; baseline 0.005 -12"><span class='ocrx_word' id='word_1_233' title='bbox 1991 1924 2474 1989; x_wconf 86' lang='lat' dir='ltr'><strong>vobis,desiderio</strong></span> <span class='ocrx_word' id='word_1_234' title='bbox 2499 1926 2761 1980; x_wconf 90' lang='lat' dir='ltr'><strong>animum</strong></span> <span class='ocrx_word' id='word_1_235' title='bbox 2791 1944 2960 1982; x_wconf 90' lang='lat' dir='ltr'><strong>suum</strong></span> <span class='ocrx_word' id='word_1_236' title='bbox 2987 1927 3290 1984; x_wconf 90' lang='lat' dir='ltr'><strong>dilatante.</strong></span> <span class='ocrx_word' id='word_1_237' title='bbox 3329 1952 3356 1980; x_wconf 85' lang='lat'>»</span> <span class='ocrx_word' id='word_1_238' title='bbox 3393 1962 3456 1970; x_wconf 86' lang='grc'><strong>-</strong></span> <span class='ocrx_word' id='word_1_239' title='bbox 3485 1956 3503 1978; x_wconf 77' lang='grc' dir='ltr'>ι</span> <span class='ocrx_word' id='word_1_240' title='bbox 3531 1935 3642 1986; x_wconf 88' lang='lat' dir='ltr'><strong>Cor</strong></span> 
     </span>
    </p>
   </div>
   <div class='ocr_carea' id='block_1_31' title="bbox 1989 2012 3634 2074">
    <p class='ocr_par' dir='ltr' id='par_1_31' title="bbox 1989 2012 3634 2074">
     <span class='ocr_line' id='line_1_31' title="bbox 1989 2012 3634 2074; baseline 0.004 -7"><span class='ocrx_word' id='word_1_241' title='bbox 1989 2018 2258 2068; x_wconf 90' lang='lat' dir='ltr'><strong>nostrum</strong></span> <span class='ocrx_word' id='word_1_242' title='bbox 2284 2012 2592 2070; x_wconf 90' lang='lat' dir='ltr'><strong>dilatatum</strong></span> <span class='ocrx_word' id='word_1_243' title='bbox 2619 2020 2727 2070; x_wconf 92' lang='lat' dir='ltr'><strong>est.</strong></span> <span class='ocrx_word' id='word_1_244' title='bbox 2757 2037 2782 2063; x_wconf 91' lang='grc'><strong>››</strong></span> <span class='ocrx_word' id='word_1_245' title='bbox 2809 2017 2880 2071; x_wconf 87' lang='lat' dir='ltr'><strong>Ut</strong></span> <span class='ocrx_word' id='word_1_246' title='bbox 2909 2032 3009 2070; x_wconf 90' lang='lat' dir='ltr'><strong>vos</strong></span> <span class='ocrx_word' id='word_1_247' title='bbox 3032 2019 3232 2072; x_wconf 88' lang='lat' dir='ltr'><strong>omnia</strong></span> <span class='ocrx_word' id='word_1_248' title='bbox 3257 2022 3634 2074; x_wconf 87' lang='lat' dir='ltr'><strong>doceremus:</strong></span> 
     </span>
    </p>
   </div>
   <div class='ocr_carea' id='block_1_32' title="bbox 1990 2103 3634 2176">
    <p class='ocr_par' dir='ltr' id='par_1_32' title="bbox 1990 2103 3634 2176">
     <span class='ocr_line' id='line_1_32' title="bbox 1990 2103 3634 2176; baseline 0.003 -19"><span class='ocrx_word' id='word_1_249' title='bbox 1990 2103 2092 2157; x_wconf 93' lang='lat' dir='ltr'><strong>sed</strong></span> <span class='ocrx_word' id='word_1_250' title='bbox 2116 2121 2215 2158; x_wconf 88' lang='lat' dir='ltr'><strong>vos</strong></span> <span class='ocrx_word' id='word_1_251' title='bbox 2240 2104 2470 2174; x_wconf 88' lang='lat' dir='ltr'><strong>angusti</strong></span> <span class='ocrx_word' id='word_1_252' title='bbox 2501 2104 2642 2159; x_wconf 87' lang='lat' dir='ltr'><strong>estis</strong></span> <span class='ocrx_word' id='word_1_253' title='bbox 2673 2105 2734 2159; x_wconf 91' lang='lat' dir='ltr'><strong>in</strong></span> <span class='ocrx_word' id='word_1_254' title='bbox 2757 2105 3083 2162; x_wconf 87' lang='lat' dir='ltr'><strong>visceribus</strong></span> <span class='ocrx_word' id='word_1_255' title='bbox 3123 2108 3352 2174; x_wconf 83' lang='lat' dir='ltr'><strong>vestris,</strong></span> <span class='ocrx_word' id='word_1_256' title='bbox 3383 2109 3493 2162; x_wconf 85' lang='lat' dir='ltr'><strong>hoc</strong></span> <span class='ocrx_word' id='word_1_257' title='bbox 3525 2114 3634 2176; x_wconf 89' lang='lat' dir='ltr'><strong>est,</strong></span> 
     </span>
    </p>
   </div>
   <div class='ocr_carea' id='block_1_33' title="bbox 1989 2191 3633 2268">
    <p class='ocr_par' dir='ltr' id='par_1_33' title="bbox 1989 2191 3633 2268">
     <span class='ocr_line' id='line_1_33' title="bbox 1989 2191 3633 2268; baseline 0.002 -22"><span class='ocrx_word' id='word_1_258' title='bbox 1989 2192 2048 2246; x_wconf 89' lang='lat' dir='ltr'><strong>in</strong></span> <span class='ocrx_word' id='word_1_259' title='bbox 2083 2191 2402 2247; x_wconf 91' lang='lat' dir='ltr'><strong>dilectione</strong></span> <span class='ocrx_word' id='word_1_260' title='bbox 2435 2209 2568 2264; x_wconf 84' lang='lat' dir='ltr'><strong>erga</strong></span> <span class='ocrx_word' id='word_1_261' title='bbox 2599 2195 2781 2248; x_wconf 88' lang='lat' dir='ltr'><strong>Deum</strong></span> <span class='ocrx_word' id='word_1_262' title='bbox 2815 2211 2930 2265; x_wconf 90' lang='lat' dir='ltr'><strong>qua</strong></span> <span class='ocrx_word' id='word_1_263' title='bbox 2961 2212 3056 2248; x_wconf 81' lang='lat' dir='ltr'><strong>me.</strong></span> <span class='ocrx_word' id='word_1_264' title='bbox 3087 2195 3332 2268; x_wconf 88' lang='lat' dir='ltr'><strong>diligere</strong></span> <span class='ocrx_word' id='word_1_265' title='bbox 3383 2196 3633 2251; x_wconf 86' lang='lat' dir='ltr'><strong>debetis.</strong></span> 
     </span>
    </p>
   </div>
   <div class='ocr_carea' id='block_1_34' title="bbox 1987 2281 3635 2354">
    <p class='ocr_par' dir='ltr' id='par_1_34' title="bbox 1987 2281 3635 2354">
     <span class='ocr_line' id='line_1_34' title="bbox 1987 2281 3635 2354; baseline 0.004 -20"><span class='ocrx_word' id='word_1_266' title='bbox 1987 2282 2071 2335; x_wconf 89' lang='lat' dir='ltr'><strong>Ita</strong></span> <span class='ocrx_word' id='word_1_267' title='bbox 2123 2281 2298 2335; x_wconf 88' lang='lat' dir='ltr'><strong>habet</strong></span> <span class='ocrx_word' id='word_1_268' title='bbox 2356 2281 2626 2338; x_wconf 87' lang='lat' dir='ltr'><strong>Clemens</strong></span> <span class='ocrx_word' id='word_1_269' title='bbox 2685 2290 2894 2354; x_wconf 88' lang='lat' dir='ltr'><strong>quarto</strong></span> <span class='ocrx_word' id='word_1_270' title='bbox 2952 2286 3408 2352; x_wconf 79' lang='lat' dir='ltr'><strong>Informationum</strong></span> <span class='ocrx_word' id='word_1_271' title='bbox 3460 2285 3635 2340; x_wconf 89' lang='lat' dir='ltr'><strong>libro.</strong></span> 
     </span>
    </p>
   </div>
   <div class='ocr_carea' id='block_1_35' title="bbox 1992 2369 3636 2447">
    <p class='ocr_par' dir='ltr' id='par_1_35' title="bbox 1992 2369 3636 2447">
     <span class='ocr_line' id='line_1_35' title="bbox 1992 2369 3636 2447; baseline 0.005 -27"><span class='ocrx_word' id='word_1_272' title='bbox 1992 2392 2013 2419; x_wconf 72' lang='grc' dir='ltr'><strong><em>ο</em></strong></span> <span class='ocrx_word' id='word_1_273' title='bbox 2050 2369 2159 2423; x_wconf 91' lang='lat' dir='ltr'><strong>Sed</strong></span> <span class='ocrx_word' id='word_1_274' title='bbox 2201 2371 2428 2442; x_wconf 88' lang='lat' dir='ltr'><strong>angusti</strong></span> <span class='ocrx_word' id='word_1_275' title='bbox 2484 2371 2624 2426; x_wconf 89' lang='lat' dir='ltr'><strong>estis</strong></span> <span class='ocrx_word' id='word_1_276' title='bbox 2685 2372 2742 2425; x_wconf 90' lang='lat' dir='ltr'><strong>in</strong></span> <span class='ocrx_word' id='word_1_277' title='bbox 2801 2371 3122 2427; x_wconf 88' lang='lat' dir='ltr'><strong>visceribus</strong></span> <span class='ocrx_word' id='word_1_278' title='bbox 3179 2375 3470 2429; x_wconf 85' lang='lat' dir='ltr'><strong>vestris.»</strong></span> <span class='ocrx_word' id='word_1_279' title='bbox 3522 2377 3636 2447; x_wconf 88' lang='lat' dir='ltr'><strong>Ego</strong></span> 
     </span>
    </p>
   </div>
   <div class='ocr_carea' id='block_1_36' title="bbox 1987 2459 3637 2532">
    <p class='ocr_par' dir='ltr' id='par_1_36' title="bbox 1987 2459 3637 2532">
     <span class='ocr_line' id='line_1_36' title="bbox 1987 2459 3637 2532; baseline 0.003 -19"><span class='ocrx_word' id='word_1_280' title='bbox 1987 2459 2226 2530; x_wconf 88' lang='lat' dir='ltr'><strong>quidem</strong></span> <span class='ocrx_word' id='word_1_281' title='bbox 2259 2465 2543 2531; x_wconf 90' lang='lat' dir='ltr'><strong>angustus</strong></span> <span class='ocrx_word' id='word_1_282' title='bbox 2573 2477 2693 2515; x_wconf 90' lang='lat' dir='ltr'><strong>non</strong></span> <span class='ocrx_word' id='word_1_283' title='bbox 2729 2477 2881 2528; x_wconf 90' lang='lat' dir='ltr'><strong>sum,</strong></span> <span class='ocrx_word' id='word_1_284' title='bbox 2907 2462 3121 2532; x_wconf 87' lang='lat' dir='ltr'><strong>inquit,</strong></span> <span class='ocrx_word' id='word_1_285' title='bbox 3145 2479 3277 2518; x_wconf 91' lang='lat' dir='ltr'><strong>cum</strong></span> <span class='ocrx_word' id='word_1_286' title='bbox 3303 2481 3401 2518; x_wconf 89' lang='lat' dir='ltr'><strong>vos</strong></span> <span class='ocrx_word' id='word_1_287' title='bbox 3430 2481 3637 2518; x_wconf 90' lang='lat' dir='ltr'><strong>omnes</strong></span> 
     </span>
    </p>
   </div>
   <div class='ocr_carea' id='block_1_37' title="bbox 1986 2548 3638 2608">
    <p class='ocr_par' dir='ltr' id='par_1_37' title="bbox 1986 2548 3638 2608">
     <span class='ocr_line' id='line_1_37' title="bbox 1986 2548 3638 2608; baseline 0.003 -7"><span class='ocrx_word' id='word_1_288' title='bbox 1986 2548 2147 2602; x_wconf 88' lang='lat' dir='ltr'><strong>intus</strong></span> <span class='ocrx_word' id='word_1_289' title='bbox 2180 2548 2426 2602; x_wconf 87' lang='lat' dir='ltr'><strong>habeam</strong></span> <span class='ocrx_word' id='word_1_290' title='bbox 2454 2567 2466 2603; x_wconf 90' lang='lat'><strong>:</strong></span> <span class='ocrx_word' id='word_1_291' title='bbox 2502 2566 2602 2603; x_wconf 89' lang='lat' dir='ltr'><strong>vos</strong></span> <span class='ocrx_word' id='word_1_292' title='bbox 2643 2556 2838 2604; x_wconf 83' lang='lat' dir='ltr'><strong>autem</strong></span> <span class='ocrx_word' id='word_1_293' title='bbox 2874 2567 3006 2605; x_wconf 92' lang='lat' dir='ltr'><strong>cum</strong></span> <span class='ocrx_word' id='word_1_294' title='bbox 3040 2568 3132 2606; x_wconf 90' lang='lat' dir='ltr'><strong>me</strong></span> <span class='ocrx_word' id='word_1_295' title='bbox 3167 2552 3430 2608; x_wconf 87' lang='lat' dir='ltr'><strong>habeatis</strong></span> <span class='ocrx_word' id='word_1_296' title='bbox 3459 2554 3519 2607; x_wconf 89' lang='lat' dir='ltr'><strong>in</strong></span> <span class='ocrx_word' id='word_1_297' title='bbox 3553 2554 3638 2606; x_wconf 90' lang='lat' dir='ltr'><strong>vi-</strong></span> 
     </span>
    </p>
   </div>
   <div class='ocr_carea' id='block_1_38' title="bbox 1987 2636 3632 2711">
    <p class='ocr_par' dir='ltr' id='par_1_38' title="bbox 1987 2636 3632 2711">
     <span class='ocr_line' id='line_1_38' title="bbox 1987 2636 3632 2711; baseline 0.002 -19"><span class='ocrx_word' id='word_1_298' title='bbox 1987 2636 2252 2692; x_wconf 82' lang='lat' dir='ltr'><strong>sceribus</strong></span> <span class='ocrx_word' id='word_1_299' title='bbox 2283 2638 2512 2702; x_wconf 86' lang='lat' dir='ltr'><strong>vestris,</strong></span> <span class='ocrx_word' id='word_1_300' title='bbox 2566 2639 2797 2710; x_wconf 90' lang='lat' dir='ltr'><strong>angusti</strong></span> <span class='ocrx_word' id='word_1_301' title='bbox 2849 2639 3035 2694; x_wconf 86' lang='lat' dir='ltr'><strong>estis:</strong></span> <span class='ocrx_word' id='word_1_302' title='bbox 3088 2657 3280 2711; x_wconf 90' lang='lat' dir='ltr'><strong>neque</strong></span> <span class='ocrx_word' id='word_1_303' title='bbox 3335 2641 3492 2695; x_wconf 87' lang='lat' dir='ltr'><strong>enim</strong></span> <span class='ocrx_word' id='word_1_304' title='bbox 3538 2658 3632 2696; x_wconf 91' lang='lat' dir='ltr'><strong>me</strong></span> 
     </span>
    </p>
   </div>
   <div class='ocr_carea' id='block_1_39' title="bbox 1987 2725 3632 2800">
    <p class='ocr_par' dir='ltr' id='par_1_39' title="bbox 1987 2725 3632 2800">
     <span class='ocr_line' id='line_1_39' title="bbox 1987 2725 3632 2800; baseline 0.003 -19"><span class='ocrx_word' id='word_1_305' title='bbox 1987 2725 2264 2781; x_wconf 77' lang='lat' dir='ltr'><strong>similiter</strong></span> <span class='ocrx_word' id='word_1_306' title='bbox 2285 2727 2545 2799; x_wconf 87' lang='lat' dir='ltr'><strong>diligitis.</strong></span> <span class='ocrx_word' id='word_1_307' title='bbox 2574 2728 2811 2782; x_wconf 86' lang='lat' dir='ltr'><strong>Habetis</strong></span> <span class='ocrx_word' id='word_1_308' title='bbox 2839 2729 3078 2800; x_wconf 84' lang='lat' dir='ltr'><strong>quidem</strong></span> <span class='ocrx_word' id='word_1_309' title='bbox 3104 2735 3632 2795; x_wconf 87' lang='lat' dir='ltr'><strong>me,verumtamen</strong></span> 
     </span>
    </p>
   </div>
   <div class='ocr_carea' id='block_1_40' title="bbox 1987 2817 3635 2889">
    <p class='ocr_par' dir='ltr' id='par_1_40' title="bbox 1987 2817 3635 2889">
     <span class='ocr_line' id='line_1_40' title="bbox 1987 2817 3635 2889; baseline 0.003 -19"><span class='ocrx_word' id='word_1_310' title='bbox 1987 2817 2219 2888; x_wconf 89' lang='lat' dir='ltr'><strong>angusti</strong></span> <span class='ocrx_word' id='word_1_311' title='bbox 2253 2817 2413 2870; x_wconf 90' lang='lat' dir='ltr'><strong>estis.</strong></span> <span class='ocrx_word' id='word_1_312' title='bbox 2451 2818 2544 2872; x_wconf 86' lang='lat' dir='ltr'><strong>Ait</strong></span> <span class='ocrx_word' id='word_1_313' title='bbox 2574 2818 2731 2872; x_wconf 90' lang='lat' dir='ltr'><strong>enim</strong></span> <span class='ocrx_word' id='word_1_314' title='bbox 2765 2819 2824 2872; x_wconf 88' lang='lat' dir='ltr'><strong>in</strong></span> <span class='ocrx_word' id='word_1_315' title='bbox 2855 2819 3273 2889; x_wconf 88' lang='lat' dir='ltr'><strong>sequentibus:</strong></span> <span class='ocrx_word' id='word_1_316' title='bbox 3301 2820 3458 2874; x_wconf 86' lang='lat' dir='ltr'><strong>Licet</strong></span> <span class='ocrx_word' id='word_1_317' title='bbox 3490 2821 3635 2876; x_wconf 86' lang='lat' dir='ltr'><strong>ube-</strong></span> 
     </span>
    </p>
   </div>
   <div class='ocr_carea' id='block_1_41' title="bbox 1987 2905 3635 2979">
    <p class='ocr_par' dir='ltr' id='par_1_41' title="bbox 1987 2905 3635 2979">
     <span class='ocr_line' id='line_1_41' title="bbox 1987 2905 3635 2979; baseline 0.004 -20"><span class='ocrx_word' id='word_1_318' title='bbox 1987 2905 2110 2962; x_wconf 88' lang='lat' dir='ltr'><strong>rius</strong></span> <span class='ocrx_word' id='word_1_319' title='bbox 2141 2923 2240 2960; x_wconf 91' lang='lat' dir='ltr'><strong>vos</strong></span> <span class='ocrx_word' id='word_1_320' title='bbox 2271 2905 2525 2978; x_wconf 83' lang='lat' dir='ltr'><strong>diligens</strong></span> <span class='ocrx_word' id='word_1_321' title='bbox 2559 2907 2755 2961; x_wconf 91' lang='lat' dir='ltr'><strong>minus</strong></span> <span class='ocrx_word' id='word_1_322' title='bbox 2786 2907 2992 2979; x_wconf 83' lang='lat' dir='ltr'><strong>diligat</strong></span> <span class='ocrx_word' id='word_1_323' title='bbox 3021 2907 3085 2961; x_wconf 62' lang='lat'><strong>5‘.</strong></span> <span class='ocrx_word' id='word_1_324' title='bbox 3122 2908 3397 2963; x_wconf 88' lang='lat' dir='ltr'><strong>Eamdem</strong></span> <span class='ocrx_word' id='word_1_325' title='bbox 3435 2915 3635 2965; x_wconf 83' lang='lat' dir='ltr'><strong>autem</strong></span> 
     </span>
    </p>
   </div>
   <div class='ocr_carea' id='block_1_42' title="bbox 1986 2995 3636 3068">
    <p class='ocr_par' dir='ltr' id='par_1_42' title="bbox 1986 2995 3636 3068">
     <span class='ocr_line' id='line_1_42' title="bbox 1986 2995 3636 3068; baseline 0.004 -20"><span class='ocrx_word' id='word_1_326' title='bbox 1986 2995 2670 3061; x_wconf 87' lang='lat' dir='ltr'><strong>remunerationem,hoc</strong></span> <span class='ocrx_word' id='word_1_327' title='bbox 2696 2997 3228 3068; x_wconf 87' lang='lat' dir='ltr'><strong>est,repensionem</strong></span> <span class='ocrx_word' id='word_1_328' title='bbox 3259 3003 3317 3051; x_wconf 90' lang='lat' dir='ltr'><strong>et</strong></span> <span class='ocrx_word' id='word_1_329' title='bbox 3335 2999 3636 3068; x_wconf 73' lang='lat' dir='ltr'><strong>azqualita-</strong></span> 
     </span>
    </p>
   </div>
   <div class='ocr_carea' id='block_1_43' title="bbox 254 1661 1875 1740">
    <p class='ocr_par' dir='ltr' id='par_1_43' title="bbox 254 1661 1875 1740">
     <span class='ocr_line' id='line_1_43' title="bbox 254 1661 1875 1740; baseline -0.001 -23"><span class='ocrx_word' id='word_1_330' title='bbox 254 1663 500 1736; x_wconf 81' lang='grc' dir='ltr'>Θερμὸν</span> <span class='ocrx_word' id='word_1_331' title='bbox 541 1661 644 1737; x_wconf 83' lang='grc' dir='ltr'><strong>γάρ</strong></span> <span class='ocrx_word' id='word_1_332' title='bbox 677 1683 728 1716; x_wconf 90' lang='grc' dir='ltr'><strong>τι</strong></span> <span class='ocrx_word' id='word_1_333' title='bbox 789 1665 984 1737; x_wconf 78' lang='grc' dir='ltr'>χρῆμα</span> <span class='ocrx_word' id='word_1_334' title='bbox 1014 1665 1049 1733; x_wconf 82' lang='grc' dir='ltr'>ἡ</span> <span class='ocrx_word' id='word_1_335' title='bbox 1082 1662 1290 1740; x_wconf 85' lang='grc' dir='ltr'>ἀγάπη,</span> <span class='ocrx_word' id='word_1_336' title='bbox 1345 1663 1418 1724; x_wconf 82' lang='grc' dir='ltr'>ὡς</span> <span class='ocrx_word' id='word_1_337' title='bbox 1469 1661 1514 1716; x_wconf 80' lang='grc' dir='ltr'>εί</span> <span class='ocrx_word' id='word_1_338' title='bbox 1575 1662 1742 1720; x_wconf 74' lang='grc' dir='ltr'>εἶπεν.</span> <span class='ocrx_word' id='word_1_339' title='bbox 1799 1661 1875 1717; x_wconf 83' lang='grc' dir='ltr'><strong>Οὐ</strong></span> 
     </span>
    </p>
   </div>
   <div class='ocr_carea' id='block_1_44' title="bbox 182 1746 1878 1826">
    <p class='ocr_par' dir='ltr' id='par_1_44' title="bbox 182 1746 1878 1826">
     <span class='ocr_line' id='line_1_44' title="bbox 182 1746 1878 1826; baseline -0.001 -22"><span class='ocrx_word' id='word_1_340' title='bbox 182 1749 372 1822; x_wconf 85' lang='grc' dir='ltr'>μόνον</span> <span class='ocrx_word' id='word_1_341' title='bbox 409 1746 684 1822; x_wconf 85' lang='grc' dir='ltr'>στόματι,</span> <span class='ocrx_word' id='word_1_342' title='bbox 721 1747 868 1805; x_wconf 76' lang='grc' dir='ltr'><strong>ἀλλά</strong></span> <span class='ocrx_word' id='word_1_343' title='bbox 896 1751 983 1805; x_wconf 84' lang='grc' dir='ltr'><strong>καὶ</strong></span> <span class='ocrx_word' id='word_1_344' title='bbox 1017 1747 1211 1826; x_wconf 81' lang='grc' dir='ltr'>καρδίᾳ</span> <span class='ocrx_word' id='word_1_345' title='bbox 1242 1749 1414 1826; x_wconf 77' lang='grc' dir='ltr'>φιλῶ,</span> <span class='ocrx_word' id='word_1_346' title='bbox 1474 1749 1676 1811; x_wconf 86' lang='grc' dir='ltr'>πάντας</span> <span class='ocrx_word' id='word_1_347' title='bbox 1728 1746 1878 1804; x_wconf 83' lang='grc' dir='ltr'>ἔνδον</span> 
     </span>
    </p>
   </div>
   <div class='ocr_carea' id='block_1_45' title="bbox 181 1832 1876 1914">
    <p class='ocr_par' dir='ltr' id='par_1_45' title="bbox 181 1832 1876 1914">
     <span class='ocr_line' id='line_1_45' title="bbox 181 1832 1876 1914; baseline 0 -22"><span class='ocrx_word' id='word_1_348' title='bbox 181 1832 336 1913; x_wconf 68' lang='grc' dir='ltr'>ἔχω.</span> <span class='ocrx_word' id='word_1_349' title='bbox 377 1839 484 1893; x_wconf 88' lang='grc' dir='ltr'>Διό</span> <span class='ocrx_word' id='word_1_350' title='bbox 552 1859 736 1911; x_wconf 73' lang='grc' dir='ltr'>φησιν,</span> <span class='ocrx_word' id='word_1_351' title='bbox 801 1862 824 1892; x_wconf 75' lang='grc' dir='ltr'>ι</span> <span class='ocrx_word' id='word_1_352' title='bbox 859 1840 936 1898; x_wconf 79' lang='grc' dir='ltr'>Οὑ</span> <span class='ocrx_word' id='word_1_353' title='bbox 996 1841 1422 1914; x_wconf 71' lang='grc' dir='ltr'>στενοχωρεῖσθε</span> <span class='ocrx_word' id='word_1_354' title='bbox 1472 1838 1523 1894; x_wconf 81' lang='grc' dir='ltr'><strong>έν</strong></span> <span class='ocrx_word' id='word_1_355' title='bbox 1577 1839 1723 1910; x_wconf 88' lang='grc' dir='ltr'>ὑμῖν,</span> <span class='ocrx_word' id='word_1_356' title='bbox 1779 1843 1876 1893; x_wconf 87' lang='grc' dir='ltr'><strong>τοῦ</strong></span> 
     </span>
    </p>
   </div>
   <div class='ocr_carea' id='block_1_46' title="bbox 183 1924 1878 2006">
    <p class='ocr_par' dir='ltr' id='par_1_46' title="bbox 183 1924 1878 2006">
     <span class='ocr_line' id='line_1_46' title="bbox 183 1924 1878 2006; baseline -0.001 -25"><span class='ocrx_word' id='word_1_357' title='bbox 183 1927 371 1982; x_wconf 83' lang='grc' dir='ltr'>πόθου</span> <span class='ocrx_word' id='word_1_358' title='bbox 410 1925 744 2002; x_wconf 65' lang='grc' dir='ltr'>εὕρ-ὄνοντος</span> <span class='ocrx_word' id='word_1_359' title='bbox 803 1929 968 1983; x_wconf 81' lang='grc' dir='ltr'>αὐτοῦ</span> <span class='ocrx_word' id='word_1_360' title='bbox 1023 1930 1122 1998; x_wconf 79' lang='grc' dir='ltr'><strong>την</strong></span> <span class='ocrx_word' id='word_1_361' title='bbox 1181 1931 1385 2006; x_wconf 70' lang='grc' dir='ltr'>ψυχήν.</span> <span class='ocrx_word' id='word_1_362' title='bbox 1425 1953 1446 1979; x_wconf 76' lang='grc' dir='ltr'><strong>ι</strong></span> <span class='ocrx_word' id='word_1_363' title='bbox 1481 1961 1548 1970; x_wconf 92' lang='grc'><strong><em>-</em></strong></span> <span class='ocrx_word' id='word_1_364' title='bbox 1576 1929 1637 1984; x_wconf 85' lang='lat' dir='ltr'><strong>&#39;H</strong></span> <span class='ocrx_word' id='word_1_365' title='bbox 1682 1924 1878 2000; x_wconf 75' lang='grc' dir='ltr'>καρδία</span> 
     </span>
    </p>
   </div>
   <div class='ocr_carea' id='block_1_47' title="bbox 192 2014 1872 2091">
    <p class='ocr_par' dir='ltr' id='par_1_47' title="bbox 192 2014 1872 2091">
     <span class='ocr_line' id='line_1_47' title="bbox 192 2014 1872 2091; baseline 0.003 -21"><span class='ocrx_word' id='word_1_366' title='bbox 192 2017 363 2088; x_wconf 78' lang='grc' dir='ltr'>ἡμῶν</span> <span class='ocrx_word' id='word_1_367' title='bbox 425 2014 792 2072; x_wconf 76' lang='grc' dir='ltr'>πεπλάτυνται</span> <span class='ocrx_word' id='word_1_368' title='bbox 847 2017 926 2080; x_wconf 71' lang='grc' dir='ltr'>εἷς</span> <span class='ocrx_word' id='word_1_369' title='bbox 981 2018 1044 2072; x_wconf 87' lang='grc' dir='ltr'>τὸ</span> <span class='ocrx_word' id='word_1_370' title='bbox 1101 2016 1275 2073; x_wconf 86' lang='grc' dir='ltr'>πάντα</span> <span class='ocrx_word' id='word_1_371' title='bbox 1335 2015 1544 2087; x_wconf 82' lang='grc' dir='ltr'>διδάξαι</span> <span class='ocrx_word' id='word_1_372' title='bbox 1623 2017 1783 2091; x_wconf 75' lang='grc' dir='ltr'>ὑμᾶς.</span> <span class='ocrx_word' id='word_1_373' title='bbox 1845 2036 1872 2067; x_wconf 75' lang='grc' dir='ltr'><strong>ο</strong></span> 
     </span>
    </p>
   </div>
   <div class='ocr_carea' id='block_1_48' title="bbox 193 2103 1876 2181">
    <p class='ocr_par' dir='ltr' id='par_1_48' title="bbox 193 2103 1876 2181">
     <span class='ocr_line' id='line_1_48' title="bbox 193 2103 1876 2181; baseline 0 -23"><span class='ocrx_word' id='word_1_374' title='bbox 193 2109 391 2177; x_wconf 81' lang='grc' dir='ltr'>Ὑμεῖς</span> <span class='ocrx_word' id='word_1_375' title='bbox 427 2103 494 2159; x_wconf 72' lang='grc' dir='ltr'>δὲ</span> <span class='ocrx_word' id='word_1_376' title='bbox 541 2111 967 2181; x_wconf 84' lang='grc' dir='ltr'>στενοχωρεῖσθε</span> <span class='ocrx_word' id='word_1_377' title='bbox 1022 2105 1076 2160; x_wconf 84' lang='grc' dir='ltr'>ἐν</span> <span class='ocrx_word' id='word_1_378' title='bbox 1133 2111 1250 2168; x_wconf 86' lang='grc' dir='ltr'>τοῖς</span> <span class='ocrx_word' id='word_1_379' title='bbox 1310 2104 1650 2181; x_wconf 72' lang='grc' dir='ltr'>σπλάγχνοις</span> <span class='ocrx_word' id='word_1_380' title='bbox 1701 2107 1876 2178; x_wconf 82' lang='grc' dir='ltr'>ὑμῶν,</span> 
     </span>
    </p>
   </div>
   <div class='ocr_carea' id='block_1_49' title="bbox 190 2196 1878 2274">
    <p class='ocr_par' dir='ltr' id='par_1_49' title="bbox 190 2196 1878 2274">
     <span class='ocr_line' id='line_1_49' title="bbox 190 2196 1878 2274; baseline -0.002 -22"><span class='ocrx_word' id='word_1_381' title='bbox 190 2197 490 2253; x_wconf 78' lang='grc' dir='ltr'>τουτέστιν</span> <span class='ocrx_word' id='word_1_382' title='bbox 559 2196 609 2251; x_wconf 84' lang='grc' dir='ltr'><strong>έν</strong></span> <span class='ocrx_word' id='word_1_383' title='bbox 668 2201 736 2272; x_wconf 81' lang='grc' dir='ltr'><strong>τῇ</strong></span> <span class='ocrx_word' id='word_1_384' title='bbox 793 2197 930 2269; x_wconf 76' lang='grc' dir='ltr'>πρὸς</span> <span class='ocrx_word' id='word_1_385' title='bbox 989 2198 1118 2252; x_wconf 87' lang='grc' dir='ltr'>Θεὸν</span> <span class='ocrx_word' id='word_1_386' title='bbox 1175 2198 1385 2274; x_wconf 80' lang='grc' dir='ltr'>ἀγάπῃ,</span> <span class='ocrx_word' id='word_1_387' title='bbox 1445 2196 1481 2271; x_wconf 72' lang='grc' dir='ltr'><strong><em>ᾖ</em></strong></span> <span class='ocrx_word' id='word_1_388' title='bbox 1537 2196 1741 2271; x_wconf 81' lang='grc' dir='ltr'>ἀγαπᾷν</span> <span class='ocrx_word' id='word_1_389' title='bbox 1814 2216 1878 2268; x_wconf 91' lang='grc' dir='ltr'><strong>με</strong></span> 
     </span>
    </p>
   </div>
   <div class='ocr_carea' id='block_1_50' title="bbox 193 2283 1875 2362">
    <p class='ocr_par' dir='ltr' id='par_1_50' title="bbox 193 2283 1875 2362">
     <span class='ocr_line' id='line_1_50' title="bbox 193 2283 1875 2362; baseline 0.001 -22"><span class='ocrx_word' id='word_1_390' title='bbox 193 2285 486 2362; x_wconf 75' lang='grc' dir='ltr'>ὀφείλετε.</span> <span class='ocrx_word' id='word_1_391' title='bbox 548 2287 739 2348; x_wconf 82' lang='grc' dir='ltr'>Οὖτως</span> <span class='ocrx_word' id='word_1_392' title='bbox 807 2288 835 2340; x_wconf 87' lang='grc' dir='ltr'>ὁ</span> <span class='ocrx_word' id='word_1_393' title='bbox 900 2285 1135 2359; x_wconf 70' lang='grc' dir='ltr'>Κλήμης</span> <span class='ocrx_word' id='word_1_394' title='bbox 1204 2285 1256 2340; x_wconf 76' lang='grc' dir='ltr'>ἐν</span> <span class='ocrx_word' id='word_1_395' title='bbox 1324 2283 1370 2339; x_wconf 84' lang='grc' dir='ltr'>δ’</span> <span class='ocrx_word' id='word_1_396' title='bbox 1425 2285 1875 2341; x_wconf 80' lang='grc' dir='ltr'>’Υποτυπώσεων.</span> 
     </span>
    </p>
   </div>
   <div class='ocr_carea' id='block_1_51' title="bbox 201 2371 1878 2452">
    <p class='ocr_par' dir='ltr' id='par_1_51' title="bbox 201 2371 1878 2452">
     <span class='ocr_line' id='line_1_51' title="bbox 201 2371 1878 2452; baseline -0.001 -25"><span class='ocrx_word' id='word_1_397' title='bbox 201 2397 225 2427; x_wconf 76' lang='grc' dir='ltr'>σ</span> <span class='ocrx_word' id='word_1_398' title='bbox 265 2377 727 2452; x_wconf 76' lang='grc' dir='ltr'>Στενοχωρεῖσθε</span> <span class='ocrx_word' id='word_1_399' title='bbox 766 2371 825 2430; x_wconf 69' lang='grc' dir='ltr'>δὲ</span> <span class='ocrx_word' id='word_1_400' title='bbox 853 2372 904 2429; x_wconf 77' lang='grc' dir='ltr'>ἐν</span> <span class='ocrx_word' id='word_1_401' title='bbox 936 2379 1052 2437; x_wconf 86' lang='grc' dir='ltr'>τοῖς</span> <span class='ocrx_word' id='word_1_402' title='bbox 1085 2372 1430 2450; x_wconf 85' lang='grc' dir='ltr'>σπλάγχνοις</span> <span class='ocrx_word' id='word_1_403' title='bbox 1465 2374 1636 2446; x_wconf 89' lang='grc' dir='ltr'>ὑμῶν.</span> <span class='ocrx_word' id='word_1_404' title='bbox 1673 2397 1700 2425; x_wconf 88' lang='grc'><strong>››</strong></span> <span class='ocrx_word' id='word_1_405' title='bbox 1735 2373 1878 2449; x_wconf 87' lang='grc' dir='ltr'><strong>Ἐγὼ</strong></span> 
     </span>
    </p>
   </div>
   <div class='ocr_carea' id='block_1_52' title="bbox 198 2459 1878 2545">
    <p class='ocr_par' dir='ltr' id='par_1_52' title="bbox 198 2459 1878 2545">
     <span class='ocr_line' id='line_1_52' title="bbox 198 2459 1878 2545; baseline -0.003 -26"><span class='ocrx_word' id='word_1_406' title='bbox 198 2465 318 2536; x_wconf 72' lang='grc' dir='ltr'>μὲν,</span> <span class='ocrx_word' id='word_1_407' title='bbox 376 2465 581 2545; x_wconf 65' lang='grc' dir='ltr'>φησὶν,</span> <span class='ocrx_word' id='word_1_408' title='bbox 643 2463 704 2518; x_wconf 84' lang='grc' dir='ltr'>οὐ</span> <span class='ocrx_word' id='word_1_409' title='bbox 764 2467 1216 2538; x_wconf 83' lang='grc' dir='ltr'>στενοχωροῦμαι</span> <span class='ocrx_word' id='word_1_410' title='bbox 1271 2461 1471 2524; x_wconf 86' lang='grc' dir='ltr'>πάντας</span> <span class='ocrx_word' id='word_1_411' title='bbox 1531 2461 1672 2535; x_wconf 81' lang='grc' dir='ltr'>ὑμᾶς</span> <span class='ocrx_word' id='word_1_412' title='bbox 1729 2459 1878 2516; x_wconf 76' lang='grc' dir='ltr'>ἔνδον</span> 
     </span>
    </p>
   </div>
   <div class='ocr_carea' id='block_1_53' title="bbox 195 2545 1878 2630">
    <p class='ocr_par' dir='ltr' id='par_1_53' title="bbox 195 2545 1878 2630">
     <span class='ocr_line' id='line_1_53' title="bbox 195 2545 1878 2630; baseline -0.004 -22"><span class='ocrx_word' id='word_1_413' title='bbox 195 2550 374 2628; x_wconf 64' lang='grc' dir='ltr'>ἔχων.</span> <span class='ocrx_word' id='word_1_414' title='bbox 437 2558 638 2625; x_wconf 75' lang='grc' dir='ltr'>’Ὑμεῖς</span> <span class='ocrx_word' id='word_1_415' title='bbox 699 2549 778 2621; x_wconf 72' lang='grc' dir='ltr'><strong>δὲ,</strong></span> <span class='ocrx_word' id='word_1_416' title='bbox 837 2551 1022 2629; x_wconf 69' lang='grc' dir='ltr'>φησῖν,</span> <span class='ocrx_word' id='word_1_417' title='bbox 1084 2549 1138 2605; x_wconf 85' lang='grc' dir='ltr'>ἐν</span> <span class='ocrx_word' id='word_1_418' title='bbox 1185 2556 1266 2623; x_wconf 78' lang='grc' dir='ltr'>τῷ</span> <span class='ocrx_word' id='word_1_419' title='bbox 1322 2545 1472 2630; x_wconf 75' lang='grc' dir='ltr'>ἔχειν</span> <span class='ocrx_word' id='word_1_420' title='bbox 1535 2572 1600 2624; x_wconf 86' lang='grc' dir='ltr'><strong>με</strong></span> <span class='ocrx_word' id='word_1_421' title='bbox 1653 2549 1704 2604; x_wconf 78' lang='grc' dir='ltr'>ἐν</span> <span class='ocrx_word' id='word_1_422' title='bbox 1762 2555 1878 2610; x_wconf 78' lang='grc' dir='ltr'>τοῖς</span> 
     </span>
    </p>
   </div>
   <div class='ocr_carea' id='block_1_54' title="bbox 200 2637 1874 2717">
    <p class='ocr_par' dir='ltr' id='par_1_54' title="bbox 200 2637 1874 2717">
     <span class='ocr_line' id='line_1_54' title="bbox 200 2637 1874 2717; baseline -0.002 -23"><span class='ocrx_word' id='word_1_423' title='bbox 200 2639 566 2717; x_wconf 77' lang='grc' dir='ltr'>σπλάγχνοις</span> <span class='ocrx_word' id='word_1_424' title='bbox 626 2641 777 2713; x_wconf 87' lang='grc' dir='ltr'>ὑμῶν</span> <span class='ocrx_word' id='word_1_425' title='bbox 841 2641 1288 2714; x_wconf 84' lang='grc' dir='ltr'>στενοχωρεῖσθε.</span> <span class='ocrx_word' id='word_1_426' title='bbox 1348 2638 1424 2696; x_wconf 79' lang='grc' dir='ltr'><strong>Οὐ</strong></span> <span class='ocrx_word' id='word_1_427' title='bbox 1477 2639 1576 2714; x_wconf 77' lang='grc' dir='ltr'><strong>γάρ</strong></span> <span class='ocrx_word' id='word_1_428' title='bbox 1639 2637 1874 2712; x_wconf 84' lang='grc' dir='ltr'>ὁμοίως,</span> 
     </span>
    </p>
   </div>
   <div class='ocr_carea' id='block_1_55' title="bbox 208 2727 1876 2806">
    <p class='ocr_par' dir='ltr' id='par_1_55' title="bbox 208 2727 1876 2806">
     <span class='ocr_line' id='line_1_55' title="bbox 208 2727 1876 2806; baseline 0.001 -24"><span class='ocrx_word' id='word_1_429' title='bbox 208 2729 372 2806; x_wconf 64' lang='grc' dir='ltr'>φησὶ,</span> <span class='ocrx_word' id='word_1_430' title='bbox 410 2730 479 2802; x_wconf 74' lang='grc' dir='ltr'>μὶ</span> <span class='ocrx_word' id='word_1_431' title='bbox 509 2731 770 2805; x_wconf 80' lang='grc' dir='ltr'>ἀγαπᾶτε.</span> <span class='ocrx_word' id='word_1_432' title='bbox 803 2729 998 2804; x_wconf 80' lang='grc' dir='ltr'>Ἔχετε</span> <span class='ocrx_word' id='word_1_433' title='bbox 1057 2729 1175 2802; x_wconf 79' lang='grc' dir='ltr'>μὶν,</span> <span class='ocrx_word' id='word_1_434' title='bbox 1229 2727 1378 2798; x_wconf 77' lang='grc' dir='ltr'>πλὴν</span> <span class='ocrx_word' id='word_1_435' title='bbox 1415 2732 1876 2803; x_wconf 78' lang='grc' dir='ltr'>στενοχωρεῖσθε.</span> 
     </span>
    </p>
   </div>
   <div class='ocr_carea' id='block_1_56' title="bbox 215 2817 1876 2894">
    <p class='ocr_par' dir='ltr' id='par_1_56' title="bbox 215 2817 1876 2894">
     <span class='ocr_line' id='line_1_56' title="bbox 215 2817 1876 2894; baseline -0.001 -22"><span class='ocrx_word' id='word_1_436' title='bbox 215 2818 363 2887; x_wconf 80' lang='grc' dir='ltr'>Φησὶ</span> <span class='ocrx_word' id='word_1_437' title='bbox 419 2819 527 2894; x_wconf 79' lang='grc' dir='ltr'><strong>γὰρ</strong></span> <span class='ocrx_word' id='word_1_438' title='bbox 595 2819 768 2889; x_wconf 84' lang='grc' dir='ltr'>κάτω,</span> <span class='ocrx_word' id='word_1_439' title='bbox 842 2843 862 2868; x_wconf 75' lang='grc' dir='ltr'><strong>α</strong></span> <span class='ocrx_word' id='word_1_440' title='bbox 932 2817 995 2875; x_wconf 69' lang='lat' dir='ltr'><strong>Ei</strong></span> <span class='ocrx_word' id='word_1_441' title='bbox 1060 2817 1150 2872; x_wconf 80' lang='grc' dir='ltr'>καὶ</span> <span class='ocrx_word' id='word_1_442' title='bbox 1216 2817 1596 2892; x_wconf 80' lang='grc' dir='ltr'>περισσότερον</span> <span class='ocrx_word' id='word_1_443' title='bbox 1663 2817 1876 2893; x_wconf 84' lang='grc' dir='ltr'>ἀγαπῶ,</span> 
     </span>
    </p>
   </div>
   <div class='ocr_carea' id='block_1_57' title="bbox 211 2903 1876 2980">
    <p class='ocr_par' dir='ltr' id='par_1_57' title="bbox 211 2903 1876 2980">
     <span class='ocr_line' id='line_1_57' title="bbox 211 2903 1876 2980; baseline -0.001 -18"><span class='ocrx_word' id='word_1_444' title='bbox 211 2910 381 2977; x_wconf 79' lang='grc' dir='ltr'>ἧττον</span> <span class='ocrx_word' id='word_1_445' title='bbox 414 2908 744 2980; x_wconf 82' lang='grc' dir='ltr'>ἀγαπῶμαι.</span> <span class='ocrx_word' id='word_1_446' title='bbox 781 2932 803 2961; x_wconf 72' lang='grc' dir='ltr'><strong><em>ι</em></strong></span> <span class='ocrx_word' id='word_1_447' title='bbox 840 2908 952 2975; x_wconf 74' lang='grc' dir='ltr'><strong>Τῆν</strong></span> <span class='ocrx_word' id='word_1_448' title='bbox 983 2903 1040 2962; x_wconf 76' lang='grc' dir='ltr'>δὲ</span> <span class='ocrx_word' id='word_1_449' title='bbox 1085 2905 1251 2976; x_wconf 68' lang='grc' dir='ltr'>αὐτὴν</span> <span class='ocrx_word' id='word_1_450' title='bbox 1301 2905 1662 2980; x_wconf 80' lang='grc' dir='ltr'>ἀντιμισθίαν,</span> <span class='ocrx_word' id='word_1_451' title='bbox 1719 2926 1876 2960; x_wconf 85' lang='grc' dir='ltr'>τουτ-</span> 
     </span>
    </p>
   </div>
   <div class='ocr_carea' id='block_1_58' title="bbox 206 2992 1879 3073">
    <p class='ocr_par' dir='ltr' id='par_1_58' title="bbox 206 2992 1879 3073">
     <span class='ocr_line' id='line_1_58' title="bbox 206 2992 1879 3073; baseline -0.001 -23"><span class='ocrx_word' id='word_1_452' title='bbox 206 2996 378 3067; x_wconf 80' lang='grc' dir='ltr'>ἐστιν,</span> <span class='ocrx_word' id='word_1_453' title='bbox 422 2992 680 3070; x_wconf 69' lang='grc' dir='ltr'>ἀμοιϐὴν</span> <span class='ocrx_word' id='word_1_454' title='bbox 710 2997 798 3051; x_wconf 88' lang='grc' dir='ltr'>καὶ</span> <span class='ocrx_word' id='word_1_455' title='bbox 861 2995 1085 3067; x_wconf 81' lang='grc' dir='ltr'>ἰσότητα</span> <span class='ocrx_word' id='word_1_456' title='bbox 1134 3003 1235 3065; x_wconf 76' lang='grc' dir='ltr'><strong>τῆς</strong></span> <span class='ocrx_word' id='word_1_457' title='bbox 1296 2994 1483 3073; x_wconf 73' lang='grc' dir='ltr'>φιλίας</span> <span class='ocrx_word' id='word_1_458' title='bbox 1542 2995 1879 3072; x_wconf 82' lang='grc' dir='ltr'>εἶσενέγκατε</span> 
     </span>
    </p>
   </div>
   <div class='ocr_carea' id='block_1_59' title="bbox 198 3083 1866 3160">
    <p class='ocr_par' dir='ltr' id='par_1_59' title="bbox 198 3083 1866 3160">
     <span class='ocr_line' id='line_1_59' title="bbox 198 3083 1866 3160; baseline -0.004 -19"><span class='ocrx_word' id='word_1_459' title='bbox 198 3085 275 3148; x_wconf 83' lang='grc' dir='ltr'><strong>ὡς</strong></span> <span class='ocrx_word' id='word_1_460' title='bbox 303 3087 467 3142; x_wconf 83' lang='grc' dir='ltr'>τέκνα</span> <span class='ocrx_word' id='word_1_461' title='bbox 513 3087 604 3140; x_wconf 76' lang='grc' dir='ltr'>καὶ</span> <span class='ocrx_word' id='word_1_462' title='bbox 663 3085 1011 3157; x_wconf 67' lang='grc' dir='ltr'>πλατύνθητε</span> <span class='ocrx_word' id='word_1_463' title='bbox 1066 3087 1156 3140; x_wconf 89' lang='grc' dir='ltr'>καὶ</span> <span class='ocrx_word' id='word_1_464' title='bbox 1218 3087 1374 3160; x_wconf 83' lang='grc' dir='ltr'>ὑμεῖς</span> <span class='ocrx_word' id='word_1_465' title='bbox 1421 3085 1498 3146; x_wconf 86' lang='grc' dir='ltr'><strong>ὡς</strong></span> <span class='ocrx_word' id='word_1_466' title='bbox 1541 3084 1716 3159; x_wconf 84' lang='grc' dir='ltr'>κάγώ.</span> <span class='ocrx_word' id='word_1_467' title='bbox 1775 3083 1866 3141; x_wconf 61' lang='lat' dir='ltr'><strong>Kal</strong></span> 
     </span>
    </p>
   </div>
   <div class='ocr_carea' id='block_1_60' title="bbox 1981 3083 3635 3160">
    <p class='ocr_par' dir='ltr' id='par_1_60' title="bbox 1989 3083 3635 3155">
     <span class='ocr_line' id='line_1_60' title="bbox 1989 3083 3635 3155; baseline 0.004 -19"><span class='ocrx_word' id='word_1_468' title='bbox 1989 3088 2105 3138; x_wconf 92' lang='lat' dir='ltr'><strong>tem</strong></span> <span class='ocrx_word' id='word_1_469' title='bbox 2141 3083 2362 3138; x_wconf 85' lang='lat' dir='ltr'><strong>amoris</strong></span> <span class='ocrx_word' id='word_1_470' title='bbox 2392 3085 2596 3138; x_wconf 87' lang='lat' dir='ltr'><strong>atTerte</strong></span> <span class='ocrx_word' id='word_1_471' title='bbox 2631 3090 2911 3155; x_wconf 90' lang='lat' dir='ltr'><strong>tanquam</strong></span> <span class='ocrx_word' id='word_1_472' title='bbox 2946 3086 3050 3140; x_wconf 83' lang='lat' dir='ltr'><strong>filii</strong></span> <span class='ocrx_word' id='word_1_473' title='bbox 3081 3103 3093 3139; x_wconf 86' lang='lat'><strong><em>:</em></strong></span> <span class='ocrx_word' id='word_1_474' title='bbox 3128 3103 3193 3140; x_wconf 92' lang='lat' dir='ltr'><strong>ac</strong></span> <span class='ocrx_word' id='word_1_475' title='bbox 3216 3085 3548 3141; x_wconf 89' lang='lat' dir='ltr'><strong>dilatcmini</strong></span> <span class='ocrx_word' id='word_1_476' title='bbox 3578 3095 3635 3142; x_wconf 86' lang='lat' dir='ltr'><strong>et</strong></span> 
     </span>
    </p>
   </div>
   <div class='ocr_carea' id='block_1_61' title="bbox 196 3168 1866 3256">
    <p class='ocr_par' dir='ltr' id='par_1_61' title="bbox 196 3168 1866 3256">
     <span class='ocr_line' id='line_1_61' title="bbox 196 3168 1866 3256; baseline -0.002 -26"><span class='ocrx_word' id='word_1_477' title='bbox 196 3177 301 3253; x_wconf 76' lang='grc' dir='ltr'><strong>γάρ</strong></span> <span class='ocrx_word' id='word_1_478' title='bbox 363 3176 614 3256; x_wconf 68' lang='grc' dir='ltr'>αἰσχρὸν</span> <span class='ocrx_word' id='word_1_479' title='bbox 671 3175 808 3250; x_wconf 78' lang='grc' dir='ltr'>ἐμοῦ</span> <span class='ocrx_word' id='word_1_480' title='bbox 867 3175 1070 3236; x_wconf 80' lang='grc' dir='ltr'>πάντας</span> <span class='ocrx_word' id='word_1_481' title='bbox 1125 3175 1264 3248; x_wconf 83' lang='grc' dir='ltr'>ὑμᾶς</span> <span class='ocrx_word' id='word_1_482' title='bbox 1349 3168 1499 3230; x_wconf 78' lang='grc' dir='ltr'>ἔνδον</span> <span class='ocrx_word' id='word_1_483' title='bbox 1565 3171 1866 3246; x_wconf 67' lang='grc' dir='ltr'><strong>δεξαμένου1</strong></span> 
     </span>
    </p>
   </div>
   <div class='ocr_carea' id='block_1_62' title="bbox 1981 3168 3633 3256">
    <p class='ocr_par' dir='ltr' id='par_1_62' title="bbox 1985 3172 3633 3248">
     <span class='ocr_line' id='line_1_62' title="bbox 1985 3172 3633 3248; baseline 0.004 -24"><span class='ocrx_word' id='word_1_484' title='bbox 1985 3188 2086 3226; x_wconf 91' lang='lat' dir='ltr'><strong>vos</strong></span> <span class='ocrx_word' id='word_1_485' title='bbox 2119 3172 2267 3226; x_wconf 90' lang='lat' dir='ltr'><strong>sicut</strong></span> <span class='ocrx_word' id='word_1_486' title='bbox 2301 3188 2425 3242; x_wconf 87' lang='lat' dir='ltr'><strong>ego.</strong></span> <span class='ocrx_word' id='word_1_487' title='bbox 2459 3175 2650 3244; x_wconf 87' lang='lat' dir='ltr'><strong>Turpe</strong></span> <span class='ocrx_word' id='word_1_488' title='bbox 2684 3175 2978 3244; x_wconf 88' lang='lat' dir='ltr'><strong>siquidem</strong></span> <span class='ocrx_word' id='word_1_489' title='bbox 3011 3180 3116 3239; x_wconf 89' lang='lat' dir='ltr'><strong>est,</strong></span> <span class='ocrx_word' id='word_1_490' title='bbox 3145 3192 3278 3229; x_wconf 90' lang='lat' dir='ltr'><strong>cum</strong></span> <span class='ocrx_word' id='word_1_491' title='bbox 3302 3193 3405 3248; x_wconf 88' lang='lat' dir='ltr'><strong>ego</strong></span> <span class='ocrx_word' id='word_1_492' title='bbox 3425 3193 3633 3231; x_wconf 91' lang='lat' dir='ltr'><strong>omnes</strong></span> 
     </span>
    </p>
   </div>
   <div class='ocr_carea' id='block_1_63' title="bbox 198 3253 1866 3338">
    <p class='ocr_par' dir='ltr' id='par_1_63' title="bbox 198 3253 1866 3338">
     <span class='ocr_line' id='line_1_63' title="bbox 198 3253 1866 3338; baseline -0.001 -17"><span class='ocrx_word' id='word_1_493' title='bbox 198 3266 341 3338; x_wconf 73' lang='grc' dir='ltr'>ὑμᾶς</span> <span class='ocrx_word' id='word_1_494' title='bbox 373 3253 599 3326; x_wconf 60' lang='grc' dir='ltr'>πάξρτας</span> <span class='ocrx_word' id='word_1_495' title='bbox 628 3262 722 3319; x_wconf 70' lang='grc' dir='ltr'>’ένα</span> <span class='ocrx_word' id='word_1_496' title='bbox 792 3267 867 3338; x_wconf 78' lang='grc' dir='ltr'>μή</span> <span class='ocrx_word' id='word_1_497' title='bbox 929 3263 1196 3337; x_wconf 82' lang='grc' dir='ltr'>δέξασθαι.</span> <span class='ocrx_word' id='word_1_498' title='bbox 1247 3297 1318 3307; x_wconf 90' lang='lat'>—</span> <span class='ocrx_word' id='word_1_499' title='bbox 1364 3262 1610 3324; x_wconf 69' lang='grc' dir='ltr'>Ἄλλως.</span> <span class='ocrx_word' id='word_1_500' title='bbox 1656 3265 1866 3338; x_wconf 51' lang='grc' dir='ltr'><strong>[ΦΩἹᾜ</strong></span> 
     </span>
    </p>
   </div>
   <div class='ocr_carea' id='block_1_64' title="bbox 1981 3253 3632 3338">
    <p class='ocr_par' dir='ltr' id='par_1_64' title="bbox 1985 3261 3632 3334">
     <span class='ocr_line' id='line_1_64' title="bbox 1985 3261 3632 3334; baseline 0.004 -20"><span class='ocrx_word' id='word_1_501' title='bbox 1985 3278 2085 3316; x_wconf 85' lang='lat' dir='ltr'><strong>vos</strong></span> <span class='ocrx_word' id='word_1_502' title='bbox 2112 3261 2269 3317; x_wconf 90' lang='lat' dir='ltr'><strong>intus</strong></span> <span class='ocrx_word' id='word_1_503' title='bbox 2294 3263 2646 3334; x_wconf 86' lang='lat' dir='ltr'><strong>exceperim,</strong></span> <span class='ocrx_word' id='word_1_504' title='bbox 2673 3280 2880 3318; x_wconf 90' lang='lat' dir='ltr'><strong>omnes</strong></span> <span class='ocrx_word' id='word_1_505' title='bbox 2902 3281 3002 3319; x_wconf 86' lang='lat' dir='ltr'><strong>vos</strong></span> <span class='ocrx_word' id='word_1_506' title='bbox 3025 3265 3140 3319; x_wconf 90' lang='lat' dir='ltr'><strong>mei</strong></span> <span class='ocrx_word' id='word_1_507' title='bbox 3165 3265 3340 3319; x_wconf 90' lang='lat' dir='ltr'><strong>unius</strong></span> <span class='ocrx_word' id='word_1_508' title='bbox 3359 3283 3477 3320; x_wconf 93' lang='lat' dir='ltr'><strong>non</strong></span> <span class='ocrx_word' id='word_1_509' title='bbox 3504 3282 3632 3321; x_wconf 92' lang='lat' dir='ltr'><strong>esse</strong></span> 
     </span>
    </p>
   </div>
   <div class='ocr_carea' id='block_1_65' title="bbox 1980 3353 3628 3422">
    <p class='ocr_par' dir='ltr' id='par_1_65' title="bbox 1980 3353 3628 3422">
     <span class='ocr_line' id='line_1_65' title="bbox 1980 3353 3628 3422; baseline 0.002 -16"><span class='ocrx_word' id='word_1_510' title='bbox 1980 3367 2244 3422; x_wconf 88' lang='lat' dir='ltr'><strong>capaces.</strong></span> <span class='ocrx_word' id='word_1_511' title='bbox 2283 3381 2343 3391; x_wconf 86' lang='lat'><strong>—-</strong></span> <span class='ocrx_word' id='word_1_512' title='bbox 2381 3353 2498 3407; x_wconf 82' lang='lat' dir='ltr'><strong>Alio</strong></span> <span class='ocrx_word' id='word_1_513' title='bbox 2528 3355 2708 3407; x_wconf 85' lang='lat' dir='ltr'><strong>modo.</strong></span> <span class='ocrx_word' id='word_1_514' title='bbox 2752 3376 2771 3399; x_wconf 80' lang='grc' dir='ltr'><strong>ι</strong></span> <span class='ocrx_word' id='word_1_515' title='bbox 2809 3353 3090 3408; x_wconf 88' lang='lat' dir='ltr'><strong>Eamdem</strong></span> <span class='ocrx_word' id='word_1_516' title='bbox 3123 3360 3320 3409; x_wconf 90' lang='lat' dir='ltr'><strong>autem</strong></span> <span class='ocrx_word' id='word_1_517' title='bbox 3352 3372 3628 3410; x_wconf 89' lang='lat' dir='ltr'><strong>remune-</strong></span> 
     </span>
    </p>
   </div>
   <div class='ocr_carea' id='block_1_66' title="bbox 1978 3440 3631 3512">
    <p class='ocr_par' dir='ltr' id='par_1_66' title="bbox 1978 3440 3631 3512">
     <span class='ocr_line' id='line_1_66' title="bbox 1978 3440 3631 3512; baseline 0.004 -19"><span class='ocrx_word' id='word_1_518' title='bbox 1978 3440 2292 3503; x_wconf 87' lang='lat' dir='ltr'><strong>rationem,</strong></span> <span class='ocrx_word' id='word_1_519' title='bbox 2326 3446 2392 3494; x_wconf 67' lang='lat' dir='ltr'><strong>u&#39;t</strong></span> <span class='ocrx_word' id='word_1_520' title='bbox 2424 3441 2563 3494; x_wconf 83' lang='lat' dir='ltr'><strong>ﬁliis</strong></span> <span class='ocrx_word' id='word_1_521' title='bbox 2595 3441 2747 3496; x_wconf 91' lang='lat' dir='ltr'><strong>dico.</strong></span> <span class='ocrx_word' id='word_1_522' title='bbox 2784 3464 2811 3490; x_wconf 85' lang='lat'>»</span> <span class='ocrx_word' id='word_1_523' title='bbox 2835 3442 2942 3496; x_wconf 87' lang='lat' dir='ltr'><strong>Per</strong></span> <span class='ocrx_word' id='word_1_524' title='bbox 2958 3442 3253 3498; x_wconf 82' lang='lat' dir='ltr'><strong>defectum</strong></span> <span class='ocrx_word' id='word_1_525' title='bbox 3279 3443 3499 3498; x_wconf 90' lang='lat' dir='ltr'><strong>dictum</strong></span> <span class='ocrx_word' id='word_1_526' title='bbox 3521 3449 3631 3512; x_wconf 91' lang='lat' dir='ltr'><strong>est,</strong></span> 
     </span>
    </p>
   </div>
   <div class='ocr_carea' id='block_1_67' title="bbox 1979 3529 3630 3604">
    <p class='ocr_par' dir='ltr' id='par_1_67' title="bbox 1979 3529 3630 3604">
     <span class='ocr_line' id='line_1_67' title="bbox 1979 3529 3630 3604; baseline 0.002 -20"><span class='ocrx_word' id='word_1_527' title='bbox 1979 3529 2146 3584; x_wconf 90' lang='lat' dir='ltr'><strong>deest</strong></span> <span class='ocrx_word' id='word_1_528' title='bbox 2178 3530 2360 3596; x_wconf 90' lang='lat' dir='ltr'><strong>enim,</strong></span> <span class='ocrx_word' id='word_1_529' title='bbox 2395 3531 2706 3602; x_wconf 87' lang='lat' dir='ltr'><strong>Suscipite,</strong></span> <span class='ocrx_word' id='word_1_530' title='bbox 2741 3536 2859 3594; x_wconf 92' lang='lat' dir='ltr'><strong>aut,</strong></span> <span class='ocrx_word' id='word_1_531' title='bbox 2899 3533 3127 3586; x_wconf 73' lang='lat' dir='ltr'><strong>Atl&#39;erte.</strong></span> <span class='ocrx_word' id='word_1_532' title='bbox 3166 3534 3363 3587; x_wconf 88' lang='lat' dir='ltr'><strong>Potest</strong></span> <span class='ocrx_word' id='word_1_533' title='bbox 3393 3549 3630 3604; x_wconf 90' lang='lat' dir='ltr'><strong>quoque</strong></span> 
     </span>
    </p>
   </div>
   <div class='ocr_carea' id='block_1_68' title="bbox 1980 3614 3630 3693">
    <p class='ocr_par' dir='ltr' id='par_1_68' title="bbox 1980 3614 3630 3693">
     <span class='ocr_line' id='line_1_68' title="bbox 1980 3614 3630 3693; baseline 0.002 -22"><span class='ocrx_word' id='word_1_534' title='bbox 1980 3617 2230 3690; x_wconf 84' lang='lat' dir='ltr'><strong>intelligi</strong></span> <span class='ocrx_word' id='word_1_535' title='bbox 2266 3619 2393 3673; x_wconf 91' lang='lat' dir='ltr'><strong>sine</strong></span> <span class='ocrx_word' id='word_1_536' title='bbox 2425 3619 2679 3683; x_wconf 83' lang='lat' dir='ltr'><strong>defectu,</strong></span> <span class='ocrx_word' id='word_1_537' title='bbox 2713 3625 2779 3673; x_wconf 93' lang='lat' dir='ltr'><strong>ut</strong></span> <span class='ocrx_word' id='word_1_538' title='bbox 2809 3614 2884 3681; x_wconf 75' lang='grc' dir='ltr'><strong>δὲ,</strong></span> <span class='ocrx_word' id='word_1_539' title='bbox 2921 3620 2978 3673; x_wconf 93' lang='lat' dir='ltr'><strong>id</strong></span> <span class='ocrx_word' id='word_1_540' title='bbox 3022 3627 3102 3672; x_wconf 62' lang='lat' dir='ltr'><strong>est</strong></span> <span class='ocrx_word' id='word_1_541' title='bbox 3163 3626 3383 3687; x_wconf 86' lang='lat' dir='ltr'><strong>autem,</strong></span> <span class='ocrx_word' id='word_1_542' title='bbox 3419 3622 3494 3675; x_wconf 90' lang='lat' dir='ltr'><strong>sit</strong></span> <span class='ocrx_word' id='word_1_543' title='bbox 3526 3638 3630 3693; x_wconf 87' lang='lat' dir='ltr'><strong>pa-</strong></span> 
     </span>
    </p>
   </div>
   <div class='ocr_carea' id='block_1_69' title="bbox 1977 3707 3628 3779">
    <p class='ocr_par' dir='ltr' id='par_1_69' title="bbox 1977 3707 3628 3779">
     <span class='ocr_line' id='line_1_69' title="bbox 1977 3707 3628 3779; baseline 0.002 -19"><span class='ocrx_word' id='word_1_544' title='bbox 1977 3707 2180 3761; x_wconf 88' lang='lat' dir='ltr'><strong>relcon</strong></span> <span class='ocrx_word' id='word_1_545' title='bbox 2212 3712 2270 3760; x_wconf 92' lang='lat' dir='ltr'><strong>et</strong></span> <span class='ocrx_word' id='word_1_546' title='bbox 2298 3707 2578 3762; x_wconf 91' lang='lat' dir='ltr'><strong>abundet.</strong></span> <span class='ocrx_word' id='word_1_547' title='bbox 2615 3710 2714 3762; x_wconf 87' lang='lat' dir='ltr'><strong>Est</strong></span> <span class='ocrx_word' id='word_1_548' title='bbox 2743 3714 2938 3762; x_wconf 89' lang='lat' dir='ltr'><strong>autem</strong></span> <span class='ocrx_word' id='word_1_549' title='bbox 2972 3709 3250 3779; x_wconf 82' lang='lat' dir='ltr'><strong>frequens</strong></span> <span class='ocrx_word' id='word_1_550' title='bbox 3284 3708 3438 3779; x_wconf 89' lang='lat' dir='ltr'><strong>apud</strong></span> <span class='ocrx_word' id='word_1_551' title='bbox 3471 3711 3628 3763; x_wconf 84' lang='lat' dir='ltr'><strong>Pau-</strong></span> 
     </span>
    </p>
   </div>
   <div class='ocr_carea' id='block_1_70' title="bbox 1915 1887 1955 1948">
    <p class='ocr_par' dir='ltr' id='par_1_70' title="bbox 1915 1887 1955 1948">
     <span class='ocr_line' id='line_1_70' title="bbox 1915 1887 1955 1948; baseline 0 0"><span class='ocrx_word' id='word_1_552' title='bbox 1915 1887 1955 1948; x_wconf 80' lang='grc' dir='ltr'>Β</span> 
     </span>
    </p>
   </div>
   <div class='ocr_carea' id='block_1_71' title="bbox 197 3350 1872 3428">
    <p class='ocr_par' dir='ltr' id='par_1_71' title="bbox 197 3350 1872 3428">
     <span class='ocr_line' id='line_1_71' title="bbox 197 3350 1872 3428; baseline -0.001 -19"><span class='ocrx_word' id='word_1_553' title='bbox 197 3377 222 3409; x_wconf 74' lang='grc' dir='ltr'>ι</span> <span class='ocrx_word' id='word_1_554' title='bbox 249 3356 364 3424; x_wconf 76' lang='grc' dir='ltr'><strong>Τὴν</strong></span> <span class='ocrx_word' id='word_1_555' title='bbox 400 3353 460 3411; x_wconf 82' lang='grc' dir='ltr'>δὶ</span> <span class='ocrx_word' id='word_1_556' title='bbox 503 3354 670 3423; x_wconf 73' lang='grc' dir='ltr'>αὐτὴν</span> <span class='ocrx_word' id='word_1_557' title='bbox 705 3353 1050 3428; x_wconf 77' lang='grc' dir='ltr'>ἀντιμισθίαν</span> <span class='ocrx_word' id='word_1_558' title='bbox 1082 3355 1156 3415; x_wconf 82' lang='grc' dir='ltr'>ὡς</span> <span class='ocrx_word' id='word_1_559' title='bbox 1207 3352 1414 3414; x_wconf 79' lang='grc' dir='ltr'>τέκνοις</span> <span class='ocrx_word' id='word_1_560' title='bbox 1470 3350 1638 3426; x_wconf 84' lang='grc' dir='ltr'>λέγω.</span> <span class='ocrx_word' id='word_1_561' title='bbox 1671 3373 1698 3404; x_wconf 70' lang='grc' dir='ltr'>ι</span> <span class='ocrx_word' id='word_1_562' title='bbox 1739 3352 1872 3409; x_wconf 86' lang='grc' dir='ltr'>Κατ’</span> 
     </span>
    </p>
   </div>
   <div class='ocr_carea' id='block_1_72' title="bbox 192 3439 1870 3520">
    <p class='ocr_par' dir='ltr' id='par_1_72' title="bbox 192 3439 1870 3520">
     <span class='ocr_line' id='line_1_72' title="bbox 192 3439 1870 3520; baseline -0.003 -21"><span class='ocrx_word' id='word_1_563' title='bbox 192 3442 454 3520; x_wconf 71' lang='grc' dir='ltr'>’ἔλλειψιν</span> <span class='ocrx_word' id='word_1_564' title='bbox 503 3442 740 3519; x_wconf 77' lang='grc' dir='ltr'>εἷ’ρηται.</span> <span class='ocrx_word' id='word_1_565' title='bbox 777 3442 959 3498; x_wconf 81' lang='grc' dir='ltr'>Λείπει</span> <span class='ocrx_word' id='word_1_566' title='bbox 997 3443 1099 3518; x_wconf 79' lang='grc' dir='ltr'><strong>γάρ</strong></span> <span class='ocrx_word' id='word_1_567' title='bbox 1156 3443 1215 3511; x_wconf 81' lang='grc' dir='ltr'><strong>ἢ,</strong></span> <span class='ocrx_word' id='word_1_568' title='bbox 1267 3439 1595 3513; x_wconf 80' lang='grc' dir='ltr'>ἐπιδέξασθε,</span> <span class='ocrx_word' id='word_1_569' title='bbox 1645 3440 1705 3510; x_wconf 70' lang='grc' dir='ltr'><strong>ἢ,</strong></span> <span class='ocrx_word' id='word_1_570' title='bbox 1760 3439 1870 3496; x_wconf 83' lang='grc' dir='ltr'>είσ-</span> 
     </span>
    </p>
   </div>
   <div class='ocr_carea' id='block_1_73' title="bbox 196 3526 1868 3611">
    <p class='ocr_par' dir='ltr' id='par_1_73' title="bbox 196 3526 1868 3611">
     <span class='ocr_line' id='line_1_73' title="bbox 196 3526 1868 3611; baseline -0.003 -24"><span class='ocrx_word' id='word_1_571' title='bbox 196 3532 474 3611; x_wconf 80' lang='grc' dir='ltr'>ενέγκατε.</span> <span class='ocrx_word' id='word_1_572' title='bbox 543 3532 771 3586; x_wconf 74' lang='grc' dir='ltr'>Δυναται</span> <span class='ocrx_word' id='word_1_573' title='bbox 856 3529 1194 3608; x_wconf 65' lang='grc' dir='ltr'>ἐκληφθῆναι</span> <span class='ocrx_word' id='word_1_574' title='bbox 1279 3530 1369 3584; x_wconf 82' lang='grc' dir='ltr'>καὶ</span> <span class='ocrx_word' id='word_1_575' title='bbox 1434 3529 1608 3604; x_wconf 83' lang='grc' dir='ltr'>χωρὶς</span> <span class='ocrx_word' id='word_1_576' title='bbox 1683 3526 1868 3583; x_wconf 83' lang='grc' dir='ltr'>ἐλλεί-</span> 
     </span>
    </p>
   </div>
   <div class='ocr_carea' id='block_1_74' title="bbox 199 3617 1870 3696">
    <p class='ocr_par' dir='ltr' id='par_1_74' title="bbox 199 3617 1870 3696">
     <span class='ocr_line' id='line_1_74' title="bbox 199 3617 1870 3696; baseline -0.002 -20"><span class='ocrx_word' id='word_1_577' title='bbox 199 3625 372 3696; x_wconf 83' lang='grc' dir='ltr'>ψεως,</span> <span class='ocrx_word' id='word_1_578' title='bbox 413 3621 519 3676; x_wconf 78' lang='grc' dir='ltr'>’ίνα</span> <span class='ocrx_word' id='word_1_579' title='bbox 549 3619 889 3696; x_wconf 78' lang='grc' dir='ltr'>ᾖπαρέλκον</span> <span class='ocrx_word' id='word_1_580' title='bbox 938 3621 1000 3676; x_wconf 78' lang='grc' dir='ltr'><strong>τὸ</strong></span> <span class='ocrx_word' id='word_1_581' title='bbox 1059 3618 1135 3677; x_wconf 78' lang='grc' dir='ltr'><strong>δέ.</strong></span> <span class='ocrx_word' id='word_1_582' title='bbox 1195 3617 1389 3688; x_wconf 82' lang='grc' dir='ltr'>Πολλή</span> <span class='ocrx_word' id='word_1_583' title='bbox 1449 3617 1504 3673; x_wconf 73' lang='grc' dir='ltr'>δὲ</span> <span class='ocrx_word' id='word_1_584' title='bbox 1559 3617 1672 3672; x_wconf 81' lang='grc' dir='ltr'>ἐστι</span> <span class='ocrx_word' id='word_1_585' title='bbox 1723 3618 1870 3693; x_wconf 87' lang='grc' dir='ltr'><strong>παρά</strong></span> 
     </span>
    </p>
   </div>
   <div class='ocr_carea' id='block_1_75' title="bbox 198 3704 1866 3783">
    <p class='ocr_par' dir='ltr' id='par_1_75' title="bbox 198 3704 1866 3783">
     <span class='ocr_line' id='line_1_75' title="bbox 198 3704 1866 3783; baseline -0.002 -20"><span class='ocrx_word' id='word_1_586' title='bbox 198 3707 280 3782; x_wconf 76' lang='grc' dir='ltr'><strong>τῷ</strong></span> <span class='ocrx_word' id='word_1_587' title='bbox 338 3708 623 3781; x_wconf 78' lang='grc' dir='ltr'>θεσπεσίῳ</span> <span class='ocrx_word' id='word_1_588' title='bbox 682 3707 885 3780; x_wconf 73' lang='grc' dir='ltr'>Παύλῳ</span> <span class='ocrx_word' id='word_1_589' title='bbox 945 3711 978 3777; x_wconf 78' lang='grc' dir='ltr'><strong>ἡ</strong></span> <span class='ocrx_word' id='word_1_590' title='bbox 1032 3707 1292 3783; x_wconf 81' lang='grc' dir='ltr'>παρολκὴ</span> <span class='ocrx_word' id='word_1_591' title='bbox 1369 3712 1478 3762; x_wconf 89' lang='grc' dir='ltr'><strong>τῶν</strong></span> <span class='ocrx_word' id='word_1_592' title='bbox 1533 3704 1866 3781; x_wconf 70' lang='grc' dir='ltr'>συνδέσμων,</span> 
     </span>
    </p>
   </div>
   <div class='ocr_carea' id='block_1_76' title="bbox 201 3792 1867 3875">
    <p class='ocr_par' dir='ltr' id='par_1_76' title="bbox 201 3792 1867 3875">
     <span class='ocr_line' id='line_1_76' title="bbox 201 3792 1867 3875; baseline -0.002 -23"><span class='ocrx_word' id='word_1_593' title='bbox 201 3796 387 3875; x_wconf 84' lang='grc' dir='ltr'>ὥσπερ</span> <span class='ocrx_word' id='word_1_594' title='bbox 420 3800 523 3856; x_wconf 85' lang='grc' dir='ltr'>καὶ</span> <span class='ocrx_word' id='word_1_595' title='bbox 553 3801 588 3867; x_wconf 78' lang='grc' dir='ltr'>ἡ</span> <span class='ocrx_word' id='word_1_596' title='bbox 621 3792 892 3870; x_wconf 78' lang='grc' dir='ltr'>ἔλλειψις.</span> <span class='ocrx_word' id='word_1_597' title='bbox 931 3795 1030 3866; x_wconf 76' lang='grc' dir='ltr'>Ε’ίη</span> <span class='ocrx_word' id='word_1_598' title='bbox 1062 3794 1108 3851; x_wconf 88' lang='grc' dir='ltr'>δ’</span> <span class='ocrx_word' id='word_1_599' title='bbox 1138 3795 1198 3851; x_wconf 74' lang='grc' dir='ltr'>ἄν</span> <span class='ocrx_word' id='word_1_600' title='bbox 1249 3797 1384 3850; x_wconf 86' lang='grc' dir='ltr'>κατὰ</span> <span class='ocrx_word' id='word_1_601' title='bbox 1439 3793 1728 3869; x_wconf 75' lang='grc' dir='ltr'>παρολκήν</span> <span class='ocrx_word' id='word_1_602' title='bbox 1769 3792 1867 3849; x_wconf 90' lang='grc' dir='ltr'><strong>τοῦ</strong></span> 
     </span>
    </p>
   </div>
   <div class='ocr_carea' id='block_1_77' title="bbox 203 3880 1866 3964">
    <p class='ocr_par' dir='ltr' id='par_1_77' title="bbox 203 3880 1866 3964">
     <span class='ocr_line' id='line_1_77' title="bbox 203 3880 1866 3964; baseline -0.002 -23"><span class='ocrx_word' id='word_1_603' title='bbox 203 3886 517 3964; x_wconf 81' lang='grc' dir='ltr'>συνδέσμου</span> <span class='ocrx_word' id='word_1_604' title='bbox 544 3887 608 3942; x_wconf 80' lang='grc' dir='ltr'>τὸ</span> <span class='ocrx_word' id='word_1_605' title='bbox 669 3887 832 3962; x_wconf 84' lang='grc' dir='ltr'>ῥητὸν</span> <span class='ocrx_word' id='word_1_606' title='bbox 885 3880 1387 3959; x_wconf 71' lang='grc' dir='ltr'>ἱκλαμϐανόμενον,</span> <span class='ocrx_word' id='word_1_607' title='bbox 1439 3883 1698 3953; x_wconf 77' lang='grc' dir='ltr'>τοιαύτην</span> <span class='ocrx_word' id='word_1_608' title='bbox 1750 3881 1866 3939; x_wconf 85' lang='grc' dir='ltr'>διά-</span> 
     </span>
    </p>
   </div>
   <div class='ocr_carea' id='block_1_78' title="bbox 203 3972 1866 4052">
    <p class='ocr_par' dir='ltr' id='par_1_78' title="bbox 203 3972 1866 4052">
     <span class='ocr_line' id='line_1_78' title="bbox 203 3972 1866 4052; baseline -0.002 -22"><span class='ocrx_word' id='word_1_609' title='bbox 203 3997 358 4032; x_wconf 84' lang='grc' dir='ltr'>νοιαν</span> <span class='ocrx_word' id='word_1_610' title='bbox 392 3981 700 4052; x_wconf 87' lang='grc' dir='ltr'>παριστῶν.</span> <span class='ocrx_word' id='word_1_611' title='bbox 736 4000 763 4027; x_wconf 90' lang='grc'><strong><em>‹‹</em></strong></span> <span class='ocrx_word' id='word_1_612' title='bbox 797 3977 1231 4050; x_wconf 77' lang='grc' dir='ltr'>Στενοχωρεῖσθε</span> <span class='ocrx_word' id='word_1_613' title='bbox 1263 3974 1315 4029; x_wconf 77' lang='grc' dir='ltr'>ἐν</span> <span class='ocrx_word' id='word_1_614' title='bbox 1355 3980 1472 4036; x_wconf 88' lang='grc' dir='ltr'>τοῖς</span> <span class='ocrx_word' id='word_1_615' title='bbox 1529 3972 1866 4048; x_wconf 85' lang='grc' dir='ltr'>σπλάγχνοις</span> 
     </span>
    </p>
   </div>
   <div class='ocr_carea' id='block_1_79' title="bbox 204 4062 1862 4138">
    <p class='ocr_par' dir='ltr' id='par_1_79' title="bbox 204 4062 1862 4138">
     <span class='ocr_line' id='line_1_79' title="bbox 204 4062 1862 4138; baseline 0 -20"><span class='ocrx_word' id='word_1_616' title='bbox 204 4064 384 4138; x_wconf 83' lang='grc' dir='ltr'>ὑμῶν.</span> <span class='ocrx_word' id='word_1_617' title='bbox 424 4091 453 4118; x_wconf 71' lang='lat' dir='ltr'><strong>n</strong></span> <span class='ocrx_word' id='word_1_618' title='bbox 491 4065 591 4120; x_wconf 84' lang='grc' dir='ltr'><strong>Καὶ</strong></span> <span class='ocrx_word' id='word_1_619' title='bbox 622 4065 746 4120; x_wconf 79' lang='grc' dir='ltr'>τότε</span> <span class='ocrx_word' id='word_1_620' title='bbox 763 4064 838 4126; x_wconf 84' lang='grc' dir='ltr'>εἷς</span> <span class='ocrx_word' id='word_1_621' title='bbox 868 4063 961 4132; x_wconf 88' lang='grc' dir='ltr'>τί;</span> <span class='ocrx_word' id='word_1_622' title='bbox 1004 4065 1081 4126; x_wconf 77' lang='grc' dir='ltr'>εἷς</span> <span class='ocrx_word' id='word_1_623' title='bbox 1131 4066 1230 4132; x_wconf 71' lang='grc' dir='ltr'>τῆν</span> <span class='ocrx_word' id='word_1_624' title='bbox 1279 4063 1448 4132; x_wconf 76' lang='grc' dir='ltr'>αὐτὴν</span> <span class='ocrx_word' id='word_1_625' title='bbox 1497 4062 1862 4136; x_wconf 81' lang='grc' dir='ltr'>ἀντιμισθίαν.</span> 
     </span>
    </p>
   </div>
   <div class='ocr_carea' id='block_1_80' title="bbox 202 4153 1866 4226">
    <p class='ocr_par' dir='ltr' id='par_1_80' title="bbox 202 4153 1866 4226">
     <span class='ocr_line' id='line_1_80' title="bbox 202 4153 1866 4226; baseline -0.003 -16"><span class='ocrx_word' id='word_1_626' title='bbox 202 4153 436 4210; x_wconf 60' lang='grc' dir='ltr'>’Λδικον</span> <span class='ocrx_word' id='word_1_627' title='bbox 465 4153 526 4209; x_wconf 75' lang='grc' dir='ltr'>δὲ</span> <span class='ocrx_word' id='word_1_628' title='bbox 558 4155 621 4210; x_wconf 88' lang='grc' dir='ltr'>τὸ</span> <span class='ocrx_word' id='word_1_629' title='bbox 650 4153 726 4215; x_wconf 87' lang='grc' dir='ltr'><strong>είς</strong></span> <span class='ocrx_word' id='word_1_630' title='bbox 753 4155 852 4224; x_wconf 75' lang='grc' dir='ltr'>τὴν</span> <span class='ocrx_word' id='word_1_631' title='bbox 905 4153 1073 4222; x_wconf 70' lang='grc' dir='ltr'>αὐτὴν</span> <span class='ocrx_word' id='word_1_632' title='bbox 1121 4153 1458 4225; x_wconf 82' lang='grc' dir='ltr'>ἀντιμισθίαν</span> <span class='ocrx_word' id='word_1_633' title='bbox 1506 4156 1866 4226; x_wconf 81' lang='grc' dir='ltr'>στενοχωρεῖ-</span> 
     </span>
    </p>
   </div>
   <div class='ocr_carea' id='block_1_81' title="bbox 207 4239 1863 4316">
    <p class='ocr_par' dir='ltr' id='par_1_81' title="bbox 207 4239 1863 4316">
     <span class='ocr_line' id='line_1_81' title="bbox 207 4239 1863 4316; baseline -0.001 -20"><span class='ocrx_word' id='word_1_634' title='bbox 207 4245 352 4312; x_wconf 81' lang='grc' dir='ltr'>σθαι,</span> <span class='ocrx_word' id='word_1_635' title='bbox 386 4241 478 4300; x_wconf 83' lang='grc' dir='ltr'><strong>διὸ</strong></span> <span class='ocrx_word' id='word_1_636' title='bbox 511 4244 586 4304; x_wconf 85' lang='grc' dir='ltr'>ὡς</span> <span class='ocrx_word' id='word_1_637' title='bbox 615 4243 826 4305; x_wconf 87' lang='grc' dir='ltr'>τέκνοις</span> <span class='ocrx_word' id='word_1_638' title='bbox 856 4243 1020 4316; x_wconf 82' lang='grc' dir='ltr'>λέγω.</span> <span class='ocrx_word' id='word_1_639' title='bbox 1073 4243 1191 4298; x_wconf 81' lang='grc' dir='ltr'>Ἔτι</span> <span class='ocrx_word' id='word_1_640' title='bbox 1243 4243 1347 4315; x_wconf 82' lang='grc' dir='ltr'><strong>γὰρ</strong></span> <span class='ocrx_word' id='word_1_641' title='bbox 1399 4243 1472 4302; x_wconf 84' lang='grc' dir='ltr'><strong>ὡς</strong></span> <span class='ocrx_word' id='word_1_642' title='bbox 1517 4239 1717 4295; x_wconf 86' lang='grc' dir='ltr'>τέκνων</span> <span class='ocrx_word' id='word_1_643' title='bbox 1763 4241 1863 4308; x_wconf 79' lang='grc' dir='ltr'>τῆν</span> 
     </span>
    </p>
   </div>
   <div class='ocr_carea' id='block_1_82' title="bbox 211 4330 1864 4408">
    <p class='ocr_par' dir='ltr' id='par_1_82' title="bbox 211 4330 1864 4408">
     <span class='ocr_line' id='line_1_82' title="bbox 211 4330 1864 4408; baseline -0.002 -23"><span class='ocrx_word' id='word_1_644' title='bbox 211 4331 432 4408; x_wconf 79' lang='grc' dir='ltr'>ἀγάπην</span> <span class='ocrx_word' id='word_1_645' title='bbox 468 4332 736 4401; x_wconf 74' lang='grc' dir='ltr'>ἐπιζητῶ.</span> <span class='ocrx_word' id='word_1_646' title='bbox 769 4331 1118 4400; x_wconf 75' lang='grc' dir='ltr'>Πλατύνθητε</span> <span class='ocrx_word' id='word_1_647' title='bbox 1153 4330 1244 4385; x_wconf 82' lang='grc' dir='ltr'>καὶ</span> <span class='ocrx_word' id='word_1_648' title='bbox 1281 4331 1436 4403; x_wconf 83' lang='grc' dir='ltr'>ὑμεῖς</span> <span class='ocrx_word' id='word_1_649' title='bbox 1467 4330 1541 4390; x_wconf 81' lang='grc' dir='ltr'><strong>είς</strong></span> <span class='ocrx_word' id='word_1_650' title='bbox 1566 4333 1664 4396; x_wconf 76' lang='grc' dir='ltr'><strong>τήν</strong></span> <span class='ocrx_word' id='word_1_651' title='bbox 1693 4330 1864 4399; x_wconf 73' lang='grc' dir='ltr'>αὐτὴν</span> 
     </span>
    </p>
   </div>
   <div class='ocr_carea' id='block_1_83' title="bbox 207 4419 1860 4496">
    <p class='ocr_par' dir='ltr' id='par_1_83' title="bbox 207 4419 1860 4496">
     <span class='ocr_line' id='line_1_83' title="bbox 207 4419 1860 4496; baseline -0.001 -21"><span class='ocrx_word' id='word_1_652' title='bbox 207 4421 582 4493; x_wconf 81' lang='grc' dir='ltr'>ἀντιμισθίαν,</span> <span class='ocrx_word' id='word_1_653' title='bbox 614 4421 702 4475; x_wconf 84' lang='grc' dir='ltr'><strong>καὶ</strong></span> <span class='ocrx_word' id='word_1_654' title='bbox 735 4419 1045 4496; x_wconf 76' lang='grc' dir='ltr'>ἀγαπήσατε</span> <span class='ocrx_word' id='word_1_655' title='bbox 1075 4422 1240 4494; x_wconf 83' lang='grc' dir='ltr'>ἡμᾶς,</span> <span class='ocrx_word' id='word_1_656' title='bbox 1274 4419 1347 4482; x_wconf 83' lang='grc' dir='ltr'><strong>ὡς</strong></span> <span class='ocrx_word' id='word_1_657' title='bbox 1379 4420 1469 4474; x_wconf 87' lang='grc' dir='ltr'><strong>καὶ</strong></span> <span class='ocrx_word' id='word_1_658' title='bbox 1498 4422 1664 4494; x_wconf 73' lang='grc' dir='ltr'>ἡμεῖς</span> <span class='ocrx_word' id='word_1_659' title='bbox 1699 4421 1860 4494; x_wconf 78' lang='grc' dir='ltr'>ὑμᾶς.</span> 
     </span>
    </p>
   </div>
   <div class='ocr_carea' id='block_1_84' title="bbox 209 4505 1862 4586">
    <p class='ocr_par' dir='ltr' id='par_1_84' title="bbox 209 4505 1862 4586">
     <span class='ocr_line' id='line_1_84' title="bbox 209 4505 1862 4586; baseline -0.001 -22"><span class='ocrx_word' id='word_1_660' title='bbox 209 4531 236 4560; x_wconf 84' lang='grc'>‹‹</span> <span class='ocrx_word' id='word_1_661' title='bbox 267 4511 357 4574; x_wconf 77' lang='grc' dir='ltr'>Ὠς</span> <span class='ocrx_word' id='word_1_662' title='bbox 382 4509 595 4572; x_wconf 82' lang='grc' dir='ltr'>τέκνοις</span> <span class='ocrx_word' id='word_1_663' title='bbox 624 4507 785 4584; x_wconf 85' lang='grc' dir='ltr'>λέγω.</span> <span class='ocrx_word' id='word_1_664' title='bbox 823 4533 844 4559; x_wconf 80' lang='grc' dir='ltr'><strong>ι</strong></span> <span class='ocrx_word' id='word_1_665' title='bbox 885 4509 1017 4566; x_wconf 75' lang='grc' dir='ltr'><strong>Εἶτα</strong></span> <span class='ocrx_word' id='word_1_666' title='bbox 1067 4505 1300 4564; x_wconf 86' lang='grc' dir='ltr'>δείκνυσι</span> <span class='ocrx_word' id='word_1_667' title='bbox 1359 4509 1449 4563; x_wconf 83' lang='grc' dir='ltr'>καὶ</span> <span class='ocrx_word' id='word_1_668' title='bbox 1499 4506 1862 4586; x_wconf 68' lang='grc' dir='ltr'>ὀφειλομένην</span> 
     </span>
    </p>
   </div>
   <div class='ocr_carea' id='block_1_85' title="bbox 1975 3798 3626 3870">
    <p class='ocr_par' dir='ltr' id='par_1_85' title="bbox 1975 3798 3626 3870">
     <span class='ocr_line' id='line_1_85' title="bbox 1975 3798 3626 3870; baseline 0.001 -18"><span class='ocrx_word' id='word_1_669' title='bbox 1975 3798 2099 3852; x_wconf 91' lang='lat' dir='ltr'><strong>lum</strong></span> <span class='ocrx_word' id='word_1_670' title='bbox 2135 3815 2603 3870; x_wconf 88' lang='lat' dir='ltr'><strong>supervacaneus</strong></span> <span class='ocrx_word' id='word_1_671' title='bbox 2624 3799 3112 3869; x_wconf 89' lang='lat' dir='ltr'><strong>conjunctionum</strong></span> <span class='ocrx_word' id='word_1_672' title='bbox 3135 3815 3276 3853; x_wconf 90' lang='lat' dir='ltr'><strong>usus</strong></span> <span class='ocrx_word' id='word_1_673' title='bbox 3300 3816 3312 3852; x_wconf 90' lang='lat'>:</span> <span class='ocrx_word' id='word_1_674' title='bbox 3335 3799 3626 3869; x_wconf 87' lang='lat' dir='ltr'><strong>quemad-</strong></span> 
     </span>
    </p>
   </div>
   <div class='ocr_carea' id='block_1_86' title="bbox 1978 3887 3618 3960">
    <p class='ocr_par' dir='ltr' id='par_1_86' title="bbox 1978 3887 3618 3960">
     <span class='ocr_line' id='line_1_86' title="bbox 1978 3887 3618 3960; baseline 0.001 -20"><span class='ocrx_word' id='word_1_675' title='bbox 1978 3887 2216 3942; x_wconf 91' lang='lat' dir='ltr'><strong>modum</strong></span> <span class='ocrx_word' id='word_1_676' title='bbox 2251 3889 2428 3942; x_wconf 90' lang='lat' dir='ltr'><strong>etiam</strong></span> <span class='ocrx_word' id='word_1_677' title='bbox 2479 3887 2763 3941; x_wconf 83' lang='lat' dir='ltr'><strong>defectus.</strong></span> <span class='ocrx_word' id='word_1_678' title='bbox 2825 3887 2987 3952; x_wconf 90' lang='lat' dir='ltr'><strong>Quod</strong></span> <span class='ocrx_word' id='word_1_679' title='bbox 3049 3904 3182 3960; x_wconf 91' lang='lat' dir='ltr'><strong>ergo</strong></span> <span class='ocrx_word' id='word_1_680' title='bbox 3235 3888 3458 3943; x_wconf 89' lang='lat' dir='ltr'><strong>dictum</strong></span> <span class='ocrx_word' id='word_1_681' title='bbox 3511 3894 3618 3954; x_wconf 89' lang='lat' dir='ltr'><strong>est,</strong></span> 
     </span>
    </p>
   </div>
   <div class='ocr_carea' id='block_1_87' title="bbox 1975 3977 3615 4049">
    <p class='ocr_par' dir='ltr' id='par_1_87' title="bbox 1975 3977 3615 4049">
     <span class='ocr_line' id='line_1_87' title="bbox 1975 3977 3615 4049; baseline 0.001 -19"><span class='ocrx_word' id='word_1_682' title='bbox 1975 3981 2169 4049; x_wconf 89' lang='lat' dir='ltr'><strong>potest</strong></span> <span class='ocrx_word' id='word_1_683' title='bbox 2201 3993 2306 4046; x_wconf 90' lang='lat' dir='ltr'><strong>per</strong></span> <span class='ocrx_word' id='word_1_684' title='bbox 2335 3977 2761 4031; x_wconf 88' lang='lat' dir='ltr'><strong>abundantiam</strong></span> <span class='ocrx_word' id='word_1_685' title='bbox 2795 3977 3232 4045; x_wconf 82' lang='lat' dir='ltr'><strong>conjunctionis</strong></span> <span class='ocrx_word' id='word_1_686' title='bbox 3272 3978 3615 4048; x_wconf 83' lang='lat' dir='ltr'><strong>hujusmodi</strong></span> 
     </span>
    </p>
   </div>
   <div class='ocr_carea' id='block_1_88' title="bbox 1974 4064 3612 4137">
    <p class='ocr_par' dir='ltr' id='par_1_88' title="bbox 1974 4064 3612 4137">
     <span class='ocr_line' id='line_1_88' title="bbox 1974 4064 3612 4137; baseline 0.001 -17"><span class='ocrx_word' id='word_1_687' title='bbox 1974 4065 2331 4120; x_wconf 87' lang='lat' dir='ltr'><strong>sententiam</strong></span> <span class='ocrx_word' id='word_1_688' title='bbox 2364 4064 2644 4119; x_wconf 84' lang='lat' dir='ltr'><strong>exhibere</strong></span> <span class='ocrx_word' id='word_1_689' title='bbox 2675 4081 2686 4117; x_wconf 93' lang='lat'><strong>:</strong></span> <span class='ocrx_word' id='word_1_690' title='bbox 2718 4088 2736 4111; x_wconf 82' lang='lat'><strong>-</strong></span> <span class='ocrx_word' id='word_1_691' title='bbox 2771 4066 3013 4137; x_wconf 83' lang='lat' dir='ltr'><strong>Augusti</strong></span> <span class='ocrx_word' id='word_1_692' title='bbox 3046 4066 3186 4120; x_wconf 90' lang='lat' dir='ltr'><strong>estis</strong></span> <span class='ocrx_word' id='word_1_693' title='bbox 3208 4066 3268 4120; x_wconf 90' lang='lat' dir='ltr'><strong>in</strong></span> <span class='ocrx_word' id='word_1_694' title='bbox 3291 4067 3612 4122; x_wconf 89' lang='lat' dir='ltr'><strong>visceribus</strong></span> 
     </span>
    </p>
   </div>
   <div class='ocr_carea' id='block_1_89' title="bbox 1972 4153 3614 4225">
    <p class='ocr_par' dir='ltr' id='par_1_89' title="bbox 1972 4153 3614 4225">
     <span class='ocr_line' id='line_1_89' title="bbox 1972 4153 3614 4225; baseline 0.003 -18"><span class='ocrx_word' id='word_1_695' title='bbox 1972 4154 2203 4218; x_wconf 90' lang='lat' dir='ltr'><strong>vestris,</strong></span> <span class='ocrx_word' id='word_1_696' title='bbox 2237 4176 2257 4200; x_wconf 73' lang='grc' dir='ltr'>ιο</span> <span class='ocrx_word' id='word_1_697' title='bbox 2297 4159 2356 4208; x_wconf 88' lang='lat' dir='ltr'><strong>et</strong></span> <span class='ocrx_word' id='word_1_698' title='bbox 2387 4154 2497 4208; x_wconf 90' lang='lat' dir='ltr'><strong>hoc</strong></span> <span class='ocrx_word' id='word_1_699' title='bbox 2537 4153 2608 4208; x_wconf 90' lang='lat' dir='ltr'><strong>ad</strong></span> <span class='ocrx_word' id='word_1_700' title='bbox 2642 4154 2830 4225; x_wconf 84' lang='lat' dir='ltr'><strong>quid?</strong></span> <span class='ocrx_word' id='word_1_701' title='bbox 2859 4155 2928 4208; x_wconf 89' lang='lat' dir='ltr'><strong>ad</strong></span> <span class='ocrx_word' id='word_1_702' title='bbox 2963 4155 3148 4225; x_wconf 86' lang='lat' dir='ltr'><strong>ipsam</strong></span> <span class='ocrx_word' id='word_1_703' title='bbox 3181 4157 3614 4212; x_wconf 86' lang='lat' dir='ltr'><strong>remuneratio-</strong></span> 
     </span>
    </p>
   </div>
   <div class='ocr_carea' id='block_1_90' title="bbox 1973 4247 3616 4318">
    <p class='ocr_par' dir='ltr' id='par_1_90' title="bbox 1973 4247 3616 4318">
     <span class='ocr_line' id='line_1_90' title="bbox 1973 4247 3616 4318; baseline 0.002 -18"><span class='ocrx_word' id='word_1_704' title='bbox 1973 4263 2134 4301; x_wconf 89' lang='lat' dir='ltr'><strong>nem.</strong></span> <span class='ocrx_word' id='word_1_705' title='bbox 2165 4248 2443 4318; x_wconf 83' lang='lat' dir='ltr'><strong>lniquum</strong></span> <span class='ocrx_word' id='word_1_706' title='bbox 2477 4253 2565 4300; x_wconf 80' lang='lat' dir='ltr'><strong>est</strong></span> <span class='ocrx_word' id='word_1_707' title='bbox 2596 4253 2790 4301; x_wconf 81' lang='lat' dir='ltr'><strong>autem</strong></span> <span class='ocrx_word' id='word_1_708' title='bbox 2824 4247 2895 4302; x_wconf 87' lang='lat' dir='ltr'><strong>ad</strong></span> <span class='ocrx_word' id='word_1_709' title='bbox 2931 4251 3472 4304; x_wconf 84' lang='lat' dir='ltr'><strong>remunerationem</strong></span> <span class='ocrx_word' id='word_1_710' title='bbox 3506 4267 3616 4304; x_wconf 87' lang='lat' dir='ltr'><strong>an-</strong></span> 
     </span>
    </p>
   </div>
   <div class='ocr_carea' id='block_1_91' title="bbox 1972 4337 3616 4410">
    <p class='ocr_par' dir='ltr' id='par_1_91' title="bbox 1972 4337 3616 4410">
     <span class='ocr_line' id='line_1_91' title="bbox 1972 4337 3616 4410; baseline 0.002 -20"><span class='ocrx_word' id='word_1_711' title='bbox 1972 4342 2208 4408; x_wconf 91' lang='lat' dir='ltr'><strong>gustum</strong></span> <span class='ocrx_word' id='word_1_712' title='bbox 2241 4353 2389 4392; x_wconf 87' lang='lat' dir='ltr'><strong>esse.</strong></span> <span class='ocrx_word' id='word_1_713' title='bbox 2423 4337 2558 4391; x_wconf 90' lang='lat' dir='ltr'><strong>Ideo</strong></span> <span class='ocrx_word' id='word_1_714' title='bbox 2594 4343 2872 4408; x_wconf 89' lang='lat' dir='ltr'><strong>tanquam</strong></span> <span class='ocrx_word' id='word_1_715' title='bbox 2908 4337 3046 4391; x_wconf 80' lang='lat' dir='ltr'><strong>filiis</strong></span> <span class='ocrx_word' id='word_1_716' title='bbox 3077 4337 3206 4392; x_wconf 91' lang='lat' dir='ltr'><strong>dico</strong></span> <span class='ocrx_word' id='word_1_717' title='bbox 3238 4355 3250 4404; x_wconf 88' lang='lat'><strong>;</strong></span> <span class='ocrx_word' id='word_1_718' title='bbox 3290 4339 3616 4410; x_wconf 89' lang='lat' dir='ltr'><strong>quinetiam</strong></span> 
     </span>
    </p>
   </div>
   <div class='ocr_carea' id='block_1_92' title="bbox 1975 4426 3618 4496">
    <p class='ocr_par' dir='ltr' id='par_1_92' title="bbox 1975 4426 3618 4496">
     <span class='ocr_line' id='line_1_92' title="bbox 1975 4426 3618 4496; baseline 0.001 -15"><span class='ocrx_word' id='word_1_719' title='bbox 1975 4426 2234 4481; x_wconf 84' lang='lat' dir='ltr'><strong>ﬁliorum</strong></span> <span class='ocrx_word' id='word_1_720' title='bbox 2267 4442 2529 4480; x_wconf 89' lang='lat' dir='ltr'><strong>amorem</strong></span> <span class='ocrx_word' id='word_1_721' title='bbox 2591 4426 2848 4496; x_wconf 87' lang='lat' dir='ltr'><strong>requiro.</strong></span> <span class='ocrx_word' id='word_1_722' title='bbox 2909 4426 3246 4480; x_wconf 89' lang='lat' dir='ltr'><strong>Dilatemini</strong></span> <span class='ocrx_word' id='word_1_723' title='bbox 3297 4431 3354 4480; x_wconf 91' lang='lat' dir='ltr'><strong>et</strong></span> <span class='ocrx_word' id='word_1_724' title='bbox 3399 4444 3498 4482; x_wconf 89' lang='lat' dir='ltr'><strong>vos</strong></span> <span class='ocrx_word' id='word_1_725' title='bbox 3543 4427 3618 4482; x_wconf 86' lang='lat' dir='ltr'><strong>ad</strong></span> 
     </span>
    </p>
   </div>
   <div class='ocr_carea' id='block_1_93' title="bbox 1975 4515 3621 4580">
    <p class='ocr_par' dir='ltr' id='par_1_93' title="bbox 1975 4515 3621 4580">
     <span class='ocr_line' id='line_1_93' title="bbox 1975 4515 3621 4580; baseline -0.001 -9"><span class='ocrx_word' id='word_1_726' title='bbox 1975 4515 2244 4571; x_wconf 82' lang='lat' dir='ltr'><strong>eamdem</strong></span> <span class='ocrx_word' id='word_1_727' title='bbox 2273 4515 2834 4580; x_wconf 87' lang='lat' dir='ltr'><strong>remunerationem,</strong></span> <span class='ocrx_word' id='word_1_728' title='bbox 2874 4521 2932 4570; x_wconf 89' lang='lat' dir='ltr'><strong>et</strong></span> <span class='ocrx_word' id='word_1_729' title='bbox 2960 4522 3151 4570; x_wconf 87' lang='lat' dir='ltr'><strong>amate</strong></span> <span class='ocrx_word' id='word_1_730' title='bbox 3202 4533 3308 4570; x_wconf 90' lang='lat' dir='ltr'><strong>nos</strong></span> <span class='ocrx_word' id='word_1_731' title='bbox 3360 4516 3513 4570; x_wconf 91' lang='lat' dir='ltr'><strong>sicut</strong></span> <span class='ocrx_word' id='word_1_732' title='bbox 3561 4522 3621 4571; x_wconf 90' lang='lat' dir='ltr'><strong>et</strong></span> 
     </span>
    </p>
   </div>
   <div class='ocr_carea' id='block_1_94' title="bbox 207 4601 1866 4688">
    <p class='ocr_par' dir='ltr' id='par_1_94' title="bbox 207 4601 1859 4682">
     <span class='ocr_line' id='line_1_94' title="bbox 207 4601 1859 4682; baseline -0.001 -24"><span class='ocrx_word' id='word_1_733' title='bbox 207 4604 306 4672; x_wconf 77' lang='grc' dir='ltr'>τὴν</span> <span class='ocrx_word' id='word_1_734' title='bbox 365 4603 608 4682; x_wconf 82' lang='grc' dir='ltr'>ἀγάπην·</span> <span class='ocrx_word' id='word_1_735' title='bbox 664 4602 872 4680; x_wconf 75' lang='grc' dir='ltr'>ὀφείλει</span> <span class='ocrx_word' id='word_1_736' title='bbox 938 4603 1043 4677; x_wconf 77' lang='grc' dir='ltr'><strong>γάρ</strong></span> <span class='ocrx_word' id='word_1_737' title='bbox 1099 4603 1166 4656; x_wconf 79' lang='grc' dir='ltr'><strong>τὰ</strong></span> <span class='ocrx_word' id='word_1_738' title='bbox 1224 4601 1382 4657; x_wconf 85' lang='grc' dir='ltr'>τέκνα</span> <span class='ocrx_word' id='word_1_739' title='bbox 1441 4608 1558 4663; x_wconf 89' lang='grc' dir='ltr'>τοῖς</span> <span class='ocrx_word' id='word_1_740' title='bbox 1607 4603 1859 4675; x_wconf 84' lang='grc' dir='ltr'>πατράσι.</span> 
     </span>
    </p>
   </div>
   <div class='ocr_carea' id='block_1_95' title="bbox 1981 4601 3616 4688">
    <p class='ocr_par' dir='ltr' id='par_1_95' title="bbox 1981 4604 3616 4662">
     <span class='ocr_line' id='line_1_95' title="bbox 1981 4604 3616 4662; baseline 0.002 -3"><span class='ocrx_word' id='word_1_741' title='bbox 1981 4621 2080 4659; x_wconf 89' lang='lat' dir='ltr'><strong>nos</strong></span> <span class='ocrx_word' id='word_1_742' title='bbox 2107 4621 2378 4659; x_wconf 89' lang='lat' dir='ltr'><strong>amamus</strong></span> <span class='ocrx_word' id='word_1_743' title='bbox 2408 4622 2526 4660; x_wconf 89' lang='lat' dir='ltr'><strong>vos.</strong></span> <span class='ocrx_word' id='word_1_744' title='bbox 2567 4627 2591 4654; x_wconf 85' lang='lat'><strong>«</strong></span> <span class='ocrx_word' id='word_1_745' title='bbox 2626 4607 2695 4660; x_wconf 88' lang='lat' dir='ltr'><strong>Ut</strong></span> <span class='ocrx_word' id='word_1_746' title='bbox 2726 4605 2862 4660; x_wconf 74' lang='lat' dir='ltr'><strong>filiis</strong></span> <span class='ocrx_word' id='word_1_747' title='bbox 2890 4604 3040 4660; x_wconf 89' lang='lat' dir='ltr'><strong>dico.</strong></span> <span class='ocrx_word' id='word_1_748' title='bbox 3071 4628 3095 4655; x_wconf 76' lang='lat' dir='ltr'><strong>r.</strong></span> <span class='ocrx_word' id='word_1_749' title='bbox 3134 4606 3352 4661; x_wconf 90' lang='lat' dir='ltr'><strong>Deinde</strong></span> <span class='ocrx_word' id='word_1_750' title='bbox 3413 4613 3616 4662; x_wconf 88' lang='lat' dir='ltr'><strong>osten-</strong></span> 
     </span>
    </p>
   </div>
   <div class='ocr_carea' id='block_1_96' title="bbox 211 4689 1865 4768">
    <p class='ocr_par' dir='ltr' id='par_1_96' title="bbox 211 4689 1865 4768">
     <span class='ocr_line' id='line_1_96' title="bbox 211 4689 1865 4768; baseline 0.002 -27"><span class='ocrx_word' id='word_1_751' title='bbox 211 4713 239 4741; x_wconf 83' lang='grc' dir='ltr'>α</span> <span class='ocrx_word' id='word_1_752' title='bbox 270 4693 366 4761; x_wconf 73' lang='grc' dir='ltr'><strong>Μὴ</strong></span> <span class='ocrx_word' id='word_1_753' title='bbox 397 4692 613 4768; x_wconf 83' lang='grc' dir='ltr'>γίνεσθε</span> <span class='ocrx_word' id='word_1_754' title='bbox 643 4691 1108 4765; x_wconf 72' lang='grc' dir='ltr'>ἑτεροζυγοῦντες.</span> <span class='ocrx_word' id='word_1_755' title='bbox 1146 4711 1170 4743; x_wconf 74' lang='grc' dir='ltr'><strong><em>ι</em></strong></span> <span class='ocrx_word' id='word_1_756' title='bbox 1206 4690 1339 4747; x_wconf 76' lang='grc' dir='ltr'>Εἶτα</span> <span class='ocrx_word' id='word_1_757' title='bbox 1363 4689 1454 4744; x_wconf 69' lang='grc' dir='ltr'>’ίνα</span> <span class='ocrx_word' id='word_1_758' title='bbox 1487 4691 1562 4762; x_wconf 79' lang='grc' dir='ltr'>μή</span> <span class='ocrx_word' id='word_1_759' title='bbox 1594 4689 1865 4762; x_wconf 89' lang='grc' dir='ltr'>νομίσωσι</span> 
     </span>
    </p>
   </div>
   <div class='ocr_carea' id='block_1_97' title="bbox 208 4777 1866 4856">
    <p class='ocr_par' dir='ltr' id='par_1_97' title="bbox 208 4777 1866 4856">
     <span class='ocr_line' id='line_1_97' title="bbox 208 4777 1866 4856; baseline 0.001 -24"><span class='ocrx_word' id='word_1_760' title='bbox 208 4779 396 4837; x_wconf 63' lang='grc' dir='ltr'>ἑαυτὸν</span> <span class='ocrx_word' id='word_1_761' title='bbox 429 4780 658 4856; x_wconf 70' lang='grc' dir='ltr'>χρῄζειν</span> <span class='ocrx_word' id='word_1_762' title='bbox 685 4783 784 4844; x_wconf 79' lang='grc' dir='ltr'>τῆς</span> <span class='ocrx_word' id='word_1_763' title='bbox 825 4781 1042 4854; x_wconf 85' lang='grc' dir='ltr'>ἀγάπης</span> <span class='ocrx_word' id='word_1_764' title='bbox 1071 4781 1273 4849; x_wconf 76' lang='grc' dir='ltr'>αὐτῶν,</span> <span class='ocrx_word' id='word_1_765' title='bbox 1309 4777 1543 4834; x_wconf 86' lang='grc' dir='ltr'>δείκνυσι</span> <span class='ocrx_word' id='word_1_766' title='bbox 1576 4777 1668 4834; x_wconf 75' lang='grc' dir='ltr'><strong>διά</strong></span> <span class='ocrx_word' id='word_1_767' title='bbox 1697 4780 1760 4834; x_wconf 89' lang='grc' dir='ltr'><strong>τὸ</strong></span> <span class='ocrx_word' id='word_1_768' title='bbox 1795 4779 1866 4834; x_wconf 86' lang='grc' dir='ltr'><strong>δι’</strong></span> 
     </span>
    </p>
   </div>
   <div class='ocr_carea' id='block_1_98' title="bbox 216 4867 1860 4946">
    <p class='ocr_par' dir='ltr' id='par_1_98' title="bbox 216 4867 1860 4946">
     <span class='ocr_line' id='line_1_98' title="bbox 216 4867 1860 4946; baseline 0 -25"><span class='ocrx_word' id='word_1_769' title='bbox 216 4867 390 4925; x_wconf 78' lang='grc' dir='ltr'>αὐτῶν</span> <span class='ocrx_word' id='word_1_770' title='bbox 450 4870 725 4946; x_wconf 71' lang='grc' dir='ltr'>συμφέρον</span> <span class='ocrx_word' id='word_1_771' title='bbox 781 4869 1056 4940; x_wconf 76' lang='grc' dir='ltr'>ὲπιζητεῖν</span> <span class='ocrx_word' id='word_1_772' title='bbox 1112 4869 1437 4943; x_wconf 81' lang='grc' dir='ltr'>ἀγαπᾶσθαι.</span> <span class='ocrx_word' id='word_1_773' title='bbox 1522 4869 1667 4938; x_wconf 80' lang='grc' dir='ltr'>Φησὶ</span> <span class='ocrx_word' id='word_1_774' title='bbox 1737 4868 1860 4945; x_wconf 66' lang='grc' dir='ltr'>γᾶρι</span> 
     </span>
    </p>
   </div>
   <div class='ocr_carea' id='block_1_99' title="bbox 206 4957 1860 5033">
    <p class='ocr_par' dir='ltr' id='par_1_99' title="bbox 206 4957 1860 5033">
     <span class='ocr_line' id='line_1_99' title="bbox 206 4957 1860 5033; baseline 0.001 -22"><span class='ocrx_word' id='word_1_775' title='bbox 206 4960 380 5014; x_wconf 88' lang='grc' dir='ltr'>Τοῦτό</span> <span class='ocrx_word' id='word_1_776' title='bbox 412 4960 522 5015; x_wconf 80' lang='grc' dir='ltr'>ἐστι</span> <span class='ocrx_word' id='word_1_777' title='bbox 554 4959 616 5014; x_wconf 86' lang='grc' dir='ltr'>τὸ</span> <span class='ocrx_word' id='word_1_778' title='bbox 649 4960 858 5033; x_wconf 79' lang='grc' dir='ltr'>ἀγαπᾷν</span> <span class='ocrx_word' id='word_1_779' title='bbox 897 4980 982 5031; x_wconf 82' lang='grc' dir='ltr'>με,</span> <span class='ocrx_word' id='word_1_780' title='bbox 1015 4959 1078 5014; x_wconf 79' lang='grc' dir='ltr'>τὸ</span> <span class='ocrx_word' id='word_1_781' title='bbox 1111 4961 1187 5032; x_wconf 86' lang='grc' dir='ltr'>μή</span> <span class='ocrx_word' id='word_1_782' title='bbox 1222 4957 1525 5014; x_wconf 65' lang='grc' dir='ltr'>ἐπικλίνειν</span> <span class='ocrx_word' id='word_1_783' title='bbox 1557 4959 1694 5032; x_wconf 83' lang='grc' dir='ltr'>πρὸς</span> <span class='ocrx_word' id='word_1_784' title='bbox 1730 4960 1860 5019; x_wconf 80' lang='grc' dir='ltr'>τοὺς</span> 
     </span>
    </p>
   </div>
   <div class='ocr_carea' id='block_1_100' title="bbox 210 5044 1861 5123">
    <p class='ocr_par' dir='ltr' id='par_1_100' title="bbox 210 5044 1861 5123">
     <span class='ocr_line' id='line_1_100' title="bbox 210 5044 1861 5123; baseline 0.001 -24"><span class='ocrx_word' id='word_1_785' title='bbox 210 5044 485 5110; x_wconf 77' lang='grc' dir='ltr'>ἀπίστους.</span> <span class='ocrx_word' id='word_1_786' title='bbox 535 5047 626 5102; x_wconf 84' lang='grc' dir='ltr'>καὶ</span> <span class='ocrx_word' id='word_1_787' title='bbox 676 5048 1167 5123; x_wconf 84' lang='grc' dir='ltr'>συναναμίγνυσθαι</span> <span class='ocrx_word' id='word_1_788' title='bbox 1219 5047 1425 5117; x_wconf 79' lang='grc' dir='ltr'>αὐτοῖς,</span> <span class='ocrx_word' id='word_1_789' title='bbox 1475 5048 1562 5102; x_wconf 82' lang='grc' dir='ltr'><strong>καὶ</strong></span> <span class='ocrx_word' id='word_1_790' title='bbox 1623 5045 1861 5122; x_wconf 76' lang='grc' dir='ltr'>διαφθείο</span> 
     </span>
    </p>
   </div>
   <div class='ocr_carea' id='block_1_101' title="bbox 211 5134 1860 5212">
    <p class='ocr_par' dir='ltr' id='par_1_101' title="bbox 211 5134 1860 5212">
     <span class='ocr_line' id='line_1_101' title="bbox 211 5134 1860 5212; baseline 0.001 -23"><span class='ocrx_word' id='word_1_791' title='bbox 211 5148 392 5205; x_wconf 84' lang='grc' dir='ltr'>ρεσθαι</span> <span class='ocrx_word' id='word_1_792' title='bbox 452 5139 542 5193; x_wconf 86' lang='grc' dir='ltr'><strong>ὑπ’</strong></span> <span class='ocrx_word' id='word_1_793' title='bbox 599 5137 794 5192; x_wconf 81' lang='grc' dir='ltr'>αὐτῶν.</span> <span class='ocrx_word' id='word_1_794' title='bbox 859 5137 996 5194; x_wconf 83' lang='grc' dir='ltr'>Ἀπὸ</span> <span class='ocrx_word' id='word_1_795' title='bbox 1060 5142 1370 5212; x_wconf 73' lang='grc' dir='ltr'>μεταφορᾶς</span> <span class='ocrx_word' id='word_1_796' title='bbox 1443 5134 1500 5192; x_wconf 73' lang='grc' dir='ltr'>δὲ</span> <span class='ocrx_word' id='word_1_797' title='bbox 1556 5140 1664 5192; x_wconf 88' lang='grc' dir='ltr'><strong>τῶν</strong></span> <span class='ocrx_word' id='word_1_798' title='bbox 1713 5139 1860 5192; x_wconf 59' lang='grc' dir='ltr'>πλα-</span> 
     </span>
    </p>
   </div>
   <div class='ocr_carea' id='block_1_102' title="bbox 213 5223 1859 5301">
    <p class='ocr_par' dir='ltr' id='par_1_102' title="bbox 213 5223 1859 5301">
     <span class='ocr_line' id='line_1_102' title="bbox 213 5223 1859 5301; baseline 0.002 -24"><span class='ocrx_word' id='word_1_799' title='bbox 213 5223 441 5300; x_wconf 86' lang='grc' dir='ltr'>στίγγων</span> <span class='ocrx_word' id='word_1_800' title='bbox 459 5232 555 5282; x_wconf 83' lang='grc' dir='ltr'><strong>τοῦ</strong></span> <span class='ocrx_word' id='word_1_801' title='bbox 579 5231 762 5301; x_wconf 78' lang='grc' dir='ltr'>ζυγοῦ,</span> <span class='ocrx_word' id='word_1_802' title='bbox 784 5226 868 5292; x_wconf 84' lang='grc' dir='ltr'>τὸ,</span> <span class='ocrx_word' id='word_1_803' title='bbox 900 5251 928 5276; x_wconf 92' lang='grc'><em>‹‹</em></span> <span class='ocrx_word' id='word_1_804' title='bbox 953 5227 1414 5301; x_wconf 74' lang='grc' dir='ltr'>ἑτεροζυγοῦντες.</span> <span class='ocrx_word' id='word_1_805' title='bbox 1437 5249 1466 5278; x_wconf 70' lang='grc' dir='ltr'>»ι</span> <span class='ocrx_word' id='word_1_806' title='bbox 1492 5259 1561 5268; x_wconf 90' lang='grc'><strong><em>-</em></strong></span> <span class='ocrx_word' id='word_1_807' title='bbox 1581 5250 1610 5277; x_wconf 90' lang='grc'><strong>‹‹</strong></span> <span class='ocrx_word' id='word_1_808' title='bbox 1635 5226 1734 5287; x_wconf 87' lang='grc' dir='ltr'><strong>Τίς</strong></span> <span class='ocrx_word' id='word_1_809' title='bbox 1755 5227 1859 5301; x_wconf 78' lang='grc' dir='ltr'><strong>γὰρ</strong></span> 
     </span>
    </p>
   </div>
   <div class='ocr_carea' id='block_1_103' title="bbox 217 5313 1860 5388">
    <p class='ocr_par' dir='ltr' id='par_1_103' title="bbox 217 5313 1860 5388">
     <span class='ocr_line' id='line_1_103' title="bbox 217 5313 1860 5388; baseline 0.001 -22"><span class='ocrx_word' id='word_1_810' title='bbox 217 5316 426 5388; x_wconf 83' lang='grc' dir='ltr'>μετοχή</span> <span class='ocrx_word' id='word_1_811' title='bbox 458 5313 773 5388; x_wconf 79' lang='grc' dir='ltr'>δικαιοσύνῃ</span> <span class='ocrx_word' id='word_1_812' title='bbox 828 5314 918 5368; x_wconf 82' lang='grc' dir='ltr'><strong>καὶ</strong></span> <span class='ocrx_word' id='word_1_813' title='bbox 965 5313 1210 5386; x_wconf 72' lang='grc' dir='ltr'>ἀνομίας</span> <span class='ocrx_word' id='word_1_814' title='bbox 1243 5339 1272 5368; x_wconf 83' lang='lat'><strong>»</strong></span> <span class='ocrx_word' id='word_1_815' title='bbox 1337 5316 1486 5371; x_wconf 85' lang='grc' dir='ltr'><strong>Ἀντὶ</strong></span> <span class='ocrx_word' id='word_1_816' title='bbox 1535 5319 1644 5370; x_wconf 87' lang='grc' dir='ltr'><strong>τῶν</strong></span> <span class='ocrx_word' id='word_1_817' title='bbox 1688 5335 1860 5388; x_wconf 89' lang='grc' dir='ltr'>προσ-</span> 
     </span>
    </p>
   </div>
   <div class='ocr_carea' id='block_1_104' title="bbox 214 5398 1858 5481">
    <p class='ocr_par' dir='ltr' id='par_1_104' title="bbox 214 5398 1858 5481">
     <span class='ocr_line' id='line_1_104' title="bbox 214 5398 1858 5481; baseline 0.004 -30"><span class='ocrx_word' id='word_1_818' title='bbox 214 5398 398 5470; x_wconf 82' lang='grc' dir='ltr'>ώπων,</span> <span class='ocrx_word' id='word_1_819' title='bbox 430 5403 564 5458; x_wconf 74' lang='grc' dir='ltr'>αὐτὰ</span> <span class='ocrx_word' id='word_1_820' title='bbox 592 5403 796 5466; x_wconf 82' lang='grc' dir='ltr'>τέθεικε</span> <span class='ocrx_word' id='word_1_821' title='bbox 823 5402 891 5456; x_wconf 82' lang='grc' dir='ltr'><strong>τὰ</strong></span> <span class='ocrx_word' id='word_1_822' title='bbox 922 5403 1234 5479; x_wconf 74' lang='grc' dir='ltr'>πράγματα.</span> <span class='ocrx_word' id='word_1_823' title='bbox 1273 5403 1392 5472; x_wconf 84' lang='grc' dir='ltr'>Τίς,</span> <span class='ocrx_word' id='word_1_824' title='bbox 1453 5403 1611 5481; x_wconf 78' lang='grc' dir='ltr'>φησὶ,</span> <span class='ocrx_word' id='word_1_825' title='bbox 1657 5424 1858 5458; x_wconf 83' lang='grc' dir='ltr'>κοινωο</span> 
     </span>
    </p>
   </div>
   <div class='ocr_carea' id='block_1_105' title="bbox 217 5489 1855 5568">
    <p class='ocr_par' dir='ltr' id='par_1_105' title="bbox 217 5489 1855 5568">
     <span class='ocr_line' id='line_1_105' title="bbox 217 5489 1855 5568; baseline 0.004 -27"><span class='ocrx_word' id='word_1_826' title='bbox 217 5489 319 5559; x_wconf 88' lang='grc' dir='ltr'>νία,</span> <span class='ocrx_word' id='word_1_827' title='bbox 365 5495 489 5568; x_wconf 83' lang='grc' dir='ltr'>ὑμῖν</span> <span class='ocrx_word' id='word_1_828' title='bbox 548 5495 639 5550; x_wconf 78' lang='grc' dir='ltr'><strong>καὶ</strong></span> <span class='ocrx_word' id='word_1_829' title='bbox 695 5499 813 5556; x_wconf 83' lang='grc' dir='ltr'>τοῖς</span> <span class='ocrx_word' id='word_1_830' title='bbox 855 5494 1152 5565; x_wconf 88' lang='grc' dir='ltr'>ἀπίστοις;</span> <span class='ocrx_word' id='word_1_831' title='bbox 1212 5493 1392 5561; x_wconf 77' lang='grc' dir='ltr'>ὣσπερ</span> <span class='ocrx_word' id='word_1_832' title='bbox 1455 5491 1581 5549; x_wconf 71' lang='grc' dir='ltr'>οὖδὶ</span> <span class='ocrx_word' id='word_1_833' title='bbox 1647 5491 1855 5548; x_wconf 76' lang='grc' dir='ltr'>δικαιο-</span> 
     </span>
    </p>
   </div>
   <div class='ocr_carea' id='block_1_106' title="bbox 287 5671 754 5745">
    <p class='ocr_par' dir='ltr' id='par_1_106' title="bbox 287 5671 754 5745">
     <span class='ocr_line' id='line_1_106' title="bbox 287 5671 754 5745; baseline -0.002 -14"><span class='ocrx_word' id='word_1_834' title='bbox 287 5671 330 5710; x_wconf 75' lang='lat'><strong>&quot;</strong></span> <span class='ocrx_word' id='word_1_835' title='bbox 362 5676 539 5745; x_wconf 76' lang='lat' dir='ltr'><strong>Infm,</strong></span> <span class='ocrx_word' id='word_1_836' title='bbox 571 5693 670 5743; x_wconf 85' lang='lat' dir='ltr'><strong>xu,</strong></span> <span class='ocrx_word' id='word_1_837' title='bbox 703 5679 754 5731; x_wconf 81' lang='lat'><strong>6.</strong></span> 
     </span>
    </p>
   </div>
   <div class='ocr_carea' id='block_1_107' title="bbox 1975 4693 3619 4767">
    <p class='ocr_par' dir='ltr' id='par_1_107' title="bbox 1975 4693 3619 4767">
     <span class='ocr_line' id='line_1_107' title="bbox 1975 4693 3619 4767; baseline 0.002 -18"><span class='ocrx_word' id='word_1_838' title='bbox 1975 4694 2062 4749; x_wconf 90' lang='lat' dir='ltr'><strong>dit</strong></span> <span class='ocrx_word' id='word_1_839' title='bbox 2090 4710 2325 4767; x_wconf 89' lang='lat' dir='ltr'><strong>quoque</strong></span> <span class='ocrx_word' id='word_1_840' title='bbox 2371 4693 2632 4750; x_wconf 87' lang='lat' dir='ltr'><strong>debitum</strong></span> <span class='ocrx_word' id='word_1_841' title='bbox 2687 4710 2816 4747; x_wconf 91' lang='lat' dir='ltr'><strong>esse</strong></span> <span class='ocrx_word' id='word_1_842' title='bbox 2872 4711 3156 4750; x_wconf 88' lang='lat' dir='ltr'><strong>amorem.</strong></span> <span class='ocrx_word' id='word_1_843' title='bbox 3209 4698 3350 4750; x_wconf 87' lang='lat' dir='ltr'><strong>Nam</strong></span> <span class='ocrx_word' id='word_1_844' title='bbox 3401 4695 3619 4752; x_wconf 90' lang='lat' dir='ltr'><strong>debent</strong></span> 
     </span>
    </p>
   </div>
   <div class='ocr_carea' id='block_1_108' title="bbox 1976 4782 3615 4854">
    <p class='ocr_par' dir='ltr' id='par_1_108' title="bbox 1976 4782 3615 4854">
     <span class='ocr_line' id='line_1_108' title="bbox 1976 4782 3615 4854; baseline 0.003 -18"><span class='ocrx_word' id='word_1_845' title='bbox 1976 4783 2031 4836; x_wconf 91' lang='lat' dir='ltr'><strong>id</strong></span> <span class='ocrx_word' id='word_1_846' title='bbox 2069 4783 2174 4837; x_wconf 80' lang='lat' dir='ltr'><strong>lilii</strong></span> <span class='ocrx_word' id='word_1_847' title='bbox 2205 4782 2570 4854; x_wconf 87' lang='lat' dir='ltr'><strong>parentibus.</strong></span> <span class='ocrx_word' id='word_1_848' title='bbox 2606 4803 2633 4830; x_wconf 86' lang='lat'><strong><em>«</em></strong></span> <span class='ocrx_word' id='word_1_849' title='bbox 2667 4784 2744 4836; x_wconf 86' lang='lat' dir='ltr'><strong>Ne</strong></span> <span class='ocrx_word' id='word_1_850' title='bbox 2801 4782 3132 4838; x_wconf 90' lang='lat' dir='ltr'><strong>declinetis.</strong></span> <span class='ocrx_word' id='word_1_851' title='bbox 3172 4805 3193 4832; x_wconf 77' lang='grc' dir='ltr'><strong>υ</strong></span> <span class='ocrx_word' id='word_1_852' title='bbox 3242 4785 3490 4840; x_wconf 91' lang='lat' dir='ltr'><strong>Demum</strong></span> <span class='ocrx_word' id='word_1_853' title='bbox 3540 4803 3615 4842; x_wconf 89' lang='lat' dir='ltr'><strong>ne</strong></span> 
     </span>
    </p>
   </div>
   <div class='ocr_carea' id='block_1_109' title="bbox 1975 4871 3616 4945">
    <p class='ocr_par' dir='ltr' id='par_1_109' title="bbox 1975 4871 3616 4945">
     <span class='ocr_line' id='line_1_109' title="bbox 1975 4871 3616 4945; baseline 0.003 -19"><span class='ocrx_word' id='word_1_854' title='bbox 1975 4871 2295 4943; x_wconf 89' lang='lat' dir='ltr'><strong>opinentur</strong></span> <span class='ocrx_word' id='word_1_855' title='bbox 2319 4871 2474 4942; x_wconf 88' lang='lat' dir='ltr'><strong>quod</strong></span> <span class='ocrx_word' id='word_1_856' title='bbox 2513 4876 2756 4943; x_wconf 87' lang='lat' dir='ltr'><strong>propter</strong></span> <span class='ocrx_word' id='word_1_857' title='bbox 2785 4872 3044 4943; x_wconf 89' lang='lat' dir='ltr'><strong>seipsum</strong></span> <span class='ocrx_word' id='word_1_858' title='bbox 3094 4880 3332 4945; x_wconf 86' lang='lat' dir='ltr'><strong>expetat</strong></span> <span class='ocrx_word' id='word_1_859' title='bbox 3377 4875 3616 4931; x_wconf 91' lang='lat' dir='ltr'><strong>illorum</strong></span> 
     </span>
    </p>
   </div>
   <div class='ocr_carea' id='block_1_110' title="bbox 1974 4959 3611 5032">
    <p class='ocr_par' dir='ltr' id='par_1_110' title="bbox 1974 4959 3611 5032">
     <span class='ocr_line' id='line_1_110' title="bbox 1974 4959 3611 5032; baseline 0.003 -18"><span class='ocrx_word' id='word_1_860' title='bbox 1974 4975 2258 5020; x_wconf 85' lang='lat' dir='ltr'><strong>amorem.</strong></span> <span class='ocrx_word' id='word_1_861' title='bbox 2294 4959 2552 5014; x_wconf 84' lang='lat' dir='ltr'><strong>ostendit</strong></span> <span class='ocrx_word' id='word_1_862' title='bbox 2581 4977 2642 5014; x_wconf 92' lang='lat' dir='ltr'><strong>se</strong></span> <span class='ocrx_word' id='word_1_863' title='bbox 2690 4967 2934 5032; x_wconf 89' lang='lat' dir='ltr'><strong>propter</strong></span> <span class='ocrx_word' id='word_1_864' title='bbox 2980 4960 3245 5032; x_wconf 90' lang='lat' dir='ltr'><strong>ipsorum</strong></span> <span class='ocrx_word' id='word_1_865' title='bbox 3293 4964 3611 5019; x_wconf 86' lang='lat' dir='ltr'><strong>utilitatem</strong></span> 
     </span>
    </p>
   </div>
   <div class='ocr_carea' id='block_1_111' title="bbox 1971 5049 3612 5122">
    <p class='ocr_par' dir='ltr' id='par_1_111' title="bbox 1971 5049 3612 5122">
     <span class='ocr_line' id='line_1_111' title="bbox 1971 5049 3612 5122; baseline 0.004 -20"><span class='ocrx_word' id='word_1_866' title='bbox 1971 5049 2121 5104; x_wconf 86' lang='lat' dir='ltr'><strong>velle</strong></span> <span class='ocrx_word' id='word_1_867' title='bbox 2151 5049 2354 5120; x_wconf 89' lang='lat' dir='ltr'><strong>diligi;</strong></span> <span class='ocrx_word' id='word_1_868' title='bbox 2398 5049 2481 5102; x_wconf 91' lang='lat' dir='ltr'><strong>ait</strong></span> <span class='ocrx_word' id='word_1_869' title='bbox 2537 5049 2733 5103; x_wconf 89' lang='lat' dir='ltr'><strong>enim:</strong></span> <span class='ocrx_word' id='word_1_870' title='bbox 2796 5050 2912 5104; x_wconf 87' lang='lat' dir='ltr'><strong>Hoc</strong></span> <span class='ocrx_word' id='word_1_871' title='bbox 2971 5055 3058 5103; x_wconf 86' lang='lat' dir='ltr'><strong>est</strong></span> <span class='ocrx_word' id='word_1_872' title='bbox 3115 5051 3359 5122; x_wconf 88' lang='lat' dir='ltr'><strong>diligere</strong></span> <span class='ocrx_word' id='word_1_873' title='bbox 3413 5069 3506 5106; x_wconf 91' lang='lat' dir='ltr'><strong>me</strong></span> <span class='ocrx_word' id='word_1_874' title='bbox 3566 5053 3612 5108; x_wconf 89' lang='lat' dir='ltr'><strong>si</strong></span> 
     </span>
    </p>
   </div>
   <div class='ocr_carea' id='block_1_112' title="bbox 1971 5137 3611 5204">
    <p class='ocr_par' dir='ltr' id='par_1_112' title="bbox 1971 5137 3611 5204">
     <span class='ocr_line' id='line_1_112' title="bbox 1971 5137 3611 5204; baseline 0.002 -12"><span class='ocrx_word' id='word_1_875' title='bbox 1971 5155 2089 5192; x_wconf 90' lang='lat' dir='ltr'><strong>non</strong></span> <span class='ocrx_word' id='word_1_876' title='bbox 2121 5137 2432 5192; x_wconf 87' lang='lat' dir='ltr'><strong>declinetis</strong></span> <span class='ocrx_word' id='word_1_877' title='bbox 2464 5137 2536 5192; x_wconf 89' lang='lat' dir='ltr'><strong>ad</strong></span> <span class='ocrx_word' id='word_1_878' title='bbox 2569 5137 2922 5204; x_wconf 87' lang='lat' dir='ltr'><strong>incredulos,</strong></span> <span class='ocrx_word' id='word_1_879' title='bbox 2956 5156 3066 5194; x_wconf 90' lang='lat' dir='ltr'><strong>nec</strong></span> <span class='ocrx_word' id='word_1_880' title='bbox 3106 5141 3611 5195; x_wconf 89' lang='lat' dir='ltr'><strong>commisceamini</strong></span> 
     </span>
    </p>
   </div>
   <div class='ocr_carea' id='block_1_113' title="bbox 1970 5225 3614 5300">
    <p class='ocr_par' dir='ltr' id='par_1_113' title="bbox 1970 5225 3614 5300">
     <span class='ocr_line' id='line_1_113' title="bbox 1970 5225 3614 5300; baseline 0.002 -18"><span class='ocrx_word' id='word_1_881' title='bbox 1970 5243 2105 5282; x_wconf 91' lang='lat' dir='ltr'><strong>cum</strong></span> <span class='ocrx_word' id='word_1_882' title='bbox 2135 5225 2276 5292; x_wconf 90' lang='lat' dir='ltr'><strong>illis,</strong></span> <span class='ocrx_word' id='word_1_883' title='bbox 2318 5227 2470 5280; x_wconf 68' lang='lat'><strong>648</strong></span> <span class='ocrx_word' id='word_1_884' title='bbox 2502 5233 2604 5281; x_wconf 91' lang='lat' dir='ltr'><strong>aut</strong></span> <span class='ocrx_word' id='word_1_885' title='bbox 2633 5227 2702 5281; x_wconf 88' lang='lat' dir='ltr'><strong>ab</strong></span> <span class='ocrx_word' id='word_1_886' title='bbox 2735 5227 2854 5281; x_wconf 88' lang='lat' dir='ltr'><strong>illis</strong></span> <span class='ocrx_word' id='word_1_887' title='bbox 2885 5229 3371 5300; x_wconf 90' lang='lat' dir='ltr'><strong>corrumpamini.</strong></span> <span class='ocrx_word' id='word_1_888' title='bbox 3427 5229 3614 5285; x_wconf 89' lang='lat' dir='ltr'><strong>Dictio</strong></span> 
     </span>
    </p>
   </div>
   <div class='ocr_carea' id='block_1_114' title="bbox 1969 5313 3614 5389">
    <p class='ocr_par' dir='ltr' id='par_1_114' title="bbox 1969 5313 3614 5389">
     <span class='ocr_line' id='line_1_114' title="bbox 1969 5313 3614 5389; baseline 0.002 -18"><span class='ocrx_word' id='word_1_889' title='bbox 1969 5322 2072 5371; x_wconf 85' lang='lat' dir='ltr'><strong>aut</strong></span> <span class='ocrx_word' id='word_1_890' title='bbox 2127 5313 2560 5388; x_wconf 79' lang='grc' dir='ltr'>ἑτεροζυγοῦντες</span> <span class='ocrx_word' id='word_1_891' title='bbox 2618 5323 2854 5387; x_wconf 90' lang='lat' dir='ltr'><strong>sumpta</strong></span> <span class='ocrx_word' id='word_1_892' title='bbox 2919 5323 3007 5371; x_wconf 88' lang='lat' dir='ltr'><strong>est</strong></span> <span class='ocrx_word' id='word_1_893' title='bbox 3050 5334 3083 5372; x_wconf 90' lang='lat' dir='ltr'><strong>a</strong></span> <span class='ocrx_word' id='word_1_894' title='bbox 3135 5321 3320 5389; x_wconf 80' lang='grc' dir='ltr'>ζυγοῦ.</span> <span class='ocrx_word' id='word_1_895' title='bbox 3389 5318 3446 5372; x_wconf 94' lang='lat' dir='ltr'><strong>id</strong></span> <span class='ocrx_word' id='word_1_896' title='bbox 3505 5325 3614 5389; x_wconf 91' lang='lat' dir='ltr'><strong>est,</strong></span> 
     </span>
    </p>
   </div>
   <div class='ocr_carea' id='block_1_115' title="bbox 1969 5404 3613 5475">
    <p class='ocr_par' dir='ltr' id='par_1_115' title="bbox 1969 5404 3613 5475">
     <span class='ocr_line' id='line_1_115' title="bbox 1969 5404 3613 5475; baseline 0.002 -15"><span class='ocrx_word' id='word_1_897' title='bbox 1969 5404 2300 5475; x_wconf 69' lang='lat' dir='ltr'><strong>mquilibrio</strong></span> <span class='ocrx_word' id='word_1_898' title='bbox 2336 5404 2521 5458; x_wconf 88' lang='lat' dir='ltr'><strong>lancis</strong></span> <span class='ocrx_word' id='word_1_899' title='bbox 2553 5410 2654 5459; x_wconf 90' lang='lat' dir='ltr'><strong>aut</strong></span> <span class='ocrx_word' id='word_1_900' title='bbox 2686 5406 2942 5460; x_wconf 70' lang='lat' dir='ltr'><strong>trutinaa.</strong></span> <span class='ocrx_word' id='word_1_901' title='bbox 2982 5426 3008 5454; x_wconf 83' lang='grc' dir='ltr'>α</span> <span class='ocrx_word' id='word_1_902' title='bbox 3039 5406 3202 5472; x_wconf 87' lang='lat' dir='ltr'><strong>Quod</strong></span> <span class='ocrx_word' id='word_1_903' title='bbox 3263 5407 3419 5462; x_wconf 90' lang='lat' dir='ltr'><strong>enim</strong></span> <span class='ocrx_word' id='word_1_904' title='bbox 3473 5425 3613 5463; x_wconf 87' lang='lat' dir='ltr'><strong>con-</strong></span> 
     </span>
    </p>
   </div>
   <div class='ocr_carea' id='block_1_116' title="bbox 1969 5493 3610 5570">
    <p class='ocr_par' dir='ltr' id='par_1_116' title="bbox 1969 5493 3610 5570">
     <span class='ocr_line' id='line_1_116' title="bbox 1969 5493 3610 5570; baseline 0.004 -21"><span class='ocrx_word' id='word_1_905' title='bbox 1969 5495 2216 5549; x_wconf 80' lang='lat' dir='ltr'><strong>sortium</strong></span> <span class='ocrx_word' id='word_1_906' title='bbox 2241 5493 2489 5567; x_wconf 81' lang='lat' dir='ltr'><strong>justitiae</strong></span> <span class='ocrx_word' id='word_1_907' title='bbox 2520 5511 2651 5548; x_wconf 92' lang='lat' dir='ltr'><strong>cum</strong></span> <span class='ocrx_word' id='word_1_908' title='bbox 2685 5494 3046 5566; x_wconf 82' lang='lat' dir='ltr'><strong>iniquitate?</strong></span> <span class='ocrx_word' id='word_1_909' title='bbox 3078 5519 3103 5545; x_wconf 85' lang='grc'>››</span> <span class='ocrx_word' id='word_1_910' title='bbox 3138 5497 3284 5552; x_wconf 89' lang='lat' dir='ltr'><strong>Loco</strong></span> <span class='ocrx_word' id='word_1_911' title='bbox 3323 5514 3610 5570; x_wconf 81' lang='lat' dir='ltr'><strong>persona-</strong></span> 
     </span>
    </p>
   </div>
  </div>
