  <div class='ocr_page' id='page_1' title='image "/cluster/home/n/w/nwhite01/storage/ocr_20150623/118/mdp.39015078384297/505.png"; bbox 0 0 4048 6250; ppageno 0'>
   <div class='ocr_carea' id='block_1_1' title="bbox 453 323 570 384">
    <p class='ocr_par' dir='ltr' id='par_1_1' title="bbox 453 323 570 384">
     <span class='ocr_line' id='line_1_1' title="bbox 453 323 570 384; baseline 0.009 -1"><span class='ocrx_word' id='word_1_1' title='bbox 453 323 570 384; x_wconf 80' lang='grc'><strong>995</strong></span> 
     </span>
    </p>
   </div>
   <div class='ocr_carea' id='block_1_2' title="bbox 1572 316 2117 385">
    <p class='ocr_par' dir='ltr' id='par_1_2' title="bbox 1572 316 2117 380">
     <span class='ocr_line' id='line_1_2' title="bbox 1572 316 2117 380; baseline -0.007 0"><span class='ocrx_word' id='word_1_2' title='bbox 1572 316 1980 380; x_wconf 57' lang='grc' dir='ltr'><strong>ΩῙΟΟΜΕΝΙΙ</strong></span> <span class='ocrx_word' id='word_1_3' title='bbox 2027 317 2117 376; x_wconf 77' lang='grc' dir='ltr'><strong>ΤΕ</strong></span> 
     </span>
    </p>
   </div>
   <div class='ocr_carea' id='block_1_3' title="bbox 2227 316 3794 385">
    <p class='ocr_par' dir='ltr' id='par_1_3' title="bbox 2227 317 3794 385">
     <span class='ocr_line' id='line_1_3' title="bbox 2227 317 3794 385; baseline 0.004 -7"><span class='ocrx_word' id='word_1_4' title='bbox 2227 317 2336 378; x_wconf 69' lang='lat' dir='ltr'><strong>[LE</strong></span> <span class='ocrx_word' id='word_1_5' title='bbox 2381 317 2738 379; x_wconf 77' lang='lat' dir='ltr'><strong>EPiSCOPI</strong></span> <span class='ocrx_word' id='word_1_6' title='bbox 3704 323 3794 385; x_wconf 73' lang='lat'><strong>996</strong></span> 
     </span>
    </p>
   </div>
   <div class='ocr_carea' id='block_1_4' title="bbox 455 445 2117 524">
    <p class='ocr_par' dir='ltr' id='par_1_4' title="bbox 455 448 2106 520">
     <span class='ocr_line' id='line_1_4' title="bbox 455 448 2106 520; baseline -0.004 -13"><span class='ocrx_word' id='word_1_7' title='bbox 455 453 666 508; x_wconf 86' lang='lat' dir='ltr'><strong>bemus</strong></span> <span class='ocrx_word' id='word_1_8' title='bbox 698 469 819 517; x_wconf 90' lang='lat' dir='ltr'><strong>vos,</strong></span> <span class='ocrx_word' id='word_1_9' title='bbox 854 457 964 507; x_wconf 91' lang='lat' dir='ltr'><strong>etc.</strong></span> <span class='ocrx_word' id='word_1_10' title='bbox 1003 450 1164 505; x_wconf 86' lang='lat' dir='ltr'><strong>Unde</strong></span> <span class='ocrx_word' id='word_1_11' title='bbox 1197 455 1394 504; x_wconf 89' lang='lat' dir='ltr'><strong>autem</strong></span> <span class='ocrx_word' id='word_1_12' title='bbox 1429 449 1538 505; x_wconf 91' lang='lat' dir='ltr'><strong>hoc</strong></span> <span class='ocrx_word' id='word_1_13' title='bbox 1591 448 1807 520; x_wconf 81' lang='lat' dir='ltr'><strong>patet?</strong></span> <span class='ocrx_word' id='word_1_14' title='bbox 1862 449 1942 503; x_wconf 79' lang='lat' dir='ltr'><strong>Ex</strong></span> <span class='ocrx_word' id='word_1_15' title='bbox 1995 449 2106 502; x_wconf 87' lang='lat' dir='ltr'><strong>hoc</strong></span> 
     </span>
    </p>
   </div>
   <div class='ocr_carea' id='block_1_5' title="bbox 2227 445 3803 524">
    <p class='ocr_par' dir='ltr' id='par_1_5' title="bbox 2235 445 3803 524">
     <span class='ocr_line' id='line_1_5' title="bbox 2235 445 3803 524; baseline 0.004 -24"><span class='ocrx_word' id='word_1_16' title='bbox 2235 451 2308 500; x_wconf 85' lang='grc' dir='ltr'>Εκ</span> <span class='ocrx_word' id='word_1_17' title='bbox 2337 450 2433 501; x_wconf 79' lang='grc' dir='ltr'><strong>τοῦ</strong></span> <span class='ocrx_word' id='word_1_18' title='bbox 2463 445 2677 522; x_wconf 76' lang='grc' dir='ltr'>θαρῥεῖν</span> <span class='ocrx_word' id='word_1_19' title='bbox 2713 445 2868 518; x_wconf 78' lang='grc' dir='ltr'>ὑμῖν,</span> <span class='ocrx_word' id='word_1_20' title='bbox 2912 446 3003 501; x_wconf 83' lang='grc' dir='ltr'>καὶ</span> <span class='ocrx_word' id='word_1_21' title='bbox 3049 445 3512 524; x_wconf 67' lang='grc' dir='ltr'>παρρησιάζεσθαι</span> <span class='ocrx_word' id='word_1_22' title='bbox 3539 450 3656 523; x_wconf 81' lang='grc' dir='ltr'>πρὸς</span> <span class='ocrx_word' id='word_1_23' title='bbox 3682 450 3803 524; x_wconf 73' lang='grc' dir='ltr'>ὑμᾶς.</span> 
     </span>
    </p>
   </div>
   <div class='ocr_carea' id='block_1_6' title="bbox 460 539 2115 613">
    <p class='ocr_par' dir='ltr' id='par_1_6' title="bbox 460 539 2115 613">
     <span class='ocr_line' id='line_1_6' title="bbox 460 539 2115 613; baseline -0.004 -17"><span class='ocrx_word' id='word_1_24' title='bbox 460 543 618 613; x_wconf 89' lang='lat' dir='ltr'><strong>quod</strong></span> <span class='ocrx_word' id='word_1_25' title='bbox 647 541 806 596; x_wconf 88' lang='lat' dir='ltr'><strong>vobis</strong></span> <span class='ocrx_word' id='word_1_26' title='bbox 837 539 1193 596; x_wconf 84' lang='lat' dir='ltr'><strong>confidimus</strong></span> <span class='ocrx_word' id='word_1_27' title='bbox 1233 547 1292 594; x_wconf 92' lang='lat' dir='ltr'><strong>et</strong></span> <span class='ocrx_word' id='word_1_28' title='bbox 1324 539 1506 593; x_wconf 82' lang='lat' dir='ltr'><strong>libere</strong></span> <span class='ocrx_word' id='word_1_29' title='bbox 1538 540 1767 611; x_wconf 84' lang='lat' dir='ltr'><strong>agimus</strong></span> <span class='ocrx_word' id='word_1_30' title='bbox 1799 554 1935 608; x_wconf 76' lang='lat' dir='ltr'><strong>erga</strong></span> <span class='ocrx_word' id='word_1_31' title='bbox 1993 553 2115 590; x_wconf 88' lang='lat' dir='ltr'><strong>vos.</strong></span> 
     </span>
    </p>
   </div>
   <div class='ocr_carea' id='block_1_7' title="bbox 459 624 2116 687">
    <p class='ocr_par' dir='ltr' id='par_1_7' title="bbox 459 624 2116 687">
     <span class='ocr_line' id='line_1_7' title="bbox 459 624 2116 687; baseline -0.005 -2"><span class='ocrx_word' id='word_1_32' title='bbox 459 630 568 685; x_wconf 91' lang='lat' dir='ltr'><strong>Sed</strong></span> <span class='ocrx_word' id='word_1_33' title='bbox 599 638 657 686; x_wconf 93' lang='lat' dir='ltr'><strong>et</strong></span> <span class='ocrx_word' id='word_1_34' title='bbox 685 631 795 684; x_wconf 89' lang='lat' dir='ltr'><strong>hoc</strong></span> <span class='ocrx_word' id='word_1_35' title='bbox 852 629 1007 683; x_wconf 88' lang='lat' dir='ltr'><strong>unde</strong></span> <span class='ocrx_word' id='word_1_36' title='bbox 1065 629 1446 683; x_wconf 81' lang='lat' dir='ltr'><strong>manifestum</strong></span> <span class='ocrx_word' id='word_1_37' title='bbox 1506 633 1596 681; x_wconf 88' lang='lat' dir='ltr'><strong>est</strong></span> <span class='ocrx_word' id='word_1_38' title='bbox 1624 628 1650 680; x_wconf 59' lang='lat'><strong>‘1’</strong></span> <span class='ocrx_word' id='word_1_39' title='bbox 1681 627 1834 681; x_wconf 69' lang='lat'><strong>849</strong></span> <span class='ocrx_word' id='word_1_40' title='bbox 1859 624 2116 687; x_wconf 82' lang='lat' dir='ltr'><strong>Glorior,</strong></span> 
     </span>
    </p>
   </div>
   <div class='ocr_carea' id='block_1_8' title="bbox 457 713 2108 789">
    <p class='ocr_par' dir='ltr' id='par_1_8' title="bbox 457 713 2108 789">
     <span class='ocr_line' id='line_1_8' title="bbox 457 713 2108 789; baseline -0.004 -17"><span class='ocrx_word' id='word_1_41' title='bbox 457 719 670 789; x_wconf 82' lang='lat' dir='ltr'><strong>inquit,</strong></span> <span class='ocrx_word' id='word_1_42' title='bbox 699 718 760 771; x_wconf 92' lang='lat' dir='ltr'><strong>in</strong></span> <span class='ocrx_word' id='word_1_43' title='bbox 785 717 965 772; x_wconf 86' lang='lat' dir='ltr'><strong>vobis.</strong></span> <span class='ocrx_word' id='word_1_44' title='bbox 993 719 1137 772; x_wconf 88' lang='lat' dir='ltr'><strong>Nam</strong></span> <span class='ocrx_word' id='word_1_45' title='bbox 1159 718 1266 771; x_wconf 90' lang='lat' dir='ltr'><strong>hoc</strong></span> <span class='ocrx_word' id='word_1_46' title='bbox 1285 715 1524 771; x_wconf 84' lang='lat' dir='ltr'><strong>aliunde</strong></span> <span class='ocrx_word' id='word_1_47' title='bbox 1544 732 1662 770; x_wconf 92' lang='lat' dir='ltr'><strong>non</strong></span> <span class='ocrx_word' id='word_1_48' title='bbox 1681 715 1961 787; x_wconf 75' lang='lat' dir='ltr'><strong>gignitur,</strong></span> <span class='ocrx_word' id='word_1_49' title='bbox 1987 713 2108 768; x_wconf 87' lang='lat' dir='ltr'><strong>nisi</strong></span> 
     </span>
    </p>
   </div>
   <div class='ocr_carea' id='block_1_9' title="bbox 458 802 2116 872">
    <p class='ocr_par' dir='ltr' id='par_1_9' title="bbox 458 802 2116 872">
     <span class='ocr_line' id='line_1_9' title="bbox 458 802 2116 872; baseline -0.004 -12"><span class='ocrx_word' id='word_1_50' title='bbox 458 823 528 860; x_wconf 85' lang='lat' dir='ltr'><strong>ex</strong></span> <span class='ocrx_word' id='word_1_51' title='bbox 560 805 891 860; x_wconf 73' lang='lat' dir='ltr'><strong>vehementi</strong></span> <span class='ocrx_word' id='word_1_52' title='bbox 925 805 1287 860; x_wconf 81' lang='lat' dir='ltr'><strong>confidentia</strong></span> <span class='ocrx_word' id='word_1_53' title='bbox 1315 810 1374 859; x_wconf 92' lang='lat' dir='ltr'><strong>et</strong></span> <span class='ocrx_word' id='word_1_54' title='bbox 1405 805 1740 858; x_wconf 76' lang='lat' dir='ltr'><strong>securitate.</strong></span> <span class='ocrx_word' id='word_1_55' title='bbox 1776 802 1912 856; x_wconf 91' lang='lat' dir='ltr'><strong>Ideo</strong></span> <span class='ocrx_word' id='word_1_56' title='bbox 1969 818 2116 872; x_wconf 90' lang='lat' dir='ltr'><strong>quo-</strong></span> 
     </span>
    </p>
   </div>
   <div class='ocr_carea' id='block_1_10' title="bbox 459 893 2120 964">
    <p class='ocr_par' dir='ltr' id='par_1_10' title="bbox 459 893 2120 964">
     <span class='ocr_line' id='line_1_10' title="bbox 459 893 2120 964; baseline -0.003 -15"><span class='ocrx_word' id='word_1_57' title='bbox 459 911 571 964; x_wconf 90' lang='lat' dir='ltr'><strong>que</strong></span> <span class='ocrx_word' id='word_1_58' title='bbox 612 895 735 948; x_wconf 85' lang='lat' dir='ltr'><strong>ait:</strong></span> <span class='ocrx_word' id='word_1_59' title='bbox 771 893 1053 964; x_wconf 88' lang='lat' dir='ltr'><strong>Impletus</strong></span> <span class='ocrx_word' id='word_1_60' title='bbox 1095 910 1223 947; x_wconf 92' lang='lat' dir='ltr'><strong>sum</strong></span> <span class='ocrx_word' id='word_1_61' title='bbox 1263 893 1698 959; x_wconf 91' lang='lat' dir='ltr'><strong>eonsolatione,</strong></span> <span class='ocrx_word' id='word_1_62' title='bbox 1735 915 1762 941; x_wconf 87' lang='grc'>››</span> <span class='ocrx_word' id='word_1_63' title='bbox 1797 897 1854 946; x_wconf 92' lang='lat' dir='ltr'><strong>et</strong></span> <span class='ocrx_word' id='word_1_64' title='bbox 1881 896 2120 954; x_wconf 64' lang='lat' dir='ltr'><strong>caetera,</strong></span> 
     </span>
    </p>
   </div>
   <div class='ocr_carea' id='block_1_11' title="bbox 461 978 2124 1054">
    <p class='ocr_par' dir='ltr' id='par_1_11' title="bbox 461 978 2124 1054">
     <span class='ocr_line' id='line_1_11' title="bbox 461 978 2124 1054; baseline 0 -22"><span class='ocrx_word' id='word_1_65' title='bbox 461 1006 488 1032; x_wconf 87' lang='grc'><strong>‹‹</strong></span> <span class='ocrx_word' id='word_1_66' title='bbox 524 985 680 1037; x_wconf 83' lang='lat' dir='ltr'><strong>Muta</strong></span> <span class='ocrx_word' id='word_1_67' title='bbox 711 982 1144 1054; x_wconf 85' lang='lat' dir='ltr'><strong>mihigloriatio</strong></span> <span class='ocrx_word' id='word_1_68' title='bbox 1165 981 1236 1036; x_wconf 91' lang='lat' dir='ltr'><strong>de</strong></span> <span class='ocrx_word' id='word_1_69' title='bbox 1262 981 1444 1036; x_wconf 85' lang='lat' dir='ltr'><strong>vobis.</strong></span> <span class='ocrx_word' id='word_1_70' title='bbox 1484 1004 1503 1028; x_wconf 76' lang='grc' dir='ltr'>ι</span> <span class='ocrx_word' id='word_1_71' title='bbox 1535 982 1668 1035; x_wconf 59' lang='lat' dir='ltr'><strong>Haec</strong></span> <span class='ocrx_word' id='word_1_72' title='bbox 1699 979 1942 1050; x_wconf 88' lang='lat' dir='ltr'><strong>quidem</strong></span> <span class='ocrx_word' id='word_1_73' title='bbox 1971 978 2124 1049; x_wconf 92' lang='lat' dir='ltr'><strong>prio-</strong></span> 
     </span>
    </p>
   </div>
   <div class='ocr_carea' id='block_1_12' title="bbox 460 1065 2125 1137">
    <p class='ocr_par' dir='ltr' id='par_1_12' title="bbox 460 1065 2125 1137">
     <span class='ocr_line' id='line_1_12' title="bbox 460 1065 2125 1137; baseline -0.004 -12"><span class='ocrx_word' id='word_1_74' title='bbox 460 1071 622 1125; x_wconf 86' lang='lat' dir='ltr'><strong>ribus</strong></span> <span class='ocrx_word' id='word_1_75' title='bbox 639 1087 768 1125; x_wconf 90' lang='lat' dir='ltr'><strong>esse</strong></span> <span class='ocrx_word' id='word_1_76' title='bbox 793 1071 1064 1124; x_wconf 90' lang='lat' dir='ltr'><strong>videntur</strong></span> <span class='ocrx_word' id='word_1_77' title='bbox 1078 1087 1206 1124; x_wconf 90' lang='lat' dir='ltr'><strong>esse</strong></span> <span class='ocrx_word' id='word_1_78' title='bbox 1232 1070 1550 1137; x_wconf 86' lang='lat' dir='ltr'><strong>contraria,</strong></span> <span class='ocrx_word' id='word_1_79' title='bbox 1575 1070 1673 1123; x_wconf 89' lang='lat' dir='ltr'><strong>ubi</strong></span> <span class='ocrx_word' id='word_1_80' title='bbox 1701 1069 1834 1122; x_wconf 87' lang='lat' dir='ltr'><strong>illos</strong></span> <span class='ocrx_word' id='word_1_81' title='bbox 1850 1065 2125 1122; x_wconf 90' lang='lat' dir='ltr'><strong>condem-</strong></span> 
     </span>
    </p>
   </div>
   <div class='ocr_carea' id='block_1_13' title="bbox 461 1155 2122 1230">
    <p class='ocr_par' dir='ltr' id='par_1_13' title="bbox 461 1155 2122 1230">
     <span class='ocr_line' id='line_1_13' title="bbox 461 1155 2122 1230; baseline -0.004 -16"><span class='ocrx_word' id='word_1_82' title='bbox 461 1161 921 1230; x_wconf 87' lang='lat' dir='ltr'><strong>navittanquam</strong></span> <span class='ocrx_word' id='word_1_83' title='bbox 949 1159 1208 1228; x_wconf 75' lang='lat' dir='ltr'><strong>indignis</strong></span> <span class='ocrx_word' id='word_1_84' title='bbox 1257 1158 1630 1214; x_wconf 62' lang='lat' dir='ltr'><strong>adhaerentes</strong></span> <span class='ocrx_word' id='word_1_85' title='bbox 1665 1175 1677 1211; x_wconf 92' lang='lat'><strong>:</strong></span> <span class='ocrx_word' id='word_1_86' title='bbox 1715 1156 1821 1212; x_wconf 91' lang='lat' dir='ltr'><strong>sed</strong></span> <span class='ocrx_word' id='word_1_87' title='bbox 1851 1155 2002 1210; x_wconf 88' lang='lat' dir='ltr'><strong>nihil</strong></span> <span class='ocrx_word' id='word_1_88' title='bbox 2035 1161 2122 1208; x_wconf 90' lang='lat' dir='ltr'><strong>est</strong></span> 
     </span>
    </p>
   </div>
   <div class='ocr_carea' id='block_1_14' title="bbox 462 1245 2121 1320">
    <p class='ocr_par' dir='ltr' id='par_1_14' title="bbox 462 1245 2121 1320">
     <span class='ocr_line' id='line_1_14' title="bbox 462 1245 2121 1320; baseline -0.004 -18"><span class='ocrx_word' id='word_1_89' title='bbox 462 1249 886 1320; x_wconf 76' lang='lat' dir='ltr'><strong>repugnantiw.</strong></span> <span class='ocrx_word' id='word_1_90' title='bbox 937 1249 1078 1302; x_wconf 81' lang='lat' dir='ltr'><strong>Nam</strong></span> <span class='ocrx_word' id='word_1_91' title='bbox 1134 1248 1227 1302; x_wconf 90' lang='lat' dir='ltr'><strong>his</strong></span> <span class='ocrx_word' id='word_1_92' title='bbox 1280 1248 1471 1302; x_wconf 85' lang='lat' dir='ltr'><strong>verbis</strong></span> <span class='ocrx_word' id='word_1_93' title='bbox 1531 1247 1732 1302; x_wconf 85' lang='lat' dir='ltr'><strong>laudat</strong></span> <span class='ocrx_word' id='word_1_94' title='bbox 1785 1263 1905 1311; x_wconf 92' lang='lat' dir='ltr'><strong>eos,</strong></span> <span class='ocrx_word' id='word_1_95' title='bbox 1967 1245 2121 1297; x_wconf 90' lang='lat' dir='ltr'><strong>viam</strong></span> 
     </span>
    </p>
   </div>
   <div class='ocr_carea' id='block_1_15' title="bbox 462 1323 2123 1408">
    <p class='ocr_par' dir='ltr' id='par_1_15' title="bbox 462 1323 2123 1408">
     <span class='ocr_line' id='line_1_15' title="bbox 462 1323 2123 1408; baseline -0.004 -16"><span class='ocrx_word' id='word_1_96' title='bbox 462 1345 822 1408; x_wconf 71' lang='lat' dir='ltr'><strong>prmstruens</strong></span> <span class='ocrx_word' id='word_1_97' title='bbox 837 1354 952 1408; x_wconf 90' lang='lat' dir='ltr'><strong>quo</strong></span> <span class='ocrx_word' id='word_1_98' title='bbox 966 1338 1097 1392; x_wconf 88' lang='lat' dir='ltr'><strong>utili</strong></span> <span class='ocrx_word' id='word_1_99' title='bbox 1109 1323 1193 1391; x_wconf 85' lang='lat' dir='ltr'><strong>tas</strong></span> <span class='ocrx_word' id='word_1_100' title='bbox 1206 1337 1732 1407; x_wconf 84' lang='lat' dir='ltr'><strong>reprehensionum</strong></span> <span class='ocrx_word' id='word_1_101' title='bbox 1752 1335 1922 1390; x_wconf 78' lang='lat' dir='ltr'><strong>facile</strong></span> <span class='ocrx_word' id='word_1_102' title='bbox 1941 1332 2123 1388; x_wconf 88' lang='lat' dir='ltr'><strong>susci-</strong></span> 
     </span>
    </p>
   </div>
   <div class='ocr_carea' id='block_1_16' title="bbox 455 1424 2117 1498">
    <p class='ocr_par' dir='ltr' id='par_1_16' title="bbox 455 1424 2117 1498">
     <span class='ocr_line' id='line_1_16' title="bbox 455 1424 2117 1498; baseline -0.004 -16"><span class='ocrx_word' id='word_1_103' title='bbox 455 1428 672 1498; x_wconf 86' lang='lat' dir='ltr'><strong>piatur,</strong></span> <span class='ocrx_word' id='word_1_104' title='bbox 705 1445 840 1482; x_wconf 90' lang='lat' dir='ltr'><strong>cum</strong></span> <span class='ocrx_word' id='word_1_105' title='bbox 874 1428 993 1482; x_wconf 60' lang='lat' dir='ltr'><strong>illa)</strong></span> <span class='ocrx_word' id='word_1_106' title='bbox 1025 1427 1097 1482; x_wconf 92' lang='lat' dir='ltr'><strong>ab</strong></span> <span class='ocrx_word' id='word_1_107' title='bbox 1125 1433 1363 1483; x_wconf 88' lang='lat' dir='ltr'><strong>amante</strong></span> <span class='ocrx_word' id='word_1_108' title='bbox 1387 1427 1731 1498; x_wconf 83' lang='lat' dir='ltr'><strong>procedant.</strong></span> <span class='ocrx_word' id='word_1_109' title='bbox 1767 1429 1847 1480; x_wconf 84' lang='lat' dir='ltr'><strong>Ac</strong></span> <span class='ocrx_word' id='word_1_110' title='bbox 1880 1425 1926 1478; x_wconf 91' lang='lat' dir='ltr'><strong>si</strong></span> <span class='ocrx_word' id='word_1_111' title='bbox 1959 1424 2117 1478; x_wconf 83' lang='lat' dir='ltr'><strong>dice-</strong></span> 
     </span>
    </p>
   </div>
   <div class='ocr_carea' id='block_1_17' title="bbox 455 1512 2120 1589">
    <p class='ocr_par' dir='ltr' id='par_1_17' title="bbox 455 1512 2120 1589">
     <span class='ocr_line' id='line_1_17' title="bbox 455 1512 2120 1589; baseline -0.004 -18"><span class='ocrx_word' id='word_1_112' title='bbox 455 1523 581 1572; x_wconf 88' lang='lat' dir='ltr'><strong>ret:</strong></span> <span class='ocrx_word' id='word_1_113' title='bbox 615 1519 739 1572; x_wconf 88' lang='lat' dir='ltr'><strong>Non</strong></span> <span class='ocrx_word' id='word_1_114' title='bbox 771 1518 931 1573; x_wconf 90' lang='lat' dir='ltr'><strong>enim</strong></span> <span class='ocrx_word' id='word_1_115' title='bbox 986 1518 1143 1589; x_wconf 89' lang='lat' dir='ltr'><strong>quod</strong></span> <span class='ocrx_word' id='word_1_116' title='bbox 1192 1535 1291 1573; x_wconf 88' lang='lat' dir='ltr'><strong>vos</strong></span> <span class='ocrx_word' id='word_1_117' title='bbox 1341 1517 1862 1572; x_wconf 86' lang='lat' dir='ltr'><strong>condemnaverim</strong></span> <span class='ocrx_word' id='word_1_118' title='bbox 1895 1515 2000 1568; x_wconf 88' lang='lat' dir='ltr'><strong>illa</strong></span> <span class='ocrx_word' id='word_1_119' title='bbox 2025 1512 2120 1566; x_wconf 89' lang='lat' dir='ltr'><strong>di-</strong></span> 
     </span>
    </p>
   </div>
   <div class='ocr_carea' id='block_1_18' title="bbox 455 1602 2121 1678">
    <p class='ocr_par' dir='ltr' id='par_1_18' title="bbox 455 1602 2121 1678">
     <span class='ocr_line' id='line_1_18' title="bbox 455 1602 2121 1678; baseline -0.003 -17"><span class='ocrx_word' id='word_1_120' title='bbox 455 1607 532 1670; x_wconf 81' lang='lat' dir='ltr'><strong>xi,</strong></span> <span class='ocrx_word' id='word_1_121' title='bbox 566 1607 776 1661; x_wconf 86' lang='lat' dir='ltr'><strong>Absitl</strong></span> <span class='ocrx_word' id='word_1_122' title='bbox 831 1607 932 1662; x_wconf 90' lang='lat' dir='ltr'><strong>sed</strong></span> <span class='ocrx_word' id='word_1_123' title='bbox 995 1613 1060 1661; x_wconf 90' lang='lat' dir='ltr'><strong>ut</strong></span> <span class='ocrx_word' id='word_1_124' title='bbox 1117 1607 1418 1673; x_wconf 79' lang='lat' dir='ltr'><strong>crescatis,</strong></span> <span class='ocrx_word' id='word_1_125' title='bbox 1475 1607 1781 1678; x_wconf 78' lang='lat' dir='ltr'><strong>magisque</strong></span> <span class='ocrx_word' id='word_1_126' title='bbox 1831 1602 2121 1675; x_wconf 83' lang='lat' dir='ltr'><strong>proveha-</strong></span> 
     </span>
    </p>
   </div>
   <div class='ocr_carea' id='block_1_19' title="bbox 455 1691 2121 1764">
    <p class='ocr_par' dir='ltr' id='par_1_19' title="bbox 455 1691 2121 1764">
     <span class='ocr_line' id='line_1_19' title="bbox 455 1691 2121 1764; baseline -0.004 -14"><span class='ocrx_word' id='word_1_127' title='bbox 455 1696 600 1750; x_wconf 89' lang='lat' dir='ltr'><strong>mini</strong></span> <span class='ocrx_word' id='word_1_128' title='bbox 635 1696 708 1750; x_wconf 89' lang='lat' dir='ltr'><strong>ad</strong></span> <span class='ocrx_word' id='word_1_129' title='bbox 738 1697 1037 1750; x_wconf 87' lang='lat' dir='ltr'><strong>virtutem.</strong></span> <span class='ocrx_word' id='word_1_130' title='bbox 1070 1727 1138 1735; x_wconf 91' lang='lat'><strong>—</strong></span> <span class='ocrx_word' id='word_1_131' title='bbox 1165 1696 1293 1749; x_wconf 82' lang='lat' dir='ltr'><strong>Alio</strong></span> <span class='ocrx_word' id='word_1_132' title='bbox 1323 1695 1499 1749; x_wconf 83' lang='lat' dir='ltr'><strong>modo.</strong></span> <span class='ocrx_word' id='word_1_133' title='bbox 1561 1692 1929 1764; x_wconf 77' lang='lat' dir='ltr'><strong>Objurgabat</strong></span> <span class='ocrx_word' id='word_1_134' title='bbox 1958 1691 2121 1761; x_wconf 91' lang='lat' dir='ltr'><strong>prius</strong></span> 
     </span>
    </p>
   </div>
   <div class='ocr_carea' id='block_1_20' title="bbox 453 1779 2195 1888">
    <p class='ocr_par' dir='ltr' id='par_1_20' title="bbox 453 1779 2195 1888">
     <span class='ocr_line' id='line_1_20' title="bbox 453 1779 2195 1888; baseline -0.004 -49"><span class='ocrx_word' id='word_1_135' title='bbox 453 1801 552 1838; x_wconf 83' lang='lat' dir='ltr'><strong>eos</strong></span> <span class='ocrx_word' id='word_1_136' title='bbox 585 1784 742 1855; x_wconf 91' lang='lat' dir='ltr'><strong>quod</strong></span> <span class='ocrx_word' id='word_1_137' title='bbox 773 1785 848 1839; x_wconf 91' lang='lat' dir='ltr'><strong>ad</strong></span> <span class='ocrx_word' id='word_1_138' title='bbox 883 1784 1224 1888; x_wconf 73' lang='lat' dir='ltr'><strong>incredulos</strong></span> <span class='ocrx_word' id='word_1_139' title='bbox 1266 1800 1371 1854; x_wconf 89' lang='lat' dir='ltr'><strong>per</strong></span> <span class='ocrx_word' id='word_1_140' title='bbox 1416 1782 1816 1888; x_wconf 48' lang='lat' dir='ltr'><strong>‘dilec‘tionei&#39;n</strong></span> <span class='ocrx_word' id='word_1_141' title='bbox 1855 1779 2119 1878; x_wconf 77' lang='lat' dir='ltr'><strong>declina-</strong></span> <span class='ocrx_word' id='word_1_142' title='bbox 2154 1825 2195 1888; x_wconf 74' lang='grc' dir='ltr'><strong><em>Β</em></strong></span> 
     </span>
    </p>
   </div>
   <div class='ocr_carea' id='block_1_21' title="bbox 457 1869 2118 1941">
    <p class='ocr_par' dir='ltr' id='par_1_21' title="bbox 457 1869 2118 1941">
     <span class='ocr_line' id='line_1_21' title="bbox 457 1869 2118 1941; baseline -0.003 -15"><span class='ocrx_word' id='word_1_143' title='bbox 457 1880 592 1927; x_wconf 91' lang='lat' dir='ltr'><strong>rent</strong></span> <span class='ocrx_word' id='word_1_144' title='bbox 624 1891 636 1927; x_wconf 90' lang='lat'><strong>:</strong></span> <span class='ocrx_word' id='word_1_145' title='bbox 663 1891 821 1928; x_wconf 90' lang='lat' dir='ltr'><strong>nunc</strong></span> <span class='ocrx_word' id='word_1_146' title='bbox 853 1890 986 1927; x_wconf 92' lang='lat' dir='ltr'><strong>vero</strong></span> <span class='ocrx_word' id='word_1_147' title='bbox 1020 1872 1240 1937; x_wconf 89' lang='lat' dir='ltr'><strong>laudat,</strong></span> <span class='ocrx_word' id='word_1_148' title='bbox 1276 1871 1433 1941; x_wconf 91' lang='lat' dir='ltr'><strong>quod</strong></span> <span class='ocrx_word' id='word_1_149' title='bbox 1466 1888 1534 1926; x_wconf 88' lang='lat' dir='ltr'><strong>ea</strong></span> <span class='ocrx_word' id='word_1_150' title='bbox 1565 1869 1636 1924; x_wconf 88' lang='lat' dir='ltr'><strong>de</strong></span> <span class='ocrx_word' id='word_1_151' title='bbox 1668 1869 1883 1940; x_wconf 89' lang='lat' dir='ltr'><strong>quibus</strong></span> <span class='ocrx_word' id='word_1_152' title='bbox 1920 1869 2118 1939; x_wconf 89' lang='lat' dir='ltr'><strong>priore</strong></span> 
     </span>
    </p>
   </div>
   <div class='ocr_carea' id='block_1_22' title="bbox 455 1957 2121 2032">
    <p class='ocr_par' dir='ltr' id='par_1_22' title="bbox 455 1957 2121 2032">
     <span class='ocr_line' id='line_1_22' title="bbox 455 1957 2121 2032; baseline -0.004 -17"><span class='ocrx_word' id='word_1_153' title='bbox 455 1962 706 2032; x_wconf 90' lang='lat' dir='ltr'><strong>epistola</strong></span> <span class='ocrx_word' id='word_1_154' title='bbox 761 1961 1194 2016; x_wconf 87' lang='lat' dir='ltr'><strong>accusabantur</strong></span> <span class='ocrx_word' id='word_1_155' title='bbox 1245 1960 1506 2014; x_wconf 90' lang='lat' dir='ltr'><strong>studiose</strong></span> <span class='ocrx_word' id='word_1_156' title='bbox 1554 1958 1967 2014; x_wconf 83' lang='lat' dir='ltr'><strong>correxissent.</strong></span> <span class='ocrx_word' id='word_1_157' title='bbox 2003 1957 2121 2010; x_wconf 82' lang='lat' dir='ltr'><strong>Hoc</strong></span> 
     </span>
    </p>
   </div>
   <div class='ocr_carea' id='block_1_23' title="bbox 453 2049 2123 2119">
    <p class='ocr_par' dir='ltr' id='par_1_23' title="bbox 453 2049 2123 2119">
     <span class='ocr_line' id='line_1_23' title="bbox 453 2049 2123 2119; baseline -0.004 -13"><span class='ocrx_word' id='word_1_158' title='bbox 453 2059 654 2106; x_wconf 90' lang='lat' dir='ltr'><strong>autem</strong></span> <span class='ocrx_word' id='word_1_159' title='bbox 669 2052 873 2106; x_wconf 81' lang='lat' dir='ltr'><strong>arbitri</strong></span> <span class='ocrx_word' id='word_1_160' title='bbox 897 2057 985 2106; x_wconf 93' lang='lat' dir='ltr'><strong>est</strong></span> <span class='ocrx_word' id='word_1_161' title='bbox 1006 2050 1351 2105; x_wconf 89' lang='lat' dir='ltr'><strong>muneribus</strong></span> <span class='ocrx_word' id='word_1_162' title='bbox 1375 2067 1493 2104; x_wconf 91' lang='lat' dir='ltr'><strong>non</strong></span> <span class='ocrx_word' id='word_1_163' title='bbox 1521 2049 1803 2119; x_wconf 84' lang='lat' dir='ltr'><strong>corrupti,</strong></span> <span class='ocrx_word' id='word_1_164' title='bbox 1830 2053 1889 2102; x_wconf 92' lang='lat' dir='ltr'><strong>et</strong></span> <span class='ocrx_word' id='word_1_165' title='bbox 1928 2053 2123 2101; x_wconf 81' lang='lat' dir='ltr'><strong>errata</strong></span> 
     </span>
    </p>
   </div>
   <div class='ocr_carea' id='block_1_24' title="bbox 453 2137 2121 2211">
    <p class='ocr_par' dir='ltr' id='par_1_24' title="bbox 453 2137 2121 2211">
     <span class='ocr_line' id='line_1_24' title="bbox 453 2137 2121 2211; baseline -0.002 -19"><span class='ocrx_word' id='word_1_166' title='bbox 453 2140 912 2210; x_wconf 86' lang='lat' dir='ltr'><strong>reprehendere,</strong></span> <span class='ocrx_word' id='word_1_167' title='bbox 945 2146 1002 2193; x_wconf 86' lang='lat' dir='ltr'><strong>et</strong></span> <span class='ocrx_word' id='word_1_168' title='bbox 1037 2140 1268 2211; x_wconf 86' lang='lat' dir='ltr'><strong>egregia</strong></span> <span class='ocrx_word' id='word_1_169' title='bbox 1327 2155 1509 2209; x_wconf 89' lang='lat' dir='ltr'><strong>opera</strong></span> <span class='ocrx_word' id='word_1_170' title='bbox 1539 2137 1900 2192; x_wconf 90' lang='lat' dir='ltr'><strong>collaudare.</strong></span> <span class='ocrx_word' id='word_1_171' title='bbox 1941 2160 1967 2185; x_wconf 73' lang='grc' dir='ltr'>κ</span> <span class='ocrx_word' id='word_1_172' title='bbox 2001 2137 2121 2190; x_wconf 91' lang='lat' dir='ltr'><strong>lm-</strong></span> 
     </span>
    </p>
   </div>
   <div class='ocr_carea' id='block_1_25' title="bbox 456 2223 2123 2297">
    <p class='ocr_par' dir='ltr' id='par_1_25' title="bbox 456 2223 2123 2297">
     <span class='ocr_line' id='line_1_25' title="bbox 456 2223 2123 2297; baseline -0.002 -17"><span class='ocrx_word' id='word_1_173' title='bbox 456 2227 653 2297; x_wconf 89' lang='lat' dir='ltr'><strong>pletus</strong></span> <span class='ocrx_word' id='word_1_174' title='bbox 680 2243 810 2281; x_wconf 91' lang='lat' dir='ltr'><strong>sum</strong></span> <span class='ocrx_word' id='word_1_175' title='bbox 845 2227 1274 2282; x_wconf 88' lang='lat' dir='ltr'><strong>consolatione.</strong></span> <span class='ocrx_word' id='word_1_176' title='bbox 1304 2249 1329 2275; x_wconf 78' lang='grc' dir='ltr'><strong>υ</strong></span> <span class='ocrx_word' id='word_1_177' title='bbox 1362 2231 1634 2291; x_wconf 83' lang='lat' dir='ltr'><strong>Quanam</strong></span> <span class='ocrx_word' id='word_1_178' title='bbox 1656 2226 1682 2279; x_wconf 78' lang='lat' dir='ltr'><strong>‘I</strong></span> <span class='ocrx_word' id='word_1_179' title='bbox 1711 2225 1860 2296; x_wconf 85' lang='lat' dir='ltr'><strong>Quia</strong></span> <span class='ocrx_word' id='word_1_180' title='bbox 1881 2223 2023 2278; x_wconf 88' lang='lat' dir='ltr'><strong>dum</strong></span> <span class='ocrx_word' id='word_1_181' title='bbox 2055 2238 2123 2277; x_wconf 83' lang='lat' dir='ltr'><strong>ea</strong></span> 
     </span>
    </p>
   </div>
   <div class='ocr_carea' id='block_1_26' title="bbox 453 2311 2117 2386">
    <p class='ocr_par' dir='ltr' id='par_1_26' title="bbox 453 2311 2117 2386">
     <span class='ocr_line' id='line_1_26' title="bbox 453 2311 2117 2386; baseline -0.002 -18"><span class='ocrx_word' id='word_1_182' title='bbox 453 2315 526 2370; x_wconf 87' lang='lat' dir='ltr'><strong>de</strong></span> <span class='ocrx_word' id='word_1_183' title='bbox 559 2315 774 2386; x_wconf 89' lang='lat' dir='ltr'><strong>quibus</strong></span> <span class='ocrx_word' id='word_1_184' title='bbox 799 2333 899 2370; x_wconf 86' lang='lat' dir='ltr'><strong>vos</strong></span> <span class='ocrx_word' id='word_1_185' title='bbox 932 2315 1127 2386; x_wconf 89' lang='lat' dir='ltr'><strong>priore</strong></span> <span class='ocrx_word' id='word_1_186' title='bbox 1186 2314 1438 2386; x_wconf 87' lang='lat' dir='ltr'><strong>epistola</strong></span> <span class='ocrx_word' id='word_1_187' title='bbox 1496 2330 1804 2386; x_wconf 88' lang='lat' dir='ltr'><strong>argueram</strong></span> <span class='ocrx_word' id='word_1_188' title='bbox 1861 2311 2117 2367; x_wconf 85' lang='lat' dir='ltr'><strong>correxi-</strong></span> 
     </span>
    </p>
   </div>
   <div class='ocr_carea' id='block_1_27' title="bbox 457 2401 2121 2476">
    <p class='ocr_par' dir='ltr' id='par_1_27' title="bbox 457 2401 2121 2476">
     <span class='ocr_line' id='line_1_27' title="bbox 457 2401 2121 2476; baseline -0.002 -18"><span class='ocrx_word' id='word_1_189' title='bbox 457 2405 588 2468; x_wconf 91' lang='lat' dir='ltr'><strong>stis,</strong></span> <span class='ocrx_word' id='word_1_190' title='bbox 620 2405 764 2476; x_wconf 91' lang='lat' dir='ltr'><strong>ipsis</strong></span> <span class='ocrx_word' id='word_1_191' title='bbox 786 2405 1062 2476; x_wconf 87' lang='lat' dir='ltr'><strong>operibus</strong></span> <span class='ocrx_word' id='word_1_192' title='bbox 1099 2421 1190 2459; x_wconf 91' lang='lat' dir='ltr'><strong>me</strong></span> <span class='ocrx_word' id='word_1_193' title='bbox 1229 2404 1604 2470; x_wconf 89' lang='lat' dir='ltr'><strong>consolastis,</strong></span> <span class='ocrx_word' id='word_1_194' title='bbox 1630 2410 1693 2457; x_wconf 93' lang='lat' dir='ltr'><strong>ut</strong></span> <span class='ocrx_word' id='word_1_195' title='bbox 1717 2404 1847 2474; x_wconf 86' lang='lat' dir='ltr'><strong>jam</strong></span> <span class='ocrx_word' id='word_1_196' title='bbox 1872 2418 1990 2456; x_wconf 89' lang='lat' dir='ltr'><strong>non</strong></span> <span class='ocrx_word' id='word_1_197' title='bbox 2023 2401 2121 2456; x_wconf 90' lang='lat' dir='ltr'><strong>do-</strong></span> 
     </span>
    </p>
   </div>
   <div class='ocr_carea' id='block_1_28' title="bbox 456 2491 2120 2565">
    <p class='ocr_par' dir='ltr' id='par_1_28' title="bbox 456 2491 2120 2565">
     <span class='ocr_line' id='line_1_28' title="bbox 456 2491 2120 2565; baseline -0.002 -18"><span class='ocrx_word' id='word_1_198' title='bbox 456 2493 614 2548; x_wconf 90' lang='lat' dir='ltr'><strong>leam</strong></span> <span class='ocrx_word' id='word_1_199' title='bbox 642 2512 655 2560; x_wconf 92' lang='lat'><strong>;</strong></span> <span class='ocrx_word' id='word_1_200' title='bbox 684 2511 792 2549; x_wconf 90' lang='lat' dir='ltr'><strong>nec</strong></span> <span class='ocrx_word' id='word_1_201' title='bbox 816 2494 872 2548; x_wconf 88' lang='lat' dir='ltr'><strong>id</strong></span> <span class='ocrx_word' id='word_1_202' title='bbox 899 2494 1113 2562; x_wconf 89' lang='lat' dir='ltr'><strong>solum,</strong></span> <span class='ocrx_word' id='word_1_203' title='bbox 1139 2494 1350 2564; x_wconf 89' lang='lat' dir='ltr'><strong>inquit,</strong></span> <span class='ocrx_word' id='word_1_204' title='bbox 1388 2493 1491 2548; x_wconf 91' lang='lat' dir='ltr'><strong>sed</strong></span> <span class='ocrx_word' id='word_1_205' title='bbox 1524 2499 1582 2546; x_wconf 94' lang='lat' dir='ltr'><strong>et</strong></span> <span class='ocrx_word' id='word_1_206' title='bbox 1609 2492 1825 2565; x_wconf 88' lang='lat' dir='ltr'><strong>gaudio</strong></span> <span class='ocrx_word' id='word_1_207' title='bbox 1864 2508 1958 2546; x_wconf 90' lang='lat' dir='ltr'><strong>me</strong></span> <span class='ocrx_word' id='word_1_208' title='bbox 2015 2491 2120 2544; x_wconf 84' lang='lat' dir='ltr'><strong>im-</strong></span> 
     </span>
    </p>
   </div>
   <div class='ocr_carea' id='block_1_29' title="bbox 457 2581 2120 2654">
    <p class='ocr_par' dir='ltr' id='par_1_29' title="bbox 457 2581 2120 2654">
     <span class='ocr_line' id='line_1_29' title="bbox 457 2581 2120 2654; baseline -0.002 -18"><span class='ocrx_word' id='word_1_209' title='bbox 457 2583 686 2654; x_wconf 87' lang='lat' dir='ltr'><strong>plestis.</strong></span> <span class='ocrx_word' id='word_1_210' title='bbox 736 2584 894 2638; x_wconf 80' lang='lat' dir='ltr'><strong>Adeo</strong></span> <span class='ocrx_word' id='word_1_211' title='bbox 927 2584 1093 2638; x_wconf 82' lang='lat' dir='ltr'><strong>velox</strong></span> <span class='ocrx_word' id='word_1_212' title='bbox 1125 2590 1184 2637; x_wconf 91' lang='lat' dir='ltr'><strong>et</strong></span> <span class='ocrx_word' id='word_1_213' title='bbox 1211 2584 1421 2638; x_wconf 74' lang='lat' dir='ltr'><strong>elﬁcax</strong></span> <span class='ocrx_word' id='word_1_214' title='bbox 1452 2583 1606 2637; x_wconf 86' lang='lat' dir='ltr'><strong>facta</strong></span> <span class='ocrx_word' id='word_1_215' title='bbox 1665 2588 1754 2635; x_wconf 89' lang='lat' dir='ltr'><strong>est</strong></span> <span class='ocrx_word' id='word_1_216' title='bbox 1809 2581 2120 2635; x_wconf 89' lang='lat' dir='ltr'><strong>correctio.</strong></span> 
     </span>
    </p>
   </div>
   <div class='ocr_carea' id='block_1_30' title="bbox 456 2671 2121 2746">
    <p class='ocr_par' dir='ltr' id='par_1_30' title="bbox 456 2671 2121 2746">
     <span class='ocr_line' id='line_1_30' title="bbox 456 2671 2121 2746; baseline -0.002 -18"><span class='ocrx_word' id='word_1_217' title='bbox 456 2676 524 2728; x_wconf 87' lang='lat' dir='ltr'><strong>Et</strong></span> <span class='ocrx_word' id='word_1_218' title='bbox 554 2675 664 2729; x_wconf 87' lang='lat' dir='ltr'><strong>hoc</strong></span> <span class='ocrx_word' id='word_1_219' title='bbox 698 2682 804 2742; x_wconf 92' lang='lat' dir='ltr'><strong>est,</strong></span> <span class='ocrx_word' id='word_1_220' title='bbox 866 2676 1024 2746; x_wconf 89' lang='lat' dir='ltr'><strong>quod</strong></span> <span class='ocrx_word' id='word_1_221' title='bbox 1085 2676 1196 2730; x_wconf 89' lang='lat' dir='ltr'><strong>ait:</strong></span> <span class='ocrx_word' id='word_1_222' title='bbox 1244 2676 1636 2729; x_wconf 79' lang='lat' dir='ltr'><strong>Vehementer</strong></span> <span class='ocrx_word' id='word_1_223' title='bbox 1692 2671 1924 2727; x_wconf 88' lang='lat' dir='ltr'><strong>exundo</strong></span> <span class='ocrx_word' id='word_1_224' title='bbox 1985 2687 2121 2743; x_wconf 84' lang='lat' dir='ltr'><strong>gau-</strong></span> 
     </span>
    </p>
   </div>
   <div class='ocr_carea' id='block_1_31' title="bbox 452 2760 2116 2837">
    <p class='ocr_par' dir='ltr' id='par_1_31' title="bbox 452 2760 2116 2837">
     <span class='ocr_line' id='line_1_31' title="bbox 452 2760 2116 2837; baseline -0.001 -21"><span class='ocrx_word' id='word_1_225' title='bbox 452 2765 571 2818; x_wconf 90' lang='lat' dir='ltr'><strong>dio.</strong></span> <span class='ocrx_word' id='word_1_226' title='bbox 605 2787 632 2812; x_wconf 86' lang='lat'>»</span> <span class='ocrx_word' id='word_1_227' title='bbox 664 2766 915 2819; x_wconf 88' lang='lat' dir='ltr'><strong>Tantum</strong></span> <span class='ocrx_word' id='word_1_228' title='bbox 949 2771 1039 2820; x_wconf 91' lang='lat' dir='ltr'><strong>est</strong></span> <span class='ocrx_word' id='word_1_229' title='bbox 1069 2765 1370 2837; x_wconf 89' lang='lat' dir='ltr'><strong>gaudium,</strong></span> <span class='ocrx_word' id='word_1_230' title='bbox 1426 2764 1640 2833; x_wconf 87' lang='lat' dir='ltr'><strong>inquit,</strong></span> <span class='ocrx_word' id='word_1_231' title='bbox 1671 2768 1735 2816; x_wconf 91' lang='lat' dir='ltr'><strong>ut</strong></span> <span class='ocrx_word' id='word_1_232' title='bbox 1767 2761 1938 2816; x_wconf 90' lang='lat' dir='ltr'><strong>nobis</strong></span> <span class='ocrx_word' id='word_1_233' title='bbox 1975 2760 2116 2814; x_wconf 89' lang='lat' dir='ltr'><strong>satis</strong></span> 
     </span>
    </p>
   </div>
   <div class='ocr_carea' id='block_1_32' title="bbox 450 2852 1774 2908">
    <p class='ocr_par' dir='ltr' id='par_1_32' title="bbox 450 2852 1774 2908">
     <span class='ocr_line' id='line_1_32' title="bbox 450 2852 1774 2908; baseline 0 -2"><span class='ocrx_word' id='word_1_234' title='bbox 450 2853 631 2907; x_wconf 86' lang='lat' dir='ltr'><strong>fuerit</strong></span> <span class='ocrx_word' id='word_1_235' title='bbox 663 2853 1062 2908; x_wconf 82' lang='lat' dir='ltr'><strong>adferendam</strong></span> <span class='ocrx_word' id='word_1_236' title='bbox 1093 2870 1330 2908; x_wconf 87' lang='lat' dir='ltr'><strong>omnem</strong></span> <span class='ocrx_word' id='word_1_237' title='bbox 1363 2852 1774 2907; x_wconf 87' lang='lat' dir='ltr'><strong>afllictionem.</strong></span> 
     </span>
    </p>
   </div>
   <div class='ocr_carea' id='block_1_33' title="bbox 532 2947 2123 3015">
    <p class='ocr_par' dir='ltr' id='par_1_33' title="bbox 532 2947 2123 3015">
     <span class='ocr_line' id='line_1_33' title="bbox 532 2947 2123 3015; baseline -0.002 -10"><span class='ocrx_word' id='word_1_238' title='bbox 532 2953 650 3015; x_wconf 87' lang='lat' dir='ltr'><strong>Vll,</strong></span> <span class='ocrx_word' id='word_1_239' title='bbox 685 2953 793 3007; x_wconf 79' lang='grc'>5-8.</span> <span class='ocrx_word' id='word_1_240' title='bbox 816 2974 843 3000; x_wconf 89' lang='grc'><strong>‹‹</strong></span> <span class='ocrx_word' id='word_1_241' title='bbox 870 2951 1099 3006; x_wconf 87' lang='lat' dir='ltr'><strong>Etenim</strong></span> <span class='ocrx_word' id='word_1_242' title='bbox 1123 2968 1257 3006; x_wconf 92' lang='lat' dir='ltr'><strong>cum</strong></span> <span class='ocrx_word' id='word_1_243' title='bbox 1274 2950 1710 3005; x_wconf 87' lang='lat' dir='ltr'><strong>venissemusin</strong></span> <span class='ocrx_word' id='word_1_244' title='bbox 1727 2947 2123 3004; x_wconf 86' lang='lat' dir='ltr'><strong>Macedoniam</strong></span> 
     </span>
    </p>
   </div>
   <div class='ocr_carea' id='block_1_34' title="bbox 463 3036 2120 3102">
    <p class='ocr_par' dir='ltr' id='par_1_34' title="bbox 463 3036 2120 3102">
     <span class='ocr_line' id='line_1_34' title="bbox 463 3036 2120 3102; baseline -0.004 -7"><span class='ocrx_word' id='word_1_245' title='bbox 463 3041 736 3095; x_wconf 85' lang='lat' dir='ltr'><strong>«nullam</strong></span> <span class='ocrx_word' id='word_1_246' title='bbox 786 3041 994 3096; x_wconf 87' lang='lat' dir='ltr'><strong>habuit</strong></span> <span class='ocrx_word' id='word_1_247' title='bbox 1033 3040 1462 3096; x_wconf 86' lang='lat' dir='ltr'><strong>relaxationem</strong></span> <span class='ocrx_word' id='word_1_248' title='bbox 1507 3055 1642 3093; x_wconf 88' lang='lat' dir='ltr'><strong>caro</strong></span> <span class='ocrx_word' id='word_1_249' title='bbox 1667 3044 1888 3102; x_wconf 87' lang='lat' dir='ltr'><strong>nostra,</strong></span> <span class='ocrx_word' id='word_1_250' title='bbox 1932 3036 2035 3090; x_wconf 90' lang='lat' dir='ltr'><strong>sed</strong></span> <span class='ocrx_word' id='word_1_251' title='bbox 2059 3036 2120 3089; x_wconf 92' lang='lat' dir='ltr'><strong>in</strong></span> 
     </span>
    </p>
   </div>
   <div class='ocr_carea' id='block_1_35' title="bbox 464 3125 2123 3203">
    <p class='ocr_par' dir='ltr' id='par_1_35' title="bbox 464 3125 2123 3203">
     <span class='ocr_line' id='line_1_35' title="bbox 464 3125 2123 3203; baseline -0.004 -18"><span class='ocrx_word' id='word_1_252' title='bbox 464 3152 491 3179; x_wconf 86' lang='lat'><strong>«</strong></span> <span class='ocrx_word' id='word_1_253' title='bbox 521 3131 798 3185; x_wconf 86' lang='lat' dir='ltr'><strong>omnibus</strong></span> <span class='ocrx_word' id='word_1_254' title='bbox 831 3130 1263 3203; x_wconf 81' lang='lat' dir='ltr'><strong>aflligebamur.</strong></span> <span class='ocrx_word' id='word_1_255' title='bbox 1304 3129 1465 3183; x_wconf 87' lang='lat' dir='ltr'><strong>Foris</strong></span> <span class='ocrx_word' id='word_1_256' title='bbox 1511 3143 1742 3198; x_wconf 64' lang='lat' dir='ltr'><strong>pugnae,</strong></span> <span class='ocrx_word' id='word_1_257' title='bbox 1774 3127 1934 3180; x_wconf 89' lang='lat' dir='ltr'><strong>intus</strong></span> <span class='ocrx_word' id='word_1_258' title='bbox 1957 3125 2123 3179; x_wconf 90' lang='lat' dir='ltr'><strong>timo-</strong></span> 
     </span>
    </p>
   </div>
   <div class='ocr_carea' id='block_1_36' title="bbox 2226 531 3804 616">
    <p class='ocr_par' dir='ltr' id='par_1_36' title="bbox 2226 531 3804 616">
     <span class='ocr_line' id='line_1_36' title="bbox 2226 531 3804 616; baseline 0.004 -26"><span class='ocrx_word' id='word_1_259' title='bbox 2226 533 2399 591; x_wconf 82' lang='grc' dir='ltr'><strong>Ἀλλᾶ</strong></span> <span class='ocrx_word' id='word_1_260' title='bbox 2428 537 2709 590; x_wconf 79' lang='grc' dir='ltr'>καὶτοῦτο</span> <span class='ocrx_word' id='word_1_261' title='bbox 2741 536 2902 590; x_wconf 89' lang='grc' dir='ltr'>πόθεν</span> <span class='ocrx_word' id='word_1_262' title='bbox 2939 531 3110 605; x_wconf 80' lang='grc' dir='ltr'>δῆλον</span> <span class='ocrx_word' id='word_1_263' title='bbox 3146 553 3160 594; x_wconf 87' lang='lat'><strong>:</strong></span> <span class='ocrx_word' id='word_1_264' title='bbox 3197 542 3525 613; x_wconf 80' lang='grc' dir='ltr'>Καυχῶμαι,</span> <span class='ocrx_word' id='word_1_265' title='bbox 3571 540 3727 616; x_wconf 70' lang='grc' dir='ltr'>φησὶν,</span> <span class='ocrx_word' id='word_1_266' title='bbox 3766 541 3804 596; x_wconf 75' lang='grc' dir='ltr'>ἓν</span> 
     </span>
    </p>
   </div>
   <div class='ocr_carea' id='block_1_37' title="bbox 2230 625 3808 702">
    <p class='ocr_par' dir='ltr' id='par_1_37' title="bbox 2230 625 3808 702">
     <span class='ocr_line' id='line_1_37' title="bbox 2230 625 3808 702; baseline 0.003 -22"><span class='ocrx_word' id='word_1_267' title='bbox 2230 628 2380 699; x_wconf 75' lang='grc' dir='ltr'>ὑμῖν.</span> <span class='ocrx_word' id='word_1_268' title='bbox 2413 630 2583 683; x_wconf 73' lang='grc' dir='ltr'>Τοῦτο</span> <span class='ocrx_word' id='word_1_269' title='bbox 2605 627 2708 702; x_wconf 78' lang='grc' dir='ltr'><strong>γὰρ</strong></span> <span class='ocrx_word' id='word_1_270' title='bbox 2746 625 2980 690; x_wconf 79' lang='grc' dir='ltr'>ἄλλοθεν</span> <span class='ocrx_word' id='word_1_271' title='bbox 3041 628 3105 682; x_wconf 81' lang='grc' dir='ltr'>οὐ</span> <span class='ocrx_word' id='word_1_272' title='bbox 3165 629 3395 702; x_wconf 83' lang='grc' dir='ltr'>γίνεται,</span> <span class='ocrx_word' id='word_1_273' title='bbox 3427 630 3462 700; x_wconf 71' lang='grc' dir='ltr'><strong>ἢ</strong></span> <span class='ocrx_word' id='word_1_274' title='bbox 3521 628 3578 684; x_wconf 75' lang='grc' dir='ltr'>ἐκ</span> <span class='ocrx_word' id='word_1_275' title='bbox 3609 634 3689 684; x_wconf 69' lang='grc' dir='ltr'><strong>τοῦ</strong></span> <span class='ocrx_word' id='word_1_276' title='bbox 3717 629 3808 686; x_wconf 76' lang='grc' dir='ltr'>λίαν</span> 
     </span>
    </p>
   </div>
   <div class='ocr_carea' id='block_1_38' title="bbox 2223 716 3813 796">
    <p class='ocr_par' dir='ltr' id='par_1_38' title="bbox 2223 716 3813 796">
     <span class='ocr_line' id='line_1_38' title="bbox 2223 716 3813 796; baseline 0.002 -26"><span class='ocrx_word' id='word_1_277' title='bbox 2223 717 2536 770; x_wconf 67' lang='grc' dir='ltr'><strong>πεποιθέναι</strong></span> <span class='ocrx_word' id='word_1_278' title='bbox 2567 718 2654 770; x_wconf 86' lang='grc' dir='ltr'><strong>καὶ</strong></span> <span class='ocrx_word' id='word_1_279' title='bbox 2689 716 2924 791; x_wconf 65' lang='grc' dir='ltr'>θαέρεἶν.</span> <span class='ocrx_word' id='word_1_280' title='bbox 2959 717 3052 772; x_wconf 88' lang='grc' dir='ltr'><strong>Διὸ</strong></span> <span class='ocrx_word' id='word_1_281' title='bbox 3091 717 3181 770; x_wconf 84' lang='grc' dir='ltr'>καὶ</span> <span class='ocrx_word' id='word_1_282' title='bbox 3211 739 3372 796; x_wconf 72' lang='grc' dir='ltr'>φησι,</span> <span class='ocrx_word' id='word_1_283' title='bbox 3405 740 3436 769; x_wconf 75' lang='grc' dir='ltr'><strong>ιι</strong></span> <span class='ocrx_word' id='word_1_284' title='bbox 3491 719 3813 792; x_wconf 74' lang='grc' dir='ltr'>Πεπλήρωμαι</span> 
     </span>
    </p>
   </div>
   <div class='ocr_carea' id='block_1_39' title="bbox 2224 803 3814 882">
    <p class='ocr_par' dir='ltr' id='par_1_39' title="bbox 2224 803 3814 882">
     <span class='ocr_line' id='line_1_39' title="bbox 2224 803 3814 882; baseline -0.004 -24"><span class='ocrx_word' id='word_1_285' title='bbox 2224 808 2292 878; x_wconf 79' lang='grc' dir='ltr'><strong>τῇ</strong></span> <span class='ocrx_word' id='word_1_286' title='bbox 2333 803 2697 877; x_wconf 68' lang='grc' dir='ltr'><strong>παρακλήσει,</strong></span> <span class='ocrx_word' id='word_1_287' title='bbox 2729 829 2758 857; x_wconf 88' lang='grc'><strong>››</strong></span> <span class='ocrx_word' id='word_1_288' title='bbox 2808 805 2898 859; x_wconf 82' lang='grc' dir='ltr'><strong>καὶ</strong></span> <span class='ocrx_word' id='word_1_289' title='bbox 2958 805 3099 875; x_wconf 73' lang='grc' dir='ltr'>ἑξῆς.</span> <span class='ocrx_word' id='word_1_290' title='bbox 3168 829 3196 857; x_wconf 81' lang='grc'><strong>‹‹</strong></span> <span class='ocrx_word' id='word_1_291' title='bbox 3229 805 3434 876; x_wconf 76' lang='grc' dir='ltr'>Πολλή</span> <span class='ocrx_word' id='word_1_292' title='bbox 3504 827 3593 879; x_wconf 83' lang='grc' dir='ltr'><strong>μοι</strong></span> <span class='ocrx_word' id='word_1_293' title='bbox 3644 807 3814 882; x_wconf 54' lang='lat' dir='ltr'><strong>aus-ﬂ.</strong></span> 
     </span>
    </p>
   </div>
   <div class='ocr_carea' id='block_1_40' title="bbox 2225 893 3816 970">
    <p class='ocr_par' dir='ltr' id='par_1_40' title="bbox 2225 893 3816 970">
     <span class='ocr_line' id='line_1_40' title="bbox 2225 893 3816 970; baseline 0.001 -21"><span class='ocrx_word' id='word_1_294' title='bbox 2225 915 2307 956; x_wconf 90' lang='grc' dir='ltr'><strong>σις</strong></span> <span class='ocrx_word' id='word_1_295' title='bbox 2371 895 2504 969; x_wconf 74' lang='grc' dir='ltr'>ὑπὲρ</span> <span class='ocrx_word' id='word_1_296' title='bbox 2567 896 2797 967; x_wconf 63' lang='grc' dir='ltr'>ὑμῶν..</span> <span class='ocrx_word' id='word_1_297' title='bbox 2860 897 3041 952; x_wconf 75' lang='grc' dir='ltr'>Ταῦτα</span> <span class='ocrx_word' id='word_1_298' title='bbox 3125 893 3273 950; x_wconf 83' lang='grc' dir='ltr'>δοκεῖ</span> <span class='ocrx_word' id='word_1_299' title='bbox 3374 897 3470 968; x_wconf 74' lang='grc' dir='ltr'>μὲν</span> <span class='ocrx_word' id='word_1_300' title='bbox 3552 901 3650 950; x_wconf 87' lang='grc' dir='ltr'><strong>τῶν</strong></span> <span class='ocrx_word' id='word_1_301' title='bbox 3701 899 3816 970; x_wconf 80' lang='grc' dir='ltr'>πρώ-</span> 
     </span>
    </p>
   </div>
   <div class='ocr_carea' id='block_1_41' title="bbox 2221 982 3816 1062">
    <p class='ocr_par' dir='ltr' id='par_1_41' title="bbox 2221 982 3816 1062">
     <span class='ocr_line' id='line_1_41' title="bbox 2221 982 3816 1062; baseline 0.001 -24"><span class='ocrx_word' id='word_1_302' title='bbox 2221 1005 2330 1038; x_wconf 88' lang='grc' dir='ltr'><strong>των</strong></span> <span class='ocrx_word' id='word_1_303' title='bbox 2374 983 2585 1038; x_wconf 82' lang='grc' dir='ltr'>ἐναντία</span> <span class='ocrx_word' id='word_1_304' title='bbox 2643 985 2932 1062; x_wconf 81' lang='grc' dir='ltr'><strong>ὑπάρχειν,</strong></span> <span class='ocrx_word' id='word_1_305' title='bbox 2973 982 3100 1047; x_wconf 85' lang='grc' dir='ltr'>ἔνθα</span> <span class='ocrx_word' id='word_1_306' title='bbox 3155 986 3336 1040; x_wconf 84' lang='grc' dir='ltr'>αὐτῶν</span> <span class='ocrx_word' id='word_1_307' title='bbox 3401 983 3816 1058; x_wconf 67' lang='grc' dir='ltr'>κατεγίνωαενώς</span> 
     </span>
    </p>
   </div>
   <div class='ocr_carea' id='block_1_42' title="bbox 2224 1070 3817 1147">
    <p class='ocr_par' dir='ltr' id='par_1_42' title="bbox 2224 1070 3817 1147">
     <span class='ocr_line' id='line_1_42' title="bbox 2224 1070 3817 1147; baseline 0.001 -21"><span class='ocrx_word' id='word_1_308' title='bbox 2224 1071 2448 1134; x_wconf 80' lang='grc' dir='ltr'><strong>ἀτόποις</strong></span> <span class='ocrx_word' id='word_1_309' title='bbox 2503 1071 2895 1145; x_wconf 72' lang='grc' dir='ltr'><strong>κολλωμένων.</strong></span> <span class='ocrx_word' id='word_1_310' title='bbox 2958 1071 3116 1130; x_wconf 83' lang='grc' dir='ltr'>Ἀλλ’</span> <span class='ocrx_word' id='word_1_311' title='bbox 3172 1070 3323 1128; x_wconf 75' lang='grc' dir='ltr'>οὐδὲν</span> <span class='ocrx_word' id='word_1_312' title='bbox 3385 1071 3719 1130; x_wconf 81' lang='grc' dir='ltr'>ἐναντίον.’0</span> <span class='ocrx_word' id='word_1_313' title='bbox 3743 1074 3817 1147; x_wconf 75' lang='grc' dir='ltr'>γᾶρ</span> 
     </span>
    </p>
   </div>
   <div class='ocr_carea' id='block_1_43' title="bbox 2225 1159 3817 1239">
    <p class='ocr_par' dir='ltr' id='par_1_43' title="bbox 2225 1159 3817 1239">
     <span class='ocr_line' id='line_1_43' title="bbox 2225 1159 3817 1239; baseline -0.001 -24"><span class='ocrx_word' id='word_1_314' title='bbox 2225 1159 2316 1215; x_wconf 72' lang='grc' dir='ltr'><strong>διὰ</strong></span> <span class='ocrx_word' id='word_1_315' title='bbox 2345 1160 2552 1216; x_wconf 72' lang='grc' dir='ltr'>τούτων</span> <span class='ocrx_word' id='word_1_316' title='bbox 2595 1159 2833 1229; x_wconf 82' lang='grc' dir='ltr'>ἔπαινος,</span> <span class='ocrx_word' id='word_1_317' title='bbox 2862 1162 2961 1230; x_wconf 82' lang='grc' dir='ltr'><strong>τήν</strong></span> <span class='ocrx_word' id='word_1_318' title='bbox 2995 1162 3100 1216; x_wconf 83' lang='grc' dir='ltr'><strong>ἀπὸ</strong></span> <span class='ocrx_word' id='word_1_319' title='bbox 3145 1166 3250 1217; x_wconf 90' lang='grc' dir='ltr'><strong>τῶν</strong></span> <span class='ocrx_word' id='word_1_320' title='bbox 3316 1161 3568 1239; x_wconf 80' lang='grc' dir='ltr'>ἐλέγχων</span> <span class='ocrx_word' id='word_1_321' title='bbox 3597 1161 3817 1239; x_wconf 75' lang='grc' dir='ltr'>ὠφέλειαν</span> 
     </span>
    </p>
   </div>
   <div class='ocr_carea' id='block_1_44' title="bbox 2227 1247 3820 1329">
    <p class='ocr_par' dir='ltr' id='par_1_44' title="bbox 2227 1247 3820 1329">
     <span class='ocr_line' id='line_1_44' title="bbox 2227 1247 3820 1329; baseline -0.001 -24"><span class='ocrx_word' id='word_1_322' title='bbox 2227 1247 2618 1325; x_wconf 73' lang='grc' dir='ltr'>εὖπαράδεκτον</span> <span class='ocrx_word' id='word_1_323' title='bbox 2679 1255 2845 1320; x_wconf 89' lang='grc' dir='ltr'>ποιεῖ,</span> <span class='ocrx_word' id='word_1_324' title='bbox 2909 1249 2984 1312; x_wconf 86' lang='grc' dir='ltr'>ὠς</span> <span class='ocrx_word' id='word_1_325' title='bbox 3033 1250 3140 1305; x_wconf 84' lang='grc' dir='ltr'><strong>ἀπὸ</strong></span> <span class='ocrx_word' id='word_1_326' title='bbox 3198 1251 3492 1329; x_wconf 70' lang='grc' dir='ltr'>φιλοῦντος</span> <span class='ocrx_word' id='word_1_327' title='bbox 3545 1250 3820 1324; x_wconf 75' lang='grc' dir='ltr'>λεγομένων,</span> 
     </span>
    </p>
   </div>
   <div class='ocr_carea' id='block_1_45' title="bbox 2227 1335 3824 1415">
    <p class='ocr_par' dir='ltr' id='par_1_45' title="bbox 2227 1335 3824 1415">
     <span class='ocr_line' id='line_1_45' title="bbox 2227 1335 3824 1415; baseline -0.001 -21"><span class='ocrx_word' id='word_1_328' title='bbox 2227 1339 2354 1394; x_wconf 81' lang='grc' dir='ltr'>ὡσεὶ</span> <span class='ocrx_word' id='word_1_329' title='bbox 2420 1335 2593 1414; x_wconf 76' lang='grc' dir='ltr'>ἕλεγε’</span> <span class='ocrx_word' id='word_1_330' title='bbox 2655 1341 2744 1406; x_wconf 76' lang='grc' dir='ltr'><strong>Μὴ</strong></span> <span class='ocrx_word' id='word_1_331' title='bbox 2777 1339 2880 1412; x_wconf 79' lang='grc' dir='ltr'><strong>γὰρ</strong></span> <span class='ocrx_word' id='word_1_332' title='bbox 2939 1340 3014 1400; x_wconf 82' lang='grc' dir='ltr'>ὡς</span> <span class='ocrx_word' id='word_1_333' title='bbox 3053 1340 3408 1415; x_wconf 79' lang='grc' dir='ltr'><strong>κατεγνωκὼς</strong></span> <span class='ocrx_word' id='word_1_334' title='bbox 3471 1340 3639 1412; x_wconf 84' lang='grc' dir='ltr'>ὑμῶν,</span> <span class='ocrx_word' id='word_1_335' title='bbox 3686 1339 3824 1394; x_wconf 68' lang='grc' dir='ltr'>ἐκεῖνα</span> 
     </span>
    </p>
   </div>
   <div class='ocr_carea' id='block_1_46' title="bbox 2226 1424 3821 1503">
    <p class='ocr_par' dir='ltr' id='par_1_46' title="bbox 2226 1424 3821 1503">
     <span class='ocr_line' id='line_1_46' title="bbox 2226 1424 3821 1503; baseline 0.002 -21"><span class='ocrx_word' id='word_1_336' title='bbox 2226 1424 2450 1502; x_wconf 76' lang='grc' dir='ltr'>ἕλεγονς</span> <span class='ocrx_word' id='word_1_337' title='bbox 2485 1428 2784 1500; x_wconf 75' lang='grc' dir='ltr'>Οὐμενοῦν.</span> <span class='ocrx_word' id='word_1_338' title='bbox 2818 1425 2975 1484; x_wconf 82' lang='grc' dir='ltr'>Ἀλλ’</span> <span class='ocrx_word' id='word_1_339' title='bbox 3015 1425 3113 1482; x_wconf 66' lang='grc' dir='ltr'>’ίνα</span> <span class='ocrx_word' id='word_1_340' title='bbox 3162 1426 3399 1484; x_wconf 80' lang='grc' dir='ltr'>έπιδῶτε</span> <span class='ocrx_word' id='word_1_341' title='bbox 3464 1428 3596 1503; x_wconf 81' lang='grc' dir='ltr'>πρὸς</span> <span class='ocrx_word' id='word_1_342' title='bbox 3651 1427 3821 1502; x_wconf 61' lang='lat' dir='ltr'><strong>cipe-cm.</strong></span> 
     </span>
    </p>
   </div>
   <div class='ocr_carea' id='block_1_47' title="bbox 2226 1515 3828 1592">
    <p class='ocr_par' dir='ltr' id='par_1_47' title="bbox 2226 1515 3828 1592">
     <span class='ocr_line' id='line_1_47' title="bbox 2226 1515 3828 1592; baseline -0.002 -18"><span class='ocrx_word' id='word_1_343' title='bbox 2226 1550 2294 1561; x_wconf 94' lang='lat'><strong>—</strong></span> <span class='ocrx_word' id='word_1_344' title='bbox 2323 1515 2570 1579; x_wconf 84' lang='grc' dir='ltr'>”Αλλως.</span> <span class='ocrx_word' id='word_1_345' title='bbox 2601 1517 2865 1589; x_wconf 86' lang='grc' dir='ltr'>Ἐπετίμα</span> <span class='ocrx_word' id='word_1_346' title='bbox 2901 1517 3186 1592; x_wconf 86' lang='grc' dir='ltr'>πρότερον,</span> <span class='ocrx_word' id='word_1_347' title='bbox 3219 1517 3270 1573; x_wconf 81' lang='grc' dir='ltr'>ἐν</span> <span class='ocrx_word' id='word_1_348' title='bbox 3305 1519 3396 1581; x_wconf 84' lang='grc' dir='ltr'>οἷς</span> <span class='ocrx_word' id='word_1_349' title='bbox 3424 1517 3561 1591; x_wconf 76' lang='grc' dir='ltr'>πρὸς</span> <span class='ocrx_word' id='word_1_350' title='bbox 3591 1517 3705 1578; x_wconf 73' lang='grc' dir='ltr'>τοὺς</span> <span class='ocrx_word' id='word_1_351' title='bbox 3729 1517 3828 1570; x_wconf 80' lang='grc' dir='ltr'>ἀπί-</span> 
     </span>
    </p>
   </div>
   <div class='ocr_carea' id='block_1_48' title="bbox 2226 1603 3820 1681">
    <p class='ocr_par' dir='ltr' id='par_1_48' title="bbox 2226 1603 3820 1681">
     <span class='ocr_line' id='line_1_48' title="bbox 2226 1603 3820 1681; baseline -0.003 -19"><span class='ocrx_word' id='word_1_352' title='bbox 2226 1627 2386 1667; x_wconf 80' lang='grc' dir='ltr'>στους</span> <span class='ocrx_word' id='word_1_353' title='bbox 2416 1603 2507 1662; x_wconf 78' lang='grc' dir='ltr'>διὰ</span> <span class='ocrx_word' id='word_1_354' title='bbox 2531 1613 2630 1674; x_wconf 75' lang='grc' dir='ltr'><strong>τῆς</strong></span> <span class='ocrx_word' id='word_1_355' title='bbox 2682 1607 2899 1681; x_wconf 74' lang='grc' dir='ltr'>ἀγάπης</span> <span class='ocrx_word' id='word_1_356' title='bbox 2952 1605 3262 1662; x_wconf 81' lang='grc' dir='ltr'>ἀπέκλινον.</span> <span class='ocrx_word' id='word_1_357' title='bbox 3313 1609 3562 1662; x_wconf 86' lang='grc' dir='ltr'>Ἐπαινεῖ</span> <span class='ocrx_word' id='word_1_358' title='bbox 3588 1603 3640 1661; x_wconf 76' lang='grc' dir='ltr'><strong>δὲ</strong></span> <span class='ocrx_word' id='word_1_359' title='bbox 3666 1610 3761 1672; x_wconf 75' lang='grc' dir='ltr'>νῦν,</span> <span class='ocrx_word' id='word_1_360' title='bbox 3782 1605 3820 1660; x_wconf 75' lang='grc' dir='ltr'>ἐν</span> 
     </span>
    </p>
   </div>
   <div class='ocr_carea' id='block_1_49' title="bbox 2227 1693 3823 1770">
    <p class='ocr_par' dir='ltr' id='par_1_49' title="bbox 2227 1693 3823 1770">
     <span class='ocr_line' id='line_1_49' title="bbox 2227 1693 3823 1770; baseline -0.002 -20"><span class='ocrx_word' id='word_1_361' title='bbox 2227 1697 2314 1757; x_wconf 81' lang='grc' dir='ltr'>οἷς</span> <span class='ocrx_word' id='word_1_362' title='bbox 2343 1695 2414 1749; x_wconf 76' lang='grc' dir='ltr'><strong>τὰ</strong></span> <span class='ocrx_word' id='word_1_363' title='bbox 2435 1693 2488 1750; x_wconf 69' lang='grc' dir='ltr'><strong>έν</strong></span> <span class='ocrx_word' id='word_1_364' title='bbox 2515 1699 2584 1768; x_wconf 71' lang='grc' dir='ltr'>τῇ</span> <span class='ocrx_word' id='word_1_365' title='bbox 2612 1693 2852 1770; x_wconf 79' lang='grc' dir='ltr'>προτέρᾳ</span> <span class='ocrx_word' id='word_1_366' title='bbox 2916 1695 3182 1767; x_wconf 76' lang='grc' dir='ltr'>ἐπιστολῇ</span> <span class='ocrx_word' id='word_1_367' title='bbox 3241 1693 3606 1765; x_wconf 71' lang='grc' dir='ltr'>ἐπικληθέντα</span> <span class='ocrx_word' id='word_1_368' title='bbox 3653 1695 3823 1764; x_wconf 78' lang='grc' dir='ltr'>αὐτοῖς,</span> 
     </span>
    </p>
   </div>
   <div class='ocr_carea' id='block_1_50' title="bbox 2226 1780 3822 1860">
    <p class='ocr_par' dir='ltr' id='par_1_50' title="bbox 2226 1780 3822 1860">
     <span class='ocr_line' id='line_1_50' title="bbox 2226 1780 3822 1860; baseline -0.001 -22"><span class='ocrx_word' id='word_1_369' title='bbox 2226 1781 2314 1838; x_wconf 84' lang='grc' dir='ltr'>διὰ</span> <span class='ocrx_word' id='word_1_370' title='bbox 2373 1780 2614 1852; x_wconf 79' lang='grc' dir='ltr'>σπουδῆς</span> <span class='ocrx_word' id='word_1_371' title='bbox 2671 1780 3056 1856; x_wconf 78' lang='grc' dir='ltr'>διωρθώσαντο</span> <span class='ocrx_word' id='word_1_372' title='bbox 3089 1825 3102 1838; x_wconf 93' lang='grc'><strong>.</strong></span> <span class='ocrx_word' id='word_1_373' title='bbox 3181 1787 3358 1840; x_wconf 72' lang='grc' dir='ltr'>Τοῦτο</span> <span class='ocrx_word' id='word_1_374' title='bbox 3426 1785 3528 1860; x_wconf 72' lang='grc' dir='ltr'><strong>γὰρ</strong></span> <span class='ocrx_word' id='word_1_375' title='bbox 3584 1780 3822 1837; x_wconf 79' lang='grc' dir='ltr'>ἁδικτὶστου</span> 
     </span>
    </p>
   </div>
   <div class='ocr_carea' id='block_1_51' title="bbox 2229 1869 3822 1948">
    <p class='ocr_par' dir='ltr' id='par_1_51' title="bbox 2229 1869 3822 1948">
     <span class='ocr_line' id='line_1_51' title="bbox 2229 1869 3822 1948; baseline -0.001 -22"><span class='ocrx_word' id='word_1_376' title='bbox 2229 1869 2534 1942; x_wconf 74' lang='grc' dir='ltr'>διαιτητοῦ,</span> <span class='ocrx_word' id='word_1_377' title='bbox 2566 1875 2630 1927; x_wconf 84' lang='grc' dir='ltr'>τὸ</span> <span class='ocrx_word' id='word_1_378' title='bbox 2670 1871 2758 1927; x_wconf 74' lang='grc' dir='ltr'><strong>καί</strong></span> <span class='ocrx_word' id='word_1_379' title='bbox 2787 1873 2853 1926; x_wconf 83' lang='grc' dir='ltr'>τὰ</span> <span class='ocrx_word' id='word_1_380' title='bbox 2884 1873 3456 1948; x_wconf 76' lang='grc' dir='ltr'>ἡμαρτημέναψέγειν,</span> <span class='ocrx_word' id='word_1_381' title='bbox 3496 1875 3584 1927; x_wconf 85' lang='grc' dir='ltr'><strong>καὶ</strong></span> <span class='ocrx_word' id='word_1_382' title='bbox 3636 1873 3695 1926; x_wconf 80' lang='grc' dir='ltr'><strong>τὰ</strong></span> <span class='ocrx_word' id='word_1_383' title='bbox 3719 1891 3822 1926; x_wconf 82' lang='grc' dir='ltr'>κατ-</span> 
     </span>
    </p>
   </div>
   <div class='ocr_carea' id='block_1_52' title="bbox 2229 1959 3818 2035">
    <p class='ocr_par' dir='ltr' id='par_1_52' title="bbox 2229 1959 3818 2035">
     <span class='ocr_line' id='line_1_52' title="bbox 2229 1959 3818 2035; baseline -0.001 -20"><span class='ocrx_word' id='word_1_384' title='bbox 2229 1960 2532 2034; x_wconf 83' lang='grc' dir='ltr'>ωρθωμένα</span> <span class='ocrx_word' id='word_1_385' title='bbox 2572 1959 2622 2015; x_wconf 82' lang='grc' dir='ltr'>ἐν</span> <span class='ocrx_word' id='word_1_386' title='bbox 2675 1959 2876 2033; x_wconf 83' lang='grc' dir='ltr'>ἐπαίνῳ</span> <span class='ocrx_word' id='word_1_387' title='bbox 2933 1963 3224 2016; x_wconf 88' lang='grc' dir='ltr'>ποιεῖσθαι.</span> <span class='ocrx_word' id='word_1_388' title='bbox 3298 1985 3328 2013; x_wconf 79' lang='grc' dir='ltr'><strong>α</strong></span> <span class='ocrx_word' id='word_1_389' title='bbox 3371 1959 3730 2035; x_wconf 68' lang='grc' dir='ltr'>Πεπλήρωμαι</span> 
     </span>
    </p>
   </div>
   <div class='ocr_carea' id='block_1_53' title="bbox 2229 2048 3814 2123">
    <p class='ocr_par' dir='ltr' id='par_1_53' title="bbox 2229 2048 3814 2123">
     <span class='ocr_line' id='line_1_53' title="bbox 2229 2048 3814 2123; baseline -0.001 -19"><span class='ocrx_word' id='word_1_390' title='bbox 2229 2050 2590 2123; x_wconf 75' lang='grc' dir='ltr'>παρακλήσει.</span> <span class='ocrx_word' id='word_1_391' title='bbox 2629 2075 2649 2099; x_wconf 77' lang='grc' dir='ltr'><strong><em>ι</em></strong></span> <span class='ocrx_word' id='word_1_392' title='bbox 2685 2049 2823 2120; x_wconf 72' lang='grc' dir='ltr'>Ποία</span> <span class='ocrx_word' id='word_1_393' title='bbox 2856 2069 2868 2117; x_wconf 91' lang='grc'><strong>;</strong></span> <span class='ocrx_word' id='word_1_394' title='bbox 2929 2052 3048 2106; x_wconf 82' lang='grc' dir='ltr'>Ὀτι</span> <span class='ocrx_word' id='word_1_395' title='bbox 3105 2048 3186 2123; x_wconf 74' lang='grc' dir='ltr'><strong>ἐφ’</strong></span> <span class='ocrx_word' id='word_1_396' title='bbox 3217 2052 3304 2110; x_wconf 81' lang='grc' dir='ltr'>οἷς</span> <span class='ocrx_word' id='word_1_397' title='bbox 3355 2051 3424 2104; x_wconf 71' lang='grc' dir='ltr'><strong>τὰ</strong></span> <span class='ocrx_word' id='word_1_398' title='bbox 3487 2049 3538 2104; x_wconf 83' lang='grc' dir='ltr'><strong>έν</strong></span> <span class='ocrx_word' id='word_1_399' title='bbox 3570 2053 3633 2122; x_wconf 74' lang='grc' dir='ltr'><strong>τῇ</strong></span> <span class='ocrx_word' id='word_1_400' title='bbox 3662 2050 3814 2123; x_wconf 75' lang='grc' dir='ltr'>πρώτῃ</span> 
     </span>
    </p>
   </div>
   <div class='ocr_carea' id='block_1_54' title="bbox 2227 2137 3819 2215">
    <p class='ocr_par' dir='ltr' id='par_1_54' title="bbox 2227 2137 3819 2215">
     <span class='ocr_line' id='line_1_54' title="bbox 2227 2137 3819 2215; baseline -0.003 -20"><span class='ocrx_word' id='word_1_401' title='bbox 2227 2140 2495 2215; x_wconf 84' lang='grc' dir='ltr'>κατέγνων</span> <span class='ocrx_word' id='word_1_402' title='bbox 2568 2141 2718 2212; x_wconf 81' lang='grc' dir='ltr'>ὑμῶν</span> <span class='ocrx_word' id='word_1_403' title='bbox 2775 2138 3064 2214; x_wconf 77' lang='grc' dir='ltr'>ἐπιστολῇ,</span> <span class='ocrx_word' id='word_1_404' title='bbox 3123 2137 3531 2214; x_wconf 76' lang='grc' dir='ltr'>διορθωοέντές,</span> <span class='ocrx_word' id='word_1_405' title='bbox 3587 2137 3651 2192; x_wconf 85' lang='grc' dir='ltr'>δι’</span> <span class='ocrx_word' id='word_1_406' title='bbox 3685 2137 3819 2192; x_wconf 81' lang='grc' dir='ltr'>αὐτῶν</span> 
     </span>
    </p>
   </div>
   <div class='ocr_carea' id='block_1_55' title="bbox 2230 2226 3820 2305">
    <p class='ocr_par' dir='ltr' id='par_1_55' title="bbox 2230 2226 3820 2305">
     <span class='ocr_line' id='line_1_55' title="bbox 2230 2226 3820 2305; baseline -0.003 -22"><span class='ocrx_word' id='word_1_407' title='bbox 2230 2233 2336 2284; x_wconf 90' lang='grc' dir='ltr'><strong>τῶν</strong></span> <span class='ocrx_word' id='word_1_408' title='bbox 2368 2226 2538 2305; x_wconf 68' lang='grc' dir='ltr'>ἔργων</span> <span class='ocrx_word' id='word_1_409' title='bbox 2581 2227 2984 2302; x_wconf 82' lang='grc' dir='ltr'>παρεκαλέσατέ</span> <span class='ocrx_word' id='word_1_410' title='bbox 3017 2249 3083 2302; x_wconf 85' lang='grc' dir='ltr'><strong>με</strong></span> <span class='ocrx_word' id='word_1_411' title='bbox 3134 2229 3198 2282; x_wconf 87' lang='grc' dir='ltr'>τὸ</span> <span class='ocrx_word' id='word_1_412' title='bbox 3263 2229 3342 2300; x_wconf 75' lang='grc' dir='ltr'>μὴ</span> <span class='ocrx_word' id='word_1_413' title='bbox 3405 2226 3691 2292; x_wconf 83' lang='grc' dir='ltr'>λυπεῖσθαι.</span> <span class='ocrx_word' id='word_1_414' title='bbox 3742 2226 3820 2281; x_wconf 78' lang='grc' dir='ltr'>Καὶ</span> 
     </span>
    </p>
   </div>
   <div class='ocr_carea' id='block_1_56' title="bbox 2231 2314 3817 2394">
    <p class='ocr_par' dir='ltr' id='par_1_56' title="bbox 2231 2314 3817 2394">
     <span class='ocr_line' id='line_1_56' title="bbox 2231 2314 3817 2394; baseline -0.003 -22"><span class='ocrx_word' id='word_1_415' title='bbox 2231 2318 2293 2372; x_wconf 83' lang='grc' dir='ltr'>οὐ</span> <span class='ocrx_word' id='word_1_416' title='bbox 2329 2319 2492 2390; x_wconf 86' lang='grc' dir='ltr'>μόνον</span> <span class='ocrx_word' id='word_1_417' title='bbox 2525 2322 2708 2385; x_wconf 76' lang='grc' dir='ltr'>τοῦτο,</span> <span class='ocrx_word' id='word_1_418' title='bbox 2741 2318 2923 2394; x_wconf 72' lang='grc' dir='ltr'>φησὶν,</span> <span class='ocrx_word' id='word_1_419' title='bbox 2955 2314 3103 2373; x_wconf 81' lang='grc' dir='ltr'><strong>ἀλλᾶ</strong></span> <span class='ocrx_word' id='word_1_420' title='bbox 3148 2317 3237 2372; x_wconf 85' lang='grc' dir='ltr'><strong>καὶ</strong></span> <span class='ocrx_word' id='word_1_421' title='bbox 3302 2323 3480 2392; x_wconf 74' lang='grc' dir='ltr'>χαρᾶς</span> <span class='ocrx_word' id='word_1_422' title='bbox 3544 2337 3603 2389; x_wconf 82' lang='grc' dir='ltr'><strong>με</strong></span> <span class='ocrx_word' id='word_1_423' title='bbox 3630 2314 3817 2382; x_wconf 75' lang='grc' dir='ltr'>ἐνεπλή-</span> 
     </span>
    </p>
   </div>
   <div class='ocr_carea' id='block_1_57' title="bbox 2231 2404 3812 2482">
    <p class='ocr_par' dir='ltr' id='par_1_57' title="bbox 2231 2404 3812 2482">
     <span class='ocr_line' id='line_1_57' title="bbox 2231 2404 3812 2482; baseline -0.003 -20"><span class='ocrx_word' id='word_1_424' title='bbox 2231 2429 2380 2476; x_wconf 86' lang='grc' dir='ltr'>σατε,</span> <span class='ocrx_word' id='word_1_425' title='bbox 2437 2408 2612 2469; x_wconf 78' lang='grc' dir='ltr'>οὕτως</span> <span class='ocrx_word' id='word_1_426' title='bbox 2641 2410 2676 2475; x_wconf 79' lang='grc' dir='ltr'><strong>ἡ</strong></span> <span class='ocrx_word' id='word_1_427' title='bbox 2711 2405 2998 2480; x_wconf 82' lang='grc' dir='ltr'>διόρθωσις</span> <span class='ocrx_word' id='word_1_428' title='bbox 3055 2406 3330 2480; x_wconf 80' lang='grc' dir='ltr'>σύντομος</span> <span class='ocrx_word' id='word_1_429' title='bbox 3362 2406 3566 2482; x_wconf 80' lang='grc' dir='ltr'>ἐγένετο</span> <span class='ocrx_word' id='word_1_430' title='bbox 3595 2405 3672 2461; x_wconf 87' lang='grc' dir='ltr'><strong>καὶ</strong></span> <span class='ocrx_word' id='word_1_431' title='bbox 3697 2404 3812 2476; x_wconf 78' lang='grc' dir='ltr'>ἐναρ-</span> 
     </span>
    </p>
   </div>
   <div class='ocr_carea' id='block_1_58' title="bbox 2229 2495 3814 2573">
    <p class='ocr_par' dir='ltr' id='par_1_58' title="bbox 2229 2495 3814 2573">
     <span class='ocr_line' id='line_1_58' title="bbox 2229 2495 3814 2573; baseline -0.006 -18"><span class='ocrx_word' id='word_1_432' title='bbox 2229 2500 2356 2573; x_wconf 71' lang='grc' dir='ltr'>γής.</span> <span class='ocrx_word' id='word_1_433' title='bbox 2392 2501 2574 2555; x_wconf 80' lang='grc' dir='ltr'>Τοῦτο</span> <span class='ocrx_word' id='word_1_434' title='bbox 2649 2497 2810 2566; x_wconf 84' lang='grc' dir='ltr'>ἐστιν,</span> <span class='ocrx_word' id='word_1_435' title='bbox 2873 2521 2901 2548; x_wconf 89' lang='grc'><strong>‹‹</strong></span> <span class='ocrx_word' id='word_1_436' title='bbox 2932 2495 3492 2573; x_wconf 80' lang='grc' dir='ltr'>Ὑπερπερισσεύομαι</span> <span class='ocrx_word' id='word_1_437' title='bbox 3547 2499 3608 2567; x_wconf 78' lang='grc' dir='ltr'><strong>τῇ</strong></span> <span class='ocrx_word' id='word_1_438' title='bbox 3638 2497 3814 2569; x_wconf 72' lang='grc' dir='ltr'>χαρᾷ.»</span> 
     </span>
    </p>
   </div>
   <div class='ocr_carea' id='block_1_59' title="bbox 2231 2581 3809 2665">
    <p class='ocr_par' dir='ltr' id='par_1_59' title="bbox 2231 2581 3809 2665">
     <span class='ocr_line' id='line_1_59' title="bbox 2231 2581 3809 2665; baseline -0.003 -21"><span class='ocrx_word' id='word_1_439' title='bbox 2231 2587 2332 2644; x_wconf 83' lang='grc' dir='ltr'>Καὶ</span> <span class='ocrx_word' id='word_1_440' title='bbox 2364 2587 2604 2656; x_wconf 78' lang='grc' dir='ltr'>τοσαύτη</span> <span class='ocrx_word' id='word_1_441' title='bbox 2674 2587 2809 2656; x_wconf 76' lang='grc' dir='ltr'>ἐστὶ,</span> <span class='ocrx_word' id='word_1_442' title='bbox 2877 2588 3066 2665; x_wconf 72' lang='grc' dir='ltr'>φησὶν,</span> <span class='ocrx_word' id='word_1_443' title='bbox 3098 2588 3133 2655; x_wconf 71' lang='grc' dir='ltr'><strong>ἡ</strong></span> <span class='ocrx_word' id='word_1_444' title='bbox 3167 2588 3344 2660; x_wconf 83' lang='grc' dir='ltr'>χαρά,</span> <span class='ocrx_word' id='word_1_445' title='bbox 3414 2587 3500 2641; x_wconf 84' lang='grc' dir='ltr'>δτι</span> <span class='ocrx_word' id='word_1_446' title='bbox 3553 2581 3809 2649; x_wconf 71' lang='grc' dir='ltr'>ἀντιπάσης</span> 
     </span>
    </p>
   </div>
   <div class='ocr_carea' id='block_1_60' title="bbox 2226 2675 3042 2753">
    <p class='ocr_par' dir='ltr' id='par_1_60' title="bbox 2226 2675 3042 2753">
     <span class='ocr_line' id='line_1_60' title="bbox 2226 2675 3042 2753; baseline -0.002 -21"><span class='ocrx_word' id='word_1_447' title='bbox 2226 2682 2451 2753; x_wconf 80' lang='grc' dir='ltr'>ἤρκεσεν</span> <span class='ocrx_word' id='word_1_448' title='bbox 2485 2678 2621 2748; x_wconf 69' lang='grc' dir='ltr'>ἡμῖν</span> <span class='ocrx_word' id='word_1_449' title='bbox 2653 2683 2754 2745; x_wconf 74' lang='grc' dir='ltr'>τῆς</span> <span class='ocrx_word' id='word_1_450' title='bbox 2783 2675 3042 2748; x_wconf 79' lang='grc' dir='ltr'>θλίψεως.</span> 
     </span>
    </p>
   </div>
   <div class='ocr_carea' id='block_1_61' title="bbox 2300 2938 3780 3029">
    <p class='ocr_par' dir='ltr' id='par_1_61' title="bbox 2300 2938 3780 3029">
     <span class='ocr_line' id='line_1_61' title="bbox 2300 2938 3780 3029; baseline -0.005 -21"><span class='ocrx_word' id='word_1_451' title='bbox 2300 2953 2398 3008; x_wconf 83' lang='grc' dir='ltr'>Καὶ</span> <span class='ocrx_word' id='word_1_452' title='bbox 2477 2955 2581 3029; x_wconf 83' lang='grc' dir='ltr'><strong>γὰρ</strong></span> <span class='ocrx_word' id='word_1_453' title='bbox 2639 2954 2910 3020; x_wconf 75' lang='grc' dir='ltr'>ἐλθόντων</span> <span class='ocrx_word' id='word_1_454' title='bbox 2969 2955 3131 3028; x_wconf 82' lang='grc' dir='ltr'>ἤμῶν</span> <span class='ocrx_word' id='word_1_455' title='bbox 3211 2952 3286 3015; x_wconf 64' lang='grc' dir='ltr'>εἲς</span> <span class='ocrx_word' id='word_1_456' title='bbox 3352 2949 3677 3011; x_wconf 71' lang='grc' dir='ltr'>Μακεδονίαν,</span> <span class='ocrx_word' id='word_1_457' title='bbox 3718 2938 3780 3029; x_wconf 58' lang='grc' dir='ltr'><strong>σιξ-</strong></span> 
     </span>
    </p>
   </div>
   <div class='ocr_carea' id='block_1_62' title="bbox 2231 3026 3781 3118">
    <p class='ocr_par' dir='ltr' id='par_1_62' title="bbox 2231 3026 3781 3118">
     <span class='ocr_line' id='line_1_62' title="bbox 2231 3026 3781 3118; baseline -0.005 -21"><span class='ocrx_word' id='word_1_458' title='bbox 2231 3041 2420 3115; x_wconf 74' lang='grc' dir='ltr'>δεμίαν</span> <span class='ocrx_word' id='word_1_459' title='bbox 2479 3040 2710 3118; x_wconf 75' lang='grc' dir='ltr'>ἔσχηκεν</span> <span class='ocrx_word' id='word_1_460' title='bbox 2780 3043 2956 3099; x_wconf 77' lang='grc' dir='ltr'>ἄνεσιν</span> <span class='ocrx_word' id='word_1_461' title='bbox 3041 3045 3077 3112; x_wconf 81' lang='grc' dir='ltr'>ἠ</span> <span class='ocrx_word' id='word_1_462' title='bbox 3137 3043 3262 3115; x_wconf 80' lang='grc' dir='ltr'>σὰρξ</span> <span class='ocrx_word' id='word_1_463' title='bbox 3357 3045 3525 3117; x_wconf 80' lang='grc' dir='ltr'>ἡμῶν</span> <span class='ocrx_word' id='word_1_464' title='bbox 3563 3085 3576 3106; x_wconf 86' lang='lat'><strong>,</strong></span> <span class='ocrx_word' id='word_1_465' title='bbox 3623 3026 3781 3118; x_wconf 55' lang='grc' dir='ltr'><strong>ἄλκλήἒν</strong></span> 
     </span>
    </p>
   </div>
   <div class='ocr_carea' id='block_1_63' title="bbox 2238 3111 3795 3208">
    <p class='ocr_par' dir='ltr' id='par_1_63' title="bbox 2238 3111 3795 3208">
     <span class='ocr_line' id='line_1_63' title="bbox 2238 3111 3795 3208; baseline -0.003 -22"><span class='ocrx_word' id='word_1_466' title='bbox 2238 3111 2398 3188; x_wconf 78' lang='grc' dir='ltr'>παντὶ</span> <span class='ocrx_word' id='word_1_467' title='bbox 2458 3111 2801 3205; x_wconf 30' lang='grc' dir='ltr'>θλιυϐόμενοι·</span> <span class='ocrx_word' id='word_1_468' title='bbox 2861 3111 3096 3202; x_wconf 80' lang='grc' dir='ltr'>Ἔξωθεν</span> <span class='ocrx_word' id='word_1_469' title='bbox 3160 3111 3346 3208; x_wconf 65' lang='grc' dir='ltr'>μαχαι</span> <span class='ocrx_word' id='word_1_470' title='bbox 3449 3129 3624 3185; x_wconf 78' lang='grc' dir='ltr'>ἔσωθεν</span> <span class='ocrx_word' id='word_1_471' title='bbox 3668 3111 3795 3198; x_wconf 44' lang='lat' dir='ltr'><strong>0.63M-</strong></span> 
     </span>
    </p>
   </div>
   <div class='ocr_carea' id='block_1_64' title="bbox 472 3185 2117 3296">
    <p class='ocr_par' dir='ltr' id='par_1_64' title="bbox 472 3215 2117 3291">
     <span class='ocr_line' id='line_1_64' title="bbox 472 3215 2117 3291; baseline -0.002 -19"><span class='ocrx_word' id='word_1_472' title='bbox 472 3238 637 3276; x_wconf 70' lang='lat' dir='ltr'><strong>ures.</strong></span> <span class='ocrx_word' id='word_1_473' title='bbox 678 3224 888 3276; x_wconf 82' lang='lat' dir='ltr'><strong>Verum</strong></span> <span class='ocrx_word' id='word_1_474' title='bbox 923 3222 1022 3291; x_wconf 92' lang='lat' dir='ltr'><strong>qui</strong></span> <span class='ocrx_word' id='word_1_475' title='bbox 1071 3220 1412 3275; x_wconf 90' lang='lat' dir='ltr'><strong>consolatur</strong></span> <span class='ocrx_word' id='word_1_476' title='bbox 1456 3217 1730 3285; x_wconf 83' lang='lat' dir='ltr'><strong>humiles,</strong></span> <span class='ocrx_word' id='word_1_477' title='bbox 1787 3215 2117 3270; x_wconf 82' lang='lat' dir='ltr'><strong>consolatus</strong></span> 
     </span>
    </p>
   </div>
   <div class='ocr_carea' id='block_1_65' title="bbox 2227 3185 3802 3296">
    <p class='ocr_par' dir='ltr' id='par_1_65' title="bbox 2237 3185 3802 3296">
     <span class='ocr_line' id='line_1_65' title="bbox 2247 3185 3688 3208; baseline 0.01 -21"><span class='ocrx_word' id='word_1_478' title='bbox 2247 3185 2251 3186; x_wconf 33' lang='grc' dir='ltr'><strong>ν</strong></span> <span class='ocrx_word' id='word_1_479' title='bbox 2359 3185 2393 3188; x_wconf 36' lang='grc' dir='ltr'>ν</span> <span class='ocrx_word' id='word_1_480' title='bbox 2886 3185 3061 3202; x_wconf 40' lang='grc' dir='ltr'><strong>-τηκ</strong></span> <span class='ocrx_word' id='word_1_481' title='bbox 3160 3185 3280 3208; x_wconf 59' lang='grc' dir='ltr'>,η</span> <span class='ocrx_word' id='word_1_482' title='bbox 3377 3185 3389 3198; x_wconf 75' lang='grc' dir='ltr'><em>ι</em></span> <span class='ocrx_word' id='word_1_483' title='bbox 3681 3185 3688 3198; x_wconf 81' lang='grc' dir='ltr'><strong>ι</strong></span> 
     </span>
     <span class='ocr_line' id='line_1_66' title="bbox 2237 3209 3802 3296; baseline -0.01 -21"><span class='ocrx_word' id='word_1_484' title='bbox 2237 3220 2394 3278; x_wconf 80' lang='grc' dir='ltr'>Ἀλλ’</span> <span class='ocrx_word' id='word_1_485' title='bbox 2469 3223 2498 3276; x_wconf 97' lang='lat'><strong>6</strong></span> <span class='ocrx_word' id='word_1_486' title='bbox 2578 3221 2906 3296; x_wconf 80' lang='grc' dir='ltr'>παρακαλῶν</span> <span class='ocrx_word' id='word_1_487' title='bbox 2969 3221 3096 3282; x_wconf 79' lang='grc' dir='ltr'>τοὺς</span> <span class='ocrx_word' id='word_1_488' title='bbox 3150 3221 3454 3281; x_wconf 84' lang='grc' dir='ltr'>ταπεινοὺς</span> <span class='ocrx_word' id='word_1_489' title='bbox 3524 3209 3802 3296; x_wconf 51' lang='grc' dir='ltr'>παρεκάλεσεν</span> 
     </span>
    </p>
   </div>
   <div class='ocr_carea' id='block_1_66' title="bbox 472 3306 2123 3381">
    <p class='ocr_par' dir='ltr' id='par_1_66' title="bbox 472 3306 2123 3381">
     <span class='ocr_line' id='line_1_67' title="bbox 472 3306 2123 3381; baseline -0.001 -21"><span class='ocrx_word' id='word_1_490' title='bbox 472 3331 499 3360; x_wconf 73' lang='grc' dir='ltr'>ιε</span> <span class='ocrx_word' id='word_1_491' title='bbox 535 3317 623 3364; x_wconf 89' lang='lat' dir='ltr'><strong>est</strong></span> <span class='ocrx_word' id='word_1_492' title='bbox 653 3327 762 3364; x_wconf 90' lang='lat' dir='ltr'><strong>nos</strong></span> <span class='ocrx_word' id='word_1_493' title='bbox 790 3312 942 3365; x_wconf 91' lang='lat' dir='ltr'><strong>Deus</strong></span> <span class='ocrx_word' id='word_1_494' title='bbox 974 3327 1080 3381; x_wconf 88' lang='lat' dir='ltr'><strong>per</strong></span> <span class='ocrx_word' id='word_1_495' title='bbox 1109 3311 1424 3364; x_wconf 81' lang='lat' dir='ltr'><strong>adventum</strong></span> <span class='ocrx_word' id='word_1_496' title='bbox 1456 3308 1600 3362; x_wconf 87' lang='lat' dir='ltr'><strong>Titi:</strong></span> <span class='ocrx_word' id='word_1_497' title='bbox 1635 3324 1755 3360; x_wconf 90' lang='lat' dir='ltr'><strong>non</strong></span> <span class='ocrx_word' id='word_1_498' title='bbox 1779 3306 1970 3361; x_wconf 89' lang='lat' dir='ltr'><strong>solum</strong></span> <span class='ocrx_word' id='word_1_499' title='bbox 2019 3322 2123 3359; x_wconf 88' lang='lat' dir='ltr'><strong>au-</strong></span> 
     </span>
    </p>
   </div>
   <div class='ocr_carea' id='block_1_67' title="bbox 477 3397 2125 3469">
    <p class='ocr_par' dir='ltr' id='par_1_67' title="bbox 477 3397 2125 3469">
     <span class='ocr_line' id='line_1_68' title="bbox 477 3397 2125 3469; baseline -0.003 -16"><span class='ocrx_word' id='word_1_500' title='bbox 477 3418 498 3446; x_wconf 78' lang='grc' dir='ltr'><strong>ι</strong></span> <span class='ocrx_word' id='word_1_501' title='bbox 525 3406 642 3453; x_wconf 90' lang='lat' dir='ltr'><strong>tem</strong></span> <span class='ocrx_word' id='word_1_502' title='bbox 665 3416 771 3469; x_wconf 91' lang='lat' dir='ltr'><strong>per</strong></span> <span class='ocrx_word' id='word_1_503' title='bbox 791 3399 1107 3454; x_wconf 87' lang='lat' dir='ltr'><strong>adventum</strong></span> <span class='ocrx_word' id='word_1_504' title='bbox 1132 3399 1338 3468; x_wconf 85' lang='lat' dir='ltr'><strong>ipsius,</strong></span> <span class='ocrx_word' id='word_1_505' title='bbox 1369 3413 1573 3450; x_wconf 90' lang='lat' dir='ltr'><strong>verum</strong></span> <span class='ocrx_word' id='word_1_506' title='bbox 1617 3397 1790 3450; x_wconf 89' lang='lat' dir='ltr'><strong>etiam</strong></span> <span class='ocrx_word' id='word_1_507' title='bbox 1838 3411 1942 3465; x_wconf 89' lang='lat' dir='ltr'><strong>per</strong></span> <span class='ocrx_word' id='word_1_508' title='bbox 1989 3411 2125 3449; x_wconf 90' lang='lat' dir='ltr'><strong>con-</strong></span> 
     </span>
    </p>
   </div>
   <div class='ocr_carea' id='block_1_68' title="bbox 469 3483 2121 3557">
    <p class='ocr_par' dir='ltr' id='par_1_68' title="bbox 469 3483 2121 3557">
     <span class='ocr_line' id='line_1_69' title="bbox 469 3483 2121 3557; baseline 0 -21"><span class='ocrx_word' id='word_1_509' title='bbox 469 3510 494 3536; x_wconf 79' lang='grc' dir='ltr'>ι(</span> <span class='ocrx_word' id='word_1_510' title='bbox 530 3487 884 3541; x_wconf 89' lang='lat' dir='ltr'><strong>solationem</strong></span> <span class='ocrx_word' id='word_1_511' title='bbox 908 3503 1084 3557; x_wconf 89' lang='lat' dir='ltr'><strong>quam</strong></span> <span class='ocrx_word' id='word_1_512' title='bbox 1114 3487 1213 3540; x_wconf 93' lang='lat' dir='ltr'><strong>ille</strong></span> <span class='ocrx_word' id='word_1_513' title='bbox 1254 3485 1484 3554; x_wconf 88' lang='lat' dir='ltr'><strong>accepit</strong></span> <span class='ocrx_word' id='word_1_514' title='bbox 1515 3483 1587 3538; x_wconf 92' lang='lat' dir='ltr'><strong>de</strong></span> <span class='ocrx_word' id='word_1_515' title='bbox 1620 3484 1820 3549; x_wconf 81' lang='lat' dir='ltr'><strong>vobis;</strong></span> <span class='ocrx_word' id='word_1_516' title='bbox 1853 3500 1989 3537; x_wconf 90' lang='lat' dir='ltr'><strong>cum</strong></span> <span class='ocrx_word' id='word_1_517' title='bbox 2016 3497 2121 3536; x_wconf 88' lang='lat' dir='ltr'><strong>an-</strong></span> 
     </span>
    </p>
   </div>
   <div class='ocr_carea' id='block_1_69' title="bbox 466 3569 2124 3636">
    <p class='ocr_par' dir='ltr' id='par_1_69' title="bbox 466 3569 2124 3636">
     <span class='ocr_line' id='line_1_70' title="bbox 466 3569 2124 3636; baseline -0.004 -6"><span class='ocrx_word' id='word_1_518' title='bbox 466 3597 492 3624; x_wconf 93' lang='grc'><strong>‹‹</strong></span> <span class='ocrx_word' id='word_1_519' title='bbox 520 3577 821 3630; x_wconf 89' lang='lat' dir='ltr'><strong>nuntiaret</strong></span> <span class='ocrx_word' id='word_1_520' title='bbox 844 3575 1016 3630; x_wconf 92' lang='lat' dir='ltr'><strong>nobis</strong></span> <span class='ocrx_word' id='word_1_521' title='bbox 1038 3581 1293 3629; x_wconf 77' lang='lat' dir='ltr'><strong>vestrum</strong></span> <span class='ocrx_word' id='word_1_522' title='bbox 1319 3572 1705 3636; x_wconf 89' lang='lat' dir='ltr'><strong>desiderium,</strong></span> <span class='ocrx_word' id='word_1_523' title='bbox 1727 3577 1981 3625; x_wconf 87' lang='lat' dir='ltr'><strong>vestrum</strong></span> <span class='ocrx_word' id='word_1_524' title='bbox 2005 3569 2124 3624; x_wconf 86' lang='lat' dir='ltr'><strong>luc-</strong></span> 
     </span>
    </p>
   </div>
   <div class='ocr_carea' id='block_1_70' title="bbox 466 3658 2119 3734">
    <p class='ocr_par' dir='ltr' id='par_1_70' title="bbox 466 3658 2119 3734">
     <span class='ocr_line' id='line_1_71' title="bbox 466 3658 2119 3734; baseline -0.005 -15"><span class='ocrx_word' id='word_1_525' title='bbox 466 3687 492 3714; x_wconf 76' lang='grc' dir='ltr'><strong>α</strong></span> <span class='ocrx_word' id='word_1_526' title='bbox 531 3670 683 3723; x_wconf 90' lang='lat' dir='ltr'><strong>tum.</strong></span> <span class='ocrx_word' id='word_1_527' title='bbox 707 3671 966 3719; x_wconf 87' lang='lat' dir='ltr'><strong>vestrum</strong></span> <span class='ocrx_word' id='word_1_528' title='bbox 992 3681 1095 3734; x_wconf 93' lang='lat' dir='ltr'><strong>pro</strong></span> <span class='ocrx_word' id='word_1_529' title='bbox 1120 3679 1214 3718; x_wconf 88' lang='lat' dir='ltr'><strong>me</strong></span> <span class='ocrx_word' id='word_1_530' title='bbox 1240 3661 1429 3716; x_wconf 89' lang='lat' dir='ltr'><strong>zelum</strong></span> <span class='ocrx_word' id='word_1_531' title='bbox 1455 3678 1467 3716; x_wconf 94' lang='lat'><strong>:</strong></span> <span class='ocrx_word' id='word_1_532' title='bbox 1493 3661 1639 3715; x_wconf 91' lang='lat' dir='ltr'><strong>adeo</strong></span> <span class='ocrx_word' id='word_1_533' title='bbox 1672 3665 1738 3714; x_wconf 93' lang='lat' dir='ltr'><strong>ut</strong></span> <span class='ocrx_word' id='word_1_534' title='bbox 1761 3660 1941 3731; x_wconf 81' lang='lat' dir='ltr'><strong>magis</strong></span> <span class='ocrx_word' id='word_1_535' title='bbox 1962 3658 2119 3730; x_wconf 85' lang='lat' dir='ltr'><strong>gavi-</strong></span> 
     </span>
    </p>
   </div>
   <div class='ocr_carea' id='block_1_71' title="bbox 475 3747 2118 3819">
    <p class='ocr_par' dir='ltr' id='par_1_71' title="bbox 475 3747 2118 3819">
     <span class='ocr_line' id='line_1_72' title="bbox 475 3747 2118 3819; baseline -0.004 -12"><span class='ocrx_word' id='word_1_536' title='bbox 475 3775 498 3806; x_wconf 77' lang='grc' dir='ltr'><strong>α</strong></span> <span class='ocrx_word' id='word_1_537' title='bbox 527 3771 625 3809; x_wconf 90' lang='lat' dir='ltr'><strong>sus</strong></span> <span class='ocrx_word' id='word_1_538' title='bbox 650 3753 1036 3809; x_wconf 68' lang='lat' dir='ltr'><strong>luerim&#39;Nam</strong></span> <span class='ocrx_word' id='word_1_539' title='bbox 1058 3753 1194 3806; x_wconf 84' lang='lat' dir='ltr'><strong>licet</strong></span> <span class='ocrx_word' id='word_1_540' title='bbox 1227 3750 1697 3806; x_wconf 85' lang='lat' dir='ltr'><strong>contristaverim</strong></span> <span class='ocrx_word' id='word_1_541' title='bbox 1719 3766 1820 3802; x_wconf 88' lang='lat' dir='ltr'><strong>vos</strong></span> <span class='ocrx_word' id='word_1_542' title='bbox 1843 3764 1948 3819; x_wconf 89' lang='lat' dir='ltr'><strong>per</strong></span> <span class='ocrx_word' id='word_1_543' title='bbox 1964 3747 2118 3818; x_wconf 89' lang='lat' dir='ltr'><strong>epis-</strong></span> 
     </span>
    </p>
   </div>
   <div class='ocr_carea' id='block_1_72' title="bbox 464 3837 2046 3912">
    <p class='ocr_par' dir='ltr' id='par_1_72' title="bbox 464 3837 2046 3912">
     <span class='ocr_line' id='line_1_73' title="bbox 464 3837 2046 3912; baseline -0.005 -15"><span class='ocrx_word' id='word_1_544' title='bbox 464 3866 490 3893; x_wconf 77' lang='grc' dir='ltr'><strong>α</strong></span> <span class='ocrx_word' id='word_1_545' title='bbox 528 3844 732 3910; x_wconf 80' lang='lat' dir='ltr'><strong>tolum,</strong></span> <span class='ocrx_word' id='word_1_546' title='bbox 766 3859 886 3898; x_wconf 92' lang='lat' dir='ltr'><strong>non</strong></span> <span class='ocrx_word' id='word_1_547' title='bbox 923 3859 1014 3898; x_wconf 90' lang='lat' dir='ltr'><strong>me</strong></span> <span class='ocrx_word' id='word_1_548' title='bbox 1045 3841 1310 3912; x_wconf 60' lang='lat' dir='ltr'><strong>panitet,</strong></span> <span class='ocrx_word' id='word_1_549' title='bbox 1343 3841 1519 3894; x_wconf 89' lang='lat' dir='ltr'><strong>etiam</strong></span> <span class='ocrx_word' id='word_1_550' title='bbox 1555 3839 1600 3893; x_wconf 91' lang='lat' dir='ltr'><strong>si</strong></span> <span class='ocrx_word' id='word_1_551' title='bbox 1625 3837 1982 3909; x_wconf 76' lang='lat' dir='ltr'><strong>pmnituerit.</strong></span> <span class='ocrx_word' id='word_1_552' title='bbox 2019 3859 2046 3884; x_wconf 85' lang='lat'>»</span> 
     </span>
    </p>
   </div>
   <div class='ocr_carea' id='block_1_73' title="bbox 532 3935 2116 4006">
    <p class='ocr_par' dir='ltr' id='par_1_73' title="bbox 532 3935 2116 4006">
     <span class='ocr_line' id='line_1_74' title="bbox 532 3935 2116 4006; baseline -0.004 -12"><span class='ocrx_word' id='word_1_553' title='bbox 532 3942 754 3996; x_wconf 91' lang='lat' dir='ltr'><strong>Deinde</strong></span> <span class='ocrx_word' id='word_1_554' title='bbox 782 3947 985 3996; x_wconf 90' lang='lat' dir='ltr'><strong>narrat</strong></span> <span class='ocrx_word' id='word_1_555' title='bbox 1012 3941 1423 4002; x_wconf 82' lang='lat' dir='ltr'><strong>afllictionem,</strong></span> <span class='ocrx_word' id='word_1_556' title='bbox 1495 3944 1554 3991; x_wconf 90' lang='lat' dir='ltr'><strong>et</strong></span> <span class='ocrx_word' id='word_1_557' title='bbox 1610 3953 1882 3991; x_wconf 87' lang='lat' dir='ltr'><strong>sermone</strong></span> <span class='ocrx_word' id='word_1_558' title='bbox 1924 3935 2116 4006; x_wconf 89' lang='lat' dir='ltr'><strong>ipsam</strong></span> 
     </span>
    </p>
   </div>
   <div class='ocr_carea' id='block_1_74' title="bbox 461 4025 2115 4102">
    <p class='ocr_par' dir='ltr' id='par_1_74' title="bbox 461 4025 2115 4102">
     <span class='ocr_line' id='line_1_75' title="bbox 461 4025 2115 4102; baseline -0.003 -18"><span class='ocrx_word' id='word_1_559' title='bbox 461 4031 708 4098; x_wconf 85' lang='lat' dir='ltr'><strong>extollit,</strong></span> <span class='ocrx_word' id='word_1_560' title='bbox 742 4049 856 4101; x_wconf 93' lang='lat' dir='ltr'><strong>quo</strong></span> <span class='ocrx_word' id='word_1_561' title='bbox 891 4031 1086 4102; x_wconf 82' lang='lat' dir='ltr'><strong>majus</strong></span> <span class='ocrx_word' id='word_1_562' title='bbox 1131 4028 1405 4084; x_wconf 89' lang='lat' dir='ltr'><strong>ostendat</strong></span> <span class='ocrx_word' id='word_1_563' title='bbox 1433 4027 1711 4099; x_wconf 85' lang='lat' dir='ltr'><strong>gaudium</strong></span> <span class='ocrx_word' id='word_1_564' title='bbox 1746 4033 1986 4097; x_wconf 89' lang='lat' dir='ltr'><strong>propter</strong></span> <span class='ocrx_word' id='word_1_565' title='bbox 2016 4025 2115 4095; x_wconf 87' lang='lat' dir='ltr'><strong>ip-</strong></span> 
     </span>
    </p>
   </div>
   <div class='ocr_carea' id='block_1_75' title="bbox 461 4114 2118 4191">
    <p class='ocr_par' dir='ltr' id='par_1_75' title="bbox 461 4114 2118 4191">
     <span class='ocr_line' id='line_1_76' title="bbox 461 4114 2118 4191; baseline -0.004 -18"><span class='ocrx_word' id='word_1_566' title='bbox 461 4135 557 4173; x_wconf 91' lang='lat' dir='ltr'><strong>sos</strong></span> <span class='ocrx_word' id='word_1_567' title='bbox 584 4127 912 4191; x_wconf 89' lang='lat' dir='ltr'><strong>acceptum,</strong></span> <span class='ocrx_word' id='word_1_568' title='bbox 945 4119 1100 4190; x_wconf 92' lang='lat' dir='ltr'><strong>quod</strong></span> <span class='ocrx_word' id='word_1_569' title='bbox 1133 4125 1357 4174; x_wconf 88' lang='lat' dir='ltr'><strong>tantam</strong></span> <span class='ocrx_word' id='word_1_570' title='bbox 1383 4117 1642 4187; x_wconf 92' lang='lat' dir='ltr'><strong>potuerit</strong></span> <span class='ocrx_word' id='word_1_571' title='bbox 1673 4116 1989 4170; x_wconf 88' lang='lat' dir='ltr'><strong>obscurare</strong></span> <span class='ocrx_word' id='word_1_572' title='bbox 2037 4114 2118 4170; x_wconf 87' lang='lat' dir='ltr'><strong>af-</strong></span> 
     </span>
    </p>
   </div>
   <div class='ocr_carea' id='block_1_76' title="bbox 460 4204 2115 4278">
    <p class='ocr_par' dir='ltr' id='par_1_76' title="bbox 460 4204 2115 4278">
     <span class='ocr_line' id='line_1_77' title="bbox 460 4204 2115 4278; baseline -0.001 -20"><span class='ocrx_word' id='word_1_573' title='bbox 460 4204 782 4262; x_wconf 85' lang='lat' dir='ltr'><strong>ﬂictionem</strong></span> <span class='ocrx_word' id='word_1_574' title='bbox 802 4224 816 4272; x_wconf 89' lang='lat'><strong>;</strong></span> <span class='ocrx_word' id='word_1_575' title='bbox 839 4223 975 4261; x_wconf 91' lang='lat' dir='ltr'><strong>nam</strong></span> <span class='ocrx_word' id='word_1_576' title='bbox 1001 4207 1500 4278; x_wconf 88' lang='lat' dir='ltr'><strong>perseveravimus</strong></span> <span class='ocrx_word' id='word_1_577' title='bbox 1526 4204 1739 4273; x_wconf 91' lang='lat' dir='ltr'><strong>inquit.</strong></span> <span class='ocrx_word' id='word_1_578' title='bbox 1775 4226 1802 4252; x_wconf 87' lang='lat'><strong>«</strong></span> <span class='ocrx_word' id='word_1_579' title='bbox 1830 4204 1992 4257; x_wconf 86' lang='lat' dir='ltr'><strong>Foris</strong></span> <span class='ocrx_word' id='word_1_580' title='bbox 2014 4219 2115 4273; x_wconf 88' lang='lat' dir='ltr'><strong>pu-</strong></span> 
     </span>
    </p>
   </div>
   <div class='ocr_carea' id='block_1_77' title="bbox 459 4292 2109 4365">
    <p class='ocr_par' dir='ltr' id='par_1_77' title="bbox 459 4292 2109 4365">
     <span class='ocr_line' id='line_1_78' title="bbox 459 4292 2109 4365; baseline -0.002 -17"><span class='ocrx_word' id='word_1_581' title='bbox 459 4311 607 4365; x_wconf 74' lang='lat' dir='ltr'><strong>gnze.</strong></span> <span class='ocrx_word' id='word_1_582' title='bbox 635 4316 663 4343; x_wconf 83' lang='lat'>»</span> <span class='ocrx_word' id='word_1_583' title='bbox 707 4295 794 4352; x_wconf 84' lang='lat' dir='ltr'><strong>Ab</strong></span> <span class='ocrx_word' id='word_1_584' title='bbox 819 4296 1162 4362; x_wconf 88' lang='lat' dir='ltr'><strong>incredulis,</strong></span> <span class='ocrx_word' id='word_1_585' title='bbox 1193 4311 1340 4363; x_wconf 90' lang='lat' dir='ltr'><strong>quos</strong></span> <span class='ocrx_word' id='word_1_586' title='bbox 1376 4292 1527 4347; x_wconf 87' lang='lat' dir='ltr'><strong>solet</strong></span> <span class='ocrx_word' id='word_1_587' title='bbox 1566 4307 1772 4346; x_wconf 90' lang='lat' dir='ltr'><strong>vocare</strong></span> <span class='ocrx_word' id='word_1_588' title='bbox 1815 4298 2109 4347; x_wconf 85' lang='lat' dir='ltr'><strong>externos.</strong></span> 
     </span>
    </p>
   </div>
   <div class='ocr_carea' id='block_1_78' title="bbox 457 4380 2112 4452">
    <p class='ocr_par' dir='ltr' id='par_1_78' title="bbox 457 4380 2112 4452">
     <span class='ocr_line' id='line_1_79' title="bbox 457 4380 2112 4452; baseline -0.002 -14"><span class='ocrx_word' id='word_1_589' title='bbox 457 4385 612 4440; x_wconf 75' lang='lat'><strong>650</strong></span> <span class='ocrx_word' id='word_1_590' title='bbox 638 4408 664 4434; x_wconf 85' lang='lat'><strong>«</strong></span> <span class='ocrx_word' id='word_1_591' title='bbox 704 4385 866 4440; x_wconf 86' lang='lat' dir='ltr'><strong>Intus</strong></span> <span class='ocrx_word' id='word_1_592' title='bbox 899 4386 1167 4452; x_wconf 82' lang='lat' dir='ltr'><strong>timores,</strong></span> <span class='ocrx_word' id='word_1_593' title='bbox 1203 4406 1230 4433; x_wconf 84' lang='grc'>››</span> <span class='ocrx_word' id='word_1_594' title='bbox 1267 4387 1507 4452; x_wconf 85' lang='lat' dir='ltr'><strong>propter</strong></span> <span class='ocrx_word' id='word_1_595' title='bbox 1547 4380 1858 4434; x_wconf 88' lang='lat' dir='ltr'><strong>credentes</strong></span> <span class='ocrx_word' id='word_1_596' title='bbox 1891 4397 1964 4436; x_wconf 90' lang='lat' dir='ltr'><strong>ne</strong></span> <span class='ocrx_word' id='word_1_597' title='bbox 1998 4397 2112 4452; x_wconf 90' lang='lat' dir='ltr'><strong>quo</strong></span> 
     </span>
    </p>
   </div>
   <div class='ocr_carea' id='block_1_79' title="bbox 457 4469 2110 4540">
    <p class='ocr_par' dir='ltr' id='par_1_79' title="bbox 457 4469 2110 4540">
     <span class='ocr_line' id='line_1_80' title="bbox 457 4469 2110 4540; baseline -0.002 -14"><span class='ocrx_word' id='word_1_598' title='bbox 457 4473 632 4527; x_wconf 89' lang='lat' dir='ltr'><strong>modo</strong></span> <span class='ocrx_word' id='word_1_599' title='bbox 717 4472 1146 4528; x_wconf 87' lang='lat' dir='ltr'><strong>tentationibus</strong></span> <span class='ocrx_word' id='word_1_600' title='bbox 1199 4470 1610 4526; x_wconf 89' lang='lat' dir='ltr'><strong>emollescant.</strong></span> <span class='ocrx_word' id='word_1_601' title='bbox 1683 4491 1707 4517; x_wconf 79' lang='grc' dir='ltr'><strong>α</strong></span> <span class='ocrx_word' id='word_1_602' title='bbox 1742 4471 1955 4523; x_wconf 83' lang='lat' dir='ltr'><strong>Verum</strong></span> <span class='ocrx_word' id='word_1_603' title='bbox 2010 4469 2110 4540; x_wconf 92' lang='lat' dir='ltr'><strong>qui</strong></span> 
     </span>
    </p>
   </div>
   <div class='ocr_carea' id='block_1_80' title="bbox 2233 3291 3807 3385">
    <p class='ocr_par' dir='ltr' id='par_1_80' title="bbox 2233 3291 3807 3385">
     <span class='ocr_line' id='line_1_81' title="bbox 2233 3291 3807 3385; baseline -0.014 -18"><span class='ocrx_word' id='word_1_604' title='bbox 2233 3313 2380 3384; x_wconf 71' lang='grc' dir='ltr'>ἡμᾶς</span> <span class='ocrx_word' id='word_1_605' title='bbox 2421 3312 2449 3366; x_wconf 90' lang='lat'><strong>6</strong></span> <span class='ocrx_word' id='word_1_606' title='bbox 2501 3312 2630 3372; x_wconf 85' lang='grc' dir='ltr'>Θεὸς</span> <span class='ocrx_word' id='word_1_607' title='bbox 2683 3310 2734 3365; x_wconf 82' lang='grc' dir='ltr'>ἐν</span> <span class='ocrx_word' id='word_1_608' title='bbox 2791 3316 2860 3385; x_wconf 81' lang='grc' dir='ltr'><strong>τῇ</strong></span> <span class='ocrx_word' id='word_1_609' title='bbox 2919 3310 3186 3383; x_wconf 74' lang='grc' dir='ltr'>παρουσίᾳ</span> <span class='ocrx_word' id='word_1_610' title='bbox 3242 3310 3444 3378; x_wconf 80' lang='grc' dir='ltr'>Τίτου,</span> <span class='ocrx_word' id='word_1_611' title='bbox 3503 3305 3560 3361; x_wconf 79' lang='grc' dir='ltr'>οὐ</span> <span class='ocrx_word' id='word_1_612' title='bbox 3613 3302 3744 3375; x_wconf 85' lang='grc' dir='ltr'>μόνον</span> <span class='ocrx_word' id='word_1_613' title='bbox 3768 3291 3807 3347; x_wconf 70' lang='grc' dir='ltr'>ἃ</span> 
     </span>
    </p>
   </div>
   <div class='ocr_carea' id='block_1_81' title="bbox 2232 3383 3809 3475">
    <p class='ocr_par' dir='ltr' id='par_1_81' title="bbox 2232 3383 3809 3475">
     <span class='ocr_line' id='line_1_82' title="bbox 2232 3383 3809 3475; baseline -0.001 -21"><span class='ocrx_word' id='word_1_614' title='bbox 2232 3400 2283 3454; x_wconf 85' lang='grc' dir='ltr'>ἐν</span> <span class='ocrx_word' id='word_1_615' title='bbox 2314 3406 2382 3475; x_wconf 79' lang='grc' dir='ltr'><strong>τῇ</strong></span> <span class='ocrx_word' id='word_1_616' title='bbox 2440 3401 2713 3475; x_wconf 75' lang='grc' dir='ltr'>παρουσίᾳ</span> <span class='ocrx_word' id='word_1_617' title='bbox 2769 3400 2955 3471; x_wconf 82' lang='grc' dir='ltr'>αὐτοῦ,</span> <span class='ocrx_word' id='word_1_618' title='bbox 3007 3397 3156 3454; x_wconf 77' lang='grc' dir='ltr'>ἀλλὰ</span> <span class='ocrx_word' id='word_1_619' title='bbox 3209 3397 3300 3452; x_wconf 82' lang='grc' dir='ltr'><strong>καὶ</strong></span> <span class='ocrx_word' id='word_1_620' title='bbox 3367 3397 3423 3452; x_wconf 84' lang='grc' dir='ltr'>ἐν</span> <span class='ocrx_word' id='word_1_621' title='bbox 3467 3400 3534 3470; x_wconf 80' lang='grc' dir='ltr'><strong>τῇ</strong></span> <span class='ocrx_word' id='word_1_622' title='bbox 3587 3383 3809 3463; x_wconf 66' lang='grc' dir='ltr'>παρακλή-</span> 
     </span>
    </p>
   </div>
   <div class='ocr_carea' id='block_1_82' title="bbox 2232 3473 3811 3567">
    <p class='ocr_par' dir='ltr' id='par_1_82' title="bbox 2232 3473 3811 3567">
     <span class='ocr_line' id='line_1_83' title="bbox 2232 3473 3811 3567; baseline -0.004 -23"><span class='ocrx_word' id='word_1_623' title='bbox 2232 3511 2309 3544; x_wconf 87' lang='grc' dir='ltr'><strong>σει</strong></span> <span class='ocrx_word' id='word_1_624' title='bbox 2447 3473 2769 3564; x_wconf 69' lang='grc' dir='ltr'>παρεκλτίθη</span> <span class='ocrx_word' id='word_1_625' title='bbox 2831 3488 2910 3567; x_wconf 73' lang='grc' dir='ltr'><strong>ἐφ’</strong></span> <span class='ocrx_word' id='word_1_626' title='bbox 2969 3489 3119 3562; x_wconf 79' lang='grc' dir='ltr'>ὑμῖν,</span> <span class='ocrx_word' id='word_1_627' title='bbox 3168 3485 3528 3564; x_wconf 79' lang='grc' dir='ltr'>ἀναγγέλλων</span> <span class='ocrx_word' id='word_1_628' title='bbox 3580 3483 3709 3567; x_wconf 12' lang='grc' dir='ltr'>ἡμῖν,</span> 
     </span>
    </p>
   </div>
   <div class='ocr_carea' id='block_1_83' title="bbox 2235 3565 3810 3652">
    <p class='ocr_par' dir='ltr' id='par_1_83' title="bbox 2235 3565 3810 3652">
     <span class='ocr_line' id='line_1_84' title="bbox 2235 3565 3810 3652; baseline -0.009 -18"><span class='ocrx_word' id='word_1_629' title='bbox 2235 3580 2387 3652; x_wconf 84' lang='grc' dir='ltr'>ὑμῶν</span> <span class='ocrx_word' id='word_1_630' title='bbox 2434 3577 2756 3647; x_wconf 79' lang='grc' dir='ltr'>ἐπιπόθησιν</span> <span class='ocrx_word' id='word_1_631' title='bbox 2788 3621 2804 3649; x_wconf 85' lang='grc'><strong>,</strong></span> <span class='ocrx_word' id='word_1_632' title='bbox 2843 3577 2935 3632; x_wconf 87' lang='grc' dir='ltr'><strong>τὸν</strong></span> <span class='ocrx_word' id='word_1_633' title='bbox 3016 3577 3168 3650; x_wconf 84' lang='grc' dir='ltr'>ὑμῶν</span> <span class='ocrx_word' id='word_1_634' title='bbox 3228 3573 3472 3650; x_wconf 79' lang='grc' dir='ltr'>ὀδυρμὸν</span> <span class='ocrx_word' id='word_1_635' title='bbox 3505 3618 3518 3642; x_wconf 86' lang='lat'><strong>,</strong></span> <span class='ocrx_word' id='word_1_636' title='bbox 3571 3569 3650 3624; x_wconf 86' lang='grc' dir='ltr'>τὸν</span> <span class='ocrx_word' id='word_1_637' title='bbox 3696 3565 3810 3652; x_wconf 54' lang='grc' dir='ltr'><strong>ὑμῶγ</strong></span> 
     </span>
    </p>
   </div>
   <div class='ocr_carea' id='block_1_84' title="bbox 2233 3645 3813 3742">
    <p class='ocr_par' dir='ltr' id='par_1_84' title="bbox 2233 3645 3813 3742">
     <span class='ocr_line' id='line_1_85' title="bbox 2233 3645 3813 3742; baseline -0.007 -19"><span class='ocrx_word' id='word_1_638' title='bbox 2233 3667 2399 3737; x_wconf 78' lang='grc' dir='ltr'>ζῆλον</span> <span class='ocrx_word' id='word_1_639' title='bbox 2463 3669 2594 3742; x_wconf 79' lang='grc' dir='ltr'>ὑπὲρ</span> <span class='ocrx_word' id='word_1_640' title='bbox 2653 3665 2809 3739; x_wconf 79' lang='grc' dir='ltr'><strong>ὲμοῦ.</strong></span> <span class='ocrx_word' id='word_1_641' title='bbox 2868 3666 3027 3721; x_wconf 84' lang='grc' dir='ltr'>Ὠστε</span> <span class='ocrx_word' id='word_1_642' title='bbox 3087 3663 3302 3738; x_wconf 81' lang='grc' dir='ltr'>μᾶλλον</span> <span class='ocrx_word' id='word_1_643' title='bbox 3376 3669 3624 3740; x_wconf 79' lang='grc' dir='ltr'>χαρῆναι,</span> <span class='ocrx_word' id='word_1_644' title='bbox 3683 3645 3813 3742; x_wconf 79' lang='grc' dir='ltr'>ὅτι</span> 
     </span>
    </p>
   </div>
   <div class='ocr_carea' id='block_1_85' title="bbox 2227 3737 3814 3828">
    <p class='ocr_par' dir='ltr' id='par_1_85' title="bbox 2227 3737 3814 3828">
     <span class='ocr_line' id='line_1_86' title="bbox 2227 3737 3814 3828; baseline -0.01 -18"><span class='ocrx_word' id='word_1_645' title='bbox 2227 3757 2316 3811; x_wconf 86' lang='grc' dir='ltr'><strong>καὶ</strong></span> <span class='ocrx_word' id='word_1_646' title='bbox 2374 3737 2623 3827; x_wconf 79' lang='grc' dir='ltr'>ἐλύπησα</span> <span class='ocrx_word' id='word_1_647' title='bbox 2681 3737 2820 3827; x_wconf 70' lang='grc' dir='ltr'>ὗμᾶς</span> <span class='ocrx_word' id='word_1_648' title='bbox 2888 3754 2938 3810; x_wconf 84' lang='grc' dir='ltr'><strong>έν</strong></span> <span class='ocrx_word' id='word_1_649' title='bbox 2998 3737 3096 3828; x_wconf 13' lang='grc' dir='ltr'><strong>τῇί</strong></span> <span class='ocrx_word' id='word_1_650' title='bbox 3133 3737 3462 3828; x_wconf 48' lang='grc' dir='ltr'>ἐπιστολῇ,</span> <span class='ocrx_word' id='word_1_651' title='bbox 3513 3749 3571 3805; x_wconf 81' lang='grc' dir='ltr'>οὐ</span> <span class='ocrx_word' id='word_1_652' title='bbox 3627 3737 3814 3817; x_wconf 80' lang='grc' dir='ltr'>μεταμέ-</span> 
     </span>
    </p>
   </div>
   <div class='ocr_carea' id='block_1_86' title="bbox 2227 3849 3032 3923">
    <p class='ocr_par' dir='ltr' id='par_1_86' title="bbox 2227 3849 3032 3923">
     <span class='ocr_line' id='line_1_87' title="bbox 2227 3849 3032 3923; baseline -0.002 -17"><span class='ocrx_word' id='word_1_653' title='bbox 2227 3851 2398 3922; x_wconf 88' lang='grc' dir='ltr'>λομαι</span> <span class='ocrx_word' id='word_1_654' title='bbox 2430 3851 2473 3904; x_wconf 85' lang='grc' dir='ltr'>εἰ</span> <span class='ocrx_word' id='word_1_655' title='bbox 2504 3849 2593 3904; x_wconf 77' lang='grc' dir='ltr'>καί</span> <span class='ocrx_word' id='word_1_656' title='bbox 2625 3849 3032 3923; x_wconf 77' lang='grc' dir='ltr'>μετεμελόμην.</span> 
     </span>
    </p>
   </div>
   <div class='ocr_carea' id='block_1_87' title="bbox 2299 3927 3810 4018">
    <p class='ocr_par' dir='ltr' id='par_1_87' title="bbox 2299 3927 3810 4018">
     <span class='ocr_line' id='line_1_88' title="bbox 2299 3927 3810 4018; baseline -0.011 -20"><span class='ocrx_word' id='word_1_657' title='bbox 2299 3943 2435 3998; x_wconf 81' lang='grc' dir='ltr'>Εἶτα</span> <span class='ocrx_word' id='word_1_658' title='bbox 2467 3938 2736 4018; x_wconf 81' lang='grc' dir='ltr'>διηγεῖται</span> <span class='ocrx_word' id='word_1_659' title='bbox 2788 3941 2888 4008; x_wconf 78' lang='grc' dir='ltr'><strong>τήν</strong></span> <span class='ocrx_word' id='word_1_660' title='bbox 2923 3938 3128 4013; x_wconf 78' lang='grc' dir='ltr'>θλίψιν,</span> <span class='ocrx_word' id='word_1_661' title='bbox 3182 3939 3272 3993; x_wconf 82' lang='grc' dir='ltr'><strong>καὶ</strong></span> <span class='ocrx_word' id='word_1_662' title='bbox 3330 3938 3536 4011; x_wconf 76' lang='grc' dir='ltr'>ἐπαίρει</span> <span class='ocrx_word' id='word_1_663' title='bbox 3591 3930 3730 3996; x_wconf 70' lang='grc' dir='ltr'>αὐτην</span> <span class='ocrx_word' id='word_1_664' title='bbox 3752 3927 3810 4018; x_wconf 41' lang='grc' dir='ltr'><strong>τῷ</strong></span> 
     </span>
    </p>
   </div>
   <div class='ocr_carea' id='block_1_88' title="bbox 2227 4011 3810 4106">
    <p class='ocr_par' dir='ltr' id='par_1_88' title="bbox 2227 4011 3810 4106">
     <span class='ocr_line' id='line_1_89' title="bbox 2227 4011 3810 4106; baseline -0.012 -20"><span class='ocrx_word' id='word_1_665' title='bbox 2227 4030 2518 4106; x_wconf 78' lang='grc' dir='ltr'>λόγῳ,’ἰνα</span> <span class='ocrx_word' id='word_1_666' title='bbox 2547 4032 2646 4098; x_wconf 85' lang='grc' dir='ltr'><strong>τήν</strong></span> <span class='ocrx_word' id='word_1_667' title='bbox 2706 4027 2778 4084; x_wconf 87' lang='grc' dir='ltr'>δι’</span> <span class='ocrx_word' id='word_1_668' title='bbox 2843 4028 3037 4090; x_wconf 80' lang='grc' dir='ltr'>αὐτοὺς</span> <span class='ocrx_word' id='word_1_669' title='bbox 3098 4029 3274 4103; x_wconf 79' lang='grc' dir='ltr'>χαρὰν</span> <span class='ocrx_word' id='word_1_670' title='bbox 3338 4028 3551 4101; x_wconf 83' lang='grc' dir='ltr'>μείζονα</span> <span class='ocrx_word' id='word_1_671' title='bbox 3604 4011 3810 4106; x_wconf 52' lang='grc' dir='ltr'>δείζῃξῦς</span> 
     </span>
    </p>
   </div>
   <div class='ocr_carea' id='block_1_89' title="bbox 2225 4097 3808 4195">
    <p class='ocr_par' dir='ltr' id='par_1_89' title="bbox 2225 4097 3808 4195">
     <span class='ocr_line' id='line_1_90' title="bbox 2225 4097 3808 4195; baseline -0.018 -17"><span class='ocrx_word' id='word_1_672' title='bbox 2225 4119 2520 4195; x_wconf 73' lang='grc' dir='ltr'>ἰσχύσασαν</span> <span class='ocrx_word' id='word_1_673' title='bbox 2581 4119 2851 4188; x_wconf 69' lang='grc' dir='ltr'>τοσαύτην</span> <span class='ocrx_word' id='word_1_674' title='bbox 2900 4116 3084 4192; x_wconf 80' lang='grc' dir='ltr'>θλίψιν</span> <span class='ocrx_word' id='word_1_675' title='bbox 3141 4119 3489 4190; x_wconf 79' lang='grc' dir='ltr'>ἀμαυρῶσαι,</span> <span class='ocrx_word' id='word_1_676' title='bbox 3554 4110 3598 4180; x_wconf 78' lang='grc' dir='ltr'><strong>ἐξ</strong></span> <span class='ocrx_word' id='word_1_677' title='bbox 3637 4108 3700 4160; x_wconf 84' lang='grc' dir='ltr'>ὧν</span> <span class='ocrx_word' id='word_1_678' title='bbox 3747 4097 3808 4152; x_wconf 70' lang='grc' dir='ltr'><strong>διε</strong></span> 
     </span>
    </p>
   </div>
   <div class='ocr_carea' id='block_1_90' title="bbox 2224 4194 3809 4282">
    <p class='ocr_par' dir='ltr' id='par_1_90' title="bbox 2224 4194 3809 4282">
     <span class='ocr_line' id='line_1_91' title="bbox 2224 4194 3809 4282; baseline -0.013 -19"><span class='ocrx_word' id='word_1_679' title='bbox 2224 4206 2567 4282; x_wconf 86' lang='grc' dir='ltr'>ετελέσαμεν,</span> <span class='ocrx_word' id='word_1_680' title='bbox 2594 4233 2621 4260; x_wconf 88' lang='grc'><strong>‹‹</strong></span> <span class='ocrx_word' id='word_1_681' title='bbox 2653 4208 2886 4278; x_wconf 78' lang='grc' dir='ltr'>’Έξωθεν</span> <span class='ocrx_word' id='word_1_682' title='bbox 2933 4209 3132 4282; x_wconf 75' lang='grc' dir='ltr'>μάχαι.</span> <span class='ocrx_word' id='word_1_683' title='bbox 3167 4230 3194 4258; x_wconf 84' lang='grc'><strong>››</strong></span> <span class='ocrx_word' id='word_1_684' title='bbox 3265 4205 3418 4276; x_wconf 83' lang='grc' dir='ltr'>Παρὰ</span> <span class='ocrx_word' id='word_1_685' title='bbox 3470 4207 3571 4258; x_wconf 83' lang='grc' dir='ltr'><strong>τῶν</strong></span> <span class='ocrx_word' id='word_1_686' title='bbox 3597 4194 3809 4282; x_wconf 38' lang='grc' dir='ltr'>ἀπίστων..</span> 
     </span>
    </p>
   </div>
   <div class='ocr_carea' id='block_1_91' title="bbox 2224 4275 3808 4368">
    <p class='ocr_par' dir='ltr' id='par_1_91' title="bbox 2224 4275 3808 4368">
     <span class='ocr_line' id='line_1_92' title="bbox 2224 4275 3808 4368; baseline -0.009 -16"><span class='ocrx_word' id='word_1_687' title='bbox 2224 4299 2316 4359; x_wconf 74' lang='grc' dir='ltr'>οὓς</span> <span class='ocrx_word' id='word_1_688' title='bbox 2370 4291 2560 4368; x_wconf 77' lang='grc' dir='ltr'>ἔξωθεν</span> <span class='ocrx_word' id='word_1_689' title='bbox 2601 4295 2788 4352; x_wconf 85' lang='grc' dir='ltr'>καλεῖν</span> <span class='ocrx_word' id='word_1_690' title='bbox 2849 4294 3054 4352; x_wconf 71' lang='grc' dir='ltr'>εἷ’ωθεν.</span> <span class='ocrx_word' id='word_1_691' title='bbox 3119 4318 3146 4348; x_wconf 75' lang='grc' dir='ltr'>ι(</span> <span class='ocrx_word' id='word_1_692' title='bbox 3178 4295 3414 4350; x_wconf 80' lang='grc' dir='ltr'>Ἕσωθεν</span> <span class='ocrx_word' id='word_1_693' title='bbox 3470 4284 3689 4368; x_wconf 64' lang='grc' dir='ltr'>φόϐοι.»</span> <span class='ocrx_word' id='word_1_694' title='bbox 3737 4275 3808 4368; x_wconf 66' lang='grc' dir='ltr'><strong>Διά</strong></span> 
     </span>
    </p>
   </div>
   <div class='ocr_carea' id='block_1_92' title="bbox 2220 4367 3811 4459">
    <p class='ocr_par' dir='ltr' id='par_1_92' title="bbox 2220 4375 3811 4459">
     <span class='ocr_line' id='line_1_93' title="bbox 2220 4375 3811 4459; baseline -0.008 -19"><span class='ocrx_word' id='word_1_695' title='bbox 2220 4386 2345 4441; x_wconf 77' lang='grc' dir='ltr'>τοὺς</span> <span class='ocrx_word' id='word_1_696' title='bbox 2378 4386 2628 4449; x_wconf 74' lang='grc' dir='ltr'>πιστοὺς,</span> <span class='ocrx_word' id='word_1_697' title='bbox 2668 4388 2740 4459; x_wconf 83' lang='grc' dir='ltr'><strong>μή</strong></span> <span class='ocrx_word' id='word_1_698' title='bbox 2785 4407 2903 4448; x_wconf 89' lang='grc' dir='ltr'><strong>πως</strong></span> <span class='ocrx_word' id='word_1_699' title='bbox 2957 4389 3073 4446; x_wconf 86' lang='grc' dir='ltr'>τοῖς</span> <span class='ocrx_word' id='word_1_700' title='bbox 3129 4388 3458 4456; x_wconf 79' lang='grc' dir='ltr'>πειρασμοῖς</span> <span class='ocrx_word' id='word_1_701' title='bbox 3517 4375 3811 4459; x_wconf 50' lang='grc' dir='ltr'>μαλακισθαξς</span> 
     </span>
    </p>
   </div>
   <div class='ocr_carea' id='block_1_93' title="bbox 3703 4448 3810 4516">
    <p class='ocr_par' dir='ltr' id='par_1_93' title="bbox 3703 4448 3810 4516">
     <span class='ocr_line' id='line_1_94' title="bbox 3703 4448 3810 4516; baseline 0.047 -5"><span class='ocrx_word' id='word_1_702' title='bbox 3703 4458 3739 4516; x_wconf 78' lang='grc' dir='ltr'><strong>ίς</strong></span> <span class='ocrx_word' id='word_1_703' title='bbox 3769 4448 3810 4505; x_wconf 74' lang='grc' dir='ltr'><strong>δὶ</strong></span> 
     </span>
    </p>
   </div>
   <div class='ocr_carea' id='block_1_94' title="bbox 2223 4462 3697 4550">
    <p class='ocr_par' dir='ltr' id='par_1_94' title="bbox 2223 4462 3697 4550">
     <span class='ocr_line' id='line_1_95' title="bbox 2223 4462 3697 4550; baseline -0.006 -20"><span class='ocrx_word' id='word_1_704' title='bbox 2223 4498 2322 4533; x_wconf 92' lang='grc' dir='ltr'>σιν.</span> <span class='ocrx_word' id='word_1_705' title='bbox 2355 4501 2383 4528; x_wconf 90' lang='grc'><strong>‹‹</strong></span> <span class='ocrx_word' id='word_1_706' title='bbox 2417 4475 2572 4533; x_wconf 81' lang='grc' dir='ltr'>Ἀλλ’</span> <span class='ocrx_word' id='word_1_707' title='bbox 2630 4477 2658 4530; x_wconf 88' lang='grc' dir='ltr'><strong>ὁ</strong></span> <span class='ocrx_word' id='word_1_708' title='bbox 2689 4473 3018 4550; x_wconf 79' lang='grc' dir='ltr'>παρακαλῶν</span> <span class='ocrx_word' id='word_1_709' title='bbox 3080 4475 3206 4536; x_wconf 76' lang='grc' dir='ltr'>τοὺς</span> <span class='ocrx_word' id='word_1_710' title='bbox 3252 4469 3550 4529; x_wconf 71' lang='grc' dir='ltr'>ταπεινοὺς.</span> <span class='ocrx_word' id='word_1_711' title='bbox 3584 4489 3602 4515; x_wconf 77' lang='grc' dir='ltr'>ι</span> 
     </span>
    </p>
   </div>
   <div class='ocr_carea' id='block_1_95' title="bbox 459 4539 2117 4640">
    <p class='ocr_par' dir='ltr' id='par_1_95' title="bbox 459 4539 2108 4626">
     <span class='ocr_line' id='line_1_96' title="bbox 459 4539 2108 4626; baseline -0.002 -10"><span class='ocrx_word' id='word_1_712' title='bbox 459 4562 802 4616; x_wconf 92' lang='lat' dir='ltr'><strong>consolatur</strong></span> <span class='ocrx_word' id='word_1_713' title='bbox 832 4561 1113 4617; x_wconf 88' lang='lat' dir='ltr'><strong>humiles.</strong></span> <span class='ocrx_word' id='word_1_714' title='bbox 1138 4584 1158 4612; x_wconf 73' lang='grc' dir='ltr'><strong>ι</strong></span> <span class='ocrx_word' id='word_1_715' title='bbox 1190 4559 1329 4624; x_wconf 88' lang='lat' dir='ltr'><strong>Quis</strong></span> <span class='ocrx_word' id='word_1_716' title='bbox 1356 4563 1446 4613; x_wconf 91' lang='lat' dir='ltr'><strong>est</strong></span> <span class='ocrx_word' id='word_1_717' title='bbox 1493 4564 1691 4612; x_wconf 88' lang='lat' dir='ltr'><strong>autem</strong></span> <span class='ocrx_word' id='word_1_718' title='bbox 1719 4557 1818 4626; x_wconf 89' lang='lat' dir='ltr'><strong>qui</strong></span> <span class='ocrx_word' id='word_1_719' title='bbox 1853 4539 2108 4613; x_wconf 84' lang='lat' dir='ltr'><strong>humiles</strong></span> 
     </span>
    </p>
   </div>
   <div class='ocr_carea' id='block_1_96' title="bbox 2227 4539 3812 4640">
    <p class='ocr_par' dir='ltr' id='par_1_96' title="bbox 2227 4539 3812 4640">
     <span class='ocr_line' id='line_1_97' title="bbox 2227 4539 3812 4640; baseline -0.016 -18"><span class='ocrx_word' id='word_1_720' title='bbox 2227 4567 2254 4619; x_wconf 90' lang='lat'><strong>6</strong></span> <span class='ocrx_word' id='word_1_721' title='bbox 2284 4569 2616 4640; x_wconf 74' lang='grc' dir='ltr'>παρακαλῶν</span> <span class='ocrx_word' id='word_1_722' title='bbox 2645 4563 2772 4626; x_wconf 71' lang='grc' dir='ltr'>τοὺς</span> <span class='ocrx_word' id='word_1_723' title='bbox 2802 4564 3087 4627; x_wconf 78' lang='grc' dir='ltr'>ταπεινοὺς</span> <span class='ocrx_word' id='word_1_724' title='bbox 3119 4562 3209 4618; x_wconf 85' lang='grc' dir='ltr'><strong>καὶ</strong></span> <span class='ocrx_word' id='word_1_725' title='bbox 3241 4563 3291 4617; x_wconf 84' lang='grc' dir='ltr'>ἐν</span> <span class='ocrx_word' id='word_1_726' title='bbox 3333 4559 3623 4634; x_wconf 84' lang='grc' dir='ltr'>ἀνθρώποις</span> <span class='ocrx_word' id='word_1_727' title='bbox 3672 4539 3812 4640; x_wconf 68' lang='grc' dir='ltr'>ἀϐοη-</span> 
     </span>
    </p>
   </div>
   <div class='ocr_carea' id='block_1_97' title="bbox 461 4645 2116 4720">
    <p class='ocr_par' dir='ltr' id='par_1_97' title="bbox 461 4645 2116 4720">
     <span class='ocr_line' id='line_1_98' title="bbox 461 4645 2116 4720; baseline 0 -18"><span class='ocrx_word' id='word_1_728' title='bbox 461 4649 823 4714; x_wconf 89' lang='lat' dir='ltr'><strong>éonsolatur,</strong></span> <span class='ocrx_word' id='word_1_729' title='bbox 858 4657 916 4705; x_wconf 88' lang='lat' dir='ltr'><strong>et</strong></span> <span class='ocrx_word' id='word_1_730' title='bbox 945 4668 1046 4706; x_wconf 91' lang='lat' dir='ltr'><strong>eos</strong></span> <span class='ocrx_word' id='word_1_731' title='bbox 1078 4649 1178 4720; x_wconf 91' lang='lat' dir='ltr'><strong>qui</strong></span> <span class='ocrx_word' id='word_1_732' title='bbox 1211 4649 1368 4702; x_wconf 91' lang='lat' dir='ltr'><strong>inter</strong></span> <span class='ocrx_word' id='word_1_733' title='bbox 1417 4646 1688 4700; x_wconf 87' lang='lat' dir='ltr'><strong>homines</strong></span> <span class='ocrx_word' id='word_1_734' title='bbox 1743 4645 1977 4700; x_wconf 92' lang='lat' dir='ltr'><strong>nullum</strong></span> <span class='ocrx_word' id='word_1_735' title='bbox 2017 4647 2116 4702; x_wconf 84' lang='lat' dir='ltr'><strong>ha—</strong></span> 
     </span>
    </p>
   </div>
   <div class='ocr_carea' id='block_1_98' title="bbox 460 4735 2117 4794">
    <p class='ocr_par' dir='ltr' id='par_1_98' title="bbox 460 4735 2117 4794">
     <span class='ocr_line' id='line_1_99' title="bbox 460 4735 2117 4794; baseline 0 -3"><span class='ocrx_word' id='word_1_736' title='bbox 460 4736 605 4792; x_wconf 89' lang='lat' dir='ltr'><strong>bent</strong></span> <span class='ocrx_word' id='word_1_737' title='bbox 635 4740 968 4794; x_wconf 84' lang='lat' dir='ltr'><strong>auxilium?</strong></span> <span class='ocrx_word' id='word_1_738' title='bbox 994 4763 1020 4789; x_wconf 86' lang='grc'><em>‹‹</em></span> <span class='ocrx_word' id='word_1_739' title='bbox 1056 4741 1207 4793; x_wconf 84' lang='lat' dir='ltr'><strong>Deus</strong></span> <span class='ocrx_word' id='word_1_740' title='bbox 1236 4737 1540 4791; x_wconf 81' lang='lat' dir='ltr'><strong>videlicet:</strong></span> <span class='ocrx_word' id='word_1_741' title='bbox 1576 4735 1670 4789; x_wconf 89' lang='lat' dir='ltr'><strong>hic</strong></span> <span class='ocrx_word' id='word_1_742' title='bbox 1704 4751 1812 4789; x_wconf 86' lang='lat' dir='ltr'><strong>nos</strong></span> <span class='ocrx_word' id='word_1_743' title='bbox 1850 4738 2117 4792; x_wconf 85' lang='lat' dir='ltr'><strong>consola-</strong></span> 
     </span>
    </p>
   </div>
   <div class='ocr_carea' id='block_1_99' title="bbox 461 4825 2120 4898">
    <p class='ocr_par' dir='ltr' id='par_1_99' title="bbox 461 4825 2120 4898">
     <span class='ocr_line' id='line_1_100' title="bbox 461 4825 2120 4898; baseline -0.001 -18"><span class='ocrx_word' id='word_1_744' title='bbox 461 4831 555 4880; x_wconf 90' lang='lat' dir='ltr'><strong>tus</strong></span> <span class='ocrx_word' id='word_1_745' title='bbox 578 4833 686 4892; x_wconf 88' lang='lat' dir='ltr'><strong>est,</strong></span> <span class='ocrx_word' id='word_1_746' title='bbox 710 4827 922 4897; x_wconf 90' lang='lat' dir='ltr'><strong>inquit,</strong></span> <span class='ocrx_word' id='word_1_747' title='bbox 953 4846 1058 4898; x_wconf 89' lang='lat' dir='ltr'><strong>per</strong></span> <span class='ocrx_word' id='word_1_748' title='bbox 1086 4827 1404 4882; x_wconf 79' lang='lat' dir='ltr'><strong>adventum</strong></span> <span class='ocrx_word' id='word_1_749' title='bbox 1438 4825 1568 4878; x_wconf 92' lang='lat' dir='ltr'><strong>Titi.</strong></span> <span class='ocrx_word' id='word_1_750' title='bbox 1606 4846 1634 4874; x_wconf 85' lang='lat'><strong><em>»</em></strong></span> <span class='ocrx_word' id='word_1_751' title='bbox 1695 4827 1967 4895; x_wconf 82' lang='lat' dir='ltr'><strong>Magnum</strong></span> <span class='ocrx_word' id='word_1_752' title='bbox 2015 4826 2120 4881; x_wconf 90' lang='lat' dir='ltr'><strong>ali-</strong></span> 
     </span>
    </p>
   </div>
   <div class='ocr_carea' id='block_1_100' title="bbox 460 4913 2114 4986">
    <p class='ocr_par' dir='ltr' id='par_1_100' title="bbox 460 4913 2114 4986">
     <span class='ocr_line' id='line_1_101' title="bbox 460 4913 2114 4986; baseline 0.001 -19"><span class='ocrx_word' id='word_1_753' title='bbox 460 4915 600 4986; x_wconf 88' lang='lat' dir='ltr'><strong>quid</strong></span> <span class='ocrx_word' id='word_1_754' title='bbox 639 4932 768 4971; x_wconf 88' lang='lat' dir='ltr'><strong>esse</strong></span> <span class='ocrx_word' id='word_1_755' title='bbox 796 4917 958 4971; x_wconf 91' lang='lat' dir='ltr'><strong>ducit</strong></span> <span class='ocrx_word' id='word_1_756' title='bbox 1006 4917 1165 4971; x_wconf 87' lang='lat' dir='ltr'><strong>illius</strong></span> <span class='ocrx_word' id='word_1_757' title='bbox 1217 4916 1558 4971; x_wconf 85' lang='lat' dir='ltr'><strong>adventum.</strong></span> <span class='ocrx_word' id='word_1_758' title='bbox 1600 4913 1734 4967; x_wconf 85' lang='lat' dir='ltr'><strong>Vult</strong></span> <span class='ocrx_word' id='word_1_759' title='bbox 1784 4914 1944 4968; x_wconf 88' lang='lat' dir='ltr'><strong>enim</strong></span> <span class='ocrx_word' id='word_1_760' title='bbox 2001 4915 2114 4969; x_wconf 79' lang='lat' dir='ltr'><strong>fide</strong></span> 
     </span>
    </p>
   </div>
   <div class='ocr_carea' id='block_1_101' title="bbox 458 5003 2113 5078">
    <p class='ocr_par' dir='ltr' id='par_1_101' title="bbox 458 5003 2113 5078">
     <span class='ocr_line' id='line_1_102' title="bbox 458 5003 2113 5078; baseline 0 -18"><span class='ocrx_word' id='word_1_761' title='bbox 458 5005 703 5077; x_wconf 86' lang='lat' dir='ltr'><strong>dignum</strong></span> <span class='ocrx_word' id='word_1_762' title='bbox 735 5006 889 5078; x_wconf 88' lang='lat' dir='ltr'><strong>apud</strong></span> <span class='ocrx_word' id='word_1_763' title='bbox 922 5006 1056 5060; x_wconf 90' lang='lat' dir='ltr'><strong>illos</strong></span> <span class='ocrx_word' id='word_1_764' title='bbox 1109 5011 1167 5060; x_wconf 89' lang='lat' dir='ltr'><strong>et</strong></span> <span class='ocrx_word' id='word_1_765' title='bbox 1193 5005 1450 5060; x_wconf 89' lang='lat' dir='ltr'><strong>amicum</strong></span> <span class='ocrx_word' id='word_1_766' title='bbox 1496 5005 1582 5058; x_wconf 89' lang='lat' dir='ltr'><strong>eis</strong></span> <span class='ocrx_word' id='word_1_767' title='bbox 1616 5003 1862 5058; x_wconf 86' lang='lat' dir='ltr'><strong>reddere</strong></span> <span class='ocrx_word' id='word_1_768' title='bbox 1903 5003 2113 5060; x_wconf 85' lang='lat' dir='ltr'><strong>virum.</strong></span> 
     </span>
    </p>
   </div>
   <div class='ocr_carea' id='block_1_102' title="bbox 462 5095 2116 5166">
    <p class='ocr_par' dir='ltr' id='par_1_102' title="bbox 462 5095 2116 5166">
     <span class='ocr_line' id='line_1_103' title="bbox 462 5095 2116 5166; baseline 0 -16"><span class='ocrx_word' id='word_1_769' title='bbox 462 5115 488 5146; x_wconf 83' lang='lat'><strong>«</strong></span> <span class='ocrx_word' id='word_1_770' title='bbox 520 5097 645 5151; x_wconf 78' lang='lat' dir='ltr'><strong>Non</strong></span> <span class='ocrx_word' id='word_1_771' title='bbox 675 5097 867 5152; x_wconf 91' lang='lat' dir='ltr'><strong>solum</strong></span> <span class='ocrx_word' id='word_1_772' title='bbox 899 5103 1098 5152; x_wconf 84' lang='lat' dir='ltr'><strong>autem</strong></span> <span class='ocrx_word' id='word_1_773' title='bbox 1158 5113 1263 5166; x_wconf 89' lang='lat' dir='ltr'><strong>per</strong></span> <span class='ocrx_word' id='word_1_774' title='bbox 1322 5095 1638 5149; x_wconf 83' lang='lat' dir='ltr'><strong>adventum</strong></span> <span class='ocrx_word' id='word_1_775' title='bbox 1690 5095 1896 5165; x_wconf 87' lang='lat' dir='ltr'><strong>ipsius.</strong></span> <span class='ocrx_word' id='word_1_776' title='bbox 1930 5119 1957 5143; x_wconf 79' lang='grc' dir='ltr'><strong>υ</strong></span> <span class='ocrx_word' id='word_1_777' title='bbox 1988 5096 2116 5150; x_wconf 88' lang='lat' dir='ltr'><strong>Non</strong></span> 
     </span>
    </p>
   </div>
   <div class='ocr_carea' id='block_1_103' title="bbox 463 5184 2117 5258">
    <p class='ocr_par' dir='ltr' id='par_1_103' title="bbox 463 5184 2117 5258">
     <span class='ocr_line' id='line_1_104' title="bbox 463 5184 2117 5258; baseline 0 -19"><span class='ocrx_word' id='word_1_778' title='bbox 463 5187 677 5253; x_wconf 90' lang='lat' dir='ltr'><strong>solum,</strong></span> <span class='ocrx_word' id='word_1_779' title='bbox 703 5187 919 5258; x_wconf 89' lang='lat' dir='ltr'><strong>inquit,</strong></span> <span class='ocrx_word' id='word_1_780' title='bbox 953 5187 1112 5240; x_wconf 89' lang='lat' dir='ltr'><strong>illius</strong></span> <span class='ocrx_word' id='word_1_781' title='bbox 1143 5185 1430 5239; x_wconf 89' lang='lat' dir='ltr'><strong>adventus</strong></span> <span class='ocrx_word' id='word_1_782' title='bbox 1453 5184 1565 5238; x_wconf 87' lang='lat' dir='ltr'><strong>fuit</strong></span> <span class='ocrx_word' id='word_1_783' title='bbox 1593 5184 1736 5238; x_wconf 90' lang='lat' dir='ltr'><strong>mihi</strong></span> <span class='ocrx_word' id='word_1_784' title='bbox 1772 5201 1950 5239; x_wconf 87' lang='lat' dir='ltr'><strong>causa</strong></span> <span class='ocrx_word' id='word_1_785' title='bbox 1973 5185 2117 5240; x_wconf 65' lang='lat' dir='ltr'><strong>lasti-</strong></span> 
     </span>
    </p>
   </div>
   <div class='ocr_carea' id='block_1_104' title="bbox 460 5273 2114 5346">
    <p class='ocr_par' dir='ltr' id='par_1_104' title="bbox 460 5273 2114 5346">
     <span class='ocr_line' id='line_1_105' title="bbox 460 5273 2114 5346; baseline 0.001 -18"><span class='ocrx_word' id='word_1_786' title='bbox 460 5276 592 5344; x_wconf 76' lang='lat' dir='ltr'><strong>tizn;</strong></span> <span class='ocrx_word' id='word_1_787' title='bbox 637 5294 837 5331; x_wconf 87' lang='lat' dir='ltr'><strong>verum</strong></span> <span class='ocrx_word' id='word_1_788' title='bbox 871 5277 1048 5332; x_wconf 90' lang='lat' dir='ltr'><strong>etiam</strong></span> <span class='ocrx_word' id='word_1_789' title='bbox 1075 5275 1232 5346; x_wconf 91' lang='lat' dir='ltr'><strong>quod</strong></span> <span class='ocrx_word' id='word_1_790' title='bbox 1267 5274 1390 5344; x_wconf 91' lang='lat' dir='ltr'><strong>ipse</strong></span> <span class='ocrx_word' id='word_1_791' title='bbox 1423 5273 1885 5328; x_wconf 89' lang='lat' dir='ltr'><strong>consolationem</strong></span> <span class='ocrx_word' id='word_1_792' title='bbox 1946 5291 2114 5330; x_wconf 83' lang='lat' dir='ltr'><strong>acce-</strong></span> 
     </span>
    </p>
   </div>
   <div class='ocr_carea' id='block_1_105' title="bbox 459 5362 2116 5438">
    <p class='ocr_par' dir='ltr' id='par_1_105' title="bbox 459 5362 2116 5438">
     <span class='ocr_line' id='line_1_106' title="bbox 459 5362 2116 5438; baseline -0.002 -16"><span class='ocrx_word' id='word_1_793' title='bbox 459 5369 612 5438; x_wconf 87' lang='lat' dir='ltr'><strong>perit</strong></span> <span class='ocrx_word' id='word_1_794' title='bbox 643 5374 700 5422; x_wconf 89' lang='lat' dir='ltr'><strong>et</strong></span> <span class='ocrx_word' id='word_1_795' title='bbox 730 5368 1094 5422; x_wconf 80' lang='lat' dir='ltr'><strong>exhilaratus</strong></span> <span class='ocrx_word' id='word_1_796' title='bbox 1118 5365 1297 5420; x_wconf 89' lang='lat' dir='ltr'><strong>fuerit</strong></span> <span class='ocrx_word' id='word_1_797' title='bbox 1327 5381 1362 5418; x_wconf 91' lang='lat' dir='ltr'><strong>a</strong></span> <span class='ocrx_word' id='word_1_798' title='bbox 1391 5362 1573 5418; x_wconf 87' lang='lat' dir='ltr'><strong>vobis.</strong></span> <span class='ocrx_word' id='word_1_799' title='bbox 1635 5363 1924 5428; x_wconf 84' lang='lat' dir='ltr'><strong>Quoniam</strong></span> <span class='ocrx_word' id='word_1_800' title='bbox 1957 5365 2116 5420; x_wconf 92' lang='lat' dir='ltr'><strong>enim</strong></span> 
     </span>
    </p>
   </div>
   <div class='ocr_carea' id='block_1_106' title="bbox 460 5453 2119 5526">
    <p class='ocr_par' dir='ltr' id='par_1_106' title="bbox 460 5453 2119 5526">
     <span class='ocr_line' id='line_1_107' title="bbox 460 5453 2119 5526; baseline 0 -16"><span class='ocrx_word' id='word_1_801' title='bbox 460 5459 759 5511; x_wconf 87' lang='lat' dir='ltr'><strong>emendati</strong></span> <span class='ocrx_word' id='word_1_802' title='bbox 794 5458 1058 5525; x_wconf 84' lang='lat' dir='ltr'><strong>fueratis,</strong></span> <span class='ocrx_word' id='word_1_803' title='bbox 1088 5463 1147 5510; x_wconf 91' lang='lat' dir='ltr'><strong>et</strong></span> <span class='ocrx_word' id='word_1_804' title='bbox 1193 5456 1319 5526; x_wconf 91' lang='lat' dir='ltr'><strong>ipse</strong></span> <span class='ocrx_word' id='word_1_805' title='bbox 1370 5470 1475 5524; x_wconf 89' lang='lat' dir='ltr'><strong>per</strong></span> <span class='ocrx_word' id='word_1_806' title='bbox 1523 5453 1698 5507; x_wconf 89' lang='lat' dir='ltr'><strong>vestri</strong></span> <span class='ocrx_word' id='word_1_807' title='bbox 1760 5454 2119 5510; x_wconf 89' lang='lat' dir='ltr'><strong>immutatio-</strong></span> 
     </span>
    </p>
   </div>
   <div class='ocr_carea' id='block_1_107' title="bbox 459 5544 2115 5614">
    <p class='ocr_par' dir='ltr' id='par_1_107' title="bbox 459 5544 2115 5614">
     <span class='ocr_line' id='line_1_108' title="bbox 459 5544 2115 5614; baseline 0.001 -16"><span class='ocrx_word' id='word_1_808' title='bbox 459 5561 598 5599; x_wconf 88' lang='lat' dir='ltr'><strong>nem</strong></span> <span class='ocrx_word' id='word_1_809' title='bbox 629 5547 1098 5602; x_wconf 90' lang='lat' dir='ltr'><strong>consolationem</strong></span> <span class='ocrx_word' id='word_1_810' title='bbox 1121 5544 1368 5614; x_wconf 89' lang='lat' dir='ltr'><strong>acoepit,</strong></span> <span class='ocrx_word' id='word_1_811' title='bbox 1394 5549 1449 5596; x_wconf 90' lang='lat' dir='ltr'><strong>et</strong></span> <span class='ocrx_word' id='word_1_812' title='bbox 1483 5559 1590 5596; x_wconf 90' lang='lat' dir='ltr'><strong>nos</strong></span> <span class='ocrx_word' id='word_1_813' title='bbox 1616 5558 1734 5596; x_wconf 89' lang='lat' dir='ltr'><strong>una</strong></span> <span class='ocrx_word' id='word_1_814' title='bbox 1759 5544 2115 5599; x_wconf 87' lang='lat' dir='ltr'><strong>consalatio-</strong></span> 
     </span>
    </p>
   </div>
   <div class='ocr_carea' id='block_1_108' title="bbox 461 5632 2118 5706">
    <p class='ocr_par' dir='ltr' id='par_1_108' title="bbox 461 5632 2118 5706">
     <span class='ocr_line' id='line_1_109' title="bbox 461 5632 2118 5706; baseline 0.001 -16"><span class='ocrx_word' id='word_1_815' title='bbox 461 5651 600 5690; x_wconf 90' lang='lat' dir='ltr'><strong>nem</strong></span> <span class='ocrx_word' id='word_1_816' title='bbox 624 5636 980 5706; x_wconf 79' lang='lat' dir='ltr'><strong>accepimus.</strong></span> <span class='ocrx_word' id='word_1_817' title='bbox 1017 5635 1190 5688; x_wconf 82' lang='lat' dir='ltr'><strong>Vides</strong></span> <span class='ocrx_word' id='word_1_818' title='bbox 1223 5650 1400 5704; x_wconf 86' lang='lat' dir='ltr'><strong>quam</strong></span> <span class='ocrx_word' id='word_1_819' title='bbox 1415 5632 1769 5686; x_wconf 80' lang='lat' dir='ltr'><strong>familiarem</strong></span> <span class='ocrx_word' id='word_1_820' title='bbox 1794 5634 2118 5690; x_wconf 86' lang='lat' dir='ltr'><strong>etamicum</strong></span> 
     </span>
    </p>
   </div>
   <div class='ocr_carea' id='block_1_109' title="bbox 2224 4629 3802 4725">
    <p class='ocr_par' dir='ltr' id='par_1_109' title="bbox 2224 4629 3802 4725">
     <span class='ocr_line' id='line_1_110' title="bbox 2224 4629 3802 4725; baseline -0.004 -17"><span class='ocrx_word' id='word_1_821' title='bbox 2224 4629 2463 4725; x_wconf 75' lang='grc' dir='ltr'>θήτους;</span> <span class='ocrx_word' id='word_1_822' title='bbox 2504 4680 2530 4706; x_wconf 85' lang='grc'><em>‹‹</em></span> <span class='ocrx_word' id='word_1_823' title='bbox 2563 4657 2624 4711; x_wconf 71' lang='grc' dir='ltr'>Ὀ</span> <span class='ocrx_word' id='word_1_824' title='bbox 2680 4655 2834 4721; x_wconf 87' lang='grc' dir='ltr'>Θεὸς,</span> <span class='ocrx_word' id='word_1_825' title='bbox 2871 4679 2897 4705; x_wconf 81' lang='grc'>››</span> <span class='ocrx_word' id='word_1_826' title='bbox 2949 4650 3191 4724; x_wconf 78' lang='grc' dir='ltr'>δηλαδή’</span> <span class='ocrx_word' id='word_1_827' title='bbox 3253 4629 3623 4720; x_wconf 31' lang='grc' dir='ltr'>οὗτοςνὴμᾶς,</span> <span class='ocrx_word' id='word_1_828' title='bbox 3683 4629 3802 4711; x_wconf 71' lang='grc' dir='ltr'><strong>φησῖν</strong></span> 
     </span>
    </p>
   </div>
   <div class='ocr_carea' id='block_1_110' title="bbox 2223 4727 3808 4820">
    <p class='ocr_par' dir='ltr' id='par_1_110' title="bbox 2223 4727 3808 4820">
     <span class='ocr_line' id='line_1_111' title="bbox 2223 4727 3808 4820; baseline -0.007 -22"><span class='ocrx_word' id='word_1_829' title='bbox 2223 4741 2557 4820; x_wconf 80' lang='grc' dir='ltr'>παρεκάλεσε</span> <span class='ocrx_word' id='word_1_830' title='bbox 2637 4743 2727 4798; x_wconf 65' lang='grc' dir='ltr'>διὰ</span> <span class='ocrx_word' id='word_1_831' title='bbox 2805 4751 2908 4813; x_wconf 78' lang='grc' dir='ltr'><strong>τῆς</strong></span> <span class='ocrx_word' id='word_1_832' title='bbox 2990 4742 3286 4816; x_wconf 79' lang='grc' dir='ltr'>παρουσίας</span> <span class='ocrx_word' id='word_1_833' title='bbox 3359 4739 3534 4797; x_wconf 80' lang='grc' dir='ltr'>Τίτου.</span> <span class='ocrx_word' id='word_1_834' title='bbox 3592 4727 3722 4820; x_wconf 40' lang='lat' dir='ltr'><strong>Mitt}!</strong></span> <span class='ocrx_word' id='word_1_835' title='bbox 3765 4737 3808 4820; x_wconf 57' lang='grc' dir='ltr'><strong>ξι</strong></span> 
     </span>
    </p>
   </div>
   <div class='ocr_carea' id='block_1_111' title="bbox 2222 4807 3802 4906">
    <p class='ocr_par' dir='ltr' id='par_1_111' title="bbox 2222 4807 3802 4906">
     <span class='ocr_line' id='line_1_112' title="bbox 2222 4807 3802 4906; baseline -0.005 -19"><span class='ocrx_word' id='word_1_836' title='bbox 2222 4838 2457 4888; x_wconf 87' lang='grc' dir='ltr'>ποιεῖται</span> <span class='ocrx_word' id='word_1_837' title='bbox 2487 4835 2587 4902; x_wconf 71' lang='grc' dir='ltr'>τὴν</span> <span class='ocrx_word' id='word_1_838' title='bbox 2629 4833 2928 4906; x_wconf 83' lang='grc' dir='ltr'>παρουσίαν</span> <span class='ocrx_word' id='word_1_839' title='bbox 2983 4832 3173 4888; x_wconf 78' lang='grc' dir='ltr'>αὐτοῦ.</span> <span class='ocrx_word' id='word_1_840' title='bbox 3209 4827 3474 4886; x_wconf 70' lang='grc' dir='ltr'>Βούλεται</span> <span class='ocrx_word' id='word_1_841' title='bbox 3539 4822 3632 4897; x_wconf 73' lang='grc' dir='ltr'><strong>γὰρ</strong></span> <span class='ocrx_word' id='word_1_842' title='bbox 3666 4807 3802 4906; x_wconf 60' lang='grc' dir='ltr'><strong>Δξὶξι⁹ί⁶⁹</strong></span> 
     </span>
    </p>
   </div>
   <div class='ocr_carea' id='block_1_112' title="bbox 2224 4897 3804 4997">
    <p class='ocr_par' dir='ltr' id='par_1_112' title="bbox 2224 4897 3804 4997">
     <span class='ocr_line' id='line_1_113' title="bbox 2224 4897 3804 4997; baseline -0.003 -21"><span class='ocrx_word' id='word_1_843' title='bbox 2224 4943 2413 4978; x_wconf 87' lang='grc' dir='ltr'>πιστον</span> <span class='ocrx_word' id='word_1_844' title='bbox 2482 4923 2666 4984; x_wconf 80' lang='grc' dir='ltr'>αὐτοῖς</span> <span class='ocrx_word' id='word_1_845' title='bbox 2752 4922 2842 4976; x_wconf 83' lang='grc' dir='ltr'><strong>καὶ</strong></span> <span class='ocrx_word' id='word_1_846' title='bbox 2924 4919 3084 4997; x_wconf 78' lang='grc' dir='ltr'>φίλον</span> <span class='ocrx_word' id='word_1_847' title='bbox 3139 4927 3468 4988; x_wconf 74' lang='grc' dir='ltr'>καταστῆσαι</span> <span class='ocrx_word' id='word_1_848' title='bbox 3534 4912 3616 4967; x_wconf 87' lang='grc' dir='ltr'>τὸν</span> <span class='ocrx_word' id='word_1_849' title='bbox 3661 4897 3804 4997; x_wconf 40' lang='lat' dir='ltr'><strong>(iV-39&quot;</strong></span> 
     </span>
    </p>
   </div>
   <div class='ocr_carea' id='block_1_113' title="bbox 2231 4990 3800 5090">
    <p class='ocr_par' dir='ltr' id='par_1_113' title="bbox 2231 4990 3800 5090">
     <span class='ocr_line' id='line_1_114' title="bbox 2231 4990 3800 5090; baseline -0.015 -18"><span class='ocrx_word' id='word_1_850' title='bbox 2231 5034 2252 5063; x_wconf 73' lang='grc' dir='ltr'><strong>ε</strong></span> <span class='ocrx_word' id='word_1_851' title='bbox 2296 5010 2372 5070; x_wconf 82' lang='grc' dir='ltr'><strong>Οὐ</strong></span> <span class='ocrx_word' id='word_1_852' title='bbox 2416 5016 2581 5085; x_wconf 89' lang='grc' dir='ltr'>μόνον</span> <span class='ocrx_word' id='word_1_853' title='bbox 2635 5008 2692 5066; x_wconf 71' lang='grc' dir='ltr'><strong>δὲ</strong></span> <span class='ocrx_word' id='word_1_854' title='bbox 2748 5011 2798 5066; x_wconf 84' lang='grc' dir='ltr'>ἐν</span> <span class='ocrx_word' id='word_1_855' title='bbox 2830 5017 2899 5085; x_wconf 83' lang='grc' dir='ltr'><strong>τῇ</strong></span> <span class='ocrx_word' id='word_1_856' title='bbox 2932 5010 3201 5083; x_wconf 75' lang='grc' dir='ltr'>παρουσίᾳ</span> <span class='ocrx_word' id='word_1_857' title='bbox 3259 5008 3441 5064; x_wconf 78' lang='grc' dir='ltr'>αὐτοῦ.</span> <span class='ocrx_word' id='word_1_858' title='bbox 3470 5027 3497 5057; x_wconf 83' lang='grc'>››</span> <span class='ocrx_word' id='word_1_859' title='bbox 3547 4999 3615 5057; x_wconf 82' lang='grc' dir='ltr'><strong>Οὐ</strong></span> <span class='ocrx_word' id='word_1_860' title='bbox 3652 4990 3800 5090; x_wconf 45' lang='grc' dir='ltr'>μόνογν</span> 
     </span>
    </p>
   </div>
   <div class='ocr_carea' id='block_1_114' title="bbox 2224 5090 3803 5178">
    <p class='ocr_par' dir='ltr' id='par_1_114' title="bbox 2224 5090 3803 5178">
     <span class='ocr_line' id='line_1_115' title="bbox 2224 5090 3803 5178; baseline -0.006 -22"><span class='ocrx_word' id='word_1_861' title='bbox 2224 5101 2390 5178; x_wconf 74' lang='grc' dir='ltr'>φησὶν</span> <span class='ocrx_word' id='word_1_862' title='bbox 2442 5145 2456 5168; x_wconf 90' lang='grc'><strong>,</strong></span> <span class='ocrx_word' id='word_1_863' title='bbox 2515 5103 2549 5170; x_wconf 80' lang='grc' dir='ltr'>ἡ</span> <span class='ocrx_word' id='word_1_864' title='bbox 2637 5100 2904 5175; x_wconf 88' lang='grc' dir='ltr'>παρουσία</span> <span class='ocrx_word' id='word_1_865' title='bbox 2986 5101 3156 5156; x_wconf 81' lang='grc' dir='ltr'>αὐτοῦ</span> <span class='ocrx_word' id='word_1_866' title='bbox 3243 5097 3462 5168; x_wconf 77' lang='grc' dir='ltr'>ἐποίησέ</span> <span class='ocrx_word' id='word_1_867' title='bbox 3581 5105 3664 5159; x_wconf 83' lang='grc' dir='ltr'><strong>μοι</strong></span> <span class='ocrx_word' id='word_1_868' title='bbox 3727 5090 3803 5173; x_wconf 45' lang='lat' dir='ltr'><strong>&quot;cf</strong></span> 
     </span>
    </p>
   </div>
   <div class='ocr_carea' id='block_1_115' title="bbox 2224 5171 3800 5268">
    <p class='ocr_par' dir='ltr' id='par_1_115' title="bbox 2224 5171 3800 5268">
     <span class='ocr_line' id='line_1_116' title="bbox 2224 5171 3800 5268; baseline -0.032 0"><span class='ocrx_word' id='word_1_869' title='bbox 2224 5190 2603 5268; x_wconf 59' lang='grc' dir='ltr'>εὐφροσύνην.</span> <span class='ocrx_word' id='word_1_870' title='bbox 2671 5187 2818 5244; x_wconf 77' lang='grc' dir='ltr'><strong>ἀλλά</strong></span> <span class='ocrx_word' id='word_1_871' title='bbox 2874 5189 2964 5244; x_wconf 83' lang='grc' dir='ltr'>καὶ</span> <span class='ocrx_word' id='word_1_872' title='bbox 3033 5186 3475 5263; x_wconf 75' lang='grc' dir='ltr'>παρακεκλῆσθαι</span> <span class='ocrx_word' id='word_1_873' title='bbox 3552 5171 3698 5268; x_wconf 39' lang='grc' dir='ltr'>αὐτόν.</span> <span class='ocrx_word' id='word_1_874' title='bbox 3732 5179 3800 5216; x_wconf 71' lang='grc' dir='ltr'><strong>καί</strong></span> 
     </span>
    </p>
   </div>
   <div class='ocr_carea' id='block_1_116' title="bbox 2225 5259 3796 5356">
    <p class='ocr_par' dir='ltr' id='par_1_116' title="bbox 2225 5259 3796 5356">
     <span class='ocr_line' id='line_1_117' title="bbox 2225 5259 3796 5356; baseline -0.008 -22"><span class='ocrx_word' id='word_1_875' title='bbox 2225 5259 2524 5356; x_wconf 43' lang='grc' dir='ltr'>ηὐτράνθαι</span> <span class='ocrx_word' id='word_1_876' title='bbox 2579 5280 2708 5353; x_wconf 84' lang='grc' dir='ltr'>παρ’</span> <span class='ocrx_word' id='word_1_877' title='bbox 2788 5279 2964 5351; x_wconf 87' lang='grc' dir='ltr'>ὑμῶν.</span> <span class='ocrx_word' id='word_1_878' title='bbox 3051 5259 3274 5345; x_wconf 81' lang='grc' dir='ltr'>Ἐπειδὴ</span> <span class='ocrx_word' id='word_1_879' title='bbox 3329 5277 3429 5350; x_wconf 81' lang='grc' dir='ltr'>γὰρ</span> <span class='ocrx_word' id='word_1_880' title='bbox 3487 5259 3796 5352; x_wconf 50' lang='grc' dir='ltr'>διωρθώθητες</span> 
     </span>
    </p>
   </div>
   <div class='ocr_carea' id='block_1_117' title="bbox 2225 5353 3794 5448">
    <p class='ocr_par' dir='ltr' id='par_1_117' title="bbox 2225 5353 3794 5448">
     <span class='ocr_line' id='line_1_118' title="bbox 2225 5353 3794 5448; baseline -0.015 -17"><span class='ocrx_word' id='word_1_881' title='bbox 2225 5353 2384 5428; x_wconf 56' lang='grc' dir='ltr'>αὖέός</span> <span class='ocrx_word' id='word_1_882' title='bbox 2411 5387 2469 5421; x_wconf 79' lang='grc' dir='ltr'><strong>τε</strong></span> <span class='ocrx_word' id='word_1_883' title='bbox 2526 5366 2612 5421; x_wconf 75' lang='grc' dir='ltr'><strong>ἐπὶ</strong></span> <span class='ocrx_word' id='word_1_884' title='bbox 2671 5371 2740 5440; x_wconf 85' lang='grc' dir='ltr'><strong>τῇ</strong></span> <span class='ocrx_word' id='word_1_885' title='bbox 2803 5367 2955 5438; x_wconf 86' lang='grc' dir='ltr'>ὑμῶν</span> <span class='ocrx_word' id='word_1_886' title='bbox 3019 5359 3301 5438; x_wconf 76' lang='grc' dir='ltr'>μεταϐολῇ</span> <span class='ocrx_word' id='word_1_887' title='bbox 3359 5353 3680 5448; x_wconf 40' lang='grc' dir='ltr'>παρεκλήθην,</span> 
     </span>
    </p>
   </div>
   <div class='ocr_carea' id='block_1_118' title="bbox 2225 5439 3793 5528">
    <p class='ocr_par' dir='ltr' id='par_1_118' title="bbox 2225 5439 3793 5528">
     <span class='ocr_line' id='line_1_119' title="bbox 2225 5439 3793 5528; baseline -0.023 -17"><span class='ocrx_word' id='word_1_888' title='bbox 2225 5458 2389 5528; x_wconf 77' lang='grc' dir='ltr'>ἡμεῖς</span> <span class='ocrx_word' id='word_1_889' title='bbox 2437 5439 2997 5526; x_wconf 73' lang='grc' dir='ltr'>συμπαρεκλήθημεν.</span> <span class='ocrx_word' id='word_1_890' title='bbox 3032 5453 3193 5524; x_wconf 76' lang='grc' dir='ltr'>Ὁρᾷς</span> <span class='ocrx_word' id='word_1_891' title='bbox 3259 5455 3378 5514; x_wconf 84' lang='grc' dir='ltr'><strong>πῶς</strong></span> <span class='ocrx_word' id='word_1_892' title='bbox 3431 5445 3593 5528; x_wconf 75' lang='grc' dir='ltr'>αὐτοῖς</span> <span class='ocrx_word' id='word_1_893' title='bbox 3641 5439 3793 5528; x_wconf 59' lang='lat' dir='ltr'><strong>altera:</strong></span> 
     </span>
    </p>
   </div>
   <div class='ocr_carea' id='block_1_119' title="bbox 2223 5524 3794 5620">
    <p class='ocr_par' dir='ltr' id='par_1_119' title="bbox 2223 5524 3794 5620">
     <span class='ocr_line' id='line_1_120' title="bbox 2223 5524 3794 5620; baseline -0.023 -22"><span class='ocrx_word' id='word_1_894' title='bbox 2223 5524 2314 5598; x_wconf 65' lang='grc' dir='ltr'><strong>τόν</strong></span> <span class='ocrx_word' id='word_1_895' title='bbox 2336 5524 2544 5611; x_wconf 31' lang='grc' dir='ltr'>Τῖτον-ς</span> <span class='ocrx_word' id='word_1_896' title='bbox 2592 5524 2765 5604; x_wconf 76' lang='grc' dir='ltr'>Οὗτος</span> <span class='ocrx_word' id='word_1_897' title='bbox 2825 5524 2892 5609; x_wconf 77' lang='grc' dir='ltr'>ἦν</span> <span class='ocrx_word' id='word_1_898' title='bbox 2927 5542 2954 5595; x_wconf 90' lang='grc' dir='ltr'>ὁ</span> <span class='ocrx_word' id='word_1_899' title='bbox 2986 5539 3252 5616; x_wconf 75' lang='grc' dir='ltr'>πεμφθεὶς</span> <span class='ocrx_word' id='word_1_900' title='bbox 3279 5539 3414 5614; x_wconf 84' lang='grc' dir='ltr'>πρὸς</span> <span class='ocrx_word' id='word_1_901' title='bbox 3467 5525 3637 5620; x_wconf 68' lang='grc' dir='ltr'>αὐτοὺς</span> <span class='ocrx_word' id='word_1_902' title='bbox 3684 5524 3794 5620; x_wconf 61' lang='lat' dir='ltr'><strong>pm</strong></span> 
     </span>
    </p>
   </div>
   <div class='ocr_carea' id='block_1_120' title="bbox 2223 5611 3782 5708">
    <p class='ocr_par' dir='ltr' id='par_1_120' title="bbox 2223 5611 3782 5708">
     <span class='ocr_line' id='line_1_121' title="bbox 2223 5611 3782 5708; baseline -0.034 -5"><span class='ocrx_word' id='word_1_903' title='bbox 2223 5641 2322 5702; x_wconf 78' lang='grc' dir='ltr'><strong>τῆς</strong></span> <span class='ocrx_word' id='word_1_904' title='bbox 2354 5631 2582 5708; x_wconf 85' lang='grc' dir='ltr'>πρώτης</span> <span class='ocrx_word' id='word_1_905' title='bbox 2638 5631 2954 5701; x_wconf 76' lang='grc' dir='ltr'>ἐπιστολῆς.</span> <span class='ocrx_word' id='word_1_906' title='bbox 2991 5654 3014 5684; x_wconf 73' lang='grc' dir='ltr'><strong>α</strong></span> <span class='ocrx_word' id='word_1_907' title='bbox 3054 5611 3122 5697; x_wconf 72' lang='grc' dir='ltr'><strong>ᾝ</strong></span> <span class='ocrx_word' id='word_1_908' title='bbox 3174 5611 3489 5704; x_wconf 51' lang='grc' dir='ltr'>παρεέλήθη</span> <span class='ocrx_word' id='word_1_909' title='bbox 3525 5617 3592 5695; x_wconf 64' lang='grc' dir='ltr'><strong>ἐφ’</strong></span> <span class='ocrx_word' id='word_1_910' title='bbox 3621 5611 3736 5681; x_wconf 81' lang='grc' dir='ltr'>ὑμῖν,</span> <span class='ocrx_word' id='word_1_911' title='bbox 3762 5617 3782 5645; x_wconf 78' lang='grc' dir='ltr'>ιο</span> 
     </span>
    </p>
   </div>
  </div>
