4048 6250
217 331 346 390 997

1227 321 1630 383 COMMENT.
1677 319 1752 380 IN
1796 321 2044 382 EPIST.
2090 323 2148 384 II
2193 324 2304 385 AD
2348 325 2717 387 CORINTH.

3523 328 3642 388 9528

221 457 309 518 Ού
341 455 512 534 λέγει,
547 454 678 529 Παρ’
737 453 916 527 ὑμῶν,
973 449 1122 520 ἀλλ’,
1187 475 1215 502 ‹‹
1251 451 1366 530 Ἐφ’
1397 450 1548 524 ὑμῖν.
1584 474 1612 503 ›)
1660 450 1785 506 Ἐπὶ
1814 449 1879 525 τῇ

1999 453 2207 511 reddat
2238 456 2358 511 illis
2389 458 2582 512 Titum
2603 457 2632 512 ‘l
2662 457 2765 512 Hic
2795 455 2869 512 ad
2899 473 3000 512 eos
3030 456 3250 513 missus
3278 457 3476 514 fuerat
3515 475 3650 516 cum

223 550 383 623 ὑμῶν
414 547 540 623 γᾶρ,
598 545 754 624 φησὶ,
817 537 1096 615 μεταϐολῇ
1151 542 1254 610 τὴν
1315 538 1660 616 παράκλησιν
1705 535 1888 615 ἔσχεν.

227 663 260 693 α
299 634 677 713 Ἀναγγέλλων
710 635 846 706 ἡμῖν
903 633 1002 700 τὴν
1063 632 1214 703 ὑμῶν
1257 629 1600 699 ἐπιπόθησιν.
1641 630 1772 684 vita
1799 629 1889 684 καὶ

223 728 403 796 αὐτὴν
431 725 534 792 τὴν
591 719 936 796 παράκλησιν
998 717 1169 794 λέγει.
1205 742 1234 769 ι)
1270 715 1509 793 Εὕφρανε
1538 718 1668 794 γὰρ,
1703 719 1888 796 φησὶν,

222 821 400 890 ἡμᾶς,
433 813 796 891 ἀναγγέλλων
843 815 980 883 ἡμῖν
1029 811 1130 878 την
1191 810 1344 882 ὑμῶν
1403 810 1746 880 ἐπιπόθησιν,
1781 811 1886 878 ὅτι,

225 905 414 982 φησὶν,
447 903 691 960 ἐποθεῖτὲ
725 923 792 975 με
826 899 977 956 ἰδεῖν.
1010 923 1038 951 ‹‹
1069 899 1173 957 Τὸν
1227 900 1380 973 ὑμῶν
1417 896 1680 971 ὀδυρμόν,
1716 920 1744 949 »
1776 897 1892 955 Οὐκ

223 993 536 1070 ἐδακρύετε,
595 993 783 1070 φησὶν,
842 990 968 1045 ἀλλ’
1031 986 1302 1059 ὠδύρεσθε
1357 987 1542 1062 ἐπίτῇ
1577 987 1888 1062 ἐπιτιμήσει

229 1105 342 1158 μου
371 1086 439 1157 τῇ
471 1081 524 1137 ἐν
555 1086 624 1155 τῇ
669 1081 863 1154 πρώτῃ
924 1075 1216 1152 ἐπιστολῇ.
1247 1100 1272 1130 α
1310 1077 1417 1134 Τὸν
1453 1078 1604 1150 ὑμῶν
1637 1075 1824 1146 ξῆλον.
1861 1101 1888 1128 ››

224 1173 348 1231 Οὐκ
377 1173 522 1228 εἶπεν
558 1171 746 1246 ὀργὴν,
801 1168 927 1224 ἀλλ’
985 1167 1014 1222 ὅ
1052 1166 1220 1222 πλέον
1265 1168 1353 1235 ἦν,
1391 1163 1583 1236 ζῆλον,
1616 1165 1796 1244 φησὶν,
1830 1165 1886 1221 ὅν

224 1261 540 1338 ὠργίσθητε
613 1261 694 1330 τῷ
751 1258 1160 1332 πεπορνευκὸτι,
1219 1257 1310 1311 καὶ
1367 1261 1482 1317 τοῖς
1543 1253 1888 1330 διασύρουσιν

219 1355 377 1425 ἡμᾶς
411 1345 902 1426 ψευδαποστόλοις.
965 1372 986 1399 σ
1020 1353 1178 1400 Ὥστε
1215 1366 1280 1418 με
1313 1344 1528 1417 μᾶλλον
1561 1351 1821 1421 χαρῆναι.
1858 1369 1886 1396 ››

224 1443 352 1500 Οὐκ
378 1439 724 1514 ἐλυπούμην,
756 1437 941 1516 φησὶν,
995 1433 1085 1490 διὰ
1138 1435 1236 1496 τὰς
1297 1432 1588 1509 εἰρημένας
1623 1455 1728 1508 μου
1762 1433 1887 1499 θλί-

223 1533 370 1604 ψεις,
411 1563 481 1572 _
517 1525 767 1588 Ἄλλως,
801 1526 1010 1598 [ΦΩΤ.]
1042 1523 1204 1584 Τίνος
1256 1520 1468 1595 μᾶλλον
1502 1530 1737 1597 χαρῆναι
1766 1541 1779 1591 ;
1813 1525 1884 1580 ’Ἢ

219 1624 331 1686 τῆς
365 1617 542 1685 λύπης
580 1613 792 1688 μᾶλλον
824 1618 1080 1687 χαρῆναι,
1131 1611 1198 1680 ἢν
1239 1609 1472 1679 ὑπέστην
1502 1611 1554 1665 ἐν
1586 1615 1703 1673 τοῖς
1734 1610 1890 1684 εἰρη-

224 1707 416 1779 μένοις
467 1708 790 1778 πειρασμοῖς
843 1701 932 1755 καὶ
995 1699 1406 1773 στενοχωρίαις.
1464 1700 1534 1754 "li
1569 1704 1668 1766 τῆς
1702 1696 1886 1768 λύπης

1993 545 2189 616 priore
2220 545 2494 618 epistola.
2537 568 2564 596 ‹‹
2599 546 3076 602 Consolationem
3111 564 3287 619 quam
3321 547 3422 604 ille
3489 565 3655 606 acce-

1995 633 2082 705 pit
2113 633 2182 688 de
2213 634 2398 691 vobis.
2433 657 2460 684 »
2492 639 2620 690 Non
2655 635 2815 694 dicit.
2845 653 2880 692 a
2906 635 3088 702 vobis,
3152 635 3255 691 sed
3283 653 3295 690 :
3357 660 3385 686 «
3438 639 3517 693 De
3564 656 3657 694 vo-

1995 722 2122 789 bis;
2151 745 2180 771 »
2215 724 2285 778 de
2319 729 2530 789 vestra,
2563 725 2774 795 inquit,
2810 725 3225 780 immutatione
3288 727 3648 782 consolatio-

1995 827 2130 866 nem
2166 812 2390 867 habuit.
2427 836 2453 862 ‹‹
2489 815 2629 868 Cum
2663 814 3048 869 annuntiaret
3077 814 3250 868 nobis
3275 817 3643 871 vestrumde-

1997 900 2306 956 siderium.
2343 932 2410 941 —
2441 901 2726 957 «Deinde
2785 903 2973 973 ipsam
3033 918 3269 972 quoque
3325 902 3472 958 dicit
3517 921 3651 958 con-

1997 988 2374 1044 solationem.
2412 1012 2440 1040 »
2476 990 2791 1045 oblectavit
2823 1007 2952 1055 nos,
3007 991 3224 1060 inquit,
3284 993 3648 1048 annuntians

1998 1077 2171 1132 nobis
2194 1085 2454 1134 vestrum
2479 1079 2861 1146 desiderium,
2887 1080 3045 1150 quod
3069 1096 3163 1134 me
3195 1079 3398 1134 videre
3421 1081 3650 1136 deside-

1995 1168 2227 1222 raretis.
2264 1190 2292 1216 «
2324 1167 2598 1223 Vestrum
2631 1168 2922 1223 luctum.»
2941 1171 3062 1223 Non
3079 1168 3648 1239 plorabatis.inquit,

1997 1256 2102 1311 sed
2131 1273 2331 1312 amare
2361 1256 2653 1330 lugebatis
2685 1257 2758 1312 ob
2789 1274 2982 1313 meam
3015 1257 3490 1330 objurgationem
3515 1276 3646 1330 quae

1996 1345 2150 1400 facta
2180 1352 2271 1400 est
2299 1362 2406 1416 per
2437 1347 2695 1417 priorem
2730 1347 3065 1417 epistolam.
3118 1369 3146 1396 «
3210 1349 3480 1403 Vestrum
3537 1366 3643 1420 pro

1995 1451 2091 1491 me
2118 1436 2331 1492 zelum.
2367 1459 2396 1486 ››
2429 1440 2553 1493 Non
2584 1438 2751 1504 dixit,
2783 1439 2960 1505 lram,
2995 1439 3098 1493 sed
3131 1438 3288 1509 quod
3318 1439 3452 1511 plus
3497 1445 3642 1508 erat,

1989 1525 2421 1597 Zeluminquit.
2440 1543 2556 1598 quo
2579 1528 2668 1582 ira
2697 1528 2932 1583 accensi
2962 1528 3158 1583 fuistis
3181 1529 3460 1585 adversus
3485 1546 3642 1585 scor-

1996 1619 2244 1670 tatorem
2291 1621 2350 1670 et
2403 1616 2934 1688 pseudoapostolos
2985 1618 3085 1688 qui
3144 1617 3316 1672 nobis
3373 1619 3642 1673 detrahe-

1992 1701 2154 1757 bant.
2192 1725 2218 1752 »
2252 1704 2413 1758 Adeo
2444 1708 2510 1758 ut
2539 1706 2725 1777 magis
2756 1706 2987 1777 gavisus
3014 1707 3250 1760 fuerim.
3313 1729 3340 1757 »
3407 1709 3478 1762 Ut
3526 1724 3643 1762 non

219 1793 292 1864 ἤν
348 1793 601 1862 ὑπέστην,
661 1789 803 1846 διότι
859 1788 1109 1859 ἐλύπησα
1169 1789 1308 1861 ὑμᾶς
1366 1786 1418 1841 ἐν
1469 1791 1536 1860 τῇ
1596 1785 1879 1858 ἐπιστολῇ.

237 1883 285 1889 γ-
396 1881 407 1889 .
604 1879 644 1889 -.
726 1881 738 1889 .
811 1877 835 1889 ..
883 1878 894 1889 .
1139 1882 1177 1889 ..
1227 1877 1238 1889 .
1400 1879 1425 1889 ..
1577 1877 1589 1889 .
1706 1873 1800 1889 ..μ

1994 1790 2282 1862 lugerem,
2315 1793 2527 1862 inquit,
2561 1793 2633 1847 ob
2696 1794 2884 1848 dictas
2935 1811 3098 1849 meas
3151 1795 3522 1851 afﬂictiones.
3573 1827 3644 1838 -—

221 1881 569 1957 Οἰκειὸτερον
601 1879 658 1935 δὲ
687 1881 750 1934 τὸ
809 1877 1078 1952 δεύτερον.
1137 1877 1278 1950 Πρὸς
1333 1879 1496 1931 τοῦτο
1527 1877 1632 1952 γὰρ
1663 1873 1876 1948 μᾶλλον

219 1971 318 2026 καὶ
349 1971 400 2025 οἱ
431 1970 553 2039 ἑξῆς
587 1968 915 2045 ἁρμόζουσιν
966 1967 1142 2041 λόγοι.
1196 1965 1428 2019 Δυνατὸν
1461 1961 1518 2018 δὲ
1545 1963 1634 2018 καὶ
1666 1985 1881 2037 παναμ-

227 2060 445 2137 φότερα.
481 2058 655 2129 Φησὶν
704 2055 818 2127 οὖν,
879 2057 962 2111 ὅτι
1022 2058 1056 2124 ἡ
1115 2055 1265 2130 χαρᾶ
1320 2053 1488 2109 πλέον
1521 2051 1811 2129 ηὕφρανεν,
1842 2053 1878 2123 ἢ

220 2152 258 2218 ἡ
295 2147 440 2220 λύπη
472 2149 713 2219 ἠνίασεν.
749 2149 905 2216 Εἶτα,
938 2146 1020 2200 ὅτι
1057 2145 1123 2200 Ei’
1149 2145 1240 2199 καὶ
1273 2143 1524 2215 ἐλύπησα
1558 2145 1697 2217 ὑμᾶς
1730 2143 1782 2198 ἐν
1811 2147 1880 2218 τῇ

220 2237 515 2312 ἐπιστολῇ,
544 2239 732 2315 φησὶν,
775 2234 900 2291 ἀλλ’
955 2235 1048 2289 οὖν
1101 2234 1178 2296 εἷς
1233 2235 1516 2306 μετάνοιαν
1543 2233 1878 2304 ἐλυπήθητε,

219 2327 361 2402 ὅπερ
419 2327 529 2382 ἐστὶ
588 2327 724 2381 κατὰ
789 2325 916 2380 Θεὸν
973 2323 1309 2394 λυπηθῆναι.
1366 2323 1471 2379 Καὶ
1532 2324 1566 2390 ἡ
1631 2325 1724 2394 μὲν
1765 2321 1883 2376 καθ’

224 2417 418 2493 εἱρμὸν
472 2415 684 2471 διάνοια
734 2416 892 2484 αὓτη.
948 2414 1029 2470 Τὰ
1075 2410 1132 2467 δὲ
1178 2412 1394 2485 μεταξὺ,
1446 2407 1742 2484 περιϐολαὶ
1791 2410 1880 2465 καὶ

219 2504 580 2581 αἰτιολογίαι,
611 2504 701 2559 καὶ
754 2501 1141 2576 ἐπαναλήψεις·
1202 2499 1378 2564 Εῗ’ωθε
1413 2501 1516 2576 γὰρ
1551 2500 1579 2554 ὁ
1609 2501 1752 2560 θεῖος
1784 2499 1884 2553 οὗ-

216 2615 317 2656 τος
350 2594 488 2668 ἀνὴρ
517 2586 842 2666 περιϐολαῖς
893 2585 1194 2664 περιϐολὰς
1241 2588 1526 2663 συνείρειν,
1559 2587 1650 2642 καὶ
1688 2607 1881 2660 μεστο-

220 2688 404 2738 ποιεῖν
438 2683 530 2737 τὸν
561 2681 748 2757 λόγον,
791 2678 876 2734 διὸ
923 2679 1014 2734 καὶ
1064 2677 1458 2752 ἐπαναλήψεως
1494 2673 1720 2732 δεῖσθαι.
1755 2679 1885 2734 Οἷον

231 2771 431 2844 μεταξὺ
489 2765 939 2846 παρεμϐἐϐληται
1004 2775 1104 2837 τῆς
1188 2766 1483 2842 εἰρημένης
1539 2771 1636 2821 τοῦ
1713 2766 1883 2841 ῥητοῦ

232 2859 538 2937 συναφείας,
567 2861 650 2928 τὸ,
681 2884 708 2910 (ι
741 2859 820 2915 Οὐ
858 2854 1260 2931 μεταμέλομαι.
1299 2881 1320 2906 ι

1991 1881 2122 1934 Alio
2143 1881 2329 1934 modo.
2357 1882 2539 1952 Cujus
2557 1883 3000 1952 comparatione
3031 1882 3176 1937 dicit
3197 1902 3256 1938 se
3277 1885 3464 1957 magis
3492 1887 3644 1959 gavi-

1993 1986 2123 2025 sum
2147 1969 2508 2024 fuisse?Aut
2529 1972 2714 2042 magis
2753 1972 2984 2042 gavisus
3025 1989 3178 2035 sum,
3213 1973 3428 2043 inquit.
3461 1991 3638 2046 quam

1988 2057 2170 2113 fuerit
2196 2059 2436 2112 tristitia
2454 2075 2631 2129 quam
2656 2060 2910 2114 sustinui
2936 2060 2997 2114 in
3021 2061 3169 2115 meis
3218 2061 3642 2118 alﬂictionibus

1994 2152 2052 2200 et
2081 2147 2372 2218 angustiis
2408 2165 2421 2203 :
2457 2153 2559 2202 aut
2587 2164 2765 2218 quam
2796 2148 2977 2203 fuerit
3006 2148 3178 2204 dolor
3208 2167 3385 2220 quem
3437 2168 3645 2222 passus

1995 2253 2123 2292 sum
2141 2255 2208 2292 eo
2224 2237 2381 2308 quod
2395 2255 2496 2292 vos
2510 2239 3104 2294 maeroreaﬂ'ecissem
3132 2257 3238 2310 per
3283 2241 3593 2311 epistolam
3628 2257 3642 2296 :

1995 2331 2049 2380 et
2082 2325 2177 2380 hic
2211 2325 2510 2380 secundus
2542 2343 2754 2382 sensus
2787 2332 2876 2382 est
2904 2327 3091 2398 magis
3122 2329 3398 2399 proprius
3434 2346 3446 2382 :
3507 2345 3645 2384 nam

1993 2413 2068 2469 ad
2127 2415 2238 2468 hoc
2297 2421 2615 2484 sequentes
2669 2417 2858 2488 magis
2915 2416 3273 2486 adaplantur
3317 2433 3641 2474 sermones.

1993 2505 2319 2574 Utrumque
2354 2511 2554 2558 tamen
2586 2504 2851 2575 adaptari
2879 2510 3092 2576 potest.
3139 2506 3234 2560 Ait
3290 2523 3426 2577 ergo
3485 2507 3644 2577 quod

1993 2591 2273 2661 gaudium
2309 2593 2492 2664 magis
2551 2592 2746 2664 ipsum
2806 2593 3189 2648 oblectaverit
3227 2610 3405 2663 quam
3473 2595 3644 2650 dolor

1995 2682 2450 2737 contristaverit.
2506 2682 2729 2737 Deinde
2787 2684 2927 2754 quia
2982 2683 3124 2738 licet
3166 2684 3641 2740 contristaverim

1994 2787 2097 2825 vos
2128 2772 2189 2826 in
2222 2771 2495 2842 epistola,
2529 2773 2744 2842 inquit,
2777 2778 3040 2828 attamen
3099 2773 3172 2827 ad
3229 2774 3638 2844 paenitentiam

1994 2861 2324 2916 contristati
2357 2862 2500 2916 estis
2535 2878 2547 2915 :
2582 2861 2741 2932 quod
2773 2867 2864 2917 est
2893 2862 3219 2917 secundum
3271 2863 3456 2917 Deum
3502 2879 3645 2917 con-

223 2951 472 3007 tristari.
508 2955 712 3023 Itaque
735 2953 908 3022 juxta
936 2950 1147 3005 litterae
1179 2948 1393 3005 seriem
1426 2949 1522 3003 hic
1552 2953 1642 3004 est
1672 2947 2014 3006 intellectus
2045 2969 2059 3005 :
2091 2953 2228 3017 Quae
2259 2960 2456 3007 autem
2484 2953 2545 3006 in
2577 2954 2772 3008 medio
2830 2960 3132 3025 ponuntur
3191 2954 3638 3010 circumitiones

214 3046 362 3096 sunt
392 3048 448 3096 et
479 3058 791 3097 causarum
824 3039 1187 3095 redditiones
1219 3055 1286 3094 ac
1316 3038 1724 3109 repetitiones.
1781 3037 1952 3093 Solet
1982 3041 2141 3095 enim
2174 3041 2407 3096 divinus
2465 3041 2560 3096 hic
2611 3042 2698 3095 vir
2752 3043 3131 3098 circuitiones
3189 3042 3638 3098 circuitionibus

223 3137 606 3198 connectere,
641 3136 698 3186 et
727 3131 808 3186 ita
839 3145 1177 3185 sermonem
1211 3127 1480 3199 implere.
1515 3127 1650 3181 Ideo
1683 3143 1920 3198 quoque
1949 3130 2304 3201 repetitione
2335 3126 2482 3202 opus
2513 3136 2622 3192 est,
2655 3132 2811 3188 054
2847 3137 3126 3202 tanquam
3159 3132 3229 3186 ad
3289 3131 3628 3202 praedictam

218 3221 521 3276 sermonis
551 3220 984 3276 connexionem
1015 3218 1395 3289 interjectum
1426 3217 1503 3272 sit
1532 3216 1687 3287 quod
1719 3216 1780 3270 in
1817 3217 2012 3272 medio
2045 3225 2154 3288 est,
2192 3242 2212 3268 ι
2249 3222 2374 3275 Non
2403 3237 2498 3274 me
2531 3220 2796 3291 paenitet.
2833 3243 2860 3270 υ

288 3307 443 3362 Εἶτα·
508 3331 536 3358 ‹‹
572 3307 635 3364 Ei
691 3307 782 3362 καὶ
845 3304 1308 3379 μετεμελόμην.»
1363 3302 1534 3357 Πάλιν
1563 3302 1759 3358 τούτου
1791 3303 1876 3356 αὶ-

2059 3307 2282 3362 Deinde
2312 3307 2478 3363 addit
2513 3325 2526 3362 :
2560 3331 2587 3358 «
2623 3310 2809 3364 Etiam
2843 3310 2890 3364 si
2922 3310 3283 3380 paenituerit.
3319 3330 3346 3359 ››
3392 3311 3641 3363 Rursum

209 3396 327 3452 τία.
359 3419 388 3447 ‹‹
422 3394 622 3451 Βλέπω
658 3396 762 3472 γὰρ
793 3395 875 3450 ὅτι
935 3396 971 3461 ἡ
1029 3391 1296 3461 ἐπιστολή
1328 3391 1525 3462 ἐκείνη.
1563 3417 1585 3443 ι
1626 3390 1728 3447 Καὶ
1756 3387 1882 3445 ούδέ

213 3484 356 3554 αύτή
388 3486 424 3554 ἡ
456 3483 717 3560 περίοδος
774 3481 950 3553 ἁπλῆ,
1007 3481 1154 3537 ἀλλᾶ
1213 3475 1686 3556 περιϐεϐλημένη.
1735 3480 1880 3550 Φησὶ

213 3573 348 3648 γὰρ·
418 3598 446 3627 ι(
489 3573 555 3630 Εἴ
601 3573 691 3627 καὶ
744 3573 880 3647 πρὸς
937 3569 1080 3647 ὥραν
1140 3569 1410 3640 ἐλύπησεν
1475 3568 1638 3641 ὑμᾶς.
1691 3591 1720 3620 ››
1779 3569 1878 3623 Καὶ

219 3661 324 3717 οὐκ
367 3662 534 3717 εἶπεν
594 3661 659 3718 Εἰ
716 3663 806 3716 καὶ
858 3660 1125 3731 ἐλύπησεν
1185 3659 1345 3731 ὑμᾶς,
1405 3656 1554 3723 ἀλλ’,
1593 3679 1614 3706 ι
1652 3655 1714 3714 Εἰ
1745 3657 1879 3733 πρὸς

217 3748 392 3824 ὥραν.
427 3775 455 3802 ››
488 3752 566 3808 Τὸ
598 3747 675 3819 δὲ,
709 3776 734 3802 ι(
771 3754 878 3804 Νῦν
931 3748 1135 3823 χαίρω,
1169 3771 1198 3799 ››
1231 3745 1573 3819 ἐπανάληψίς
1616 3744 1728 3800 ἐστι
1759 3749 1878 3816 τοῦ,

221 3863 252 3892 «
296 3841 459 3894 ’Ὠστε
516 3860 581 3912 με
650 3836 866 3912 μᾶλλον
931 3837 1189 3912 χαρῆναι.
1243 3860 1271 3886 ››
1340 3832 1565 3900 Ἐπειδή
1635 3833 1740 3909 γὰρ
1807 3837 1876 3906 τῇ

215 3929 526 3998 πυκνότητι
581 3933 690 3984 τῶν
750 3920 1060 4003 περιϐολῶν
1112 3923 1386 3998 ἐμέστωσε
1440 3923 1532 3978 τὸν
1565 3921 1752 3998 λόγον,
1786 3924 1875 3977 καὶ

215 4018 296 4078 εἰς
382 4017 637 4095 ἀσάφειαν
701 4013 1126 4095 φυγκλειὸμενον
1213 4013 1376 4086 ἐώρα,
1473 4011 1750 4088 ἐχρήσατο
1806 4015 1876 4085 τῇ

219 4105 578 4181 ἐπαναλήψει.
645 4106 763 4163 Εἶθ’
823 4105 997 4164 οὓτως
1051 4099 1300 4158 ἀπέδωκε
1355 4102 1441 4170 τὸ,
1503 4126 1531 4153 ‹‹
1587 4098 1747 4156 Ἀλλ’
1791 4099 1876 4155 ὅτι

217 4195 534 4267 ἐλυπήθητε
591 4196 667 4258 εἰς
730 4193 1036 4268 μετάνοιαν,
1094 4217 1121 4245 ››
1184 4193 1340 4267 ὅπερ,
1389 4191 1463 4253 ὡς
1495 4189 1585 4245 καὶ
1615 4189 1874 4266 προείρη-

220 4307 335 4356 ται,
369 4287 666 4360 συνείρεται
693 4290 810 4346 τοῖς
868 4281 1070 4348 ἐπάνω,
1125 4284 1256 4336 οἲοψ
1318 4303 1345 4336 ι
1373 4282 1531 4334 Ὥστε
1564 4299 1631 4352 με
1665 4276 1877 4352 μᾶλλον

218 4381 486 4450 χαρῆναι,
519 4375 602 4429 ὅτι
658 4373 704 4428 εί
743 4373 835 4428 καὶ
894 4371 1144 4442 ἐλύπησα
1176 4370 1315 4442 ὑμᾶς
1347 4368 1400 4423 ἐν
1426 4372 1495 4442 τῇ
1527 4366 1814 4441 ἐπιστολῇ,
1845 4390 1874 4419 ››

216 4461 366 4518 αλλὰ
426 4461 517 4518 οὖν
569 4464 653 4518 ὅτι
719 4463 794 4525 εἰς
856 4463 1146 4534 μετάνοιαν
1198 4457 1529 4528 ἐλυπήθητε.
1585 4457 1684 4513 Καὶ
1713 4461 1875 4512 τοῦτο

221 4548 278 4606 δὲ
332 4552 486 4624 ὅμως
545 4545 964 4626 περιϐέϐληται.
1020 4551 1091 4603 Τὸ
1164 4544 1222 4602 δὲ
1279 4545 1647 4620 ἀπλούστερόν
1709 4543 1874 4615 ἐστιν,

1988 3396 2170 3468 hujus
2196 3414 2376 3452 causa
2392 3398 2695 3468 sequitur:
2720 3420 2744 3450 α
2773 3399 2951 3453 Video
2976 3398 3134 3452 enim
3188 3397 3344 3468 quod
3391 3396 3644 3468 epistola

1987 3485 2110 3542 illa.
2137 3508 2165 3537 »
2190 3491 2263 3542 Et
2284 3503 2360 3541 ne
2383 3487 2508 3542 haec
2538 3487 2778 3558 quidem
2805 3487 3084 3558 periodus
3105 3485 3358 3558 simplex
3392 3492 3501 3552 est,
3537 3486 3641 3541 sed

1987 3573 2104 3630 alia
2133 3592 2370 3647 quoque
2400 3576 2757 3632 assumitur:
2817 3594 2954 3632 nam
3014 3576 3128 3631 ait:
3196 3597 3215 3624 ι
3277 3576 3530 3632 Tametsi
3563 3575 3638 3631 ad

1988 3664 2193 3720 horam
2214 3667 2652 3722 contristaverit
2671 3683 2796 3722 vos.
2822 3689 2848 3717 »
2875 3668 2990 3720 Nec
3037 3665 3387 3736 simpliciter
3433 3665 3583 3720 dixit
3611 3681 3626 3732 ;

1986 3755 2240 3810 Tametsi
2301 3756 2738 3811 contristaverit
2791 3772 2912 3819 vos,
2963 3754 3066 3809 sed
3120 3753 3370 3822 addidit,
3428 3775 3458 3804 α
3534 3753 3623 3808 Ad

1986 3841 2218 3897 horam.
2253 3867 2274 3895 ι
2312 3843 2479 3907 Quod
2509 3849 2707 3898 autem
2741 3844 2823 3897 ait
2856 3860 2868 3896 :
2900 3864 2929 3892 ι(
2962 3845 3126 3897 Nunc
3155 3841 3401 3912 gaudeo,
3459 3862 3486 3888 »
3532 3858 3622 3895 re-

1985 3931 2191 4002 petitio
2224 3937 2315 3986 est
2343 3932 2474 4001 ejus
2501 3932 2658 4003 quod
2716 3931 2965 3999 dixerat,
3029 3951 3054 3983 α
3115 3930 3270 3984 Adeo
3329 3935 3394 3984 ut
3443 3929 3631 4001 magis

1983 4019 2216 4090 gavisus
2246 4019 2482 4074 fuerim.
2520 4044 2547 4069 ››
2580 4023 2901 4090 Postquam
2934 4019 3095 4074 enim
3123 4019 3459 4089 frequentia
3517 4019 3635 4073 cir-

1985 4107 2314 4162 cuitionum
2339 4108 2668 4164 orationem
2688 4108 3056 4179 impleverat,
3079 4113 3136 4162 et
3159 4107 3394 4163 videbat
3422 4109 3482 4162 in
3531 4107 3638 4162 ob-

1985 4197 2438 4268 curitateipsam
2453 4198 3064 4268 concludi,repetione
3084 4215 3227 4252 usus
3270 4203 3376 4253 est.
3411 4197 3633 4253 Deinde

1983 4285 2067 4341 ita
2092 4285 2350 4342 reddidit
2380 4287 2606 4343 dictum
2633 4286 2801 4342 illud.
2835 4309 2863 4336 «
2927 4286 3040 4341 Sed
3095 4285 3254 4356 quod
3299 4287 3631 4342 contristati

1984 4375 2113 4430 sitis
2143 4375 2220 4430 ad
2254 4377 2689 4448 paenitentiam,
2723 4399 2752 4427 ››
2807 4376 2965 4447 quod
3023 4382 3090 4431 ut
3140 4375 3491 4447 prmdictum
3543 4379 3633 4430 est

1983 4466 2355 4520 connectitur
2385 4465 2813 4537 superioribus,
2846 4471 3006 4536 puta.
3041 4487 3066 4514 α
3101 4464 3262 4519 Adeo
3321 4469 3388 4518 ut
3441 4464 3628 4534 magis

1986 4554 2217 4626 gavisus
2250 4554 2486 4618 fuerim,
2521 4555 2661 4624 quia
2689 4554 2829 4608 licet
2885 4553 3357 4608 contristaverim
3416 4569 3516 4606 vos
3569 4552 3629 4606 in

216 4667 244 4694 «
288 4645 448 4697 ’Ὠστε
484 4662 550 4715 με
580 4648 841 4716 χαρῆναι,
873 4641 956 4695 ’ὁτι
1019 4638 1094 4700 εἷς
1158 4637 1448 4710 μετάνοιαν
1479 4634 1809 4705 ἐλυπήθητε.
1846 4660 1872 4686 υ

1988 4643 2270 4714 epistola;
2297 4665 2325 4692 »
2349 4649 2610 4699 attamen
2655 4643 2796 4713 quia
2847 4642 3258 4714 paenitentiam
3300 4640 3631 4696 contristati

213 4735 394 4787 Ταῦτα
425 4729 481 4786 δὲ
544 4752 637 4803 μοι
697 4727 1290 4804 διαλελεπτολόγηται,
1345 4724 1450 4800 οὐχ
1511 4723 1596 4778 ὅτι
1652 4723 1871 4784 Παῦλος

213 4820 433 4880 τούτοις
466 4818 920 4893 ἐσεμνολογηται,
979 4813 1092 4871 οὐδ’
1143 4817 1227 4870 δτι
1285 4816 1446 4886 ἡμεῖς
1488 4813 1648 4868 αὑτὸν
1677 4834 1873 4886 σεμνο-

213 4908 401 4983 λογεῖν
434 4908 651 4969 τούτοις
701 4905 964 4984 ἔγνωμεν,
1028 4903 1154 4959 ἀλλ’
1212 4901 1560 4980 αἰσχύνοντες
1591 4899 1718 4962 τοὺς
1746 4894 1869 4970 ἔξω,

216 4995 537 5071 ἰδιωτισμὸν
615 5001 683 5071 τῇ
773 4993 1075 5066 Ἐκκλησία
1147 4989 1530 5060 ὀνειδίζοντας.
1593 4991 1871 5044 Δείκνυται

212 5086 321 5162 γὰρ
353 5084 441 5142 διὰ
469 5088 701 5156 τούτων,
759 5085 841 5160 ἐφ’
890 5085 935 5156 ᾧ
989 5083 1222 5157 μονονοὺ
1251 5078 1548 5150 τεθηπότες
1577 5079 1666 5134 τὸν
1701 5085 1871 5134 Παια-

206 5179 326 5232 νιέα
355 5178 444 5232 καὶ
474 5178 564 5232 τὸν
606 5181 701 5232 τοῦ
749 5175 984 5249 Ὀλόρου
1038 5175 1423 5248 προσκυνοῦσι,
1483 5175 1600 5231 ταῖς
1650 5164 1873 5244 περιϐο-

211 5266 338 5326 λαῖς
399 5266 569 5343 λέγω,
634 5269 824 5341 μακρῷ
878 5264 1106 5325 τούτους
1163 5261 1197 5331 ἢ
1256 5259 1454 5315 ἐκεῖνοι
1509 5259 1633 5319 τοὺς
1665 5257 1869 5314 ἄλλους

205 5355 720 5431 ἀποκρυπτόμενος.
785 5353 973 5408 Καίτοι
1029 5355 1139 5406 τῶν
1202 5351 1295 5424 μὲν
1360 5350 1387 5402 ὁ
1451 5347 1574 5422 βίος
1607 5346 1660 5402 ἐν
1692 5348 1870 5421 τούτῳ

203 5450 287 5517 τῷ
317 5444 470 5517 πόνῳ
521 5439 838 5518 κατετρίϐη,
872 5443 900 5497 ὁ
941 5439 999 5496 δέ
1056 5436 1171 5495 οὐδ’
1230 5432 1505 5511 ἐμϐλέψαι
1538 5437 1756 5500 τούτοις
1785 5436 1868 5492 ὅτι

208 5536 287 5610 μή
347 5535 485 5590 κατά
541 5534 812 5610 πάρεργον
899 5537 1099 5605 χρῆσιν
1167 5527 1384 5602 ἠξίωσε.
1450 5524 1552 5581 Καὶ
1615 5525 1867 5598 μυρίάκις

202 5619 348 5680 ἔστιν
412 5622 572 5678 αὐτοῦ
628 5622 679 5678 ἐν
730 5627 852 5685 τοῖς
904 5619 1090 5695 λόγοις
1148 5618 1210 5672 τὸ
1264 5619 1513 5670 τοιοῦτον
1559 5616 1864 5689 θεάσασθαι,

1983 4730 2144 4786 estis.
2170 4732 2380 4786 Verum
2404 4732 2514 4786 hoc
2541 4747 2776 4802 quoque
2800 4737 3170 4802 assumptum
3216 4735 3305 4784 est
3353 4735 3409 4784 et
3453 4729 3631 4784 inter-

1975 4819 2227 4890 jectum.
2258 4819 2599 4891 Simplicius
2633 4826 2722 4874 est
2750 4825 2972 4874 autem.
3009 4844 3034 4868 ι(
3071 4819 3229 4873 Adeo
3287 4824 3354 4873 ut
3399 4818 3629 4890 gavisus

1981 4908 2195 4962 fuerim
2229 4909 2388 4979 quod
2417 4908 2491 4963 ad
2521 4909 2930 4979 paenitentiam
2993 4907 3324 4963 contristati
3385 4906 3534 4962 sitis.
3598 4930 3626 4957 ››

1981 4997 2116 5051 Haec
2138 4996 2210 5052 de
2235 4997 2411 5052 rebus
2429 4997 2743 5051 minutulis
2768 4997 3045 5052 subtilius
3069 4996 3481 5064 disseruimus,
3506 5013 3628 5051 non

1982 5085 2141 5156 quod
2167 5086 2377 5141 Paulus
2401 5087 2491 5141 bis
2515 5087 2800 5158 glariatus
2823 5087 2918 5155 sit,
2947 5093 3047 5142 aut
3090 5086 3248 5157 quod
3292 5103 3401 5140 nos
3432 5087 3626 5155 ipsum

1981 5180 2225 5245 propter
2254 5176 2379 5230 haec
2409 5182 2778 5230 ostentemus
2839 5193 2907 5231 ac
2964 5176 3354 5240 celebremus,
3415 5173 3517 5228 sed
3566 5178 3632 5228 ut

1982 5270 2257 5318 externos
2285 5270 2342 5319 et
2375 5281 2408 5319 a
2456 5265 2675 5320 nostris
2734 5266 2959 5320 alienos
3020 5265 3475 5333 confundamus,
3527 5260 3626 5332 qui

1980 5353 2272 5407 inscitiam
2300 5354 2576 5408 Ecclesiae
2602 5354 2910 5425 objiciunt.
2931 5356 3042 5409 Per
3082 5356 3207 5409 haec
3255 5353 3412 5408 enim
3438 5356 3632 5406 osten-

1981 5442 2139 5497 ditur
2160 5443 2317 5513 quod
2340 5443 2400 5498 in
2418 5445 2549 5507 hoc,
2592 5460 2660 5498 ex
2715 5461 2830 5515 quo
2877 5443 2966 5498 illi
3009 5444 3344 5499 Pzeanicum
3372 5459 3438 5498 ac
3469 5440 3629 5497 Olori

1981 5529 2171 5585 filium
2189 5536 2494 5602 stupentes
2519 5531 2948 5604 propemodum
2982 5531 3252 5598 adorant,
3304 5532 3366 5585 in
3414 5529 3629 5585 circui-

1979 5618 2606 5692 tionibus,inquam,et
2627 5621 2879 5693 longiori
2904 5637 3139 5693 quoque
3163 5621 3271 5677 hos
3319 5617 3629 5675 intervallo
