4048 6250
172 321 346 382 1001

1155 326 1554 390 COMMENT.
1605 325 1680 385 IN
1726 323 1971 386 EPIST.
2022 324 2074 384 ῙΙ
2119 327 2226 386 AD
2270 327 2636 389 CORINTH.

3443 332 3598 394 1002

161 460 430 527 peccata
458 461 865 515 assumeretur
924 457 1164 516 tristitia
1195 476 1210 517 :
1243 460 1306 516 in
1339 461 1448 518 hac
1480 476 1721 532 quoque
1771 460 1899 516 sola
1927 477 1990 516 re
2045 462 2213 517 utilis
2271 468 2396 520 est:
2432 464 2494 520 in
2542 463 2790 537 reliquis
2842 479 2977 521 vero
3027 465 3207 522 etiam
3237 471 3412 523 nocet
3442 468 3602 526 058

161 562 320 602 nam
358 555 574 618 prmter
602 552 873 603 naturam
908 565 977 603 ea
1007 550 1250 605 utimur.

245 634 502 696 ”Αλλω;.
543 637 761 709 [ΦΩΤ.]
816 637 1117 692 Μετάνοιαν
1174 636 1620 711 ἀμεταμέλητον,
1654 637 1815 716 φησὶν

2023 640 2143 694 Alio
2171 643 2348 696 modo.
2385 644 2820 709 Pmnitentiam,
2864 645 3076 716 inquit,
3131 661 3250 700 non
3297 647 3595 717 poeniten-

165 721 322 778 ὥστε
381 723 426 778 εἰ
477 725 612 779 κατὰ
662 725 792 780 Θεὸν
853 723 1192 798 ἐλυπήθητε,
1255 725 1484 796 δείξοιτε
1533 724 1592 781 ἂν
1626 723 1714 780 διὰ
1741 729 1838 780 τοῦ

171 810 465 886 μηδέποτε
521 814 661 887 ὑμᾶς
721 815 826 868 ἀπὸ
885 822 985 885 τῆς
1044 815 1220 885 καλῆς
1280 815 1487 886 ἐκείνης
1551 816 1835 889 μετανοίας

168 907 512 977 ἀποστῆναι,
571 906 662 960 καὶ
717 907 794 969 εἷς
850 908 912 961 τὸ
990 907 1225 964 ἐναντίον
1286 917 1685 984 περιτραπῆναι
1743 907 1833 962 καὶ

168 993 653 1067 μεταμεληθῆναι,
730 996 862 1069 ὅπερ
936 997 1048 1051 ἐστί
1143 998 1611 1072 προτρεπομένου,

163 1105 310 1139 ποτε
360 1092 460 1154 τῆς
517 1084 682 1158 ὀρθῆς
740 1083 1039 1156 ἐξίστασθαι
1097 1087 1346 1162 κρίσεως.
1397 1112 1423 1140 α
1457 1086 1834 1162 Ἀμεταμέλη-

1695 994 1835 1070 μηδὲ

159 1199 268 1232 τον
329 1178 734 1254 κατεργάζεται.
809 1205 829 1232 ι
903 1176 1042 1237 Οὔτε
1108 1181 1209 1255 γὰρ
1281 1183 1308 1235 ὁ
1372 1178 1638 1252 λυπηθεῖς
1695 1181 1832 1236 κατᾶ

163 1267 305 1320 Θεὸν
373 1265 774 1340 μεταμεληθείη
836 1269 987 1336 ποτὲ,
1043 1268 1078 1338 ἢ
1136 1275 1382 1343 καταγνῷ
1438 1271 1648 1338 ἑαυτοῦ,
1680 1270 1731 1325 τί
1762 1267 1828 1341 δή

160 1376 308 1411 ποτε
369 1353 713 1426 λελύπηται;
765 1356 898 1432 ὅπερ
964 1357 1050 1412 ἐπὶ
1109 1365 1206 1428 τῆς
1264 1362 1359 1413 τοῖ’)
1407 1359 1616 1433 κόσμου
1648 1358 1830 1430 λύπης

167 1441 494 1518 συμϐαίνειν
553 1445 759 1517 εἷ’ωοεν,
817 1471 844 1499 ‹‹
905 1444 1041 1502 Ἰδοὺ
1094 1449 1194 1524 γὰρ
1252 1449 1381 1503 αὐτὸ
1435 1455 1616 1519 τούτο,
1651 1476 1677 1503 ››
1738 1451 1827 1504 καὶ

168 1533 381 1590 λοιπὸν
449 1535 506 1590 ἐκ
568 1541 675 1591 τῶν
743 1531 1164 1603 ἀποϐεϐηκότων
1230 1540 1323 1600 τὰς
1387 1537 1686 1611 ἀποδείξεις
1752 1541 1827 1594 ὧν

160 1623 367 1698 εἴρηκε
432 1626 684 1703 παρέχει.
755 1623 897 1682 Ἰδού
972 1627 1094 1702 γὰρ,
1163 1631 1319 1707 φησὶ,
1367 1631 1430 1684 τὸ
1494 1631 1630 1684 κατᾶ
1695 1631 1823 1684 Θεὸν

157 1714 493 1784 λυπηθῆναι
555 1715 717 1788 ὑμᾶς,
776 1715 950 1786 πόσην
1008 1715 1396 1792 κατειργάσατο
1451 1716 1710 1790 σπουδήν.
1745 1718 1822 1774 Ού

160 1805 340 1876 μόνον
375 1804 480 1880 γὰρ
511 1804 586 1866 εἰς
623 1803 982 1878 μεταμέλειαν
1035 1806 1132 1861 τοῦ
1178 1806 1325 1870 ὅλως
1378 1807 1689 1879 λυπηθῆναι
1723 1810 1825 1863 οὐκ

153 1893 386 1962 ἤλθετε,
456 1892 601 1948 ἀλλὰ
669 1891 1129 1969 σπουδαιοτέρους
1198 1896 1439 1968 ἐποίησε.
1511 1899 1605 1954 Καὶ
1677 1895 1820 1973 λέγει

1947 727 2100 784 dam.
2135 732 2340 802 Itaque
2391 740 2589 788 utrum
2648 734 2977 790 secundum
3036 736 3216 790 Deum
3259 737 3593 793 contristati

1945 819 2094 886 sitis,
2119 837 2186 874 ex
2210 820 2320 875 hoc
2344 822 2655 877 ostendere
2676 824 2968 893 poteritis,
2994 824 3042 878 si
3065 840 3370 895 nunquam
3397 843 3498 881 vos
3517 826 3590 881 ab

1944 908 2198 965 honesta
2220 911 2319 966 illa
2337 913 2578 967 tristitia
2594 913 2879 983 separetis
2892 920 2993 969 aut
3007 915 3066 969 in
3081 915 3444 970 contrarium
3463 933 3592 987 per-

1941 997 2265 1068 cellamini,
2298 1016 2515 1071 vosque
2549 1003 2865 1071 poeniteat;
2901 1003 3058 1073 quod
3103 1011 3194 1058 est
3223 1005 3588 1062 exhortantis

1939 1091 2004 1140 ut
2034 1103 2340 1159 nunquam
2372 1107 2406 1144 a
2437 1095 2594 1145 recto
2649 1090 2876 1160 judicio
2935 1092 3366 1149 dimoveantur.
3402 1117 3430 1145 ‹‹
3459 1097 3586 1150 Νοῑι

1937 1177 2336 1246 pcenitendam
2370 1180 2544 1250 parit.
2578 1202 2607 1229 ››
2639 1183 2836 1252 Neque
2868 1182 3028 1236 enim
3075 1198 3208 1238 eum
3241 1184 3342 1253 qui
3375 1200 3586 1240 secun-

1938 1264 2078 1318 dum
2112 1265 2292 1321 Deum
2323 1269 2706 1323 contristatus
2736 1276 2826 1324 est
2855 1271 3164 1341 paenitebit
3192 1280 3587 1342 unquam,aut

1936 1355 2354 1412 condemnabit
2367 1358 2626 1430 seipsum
2643 1359 2800 1430 quod
2822 1367 3062 1433 propter
3077 1362 3136 1416 id
3150 1362 3586 1419 fueritcontris-

1935 1448 2122 1513 tatus;
2149 1445 2258 1500 hoc
2282 1451 2478 1501 autem
2502 1448 2563 1501 in
2583 1449 2790 1504 mundi
2812 1450 3052 1506 tristitia
3074 1451 3223 1506 solet
3241 1453 3581 1523 contingere

1936 1556 1960 1586 σ
1993 1537 2140 1591 Ecce
2172 1537 2329 1592 enim
2363 1539 2555 1594 isthuc
2586 1540 2834 1611 ipsum.-
2871 1542 3161 1614 Deinceps
3185 1543 3361 1599 etiam
3394 1561 3464 1599 ex
3485 1543 3578 1599 his

1934 1641 2064 1694 qua)
2087 1626 2694 1697 contigerunt,eorum
2715 1646 2845 1699 quae
2868 1630 3018 1685 dixit
3037 1631 3575 1686 demonstrationes

1933 1715 2192 1770 exhibet.
2223 1715 2368 1771 Ecce
2400 1717 2583 1785 enim,
2638 1719 2854 1788 inquit,
2913 1719 3072 1789 quod
3121 1737 3220 1775 vos
3251 1720 3578 1776 secundum

1932 1803 2116 1858 Deum
2149 1806 2480 1860 contristati
2504 1807 2736 1862 fueritis
2759 1814 3040 1878 quantam
3068 1810 3271 1880 genuit
3287 1809 3575 1865 sollicitu-

1929 1891 2130 1948 dinem
2151 1894 2179 1947 '?
2201 1895 2324 1949 Non
2358 1895 2550 1950 solum
2583 1896 2743 1950 enim
2770 1896 2844 1951 ad
2876 1897 2935 1951 id
2965 1913 3086 1952 non
3108 1897 3354 1954 venistis
3384 1903 3449 1953 ut
3477 1915 3576 1954 vos

152 1991 263 2052 τῆς
322 1981 566 2052 σπουδῆς
623 1985 691 2037 τὰ
746 1987 1036 2060 τεκμήρια.
1098 2011 1125 2038 ‹‹
1188 1985 1363 2044 Ἀλλᾶ
1418 1985 1745 2063 ἀπολογίαν.
1790 2010 1818 2037 ))

1931 1983 2172 2037 omnino
2199 1983 2512 2054 pamiteret
2568 1984 2752 2039 fuisse
2810 1985 3210 2051 contristatos,
3257 1987 3361 2041 sed
3392 1987 3578 2059 magis

158 2074 268 2140 Τὸ,
321 2072 484 2143 ἀλλὰ,
555 2072 606 2127 ἐν
682 2072 834 2136 ὅλοις
892 2075 1108 2134 τούτοις
1162 2081 1276 2138 τοῖς
1325 2074 1665 2153 κεφαλαίοις,
1704 2075 1817 2131 ἀντῖ

157 2166 292 2231 τοῦ,
325 2163 434 2230 καὶ,
466 2169 662 2220 κεῖται.
726 2165 822 2219 Καὶ
881 2163 1190 2240 ἀπολογίαν
1241 2165 1529 2242 εἰργάσατο
1561 2167 1697 2240 πρός
1730 2187 1814 2240 με.

153 2255 613 2332 Ἀπελογήσασοε
676 2256 779 2331 γὰρ
837 2260 904 2330 τῇ
967 2262 1244 2330 μετανοίᾳ,
1301 2257 1389 2311 καί
1438 2262 1515 2328 τῷ
1545 2257 1818 2330 ἀποκόψαι

164 2346 327 2416 ὑμῶν
393 2346 483 2399 τὸν
553 2347 975 2420 πεπορνευκότα.
1044 2372 1069 2398 ‹‹
1117 2346 1293 2402 Ἀλλᾶ
1361 2347 1819 2422 ἀγανάκτησιν.»

159 2434 271 2488 Καὶ
341 2435 713 2508 ἀγανάκτησιν,
804 2435 958 2511 φησῖ,
1054 2438 1190 2511 πρὸς
1264 2438 1354 2491 τὸν
1433 2436 1818 2510 πορνεύσαντα,

159 2547 191 2574 (ί
226 2524 335 2578 Καὶ
366 2520 536 2602 φόϐον
572 2523 706 2598 πρός
763 2546 848 2598 με.
886 2549 914 2576 »
965 2520 1328 2598 Φοϐουμένων
1360 2525 1482 2601 γὰρ,
1582 2525 1817 2595 τοσαύτη

153 2609 495 2686 διόρθωσις,
540 2638 567 2665 ‹‹
603 2615 704 2669 Καὶ
761 2613 1104 2683 ἐπιπόθησιςι
1144 2639 1171 2666 ››
1228 2613 1455 2683 Ἐπειδὴ
1487 2615 1590 2690 γὰρ
1618 2615 1680 2668 τὸ
1718 2620 1819 2669 τοῦ

159 2695 354 2778 φόϐου
416 2701 648 2777 ἐπαχθὲς
715 2703 802 2773 ἦν,
869 2703 1054 2778 ἐπάγει
1119 2705 1234 2775 καὶ,
1302 2729 1329 2756 ‹‹
1389 2702 1732 2773 ἐπιπόθησιν.
1791 2725 1816 2756 n

168 2789 526 2863 Ἀγαπῷντες
581 2795 684 2866 γάρ
749 2813 833 2865 με,
881 2792 1035 2871 φησὶ,
1094 2793 1181 2847 καὶ
1243 2790 1548 2856 δεδοικότες
1608 2795 1683 2866 μή
1754 2813 1820 2864 με

169 2877 482 2948 λυπήσητε.
540 2878 942 2954 διωρθώσασθε.
1009 2904 1031 2934 α
1093 2883 1195 2938 Καὶ
1231 2882 1422 2952 ζῆλον,
1455 2907 1484 2933 ››
1536 2881 1721 2958 φησὶν,
1781 2877 1818 2949 ἤ

164 2966 305 3040 ὑπὲρ
363 2973 516 3040 Θεοῦ,
677 2971 808 3044 ὑπὲρ
868 2969 1004 3042 ἐμοῦ
1062 2971 1196 3045 πρὸς
1249 2971 1375 3033 τοὺς
1428 2968 1820 3045 λοιδοροῦντας

158 3054 670 3130 ψευδαποστόλους,
708 3084 735 3109 ‹‹
790 3059 892 3115 Καὶ
952 3057 1246 3131 ἐκδίκησιν.
1291 3084 1319 3113 ››
1381 3061 1483 3115 Καὶ
1515 3060 1620 3134 γάρ
1653 3057 1817 3128 ἐξεδι-

159 3149 371 3217 κήσατε
399 3149 523 3211 τοὺς
585 3154 680 3203 τοῦ
739 3154 871 3205 Θεοῦ
929 3151 1154 3223 νόμους,
1189 3151 1290 3205 ὑπὸ
1323 3155 1419 3205 τοῦ
1450 3149 1818 3224 πεπορνευκό-

804 2435 958 2514 such

160 3257 261 3298 τος
330 3233 696 3312 ὑϐρισοὲντας.
774 3263 796 3290 ιι
856 3243 941 3297 Ἐν
1011 3243 1165 3295 παντῖ
1230 3243 1603 3310 συνεστήσατε.
1668 3264 1694 3290 ››
1744 3238 1821 3295 Οὖ

165 3329 358 3400 μόνον,
410 3330 591 3405 φησῖν,
649 3327 800 3384 οὐδὲν
854 3329 1195 3404 τοτὸλμηται
1243 3331 1368 3404 ὑμῖν
1397 3333 1666 3398 τοιοῦτον,
1700 3330 1818 3384 οἷον

1929 2072 2214 2128 sollicitos
2232 2073 2584 2128 reddidit.Et
2603 2073 3026 2130 sollicitudinis
3042 2076 3264 2130 indicia
3283 2082 3573 2132 recenset.

1925 2183 1954 2212 ‹‹
1981 2165 2050 2217 Ει
2078 2150 2506 2220 defensionem.
2541 2185 2569 2214 ››
2601 2166 2746 2220 Nam
2804 2165 2983 2221 dictio
3033 2161 3196 2232 ἀλλὰ,
3231 2164 3292 2219 id
3319 2171 3428 2232 est,
3459 2164 3569 2232 sed,

1922 2253 1984 2308 in
2015 2255 2294 2309 omnibus
2326 2256 2454 2310 istis
2486 2256 2792 2326 particulis
2816 2273 2941 2326 pro,
2965 2261 3034 2324 et,
3078 2257 3336 2327 ponitur.
3373 2257 3442 2310 Et
3471 2255 3573 2310 de-

1921 2341 2253 2397 fensionem
2294 2360 2431 2414 erga
2463 2360 2554 2398 me
2585 2351 2895 2415 operatum
2945 2351 3050 2399 est.
3091 2345 3443 2400 Defendistis
3471 2361 3573 2400 vos

1924 2447 1990 2485 ac
2020 2432 2408 2503 respondiStis
2452 2449 2558 2502 per
2599 2433 3032 2503 pcenitentiam,
3063 2439 3122 2486 et
3149 2433 3510 2504 amputando
3543 2449 3576 2487 a

1922 2519 2086 2575 vobis
2117 2526 2520 2576 scortatorem.
2557 2544 2576 2569 ι
2612 2523 2682 2574 Et
2737 2520 3226 2592 indignationem.
3262 2543 3289 2570 η
3321 2523 3390 2575 Ει
3420 2522 3578 2576 indi-

1924 2611 2292 2682 gnationem,
2326 2610 2540 2681 inquit,
2603 2609 2884 2664 adversus
2920 2626 3078 2664 eum
3138 2611 3239 2681 qui
3281 2616 3573 2665 scortatus

1923 2700 2136 2754 fuerat.
2173 2720 2200 2750 «
2232 2701 2302 2753 Et
2328 2699 2625 2767 timorem,
2659 2721 2687 2748 ››
2721 2715 2860 2772 erga
2905 2715 3021 2754 me.
3057 2700 3198 2754 Nam
3229 2699 3569 2754 timentium

1925 2795 2052 2844 erat
2081 2794 2245 2843 tanta
2275 2790 2582 2843 correctio.
2623 2810 2650 2837 «
2703 2791 2771 2842 Et
2801 2787 3186 2844 desiderium.
3222 2811 3250 2839 »
3282 2788 3572 2852 Quoniam

1928 2879 2088 2934 enim
2121 2878 2480 2932 invidiosum
2509 2885 2634 2933 erat
2665 2877 2822 2949 quod
2854 2877 3104 2945 dixerat,
3139 2899 3167 2928 «
3197 2878 3516 2947 Timorem,
3543 2897 3573 2928 »

1929 2967 2256 3039 subjunxit,
2283 2990 2301 3015 ι
2329 2970 2399 3021 Et
2427 2967 2810 3022 desiderium.
2838 2989 2865 3017 ››
2889 2968 2974 3022 Me
2999 2967 3293 3037 siquidem
3325 2967 3578 3038 diligen-

1926 3061 2037 3122 tes,
2071 3063 2129 3110 et
2159 3057 2325 3110 veriti
2360 3073 2430 3111 ne
2465 3057 2897 3111 contristaretis
2929 3073 3047 3124 me,
3082 3055 3378 3110 emendati
3411 3056 3572 3111 estis.

1925 3168 1952 3194 ‹‹
1991 3145 2057 3199 Et
2084 3145 2292 3199 zelum.
2328 3168 2355 3195 »
2395 3148 2503 3199 Aut
2553 3162 2657 3216 pro
2707 3146 2844 3211 Deo,
2879 3150 2981 3201 aut
3031 3161 3138 3216 pro
3168 3161 3264 3200 me
3294 3144 3574 3199 adversus

1925 3232 2414 3305 pseudapostolos
2446 3233 2544 3303 qui
2579 3233 2638 3287 in
2669 3249 2762 3288 me
2805 3233 3221 3288 contumeliosi
3254 3239 3410 3289 sunt.
3444 3255 3471 3284 ‹‹
3504 3235 3575 3288 Et

1924 3323 2264 3378 vindictam.
2303 3345 2328 3371 ››
2363 3323 2478 3377 Ulti
2511 3323 2667 3377 enim
2690 3324 2831 3377 estis
2862 3323 3022 3393 leges
3053 3323 3155 3378 Dei
3187 3340 3318 3394 quas
3350 3339 3383 3378 a
3414 3339 3572 3379 scor-

161 3422 244 3490 τῷ
275 3420 695 3492 πεπορνευκότι,
727 3419 855 3474 ἀλλ’
888 3418 1009 3475 οὐδὲ
1060 3422 1363 3490 συνησθητε
1395 3418 1560 3490 αύτῷ.
1594 3415 1816 3487 Ἐπειδή

1931 3416 2110 3466 tatore
2133 3411 2354 3482 injuria
2371 3413 2595 3467 affectas
2619 3388 3042 3482 erant.Ubique
3065 3388 3577 3470 demonstrastis.»

162 3506 269 3583 γὰρ
336 3507 386 3561 ἐν
453 3511 520 3582 τῇ
588 3510 779 3583 πρώτῃ
841 3511 1138 3582 Ἐπιστολῇ
1191 3509 1418 3583 εἰρήκει,
1463 3534 1488 3559 α
1528 3508 1630 3564 Καὶ
1665 3508 1819 3580 ὑμεῖς

160 3594 573 3672 πεφυσιωμένοι
633 3595 770 3668 ἐστὶ,
841 3621 869 3648 ››
910 3597 1041 3672 ὅπερ
1110 3596 1305 3659 αὐτοὺς
1372 3595 1668 3658 κοινωνοὺς
1723 3599 1819 3650 τοῦ

163 3683 667 3758 πλημμελήματος
726 3686 920 3754 ἑποίει,
979 3691 1069 3740 νῦν
1130 3706 1283 3765 φησι·
1347 3687 1449 3742 Καὶ
1489 3685 1691 3755 ταύτην
1722 3685 1822 3740 ἁπ-

168 3775 462 3848 ετρίψασθε
487 3777 586 3844 τήν
622 3774 900 3833 ὑπόνοιαν.

233 4044 377 4117 ’Ἄρα
441 4043 487 4096 εἰ
552 4044 639 4097 καὶ
706 4041 911 4117 ἔγραψα
978 4044 1104 4116 ὑμῖν
1162 4045 1269 4119 οὐχ
1323 4043 1520 4100 έίνεκει
1569 4044 1816 4102 105013:-

167 4134 461 4201 κιςσαντος,
565 4128 688 4186 οὐδὲ
781 4130 972 4186 ε’ίνεκεν
1057 4136 1153 4186 τοῦ
1246 4133 1612 4204 ἀδικηθέντος,
1689 4133 1816 4191 ἀλλ’

171 4222 364 4274 εἳνεκεν
422 4225 517 4274 τού
627 4223 1000 4299 φανερωθῆναι
1109 4224 1208 4290 τὴν
1322 4222 1561 4293 σπουδὴν
1661 4225 1813 4298 ὑμῶν

169 4310 266 4377 τήν
329 4309 461 4383 ὑπὲρ
538 4312 699 4382 ἡμῶν
773 4312 906 4384 προς
984 4312 1144 4383 ὑμᾶς,
1220 4311 1450 4367 ἐνώπιον
1506 4319 1601 4368 τοῦ
1659 4319 1811 4372 Θεοῦ.

172 4400 268 4452 Διὰ
339 4403 504 4453 τοῦτο
580 4398 1040 4474 παρακεκλήμεθα
1141 4399 1229 4454 ἐπὶ
1311 4406 1378 4475 τῇ
1480 4401 1812 4476 καρακλήσει

173 4488 344 4559 ὑμῶν.
428 4489 829 4563 Περισσοτέρως
897 4485 953 4542 δὲ
1013 4487 1225 4561 μᾶλλον
1289 4488 1568 4564 ἐχάρημεν
1617 4491 1704 4546 ἐπὶ
1744 4498 1812 4568 τῇ

170 4580 315 4654 χαρᾷ
388 4577 572 4644 Τίτου,
632 4576 716 4631 ὅτι
792 4576 1153 4632 ἀναπέπαυται
1229 4579 1292 4634 τὸ
1365 4583 1574 4653 πνεῦμα
1647 4581 1813 4637 αὐτοῦ

175 4663 275 4717 ἀπὸ
352 4663 564 4718 πάντων
642 4664 810 4734 ὑμῶν.
888 4665 1006 4721 Ὁτι
1071 4662 1116 4718 ε⁹ί
1179 4686 1232 4720 τι
1299 4667 1446 4738 αὐτῷ
1496 4667 1628 4742 ὑπὲρ
1661 4669 1812 4742 ὑμῶν

1924 3504 2048 3556 Non
2080 3502 2285 3570 solum,
2349 3501 2560 3572 inquit,
2622 3501 2770 3555 nihil
2829 3501 3170 3573 hujusmodi
3220 3518 3254 3557 a
3295 3501 3458 3558 vobis
3490 3507 3578 3558 at-

1926 3596 2217 3646 tentatum
2249 3596 2336 3645 est
2386 3590 2558 3660 quale
2587 3606 2620 3645 a
2652 3595 2976 3646 scortatore
3033 3589 3160 3656 illo,
3220 3591 3322 3645 sed
3373 3607 3569 3662 neque

1923 3680 2312 3735 consensistis
2343 3679 2477 3750 ipsi.
2503 3679 2806 3750 Siquidem
2830 3680 2969 3750 quia
2991 3679 3051 3734 in
3083 3679 3280 3751 priore
3310 3681 3574 3751 Epistola

1923 3769 2189 3824 dixerat:
2229 3789 2250 3817 ε
2284 3771 2353 3823 Ει
2381 3786 2480 3823 vos
2515 3769 2704 3824 inflati
2729 3769 2891 3823 estis.
2919 3790 2945 3816 »
2978 3768 3145 3832 Quod
3176 3770 3335 3838 ipsos
3365 3767 3568 3823 delicti

1922 3859 2240 3929 participes
2273 3857 2586 3926 efﬁciebat,
2613 3874 2771 3912 nunc
2795 3857 2912 3913 ait:
2949 3857 3134 3912 Etiam
3164 3857 3319 3911 hanc
3349 3857 3572 3912 abster-

1924 3948 2086 4004 sistis
2119 3947 2540 4018 suspicionem.

1994 4038 2110 4103 VII,
2147 4037 2333 4090 12-16.
2366 4036 2625 4101 Proinde,
2660 4037 2874 4090 tametsi
2902 4037 3098 4106 scripsi
3155 4037 3325 4105 vobis,
3380 4054 3491 4093 non
3516 4037 3572 4093 id

1916 4128 2024 4194 feci
2055 4125 2172 4194 ejus
2200 4140 2366 4180 causa
2422 4126 2520 4194 qui
2575 4124 2808 4192 laeserat,
2856 4142 2952 4180 nec
3011 4126 3129 4195 ejus
3157 4143 3320 4183 causa
3349 4129 3449 4197 qui
3478 4128 3574 4183 lae-

1917 4231 2008 4270 sus
2035 4217 2243 4282 fuerat,
2271 4214 2360 4268 sed
2387 4215 2453 4269 ob
2509 4214 2569 4268 id
2624 4220 2686 4268 ut
2745 4215 2986 4269 studium
3019 4222 3268 4271 nostrum
3298 4219 3445 4287 quod
3467 4233 3574 4288 pro

1916 4306 2067 4360 vobis
2096 4311 2172 4360 est
2201 4307 2657 4374 manifestaretur
2684 4305 2838 4376 apud
2867 4321 2962 4360 vos
2991 4322 3175 4361 coram
3207 4307 3331 4362 Deo.
3363 4307 3574 4362 Idcirco

1918 4397 2340 4452 consolationem
2413 4398 2715 4466 accepimus
2792 4413 2862 4451 ea:
2944 4397 3314 4452 consolatione
3365 4399 3575 4468 vestri;

1917 4487 2052 4556 quin
2084 4485 2304 4539 uberius
2331 4486 2558 4554 insuper
2587 4485 2763 4553 gavisi
2788 4487 2997 4554 fuimus
3025 4485 3092 4539 ob
3118 4485 3273 4541 654
3301 4487 3572 4556 gaudium

1923 4577 2054 4641 Titi,
2089 4574 2238 4644 quod
2261 4575 2606 4642 refociltatus
2663 4576 2735 4629 sit
2789 4574 3024 4645 spiritus
3083 4574 3259 4645 ipsius
3298 4577 3366 4631 ab
3398 4582 3579 4634 omni-

1921 4664 2015 4719 bus
2045 4664 2214 4718 vobis.
2245 4663 2401 4728 Quod
2429 4665 2476 4718 si
2506 4663 2640 4732 quid
2670 4664 2822 4733 apud
2866 4664 3024 4719 illum
3072 4667 3164 4732 fui
3213 4665 3486 4735 gloriatus
3515 4670 3581 4724 de

173 4752 524 4830 κεκαύχημαι
595 4753 656 4806 ού
723 4755 1127 4829 κατῃσχύνθην,
1198 4753 1321 4808 ἀλλ’
1387 4756 1462 4818 ὡς
1528 4760 1701 4812 πάντα
1766 4757 1816 4812 ἐν

1931 4753 2094 4818 vobis,
2170 4769 2280 4807 non
2338 4769 2454 4808 sum
2505 4753 2881 4822 pudefactus:
2933 4755 3028 4808 sed
3080 4757 3221 4810 sicut
3278 4760 3462 4812 omnia
3519 4761 3577 4813 in

176 4841 407 4911 ἀληθείᾳ
467 4839 822 4912 ἐλαλήσαμεν
891 4842 1042 4914 ὑμῖν,
1112 4840 1254 4896 οὕτω
1320 4843 1409 4898 καὶ
1463 4847 1497 4913 ἠ
1546 4846 1817 4921 καύχησις

411 4933 446 4998 ἡ
523 4930 609 4984 ἐπὶ
685 4931 872 4998 Τίτου,
950 4931 1181 5001 ἀλήθεια
1254 4932 1504 5006 ἐγενηθη.
1583 4937 1682 4992 Καὶ
1759 4937 1824 4991 τὰ

182 5019 469 5096 σπλάγχνα
542 5021 710 5075 αὐτοῦ
811 5019 1206 5094 περισσοτέρως
1307 5022 1382 5084 ε²’ς
1469 5025 1608 5098 ὑμᾶς
1685 5027 1824 5083 ἐστιν

181 5109 736 5180 ἀναμιμνησκομένου
831 5111 928 5177 τήν
1032 5109 1246 5166 πάντων
1327 5112 1477 5184 ὑμῶν
1556 5115 1823 5186 ὑπακοὴν,

180 5199 254 5259 ὡς
335 5200 469 5271 μετὰ
570 5197 744 5274 φόϐου
843 5198 933 5253 καὶ
1034 5199 1243 5274 τρόμου
1319 5199 1561 5274 ἐδέξασθε

177 5285 364 5361 Χαίρω
398 5283 483 5342 ὅτι
513 5287 565 5342 ἐν
596 5287 755 5342 παντὶ
787 5287 970 5363 θαῤῥῶ
996 5287 1046 5343 ἐν
1081 5289 1231 5362 ὑμῖν.

178 4933 212 4998 ἡ
222 4935 338 5003 μῶν

1641 5205 1822 5264 αὐτόν.

244 5468 338 5530 Τίς
389 5469 418 5522 ὁ
463 5465 767 5538 ἀδικήσας;
818 5466 906 5522 καὶ
951 5469 1037 5530 τίς
1087 5469 1115 5522 ὁ
1165 5466 1484 5540 ἀδικηθείςς
1539 5475 1588 5528 οἱ
1620 5495 1827 5550 πεπορ-

170 5558 444 5620 νευκότες.
513 5556 810 5628 Ἦὸίκησαν
866 5559 970 5634 γὰρ
1031 5557 1275 5627 ἑαυτοὺς,
1331 5561 1424 5614 καὶ
1480 5560 1824 5634 ἠδικήθησαν

181 5653 266 5729 ὑφ’
321 5652 544 5706 ἑαυτῶν.
601 5650 759 5724 Λέγει
810 5648 867 5704 δὲ
923 5655 1104 5705 τοῦτο.
1167 5652 1276 5713 Τὰς
1326 5654 1608 5727 τοσαύτας,
1637 5657 1819 5734 φησὶν,

459 5772 705 5825 ΡΑτιιοῐ..
747 5766 852 5825 Gn.
893 5767 1151 5826 CXVIII.

1931 4842 2162 4898 veritate
2212 4844 2380 4898 locuti
2432 4859 2613 4899 sumus
2659 4845 2831 4911 vobis,
2862 4844 2945 4899 ita
2992 4852 3044 4899 et
3073 4846 3335 4915 gloriatio
3391 4856 3579 4904 nostra

1932 4948 2044 5001 qua
2099 4948 2226 4988 usus
2277 4947 2424 4986 eram
2477 4933 2630 5003 apud
2692 4935 2892 5001 Titum,
2945 4937 3146 4990 veritas
3191 4938 3348 5003 facta
3378 4944 3494 4992 est:
3527 4943 3580 4992 et

1933 5025 2141 5077 viscera
2190 5024 2362 5091 ipsius
2400 5022 2773 5077 abundantius
2830 5039 2962 5091 erga
3020 5040 3118 5078 nos
3175 5027 3377 5095 affecta
3432 5033 3560 5082 sunt

1935 5114 2061 5167 dum
2094 5112 2284 5168 recolit
2317 5115 2555 5166 omnium
2612 5120 2848 5168 vestrum
2906 5114 3288 5183 obedientiam,
3322 5115 3579 5186 quemad-

1933 5202 2154 5256 modum
2185 5219 2307 5257 cum
2364 5204 2558 5257 timore
2613 5219 2676 5257 ac
2735 5208 2964 5259 tremore
3015 5207 3334 5274 acceperitis
3372 5208 3576 5276 ipsum.

1937 5291 2206 5346 Gaudium
2237 5290 2385 5360 quod
2440 5293 2500 5345 in
2553 5292 2802 5347 omnibus
2851 5293 3108 5361 ﬁduciam
3142 5293 3370 5349 habeam
3400 5297 3460 5349 in
3489 5311 3581 5350 vo-

1937 5383 2034 5436 bis.

2005 5484 2285 5548 Quisnam
2317 5487 2406 5538 est
2436 5484 2538 5554 qui
2572 5483 2794 5555 injuria
2823 5485 3066 5540 aIIecit‘?
3117 5491 3175 5541 et
3206 5484 3337 5556 quis
3369 5485 3587 5556 injuria

1936 5575 2180 5630 affectus
2212 5575 2347 5629 est?
2377 5574 2760 5630 Scortatores.
2794 5576 2910 5648 Ipsi
2941 5592 3200 5648 namque
3232 5577 3460 5651 seipsos
3491 5578 3582 5634 in-

1927 5665 2090 5737 juria
2120 5667 2466 5734 affecerunt,
2501 5671 2559 5722 et
2583 5683 2618 5722 a
2647 5666 2864 5738 seipsis
2918 5668 3142 5740 injuria
3192 5669 3390 5725 affecti
3421 5673 3589 5724 sunt.

3233 5784 3307 5842 32
