4048 6250
420 297 576 357 1003

1538 272 1960 339 (BCUMENII
2007 271 2308 334 TRICCE
2352 273 2704 338 EPISCOPI

3675 279 3810 338 {004

416 430 521 487 Est
539 432 736 484 autem
760 417 1131 478 tantumdem
1148 431 1214 472 ac
1241 413 1287 469 si
1309 412 1563 468 diceret:
1584 411 1723 466 Tam
1743 420 1945 481 graves
1966 405 2062 460 ob-

2174 401 2487 477 ἐγκλήσεις,
2546 405 2659 481 οὐχ
2751 402 2928 463 ἕνεκεν
3014 411 3124 463 τῶν
3189 403 3649 482 πεπορνευκότων
3701 405 3812 479 ὑμῖν

410 516 782 593 jurgationes
815 527 934 566 non
965 522 1143 563 causa
1190 507 1582 560 scortatorum
1613 499 1888 593 primitus
1920 497 2064 551 scri-

2174 489 2375 593 Kypaqm
2449 497 2854 572 πρωτοτύπως,
2928 495 3058 553 ἀλλ’
3130 495 3304 553 ἕνεκεν
3384 499 3551 570 ὑμῶν

418 588 509 681 psi
524 588 725 664 vobis.
757 600 861 657 sed
890 597 1067 655 vestri
1098 611 1296 661 causa,
1328 599 1395 648 ut
1423 608 1522 647 vos
1552 588 2065 653 conﬁrmarem,ne

418 679 715 771 quomodo
738 706 986 763 serpens
1007 687 1184 742 etiam
1217 683 1435 740 malum
1464 680 1537 738 ad
1563 697 1662 735 vos
1683 679 2061 771 ppertingeret.

2168 581 2605 658 ἀσφαλιζόμενος
2667 587 2829 659 ὑμᾶς,
2895 589 2971 661 μή
3034 609 3149 650 πως
3204 585 3315 661 ὀδῷ
3351 586 3606 662 βαδίζον,
3636 586 3724 640 καὶ
3749 585 3815 648 εἷς

2175 671 2314 743 ὑμᾶς
2345 667 2477 747 ἔλθῃ
2512 675 2577 729 τὸ
2634 675 2821 732 κακὸν.
2884 676 3069 750 Μικρᾶ
3116 678 3217 753 γάρ
3276 677 3421 751 ζύμη
3474 674 3613 731 ὅλον
3643 677 3703 730 τὸ
3730 676 3817 752 οὗ·

414 761 666 842 Ιδειυιιιιιι
700 761 857 836 enim
887 776 1160 833 fermenti
1200 779 1384 828 totam
1429 768 1911 841 conspersionem
1944 765 2064 820 fer-

2174 774 2318 833 ραμα
2349 766 2539 834 ζυμοῖ.
2573 762 2751 820 Ἀλλὰ
2804 765 2928 820 τότε
2985 766 3085 840 μὲν
3144 766 3335 829 οὕτως.
3387 770 3501 820 Νῦν
3535 761 3619 832 δὲ,
3648 763 3818 841 φησὶν,

417 880 665 931 mentat.
699 870 811 926 Sed
835 875 977 923 tunc
1006 864 1249 937 quidem
1280 863 1399 927 ita;
1448 875 1773 937 nunc_vero
1802 857 1877 912 ob
1908 871 2062 923 eam,

418 965 636 1035 inquit,
668 975 906 1016 causam
937 962 1003 1012 ut
1025 934 1408 1010 ostenderem
1430 950 1593 1005 vobis
1612 934 1915 1019 ‘quantum
1939 951 2065 999 stu-

413 1033 577 1109 dium
598 1056 659 1106 et
687 1064 890 1105 curam
920 1045 1095 1100 vestri
1144 1041 1395 1097 habeam
1422 1055 1434 1095 :
1487 1036 1646 1108 quod
1677 1037 1871 1107 ipsum
1904 1033 2063 1088 idem

412 1141 653 1215 quidem
686 1145 777 1195 est
814 1153 947 1192 cum
978 1134 1197 1206 priore,
1230 1130 1331 1186 sed
1371 1127 1669 1184 amantius
1696 1124 1808 1180 hoc
1839 1123 2061 1215 dictum

414 1212 523 1289 est.
556 1252 584 1281 ‹‹
618 1231 733 1285 Nec
765 1228 893 1298 ejus
939 1239 1117 1280 causa
1147 1221 1246 1292 qui
1304 1220 1481 1274 laesus
1511 1217 1722 1272 fuerat.
1756 1236 1785 1264 »
1818 1215 1941 1268 Non
1975 1212 2063 1266 di-

413 1322 520 1389 xit,
554 1320 742 1376 Causa
771 1316 1010 1370 illorum
1067 1329 1187 1367 non
1237 1309 1467 1380 scripsi,
1530 1304 1653 1369 sed,
1685 1306 1811 1359 Non
1842 1303 2060 1375 prima-

416 1412 503 1466 ria
532 1425 709 1465 causa
738 1407 850 1463 fuit
878 1409 1121 1477 propter
1145 1401 1302 1468 illos,
1336 1401 1453 1454 imo
1505 1403 1565 1453 et
1606 1401 1846 1468 propter
1875 1411 1976 1448 vos
2005 1398 2063 1448 et

417 1506 658 1573 propter
687 1496 842 1551 illos.
879 1518 906 1545 ‹‹
937 1495 1007 1549 Ut
1039 1492 1301 1547 studium
1334 1494 1602 1544 nostrum
1635 1485 1795 1557 quod
1826 1501 1930 1555 pro
1961 1500 2059 1537 vo-

413 1588 507 1643 bis
561 1593 652 1643 est
707 1585 1192 1642 manifestaretur
1239 1578 1395 1650 apud
1450 1595 1550 1632 vos
1608 1590 1808 1632 coram
1859 1575 1997 1628 Deo.
2032 1594 2060 1621 »

413 1679 552 1734 Erat
581 1677 822 1750 quidem
854 1673 1011 1745 apud
1061 1687 1152 1727 me
1203 1670 1463 1735 dilectio,
1496 1667 1598 1723 sed
1630 1663 1968 1736 quaerebam
1999 1668 2063 1717 ut

415 1768 520 1824 illa
548 1767 1067 1823 manifestaretur:
1106 1768 1388 1830 tanquam
1420 1759 1810 1829 inspectante,
1843 1753 2057 1822 inquit,

416 1858 533 1913 Deo
583 1856 740 1928 quod
788 1870 925 1910 vera
981 1852 1195 1917 dicam,
1258 1847 1563 1903 «Idcirco.
1598 1867 1625 1894 ››
1684 1843 1975 1909 Quoniam
2005 1847 2064 1896 et

416 1944 678 1999 studium
710 1940 869 2013 quod
899 1939 1056 1993 circa
1081 1954 1182 1992 vos
1213 1935 1503 1991 habebam
1550 1932 1969 1999 demonstravi,
2005 1936 2063 1985 et

417 2049 592 2087 omne
622 2030 924 2102 negotium
954 2027 1126 2082 nobis
1154 2029 1463 2097 peractum
1494 2027 1601 2078 est.
1624 2044 1652 2071 ‹‹
1678 2024 1759 2075 Ex
1787 2020 2062 2101 consola—

417 2122 579 2176 tione
609 2120 805 2174 vestri.
830 2138 855 2169 ιι
892 2119 1047 2172 Duas
1067 2116 1169 2183 ait,
1195 2120 1460 2185 sumptas
1490 2128 1620 2168 esse
1650 2111 1722 2166 ab
1754 2111 1900 2182 ipsis
1921 2126 2064 2165 con-

417 2209 773 2265 solationes:
807 2207 1053 2262 alteram
1081 2202 1322 2276 quidem
1353 2200 1510 2272 quod
1540 2202 1666 2272 ipse
1697 2215 1817 2257 non
1844 2199 2066 2254 frustra

417 2299 789 2371 objurgasset
818 2313 919 2352 eos
972 2312 1076 2367 per
1123 2292 1458 2365 epistolam,
1504 2289 1605 2345 sed
1635 2290 1750 2362 ipsi
1784 2289 1941 2359 quod
1969 2303 2060 2343 re-

416 2388 777 2461 prehensum
812 2391 939 2441 erat
982 2387 1404 2447 correxerant;
1461 2381 1709 2437 alteram
1739 2396 1875 2434 vero
1906 2376 2066 2449 quod

415 2479 611 2533 Titum
643 2476 1135 2532 refocillaverant.
1163 2476 1291 2545 lpse
1317 2488 1451 2527 vero
1486 2472 1586 2537 ait,
1612 2494 1639 2521 ‹‹
1674 2470 1757 2525 Ob
1782 2469 2066 2542 gaudium

414 2568 546 2635 Titi,
581 2589 609 2617 ››
637 2565 961 2621 ostendens
984 2563 1143 2636 quod
1165 2564 1328 2617 Titus
1350 2576 1625 2633 magnam
1652 2558 1900 2614 haberet
1919 2558 2065 2629 ipsis

416 2658 685 2731 gratiam.
719 2658 801 2711 Ex
832 2672 901 2711 eo
931 2654 1090 2710 enim
1123 2652 1282 2724 quod
1313 2651 1415 2705 ille
1444 2649 1746 2723 gauderet,
1774 2647 2068 2720 signiﬁcat

418 2752 476 2800 et
506 2746 923 2802 excellentiam
952 2741 1404 2798 refocillationis
1426 2746 1483 2794 et
1504 2738 1920 2793 excellentiam
1940 2751 2068 2809 gra-

423 2834 643 2889 tiarum
671 2833 921 2888 actionis
954 2831 1082 2902 ejus
1131 2846 1268 2899 erga
1290 2828 1444 2883 illos.
1478 2827 1616 2882 Ideo
1647 2842 1883 2897 quoque
1912 2824 2066 2879 hanc

418 2922 887 2979 consolationem
941 2920 1234 2991 praeponit
1288 2917 1471 2989 priori
1530 2915 1960 2972 consolationi:
2008 2920 2069 2970 et

417 3012 545 3067 haec
576 3010 718 3066 dicit
775 3010 960 3082 magis
1018 3026 1120 3065 eos
1177 3009 1483 3065 attrahens
1531 3009 1605 3062 ad
1635 3022 1899 3062 amorem
1931 3020 2069 3077 erga

417 3100 630 3156 Titum.
663 3102 919 3157 Rursum
951 3099 1113 3155 enim
1144 3114 1281 3153 eum
1327 3097 1617 3152 missurus
1648 3101 1768 3149 eral
1802 3095 1876 3151 ad
1906 3096 2067 3166 ipsos

2167 845 2338 905 ἕνεκεν
2372 855 2468 905 τοῦ
2499 848 2667 924 δεῖξαι
2701 853 2829 926 ὑμῖν
2886 859 3006 916 πῶς
3062 853 3114 910 ἐν
3173 851 3384 927 σπουδῇ
3445 854 3547 909 καὶ
3590 852 3643 908 έν
3673 874 3818 930 φρον-

2167 934 2277 992 τίδι
2312 938 2452 1011 ὑμᾶς
2510 936 2651 1019 ἔχω,
2707 940 2839 1016 ὅπερ
2894 942 2957 997 τὸ
2997 942 3127 997 αὐτὸ
3189 943 3282 1015 μὶν
3342 936 3459 998 ἔστι
3492 947 3582 1014 τῷ
3610 945 3816 1016 πρώτῳ,

2170 1028 2647 1103 ἀγαπητικώτερον
2709 1027 2767 1086 δὲ
2825 1029 3058 1105 εἴρηται.
3100 1057 3121 1082 ι
3158 1029 3300 1089 Οὐδὲ
3350 1029 3562 1088 εἵνεκεν
3593 1034 3693 1085 τοῦ
3722 1028 3819 1085 d3;-

2167 1118 2442 1188 κηθέντος.
2478 1142 2506 1170 ››
2538 1120 2618 1176 Οὐ
2657 1124 2819 1176 τοῦτο
2872 1119 3046 1197 λέγει,
3097 1123 3183 1192 τὸ,
3236 1124 3451 1178 Ἕνεκεν
3478 1121 3704 1177 ἐκείνων
3739 1120 3820 1175 οὑκ

2169 1199 2400 1280 ἔγραψα,
2434 1205 2578 1262 ἀλλὰ
2614 1208 2702 1277 τὸ,
2754 1209 2828 1264 Οὐ
2884 1211 3258 1285 πρωτοτόπως
3289 1209 3360 1266 δι’
3392 1211 3665 1278 ἐκείνους,
3696 1207 3820 1264 ἀλλὰ

2170 1289 2258 1347 διά
2286 1314 2343 1349 τε
2376 1295 2513 1367 ὑμᾶς
2542 1296 2631 1351 καὶ
2683 1293 2753 1351 δι’
2799 1296 3057 1361 ἐκείνους.
3119 1323 3145 1349 ι(
3180 1300 3294 1369 Τήν
3330 1300 3469 1375 ὑπὲρ
3502 1302 3675 1372 ἡμῶν
3704 1297 3823 1371 πρὸς

2167 1380 2308 1455 ὑμᾶς
2340 1382 2571 1439 ἐνώπιον
2631 1390 2726 1441 τοῦ
2783 1392 2936 1445 Θεοῦ.
2970 1412 2998 1440 »
3060 1394 3155 1443 Ἢν
3217 1390 3339 1462 μὲν,
3399 1389 3607 1466 φησὶν,

2167 1487 2293 1557 παρ’
2349 1482 2496 1557 ἐμοὶ,
2556 1482 2701 1539 ἀλλὰ
2753 1486 2844 1540 καὶ
2904 1489 3278 1564 φανερωθῆναι
3338 1488 3519 1557 αὖτ’ἱμ
3591 1487 3823 1557 ἐζήτουν,

2168 1571 2366 1627 ὡσανεὶ
2414 1570 2740 1651 ἐφορῶντος,
2800 1576 2955 1653 φησὶ,
3016 1577 3153 1631 Θεοῦ
3209 1578 3293 1632 ὃτι
3353 1576 3649 1648 ἀληθεύω.
3687 1574 3825 1630 «Διὰ

2166 1665 2350 1717 τοῦτο.
2390 1686 2409 1711 ι
2470 1660 2694 1731 ’Ἐπειδή
2756 1665 2844 1719 καὶ
2900 1667 3002 1735 τὴν
3062 1663 3303 1733 σπουδὴν
3359 1668 3463 1735 τήν
3523 1666 3657 1741 περὶ
3703 1666 3826 1736 ὑμᾶς

2169 1747 2432 1823 ἐπέδειξα,
2488 1751 2580 1807 καὶ
2635 1753 2699 1807 τὸ
2756 1759 2860 1808 πᾶν
2921 1757 3057 1828 ⁴ἡμῖν
3110 1757 3497 1830 κατώρθωται.
3552 1778 3580 1808 ι
3618 1751 3825 1826 Ἐπὶ-τῇ

2172 1838 2512 1913 παρακλήσει
2564 1841 2738 1914 ὑμῶν.
2788 1868 2816 1894 ››
2870 1844 2972 1899 Δύο
3026 1845 3175 1920 λέγει
3224 1843 3663 1919 παρακληθῆναι
3711 1844 3824 1913 παρ’

2171 1929 2351 1983 αὐτῶν
2382 1928 2775 2005 παρακλήσεις,
2823 1932 2951 2005 μίαν
3008 1934 3126 2007 μὲν,
3186 1931 3325 1990 διότι
3357 1935 3530 1998 αὐτὸς
3565 1935 3631 1988 οὐ
3667 1933 3824 2006 μάτην

2172 2013 2497 2092 ἐπετίμησεν
2552 2019 2739 2083 αὐτοῖς
2797 2019 2850 2075 ἐν
2891 2020 2960 2096 τῇ
3021 2019 3346 2097 Ἐπιστολῇ,
3403 2024 3497 2077 καὶ
3541 2022 3746 2078 ἐκεῖνοι
3771 2022 3824 2076 τὸ

2173 2105 2494 2180 ἐπιτιμηθὶν
2525 2105 2931 2183 διωρθώσαντο,
2989 2108 3239 2186 δευτέραν
3301 2110 3380 2181 δὲ,
3430 2113 3519 2167 ὃτι
3553 2114 3653 2167 τὸν
3685 2111 3826 2167 Τίτον

2172 2194 2493 2254 ἀνέπαυσαν.
2531 2196 2703 2261 Αὐτὸς
2736 2195 2794 2254 δέ
2847 2219 3032 2278 φησιν·
3066 2224 3095 2252 ‹‹
3129 2200 3251 2257 Ἐπὶ
3282 2203 3351 2274 τῇ
3395 2205 3546 2275 χαρᾷ
3584 2201 3768 2268 Τίτου,
3796 2224 3821 2251 ι

2174 2281 2381 2348 δεικνὺς
2428 2285 2511 2342 ὅτι
2565 2287 2784 2356 πολλὴν
2837 2290 2998 2364 χάριν
3047 2289 3229 2352 αὐτοῖς
3265 2291 3293 2345 ὁ
3324 2291 3495 2352 Τίτος
3522 2289 3819 2366 ὡμολόγει.

2175 2376 2268 2430 Ἐκ
2294 2375 2394 2450 γάρ
2420 2380 2518 2430 τοῦ
2562 2375 2777 2455 χαίρειν
2834 2378 3056 2450 ἐκεῖνον,
3110 2380 3208 2449 τήν
3264 2399 3323 2433 τε
3384 2374 3709 2453 ὑπερϐολὴν
3731 2385 3820 2448 τῆς

2174 2466 2525 2527 ἀναπαύσεως
2567 2467 2658 2521 καὶ
2708 2468 2807 2535 τὴν
2865 2462 3310 2542 ὑπερϐολὴντῇς
3340 2469 3703 2547 εὐχαριστίας
3733 2468 3818 2523 αὖ·

2172 2560 2269 2611 τοῦ
2292 2557 2391 2625 τὴν
2421 2556 2497 2619 είς
2528 2556 2693 2626 αὐτὴν
2724 2555 2910 2629 δηλοῖ.
2971 2560 3064 2614 Διὸ
3121 2558 3212 2614 καὶ
3269 2560 3555 2635 προκρίνει
3595 2562 3693 2629 τήν
3723 2580 3812 2614 πα-

2176 2644 2444 2719 ράκλησιν
2501 2647 2725 2719 ταύτην,
2781 2655 2881 2717 τῆς
2934 2650 3203 2724 προτέρας
3266 2645 3687 2723 παρακλήσεως
3732 2649 3808 2702 καί

2171 2739 2340 2791 ταῦτα
2371 2734 2537 2811 λέγει,
2599 2735 2817 2808 μᾶλλον
2870 2736 3067 2800 αὐτοὺς
3127 2736 3206 2799 είς
3260 2738 3362 2807 τὴν
3420 2737 3633 2814 ἀγάπην
3664 2737 3802 2793 Τίτου

2175 2821 2561 2902 ἐφελκόμενος·
2621 2820 2823 2896 ἔμελλε
2875 2826 2977 2900 γάρ
3059 2823 3222 2880 πάλιν
3278 2824 3372 2880 σὺν
3434 2830 3505 2898 τῇ
3559 2826 3793 2896 ἐπιστολῇ

2176 2915 2414 2986 πέμπειν
2467 2913 2628 2969 αὐτὸν
2688 2914 2823 2989 πρὸς
2867 2913 3086 2976 αὐτούς.
3119 2914 3188 2971 Τί
3237 2911 3296 2969 δὲ
3340 2914 3411 2989 ᾖν
3456 2918 3491 2984 ἡ
3531 2915 3779 2971 ἀνάπαυσις

2174 3002 2342 3060 Τίτου
2373 3002 2453 3080 ἐφ’
2484 3001 2530 3075 ᾧ
2567 3002 2657 3058 καὶ
2714 3000 2974 3079 ἔχαιρεν;
3028 3003 3064 3072 ἤ
3115 3004 3256 3073 αὐτὴ
3312 3006 3347 3072 ἡ
3417 3001 3665 3079 διόρθωσις
3692 2998 3775 3054 αὖ·

2176 3095 2306 3159 τῶν,
2340 3090 2421 3169 ἔφ’
2458 3090 2494 3165 ᾗ
2542 3092 2633 3147 καὶ
2698 3090 2912 3154 Παῦλος
2977 3089 3390 3167 παρακέκλητο,
3424 3095 3458 3163 ἢ
3487 3095 3520 3163 ἠ
3549 3090 3616 3151 εἷς
3639 3091 3785 3146 πῶιτα

418 3206 552 3245 cum
584 3189 854 3260 epistola.
887 3189 1025 3253 Quae
1068 3192 1195 3243 erat
1241 3192 1440 3242 autem
1471 3186 1582 3240 Titi
1612 3184 1966 3241 refocillatio
1996 3183 2064 3239 de

2176 3180 2388 3250 ὑπακοὴ
2441 3180 2642 3250 αὐτων,
2700 3180 2789 3237 καὶ
2847 3183 2881 3250 ἡ
2944 3184 3062 3254 μετ’
3118 3175 3412 3246 εὐλαϐείας
3462 3181 3557 3237 καὶ
3592 3180 3796 3239 πίστεως

419 3295 536 3349 qua
566 3278 745 3333 etiam
774 3277 1112 3350 gaudebat?
1140 3284 1242 3331 aut
1273 3277 1402 3347 ipsa
1439 3292 1644 3331 eorum
1675 3275 1964 3330 correctio
1995 3274 2067 3329 de

417 3383 536 3437 qua
564 3367 745 3421 etiam
775 3366 993 3420 Paulus
1051 3365 1520 3420 consolationem
1550 3369 1875 3435 acceperat,
1907 3364 2060 3421 655

419 3453 508 3509 vel
537 3453 879 3508 obedientia
908 3469 1114 3509 eorum
1164 3452 1239 3509 ad
1286 3453 1525 3507 omnia:
1558 3457 1659 3507 aut
1688 3452 2064 3523 hospitalitas

420 3557 539 3614 qua
566 3558 701 3596 cum
731 3541 1062 3597 reverentia
1094 3557 1162 3596 ac
1193 3540 1307 3596 (ide
1357 3557 1495 3595 eum
1536 3546 1941 3611 susceperant.
1975 3540 2066 3594 Si-

419 3644 602 3699 gnum
632 3646 890 3701 namque
921 3630 1159 3701 pietatis
1212 3647 1281 3686 ac
1310 3629 1615 3701 religionis
1645 3634 1754 3697 est,
1787 3630 1979 3685 honor
2008 3635 2067 3686 et

418 3720 751 3775 reverentia
781 3736 918 3793 erga
947 3719 1654 3791 concionatorem.Magis,
1681 3719 1897 3789 inquit,
1922 3736 2067 3775 con—

2178 3270 2318 3339 ξενία
2346 3269 2437 3324 καὶ
2474 3267 2726 3348 ὑποδοχή
2768 3269 2966 3327 αὐτῶν.
3026 3271 3125 3325 Καὶ
3184 3272 3288 3348 γὰρ
3344 3273 3648 3346 τεκμήριον
3678 3268 3809 3325 εὗσε-

2175 3353 2344 3429 ϐείας,
2377 3359 2412 3428 ἡ
2445 3357 2521 3422 εἰς
2548 3358 2641 3413 τὸν
2697 3360 2911 3433 κήρυκα
2968 3357 3139 3429 αότὴς
3194 3360 3333 3431 τιμὴ
3393 3359 3487 3414 καὶ
3549 3352 3810 3414 εὐλάϐεια.

2173 3446 2402 3504 Μᾶλλον
2467 3448 2915 3523 παρεκλήθημεν,
2983 3448 3168 3527 φησὶν,
3235 3447 3322 3503 ἐπὶ
3406 3451 3476 3523 τῇ
3547 3444 3816 3523 διορθώσει

2176 3538 2351 3610 ὑμῶν,
2387 3534 2597 3611 μᾶλλον
2650 3533 2707 3590 δὶ
2759 3535 3046 3613 ἐχάρημεν
3105 3535 3193 3592 ἐπὶ
3249 3540 3319 3612 τῇ
3349 3541 3500 3613 χαρᾷ
3529 3537 3721 3606 Τίτου,
3744 3538 3816 3593 ’ὁτι

2176 3626 2266 3684 διὰ
2336 3634 2436 3698 τῆς
2511 3626 2856 3703 διορθώσεως
2937 3628 3116 3703 ὑμῶν,
3192 3628 3563 3685 ἀναπέπαυται
3610 3634 3648 3700 ἡ

2175 3737 2341 3772 αυτου
2354 3760 2367 3774 ο

418 3808 771 3866 solationem
804 3810 1141 3882 accepimus
1173 3816 1412 3882 propter
1450 3808 1625 3864 vestri
1657 3809 2107 3878 correctionem,
2140 3807 2326 3880 magis
2350 3812 2550 3863 autem
2577 3809 2789 3880 gravisi
2821 3825 3030 3864 sumus
3083 3814 3327 3882 propter
3382 3810 3673 3883 gaudium
3706 3811 3825 3876 Titi,

415 3899 555 3968 quia
578 3905 823 3973 propter
852 3900 1027 3955 vestri
1059 3900 1487 3955 correctionem
1516 3898 1881 3955 refocillatus
1912 3903 2003 3955 est
2030 3898 2220 3970 ipsius
2240 3897 2500 3953 animus.

482 4011 512 4040 ι(
545 3989 603 4044 Si
635 3991 777 4060 quid
808 3989 964 4062 apud
996 3991 1167 4046 illum
1199 3991 1271 4046 de
1330 3993 1514 4049 vobis.
1549 4014 1578 4044 »
1634 3996 2064 4066 Argumentum

412 4078 643 4133 virtutis
674 4078 1105 4150 discipulorum
1136 4085 1244 4146 est,
1271 4082 1430 4151 quod
1460 4088 1789 4154 praeceptor
1818 4080 1890 4136 de
1918 4080 2065 4151 ipsis

411 4165 725 4239 glorietur,
758 4173 817 4221 et
860 4170 1223 4224 ostensivum
1253 4175 1343 4225 est
1373 4172 1594 4225 amoris
1622 4172 2064 4242 magistrorum.

411 4277 437 4304 ‹‹
475 4256 600 4311 Non
634 4272 766 4311 sum
796 4256 1163 4328 pudefactus.
1189 4279 1215 4307 ››
1270 4259 1396 4313 Νοη
1418 4259 1577 4313 enim
1604 4258 1858 4315 mendax
1881 4257 2066 4312 fuisse

409 4347 677 4417 apparui.
710 4346 766 4403 Si
819 4346 961 4417 quid
1018 4346 1301 4419 gloriatus
1358 4347 1464 4414 fui,
1511 4364 1632 4402 non
1666 4365 1796 4403 sum
1827 4346 2070 4419 pudefa-

410 4441 558 4490 ctus.
584 4458 606 4485 ι
635 4439 749 4490 Aut
774 4434 905 4490 dum
927 4434 1220 4490 dictiones
1236 4435 1309 4490 ad
1334 4451 1520 4490 unum
1548 4436 1858 4492 sententiae
1883 4451 2070 4493 mem.

2254 4009 2281 4041 ι
2310 3984 2383 4043 Ei’
2417 4007 2469 4041 τι
2524 3985 2672 4059 αὖτῷ
2735 3985 2866 4062 ὑπὲρ
2917 3987 3093 4061 ὑμῶν.
3130 4010 3152 4040 ι
3192 3990 3291 4042 Καὶ
3339 3987 3542 4063 ἀρετῆς
3578 3995 3832 4063 μαθητῶν

2176 4070 2441 4150 ἔλεγχος,
2467 4075 2518 4131 τί
2547 4075 2641 4130 τὸν
2700 4071 3026 4131 διδάσκαλον
3091 4076 3226 4151 ὑπὲρ
3278 4074 3458 4132 αὐτῶν
3508 4080 3834 4153 καυχᾶσθαι,

2177 4162 2266 4217 καί
2321 4162 2533 4239 ἀγάπης
2596 4160 2939 4219 διδασκάλων
2998 4159 3288 4221 διικτικόν.
3325 4188 3353 4217 ‹‹
3397 4164 3478 4222 Οὐ
3537 4166 3835 4241 namq-3v-

2177 4252 2296 4322 θην.
2328 4276 2356 4303 ››
2390 4252 2470 4309 Οὐ
2502 4251 2605 4328 γάρ
2640 4251 2837 4329 ἐφάνην
2868 4250 3218 4327 ψευδόμενος.
3255 4279 3283 4305 ‹‹
3319 4251 3443 4311 Εῗτι
3482 4255 3828 4330 κεκαύχημαι

2178 4340 2240 4395 οὐ
2270 4341 2672 4416 κατῃσχύνθην.
2706 4366 2732 4393 υ
2760 4373 2825 4384 -
2851 4343 3057 4416 [ΦΩΤ.]
3089 4346 3159 4399 ’Ἢ
3194 4343 3331 4417 πρὸς
3358 4338 3413 4397 ἓν
3443 4342 3637 4417 κόμμα
3671 4342 3826 4419 λόγου

2173 4430 2269 4492 τάς
2303 4426 2398 4485 δύο
2432 4428 2602 4501 λέξεις
2657 4429 2981 4501 ἐκληπτέον,
3039 4431 3131 4487 καὶ
3191 4433 3291 4501 τὴν
3349 4428 3698 4509 ἔπαγομένην
3729 4439 3821 4500 τῆς

411 4523 586 4579 brum
617 4524 977 4596 accipiendae
1006 4529 1165 4591 sunt,
1192 4530 1250 4579 et
1271 4523 1574 4579 reddenda
1607 4531 1698 4579 est
1727 4523 2064 4595 subjunctio

2177 4520 2443 4594 προτέρας
2500 4519 2635 4594 πρὸς
2695 4519 2869 4575 αἰτίαν
2952 4515 3270 4589 ἀποδοτέον,
3333 4502 3720 4591 ὑποστίζοντας
3774 4519 3820 4573 ἐν

412 4613 630 4681 prioris
690 4614 765 4669 ad
823 4630 1085 4681 causam,
1147 4612 1683 4686 subdistinguendo
1716 4613 1790 4669 ad
1822 4614 2066 4669 verbum

412 4722 439 4749 ‹‹
476 4701 771 4757 Gloriatus
800 4702 903 4757 fui.
944 4724 971 4753 »
1002 4705 1114 4757 Aut
1145 4702 1303 4774 quod
1355 4703 1503 4758 mihi
1548 4719 1691 4758 sane
1722 4702 1972 4773 videtur,
2006 4709 2072 4759 ut

409 4789 727 4860 legendum
754 4792 830 4845 sit
852 4792 1271 4864 distinguendo
1299 4792 1562 4864 perfecta
1581 4791 1988 4861 distinctione,
2011 4799 2071 4848 et

405 4884 659 4950 utraque
693 4879 872 4935 dictio
916 4898 1088 4937 suum
1139 4881 1446 4953 proprium
1479 4882 1800 4936 constituat
1828 4881 2067 4937 intelle-

404 4972 565 5024 ctum
588 4986 601 5023 :
627 4968 963 5041 poteritque
984 4971 1296 5042 utriusque
1320 4971 1597 5026 dictionis
1618 4970 1916 5043 perfectus
1938 4988 2067 5027 esse

404 5059 751 5132 hujusmodi
805 5076 1036 5115 sensus.
1090 5081 1119 5109 ‹‹
1154 5059 1448 5116 Gloriatus
1479 5060 1588 5127 fui,
1622 5083 1650 5110 ››
1683 5060 1900 5131 inquit,
1954 5060 2066 5116 hoc

404 5154 512 5219 est,
542 5158 699 5207 recte
731 5156 789 5205 et
819 5150 1243 5205 convenienter
1270 5150 1558 5223 gloriatus
1589 5149 1838 5207 fueram.
1879 5174 1898 5199 ι
1938 5150 2068 5205 Glo-

400 5239 589 5295 riatus
619 5239 703 5295 fui
729 5257 743 5308 ;
776 5261 805 5289 ››
836 5239 1157 5311 perfectam
1195 5244 1404 5294 nactus
1460 5256 1591 5295 sum
1623 5239 2060 5311 gloriationem.

399 5330 642 5401 Deinde,
700 5353 727 5380 ‹‹
758 5332 885 5386 Νοη
944 5346 1075 5385 sum
1135 5329 1507 5401 pudefactus,
1541 5352 1570 5381 »
1603 5346 1724 5385 non
1786 5346 1918 5385 sum
1960 5345 2063 5401 spe

395 5418 739 5489 frustratus,
773 5438 892 5475 non
914 5418 1126 5475 erubui
1159 5418 1316 5491 quod
1348 5419 1490 5475 talia
1522 5418 1902 5491 speraverim.
1928 5419 2064 5475 Haac

401 5511 603 5564 autem
636 5509 866 5579 dicens,
921 5514 979 5564 et
1034 5524 1141 5581 per
1197 5509 1447 5582 ﬁguram
1506 5509 1837 5566 dictionum
1870 5514 1929 5565 et
1954 5523 2065 5581 per

405 5610 612 5654 earum
646 5598 1044 5670 prolationem
1067 5598 1349 5671 gaudium
1372 5598 1813 5668 manifestabat,
1838 5602 1897 5655 et
1917 5614 2062 5654 con-

2179 4613 2278 4681 τῷ,
2314 4632 2337 4664 ιι
2370 4609 2750 4685 Κεκαύχημαιο
2784 4633 2812 4661 ιδ
2877 4605 2936 4679 ἤ,
2996 4608 3129 4684 ὅπερ
3184 4606 3379 4685 ἔμοιγε
3406 4607 3580 4683 δοκεῖ,
3617 4608 3818 4683 μᾶλλον

2179 4701 2431 4775 ἑκατέραν
2493 4698 2634 4769 λέξιν
2689 4699 2764 4762 ὡς
2812 4697 2958 4755 ἴδιον
3018 4702 3201 4774 νόημα
3270 4705 3642 4776 παριστῶσαν,
3696 4697 3811 4755 κατά

2175 4787 2388 4844 τελείαν
2448 4790 2684 4864 στιγμήν
2741 4793 3021 4859 στιζοντας
3103 4789 3500 4867 ἀναγνωστέον.
3572 4790 3675 4847 Καὶ
3736 4785 3809 4856 εἴη

2179 4877 2237 4933 ἂν
2269 4879 2521 4955 ἑκατέρας
2576 4876 2773 4950 λέξεως
2826 4880 2854 4933 ὁ
2911 4881 3035 4940 νοῦς
3094 4879 3501 4954 ἆπηρτισμένος
3559 4883 3814 4939 τοιοῦτος’

2183 4992 2204 5022 ε
2241 4966 2623 5043 Κεκαύχημαι,
2658 4968 2897 5044 »φησὶν,
2953 4968 3072 5022 οἷον
3132 4967 3319 5031 καλῶς
3371 4968 3465 5023 καὶ
3519 4969 3817 5045 πρεπόντως

2176 5055 2596 5135 ἐκαυχησάμην.
2660 5078 2688 5108 ι(
2722 5054 3106 5131 Κεκαῦχημαι.
3144 5080 3173 5108 ιι
3231 5057 3403 5129 Εὗρον
3462 5058 3562 5127 τὴν
3612 5057 3813 5133 καύχη-

2176 5167 2257 5201 σιν
2279 5145 2692 5218 τετελεσμένην.
2754 5145 2907 5217 Εἶτα,
2948 5170 2977 5197 κ
3038 5144 3114 5203 Οὐ
3170 5147 3571 5222 κατῃσχύνθην
3632 5172 3661 5200 κ
3712 5145 3815 5200 Οὐκ

2172 5233 2437 5309 ἐψεύσθην
2489 5240 2591 5303 τῆς
2647 5231 2893 5303 ἐλπίδος,
2954 5232 3053 5289 οὐκ
3107 5232 3389 5309 ᾐσχύνθην
3420 5232 3502 5307 ἐφ’
3542 5237 3630 5298 οἷς
3654 5253 3814 5310 προσ-

2172 5321 2407 5394 εδόκησα
2461 5326 2705 5378 τοιαῦτα.
2765 5325 2947 5380 Ταῦτα
3030 5319 3089 5378 δὲ
3169 5322 3356 5393 εἰπὼν,
3434 5323 3523 5379 καὶ
3580 5321 3671 5380 διά
3718 5325 3808 5378 τοῦ

2170 5416 2344 5470 τύπου
2398 5413 2507 5468 τῶν
2549 5410 2742 5483 λέξεων
2803 5411 2893 5467 καὶ
2966 5417 3066 5482 τῆς
3126 5418 3410 5488 προφορᾶς
3462 5413 3659 5481 αὐτῶν,
3713 5412 3802 5481 τήν

2172 5504 2349 5581 χαρὰν
2382 5499 2603 5574 ἐδήλου,
2636 5501 2727 5558 καὶ
2758 5503 2858 5572 τὴν
2908 5499 3257 5577 παράκλησιν
3306 5500 3373 5573 ἤν
3426 5503 3597 5584 εἶχεν.
3629 5502 3803 5562 Οὕτως

2168 5594 2238 5664 ἦν
2273 5590 2499 5657 δυνατὸς
2545 5589 2764 5669 ἐναργὲς
2822 5587 2912 5646 διὰ
2966 5594 3076 5648 τῶν
3134 5588 3322 5668 λόγων
3380 5598 3714 5668 παραστῆσαι
3747 5588 3801 5644 τὸ

3659 497 3816 552 αὐτῶν
3884 514 3891 525 ‘
