4048 6250
196 352 360 414 1005

1165 349 1578 412 ΟΟΜΜΕΝΤ.
1627 349 1716 408 ΙΝ
1768 344 2004 409 EPIST.
2050 347 2102 408 ll
2146 347 2250 407 AD
2309 347 2678 410 CORINTH.

3461 348 3622 409 1006

200 485 495 562 βούλημα.
564 487 696 542 Εἶτα
753 485 842 539 καὶ
895 487 1058 556 ἡμῶν
1115 486 1149 552 ἡ
1211 481 1299 537 ἐπὶ
1358 482 1587 550 Τίτουῆ
1639 485 1674 551 ἡ
1733 480 1856 555 περῖ

1976 483 2325 539 solationem
2356 501 2532 556 quam
2552 483 2834 541 habebat:
2855 500 3044 555 usque
3075 483 3222 540 adeo
3251 489 3484 555 poterat
3503 484 3630 540 efﬂ.

193 576 373 634 Τίτου
438 573 715 648 καύχησις
811 572 947 646 πρὸς
1044 573 1182 644 ὑμᾶς
1250 569 1607 646 γεγενημένη.
1677 572 1857 626 Τοῦτο

190 668 316 743 γὰρ·
358 667 420 721 τὸ
476 664 899 742 προηγούμενον
959 661 1109 718 δοκεῖ
1165 662 1500 740 ὑποφαίνειν,
1541 661 1604 716 τὸ
1637 682 1661 714 ι
1700 657 1856 716 Ἀλλ’

198 767 277 828 ὡς
335 765 511 820 πάντα
561 763 611 819 ἐν
663 764 894 835 duman
947 759 1316 834 ἐλαλήσαμεν.
1379 785 1406 811 ››
1466 761 1569 816 Καὶ
1625 759 1727 834 γὰρ
1785 759 1858 820 ὡς

197 857 398 922 πάντα,
459 855 652 932 φησὶν,
711 852 883 913 οὓτως
938 851 1028 907 καὶ
1085 851 1207 926 περῖ
1276 851 1460 906 Τίτου.
1496 851 1566 905 ’Ή
1619 847 1856 920 μᾶλλον,

197 942 290 1004 Ὠς
341 942 429 996 καὶ
483 944 619 1014 ἡμῖν
676 937 938 995 συνδοκεῖ.
1000 962 1026 990 ιι
1062 940 1123 993 Ἣ
1175 939 1444 1013 καύχησις
1476 939 1633 1007 ἡμῶν
1667 937 1701 1004 ἡ
1738 936 1857 1010 περὶ

205 1030 360 1102 ὑμῶν
430 1031 465 1097 ἡ
526 1027 613 1082 ἐπὶ
684 1027 872 1084 Τίτου.
942 1049 969 1077 n
1036 1028 1332 1095 τουτέστιν,
1401 1024 1630 1079 ἐνώπιον
1693 1023 1856 1079 Τίτου

203 1117 572 1194 γεγενημένη.
669 1120 869 1172 Τεῢτον
938 1116 1042 1190 γὰρ
1143 1115 1234 1169 τὸν
1325 1119 1448 1168 νοῦν
1513 1115 1730 1167 ἀπαιτεῖ
1794 1113 1859 1167 τὰ

203 1207 597 1282 προειρημένα.
664 1229 692 1257 ‹‹
750 1203 1146 1260 Ἀναπέπαυται
1199 1204 1262 1257 τὸ
1321 1205 1532 1273 πνεῦμα
1589 1201 1773 1256 αὐτοῦ.
1830 1222 1855 1253 ι

200 1332 272 1340 ——
302 1323 330 1349 ι(
368 1297 749 1370 Κεκαύχημαι,
795 1320 822 1346 ››
850 1328 918 1338 —
942 1319 969 1347 «
1004 1295 1079 1352 Οὐ
1128 1292 1538 1371 κατῃσχύνθην.
1575 1314 1602 1342 »
1651 1291 1728 1348 Τὸ
1777 1289 1854 1359 δὲ,

197 1412 226 1437 ‹‹
261 1385 424 1443 Ἀλλ’
455 1386 530 1447 ὠς
561 1387 728 1441 πάντα
759 1384 811 1439 ἐν
845 1384 1091 1455 ἀληθείᾳ,
1146 1408 1173 1434 ››
1234 1383 1332 1437 οὐκ
1390 1381 1854 1451 ἐναντιωθήσεται.

200 1489 408 1561 ’Ὠσπερ
436 1485 559 1562 γὰρ,
595 1484 778 1559 φησὶν,
812 1484 939 1556 ὑμῖν
996 1478 1027 1535 ἆ
1082 1483 1233 1536 εἶπον
1290 1481 1344 1535 ἐν
1404 1478 1638 1551 ἀληθείᾳ
1678 1480 1854 1548 εἶπον,

201 1576 348 1631 οὕτω
406 1575 493 1629 καὶ
551 1575 585 1628 ἃ
643 1574 794 1628 εἶπον
846 1574 996 1644 Τίτῳ
1052 1571 1173 1645 περὶ
1224 1571 1394 1643 ὑμῶν,
1460 1569 1537 1631 εἰς
1594 1567 1856 1638 ἀλήθειαν

200 1661 406 1734 ἀπέϐη.
469 1665 568 1718 Καὶ
624 1668 881 1718 τοσοῦτον
949 1659 1105 1716 οὐδὲν
1162 1663 1235 1714 ὧν
1300 1662 1451 1714 εἶπον
1530 1659 1675 1730 αύτῷ
1732 1660 1854 1732 περὶ

201 1757 357 1828 ὑμῶν
437 1752 754 1827 διαψευσθῖεν
829 1749 988 1823 εἶδεν,
1067 1752 1147 1805 ὅτι
1226 1752 1312 1804 καὶ
1416 1751 1482 1804 τὰ
1568 1747 1856 1823 σπλάγχνα

1971 574 2188 629 caciter
2217 576 2594 630 sermonibus
2624 575 3008 631 manifestum
3038 575 3231 630 facere
3256 575 3412 645 quod
3441 575 3624 630 habe-

1969 662 2069 716 bat
2099 663 2159 716 in
2191 664 2412 719 animo.
2445 664 2670 720 Deinde
2704 671 2907 719 nostra
2952 680 3186 734 quoque
3242 663 3491 736 gloratio
3523 680 3628 735 pro

1968 751 2092 806 Tito
2119 753 2215 806 vel
2238 753 2308 807 de
2339 755 2464 808 Tito
2491 754 2647 809 facta
2678 754 2751 808 ad
2799 771 2917 808 vos.
2952 755 3098 807 Nam
3130 752 3289 823 quod
3346 752 3628 824 praecedit

1969 840 2200 895 videtur
2228 843 2338 896 hoc
2372 842 3022 910 ostendere,videlicet:
3051 867 3078 893 υ
3112 843 3221 897 Sed
3244 843 3396 896 sicut
3427 843 3630 897 omnia

1975 929 2037 982 in
2069 930 2310 985 veritate
2343 931 2522 986 locuti
2582 949 2806 986 sumus.
2847 957 2867 980 ι
2937 932 3166 985 Etenim
3224 931 3376 986 sicut
3429 932 3629 986 omnia

1969 1021 2181 1090 inquit,
2203 1022 2286 1076 ita
2316 1028 2374 1076 et
2404 1022 2476 1076 de
2507 1024 2775 1077 Tito.Aut
2804 1023 2990 1094 magis
3022 1023 3174 1077 sicut
3199 1030 3259 1076 et
3287 1021 3460 1076 nobis
3491 1021 3622 1092 pla-

1965 1116 2076 1165 cet.
2115 1132 2143 1160 «
2176 1111 2468 1166 Gloriatio
2494 1117 2698 1167 nostra
2725 1112 2795 1166 de
2826 1112 2992 1166 vobis
3022 1111 3179 1182 apud
3204 1112 3419 1177 Titum,
3457 1135 3476 1160 ιι
3517 1111 3630 1166 hoc

1975 1205 2086 1266 est,
2121 1216 2318 1255 coram
2350 1201 2473 1255 Tito
2505 1201 2677 1267 facta,
2712 1203 2869 1256 hunc
2901 1202 3060 1257 enim
3083 1218 3323 1257 sensum
3347 1205 3631 1272 expetunt

1971 1303 2040 1342 ea
2071 1305 2203 1359 quae
2236 1290 2399 1360 prius
2433 1289 2590 1346 dicta
2621 1297 2778 1356 sunt,
2804 1307 3041 1363 nempe,
3081 1311 3106 1343 ιι
3133 1290 3517 1345 Refocillatus
3540 1294 3631 1345 est

1971 1377 2216 1447 spiritus
2247 1379 2469 1449 ejus,...
2532 1381 2827 1435 Gloriatus
2858 1379 3035 1446 fui,...
3086 1382 3214 1434 Non
3265 1396 3395 1435 sum
3446 1379 3626 1451 pude-

1965 1464 2178 1522 factus.
2209 1488 2236 1516 »
2269 1468 2434 1532 Quod
2464 1477 2660 1524 autem
2694 1470 2797 1537 ait,
2843 1491 2871 1519 ‹‹
2907 1469 3018 1524 Sed
3079 1469 3233 1524 sicut
3289 1470 3494 1525 omnia
3549 1469 3614 1526 in

1967 1556 2232 1621 veritate,
2262 1579 2289 1606 »
2322 1574 2441 1612 non
2473 1557 2900 1613 adversabitur.
2926 1559 3067 1613 Nam
3097 1557 3624 1629 quemadmodum,

1968 1643 2185 1714 inquit,
2220 1664 2285 1700 ea
2321 1664 2451 1716 quas
2483 1647 2646 1702 vobis
2677 1647 2797 1702 dixi
2832 1647 2903 1701 de
2934 1648 3079 1714 Tito,
3115 1648 3176 1701 in
3210 1648 3449 1702 veritate
3481 1645 3624 1715 dixi,

1969 1732 2048 1786 ita
2081 1739 2137 1786 et
2169 1751 2300 1804 quae
2333 1736 2456 1789 Tito
2485 1734 2602 1789 dixi
2635 1735 2707 1790 de
2758 1735 2944 1800 vobis,
2979 1737 3040 1791 in
3073 1735 3312 1791 veritate
3363 1736 3624 1808 contige-

202 1845 369 1900 αύτοῦ
397 1841 794 1920 περισσοτέρως
823 1847 933 1896 τῶν
988 1839 1198 1909 ἄλλων,
1260 1841 1375 1894 ἀντὶ
1430 1843 1526 1894 τοῦ
1556 1839 1720 1894 πλὲον
1750 1844 1859 1894 τῶν

1976 1825 2109 1874 runt
2140 1839 2152 1875 :
2181 1827 2239 1876 et
2268 1822 2414 1877 adeo
2447 1824 2597 1877 nihil
2644 1841 2848 1879 eorum
2906 1842 3037 1895 quae
3087 1826 3196 1896 ipsi
3231 1825 3494 1880 dixeram
3553 1824 3625 1880 de

204 1934 414 2007 ἄλλων,
471 1933 594 2008 περῖ
656 1933 796 2006 ὑμᾶς
851 1931 983 2003 ἐστι,
1042 1931 1130 1987 καὶ
1183 1930 1327 2000 ἑξῆς.
1380 1928 1539 1986 Ἀλλ’
1579 1931 1652 1990 ὡς
1684 1930 1858 1984 πάντα

207 2035 259 2089 ἐν
294 2035 543 2106 ἀληθείᾳ.
589 2032 781 2088 Πολλὰ
839 2033 966 2105 περὶ
1021 2033 1184 2086 Τίτου
1239 2033 1450 2108 γράψας
1510 2031 1600 2100 ἦν,
1659 2030 1746 2084 καὶ
1781 2029 1856 2091 ὡς

207 2124 260 2180 ἐν
291 2121 589 2199 παρεξόδῳ,
647 2123 736 2177 καὶ
783 2123 848 2176 τὰ
906 2123 1028 2197 περὶ
1083 2121 1248 2176 αὐτοῦ
1307 2119 1566 2195 εἴρημὲνα
1620 2115 1854 2192 βεϐαιοῖ.

200 2225 401 2297 ’Ὠσπερ
460 2223 587 2298 γὰρ,
671 2222 860 2297 φησῖν,
919 2219 1096 2274 ἐκεῖνα
1157 2219 1364 2291 ἀληθῆ,
1419 2221 1592 2281 οὓτως
1647 2220 1738 2274 καὶ
1793 2221 1860 2274 τὰ

197 2312 326 2387 περὶ
361 2313 513 2386 ὑμῶν
543 2310 946 2384 κεκαυχημένα.
983 2334 1011 2361 ‹‹
1045 2310 1140 2363 Καὶ
1174 2310 1242 2363 τὰ
1289 2307 1575 2386 σπλάγχνα
1606 2308 1791 2362 αὐτοῦ.
1830 2331 1858 2359 ››

200 2404 400 2471 Οἴονή
451 2399 706 2462 διάθεσις.
770 2404 942 2456 Τοῦτο
1001 2397 1056 2453 δὲ
1112 2400 1274 2456 Τίτον
1334 2398 1444 2453 ἐστὶ
1503 2402 1857 2460 συνιστῶντος

199 2493 410 2555 αὐτοῖς.
445 2492 538 2546 Διὸ
596 2489 884 2568 σπλάγχνα
939 2492 1028 2544 καὶ
1087 2488 1187 2543 οὐκ
1240 2489 1456 2563 ἀγάπην
1528 2487 1732 2563 εἶ’ρηκε.
1786 2490 1855 2543 Τὸ

200 2584 307 2658 γὰρ
340 2579 680 2656 σπλάγχνον,
734 2579 900 2635 πλέον
955 2600 1006 2633 τι
1067 2576 1252 2650 δηλοῖ.
1318 2603 1344 2630 ‹‹
1407 2580 1856 2652 Ἀναμιμνησκοο

211 2671 374 2745 μένου
424 2671 522 2739 τὴν
576 2669 786 2726 πάντων
849 2668 1001 2742 ὑμῶν
1063 2668 1326 2739 ὑπακοήν.
1389 2693 1415 2719 ››
1477 2671 1610 2725 Εἶτα
1652 2665 1747 2723 τίνα
1781 2670 1856 2740 μή

212 2758 349 2835 δόξῃ
405 2758 685 2822 κολακείας
745 2759 880 2814 εἶναι
932 2758 999 2812 τά
1076 2756 1317 2831 ῥήματα,
1371 2758 1460 2812 καὶ
1517 2762 1616 2827 τήν
1681 2756 1858 2812 αἰτίαν

214 2865 318 2928 τῆς
379 2853 658 2920 διαθέσεως
735 2858 945 2927 τίθησι,
1024 2854 1237 2928 μᾶλλον
1296 2854 1489 2916 αὐτοὺς
1548 2853 1608 2909 ἐκ
1663 2855 1860 2911 τούτου

209 2947 670 3022 προτρεπόμενος.
723 2948 896 3002 Τοῦτο
957 2942 1013 2999 ’δὲ
1069 2944 1157 2999 καὶ
1214 2945 1305 3000 τὸν
1367 2944 1527 3002 Τίτον
1587 2944 1859 3017 σεμνύνει,

205 3037 285 3099 ὡς
342 3037 424 3092 ἀεὶ
483 3034 797 3112 Κορινθίους
856 3034 1055 3110 ἔχοντα
1107 3035 1244 3088 κατὰ
1292 3031 1555 3102 διάνοιαν,
1616 3034 1705 3088 καὶ
1763 3033 1861 3088 αύ-

203 3124 357 3197 τοὺς,
393 3124 477 3181 ὅτι
511 3125 738 3202 ἴσχυσαν
764 3124 935 3187 οὕτως
959 3123 1100 3178 ἑλεῖν
1126 3125 1216 3179 τὸν
1239 3124 1422 3181 Τίτον.
1457 3149 1483 3177 ‹‹
1515 3127 1665 3180 Μετα
1688 3119 1860 3198 φόϐου

199 3217 291 3272 καὶ
348 3217 561 3291 τρόμου
620 3213 864 3288 ἐδέξασθε
921 3215 1104 3271 αὐτόν.
1146 3241 1165 3264 ο
1226 3215 1361 3271 Εἶτα
1415 3213 1655 3268 ἐπίτασιν
1713 3213 1854 3288 λέγει
1891 3205 1932 3271 C

199 3312 303 3374 τῆς
332 3305 602 3373 ὑπακοῆς,
637 3304 721 3359 ὅτι
771 3303 837 3356 ού
901 3304 1064 3376 μόνον
1122 3304 1187 3373 ἦν
1250 3303 1488 3372 ὑπακοὴ,
1518 3301 1662 3357 ἀλλὰ
1694 3298 1863 3380 φόϐος

199 3394 294 3450 καὶ
369 3394 598 3468 τρόμος,
681 3397 756 3468 μὴ
834 3391 886 3448 ἔν
963 3415 1068 3447 τινι
1171 3391 1334 3448 πάλον
1423 3393 1863 3468 προσκρούσωσι,

201 3484 444 3559 καθάπερ
477 3483 587 3554 ἤδη
641 3482 727 3538 ἐπὶ
778 3485 873 3537 τοῦ
920 3481 1369 3558 πεπορνευκότος.
1410 3507 1436 3533 ‹‹
1468 3484 1592 3539 ’Ὀτι
1623 3481 1673 3536 ἐν
1707 3483 1863 3538 παντὶ

207 3583 396 3660 caesa;
448 3586 503 3637 ἒν
561 3584 712 3656 ύμῖν,
779 3606 807 3634 ››
863 3584 967 3638 Κᾶν
1025 3581 1322 3651 ἐπιπλῆξαι
1381 3579 1498 3656 δὲῃ,
1551 3582 1612 3637 ού
1647 3579 1864 3637 δέδοικα

209 3674 294 3745 μή
351 3670 724 3747 ἀποῤῥαγῆτε.
785 3668 895 3726 Κᾶν
958 3671 1088 3744 ὑπὲρ
1150 3671 1305 3744 ὑμῶν
1361 3671 1766 3748 καυχήσασθαι,
1800 3671 1862 3726 ού

206 3759 430 3816 δέδοικα
487 3763 560 3834 μὴ
621 3760 858 3834 ψεύστης
932 3761 1104 3838 ὀφθῶ.
1164 3764 1332 3814 Τοῦτο
1395 3757 1452 3814 δὲ
1511 3758 1712 3835 λέγων,
1771 3762 1862 3815 καὶ

211 3851 309 3907 τὸν
406 3852 529 3927 περὶ
632 3849 1009 3924 ἐλεημοσύνης
1110 3851 1597 3924 προκατασκευάζει
1676 3850 1861 3928 λόγον.

215 3966 247 3993 ‹‹
282 3942 369 3997 Ἐν
423 3940 582 3995 παντὶ
646 3939 828 4016 θαῤῥῶ
881 3939 933 3994 ἐν
984 3939 1130 4013 ὑμῖν.
1181 3964 1209 3991 ››
1269 3941 1371 3994 Κᾶν
1423 3939 1650 3996 ἐνώπιον
1703 3941 1861 3998 Τίτου

209 4041 308 4116 δὲῃ
368 4042 772 4120 καυχήσασθαι,
831 4039 926 4095 κᾶν
1005 4038 1233 4095 ἐνώπιον
1293 4039 1470 4096 ἄλλου
1529 4040 1860 4101 οὑτινοσοῦν.

206 4133 284 4186 Ἥ
343 4130 394 4185 ἐν
447 4131 606 4185 παντὶ
665 4131 962 4204 πράγματι.
1025 4130 1128 4183 Κᾶν
1202 4128 1522 4202 ἐπιτιμῆσαι
1578 4131 1667 4185 καὶ
1727 4133 1861 4187 ἀπο-

207 4227 515 4297 στραφῆναι
575 4219 666 4291 δίῃ
723 4219 814 4274 τὸν
868 4218 1294 4294 πεπορνευκότα,
1353 4219 1451 4274 κᾶν
1521 4215 1856 4295 προσλαϐεῖν

203 4309 302 4364 καὶ
359 4306 782 4370 ἀνακαλέσασθαί
846 4307 1233 4380 μετάειοοῦντα,
1293 4307 1388 4361 κᾶν
1451 4305 1593 4363 ἄλλο
1647 4297 1701 4363 ’τι
1748 4311 1858 4384 χρὴ

205 4396 473 4475 γενέσθαι,
508 4396 560 4451 ἐν
593 4397 755 4451 παντὶ
787 4397 970 4472 θαῤῥῶ
1003 4395 1054 4450 ἐν
1081 4395 1231 4468 ύμῖν.

1968 1909 2372 1978 vobis,falsum
2409 1929 2536 1967 esse
2568 1914 2859 1984 cognovit,
2877 1918 2943 1967 ut
2971 1913 3150 1968 etiam
3180 1914 3406 1968 viscera
3435 1913 3622 1984 ipsius

1966 1999 2370 2056 abundantius
2403 2018 2580 2072 quam
2613 2002 2737 2069 alii,
2771 2003 2887 2056 sive
2936 2002 3071 2073 plus
3129 2018 3307 2072 quam
3366 2001 3621 2057 aliorum

1965 2088 2352 2162 viscera,erga
2382 2107 2482 2145 vos
2514 2091 2724 2146 affecta
2755 2091 2894 2158 sint,
2928 2097 3038 2146 etc.
3072 2090 3184 2145 Sed
3210 2096 3275 2145 ut
3305 2091 3508 2146 omnia
3557 2091 3620 2145 in

1967 2178 2228 2234 veritate.
2262 2179 2440 2235 Multa
2467 2179 2538 2234 de
2568 2180 2692 2235 Tito
2723 2181 3126 2252 scripserat,et
3154 2198 3312 2236 nunc
3335 2183 3619 2251 tanquam

1968 2266 2028 2321 in
2055 2270 2607 2335 transcursu,etiam
2629 2287 2760 2339 quae
2793 2270 2865 2324 de
2897 2271 3024 2340 ipso
3061 2270 3219 2324 dicta
3249 2276 3419 2325 erant
3471 2285 3614 2324 con-

1969 2357 2185 2411 ﬁrmat.
2221 2359 2374 2412 656
2407 2359 2918 2422 Quemadmodum
2951 2360 3110 2414 enim
3142 2359 3486 2429 illa,inquit,
3520 2375 3622 2413 ve-

1967 2464 2033 2501 ra
2063 2453 2250 2513 erant,
2278 2448 2359 2502 ita
2389 2454 2448 2502 et
2477 2465 2607 2518 quas
2639 2449 2710 2503 de
2741 2448 2905 2502 vobis
2935 2449 3168 2520 gloriati
3202 2465 3430 2502 sumus.
3468 2471 3488 2496 ι
3551 2448 3621 2502 Et

1967 2535 2192 2590 viscera
2222 2536 2429 2607 ipsius.
2464 2558 2492 2585 »
2527 2537 2644 2591 Hoc
2677 2541 2785 2604 est,
2835 2537 3103 2591 affectus.
3155 2535 3220 2590 Id
3278 2541 3476 2590 autem
3529 2539 3622 2590 est

1969 2625 2445 2681 commendantis
2480 2627 2602 2682 illis
2633 2627 2849 2691 Titum,
2899 2631 3184 2697 tanquam
3245 2625 3630 2680 vehementer

1968 2716 2278 2771 ardentem
2311 2716 2550 2771 illorum
2584 2716 3064 2787 amore,illisque
3096 2715 3455 2770 devinctum.
3489 2713 3626 2770 Ideo

1967 2806 2192 2860 viscera
2221 2806 2456 2861 dixit.et
2487 2823 2606 2861 non
2638 2822 2924 2862 amorem.
2959 2805 3145 2860 Dictio
3179 2820 3461 2876 namque,
3532 2802 3630 2856 Vi-

1977 2911 2163 2960 scera,
2187 2895 2321 2964 plus
2339 2894 2563 2965 aliquid
2580 2895 2868 2966 designat.
2896 2917 2923 2943 «
2949 2895 3098 2948 Dum
3119 2893 3326 2949 recolit
3355 2892 3624 2947 omnium

1969 2990 2226 3038 vestrum
2247 2983 2937 3039 obedientiam.»Deinde
2952 2999 3025 3037 ne
3039 2983 3464 3038 assentationis
3494 2996 3624 3036 esse

1969 3072 2146 3127 verba
2176 3073 2506 3140 videantur,
2540 3089 2778 3127 causam
2811 3073 2985 3127 etiam
3012 3072 3180 3143 ponit
3235 3071 3502 3128 affectus.
3548 3085 3624 3126 ex

1970 3161 2081 3216 hoc
2105 3161 2289 3232 magis
2339 3162 2498 3232 ipsos
2557 3163 2896 3216 exhortans.
2935 3163 3050 3216 Hoc
3079 3166 3281 3216 autem
3314 3166 3372 3214 et
3425 3160 3620 3214 Titum

1975 3251 2274 3314 honestat,
2303 3257 2368 3304 ut
2397 3251 2497 3320 qui
2531 3266 2764 3322 semper
2794 3252 2954 3321 ipsos
2999 3250 3060 3305 in
3095 3257 3292 3305 mente
3323 3249 3572 3304 haberet
3603 3263 3620 3305 :

1982 3345 2040 3394 et
2068 3339 2356 3410 ipsos,qui
2389 3340 2471 3394 ita
2509 3345 2831 3410 potuerunt
2859 3339 3154 3394 attrahere
3185 3338 3624 3402 Titum.Quem-

1979 3428 2298 3484 admodum
2345 3445 2478 3483 cum
2528 3429 2738 3483 timore
2799 3434 2858 3483 et
2931 3433 3188 3482 tremore
3263 3426 3626 3498 exceperetis

1975 3517 2190 3589 ipsum.
2226 3517 2449 3572 Deinde
2481 3517 2880 3572 intensionem
2913 3533 3148 3589 quoque
3180 3515 3324 3571 dicit
3352 3515 3629 3571 obedien-

1976 3607 2295 3678 tim,neque
2327 3606 2487 3662 enim
2520 3607 2648 3661 sola
2677 3607 3016 3662 obedientia
3047 3610 3194 3672 erat,
3228 3604 3332 3660 sed
3365 3610 3422 3660 et
3453 3605 3630 3660 timor

1975 3700 2034 3750 et
2063 3700 2410 3762 tremor,'ne
2440 3711 2677 3750 rursum
2711 3695 2771 3749 in
2802 3694 3004 3764 aliquo
3055 3693 3444 3759 offenderent,
3480 3694 3635 3747 sicut

1967 3783 2093 3854 jam
2117 3784 2178 3837 in
2211 3800 2278 3837 eo
2307 3783 2406 3853 qui
2440 3789 2732 3838 scortatus
2761 3783 2972 3838 fuerat.
3005 3803 3032 3830 ς.
3067 3781 3232 3844 Quod
3261 3780 3322 3835 in
3353 3779 3630 3834 omnibus

1975 3872 2253 3926 ﬁduciam
2287 3871 2536 3925 habeam
2569 3871 2630 3924 in
2671 3870 2853 3924 vobis.
2883 3892 2910 3919 »
2947 3869 3075 3925 Sive
3105 3869 3418 3940 objurgare
3448 3884 3627 3939 opor-

1975 3966 2241 4028 teat,non
2272 3975 2475 4013 vereor
2505 3975 2579 4013 ne
2608 3958 2965 4030 frangamini
2993 3976 3007 4024 ;
3034 3957 3153 4012 sive
3186 3956 3256 4011 de
3287 3956 3451 4011 vobis
3500 3957 3631 4029 glo-

1973 4049 2133 4113 riari,
2159 4065 2278 4103 non
2310 4049 2488 4104 timeo
2512 4065 2586 4103 ne
2618 4047 2873 4102 mendax
2897 4063 3216 4118 appaream
3238 4046 3265 4100 ?
3293 4047 3411 4102 Hoc
3428 4051 3628 4102 autem

1974 4138 2198 4204 dicens,
2222 4137 2376 4193 viam
2438 4137 2738 4208 praestruit
2794 4137 3053 4191 sermoni
3088 4137 3160 4192 de
3223 4137 3627 4207 eleemosyna.

1976 4249 2000 4280 ιι
2035 4231 2101 4284 In
2131 4227 2407 4282 omnibus
2476 4226 2692 4281 ﬁducia
2722 4225 2909 4281 habeo
2939 4225 2998 4279 in
3040 4225 3222 4280 vobis.
3268 4248 3297 4275 »
3329 4226 3416 4280 Ἐν
3472 4244 3629 4278 παντι

1973 4317 2032 4372 id
2065 4335 2148 4385 es,
2181 4319 2240 4371 in
2265 4317 2432 4382 omni,
2467 4317 2579 4370 hoc
2611 4320 2718 4384 est,
2762 4316 2880 4370 sive
2912 4331 3111 4371 coram
3159 4314 3283 4369 Tito
3343 4331 3490 4385 opus
3553 4313 3630 4368 sit

1977 4405 2214 4478 gloriari
2248 4421 2260 4460 :
2297 4405 2415 4459 sive
2449 4421 2647 4460 coram
2675 4403 2878 4474 quovis
2909 4403 3027 4460 alio
3062 4419 3074 4456 :
3108 4407 3210 4457 aut
3258 4402 3320 4456 in
3349 4402 3511 4456 omni
3543 4416 3629 4472 re,

211 4490 336 4546 sive
367 4489 430 4544 in
460 4488 734 4543 omnibus
759 4488 877 4543 sive
909 4487 1221 4558 objurgare
1251 4492 1308 4542 et
1335 4490 1591 4544 aversari
1623 4498 1890 4562 oporteat
1923 4501 2331 4565 scortatorem,
2365 4495 2484 4548 sive
2517 4494 2818 4564 suscipere
2851 4499 2910 4548 et
2965 4508 3238 4547 revocare
3267 4491 3625 4562 resipiscen-

211 4585 358 4646 tem,
392 4577 516 4634 sive
547 4577 690 4648 quid
720 4576 794 4632 ad
823 4575 987 4631 aliud
1019 4576 1143 4631 fieri
1176 4581 1466 4648 oporteat,
1503 4579 1564 4634 in
1597 4581 1872 4638 omnibus
1899 4584 2135 4640 conﬁdo
2169 4585 2230 4638 in
2259 4582 2443 4639 vobis.

856 4693 1109 4747 ΚΕΦΑΔ.
1145 4692 1220 4749 Θ’.

208 4783 510 4858 Προτροπή
543 4781 680 4864 πρὸς
738 4779 984 4864 ἐπίδοσιν
1041 4781 1349 4864 χρημάτων
1398 4788 1516 4864 τοῖς
1548 4785 1742 4860 ἁγίοις,
1776 4789 1861 4843 καὶ

535 4851 702 4926 τιμὴν
728 4857 838 4907 τῶν
879 4851 968 4908 διὰ
995 4851 1175 4908 τούτο
1203 4852 1541 4931 ἐρχομένων.

285 5015 626 5090 Γνωρίζομεν
699 5012 756 5069 δὲ
833 5015 984 5088 ὑμῖν,
1067 5013 1321 5093 ἀδελφοὶ,
1395 5019 1494 5085 τὴν
1550 5020 1713 5092 χάριν
1771 5023 1868 5074 τοῦ

209 5108 374 5175 Θεοῦ,
431 5105 530 5171 τὴν
594 5101 894 5176 δεδομένην
994 5103 1045 5158 ἐν
1131 5109 1250 5166 ταῖς
1337 5102 1688 5176 Ἐκκλησίαις
1769 5115 1869 5178 τῆς

210 5191 577 5262 Μακεδονίας,
665 5193 747 5247 ὅτι
830 5195 886 5246 ἒν
969 5191 1158 5267 πολΛῇ
1258 5191 1462 5268 δοκιμῇ
1535 5194 1775 5270 θλίψεως
1831 5199 1866 5267 ἡ

210 5281 497 5357 περισσεία
550 5289 649 5352 τῆς
727 5287 904 5360 χαρᾶς
977 5282 1177 5356 αὐτῶν,
1233 5285 1320 5338 καὶ
1379 5285 1414 5352 ἡ
1474 5287 1610 5340 κατᾶ
1669 5287 1868 5360 βάθους

207 5372 466 5448 πτωχεία
521 5373 700 5428 αὐτῶν
763 5371 1132 5447 ἐπερίσσευσεν
1190 5372 1266 5435 εἷς
1324 5374 1414 5428 τὸν
1471 5372 1708 5431 πλοῦτον
1769 5383 1876 5446 τῆς·

209 5461 534 5530 ἁπλότητος
562 5461 764 5519 αὐτῶν.

287 5553 568 5626 Τεχνικῶς
599 5549 1180 5622 πάνυξκατασκευάζςι
1236 5550 1329 5605 τὸν
1387 5549 1553 5625 λόγον
1579 5559 1677 5623 τῆς
1712 5552 1871 5626 ἐλεη-

215 5639 483 5718 μοσύνης.
518 5641 593 5694 Ού
648 5639 750 5714 γὰρ
805 5638 970 5708 ἦλθεν
1023 5639 1129 5694 ἀπὸ
1187 5638 1531 5709 ἒπιπλήξεως
1562 5642 1637 5704 εἰς
1675 5645 1872 5717 παραί-

2610 4699 2838 4754 CAPUT
2885 4697 2976 4752 ΙΧ.

1977 4789 2300 4844 Exhortatio
2331 4789 2405 4843 ad
2432 4789 2738 4843 uberiorem
2763 4787 3131 4857 pecuniarum
3161 4786 3626 4842 contributionem

2047 4864 2105 4916 in
2134 4866 2366 4928 sanctos,
2398 4867 2448 4915 et
2477 4860 2544 4914 de
2571 4875 2759 4914 eorum
2790 4859 2993 4914 honore
3023 4860 3123 4928 qui
3179 4858 3253 4914 ad
3302 4857 3403 4912 hoc
3453 4860 3625 4928 proﬁ-

2045 4935 2398 4989 ciscercntur.

2049 5038 2190 5105 VIII,
2227 5039 2331 5090 1-2.
2394 5037 2658 5093 Certiores
2714 5041 2895 5090 autem
2947 5051 3038 5090 vos
3075 5034 3244 5103 facio,
3289 5037 3509 5104 fratres,
3565 5032 3630 5088 de

1975 5130 2160 5196 gratia
2208 5129 2307 5180 Dei
2335 5143 2455 5195 qua
2508 5126 2645 5180 data
2692 5128 2804 5194 fuit
2857 5128 2918 5180 in
2974 5125 3227 5180 Ecclesiis
3253 5125 3629 5190 Macedoniae;

1978 5215 2240 5286 quoniam
2271 5233 2378 5285 per
2398 5215 2632 5269 multam
2667 5233 2728 5284 p1
2745 5216 3051 5269 obationem
3080 5216 3424 5284 afﬂz'ctionis,
3457 5213 3634 5267 abun-

1979 5307 2172 5360 dantia
2199 5305 2396 5374 gaudii
2427 5304 2649 5359 illorum
2671 5310 2722 5358 et
2748 5305 3030 5374 profunda
3059 5304 3280 5358 illorum
3327 5307 3636 5374 paupertas

1980 5395 2301 5450 exuberabit
2325 5397 2385 5450 in
2416 5394 2640 5451 divitias
2669 5395 3040 5466 simplicitatis
3066 5395 3312 5450 illorum.

2053 5559 2202 5614 677
2235 5557 2570 5614 Artiﬁciose
2605 5558 2928 5615 admodum
2977 5558 3126 5614 texit
3177 5573 3511 5614 sermonem
3561 5553 3637 5612 de

1984 5647 2361 5722 eleemosyna
2388 5650 2587 5720 Neque
2617 5649 2777 5705 enim
2800 5648 2872 5706 ab
2899 5647 3309 5722 objurgatione
3332 5645 3639 5705 descendit
