4048 6250
511 293 667 353 10οἸ

511 612 711 662 autem
738 608 858 662 illis
878 624 1115 663 movere
1129 625 1466 664 sermonem
1480 608 1552 662 de
1584 607 2050 678 eleemosyna,et
2061 604 2162 660 ait:

517 718 544 751 α
575 698 775 752 Gratia
803 698 972 753 Dei.»
998 698 1256 754 Gratiam
1271 714 1485 753 vocans
1508 696 1903 767 eleemosynm
1920 694 2164 750 donum.

509 786 813 857 Siquidem
837 789 942 843 Dei
966 788 1187 843 donum
1220 794 1309 844 est
1337 789 1598 859 aliquem
1632 803 1762 842 esse
1802 787 1969 858 pium
2027 800 2165 857 erga

516 891 752 949 egenos,
785 878 1284 949 quemadmodum
1328 878 1509 933 etiam
1540 877 1823 932 sanitates
1852 876 2158 947 perﬁcere.

506 987 535 1015 ‹‹
569 967 707 1030 Quae
737 967 875 1022 data
902 968 1015 1021 fuit
1036 968 1096 1021 in
1124 966 1399 1022 Ecclesiis
1422 964 2164 1021 Macedoniae.»Considera

507 1054 829 1111 artiﬁcium
862 1056 1146 1128 Apostoli.
1188 1058 1310 1111 Non
1336 1056 1489 1110 dixit
1539 1055 1761 1117 statim.
1809 1059 1948 1109 Date
2004 1054 2161 1109 elee-

498 1158 851 1215 mosynam;
916 1145 1020 1200 sed
1079 1161 1211 1216 qua;
1277 1144 1506 1216 egregie
1564 1143 1635 1199 ab
1666 1144 1800 1199 aliis
1829 1149 1994 1216 gesta
2024 1148 2163 1199 sunt

500 1233 658 1288 circa
687 1234 1133 1304 eleemosynam
1168 1240 1377 1289 narrat
1409 1249 1422 1299 ;
1455 1249 1597 1288 nam
1628 1248 1698 1288 ex
1732 1249 1800 1288 eo
1832 1231 1991 1303 quod
2023 1231 2159 1287 illos

502 1323 920 1396 laudat,magis
949 1325 1297 1379 exhortatur
1318 1324 1427 1378 hos
1458 1323 1533 1378 ad
1556 1323 1813 1378 similem
1834 1321 2160 1377 aemulatio-

502 1428 661 1468 nem.
698 1435 726 1463 «
759 1413 1307 1469 MacedonianNon
1330 1413 1571 1479 dixit,ln
1600 1418 1768 1483 parte
1792 1428 1807 1478 ;
1842 1410 1945 1467 sed
1975 1417 2160 1465 totam

497 1501 704 1556 laudat
731 1509 990 1574 gentem,
1024 1503 1251 1572 dicens,
1284 1523 1305 1550 ι
1326 1504 1393 1556 ln
1424 1501 1706 1557 Ecclesiis
1739 1500 2156 1556 Macedoniae.»

494 1613 597 1641 —«
613 1592 904 1655 Quoniam
922 1608 1029 1663 per
1043 1592 1291 1647 multam
1306 1590 1720 1663 probationem
1752 1588 2155 1646 afﬂictionis.»

500 1679 661 1734 Adeo
692 1680 895 1734 afflicti
919 1686 1078 1746 sunt,
1110 1679 1323 1750 inquit,
1356 1684 1422 1733 ut
1451 1680 1630 1734 etiam
1654 1677 1885 1749 probati
1909 1694 1983 1732 ex
2006 1675 2154 1731 tole-

497 1769 696 1823 rantia
715 1768 853 1823 facti
877 1770 1016 1823 sint.
1051 1769 1331 1839 Nequeid
1352 1767 1499 1823 adeo
1534 1766 1874 1822 mirandum
1906 1770 2016 1832 est,
2050 1763 2154 1820 sed
2182 1801 2230 1866 Β

497 1857 657 1927 quod
696 1874 765 1912 ex
796 1864 961 1913 tanta
986 1856 1310 1912 afﬂictione
1344 1863 1572 1911 lautum
1604 1857 1664 1911 in
1688 1856 1833 1927 ipsis
1871 1853 2153 1927 gaudium

494 1948 938 2019 germinaverit.
994 1970 1023 1996 «
1082 1951 1223 2001 Nam
1283 1945 1668 2014 abundantia,
1703 1944 1919 2016 inquit,
1951 1943 2152 2016 gaudii

490 2035 757 2100 illorum,
804 2057 832 2084 »ι
890 2052 1106 2106 nempe
1138 2034 1496 2103 exuberavit,
1539 2034 1697 2105 quod
1744 2050 1816 2087 ex
1847 2032 2150 2088 communi

493 2123 790 2176 sententia
822 2121 1225 2193 supplendum
1257 2127 1367 2176 est.
1401 2144 1425 2170 ‹‹
1461 2122 1529 2174 Et
1586 2120 1881 2191 profunda
1909 2118 2151 2175 illorum

496 2216 838 2282 paupertas.
869 2233 899 2260 ››
931 2215 1006 2266 Et
1060 2210 1562 2281 quemadmodum
1619 2208 1863 2265 afﬂictio
1919 2209 2151 2280 peperit

491 2299 791 2371 gaudium,
824 2300 907 2354 ita
932 2317 1168 2372 quoque
1200 2299 1495 2371 profunda
1525 2299 1766 2354 illorum
1806 2303 2147 2370 paupertas,

492 2388 605 2443 hoc
636 2394 747 2457 est,
779 2389 988 2444 multa.
1025 2389 1327 2460 Siquidem
1358 2406 1391 2444 a
1426 2389 1683 2460 propriis
1712 2387 2146 2444 contribulibus

496 2477 735 2547 spoliati
758 2483 947 2533 erant.
988 2498 1013 2530 α
1043 2480 1109 2533 ln
1137 2478 1371 2532 divitias
1410 2476 1830 2548 simplicitatis,
1886 2499 1912 2527 ››
1945 2477 2006 2532 id
2035 2480 2143 2560 est,

486 2565 897 2636 abundantiae,
931 2583 999 2622 ac
1030 2567 1078 2621 si
1128 2566 1352 2622 diceret
1384 2582 1396 2619 :
1432 2567 1475 2621 Ο
1505 2583 1633 2621 rem
1689 2565 2100 2621 admirandam
2129 2564 2142 2619 ι

485 2657 812 2726 Paupertas
844 2672 965 2710 non
996 2655 1189 2710 solum
1213 2654 1686 2710 subministravit
1707 2654 1975 2725 copiosas
2005 2654 2144 2710 divi.

489 2745 624 2811 tias,
660 2762 859 2800 verum
882 2745 1059 2800 etiam
1086 2743 1449 2809 exuberavit,
1470 2760 1662 2815 neque
1694 2743 1854 2798 enim
1876 2759 1948 2798 ex
1967 2743 2143 2799 modo

488 2849 693 2889 eorum
714 2852 844 2905 quas
892 2834 1130 2901 dantur,
1175 2833 1279 2888 sed
1312 2849 1382 2888 ex
1412 2833 1712 2889 voluntate
1742 2832 2013 2888 dantium
2042 2848 2142 2892 su-

486 2923 671 2978 mitur
694 2922 991 2995 judicium
1017 2940 1030 2977 :
1055 2922 1561 2994 quemadmodum
1577 2923 1758 2979 etiam
1778 2922 1953 2978 vidua
1970 2923 2142 2994 cujus

491 3011 608 3067 duo
639 3028 757 3068 mra
780 3013 1011 3068 minuta
1041 3012 1273 3067 caeteris
1305 3012 1608 3083 proposita
1638 3016 1778 3068 sunt
1799 3011 1866 3068 ⁵³.

556 3101 706 3168 VIII,
739 3103 857 3156 3-6.
891 3103 1031 3157 Nam
1059 3118 1163 3172 pro
1185 3102 1416 3169 viribus,
1450 3108 1640 3169 testor,
1673 3109 1724 3157 et
1777 3118 1953 3172 supra
1998 3104 2140 3159 vires

484 3190 744 3259 ultronei,
785 3192 967 3246 multa
1020 3208 1142 3248 cum
1199 3193 1557 3247 obtestatione
1610 3198 1883 3262 rogarunt
1936 3207 2053 3260 nos,
2078 3199 2139 3248 ut

484 3281 857 3334 ministerium
871 3286 923 3334 et
926 3283 1424 3351 participationem
1440 3283 1738 3336 ministerii
1754 3284 2150 3351 susciperemus

491 3369 553 3420 in
580 3373 830 3423 sanctos:
860 3375 912 3421 et
957 3386 1071 3424 non
1120 3376 1389 3438 quatenus
1423 3372 1794 3439 sperabamus,
1835 3371 2146 3441 quinetiam

503 3457 705 3525 seipsos
733 3456 1023 3522 dederunt,
1073 3458 1320 3530 primum
1359 3459 1606 3529 Domino,
1637 3460 1836 3515 deinde
1889 3467 1943 3515 et
1989 3462 2143 3518 nobis

486 3561 598 3615 per
620 3546 959 3602 voluntatem
990 3550 1124 3603 Dei:
1158 3550 1242 3602 ita
1279 3555 1341 3603 ut
1381 3549 1806 3605 exhortaremur
1847 3552 2052 3621 Titum,
2083 3566 2144 3614 ut

479 3636 624 3689 sicut
652 3642 817 3691 antea
845 3645 1101 3708 caeperat,
1134 3640 1216 3693 ita
1242 3645 1294 3692 et
1322 3647 1723 3694 consummaret
1761 3640 1902 3695 hmo
1928 3657 2146 3711 quoque

488 3739 623 3794 erga
647 3742 741 3782 vos
768 3728 1031 3797 gratiam.
1072 3724 1076 3727 ’

562 3915 825 3967 Attestor
854 3914 1013 3967 enim
1034 3913 1152 3968 illis
1170 3912 1328 3984 quod
1355 3931 1462 3985 pro
1488 3915 1707 3971 viribus
1729 3921 1809 3984 ;et
1839 3916 1982 3988 quid
2010 3916 2140 3971 dico

1629 286 2043 352 (ECUMENII
2091 285 2394 349 TRICCIE
2435 287 2797 350 EPlSCOPI

508 427 588 483 ad
619 428 1263 484 admonitionem.Nam
1293 443 1500 483 revera
1526 442 1680 499 aegre
1719 423 2143 498 susceptibilen

2285 442 2433 477 νεσιν
2605 423 2708 499 γὰρ
2811 423 2873 480 ἃν

518 517 812 573 effecisset
832 533 903 573 eo
935 518 1112 574 modo
1130 516 1600 586 sermonem,sed
1621 516 1694 572 ab
1711 514 2139 591 encomiis.Vul

2276 507 2501 585 λόγον),
2560 509 2708 567 ἀλλὰ
2792 513 2898 568 ἅπὸ
2984 511 3298 590 ἐγκωμίων.

3687 291 3796 353 1008

2981 421 3410 500 δυσπαράδεκτον
3477 422 3705 500 εἷργασατο
3743 431 3806 482 τὸν

3391 515 3492 572 Βού
3500 520 3625 570 ierat
3664 512 3706 569 δὲ
3744 517 3806 570 τὸν

2270 601 2395 675 περὶ
2426 598 2805 676 ἐλεημοσύνης
2836 602 3030 665 αὐτοῖς
3084 610 3299 673 κινῆσαι
3365 602 3538 680 λόγον,
3584 604 3656 657 καὶ
3698 622 3806 676 φησι*

2269 712 2297 740 ‹(
2338 690 2450 758 Τὴν
2486 692 2649 766 χάριν
2674 695 2774 745 τοῦ
2814 696 2969 761 Θεοῦ,
3004 714 3030 744 ιο
3072 693 3232 770 χάριν
3261 693 3455 771 λέγων,
3504 693 3665 762 τὸτῆς
3694 691 3809 763 ἐλεη-

2274 778 2514 849 μοσύνης
2542 780 2815 855 χάρισμα.
2848 782 3104 856 Χάρισμα
3155 783 3255 859 γὰρ
3314 782 3442 838 Θεοῦ
3494 782 3592 838 ἐστι
3636 782 3686 835 τὸ
3718 782 3811 836 εἷναί

2266 888 2386 923 τινα
2442 867 2767 944 ἐλεήμονα,
2826 869 3013 946 ὥσπερ
3069 872 3130 927 τὸ
3192 871 3357 935 ἰάσεις
3414 870 3813 938 ἐπιτελεῖν.‹‹Τήν

2266 953 2562 1031 δεδομένην
2596 964 2717 1020 ταῖς
2750 957 3069 1032 ἐκκλησίαις
3119 968 3220 1032 τῆς
3281 957 3620 1021 Μακεδονίας.
3670 962 3812 1034 «Ὅρα

2261 1044 2324 1102 τὸ
2356 1047 2666 1123 εὐρήχανον
2694 1054 2797 1104 τοῦ
2830 1048 3198 1106 Ἀποστόλου.
3231 1049 3337 1105 Οὐκ
3366 1051 3506 1105 εἶπεν
3534 1049 3685 1118 εὐθὺς,
3722 1048 3806 1102 Δότε

2263 1131 2641 1209 ἐλεημοσύνην
2672 1182 2688 1211 ,
2744 1137 2891 1194 ἀλλὰ
2946 1138 3013 1194 τὰ
3069 1140 3272 1214 ἑτέροις
3322 1138 3689 1213 κατωρθωμένα
3729 1136 3811 1210 περὶ

2264 1221 2641 1298 ἐλεημοσύνης
2698 1223 2990 1304 διηγεῖται.
3026 1230 3123 1285 Ἐκ
3152 1230 3254 1306 γὰρ
3282 1234 3378 1283 τοῦ
3432 1228 3643 1288 ἐκείνους
3689 1224 3811 1301 ἐγκω-

2267 1313 2502 1386 μιάζειν,
2567 1314 2781 1388 μᾶλλον
2853 1315 3079 1378 τούτους
3136 1317 3269 1391 πρὸς
3335 1317 3424 1372 τὸν
3478 1317 3649 1389 ὅμοιον
3701 1316 3819 1382 ζῆλον

2262 1404 2580 1478 προτρέπει.
2621 1429 2648 1457 ‹‹
2685 1408 2807 1475 Τῆς,
2835 1403 3193 1470 Μακεδονίας.
3238 1430 3263 1459 »
3307 1405 3420 1463 Οὐκ
3470 1406 3617 1474 εἶπεν,
3660 1404 3727 1459 Ἐν
3754 1401 3819 1475 μὲ-

2266 1509 2365 1565 ρει,
2399 1489 2526 1548 ἀλλ’
2555 1491 2870 1569 ὀλόκληρον
2903 1493 3105 1549 ἐταινει
3152 1496 3216 1550 τὸ
3246 1491 3414 1564 ἔθνος,
3477 1515 3497 1543 ι
3528 1496 3645 1553 Ταῖς
3672 1490 3815 1558 ἐκκλη-

2262 1579 2403 1641 σίαις
2458 1588 2561 1651 τῆς
2632 1580 2991 1653 Μακεδονίας,
3028 1608 3055 1634 ››
3114 1583 3301 1641 εἰπών.
3373 1585 3537 1638 «Ὅτι
3590 1581 3635 1636 ἐν
3680 1578 3817 1653 πολλῇ

2262 1665 2465 1743 δοκιμῇ
2496 1668 2756 1745 θλίψεως.
2790 1696 2818 1723 ››
2860 1673 3051 1734 Οὕτως
3101 1668 3417 1746 ἐθλίϐησαν,
3470 1673 3618 1750 φησὶν
3667 1671 3816 1725 Sami

2261 1753 2481 1832 δόκιμοι
2566 1759 2625 1814 ἐκ
2701 1768 2802 1831 τῆς
2877 1762 3155 1834 ὑπομονῆς
3230 1762 3525 1837 γεγένηται.
3580 1759 3663 1814 Καὶ
3709 1757 3818 1815 οὕτω

2264 1851 2426 1902 τοῦτο
2484 1850 2791 1922 θαυμαστὸν
2836 1896 2850 1920 ,
2905 1848 3035 1905 ἀλλ’
3093 1850 3175 1907 ὅτι
3232 1855 3295 1906 bc
3344 1852 3595 1920 τοσαύτης
3645 1848 3822 1922 θλίψεως

2260 1936 2496 2007 τοσαύτη
2539 1938 2685 2013 χαρὰ
2730 1933 3068 2009 ἐϐλάστησεν.
3093 1941 3150 1994 ἓν
3204 1939 3410 2002 αὐτοῖς.
3470 1962 3496 1992 ιι
3523 1940 3581 1994 Ἡ
3609 1934 3819 2013 περισσεία

2260 2025 2361 2102 γὰρ
2389 2033 2492 2096 τῆς
2532 2031 2703 2103 χαρᾶς
2737 2028 2937 2085 αὐτῶν.
2972 2054 2998 2081 ››
3048 2029 3182 2083 Ἀπὸ
3224 2033 3409 2083 κοινοῦ
3461 2029 3538 2098 τὸ,
3584 2026 3822 2101 ἐπερίσσευ-

2260 2137 2369 2172 σεν.
2422 2142 2441 2167 ι
2479 2117 2580 2172 Καὶ
2639 2120 2674 2187 ἡ
2732 2118 2867 2173 κατὰ
2926 2119 3127 2193 βάθους
3183 2119 3434 2195 πτωχεία
3484 2120 3701 2173 αὐτῶν.»
3745 2114 3819 2172 Καὶ

2262 2204 2504 2280 ὥσπερὴ
2564 2203 2750 2281 θλίψίς
2806 2208 2979 2283 χαρὰν
3030 2207 3230 2279 ἔτεκεν,
3293 2210 3463 2270 οὕτως
3523 2207 3672 2275 καὶὴ
3721 2202 3819 2258 κατὰ

2262 2295 2459 2369 βάθους
2490 2296 2764 2375 πτωχεία,
2806 2299 3082 2354 τουτέσττν
3112 2302 3147 2369 ἡ
3178 2298 3393 2370 πολλή.
3452 2298 3548 2355 Καὶ
3595 2297 3681 2371 γὰρ
3705 2293 3819 2366 διηρ-

2257 2384 2501 2458 πάγησαν
2558 2385 2662 2439 ὑπὸ
2690 2390 2800 2441 τῶν
2859 2383 3009 2441 ἰδίων
3070 2387 3455 2466 συμφυλετῶν,
3511 2411 3535 2437 α
3565 2386 3645 2449 Εἰς
3688 2382 3819 2438 πλοῦ·

2255 2492 2346 2526 τον
2379 2471 2712 2545 ἁπλότητος,
2747 2499 2775 2526 ››
2832 2477 3098 2545 τουτέστι,
3153 2475 3461 2551 δαψιλείας
3492 2475 3556 2536 ὡς
3604 2473 3641 2527 εἰ
3665 2467 3817 2545 ἔλεγεν*

2255 2564 2322 2616 ’Ὠ
2352 2566 2447 2617 τοῦ
2478 2562 2784 2639 παραδόξου
2817 2567 2830 2621 ί
2862 2571 2923 2621 Ἡ
2956 2565 3205 2641 πτωχεία
3266 2566 3353 2630 εἰς
3410 2562 3595 2639 δαψιλῆ
3641 2560 3817 2616 πλοῦτον

2257 2650 2319 2706 οὐ
2363 2652 2528 2724 μόνον
2589 2653 2959 2730 ὑπούργησεν,
3017 2654 3165 2709 ἀλλά
3224 2655 3322 2709 καὶ
3382 2653 3709 2728 ἐπερίσσευσεν.
3753 2646 3810 2704 Οό

2252 2740 2352 2816 γὰρ
2390 2745 2469 2813 τῷ
2504 2741 2686 2817 μέτρῳ
2716 2750 2821 2798 τῶν
2855 2742 3179 2818 διδομένων,
3237 2743 3393 2800 ἀλλᾶ
3430 2748 3493 2818 τῇ
3544 2742 3693 2819 γνώμῃ
3730 2740 3806 2792 τῶν

2252 2830 2602 2906 παρεχόντων
2632 2833 2894 2907 κρίνεται.
2947 2832 3135 2896 Οὕτως
3189 2832 3279 2888 καὶ
3321 2837 3356 2904 ἡ
3390 2835 3532 2912 χήρα
3555 2833 3608 2900 ἧς
3646 2828 3696 2881 τὰ
3733 2821 3799 2877 δύο

2255 2917 2428 2975 λεπτᾶ
2457 2920 2829 2997 προκέκριται.

2323 3013 2441 3067 Ὀτι
2494 3011 2628 3065 κατὰ
2724 3009 2950 3086 δύναμιν
3039 3015 3327 3087 μαρτυρῶ,
3396 3012 3485 3067 καὶ
3536 3008 3627 3080 ὑπὲρ
3668 3000 3783 3087 δύνει

2255 3119 2349 3171 μιν
2405 3100 2715 3175 αὐθαίρετοι
2788 3101 2922 3175 μετὰ
3003 3085 3228 3171 πολλῆς.
3311 3099 3654 3178 παρακλήσεως
3702 3085 3789 3143 δεὸο

2255 3208 2405 3261 μενοι
2472 3192 2631 3263 ἡμῶν
2706 3191 2806 3260 τὴν
2861 3192 3022 3269 χάριν
3091 3190 3180 3245 καὶ
3255 3193 3360 3262 τὴν
3434 3185 3674 3247 κοινωνίαν
3725 3183 3799 3245 τῆς

2252 3276 2525 3342 διακονίας
2576 3287 2679 3350 τῆς
2747 3281 2825 3344 εἰς
2904 3279 3031 3343 τοὺς
3110 3281 3318 3359 ἁγίους,
3405 3281 3621 3352 δέξασθαι
3682 3273 3802 3344 ἡμᾶς·

2251 3374 2351 3429 Καὶ
2412 3372 2475 3428 οὗ
2526 3374 2707 3438 καθὼς
2773 3371 3083 3447 ἠλπίσαμεν
3118 3421 3133 3447 ,
3207 3373 3340 3431 ἀλλ’
3413 3371 3612 3430 ἑαυτοὺς
3659 3364 3809 3421 ἔδωκαν

2250 3467 2467 3535 πρῶτον
2548 3466 2627 3535 τῷ
2731 3463 2911 3537 Κυρίῳ
2998 3466 3133 3537 ἡμῖν
3217 3461 3312 3519 διὰ
3376 3463 3656 3536 θελήματος
3699 3454 3810 3518 θεοῦ,

2250 3550 2327 3613 εἰς
2382 3553 2445 3607 τὸ
2492 3551 2862 3628 παρακαλέσαι
2911 3555 3061 3626 ἡμᾶς
3119 3553 3275 3608 Τίτον
3312 3598 3327 3625 ,
3381 3553 3469 3609 ’ἶνα
3519 3550 3671 3609 καθὼς
3713 3560 3815 3616 προ·

2250 3643 2528 3717 ενήρξατο,
2589 3640 2763 3706 οὕτως
2827 3643 2918 3698 καί
2972 3641 3259 3718 ἐπιτελέσῃ
3317 3644 3393 3707 εἰς
3451 3644 3578 3717 ὑμᾶς
3627 3636 3699 3692 καὶ
3742 3631 3813 3697 τήν

2250 3731 2412 3809 χάριν
2439 3731 2663 3804 ταύτην.

2319 3912 2595 3986 Μαρτυρῶ
2623 3914 2730 3989 γὰρ
2759 3911 2941 3977 αὐτοῖς
2988 3912 3071 3967 ὅτι
3124 3914 3260 3969 κατᾶ
3318 3912 3552 3987 δύναμιν.
3582 3907 3639 3966 Τί
3690 3902 3817 3975 λέγων

488 4016 595 4070 pro
625 4000 847 4056 viribus
874 4001 901 4054 ‘2
931 4003 1109 4058 etiam
1140 4019 1320 4074 supra
1339 4004 1491 4059 vires
1522 4010 1680 4060 certe
1709 4005 1970 4061 ultronei
2001 4006 2142 4060 alte-

2252 4000 2379 4055 κατὰ
2408 4000 2686 4075 δύναμινς
2735 4002 2825 4057 καὶ
2875 4002 3006 4076 ὑπὲρ
3064 4000 3294 4076 δύναμιν
3330 4004 3420 4077 μὲν
3478 4001 3562 4056 οὗν
3613 3993 3816 4065 αὐθαίρεο

386 4146 389 4147 ν
491 4104 624 4142 rum
656 4088 716 4143 id
768 4092 1103 4147 encomium
1137 4098 1245 4148 est.
1297 4093 1450 4149 658
1482 4096 1681 4165 Neque
1714 4096 1874 4150 enim
1896 4112 2005 4151 nos
2035 4112 2137 4150 ex-

2241 4108 2347 4146 τοι.
2382 4087 2633 4163 Δεύτερον
2677 4087 2976 4165 ἐγκώμιον.
3035 4089 3108 4144 Οὐ
3137 4091 3239 4166 γὰρ
3270 4093 3434 4164 ἡμεῖς
3490 4086 3666 4146 αὐτοὺς
3716 4096 3816 4149 τρο-

487 4178 711 4233 hortati
744 4196 949 4236 sumus
978 4182 1159 4252 ipsos.
1219 4204 1246 4232 ‹‹
1282 4183 1461 4237 Multa
1490 4200 1624 4239 cum
1655 4184 2070 4240 obtestatione.
2104 4205 2133 4236 κ

2252 4178 2593 4252 ιτρεψάμεθα.
2627 4202 2656 4231 ‹‹
2688 4178 2834 4235 Μετὰ
2863 4178 3087 4249 πολλῆς
3144 4178 3553 4255 παρακλήσεως.
3588 4199 3613 4227 ››
3655 4168 3814 4255 Τρίτῳ

484 4266 632 4323 Ecce
662 4273 721 4323 et
743 4270 987 4325 tertium
1019 4272 1375 4326 encomium.
1408 4274 1533 4327 Non
1555 4289 1665 4328 nos
1697 4273 2134 4329 obsecravimus

2252 4267 2510 4341 ἐγκώμιον
2543 4313 2557 4326 .
2613 4270 2730 4322 Ὃτι
2824 4266 2934 4343 οὐχ
2999 4269 3165 4342 ἡμεῖς
3224 4253 3667 4345 παρεκαλέσαμεν,
3718 4253 3812 4312 ἀλλ’

484 4355 779 4427 ipsos,sed
810 4359 923 4430 ipsi
954 4360 1316 4415 nos.Deinde
1346 4359 1644 4433 adaugens
1671 4361 2132 4419 obtestationem

2252 4353 2411 4415 ιῦτοί.
2444 4357 2579 4413 Εἶτα
2625 4356 2901 4412 ἐπιτείνων
2956 4358 3056 4427 τὴν
3111 4356 3473 4434 παράκλησιν,
3530 4352 3667 4433 φησί.
3718 4356 3817 4402 Δεο-

477 4444 657 4502 dicit:
692 4450 991 4522 Rogarunt
1021 4467 1129 4504 nos
1169 4455 1235 4505 ut
1265 4450 1722 4522 susciperemus.
1756 4482 1825 4493 -
1854 4451 2037 4507 Aliud.
2060 4453 2127 4509 In

2239 4465 2393 4519 μενοι
2421 4450 2582 4519 ἡμῶν
2617 4446 2693 4508 είς
2747 4447 2810 4502 τὸ
2869 4444 3134 4520 δέξασθαι.
3170 4480 3236 4491 -
3266 4447 3461 4505 Ἀλλο.
3520 4441 3703 4518 [ΦΩΤ.]
3748 4435 3814 4491 Ἑν

477 4541 642 4605 parte
674 4537 786 4592 hac
813 4540 1104 4594 sermonis
1135 4556 1237 4594 sex
1266 4538 1535 4610 quaedam
1564 4540 1848 4610 praeclara
1878 4545 2129 4597 testatur

2252 4539 2302 4609 τῇ
2328 4540 2603 4612 περικοπῇ
2632 4534 2791 4592 τοῦδε
2824 4540 2922 4592 τοῦ
2953 4535 3145 4613 ρητοῦ,
3196 4537 3249 4610 ἓξ
3305 4558 3421 4593 τινα
3469 4530 3815 4608 κιιτορθιῦμιπτίι

471 4623 734 4680 facinora
758 4626 829 4681 de
855 4628 1507 4684 Macedoniis.Primum
1529 4628 1770 4698 quidem
1783 4630 1939 4699 quod
1954 4630 2125 4702 juxta

2233 4626 2577 4702 ἐμαρτύρησε
2631 4633 2745 4690 τοῖς
2820 4625 3201 4692 Μακεδονίοις.
3287 4633 3504 4705 Πρῶτον
3572 4625 3679 4698 μὲν,
3748 4613 3811 4670 ὅτι

473 4713 646 4768 vires.
679 4717 950 4787 Magnum
982 4725 1181 4775 autem
1220 4724 1312 4775 est
1367 4719 1546 4774 etiam
1578 4724 1644 4774 ut
1691 4720 1824 4791 quis
1883 4726 2125 4792 praestet

2252 4716 2366 4771 ιατᾶ
2395 4713 2645 4790 δύναμιν.
2687 4716 2836 4792 Μέγα
2892 4715 2970 4786 δὲ,
3028 4717 3117 4774 καὶ
3170 4719 3233 4773 τὸ
3283 4719 3509 4774 καθόσον
3566 4711 3808 4787 ἲσχὺειτις

468 4798 907 4875 eleemosynam
933 4812 1225 4877 quatenus
1246 4812 1605 4877 etquantum
1626 4813 1822 4878 potest
1845 4809 1970 4864 :sed
1993 4825 2122 4865 ma-

2252 4813 2453 4877 ιοιῆσαι
2484 4804 2888 4880 ἐλεημοσύνην.
2920 4808 2983 4865 Ὀ
3041 4805 3098 4863 δὲ
3151 4806 3241 4863 καὶ
3301 4807 3481 4881 μεῖζόν
3532 4794 3804 4883 φησιν,ὅτιι

455 4887 557 4959 jus
589 4897 678 4945 est
734 4894 893 4965 quod
922 4895 1004 4950 ait
1032 4912 1044 4952 :
1084 4916 1106 4945 ι
1136 4898 1324 4969 Supra
1350 4896 1522 4952 vires.
1556 4918 1584 4948 »
1618 4896 1730 4952 hoc
1761 4904 1869 4964 est,
1891 4899 2117 4969 seipsos

460 4983 780 5053 privantes.
810 4985 877 5039 Et
928 4986 1167 5041 tertium
1198 4987 1354 5057 quod
1386 4987 1642 5042 ultronei
1679 5004 1691 5041 :
1719 4988 1830 5043 hoc
1861 4993 1968 5052 est,
1992 5005 2113 5044 non

458 5072 579 5128 illis
611 5091 759 5145 opus
788 5074 900 5129 fuit
940 5075 1134 5131 aliena
1184 5076 1614 5145 admonitione,
1640 5077 1743 5132 sed
1766 5077 1879 5149 ipsi
1915 5094 1986 5133 ex
2018 5095 2111 5134 se-

455 5164 600 5236 ipsis
631 5165 788 5236 quod
819 5164 1043 5221 bonum
1101 5171 1190 5220 est
1238 5166 1564 5239 elegerunt.
1609 5168 1917 5232 Quartum,
1948 5167 2108 5239 quod

2228 4920 2255 4947 (ς
2291 4896 2389 4951 Καὶ
2422 4896 2554 4971 ὑπὲρ
2588 4893 2835 4969 δύναμιν,
2871 4921 2899 4949 ››
2928 4897 3201 4953 τουτέστιν
3233 4897 3449 4958 ἑαυτοὺς
3496 4889 3804 4963 ἀποστεροῦν-

2223 5006 2330 5047 τες.
2364 4987 2466 5042 Καὶ
2496 4984 2701 5059 τρίτον,
2736 4987 2819 5042 ὅτι
2863 4986 3189 5062 αὐθαίρετοι,
3220 4985 3509 5052 τουτέστιν,
3540 4981 3631 5038 οὐκ
3680 4973 3802 5062 ἐδετίέ

2223 5076 2390 5145 θησαν
2423 5075 2499 5136 είς
2528 5074 2687 5131 τοῦτο
2718 5061 3083 5152 παραινέσεως
3141 5074 3459 5151 ἀλλοτρίας,
3516 5069 3636 5126 ἀλλ’
3680 5061 3805 5152 αὐτοί

2220 5164 2269 5235 ἐξ
2302 5167 2526 5235 ἑαυτῶν,
2558 5166 2620 5221 τὸ
2650 5148 2855 5243 ἀγαθὸν
2885 5166 3227 5242 ᾑρετίσαντο.
3284 5148 3567 5239 Τέταρτον,
3598 5160 3671 5213 ὅτι
3699 5148 3809 5243 μιτᾶ

450 5255 641 5310 multa
661 5273 793 5312 cum
812 5236 1392 5326 obtestatione,quod
1420 5255 1657 5311 fervidis
1689 5236 2004 5312 voluntatis
2018 5263 2109 5313 est

2252 5252 2436 5324 εολλῆς
2467 5236 3041 5330 παρακλησεωςξίίπερ
3072 5253 3184 5310 ἐστὶ
3217 5236 3439 5330 θερμῆς,
3468 5249 3551 5305 καὶ
3582 5236 3807 5330 ὑπερϐλυ.

448 5359 516 5397 ac
546 5344 988 5417 eleemosynam
1016 5344 1607 5416 eﬂ'undentis.1\'eque
1625 5346 1786 5401 enim
1819 5351 2102 5417 tanquam

444 5433 692 5500 gratiam
716 5434 850 5490 aliis
882 5438 1254 5506 praestantes,
1291 5434 1396 5490 sed
1428 5440 1711 5505 tanquam
1767 5434 1881 5507 ipsi
1911 5436 2101 5491 maxi-

513 5609 559 5646 ⁸²
587 5610 722 5666 Luc.
756 5627 869 5683 xxi,
904 5614 957 5667 2.

2214 5342 2412 5414 ζοόσης
2440 5327 2692 5414 αήν-’ἐλεη
2704 5345 2947 5417 μοσύνην
2970 5327 3368 5420 προαιρέσεως.
3397 5339 3478 5399 Οὐ
3499 5337 3598 5416 γὰρ
3621 5335 3685 5394 ὦ(
3702 5327 3811 5420 “At?”

2210 5411 2413 5508 έτέροις
2445 5411 2606 5507 χάριν
2636 5411 3065 5504 κατατιθέμενοι,
3110 5411 3236 5487 ἀλλ’
3290 5429 3365 5491 ὡς
3425 5411 3572 5482 αὐτοὶ
3622 5411 3802 5496 μεγάλα
