  <div class='ocr_page' id='page_1' title='image "/cluster/home/n/w/nwhite01/storage/ocr_20150623/118/mdp.39015078384297/512.png"; bbox 0 0 4048 6250; ppageno 0'>
   <div class='ocr_carea' id='block_1_1' title="bbox 262 388 434 449">
    <p class='ocr_par' dir='ltr' id='par_1_1' title="bbox 262 388 434 449">
     <span class='ocr_line' id='line_1_1' title="bbox 262 388 434 449; baseline -0.012 0"><span class='ocrx_word' id='word_1_1' title='bbox 262 388 434 449; x_wconf 86' lang='grc'>1009</span> 
     </span>
    </p>
   </div>
   <div class='ocr_carea' id='block_1_2' title="bbox 1209 374 2719 443">
    <p class='ocr_par' dir='ltr' id='par_1_2' title="bbox 1209 374 2719 443">
     <span class='ocr_line' id='line_1_2' title="bbox 1209 374 2719 443; baseline -0.005 0"><span class='ocrx_word' id='word_1_2' title='bbox 1209 380 1624 443; x_wconf 82' lang='grc' dir='ltr'>ΟΟΜΜΕΝΤ.</span> <span class='ocrx_word' id='word_1_3' title='bbox 1673 380 1755 438; x_wconf 85' lang='grc' dir='ltr'>ΙΝ</span> <span class='ocrx_word' id='word_1_4' title='bbox 1803 374 2057 435; x_wconf 74' lang='lat' dir='ltr'>EPIST.</span> <span class='ocrx_word' id='word_1_5' title='bbox 2106 374 2158 433; x_wconf 82' lang='lat' dir='ltr'>ll</span> <span class='ocrx_word' id='word_1_6' title='bbox 2203 377 2303 434; x_wconf 86' lang='lat' dir='ltr'>AD</span> <span class='ocrx_word' id='word_1_7' title='bbox 2350 375 2719 436; x_wconf 83' lang='lat' dir='ltr'>GORINTH.</span> 
     </span>
    </p>
   </div>
   <div class='ocr_carea' id='block_1_3' title="bbox 3538 381 3696 441">
    <p class='ocr_par' dir='ltr' id='par_1_3' title="bbox 3538 381 3696 441">
     <span class='ocr_line' id='line_1_3' title="bbox 3538 381 3696 441; baseline 0.013 -2"><span class='ocrx_word' id='word_1_8' title='bbox 3538 381 3696 441; x_wconf 84' lang='grc'>1010</span> 
     </span>
    </p>
   </div>
   <div class='ocr_carea' id='block_1_4' title="bbox 264 508 1907 595">
    <p class='ocr_par' dir='ltr' id='par_1_4' title="bbox 264 509 1907 595">
     <span class='ocr_line' id='line_1_4' title="bbox 264 509 1907 595; baseline -0.009 -19"><span class='ocrx_word' id='word_1_9' title='bbox 264 518 672 595; x_wconf 73' lang='grc' dir='ltr'>κερδαίνοντες,</span> <span class='ocrx_word' id='word_1_10' title='bbox 705 517 1062 593; x_wconf 80' lang='grc' dir='ltr'>παρεκάλουν,</span> <span class='ocrx_word' id='word_1_11' title='bbox 1123 512 1358 583; x_wconf 73' lang='grc' dir='ltr'>ἐδέοντο,</span> <span class='ocrx_word' id='word_1_12' title='bbox 1415 514 1505 568; x_wconf 84' lang='grc' dir='ltr'>καὶ</span> <span class='ocrx_word' id='word_1_13' title='bbox 1557 513 1660 567; x_wconf 82' lang='grc' dir='ltr'>οὐκ</span> <span class='ocrx_word' id='word_1_14' title='bbox 1711 509 1907 564; x_wconf 61' lang='grc' dir='ltr'>ἀνίεσαι</span> 
     </span>
    </p>
   </div>
   <div class='ocr_carea' id='block_1_5' title="bbox 2020 508 3699 595">
    <p class='ocr_par' dir='ltr' id='par_1_5' title="bbox 2044 508 3699 580">
     <span class='ocr_line' id='line_1_5' title="bbox 2044 508 3699 580; baseline 0.007 -19"><span class='ocrx_word' id='word_1_15' title='bbox 2044 524 2204 564; x_wconf 89' lang='lat' dir='ltr'>mum</span> <span class='ocrx_word' id='word_1_16' title='bbox 2232 508 2471 566; x_wconf 88' lang='lat' dir='ltr'>lucrum</span> <span class='ocrx_word' id='word_1_17' title='bbox 2504 511 2812 580; x_wconf 86' lang='lat' dir='ltr'>facientes,</span> <span class='ocrx_word' id='word_1_18' title='bbox 2847 513 3302 568; x_wconf 78' lang='lat' dir='ltr'>obtestabantur</span> <span class='ocrx_word' id='word_1_19' title='bbox 3333 519 3393 569; x_wconf 94' lang='lat' dir='ltr'>et</span> <span class='ocrx_word' id='word_1_20' title='bbox 3422 516 3699 572; x_wconf 88' lang='lat' dir='ltr'>obsecra-</span> 
     </span>
    </p>
   </div>
   <div class='ocr_carea' id='block_1_6' title="bbox 270 596 1937 681">
    <p class='ocr_par' dir='ltr' id='par_1_6' title="bbox 270 596 1937 681">
     <span class='ocr_line' id='line_1_6' title="bbox 270 596 1937 681; baseline -0.01 -16"><span class='ocrx_word' id='word_1_21' title='bbox 270 609 549 681; x_wconf 85' lang='grc' dir='ltr'>δεόμενοι.</span> <span class='ocrx_word' id='word_1_22' title='bbox 587 609 842 681; x_wconf 88' lang='grc' dir='ltr'>Δεόμενοι</span> <span class='ocrx_word' id='word_1_23' title='bbox 890 606 1014 680; x_wconf 84' lang='grc' dir='ltr'>γὰρ,</span> <span class='ocrx_word' id='word_1_24' title='bbox 1076 603 1259 680; x_wconf 77' lang='grc' dir='ltr'>φησὶν,</span> <span class='ocrx_word' id='word_1_25' title='bbox 1311 605 1489 676; x_wconf 80' lang='grc' dir='ltr'>ἡμῶν.</span> <span class='ocrx_word' id='word_1_26' title='bbox 1550 597 1823 672; x_wconf 79' lang='grc' dir='ltr'>Πέμπτον,</span> <span class='ocrx_word' id='word_1_27' title='bbox 1856 596 1937 651; x_wconf 84' lang='grc' dir='ltr'>ὅτι</span> 
     </span>
    </p>
   </div>
   <div class='ocr_carea' id='block_1_7' title="bbox 269 682 1940 771">
    <p class='ocr_par' dir='ltr' id='par_1_7' title="bbox 269 682 1940 771">
     <span class='ocr_line' id='line_1_7' title="bbox 269 682 1940 771; baseline -0.009 -18"><span class='ocrx_word' id='word_1_28' title='bbox 269 700 367 754; x_wconf 80' lang='grc' dir='ltr'>καὶ</span> <span class='ocrx_word' id='word_1_29' title='bbox 425 701 553 771; x_wconf 80' lang='grc' dir='ltr'>παρ’</span> <span class='ocrx_word' id='word_1_30' title='bbox 638 693 867 757; x_wconf 85' lang='grc' dir='ltr'>ἐλπίδας</span> <span class='ocrx_word' id='word_1_31' title='bbox 946 692 1184 748; x_wconf 83' lang='grc' dir='ltr'>Παύλου.</span> <span class='ocrx_word' id='word_1_32' title='bbox 1272 694 1413 765; x_wconf 72' lang='grc' dir='ltr'>’Όρα</span> <span class='ocrx_word' id='word_1_33' title='bbox 1477 695 1583 745; x_wconf 90' lang='grc' dir='ltr'>ποῦ</span> <span class='ocrx_word' id='word_1_34' title='bbox 1653 682 1940 743; x_wconf 73' lang='grc' dir='ltr'>ἀνεϐίϐασε</span> 
     </span>
    </p>
   </div>
   <div class='ocr_carea' id='block_1_8' title="bbox 270 776 1936 862">
    <p class='ocr_par' dir='ltr' id='par_1_8' title="bbox 270 776 1936 862">
     <span class='ocr_line' id='line_1_8' title="bbox 270 776 1936 862; baseline -0.01 -18"><span class='ocrx_word' id='word_1_35' title='bbox 270 791 340 845; x_wconf 86' lang='grc' dir='ltr'>τὸ</span> <span class='ocrx_word' id='word_1_36' title='bbox 371 793 615 862; x_wconf 74' lang='grc' dir='ltr'>πρᾶγμα·</span> <span class='ocrx_word' id='word_1_37' title='bbox 654 785 749 841; x_wconf 83' lang='grc' dir='ltr'>Καὶ</span> <span class='ocrx_word' id='word_1_38' title='bbox 782 786 917 858; x_wconf 76' lang='grc' dir='ltr'>ἐμοῦ</span> <span class='ocrx_word' id='word_1_39' title='bbox 948 783 1133 851; x_wconf 73' lang='grc' dir='ltr'>αὐτοῦ,</span> <span class='ocrx_word' id='word_1_40' title='bbox 1194 782 1347 859; x_wconf 76' lang='grc' dir='ltr'>φησὶ,</span> <span class='ocrx_word' id='word_1_41' title='bbox 1413 776 1936 855; x_wconf 77' lang='grc' dir='ltr'>μεγαλοψυχότερον</span> 
     </span>
    </p>
   </div>
   <div class='ocr_carea' id='block_1_9' title="bbox 274 866 1929 951">
    <p class='ocr_par' dir='ltr' id='par_1_9' title="bbox 274 866 1929 951">
     <span class='ocr_line' id='line_1_9' title="bbox 274 866 1929 951; baseline -0.008 -18"><span class='ocrx_word' id='word_1_42' title='bbox 274 876 590 945; x_wconf 71' lang='grc' dir='ltr'>διετέθησαν</span> <span class='ocrx_word' id='word_1_43' title='bbox 630 918 642 934; x_wconf 91' lang='grc'><strong>.</strong></span> <span class='ocrx_word' id='word_1_44' title='bbox 709 875 785 932; x_wconf 77' lang='grc' dir='ltr'>Οὐ</span> <span class='ocrx_word' id='word_1_45' title='bbox 851 874 952 951; x_wconf 72' lang='grc' dir='ltr'>γὰρ</span> <span class='ocrx_word' id='word_1_46' title='bbox 1007 872 1117 947; x_wconf 80' lang='grc' dir='ltr'>ἐγὼ</span> <span class='ocrx_word' id='word_1_47' title='bbox 1173 872 1363 939; x_wconf 78' lang='grc' dir='ltr'>αὐτὸς,</span> <span class='ocrx_word' id='word_1_48' title='bbox 1426 869 1610 944; x_wconf 75' lang='grc' dir='ltr'>φησὶν,</span> <span class='ocrx_word' id='word_1_49' title='bbox 1667 866 1929 936; x_wconf 77' lang='grc' dir='ltr'>ἤλπιζον,</span> 
     </span>
    </p>
   </div>
   <div class='ocr_carea' id='block_1_10' title="bbox 269 952 1935 1034">
    <p class='ocr_par' dir='ltr' id='par_1_10' title="bbox 269 952 1935 1034">
     <span class='ocr_line' id='line_1_10' title="bbox 269 952 1935 1034; baseline -0.008 -12"><span class='ocrx_word' id='word_1_50' title='bbox 269 972 535 1022; x_wconf 86' lang='grc' dir='ltr'>τοσοῦτον</span> <span class='ocrx_word' id='word_1_51' title='bbox 597 964 793 1025; x_wconf 70' lang='grc' dir='ltr'>αὐτοὺς</span> <span class='ocrx_word' id='word_1_52' title='bbox 867 962 1244 1034; x_wconf 79' lang='grc' dir='ltr'>ἐλεημοσύνην</span> <span class='ocrx_word' id='word_1_53' title='bbox 1326 958 1770 1033; x_wconf 81' lang='grc' dir='ltr'>δαψιλεύσασθαι,</span> <span class='ocrx_word' id='word_1_54' title='bbox 1817 957 1845 1010; x_wconf 89' lang='grc' dir='ltr'>ὁ</span> <span class='ocrx_word' id='word_1_55' title='bbox 1879 952 1935 1010; x_wconf 76' lang='grc' dir='ltr'>δὲ</span> 
     </span>
    </p>
   </div>
   <div class='ocr_carea' id='block_1_11' title="bbox 270 1045 1933 1122">
    <p class='ocr_par' dir='ltr' id='par_1_11' title="bbox 270 1045 1933 1122">
     <span class='ocr_line' id='line_1_11' title="bbox 270 1045 1933 1122; baseline -0.008 -10"><span class='ocrx_word' id='word_1_56' title='bbox 270 1055 403 1112; x_wconf 75' lang='grc' dir='ltr'>οὐδὲ</span> <span class='ocrx_word' id='word_1_57' title='bbox 461 1054 680 1117; x_wconf 91' lang='grc' dir='ltr'>τούτοις</span> <span class='ocrx_word' id='word_1_58' title='bbox 733 1051 971 1122; x_wconf 71' lang='grc' dir='ltr'>ἠρκέσθη</span> <span class='ocrx_word' id='word_1_59' title='bbox 1006 1094 1021 1121; x_wconf 94' lang='grc'>,</span> <span class='ocrx_word' id='word_1_60' title='bbox 1080 1050 1207 1105; x_wconf 86' lang='grc' dir='ltr'>ἀλλ’</span> <span class='ocrx_word' id='word_1_61' title='bbox 1269 1048 1356 1103; x_wconf 78' lang='grc' dir='ltr'>ἐπὶ</span> <span class='ocrx_word' id='word_1_62' title='bbox 1408 1052 1477 1121; x_wconf 75' lang='grc' dir='ltr'>τῇ</span> <span class='ocrx_word' id='word_1_63' title='bbox 1532 1045 1933 1120; x_wconf 85' lang='grc' dir='ltr'>συμπληρώσει</span> 
     </span>
    </p>
   </div>
   <div class='ocr_carea' id='block_1_12' title="bbox 268 1134 1928 1216">
    <p class='ocr_par' dir='ltr' id='par_1_12' title="bbox 268 1134 1928 1216">
     <span class='ocr_line' id='line_1_12' title="bbox 268 1134 1928 1216; baseline -0.008 -16"><span class='ocrx_word' id='word_1_64' title='bbox 268 1153 374 1215; x_wconf 82' lang='grc' dir='ltr'>τῆς</span> <span class='ocrx_word' id='word_1_65' title='bbox 433 1141 687 1216; x_wconf 86' lang='grc' dir='ltr'>περίδου,</span> <span class='ocrx_word' id='word_1_66' title='bbox 744 1142 808 1196; x_wconf 86' lang='grc' dir='ltr'>τὸ</span> <span class='ocrx_word' id='word_1_67' title='bbox 871 1146 1053 1213; x_wconf 87' lang='grc' dir='ltr'>μεῖζον</span> <span class='ocrx_word' id='word_1_68' title='bbox 1123 1140 1340 1194; x_wconf 85' lang='grc' dir='ltr'>πάντων</span> <span class='ocrx_word' id='word_1_69' title='bbox 1395 1139 1622 1201; x_wconf 67' lang='grc' dir='ltr'>τέθεικε.</span> <span class='ocrx_word' id='word_1_70' title='bbox 1680 1134 1748 1192; x_wconf 87' lang='grc' dir='ltr'>Τί</span> <span class='ocrx_word' id='word_1_71' title='bbox 1802 1136 1928 1209; x_wconf 79' lang='grc' dir='ltr'>γάρ,</span> 
     </span>
    </p>
   </div>
   <div class='ocr_carea' id='block_1_13' title="bbox 270 1223 1928 1312">
    <p class='ocr_par' dir='ltr' id='par_1_13' title="bbox 270 1223 1928 1312">
     <span class='ocr_line' id='line_1_13' title="bbox 270 1223 1928 1312; baseline -0.007 -24"><span class='ocrx_word' id='word_1_72' title='bbox 270 1234 461 1312; x_wconf 73' lang='grc' dir='ltr'>φησὶν,</span> <span class='ocrx_word' id='word_1_73' title='bbox 520 1234 611 1303; x_wconf 74' lang='grc' dir='ltr'>ἢν,</span> <span class='ocrx_word' id='word_1_74' title='bbox 653 1232 682 1285; x_wconf 82' lang='grc' dir='ltr'>’ὁ</span> <span class='ocrx_word' id='word_1_75' title='bbox 718 1232 853 1285; x_wconf 85' lang='grc' dir='ltr'>κατὰ</span> <span class='ocrx_word' id='word_1_76' title='bbox 913 1227 1160 1301; x_wconf 87' lang='grc' dir='ltr'>δύναμιν,</span> <span class='ocrx_word' id='word_1_77' title='bbox 1221 1228 1310 1282; x_wconf 84' lang='grc' dir='ltr'>καὶ</span> <span class='ocrx_word' id='word_1_78' title='bbox 1367 1228 1498 1301; x_wconf 75' lang='grc' dir='ltr'>ὑπὲρ</span> <span class='ocrx_word' id='word_1_79' title='bbox 1553 1223 1780 1297; x_wconf 89' lang='grc' dir='ltr'>δύναμιν</span> <span class='ocrx_word' id='word_1_80' title='bbox 1839 1223 1928 1277; x_wconf 87' lang='grc' dir='ltr'>καὶ</span> 
     </span>
    </p>
   </div>
   <div class='ocr_carea' id='block_1_14' title="bbox 270 1312 1929 1396">
    <p class='ocr_par' dir='ltr' id='par_1_14' title="bbox 270 1312 1929 1396">
     <span class='ocr_line' id='line_1_14' title="bbox 270 1312 1929 1396; baseline -0.007 -19"><span class='ocrx_word' id='word_1_81' title='bbox 270 1322 611 1396; x_wconf 78' lang='grc' dir='ltr'>αὐθαίρετοι,</span> <span class='ocrx_word' id='word_1_82' title='bbox 668 1322 757 1374; x_wconf 87' lang='grc' dir='ltr'>καὶ</span> <span class='ocrx_word' id='word_1_83' title='bbox 846 1316 1309 1394; x_wconf 81' lang='grc' dir='ltr'>παρακαλοῦντες,</span> <span class='ocrx_word' id='word_1_84' title='bbox 1380 1318 1468 1371; x_wconf 87' lang='grc' dir='ltr'>καὶ</span> <span class='ocrx_word' id='word_1_85' title='bbox 1530 1313 1780 1389; x_wconf 87' lang='grc' dir='ltr'>δεόμενοι</span> <span class='ocrx_word' id='word_1_86' title='bbox 1838 1312 1929 1366; x_wconf 84' lang='grc' dir='ltr'>καὶ</span> 
     </span>
    </p>
   </div>
   <div class='ocr_carea' id='block_1_15' title="bbox 268 1401 1928 1486">
    <p class='ocr_par' dir='ltr' id='par_1_15' title="bbox 268 1401 1928 1486">
     <span class='ocr_line' id='line_1_15' title="bbox 268 1401 1928 1486; baseline -0.008 -19"><span class='ocrx_word' id='word_1_87' title='bbox 268 1414 399 1486; x_wconf 82' lang='grc' dir='ltr'>παρ’</span> <span class='ocrx_word' id='word_1_88' title='bbox 486 1409 711 1472; x_wconf 82' lang='grc' dir='ltr'>ἐλπίδας</span> <span class='ocrx_word' id='word_1_89' title='bbox 798 1409 1063 1477; x_wconf 88' lang='grc' dir='ltr'>ἐποίουν;</span> <span class='ocrx_word' id='word_1_90' title='bbox 1150 1410 1218 1461; x_wconf 78' lang='grc' dir='ltr'>’Ώ</span> <span class='ocrx_word' id='word_1_91' title='bbox 1298 1405 1527 1480; x_wconf 70' lang='grc' dir='ltr'>μέγεθος</span> <span class='ocrx_word' id='word_1_92' title='bbox 1586 1405 1782 1478; x_wconf 77' lang='grc' dir='ltr'>ἀρετῆς</span> <span class='ocrx_word' id='word_1_93' title='bbox 1837 1401 1928 1456; x_wconf 81' lang='grc' dir='ltr'>καὶ</span> 
     </span>
    </p>
   </div>
   <div class='ocr_carea' id='block_1_16' title="bbox 272 1491 1924 1575">
    <p class='ocr_par' dir='ltr' id='par_1_16' title="bbox 272 1491 1924 1575">
     <span class='ocr_line' id='line_1_16' title="bbox 272 1491 1924 1575; baseline -0.007 -17"><span class='ocrx_word' id='word_1_94' title='bbox 272 1500 657 1575; x_wconf 80' lang='grc' dir='ltr'>ἐλεημοσύνης</span> <span class='ocrx_word' id='word_1_95' title='bbox 727 1498 881 1569; x_wconf 65' lang='grc' dir='ltr'>ἀξίας</span> <span class='ocrx_word' id='word_1_96' title='bbox 951 1502 1059 1551; x_wconf 83' lang='grc' dir='ltr'>τῶν</span> <span class='ocrx_word' id='word_1_97' title='bbox 1145 1496 1245 1550; x_wconf 80' lang='grc' dir='ltr'>τοῦ</span> <span class='ocrx_word' id='word_1_98' title='bbox 1307 1494 1526 1550; x_wconf 78' lang='grc' dir='ltr'>Παύλου</span> <span class='ocrx_word' id='word_1_99' title='bbox 1584 1491 1924 1568; x_wconf 83' lang='grc' dir='ltr'>ἐγκωμίωνί</span> 
     </span>
    </p>
   </div>
   <div class='ocr_carea' id='block_1_17' title="bbox 272 1582 1922 1659">
    <p class='ocr_par' dir='ltr' id='par_1_17' title="bbox 272 1582 1922 1659">
     <span class='ocr_line' id='line_1_17' title="bbox 272 1582 1922 1659; baseline -0.01 -10"><span class='ocrx_word' id='word_1_100' title='bbox 272 1592 347 1649; x_wconf 78' lang='grc' dir='ltr'>Τί</span> <span class='ocrx_word' id='word_1_101' title='bbox 377 1592 441 1659; x_wconf 78' lang='grc' dir='ltr'>ἦν</span> <span class='ocrx_word' id='word_1_102' title='bbox 477 1592 503 1645; x_wconf 80' lang='grc' dir='ltr'><strong>ὃ</strong></span> <span class='ocrx_word' id='word_1_103' title='bbox 538 1588 755 1644; x_wconf 74' lang='grc' dir='ltr'>ἐποίουν</span> <span class='ocrx_word' id='word_1_104' title='bbox 794 1606 807 1655; x_wconf 88' lang='lat'>;</span> <span class='ocrx_word' id='word_1_105' title='bbox 842 1610 867 1641; x_wconf 81' lang='grc' dir='ltr'>ιι</span> <span class='ocrx_word' id='word_1_106' title='bbox 897 1584 1147 1644; x_wconf 86' lang='grc' dir='ltr'>’Έδωκαν</span> <span class='ocrx_word' id='word_1_107' title='bbox 1206 1584 1449 1651; x_wconf 73' lang='grc' dir='ltr'>ἑαυτοὺς,</span> <span class='ocrx_word' id='word_1_108' title='bbox 1511 1582 1666 1659; x_wconf 78' lang='grc' dir='ltr'>φησί,</span> <span class='ocrx_word' id='word_1_109' title='bbox 1707 1585 1922 1653; x_wconf 82' lang='grc' dir='ltr'>πρῶτον</span> 
     </span>
    </p>
   </div>
   <div class='ocr_carea' id='block_1_18' title="bbox 265 1667 1927 1753">
    <p class='ocr_par' dir='ltr' id='par_1_18' title="bbox 265 1667 1927 1753">
     <span class='ocr_line' id='line_1_18' title="bbox 265 1667 1927 1753; baseline -0.009 -17"><span class='ocrx_word' id='word_1_110' title='bbox 265 1686 354 1753; x_wconf 77' lang='grc' dir='ltr'>τῷ</span> <span class='ocrx_word' id='word_1_111' title='bbox 386 1682 574 1753; x_wconf 81' lang='grc' dir='ltr'>Κυρίῳ</span> <span class='ocrx_word' id='word_1_112' title='bbox 638 1677 729 1732; x_wconf 88' lang='grc' dir='ltr'>καὶ</span> <span class='ocrx_word' id='word_1_113' title='bbox 786 1676 947 1749; x_wconf 77' lang='grc' dir='ltr'>ἡμὶν,</span> <span class='ocrx_word' id='word_1_114' title='bbox 1007 1675 1094 1729; x_wconf 76' lang='grc' dir='ltr'>διὸ</span> <span class='ocrx_word' id='word_1_115' title='bbox 1164 1672 1480 1745; x_wconf 73' lang='grc' dir='ltr'>θελήματος</span> <span class='ocrx_word' id='word_1_116' title='bbox 1539 1673 1692 1726; x_wconf 87' lang='grc' dir='ltr'>Θεοῦ.</span> <span class='ocrx_word' id='word_1_117' title='bbox 1730 1694 1758 1721; x_wconf 88' lang='grc'><strong>››</strong></span> <span class='ocrx_word' id='word_1_118' title='bbox 1813 1667 1927 1725; x_wconf 80' lang='grc' dir='ltr'>Οὐκ</span> 
     </span>
    </p>
   </div>
   <div class='ocr_carea' id='block_1_19' title="bbox 266 1760 1921 1842">
    <p class='ocr_par' dir='ltr' id='par_1_19' title="bbox 266 1760 1921 1842">
     <span class='ocr_line' id='line_1_19' title="bbox 266 1760 1921 1842; baseline -0.008 -17"><span class='ocrx_word' id='word_1_119' title='bbox 266 1768 481 1826; x_wconf 81' lang='grc' dir='ltr'>ἔδωκαν</span> <span class='ocrx_word' id='word_1_120' title='bbox 517 1771 679 1842; x_wconf 70' lang='grc' dir='ltr'>μέρος</span> <span class='ocrx_word' id='word_1_121' title='bbox 710 1789 785 1835; x_wconf 89' lang='grc' dir='ltr'>τι,</span> <span class='ocrx_word' id='word_1_122' title='bbox 823 1767 914 1820; x_wconf 83' lang='grc' dir='ltr'>καὶ</span> <span class='ocrx_word' id='word_1_123' title='bbox 977 1766 1139 1839; x_wconf 78' lang='grc' dir='ltr'>μέρος</span> <span class='ocrx_word' id='word_1_124' title='bbox 1169 1763 1294 1834; x_wconf 75' lang='lat' dir='ltr'>mop’</span> <span class='ocrx_word' id='word_1_125' title='bbox 1362 1762 1574 1823; x_wconf 72' lang='grc' dir='ltr'>ἑαυτοῖς</span> <span class='ocrx_word' id='word_1_126' title='bbox 1629 1760 1921 1832; x_wconf 78' lang='grc' dir='ltr'>κατέσχον,</span> 
     </span>
    </p>
   </div>
   <div class='ocr_carea' id='block_1_20' title="bbox 2047 598 3691 677">
    <p class='ocr_par' dir='ltr' id='par_1_20' title="bbox 2047 598 3691 677">
     <span class='ocr_line' id='line_1_20' title="bbox 2047 598 3691 677; baseline 0.007 -26"><span class='ocrx_word' id='word_1_127' title='bbox 2047 598 2188 653; x_wconf 90' lang='lat' dir='ltr'>bant</span> <span class='ocrx_word' id='word_1_128' title='bbox 2212 616 2225 654; x_wconf 92' lang='lat'>:</span> <span class='ocrx_word' id='word_1_129' title='bbox 2258 617 2367 655; x_wconf 89' lang='lat' dir='ltr'>nec</span> <span class='ocrx_word' id='word_1_130' title='bbox 2389 602 2739 672; x_wconf 80' lang='lat' dir='ltr'>quieverunt</span> <span class='ocrx_word' id='word_1_131' title='bbox 2758 619 2792 657; x_wconf 89' lang='lat' dir='ltr'>a</span> <span class='ocrx_word' id='word_1_132' title='bbox 2812 603 3107 673; x_wconf 82' lang='lat' dir='ltr'>precibus.</span> <span class='ocrx_word' id='word_1_133' title='bbox 3138 606 3452 677; x_wconf 79' lang='lat' dir='ltr'>Rogantes,</span> <span class='ocrx_word' id='word_1_134' title='bbox 3477 606 3691 677; x_wconf 83' lang='lat' dir='ltr'>inquit,</span> 
     </span>
    </p>
   </div>
   <div class='ocr_carea' id='block_1_21' title="bbox 2046 690 3694 765">
    <p class='ocr_par' dir='ltr' id='par_1_21' title="bbox 2046 690 3694 765">
     <span class='ocr_line' id='line_1_21' title="bbox 2046 690 3694 765; baseline 0.006 -25"><span class='ocrx_word' id='word_1_135' title='bbox 2046 703 2174 744; x_wconf 88' lang='lat' dir='ltr'>nos.</span> <span class='ocrx_word' id='word_1_136' title='bbox 2205 690 2485 754; x_wconf 91' lang='lat' dir='ltr'>Quintum</span> <span class='ocrx_word' id='word_1_137' title='bbox 2510 691 2668 762; x_wconf 91' lang='lat' dir='ltr'>quod</span> <span class='ocrx_word' id='word_1_138' title='bbox 2702 691 2879 746; x_wconf 91' lang='lat' dir='ltr'>etiam</span> <span class='ocrx_word' id='word_1_139' title='bbox 2910 709 3087 763; x_wconf 86' lang='lat' dir='ltr'>supra</span> <span class='ocrx_word' id='word_1_140' title='bbox 3108 709 3176 747; x_wconf 91' lang='lat' dir='ltr'>ea</span> <span class='ocrx_word' id='word_1_141' title='bbox 3196 710 3327 762; x_wconf 80' lang='lat' dir='ltr'>quae</span> <span class='ocrx_word' id='word_1_142' title='bbox 3360 701 3694 765; x_wconf 80' lang='lat' dir='ltr'>speraverat</span> 
     </span>
    </p>
   </div>
   <div class='ocr_carea' id='block_1_22' title="bbox 2046 778 3688 857">
    <p class='ocr_par' dir='ltr' id='par_1_22' title="bbox 2046 778 3688 857">
     <span class='ocr_line' id='line_1_22' title="bbox 2046 778 3688 857; baseline 0.007 -27"><span class='ocrx_word' id='word_1_143' title='bbox 2046 778 2280 833; x_wconf 89' lang='lat' dir='ltr'>Paulus.</span> <span class='ocrx_word' id='word_1_144' title='bbox 2318 781 2458 835; x_wconf 87' lang='lat' dir='ltr'>Vide</span> <span class='ocrx_word' id='word_1_145' title='bbox 2486 798 2599 851; x_wconf 92' lang='lat' dir='ltr'>quo</span> <span class='ocrx_word' id='word_1_146' title='bbox 2632 798 2753 835; x_wconf 88' lang='lat' dir='ltr'>rem</span> <span class='ocrx_word' id='word_1_147' title='bbox 2815 782 3202 852; x_wconf 86' lang='lat' dir='ltr'>produxerit:</span> <span class='ocrx_word' id='word_1_148' title='bbox 3254 786 3323 838; x_wconf 89' lang='lat' dir='ltr'>Et</span> <span class='ocrx_word' id='word_1_149' title='bbox 3372 787 3688 857; x_wconf 86' lang='lat' dir='ltr'>meipsum,</span> 
     </span>
    </p>
   </div>
   <div class='ocr_carea' id='block_1_23' title="bbox 2043 868 3690 946">
    <p class='ocr_par' dir='ltr' id='par_1_23' title="bbox 2043 868 3690 946">
     <span class='ocr_line' id='line_1_23' title="bbox 2043 868 3690 946; baseline 0.005 -25"><span class='ocrx_word' id='word_1_150' title='bbox 2043 868 2254 939; x_wconf 85' lang='lat' dir='ltr'>inquit,</span> <span class='ocrx_word' id='word_1_151' title='bbox 2300 872 2488 941; x_wconf 88' lang='lat' dir='ltr'>magis</span> <span class='ocrx_word' id='word_1_152' title='bbox 2545 872 2988 939; x_wconf 74' lang='lat' dir='ltr'>magnanimum</span> <span class='ocrx_word' id='word_1_153' title='bbox 3036 873 3463 940; x_wconf 86' lang='lat' dir='ltr'>reddiderunt;</span> <span class='ocrx_word' id='word_1_154' title='bbox 3496 893 3690 946; x_wconf 89' lang='lat' dir='ltr'>neque</span> 
     </span>
    </p>
   </div>
   <div class='ocr_carea' id='block_1_24' title="bbox 2044 958 3689 1031">
    <p class='ocr_par' dir='ltr' id='par_1_24' title="bbox 2044 958 3689 1031">
     <span class='ocr_line' id='line_1_24' title="bbox 2044 958 3689 1031; baseline 0.005 -20"><span class='ocrx_word' id='word_1_155' title='bbox 2044 958 2201 1012; x_wconf 89' lang='lat' dir='ltr'>enim</span> <span class='ocrx_word' id='word_1_156' title='bbox 2221 974 2325 1030; x_wconf 85' lang='lat' dir='ltr'>ego</span> <span class='ocrx_word' id='word_1_157' title='bbox 2350 960 2476 1029; x_wconf 91' lang='lat' dir='ltr'>ipse</span> <span class='ocrx_word' id='word_1_158' title='bbox 2519 960 2829 1031; x_wconf 87' lang='lat' dir='ltr'>sperabam</span> <span class='ocrx_word' id='word_1_159' title='bbox 2890 962 3046 1031; x_wconf 89' lang='lat' dir='ltr'>quod</span> <span class='ocrx_word' id='word_1_160' title='bbox 3104 967 3226 1017; x_wconf 84' lang='lat' dir='ltr'>tam</span> <span class='ocrx_word' id='word_1_161' title='bbox 3287 963 3689 1020; x_wconf 86' lang='lat' dir='ltr'>abundantem</span> 
     </span>
    </p>
   </div>
   <div class='ocr_carea' id='block_1_25' title="bbox 2041 1044 3689 1123">
    <p class='ocr_par' dir='ltr' id='par_1_25' title="bbox 2041 1044 3689 1123">
     <span class='ocr_line' id='line_1_25' title="bbox 2041 1044 3689 1123; baseline 0.007 -25"><span class='ocrx_word' id='word_1_162' title='bbox 2041 1044 2482 1117; x_wconf 85' lang='lat' dir='ltr'>eleemosynam</span> <span class='ocrx_word' id='word_1_163' title='bbox 2506 1054 2785 1118; x_wconf 66' lang='lat' dir='ltr'>prasstare</span> <span class='ocrx_word' id='word_1_164' title='bbox 2808 1054 3070 1120; x_wconf 82' lang='lat' dir='ltr'>possent.</span> <span class='ocrx_word' id='word_1_165' title='bbox 3100 1053 3173 1106; x_wconf 86' lang='lat' dir='ltr'>At</span> <span class='ocrx_word' id='word_1_166' title='bbox 3195 1068 3267 1107; x_wconf 93' lang='lat' dir='ltr'>ne</span> <span class='ocrx_word' id='word_1_167' title='bbox 3301 1053 3425 1107; x_wconf 74' lang='lat' dir='ltr'>haec</span> <span class='ocrx_word' id='word_1_168' title='bbox 3449 1054 3689 1123; x_wconf 89' lang='lat' dir='ltr'>quidem</span> 
     </span>
    </p>
   </div>
   <div class='ocr_carea' id='block_1_26' title="bbox 2041 1133 3687 1215">
    <p class='ocr_par' dir='ltr' id='par_1_26' title="bbox 2041 1133 3687 1215">
     <span class='ocr_line' id='line_1_26' title="bbox 2041 1133 3687 1215; baseline 0.007 -28"><span class='ocrx_word' id='word_1_169' title='bbox 2041 1133 2128 1189; x_wconf 89' lang='lat' dir='ltr'>illi</span> <span class='ocrx_word' id='word_1_170' title='bbox 2161 1137 2303 1191; x_wconf 80' lang='lat' dir='ltr'>satis</span> <span class='ocrx_word' id='word_1_171' title='bbox 2333 1137 2594 1205; x_wconf 86' lang='lat' dir='ltr'>fuerunt,</span> <span class='ocrx_word' id='word_1_172' title='bbox 2650 1140 2753 1194; x_wconf 87' lang='lat' dir='ltr'>sed</span> <span class='ocrx_word' id='word_1_173' title='bbox 2801 1140 2873 1194; x_wconf 89' lang='lat' dir='ltr'>ad</span> <span class='ocrx_word' id='word_1_174' title='bbox 2922 1141 3425 1212; x_wconf 87' lang='lat' dir='ltr'>complementum</span> <span class='ocrx_word' id='word_1_175' title='bbox 3458 1144 3687 1215; x_wconf 86' lang='lat' dir='ltr'>periodi</span> 
     </span>
    </p>
   </div>
   <div class='ocr_carea' id='block_1_27' title="bbox 2041 1225 3691 1300">
    <p class='ocr_par' dir='ltr' id='par_1_27' title="bbox 2041 1225 3691 1300">
     <span class='ocr_line' id='line_1_27' title="bbox 2041 1225 3691 1300; baseline 0.006 -22"><span class='ocrx_word' id='word_1_176' title='bbox 2041 1225 2198 1295; x_wconf 91' lang='lat' dir='ltr'>quod</span> <span class='ocrx_word' id='word_1_177' title='bbox 2221 1226 2498 1281; x_wconf 89' lang='lat' dir='ltr'>omnibus</span> <span class='ocrx_word' id='word_1_178' title='bbox 2522 1230 2714 1299; x_wconf 87' lang='lat' dir='ltr'>majus</span> <span class='ocrx_word' id='word_1_179' title='bbox 2740 1234 2830 1283; x_wconf 91' lang='lat' dir='ltr'>est</span> <span class='ocrx_word' id='word_1_180' title='bbox 2850 1230 3065 1300; x_wconf 89' lang='lat' dir='ltr'>posuit.</span> <span class='ocrx_word' id='word_1_181' title='bbox 3087 1231 3237 1295; x_wconf 88' lang='lat' dir='ltr'>Quid</span> <span class='ocrx_word' id='word_1_182' title='bbox 3261 1232 3417 1286; x_wconf 91' lang='lat' dir='ltr'>enim</span> <span class='ocrx_word' id='word_1_183' title='bbox 3448 1233 3582 1300; x_wconf 81' lang='lat' dir='ltr'>fuit,</span> <span class='ocrx_word' id='word_1_184' title='bbox 3605 1234 3691 1288; x_wconf 91' lang='lat' dir='ltr'>in-</span> 
     </span>
    </p>
   </div>
   <div class='ocr_carea' id='block_1_28' title="bbox 2040 1315 3690 1390">
    <p class='ocr_par' dir='ltr' id='par_1_28' title="bbox 2040 1315 3690 1390">
     <span class='ocr_line' id='line_1_28' title="bbox 2040 1315 3690 1390; baseline 0.006 -24"><span class='ocrx_word' id='word_1_185' title='bbox 2040 1315 2185 1384; x_wconf 89' lang='lat' dir='ltr'>quit,</span> <span class='ocrx_word' id='word_1_186' title='bbox 2220 1316 2378 1385; x_wconf 92' lang='lat' dir='ltr'>quod</span> <span class='ocrx_word' id='word_1_187' title='bbox 2400 1317 2573 1387; x_wconf 84' lang='lat' dir='ltr'>juxta</span> <span class='ocrx_word' id='word_1_188' title='bbox 2590 1318 2742 1373; x_wconf 91' lang='lat' dir='ltr'>vires</span> <span class='ocrx_word' id='word_1_189' title='bbox 2762 1320 3214 1390; x_wconf 25' lang='lat' dir='ltr'>etasupravires,</span> <span class='ocrx_word' id='word_1_190' title='bbox 3245 1322 3599 1385; x_wconf 84' lang='lat' dir='ltr'>etultronei,</span> <span class='ocrx_word' id='word_1_191' title='bbox 3633 1328 3690 1378; x_wconf 91' lang='lat' dir='ltr'>et</span> 
     </span>
    </p>
   </div>
   <div class='ocr_carea' id='block_1_29' title="bbox 2037 1402 3689 1481">
    <p class='ocr_par' dir='ltr' id='par_1_29' title="bbox 2037 1402 3689 1481">
     <span class='ocr_line' id='line_1_29' title="bbox 2037 1402 3689 1481; baseline 0.007 -26"><span class='ocrx_word' id='word_1_192' title='bbox 2037 1402 2403 1458; x_wconf 87' lang='lat' dir='ltr'>obtestantes</span> <span class='ocrx_word' id='word_1_193' title='bbox 2435 1422 2501 1459; x_wconf 88' lang='lat' dir='ltr'>ac</span> <span class='ocrx_word' id='word_1_194' title='bbox 2546 1413 2806 1475; x_wconf 82' lang='lat' dir='ltr'>orantes,</span> <span class='ocrx_word' id='word_1_195' title='bbox 2842 1413 2897 1462; x_wconf 86' lang='lat' dir='ltr'>et</span> <span class='ocrx_word' id='word_1_196' title='bbox 2928 1408 3060 1479; x_wconf 93' lang='lat' dir='ltr'>plus</span> <span class='ocrx_word' id='word_1_197' title='bbox 3092 1425 3271 1479; x_wconf 90' lang='lat' dir='ltr'>quam</span> <span class='ocrx_word' id='word_1_198' title='bbox 3313 1426 3689 1481; x_wconf 90' lang='lat' dir='ltr'>speraremus</span> 
     </span>
    </p>
   </div>
   <div class='ocr_carea' id='block_1_30' title="bbox 2036 1492 3686 1573">
    <p class='ocr_par' dir='ltr' id='par_1_30' title="bbox 2036 1492 3686 1573">
     <span class='ocr_line' id='line_1_30' title="bbox 2036 1492 3686 1573; baseline 0.005 -25"><span class='ocrx_word' id='word_1_199' title='bbox 2036 1492 2355 1548; x_wconf 80' lang='lat' dir='ltr'>fecerunt?</span> <span class='ocrx_word' id='word_1_200' title='bbox 2386 1496 2427 1549; x_wconf 94' lang='grc' dir='ltr'>Ο</span> <span class='ocrx_word' id='word_1_201' title='bbox 2451 1497 2921 1568; x_wconf 82' lang='lat' dir='ltr'>magnitudinem</span> <span class='ocrx_word' id='word_1_202' title='bbox 2945 1499 3177 1554; x_wconf 85' lang='lat' dir='ltr'>virtutis</span> <span class='ocrx_word' id='word_1_203' title='bbox 3205 1517 3272 1554; x_wconf 90' lang='lat' dir='ltr'>ac</span> <span class='ocrx_word' id='word_1_204' title='bbox 3294 1501 3686 1573; x_wconf 74' lang='lat' dir='ltr'>eleemosynm</span> 
     </span>
    </p>
   </div>
   <div class='ocr_carea' id='block_1_31' title="bbox 2035 1581 3683 1660">
    <p class='ocr_par' dir='ltr' id='par_1_31' title="bbox 2035 1581 3683 1660">
     <span class='ocr_line' id='line_1_31' title="bbox 2035 1581 3683 1660; baseline 0.005 -26"><span class='ocrx_word' id='word_1_205' title='bbox 2035 1581 2224 1653; x_wconf 69' lang='lat' dir='ltr'>dignae</span> <span class='ocrx_word' id='word_1_206' title='bbox 2258 1600 2398 1638; x_wconf 89' lang='lat' dir='ltr'>sane</span> <span class='ocrx_word' id='word_1_207' title='bbox 2428 1586 2593 1639; x_wconf 86' lang='lat' dir='ltr'>Pauli</span> <span class='ocrx_word' id='word_1_208' title='bbox 2626 1588 2951 1642; x_wconf 86' lang='lat' dir='ltr'>encomiis!</span> <span class='ocrx_word' id='word_1_209' title='bbox 2992 1589 3141 1653; x_wconf 89' lang='lat' dir='ltr'>Quid</span> <span class='ocrx_word' id='word_1_210' title='bbox 3184 1596 3273 1644; x_wconf 89' lang='lat' dir='ltr'>est</span> <span class='ocrx_word' id='word_1_211' title='bbox 3328 1590 3478 1645; x_wconf 90' lang='lat' dir='ltr'>illud</span> <span class='ocrx_word' id='word_1_212' title='bbox 3524 1590 3683 1660; x_wconf 90' lang='lat' dir='ltr'>quod</span> 
     </span>
    </p>
   </div>
   <div class='ocr_carea' id='block_1_32' title="bbox 2032 1671 3681 1751">
    <p class='ocr_par' dir='ltr' id='par_1_32' title="bbox 2032 1671 3681 1751">
     <span class='ocr_line' id='line_1_32' title="bbox 2032 1671 3681 1751; baseline 0.007 -27"><span class='ocrx_word' id='word_1_213' title='bbox 2032 1671 2301 1727; x_wconf 89' lang='lat' dir='ltr'>fecerunt</span> <span class='ocrx_word' id='word_1_214' title='bbox 2324 1673 2393 1727; x_wconf 81' lang='lat'>?«</span> <span class='ocrx_word' id='word_1_215' title='bbox 2428 1675 2663 1746; x_wconf 88' lang='lat' dir='ltr'>Seipsos</span> <span class='ocrx_word' id='word_1_216' title='bbox 2696 1678 2910 1748; x_wconf 90' lang='lat' dir='ltr'>inquit,</span> <span class='ocrx_word' id='word_1_217' title='bbox 2945 1680 3253 1747; x_wconf 87' lang='lat' dir='ltr'>dederunt,</span> <span class='ocrx_word' id='word_1_218' title='bbox 3282 1682 3541 1751; x_wconf 91' lang='lat' dir='ltr'>primum</span> <span class='ocrx_word' id='word_1_219' title='bbox 3568 1683 3681 1736; x_wconf 93' lang='lat' dir='ltr'>Do-</span> 
     </span>
    </p>
   </div>
   <div class='ocr_carea' id='block_1_33' title="bbox 2031 1759 3675 1837">
    <p class='ocr_par' dir='ltr' id='par_1_33' title="bbox 2031 1759 3675 1837">
     <span class='ocr_line' id='line_1_33' title="bbox 2031 1759 3675 1837; baseline 0.009 -25"><span class='ocrx_word' id='word_1_220' title='bbox 2031 1759 2218 1826; x_wconf 89' lang='lat' dir='ltr'>mino,</span> <span class='ocrx_word' id='word_1_221' title='bbox 2253 1762 2467 1817; x_wconf 91' lang='lat' dir='ltr'>deinde</span> <span class='ocrx_word' id='word_1_222' title='bbox 2497 1769 2554 1817; x_wconf 95' lang='lat' dir='ltr'>et</span> <span class='ocrx_word' id='word_1_223' title='bbox 2582 1765 2755 1820; x_wconf 87' lang='lat' dir='ltr'>nobis</span> <span class='ocrx_word' id='word_1_224' title='bbox 2785 1783 2891 1837; x_wconf 82' lang='lat' dir='ltr'>per</span> <span class='ocrx_word' id='word_1_225' title='bbox 2920 1768 3281 1825; x_wconf 79' lang='lat' dir='ltr'>voluntatem</span> <span class='ocrx_word' id='word_1_226' title='bbox 3314 1772 3437 1825; x_wconf 90' lang='lat' dir='ltr'>Dei.</span> <span class='ocrx_word' id='word_1_227' title='bbox 3464 1793 3491 1820; x_wconf 84' lang='lat'>»</span> <span class='ocrx_word' id='word_1_228' title='bbox 3548 1772 3675 1826; x_wconf 88' lang='lat' dir='ltr'>Non</span> 
     </span>
    </p>
   </div>
   <div class='ocr_carea' id='block_1_34' title="bbox 267 1846 1907 1947">
    <p class='ocr_par' dir='ltr' id='par_1_34' title="bbox 267 1846 1907 1947">
     <span class='ocr_line' id='line_1_34' title="bbox 267 1846 1907 1947; baseline -0.009 -32"><span class='ocrx_word' id='word_1_229' title='bbox 267 1858 401 1915; x_wconf 79' lang='grc' dir='ltr'>ἀλλ’</span> <span class='ocrx_word' id='word_1_230' title='bbox 459 1858 681 1921; x_wconf 74' lang='grc' dir='ltr'>ἑαυτοὺς</span> <span class='ocrx_word' id='word_1_231' title='bbox 738 1857 901 1916; x_wconf 82' lang='grc' dir='ltr'>ὅλους</span> <span class='ocrx_word' id='word_1_232' title='bbox 969 1858 1049 1925; x_wconf 78' lang='grc' dir='ltr'>τῷ</span> <span class='ocrx_word' id='word_1_233' title='bbox 1108 1853 1311 1927; x_wconf 83' lang='grc' dir='ltr'>Κυρίῳ,</span> <span class='ocrx_word' id='word_1_234' title='bbox 1365 1849 1579 1919; x_wconf 75' lang='grc' dir='ltr'>ὡσανεὶ,</span> <span class='ocrx_word' id='word_1_235' title='bbox 1617 1846 1907 1947; x_wconf 43' lang='lat' dir='ltr'>‘063é&#39;1c‘zg</span> 
     </span>
    </p>
   </div>
   <div class='ocr_carea' id='block_1_35' title="bbox 2020 1846 3669 1947">
    <p class='ocr_par' dir='ltr' id='par_1_35' title="bbox 2030 1853 3669 1928">
     <span class='ocr_line' id='line_1_35' title="bbox 2030 1853 3669 1928; baseline 0.008 -25"><span class='ocrx_word' id='word_1_236' title='bbox 2030 1856 2259 1920; x_wconf 90' lang='lat' dir='ltr'>partem</span> <span class='ocrx_word' id='word_1_237' title='bbox 2291 1853 2552 1923; x_wconf 89' lang='lat' dir='ltr'>aliquam</span> <span class='ocrx_word' id='word_1_238' title='bbox 2583 1856 2873 1910; x_wconf 91' lang='lat' dir='ltr'>dederunt</span> <span class='ocrx_word' id='word_1_239' title='bbox 2920 1863 2977 1911; x_wconf 94' lang='lat' dir='ltr'>et</span> <span class='ocrx_word' id='word_1_240' title='bbox 3004 1865 3232 1928; x_wconf 90' lang='lat' dir='ltr'>partem</span> <span class='ocrx_word' id='word_1_241' title='bbox 3265 1860 3372 1915; x_wconf 89' lang='lat' dir='ltr'>sibi</span> <span class='ocrx_word' id='word_1_242' title='bbox 3406 1861 3669 1916; x_wconf 90' lang='lat' dir='ltr'>retinue—</span> 
     </span>
    </p>
   </div>
   <div class='ocr_carea' id='block_1_36' title="bbox 263 1935 1914 2025">
    <p class='ocr_par' dir='ltr' id='par_1_36' title="bbox 263 1935 1914 2025">
     <span class='ocr_line' id='line_1_36' title="bbox 263 1935 1914 2025; baseline -0.008 -22"><span class='ocrx_word' id='word_1_243' title='bbox 263 1953 366 2005; x_wconf 86' lang='grc' dir='ltr'>τοῦ</span> <span class='ocrx_word' id='word_1_244' title='bbox 420 1952 515 2021; x_wconf 75' lang='grc' dir='ltr'>ζῇν</span> <span class='ocrx_word' id='word_1_245' title='bbox 599 1945 847 2025; x_wconf 74' lang='grc' dir='ltr'>ἀφορμάς</span> <span class='ocrx_word' id='word_1_246' title='bbox 906 1944 1119 2004; x_wconf 63' lang='grc' dir='ltr'>ἑαυτοῖς</span> <span class='ocrx_word' id='word_1_247' title='bbox 1171 1939 1482 2009; x_wconf 79' lang='grc' dir='ltr'>κατέλιπον,</span> <span class='ocrx_word' id='word_1_248' title='bbox 1537 1936 1683 1993; x_wconf 81' lang='grc' dir='ltr'>ἀλλά</span> <span class='ocrx_word' id='word_1_249' title='bbox 1740 1935 1914 1991; x_wconf 87' lang='grc' dir='ltr'>πάντα</span> 
     </span>
    </p>
   </div>
   <div class='ocr_carea' id='block_1_37' title="bbox 271 2023 1912 2106">
    <p class='ocr_par' dir='ltr' id='par_1_37' title="bbox 271 2023 1912 2106">
     <span class='ocr_line' id='line_1_37' title="bbox 271 2023 1912 2106; baseline -0.008 -14"><span class='ocrx_word' id='word_1_250' title='bbox 271 2036 489 2105; x_wconf 84' lang='grc' dir='ltr'>δόντες,</span> <span class='ocrx_word' id='word_1_251' title='bbox 546 2023 655 2105; x_wconf 79' lang='grc' dir='ltr'>τήν</span> <span class='ocrx_word' id='word_1_252' title='bbox 699 2036 900 2090; x_wconf 79' lang='grc' dir='ltr'>ὲαυτῶν</span> <span class='ocrx_word' id='word_1_253' title='bbox 960 2033 1218 2106; x_wconf 84' lang='grc' dir='ltr'>πρόνοιαν</span> <span class='ocrx_word' id='word_1_254' title='bbox 1276 2036 1447 2085; x_wconf 80' lang='grc' dir='ltr'>πᾶσαν</span> <span class='ocrx_word' id='word_1_255' title='bbox 1503 2028 1592 2082; x_wconf 79' lang='grc' dir='ltr'>καὶ</span> <span class='ocrx_word' id='word_1_256' title='bbox 1650 2023 1912 2103; x_wconf 79' lang='grc' dir='ltr'>φροντίδα</span> 
     </span>
    </p>
   </div>
   <div class='ocr_carea' id='block_1_38' title="bbox 263 2115 1911 2197">
    <p class='ocr_par' dir='ltr' id='par_1_38' title="bbox 263 2115 1911 2197">
     <span class='ocr_line' id='line_1_38' title="bbox 263 2115 1911 2197; baseline -0.008 -15"><span class='ocrx_word' id='word_1_257' title='bbox 263 2127 517 2190; x_wconf 77' lang='grc' dir='ltr'>ἀνέθεντο</span> <span class='ocrx_word' id='word_1_258' title='bbox 546 2130 628 2197; x_wconf 78' lang='grc' dir='ltr'>τῷ</span> <span class='ocrx_word' id='word_1_259' title='bbox 672 2124 881 2195; x_wconf 85' lang='grc' dir='ltr'>Κυρίῳ.</span> <span class='ocrx_word' id='word_1_260' title='bbox 944 2123 1037 2177; x_wconf 86' lang='grc' dir='ltr'>Διὸ</span> <span class='ocrx_word' id='word_1_261' title='bbox 1083 2121 1172 2175; x_wconf 85' lang='grc' dir='ltr'>καὶ</span> <span class='ocrx_word' id='word_1_262' title='bbox 1228 2121 1290 2174; x_wconf 88' lang='grc' dir='ltr'>τὸ</span> <span class='ocrx_word' id='word_1_263' title='bbox 1349 2118 1576 2193; x_wconf 67' lang='grc' dir='ltr'>μέγεθος</span> <span class='ocrx_word' id='word_1_264' title='bbox 1636 2116 1824 2171; x_wconf 82' lang='grc' dir='ltr'>ἐννοῶν</span> <span class='ocrx_word' id='word_1_265' title='bbox 1884 2115 1911 2169; x_wconf 92' lang='grc' dir='ltr'>ὁ</span> 
     </span>
    </p>
   </div>
   <div class='ocr_carea' id='block_1_39' title="bbox 262 2204 1913 2287">
    <p class='ocr_par' dir='ltr' id='par_1_39' title="bbox 262 2204 1913 2287">
     <span class='ocr_line' id='line_1_39' title="bbox 262 2204 1913 2287; baseline -0.01 -14"><span class='ocrx_word' id='word_1_266' title='bbox 262 2216 485 2278; x_wconf 77' lang='grc' dir='ltr'>Παῦλος</span> <span class='ocrx_word' id='word_1_267' title='bbox 519 2219 621 2269; x_wconf 64' lang='grc' dir='ltr'>τοί)</span> <span class='ocrx_word' id='word_1_268' title='bbox 650 2213 1096 2287; x_wconf 82' lang='grc' dir='ltr'>καθορθώματος,</span> <span class='ocrx_word' id='word_1_269' title='bbox 1149 2209 1354 2282; x_wconf 81' lang='grc' dir='ltr'>ἐπάγει.</span> <span class='ocrx_word' id='word_1_270' title='bbox 1406 2232 1432 2259; x_wconf 86' lang='grc'>‹‹</span> <span class='ocrx_word' id='word_1_271' title='bbox 1469 2207 1567 2262; x_wconf 83' lang='grc' dir='ltr'>Διὰ</span> <span class='ocrx_word' id='word_1_272' title='bbox 1600 2204 1913 2278; x_wconf 76' lang='grc' dir='ltr'>θελήματος</span> 
     </span>
    </p>
   </div>
   <div class='ocr_carea' id='block_1_40' title="bbox 263 2295 1909 2372">
    <p class='ocr_par' dir='ltr' id='par_1_40' title="bbox 263 2295 1909 2372">
     <span class='ocr_line' id='line_1_40' title="bbox 263 2295 1909 2372; baseline -0.01 -9"><span class='ocrx_word' id='word_1_273' title='bbox 263 2312 425 2364; x_wconf 86' lang='grc' dir='ltr'>Θεοῦ.</span> <span class='ocrx_word' id='word_1_274' title='bbox 459 2330 487 2357; x_wconf 78' lang='grc'><strong>››</strong></span> <span class='ocrx_word' id='word_1_275' title='bbox 550 2305 695 2361; x_wconf 87' lang='grc' dir='ltr'>Ἀντὶ</span> <span class='ocrx_word' id='word_1_276' title='bbox 747 2303 867 2372; x_wconf 85' lang='grc' dir='ltr'>τοῦ,</span> <span class='ocrx_word' id='word_1_277' title='bbox 926 2303 1017 2370; x_wconf 77' lang='grc' dir='ltr'>Μή</span> <span class='ocrx_word' id='word_1_278' title='bbox 1093 2298 1398 2372; x_wconf 82' lang='grc' dir='ltr'>θαυμάσης,</span> <span class='ocrx_word' id='word_1_279' title='bbox 1458 2295 1726 2370; x_wconf 76' lang='grc' dir='ltr'>ἄνθρωπε·</span> <span class='ocrx_word' id='word_1_280' title='bbox 1783 2295 1909 2348; x_wconf 83' lang='grc' dir='ltr'>Θεὸν</span> 
     </span>
    </p>
   </div>
   <div class='ocr_carea' id='block_1_41' title="bbox 265 2380 1913 2472">
    <p class='ocr_par' dir='ltr' id='par_1_41' title="bbox 265 2380 1913 2472">
     <span class='ocr_line' id='line_1_41' title="bbox 265 2380 1913 2472; baseline -0.01 -20"><span class='ocrx_word' id='word_1_281' title='bbox 265 2399 426 2472; x_wconf 74' lang='grc' dir='ltr'>εἶχον</span> <span class='ocrx_word' id='word_1_282' title='bbox 460 2394 736 2468; x_wconf 81' lang='grc' dir='ltr'>συνεργὸν,</span> <span class='ocrx_word' id='word_1_283' title='bbox 796 2396 986 2447; x_wconf 84' lang='grc' dir='ltr'>τοῦτον</span> <span class='ocrx_word' id='word_1_284' title='bbox 1050 2388 1140 2444; x_wconf 79' lang='grc' dir='ltr'>διὰ</span> <span class='ocrx_word' id='word_1_285' title='bbox 1191 2392 1292 2452; x_wconf 82' lang='grc' dir='ltr'>τῆς</span> <span class='ocrx_word' id='word_1_286' title='bbox 1346 2385 1713 2459; x_wconf 75' lang='grc' dir='ltr'>προαιρέσεως</span> <span class='ocrx_word' id='word_1_287' title='bbox 1754 2380 1913 2461; x_wconf 70' lang='grc' dir='ltr'>ἐφελ-</span> 
     </span>
    </p>
   </div>
   <div class='ocr_carea' id='block_1_42' title="bbox 260 2472 1906 2559">
    <p class='ocr_par' dir='ltr' id='par_1_42' title="bbox 260 2472 1906 2559">
     <span class='ocr_line' id='line_1_42' title="bbox 260 2472 1906 2559; baseline -0.01 -16"><span class='ocrx_word' id='word_1_288' title='bbox 260 2489 581 2559; x_wconf 80' lang='grc' dir='ltr'>κυσάμενοι.</span> <span class='ocrx_word' id='word_1_289' title='bbox 616 2488 779 2548; x_wconf 79' lang='grc' dir='ltr'>Ἔνθα</span> <span class='ocrx_word' id='word_1_290' title='bbox 811 2481 868 2537; x_wconf 74' lang='grc' dir='ltr'>δὲ</span> <span class='ocrx_word' id='word_1_291' title='bbox 923 2483 1053 2542; x_wconf 85' lang='grc' dir='ltr'>Θεὸς</span> <span class='ocrx_word' id='word_1_292' title='bbox 1111 2482 1354 2553; x_wconf 83' lang='grc' dir='ltr'>συνεργεῖ</span> <span class='ocrx_word' id='word_1_293' title='bbox 1405 2472 1559 2531; x_wconf 72' lang='grc' dir='ltr'>οὐδὲν</span> <span class='ocrx_word' id='word_1_294' title='bbox 1626 2472 1906 2529; x_wconf 86' lang='grc' dir='ltr'>ἀδύνατον.</span> 
     </span>
    </p>
   </div>
   <div class='ocr_carea' id='block_1_43' title="bbox 259 2562 1909 2651">
    <p class='ocr_par' dir='ltr' id='par_1_43' title="bbox 259 2562 1909 2651">
     <span class='ocr_line' id='line_1_43' title="bbox 259 2562 1909 2651; baseline -0.01 -19"><span class='ocrx_word' id='word_1_295' title='bbox 259 2581 403 2651; x_wconf 73' lang='grc' dir='ltr'>⁸Ὀρα</span> <span class='ocrx_word' id='word_1_296' title='bbox 434 2574 492 2630; x_wconf 74' lang='grc' dir='ltr'>δὲ</span> <span class='ocrx_word' id='word_1_297' title='bbox 520 2579 635 2634; x_wconf 81' lang='grc' dir='ltr'>πῶς</span> <span class='ocrx_word' id='word_1_298' title='bbox 685 2574 847 2648; x_wconf 83' lang='grc' dir='ltr'>χάριν</span> <span class='ocrx_word' id='word_1_299' title='bbox 909 2571 1040 2625; x_wconf 83' lang='grc' dir='ltr'>αὐτὸ</span> <span class='ocrx_word' id='word_1_300' title='bbox 1083 2570 1171 2624; x_wconf 81' lang='grc' dir='ltr'>καὶ</span> <span class='ocrx_word' id='word_1_301' title='bbox 1232 2566 1517 2622; x_wconf 84' lang='grc' dir='ltr'>κοινωνίαν</span> <span class='ocrx_word' id='word_1_302' title='bbox 1574 2562 1755 2618; x_wconf 81' lang='grc' dir='ltr'>καλῶν</span> <span class='ocrx_word' id='word_1_303' title='bbox 1821 2562 1909 2616; x_wconf 81' lang='grc' dir='ltr'>ἐπὶ</span> 
     </span>
    </p>
   </div>
   <div class='ocr_carea' id='block_1_44' title="bbox 264 2653 1905 2733">
    <p class='ocr_par' dir='ltr' id='par_1_44' title="bbox 264 2653 1905 2733">
     <span class='ocr_line' id='line_1_44' title="bbox 264 2653 1905 2733; baseline -0.01 -10"><span class='ocrx_word' id='word_1_304' title='bbox 264 2668 420 2723; x_wconf 79' lang='grc' dir='ltr'>τέλει</span> <span class='ocrx_word' id='word_1_305' title='bbox 449 2667 675 2733; x_wconf 67' lang='grc' dir='ltr'>ἀνεῖπεν,</span> <span class='ocrx_word' id='word_1_306' title='bbox 708 2663 794 2719; x_wconf 77' lang='grc' dir='ltr'>ὅτι</span> <span class='ocrx_word' id='word_1_307' title='bbox 824 2661 971 2725; x_wconf 80' lang='grc' dir='ltr'>ὅλως</span> <span class='ocrx_word' id='word_1_308' title='bbox 1025 2660 1246 2722; x_wconf 73' lang='grc' dir='ltr'>ἑαυτοὺς</span> <span class='ocrx_word' id='word_1_309' title='bbox 1273 2654 1531 2732; x_wconf 76' lang='grc' dir='ltr'>⁸ἔδωκαν.</span> <span class='ocrx_word' id='word_1_310' title='bbox 1588 2679 1615 2706; x_wconf 82' lang='grc' dir='ltr'>ι(</span> <span class='ocrx_word' id='word_1_311' title='bbox 1649 2653 1751 2711; x_wconf 82' lang='grc' dir='ltr'>Καὶ</span> <span class='ocrx_word' id='word_1_312' title='bbox 1808 2654 1905 2722; x_wconf 77' lang='grc' dir='ltr'>τὴν</span> 
     </span>
    </p>
   </div>
   <div class='ocr_carea' id='block_1_45' title="bbox 1273 2742 1910 2816">
    <p class='ocr_par' dir='ltr' id='par_1_45' title="bbox 1273 2742 1910 2816">
     <span class='ocr_line' id='line_1_45' title="bbox 1273 2742 1910 2816; baseline -0.013 -12"><span class='ocrx_word' id='word_1_313' title='bbox 1273 2747 1422 2804; x_wconf 82' lang='grc' dir='ltr'>Ἐπεὶ</span> <span class='ocrx_word' id='word_1_314' title='bbox 1474 2742 1718 2816; x_wconf 87' lang='grc' dir='ltr'>ζηλωταὶ</span> <span class='ocrx_word' id='word_1_315' title='bbox 1777 2746 1910 2811; x_wconf 72' lang='grc' dir='ltr'>ἦσαν</span> 
     </span>
    </p>
   </div>
   <div class='ocr_carea' id='block_1_46' title="bbox 1814 2830 1839 2876">
    <p class='ocr_par' dir='ltr' id='par_1_46' title="bbox 1814 2830 1839 2876">
     <span class='ocr_line' id='line_1_46' title="bbox 1814 2830 1839 2876; baseline 0 0"><span class='ocrx_word' id='word_1_316' title='bbox 1814 2830 1839 2876; x_wconf 63' lang='grc' dir='ltr'>τί</span> 
     </span>
    </p>
   </div>
   <div class='ocr_carea' id='block_1_47' title="bbox 1828 2853 1908 2886">
    <p class='ocr_par' dir='ltr' id='par_1_47' title="bbox 1828 2853 1908 2886">
     <span class='ocr_line' id='line_1_47' title="bbox 1828 2853 1908 2886; baseline 0.013 -1"><span class='ocrx_word' id='word_1_317' title='bbox 1828 2853 1908 2886; x_wconf 87' lang='grc' dir='ltr'>ινα</span> 
     </span>
    </p>
   </div>
   <div class='ocr_carea' id='block_1_48' title="bbox 270 2750 1184 2823">
    <p class='ocr_par' dir='ltr' id='par_1_48' title="bbox 270 2750 1184 2823">
     <span class='ocr_line' id='line_1_48' title="bbox 270 2750 1184 2823; baseline -0.012 -12"><span class='ocrx_word' id='word_1_318' title='bbox 270 2756 555 2812; x_wconf 77' lang='grc' dir='ltr'>κοινωνίαν</span> <span class='ocrx_word' id='word_1_319' title='bbox 609 2761 710 2823; x_wconf 79' lang='grc' dir='ltr'>τῆς</span> <span class='ocrx_word' id='word_1_320' title='bbox 796 2750 1093 2811; x_wconf 81' lang='grc' dir='ltr'>διακονίας.</span> <span class='ocrx_word' id='word_1_321' title='bbox 1158 2773 1184 2800; x_wconf 89' lang='grc'><strong>››</strong></span> 
     </span>
    </p>
   </div>
   <div class='ocr_carea' id='block_1_49' title="bbox 268 2831 1757 2922">
    <p class='ocr_par' dir='ltr' id='par_1_49' title="bbox 268 2831 1757 2922">
     <span class='ocr_line' id='line_1_49' title="bbox 268 2831 1757 2922; baseline -0.01 -21"><span class='ocrx_word' id='word_1_322' title='bbox 268 2846 582 2920; x_wconf 85' lang='grc' dir='ltr'>ἀνθρώπων,</span> <span class='ocrx_word' id='word_1_323' title='bbox 615 2844 778 2922; x_wconf 83' lang='grc' dir='ltr'>χάριν</span> <span class='ocrx_word' id='word_1_324' title='bbox 817 2840 907 2896; x_wconf 81' lang='grc' dir='ltr'>καὶ</span> <span class='ocrx_word' id='word_1_325' title='bbox 938 2840 1190 2919; x_wconf 83' lang='grc' dir='ltr'>χάρισμα</span> <span class='ocrx_word' id='word_1_326' title='bbox 1218 2837 1279 2891; x_wconf 89' lang='grc' dir='ltr'>τὸ</span> <span class='ocrx_word' id='word_1_327' title='bbox 1310 2840 1535 2910; x_wconf 81' lang='grc' dir='ltr'>πρᾶγμα</span> <span class='ocrx_word' id='word_1_328' title='bbox 1578 2831 1757 2903; x_wconf 87' lang='grc' dir='ltr'>καλεῖ,</span> 
     </span>
    </p>
   </div>
   <div class='ocr_carea' id='block_1_50' title="bbox 261 2920 1905 3008">
    <p class='ocr_par' dir='ltr' id='par_1_50' title="bbox 261 2920 1905 3008">
     <span class='ocr_line' id='line_1_50' title="bbox 261 2920 1905 3008; baseline -0.009 -18"><span class='ocrx_word' id='word_1_329' title='bbox 261 2920 656 3008; x_wconf 18' lang='grc' dir='ltr'>ἐπιδράμωσιέῗ</span> <span class='ocrx_word' id='word_1_330' title='bbox 690 2928 983 2989; x_wconf 85' lang='grc' dir='ltr'>Κοινωνίαν</span> <span class='ocrx_word' id='word_1_331' title='bbox 1048 2926 1104 2983; x_wconf 76' lang='grc' dir='ltr'>δὲ</span> <span class='ocrx_word' id='word_1_332' title='bbox 1133 2926 1293 2981; x_wconf 85' lang='grc' dir='ltr'>καλεῖ</span> <span class='ocrx_word' id='word_1_333' title='bbox 1348 2927 1447 2995; x_wconf 71' lang='grc' dir='ltr'>τὴν</span> <span class='ocrx_word' id='word_1_334' title='bbox 1511 2920 1905 3008; x_wconf 73' lang='grc' dir='ltr'>ἐλεημοσύνην,</span> 
     </span>
    </p>
   </div>
   <div class='ocr_carea' id='block_1_51' title="bbox 255 3006 1906 3095">
    <p class='ocr_par' dir='ltr' id='par_1_51' title="bbox 255 3006 1906 3095">
     <span class='ocr_line' id='line_1_51' title="bbox 255 3006 1906 3095; baseline -0.009 -15"><span class='ocrx_word' id='word_1_335' title='bbox 255 3006 467 3085; x_wconf 71' lang='grc' dir='ltr'>δεικνὺς</span> <span class='ocrx_word' id='word_1_336' title='bbox 500 3023 583 3078; x_wconf 80' lang='grc' dir='ltr'>ὅτι</span> <span class='ocrx_word' id='word_1_337' title='bbox 616 3024 667 3076; x_wconf 71' lang='grc' dir='ltr'>οἱ</span> <span class='ocrx_word' id='word_1_338' title='bbox 703 3024 794 3095; x_wconf 75' lang='grc' dir='ltr'>μὲν</span> <span class='ocrx_word' id='word_1_339' title='bbox 825 3022 1089 3095; x_wconf 76' lang='grc' dir='ltr'>χρήματα</span> <span class='ocrx_word' id='word_1_340' title='bbox 1127 3015 1359 3083; x_wconf 81' lang='grc' dir='ltr'>διδάσιν,</span> <span class='ocrx_word' id='word_1_341' title='bbox 1393 3015 1444 3069; x_wconf 83' lang='grc' dir='ltr'>οἷ</span> <span class='ocrx_word' id='word_1_342' title='bbox 1485 3011 1542 3068; x_wconf 74' lang='grc' dir='ltr'>δὲ</span> <span class='ocrx_word' id='word_1_343' title='bbox 1596 3006 1906 3084; x_wconf 79' lang='grc' dir='ltr'>λαμϐάνον-</span> 
     </span>
    </p>
   </div>
   <div class='ocr_carea' id='block_1_52' title="bbox 253 3101 1832 3186">
    <p class='ocr_par' dir='ltr' id='par_1_52' title="bbox 253 3101 1832 3186">
     <span class='ocr_line' id='line_1_52' title="bbox 253 3101 1832 3186; baseline -0.008 -17"><span class='ocrx_word' id='word_1_344' title='bbox 253 3135 367 3180; x_wconf 86' lang='grc' dir='ltr'>τες,</span> <span class='ocrx_word' id='word_1_345' title='bbox 396 3114 496 3180; x_wconf 76' lang='grc' dir='ltr'>τὴν</span> <span class='ocrx_word' id='word_1_346' title='bbox 527 3113 673 3186; x_wconf 83' lang='grc' dir='ltr'>παρᾶ</span> <span class='ocrx_word' id='word_1_347' title='bbox 703 3114 837 3165; x_wconf 86' lang='grc' dir='ltr'>Θεοῦ</span> <span class='ocrx_word' id='word_1_348' title='bbox 869 3111 1123 3183; x_wconf 82' lang='grc' dir='ltr'>βοήθειαν</span> <span class='ocrx_word' id='word_1_349' title='bbox 1154 3106 1336 3167; x_wconf 77' lang='grc' dir='ltr'>αὐτοῖς</span> <span class='ocrx_word' id='word_1_350' title='bbox 1372 3101 1832 3176; x_wconf 67' lang='grc' dir='ltr'>συνεισφέρουσιν.</span> 
     </span>
    </p>
   </div>
   <div class='ocr_carea' id='block_1_53' title="bbox 335 3190 1904 3270">
    <p class='ocr_par' dir='ltr' id='par_1_53' title="bbox 335 3190 1904 3270">
     <span class='ocr_line' id='line_1_53' title="bbox 335 3190 1904 3270; baseline -0.009 -15"><span class='ocrx_word' id='word_1_351' title='bbox 335 3229 362 3255; x_wconf 79' lang='grc' dir='ltr'>ι(</span> <span class='ocrx_word' id='word_1_352' title='bbox 399 3203 501 3259; x_wconf 86' lang='grc' dir='ltr'>Καὶ</span> <span class='ocrx_word' id='word_1_353' title='bbox 529 3202 585 3256; x_wconf 74' lang='grc' dir='ltr'>εὖ</span> <span class='ocrx_word' id='word_1_354' title='bbox 613 3200 792 3261; x_wconf 80' lang='grc' dir='ltr'>καθὼς</span> <span class='ocrx_word' id='word_1_355' title='bbox 822 3198 1159 3270; x_wconf 80' lang='grc' dir='ltr'>ἠλπίσαμεν.</span> <span class='ocrx_word' id='word_1_356' title='bbox 1195 3198 1426 3251; x_wconf 79' lang='grc' dir='ltr'>»Τοῦτο</span> <span class='ocrx_word' id='word_1_357' title='bbox 1485 3192 1576 3251; x_wconf 83' lang='grc' dir='ltr'>καὶ</span> <span class='ocrx_word' id='word_1_358' title='bbox 1623 3190 1759 3263; x_wconf 80' lang='grc' dir='ltr'>πρὸς</span> <span class='ocrx_word' id='word_1_359' title='bbox 1809 3191 1904 3250; x_wconf 72' lang='grc' dir='ltr'>τὰς</span> 
     </span>
    </p>
   </div>
   <div class='ocr_carea' id='block_1_54' title="bbox 260 3279 1907 3369">
    <p class='ocr_par' dir='ltr' id='par_1_54' title="bbox 260 3279 1907 3369">
     <span class='ocr_line' id='line_1_54' title="bbox 260 3279 1907 3369; baseline -0.01 -20"><span class='ocrx_word' id='word_1_360' title='bbox 260 3293 477 3369; x_wconf 72' lang='grc' dir='ltr'>θλίφεις</span> <span class='ocrx_word' id='word_1_361' title='bbox 507 3291 598 3346; x_wconf 82' lang='grc' dir='ltr'>καὶ</span> <span class='ocrx_word' id='word_1_362' title='bbox 631 3292 728 3358; x_wconf 71' lang='grc' dir='ltr'>τὴν</span> <span class='ocrx_word' id='word_1_363' title='bbox 758 3290 1037 3356; x_wconf 83' lang='grc' dir='ltr'>ποσότητα</span> <span class='ocrx_word' id='word_1_364' title='bbox 1085 3287 1334 3353; x_wconf 79' lang='grc' dir='ltr'>νοητέον.</span> <span class='ocrx_word' id='word_1_365' title='bbox 1397 3282 1475 3340; x_wconf 79' lang='grc' dir='ltr'>Οὐ</span> <span class='ocrx_word' id='word_1_366' title='bbox 1540 3282 1641 3356; x_wconf 88' lang='grc' dir='ltr'>γὰρ</span> <span class='ocrx_word' id='word_1_367' title='bbox 1674 3279 1907 3369; x_wconf 64' lang='grc' dir='ltr'>ἠλπίσα-</span> 
     </span>
    </p>
   </div>
   <div class='ocr_carea' id='block_1_55' title="bbox 260 3363 1905 3460">
    <p class='ocr_par' dir='ltr' id='par_1_55' title="bbox 260 3363 1905 3460">
     <span class='ocr_line' id='line_1_55' title="bbox 260 3363 1905 3460; baseline -0.01 -23"><span class='ocrx_word' id='word_1_368' title='bbox 260 3363 381 3456; x_wconf 74' lang='grc' dir='ltr'>μεν,</span> <span class='ocrx_word' id='word_1_369' title='bbox 415 3380 579 3460; x_wconf 75' lang='grc' dir='ltr'>φησὶν</span> <span class='ocrx_word' id='word_1_370' title='bbox 609 3381 692 3433; x_wconf 86' lang='grc' dir='ltr'>δτι</span> <span class='ocrx_word' id='word_1_371' title='bbox 741 3378 791 3432; x_wconf 85' lang='grc' dir='ltr'>ἐν</span> <span class='ocrx_word' id='word_1_372' title='bbox 846 3377 1026 3449; x_wconf 73' lang='grc' dir='ltr'>θλίψει</span> <span class='ocrx_word' id='word_1_373' title='bbox 1081 3374 1230 3435; x_wconf 83' lang='grc' dir='ltr'>ὄντες</span> <span class='ocrx_word' id='word_1_374' title='bbox 1289 3371 1549 3445; x_wconf 79' lang='grc' dir='ltr'>τοσαύτῃ,</span> <span class='ocrx_word' id='word_1_375' title='bbox 1600 3372 1635 3439; x_wconf 74' lang='grc' dir='ltr'>’ἢ</span> <span class='ocrx_word' id='word_1_376' title='bbox 1676 3363 1905 3437; x_wconf 77' lang='grc' dir='ltr'>ἔδωκαν,</span> 
     </span>
    </p>
   </div>
   <div class='ocr_carea' id='block_1_56' title="bbox 253 3456 1907 3539">
    <p class='ocr_par' dir='ltr' id='par_1_56' title="bbox 253 3456 1907 3539">
     <span class='ocr_line' id='line_1_56' title="bbox 253 3456 1907 3539; baseline -0.008 -14"><span class='ocrx_word' id='word_1_377' title='bbox 253 3474 291 3539; x_wconf 76' lang='grc' dir='ltr'><strong>ἢ</strong></span> <span class='ocrx_word' id='word_1_378' title='bbox 325 3456 559 3525; x_wconf 84' lang='grc' dir='ltr'>τοσαῦτα</span> <span class='ocrx_word' id='word_1_379' title='bbox 618 3462 841 3522; x_wconf 66' lang='grc' dir='ltr'>ἔδωκαν.</span> <span class='ocrx_word' id='word_1_380' title='bbox 905 3490 931 3517; x_wconf 82' lang='grc' dir='ltr'>ι(</span> <span class='ocrx_word' id='word_1_381' title='bbox 966 3463 1118 3521; x_wconf 87' lang='grc' dir='ltr'>Ἀλλ’</span> <span class='ocrx_word' id='word_1_382' title='bbox 1175 3461 1396 3521; x_wconf 74' lang='grc' dir='ltr'>ἑαυτοὺς</span> <span class='ocrx_word' id='word_1_383' title='bbox 1444 3456 1669 3514; x_wconf 79' lang='grc' dir='ltr'>ἔδωκαν.</span> <span class='ocrx_word' id='word_1_384' title='bbox 1706 3484 1726 3508; x_wconf 78' lang='grc'><strong>1</strong></span> <span class='ocrx_word' id='word_1_385' title='bbox 1791 3458 1907 3513; x_wconf 84' lang='grc' dir='ltr'>Οὐκ</span> 
     </span>
    </p>
   </div>
   <div class='ocr_carea' id='block_1_57' title="bbox 258 3547 1906 3636">
    <p class='ocr_par' dir='ltr' id='par_1_57' title="bbox 258 3547 1906 3636">
     <span class='ocr_line' id='line_1_57' title="bbox 258 3547 1906 3636; baseline -0.01 -20"><span class='ocrx_word' id='word_1_386' title='bbox 258 3561 314 3616; x_wconf 85' lang='grc' dir='ltr'>ἐν</span> <span class='ocrx_word' id='word_1_387' title='bbox 360 3562 509 3634; x_wconf 78' lang='grc' dir='ltr'>μὲρει</span> <span class='ocrx_word' id='word_1_388' title='bbox 546 3559 662 3628; x_wconf 70' lang='grc' dir='ltr'>μὲν,</span> <span class='ocrx_word' id='word_1_389' title='bbox 696 3556 851 3636; x_wconf 74' lang='grc' dir='ltr'>φησὶ,</span> <span class='ocrx_word' id='word_1_390' title='bbox 883 3560 962 3628; x_wconf 85' lang='grc' dir='ltr'>τῷ</span> <span class='ocrx_word' id='word_1_391' title='bbox 1011 3554 1220 3627; x_wconf 86' lang='grc' dir='ltr'>Κυρίῳ,</span> <span class='ocrx_word' id='word_1_392' title='bbox 1252 3550 1303 3606; x_wconf 84' lang='grc' dir='ltr'>ἐν</span> <span class='ocrx_word' id='word_1_393' title='bbox 1337 3553 1487 3624; x_wconf 82' lang='grc' dir='ltr'>μέρει</span> <span class='ocrx_word' id='word_1_394' title='bbox 1546 3547 1603 3636; x_wconf 73' lang='grc' dir='ltr'>δέ</span> <span class='ocrx_word' id='word_1_395' title='bbox 1653 3552 1769 3609; x_wconf 87' lang='grc' dir='ltr'>τοῖς</span> <span class='ocrx_word' id='word_1_396' title='bbox 1810 3567 1906 3601; x_wconf 90' lang='grc' dir='ltr'>κο-</span> 
     </span>
    </p>
   </div>
   <div class='ocr_carea' id='block_1_58' title="bbox 253 3635 1901 3722">
    <p class='ocr_par' dir='ltr' id='par_1_58' title="bbox 253 3635 1901 3722">
     <span class='ocr_line' id='line_1_58' title="bbox 253 3635 1901 3722; baseline -0.009 -18"><span class='ocrx_word' id='word_1_397' title='bbox 253 3653 512 3721; x_wconf 86' lang='grc' dir='ltr'>σκμικοῖς</span> <span class='ocrx_word' id='word_1_398' title='bbox 552 3647 888 3722; x_wconf 79' lang='grc' dir='ltr'>πράγμασιν,</span> <span class='ocrx_word' id='word_1_399' title='bbox 923 3642 1049 3698; x_wconf 84' lang='grc' dir='ltr'>ἀλλ’</span> <span class='ocrx_word' id='word_1_400' title='bbox 1080 3641 1204 3697; x_wconf 83' lang='grc' dir='ltr'>ὅλοι</span> <span class='ocrx_word' id='word_1_401' title='bbox 1236 3638 1305 3695; x_wconf 84' lang='grc' dir='ltr'>δι’</span> <span class='ocrx_word' id='word_1_402' title='bbox 1346 3638 1489 3694; x_wconf 78' lang='grc' dir='ltr'>ὅλων</span> <span class='ocrx_word' id='word_1_403' title='bbox 1546 3635 1750 3692; x_wconf 84' lang='grc' dir='ltr'>ἔδωκαν</span> <span class='ocrx_word' id='word_1_404' title='bbox 1780 3637 1901 3691; x_wconf 77' lang='grc' dir='ltr'>ἐαυ-</span> 
     </span>
    </p>
   </div>
   <div class='ocr_carea' id='block_1_59' title="bbox 252 3724 1899 3809">
    <p class='ocr_par' dir='ltr' id='par_1_59' title="bbox 252 3724 1899 3809">
     <span class='ocr_line' id='line_1_59' title="bbox 252 3724 1899 3809; baseline -0.008 -16"><span class='ocrx_word' id='word_1_405' title='bbox 252 3740 383 3799; x_wconf 80' lang='grc' dir='ltr'>τοὺς</span> <span class='ocrx_word' id='word_1_406' title='bbox 414 3740 492 3807; x_wconf 81' lang='grc' dir='ltr'>τῷ</span> <span class='ocrx_word' id='word_1_407' title='bbox 534 3736 731 3809; x_wconf 80' lang='grc' dir='ltr'>Κυρίῳ.</span> <span class='ocrx_word' id='word_1_408' title='bbox 767 3735 862 3788; x_wconf 77' lang='grc' dir='ltr'>Καὶ</span> <span class='ocrx_word' id='word_1_409' title='bbox 888 3736 1050 3805; x_wconf 84' lang='grc' dir='ltr'>ἠμεῖν</span> <span class='ocrx_word' id='word_1_410' title='bbox 1076 3729 1131 3786; x_wconf 77' lang='grc' dir='ltr'>δὲ</span> <span class='ocrx_word' id='word_1_411' title='bbox 1161 3732 1263 3785; x_wconf 84' lang='grc' dir='ltr'>οὐκ</span> <span class='ocrx_word' id='word_1_412' title='bbox 1294 3729 1435 3798; x_wconf 79' lang='grc' dir='ltr'>εἰκῆ,</span> <span class='ocrx_word' id='word_1_413' title='bbox 1481 3727 1626 3783; x_wconf 84' lang='grc' dir='ltr'>ἀλλὰ</span> <span class='ocrx_word' id='word_1_414' title='bbox 1681 3724 1771 3781; x_wconf 71' lang='grc' dir='ltr'>διὰ</span> <span class='ocrx_word' id='word_1_415' title='bbox 1817 3728 1899 3780; x_wconf 86' lang='grc' dir='ltr'>θε-</span> 
     </span>
    </p>
   </div>
   <div class='ocr_carea' id='block_1_60' title="bbox 254 3814 1899 3899">
    <p class='ocr_par' dir='ltr' id='par_1_60' title="bbox 254 3814 1899 3899">
     <span class='ocr_line' id='line_1_60' title="bbox 254 3814 1899 3899; baseline -0.009 -17"><span class='ocrx_word' id='word_1_416' title='bbox 254 3829 506 3899; x_wconf 85' lang='grc' dir='ltr'>κήματος</span> <span class='ocrx_word' id='word_1_417' title='bbox 565 3828 721 3890; x_wconf 83' lang='grc' dir='ltr'>Θεοῦ,</span> <span class='ocrx_word' id='word_1_418' title='bbox 754 3823 1021 3887; x_wconf 72' lang='grc' dir='ltr'>τουτέστι,</span> <span class='ocrx_word' id='word_1_419' title='bbox 1054 3817 1143 3874; x_wconf 84' lang='grc' dir='ltr'>διὰ</span> <span class='ocrx_word' id='word_1_420' title='bbox 1173 3818 1234 3873; x_wconf 82' lang='grc' dir='ltr'>τὸ</span> <span class='ocrx_word' id='word_1_421' title='bbox 1264 3816 1480 3890; x_wconf 74' lang='grc' dir='ltr'>θέλημα</span> <span class='ocrx_word' id='word_1_422' title='bbox 1535 3815 1624 3870; x_wconf 80' lang='grc' dir='ltr'>καὶ</span> <span class='ocrx_word' id='word_1_423' title='bbox 1681 3814 1743 3869; x_wconf 89' lang='grc' dir='ltr'>τὸ</span> <span class='ocrx_word' id='word_1_424' title='bbox 1776 3815 1899 3887; x_wconf 71' lang='grc' dir='ltr'>ἀρεο</span> 
     </span>
    </p>
   </div>
   <div class='ocr_carea' id='block_1_61' title="bbox 256 3902 1898 3985">
    <p class='ocr_par' dir='ltr' id='par_1_61' title="bbox 256 3902 1898 3985">
     <span class='ocr_line' id='line_1_61' title="bbox 256 3902 1898 3985; baseline -0.008 -15"><span class='ocrx_word' id='word_1_425' title='bbox 256 3917 379 3970; x_wconf 86' lang='grc' dir='ltr'>στὸν</span> <span class='ocrx_word' id='word_1_426' title='bbox 411 3919 545 3985; x_wconf 82' lang='grc' dir='ltr'>Θεῷ,</span> <span class='ocrx_word' id='word_1_427' title='bbox 604 3916 766 3969; x_wconf 89' lang='grc' dir='ltr'>τοῦτο</span> <span class='ocrx_word' id='word_1_428' title='bbox 824 3916 1130 3971; x_wconf 81' lang='grc' dir='ltr'>ποιοῦντες.</span> <span class='ocrx_word' id='word_1_429' title='bbox 1193 3907 1346 3969; x_wconf 81' lang='grc' dir='ltr'>«Εἰς</span> <span class='ocrx_word' id='word_1_430' title='bbox 1402 3906 1465 3961; x_wconf 88' lang='grc' dir='ltr'>τὸ</span> <span class='ocrx_word' id='word_1_431' title='bbox 1530 3902 1898 3978; x_wconf 71' lang='grc' dir='ltr'>παρακαλέσαι</span> 
     </span>
    </p>
   </div>
   <div class='ocr_carea' id='block_1_62' title="bbox 253 3992 1899 4077">
    <p class='ocr_par' dir='ltr' id='par_1_62' title="bbox 253 3992 1899 4077">
     <span class='ocr_line' id='line_1_62' title="bbox 253 3992 1899 4077; baseline -0.009 -17"><span class='ocrx_word' id='word_1_432' title='bbox 253 4008 403 4077; x_wconf 77' lang='grc' dir='ltr'>ἡμᾶς</span> <span class='ocrx_word' id='word_1_433' title='bbox 420 4005 607 4061; x_wconf 86' lang='grc' dir='ltr'>Τίτον.</span> <span class='ocrx_word' id='word_1_434' title='bbox 645 4026 672 4053; x_wconf 90' lang='grc'><strong>››</strong></span> <span class='ocrx_word' id='word_1_435' title='bbox 697 4001 801 4057; x_wconf 88' lang='grc' dir='ltr'>Καὶ</span> <span class='ocrx_word' id='word_1_436' title='bbox 848 4005 1125 4068; x_wconf 82' lang='grc' dir='ltr'>τοσοῦτον,</span> <span class='ocrx_word' id='word_1_437' title='bbox 1159 3997 1347 4076; x_wconf 78' lang='grc' dir='ltr'>φησὶν,</span> <span class='ocrx_word' id='word_1_438' title='bbox 1416 3992 1620 4050; x_wconf 76' lang='grc' dir='ltr'>ἔδωκαν</span> <span class='ocrx_word' id='word_1_439' title='bbox 1677 3994 1899 4052; x_wconf 69' lang='grc' dir='ltr'>ἑαυτοὺς</span> 
     </span>
    </p>
   </div>
   <div class='ocr_carea' id='block_1_63' title="bbox 254 4083 1895 4168">
    <p class='ocr_par' dir='ltr' id='par_1_63' title="bbox 254 4083 1895 4168">
     <span class='ocr_line' id='line_1_63' title="bbox 254 4083 1895 4168; baseline -0.008 -19"><span class='ocrx_word' id='word_1_440' title='bbox 254 4095 389 4168; x_wconf 84' lang='grc' dir='ltr'>πρὸς</span> <span class='ocrx_word' id='word_1_441' title='bbox 426 4096 609 4163; x_wconf 91' lang='grc' dir='ltr'>τοῦτο,</span> <span class='ocrx_word' id='word_1_442' title='bbox 653 4090 793 4146; x_wconf 81' lang='grc' dir='ltr'>ὥστε</span> <span class='ocrx_word' id='word_1_443' title='bbox 847 4088 1023 4152; x_wconf 79' lang='grc' dir='ltr'>ἐλθεῖν</span> <span class='ocrx_word' id='word_1_444' title='bbox 1087 4108 1153 4159; x_wconf 90' lang='grc' dir='ltr'>με</span> <span class='ocrx_word' id='word_1_445' title='bbox 1209 4085 1283 4146; x_wconf 77' lang='grc' dir='ltr'>εἷς</span> <span class='ocrx_word' id='word_1_446' title='bbox 1342 4087 1404 4139; x_wconf 88' lang='grc' dir='ltr'>τὸ</span> <span class='ocrx_word' id='word_1_447' title='bbox 1460 4085 1671 4157; x_wconf 68' lang='grc' dir='ltr'>πέμψαι</span> <span class='ocrx_word' id='word_1_448' title='bbox 1739 4083 1895 4138; x_wconf 81' lang='grc' dir='ltr'>Τίτον</span> 
     </span>
    </p>
   </div>
   <div class='ocr_carea' id='block_1_64' title="bbox 255 4170 1899 4256">
    <p class='ocr_par' dir='ltr' id='par_1_64' title="bbox 255 4170 1899 4256">
     <span class='ocr_line' id='line_1_64' title="bbox 255 4170 1899 4256; baseline -0.008 -18"><span class='ocrx_word' id='word_1_449' title='bbox 255 4183 377 4256; x_wconf 86' lang='grc' dir='ltr'>περὶ</span> <span class='ocrx_word' id='word_1_450' title='bbox 433 4181 628 4237; x_wconf 88' lang='grc' dir='ltr'>τούτου</span> <span class='ocrx_word' id='word_1_451' title='bbox 674 4180 812 4253; x_wconf 86' lang='grc' dir='ltr'>πρὸς</span> <span class='ocrx_word' id='word_1_452' title='bbox 864 4180 1024 4251; x_wconf 81' lang='grc' dir='ltr'>ὑμᾶς,</span> <span class='ocrx_word' id='word_1_453' title='bbox 1091 4174 1186 4230; x_wconf 68' lang='grc' dir='ltr'>’ίνα</span> <span class='ocrx_word' id='word_1_454' title='bbox 1254 4176 1330 4247; x_wconf 76' lang='grc' dir='ltr'>μὴ</span> <span class='ocrx_word' id='word_1_455' title='bbox 1391 4170 1620 4229; x_wconf 83' lang='grc' dir='ltr'>ἔλαττον</span> <span class='ocrx_word' id='word_1_456' title='bbox 1672 4172 1899 4247; x_wconf 63' lang='grc' dir='ltr'>σχοίητε</span> 
     </span>
    </p>
   </div>
   <div class='ocr_carea' id='block_1_65' title="bbox 252 4262 1895 4340">
    <p class='ocr_par' dir='ltr' id='par_1_65' title="bbox 252 4262 1895 4340">
     <span class='ocr_line' id='line_1_65' title="bbox 252 4262 1895 4340; baseline -0.008 -11"><span class='ocrx_word' id='word_1_457' title='bbox 252 4270 595 4330; x_wconf 82' lang='grc' dir='ltr'>Μακεδόνων.</span> <span class='ocrx_word' id='word_1_458' title='bbox 657 4295 684 4323; x_wconf 88' lang='grc'>‹‹</span> <span class='ocrx_word' id='word_1_459' title='bbox 727 4271 841 4326; x_wconf 81' lang='grc' dir='ltr'>Ἰνα</span> <span class='ocrx_word' id='word_1_460' title='bbox 895 4268 1076 4331; x_wconf 80' lang='grc' dir='ltr'>καθὼς</span> <span class='ocrx_word' id='word_1_461' title='bbox 1130 4266 1496 4340; x_wconf 79' lang='grc' dir='ltr'>προενήρξατο</span> <span class='ocrx_word' id='word_1_462' title='bbox 1534 4306 1546 4320; x_wconf 92' lang='grc'><strong>.</strong></span> <span class='ocrx_word' id='word_1_463' title='bbox 1581 4288 1609 4316; x_wconf 87' lang='grc'><strong><em>››</em></strong></span> <span class='ocrx_word' id='word_1_464' title='bbox 1685 4262 1895 4320; x_wconf 72' lang='grc' dir='ltr'>Οῒκειοὶ</span> 
     </span>
    </p>
   </div>
   <div class='ocr_carea' id='block_1_66' title="bbox 254 4354 1892 4432">
    <p class='ocr_par' dir='ltr' id='par_1_66' title="bbox 254 4354 1892 4432">
     <span class='ocr_line' id='line_1_66' title="bbox 254 4354 1892 4432; baseline -0.007 -14"><span class='ocrx_word' id='word_1_465' title='bbox 254 4363 437 4423; x_wconf 80' lang='grc' dir='ltr'>αὐτοῖς</span> <span class='ocrx_word' id='word_1_466' title='bbox 492 4364 585 4416; x_wconf 90' lang='grc' dir='ltr'>τὸν</span> <span class='ocrx_word' id='word_1_467' title='bbox 626 4361 814 4418; x_wconf 88' lang='grc' dir='ltr'>Τίτον.</span> <span class='ocrx_word' id='word_1_468' title='bbox 859 4360 1102 4413; x_wconf 87' lang='grc' dir='ltr'>Δείκνυσι</span> <span class='ocrx_word' id='word_1_469' title='bbox 1162 4356 1264 4432; x_wconf 72' lang='grc' dir='ltr'>γὰρ</span> <span class='ocrx_word' id='word_1_470' title='bbox 1324 4354 1504 4423; x_wconf 79' lang='grc' dir='ltr'>αὐτὸν,</span> <span class='ocrx_word' id='word_1_471' title='bbox 1556 4354 1892 4428; x_wconf 69' lang='grc' dir='ltr'>προθέμενον</span> 
     </span>
    </p>
   </div>
   <div class='ocr_carea' id='block_1_67' title="bbox 253 4444 1890 4528">
    <p class='ocr_par' dir='ltr' id='par_1_67' title="bbox 253 4444 1890 4528">
     <span class='ocr_line' id='line_1_67' title="bbox 253 4444 1890 4528; baseline -0.005 -23"><span class='ocrx_word' id='word_1_472' title='bbox 253 4451 341 4506; x_wconf 87' lang='grc' dir='ltr'>καὶ</span> <span class='ocrx_word' id='word_1_473' title='bbox 385 4451 474 4528; x_wconf 77' lang='grc' dir='ltr'>ἀφ’</span> <span class='ocrx_word' id='word_1_474' title='bbox 542 4451 734 4505; x_wconf 73' lang='grc' dir='ltr'>ἑαυτοῦ</span> <span class='ocrx_word' id='word_1_475' title='bbox 801 4446 1053 4502; x_wconf 77' lang='grc' dir='ltr'>ἀπελθεῖν</span> <span class='ocrx_word' id='word_1_476' title='bbox 1118 4446 1254 4519; x_wconf 90' lang='grc' dir='ltr'>πρὸς</span> <span class='ocrx_word' id='word_1_477' title='bbox 1320 4445 1661 4517; x_wconf 87' lang='grc' dir='ltr'>Κορινθίους,</span> <span class='ocrx_word' id='word_1_478' title='bbox 1693 4444 1781 4498; x_wconf 82' lang='grc' dir='ltr'>’ἰνα</span> <span class='ocrx_word' id='word_1_479' title='bbox 1816 4446 1890 4517; x_wconf 78' lang='grc' dir='ltr'>μὴ</span> 
     </span>
    </p>
   </div>
   <div class='ocr_carea' id='block_1_68' title="bbox 252 4532 1891 4610">
    <p class='ocr_par' dir='ltr' id='par_1_68' title="bbox 252 4532 1891 4610">
     <span class='ocr_line' id='line_1_68' title="bbox 252 4532 1891 4610; baseline -0.004 -15"><span class='ocrx_word' id='word_1_480' title='bbox 252 4540 602 4603; x_wconf 73' lang='grc' dir='ltr'>ἐλαπωθῶσι</span> <span class='ocrx_word' id='word_1_481' title='bbox 629 4535 982 4596; x_wconf 83' lang='grc' dir='ltr'>Μακεδόνων·</span> <span class='ocrx_word' id='word_1_482' title='bbox 1020 4539 1180 4590; x_wconf 89' lang='grc' dir='ltr'>τοῦτο</span> <span class='ocrx_word' id='word_1_483' title='bbox 1225 4532 1283 4590; x_wconf 76' lang='grc' dir='ltr'>δὲ</span> <span class='ocrx_word' id='word_1_484' title='bbox 1338 4534 1555 4610; x_wconf 81' lang='grc' dir='ltr'>ἀγάπης</span> <span class='ocrx_word' id='word_1_485' title='bbox 1586 4534 1650 4601; x_wconf 82' lang='grc' dir='ltr'>ἦν</span> <span class='ocrx_word' id='word_1_486' title='bbox 1702 4535 1891 4590; x_wconf 91' lang='grc' dir='ltr'>Τίτου.</span> 
     </span>
    </p>
   </div>
   <div class='ocr_carea' id='block_1_69' title="bbox 2023 1942 3666 2018">
    <p class='ocr_par' dir='ltr' id='par_1_69' title="bbox 2023 1942 3666 2018">
     <span class='ocr_line' id='line_1_69' title="bbox 2023 1942 3666 2018; baseline 0.007 -25"><span class='ocrx_word' id='word_1_487' title='bbox 2023 1946 2183 2004; x_wconf 90' lang='lat' dir='ltr'>runt,</span> <span class='ocrx_word' id='word_1_488' title='bbox 2206 1957 2272 1995; x_wconf 91' lang='lat' dir='ltr'>ac</span> <span class='ocrx_word' id='word_1_489' title='bbox 2298 1943 2344 1996; x_wconf 95' lang='lat' dir='ltr'>si</span> <span class='ocrx_word' id='word_1_490' title='bbox 2377 1942 2627 1997; x_wconf 85' lang='lat' dir='ltr'>diceret:</span> <span class='ocrx_word' id='word_1_491' title='bbox 2654 1947 2733 1998; x_wconf 83' lang='lat' dir='ltr'>Ne</span> <span class='ocrx_word' id='word_1_492' title='bbox 2757 1946 2986 2000; x_wconf 85' lang='lat' dir='ltr'>vivendi</span> <span class='ocrx_word' id='word_1_493' title='bbox 3010 1948 3251 2018; x_wconf 86' lang='lat' dir='ltr'>quidem</span> <span class='ocrx_word' id='word_1_494' title='bbox 3275 1950 3541 2005; x_wconf 86' lang='lat' dir='ltr'>subsidia</span> <span class='ocrx_word' id='word_1_495' title='bbox 3557 1951 3666 2006; x_wconf 88' lang='lat' dir='ltr'>sibi</span> 
     </span>
    </p>
   </div>
   <div class='ocr_carea' id='block_1_70' title="bbox 2019 2030 3661 2110">
    <p class='ocr_par' dir='ltr' id='par_1_70' title="bbox 2019 2030 3661 2110">
     <span class='ocr_line' id='line_1_70' title="bbox 2019 2030 3661 2110; baseline 0.007 -28"><span class='ocrx_word' id='word_1_496' title='bbox 2019 2030 2415 2097; x_wconf 87' lang='lat' dir='ltr'>retinuerunt,</span> <span class='ocrx_word' id='word_1_497' title='bbox 2441 2032 2543 2086; x_wconf 92' lang='lat' dir='ltr'>sed</span> <span class='ocrx_word' id='word_1_498' title='bbox 2565 2033 2716 2087; x_wconf 86' lang='lat' dir='ltr'>datis</span> <span class='ocrx_word' id='word_1_499' title='bbox 2748 2035 3219 2102; x_wconf 89' lang='lat' dir='ltr'>omnibus,suam</span> <span class='ocrx_word' id='word_1_500' title='bbox 3243 2039 3508 2107; x_wconf 89' lang='lat' dir='ltr'>ipsorum</span> <span class='ocrx_word' id='word_1_501' title='bbox 3528 2058 3661 2110; x_wconf 88' lang='lat' dir='ltr'>pro—</span> 
     </span>
    </p>
   </div>
   <div class='ocr_carea' id='block_1_71' title="bbox 2017 2118 3657 2198">
    <p class='ocr_par' dir='ltr' id='par_1_71' title="bbox 2017 2118 3657 2198">
     <span class='ocr_line' id='line_1_71' title="bbox 2017 2118 3657 2198; baseline 0.006 -26"><span class='ocrx_word' id='word_1_502' title='bbox 2017 2118 2337 2174; x_wconf 84' lang='lat' dir='ltr'>videntiam</span> <span class='ocrx_word' id='word_1_503' title='bbox 2365 2138 2601 2176; x_wconf 88' lang='lat' dir='ltr'>omnem</span> <span class='ocrx_word' id='word_1_504' title='bbox 2633 2128 2691 2176; x_wconf 92' lang='lat' dir='ltr'>et</span> <span class='ocrx_word' id='word_1_505' title='bbox 2719 2141 2921 2179; x_wconf 89' lang='lat' dir='ltr'>curam</span> <span class='ocrx_word' id='word_1_506' title='bbox 2952 2125 3013 2178; x_wconf 88' lang='lat' dir='ltr'>in</span> <span class='ocrx_word' id='word_1_507' title='bbox 3039 2127 3352 2181; x_wconf 91' lang='lat' dir='ltr'>Dominum</span> <span class='ocrx_word' id='word_1_508' title='bbox 3384 2145 3657 2198; x_wconf 90' lang='lat' dir='ltr'>reposue-</span> 
     </span>
    </p>
   </div>
   <div class='ocr_carea' id='block_1_72' title="bbox 2016 2209 3656 2286">
    <p class='ocr_par' dir='ltr' id='par_1_72' title="bbox 2016 2209 3656 2286">
     <span class='ocr_line' id='line_1_72' title="bbox 2016 2209 3656 2286; baseline 0.005 -25"><span class='ocrx_word' id='word_1_509' title='bbox 2016 2214 2175 2262; x_wconf 91' lang='lat' dir='ltr'>runt.</span> <span class='ocrx_word' id='word_1_510' title='bbox 2200 2209 2335 2264; x_wconf 92' lang='lat' dir='ltr'>Ideo</span> <span class='ocrx_word' id='word_1_511' title='bbox 2360 2227 2595 2281; x_wconf 89' lang='lat' dir='ltr'>quoque</span> <span class='ocrx_word' id='word_1_512' title='bbox 2644 2212 2860 2267; x_wconf 88' lang='lat' dir='ltr'>Paulus</span> <span class='ocrx_word' id='word_1_513' title='bbox 2888 2214 3354 2284; x_wconf 86' lang='lat' dir='ltr'>magnitudinem</span> <span class='ocrx_word' id='word_1_514' title='bbox 3388 2217 3656 2286; x_wconf 71' lang='lat' dir='ltr'>praeclari</span> 
     </span>
    </p>
   </div>
   <div class='ocr_carea' id='block_1_73' title="bbox 2014 2296 3662 2373">
    <p class='ocr_par' dir='ltr' id='par_1_73' title="bbox 2014 2296 3662 2373">
     <span class='ocr_line' id='line_1_73' title="bbox 2014 2296 3662 2373; baseline 0.007 -24"><span class='ocrx_word' id='word_1_515' title='bbox 2014 2296 2294 2352; x_wconf 85' lang='lat' dir='ltr'>facinoris</span> <span class='ocrx_word' id='word_1_516' title='bbox 2332 2299 2689 2371; x_wconf 86' lang='lat' dir='ltr'>intelligens,</span> <span class='ocrx_word' id='word_1_517' title='bbox 2725 2301 3048 2373; x_wconf 81' lang='lat' dir='ltr'>subjungit.</span> <span class='ocrx_word' id='word_1_518' title='bbox 3086 2325 3112 2354; x_wconf 73' lang='grc' dir='ltr'>«ι</span> <span class='ocrx_word' id='word_1_519' title='bbox 3144 2306 3255 2358; x_wconf 87' lang='lat' dir='ltr'>Per</span> <span class='ocrx_word' id='word_1_520' title='bbox 3301 2305 3662 2361; x_wconf 83' lang='lat' dir='ltr'>voluntatem</span> 
     </span>
    </p>
   </div>
   <div class='ocr_carea' id='block_1_74' title="bbox 2018 2386 3660 2462">
    <p class='ocr_par' dir='ltr' id='par_1_74' title="bbox 2018 2386 3660 2462">
     <span class='ocr_line' id='line_1_74' title="bbox 2018 2386 3660 2462; baseline 0.005 -22"><span class='ocrx_word' id='word_1_521' title='bbox 2018 2386 2143 2455; x_wconf 88' lang='lat' dir='ltr'>Dei,</span> <span class='ocrx_word' id='word_1_522' title='bbox 2179 2408 2201 2437; x_wconf 69' lang='grc' dir='ltr'>υ</span> <span class='ocrx_word' id='word_1_523' title='bbox 2238 2394 2519 2458; x_wconf 85' lang='lat' dir='ltr'>tanquam</span> <span class='ocrx_word' id='word_1_524' title='bbox 2559 2389 2840 2444; x_wconf 83' lang='lat' dir='ltr'>dixisset:</span> <span class='ocrx_word' id='word_1_525' title='bbox 2893 2392 2971 2445; x_wconf 70' lang='lat' dir='ltr'>Ne</span> <span class='ocrx_word' id='word_1_526' title='bbox 3028 2392 3364 2462; x_wconf 84' lang='lat' dir='ltr'>admireris,</span> <span class='ocrx_word' id='word_1_527' title='bbox 3398 2412 3429 2448; x_wconf 92' lang='lat'>0</span> <span class='ocrx_word' id='word_1_528' title='bbox 3459 2396 3660 2450; x_wconf 89' lang='lat' dir='ltr'>homo.</span> 
     </span>
    </p>
   </div>
   <div class='ocr_carea' id='block_1_75' title="bbox 2017 2479 3663 2557">
    <p class='ocr_par' dir='ltr' id='par_1_75' title="bbox 2017 2479 3663 2557">
     <span class='ocr_line' id='line_1_75' title="bbox 2017 2479 3663 2557; baseline 0.005 -24"><span class='ocrx_word' id='word_1_529' title='bbox 2017 2479 2202 2533; x_wconf 90' lang='lat' dir='ltr'>Deum</span> <span class='ocrx_word' id='word_1_530' title='bbox 2220 2480 2517 2535; x_wconf 85' lang='lat' dir='ltr'>habebant</span> <span class='ocrx_word' id='word_1_531' title='bbox 2536 2482 3154 2553; x_wconf 84' lang='lat' dir='ltr'>auxiliatorem,quem</span> <span class='ocrx_word' id='word_1_532' title='bbox 3176 2485 3448 2541; x_wconf 88' lang='lat' dir='ltr'>ultronea</span> <span class='ocrx_word' id='word_1_533' title='bbox 3460 2504 3663 2557; x_wconf 90' lang='lat' dir='ltr'>prom—</span> 
     </span>
    </p>
   </div>
   <div class='ocr_carea' id='block_1_76' title="bbox 2015 2569 3661 2639">
    <p class='ocr_par' dir='ltr' id='par_1_76' title="bbox 2015 2569 3661 2639">
     <span class='ocr_line' id='line_1_76' title="bbox 2015 2569 3661 2639; baseline 0.005 -17"><span class='ocrx_word' id='word_1_534' title='bbox 2015 2573 2232 2639; x_wconf 92' lang='lat' dir='ltr'>ptaque</span> <span class='ocrx_word' id='word_1_535' title='bbox 2262 2569 2562 2625; x_wconf 87' lang='lat' dir='ltr'>voluntate</span> <span class='ocrx_word' id='word_1_536' title='bbox 2575 2576 2797 2626; x_wconf 82' lang='lat' dir='ltr'>attraxe</span> <span class='ocrx_word' id='word_1_537' title='bbox 2808 2573 3072 2628; x_wconf 90' lang='lat' dir='ltr'>rant.Ubi</span> <span class='ocrx_word' id='word_1_538' title='bbox 3090 2590 3223 2628; x_wconf 87' lang='lat' dir='ltr'>vero</span> <span class='ocrx_word' id='word_1_539' title='bbox 3239 2576 3391 2630; x_wconf 92' lang='lat' dir='ltr'>Deus</span> <span class='ocrx_word' id='word_1_540' title='bbox 3408 2575 3661 2630; x_wconf 85' lang='lat' dir='ltr'>auxilia-</span> 
     </span>
    </p>
   </div>
   <div class='ocr_carea' id='block_1_77' title="bbox 2013 2659 3666 2735">
    <p class='ocr_par' dir='ltr' id='par_1_77' title="bbox 2013 2659 3666 2735">
     <span class='ocr_line' id='line_1_77' title="bbox 2013 2659 3666 2735; baseline 0.004 -23"><span class='ocrx_word' id='word_1_541' title='bbox 2013 2659 2286 2722; x_wconf 90' lang='lat' dir='ltr'>tur,nihil</span> <span class='ocrx_word' id='word_1_542' title='bbox 2308 2660 2675 2731; x_wconf 90' lang='lat' dir='ltr'>impossibile</span> <span class='ocrx_word' id='word_1_543' title='bbox 2696 2662 3133 2718; x_wconf 89' lang='lat' dir='ltr'>est.Considera</span> <span class='ocrx_word' id='word_1_544' title='bbox 3147 2669 3345 2719; x_wconf 92' lang='lat' dir='ltr'>autem</span> <span class='ocrx_word' id='word_1_545' title='bbox 3369 2665 3666 2735; x_wconf 89' lang='lat' dir='ltr'>quomodo</span> 
     </span>
    </p>
   </div>
   <div class='ocr_carea' id='block_1_78' title="bbox 2014 2749 3664 2825">
    <p class='ocr_par' dir='ltr' id='par_1_78' title="bbox 2014 2749 3664 2825">
     <span class='ocr_line' id='line_1_78' title="bbox 2014 2749 3664 2825; baseline 0.004 -22"><span class='ocrx_word' id='word_1_546' title='bbox 2014 2765 2149 2803; x_wconf 90' lang='lat' dir='ltr'>cum</span> <span class='ocrx_word' id='word_1_547' title='bbox 2167 2749 2330 2819; x_wconf 90' lang='lat' dir='ltr'>prius</span> <span class='ocrx_word' id='word_1_548' title='bbox 2347 2750 2495 2804; x_wconf 89' lang='lat' dir='ltr'>illud</span> <span class='ocrx_word' id='word_1_549' title='bbox 2508 2756 2775 2806; x_wconf 90' lang='lat' dir='ltr'>vocasset</span> <span class='ocrx_word' id='word_1_550' title='bbox 2794 2752 3042 2823; x_wconf 86' lang='lat' dir='ltr'>gratiam</span> <span class='ocrx_word' id='word_1_551' title='bbox 3062 2770 3127 2807; x_wconf 87' lang='lat' dir='ltr'>ac</span> <span class='ocrx_word' id='word_1_552' title='bbox 3141 2754 3664 2825; x_wconf 88' lang='lat' dir='ltr'>participationem</span> 
     </span>
    </p>
   </div>
   <div class='ocr_carea' id='block_1_79' title="bbox 2014 2837 3661 2912">
    <p class='ocr_par' dir='ltr' id='par_1_79' title="bbox 2014 2837 3661 2912">
     <span class='ocr_line' id='line_1_79' title="bbox 2014 2837 3661 2912; baseline 0.005 -21"><span class='ocrx_word' id='word_1_553' title='bbox 2014 2838 2211 2892; x_wconf 86' lang='lat' dir='ltr'>inﬁne</span> <span class='ocrx_word' id='word_1_554' title='bbox 2256 2837 2553 2893; x_wconf 88' lang='lat' dir='ltr'>addiderit</span> <span class='ocrx_word' id='word_1_555' title='bbox 2581 2840 2739 2909; x_wconf 90' lang='lat' dir='ltr'>quod</span> <span class='ocrx_word' id='word_1_556' title='bbox 2784 2842 3025 2895; x_wconf 88' lang='lat' dir='ltr'>omnino</span> <span class='ocrx_word' id='word_1_557' title='bbox 3079 2843 3305 2912; x_wconf 89' lang='lat' dir='ltr'>seipsos</span> <span class='ocrx_word' id='word_1_558' title='bbox 3346 2843 3661 2899; x_wconf 87' lang='lat' dir='ltr'>dederunt.</span> 
     </span>
    </p>
   </div>
   <div class='ocr_carea' id='block_1_80' title="bbox 2015 2929 3664 2999">
    <p class='ocr_par' dir='ltr' id='par_1_80' title="bbox 2015 2929 3664 2999">
     <span class='ocr_line' id='line_1_80' title="bbox 2015 2929 3664 2999; baseline 0.004 -18"><span class='ocrx_word' id='word_1_559' title='bbox 2015 2950 2042 2978; x_wconf 85' lang='lat'><strong>«</strong></span> <span class='ocrx_word' id='word_1_560' title='bbox 2074 2930 2143 2982; x_wconf 92' lang='lat' dir='ltr'>Et</span> <span class='ocrx_word' id='word_1_561' title='bbox 2160 2929 2676 2999; x_wconf 87' lang='lat' dir='ltr'>participationem</span> <span class='ocrx_word' id='word_1_562' title='bbox 2694 2931 3031 2985; x_wconf 87' lang='lat' dir='ltr'>ministerii.</span> <span class='ocrx_word' id='word_1_563' title='bbox 3057 2954 3082 2981; x_wconf 84' lang='lat'>»</span> <span class='ocrx_word' id='word_1_564' title='bbox 3107 2933 3397 2995; x_wconf 89' lang='lat' dir='ltr'>Quoniam</span> <span class='ocrx_word' id='word_1_565' title='bbox 3420 2934 3664 2989; x_wconf 79' lang='lat' dir='ltr'>aemula-</span> 
     </span>
    </p>
   </div>
   <div class='ocr_carea' id='block_1_81' title="bbox 2014 3018 3661 3094">
    <p class='ocr_par' dir='ltr' id='par_1_81' title="bbox 2014 3018 3661 3094">
     <span class='ocr_line' id='line_1_81' title="bbox 2014 3018 3661 3094; baseline 0.005 -24"><span class='ocrx_word' id='word_1_566' title='bbox 2014 3022 2169 3071; x_wconf 92' lang='lat' dir='ltr'>tores</span> <span class='ocrx_word' id='word_1_567' title='bbox 2198 3023 2365 3071; x_wconf 88' lang='lat' dir='ltr'>erant</span> <span class='ocrx_word' id='word_1_568' title='bbox 2396 3018 2728 3083; x_wconf 88' lang='lat' dir='ltr'>hominum,</span> <span class='ocrx_word' id='word_1_569' title='bbox 2754 3036 2881 3074; x_wconf 91' lang='lat' dir='ltr'>rem</span> <span class='ocrx_word' id='word_1_570' title='bbox 2914 3021 3104 3091; x_wconf 89' lang='lat' dir='ltr'>ipsam</span> <span class='ocrx_word' id='word_1_571' title='bbox 3138 3022 3281 3077; x_wconf 88' lang='lat' dir='ltr'>dicit</span> <span class='ocrx_word' id='word_1_572' title='bbox 3311 3023 3561 3094; x_wconf 87' lang='lat' dir='ltr'>gratiam</span> <span class='ocrx_word' id='word_1_573' title='bbox 3594 3040 3661 3078; x_wconf 92' lang='lat' dir='ltr'>ac</span> 
     </span>
    </p>
   </div>
   <div class='ocr_carea' id='block_1_82' title="bbox 2013 3106 3665 3180">
    <p class='ocr_par' dir='ltr' id='par_1_82' title="bbox 2013 3106 3665 3180">
     <span class='ocr_line' id='line_1_82' title="bbox 2013 3106 3665 3180; baseline 0.003 -20"><span class='ocrx_word' id='word_1_574' title='bbox 2013 3106 2234 3161; x_wconf 92' lang='lat' dir='ltr'>donum</span> <span class='ocrx_word' id='word_1_575' title='bbox 2276 3112 2341 3160; x_wconf 90' lang='lat' dir='ltr'>ut</span> <span class='ocrx_word' id='word_1_576' title='bbox 2369 3112 2699 3162; x_wconf 88' lang='lat' dir='ltr'>accurrant.</span> <span class='ocrx_word' id='word_1_577' title='bbox 2756 3108 3207 3180; x_wconf 89' lang='lat' dir='ltr'>Eleemosynam</span> <span class='ocrx_word' id='word_1_578' title='bbox 3269 3118 3465 3166; x_wconf 90' lang='lat' dir='ltr'>autem</span> <span class='ocrx_word' id='word_1_579' title='bbox 3498 3118 3665 3167; x_wconf 87' lang='lat' dir='ltr'>vocat</span> 
     </span>
    </p>
   </div>
   <div class='ocr_carea' id='block_1_83' title="bbox 2013 3194 3661 3270">
    <p class='ocr_par' dir='ltr' id='par_1_83' title="bbox 2013 3194 3661 3270">
     <span class='ocr_line' id='line_1_83' title="bbox 2013 3194 3661 3270; baseline 0.004 -22"><span class='ocrx_word' id='word_1_580' title='bbox 2013 3194 2553 3267; x_wconf 77' lang='lat' dir='ltr'>participationem,</span> <span class='ocrx_word' id='word_1_581' title='bbox 2573 3196 2892 3251; x_wconf 92' lang='lat' dir='ltr'>ostendens</span> <span class='ocrx_word' id='word_1_582' title='bbox 2915 3198 3073 3268; x_wconf 92' lang='lat' dir='ltr'>quod</span> <span class='ocrx_word' id='word_1_583' title='bbox 3102 3198 3188 3252; x_wconf 89' lang='lat' dir='ltr'>illi</span> <span class='ocrx_word' id='word_1_584' title='bbox 3219 3199 3455 3269; x_wconf 91' lang='lat' dir='ltr'>quidem</span> <span class='ocrx_word' id='word_1_585' title='bbox 3486 3217 3661 3270; x_wconf 90' lang='lat' dir='ltr'>pecu-</span> 
     </span>
    </p>
   </div>
   <div class='ocr_carea' id='block_1_84' title="bbox 2020 3284 3662 3357">
    <p class='ocr_par' dir='ltr' id='par_1_84' title="bbox 2020 3284 3662 3357">
     <span class='ocr_line' id='line_1_84' title="bbox 2020 3284 3662 3357; baseline 0.003 -18"><span class='ocrx_word' id='word_1_586' title='bbox 2020 3285 2149 3339; x_wconf 88' lang='lat' dir='ltr'>nias</span> <span class='ocrx_word' id='word_1_587' title='bbox 2181 3284 2443 3339; x_wconf 86' lang='lat' dir='ltr'>tribuunt</span> <span class='ocrx_word' id='word_1_588' title='bbox 2472 3305 2486 3353; x_wconf 84' lang='lat'><strong>;</strong></span> <span class='ocrx_word' id='word_1_589' title='bbox 2521 3286 2621 3355; x_wconf 92' lang='lat' dir='ltr'>qui</span> <span class='ocrx_word' id='word_1_590' title='bbox 2650 3302 2781 3340; x_wconf 89' lang='lat' dir='ltr'>vero</span> <span class='ocrx_word' id='word_1_591' title='bbox 2830 3288 3148 3357; x_wconf 88' lang='lat' dir='ltr'>accipiunt,</span> <span class='ocrx_word' id='word_1_592' title='bbox 3184 3289 3335 3343; x_wconf 79' lang='lat'>659</span> <span class='ocrx_word' id='word_1_593' title='bbox 3374 3290 3662 3345; x_wconf 83' lang='lat' dir='ltr'>auxilium</span> 
     </span>
    </p>
   </div>
   <div class='ocr_carea' id='block_1_85' title="bbox 2020 3373 3667 3450">
    <p class='ocr_par' dir='ltr' id='par_1_85' title="bbox 2020 3373 3667 3450">
     <span class='ocr_line' id='line_1_85' title="bbox 2020 3373 3667 3450; baseline 0.004 -21"><span class='ocrx_word' id='word_1_594' title='bbox 2020 3391 2054 3429; x_wconf 86' lang='lat' dir='ltr'>a</span> <span class='ocrx_word' id='word_1_595' title='bbox 2084 3375 2199 3427; x_wconf 92' lang='lat' dir='ltr'>Deo</span> <span class='ocrx_word' id='word_1_596' title='bbox 2233 3373 2376 3444; x_wconf 84' lang='lat' dir='ltr'>ipsis</span> <span class='ocrx_word' id='word_1_597' title='bbox 2394 3376 2726 3430; x_wconf 88' lang='lat' dir='ltr'>conferunt.</span> <span class='ocrx_word' id='word_1_598' title='bbox 2760 3399 2787 3425; x_wconf 88' lang='lat'><strong>«</strong></span> <span class='ocrx_word' id='word_1_599' title='bbox 2814 3378 3033 3431; x_wconf 74' lang='lat' dir='ltr'>Et~non</span> <span class='ocrx_word' id='word_1_600' title='bbox 3073 3385 3369 3447; x_wconf 88' lang='lat' dir='ltr'>quatenus</span> <span class='ocrx_word' id='word_1_601' title='bbox 3393 3382 3667 3450; x_wconf 88' lang='lat' dir='ltr'>speraba-</span> 
     </span>
    </p>
   </div>
   <div class='ocr_carea' id='block_1_86' title="bbox 2018 3466 3664 3540">
    <p class='ocr_par' dir='ltr' id='par_1_86' title="bbox 2018 3466 3664 3540">
     <span class='ocr_line' id='line_1_86' title="bbox 2018 3466 3664 3540; baseline 0.006 -23"><span class='ocrx_word' id='word_1_602' title='bbox 2018 3480 2173 3518; x_wconf 89' lang='lat' dir='ltr'>mus.</span> <span class='ocrx_word' id='word_1_603' title='bbox 2201 3487 2228 3513; x_wconf 87' lang='lat'>»</span> <span class='ocrx_word' id='word_1_604' title='bbox 2261 3466 2379 3520; x_wconf 89' lang='lat' dir='ltr'>Hoc</span> <span class='ocrx_word' id='word_1_605' title='bbox 2410 3471 2468 3520; x_wconf 92' lang='lat' dir='ltr'>et</span> <span class='ocrx_word' id='word_1_606' title='bbox 2496 3466 2570 3521; x_wconf 90' lang='lat' dir='ltr'>ad</span> <span class='ocrx_word' id='word_1_607' title='bbox 2600 3467 2952 3523; x_wconf 81' lang='lat' dir='ltr'>afﬂictiones</span> <span class='ocrx_word' id='word_1_608' title='bbox 2977 3474 3035 3522; x_wconf 93' lang='lat' dir='ltr'>et</span> <span class='ocrx_word' id='word_1_609' title='bbox 3055 3470 3128 3525; x_wconf 91' lang='lat' dir='ltr'>ad</span> <span class='ocrx_word' id='word_1_610' title='bbox 3150 3471 3541 3540; x_wconf 89' lang='lat' dir='ltr'>quantitatem</span> <span class='ocrx_word' id='word_1_611' title='bbox 3572 3474 3664 3528; x_wconf 91' lang='lat' dir='ltr'>in-</span> 
     </span>
    </p>
   </div>
   <div class='ocr_carea' id='block_1_87' title="bbox 2017 3553 3665 3629">
    <p class='ocr_par' dir='ltr' id='par_1_87' title="bbox 2017 3553 3665 3629">
     <span class='ocr_line' id='line_1_87' title="bbox 2017 3553 3665 3629; baseline 0.005 -23"><span class='ocrx_word' id='word_1_612' title='bbox 2017 3553 2403 3626; x_wconf 87' lang='lat' dir='ltr'>telligendum</span> <span class='ocrx_word' id='word_1_613' title='bbox 2426 3560 2534 3610; x_wconf 90' lang='lat' dir='ltr'>est.</span> <span class='ocrx_word' id='word_1_614' title='bbox 2560 3560 2685 3611; x_wconf 82' lang='lat' dir='ltr'>Non</span> <span class='ocrx_word' id='word_1_615' title='bbox 2719 3558 2875 3611; x_wconf 91' lang='lat' dir='ltr'>enim</span> <span class='ocrx_word' id='word_1_616' title='bbox 2895 3559 3443 3629; x_wconf 90' lang='lat' dir='ltr'>sperabamus,cum</span> <span class='ocrx_word' id='word_1_617' title='bbox 3465 3568 3665 3617; x_wconf 90' lang='lat' dir='ltr'>essent</span> 
     </span>
    </p>
   </div>
   <div class='ocr_carea' id='block_1_88' title="bbox 2018 3641 3660 3715">
    <p class='ocr_par' dir='ltr' id='par_1_88' title="bbox 2018 3641 3660 3715">
     <span class='ocr_line' id='line_1_88' title="bbox 2018 3641 3660 3715; baseline 0.007 -20"><span class='ocrx_word' id='word_1_618' title='bbox 2018 3641 2079 3696; x_wconf 92' lang='lat' dir='ltr'>in</span> <span class='ocrx_word' id='word_1_619' title='bbox 2103 3643 2446 3710; x_wconf 84' lang='lat' dir='ltr'>afﬂictione,</span> <span class='ocrx_word' id='word_1_620' title='bbox 2481 3646 2639 3715; x_wconf 89' lang='lat' dir='ltr'>quod</span> <span class='ocrx_word' id='word_1_621' title='bbox 2668 3652 2771 3701; x_wconf 90' lang='lat' dir='ltr'>aut</span> <span class='ocrx_word' id='word_1_622' title='bbox 2800 3646 3010 3702; x_wconf 91' lang='lat' dir='ltr'>darent</span> <span class='ocrx_word' id='word_1_623' title='bbox 3060 3654 3163 3703; x_wconf 87' lang='lat' dir='ltr'>aut</span> <span class='ocrx_word' id='word_1_624' title='bbox 3222 3655 3381 3704; x_wconf 87' lang='lat' dir='ltr'>tanta</span> <span class='ocrx_word' id='word_1_625' title='bbox 3430 3651 3660 3708; x_wconf 87' lang='lat' dir='ltr'>darent.</span> 
     </span>
    </p>
   </div>
   <div class='ocr_carea' id='block_1_89' title="bbox 2016 3732 3659 3808">
    <p class='ocr_par' dir='ltr' id='par_1_89' title="bbox 2016 3732 3659 3808">
     <span class='ocr_line' id='line_1_89' title="bbox 2016 3732 3659 3808; baseline 0.009 -28"><span class='ocrx_word' id='word_1_626' title='bbox 2016 3752 2045 3780; x_wconf 87' lang='lat'><strong>«</strong></span> <span class='ocrx_word' id='word_1_627' title='bbox 2078 3732 2188 3786; x_wconf 92' lang='lat' dir='ltr'>Sed</span> <span class='ocrx_word' id='word_1_628' title='bbox 2220 3733 2447 3803; x_wconf 89' lang='lat' dir='ltr'>seipsos</span> <span class='ocrx_word' id='word_1_629' title='bbox 2479 3733 2787 3788; x_wconf 88' lang='lat' dir='ltr'>dederunt.</span> <span class='ocrx_word' id='word_1_630' title='bbox 2822 3757 2849 3784; x_wconf 77' lang='grc'>»</span> <span class='ocrx_word' id='word_1_631' title='bbox 2874 3738 2996 3789; x_wconf 92' lang='lat' dir='ltr'>Non</span> <span class='ocrx_word' id='word_1_632' title='bbox 3026 3738 3263 3806; x_wconf 88' lang='lat' dir='ltr'>partim,</span> <span class='ocrx_word' id='word_1_633' title='bbox 3299 3739 3511 3808; x_wconf 90' lang='lat' dir='ltr'>inquit,</span> <span class='ocrx_word' id='word_1_634' title='bbox 3544 3741 3659 3794; x_wconf 91' lang='lat' dir='ltr'>D0-</span> 
     </span>
    </p>
   </div>
   <div class='ocr_carea' id='block_1_90' title="bbox 2014 3819 3659 3897">
    <p class='ocr_par' dir='ltr' id='par_1_90' title="bbox 2014 3819 3659 3897">
     <span class='ocr_line' id='line_1_90' title="bbox 2014 3819 3659 3897; baseline 0.004 -23"><span class='ocrx_word' id='word_1_635' title='bbox 2014 3819 2199 3888; x_wconf 86' lang='lat' dir='ltr'>mino,</span> <span class='ocrx_word' id='word_1_636' title='bbox 2235 3822 2449 3890; x_wconf 87' lang='lat' dir='ltr'>partim</span> <span class='ocrx_word' id='word_1_637' title='bbox 2498 3838 2633 3876; x_wconf 89' lang='lat' dir='ltr'>vero</span> <span class='ocrx_word' id='word_1_638' title='bbox 2674 3822 2994 3877; x_wconf 90' lang='lat' dir='ltr'>mundanis</span> <span class='ocrx_word' id='word_1_639' title='bbox 3027 3824 3223 3891; x_wconf 89' lang='lat' dir='ltr'>rebus,</span> <span class='ocrx_word' id='word_1_640' title='bbox 3258 3826 3360 3879; x_wconf 91' lang='lat' dir='ltr'>sed</span> <span class='ocrx_word' id='word_1_641' title='bbox 3414 3828 3521 3880; x_wconf 90' lang='lat' dir='ltr'>toti</span> <span class='ocrx_word' id='word_1_642' title='bbox 3554 3844 3659 3897; x_wconf 92' lang='lat' dir='ltr'>per</span> 
     </span>
    </p>
   </div>
   <div class='ocr_carea' id='block_1_91' title="bbox 2012 3909 3656 3980">
    <p class='ocr_par' dir='ltr' id='par_1_91' title="bbox 2012 3909 3656 3980">
     <span class='ocr_line' id='line_1_91' title="bbox 2012 3909 3656 3980; baseline 0.005 -18"><span class='ocrx_word' id='word_1_643' title='bbox 2012 3909 2214 3963; x_wconf 92' lang='lat' dir='ltr'>omnia</span> <span class='ocrx_word' id='word_1_644' title='bbox 2238 3909 2529 3963; x_wconf 89' lang='lat' dir='ltr'>dederunt</span> <span class='ocrx_word' id='word_1_645' title='bbox 2560 3910 2789 3980; x_wconf 90' lang='lat' dir='ltr'>seipsos</span> <span class='ocrx_word' id='word_1_646' title='bbox 2812 3912 3084 3976; x_wconf 90' lang='lat' dir='ltr'>Domino,</span> <span class='ocrx_word' id='word_1_647' title='bbox 3116 3913 3287 3967; x_wconf 89' lang='lat' dir='ltr'>nobis</span> <span class='ocrx_word' id='word_1_648' title='bbox 3318 3918 3515 3968; x_wconf 90' lang='lat' dir='ltr'>autem</span> <span class='ocrx_word' id='word_1_649' title='bbox 3537 3932 3656 3970; x_wconf 90' lang='lat' dir='ltr'>non</span> 
     </span>
    </p>
   </div>
   <div class='ocr_carea' id='block_1_92' title="bbox 2012 3997 3655 4070">
    <p class='ocr_par' dir='ltr' id='par_1_92' title="bbox 2012 3997 3655 4070">
     <span class='ocr_line' id='line_1_92' title="bbox 2012 3997 3655 4070; baseline 0.005 -20"><span class='ocrx_word' id='word_1_650' title='bbox 2012 4001 2255 4064; x_wconf 87' lang='lat' dir='ltr'>temere,</span> <span class='ocrx_word' id='word_1_651' title='bbox 2288 3997 2389 4051; x_wconf 89' lang='lat' dir='ltr'>sed</span> <span class='ocrx_word' id='word_1_652' title='bbox 2422 3998 2900 4068; x_wconf 89' lang='lat' dir='ltr'>pervoluntatem</span> <span class='ocrx_word' id='word_1_653' title='bbox 2924 4000 3025 4054; x_wconf 93' lang='lat' dir='ltr'>Dei</span> <span class='ocrx_word' id='word_1_654' title='bbox 3053 4017 3065 4053; x_wconf 90' lang='lat'>:</span> <span class='ocrx_word' id='word_1_655' title='bbox 3097 4001 3209 4056; x_wconf 90' lang='lat' dir='ltr'>hoc</span> <span class='ocrx_word' id='word_1_656' title='bbox 3230 4007 3339 4070; x_wconf 91' lang='lat' dir='ltr'>est,</span> <span class='ocrx_word' id='word_1_657' title='bbox 3372 4002 3655 4061; x_wconf 89' lang='lat' dir='ltr'>facientes</span> 
     </span>
    </p>
   </div>
   <div class='ocr_carea' id='block_1_93' title="bbox 2011 4085 3657 4156">
    <p class='ocr_par' dir='ltr' id='par_1_93' title="bbox 2011 4085 3657 4156">
     <span class='ocr_line' id='line_1_93' title="bbox 2011 4085 3657 4156; baseline 0.006 -17"><span class='ocrx_word' id='word_1_658' title='bbox 2011 4085 2142 4139; x_wconf 93' lang='lat' dir='ltr'>ideo</span> <span class='ocrx_word' id='word_1_659' title='bbox 2168 4085 2325 4155; x_wconf 91' lang='lat' dir='ltr'>quod</span> <span class='ocrx_word' id='word_1_660' title='bbox 2348 4085 2783 4156; x_wconf 89' lang='lat' dir='ltr'>beneplacitum</span> <span class='ocrx_word' id='word_1_661' title='bbox 2809 4104 2876 4143; x_wconf 91' lang='lat' dir='ltr'>ac</span> <span class='ocrx_word' id='word_1_662' title='bbox 2906 4088 3175 4144; x_wconf 89' lang='lat' dir='ltr'>voluntas</span> <span class='ocrx_word' id='word_1_663' title='bbox 3199 4090 3300 4144; x_wconf 88' lang='lat' dir='ltr'>Dei</span> <span class='ocrx_word' id='word_1_664' title='bbox 3324 4098 3498 4146; x_wconf 91' lang='lat' dir='ltr'>esset.</span> <span class='ocrx_word' id='word_1_665' title='bbox 3531 4112 3551 4139; x_wconf 73' lang='grc' dir='ltr'><strong>α</strong></span> <span class='ocrx_word' id='word_1_666' title='bbox 3571 4094 3657 4149; x_wconf 87' lang='lat' dir='ltr'>Ita</span> 
     </span>
    </p>
   </div>
   <div class='ocr_carea' id='block_1_94' title="bbox 2009 4174 3653 4253">
    <p class='ocr_par' dir='ltr' id='par_1_94' title="bbox 2009 4174 3653 4253">
     <span class='ocr_line' id='line_1_94' title="bbox 2009 4174 3653 4253; baseline 0.007 -25"><span class='ocrx_word' id='word_1_667' title='bbox 2009 4180 2075 4228; x_wconf 92' lang='lat' dir='ltr'>ut</span> <span class='ocrx_word' id='word_1_668' title='bbox 2104 4174 2557 4229; x_wconf 88' lang='lat' dir='ltr'>adhortaremur</span> <span class='ocrx_word' id='word_1_669' title='bbox 2587 4176 2798 4230; x_wconf 90' lang='lat' dir='ltr'>Titum.</span> <span class='ocrx_word' id='word_1_670' title='bbox 2828 4199 2855 4226; x_wconf 82' lang='grc'>››</span> <span class='ocrx_word' id='word_1_671' title='bbox 2888 4178 2956 4230; x_wconf 86' lang='lat' dir='ltr'>Et</span> <span class='ocrx_word' id='word_1_672' title='bbox 2977 4178 3148 4245; x_wconf 90' lang='lat' dir='ltr'>adeo,</span> <span class='ocrx_word' id='word_1_673' title='bbox 3183 4179 3399 4250; x_wconf 89' lang='lat' dir='ltr'>inquit,</span> <span class='ocrx_word' id='word_1_674' title='bbox 3429 4182 3653 4253; x_wconf 90' lang='lat' dir='ltr'>seipsos</span> 
     </span>
    </p>
   </div>
   <div class='ocr_carea' id='block_1_95' title="bbox 2008 4263 3650 4341">
    <p class='ocr_par' dir='ltr' id='par_1_95' title="bbox 2008 4263 3650 4341">
     <span class='ocr_line' id='line_1_95' title="bbox 2008 4263 3650 4341; baseline 0.005 -22"><span class='ocrx_word' id='word_1_675' title='bbox 2008 4263 2082 4319; x_wconf 89' lang='lat' dir='ltr'>ad</span> <span class='ocrx_word' id='word_1_676' title='bbox 2113 4264 2223 4318; x_wconf 91' lang='lat' dir='ltr'>hoc</span> <span class='ocrx_word' id='word_1_677' title='bbox 2254 4263 2647 4333; x_wconf 88' lang='lat' dir='ltr'>tradiderunt,</span> <span class='ocrx_word' id='word_1_678' title='bbox 2671 4272 2736 4321; x_wconf 92' lang='lat' dir='ltr'>ut</span> <span class='ocrx_word' id='word_1_679' title='bbox 2767 4267 2827 4321; x_wconf 89' lang='lat' dir='ltr'>in</span> <span class='ocrx_word' id='word_1_680' title='bbox 2852 4268 2963 4321; x_wconf 89' lang='lat' dir='ltr'>hoc</span> <span class='ocrx_word' id='word_1_681' title='bbox 2996 4269 3280 4337; x_wconf 90' lang='lat' dir='ltr'>venirem,</span> <span class='ocrx_word' id='word_1_682' title='bbox 3309 4288 3424 4341; x_wconf 89' lang='lat' dir='ltr'>quo</span> <span class='ocrx_word' id='word_1_683' title='bbox 3457 4273 3650 4327; x_wconf 88' lang='lat' dir='ltr'>Titum</span> 
     </span>
    </p>
   </div>
   <div class='ocr_carea' id='block_1_96' title="bbox 2006 4351 3650 4424">
    <p class='ocr_par' dir='ltr' id='par_1_96' title="bbox 2006 4351 3650 4424">
     <span class='ocr_line' id='line_1_96' title="bbox 2006 4351 3650 4424; baseline 0.006 -17"><span class='ocrx_word' id='word_1_684' title='bbox 2006 4351 2078 4408; x_wconf 92' lang='lat' dir='ltr'>de</span> <span class='ocrx_word' id='word_1_685' title='bbox 2110 4353 2220 4407; x_wconf 89' lang='lat' dir='ltr'>hac</span> <span class='ocrx_word' id='word_1_686' title='bbox 2250 4370 2313 4408; x_wconf 91' lang='lat' dir='ltr'>re</span> <span class='ocrx_word' id='word_1_687' title='bbox 2346 4354 2418 4409; x_wconf 92' lang='lat' dir='ltr'>ad</span> <span class='ocrx_word' id='word_1_688' title='bbox 2446 4371 2547 4409; x_wconf 89' lang='lat' dir='ltr'>vos</span> <span class='ocrx_word' id='word_1_689' title='bbox 2605 4354 2927 4424; x_wconf 89' lang='lat' dir='ltr'>mitterem,</span> <span class='ocrx_word' id='word_1_690' title='bbox 2959 4373 3032 4411; x_wconf 93' lang='lat' dir='ltr'>ne</span> <span class='ocrx_word' id='word_1_691' title='bbox 3081 4357 3392 4414; x_wconf 86' lang='lat' dir='ltr'>inferiores</span> <span class='ocrx_word' id='word_1_692' title='bbox 3442 4361 3650 4417; x_wconf 89' lang='lat' dir='ltr'>essetis</span> 
     </span>
    </p>
   </div>
   <div class='ocr_carea' id='block_1_97' title="bbox 2007 4441 3650 4517">
    <p class='ocr_par' dir='ltr' id='par_1_97' title="bbox 2007 4441 3650 4517">
     <span class='ocr_line' id='line_1_97' title="bbox 2007 4441 3650 4517; baseline 0.006 -21"><span class='ocrx_word' id='word_1_693' title='bbox 2007 4441 2441 4498; x_wconf 88' lang='lat' dir='ltr'>Macedonibus.</span> <span class='ocrx_word' id='word_1_694' title='bbox 2476 4464 2503 4493; x_wconf 82' lang='lat'><strong>«</strong></span> <span class='ocrx_word' id='word_1_695' title='bbox 2540 4446 2611 4499; x_wconf 91' lang='lat' dir='ltr'>Ut</span> <span class='ocrx_word' id='word_1_696' title='bbox 2640 4443 2792 4499; x_wconf 89' lang='lat' dir='ltr'>sicut</span> <span class='ocrx_word' id='word_1_697' title='bbox 2814 4451 2988 4501; x_wconf 89' lang='lat' dir='ltr'>antea</span> <span class='ocrx_word' id='word_1_698' title='bbox 3008 4452 3281 4517; x_wconf 69' lang='lat' dir='ltr'>cmperat.</span> <span class='ocrx_word' id='word_1_699' title='bbox 3311 4469 3338 4496; x_wconf 88' lang='lat'>»</span> <span class='ocrx_word' id='word_1_700' title='bbox 3367 4448 3650 4505; x_wconf 90' lang='lat' dir='ltr'>Consiliat</span> 
     </span>
    </p>
   </div>
   <div class='ocr_carea' id='block_1_98' title="bbox 2005 4532 3648 4607">
    <p class='ocr_par' dir='ltr' id='par_1_98' title="bbox 2005 4532 3648 4607">
     <span class='ocr_line' id='line_1_98' title="bbox 2005 4532 3648 4607; baseline 0.005 -22"><span class='ocrx_word' id='word_1_701' title='bbox 2005 4532 2149 4603; x_wconf 92' lang='lat' dir='ltr'>ipsis</span> <span class='ocrx_word' id='word_1_702' title='bbox 2180 4532 2393 4586; x_wconf 90' lang='lat' dir='ltr'>Titum.</span> <span class='ocrx_word' id='word_1_703' title='bbox 2420 4532 2689 4588; x_wconf 90' lang='lat' dir='ltr'>Ostendit</span> <span class='ocrx_word' id='word_1_704' title='bbox 2707 4535 2867 4588; x_wconf 90' lang='lat' dir='ltr'>enim</span> <span class='ocrx_word' id='word_1_705' title='bbox 2895 4536 3051 4606; x_wconf 90' lang='lat' dir='ltr'>quod</span> <span class='ocrx_word' id='word_1_706' title='bbox 3076 4537 3449 4607; x_wconf 89' lang='lat' dir='ltr'>proposuerit</span> <span class='ocrx_word' id='word_1_707' title='bbox 3471 4537 3648 4595; x_wconf 88' lang='lat' dir='ltr'>etiam</span> 
     </span>
    </p>
   </div>
   <div class='ocr_carea' id='block_1_99' title="bbox 252 4615 1907 4707">
    <p class='ocr_par' dir='ltr' id='par_1_99' title="bbox 252 4621 1892 4707">
     <span class='ocr_line' id='line_1_99' title="bbox 252 4621 1892 4707; baseline -0.004 -23"><span class='ocrx_word' id='word_1_708' title='bbox 252 4631 386 4697; x_wconf 83' lang='grc' dir='ltr'>Ἰνα,</span> <span class='ocrx_word' id='word_1_709' title='bbox 436 4628 590 4707; x_wconf 80' lang='grc' dir='ltr'>φησὶ,</span> <span class='ocrx_word' id='word_1_710' title='bbox 650 4628 827 4688; x_wconf 87' lang='grc' dir='ltr'>καθὼς</span> <span class='ocrx_word' id='word_1_711' title='bbox 884 4627 1251 4700; x_wconf 82' lang='grc' dir='ltr'>προενήρξατο</span> <span class='ocrx_word' id='word_1_712' title='bbox 1302 4624 1565 4690; x_wconf 81' lang='grc' dir='ltr'>τουτέστι,</span> <span class='ocrx_word' id='word_1_713' title='bbox 1628 4621 1892 4701; x_wconf 77' lang='grc' dir='ltr'>πφοέθετο</span> 
     </span>
    </p>
   </div>
   <div class='ocr_carea' id='block_1_100' title="bbox 2020 4615 3647 4707">
    <p class='ocr_par' dir='ltr' id='par_1_100' title="bbox 2020 4621 3647 4692">
     <span class='ocr_line' id='line_1_100' title="bbox 2020 4621 3647 4692; baseline 0.005 -16"><span class='ocrx_word' id='word_1_714' title='bbox 2020 4638 2035 4676; x_wconf 89' lang='grc' dir='ltr'>ι</span> <span class='ocrx_word' id='word_1_715' title='bbox 2064 4621 2256 4692; x_wconf 90' lang='lat' dir='ltr'>seipso</span> <span class='ocrx_word' id='word_1_716' title='bbox 2287 4622 2582 4692; x_wconf 84' lang='lat' dir='ltr'>proﬁcisci</span> <span class='ocrx_word' id='word_1_717' title='bbox 2606 4623 2679 4677; x_wconf 89' lang='lat' dir='ltr'>ad</span> <span class='ocrx_word' id='word_1_718' title='bbox 2710 4623 3065 4692; x_wconf 89' lang='lat' dir='ltr'>Corinthios,</span> <span class='ocrx_word' id='word_1_719' title='bbox 3099 4642 3171 4680; x_wconf 90' lang='lat' dir='ltr'>ne</span> <span class='ocrx_word' id='word_1_720' title='bbox 3204 4625 3515 4682; x_wconf 87' lang='lat' dir='ltr'>inferiores</span> <span class='ocrx_word' id='word_1_721' title='bbox 3547 4645 3647 4683; x_wconf 88' lang='lat' dir='ltr'>es-</span> 
     </span>
    </p>
   </div>
   <div class='ocr_carea' id='block_1_101' title="bbox 251 4711 1893 4790">
    <p class='ocr_par' dir='ltr' id='par_1_101' title="bbox 251 4711 1893 4790">
     <span class='ocr_line' id='line_1_101' title="bbox 251 4711 1893 4790; baseline -0.004 -17"><span class='ocrx_word' id='word_1_722' title='bbox 251 4720 311 4773; x_wconf 87' lang='grc' dir='ltr'>τὸ</span> <span class='ocrx_word' id='word_1_723' title='bbox 342 4716 453 4773; x_wconf 86' lang='grc' dir='ltr'>δεῖν</span> <span class='ocrx_word' id='word_1_724' title='bbox 508 4718 686 4772; x_wconf 78' lang='grc' dir='ltr'>ἐλθεῖν</span> <span class='ocrx_word' id='word_1_725' title='bbox 736 4716 871 4790; x_wconf 90' lang='grc' dir='ltr'>πρὸς</span> <span class='ocrx_word' id='word_1_726' title='bbox 933 4716 1092 4787; x_wconf 81' lang='grc' dir='ltr'>ὑμᾶς.</span> <span class='ocrx_word' id='word_1_727' title='bbox 1164 4737 1186 4767; x_wconf 77' lang='grc' dir='ltr'>ι</span> <span class='ocrx_word' id='word_1_728' title='bbox 1224 4713 1328 4770; x_wconf 89' lang='grc' dir='ltr'>Καὶ</span> <span class='ocrx_word' id='word_1_729' title='bbox 1377 4711 1684 4786; x_wconf 73' lang='grc' dir='ltr'>ἐπιτελέσῃ,</span> <span class='ocrx_word' id='word_1_730' title='bbox 1738 4733 1893 4767; x_wconf 87' lang='grc' dir='ltr'>τουτ-</span> 
     </span>
    </p>
   </div>
   <div class='ocr_carea' id='block_1_102' title="bbox 252 4799 1894 4881">
    <p class='ocr_par' dir='ltr' id='par_1_102' title="bbox 252 4799 1894 4881">
     <span class='ocr_line' id='line_1_102' title="bbox 252 4799 1894 4881; baseline -0.005 -18"><span class='ocrx_word' id='word_1_731' title='bbox 252 4808 361 4863; x_wconf 70' lang='grc' dir='ltr'>ἐστι</span> <span class='ocrx_word' id='word_1_732' title='bbox 391 4807 659 4881; x_wconf 60' lang='grc' dir='ltr'>πληρώσῃ</span> <span class='ocrx_word' id='word_1_733' title='bbox 689 4806 752 4859; x_wconf 87' lang='grc' dir='ltr'>τὸ</span> <span class='ocrx_word' id='word_1_734' title='bbox 784 4802 1111 4880; x_wconf 73' lang='grc' dir='ltr'>ἐγχείρημα.</span> <span class='ocrx_word' id='word_1_735' title='bbox 1164 4805 1340 4859; x_wconf 89' lang='grc' dir='ltr'>Τοῦτο</span> <span class='ocrx_word' id='word_1_736' title='bbox 1400 4799 1457 4856; x_wconf 75' lang='grc' dir='ltr'>δὲ</span> <span class='ocrx_word' id='word_1_737' title='bbox 1514 4800 1626 4857; x_wconf 88' lang='grc' dir='ltr'>ἐστι</span> <span class='ocrx_word' id='word_1_738' title='bbox 1672 4802 1735 4855; x_wconf 89' lang='grc' dir='ltr'>τὸ</span> <span class='ocrx_word' id='word_1_739' title='bbox 1792 4823 1894 4857; x_wconf 83' lang='grc' dir='ltr'>πα-</span> 
     </span>
    </p>
   </div>
   <div class='ocr_carea' id='block_1_103' title="bbox 253 4891 1895 4972">
    <p class='ocr_par' dir='ltr' id='par_1_103' title="bbox 253 4891 1895 4972">
     <span class='ocr_line' id='line_1_103' title="bbox 253 4891 1895 4972; baseline -0.005 -19"><span class='ocrx_word' id='word_1_740' title='bbox 253 4898 573 4972; x_wconf 83' lang='grc' dir='ltr'>ρασκευάσαι</span> <span class='ocrx_word' id='word_1_741' title='bbox 614 4896 770 4951; x_wconf 77' lang='grc' dir='ltr'>αὐτὸν</span> <span class='ocrx_word' id='word_1_742' title='bbox 810 4895 884 4956; x_wconf 89' lang='grc' dir='ltr'>εἰς</span> <span class='ocrx_word' id='word_1_743' title='bbox 954 4892 1108 4967; x_wconf 74' lang='grc' dir='ltr'>ἔργον</span> <span class='ocrx_word' id='word_1_744' title='bbox 1173 4894 1312 4965; x_wconf 68' lang='grc' dir='ltr'>ὒμᾶς</span> <span class='ocrx_word' id='word_1_745' title='bbox 1370 4891 1586 4965; x_wconf 86' lang='grc' dir='ltr'>ἀγαγεῖν</span> <span class='ocrx_word' id='word_1_746' title='bbox 1641 4892 1704 4947; x_wconf 86' lang='grc' dir='ltr'>τὸ</span> <span class='ocrx_word' id='word_1_747' title='bbox 1760 4891 1895 4946; x_wconf 81' lang='grc' dir='ltr'>κατὰ</span> 
     </span>
    </p>
   </div>
   <div class='ocr_carea' id='block_1_104' title="bbox 252 4976 1891 5065">
    <p class='ocr_par' dir='ltr' id='par_1_104' title="bbox 252 4976 1891 5065">
     <span class='ocr_line' id='line_1_104' title="bbox 252 4976 1891 5065; baseline -0.008 -21"><span class='ocrx_word' id='word_1_748' title='bbox 252 4990 356 5065; x_wconf 57' lang='grc' dir='ltr'>τὴν</span> <span class='ocrx_word' id='word_1_749' title='bbox 388 4984 783 5059; x_wconf 74' lang='grc' dir='ltr'>ἐλεημοσύνην.</span> <span class='ocrx_word' id='word_1_750' title='bbox 851 4982 1095 5045; x_wconf 73' lang='grc' dir='ltr'>σΟὕτως</span> <span class='ocrx_word' id='word_1_751' title='bbox 1148 4976 1432 5055; x_wconf 70' lang='grc' dir='ltr'>ἐπιτελέσῃ</span> <span class='ocrx_word' id='word_1_752' title='bbox 1492 4981 1567 5041; x_wconf 78' lang='grc' dir='ltr'>εἷς</span> <span class='ocrx_word' id='word_1_753' title='bbox 1635 4980 1796 5052; x_wconf 83' lang='grc' dir='ltr'>ὑμᾶς,</span> <span class='ocrx_word' id='word_1_754' title='bbox 1864 5005 1891 5031; x_wconf 81' lang='grc'><strong>››</strong></span> 
     </span>
    </p>
   </div>
   <div class='ocr_carea' id='block_1_105' title="bbox 250 5068 1891 5151">
    <p class='ocr_par' dir='ltr' id='par_1_105' title="bbox 250 5068 1891 5151">
     <span class='ocr_line' id='line_1_105' title="bbox 250 5068 1891 5151; baseline -0.005 -19"><span class='ocrx_word' id='word_1_755' title='bbox 250 5079 340 5139; x_wconf 71' lang='grc' dir='ltr'>Ὠς</span> <span class='ocrx_word' id='word_1_756' title='bbox 368 5077 459 5131; x_wconf 79' lang='grc' dir='ltr'>καὶ</span> <span class='ocrx_word' id='word_1_757' title='bbox 515 5076 583 5129; x_wconf 79' lang='grc' dir='ltr'>τὰ</span> <span class='ocrx_word' id='word_1_758' title='bbox 640 5074 808 5130; x_wconf 90' lang='grc' dir='ltr'>λοιπὰ</span> <span class='ocrx_word' id='word_1_759' title='bbox 878 5070 1031 5146; x_wconf 80' lang='grc' dir='ltr'>ὒμῖν,</span> <span class='ocrx_word' id='word_1_760' title='bbox 1099 5072 1255 5151; x_wconf 81' lang='grc' dir='ltr'>φησὶ,</span> <span class='ocrx_word' id='word_1_761' title='bbox 1310 5068 1612 5141; x_wconf 78' lang='grc' dir='ltr'>διήνυσται,</span> <span class='ocrx_word' id='word_1_762' title='bbox 1673 5072 1805 5146; x_wconf 77' lang='grc' dir='ltr'>ἅπερ</span> <span class='ocrx_word' id='word_1_763' title='bbox 1838 5071 1891 5125; x_wconf 77' lang='grc' dir='ltr'>ὲν</span> 
     </span>
    </p>
   </div>
   <div class='ocr_carea' id='block_1_106' title="bbox 247 5158 1891 5238">
    <p class='ocr_par' dir='ltr' id='par_1_106' title="bbox 247 5158 1891 5238">
     <span class='ocr_line' id='line_1_106' title="bbox 247 5158 1891 5238; baseline -0.005 -16"><span class='ocrx_word' id='word_1_764' title='bbox 247 5171 362 5227; x_wconf 83' lang='grc' dir='ltr'>τοῖς</span> <span class='ocrx_word' id='word_1_765' title='bbox 400 5165 509 5219; x_wconf 80' lang='grc' dir='ltr'>ἀνω</span> <span class='ocrx_word' id='word_1_766' title='bbox 552 5168 833 5238; x_wconf 88' lang='grc' dir='ltr'>μαρτυρεῖ·</span> <span class='ocrx_word' id='word_1_767' title='bbox 899 5164 1041 5237; x_wconf 73' lang='grc' dir='ltr'>’Ὁρα</span> <span class='ocrx_word' id='word_1_768' title='bbox 1089 5158 1146 5215; x_wconf 73' lang='grc' dir='ltr'>δὲ</span> <span class='ocrx_word' id='word_1_769' title='bbox 1174 5166 1291 5222; x_wconf 81' lang='grc' dir='ltr'>πῶς</span> <span class='ocrx_word' id='word_1_770' title='bbox 1321 5166 1604 5234; x_wconf 78' lang='grc' dir='ltr'>πανταχοῦ</span> <span class='ocrx_word' id='word_1_771' title='bbox 1644 5164 1891 5236; x_wconf 82' lang='grc' dir='ltr'>χάρισμα</span> 
     </span>
    </p>
   </div>
   <div class='ocr_carea' id='block_1_107' title="bbox 248 5249 1889 5327">
    <p class='ocr_par' dir='ltr' id='par_1_107' title="bbox 248 5249 1889 5327">
     <span class='ocr_line' id='line_1_107' title="bbox 248 5249 1889 5327; baseline -0.005 -17"><span class='ocrx_word' id='word_1_772' title='bbox 248 5254 405 5311; x_wconf 80' lang='grc' dir='ltr'>καλεῖ</span> <span class='ocrx_word' id='word_1_773' title='bbox 444 5256 541 5322; x_wconf 82' lang='grc' dir='ltr'>τήν</span> <span class='ocrx_word' id='word_1_774' title='bbox 574 5252 971 5325; x_wconf 81' lang='grc' dir='ltr'>ἐλεημοσύνην.</span> <span class='ocrx_word' id='word_1_775' title='bbox 1034 5250 1133 5304; x_wconf 87' lang='grc' dir='ltr'>Καὶ</span> <span class='ocrx_word' id='word_1_776' title='bbox 1190 5251 1287 5317; x_wconf 75' lang='grc' dir='ltr'>τὴν</span> <span class='ocrx_word' id='word_1_777' title='bbox 1338 5250 1495 5323; x_wconf 84' lang='grc' dir='ltr'>χάριν</span> <span class='ocrx_word' id='word_1_778' title='bbox 1554 5249 1676 5324; x_wconf 79' lang='grc' dir='ltr'>γὰρ,</span> <span class='ocrx_word' id='word_1_779' title='bbox 1734 5249 1889 5327; x_wconf 62' lang='grc' dir='ltr'>φησὶ,</span> 
     </span>
    </p>
   </div>
   <div class='ocr_carea' id='block_1_108' title="bbox 248 5346 470 5414">
    <p class='ocr_par' dir='ltr' id='par_1_108' title="bbox 248 5346 470 5414">
     <span class='ocr_line' id='line_1_108' title="bbox 248 5346 470 5414; baseline -0.014 -12"><span class='ocrx_word' id='word_1_780' title='bbox 248 5346 470 5414; x_wconf 85' lang='grc' dir='ltr'>ταύτην.</span> 
     </span>
    </p>
   </div>
   <div class='ocr_carea' id='block_1_109' title="bbox 320 5598 1888 5674">
    <p class='ocr_par' dir='ltr' id='par_1_109' title="bbox 320 5598 1888 5674">
     <span class='ocr_line' id='line_1_109' title="bbox 320 5598 1888 5674; baseline -0.003 -13"><span class='ocrx_word' id='word_1_781' title='bbox 320 5602 476 5662; x_wconf 80' lang='grc' dir='ltr'>Ἀλλ’</span> <span class='ocrx_word' id='word_1_782' title='bbox 557 5599 740 5674; x_wconf 84' lang='grc' dir='ltr'>ὥσπερ</span> <span class='ocrx_word' id='word_1_783' title='bbox 816 5598 867 5655; x_wconf 79' lang='grc' dir='ltr'>ἐν</span> <span class='ocrx_word' id='word_1_784' title='bbox 954 5599 1111 5655; x_wconf 79' lang='grc' dir='ltr'>παντὶ</span> <span class='ocrx_word' id='word_1_785' title='bbox 1170 5598 1512 5674; x_wconf 87' lang='grc' dir='ltr'>περισσεύετε</span> <span class='ocrx_word' id='word_1_786' title='bbox 1565 5598 1741 5655; x_wconf 86' lang='grc' dir='ltr'>πίστει</span> <span class='ocrx_word' id='word_1_787' title='bbox 1802 5602 1888 5656; x_wconf 84' lang='grc' dir='ltr'>καὶ</span> 
     </span>
    </p>
   </div>
   <div class='ocr_carea' id='block_1_110' title="bbox 230 5685 1894 5776">
    <p class='ocr_par' dir='ltr' id='par_1_110' title="bbox 230 5685 1894 5776">
     <span class='ocr_line' id='line_1_110' title="bbox 230 5685 1894 5776; baseline -0.01 -20"><span class='ocrx_word' id='word_1_788' title='bbox 230 5696 403 5776; x_wconf 84' lang='grc' dir='ltr'>λογῳ</span> <span class='ocrx_word' id='word_1_789' title='bbox 451 5694 539 5749; x_wconf 84' lang='grc' dir='ltr'>καὶ</span> <span class='ocrx_word' id='word_1_790' title='bbox 600 5692 798 5769; x_wconf 75' lang='grc' dir='ltr'>γνώσει</span> <span class='ocrx_word' id='word_1_791' title='bbox 876 5690 967 5745; x_wconf 84' lang='grc' dir='ltr'>καὶ</span> <span class='ocrx_word' id='word_1_792' title='bbox 1041 5690 1186 5765; x_wconf 87' lang='grc' dir='ltr'>πάσῃ</span> <span class='ocrx_word' id='word_1_793' title='bbox 1268 5685 1504 5766; x_wconf 79' lang='grc' dir='ltr'>σπουδῇ,</span> <span class='ocrx_word' id='word_1_794' title='bbox 1570 5690 1660 5745; x_wconf 88' lang='grc' dir='ltr'>καὶ</span> <span class='ocrx_word' id='word_1_795' title='bbox 1716 5694 1784 5766; x_wconf 72' lang='grc' dir='ltr'>τῇ</span> <span class='ocrx_word' id='word_1_796' title='bbox 1841 5690 1894 5764; x_wconf 74' lang='grc' dir='ltr'>ἐξ</span> 
     </span>
    </p>
   </div>
   <div class='ocr_carea' id='block_1_111' title="bbox 2005 4711 3648 4773">
    <p class='ocr_par' dir='ltr' id='par_1_111' title="bbox 2005 4711 3648 4773">
     <span class='ocr_line' id='line_1_111' title="bbox 2005 4711 3648 4773; baseline 0.005 -9"><span class='ocrx_word' id='word_1_797' title='bbox 2005 4716 2137 4765; x_wconf 91' lang='lat' dir='ltr'>sent</span> <span class='ocrx_word' id='word_1_798' title='bbox 2168 4711 2623 4766; x_wconf 84' lang='lat' dir='ltr'>Macedonibus:</span> <span class='ocrx_word' id='word_1_799' title='bbox 2657 4712 2766 4766; x_wconf 91' lang='lat' dir='ltr'>hoc</span> <span class='ocrx_word' id='word_1_800' title='bbox 2800 4719 2926 4767; x_wconf 90' lang='lat' dir='ltr'>erat</span> <span class='ocrx_word' id='word_1_801' title='bbox 2969 4714 3187 4768; x_wconf 90' lang='lat' dir='ltr'>amoris</span> <span class='ocrx_word' id='word_1_802' title='bbox 3215 4714 3346 4769; x_wconf 89' lang='lat' dir='ltr'>Titi.</span> <span class='ocrx_word' id='word_1_803' title='bbox 3386 4717 3455 4770; x_wconf 92' lang='lat' dir='ltr'>Ut</span> <span class='ocrx_word' id='word_1_804' title='bbox 3495 4718 3648 4773; x_wconf 89' lang='lat' dir='ltr'>sicut</span> 
     </span>
    </p>
   </div>
   <div class='ocr_carea' id='block_1_112' title="bbox 2004 4800 3645 4873">
    <p class='ocr_par' dir='ltr' id='par_1_112' title="bbox 2004 4800 3645 4873">
     <span class='ocr_line' id='line_1_112' title="bbox 2004 4800 3645 4873; baseline 0.005 -20"><span class='ocrx_word' id='word_1_805' title='bbox 2004 4803 2177 4853; x_wconf 88' lang='lat' dir='ltr'>antea</span> <span class='ocrx_word' id='word_1_806' title='bbox 2207 4805 2482 4871; x_wconf 66' lang='lat' dir='ltr'>coeperat,</span> <span class='ocrx_word' id='word_1_807' title='bbox 2509 4800 2703 4870; x_wconf 91' lang='lat' dir='ltr'>inquit</span> <span class='ocrx_word' id='word_1_808' title='bbox 2724 4816 2734 4852; x_wconf 96' lang='lat'>:</span> <span class='ocrx_word' id='word_1_809' title='bbox 2754 4801 2864 4855; x_wconf 91' lang='lat' dir='ltr'>hoc</span> <span class='ocrx_word' id='word_1_810' title='bbox 2882 4807 2989 4867; x_wconf 91' lang='lat' dir='ltr'>est,</span> <span class='ocrx_word' id='word_1_811' title='bbox 3014 4810 3403 4873; x_wconf 88' lang='lat' dir='ltr'>proposuerat</span> <span class='ocrx_word' id='word_1_812' title='bbox 3431 4811 3485 4860; x_wconf 87' lang='lat' dir='ltr'>et</span> <span class='ocrx_word' id='word_1_813' title='bbox 3506 4823 3645 4861; x_wconf 89' lang='lat' dir='ltr'>con-</span> 
     </span>
    </p>
   </div>
   <div class='ocr_carea' id='block_1_113' title="bbox 2004 4890 3647 4961">
    <p class='ocr_par' dir='ltr' id='par_1_113' title="bbox 2004 4890 3647 4961">
     <span class='ocr_line' id='line_1_113' title="bbox 2004 4890 3647 4961; baseline 0.005 -18"><span class='ocrx_word' id='word_1_814' title='bbox 2004 4896 2239 4959; x_wconf 82' lang='lat' dir='ltr'>ceperat</span> <span class='ocrx_word' id='word_1_815' title='bbox 2270 4890 2426 4959; x_wconf 89' lang='lat' dir='ltr'>quod</span> <span class='ocrx_word' id='word_1_816' title='bbox 2449 4895 2747 4961; x_wconf 89' lang='lat' dir='ltr'>oporteret</span> <span class='ocrx_word' id='word_1_817' title='bbox 2776 4891 2974 4945; x_wconf 85' lang='lat' dir='ltr'>venire</span> <span class='ocrx_word' id='word_1_818' title='bbox 3006 4892 3078 4945; x_wconf 90' lang='lat' dir='ltr'>ad</span> <span class='ocrx_word' id='word_1_819' title='bbox 3099 4910 3199 4948; x_wconf 88' lang='lat' dir='ltr'>vos</span> <span class='ocrx_word' id='word_1_820' title='bbox 3225 4912 3237 4959; x_wconf 90' lang='lat'><strong>;</strong></span> <span class='ocrx_word' id='word_1_821' title='bbox 3270 4916 3297 4943; x_wconf 84' lang='lat'><strong><em>«</em></strong></span> <span class='ocrx_word' id='word_1_822' title='bbox 3323 4895 3405 4949; x_wconf 93' lang='lat' dir='ltr'>ita</span> <span class='ocrx_word' id='word_1_823' title='bbox 3427 4901 3485 4949; x_wconf 82' lang='lat' dir='ltr'>et</span> <span class='ocrx_word' id='word_1_824' title='bbox 3504 4914 3647 4952; x_wconf 86' lang='lat' dir='ltr'>con-</span> 
     </span>
    </p>
   </div>
   <div class='ocr_carea' id='block_1_114' title="bbox 2005 4982 3642 5057">
    <p class='ocr_par' dir='ltr' id='par_1_114' title="bbox 2005 4982 3642 5057">
     <span class='ocr_line' id='line_1_114' title="bbox 2005 4982 3642 5057; baseline 0.005 -24"><span class='ocrx_word' id='word_1_825' title='bbox 2005 4986 2348 5035; x_wconf 88' lang='lat' dir='ltr'>summaret.</span> <span class='ocrx_word' id='word_1_826' title='bbox 2384 5003 2411 5029; x_wconf 87' lang='grc'>››</span> <span class='ocrx_word' id='word_1_827' title='bbox 2474 4982 2591 5036; x_wconf 86' lang='lat' dir='ltr'>Hoc</span> <span class='ocrx_word' id='word_1_828' title='bbox 2623 4985 2732 5046; x_wconf 91' lang='lat' dir='ltr'>est,</span> <span class='ocrx_word' id='word_1_829' title='bbox 2768 4999 2893 5037; x_wconf 90' lang='lat' dir='ltr'>rem</span> <span class='ocrx_word' id='word_1_830' title='bbox 2926 4988 3210 5039; x_wconf 87' lang='lat' dir='ltr'>tentatam</span> <span class='ocrx_word' id='word_1_831' title='bbox 3270 4987 3595 5057; x_wconf 86' lang='lat' dir='ltr'>compleret</span> <span class='ocrx_word' id='word_1_832' title='bbox 3630 5006 3642 5042; x_wconf 94' lang='lat'>:</span> 
     </span>
    </p>
   </div>
   <div class='ocr_carea' id='block_1_115' title="bbox 2005 5068 3644 5146">
    <p class='ocr_par' dir='ltr' id='par_1_115' title="bbox 2005 5068 3644 5146">
     <span class='ocr_line' id='line_1_115' title="bbox 2005 5068 3644 5146; baseline 0.005 -23"><span class='ocrx_word' id='word_1_833' title='bbox 2005 5068 2115 5123; x_wconf 91' lang='lat' dir='ltr'>hoc</span> <span class='ocrx_word' id='word_1_834' title='bbox 2145 5074 2343 5125; x_wconf 89' lang='lat' dir='ltr'>autem</span> <span class='ocrx_word' id='word_1_835' title='bbox 2367 5075 2457 5125; x_wconf 90' lang='lat' dir='ltr'>est</span> <span class='ocrx_word' id='word_1_836' title='bbox 2486 5071 2681 5140; x_wconf 87' lang='lat' dir='ltr'>ipsum</span> <span class='ocrx_word' id='word_1_837' title='bbox 2715 5070 2825 5125; x_wconf 91' lang='lat' dir='ltr'>hoc</span> <span class='ocrx_word' id='word_1_838' title='bbox 2857 5072 3093 5127; x_wconf 79' lang='lat' dir='ltr'>efficere</span> <span class='ocrx_word' id='word_1_839' title='bbox 3124 5079 3189 5128; x_wconf 93' lang='lat' dir='ltr'>ut</span> <span class='ocrx_word' id='word_1_840' title='bbox 3236 5092 3334 5128; x_wconf 89' lang='lat' dir='ltr'>vos</span> <span class='ocrx_word' id='word_1_841' title='bbox 3392 5076 3465 5129; x_wconf 92' lang='lat' dir='ltr'>ad</span> <span class='ocrx_word' id='word_1_842' title='bbox 3495 5092 3644 5146; x_wconf 90' lang='lat' dir='ltr'>opus</span> 
     </span>
    </p>
   </div>
   <div class='ocr_carea' id='block_1_116' title="bbox 2004 5158 3647 5232">
    <p class='ocr_par' dir='ltr' id='par_1_116' title="bbox 2004 5158 3647 5232">
     <span class='ocr_line' id='line_1_116' title="bbox 2004 5158 3647 5232; baseline 0.003 -19"><span class='ocrx_word' id='word_1_843' title='bbox 2004 5158 2257 5213; x_wconf 88' lang='lat' dir='ltr'>deducat</span> <span class='ocrx_word' id='word_1_844' title='bbox 2293 5158 2448 5228; x_wconf 92' lang='lat' dir='ltr'>quod</span> <span class='ocrx_word' id='word_1_845' title='bbox 2482 5160 2555 5214; x_wconf 90' lang='lat' dir='ltr'>ad</span> <span class='ocrx_word' id='word_1_846' title='bbox 2596 5159 3035 5231; x_wconf 88' lang='lat' dir='ltr'>eleemosynam</span> <span class='ocrx_word' id='word_1_847' title='bbox 3094 5162 3366 5232; x_wconf 91' lang='lat' dir='ltr'>pertinet.</span> <span class='ocrx_word' id='word_1_848' title='bbox 3402 5187 3428 5213; x_wconf 85' lang='grc'>‹‹</span> <span class='ocrx_word' id='word_1_849' title='bbox 3472 5166 3558 5218; x_wconf 90' lang='lat' dir='ltr'>Ita</span> <span class='ocrx_word' id='word_1_850' title='bbox 3588 5171 3647 5219; x_wconf 86' lang='lat' dir='ltr'>et</span> 
     </span>
    </p>
   </div>
   <div class='ocr_carea' id='block_1_117' title="bbox 2003 5250 3643 5322">
    <p class='ocr_par' dir='ltr' id='par_1_117' title="bbox 2003 5250 3643 5322">
     <span class='ocr_line' id='line_1_117' title="bbox 2003 5250 3643 5322; baseline 0.003 -18"><span class='ocrx_word' id='word_1_851' title='bbox 2003 5253 2445 5304; x_wconf 85' lang='lat' dir='ltr'>consummaret</span> <span class='ocrx_word' id='word_1_852' title='bbox 2470 5265 2608 5321; x_wconf 90' lang='lat' dir='ltr'>erga</span> <span class='ocrx_word' id='word_1_853' title='bbox 2636 5267 2754 5304; x_wconf 89' lang='lat' dir='ltr'>vos.</span> <span class='ocrx_word' id='word_1_854' title='bbox 2792 5270 2816 5299; x_wconf 75' lang='grc' dir='ltr'>ιν</span> <span class='ocrx_word' id='word_1_855' title='bbox 2852 5250 3013 5304; x_wconf 90' lang='lat' dir='ltr'>Sicut</span> <span class='ocrx_word' id='word_1_856' title='bbox 3033 5257 3267 5318; x_wconf 80' lang='lat' dir='ltr'>caetera,</span> <span class='ocrx_word' id='word_1_857' title='bbox 3300 5252 3511 5322; x_wconf 89' lang='lat' dir='ltr'>inquit,</span> <span class='ocrx_word' id='word_1_858' title='bbox 3546 5272 3643 5310; x_wconf 86' lang='lat' dir='ltr'>vo-</span> 
     </span>
    </p>
   </div>
   <div class='ocr_carea' id='block_1_118' title="bbox 2000 5337 3641 5410">
    <p class='ocr_par' dir='ltr' id='par_1_118' title="bbox 2000 5337 3641 5410">
     <span class='ocr_line' id='line_1_118' title="bbox 2000 5337 3641 5410; baseline 0.005 -20"><span class='ocrx_word' id='word_1_859' title='bbox 2000 5337 2231 5392; x_wconf 90' lang='lat' dir='ltr'>biscum</span> <span class='ocrx_word' id='word_1_860' title='bbox 2263 5342 2626 5409; x_wconf 83' lang='lat' dir='ltr'>transegerat</span> <span class='ocrx_word' id='word_1_861' title='bbox 2655 5356 2786 5408; x_wconf 62' lang='lat' dir='ltr'>quas</span> <span class='ocrx_word' id='word_1_862' title='bbox 2843 5339 2902 5392; x_wconf 89' lang='lat' dir='ltr'>in</span> <span class='ocrx_word' id='word_1_863' title='bbox 2932 5340 3334 5410; x_wconf 90' lang='lat' dir='ltr'>superioribus</span> <span class='ocrx_word' id='word_1_864' title='bbox 3366 5346 3641 5399; x_wconf 88' lang='lat' dir='ltr'>testatur.</span> 
     </span>
    </p>
   </div>
   <div class='ocr_carea' id='block_1_119' title="bbox 2006 5426 3641 5499">
    <p class='ocr_par' dir='ltr' id='par_1_119' title="bbox 2006 5426 3641 5499">
     <span class='ocr_line' id='line_1_119' title="bbox 2006 5426 3641 5499; baseline 0.004 -19"><span class='ocrx_word' id='word_1_865' title='bbox 2006 5426 2145 5481; x_wconf 91' lang='lat' dir='ltr'>Vide</span> <span class='ocrx_word' id='word_1_866' title='bbox 2176 5431 2373 5481; x_wconf 90' lang='lat' dir='ltr'>autem</span> <span class='ocrx_word' id='word_1_867' title='bbox 2396 5427 2691 5498; x_wconf 89' lang='lat' dir='ltr'>quomodo</span> <span class='ocrx_word' id='word_1_868' title='bbox 2714 5428 3155 5498; x_wconf 86' lang='lat' dir='ltr'>eleemosynam</span> <span class='ocrx_word' id='word_1_869' title='bbox 3176 5429 3394 5499; x_wconf 91' lang='lat' dir='ltr'>ubique</span> <span class='ocrx_word' id='word_1_870' title='bbox 3422 5430 3641 5488; x_wconf 91' lang='lat' dir='ltr'>donum</span> 
     </span>
    </p>
   </div>
   <div class='ocr_carea' id='block_1_120' title="bbox 2001 5516 3161 5589">
    <p class='ocr_par' dir='ltr' id='par_1_120' title="bbox 2001 5516 3161 5589">
     <span class='ocr_line' id='line_1_120' title="bbox 2001 5516 3161 5589; baseline 0.003 -19"><span class='ocrx_word' id='word_1_871' title='bbox 2001 5521 2185 5570; x_wconf 88' lang='lat' dir='ltr'>vocet.</span> <span class='ocrx_word' id='word_1_872' title='bbox 2221 5516 2409 5570; x_wconf 87' lang='lat' dir='ltr'>Etiam</span> <span class='ocrx_word' id='word_1_873' title='bbox 2440 5516 2611 5585; x_wconf 90' lang='lat' dir='ltr'>hanc,</span> <span class='ocrx_word' id='word_1_874' title='bbox 2645 5517 2859 5586; x_wconf 90' lang='lat' dir='ltr'>inquit,</span> <span class='ocrx_word' id='word_1_875' title='bbox 2891 5518 3161 5589; x_wconf 83' lang='lat' dir='ltr'>gratiam.</span> 
     </span>
    </p>
   </div>
   <div class='ocr_carea' id='block_1_121' title="bbox 2076 5604 3643 5679">
    <p class='ocr_par' dir='ltr' id='par_1_121' title="bbox 2076 5604 3643 5679">
     <span class='ocr_line' id='line_1_121' title="bbox 2076 5604 3643 5679; baseline 0.007 -21"><span class='ocrx_word' id='word_1_876' title='bbox 2076 5604 2219 5675; x_wconf 88' lang='lat' dir='ltr'><strong>VIII,</strong></span> <span class='ocrx_word' id='word_1_877' title='bbox 2252 5609 2304 5671; x_wconf 81' lang='lat'>7,</span> <span class='ocrx_word' id='word_1_878' title='bbox 2338 5608 2391 5660; x_wconf 93' lang='lat'>8.</span> <span class='ocrx_word' id='word_1_879' title='bbox 2422 5607 2535 5660; x_wconf 77' lang='lat' dir='ltr'>Ima</span> <span class='ocrx_word' id='word_1_880' title='bbox 2584 5606 3037 5677; x_wconf 86' lang='lat' dir='ltr'>quemadmodum</span> <span class='ocrx_word' id='word_1_881' title='bbox 3093 5608 3294 5679; x_wconf 80' lang='lat' dir='ltr'>ubique</span> <span class='ocrx_word' id='word_1_882' title='bbox 3350 5611 3643 5670; x_wconf 78' lang='lat' dir='ltr'>abundatis</span> 
     </span>
    </p>
   </div>
   <div class='ocr_carea' id='block_1_122' title="bbox 2000 5696 3642 5771">
    <p class='ocr_par' dir='ltr' id='par_1_122' title="bbox 2000 5696 3642 5771">
     <span class='ocr_line' id='line_1_122' title="bbox 2000 5696 3642 5771; baseline 0.003 -19"><span class='ocrx_word' id='word_1_883' title='bbox 2000 5696 2107 5767; x_wconf 70' lang='lat' dir='ltr'>ﬁde</span> <span class='ocrx_word' id='word_1_884' title='bbox 2135 5701 2189 5752; x_wconf 83' lang='lat' dir='ltr'>et</span> <span class='ocrx_word' id='word_1_885' title='bbox 2213 5711 2456 5753; x_wconf 80' lang='lat' dir='ltr'>sermone</span> <span class='ocrx_word' id='word_1_886' title='bbox 2481 5701 2533 5754; x_wconf 80' lang='lat' dir='ltr'>et</span> <span class='ocrx_word' id='word_1_887' title='bbox 2561 5698 2795 5753; x_wconf 79' lang='lat' dir='ltr'>scientia</span> <span class='ocrx_word' id='word_1_888' title='bbox 2842 5704 2893 5752; x_wconf 80' lang='lat' dir='ltr'>et</span> <span class='ocrx_word' id='word_1_889' title='bbox 2944 5700 3094 5753; x_wconf 82' lang='lat' dir='ltr'>omni</span> <span class='ocrx_word' id='word_1_890' title='bbox 3140 5699 3457 5771; x_wconf 78' lang='lat' dir='ltr'>diligentia,</span> <span class='ocrx_word' id='word_1_891' title='bbox 3499 5708 3551 5757; x_wconf 81' lang='lat' dir='ltr'>et</span> <span class='ocrx_word' id='word_1_892' title='bbox 3578 5718 3642 5758; x_wconf 80' lang='lat' dir='ltr'>ea</span> 
     </span>
    </p>
   </div>
  </div>
