4048 6250
496 365 647 426 1011

1612 364 2042 429 ΈΟΙῘΜΕΝΙΙ
2084 363 2403 426 ΤΒΙΟΟᾹΞ
2445 363 2793 426 EPlSCOPI

3702 376 3816 438 1012

497 518 628 579 qua:
655 520 724 561 ea:
750 503 900 561 vobis
924 519 1057 574 erga
1079 520 1177 561 nos
1208 511 1286 561 est
1314 505 1607 574 charitate,
1638 507 1809 575 facite
1854 511 1919 558 ut
1949 504 2008 558 in
2044 502 2142 557 hac

2262 497 2414 571 ὑμῶν
2442 499 2496 553 ἐν
2524 500 2659 573 ἡμῖν
2696 502 2905 578 ἀγάπῃ,
2965 502 3056 556 ἳνα
3111 502 3202 558 καὶ
3256 502 3310 558 ἐν
3364 503 3529 579 ταύτῃ
3576 510 3635 580 τῇ
3682 507 3821 581 χάριτι

497 608 717 668 quoque
753 596 941 665 gratia
991 594 1302 650 abundetis.
1363 598 1483 651 Non
1529 594 1827 650 secundum
1856 594 2150 663 imperium

501 683 715 755 loquor,
746 684 848 739 sed
870 700 976 754 per
1004 683 1251 740 studium
1280 683 1520 739 aliorum
1551 683 1726 739 etiam
1754 688 1942 738 vestra
1988 682 2150 737 dilec-

501 773 672 829 tionis
699 775 1072 829 sinceritatem
1107 774 1366 845 probans.

574 863 895 919 Considera
924 879 1159 918 rursum
1188 862 1661 919 adhortationem
1680 877 1815 918 cum
1837 858 2143 916 encomiis.

505 950 1094 1023 Abundantis,inqui,
1127 952 1237 1007 hoc
1255 958 1365 1019 est,
1391 953 1590 1007 omnia
1606 950 1838 1006 habetis
1864 950 1924 1004 in
1956 948 2148 1003 abun-

502 1042 722 1099 dantia.
755 1042 958 1097 Fidem
976 1041 1240 1114 quidem,
1260 1058 1392 1114 quae
1415 1041 1475 1097 in
1507 1044 1690 1097 Deum
1722 1046 1843 1096 est:
1872 1051 2143 1094 sermone

498 1148 657 1201 vero,
676 1132 735 1187 id
757 1137 864 1201 est,
888 1132 1183 1203 sapientia
1206 1148 1220 1189 :
1247 1132 1492 1187 scientia
1513 1136 1734 1196 autem,
1760 1146 1891 1201 quae
1914 1128 2148 1201 dogma-

498 1226 626 1278 tum
659 1225 748 1276 est
770 1237 785 1287 ;
810 1227 869 1277 et
898 1222 1061 1276 omni
1088 1221 1556 1294 diligentiaquaa
1575 1220 1731 1276 circa
1752 1218 1930 1275 aliam
1952 1217 2144 1271 virtu-

499 1315 621 1366 tem
651 1315 756 1366 est.
780 1332 807 1360 «
835 1310 902 1364 Et
931 1326 1001 1365 ea
1030 1326 1160 1381 quae
1188 1326 1257 1365 ex
1272 1310 1437 1365 vobis
1461 1326 1598 1383 erga
1617 1325 1745 1371 nos,
1779 1313 1868 1362 est
1898 1306 2148 1362 charita-

497 1407 577 1471 te,
597 1422 624 1450 »
650 1406 707 1456 et
722 1400 1230 1468 sicutabundatis,
1247 1400 1460 1471 inquit.
1494 1398 1796 1471 diligendo
1809 1414 1937 1453 nos.
1960 1398 2149 1462 Quan-

498 1506 676 1564 quam
706 1482 867 1545 enim
895 1506 1016 1545 non
1046 1490 1127 1544 ita
1155 1490 1350 1561 ipsum
1381 1489 1697 1561 diligerent
1726 1489 1881 1543 sicut
1922 1487 2048 1558 ipse
2074 1484 2145 1539 il-

495 1580 607 1649 los,
640 1585 900 1635 attamen
933 1578 1278 1651 diligebant.
1312 1579 1423 1634 Sed
1454 1584 1513 1633 et
1539 1578 1717 1633 verba
1739 1578 1864 1631 haec
1896 1593 1965 1631 eo
1997 1574 2141 1629 diri-

496 1670 690 1743 gebat,
712 1675 779 1724 ut
793 1668 1070 1725 similiter
1090 1669 1285 1740 ipsum
1299 1672 1590 1723 amarent.
1617 1689 1645 1716 «
1665 1668 1736 1722 Ut
1753 1667 1931 1721 etiam
1955 1666 2014 1719 in
2035 1665 2143 1719 hac

496 1760 704 1832 gratia.
741 1778 766 1810 ι
815 1761 1068 1813 Rursum
1126 1758 1376 1830 gratiam
1432 1762 1602 1811 vocat
1678 1756 2142 1826 eleemosynam.

2254 588 2627 665 περισσεύητε.
2713 590 2791 649 Οῦ
2883 593 2999 647 κατ’
3057 591 3314 669 ἆπιταγήν
3381 592 3545 670 λέγω,
3599 593 3722 650 ἀλλὰ
3760 593 3823 653 διὰ

2252 688 2353 751 τῆς
2409 682 2606 756 ἑτέρων
2662 681 2927 752 σπουδῆς,
2960 684 3052 739 καὶ
3106 684 3169 739 τὸ
3215 691 3315 754 τῆς
3379 686 3624 761 ὑμετέρας
3657 685 3820 763 ἀγάπης

2254 771 2476 846 γνήσιον
2511 768 2847 845 δοκιμάζων.

2323 861 2465 936 ’Ὅρα
2495 860 2657 916 πάλιν
2723 863 2837 935 μετ’
2876 861 3165 937 ἐγκωμίων
3197 865 3292 932 τὴν
3325 867 3649 940 προτροπήν·
3682 872 3822 940 Περισ-

2254 947 2433 1004 σεύετε
2465 996 2482 1021 ,
2548 951 2735 1030 φησὶ,
2815 951 3110 1024 τουτέστι,
3190 954 3323 1026 μετὰ
3377 955 3669 1030 περιουσίας
3716 954 3824 1030 ἔχετε

2253 1039 2450 1094 πάντα.
2484 1039 2669 1094 Πίστει
2704 1042 2825 1112 μὲν,
2854 1044 2925 1115 τῇ
2973 1041 3049 1104 εἷς
3108 1042 3257 1098 Θεόν*
3316 1041 3470 1120 λόγῳ
3502 1041 3576 1111 δὲ,
3605 1050 3665 1119 τῇ
3692 1045 3821 1122 copia.

2255 1129 2458 1183 Γνώσει
2489 1126 2568 1198 δὲ,
2599 1131 2665 1205 τῇ
2696 1135 2804 1184 τῶν
2865 1128 3174 1205 δογμάτων.
3232 1134 3335 1190 Καὶ
3383 1135 3525 1207 πάσῃ
3556 1132 3756 1208 σπουδῇ,
3776 1141 3822 1209 τῇ

2252 1217 2377 1291 περὶ
2408 1220 2506 1287 τὴν
2557 1217 2737 1289 ἄλλην
2791 1219 3010 1293 ἀρετήν.
3051 1246 3070 1271 ι
3108 1222 3209 1278 Καὶ
3237 1226 3306 1296 τῇ
3362 1223 3416 1293 ἐξ
3468 1224 3611 1297 ὑμῶν
3662 1223 3706 1279 ἐν
3731 1227 3824 1297 ἡμῖν

2253 1306 2465 1382 ἀγάπῃ.
2530 1330 2559 1358 ι»
2620 1309 2724 1365 Καὶ
2778 1306 3005 1384 ὥσπερ,
3060 1312 3216 1390 φησὶ,
3298 1314 3629 1387 περισσεύετε
3693 1312 3734 1368 ἐν
3774 1318 3827 1384 τῷ

2252 1394 2463 1469 ἀγαπᾷν
2506 1416 2593 1469 με.
2625 1396 2690 1454 Εἰ
2718 1399 2810 1452 καὶ
2843 1400 2919 1470 μὴ
2968 1400 3195 1473 ἠγάπων
3244 1400 3405 1455 αὐτὸν
3463 1402 3628 1467 οὕτως
3675 1406 3737 1464 ὡς
3758 1403 3826 1458 αὖ·

2252 1483 2343 1544 τὸς
2376 1483 2636 1553 ἐκείνους,
2667 1487 2892 1560 ἠγάπων
2923 1484 2980 1542 δὲ
3009 1489 3182 1561 ὅμως.
3231 1487 3385 1559 Πλὴν
3442 1490 3529 1544 καὶ
3581 1511 3830 1565 προτρεπο-

2257 1572 2439 1645 μένου,
2470 1574 2537 1627 τὰ
2566 1573 2787 1651 ματα
2830 1576 2905 1637 εἰς
2932 1577 2992 1630 τὸ
3043 1576 3252 1652 ἀγαπᾷν
3284 1578 3447 1634 αὐτὸν
3488 1579 3666 1643 οὕτως.
3694 1605 3718 1631 α
3745 1583 3828 1635 Ἵνα

2251 1662 2340 1716 καὶ
2377 1662 2431 1717 ἐν
2460 1664 2629 1737 ταύτῃ
2657 1669 2726 1739 τῇ
2768 1666 2977 1739 χάριτι.
3009 1690 3037 1718 ››
3068 1665 3238 1722 Πάλιν
3272 1670 3519 1744 χάρισμα
3570 1672 3660 1737 τήν
3710 1669 3826 1739 ἐλεη-

2256 1752 2495 1824 μοσύνην
2526 1751 2705 1812 καλεῖ.
2774 1755 3121 1824 Ηερισσεύετε
3179 1753 3256 1826 δὲ,
3304 1756 3341 1826 ἢ
3401 1758 3529 1834 ὑπὲρ
3583 1756 3828 1819 Μακεδόνας

497 1848 701 1904 Abund
712 1848 823 1903 atis
854 1852 1071 1907 autem,
1098 1847 1157 1901 id
1176 1852 1285 1915 est,
1309 1851 1412 1900 aut
1434 1862 1613 1917 super
1634 1860 1923 1915 pauperes
1949 1845 2141 1898 Mace-

2254 1841 2381 1902 τοὺς
2432 1840 2687 1913 πένητας,
2718 1843 2754 1912 ἢ
2789 1843 2900 1898 οἷον
2960 1841 3336 1918 δαψιλεύεσθε.
3395 1847 3473 1904 Οὐ
3526 1849 3635 1902 κατ’
3682 1847 3825 1903 ἐπιταο

497 1939 682 1995 dones
695 1936 927 1992 abunde
942 1936 1172 1991 habetis
1197 1952 1209 1990 :
1232 1936 1390 1991 660
1421 1941 1524 1989 aut
1544 1941 1610 1989 ut
1622 1931 1963 2004 περισσεύετε
1986 1932 2143 1987 idem

497 2029 574 2084 sit
602 2028 760 2099 quod
780 2026 1059 2081 liberales
1080 2026 1240 2080 estis.
1276 2047 1303 2075 «
1327 2026 1451 2079 Non
1473 2023 1801 2080 secundum
1826 2023 2146 2094 imperium

495 2119 730 2192 loquor.
756 2139 784 2166 ››
801 2117 1093 2183 Quoniam
1117 2122 1176 2172 et
1204 2116 1393 2172 multa
1423 2116 1771 2171 admouerat
1794 2120 1852 2170 et
1881 2114 2145 2169 Macedo-

497 2224 606 2264 nes
626 2207 1007 2263 vehementer
1035 2205 1570 2271 commendaverat,
1603 2221 1677 2260 ne
1710 2205 1986 2275 cuiquam
2014 2219 2147 2276 gra-

496 2297 582 2352 vis
605 2296 923 2361 videretur,
965 2296 1077 2351 ait:
1132 2318 1160 2345 α
1188 2298 1313 2351 Non
1346 2295 1673 2351 secundum
1708 2294 2024 2365 imperium
2057 2292 2148 2347 lo-

501 2402 671 2458 quor,
701 2407 727 2433 »
759 2386 870 2440 hoc
901 2390 1008 2450 est,
1043 2401 1164 2440 non
1192 2384 1367 2440 veluti
1416 2400 1651 2456 cogens.
1696 2406 1720 2432 α
1749 2384 1862 2438 Sed
1895 2399 2002 2453 per
2029 2386 2147 2436 stu-

499 2472 663 2529 dium
698 2472 973 2529 aliorum.
1020 2495 1047 2522 ‹‹
1081 2474 1199 2528 Hoc
1229 2478 1337 2537 est,
1397 2477 1710 2544 propterea
1756 2471 1989 2526 narravi
2022 2476 2147 2525 stu-

498 2562 662 2620 dium
691 2564 1097 2627 Macedonum,
1129 2562 1187 2617 id
1237 2568 1344 2629 est,
1397 2562 1856 2634 eleemosynam,
1918 2565 1985 2615 ut
2039 2577 2145 2632 per

498 2655 740 2710 illorum
761 2654 1022 2709 studium
1050 2653 1419 2725 probatiores
1444 2669 1542 2707 vos
1564 2651 1831 2717 reddam,
1865 2652 1967 2722 qui
1998 2667 2140 2705 ame

495 2743 879 2799 vehementer
891 2742 1195 2797 amamini.
1214 2741 1474 2796 Probans
1495 2740 1655 2797 enim
1673 2741 1784 2796 hoc
1807 2745 1914 2809 est,
1934 2739 2146 2811 proba-

497 2834 682 2889 tiores
739 2832 1078 2888 ostendens.
1130 2863 1199 2872 —
1232 2834 1374 2887 Nam
1435 2831 1770 2887 dilectionis
1824 2848 1954 2901 quas
2011 2847 2148 2903 erga

499 2923 687 2980 Deum
703 2927 849 2992 erat,
868 2928 971 2979 aut
993 2922 1041 2977 si
1062 2922 1266 2987 mavis,
1292 2937 1471 2993 quam
1520 2936 1658 2994 erga
1710 2921 1953 2977 Paulum
1981 2936 2144 2992 gere-

498 3011 665 3079 bant,
685 3010 890 3068 efﬁcax
910 3017 1037 3066 erat
1056 3010 1325 3082 probatio
1349 3009 1722 3081 eleemosyna
1743 3010 1803 3064 in
1825 3009 2143 3081 proximos.

497 3101 800 3173 Siquidem
827 3118 1147 3173 persuasus
1168 3117 1322 3165 sum,
1365 3100 1580 3171 inquit.
1615 3105 1673 3155 et
1708 3101 1891 3156 Deum
1943 3104 2003 3154 et
2038 3115 2146 3155 nos

494 3191 967 3265 propteripsum.
988 3191 1198 3245 avobis
1211 3189 1397 3245 amari
1418 3206 1430 3243 :
1452 3189 1553 3245 sed
1570 3189 1883 3260 perfectior
1894 3189 2143 3245 sincerm

499 3280 839 3349 etingenuua
862 3276 1197 3331 dilectionis
1216 3276 1480 3346 probatio
1508 3292 1576 3330 ac
1614 3276 2007 3344 conﬁrmatio,
2036 3291 2143 3346 per

500 3366 941 3436 eleemosynam
973 3366 1035 3419 in
1055 3380 1346 3436 pauperes
1378 3364 1728 3420 declaratur.

574 3456 717 3521 VIlI,
751 3456 906 3509 9-11.
944 3454 1115 3509 Nostis
1143 3457 1286 3509 enim
1316 3457 1558 3524 gratiam
1583 3454 1797 3509 Domini
1824 3457 1951 3510 Jesu
1981 3456 2139 3510 Chri-

500 3547 573 3599 sti
602 3544 749 3614 quod
769 3549 1005 3613 propter
1033 3558 1124 3597 vos
1146 3559 1365 3613 pauper
1415 3546 1587 3611 fuerit
1641 3559 1762 3597 cum
1809 3550 1943 3599 esset
1972 3542 2140 3610 dives,

494 3638 557 3686 ut
585 3646 678 3686 vos
708 3630 859 3685 illius
886 3631 1081 3700 inopia
1120 3629 1469 3686 ditesceretis.
1501 3632 1570 3686 Et
1627 3632 1915 3685 consilium
1954 3633 2011 3685 in
2044 3632 2139 3685 hoc

496 3721 586 3775 do.
620 3722 757 3775 Nam
797 3719 895 3775 hoc
923 3719 1073 3774 vobis
1104 3719 1396 3774 conducit:
1433 3722 1530 3790 qui
1558 3718 1781 3789 quidem
1821 3736 1933 3774 non
1962 3720 2139 3775 solum

488 3813 671 3879 facere
695 3810 789 3865 sed
818 3816 867 3864 et
897 3808 1032 3863 velle
1064 3811 1304 3878 caepistis
1339 3811 1464 3881 jam
1518 3810 1587 3864 ab
1638 3825 1784 3865 anno
1833 3812 2133 3880 superiore.

491 3903 646 3956 Nunc
672 3906 856 3954 autem
886 3904 940 3952 et
969 3897 1112 3953 illud
1152 3898 1301 3968 quod
1343 3902 1526 3968 facere
1577 3902 1811 3970 cepistis
1833 3901 2087 3970 perﬁcite
2119 3915 2133 3954 :

492 3994 555 4042 ut
584 3986 1043 4057 quemadmodum
1092 3989 1476 4058 promptitudo
1531 3988 1832 4044 voluntatis
1887 3989 2021 4057 fuit,
2054 3990 2138 4042 ita

487 4079 817 4147 perﬁciatur
843 4092 915 4131 ea:
945 4092 1008 4131 eo
1037 4076 1185 4146 quod
1207 4075 1472 4146 possidet,

565 4281 593 4309 ‹‹
615 4258 810 4314 Nostis
832 4259 991 4314 enim
1014 4259 1261 4330 gratiam
1286 4259 1520 4314 Domini
1545 4262 1750 4316 nostri.
1778 4283 1805 4309 ››
1830 4263 1974 4316 Nam
1991 4277 2138 4333 pau-

491 4365 598 4421 per
615 4347 728 4405 fuit
757 4348 820 4403 in
851 4352 1057 4403 nostra
1086 4363 1263 4403 carne
1291 4347 1538 4403 :deinde
1589 4341 2023 4406 condemnatus
2050 4357 2142 4408 est

492 4455 561 4495 ao
591 4438 909 4493 cruciﬁxus
934 4454 948 4492 :
969 4437 1145 4507 idque
1177 4442 1420 4509 propter
1436 4454 1543 4493 nos
1565 4439 1858 4512 indignos.
1886 4442 1941 4496 Si
1962 4443 2141 4515 igitur

2254 1932 2354 2006 γὴν
2385 1929 2547 2007 λέγω.
2584 1957 2605 1985 ι
2653 1931 2875 2003 Ἐπειδὴ
2933 1932 3119 1989 πολλὰ
3165 1956 3224 1990 τε
3280 1937 3565 2010 παρῄνεσε,
3632 1936 3827 2014 καί

2258 2016 2358 2094 δρα
2418 2018 2734 2082 Μακεδόνας
2792 2021 3175 2095 ἐνεκωμίασεν,
3230 2022 3326 2079 ’ίνα
3377 2028 3452 2098 μὴ
3510 2026 3730 2101 ἐπαχθής
3769 2046 3826 2087 τις

2256 2109 2390 2164 εἶναι
2432 2106 2584 2185 δόξῂ,
2616 2113 2801 2190 φησὶν,
2858 2113 2939 2170 Οὗ
2996 2115 3112 2168 κατ’
3161 2114 3451 2191 ἐπιταγὴν,
3484 2141 3509 2167 ι)
3541 2116 3827 2192 λέγω,τουτ-

2255 2195 2423 2266 ἐστιν,
2465 2199 2572 2273 οὐχ
2630 2200 2703 2261 ὡς
2754 2199 3014 2270 κελεύων,
3073 2200 3178 2257 οῦδ
3234 2204 3316 2265 ὡς
3361 2204 3672 2282 ἀναγκάζων,
3720 2202 3825 2259 ἀλλὰ

2257 2311 2286 2339 ‹‹
2320 2287 2416 2341 Διὰ
2457 2293 2559 2357 τῆς
2618 2287 2814 2363 ἒτέρων
2870 2288 3135 2360 σπουδῆς,
3170 2314 3198 2342 »
3262 2292 3533 2362 τουτέστι,
3585 2292 3660 2348 διὰ
3704 2297 3824 2348 τοῦτο

2258 2372 2541 2448 διεξῆλθον
2572 2379 2674 2446 τὴν
2708 2376 2951 2447 σπουδὴν
3007 2378 3368 2450 Μακεδόνων,
3424 2384 3519 2453 τήν
3566 2382 3671 2458 περί
3703 2380 3822 2450 ἐλεη-

2261 2466 2522 2539 μοσύνην,
2549 2463 2643 2520 ⁹ίνα
2673 2463 2761 2521 διὰ
2790 2473 2891 2537 τῆς
2919 2466 3137 2525 ἐκείνων
3192 2469 3442 2542 σπουδῆς
3495 2470 3821 2545 δοκιςιωτίρους

2260 2555 2400 2628 ὑμᾶς
2430 2554 2557 2620 τοὺς
2586 2555 2675 2610 ὑπ’
2725 2557 2860 2627 ἐμοῦ
2916 2561 3318 2633 ἤγαπημένους
3372 2565 3595 2634 ποιήσω.
3643 2561 3816 2632 Δοκιμά-

2258 2648 2361 2713 ζων
2418 2646 2544 2721 γάρ,
2600 2646 2866 2715 τουτέστι,
2946 2645 3360 2725 δοκιμωτὲρους
3439 2651 3716 2730 ἀποφαίνων.
3766 2680 3813 2690 --

2255 2735 2467 2809 ίΦΩΤι]
2527 2737 2772 2809 Ἀγάπης
2824 2739 2948 2813 γὰρ,
2996 2743 3096 2804 τῆς
3148 2741 3227 2805 εἷς
3284 2745 3441 2812 Θεὸν,
3497 2743 3537 2797 εἰ
3588 2740 3731 2817 βούλει
3767 2737 3807 2793 δὲ

2253 2829 2354 2892 τῆς
2374 2823 2450 2885 εἷς
2484 2823 2720 2892 Παῦλον,
2762 2827 2989 2903 ἱναργής
3030 2827 3313 2900 ἀπόδειξις
3355 2832 3445 2887 καὶ
3499 2827 3799 2904 δοκιμή,ἦεῖς

2253 2911 2382 2976 τοὺς
2435 2910 2672 2983 πλησίον
2755 2915 3098 2989 ἐλεημοσύνη
3134 2960 3147 2972 .
3210 2918 3520 2996 Πέπεισμαι
3564 2921 3647 2994 γὰρ,
3681 2915 3784 2992 φησει

2255 3001 2467 3057 καὶτὸν
2511 3003 2659 3069 Θεὸν,
2712 3005 2804 3059 καὶ
2859 3008 3006 3078 ἡμᾶς
3047 3004 3118 3061 δι’
3168 3008 3363 3080 αὐτὸν,
3425 3012 3507 3089 ὑφ’
3553 3010 3658 3081 ὑμῶν
3694 3003 3785 3078 ἄγα·

2254 3089 2476 3158 πὰσθαι,
2538 3090 2666 3147 ἀλλ’
2719 3094 2754 3163 ἠ
2808 3092 3117 3172 τελειοτὲρα
3188 3104 3296 3168 τῆς
3377 3099 3581 3176 γνησίας
3645 3093 3790 3166 ἀγάπης

2254 3179 2587 3254 παράστασις
2616 3181 2705 3237 καὶ
2740 3178 3056 3257 βεϐαίωσις,
3091 3183 3180 3240 διὰ
3216 3194 3324 3257 τῆς
3378 3189 3455 3251 εἰς
3483 3188 3593 3249 τοὺς
3616 3180 3801 3251 πλησίον,

2184 3230 2226 3297 C
2255 3230 2631 3340 ἐλεημοσύνης
2669 3230 3035 3350 ἐμὲανίζεταῖ

2321 3454 2615 3504 Γινῶσκετε
2689 3453 2793 3526 γὰρ
2869 3455 2968 3521 τὴν
3047 3456 3209 3530 χάριν
3288 3461 3386 3513 τοῦ
3458 3455 3633 3532 Κυρίου
3692 3451 3808 3522 ἡμῶν

2249 3536 2432 3623 ’ίησοῦ
2459 3543 2716 3614 Χριστοῦ,
2787 3542 2869 3597 ὅτι
2929 3539 2999 3597 δι’
3060 3545 3202 3616 ὑμᾶς
3259 3544 3565 3623 ἐπτώχευσε
3610 3537 3811 3597 πλο·3σιός

2249 3621 2346 3695 ὢν,
2399 3624 2491 3682 ’ίνα
2547 3626 2704 3702 ὑμεῖς
2750 3635 2819 3705 τῇ
2901 3629 3115 3688 ’ἑκείνου
3209 3621 3462 3711 πτωχεία
3512 3632 3811 3701 πλουτήσητε,

2245 3713 2335 3769 καὶ
2390 3717 2619 3792 γνώμην
2711 3719 2837 3791 ὑμῖν
2917 3719 2972 3775 ἐν
3041 3726 3223 3796 τοῦτῳ
3268 3722 3486 3799 δίδωμι.
3544 3726 3696 3780 Τοῦτο
3741 3716 3815 3791 γὰρ

2247 3805 2376 3878 ὑμῖν
2461 3808 2721 3884 συμφέρει
2756 3852 2770 3877 ,
2831 3806 3028 3871 οἵτινες
3112 3811 3175 3866 οῦ
3251 3815 3415 3887 μόνον
3499 3814 3555 3868 τὸ
3621 3814 3815 3877 ποιῆσαι,

2246 3892 2393 3949 ἀλλὰ
2447 3896 2537 3951 καὶ
2593 3898 2656 3952 τὸ
2735 3898 2911 3953 θέλειν
2987 3903 3394 3976 προερήρξασθε
3482 3903 3582 3959 ἀπὸ
3654 3895 3819 3973 πέρύσι.

2246 3985 2379 4042 Νυνὶ
2424 3982 2481 4040 δὲ
2536 3986 2627 4040 καὶ
2680 3986 2742 4041 τὸ
2797 3995 3028 4059 ποιῆσαι
3096 3988 3458 4049 ἐπιτελέσατε.
3513 3993 3680 4050 Ὅπως
3725 3994 3821 4047 καθ’

2247 4074 2383 4148 άπερ
2441 4076 2475 4143 ἡ
2524 4076 2803 4151 προθυμία
2865 4081 2963 4132 τοῦ
3042 4077 3241 4151 θέλειν,
3304 4083 3474 4145 οὕτως
3526 4080 3605 4136 καὶ
3650 4077 3701 4132 τὸ
3736 4073 3820 4129 ἐπι·

2244 4160 2460 4218 τελέσαι
2492 4164 2552 4219 ὲκ
2579 4168 2678 4218 τοῦ
2704 4162 2869 4241 ἔχειν.

2319 4285 2349 4312 ‹‹
2384 4266 2676 4318 Γινώσκετε
2703 4264 2804 4339 γὰρ
2852 4266 2951 4334 τὴν
3015 4267 3178 4342 χάριν
3234 4273 3332 4324 τοῦ
3388 4268 3576 4344 Κυρίου
3626 4266 3817 4336 ἡμῶν.»

2248 4350 2596 4426 Ἐπτὼχευσε
2647 4354 2752 4427 γὰρ
2827 4357 2928 4424 τὴν
2990 4356 3255 4433 ἡμετέραν
3318 4361 3502 4434 σάρκα.
3570 4356 3682 4413 Εἶτα
3726 4367 3821 4405 κατ’

2247 4437 2530 4513 εδικάσθη,
2561 4443 2651 4497 καὶ
2701 4443 3040 4520 ἒσταυρώθη,
3074 4446 3165 4501 καὶ
3222 4452 3383 4503 τοῦτο
3440 4445 3508 4502 δι’
3552 4448 3682 4517 ἡμᾶς
3726 4436 3818 4494 τοὺς

492 4525 613 4594 ille,
657 4526 872 4597 inquit,
923 4530 1165 4598 propter
1184 4531 1240 4580 te
1268 4542 1493 4597 pauper
1515 4527 1644 4595 fuit,
1669 4533 1732 4584 tu
1752 4546 1825 4585 ne
1856 4532 2140 4602 pecunias

2251 4529 2515 4600 ἀναξίούς.
2547 4533 2671 4590 Ὅτι
2703 4530 2774 4588 δι’
2803 4536 2951 4607 ἡμᾶς
2998 4535 3360 4612 ἐπτώχευσεν.
3394 4537 3455 4594 Εἰ
3513 4535 3597 4591 οὗν
3645 4532 3818 4589 ἐκεῖνος,

494 4615 737 4687 quidem
768 4620 1012 4687 propter
1033 4615 1228 4687 ipsum
1251 4614 1458 4671 dabis?
1476 4616 1660 4671 «Cum
1708 4598 1875 4673 esset
1896 4619 2077 4676 dives.
2112 4643 2140 4671 »

2251 4619 2438 4695 φησὶν,
2473 4618 2787 4696 ὲπτώχευσε
2816 4620 2906 4678 διὰ
2931 4624 3008 4695 σὲ,
3041 4623 3106 4680 σὺ
3136 4598 3266 4681 οῦδὲ
3312 4628 3565 4700 χρήματα
3609 4617 3749 4678 δίδως
3771 4610 3818 4667 δι’

490 4704 791 4768 Quatenus
815 4709 903 4758 est
924 4710 983 4759 et
1004 4703 1353 4774 intelligitur
1373 4720 1504 4760 esse
1527 4707 1710 4762 Deus:
1734 4712 1939 4779 utpote
1990 4710 2139 4766 inef-

490 4789 712 4859 fabilis,
740 4791 1220 4865 inintelligibilis,
1255 4793 1586 4860 invisibilis,
1629 4794 2141 4870 incomprehensi-

491 4878 650 4944 bilis,
684 4879 930 4952 gloriam
973 4880 1199 4937 habens
1231 4881 1619 4952 ineffabilem,
1652 4884 1844 4940 lucem
1878 4903 2009 4957 qum
2040 4905 2139 4945 ex-

489 4968 669 5043 primi
685 4974 961 5041 nequeat,
976 4970 1444 5042 magnitudinem
1459 4972 1649 5028 incom
1658 4973 2004 5046 parabilem,
2023 4978 2143 5034 «Ut

488 5077 591 5116 vos
608 5059 769 5116 illius
791 5059 997 5131 inOpia
1015 5058 1389 5115 ditesceritis.
1407 5082 1436 5112 »
1452 5062 1571 5117 Nisi
1596 5063 1752 5117 enim
1768 5063 1889 5129 ille,
1922 5065 2136 5137 inquit,

489 5165 718 5224 pauper
735 5148 968 5216 fuisset,
995 5165 1105 5203 nos
1129 5149 1302 5204 ditari
1332 5166 1452 5205 non
1473 5151 1891 5222 potuissemus.
1926 5155 2138 5212 Sumus

487 5245 687 5296 autem
712 5238 880 5294 ditati
903 5238 1253 5293 remissione
1269 5245 1644 5311 peccatorum
1661 5245 2137 5313 sanctitate,ado-

486 5329 709 5402 plione,
728 5328 857 5399 ipso
874 5327 1052 5383 etiam
1074 5327 1358 5383 cmlorum
1378 5346 1576 5403 regno.
1613 5354 1639 5380 ‹‹
1660 5333 1729 5386 Et
1743 5333 2052 5391 consilium
2075 5336 2137 5390 in

486 5417 600 5472 hoc
618 5417 712 5473 do.
740 5417 914 5473 »Vide
931 5416 1228 5488 quomodo
1244 5418 1479 5474 studeat
1495 5436 1615 5475 non
1631 5421 1822 5493 gravis
1844 5429 1945 5479 aut
1973 5424 2138 5479 odio-

493 5519 592 5559 sus
614 5505 838 5559 haberi.
866 5507 1070 5568 Meam,
1104 5506 1206 5576 ait,
1228 5508 1585 5563 sententiam
1614 5514 1673 5564 et
1694 5511 2004 5567 consilium
2038 5512 2134 5583 do,

493 5606 616 5646 non
645 5594 1060 5650 necessitatem
1083 5596 1347 5668 impono,
1373 5596 1493 5653 imo
1507 5603 1823 5670 propterea
1843 5601 1917 5657 do
1940 5601 2136 5673 ipsum

496 5679 833 5747 consilium,
854 5683 1011 5755 quod
1037 5701 1131 5741 res
1154 5685 1231 5741 sit
1251 5703 1384 5758 qua
1416 5688 1578 5745 vobis
1609 5690 1795 5764 magis
1845 5690 2137 5751 conducat

2238 4975 2570 5054 ‘yalwaﬁvnv
2629 4978 2937 5034 ἀνείκαστον
2974 5023 2988 5037 .

2251 4710 2412 4765 αὐτόν
2449 4728 2462 4779 ;
2499 4734 2527 4762 ι(
2561 4708 2833 4776 Πλούσιος
2869 4710 2962 4768 ὢν.
3002 4738 3022 4765 ι
3069 4711 3219 4779 Καθό
3251 4714 3361 4771 ἐστι
3391 4714 3477 4770 καὶ
3505 4716 3685 4769 νοεῖται
3704 4704 3816 4765 θεὸς.

2251 4800 2370 4855 οἷον
2427 4798 2831 4878 άνὲκφραστος,
2884 4801 3263 4878 άπερινόητος,
3310 4804 3554 4878 ἀόρατος,
3605 4791 3818 4859 ἀκατάλη·

2249 4910 2404 4957 πτος,
2436 4886 2590 4961 δόξαν
2621 4886 2766 4966 ἔχων
2815 4890 3154 4969 ἀπόρρητον,
3206 4899 3321 4974 φῶς
3365 4890 3727 4959 άνεκλάλητον,
3768 4898 3815 4952 με

3059 5005 3088 5033 ι(
3155 4973 3271 5039 Ἲνα
3345 4983 3495 5056 ὑμεῖς
3546 4984 3609 5052 τῇ
3658 4973 3815 5030 ὲιείνου

2247 5069 2498 5143 πτωχείᾳ
2550 5066 2920 5138 πλουτήσητε.
2955 5094 2985 5123 ››
3054 5071 3121 5128 Εἰ
3164 5073 3266 5147 γάρ
3326 5072 3400 5145 μὴ
3434 5071 3637 5134 ἐκεῖνος,
3671 5057 3817 5132 φησίν,

2248 5156 2613 5232 ἐπτώχευσεν,
2673 5158 2772 5214 οὐκ
2819 5157 2879 5215 ἂν
2935 5163 3101 5233 ἡμεῖς
3145 5160 3571 5232 ἑπλουτήσαμεν.
3632 5147 3815 5209 Ἐπλου·

2246 5247 2486 5320 τήσαμεν
2543 5244 2601 5301 δὲ
2637 5293 2649 5313 ,
2716 5244 2899 5327 ἄφεσιν
2963 5250 3279 5322 ἁμαρτιῶν,
3324 5246 3628 5323 ἁγιωσύνην,
3679 5239 3814 5297 υίοθ⁸’

2248 5335 2384 5403 σίαν,
2419 5335 2584 5404 αὐτὴν
2634 5337 2734 5405 τήν
2770 5336 3045 5412 βασιλείαν
3100 5345 3208 5395 τῶν
3255 5340 3506 5415 οὐρανῶν.
3537 5361 3563 5387 α
3594 5331 3676 5387 Καὶ
3701 5323 3811 5402 γνώ·

2249 5437 2359 5496 μὴν
2391 5424 2441 5480 ἐν
2470 5426 2648 5498 τούτῳ
2675 5422 2896 5499 δίδωμι.
2939 5452 2959 5479 ο
3018 5429 3161 5502 "Op:
3208 5434 3321 5491 πῶς
3377 5423 3659 5498 ἀνεπαχθὴς
3703 5415 3809 5471 εἶναι

2247 5512 2558 5584 σπουδάζει.
2613 5516 2842 5588 Γνώμην
2875 5559 2892 5584 ,
2945 5518 3077 5592 φησὶ
3126 5517 3216 5573 καὶ
3274 5510 3573 5589 συμϐουλὴν
3624 5502 3803 5572 δίδωμι,

2246 5602 2347 5658 οῦκ
2375 5602 2613 5680 ἀνάγκην
2644 5604 2763 5658 τινὰ
2790 5603 3101 5678 ἐπιτίθημι,
3131 5605 3220 5661 καὶ
3273 5604 3434 5674 αὐτὴν
3484 5598 3535 5655 δὲ
3577 5598 3661 5664 τήν
3699 5606 3801 5658 πμ·

2244 5685 2454 5762 ϐουλὴν
2497 5688 2587 5748 διὰ
2633 5692 2698 5752 τὸ
2739 5692 2869 5768 ὑμῖν
2925 5691 3139 5770 μᾶλλον
3208 5688 3485 5770 συμφέρειν
3513 5686 3570 5744 τὸ
3601 5684 3796 5760 πρᾶγμαν
