4048 6250
276 418 442 478 1013

1244 414 1653 480 ΟΟΜΜΕΝΤ.
1702 413 1779 472 ΙΝ
1826 407 2077 469 EPIST.
2124 404 2178 463 ll
2222 404 2327 462 AD
2372 401 2751 462 CORINTH.

3536 399 3691 460 1014

272 558 420 625 ἤπερ
450 557 568 615 τοῖς
603 547 940 625 λαμϐάνουσι
973 554 1134 629 Λὲγὼ.
1175 577 1203 605 «
1256 550 1465 613 ΟἹτινες
1522 550 1585 605 οὗ
1649 544 1814 620 μόνον
1862 541 1910 597 τί

2043 540 2096 595 si
2126 537 2483 610 suscipiatis.
2509 537 2653 592 661
2685 557 2711 585 «
2744 533 2851 601 Qui
2884 535 3124 607 quidem
3156 552 3278 591 non
3306 532 3498 591 solum
3528 534 3688 590 face-

275 647 582 710 ποιῆσαι.»
656 643 758 699 Καὶ
808 641 1002 697 λοιπὸν
1063 643 1206 717 λέγει
1259 642 1356 711 τήν
1418 640 1665 716 γνώμην.
1701 635 1932 699 Οἶτινες,

278 730 465 806 φησὶν,
498 730 559 784 οὗ
594 731 758 802 μόνον
787 732 965 805 ἀρχὴν
995 726 1150 806 ἔχετε
1188 733 1324 806 πρὸς
1352 730 1413 784 τὸ
1441 733 1640 798 ποιεῖν,
1673 723 1817 780 ἀλλὰ
1845 722 1935 777 καὶ

275 821 420 894 πρὸς
452 820 513 874 τὸ
547 817 749 886 θέλειν,
776 821 1047 888 τουτέστι,
1073 819 1134 874 16
1159 820 1416 881 ἑκουσίως
1436 814 1728 883 ποιεῖν,καὶ
1764 810 1934 886 μηδε-

276 910 373 971 νὸς
404 911 876 985 προτρεψαμένου,
913 934 938 961 ‹‹
978 914 1082 965 Νῦν
1138 910 1321 965 καὶτὸ
1373 910 1595 979 ποιῆσαι
1628 902 1935 961 ἐπιτελεσα-

270 1019 355 1065 τε,
391 1022 420 1051 ››
455 999 725 1067 τουτέστι,
759 998 1092 1071 πληρώσατε
1132 998 1281 1068 αὐτὸ,
1342 1000 1371 1053 ὅ
1428 997 1713 1071 ἐνήρξασθε
1734 991 1929 1048 θὲλειν.

277 1087 547 1144 Βούλεται
579 1085 636 1143 δὲ
673 1089 735 1143 τὸ
766 1088 1086 1162 αὐθαίρετον
1122 1088 1209 1142 καὶ
1249 1089 1491 1156 τούτοις,
1543 1087 1618 1148 ὡς
1659 1079 1929 1140 Μακεδόσι

274 1176 563 1252 περιάψαι.
606 1198 627 1226 ι
659 1178 847 1239 Ὅπως
880 1180 1120 1253 καθάπερ
1152 1180 1186 1247 ἡ
1244 1178 1545 1252 προθυμία.
1580 1198 1608 1226 ››
1657 1175 1772 1230 Ἵνα
1828 1172 1929 1242 μὴν

274 1267 466 1343 φησὶν,
501 1264 634 1341 ὄίχρι
664 1268 975 1342 προθυμίας
998 1271 1096 1340 στῇ
1127 1268 1190 1322 τὸ
1218 1265 1387 1322 καλὸν
1415 1260 1565 1341 ἔργον
1586 1264 1771 1329 τοῦτο,
1804 1254 1932 1315 ἀλλ’

272 1356 459 1431 ὥσπερ
514 1359 548 1427 ἡ
606 1357 908 1431 προθυμία,
959 1357 1019 1412 ἐκ
1075 1359 1304 1432 γνώμης
1354 1357 1441 1411 καὶ
1511 1354 1571 1410 ἐκ
1617 1351 1929 1425 θελήματος

273 1444 527 1501 ἰκουσίου
550 1446 786 1520 γέγονεν,
821 1444 963 1500 οὕτω
1019 1446 1107 1499 καὶ
1164 1447 1226 1499 τὸ
1275 1446 1372 1514 τήν
1435 1441 1733 1519 προθυμίαν
1778 1438 1926 1509 πλη-

272 1536 522 1610 ρωθῆναι
578 1534 799 1611 γενηται
858 1534 919 1590 ἐκ
981 1539 1077 1589 τοῦ
1136 1532 1305 1610 ἔχειν,
1362 1532 1657 1598 τουτέστιν,
1717 1529 1775 1583 ἐκ
1829 1532 1925 1585 τοῦ

262 1621 499 1700 ἔχοντας
528 1624 858 1698 εἰσενεγκεῖν.
883 1625 972 1686 Ὦς
1003 1627 1048 1680 εἳ
1084 1646 1148 1699 γε
1179 1625 1279 1678 οὐκ
1308 1618 1423 1699 ἕχει
1455 1642 1559 1691 τις,
1593 1621 1657 1677 τὸ
1688 1620 1793 1675 ἀπὸ
1825 1625 1923 1687 τῆς

263 1713 577 1788 προθυμίας
607 1713 946 1788 ἐπλήρωσεν.

341 1968 410 2025 Εἴ
460 1969 563 2043 γὰρ
639 1970 674 2037 ἡ
751 1969 1026 2041 προθυμία
1102 1970 1383 2043 πρόκειται
1458 1968 1593 2031 καθὸ
1669 1966 1755 2020 ἐὰν
1808 1965 1910 2040 ἔχῃ

270 2078 356 2118 τις
388 2055 797 2132 εὐπρόσδεκτος,
834 2060 896 2113 οὐ
929 2059 1059 2112 καθὸ
1091 2059 1192 2112 οὐκ
1213 2056 1350 2136 ἔχει.
1377 2057 1449 2111 Οὐ
1471 2059 1571 2131 γάρ
1602 2056 1687 2110 ’ἱνα
1720 2054 1913 2117 ἄλλοις

267 2144 463 2218 ἄνεσις,
499 2147 627 2220 ὑμῖν
659 2144 717 2202 δὲ
746 2147 953 2221 θλίψις,
987 2147 1111 2203 ἀλλ’
1169 2146 1219 2219 ἐξ
1281 2147 1530 2217 ἰσότητος
1590 2146 1641 2200 ἐν
1696 2150 1774 2217 τῷ
1824 2149 1914 2200 νῦν

256 2242 437 2310 καιρῷ
468 2237 529 2292 τὸ
559 2237 710 2308 ὑμῶν
741 2235 1074 2311 περίσσευμα
1123 2236 1198 2297 εἷς
1254 2236 1318 2290 τὸ
1348 2236 1571 2291 ἐπείνων
1606 2235 1906 2309 ὑστέρημα.

254 2327 371 2381 Ἵνα
400 2326 490 2380 καὶ
519 2326 582 2380 τὸ
614 2324 829 2381 ἐκείνων
868 2326 1201 2401 περίσσευμα
1256 2327 1499 2401 γενηται,
1548 2324 1622 2386 εἲς
1654 2324 1716 2378 τὸ
1756 2325 1910 2396 ὑμῶν

260 2416 563 2487 ὑστέρημα,
618 2414 765 2475 ὅπως
822 2415 1044 2490 γένηται
1099 2415 1306 2485 ἰσότης,
1374 2413 1552 2475 καθὼς
1590 2414 1909 2487 γέγραπται.

256 2506 322 2562 Ὀ
352 2506 413 2558 τὸ
467 2503 611 2558 πολὺ
673 2505 771 2559 οὐκ
811 2504 1121 2573 ἐπλεόνασε,
1184 2504 1274 2558 καὶ
1333 2504 1360 2557 ὁ
1419 2505 1481 2558 τὸ
1544 2501 1727 2578 ὀλίγον
1812 2501 1912 2556 οὐκ

255 2594 647 2665 ἠλαττόνησεν.

345 2850 710 2925 Προκειμένης
768 2852 894 2927 γάρ,
946 2852 1109 2930 φησὶ,
1169 2850 1495 2925 προθυμίας,
1554 2851 1687 2914 καθὸ
1748 2848 1911 2925 μέρος

264 2935 405 3016 ἔχει,
438 2938 828 3017 εὐπρόσδεκτός
873 2940 984 2996 ἐστι
1038 2942 1186 3016 παρᾶ
1250 2946 1387 3012 Θεῷ,
1442 2941 1538 2994 κᾶν
1604 2940 1794 3014 μικρὸν
1851 2941 1909 3011 ᾖ,

260 3027 356 3084 κᾶν
396 3026 565 3099 μηδὶν
680 3026 982 3090 παντελῶς.
1045 3030 1190 3084 Καθὸ
1246 3029 1347 3102 γὰρ
1403 3025 1541 3105 ἔχει,
1608 3027 1793 3103 φησὶν,
1848 3025 1909 3080 οὐ

374 3119 386 3135 \
472 3119 485 3138 9
562 3114 586 3137 ,Ι
742 3118 755 3138 9
928 3124 949 3133 υ
1210 3118 1223 3137 9
1337 3118 1349 3134 ι
1445 3114 1469 3139 υ
1586 3114 1612 3135 ν
1828 3114 1853 3135 ν

259 3121 396 3175 καθο
428 3139 530 3173 ουκ
560 3138 697 3193 εχει,
732 3138 1056 3173 απαιτειται.
1093 3142 1119 3168 ‹‹
1155 3119 1230 3175 Ou
1289 3137 1391 3192 γαρ
1456 3139 1532 3171 ινα
1576 3116 1769 3177 αλλοις
1819 3137 1912 3169 αν-

258 3226 392 3267 ισις.
431 3230 459 3256 ››
498 3204 575 3263 Οὐ
636 3207 739 3282 γὰρ
794 3207 884 3260 ἳνα
941 3204 1106 3261 ἄλλοι
1171 3208 1301 3277 μετὰ
1365 3205 1589 3260 ἀνέσεως
1637 3209 1905 3281 τραφῶσι,

2038 647 2121 685 re.
2154 652 2181 679 ››
2214 629 2658 698 Consequenter
2689 626 2867 680 etiam
2895 626 3039 680 dicit
3094 627 3289 697 ipsum
3347 624 3685 680 consilium.

2039 719 2146 784 Qui
2173 718 2413 789 quidem
2448 734 2567 771 non
2600 716 3034 785 solum,inquit,
3070 715 3425 785 principium
3458 714 3687 769 habetis

2038 807 2112 862 ad
2144 808 2721 873 faciendum,verum
2754 806 2928 859 etiam
2957 805 3029 858 ad
3061 803 3399 870 volendum,
3434 804 3545 857 hoc
3576 808 3683 872 est,

2036 902 2102 952 ut
2133 896 2458 952 voluntarie
2492 900 2549 949 et
2577 894 2741 949 nullo
2774 895 3127 949 adhortante
3152 894 3442 948 faceretis.
3472 894 3686 947 «Nunc

2037 991 2235 1043 autem
2267 991 2325 1040 et
2353 985 2499 1039 illud
2523 983 2677 1055 quod
2701 983 2893 1038 facere
2918 982 3477 1053 cmpistisperﬂcite.
3516 1003 3542 1029 »
3566 983 3685 1036 Hoc

2036 1080 2144 1139 est,
2175 1074 2468 1145 complete
2498 1073 2646 1127 illud
2676 1073 2831 1143 quod
2858 1073 2984 1143 jam
3017 1072 3163 1126 velle
3188 1072 3466 1141 cmpistis.
3512 1071 3686 1141 Cupit

2034 1170 2233 1219 autem
2266 1164 2597 1225 efﬂcere,ut
2625 1163 2684 1217 hi
2708 1178 2944 1232 quoque
2978 1161 3371 1215 sintultronei
3395 1160 3683 1231 quemad-

2033 1254 2272 1310 modum
2299 1253 2701 1311 Macedones.<<
2728 1254 2795 1307 Ut
2810 1250 3313 1322 quemadmodum
3335 1250 3683 1320 promptitu-

2032 1344 2125 1398 do.
2170 1367 2189 1391 ι
2228 1345 2305 1397 Ne
2338 1343 2400 1397 in
2432 1342 2559 1397 sola
2591 1342 2774 1396 animi
2806 1340 3296 1411 promptitudine,
3329 1339 3542 1409 inquit,
3574 1338 3677 1393 bo-

2030 1449 2173 1487 num
2211 1433 2321 1486 hoc
2353 1448 2500 1503 opus
2524 1432 2724 1485 sistat:
2751 1430 2853 1485 sed
2876 1428 3375 1500 quemadmodum
3400 1428 3679 1499 prompti-

2029 1521 2169 1576 tudo
2203 1538 2272 1576 ex
2296 1526 2499 1575 mente
2532 1526 2589 1573 et
2618 1520 2891 1573 ultronea
2924 1518 3225 1572 voluntate
3257 1517 3565 1589 processit,
3600 1518 3683 1572 ita

2028 1627 2264 1681 quoque
2296 1610 2618 1681 impleatur
2647 1609 2831 1664 animi
2863 1607 3383 1679 promptitudo.Ex
3416 1623 3484 1660 eo
3517 1605 3676 1676 quod

2026 1699 2290 1770 possidet
2324 1716 2335 1752 :
2372 1700 2482 1753 hoc
2513 1704 2623 1759 est,
2657 1714 2724 1752 eo
2757 1697 2913 1768 quod
2944 1696 3316 1767 possidentes
3344 1695 3673 1760 conferant,

2024 1794 2093 1844 ut
2123 1789 2171 1843 si
2203 1789 2336 1858 quis
2366 1804 2487 1842 non
2505 1787 2737 1853 habeat,
2767 1786 2892 1857 jam
2938 1803 3006 1840 ex
3037 1786 3141 1839 illo
3198 1784 3356 1855 quod
3414 1784 3672 1855 prompti

2024 1876 2208 1933 animi
2240 1882 2368 1931 erat
2391 1892 2517 1930 rem
2557 1875 2888 1946 complevit.

2097 1965 2245 2034 V111,
2280 1965 2465 2017 12-15.
2526 1964 2741 2016 Etenim
2791 1964 2838 2017 si
2889 1963 3048 2031 prius
3105 1963 3247 2016 adsit
3293 1963 3467 2015 animi
3492 1976 3675 2032 prom-

2025 2052 2234 2117 titudo,
2287 2052 2460 2120 jumta
2499 2050 2860 2121 quodcunque
2916 2050 3055 2103 illud
3110 2057 3185 2104 est
3232 2052 3381 2119 quod
3432 2053 3671 2121 possidet

2022 2140 2226 2211 aliquis
2244 2147 2494 2210 acceptus
2534 2147 2631 2207 est,
2659 2156 2769 2194 non
2790 2141 2965 2210 jumta
2992 2140 3053 2193 id
3082 2140 3229 2207 quod
3248 2154 3355 2192 non
3398 2142 3663 2207 possidet.

2021 2234 2141 2287 Non
2174 2233 2313 2285 enim
2354 2235 2414 2283 ut
2471 2228 2599 2283 aliis
2643 2229 2919 2283 relaxatio
2967 2232 3060 2295 sit,
3101 2229 3248 2282 vobis
3278 2234 3456 2282 autem
3487 2246 3661 2299 angu-

2021 2323 2127 2374 stia
2162 2336 2173 2373 :
2199 2319 2291 2373 sed
2312 2326 2373 2372 ut
2406 2335 2473 2372 ea:
2488 2319 2798 2387 parilitate,
2827 2318 2889 2371 in
2918 2319 3177 2386 praesenti
3222 2324 3459 2386 tempore
3483 2326 3664 2373 vestra

2021 2409 2183 2479 copia
2215 2409 2441 2462 illorum
2502 2413 2789 2461 succurrat
2844 2405 3067 2474 inopiae,
3100 2413 3162 2459 ut
3220 2408 3385 2459 etiam
3442 2408 3669 2463 illorum

2021 2501 2183 2569 copia
2239 2504 2425 2552 vestra:
2480 2503 2735 2551 succurat
2790 2497 3013 2565 inopia,
3073 2502 3134 2548 ut
3208 2498 3307 2563 ﬁat
3381 2497 3665 2565 parilitas,

2019 2587 2477 2658 quemadmodum
2505 2588 2773 2655 scriptum
2820 2591 2915 2639 est.
2968 2586 3072 2649 Qui
3118 2584 3353 2639 multum
3404 2586 3658 2653 habebat,

2019 2679 2147 2733 huic
2197 2678 2344 2732 nihil
2382 2679 2657 2747 superfuit
2690 2693 2702 2729 :
2736 2681 2787 2729 et
2814 2677 2912 2745 qui
2958 2674 3191 2746 paulum
3232 2676 3482 2745 habebat,
3515 2678 3559 2732 is
3584 2679 3668 2731 ni-

2021 2768 2316 2823 hilominus
2339 2768 2552 2821 habuit-

2090 2856 2405 2911 Praemissa
2467 2856 2625 2911 enim
2685 2854 2869 2909 animi
2926 2852 3414 2925 promptitudine,
3451 2854 3668 2926 inquit,

2020 2952 2296 3017 acceptus
2331 2952 2417 3000 est
2449 2945 2745 3015 quispiam
2778 2960 2812 2997 a
2841 2944 2959 2997 Deo
2986 2943 3157 3013 juxta
3210 2948 3439 3012 partem
3490 2960 3668 3013 quam

2019 3035 2303 3107 possidet,
2361 3035 2479 3089 sive
2538 3050 2715 3105 parva
2770 3033 2865 3096 sit,
2927 3032 3045 3085 sive
3102 3032 3253 3085 nihil
3294 3033 3535 3086 omnino
3569 3033 3664 3087 sit.

2017 3125 2189 3179 Juxta
2220 3123 2577 3193 id,ait.quod
2610 3122 2895 3193 possidet,
2928 3137 3047 3175 non
3072 3121 3246 3192 juxta
3274 3120 3333 3174 id
3364 3120 3523 3191 quod
3546 3137 3669 3174 non

2020 3212 2302 3285 possidet,
2339 3212 2614 3283 exigitur.
2659 3233 2687 3260 ‹‹
2721 3212 2845 3265 Non
2879 3210 3036 3265 enim
3066 3214 3132 3266 ut
3179 3209 3312 3264 aliis
3379 3209 3666 3265 relaxatio

258 3296 376 3376 χρὴ
413 3296 550 3370 ὑμᾶς
584 3296 711 3371 ὑπὲρ
746 3293 973 3367 δύναμιν
1008 3292 1217 3360 δοῦναι,
1277 3293 1414 3349 ὥστε
1445 3292 1534 3347 καὶ
1566 3289 1766 3347 ἔνδειαν
1815 3294 1902 3348 καὶ

2023 3301 2114 3356 sit.
2154 3324 2179 3349 ››
2214 3303 2410 3371 Neque
2444 3301 2603 3355 enim
2627 3304 2691 3354 ut
2722 3300 2822 3355 alii
2850 3316 2983 3354 cum
2999 3298 3349 3354 remissione
3380 3314 3448 3353 ac
3479 3298 3664 3354 disso-

254 3385 444 3459 θλίψιν
480 3386 773 3458 ὑπομεῖναι
806 3383 865 3441 ἐκ
882 3384 1080 3441 τούτου
1103 3430 1113 3441 .
1141 3389 1309 3439 Τοῦτο
1353 3382 1428 3450 δὲ,
1464 3381 1550 3439 διὰ
1606 3386 1669 3439 τὸ
1729 3384 1903 3441 αὐτῶν

252 3475 443 3537 ἂτελές
504 3497 689 3551 φησιν.
749 3477 813 3533 Ὀ
868 3476 971 3549 γὰρ
1028 3472 1342 3536 Μακεδόνας
1374 3473 1605 3529 ἐπαινῶν
1659 3474 1740 3529 ὅτι
1772 3474 1905 3550 ὑπὲρ

256 3563 490 3637 δύναμιν
521 3563 747 3636 ἔδωκαν,
782 3562 952 3630 δῆλός
984 3564 1095 3619 ἐστι
1122 3566 1209 3619 καὶ
1262 3564 1488 3625 τούτους
1538 3570 1699 3619 τοῦτο
1730 3571 1904 3619 ποιεῖν

256 3653 485 3718 ἱθελων.
542 3654 763 3725 Ἀμέλει
819 3654 1189 3725 παρακατιὼν,
1267 3651 1686 3727 αἰνιγματωδῶς
1742 3675 1909 3710 κατα-

258 3742 504 3810 σκευάζει
535 3744 596 3796 τὸ
629 3740 738 3798 δεῖν
792 3741 926 3816 ὑπὲρ
980 3739 1204 3815 δύναμιν
1259 3738 1487 3797 διδόναι.
1547 3765 1574 3794 α
1639 3740 1796 3799 Ἀλλ’
1854 3742 1904 3816 ἐξ

260 3834 534 3904 ἰσότητος.
571 3857 598 3885 ››
661 3838 893 3905 Κομᾶτε,
950 3833 1105 3906 φησί,
1164 3834 1444 3906 χρήμασιν
1484 3831 1662 3906 ὑμεῖς,
1714 3832 1905 3888 ἐκεῖνοι

258 3920 319 3979 δὲ
347 3927 415 3995 τῇ
446 3923 522 3984 εἷς
589 3924 717 3977 Θεὸν
761 3920 1055 3996 παρρησίᾳ,
1118 3923 1198 3983 οἷς
1260 3921 1325 3975 τά
1380 3928 1480 3991 τῆς
1531 3919 1905 3993 ἐλεημοσύνης

262 4010 459 4086 μέλλει
485 4010 751 4075 δίδοσθαι.
786 4011 915 4067 Δότε
941 4011 1116 4065 τοίνυν
1151 4010 1336 4072 αὐτοῖς
1380 4010 1446 4065 τὰ
1493 4010 1722 4087 περισσᾶ
1796 4015 1901 4065 τῶν

259 4100 590 4178 χρημάτων,
644 4101 733 4155 καὶ
790 4095 985 4154 λάϐετε
1040 4100 1101 4155 τὸ
1161 4101 1413 4174 περισσὸν
1485 4102 1582 4168 τῆς
1642 4100 1717 4160 εἰς
1774 4099 1900 4155 Θεὸν

254 4194 584 4271 παρρησίας.
622 4194 803 4251 Εἰπὼν
839 4190 913 4259 δὲ,
946 4191 997 4265 ἐξ
1034 4192 1306 4263 ἰσότητος,
1367 4193 1547 4267 ἠρέμα
1603 4197 1904 4267 προτρὲπε-

255 4304 347 4339 ται
375 4283 569 4342 αὐτοὺς
606 4282 681 4354 μὴ
714 4281 775 4334 τὸ
804 4279 1136 4354 περίσσευμα
1168 4277 1371 4352 δοῦναι,
1432 4280 1579 4335 ἀλλὰ
1634 4280 1722 4334 καὶ
1773 4282 1904 4336 αὐτὸ

250 4374 318 4429 τὸ
348 4372 645 4448 ὑστέρημα.
681 4373 858 4427 Τοῦτο
890 4369 1015 4443 γάρ,
1050 4369 1236 4447 φησὶν,
1280 4370 1324 4425 εἰ
1382 4372 1716 4446 περίσσευμα
1774 4368 1901 4443 δῷς,

252 4463 590 4538 περίσσευμα
668 4456 992 4537 λαμϐάνεις.
1054 4460 1121 4519 Εἴ
1177 4458 1401 4534 δαψιλὲς
1489 4458 1620 4535 δῷς,
1677 4459 1903 4534 δαψιλὲς

252 4553 428 4626 λήψῃ.
461 4551 524 4608 Εἰ
557 4549 613 4606 δὲ
670 4550 980 4627 ὁλόκληρον
1018 4551 1213 4628 βούλει
1277 4552 1377 4619 τὴν
1429 4551 1565 4626 πρὸς
1607 4551 1735 4605 Θεὸν
1764 4552 1899 4625 παρ-

2019 3390 2243 3446 lutione
2274 3390 2531 3456 alantur,
2562 3407 2664 3443 vos
2696 3394 2929 3459 oportet
2978 3406 3157 3459 supra
3210 3387 3665 3459 possibilitatem

2019 3479 2179 3545 dare,
2212 3485 2278 3536 ut
2307 3479 2485 3534 etiam
2509 3478 2900 3551 indigentiam
2924 3482 2981 3532 et
3002 3476 3394 3533 afﬂictionem
3425 3494 3497 3533 ex
3552 3477 3663 3532 hoc

2019 3569 2383 3625 sustineatis.
2406 3569 2469 3623 Id
2500 3574 2697 3624 autem
2726 3574 2967 3640 propter
2996 3569 3235 3624 illorum
3268 3568 3411 3623 dicit
3446 3568 3665 3640 imper-

2016 3658 2356 3714 fectionem.
2386 3659 2689 3729 Siquidem
2724 3675 2856 3714 cum
2908 3659 3253 3713 Macedones
3285 3674 3355 3712 ex
3396 3658 3505 3712 hoc
3538 3658 3661 3712 lau-

2018 3747 2242 3802 daverit
2272 3748 2429 3819 quod
2462 3765 2641 3819 supra
2660 3748 2810 3802 vires
2841 3746 3553 3814 dedissent,manifestum
3577 3755 3665 3803 est

2017 3836 2176 3906 quod
2199 3837 2306 3890 hos
2338 3852 2571 3905 quoque
2604 3834 2662 3887 id
2693 3835 2885 3889 facere
2919 3835 3112 3889 vellet.
3164 3836 3331 3889 Certe
3390 3834 3452 3887 in
3509 3851 3656 3904 pro-

2014 3942 2220 3996 gressu
2272 3925 2520 3980 obscure
2569 3925 2780 3979 astruit
2827 3930 3097 3995 oportere
3157 3940 3336 3995 supra
3373 3926 3525 3981 vires
3558 3927 3661 3981 tri-

2013 4016 2215 4072 buere.
2253 4037 2281 4064 «
2315 4015 2426 4069 Sed
2456 4030 2527 4068 ex
2559 4013 2874 4085 parilitate.
2911 4035 2938 4061 »
2962 4016 3095 4081 Nos,
3121 4013 3659 4083 inquit,eﬂerimini

2012 4103 2257 4168 divitiis,
2290 4102 2377 4155 illi
2408 4119 2544 4157 vero
2579 4101 2798 4173 quibus
2829 4101 3038 4156 dandae
3073 4107 3211 4156 sunt
3241 4102 3658 4175 eleemosynaa,

2012 4192 2285 4247 libertate
2309 4207 2445 4263 erga
2468 4193 2686 4246 Deum:
2716 4208 2815 4244 vos
2846 4191 3024 4262 igitur
3056 4190 3187 4245 date
3221 4192 3340 4246 illis
3363 4192 3663 4264 superﬂua

2017 4302 2147 4355 quas
2180 4284 2496 4355 possidetis
2527 4284 2587 4337 in
2621 4282 2864 4348 divitiis,
2899 4289 2956 4337 et
2998 4284 3247 4355 accipite
3294 4290 3658 4355 superﬂuum

2015 4374 2172 4444 quod
2204 4374 2275 4428 de
2299 4373 2571 4427 libertate
2605 4389 2743 4443 erga
2773 4374 2957 4427 Deum
2989 4372 3532 4444 possident.Dicens
3563 4392 3662 4429 au-

2013 4468 2153 4519 tem.
2190 4486 2216 4513 ‹‹
2253 4465 2332 4518 Ex
2363 4463 2680 4534 parilitate,
2717 4462 2939 4517 sensim
2999 4462 3348 4518 adhortatur
3378 4480 3477 4518 eos
3536 4481 3657 4520 non

2011 4559 2077 4609 ut
2108 4554 2251 4608 dent
2287 4553 2445 4624 quod
2490 4552 2858 4624 superﬂuum
2913 4557 3020 4616 est,
3054 4553 3206 4607 662
3238 4568 3444 4607 verum
3476 4555 3656 4610 etiam

256 4642 447 4717 ῥησίαν
510 4639 922 4709 ἐπισπάσασθαι,
983 4639 1087 4696 ὅλα
1144 4639 1375 4695 κὲνωσον
1428 4639 1516 4694 καὶ
1559 4639 1642 4707 σὺ,
1693 4637 1784 4701 δὸς
1813 4641 1901 4693 καὶ

2023 4643 2169 4714 quod
2201 4643 2603 4698 necessarium
2638 4647 2728 4695 est
2758 4641 2876 4695 sive
2910 4642 3095 4712 ipsam
3146 4642 3478 4712 penuriam.
3513 4646 3656 4699 Nam

253 4730 315 4787 ἰκ
338 4728 439 4785 τοῦ
471 4729 863 4805 ὑστερήματος.
897 4730 983 4800 Ἐξ
1015 4728 1273 4799 ΐσότητος
1319 4730 1421 4803 γάρ
1481 4726 1620 4781 ἐστιν
1650 4729 1683 4797 ἠ
1728 4727 1898 4801 λῆψις

251 4824 353 4885 τῆς
387 4817 610 4880 δόσεως.
677 4842 703 4873 ε
761 4821 849 4876 Ἐν
906 4824 985 4891 τῷ
1041 4822 1134 4873 νῦν
1193 4822 1389 4892 καιρῷ.
1450 4841 1479 4869 ››
1522 4819 1609 4874 Ἑν
1678 4822 1757 4888 τῷ
1810 4821 1900 4871 νῦν

252 4914 451 4983 καιρῷ,
493 4909 675 4987 φησίν.
730 4910 815 4966 Ἐν
850 4908 952 4983 γάρ
991 4912 1071 4981 τῷ
1123 4906 1409 4982 μὲλλοντι,
1471 4904 1625 4961 οὐδὲν
1689 4906 1898 4962 τούτων

253 4996 650 5056 ἐπιδείκνυσθαι
709 4995 948 5053 δύναται.
1002 5030 1067 5039 --
1125 4997 1229 5053 Καὶ
1288 4994 1475 5059 ἄλλως
1550 4993 1625 5051 δέ.
1686 4998 1900 5070 [ΦΩΤ.]

254 5093 340 5147 Ἐν
390 5095 469 5162 τῷ
493 5093 585 5142 νῦν
640 5092 817 5163 καιρῷ
848 5086 1156 5143 ἐπιτέλεσον
1216 5088 1316 5155 τὴν
1378 5085 1625 5155 ἰσότητα.
1680 5087 1767 5142 Ἐν
1795 5086 1895 5160 γὰρ

246 5185 329 5251 τῷ
362 5177 617 5251 μέλλοντι
638 5175 1097 5231 πολλαπλασίονα
1127 5172 1416 5249 ἀπολήψῃ.
1479 5176 1584 5229 Καὶ
1634 5175 1897 5250 πρόσκαι-

253 5289 344 5346 ρος
409 5268 502 5340 μὲν
565 5267 598 5334 ἡ
662 5264 895 5320 δοκοῦσα
958 5263 1257 5337 ζημία(ἐν
1316 5268 1394 5334 τῷ
1451 5268 1540 5316 νῦν
1569 5263 1668 5339 γὰρ
1700 5269 1897 5339 καιρῷ,

250 5357 433 5439 φησὶ),
466 5353 791 5424 διαιωνίζων
844 5351 901 5407 δὲ
958 5354 987 5407 ὸ
1046 5354 1247 5431 ἅφατος
1299 5350 1560 5414 πλοῦτος.
1621 5378 1649 5404 ‹‹
1708 5354 1898 5417 Καθὼς

248 5450 568 5524 γέγραπται.
606 5466 633 5494 ››
667 5442 851 5512 Δείξας
882 5440 966 5496 ὅτι
996 5440 1057 5496 οὐ
1096 5442 1259 5515 μόνον
1316 5438 1576 5510 διδοῦσιν,
1637 5439 1782 5495 ἀλλὰ
1810 5442 1901 5496 καὶ

256 5527 737 5607 ἀντιλαμϐάνουσι,
796 5530 889 5584 καὶ
951 5530 1166 5603 μείζονα
1225 5526 1751 5604 ἀντιλαμϐάνουσι(
1808 5530 1902 5585 κᾶν

258 5625 361 5706 γάρ
394 5622 563 5692 εἶπεν,
604 5645 632 5674 ι(
657 5621 847 5681 ’Όπως
875 5620 1093 5694 γενηται
1126 5619 1330 5706 ἰσότης,
1362 5644 1389 5670 ››
1448 5620 1582 5695 πρὸς
1615 5616 1897 5706 δαψίλειαν

262 5704 456 5776 αὐτοὺς
489 5706 815 5789 προτρέπων
846 5707 1014 5764 εἶπεν.
1070 5707 1184 5764 Οὐκ
1240 5704 1351 5763 ἔστι
1407 5706 1508 5784 γὰρ
1567 5705 1677 5763 ἴσον
1717 5704 1901 5764 δοῦναι

2014 4734 2061 4787 si
2094 4732 2251 4803 quod
2282 4731 2649 4802 superﬂuum
2673 4736 2780 4797 est,
2812 4730 3475 4799 inquit,dederis,etiam
3502 4733 3659 4803 quod

2012 4822 2380 4894 superﬂuum
2401 4826 2488 4876 est
2517 4821 2771 4891 accipies
2795 4838 2807 4873 :
2832 4821 2880 4873 si
2913 4819 3145 4875 abunde
3164 4820 3660 4886 dederis,abunde

2011 4912 2282 4983 recipies.
2318 4911 2374 4964 Si
2407 4925 2539 4964 vero
2568 4908 2890 4980 perfectam
2923 4924 3059 4980 erga
3108 4909 3291 4965 Deum
3326 4910 3659 4969 libertatem

2012 5000 2330 5057 conciliare
2363 4999 2546 5071 cupis,
2574 5004 2635 5052 tu
2677 5014 2913 5068 quoque
2947 4998 3202 5068 teipsum
3235 5016 3468 5063 evacua,
3502 5006 3559 5054 et
3588 5019 3657 5056 ex

2012 5107 2079 5146 eo
2113 5091 2290 5145 etiam
2314 5089 2471 5159 quod
2503 5088 2905 5143 necessarium
2938 5094 3028 5143 est
3056 5088 3319 5143 tribuito.
3355 5090 3655 5161 Siquidem

2012 5196 2080 5235 ex
2114 5178 2409 5250 parilitate
2444 5184 2529 5232 est
2553 5177 2690 5232 doni
2722 5178 3007 5249 acceptio.
3043 5200 3071 5225 «
3108 5179 3169 5232 In
3201 5180 3477 5249 praesenti
3510 5184 3659 5234 tem-

2008 5284 2173 5339 pore.
2206 5269 2329 5321 »1η
2361 5266 2494 5335 hoc,
2545 5266 2758 5336 inquit,
2811 5270 3095 5336 tempore.
3150 5268 3293 5321 Nam
3336 5267 3399 5321 in
3457 5267 3654 5323 futuro

2010 5357 2161 5411 nihil
2211 5355 2557 5427 hujusmodi
2604 5360 2798 5425 potest
2829 5354 3113 5410 exhiberi.
3148 5386 3215 5395 ——
3264 5357 3393 5409 Alio
3441 5371 3661 5428 quoque

2010 5445 2189 5500 modo.
2224 5446 2289 5498 In
2321 5444 2595 5516 praesenti
2630 5448 2895 5513 tempore
2930 5444 3145 5514 perfice
3178 5444 3562 5514 parilitatem,
3592 5447 3654 5501 in

2011 5535 2208 5589 futuro
2236 5534 2396 5588 enim
2429 5533 2823 5603 multiplicata
2840 5532 3192 5603 accipies.Et
3224 5536 3649 5605 temporarium

2012 5623 2252 5695 quidem
2287 5629 2374 5678 est
2405 5622 2553 5694 quod
2584 5622 2812 5677 videtur
2830 5622 3112 5678 damnum
3142 5640 3155 5677 :
3187 5639 3325 5678 nam
3356 5646 3383 5674 «
3420 5626 3483 5680 In
3510 5643 3655 5697 prin»

2014 5713 2410 5785 senti,inquit,
2444 5718 2731 5784 tempore,
2763 5734 2790 5763 »
2825 5728 3001 5784 porro
3032 5712 3092 5767 in
3124 5718 3477 5786 perpetuum
3499 5714 3653 5788 parit
