  <div class='ocr_page' id='page_1' title='image "/cluster/home/n/w/nwhite01/storage/ocr_20150623/118/mdp.39015078384297/515.png"; bbox 0 0 4048 6250; ppageno 0'>
   <div class='ocr_carea' id='block_1_1' title="bbox 438 356 597 418">
    <p class='ocr_par' dir='ltr' id='par_1_1' title="bbox 438 356 597 418">
     <span class='ocr_line' id='line_1_1' title="bbox 438 356 597 418; baseline -0.013 0"><span class='ocrx_word' id='word_1_1' title='bbox 438 356 597 418; x_wconf 73' lang='grc'>1015</span> 
     </span>
    </p>
   </div>
   <div class='ocr_carea' id='block_1_2' title="bbox 1564 341 2722 407">
    <p class='ocr_par' dir='ltr' id='par_1_2' title="bbox 1564 341 2722 407">
     <span class='ocr_line' id='line_1_2' title="bbox 1564 341 2722 407; baseline -0.003 1"><span class='ocrx_word' id='word_1_2' title='bbox 1564 344 1978 407; x_wconf 77' lang='grc' dir='ltr'>(ΕΟΗΜΕΝΙΙ</span> <span class='ocrx_word' id='word_1_3' title='bbox 2019 341 2328 403; x_wconf 72' lang='grc' dir='ltr'>ΤΗΙΟΟΛΕ</span> <span class='ocrx_word' id='word_1_4' title='bbox 2377 344 2722 406; x_wconf 84' lang='lat' dir='ltr'>EPISCOPI</span> 
     </span>
    </p>
   </div>
   <div class='ocr_carea' id='block_1_3' title="bbox 3632 350 3735 411">
    <p class='ocr_par' dir='ltr' id='par_1_3' title="bbox 3632 350 3735 411">
     <span class='ocr_line' id='line_1_3' title="bbox 3632 350 3735 411; baseline 0.029 -3"><span class='ocrx_word' id='word_1_5' title='bbox 3632 350 3735 411; x_wconf 73' lang='lat' dir='ltr'>illiti</span> 
     </span>
    </p>
   </div>
   <div class='ocr_carea' id='block_1_4' title="bbox 440 478 2115 557">
    <p class='ocr_par' dir='ltr' id='par_1_4' title="bbox 440 482 2086 554">
     <span class='ocr_line' id='line_1_4' title="bbox 440 482 2086 554; baseline -0.01 -6"><span class='ocrx_word' id='word_1_6' title='bbox 440 487 773 548; x_wconf 82' lang='lat' dir='ltr'>ineffabiles</span> <span class='ocrx_word' id='word_1_7' title='bbox 796 485 1048 542; x_wconf 77' lang='lat' dir='ltr'>divitias.</span> <span class='ocrx_word' id='word_1_8' title='bbox 1073 482 1620 551; x_wconf 74' lang='lat' dir='ltr'>«Quemadmodum</span> <span class='ocrx_word' id='word_1_9' title='bbox 1642 482 1930 554; x_wconf 88' lang='lat' dir='ltr'>scriptum</span> <span class='ocrx_word' id='word_1_10' title='bbox 1947 484 2086 537; x_wconf 62' lang='lat' dir='ltr'>est.»</span> 
     </span>
    </p>
   </div>
   <div class='ocr_carea' id='block_1_5' title="bbox 2226 478 3743 557">
    <p class='ocr_par' dir='ltr' id='par_1_5' title="bbox 2226 478 3743 557">
     <span class='ocr_line' id='line_1_5' title="bbox 2226 478 3743 557; baseline 0.003 -26"><span class='ocrx_word' id='word_1_11' title='bbox 2226 478 2492 552; x_wconf 69' lang='grc' dir='ltr'>ιρήματα,</span> <span class='ocrx_word' id='word_1_12' title='bbox 2523 479 2613 535; x_wconf 84' lang='grc' dir='ltr'>καὶ</span> <span class='ocrx_word' id='word_1_13' title='bbox 2642 479 2741 547; x_wconf 73' lang='grc' dir='ltr'>τὴν</span> <span class='ocrx_word' id='word_1_14' title='bbox 2778 479 2917 554; x_wconf 77' lang='grc' dir='ltr'>πρὸς</span> <span class='ocrx_word' id='word_1_15' title='bbox 2966 480 3095 535; x_wconf 86' lang='grc' dir='ltr'>Θεὸν</span> <span class='ocrx_word' id='word_1_16' title='bbox 3137 480 3440 554; x_wconf 76' lang='grc' dir='ltr'>παρῥησέαν</span> <span class='ocrx_word' id='word_1_17' title='bbox 3482 478 3743 557; x_wconf 63' lang='grc' dir='ltr'>ἀντιλαϐεῖν),</span> 
     </span>
    </p>
   </div>
   <div class='ocr_carea' id='block_1_6' title="bbox 443 564 2096 643">
    <p class='ocr_par' dir='ltr' id='par_1_6' title="bbox 443 564 2096 643">
     <span class='ocr_line' id='line_1_6' title="bbox 443 564 2096 643; baseline -0.007 -14"><span class='ocrx_word' id='word_1_18' title='bbox 443 574 766 643; x_wconf 76' lang='lat' dir='ltr'>Postquam</span> <span class='ocrx_word' id='word_1_19' title='bbox 812 568 1071 625; x_wconf 78' lang='lat' dir='ltr'>ostendit</span> <span class='ocrx_word' id='word_1_20' title='bbox 1110 565 1268 639; x_wconf 90' lang='lat' dir='ltr'><strong>quod</strong></span> <span class='ocrx_word' id='word_1_21' title='bbox 1309 583 1431 622; x_wconf 93' lang='lat' dir='ltr'>non</span> <span class='ocrx_word' id='word_1_22' title='bbox 1472 565 1666 621; x_wconf 89' lang='lat' dir='ltr'>solum</span> <span class='ocrx_word' id='word_1_23' title='bbox 1698 564 1860 629; x_wconf 89' lang='lat' dir='ltr'>dent,</span> <span class='ocrx_word' id='word_1_24' title='bbox 1896 580 2096 620; x_wconf 88' lang='lat' dir='ltr'>verum</span> 
     </span>
    </p>
   </div>
   <div class='ocr_carea' id='block_1_7' title="bbox 444 654 2097 730">
    <p class='ocr_par' dir='ltr' id='par_1_7' title="bbox 444 654 2097 730">
     <span class='ocr_line' id='line_1_7' title="bbox 444 654 2097 730; baseline -0.007 -11"><span class='ocrx_word' id='word_1_25' title='bbox 444 661 624 719; x_wconf 88' lang='lat' dir='ltr'>etiam</span> <span class='ocrx_word' id='word_1_26' title='bbox 654 658 966 730; x_wconf 81' lang='lat' dir='ltr'>recipiant,</span> <span class='ocrx_word' id='word_1_27' title='bbox 999 658 1117 713; x_wconf 90' lang='lat' dir='ltr'>imo</span> <span class='ocrx_word' id='word_1_28' title='bbox 1140 657 1371 728; x_wconf 83' lang='lat' dir='ltr'>majora</span> <span class='ocrx_word' id='word_1_29' title='bbox 1400 655 1690 725; x_wconf 78' lang='lat' dir='ltr'>recipiant</span> <span class='ocrx_word' id='word_1_30' title='bbox 1731 654 2097 727; x_wconf 75' lang='lat' dir='ltr'><strong>(quanquam</strong></span> 
     </span>
    </p>
   </div>
   <div class='ocr_carea' id='block_1_8' title="bbox 446 742 2096 817">
    <p class='ocr_par' dir='ltr' id='par_1_8' title="bbox 446 742 2096 817">
     <span class='ocr_line' id='line_1_8' title="bbox 446 742 2096 817; baseline -0.008 -8"><span class='ocrx_word' id='word_1_31' title='bbox 446 752 608 809; x_wconf 87' lang='lat' dir='ltr'><strong>enim</strong></span> <span class='ocrx_word' id='word_1_32' title='bbox 666 748 848 804; x_wconf 82' lang='lat' dir='ltr'>dixit:</span> <span class='ocrx_word' id='word_1_33' title='bbox 903 768 932 797; x_wconf 87' lang='grc'>‹‹</span> <span class='ocrx_word' id='word_1_34' title='bbox 992 747 1061 801; x_wconf 90' lang='lat' dir='ltr'>Ut</span> <span class='ocrx_word' id='word_1_35' title='bbox 1114 747 1217 802; x_wconf 84' lang='lat' dir='ltr'>fiat</span> <span class='ocrx_word' id='word_1_36' title='bbox 1275 744 1566 817; x_wconf 85' lang='lat' dir='ltr'>parilitas,</span> <span class='ocrx_word' id='word_1_37' title='bbox 1627 743 1702 798; x_wconf 94' lang='lat' dir='ltr'><strong>ad</strong></span> <span class='ocrx_word' id='word_1_38' title='bbox 1760 742 2096 797; x_wconf 88' lang='lat' dir='ltr'>libertatem</span> 
     </span>
    </p>
   </div>
   <div class='ocr_carea' id='block_1_9' title="bbox 446 832 2099 905">
    <p class='ocr_par' dir='ltr' id='par_1_9' title="bbox 446 832 2099 905">
     <span class='ocr_line' id='line_1_9' title="bbox 446 832 2099 905; baseline -0.006 -9"><span class='ocrx_word' id='word_1_39' title='bbox 446 841 580 899; x_wconf 89' lang='lat' dir='ltr'>illos</span> <span class='ocrx_word' id='word_1_40' title='bbox 611 835 978 894; x_wconf 81' lang='lat' dir='ltr'>exhortando</span> <span class='ocrx_word' id='word_1_41' title='bbox 1012 835 1179 898; x_wconf 81' lang='lat' dir='ltr'>dixit,</span> <span class='ocrx_word' id='word_1_42' title='bbox 1213 833 1505 905; x_wconf 85' lang='lat' dir='ltr'>siquidem</span> <span class='ocrx_word' id='word_1_43' title='bbox 1553 832 1781 902; x_wconf 63' lang='lat' dir='ltr'>aequale</span> <span class='ocrx_word' id='word_1_44' title='bbox 1831 848 1952 887; x_wconf 93' lang='lat' dir='ltr'>non</span> <span class='ocrx_word' id='word_1_45' title='bbox 2011 838 2099 887; x_wconf 91' lang='lat' dir='ltr'>est</span> 
     </span>
    </p>
   </div>
   <div class='ocr_carea' id='block_1_10' title="bbox 446 921 2098 1002">
    <p class='ocr_par' dir='ltr' id='par_1_10' title="bbox 446 921 2098 1002">
     <span class='ocr_line' id='line_1_10' title="bbox 446 921 2098 1002; baseline -0.009 -14"><span class='ocrx_word' id='word_1_46' title='bbox 446 932 587 988; x_wconf 89' lang='lat' dir='ltr'>dare</span> <span class='ocrx_word' id='word_1_47' title='bbox 618 929 900 1002; x_wconf 84' lang='lat' dir='ltr'>pecunias</span> <span class='ocrx_word' id='word_1_48' title='bbox 932 933 991 982; x_wconf 87' lang='lat' dir='ltr'>et</span> <span class='ocrx_word' id='word_1_49' title='bbox 1018 924 1281 996; x_wconf 82' lang='lat' dir='ltr'>recipere</span> <span class='ocrx_word' id='word_1_50' title='bbox 1306 923 1638 978; x_wconf 84' lang='lat' dir='ltr'>libertatem</span> <span class='ocrx_word' id='word_1_51' title='bbox 1668 939 1805 995; x_wconf 79' lang='lat' dir='ltr'>erga</span> <span class='ocrx_word' id='word_1_52' title='bbox 1827 921 2098 993; x_wconf 80' lang='lat' dir='ltr'>Deum):»</span> 
     </span>
    </p>
   </div>
   <div class='ocr_carea' id='block_1_11' title="bbox 446 1012 2095 1079">
    <p class='ocr_par' dir='ltr' id='par_1_11' title="bbox 446 1012 2095 1079">
     <span class='ocr_line' id='line_1_11' title="bbox 446 1012 2095 1079; baseline -0.005 -2"><span class='ocrx_word' id='word_1_53' title='bbox 446 1036 606 1077; x_wconf 89' lang='lat' dir='ltr'>nunc</span> <span class='ocrx_word' id='word_1_54' title='bbox 636 1019 696 1075; x_wconf 90' lang='lat' dir='ltr'>id</span> <span class='ocrx_word' id='word_1_55' title='bbox 755 1035 823 1073; x_wconf 89' lang='lat' dir='ltr'>ex</span> <span class='ocrx_word' id='word_1_56' title='bbox 872 1015 1063 1072; x_wconf 82' lang='lat' dir='ltr'>Veteri</span> <span class='ocrx_word' id='word_1_57' title='bbox 1120 1016 1494 1070; x_wconf 85' lang='lat' dir='ltr'>Testamento</span> <span class='ocrx_word' id='word_1_58' title='bbox 1543 1012 1662 1068; x_wconf 91' lang='lat' dir='ltr'>vult</span> <span class='ocrx_word' id='word_1_59' title='bbox 1700 1013 2095 1079; x_wconf 83' lang='lat' dir='ltr'>conﬁrmare;</span> 
     </span>
    </p>
   </div>
   <div class='ocr_carea' id='block_1_12' title="bbox 449 1102 2100 1183">
    <p class='ocr_par' dir='ltr' id='par_1_12' title="bbox 449 1102 2100 1183">
     <span class='ocr_line' id='line_1_12' title="bbox 449 1102 2100 1183; baseline -0.007 -16"><span class='ocrx_word' id='word_1_60' title='bbox 449 1110 591 1183; x_wconf 90' lang='lat' dir='ltr'>quia</span> <span class='ocrx_word' id='word_1_61' title='bbox 611 1110 750 1165; x_wconf 90' lang='lat' dir='ltr'>licet</span> <span class='ocrx_word' id='word_1_62' title='bbox 778 1125 897 1164; x_wconf 92' lang='lat' dir='ltr'>non</span> <span class='ocrx_word' id='word_1_63' title='bbox 950 1105 1331 1166; x_wconf 85' lang='lat' dir='ltr'>tradideritis,</span> <span class='ocrx_word' id='word_1_64' title='bbox 1384 1103 1597 1173; x_wconf 90' lang='lat' dir='ltr'>inquit,</span> <span class='ocrx_word' id='word_1_65' title='bbox 1648 1102 1794 1157; x_wconf 86' lang='lat' dir='ltr'>nihil</span> <span class='ocrx_word' id='word_1_66' title='bbox 1842 1103 2100 1173; x_wconf 87' lang='lat' dir='ltr'>amplius</span> 
     </span>
    </p>
   </div>
   <div class='ocr_carea' id='block_1_13' title="bbox 444 1191 2101 1268">
    <p class='ocr_par' dir='ltr' id='par_1_13' title="bbox 444 1191 2101 1268">
     <span class='ocr_line' id='line_1_13' title="bbox 444 1191 2101 1268; baseline -0.002 -17"><span class='ocrx_word' id='word_1_67' title='bbox 444 1199 566 1256; x_wconf 88' lang='lat' dir='ltr'>erit</span> <span class='ocrx_word' id='word_1_68' title='bbox 596 1197 759 1255; x_wconf 87' lang='lat' dir='ltr'><strong>vobis</strong></span> <span class='ocrx_word' id='word_1_69' title='bbox 808 1196 908 1268; x_wconf 89' lang='lat' dir='ltr'>qni</span> <span class='ocrx_word' id='word_1_70' title='bbox 941 1193 1345 1251; x_wconf 88' lang='lat' dir='ltr'>accumulatis.</span> <span class='ocrx_word' id='word_1_71' title='bbox 1379 1192 1728 1263; x_wconf 88' lang='lat' dir='ltr'>Quanquam</span> <span class='ocrx_word' id='word_1_72' title='bbox 1763 1191 1923 1247; x_wconf 91' lang='lat' dir='ltr'>enim</span> <span class='ocrx_word' id='word_1_73' title='bbox 1956 1191 2101 1247; x_wconf 91' lang='lat' dir='ltr'>illia</span> 
     </span>
    </p>
   </div>
   <div class='ocr_carea' id='block_1_14' title="bbox 448 1280 2099 1357">
    <p class='ocr_par' dir='ltr' id='par_1_14' title="bbox 448 1280 2099 1357">
     <span class='ocr_line' id='line_1_14' title="bbox 448 1280 2099 1357; baseline -0.005 -14"><span class='ocrx_word' id='word_1_74' title='bbox 448 1287 613 1344; x_wconf 90' lang='lat' dir='ltr'>vobis</span> <span class='ocrx_word' id='word_1_75' title='bbox 633 1303 751 1342; x_wconf 92' lang='lat' dir='ltr'>non</span> <span class='ocrx_word' id='word_1_76' title='bbox 775 1285 1213 1357; x_wconf 77' lang='lat' dir='ltr'>accipiant,non</span> <span class='ocrx_word' id='word_1_77' title='bbox 1236 1287 1549 1353; x_wconf 85' lang='lat' dir='ltr'>propterea</span> <span class='ocrx_word' id='word_1_78' title='bbox 1569 1280 1883 1336; x_wconf 82' lang='lat' dir='ltr'>inferiores</span> <span class='ocrx_word' id='word_1_79' title='bbox 1896 1286 2099 1335; x_wconf 88' lang='lat' dir='ltr'>erunt:</span> 
     </span>
    </p>
   </div>
   <div class='ocr_carea' id='block_1_15' title="bbox 450 1370 2101 1446">
    <p class='ocr_par' dir='ltr' id='par_1_15' title="bbox 450 1370 2101 1446">
     <span class='ocr_line' id='line_1_15' title="bbox 450 1370 2101 1446; baseline -0.007 -12"><span class='ocrx_word' id='word_1_80' title='bbox 450 1379 608 1435; x_wconf 86' lang='lat' dir='ltr'>Deus</span> <span class='ocrx_word' id='word_1_81' title='bbox 657 1391 914 1446; x_wconf 90' lang='lat' dir='ltr'><strong>namque</strong></span> <span class='ocrx_word' id='word_1_82' title='bbox 955 1373 1115 1445; x_wconf 90' lang='lat' dir='ltr'>ipsos</span> <span class='ocrx_word' id='word_1_83' title='bbox 1145 1389 1267 1428; x_wconf 93' lang='lat' dir='ltr'>non</span> <span class='ocrx_word' id='word_1_84' title='bbox 1313 1370 1621 1442; x_wconf 89' lang='lat' dir='ltr'>despiciet,</span> <span class='ocrx_word' id='word_1_85' title='bbox 1654 1374 1894 1441; x_wconf 81' lang='lat' dir='ltr'>prOpter</span> <span class='ocrx_word' id='word_1_86' title='bbox 1924 1386 2101 1440; x_wconf 85' lang='lat' dir='ltr'><strong>quem</strong></span> 
     </span>
    </p>
   </div>
   <div class='ocr_carea' id='block_1_16' title="bbox 449 1457 2103 1541">
    <p class='ocr_par' dir='ltr' id='par_1_16' title="bbox 449 1457 2103 1541">
     <span class='ocr_line' id='line_1_16' title="bbox 449 1457 2103 1541; baseline -0.007 -17"><span class='ocrx_word' id='word_1_87' title='bbox 449 1482 742 1541; x_wconf 87' lang='lat' dir='ltr'>pauperes</span> <span class='ocrx_word' id='word_1_88' title='bbox 766 1470 921 1520; x_wconf 90' lang='lat' dir='ltr'>sunt.</span> <span class='ocrx_word' id='word_1_89' title='bbox 947 1461 1252 1534; x_wconf 89' lang='lat' dir='ltr'>Siquidem</span> <span class='ocrx_word' id='word_1_90' title='bbox 1281 1459 1548 1516; x_wconf 88' lang='lat' dir='ltr'>scribens</span> <span class='ocrx_word' id='word_1_91' title='bbox 1570 1458 1645 1514; x_wconf 92' lang='lat' dir='ltr'><strong>ad</strong></span> <span class='ocrx_word' id='word_1_92' title='bbox 1675 1457 1811 1513; x_wconf 91' lang='lat' dir='ltr'>illos</span> <span class='ocrx_word' id='word_1_93' title='bbox 1836 1477 1848 1513; x_wconf 88' lang='lat'><em>:</em></span> <span class='ocrx_word' id='word_1_94' title='bbox 1894 1459 2103 1531; x_wconf 85' lang='lat' dir='ltr'>Direp-</span> 
     </span>
    </p>
   </div>
   <div class='ocr_carea' id='block_1_17' title="bbox 449 1550 2103 1625">
    <p class='ocr_par' dir='ltr' id='par_1_17' title="bbox 449 1550 2103 1625">
     <span class='ocr_line' id='line_1_17' title="bbox 449 1550 2103 1625; baseline -0.004 -14"><span class='ocrx_word' id='word_1_95' title='bbox 449 1557 699 1623; x_wconf 88' lang='lat' dir='ltr'>tionem,</span> <span class='ocrx_word' id='word_1_96' title='bbox 723 1554 938 1625; x_wconf 90' lang='lat' dir='ltr'>inquit,</span> <span class='ocrx_word' id='word_1_97' title='bbox 972 1552 1317 1608; x_wconf 81' lang='lat' dir='ltr'>facultatum</span> <span class='ocrx_word' id='word_1_98' title='bbox 1358 1556 1687 1604; x_wconf 88' lang='lat' dir='ltr'>vestrarum</span> <span class='ocrx_word' id='word_1_99' title='bbox 1722 1565 1858 1604; x_wconf 89' lang='lat' dir='ltr'>cum</span> <span class='ocrx_word' id='word_1_100' title='bbox 1888 1550 2103 1621; x_wconf 81' lang='lat' dir='ltr'>gaudio</span> 
     </span>
    </p>
   </div>
   <div class='ocr_carea' id='block_1_18' title="bbox 2210 565 3745 643">
    <p class='ocr_par' dir='ltr' id='par_1_18' title="bbox 2210 565 3745 643">
     <span class='ocr_line' id='line_1_18' title="bbox 2210 565 3745 643; baseline 0.005 -23"><span class='ocrx_word' id='word_1_101' title='bbox 2210 571 2297 620; x_wconf 78' lang='grc' dir='ltr'>νῦν</span> <span class='ocrx_word' id='word_1_102' title='bbox 2328 565 2389 622; x_wconf 80' lang='grc' dir='ltr'>ἐκ</span> <span class='ocrx_word' id='word_1_103' title='bbox 2415 573 2517 636; x_wconf 82' lang='grc' dir='ltr'>τῆς</span> <span class='ocrx_word' id='word_1_104' title='bbox 2549 569 2846 643; x_wconf 75' lang='grc' dir='ltr'>μαρτυρίας</span> <span class='ocrx_word' id='word_1_105' title='bbox 2877 576 2979 638; x_wconf 79' lang='grc' dir='ltr'>τῆς</span> <span class='ocrx_word' id='word_1_106' title='bbox 3008 567 3244 631; x_wconf 76' lang='grc' dir='ltr'>παλαιᾶς</span> <span class='ocrx_word' id='word_1_107' title='bbox 3276 568 3416 632; x_wconf 68' lang='grc' dir='ltr'>θέλει</span> <span class='ocrx_word' id='word_1_108' title='bbox 3459 572 3595 625; x_wconf 73' lang='grc' dir='ltr'>τοῦτο</span> <span class='ocrx_word' id='word_1_109' title='bbox 3636 592 3745 627; x_wconf 74' lang='lat' dir='ltr'>ma-</span> 
     </span>
    </p>
   </div>
   <div class='ocr_carea' id='block_1_19' title="bbox 2213 654 3745 731">
    <p class='ocr_par' dir='ltr' id='par_1_19' title="bbox 2213 654 3745 731">
     <span class='ocr_line' id='line_1_19' title="bbox 2213 654 3745 731; baseline 0.003 -21"><span class='ocrx_word' id='word_1_110' title='bbox 2213 655 2576 724; x_wconf 75' lang='grc' dir='ltr'>σκευάσαι,8τι</span> <span class='ocrx_word' id='word_1_111' title='bbox 2610 656 2704 713; x_wconf 73' lang='grc' dir='ltr'>κᾶν</span> <span class='ocrx_word' id='word_1_112' title='bbox 2737 658 2815 730; x_wconf 75' lang='grc' dir='ltr'>μή</span> <span class='ocrx_word' id='word_1_113' title='bbox 2852 654 3146 731; x_wconf 74' lang='grc' dir='ltr'>μεταδῶτε,</span> <span class='ocrx_word' id='word_1_114' title='bbox 3179 654 3336 712; x_wconf 75' lang='grc' dir='ltr'>οὐδὲν</span> <span class='ocrx_word' id='word_1_115' title='bbox 3358 657 3474 729; x_wconf 80' lang='grc' dir='ltr'>ὑμῖν</span> <span class='ocrx_word' id='word_1_116' title='bbox 3502 654 3745 715; x_wconf 70' lang='grc' dir='ltr'>ἔσταιπλὲιιν</span> 
     </span>
    </p>
   </div>
   <div class='ocr_carea' id='block_1_20' title="bbox 2208 742 3749 824">
    <p class='ocr_par' dir='ltr' id='par_1_20' title="bbox 2208 742 3749 824">
     <span class='ocr_line' id='line_1_20' title="bbox 2208 742 3749 824; baseline 0.001 -24"><span class='ocrx_word' id='word_1_117' title='bbox 2208 747 2516 820; x_wconf 75' lang='grc' dir='ltr'>συνάγουσι.</span> <span class='ocrx_word' id='word_1_118' title='bbox 2557 748 2659 803; x_wconf 80' lang='grc' dir='ltr'>Κᾶν</span> <span class='ocrx_word' id='word_1_119' title='bbox 2692 749 2796 824; x_wconf 72' lang='grc' dir='ltr'>γὰρ</span> <span class='ocrx_word' id='word_1_120' title='bbox 2828 748 2905 821; x_wconf 80' lang='grc' dir='ltr'>μὴ</span> <span class='ocrx_word' id='word_1_121' title='bbox 2939 742 3178 803; x_wconf 78' lang='grc' dir='ltr'>λάϐωσιν</span> <span class='ocrx_word' id='word_1_122' title='bbox 3240 746 3425 803; x_wconf 81' lang='grc' dir='ltr'>ἐκεῖνοι</span> <span class='ocrx_word' id='word_1_123' title='bbox 3480 751 3586 823; x_wconf 80' lang='grc' dir='ltr'>παρ’</span> <span class='ocrx_word' id='word_1_124' title='bbox 3626 752 3749 821; x_wconf 67' lang='grc' dir='ltr'>ἡμῶν,</span> 
     </span>
    </p>
   </div>
   <div class='ocr_carea' id='block_1_21' title="bbox 2208 834 3752 913">
    <p class='ocr_par' dir='ltr' id='par_1_21' title="bbox 2208 834 3752 913">
     <span class='ocr_line' id='line_1_21' title="bbox 2208 834 3752 913; baseline 0.002 -23"><span class='ocrx_word' id='word_1_125' title='bbox 2208 834 2269 891; x_wconf 79' lang='grc' dir='ltr'>οὐ</span> <span class='ocrx_word' id='word_1_126' title='bbox 2300 837 2446 906; x_wconf 75' lang='grc' dir='ltr'>παρὰ</span> <span class='ocrx_word' id='word_1_127' title='bbox 2475 840 2636 892; x_wconf 81' lang='grc' dir='ltr'>τοῦτο</span> <span class='ocrx_word' id='word_1_128' title='bbox 2677 835 3171 908; x_wconf 74' lang='grc' dir='ltr'>ἐλαττωθήσονται.</span> <span class='ocrx_word' id='word_1_129' title='bbox 3206 836 3279 891; x_wconf 81' lang='grc' dir='ltr'><strong>Οὐ</strong></span> <span class='ocrx_word' id='word_1_130' title='bbox 3311 837 3410 913; x_wconf 76' lang='grc' dir='ltr'>γὰρ</span> <span class='ocrx_word' id='word_1_131' title='bbox 3438 836 3493 892; x_wconf 75' lang='grc' dir='ltr'>ἄν</span> <span class='ocrx_word' id='word_1_132' title='bbox 3520 837 3671 898; x_wconf 64' lang='grc' dir='ltr'>αὐτοὺς</span> <span class='ocrx_word' id='word_1_133' title='bbox 3691 861 3752 894; x_wconf 77' lang='grc' dir='ltr'>τε-</span> 
     </span>
    </p>
   </div>
   <div class='ocr_carea' id='block_1_22' title="bbox 2210 922 3753 1001">
    <p class='ocr_par' dir='ltr' id='par_1_22' title="bbox 2210 922 3753 1001">
     <span class='ocr_line' id='line_1_22' title="bbox 2210 922 3753 1001; baseline 0.001 -22"><span class='ocrx_word' id='word_1_134' title='bbox 2210 922 2374 1001; x_wconf 84' lang='grc' dir='ltr'>ριίδοι</span> <span class='ocrx_word' id='word_1_135' title='bbox 2407 927 2435 981; x_wconf 97' lang='lat'>6</span> <span class='ocrx_word' id='word_1_136' title='bbox 2468 926 2621 993; x_wconf 81' lang='grc' dir='ltr'>Θεὸς,</span> <span class='ocrx_word' id='word_1_137' title='bbox 2650 924 2719 982; x_wconf 88' lang='grc' dir='ltr'>δι’</span> <span class='ocrx_word' id='word_1_138' title='bbox 2760 926 2817 982; x_wconf 81' lang='grc' dir='ltr'>ὅν</span> <span class='ocrx_word' id='word_1_139' title='bbox 2852 926 2954 982; x_wconf 86' lang='grc' dir='ltr'>εἰσι</span> <span class='ocrx_word' id='word_1_140' title='bbox 3008 926 3258 995; x_wconf 77' lang='grc' dir='ltr'>πένητες.</span> <span class='ocrx_word' id='word_1_141' title='bbox 3290 950 3317 979; x_wconf 74' lang='grc' dir='ltr'>α</span> <span class='ocrx_word' id='word_1_142' title='bbox 3372 927 3469 982; x_wconf 81' lang='grc' dir='ltr'>Καὶ</span> <span class='ocrx_word' id='word_1_143' title='bbox 3518 928 3600 993; x_wconf 66' lang='grc' dir='ltr'>τὴν</span> <span class='ocrx_word' id='word_1_144' title='bbox 3642 928 3753 999; x_wconf 69' lang='grc' dir='ltr'>ἀρτα-</span> 
     </span>
    </p>
   </div>
   <div class='ocr_carea' id='block_1_23' title="bbox 2207 1015 3754 1093">
    <p class='ocr_par' dir='ltr' id='par_1_23' title="bbox 2207 1015 3754 1093">
     <span class='ocr_line' id='line_1_23' title="bbox 2207 1015 3754 1093; baseline 0.002 -25"><span class='ocrx_word' id='word_1_145' title='bbox 2207 1017 2307 1089; x_wconf 76' lang='grc' dir='ltr'>γήν</span> <span class='ocrx_word' id='word_1_146' title='bbox 2336 1015 2443 1090; x_wconf 76' lang='grc' dir='ltr'>γὰρ</span> <span class='ocrx_word' id='word_1_147' title='bbox 2473 1017 2580 1071; x_wconf 81' lang='grc' dir='ltr'>τῶν</span> <span class='ocrx_word' id='word_1_148' title='bbox 2621 1017 2978 1091; x_wconf 79' lang='grc' dir='ltr'>ὑπαρχόντων</span> <span class='ocrx_word' id='word_1_149' title='bbox 3042 1017 3194 1090; x_wconf 79' lang='grc' dir='ltr'>ὑμῶν</span> <span class='ocrx_word' id='word_1_150' title='bbox 3259 1016 3393 1090; x_wconf 83' lang='grc' dir='ltr'>μετὰ</span> <span class='ocrx_word' id='word_1_151' title='bbox 3444 1020 3597 1093; x_wconf 70' lang='grc' dir='ltr'>χαρᾶς</span> <span class='ocrx_word' id='word_1_152' title='bbox 3641 1037 3754 1088; x_wconf 69' lang='grc' dir='ltr'>πρισ-</span> 
     </span>
    </p>
   </div>
   <div class='ocr_carea' id='block_1_24' title="bbox 2212 1101 3758 1183">
    <p class='ocr_par' dir='ltr' id='par_1_24' title="bbox 2212 1101 3758 1183">
     <span class='ocr_line' id='line_1_24' title="bbox 2212 1101 3758 1183; baseline -0.004 -22"><span class='ocrx_word' id='word_1_153' title='bbox 2212 1101 2477 1174; x_wconf 73' lang='grc' dir='ltr'>εδὲξασθε,</span> <span class='ocrx_word' id='word_1_154' title='bbox 2539 1129 2565 1156; x_wconf 80' lang='grc'><strong>››</strong></span> <span class='ocrx_word' id='word_1_155' title='bbox 2636 1105 2820 1168; x_wconf 81' lang='grc' dir='ltr'>αὐτοῖς</span> <span class='ocrx_word' id='word_1_156' title='bbox 2874 1106 3094 1183; x_wconf 54' lang='grc' dir='ltr'>γράυων</span> <span class='ocrx_word' id='word_1_157' title='bbox 3153 1106 3327 1179; x_wconf 71' lang='grc' dir='ltr'>λέγει.</span> <span class='ocrx_word' id='word_1_158' title='bbox 3401 1105 3667 1161; x_wconf 77' lang='grc' dir='ltr'>Ἐπαινετὸν</span> <span class='ocrx_word' id='word_1_159' title='bbox 3703 1106 3758 1176; x_wconf 71' lang='grc' dir='ltr'>μὲν</span> 
     </span>
    </p>
   </div>
   <div class='ocr_carea' id='block_1_25' title="bbox 2211 1193 3763 1270">
    <p class='ocr_par' dir='ltr' id='par_1_25' title="bbox 2211 1193 3763 1270">
     <span class='ocr_line' id='line_1_25' title="bbox 2211 1193 3763 1270; baseline -0.001 -22"><span class='ocrx_word' id='word_1_160' title='bbox 2211 1194 2316 1270; x_wconf 84' lang='grc' dir='ltr'>γὰρ</span> <span class='ocrx_word' id='word_1_161' title='bbox 2386 1195 2449 1250; x_wconf 89' lang='grc' dir='ltr'>τὸ</span> <span class='ocrx_word' id='word_1_162' title='bbox 2517 1194 2566 1267; x_wconf 70' lang='grc' dir='ltr'>ἐξ</span> <span class='ocrx_word' id='word_1_163' title='bbox 2625 1196 2828 1251; x_wconf 75' lang='grc' dir='ltr'>ἑαυτῶν</span> <span class='ocrx_word' id='word_1_164' title='bbox 2888 1193 3143 1270; x_wconf 79' lang='grc' dir='ltr'>ἄρξασθαι</span> <span class='ocrx_word' id='word_1_165' title='bbox 3201 1199 3396 1264; x_wconf 84' lang='grc' dir='ltr'>ποιεῖν,</span> <span class='ocrx_word' id='word_1_166' title='bbox 3451 1193 3763 1262; x_wconf 68' lang='grc' dir='ltr'>νουθετηθέντις</span> 
     </span>
    </p>
   </div>
   <div class='ocr_carea' id='block_1_26' title="bbox 2215 1282 3766 1359">
    <p class='ocr_par' dir='ltr' id='par_1_26' title="bbox 2215 1282 3766 1359">
     <span class='ocr_line' id='line_1_26' title="bbox 2215 1282 3766 1359; baseline -0.001 -23"><span class='ocrx_word' id='word_1_167' title='bbox 2215 1283 2381 1355; x_wconf 85' lang='grc' dir='ltr'>μόνον</span> <span class='ocrx_word' id='word_1_168' title='bbox 2411 1284 2548 1359; x_wconf 89' lang='grc' dir='ltr'>πρὸς</span> <span class='ocrx_word' id='word_1_169' title='bbox 2576 1284 2637 1338; x_wconf 81' lang='grc' dir='ltr'>τὸ</span> <span class='ocrx_word' id='word_1_170' title='bbox 2687 1282 2936 1353; x_wconf 81' lang='grc' dir='ltr'>θελῆσαι.</span> <span class='ocrx_word' id='word_1_171' title='bbox 2980 1289 3171 1354; x_wconf 77' lang='grc' dir='ltr'>Μεῖζον</span> <span class='ocrx_word' id='word_1_172' title='bbox 3235 1282 3314 1351; x_wconf 71' lang='grc' dir='ltr'>δὲ,</span> <span class='ocrx_word' id='word_1_173' title='bbox 3367 1284 3427 1339; x_wconf 88' lang='grc' dir='ltr'>τὸ</span> <span class='ocrx_word' id='word_1_174' title='bbox 3478 1284 3562 1337; x_wconf 82' lang='grc' dir='ltr'>καὶ</span> <span class='ocrx_word' id='word_1_175' title='bbox 3608 1282 3705 1336; x_wconf 67' lang='grc' dir='ltr'>αὐτὸ</span> <span class='ocrx_word' id='word_1_176' title='bbox 3730 1283 3766 1336; x_wconf 67' lang='grc' dir='ltr'>τὸ</span> 
     </span>
    </p>
   </div>
   <div class='ocr_carea' id='block_1_27' title="bbox 2213 1370 3767 1450">
    <p class='ocr_par' dir='ltr' id='par_1_27' title="bbox 2213 1370 3767 1450">
     <span class='ocr_line' id='line_1_27' title="bbox 2213 1370 3767 1450; baseline -0.001 -24"><span class='ocrx_word' id='word_1_177' title='bbox 2213 1371 2439 1441; x_wconf 79' lang='grc' dir='ltr'>θελῆσαι</span> <span class='ocrx_word' id='word_1_178' title='bbox 2472 1372 2522 1443; x_wconf 77' lang='grc' dir='ltr'>ἐξ</span> <span class='ocrx_word' id='word_1_179' title='bbox 2554 1372 2755 1434; x_wconf 74' lang='grc' dir='ltr'>οἰκείας</span> <span class='ocrx_word' id='word_1_180' title='bbox 2790 1372 3099 1449; x_wconf 79' lang='grc' dir='ltr'>βλαστῆσαι</span> <span class='ocrx_word' id='word_1_181' title='bbox 3150 1373 3403 1450; x_wconf 81' lang='grc' dir='ltr'>γνώμης,</span> <span class='ocrx_word' id='word_1_182' title='bbox 3457 1370 3539 1427; x_wconf 73' lang='grc' dir='ltr'>καὶ</span> <span class='ocrx_word' id='word_1_183' title='bbox 3596 1370 3767 1445; x_wconf 51' lang='lat' dir='ltr'>miliavigi-</span> 
     </span>
    </p>
   </div>
   <div class='ocr_carea' id='block_1_28' title="bbox 2211 1458 3770 1539">
    <p class='ocr_par' dir='ltr' id='par_1_28' title="bbox 2211 1458 3770 1539">
     <span class='ocr_line' id='line_1_28' title="bbox 2211 1458 3770 1539; baseline -0.003 -22"><span class='ocrx_word' id='word_1_184' title='bbox 2211 1482 2300 1517; x_wconf 77' lang='grc' dir='ltr'>τον</span> <span class='ocrx_word' id='word_1_185' title='bbox 2337 1459 2723 1532; x_wconf 72' lang='grc' dir='ltr'>ἐπιδείξασθαι,</span> <span class='ocrx_word' id='word_1_186' title='bbox 2760 1462 2820 1519; x_wconf 79' lang='grc' dir='ltr'>Εἰ</span> <span class='ocrx_word' id='word_1_187' title='bbox 2853 1462 2943 1517; x_wconf 80' lang='grc' dir='ltr'>οὗν</span> <span class='ocrx_word' id='word_1_188' title='bbox 2966 1463 3029 1518; x_wconf 89' lang='grc' dir='ltr'>τὸ</span> <span class='ocrx_word' id='word_1_189' title='bbox 3058 1467 3265 1536; x_wconf 80' lang='grc' dir='ltr'>μεῖζον,</span> <span class='ocrx_word' id='word_1_190' title='bbox 3301 1462 3480 1539; x_wconf 73' lang='grc' dir='ltr'>φησὶν,</span> <span class='ocrx_word' id='word_1_191' title='bbox 3531 1458 3770 1528; x_wconf 71' lang='grc' dir='ltr'>ἐπεδείξατε,</span> 
     </span>
    </p>
   </div>
   <div class='ocr_carea' id='block_1_29' title="bbox 2212 1543 3036 1608">
    <p class='ocr_par' dir='ltr' id='par_1_29' title="bbox 2212 1543 3036 1608">
     <span class='ocr_line' id='line_1_29' title="bbox 2212 1543 3036 1608; baseline 0.005 -4"><span class='ocrx_word' id='word_1_192' title='bbox 2212 1550 2300 1604; x_wconf 66' lang='grc' dir='ltr'><strong>καῖ</strong></span> <span class='ocrx_word' id='word_1_193' title='bbox 2324 1550 2386 1606; x_wconf 86' lang='grc' dir='ltr'>τὸ</span> <span class='ocrx_word' id='word_1_194' title='bbox 2415 1543 2641 1606; x_wconf 80' lang='grc' dir='ltr'>ἔλαττον</span> <span class='ocrx_word' id='word_1_195' title='bbox 2671 1549 3036 1608; x_wconf 72' lang='grc' dir='ltr'>ἐπιτελέσατε.</span> 
     </span>
    </p>
   </div>
   <div class='ocr_carea' id='block_1_30' title="bbox 454 1637 3774 1715">
    <p class='ocr_par' dir='ltr' id='par_1_30' title="bbox 454 1637 3774 1715">
     <span class='ocr_line' id='line_1_30' title="bbox 454 1637 3774 1715; baseline -0.002 -12"><span class='ocrx_word' id='word_1_196' title='bbox 454 1643 768 1715; x_wconf 84' lang='lat' dir='ltr'>accepistis</span> <span class='ocrx_word' id='word_1_197' title='bbox 787 1642 854 1696; x_wconf 78' lang='grc'>⁵⁸.</span> <span class='ocrx_word' id='word_1_198' title='bbox 901 1660 925 1692; x_wconf 79' lang='grc' dir='ltr'>ι</span> <span class='ocrx_word' id='word_1_199' title='bbox 961 1640 1193 1696; x_wconf 90' lang='lat' dir='ltr'>Etenim</span> <span class='ocrx_word' id='word_1_200' title='bbox 1221 1638 1519 1695; x_wconf 87' lang='lat' dir='ltr'>laudabile</span> <span class='ocrx_word' id='word_1_201' title='bbox 1551 1637 1792 1709; x_wconf 90' lang='lat' dir='ltr'><strong>quidem</strong></span> <span class='ocrx_word' id='word_1_202' title='bbox 1853 1644 1980 1694; x_wconf 89' lang='lat' dir='ltr'>erat</span> <span class='ocrx_word' id='word_1_203' title='bbox 2035 1656 2106 1695; x_wconf 83' lang='lat' dir='ltr'>ex</span> <span class='ocrx_word' id='word_1_204' title='bbox 2140 1641 2351 1712; x_wconf 90' lang='lat' dir='ltr'>seipsis</span> <span class='ocrx_word' id='word_1_205' title='bbox 2379 1642 2625 1714; x_wconf 68' lang='lat' dir='ltr'>cmpisse</span> <span class='ocrx_word' id='word_1_206' title='bbox 2656 1644 2873 1709; x_wconf 83' lang='lat' dir='ltr'>facere,</span> <span class='ocrx_word' id='word_1_207' title='bbox 2906 1660 3041 1698; x_wconf 90' lang='lat' dir='ltr'>cum</span> <span class='ocrx_word' id='word_1_208' title='bbox 3101 1643 3296 1698; x_wconf 90' lang='lat' dir='ltr'>solum</span> <span class='ocrx_word' id='word_1_209' title='bbox 3324 1642 3592 1698; x_wconf 85' lang='lat' dir='ltr'><strong>admoniti</strong></span> <span class='ocrx_word' id='word_1_210' title='bbox 3616 1640 3774 1696; x_wconf 73' lang='lat' dir='ltr'>fuerint</span> 
     </span>
    </p>
   </div>
   <div class='ocr_carea' id='block_1_31' title="bbox 452 1728 3773 1804">
    <p class='ocr_par' dir='ltr' id='par_1_31' title="bbox 452 1728 3773 1804">
     <span class='ocr_line' id='line_1_31' title="bbox 452 1728 3773 1804; baseline -0.002 -14"><span class='ocrx_word' id='word_1_211' title='bbox 452 1733 530 1790; x_wconf 91' lang='lat' dir='ltr'>ad</span> <span class='ocrx_word' id='word_1_212' title='bbox 588 1731 945 1788; x_wconf 91' lang='lat' dir='ltr'>volendum:</span> <span class='ocrx_word' id='word_1_213' title='bbox 1000 1729 1197 1801; x_wconf 87' lang='lat' dir='ltr'><strong>majus</strong></span> <span class='ocrx_word' id='word_1_214' title='bbox 1255 1732 1453 1782; x_wconf 88' lang='lat' dir='ltr'>autem</span> <span class='ocrx_word' id='word_1_215' title='bbox 1510 1728 1700 1799; x_wconf 88' lang='lat' dir='ltr'>ipsam</span> <span class='ocrx_word' id='word_1_216' title='bbox 1760 1744 1997 1798; x_wconf 91' lang='lat' dir='ltr'>quoque</span> <span class='ocrx_word' id='word_1_217' title='bbox 2056 1729 2420 1787; x_wconf 81' lang='lat' dir='ltr'>voluntatem</span> <span class='ocrx_word' id='word_1_218' title='bbox 2480 1749 2551 1787; x_wconf 80' lang='lat' dir='ltr'>ex</span> <span class='ocrx_word' id='word_1_219' title='bbox 2612 1733 2851 1804; x_wconf 90' lang='lat' dir='ltr'>proprio</span> <span class='ocrx_word' id='word_1_220' title='bbox 2909 1733 3109 1787; x_wconf 88' lang='lat' dir='ltr'>animo</span> <span class='ocrx_word' id='word_1_221' title='bbox 3188 1737 3389 1787; x_wconf 89' lang='lat' dir='ltr'><strong>natam</strong></span> <span class='ocrx_word' id='word_1_222' title='bbox 3446 1747 3583 1798; x_wconf 89' lang='lat' dir='ltr'>esse,</span> <span class='ocrx_word' id='word_1_223' title='bbox 3633 1735 3677 1784; x_wconf 89' lang='lat' dir='ltr'>et</span> <span class='ocrx_word' id='word_1_224' title='bbox 3715 1729 3773 1783; x_wconf 86' lang='lat' dir='ltr'>ul-</span> 
     </span>
    </p>
   </div>
   <div class='ocr_carea' id='block_1_32' title="bbox 453 1816 3775 1892">
    <p class='ocr_par' dir='ltr' id='par_1_32' title="bbox 453 1816 3775 1892">
     <span class='ocr_line' id='line_1_32' title="bbox 453 1816 3775 1892; baseline -0.002 -14"><span class='ocrx_word' id='word_1_225' title='bbox 453 1828 727 1878; x_wconf 86' lang='lat' dir='ltr'>troneam</span> <span class='ocrx_word' id='word_1_226' title='bbox 758 1820 1122 1875; x_wconf 83' lang='lat' dir='ltr'>voluntatem</span> <span class='ocrx_word' id='word_1_227' title='bbox 1181 1816 1639 1871; x_wconf 86' lang='lat' dir='ltr'>demonstrasse.</span> <span class='ocrx_word' id='word_1_228' title='bbox 1702 1816 1758 1871; x_wconf 92' lang='lat' dir='ltr'>Si</span> <span class='ocrx_word' id='word_1_229' title='bbox 1818 1832 1954 1887; x_wconf 83' lang='lat' dir='ltr'>ergo</span> <span class='ocrx_word' id='word_1_230' title='bbox 1988 1818 2145 1888; x_wconf 88' lang='lat' dir='ltr'><strong>quod</strong></span> <span class='ocrx_word' id='word_1_231' title='bbox 2205 1820 2398 1892; x_wconf 84' lang='lat' dir='ltr'>majus</span> <span class='ocrx_word' id='word_1_232' title='bbox 2461 1826 2570 1889; x_wconf 90' lang='lat' dir='ltr'>est,</span> <span class='ocrx_word' id='word_1_233' title='bbox 2630 1821 2842 1891; x_wconf 90' lang='lat' dir='ltr'>inquit,</span> <span class='ocrx_word' id='word_1_234' title='bbox 2877 1821 3209 1889; x_wconf 86' lang='lat' dir='ltr'>exibuistis,</span> <span class='ocrx_word' id='word_1_235' title='bbox 3269 1820 3443 1876; x_wconf 89' lang='lat' dir='ltr'>etiam</span> <span class='ocrx_word' id='word_1_236' title='bbox 3474 1819 3616 1890; x_wconf 90' lang='lat' dir='ltr'><strong>quod</strong></span> <span class='ocrx_word' id='word_1_237' title='bbox 3639 1818 3775 1873; x_wconf 87' lang='lat' dir='ltr'>minus</span> 
     </span>
    </p>
   </div>
   <div class='ocr_carea' id='block_1_33' title="bbox 460 1910 855 1984">
    <p class='ocr_par' dir='ltr' id='par_1_33' title="bbox 460 1910 855 1984">
     <span class='ocr_line' id='line_1_33' title="bbox 460 1910 855 1984; baseline -0.015 -16"><span class='ocrx_word' id='word_1_238' title='bbox 460 1916 552 1968; x_wconf 88' lang='lat' dir='ltr'>est</span> <span class='ocrx_word' id='word_1_239' title='bbox 569 1910 855 1984; x_wconf 81' lang='lat' dir='ltr'>perﬁcite.</span> 
     </span>
    </p>
   </div>
   <div class='ocr_carea' id='block_1_34' title="bbox 535 1991 2115 2072">
    <p class='ocr_par' dir='ltr' id='par_1_34' title="bbox 535 1995 2115 2067">
     <span class='ocr_line' id='line_1_34' title="bbox 535 1995 2115 2067; baseline -0.003 -12"><span class='ocrx_word' id='word_1_240' title='bbox 535 2002 681 2067; x_wconf 91' lang='lat' dir='ltr'>Vlll,</span> <span class='ocrx_word' id='word_1_241' title='bbox 726 1999 904 2055; x_wconf 79' lang='lat' dir='ltr'>l6-l8.</span> <span class='ocrx_word' id='word_1_242' title='bbox 937 1999 1159 2057; x_wconf 77' lang='lat' dir='ltr'>Gratias</span> <span class='ocrx_word' id='word_1_243' title='bbox 1185 2002 1370 2051; x_wconf 87' lang='lat' dir='ltr'>autem</span> <span class='ocrx_word' id='word_1_244' title='bbox 1402 1996 1510 2051; x_wconf 83' lang='lat' dir='ltr'>Deo</span> <span class='ocrx_word' id='word_1_245' title='bbox 1541 1997 1640 2066; x_wconf 87' lang='lat' dir='ltr'>qui</span> <span class='ocrx_word' id='word_1_246' title='bbox 1669 1995 1823 2050; x_wconf 82' lang='lat' dir='ltr'>dedit</span> <span class='ocrx_word' id='word_1_247' title='bbox 1871 1996 2115 2052; x_wconf 81' lang='lat' dir='ltr'>eamdem</span> 
     </span>
    </p>
   </div>
   <div class='ocr_carea' id='block_1_35' title="bbox 2226 1991 3777 2072">
    <p class='ocr_par' dir='ltr' id='par_1_35' title="bbox 2294 1991 3777 2072">
     <span class='ocr_line' id='line_1_35' title="bbox 2294 1991 3777 2072; baseline -0.003 -19"><span class='ocrx_word' id='word_1_248' title='bbox 2294 1996 2464 2072; x_wconf 73' lang='grc' dir='ltr'>Χάρις</span> <span class='ocrx_word' id='word_1_249' title='bbox 2492 1996 2549 2053; x_wconf 73' lang='grc' dir='ltr'>δὲ</span> <span class='ocrx_word' id='word_1_250' title='bbox 2578 2003 2657 2070; x_wconf 85' lang='grc' dir='ltr'>τῷ</span> <span class='ocrx_word' id='word_1_251' title='bbox 2688 2000 2829 2072; x_wconf 80' lang='grc' dir='ltr'>Θεῷ,</span> <span class='ocrx_word' id='word_1_252' title='bbox 2859 2004 2938 2072; x_wconf 81' lang='grc' dir='ltr'>τῷ</span> <span class='ocrx_word' id='word_1_253' title='bbox 2993 1996 3194 2054; x_wconf 84' lang='grc' dir='ltr'>διδόντι</span> <span class='ocrx_word' id='word_1_254' title='bbox 3254 1999 3352 2067; x_wconf 86' lang='grc' dir='ltr'>τήν</span> <span class='ocrx_word' id='word_1_255' title='bbox 3403 1996 3555 2064; x_wconf 75' lang='grc' dir='ltr'>αὐτὴν</span> <span class='ocrx_word' id='word_1_256' title='bbox 3604 1991 3777 2061; x_wconf 62' lang='grc' dir='ltr'>σπουδὴν</span> 
     </span>
    </p>
   </div>
   <div class='ocr_carea' id='block_1_36' title="bbox 459 2084 2109 2157">
    <p class='ocr_par' dir='ltr' id='par_1_36' title="bbox 459 2084 2109 2157">
     <span class='ocr_line' id='line_1_36' title="bbox 459 2084 2109 2157; baseline -0.005 -9"><span class='ocrx_word' id='word_1_257' title='bbox 459 2089 897 2148; x_wconf 79' lang='lat' dir='ltr'>sollicitudinem</span> <span class='ocrx_word' id='word_1_258' title='bbox 940 2103 1048 2157; x_wconf 85' lang='lat' dir='ltr'>pro</span> <span class='ocrx_word' id='word_1_259' title='bbox 1091 2086 1241 2141; x_wconf 73' lang='lat' dir='ltr'>vobis</span> <span class='ocrx_word' id='word_1_260' title='bbox 1268 2086 1326 2139; x_wconf 87' lang='lat' dir='ltr'>in</span> <span class='ocrx_word' id='word_1_261' title='bbox 1366 2084 1529 2139; x_wconf 83' lang='lat' dir='ltr'>corde</span> <span class='ocrx_word' id='word_1_262' title='bbox 1562 2087 1689 2154; x_wconf 89' lang='lat' dir='ltr'>Titi,</span> <span class='ocrx_word' id='word_1_263' title='bbox 1722 2086 1823 2154; x_wconf 86' lang='lat' dir='ltr'>qui</span> <span class='ocrx_word' id='word_1_264' title='bbox 1850 2085 2109 2141; x_wconf 66' lang='lat' dir='ltr'>exhorta-</span> 
     </span>
    </p>
   </div>
   <div class='ocr_carea' id='block_1_37' title="bbox 458 2174 2110 2247">
    <p class='ocr_par' dir='ltr' id='par_1_37' title="bbox 458 2174 2110 2247">
     <span class='ocr_line' id='line_1_37' title="bbox 458 2174 2110 2247; baseline -0.003 -12"><span class='ocrx_word' id='word_1_265' title='bbox 458 2181 657 2236; x_wconf 83' lang='lat' dir='ltr'>tionem</span> <span class='ocrx_word' id='word_1_266' title='bbox 684 2178 995 2247; x_wconf 83' lang='lat' dir='ltr'>acceperit;</span> <span class='ocrx_word' id='word_1_267' title='bbox 1044 2178 1181 2247; x_wconf 85' lang='lat' dir='ltr'>quin</span> <span class='ocrx_word' id='word_1_268' title='bbox 1222 2176 1427 2245; x_wconf 82' lang='lat' dir='ltr'>potius,</span> <span class='ocrx_word' id='word_1_269' title='bbox 1461 2190 1581 2229; x_wconf 85' lang='lat' dir='ltr'>cum</span> <span class='ocrx_word' id='word_1_270' title='bbox 1604 2181 1736 2230; x_wconf 79' lang='lat' dir='ltr'>esset</span> <span class='ocrx_word' id='word_1_271' title='bbox 1766 2174 2110 2244; x_wconf 81' lang='lat' dir='ltr'>diligentior,</span> 
     </span>
    </p>
   </div>
   <div class='ocr_carea' id='block_1_38' title="bbox 456 2265 2114 2340">
    <p class='ocr_par' dir='ltr' id='par_1_38' title="bbox 456 2265 2114 2340">
     <span class='ocr_line' id='line_1_38' title="bbox 456 2265 2114 2340; baseline -0.005 -13"><span class='ocrx_word' id='word_1_272' title='bbox 456 2275 649 2340; x_wconf 85' lang='lat' dir='ltr'>suapte</span> <span class='ocrx_word' id='word_1_273' title='bbox 672 2273 867 2339; x_wconf 83' lang='lat' dir='ltr'>sponte</span> <span class='ocrx_word' id='word_1_274' title='bbox 894 2266 968 2321; x_wconf 90' lang='lat' dir='ltr'>ad</span> <span class='ocrx_word' id='word_1_275' title='bbox 1021 2281 1112 2321; x_wconf 77' lang='lat' dir='ltr'>vos</span> <span class='ocrx_word' id='word_1_276' title='bbox 1154 2267 1433 2334; x_wconf 82' lang='lat' dir='ltr'>profectus</span> <span class='ocrx_word' id='word_1_277' title='bbox 1475 2265 1570 2318; x_wconf 84' lang='lat' dir='ltr'>sit.</span> <span class='ocrx_word' id='word_1_278' title='bbox 1625 2265 1871 2319; x_wconf 85' lang='lat' dir='ltr'>Misimus</span> <span class='ocrx_word' id='word_1_279' title='bbox 1929 2270 2114 2319; x_wconf 84' lang='lat' dir='ltr'>autem</span> 
     </span>
    </p>
   </div>
   <div class='ocr_carea' id='block_1_39' title="bbox 465 2353 2113 2426">
    <p class='ocr_par' dir='ltr' id='par_1_39' title="bbox 465 2353 2113 2426">
     <span class='ocr_line' id='line_1_39' title="bbox 465 2353 2113 2426; baseline -0.005 -10"><span class='ocrx_word' id='word_1_280' title='bbox 465 2376 579 2415; x_wconf 81' lang='lat' dir='ltr'>una</span> <span class='ocrx_word' id='word_1_281' title='bbox 609 2374 731 2415; x_wconf 89' lang='lat' dir='ltr'>cum</span> <span class='ocrx_word' id='word_1_282' title='bbox 761 2360 879 2426; x_wconf 85' lang='lat' dir='ltr'>ipso</span> <span class='ocrx_word' id='word_1_283' title='bbox 908 2359 1145 2425; x_wconf 79' lang='lat' dir='ltr'>fratrem</span> <span class='ocrx_word' id='word_1_284' title='bbox 1191 2355 1350 2425; x_wconf 87' lang='lat' dir='ltr'>cujus</span> <span class='ocrx_word' id='word_1_285' title='bbox 1411 2355 1530 2409; x_wconf 88' lang='lat' dir='ltr'>laus</span> <span class='ocrx_word' id='word_1_286' title='bbox 1584 2359 1663 2408; x_wconf 87' lang='lat' dir='ltr'>est</span> <span class='ocrx_word' id='word_1_287' title='bbox 1709 2354 1769 2407; x_wconf 87' lang='lat' dir='ltr'>in</span> <span class='ocrx_word' id='word_1_288' title='bbox 1810 2353 2113 2423; x_wconf 79' lang='lat' dir='ltr'>Evangelio</span> 
     </span>
    </p>
   </div>
   <div class='ocr_carea' id='block_1_40' title="bbox 449 2446 1082 2521">
    <p class='ocr_par' dir='ltr' id='par_1_40' title="bbox 449 2446 1082 2521">
     <span class='ocr_line' id='line_1_40' title="bbox 449 2446 1082 2521; baseline -0.013 -14"><span class='ocrx_word' id='word_1_289' title='bbox 449 2466 555 2521; x_wconf 81' lang='lat' dir='ltr'>per</span> <span class='ocrx_word' id='word_1_290' title='bbox 583 2463 765 2505; x_wconf 77' lang='lat' dir='ltr'>omnes</span> <span class='ocrx_word' id='word_1_291' title='bbox 795 2446 1082 2501; x_wconf 88' lang='lat' dir='ltr'>Ecclesias.</span> 
     </span>
    </p>
   </div>
   <div class='ocr_carea' id='block_1_41' title="bbox 529 2532 2114 2606">
    <p class='ocr_par' dir='ltr' id='par_1_41' title="bbox 529 2532 2114 2606">
     <span class='ocr_line' id='line_1_41' title="bbox 529 2532 2114 2606; baseline -0.006 -10"><span class='ocrx_word' id='word_1_292' title='bbox 529 2541 602 2596; x_wconf 93' lang='lat' dir='ltr'>Ut</span> <span class='ocrx_word' id='word_1_293' title='bbox 630 2539 703 2595; x_wconf 93' lang='lat' dir='ltr'><strong>de</strong></span> <span class='ocrx_word' id='word_1_294' title='bbox 748 2536 1129 2606; x_wconf 88' lang='lat' dir='ltr'>eleemosyna</span> <span class='ocrx_word' id='word_1_295' title='bbox 1171 2532 1454 2589; x_wconf 88' lang='lat' dir='ltr'>disseruit</span> <span class='ocrx_word' id='word_1_296' title='bbox 1493 2536 1783 2603; x_wconf 89' lang='lat' dir='ltr'>quantum</span> <span class='ocrx_word' id='word_1_297' title='bbox 1824 2533 2114 2603; x_wconf 86' lang='lat' dir='ltr'>oportuit,</span> 
     </span>
    </p>
   </div>
   <div class='ocr_carea' id='block_1_42' title="bbox 459 2622 2114 2699">
    <p class='ocr_par' dir='ltr' id='par_1_42' title="bbox 459 2622 2114 2699">
     <span class='ocr_line' id='line_1_42' title="bbox 459 2622 2114 2699; baseline -0.006 -11"><span class='ocrx_word' id='word_1_298' title='bbox 459 2632 897 2699; x_wconf 82' lang='lat' dir='ltr'>consequenter</span> <span class='ocrx_word' id='word_1_299' title='bbox 925 2623 1125 2680; x_wconf 79' lang='lat' dir='ltr'>laudat</span> <span class='ocrx_word' id='word_1_300' title='bbox 1154 2638 1256 2678; x_wconf 91' lang='lat' dir='ltr'>eos</span> <span class='ocrx_word' id='word_1_301' title='bbox 1287 2622 1387 2693; x_wconf 91' lang='lat' dir='ltr'><strong>qui</strong></span> <span class='ocrx_word' id='word_1_302' title='bbox 1433 2622 1508 2677; x_wconf 91' lang='lat' dir='ltr'>ad</span> <span class='ocrx_word' id='word_1_303' title='bbox 1564 2622 1676 2677; x_wconf 86' lang='lat' dir='ltr'>hoc</span> <span class='ocrx_word' id='word_1_304' title='bbox 1731 2622 1899 2677; x_wconf 90' lang='lat' dir='ltr'>missi</span> <span class='ocrx_word' id='word_1_305' title='bbox 1956 2625 2114 2678; x_wconf 62' lang='lat' dir='ltr'>sunt.</span> 
     </span>
    </p>
   </div>
   <div class='ocr_carea' id='block_1_43' title="bbox 456 2711 2114 2783">
    <p class='ocr_par' dir='ltr' id='par_1_43' title="bbox 456 2711 2114 2783">
     <span class='ocr_line' id='line_1_43' title="bbox 456 2711 2114 2783; baseline -0.008 -6"><span class='ocrx_word' id='word_1_306' title='bbox 456 2727 523 2777; x_wconf 89' lang='lat' dir='ltr'>ut</span> <span class='ocrx_word' id='word_1_307' title='bbox 552 2720 692 2775; x_wconf 91' lang='lat' dir='ltr'>dum</span> <span class='ocrx_word' id='word_1_308' title='bbox 712 2716 875 2772; x_wconf 92' lang='lat' dir='ltr'>omni</span> <span class='ocrx_word' id='word_1_309' title='bbox 907 2717 1179 2769; x_wconf 89' lang='lat' dir='ltr'>carerent</span> <span class='ocrx_word' id='word_1_310' title='bbox 1212 2712 1572 2783; x_wconf 88' lang='lat' dir='ltr'>suspicione,</span> <span class='ocrx_word' id='word_1_311' title='bbox 1601 2711 1787 2783; x_wconf 78' lang='lat' dir='ltr'>magis</span> <span class='ocrx_word' id='word_1_312' title='bbox 1815 2711 1979 2782; x_wconf 90' lang='lat' dir='ltr'>ipsos</span> <span class='ocrx_word' id='word_1_313' title='bbox 2008 2711 2069 2765; x_wconf 92' lang='lat' dir='ltr'>in</span> <span class='ocrx_word' id='word_1_314' title='bbox 2091 2741 2114 2752; x_wconf 88' lang='lat'><strong>-</strong></span> 
     </span>
    </p>
   </div>
   <div class='ocr_carea' id='block_1_44' title="bbox 460 2800 2113 2875">
    <p class='ocr_par' dir='ltr' id='par_1_44' title="bbox 460 2800 2113 2875">
     <span class='ocr_line' id='line_1_44' title="bbox 460 2800 2113 2875; baseline -0.008 -8"><span class='ocrx_word' id='word_1_315' title='bbox 460 2810 747 2866; x_wconf 88' lang='lat' dir='ltr'>ducerent</span> <span class='ocrx_word' id='word_1_316' title='bbox 769 2811 836 2860; x_wconf 93' lang='lat' dir='ltr'>ut</span> <span class='ocrx_word' id='word_1_317' title='bbox 859 2807 1133 2875; x_wconf 89' lang='lat' dir='ltr'>prompto</span> <span class='ocrx_word' id='word_1_318' title='bbox 1154 2802 1355 2857; x_wconf 89' lang='lat' dir='ltr'>animo</span> <span class='ocrx_word' id='word_1_319' title='bbox 1389 2800 1749 2855; x_wconf 85' lang='lat' dir='ltr'>conferrent.</span> <span class='ocrx_word' id='word_1_320' title='bbox 1775 2800 1878 2855; x_wconf 91' lang='lat' dir='ltr'>Dei</span> <span class='ocrx_word' id='word_1_321' title='bbox 1912 2805 2113 2855; x_wconf 87' lang='lat' dir='ltr'>autem</span> 
     </span>
    </p>
   </div>
   <div class='ocr_carea' id='block_1_45' title="bbox 462 2889 2118 2970">
    <p class='ocr_par' dir='ltr' id='par_1_45' title="bbox 462 2889 2118 2970">
     <span class='ocr_line' id='line_1_45' title="bbox 462 2889 2118 2970; baseline -0.007 -14"><span class='ocrx_word' id='word_1_322' title='bbox 462 2915 613 2970; x_wconf 88' lang='lat' dir='ltr'>opus</span> <span class='ocrx_word' id='word_1_323' title='bbox 643 2894 972 2965; x_wconf 82' lang='lat' dir='ltr'>dicit,quod</span> <span class='ocrx_word' id='word_1_324' title='bbox 991 2893 1186 2948; x_wconf 85' lang='lat' dir='ltr'>Titum</span> <span class='ocrx_word' id='word_1_325' title='bbox 1209 2890 1284 2947; x_wconf 92' lang='lat' dir='ltr'><strong>ad</strong></span> <span class='ocrx_word' id='word_1_326' title='bbox 1314 2890 1426 2946; x_wconf 90' lang='lat' dir='ltr'>hoc</span> <span class='ocrx_word' id='word_1_327' title='bbox 1449 2889 1791 2945; x_wconf 82' lang='lat' dir='ltr'>excitaverit</span> <span class='ocrx_word' id='word_1_328' title='bbox 1816 2908 1828 2943; x_wconf 87' lang='lat'>:</span> <span class='ocrx_word' id='word_1_329' title='bbox 1856 2905 1924 2944; x_wconf 93' lang='lat' dir='ltr'>eo</span> <span class='ocrx_word' id='word_1_330' title='bbox 1940 2890 2118 2945; x_wconf 90' lang='lat' dir='ltr'>modo</span> 
     </span>
    </p>
   </div>
   <div class='ocr_carea' id='block_1_46' title="bbox 464 2978 2118 3055">
    <p class='ocr_par' dir='ltr' id='par_1_46' title="bbox 464 2978 2118 3055">
     <span class='ocr_line' id='line_1_46' title="bbox 464 2978 2118 3055; baseline -0.008 -9"><span class='ocrx_word' id='word_1_331' title='bbox 464 2986 876 3046; x_wconf 72' lang='lat' dir='ltr'>auctoritatem</span> <span class='ocrx_word' id='word_1_332' title='bbox 917 2988 975 3039; x_wconf 88' lang='lat' dir='ltr'>et</span> <span class='ocrx_word' id='word_1_333' title='bbox 1031 2981 1374 3055; x_wconf 82' lang='lat' dir='ltr'>gravitatem</span> <span class='ocrx_word' id='word_1_334' title='bbox 1406 2978 1631 3034; x_wconf 90' lang='lat' dir='ltr'>addens</span> <span class='ocrx_word' id='word_1_335' title='bbox 1654 2978 2118 3047; x_wconf 80' lang='lat' dir='ltr'>contributioni;</span> 
     </span>
    </p>
   </div>
   <div class='ocr_carea' id='block_1_47' title="bbox 464 3070 2119 3147">
    <p class='ocr_par' dir='ltr' id='par_1_47' title="bbox 464 3070 2119 3147">
     <span class='ocr_line' id='line_1_47' title="bbox 464 3070 2119 3147; baseline -0.007 -10"><span class='ocrx_word' id='word_1_336' title='bbox 464 3081 580 3137; x_wconf 90' lang='lat' dir='ltr'><strong>nisi</strong></span> <span class='ocrx_word' id='word_1_337' title='bbox 612 3077 773 3135; x_wconf 90' lang='lat' dir='ltr'>enim</span> <span class='ocrx_word' id='word_1_338' title='bbox 802 3090 1084 3147; x_wconf 81' lang='lat' dir='ltr'>magnum</span> <span class='ocrx_word' id='word_1_339' title='bbox 1125 3071 1361 3143; x_wconf 67' lang='lat' dir='ltr'>aliquid</span> <span class='ocrx_word' id='word_1_340' title='bbox 1411 3075 1585 3135; x_wconf 89' lang='lat' dir='ltr'>esset,</span> <span class='ocrx_word' id='word_1_341' title='bbox 1636 3086 2013 3142; x_wconf 88' lang='lat' dir='ltr'><strong>nequaquam</strong></span> <span class='ocrx_word' id='word_1_342' title='bbox 2045 3070 2119 3126; x_wconf 88' lang='lat' dir='ltr'>ad</span> 
     </span>
    </p>
   </div>
   <div class='ocr_carea' id='block_1_48' title="bbox 463 3160 2120 3227">
    <p class='ocr_par' dir='ltr' id='par_1_48' title="bbox 463 3160 2120 3227">
     <span class='ocr_line' id='line_1_48' title="bbox 463 3160 2120 3227; baseline -0.008 0"><span class='ocrx_word' id='word_1_343' title='bbox 463 3171 525 3227; x_wconf 92' lang='lat' dir='ltr'>id</span> <span class='ocrx_word' id='word_1_344' title='bbox 549 3169 833 3226; x_wconf 87' lang='lat' dir='ltr'>excitatus</span> <span class='ocrx_word' id='word_1_345' title='bbox 865 3182 900 3221; x_wconf 89' lang='lat' dir='ltr'><strong>a</strong></span> <span class='ocrx_word' id='word_1_346' title='bbox 929 3166 1046 3220; x_wconf 91' lang='lat' dir='ltr'>Deo</span> <span class='ocrx_word' id='word_1_347' title='bbox 1079 3167 1255 3217; x_wconf 83' lang='lat' dir='ltr'>esset.</span> <span class='ocrx_word' id='word_1_348' title='bbox 1288 3183 1316 3211; x_wconf 86' lang='lat'>«</span> <span class='ocrx_word' id='word_1_349' title='bbox 1350 3160 1459 3225; x_wconf 90' lang='lat' dir='ltr'>Qui</span> <span class='ocrx_word' id='word_1_350' title='bbox 1504 3160 1978 3215; x_wconf 80' lang='lat' dir='ltr'>exhortationem</span> <span class='ocrx_word' id='word_1_351' title='bbox 2026 3176 2120 3214; x_wconf 86' lang='lat' dir='ltr'>ac-</span> 
     </span>
    </p>
   </div>
   <div class='ocr_carea' id='block_1_49' title="bbox 465 3250 2125 3330">
    <p class='ocr_par' dir='ltr' id='par_1_49' title="bbox 465 3250 2125 3330">
     <span class='ocr_line' id='line_1_49' title="bbox 465 3250 2125 3330; baseline -0.004 -21"><span class='ocrx_word' id='word_1_352' title='bbox 465 3258 712 3330; x_wconf 89' lang='lat' dir='ltr'>ceperit.</span> <span class='ocrx_word' id='word_1_353' title='bbox 746 3276 773 3305; x_wconf 78' lang='lat'><strong>»</strong></span> <span class='ocrx_word' id='word_1_354' title='bbox 822 3254 976 3310; x_wconf 67' lang='lat'>608</span> <span class='ocrx_word' id='word_1_355' title='bbox 1008 3255 1079 3307; x_wconf 89' lang='lat' dir='ltr'>Et</span> <span class='ocrx_word' id='word_1_356' title='bbox 1107 3250 1287 3316; x_wconf 92' lang='lat' dir='ltr'>unde,</span> <span class='ocrx_word' id='word_1_357' title='bbox 1339 3250 1554 3320; x_wconf 88' lang='lat' dir='ltr'>inquit,</span> <span class='ocrx_word' id='word_1_358' title='bbox 1604 3250 1989 3305; x_wconf 82' lang='lat' dir='ltr'>manifestum</span> <span class='ocrx_word' id='word_1_359' title='bbox 2035 3254 2125 3303; x_wconf 90' lang='lat' dir='ltr'>est</span> 
     </span>
    </p>
   </div>
   <div class='ocr_carea' id='block_1_50' title="bbox 2228 2082 3779 2162">
    <p class='ocr_par' dir='ltr' id='par_1_50' title="bbox 2228 2082 3779 2162">
     <span class='ocr_line' id='line_1_50' title="bbox 2228 2082 3779 2162; baseline -0.001 -22"><span class='ocrx_word' id='word_1_360' title='bbox 2228 2086 2361 2161; x_wconf 77' lang='grc' dir='ltr'>ὑπὲρ</span> <span class='ocrx_word' id='word_1_361' title='bbox 2391 2086 2544 2160; x_wconf 80' lang='grc' dir='ltr'>ὑμῶν</span> <span class='ocrx_word' id='word_1_362' title='bbox 2573 2088 2624 2142; x_wconf 81' lang='grc' dir='ltr'>ἐν</span> <span class='ocrx_word' id='word_1_363' title='bbox 2645 2090 2713 2162; x_wconf 74' lang='grc' dir='ltr'>τῇ</span> <span class='ocrx_word' id='word_1_364' title='bbox 2743 2084 2944 2161; x_wconf 84' lang='grc' dir='ltr'>καρδίᾳ</span> <span class='ocrx_word' id='word_1_365' title='bbox 2960 2086 3246 2156; x_wconf 73' lang='grc' dir='ltr'>Τίτου,δτι</span> <span class='ocrx_word' id='word_1_366' title='bbox 3276 2088 3377 2155; x_wconf 72' lang='grc' dir='ltr'>τὴν</span> <span class='ocrx_word' id='word_1_367' title='bbox 3399 2086 3488 2159; x_wconf 72' lang='grc' dir='ltr'>μὲν</span> <span class='ocrx_word' id='word_1_368' title='bbox 3515 2082 3779 2158; x_wconf 77' lang='grc' dir='ltr'>παράκλησιν</span> 
     </span>
    </p>
   </div>
   <div class='ocr_carea' id='block_1_51' title="bbox 2222 2172 3781 2257">
    <p class='ocr_par' dir='ltr' id='par_1_51' title="bbox 2222 2172 3781 2257">
     <span class='ocr_line' id='line_1_51' title="bbox 2222 2172 3781 2257; baseline -0.002 -27"><span class='ocrx_word' id='word_1_369' title='bbox 2222 2172 2454 2246; x_wconf 78' lang='grc' dir='ltr'>ἐδέξατο.</span> <span class='ocrx_word' id='word_1_370' title='bbox 2490 2174 2924 2252; x_wconf 73' lang='grc' dir='ltr'>Σπουδιιότερος</span> <span class='ocrx_word' id='word_1_371' title='bbox 2958 2175 3015 2233; x_wconf 72' lang='grc' dir='ltr'>δὲ</span> <span class='ocrx_word' id='word_1_372' title='bbox 3048 2177 3314 2257; x_wconf 81' lang='grc' dir='ltr'>ὑπάρχων</span> <span class='ocrx_word' id='word_1_373' title='bbox 3344 2175 3624 2251; x_wconf 75' lang='grc' dir='ltr'>αὐθαίρετος</span> <span class='ocrx_word' id='word_1_374' title='bbox 3646 2172 3781 2244; x_wconf 74' lang='grc' dir='ltr'>ἐξῆλθε</span> 
     </span>
    </p>
   </div>
   <div class='ocr_carea' id='block_1_52' title="bbox 2222 2261 3781 2341">
    <p class='ocr_par' dir='ltr' id='par_1_52' title="bbox 2222 2261 3781 2341">
     <span class='ocr_line' id='line_1_52' title="bbox 2222 2261 3781 2341; baseline -0.003 -22"><span class='ocrx_word' id='word_1_375' title='bbox 2222 2266 2360 2340; x_wconf 86' lang='grc' dir='ltr'>πρὸς</span> <span class='ocrx_word' id='word_1_376' title='bbox 2394 2266 2557 2339; x_wconf 77' lang='grc' dir='ltr'>ὑμᾶς.</span> <span class='ocrx_word' id='word_1_377' title='bbox 2595 2266 3020 2341; x_wconf 72' lang='grc' dir='ltr'>Συνεπέμψαμεν</span> <span class='ocrx_word' id='word_1_378' title='bbox 3054 2264 3112 2323; x_wconf 70' lang='grc' dir='ltr'>δὲ</span> <span class='ocrx_word' id='word_1_379' title='bbox 3146 2269 3266 2340; x_wconf 81' lang='grc' dir='ltr'>μετ’</span> <span class='ocrx_word' id='word_1_380' title='bbox 3300 2265 3460 2322; x_wconf 76' lang='grc' dir='ltr'>αὐτοῦ</span> <span class='ocrx_word' id='word_1_381' title='bbox 3483 2266 3564 2320; x_wconf 86' lang='grc' dir='ltr'>τὸν</span> <span class='ocrx_word' id='word_1_382' title='bbox 3590 2261 3781 2339; x_wconf 61' lang='grc' dir='ltr'>ἀδελφὸν,</span> 
     </span>
    </p>
   </div>
   <div class='ocr_carea' id='block_1_53' title="bbox 2225 2351 3779 2433">
    <p class='ocr_par' dir='ltr' id='par_1_53' title="bbox 2225 2351 3779 2433">
     <span class='ocr_line' id='line_1_53' title="bbox 2225 2351 3779 2433; baseline -0.003 -24"><span class='ocrx_word' id='word_1_383' title='bbox 2225 2355 2287 2409; x_wconf 83' lang='grc' dir='ltr'>οὗ</span> <span class='ocrx_word' id='word_1_384' title='bbox 2347 2356 2376 2410; x_wconf 91' lang='lat'>6</span> <span class='ocrx_word' id='word_1_385' title='bbox 2435 2351 2655 2419; x_wconf 79' lang='grc' dir='ltr'>ἔπαινος</span> <span class='ocrx_word' id='word_1_386' title='bbox 2719 2354 2771 2412; x_wconf 69' lang='grc' dir='ltr'>ἰν</span> <span class='ocrx_word' id='word_1_387' title='bbox 2825 2360 2905 2428; x_wconf 77' lang='grc' dir='ltr'>τῷ</span> <span class='ocrx_word' id='word_1_388' title='bbox 2962 2353 3297 2433; x_wconf 78' lang='grc' dir='ltr'>Εὗαγγελῖῳ</span> <span class='ocrx_word' id='word_1_389' title='bbox 3371 2352 3457 2410; x_wconf 78' lang='grc' dir='ltr'>διὰ</span> <span class='ocrx_word' id='word_1_390' title='bbox 3519 2358 3669 2409; x_wconf 78' lang='grc' dir='ltr'>πασῶν</span> <span class='ocrx_word' id='word_1_391' title='bbox 3707 2354 3779 2405; x_wconf 72' lang='grc' dir='ltr'>τῶν</span> 
     </span>
    </p>
   </div>
   <div class='ocr_carea' id='block_1_54' title="bbox 2226 2443 2590 2515">
    <p class='ocr_par' dir='ltr' id='par_1_54' title="bbox 2226 2443 2590 2515">
     <span class='ocr_line' id='line_1_54' title="bbox 2226 2443 2590 2515; baseline -0.008 -14"><span class='ocrx_word' id='word_1_392' title='bbox 2226 2443 2590 2515; x_wconf 84' lang='grc' dir='ltr'>Ἐκκλησιῶν.</span> 
     </span>
    </p>
   </div>
   <div class='ocr_carea' id='block_1_55' title="bbox 2298 2532 3777 2613">
    <p class='ocr_par' dir='ltr' id='par_1_55' title="bbox 2298 2532 3777 2613">
     <span class='ocr_line' id='line_1_55' title="bbox 2298 2532 3777 2613; baseline -0.003 -22"><span class='ocrx_word' id='word_1_393' title='bbox 2298 2534 2619 2612; x_wconf 80' lang='grc' dir='ltr'>Διαλεχθεὶς</span> <span class='ocrx_word' id='word_1_394' title='bbox 2649 2538 2771 2613; x_wconf 83' lang='grc' dir='ltr'>περὶ</span> <span class='ocrx_word' id='word_1_395' title='bbox 2829 2536 3207 2612; x_wconf 76' lang='grc' dir='ltr'>ἐλεημοσύνης</span> <span class='ocrx_word' id='word_1_396' title='bbox 3278 2537 3376 2593; x_wconf 77' lang='grc' dir='ltr'>ὅσα</span> <span class='ocrx_word' id='word_1_397' title='bbox 3429 2536 3595 2612; x_wconf 75' lang='grc' dir='ltr'>ἐχρῆν,</span> <span class='ocrx_word' id='word_1_398' title='bbox 3641 2532 3777 2588; x_wconf 77' lang='grc' dir='ltr'>λοιπὸν</span> 
     </span>
    </p>
   </div>
   <div class='ocr_carea' id='block_1_56' title="bbox 2226 2624 3778 2700">
    <p class='ocr_par' dir='ltr' id='par_1_56' title="bbox 2226 2624 3778 2700">
     <span class='ocr_line' id='line_1_56' title="bbox 2226 2624 3778 2700; baseline -0.006 -19"><span class='ocrx_word' id='word_1_399' title='bbox 2226 2624 2431 2681; x_wconf 71' lang='grc' dir='ltr'>ἐπαινεῖ</span> <span class='ocrx_word' id='word_1_400' title='bbox 2454 2626 2584 2690; x_wconf 80' lang='grc' dir='ltr'>τοὺς</span> <span class='ocrx_word' id='word_1_401' title='bbox 2615 2626 2702 2682; x_wconf 80' lang='grc' dir='ltr'>ἐπὶ</span> <span class='ocrx_word' id='word_1_402' title='bbox 2731 2628 2910 2700; x_wconf 80' lang='grc' dir='ltr'>τούτῳ</span> <span class='ocrx_word' id='word_1_403' title='bbox 2967 2626 3401 2697; x_wconf 67' lang='grc' dir='ltr'>ἀποσταλέντας,</span> <span class='ocrx_word' id='word_1_404' title='bbox 3425 2625 3511 2681; x_wconf 79' lang='grc' dir='ltr'>’ἱνα</span> <span class='ocrx_word' id='word_1_405' title='bbox 3562 2624 3778 2679; x_wconf 73' lang='grc' dir='ltr'>ἀνύποπτοι</span> 
     </span>
    </p>
   </div>
   <div class='ocr_carea' id='block_1_57' title="bbox 2225 2715 3776 2792">
    <p class='ocr_par' dir='ltr' id='par_1_57' title="bbox 2225 2715 3776 2792">
     <span class='ocr_line' id='line_1_57' title="bbox 2225 2715 3776 2792; baseline -0.004 -21"><span class='ocrx_word' id='word_1_406' title='bbox 2225 2716 2532 2791; x_wconf 83' lang='grc' dir='ltr'>γενόμενοι,</span> <span class='ocrx_word' id='word_1_407' title='bbox 2570 2715 2785 2789; x_wconf 79' lang='grc' dir='ltr'>μᾶλλον</span> <span class='ocrx_word' id='word_1_408' title='bbox 2825 2717 2902 2779; x_wconf 82' lang='grc' dir='ltr'>εἷς</span> <span class='ocrx_word' id='word_1_409' title='bbox 2940 2718 3263 2792; x_wconf 73' lang='grc' dir='ltr'>προθυμίαν</span> <span class='ocrx_word' id='word_1_410' title='bbox 3322 2716 3505 2778; x_wconf 78' lang='grc' dir='ltr'>αὐτοὺς</span> <span class='ocrx_word' id='word_1_411' title='bbox 3552 2725 3776 2780; x_wconf 73' lang='grc' dir='ltr'>συνεισενεγ-</span> 
     </span>
    </p>
   </div>
   <div class='ocr_carea' id='block_1_58' title="bbox 2225 2800 3763 2880">
    <p class='ocr_par' dir='ltr' id='par_1_58' title="bbox 2225 2800 3763 2880">
     <span class='ocr_line' id='line_1_58' title="bbox 2225 2800 3763 2880; baseline -0.001 -22"><span class='ocrx_word' id='word_1_412' title='bbox 2225 2808 2339 2858; x_wconf 85' lang='grc' dir='ltr'>κεῖν</span> <span class='ocrx_word' id='word_1_413' title='bbox 2371 2802 2618 2880; x_wconf 81' lang='grc' dir='ltr'>ὲνάγωσι.</span> <span class='ocrx_word' id='word_1_414' title='bbox 2658 2809 2795 2860; x_wconf 77' lang='grc' dir='ltr'>Θεοῦ</span> <span class='ocrx_word' id='word_1_415' title='bbox 2857 2802 2915 2860; x_wconf 72' lang='grc' dir='ltr'>δὲ</span> <span class='ocrx_word' id='word_1_416' title='bbox 2977 2805 3128 2879; x_wconf 82' lang='grc' dir='ltr'>λέγει</span> <span class='ocrx_word' id='word_1_417' title='bbox 3186 2803 3375 2880; x_wconf 78' lang='grc' dir='ltr'>ἔργον,</span> <span class='ocrx_word' id='word_1_418' title='bbox 3426 2804 3485 2860; x_wconf 88' lang='grc' dir='ltr'>τὸ</span> <span class='ocrx_word' id='word_1_419' title='bbox 3533 2800 3763 2877; x_wconf 75' lang='grc' dir='ltr'>διεγερθῆναι</span> 
     </span>
    </p>
   </div>
   <div class='ocr_carea' id='block_1_59' title="bbox 2228 2887 3753 2969">
    <p class='ocr_par' dir='ltr' id='par_1_59' title="bbox 2228 2887 3753 2969">
     <span class='ocr_line' id='line_1_59' title="bbox 2228 2887 3753 2969; baseline -0.007 -23"><span class='ocrx_word' id='word_1_420' title='bbox 2228 2891 2392 2951; x_wconf 83' lang='grc' dir='ltr'>Τίτον</span> <span class='ocrx_word' id='word_1_421' title='bbox 2427 2893 2503 2955; x_wconf 83' lang='grc' dir='ltr'>εἰς</span> <span class='ocrx_word' id='word_1_422' title='bbox 2542 2898 2728 2964; x_wconf 77' lang='grc' dir='ltr'>τοῦτο,</span> <span class='ocrx_word' id='word_1_423' title='bbox 2761 2893 2941 2967; x_wconf 67' lang='grc' dir='ltr'>τούτῳ</span> <span class='ocrx_word' id='word_1_424' title='bbox 2985 2899 3067 2967; x_wconf 78' lang='grc' dir='ltr'>τῷ</span> <span class='ocrx_word' id='word_1_425' title='bbox 3124 2895 3321 2969; x_wconf 84' lang='grc' dir='ltr'>τρόπῳ</span> <span class='ocrx_word' id='word_1_426' title='bbox 3376 2893 3621 2965; x_wconf 79' lang='grc' dir='ltr'>ἀξιόπιστον</span> <span class='ocrx_word' id='word_1_427' title='bbox 3639 2887 3753 2940; x_wconf 72' lang='grc' dir='ltr'>ποιῶν</span> 
     </span>
    </p>
   </div>
   <div class='ocr_carea' id='block_1_60' title="bbox 2226 2974 3757 3059">
    <p class='ocr_par' dir='ltr' id='par_1_60' title="bbox 2226 2974 3757 3059">
     <span class='ocr_line' id='line_1_60' title="bbox 2226 2974 3757 3059; baseline -0.006 -24"><span class='ocrx_word' id='word_1_428' title='bbox 2226 2984 2325 3049; x_wconf 68' lang='grc' dir='ltr'>τήν</span> <span class='ocrx_word' id='word_1_429' title='bbox 2361 2980 2530 3038; x_wconf 72' lang='grc' dir='ltr'>δόσιν.</span> <span class='ocrx_word' id='word_1_430' title='bbox 2559 2984 2622 3040; x_wconf 75' lang='grc' dir='ltr'>Εἰ</span> <span class='ocrx_word' id='word_1_431' title='bbox 2680 2984 2786 3059; x_wconf 82' lang='grc' dir='ltr'>γὰρ</span> <span class='ocrx_word' id='word_1_432' title='bbox 2846 2985 2923 3057; x_wconf 80' lang='grc' dir='ltr'>μὴ</span> <span class='ocrx_word' id='word_1_433' title='bbox 2987 2983 3127 3058; x_wconf 75' lang='grc' dir='ltr'>μέγα</span> <span class='ocrx_word' id='word_1_434' title='bbox 3191 2986 3286 3055; x_wconf 79' lang='grc' dir='ltr'>ἦν,</span> <span class='ocrx_word' id='word_1_435' title='bbox 3350 2984 3450 3040; x_wconf 78' lang='grc' dir='ltr'>οὐκ</span> <span class='ocrx_word' id='word_1_436' title='bbox 3478 2982 3521 3037; x_wconf 75' lang='grc' dir='ltr'>ἂν</span> <span class='ocrx_word' id='word_1_437' title='bbox 3558 2978 3630 3032; x_wconf 73' lang='grc' dir='ltr'>ἀπὸ</span> <span class='ocrx_word' id='word_1_438' title='bbox 3668 2974 3757 3027; x_wconf 67' lang='grc' dir='ltr'>ϐιῶ</span> 
     </span>
    </p>
   </div>
   <div class='ocr_carea' id='block_1_61' title="bbox 2230 3061 3766 3150">
    <p class='ocr_par' dir='ltr' id='par_1_61' title="bbox 2230 3061 3766 3150">
     <span class='ocr_line' id='line_1_61' title="bbox 2230 3061 3766 3150; baseline -0.001 -25"><span class='ocrx_word' id='word_1_439' title='bbox 2230 3072 2367 3145; x_wconf 88' lang='grc' dir='ltr'>πρὸς</span> <span class='ocrx_word' id='word_1_440' title='bbox 2412 3076 2575 3127; x_wconf 82' lang='grc' dir='ltr'>τοῦτο</span> <span class='ocrx_word' id='word_1_441' title='bbox 2634 3069 2926 3150; x_wconf 78' lang='grc' dir='ltr'>διηγὲροη.</span> <span class='ocrx_word' id='word_1_442' title='bbox 2962 3096 2990 3126; x_wconf 81' lang='grc' dir='ltr'>ι(</span> <span class='ocrx_word' id='word_1_443' title='bbox 3048 3074 3175 3131; x_wconf 79' lang='grc' dir='ltr'>’Ὁτι</span> <span class='ocrx_word' id='word_1_444' title='bbox 3223 3076 3331 3143; x_wconf 76' lang='grc' dir='ltr'>τήν</span> <span class='ocrx_word' id='word_1_445' title='bbox 3392 3072 3481 3147; x_wconf 81' lang='grc' dir='ltr'>μὶν</span> <span class='ocrx_word' id='word_1_446' title='bbox 3534 3061 3766 3141; x_wconf 60' lang='grc' dir='ltr'>παράκλησιν</span> 
     </span>
    </p>
   </div>
   <div class='ocr_carea' id='block_1_62' title="bbox 2230 3155 3780 3241">
    <p class='ocr_par' dir='ltr' id='par_1_62' title="bbox 2230 3155 3780 3241">
     <span class='ocr_line' id='line_1_62' title="bbox 2230 3155 3780 3241; baseline -0.001 -26"><span class='ocrx_word' id='word_1_447' title='bbox 2230 3158 2465 3233; x_wconf 71' lang='grc' dir='ltr'>ἐδέξατο.</span> <span class='ocrx_word' id='word_1_448' title='bbox 2504 3184 2533 3212; x_wconf 87' lang='grc'><strong>››</strong></span> <span class='ocrx_word' id='word_1_449' title='bbox 2566 3160 2669 3217; x_wconf 81' lang='grc' dir='ltr'>Καὶ</span> <span class='ocrx_word' id='word_1_450' title='bbox 2710 3163 2874 3225; x_wconf 83' lang='grc' dir='ltr'>πόθεν</span> <span class='ocrx_word' id='word_1_451' title='bbox 2909 3159 3099 3231; x_wconf 81' lang='grc' dir='ltr'>δῆλον,</span> <span class='ocrx_word' id='word_1_452' title='bbox 3128 3163 3325 3241; x_wconf 72' lang='grc' dir='ltr'>φησὶν,</span> <span class='ocrx_word' id='word_1_453' title='bbox 3366 3163 3447 3218; x_wconf 81' lang='grc' dir='ltr'>’ὁτι</span> <span class='ocrx_word' id='word_1_454' title='bbox 3497 3161 3521 3214; x_wconf 86' lang='grc' dir='ltr'>ὁ</span> <span class='ocrx_word' id='word_1_455' title='bbox 3576 3155 3780 3223; x_wconf 61' lang='grc' dir='ltr'>Θεὸςπρεν</span> 
     </span>
    </p>
   </div>
   <div class='ocr_carea' id='block_1_63' title="bbox 2233 3239 3783 3325">
    <p class='ocr_par' dir='ltr' id='par_1_63' title="bbox 2233 3239 3783 3325">
     <span class='ocr_line' id='line_1_63' title="bbox 2233 3239 3783 3325; baseline 0.003 -20"><span class='ocrx_word' id='word_1_456' title='bbox 2233 3249 2423 3325; x_wconf 70' lang='grc' dir='ltr'>ἔτρεψε</span> <span class='ocrx_word' id='word_1_457' title='bbox 2453 3249 2544 3305; x_wconf 90' lang='grc' dir='ltr'>τὸν</span> <span class='ocrx_word' id='word_1_458' title='bbox 2576 3250 2775 3320; x_wconf 73' lang='grc' dir='ltr'>Τίτονς</span> <span class='ocrx_word' id='word_1_459' title='bbox 2811 3252 2979 3314; x_wconf 82' lang='grc' dir='ltr'>Πόθεν</span> <span class='ocrx_word' id='word_1_460' title='bbox 3011 3272 3026 3321; x_wconf 85' lang='lat'><strong>;</strong></span> <span class='ocrx_word' id='word_1_461' title='bbox 3058 3239 3182 3308; x_wconf 77' lang='grc' dir='ltr'>’Ὁτι</span> <span class='ocrx_word' id='word_1_462' title='bbox 3215 3255 3320 3322; x_wconf 83' lang='grc' dir='ltr'>τήν</span> <span class='ocrx_word' id='word_1_463' title='bbox 3393 3252 3482 3325; x_wconf 73' lang='grc' dir='ltr'>μὲν</span> <span class='ocrx_word' id='word_1_464' title='bbox 3530 3239 3783 3320; x_wconf 73' lang='grc' dir='ltr'>παράκλησιν</span> 
     </span>
    </p>
   </div>
   <div class='ocr_carea' id='block_1_64' title="bbox 466 3325 2115 3417">
    <p class='ocr_par' dir='ltr' id='par_1_64' title="bbox 466 3325 2115 3417">
     <span class='ocr_line' id='line_1_64' title="bbox 466 3325 2115 3417; baseline -0.007 -15"><span class='ocrx_word' id='word_1_465' title='bbox 466 3325 631 3417; x_wconf 73' lang='lat' dir='ltr'>quod</span> <span class='ocrx_word' id='word_1_466' title='bbox 660 3346 816 3399; x_wconf 89' lang='lat' dir='ltr'>Deus</span> <span class='ocrx_word' id='word_1_467' title='bbox 845 3341 1037 3395; x_wconf 83' lang='lat' dir='ltr'>Titum</span> <span class='ocrx_word' id='word_1_468' title='bbox 1064 3338 1444 3395; x_wconf 89' lang='lat' dir='ltr'>admonuerit</span> <span class='ocrx_word' id='word_1_469' title='bbox 1464 3336 1488 3391; x_wconf 77' lang='lat'>‘2</span> <span class='ocrx_word' id='word_1_470' title='bbox 1508 3336 1672 3393; x_wconf 90' lang='lat' dir='ltr'>Unde</span> <span class='ocrx_word' id='word_1_471' title='bbox 1694 3337 1721 3392; x_wconf 81' lang='lat' dir='ltr'>‘I</span> <span class='ocrx_word' id='word_1_472' title='bbox 1740 3338 1888 3402; x_wconf 89' lang='lat' dir='ltr'>Quia</span> <span class='ocrx_word' id='word_1_473' title='bbox 1907 3337 2115 3392; x_wconf 85' lang='lat' dir='ltr'>exhor-</span> 
     </span>
    </p>
   </div>
   <div class='ocr_carea' id='block_1_65' title="bbox 2226 3325 3789 3417">
    <p class='ocr_par' dir='ltr' id='par_1_65' title="bbox 2231 3325 3789 3417">
     <span class='ocr_line' id='line_1_65' title="bbox 2231 3325 3789 3417; baseline 0.004 -23"><span class='ocrx_word' id='word_1_474' title='bbox 2231 3337 2470 3412; x_wconf 65' lang='grc' dir='ltr'>ἐδέξατο,</span> <span class='ocrx_word' id='word_1_475' title='bbox 2499 3341 2746 3396; x_wconf 69' lang='grc' dir='ltr'>τουτέστι</span> <span class='ocrx_word' id='word_1_476' title='bbox 2773 3339 3093 3416; x_wconf 67' lang='grc' dir='ltr'>παρεκλήθη</span> <span class='ocrx_word' id='word_1_477' title='bbox 3131 3342 3226 3414; x_wconf 76' lang='grc' dir='ltr'>μὲν</span> <span class='ocrx_word' id='word_1_478' title='bbox 3257 3344 3385 3417; x_wconf 89' lang='grc' dir='ltr'>παρ’</span> <span class='ocrx_word' id='word_1_479' title='bbox 3413 3339 3559 3415; x_wconf 79' lang='grc' dir='ltr'>ἐμοῦ,</span> <span class='ocrx_word' id='word_1_480' title='bbox 3594 3332 3708 3400; x_wconf 48' lang='lat' dir='ltr'>RH.&quot;</span> <span class='ocrx_word' id='word_1_481' title='bbox 3727 3325 3789 3381; x_wconf 61' lang='grc' dir='ltr'>καὶ</span> 
     </span>
    </p>
   </div>
   <div class='ocr_carea' id='block_1_66' title="bbox 462 3426 2108 3503">
    <p class='ocr_par' dir='ltr' id='par_1_66' title="bbox 462 3426 2108 3503">
     <span class='ocr_line' id='line_1_66' title="bbox 462 3426 2108 3503; baseline -0.007 -10"><span class='ocrx_word' id='word_1_482' title='bbox 462 3437 753 3495; x_wconf 86' lang='lat' dir='ltr'>tationem</span> <span class='ocrx_word' id='word_1_483' title='bbox 784 3431 1026 3503; x_wconf 87' lang='lat' dir='ltr'>quidem</span> <span class='ocrx_word' id='word_1_484' title='bbox 1058 3429 1340 3499; x_wconf 89' lang='lat' dir='ltr'>suscepit,</span> <span class='ocrx_word' id='word_1_485' title='bbox 1380 3428 1491 3483; x_wconf 90' lang='lat' dir='ltr'>hoc</span> <span class='ocrx_word' id='word_1_486' title='bbox 1536 3433 1642 3492; x_wconf 87' lang='lat' dir='ltr'>est,</span> <span class='ocrx_word' id='word_1_487' title='bbox 1676 3443 1712 3482; x_wconf 88' lang='lat' dir='ltr'><strong>a</strong></span> <span class='ocrx_word' id='word_1_488' title='bbox 1741 3443 1834 3482; x_wconf 92' lang='lat' dir='ltr'>me</span> <span class='ocrx_word' id='word_1_489' title='bbox 1866 3426 2108 3497; x_wconf 91' lang='lat' dir='ltr'>quidem</span> 
     </span>
    </p>
   </div>
   <div class='ocr_carea' id='block_1_67' title="bbox 466 3515 2111 3585">
    <p class='ocr_par' dir='ltr' id='par_1_67' title="bbox 466 3515 2111 3585">
     <span class='ocr_line' id='line_1_67' title="bbox 466 3515 2111 3585; baseline -0.007 -4"><span class='ocrx_word' id='word_1_490' title='bbox 466 3523 808 3582; x_wconf 90' lang='lat' dir='ltr'>admonitus</span> <span class='ocrx_word' id='word_1_491' title='bbox 852 3524 959 3585; x_wconf 89' lang='lat' dir='ltr'>est,</span> <span class='ocrx_word' id='word_1_492' title='bbox 992 3534 1195 3572; x_wconf 89' lang='lat' dir='ltr'>verum</span> <span class='ocrx_word' id='word_1_493' title='bbox 1248 3516 1397 3571; x_wconf 90' lang='lat' dir='ltr'>illud</span> <span class='ocrx_word' id='word_1_494' title='bbox 1428 3531 1662 3585; x_wconf 92' lang='lat' dir='ltr'><strong>quoque</strong></span> <span class='ocrx_word' id='word_1_495' title='bbox 1701 3515 1861 3570; x_wconf 91' lang='lat' dir='ltr'>intus</span> <span class='ocrx_word' id='word_1_496' title='bbox 1891 3515 1966 3569; x_wconf 90' lang='lat' dir='ltr'>ad</span> <span class='ocrx_word' id='word_1_497' title='bbox 1997 3516 2111 3570; x_wconf 88' lang='lat' dir='ltr'>hoc</span> 
     </span>
    </p>
   </div>
   <div class='ocr_carea' id='block_1_68' title="bbox 466 3603 2116 3686">
    <p class='ocr_par' dir='ltr' id='par_1_68' title="bbox 466 3603 2116 3686">
     <span class='ocr_line' id='line_1_68' title="bbox 466 3603 2116 3686; baseline -0.008 -16"><span class='ocrx_word' id='word_1_498' title='bbox 466 3610 832 3686; x_wconf 87' lang='lat' dir='ltr'>impellebat.</span> <span class='ocrx_word' id='word_1_499' title='bbox 865 3607 1003 3663; x_wconf 87' lang='lat' dir='ltr'>Ideo</span> <span class='ocrx_word' id='word_1_500' title='bbox 1034 3607 1214 3662; x_wconf 88' lang='lat' dir='ltr'>etiam</span> <span class='ocrx_word' id='word_1_501' title='bbox 1246 3605 1433 3661; x_wconf 82' lang='lat' dir='ltr'>factus</span> <span class='ocrx_word' id='word_1_502' title='bbox 1466 3603 1809 3675; x_wconf 81' lang='lat' dir='ltr'>diligentior</span> <span class='ocrx_word' id='word_1_503' title='bbox 1832 3620 2010 3674; x_wconf 89' lang='lat' dir='ltr'><strong>quam</strong></span> <span class='ocrx_word' id='word_1_504' title='bbox 2041 3620 2116 3658; x_wconf 77' lang='lat' dir='ltr'>ex.</span> 
     </span>
    </p>
   </div>
   <div class='ocr_carea' id='block_1_69' title="bbox 468 3694 2108 3766">
    <p class='ocr_par' dir='ltr' id='par_1_69' title="bbox 468 3694 2108 3766">
     <span class='ocr_line' id='line_1_69' title="bbox 468 3694 2108 3766; baseline -0.01 -3"><span class='ocrx_word' id='word_1_505' title='bbox 468 3721 604 3763; x_wconf 88' lang='lat' dir='ltr'>mea</span> <span class='ocrx_word' id='word_1_506' title='bbox 632 3703 812 3760; x_wconf 91' lang='lat' dir='ltr'>unius</span> <span class='ocrx_word' id='word_1_507' title='bbox 869 3697 1283 3755; x_wconf 87' lang='lat' dir='ltr'>adhortatione</span> <span class='ocrx_word' id='word_1_508' title='bbox 1330 3694 1561 3753; x_wconf 80' lang='lat' dir='ltr'>fuisset.</span> <span class='ocrx_word' id='word_1_509' title='bbox 1596 3710 1703 3750; x_wconf 89' lang='lat' dir='ltr'><strong>sua</strong></span> <span class='ocrx_word' id='word_1_510' title='bbox 1737 3700 1943 3766; x_wconf 89' lang='lat' dir='ltr'>sponte</span> <span class='ocrx_word' id='word_1_511' title='bbox 1976 3711 2108 3764; x_wconf 84' lang='lat' dir='ltr'>pro-</span> 
     </span>
    </p>
   </div>
   <div class='ocr_carea' id='block_1_70' title="bbox 468 3785 2111 3863">
    <p class='ocr_par' dir='ltr' id='par_1_70' title="bbox 468 3785 2111 3863">
     <span class='ocr_line' id='line_1_70' title="bbox 468 3785 2111 3863; baseline -0.012 -5"><span class='ocrx_word' id='word_1_512' title='bbox 468 3804 659 3858; x_wconf 80' lang='lat' dir='ltr'>fectus</span> <span class='ocrx_word' id='word_1_513' title='bbox 685 3801 799 3863; x_wconf 88' lang='lat' dir='ltr'>est,</span> <span class='ocrx_word' id='word_1_514' title='bbox 831 3794 942 3849; x_wconf 86' lang='lat' dir='ltr'>hoc</span> <span class='ocrx_word' id='word_1_515' title='bbox 986 3795 1093 3857; x_wconf 90' lang='lat' dir='ltr'>est,</span> <span class='ocrx_word' id='word_1_516' title='bbox 1148 3788 1301 3845; x_wconf 92' lang='lat' dir='ltr'>ultro</span> <span class='ocrx_word' id='word_1_517' title='bbox 1360 3792 1417 3842; x_wconf 91' lang='lat' dir='ltr'>et</span> <span class='ocrx_word' id='word_1_518' title='bbox 1474 3803 1581 3842; x_wconf 87' lang='lat' dir='ltr'>sua</span> <span class='ocrx_word' id='word_1_519' title='bbox 1623 3785 2111 3858; x_wconf 90' lang='lat' dir='ltr'>promptitudine.</span> 
     </span>
    </p>
   </div>
   <div class='ocr_carea' id='block_1_71' title="bbox 470 3874 2119 3950">
    <p class='ocr_par' dir='ltr' id='par_1_71' title="bbox 470 3874 2119 3950">
     <span class='ocr_line' id='line_1_71' title="bbox 470 3874 2119 3950; baseline -0.01 -4"><span class='ocrx_word' id='word_1_520' title='bbox 470 3887 794 3948; x_wconf 85' lang='lat' dir='ltr'>Considera</span> <span class='ocrx_word' id='word_1_521' title='bbox 808 3889 1005 3940; x_wconf 88' lang='lat' dir='ltr'>autem</span> <span class='ocrx_word' id='word_1_522' title='bbox 1021 3877 1376 3950; x_wconf 70' lang='lat' dir='ltr'>sapientiam</span> <span class='ocrx_word' id='word_1_523' title='bbox 1400 3893 1413 3931; x_wconf 92' lang='lat'><strong>:</strong></span> <span class='ocrx_word' id='word_1_524' title='bbox 1439 3880 1499 3932; x_wconf 89' lang='lat' dir='ltr'>et</span> <span class='ocrx_word' id='word_1_525' title='bbox 1514 3876 1618 3931; x_wconf 85' lang='lat' dir='ltr'>Dei</span> <span class='ocrx_word' id='word_1_526' title='bbox 1649 3892 1797 3947; x_wconf 92' lang='lat' dir='ltr'>opus</span> <span class='ocrx_word' id='word_1_527' title='bbox 1828 3891 1956 3930; x_wconf 89' lang='lat' dir='ltr'>esse</span> <span class='ocrx_word' id='word_1_528' title='bbox 1972 3874 2119 3930; x_wconf 88' lang='lat' dir='ltr'>dicit</span> 
     </span>
    </p>
   </div>
   <div class='ocr_carea' id='block_1_72' title="bbox 472 3964 2117 4039">
    <p class='ocr_par' dir='ltr' id='par_1_72' title="bbox 472 3964 2117 4039">
     <span class='ocr_line' id='line_1_72' title="bbox 472 3964 2117 4039; baseline -0.01 -1"><span class='ocrx_word' id='word_1_529' title='bbox 472 3980 789 4038; x_wconf 84' lang='lat' dir='ltr'>adventum</span> <span class='ocrx_word' id='word_1_530' title='bbox 808 3973 1008 4038; x_wconf 88' lang='lat' dir='ltr'>Titi,et</span> <span class='ocrx_word' id='word_1_531' title='bbox 1030 3969 1293 4039; x_wconf 87' lang='lat' dir='ltr'>seipsum</span> <span class='ocrx_word' id='word_1_532' title='bbox 1315 3967 1686 4022; x_wconf 79' lang='lat' dir='ltr'>exhortatum</span> <span class='ocrx_word' id='word_1_533' title='bbox 1705 3964 1974 4035; x_wconf 78' lang='lat' dir='ltr'>fuisse,et</span> <span class='ocrx_word' id='word_1_534' title='bbox 1990 3966 2117 4022; x_wconf 89' lang='lat' dir='ltr'>Tito</span> 
     </span>
    </p>
   </div>
   <div class='ocr_carea' id='block_1_73' title="bbox 475 4056 1672 4137">
    <p class='ocr_par' dir='ltr' id='par_1_73' title="bbox 475 4056 1672 4137">
     <span class='ocr_line' id='line_1_73' title="bbox 475 4056 1672 4137; baseline -0.012 -12"><span class='ocrx_word' id='word_1_535' title='bbox 475 4086 552 4125; x_wconf 91' lang='lat' dir='ltr'><strong>ne</strong></span> <span class='ocrx_word' id='word_1_536' title='bbox 582 4082 731 4137; x_wconf 89' lang='lat' dir='ltr'>opus</span> <span class='ocrx_word' id='word_1_537' title='bbox 761 4061 1001 4133; x_wconf 90' lang='lat' dir='ltr'>quidem</span> <span class='ocrx_word' id='word_1_538' title='bbox 1022 4057 1206 4114; x_wconf 86' lang='lat' dir='ltr'><strong>fuisse</strong></span> <span class='ocrx_word' id='word_1_539' title='bbox 1238 4056 1672 4111; x_wconf 79' lang='lat' dir='ltr'>exhortatione.</span> 
     </span>
    </p>
   </div>
   <div class='ocr_carea' id='block_1_74' title="bbox 549 4143 2117 4209">
    <p class='ocr_par' dir='ltr' id='par_1_74' title="bbox 549 4143 2117 4209">
     <span class='ocr_line' id='line_1_74' title="bbox 549 4143 2117 4209; baseline -0.006 -2"><span class='ocrx_word' id='word_1_540' title='bbox 549 4177 578 4207; x_wconf 83' lang='lat'><strong>«</strong></span> <span class='ocrx_word' id='word_1_541' title='bbox 610 4153 874 4209; x_wconf 88' lang='lat' dir='ltr'>Misimus</span> <span class='ocrx_word' id='word_1_542' title='bbox 913 4154 1111 4204; x_wconf 90' lang='lat' dir='ltr'>autem</span> <span class='ocrx_word' id='word_1_543' title='bbox 1150 4162 1272 4202; x_wconf 91' lang='lat' dir='ltr'><strong>una</strong></span> <span class='ocrx_word' id='word_1_544' title='bbox 1300 4160 1435 4199; x_wconf 91' lang='lat' dir='ltr'>cum</span> <span class='ocrx_word' id='word_1_545' title='bbox 1475 4143 1580 4199; x_wconf 91' lang='lat' dir='ltr'>illo</span> <span class='ocrx_word' id='word_1_546' title='bbox 1618 4144 1884 4200; x_wconf 88' lang='lat' dir='ltr'>fratrem.</span> <span class='ocrx_word' id='word_1_547' title='bbox 1921 4144 2117 4200; x_wconf 71' lang='grc' dir='ltr'>»Μωιὶ</span> 
     </span>
    </p>
   </div>
   <div class='ocr_carea' id='block_1_75' title="bbox 474 4233 2119 4305">
    <p class='ocr_par' dir='ltr' id='par_1_75' title="bbox 474 4233 2119 4305">
     <span class='ocr_line' id='line_1_75' title="bbox 474 4233 2119 4305; baseline -0.009 -2"><span class='ocrx_word' id='word_1_548' title='bbox 474 4247 634 4303; x_wconf 87' lang='lat' dir='ltr'>hunc</span> <span class='ocrx_word' id='word_1_549' title='bbox 655 4243 868 4299; x_wconf 86' lang='lat' dir='ltr'><strong>Lucam</strong></span> <span class='ocrx_word' id='word_1_550' title='bbox 900 4238 1082 4293; x_wconf 83' lang='lat' dir='ltr'>fuisse</span> <span class='ocrx_word' id='word_1_551' title='bbox 1105 4235 1311 4290; x_wconf 89' lang='lat' dir='ltr'>dicunt</span> <span class='ocrx_word' id='word_1_552' title='bbox 1340 4237 1582 4305; x_wconf 89' lang='lat' dir='ltr'>propter</span> <span class='ocrx_word' id='word_1_553' title='bbox 1615 4233 2015 4303; x_wconf 87' lang='lat' dir='ltr'>conscriptum</span> <span class='ocrx_word' id='word_1_554' title='bbox 2045 4234 2119 4289; x_wconf 90' lang='lat' dir='ltr'>ab</span> 
     </span>
    </p>
   </div>
   <div class='ocr_carea' id='block_1_76' title="bbox 475 4321 2121 4407">
    <p class='ocr_par' dir='ltr' id='par_1_76' title="bbox 475 4321 2121 4407">
     <span class='ocr_line' id='line_1_76' title="bbox 475 4321 2121 4407; baseline -0.01 -16"><span class='ocrx_word' id='word_1_555' title='bbox 475 4335 606 4407; x_wconf 83' lang='lat' dir='ltr'>ipso</span> <span class='ocrx_word' id='word_1_556' title='bbox 627 4327 1005 4401; x_wconf 82' lang='lat' dir='ltr'>Evangelium</span> <span class='ocrx_word' id='word_1_557' title='bbox 1030 4342 1044 4380; x_wconf 87' lang='lat'>:</span> <span class='ocrx_word' id='word_1_558' title='bbox 1068 4323 1236 4379; x_wconf 91' lang='lat' dir='ltr'>multi</span> <span class='ocrx_word' id='word_1_559' title='bbox 1266 4337 1401 4376; x_wconf 91' lang='lat' dir='ltr'>vero</span> <span class='ocrx_word' id='word_1_560' title='bbox 1440 4321 1789 4377; x_wconf 84' lang='lat' dir='ltr'>Barnabam.</span> <span class='ocrx_word' id='word_1_561' title='bbox 1816 4321 2121 4391; x_wconf 90' lang='lat' dir='ltr'>Siquidem</span> 
     </span>
    </p>
   </div>
   <div class='ocr_carea' id='block_1_77' title="bbox 475 4409 2122 4497">
    <p class='ocr_par' dir='ltr' id='par_1_77' title="bbox 475 4409 2122 4497">
     <span class='ocr_line' id='line_1_77' title="bbox 475 4409 2122 4497; baseline -0.009 -17"><span class='ocrx_word' id='word_1_562' title='bbox 475 4419 961 4497; x_wconf 72' lang='lat' dir='ltr'>praedicationem</span> <span class='ocrx_word' id='word_1_563' title='bbox 1004 4430 1126 4468; x_wconf 91' lang='lat' dir='ltr'>non</span> <span class='ocrx_word' id='word_1_564' title='bbox 1170 4412 1450 4481; x_wconf 88' lang='lat' dir='ltr'>scriptam</span> <span class='ocrx_word' id='word_1_565' title='bbox 1500 4410 1667 4466; x_wconf 89' lang='lat' dir='ltr'>aiunt</span> <span class='ocrx_word' id='word_1_566' title='bbox 1723 4409 1944 4466; x_wconf 89' lang='lat' dir='ltr'>dictam</span> <span class='ocrx_word' id='word_1_567' title='bbox 1994 4426 2122 4465; x_wconf 90' lang='lat' dir='ltr'>esse</span> 
     </span>
    </p>
   </div>
   <div class='ocr_carea' id='block_1_78' title="bbox 477 4498 2124 4582">
    <p class='ocr_par' dir='ltr' id='par_1_78' title="bbox 477 4498 2124 4582">
     <span class='ocr_line' id='line_1_78' title="bbox 477 4498 2124 4582; baseline -0.01 -13"><span class='ocrx_word' id='word_1_568' title='bbox 477 4509 859 4582; x_wconf 77' lang='lat' dir='ltr'>Evangelium</span> <span class='ocrx_word' id='word_1_569' title='bbox 902 4522 915 4559; x_wconf 89' lang='lat'>:</span> <span class='ocrx_word' id='word_1_570' title='bbox 977 4502 1156 4572; x_wconf 90' lang='lat' dir='ltr'>idque</span> <span class='ocrx_word' id='word_1_571' title='bbox 1196 4501 1273 4555; x_wconf 90' lang='lat' dir='ltr'>sit</span> <span class='ocrx_word' id='word_1_572' title='bbox 1325 4498 1741 4554; x_wconf 89' lang='lat' dir='ltr'>verosimilius.</span> <span class='ocrx_word' id='word_1_573' title='bbox 1798 4500 1945 4554; x_wconf 92' lang='lat' dir='ltr'>Nam</span> <span class='ocrx_word' id='word_1_574' title='bbox 1993 4514 2124 4569; x_wconf 64' lang='lat' dir='ltr'>qua</span> 
     </span>
    </p>
   </div>
   <div class='ocr_carea' id='block_1_79' title="bbox 480 4588 2128 4674">
    <p class='ocr_par' dir='ltr' id='par_1_79' title="bbox 480 4588 2128 4674">
     <span class='ocr_line' id='line_1_79' title="bbox 480 4588 2128 4674; baseline -0.01 -16"><span class='ocrx_word' id='word_1_575' title='bbox 480 4606 616 4674; x_wconf 89' lang='lat' dir='ltr'>post</span> <span class='ocrx_word' id='word_1_576' title='bbox 641 4600 768 4654; x_wconf 80' lang='lat' dir='ltr'>haec</span> <span class='ocrx_word' id='word_1_577' title='bbox 785 4597 1119 4666; x_wconf 88' lang='lat' dir='ltr'>sequuntur</span> <span class='ocrx_word' id='word_1_578' title='bbox 1138 4588 1422 4646; x_wconf 68' lang='lat' dir='ltr'>Barnabas</span> <span class='ocrx_word' id='word_1_579' title='bbox 1445 4588 1630 4659; x_wconf 80' lang='lat' dir='ltr'>magis</span> <span class='ocrx_word' id='word_1_580' title='bbox 1659 4593 1957 4659; x_wconf 89' lang='lat' dir='ltr'>aptantur.</span> <span class='ocrx_word' id='word_1_581' title='bbox 1981 4588 2128 4642; x_wconf 84' lang='lat' dir='ltr'>«Cu-</span> 
     </span>
    </p>
   </div>
   <div class='ocr_carea' id='block_1_80' title="bbox 475 4678 2127 4764">
    <p class='ocr_par' dir='ltr' id='par_1_80' title="bbox 475 4678 2127 4764">
     <span class='ocr_line' id='line_1_80' title="bbox 475 4678 2127 4764; baseline -0.009 -17"><span class='ocrx_word' id='word_1_582' title='bbox 475 4693 578 4764; x_wconf 83' lang='lat' dir='ltr'>jus</span> <span class='ocrx_word' id='word_1_583' title='bbox 599 4690 732 4744; x_wconf 88' lang='lat' dir='ltr'>laus</span> <span class='ocrx_word' id='word_1_584' title='bbox 762 4690 852 4742; x_wconf 90' lang='lat' dir='ltr'>est</span> <span class='ocrx_word' id='word_1_585' title='bbox 876 4685 938 4739; x_wconf 92' lang='lat' dir='ltr'>in</span> <span class='ocrx_word' id='word_1_586' title='bbox 956 4680 1292 4754; x_wconf 80' lang='lat' dir='ltr'>Evangelia.</span> <span class='ocrx_word' id='word_1_587' title='bbox 1316 4700 1344 4730; x_wconf 88' lang='grc'><strong>››</strong></span> <span class='ocrx_word' id='word_1_588' title='bbox 1377 4680 1503 4734; x_wconf 90' lang='lat' dir='ltr'>Non</span> <span class='ocrx_word' id='word_1_589' title='bbox 1535 4678 1694 4733; x_wconf 91' lang='lat' dir='ltr'>enim</span> <span class='ocrx_word' id='word_1_590' title='bbox 1725 4678 1919 4733; x_wconf 90' lang='lat' dir='ltr'>solum</span> <span class='ocrx_word' id='word_1_591' title='bbox 1976 4694 2127 4749; x_wconf 69' lang='lat' dir='ltr'>pras-</span> 
     </span>
    </p>
   </div>
   <div class='ocr_carea' id='block_1_81' title="bbox 484 4767 2126 4845">
    <p class='ocr_par' dir='ltr' id='par_1_81' title="bbox 484 4767 2126 4845">
     <span class='ocr_line' id='line_1_81' title="bbox 484 4767 2126 4845; baseline -0.007 -11"><span class='ocrx_word' id='word_1_592' title='bbox 484 4779 665 4842; x_wconf 87' lang='lat' dir='ltr'>dicat,</span> <span class='ocrx_word' id='word_1_593' title='bbox 698 4774 915 4845; x_wconf 88' lang='lat' dir='ltr'>inquit,</span> <span class='ocrx_word' id='word_1_594' title='bbox 956 4771 1061 4828; x_wconf 90' lang='lat' dir='ltr'>sed</span> <span class='ocrx_word' id='word_1_595' title='bbox 1119 4786 1254 4826; x_wconf 91' lang='lat' dir='ltr'>cum</span> <span class='ocrx_word' id='word_1_596' title='bbox 1294 4768 1470 4824; x_wconf 84' lang='lat' dir='ltr'>laude</span> <span class='ocrx_word' id='word_1_597' title='bbox 1516 4768 1626 4822; x_wconf 87' lang='lat' dir='ltr'>hoc</span> <span class='ocrx_word' id='word_1_598' title='bbox 1656 4767 1817 4823; x_wconf 83' lang='lat' dir='ltr'>facit.</span> <span class='ocrx_word' id='word_1_599' title='bbox 1856 4767 1960 4823; x_wconf 89' lang='lat' dir='ltr'>Illa</span> <span class='ocrx_word' id='word_1_600' title='bbox 1991 4784 2126 4823; x_wconf 90' lang='lat' dir='ltr'>vero</span> 
     </span>
    </p>
   </div>
   <div class='ocr_carea' id='block_1_82' title="bbox 486 4855 2130 4927">
    <p class='ocr_par' dir='ltr' id='par_1_82' title="bbox 486 4855 2130 4927">
     <span class='ocr_line' id='line_1_82' title="bbox 486 4855 2130 4927; baseline -0.008 -4"><span class='ocrx_word' id='word_1_601' title='bbox 486 4868 620 4923; x_wconf 90' lang='lat' dir='ltr'>laus</span> <span class='ocrx_word' id='word_1_602' title='bbox 650 4880 769 4920; x_wconf 90' lang='lat' dir='ltr'>non</span> <span class='ocrx_word' id='word_1_603' title='bbox 796 4862 870 4917; x_wconf 87' lang='lat' dir='ltr'>ad</span> <span class='ocrx_word' id='word_1_604' title='bbox 900 4876 1086 4916; x_wconf 90' lang='lat' dir='ltr'>unum</span> <span class='ocrx_word' id='word_1_605' title='bbox 1117 4858 1221 4914; x_wconf 89' lang='lat' dir='ltr'>sed</span> <span class='ocrx_word' id='word_1_606' title='bbox 1251 4857 1326 4914; x_wconf 90' lang='lat' dir='ltr'><strong>ad</strong></span> <span class='ocrx_word' id='word_1_607' title='bbox 1370 4873 1576 4912; x_wconf 88' lang='lat' dir='ltr'>omnes</span> <span class='ocrx_word' id='word_1_608' title='bbox 1620 4856 1890 4927; x_wconf 89' lang='lat' dir='ltr'>pervenit</span> <span class='ocrx_word' id='word_1_609' title='bbox 1936 4855 2130 4911; x_wconf 87' lang='lat' dir='ltr'>Eccle-</span> 
     </span>
    </p>
   </div>
   <div class='ocr_carea' id='block_1_83' title="bbox 487 4945 2133 5017">
    <p class='ocr_par' dir='ltr' id='par_1_83' title="bbox 487 4945 2133 5017">
     <span class='ocr_line' id='line_1_83' title="bbox 487 4945 2133 5017; baseline -0.009 -4"><span class='ocrx_word' id='word_1_610' title='bbox 487 4957 627 5014; x_wconf 88' lang='lat' dir='ltr'>sias.</span> <span class='ocrx_word' id='word_1_611' title='bbox 661 4983 728 4994; x_wconf 96' lang='lat'><strong><em>—</em></strong></span> <span class='ocrx_word' id='word_1_612' title='bbox 763 4952 954 5017; x_wconf 86' lang='lat' dir='ltr'>Quare</span> <span class='ocrx_word' id='word_1_613' title='bbox 985 4952 1184 5004; x_wconf 90' lang='lat' dir='ltr'>autem</span> <span class='ocrx_word' id='word_1_614' title='bbox 1213 4947 1325 5001; x_wconf 91' lang='lat' dir='ltr'>Titi</span> <span class='ocrx_word' id='word_1_615' title='bbox 1379 4945 1619 5016; x_wconf 90' lang='lat' dir='ltr'>quidem</span> <span class='ocrx_word' id='word_1_616' title='bbox 1679 4961 1901 5000; x_wconf 91' lang='lat' dir='ltr'>nomen</span> <span class='ocrx_word' id='word_1_617' title='bbox 1934 4946 2133 5015; x_wconf 78' lang='lat' dir='ltr'>expri-</span> 
     </span>
    </p>
   </div>
   <div class='ocr_carea' id='block_1_84' title="bbox 485 5037 2130 5115">
    <p class='ocr_par' dir='ltr' id='par_1_84' title="bbox 485 5037 2130 5115">
     <span class='ocr_line' id='line_1_84' title="bbox 485 5037 2130 5115; baseline -0.009 -12"><span class='ocrx_word' id='word_1_618' title='bbox 485 5048 615 5115; x_wconf 84' lang='lat' dir='ltr'>mit,</span> <span class='ocrx_word' id='word_1_619' title='bbox 657 5045 870 5100; x_wconf 88' lang='lat' dir='ltr'>horum</span> <span class='ocrx_word' id='word_1_620' title='bbox 902 5045 1102 5097; x_wconf 87' lang='lat' dir='ltr'>autem</span> <span class='ocrx_word' id='word_1_621' title='bbox 1132 5055 1253 5094; x_wconf 93' lang='lat' dir='ltr'>non</span> <span class='ocrx_word' id='word_1_622' title='bbox 1284 5038 1365 5092; x_wconf 89' lang='lat' dir='ltr'>ita</span> <span class='ocrx_word' id='word_1_623' title='bbox 1386 5037 1413 5092; x_wconf 87' lang='lat'>‘?</span> <span class='ocrx_word' id='word_1_624' title='bbox 1433 5037 1579 5101; x_wconf 88' lang='lat' dir='ltr'>Quia</span> <span class='ocrx_word' id='word_1_625' title='bbox 1598 5037 1791 5091; x_wconf 90' lang='lat' dir='ltr'>Titum</span> <span class='ocrx_word' id='word_1_626' title='bbox 1825 5041 2130 5103; x_wconf 89' lang='lat' dir='ltr'>noverant,</span> 
     </span>
    </p>
   </div>
   <div class='ocr_carea' id='block_1_85' title="bbox 484 5126 2135 5198">
    <p class='ocr_par' dir='ltr' id='par_1_85' title="bbox 484 5126 2135 5198">
     <span class='ocr_line' id='line_1_85' title="bbox 484 5126 2135 5198; baseline -0.008 -2"><span class='ocrx_word' id='word_1_627' title='bbox 484 5140 595 5197; x_wconf 91' lang='lat' dir='ltr'>hos</span> <span class='ocrx_word' id='word_1_628' title='bbox 632 5140 831 5193; x_wconf 86' lang='lat' dir='ltr'>autem</span> <span class='ocrx_word' id='word_1_629' title='bbox 886 5147 1006 5186; x_wconf 91' lang='lat' dir='ltr'>non</span> <span class='ocrx_word' id='word_1_630' title='bbox 1066 5133 1392 5193; x_wconf 80' lang='lat' dir='ltr'>noverant;</span> <span class='ocrx_word' id='word_1_631' title='bbox 1435 5134 1493 5181; x_wconf 92' lang='lat' dir='ltr'>et</span> <span class='ocrx_word' id='word_1_632' title='bbox 1549 5127 1687 5198; x_wconf 86' lang='lat' dir='ltr'>quia</span> <span class='ocrx_word' id='word_1_633' title='bbox 1716 5126 1787 5181; x_wconf 90' lang='lat' dir='ltr'>de</span> <span class='ocrx_word' id='word_1_634' title='bbox 1832 5126 1923 5181; x_wconf 87' lang='lat' dir='ltr'>bis</span> <span class='ocrx_word' id='word_1_635' title='bbox 1973 5131 2135 5182; x_wconf 86' lang='lat' dir='ltr'>tanta</span> 
     </span>
    </p>
   </div>
   <div class='ocr_carea' id='block_1_86' title="bbox 484 5214 2129 5295">
    <p class='ocr_par' dir='ltr' id='par_1_86' title="bbox 484 5214 2129 5295">
     <span class='ocr_line' id='line_1_86' title="bbox 484 5214 2129 5295; baseline -0.009 -13"><span class='ocrx_word' id='word_1_636' title='bbox 484 5227 647 5283; x_wconf 88' lang='lat' dir='ltr'>dicit.</span> <span class='ocrx_word' id='word_1_637' title='bbox 674 5226 899 5295; x_wconf 85' lang='lat' dir='ltr'>quanta</span> <span class='ocrx_word' id='word_1_638' title='bbox 926 5218 1000 5276; x_wconf 86' lang='lat' dir='ltr'>ad</span> <span class='ocrx_word' id='word_1_639' title='bbox 1048 5215 1626 5272; x_wconf 86' lang='lat' dir='ltr'>commendationem</span> <span class='ocrx_word' id='word_1_640' title='bbox 1686 5220 1912 5268; x_wconf 86' lang='lat' dir='ltr'>tantum</span> <span class='ocrx_word' id='word_1_641' title='bbox 1974 5214 2129 5269; x_wconf 76' lang='lat' dir='ltr'>sufﬁ~</span> 
     </span>
    </p>
   </div>
   <div class='ocr_carea' id='block_1_87' title="bbox 483 5303 2135 5382">
    <p class='ocr_par' dir='ltr' id='par_1_87' title="bbox 483 5303 2135 5382">
     <span class='ocr_line' id='line_1_87' title="bbox 483 5303 2135 5382; baseline -0.008 -10"><span class='ocrx_word' id='word_1_642' title='bbox 483 5317 683 5380; x_wconf 87' lang='lat' dir='ltr'>ciant;</span> <span class='ocrx_word' id='word_1_643' title='bbox 709 5313 884 5382; x_wconf 77' lang='lat' dir='ltr'>idque</span> <span class='ocrx_word' id='word_1_644' title='bbox 919 5309 1057 5365; x_wconf 83' lang='lat' dir='ltr'>facit</span> <span class='ocrx_word' id='word_1_645' title='bbox 1087 5306 1289 5360; x_wconf 85' lang='lat' dir='ltr'>volens</span> <span class='ocrx_word' id='word_1_646' title='bbox 1337 5305 1505 5360; x_wconf 72' lang='lat' dir='ltr'>etiam</span> <span class='ocrx_word' id='word_1_647' title='bbox 1554 5303 1952 5374; x_wconf 82' lang='lat' dir='ltr'>suspicionem</span> <span class='ocrx_word' id='word_1_648' title='bbox 1985 5305 2135 5359; x_wconf 69' lang='lat' dir='ltr'>ellu-</span> 
     </span>
    </p>
   </div>
   <div class='ocr_carea' id='block_1_88' title="bbox 483 5390 2135 5476">
    <p class='ocr_par' dir='ltr' id='par_1_88' title="bbox 483 5390 2135 5476">
     <span class='ocr_line' id='line_1_88' title="bbox 483 5390 2135 5476; baseline -0.008 -16"><span class='ocrx_word' id='word_1_649' title='bbox 483 5420 642 5476; x_wconf 82' lang='lat' dir='ltr'>gere,</span> <span class='ocrx_word' id='word_1_650' title='bbox 666 5401 826 5475; x_wconf 84' lang='lat' dir='ltr'><strong>quod</strong></span> <span class='ocrx_word' id='word_1_651' title='bbox 857 5399 967 5454; x_wconf 88' lang='lat' dir='ltr'>sibi</span> <span class='ocrx_word' id='word_1_652' title='bbox 1005 5396 1180 5452; x_wconf 90' lang='lat' dir='ltr'>vellet</span> <span class='ocrx_word' id='word_1_653' title='bbox 1218 5410 1520 5450; x_wconf 84' lang='lat' dir='ltr'>assumere</span> <span class='ocrx_word' id='word_1_654' title='bbox 1554 5392 1858 5464; x_wconf 88' lang='lat' dir='ltr'>pecunias.</span> <span class='ocrx_word' id='word_1_655' title='bbox 1892 5414 1921 5441; x_wconf 82' lang='lat'><strong>«</strong></span> <span class='ocrx_word' id='word_1_656' title='bbox 1954 5390 2135 5463; x_wconf 86' lang='lat' dir='ltr'>Cujus</span> 
     </span>
    </p>
   </div>
   <div class='ocr_carea' id='block_1_89' title="bbox 484 5478 2133 5559">
    <p class='ocr_par' dir='ltr' id='par_1_89' title="bbox 484 5478 2133 5559">
     <span class='ocr_line' id='line_1_89' title="bbox 484 5478 2133 5559; baseline -0.005 -14"><span class='ocrx_word' id='word_1_657' title='bbox 484 5490 618 5547; x_wconf 88' lang='lat' dir='ltr'>laus</span> <span class='ocrx_word' id='word_1_658' title='bbox 638 5495 728 5545; x_wconf 89' lang='lat' dir='ltr'>est</span> <span class='ocrx_word' id='word_1_659' title='bbox 757 5490 819 5544; x_wconf 88' lang='lat' dir='ltr'><strong>in</strong></span> <span class='ocrx_word' id='word_1_660' title='bbox 847 5485 1370 5559; x_wconf 76' lang='lat' dir='ltr'>Evangelio.»l\&#39;am</span> <span class='ocrx_word' id='word_1_661' title='bbox 1397 5482 1565 5537; x_wconf 88' lang='lat' dir='ltr'>deest</span> <span class='ocrx_word' id='word_1_662' title='bbox 1589 5480 1832 5537; x_wconf 93' lang='lat' dir='ltr'>verbum</span> <span class='ocrx_word' id='word_1_663' title='bbox 1855 5478 1989 5545; x_wconf 72' lang='grc' dir='ltr'>ἐστι,</span> <span class='ocrx_word' id='word_1_664' title='bbox 2025 5485 2133 5551; x_wconf 89' lang='lat' dir='ltr'>est,</span> 
     </span>
    </p>
   </div>
   <div class='ocr_carea' id='block_1_90' title="bbox 562 5665 1024 5736">
    <p class='ocr_par' dir='ltr' id='par_1_90' title="bbox 562 5665 1024 5736">
     <span class='ocr_line' id='line_1_90' title="bbox 562 5665 1024 5736; baseline -0.013 -8"><span class='ocrx_word' id='word_1_665' title='bbox 562 5665 611 5704; x_wconf 76' lang='grc'>⁸³</span> <span class='ocrx_word' id='word_1_666' title='bbox 638 5665 814 5727; x_wconf 77' lang='lat' dir='ltr'>Hebr.</span> <span class='ocrx_word' id='word_1_667' title='bbox 842 5682 902 5736; x_wconf 86' lang='lat' dir='ltr'>x,</span> <span class='ocrx_word' id='word_1_668' title='bbox 931 5667 1024 5722; x_wconf 75' lang='grc'>34.</span> 
     </span>
    </p>
   </div>
   <div class='ocr_carea' id='block_1_91' title="bbox 2225 3422 3790 3506">
    <p class='ocr_par' dir='ltr' id='par_1_91' title="bbox 2225 3422 3790 3506">
     <span class='ocr_line' id='line_1_91' title="bbox 2225 3422 3790 3506; baseline -0.008 -19"><span class='ocrx_word' id='word_1_669' title='bbox 2225 3430 2356 3486; x_wconf 76' lang='grc' dir='ltr'>αὐτὸ</span> <span class='ocrx_word' id='word_1_670' title='bbox 2386 3428 2597 3486; x_wconf 70' lang='grc' dir='ltr'>οἷ’κοθεν</span> <span class='ocrx_word' id='word_1_671' title='bbox 2626 3428 2859 3506; x_wconf 81' lang='grc' dir='ltr'>ὥρμητο</span> <span class='ocrx_word' id='word_1_672' title='bbox 2890 3431 2967 3493; x_wconf 83' lang='grc' dir='ltr'>εἰς</span> <span class='ocrx_word' id='word_1_673' title='bbox 2995 3435 3176 3488; x_wconf 77' lang='grc' dir='ltr'>τοῦτο.</span> <span class='ocrx_word' id='word_1_674' title='bbox 3214 3432 3313 3488; x_wconf 81' lang='grc' dir='ltr'>Διὸ</span> <span class='ocrx_word' id='word_1_675' title='bbox 3342 3432 3431 3487; x_wconf 79' lang='grc' dir='ltr'>καὶ</span> <span class='ocrx_word' id='word_1_676' title='bbox 3460 3422 3790 3492; x_wconf 69' lang='grc' dir='ltr'>σπουδαιότερος</span> 
     </span>
    </p>
   </div>
   <div class='ocr_carea' id='block_1_92' title="bbox 2221 3512 3784 3594">
    <p class='ocr_par' dir='ltr' id='par_1_92' title="bbox 2221 3512 3784 3594">
     <span class='ocr_line' id='line_1_92' title="bbox 2221 3512 3784 3594; baseline -0.006 -20"><span class='ocrx_word' id='word_1_677' title='bbox 2221 3518 2483 3594; x_wconf 76' lang='grc' dir='ltr'>ὑπάρχων</span> <span class='ocrx_word' id='word_1_678' title='bbox 2539 3526 2642 3589; x_wconf 86' lang='grc' dir='ltr'>τῆς</span> <span class='ocrx_word' id='word_1_679' title='bbox 2693 3521 2819 3594; x_wconf 76' lang='grc' dir='ltr'>παρ’</span> <span class='ocrx_word' id='word_1_680' title='bbox 2877 3520 3012 3592; x_wconf 81' lang='grc' dir='ltr'><strong>ἐμοῦ</strong></span> <span class='ocrx_word' id='word_1_681' title='bbox 3071 3519 3490 3594; x_wconf 79' lang='grc' dir='ltr'>παρακλήσεως,</span> <span class='ocrx_word' id='word_1_682' title='bbox 3537 3512 3784 3580; x_wconf 73' lang='grc' dir='ltr'>αὐθαίρετος</span> 
     </span>
    </p>
   </div>
   <div class='ocr_carea' id='block_1_93' title="bbox 2219 3597 3787 3681">
    <p class='ocr_par' dir='ltr' id='par_1_93' title="bbox 2219 3597 3787 3681">
     <span class='ocr_line' id='line_1_93' title="bbox 2219 3597 3787 3681; baseline 0.003 -20"><span class='ocrx_word' id='word_1_683' title='bbox 2219 3606 2433 3680; x_wconf 76' lang='grc' dir='ltr'>ἐξῆλθε,</span> <span class='ocrx_word' id='word_1_684' title='bbox 2457 3608 2730 3662; x_wconf 72' lang='grc' dir='ltr'>τουτέστιν</span> <span class='ocrx_word' id='word_1_685' title='bbox 2767 3608 2925 3677; x_wconf 72' lang='grc' dir='ltr'>ἑκὼν,</span> <span class='ocrx_word' id='word_1_686' title='bbox 2946 3609 3038 3662; x_wconf 81' lang='grc' dir='ltr'>καὶ</span> <span class='ocrx_word' id='word_1_687' title='bbox 3069 3606 3119 3679; x_wconf 80' lang='grc' dir='ltr'>ἐξ</span> <span class='ocrx_word' id='word_1_688' title='bbox 3142 3607 3349 3669; x_wconf 76' lang='grc' dir='ltr'>οἰκείας</span> <span class='ocrx_word' id='word_1_689' title='bbox 3370 3603 3663 3681; x_wconf 75' lang='grc' dir='ltr'>προθυμίας.</span> <span class='ocrx_word' id='word_1_690' title='bbox 3685 3597 3787 3667; x_wconf 69' lang='grc' dir='ltr'>Ὅρα</span> 
     </span>
    </p>
   </div>
   <div class='ocr_carea' id='block_1_94' title="bbox 2222 3686 3790 3775">
    <p class='ocr_par' dir='ltr' id='par_1_94' title="bbox 2222 3686 3790 3775">
     <span class='ocr_line' id='line_1_94' title="bbox 2222 3686 3790 3775; baseline -0.01 -23"><span class='ocrx_word' id='word_1_691' title='bbox 2222 3692 2280 3752; x_wconf 66' lang='grc' dir='ltr'>δὲ</span> <span class='ocrx_word' id='word_1_692' title='bbox 2310 3696 2515 3775; x_wconf 60' lang='grc' dir='ltr'>σοφίαν</span> <span class='ocrx_word' id='word_1_693' title='bbox 2547 3696 2651 3753; x_wconf 85' lang='grc' dir='ltr'>Καὶ</span> <span class='ocrx_word' id='word_1_694' title='bbox 2675 3699 2772 3750; x_wconf 81' lang='grc' dir='ltr'>τοῦ</span> <span class='ocrx_word' id='word_1_695' title='bbox 2800 3700 2935 3751; x_wconf 80' lang='grc' dir='ltr'>Θεοῦ</span> <span class='ocrx_word' id='word_1_696' title='bbox 2968 3695 3117 3770; x_wconf 65' lang='grc' dir='ltr'>λέγει</span> <span class='ocrx_word' id='word_1_697' title='bbox 3148 3691 3307 3772; x_wconf 78' lang='grc' dir='ltr'>ἔργον</span> <span class='ocrx_word' id='word_1_698' title='bbox 3340 3696 3472 3751; x_wconf 81' lang='grc' dir='ltr'>εἶναι</span> <span class='ocrx_word' id='word_1_699' title='bbox 3500 3695 3588 3761; x_wconf 75' lang='grc' dir='ltr'>τήν</span> <span class='ocrx_word' id='word_1_700' title='bbox 3631 3686 3790 3743; x_wconf 77' lang='grc' dir='ltr'>ἔλευσιν</span> 
     </span>
    </p>
   </div>
   <div class='ocr_carea' id='block_1_95' title="bbox 2221 3768 3793 3859">
    <p class='ocr_par' dir='ltr' id='par_1_95' title="bbox 2221 3768 3793 3859">
     <span class='ocr_line' id='line_1_95' title="bbox 2221 3768 3793 3859; baseline -0.006 -17"><span class='ocrx_word' id='word_1_701' title='bbox 2221 3785 2404 3853; x_wconf 78' lang='grc' dir='ltr'>Τίτου,</span> <span class='ocrx_word' id='word_1_702' title='bbox 2437 3786 2527 3840; x_wconf 87' lang='grc' dir='ltr'>καὶ</span> <span class='ocrx_word' id='word_1_703' title='bbox 2574 3785 2760 3841; x_wconf 66' lang='grc' dir='ltr'>ἑαυτὸν</span> <span class='ocrx_word' id='word_1_704' title='bbox 2815 3784 3308 3859; x_wconf 78' lang='grc' dir='ltr'>παρακεκληκὲναι,</span> <span class='ocrx_word' id='word_1_705' title='bbox 3365 3784 3450 3840; x_wconf 80' lang='grc' dir='ltr'>καὶ</span> <span class='ocrx_word' id='word_1_706' title='bbox 3502 3784 3642 3839; x_wconf 81' lang='grc' dir='ltr'>Τίτον</span> <span class='ocrx_word' id='word_1_707' title='bbox 3691 3768 3793 3846; x_wconf 67' lang='grc' dir='ltr'>μηδὲ</span> 
     </span>
    </p>
   </div>
   <div class='ocr_carea' id='block_1_96' title="bbox 2226 3872 2944 3951">
    <p class='ocr_par' dir='ltr' id='par_1_96' title="bbox 2226 3872 2944 3951">
     <span class='ocr_line' id='line_1_96' title="bbox 2226 3872 2944 3951; baseline 0.001 -21"><span class='ocrx_word' id='word_1_708' title='bbox 2226 3872 2502 3944; x_wconf 77' lang='grc' dir='ltr'>δεδεῆσθαι</span> <span class='ocrx_word' id='word_1_709' title='bbox 2523 3872 2944 3951; x_wconf 74' lang='grc' dir='ltr'>παρακλήσεως.</span> 
     </span>
    </p>
   </div>
   <div class='ocr_carea' id='block_1_97' title="bbox 2299 4135 3801 4218">
    <p class='ocr_par' dir='ltr' id='par_1_97' title="bbox 2299 4135 3801 4218">
     <span class='ocr_line' id='line_1_97' title="bbox 2299 4135 3801 4218; baseline -0.009 -17"><span class='ocrx_word' id='word_1_710' title='bbox 2299 4170 2327 4198; x_wconf 85' lang='grc' dir='ltr'>ι‹</span> <span class='ocrx_word' id='word_1_711' title='bbox 2382 4145 2807 4218; x_wconf 79' lang='grc' dir='ltr'>Συνεπέμψαμεν</span> <span class='ocrx_word' id='word_1_712' title='bbox 2869 4142 2927 4199; x_wconf 72' lang='grc' dir='ltr'>δὲ</span> <span class='ocrx_word' id='word_1_713' title='bbox 2984 4147 3101 4216; x_wconf 85' lang='grc' dir='ltr'>μετ’</span> <span class='ocrx_word' id='word_1_714' title='bbox 3146 4145 3318 4199; x_wconf 80' lang='grc' dir='ltr'>αὐτοῦ</span> <span class='ocrx_word' id='word_1_715' title='bbox 3374 4143 3463 4198; x_wconf 87' lang='grc' dir='ltr'>τὸν</span> <span class='ocrx_word' id='word_1_716' title='bbox 3510 4135 3727 4214; x_wconf 67' lang='grc' dir='ltr'>ἀδελιρόν.</span> <span class='ocrx_word' id='word_1_717' title='bbox 3780 4150 3801 4178; x_wconf 70' lang='grc' dir='ltr'><strong>α</strong></span> 
     </span>
    </p>
   </div>
   <div class='ocr_carea' id='block_1_98' title="bbox 2230 4220 3802 4306">
    <p class='ocr_par' dir='ltr' id='par_1_98' title="bbox 2230 4220 3802 4306">
     <span class='ocr_line' id='line_1_98' title="bbox 2230 4220 3802 4306; baseline -0.006 -16"><span class='ocrx_word' id='word_1_718' title='bbox 2230 4233 2445 4291; x_wconf 79' lang='grc' dir='ltr'>Πολλοί</span> <span class='ocrx_word' id='word_1_719' title='bbox 2504 4255 2634 4306; x_wconf 77' lang='grc' dir='ltr'>φασι</span> <span class='ocrx_word' id='word_1_720' title='bbox 2689 4234 2781 4289; x_wconf 86' lang='grc' dir='ltr'>τὸν</span> <span class='ocrx_word' id='word_1_721' title='bbox 2866 4237 3097 4301; x_wconf 83' lang='grc' dir='ltr'>Λουκᾶν,</span> <span class='ocrx_word' id='word_1_722' title='bbox 3156 4230 3245 4287; x_wconf 85' lang='grc' dir='ltr'>διὰ</span> <span class='ocrx_word' id='word_1_723' title='bbox 3316 4234 3380 4287; x_wconf 87' lang='grc' dir='ltr'>τὸ</span> <span class='ocrx_word' id='word_1_724' title='bbox 3436 4232 3687 4303; x_wconf 78' lang='grc' dir='ltr'>σύνταγμα</span> <span class='ocrx_word' id='word_1_725' title='bbox 3729 4220 3802 4271; x_wconf 68' lang='grc' dir='ltr'>τοὖ</span> 
     </span>
    </p>
   </div>
   <div class='ocr_carea' id='block_1_99' title="bbox 2233 4303 3805 4399">
    <p class='ocr_par' dir='ltr' id='par_1_99' title="bbox 2233 4303 3805 4399">
     <span class='ocr_line' id='line_1_99' title="bbox 2233 4303 3805 4399; baseline -0.011 -17"><span class='ocrx_word' id='word_1_726' title='bbox 2233 4303 2592 4399; x_wconf 73' lang='grc' dir='ltr'>Εὐαγγελίου,</span> <span class='ocrx_word' id='word_1_727' title='bbox 2625 4320 2830 4379; x_wconf 88' lang='grc' dir='ltr'>πολλοὶ</span> <span class='ocrx_word' id='word_1_728' title='bbox 2855 4322 2949 4377; x_wconf 88' lang='grc' dir='ltr'>τὸν</span> <span class='ocrx_word' id='word_1_729' title='bbox 2983 4316 3285 4396; x_wconf 74' lang='grc' dir='ltr'>Βαρνάϐαν.</span> <span class='ocrx_word' id='word_1_730' title='bbox 3346 4320 3446 4377; x_wconf 79' lang='grc' dir='ltr'>Καὶ</span> <span class='ocrx_word' id='word_1_731' title='bbox 3501 4318 3594 4391; x_wconf 81' lang='grc' dir='ltr'>γὰρ</span> <span class='ocrx_word' id='word_1_732' title='bbox 3643 4310 3717 4366; x_wconf 80' lang='grc' dir='ltr'>καὶ</span> 
     </span>
    </p>
   </div>
   <div class='ocr_carea' id='block_1_100' title="bbox 2232 4394 3807 4489">
    <p class='ocr_par' dir='ltr' id='par_1_100' title="bbox 2232 4394 3807 4489">
     <span class='ocr_line' id='line_1_100' title="bbox 2232 4394 3807 4489; baseline -0.011 -19"><span class='ocrx_word' id='word_1_733' title='bbox 2232 4394 2472 4489; x_wconf 56' lang='grc' dir='ltr'>ἃγραῴον</span> <span class='ocrx_word' id='word_1_734' title='bbox 2512 4414 2789 4486; x_wconf 78' lang='grc' dir='ltr'>κήρυγμα,</span> <span class='ocrx_word' id='word_1_735' title='bbox 2853 4394 3185 4487; x_wconf 80' lang='grc' dir='ltr'>Εὐαγγέλιόν</span> <span class='ocrx_word' id='word_1_736' title='bbox 3250 4431 3378 4488; x_wconf 75' lang='grc' dir='ltr'>φασι</span> <span class='ocrx_word' id='word_1_737' title='bbox 3433 4406 3715 4472; x_wconf 78' lang='grc' dir='ltr'>κεκλῆσθαι.</span> <span class='ocrx_word' id='word_1_738' title='bbox 3761 4394 3807 4443; x_wconf 83' lang='grc'>’0</span> 
     </span>
    </p>
   </div>
   <div class='ocr_carea' id='block_1_101' title="bbox 2233 4489 3807 4577">
    <p class='ocr_par' dir='ltr' id='par_1_101' title="bbox 2233 4489 3807 4577">
     <span class='ocr_line' id='line_1_101' title="bbox 2233 4489 3807 4577; baseline -0.011 -18"><span class='ocrx_word' id='word_1_739' title='bbox 2233 4504 2322 4559; x_wconf 84' lang='grc' dir='ltr'>καὶ</span> <span class='ocrx_word' id='word_1_740' title='bbox 2357 4500 2593 4576; x_wconf 79' lang='grc' dir='ltr'>μᾶλλον·</span> <span class='ocrx_word' id='word_1_741' title='bbox 2624 4502 2694 4558; x_wconf 79' lang='grc' dir='ltr'>τὰ</span> <span class='ocrx_word' id='word_1_742' title='bbox 2722 4502 2823 4577; x_wconf 81' lang='grc' dir='ltr'>γὰρ</span> <span class='ocrx_word' id='word_1_743' title='bbox 2859 4502 2994 4574; x_wconf 84' lang='grc' dir='ltr'>μετὰ</span> <span class='ocrx_word' id='word_1_744' title='bbox 3022 4505 3211 4571; x_wconf 77' lang='grc' dir='ltr'>ταῦτα,</span> <span class='ocrx_word' id='word_1_745' title='bbox 3267 4504 3350 4571; x_wconf 81' lang='grc' dir='ltr'>τῷ</span> <span class='ocrx_word' id='word_1_746' title='bbox 3404 4489 3639 4571; x_wconf 80' lang='grc' dir='ltr'>Βαρνάϐᾳ</span> <span class='ocrx_word' id='word_1_747' title='bbox 3673 4491 3807 4577; x_wconf 46' lang='grc' dir='ltr'>ἄρμε-</span> 
     </span>
    </p>
   </div>
   <div class='ocr_carea' id='block_1_102' title="bbox 2238 4572 3808 4668">
    <p class='ocr_par' dir='ltr' id='par_1_102' title="bbox 2238 4572 3808 4668">
     <span class='ocr_line' id='line_1_102' title="bbox 2238 4572 3808 4668; baseline -0.01 -20"><span class='ocrx_word' id='word_1_748' title='bbox 2238 4572 2488 4668; x_wconf 77' lang='grc' dir='ltr'>διώτερα.</span> <span class='ocrx_word' id='word_1_749' title='bbox 2526 4614 2551 4645; x_wconf 76' lang='grc' dir='ltr'>ε</span> <span class='ocrx_word' id='word_1_750' title='bbox 2583 4591 2661 4649; x_wconf 80' lang='grc' dir='ltr'>Οὗ</span> <span class='ocrx_word' id='word_1_751' title='bbox 2694 4572 2971 4653; x_wconf 41' lang='grc' dir='ltr'>δ’ἔπαινος</span> <span class='ocrx_word' id='word_1_752' title='bbox 2996 4589 3046 4644; x_wconf 80' lang='grc' dir='ltr'>ἐν</span> <span class='ocrx_word' id='word_1_753' title='bbox 3084 4595 3165 4662; x_wconf 76' lang='grc' dir='ltr'>τῷ</span> <span class='ocrx_word' id='word_1_754' title='bbox 3220 4586 3551 4663; x_wconf 67' lang='grc' dir='ltr'>Εὖκγγελίῳ.</span> <span class='ocrx_word' id='word_1_755' title='bbox 3574 4604 3599 4635; x_wconf 70' lang='grc' dir='ltr'>ι</span> <span class='ocrx_word' id='word_1_756' title='bbox 3630 4577 3693 4634; x_wconf 82' lang='grc' dir='ltr'>Οὐ</span> 
     </span>
    </p>
   </div>
   <div class='ocr_carea' id='block_1_103' title="bbox 2236 4659 3809 4758">
    <p class='ocr_par' dir='ltr' id='par_1_103' title="bbox 2236 4659 3809 4758">
     <span class='ocr_line' id='line_1_103' title="bbox 2236 4659 3809 4758; baseline -0.008 -20"><span class='ocrx_word' id='word_1_757' title='bbox 2236 4681 2495 4755; x_wconf 79' lang='grc' dir='ltr'>κηρύσσει</span> <span class='ocrx_word' id='word_1_758' title='bbox 2530 4679 2719 4754; x_wconf 87' lang='grc' dir='ltr'>μόνον,</span> <span class='ocrx_word' id='word_1_759' title='bbox 2758 4679 2949 4758; x_wconf 73' lang='grc' dir='ltr'>φησὶν,</span> <span class='ocrx_word' id='word_1_760' title='bbox 3007 4676 3155 4734; x_wconf 81' lang='grc' dir='ltr'>ἀλλὰ</span> <span class='ocrx_word' id='word_1_761' title='bbox 3209 4678 3299 4732; x_wconf 82' lang='grc' dir='ltr'>καὶ</span> <span class='ocrx_word' id='word_1_762' title='bbox 3337 4668 3723 4744; x_wconf 75' lang='grc' dir='ltr'>ἐπαινουμένωςι</span> <span class='ocrx_word' id='word_1_763' title='bbox 3763 4659 3809 4758; x_wconf 66' lang='lat'>:0</span> 
     </span>
    </p>
   </div>
   <div class='ocr_carea' id='block_1_104' title="bbox 2238 4749 3807 4843">
    <p class='ocr_par' dir='ltr' id='par_1_104' title="bbox 2238 4749 3807 4843">
     <span class='ocr_line' id='line_1_104' title="bbox 2238 4749 3807 4843; baseline -0.015 -17"><span class='ocrx_word' id='word_1_764' title='bbox 2238 4767 2296 4826; x_wconf 79' lang='grc' dir='ltr'>δὲ</span> <span class='ocrx_word' id='word_1_765' title='bbox 2351 4767 2592 4838; x_wconf 80' lang='grc' dir='ltr'>ἔπαινος,</span> <span class='ocrx_word' id='word_1_766' title='bbox 2670 4768 2731 4823; x_wconf 81' lang='grc' dir='ltr'>οὐ</span> <span class='ocrx_word' id='word_1_767' title='bbox 2776 4749 2916 4843; x_wconf 53' lang='grc' dir='ltr'>’παρ’</span> <span class='ocrx_word' id='word_1_768' title='bbox 2972 4768 3113 4835; x_wconf 71' lang='grc' dir='ltr'>ἑνὸς,</span> <span class='ocrx_word' id='word_1_769' title='bbox 3171 4766 3316 4823; x_wconf 85' lang='grc' dir='ltr'>ἀλλὰ</span> <span class='ocrx_word' id='word_1_770' title='bbox 3370 4762 3457 4819; x_wconf 74' lang='grc' dir='ltr'>διὰ</span> <span class='ocrx_word' id='word_1_771' title='bbox 3524 4762 3698 4843; x_wconf 77' lang='grc' dir='ltr'>πασῶν</span> <span class='ocrx_word' id='word_1_772' title='bbox 3729 4749 3807 4804; x_wconf 77' lang='grc' dir='ltr'>τῶν</span> 
     </span>
    </p>
   </div>
   <div class='ocr_carea' id='block_1_105' title="bbox 2240 4840 3812 4933">
    <p class='ocr_par' dir='ltr' id='par_1_105' title="bbox 2240 4840 3812 4933">
     <span class='ocr_line' id='line_1_105' title="bbox 2240 4840 3812 4933; baseline -0.015 -19"><span class='ocrx_word' id='word_1_773' title='bbox 2240 4857 2546 4929; x_wconf 79' lang='grc' dir='ltr'>ἐκκλησιῶν</span> <span class='ocrx_word' id='word_1_774' title='bbox 2592 4855 2754 4927; x_wconf 78' lang='grc' dir='ltr'>ἦλθε,</span> <span class='ocrx_word' id='word_1_775' title='bbox 2808 4840 2962 4933; x_wconf 74' lang='grc' dir='ltr'>φησι.</span> <span class='ocrx_word' id='word_1_776' title='bbox 3021 4889 3090 4900; x_wconf 90' lang='grc'><strong><em>-</em></strong></span> <span class='ocrx_word' id='word_1_777' title='bbox 3121 4858 3323 4931; x_wconf 70' lang='grc' dir='ltr'>[ΦΩΤ.]</span> <span class='ocrx_word' id='word_1_778' title='bbox 3377 4854 3529 4912; x_wconf 78' lang='grc' dir='ltr'>Τίνος</span> <span class='ocrx_word' id='word_1_779' title='bbox 3579 4846 3632 4933; x_wconf 62' lang='lat' dir='ltr'>8i</span> <span class='ocrx_word' id='word_1_780' title='bbox 3676 4840 3812 4933; x_wconf 61' lang='grc' dir='ltr'>ἕνεκεν</span> 
     </span>
    </p>
   </div>
   <div class='ocr_carea' id='block_1_106' title="bbox 2239 4928 3813 5021">
    <p class='ocr_par' dir='ltr' id='par_1_106' title="bbox 2239 4928 3813 5021">
     <span class='ocr_line' id='line_1_106' title="bbox 2239 4928 3813 5021; baseline -0.01 -19"><span class='ocrx_word' id='word_1_781' title='bbox 2239 4948 2302 5003; x_wconf 87' lang='grc' dir='ltr'>τὸ</span> <span class='ocrx_word' id='word_1_782' title='bbox 2336 4928 2430 5020; x_wconf 65' lang='grc' dir='ltr'>μεν</span> <span class='ocrx_word' id='word_1_783' title='bbox 2458 4942 2633 5018; x_wconf 78' lang='grc' dir='ltr'>ὄνομα</span> <span class='ocrx_word' id='word_1_784' title='bbox 2663 4928 2830 5003; x_wconf 76' lang='grc' dir='ltr'>Τίτου</span> <span class='ocrx_word' id='word_1_785' title='bbox 2875 4943 3043 5021; x_wconf 80' lang='grc' dir='ltr'>λέγει,</span> <span class='ocrx_word' id='word_1_786' title='bbox 3100 4928 3320 5001; x_wconf 31' lang='grc' dir='ltr'>τούτων.</span> <span class='ocrx_word' id='word_1_787' title='bbox 3363 4941 3421 4997; x_wconf 74' lang='grc' dir='ltr'>δὲ</span> <span class='ocrx_word' id='word_1_788' title='bbox 3472 4938 3563 4995; x_wconf 76' lang='grc' dir='ltr'>οὐκ</span> <span class='ocrx_word' id='word_1_789' title='bbox 3588 4931 3659 4990; x_wconf 76' lang='grc' dir='ltr'>ἔτι</span> <span class='ocrx_word' id='word_1_790' title='bbox 3681 4949 3693 4998; x_wconf 88' lang='grc'>;</span> <span class='ocrx_word' id='word_1_791' title='bbox 3719 4928 3813 5021; x_wconf 63' lang='grc' dir='ltr'>’ρτι</span> 
     </span>
    </p>
   </div>
   <div class='ocr_carea' id='block_1_107' title="bbox 2239 5015 3815 5108">
    <p class='ocr_par' dir='ltr' id='par_1_107' title="bbox 2239 5015 3815 5108">
     <span class='ocr_line' id='line_1_107' title="bbox 2239 5015 3815 5108; baseline -0.013 -15"><span class='ocrx_word' id='word_1_792' title='bbox 2239 5015 2345 5093; x_wconf 34' lang='grc' dir='ltr'>τὸν.</span> <span class='ocrx_word' id='word_1_793' title='bbox 2367 5036 2463 5107; x_wconf 76' lang='grc' dir='ltr'>μὶν</span> <span class='ocrx_word' id='word_1_794' title='bbox 2502 5015 2665 5092; x_wconf 68' lang='grc' dir='ltr'>Τίτον</span> <span class='ocrx_word' id='word_1_795' title='bbox 2693 5032 2914 5108; x_wconf 77' lang='grc' dir='ltr'>ᾔδεσαν,</span> <span class='ocrx_word' id='word_1_796' title='bbox 2939 5015 3167 5097; x_wconf 72' lang='grc' dir='ltr'>τούτους</span> <span class='ocrx_word' id='word_1_797' title='bbox 3218 5031 3276 5088; x_wconf 72' lang='grc' dir='ltr'>δὲ</span> <span class='ocrx_word' id='word_1_798' title='bbox 3331 5030 3567 5105; x_wconf 75' lang='grc' dir='ltr'>ἠγνόουν.</span> <span class='ocrx_word' id='word_1_799' title='bbox 3623 5021 3720 5108; x_wconf 58' lang='grc' dir='ltr'>ΚαῖΔ</span> <span class='ocrx_word' id='word_1_800' title='bbox 3751 5015 3815 5067; x_wconf 81' lang='grc' dir='ltr'>δτι</span> 
     </span>
    </p>
   </div>
   <div class='ocr_carea' id='block_1_108' title="bbox 2240 5103 3816 5196">
    <p class='ocr_par' dir='ltr' id='par_1_108' title="bbox 2240 5103 3816 5196">
     <span class='ocr_line' id='line_1_108' title="bbox 2240 5103 3816 5196; baseline -0.004 -17"><span class='ocrx_word' id='word_1_801' title='bbox 2240 5128 2475 5180; x_wconf 77' lang='grc' dir='ltr'>τοσαῦτα</span> <span class='ocrx_word' id='word_1_802' title='bbox 2514 5121 2661 5195; x_wconf 72' lang='grc' dir='ltr'>λέγει</span> <span class='ocrx_word' id='word_1_803' title='bbox 2691 5122 2817 5196; x_wconf 85' lang='grc' dir='ltr'>περὶ</span> <span class='ocrx_word' id='word_1_804' title='bbox 2841 5122 3046 5189; x_wconf 80' lang='grc' dir='ltr'>αὐτῶν,</span> <span class='ocrx_word' id='word_1_805' title='bbox 3099 5122 3196 5177; x_wconf 74' lang='grc' dir='ltr'>ὅσα</span> <span class='ocrx_word' id='word_1_806' title='bbox 3253 5122 3385 5194; x_wconf 81' lang='grc' dir='ltr'>πρὸς</span> <span class='ocrx_word' id='word_1_807' title='bbox 3432 5118 3661 5172; x_wconf 73' lang='grc' dir='ltr'>σύστασιν</span> <span class='ocrx_word' id='word_1_808' title='bbox 3689 5103 3816 5177; x_wconf 74' lang='grc' dir='ltr'>ἤρκει</span> 
     </span>
    </p>
   </div>
   <div class='ocr_carea' id='block_1_109' title="bbox 2245 5191 3816 5288">
    <p class='ocr_par' dir='ltr' id='par_1_109' title="bbox 2245 5209 3816 5288">
     <span class='ocr_line' id='line_1_109' title="bbox 2245 5209 3816 5288; baseline -0.01 -19"><span class='ocrx_word' id='word_1_809' title='bbox 2245 5213 2432 5287; x_wconf 79' lang='grc' dir='ltr'>μόνον,</span> <span class='ocrx_word' id='word_1_810' title='bbox 2463 5212 2553 5268; x_wconf 75' lang='grc' dir='ltr'>καὶ</span> <span class='ocrx_word' id='word_1_811' title='bbox 2591 5212 2655 5267; x_wconf 83' lang='grc' dir='ltr'>τὸ</span> <span class='ocrx_word' id='word_1_812' title='bbox 2685 5218 2873 5288; x_wconf 67' lang='grc' dir='ltr'>φυγεῖν</span> <span class='ocrx_word' id='word_1_813' title='bbox 2900 5214 2999 5279; x_wconf 79' lang='grc' dir='ltr'>τήν</span> <span class='ocrx_word' id='word_1_814' title='bbox 3055 5211 3311 5266; x_wconf 73' lang='grc' dir='ltr'>ὑπόνοιαν</span> <span class='ocrx_word' id='word_1_815' title='bbox 3367 5211 3460 5265; x_wconf 74' lang='grc' dir='ltr'>τοῦ</span> <span class='ocrx_word' id='word_1_816' title='bbox 3516 5209 3816 5282; x_wconf 54' lang='lat' dir='ltr'>occupatio”</span> 
     </span>
    </p>
   </div>
   <div class='ocr_carea' id='block_1_110' title="bbox 2241 5283 3817 5376">
    <p class='ocr_par' dir='ltr' id='par_1_110' title="bbox 2241 5283 3817 5376">
     <span class='ocr_line' id='line_1_110' title="bbox 2241 5283 3817 5376; baseline -0.018 -17"><span class='ocrx_word' id='word_1_817' title='bbox 2241 5283 2349 5358; x_wconf 78' lang='grc' dir='ltr'>τῶν</span> <span class='ocrx_word' id='word_1_818' title='bbox 2375 5283 2707 5376; x_wconf 47' lang='grc' dir='ltr'>χρημάτων,</span> <span class='ocrx_word' id='word_1_819' title='bbox 2737 5283 2873 5358; x_wconf 61' lang='grc' dir='ltr'>«(ήοῦ</span> <span class='ocrx_word' id='word_1_820' title='bbox 2905 5302 2934 5356; x_wconf 88' lang='lat'>6</span> <span class='ocrx_word' id='word_1_821' title='bbox 2964 5297 3182 5361; x_wconf 75' lang='grc' dir='ltr'>ἔπαινος</span> <span class='ocrx_word' id='word_1_822' title='bbox 3241 5298 3294 5354; x_wconf 75' lang='grc' dir='ltr'>ἰν</span> <span class='ocrx_word' id='word_1_823' title='bbox 3345 5300 3420 5367; x_wconf 81' lang='grc' dir='ltr'>τῷ</span> <span class='ocrx_word' id='word_1_824' title='bbox 3471 5283 3765 5376; x_wconf 73' lang='grc' dir='ltr'>Εὐαγγελίῳ.</span> 
     </span>
    </p>
   </div>
   <div class='ocr_carea' id='block_1_111' title="bbox 2245 5366 3814 5457">
    <p class='ocr_par' dir='ltr' id='par_1_111' title="bbox 2245 5375 3814 5457">
     <span class='ocr_line' id='line_1_111' title="bbox 2245 5375 3814 5457; baseline -0.012 -13"><span class='ocrx_word' id='word_1_825' title='bbox 2245 5389 2428 5444; x_wconf 84' lang='grc' dir='ltr'>Λείπει</span> <span class='ocrx_word' id='word_1_826' title='bbox 2466 5388 2553 5455; x_wconf 88' lang='grc' dir='ltr'>τὸ,</span> <span class='ocrx_word' id='word_1_827' title='bbox 2604 5385 2768 5456; x_wconf 85' lang='grc' dir='ltr'>ἔστιν,</span> <span class='ocrx_word' id='word_1_828' title='bbox 2827 5388 2857 5441; x_wconf 83' lang='grc' dir='ltr'>ὅ</span> <span class='ocrx_word' id='word_1_829' title='bbox 2913 5385 2995 5442; x_wconf 82' lang='grc' dir='ltr'>δεῖ</span> <span class='ocrx_word' id='word_1_830' title='bbox 3050 5385 3452 5457; x_wconf 72' lang='grc' dir='ltr'>ἐπινοήσαντας,</span> <span class='ocrx_word' id='word_1_831' title='bbox 3500 5375 3622 5434; x_wconf 79' lang='grc' dir='ltr'>κατὰ</span> <span class='ocrx_word' id='word_1_832' title='bbox 3666 5382 3814 5426; x_wconf 66' lang='grc' dir='ltr'>κοίνου</span> 
     </span>
    </p>
   </div>
   <div class='ocr_carea' id='block_1_112' title="bbox 2245 5459 3813 5548">
    <p class='ocr_par' dir='ltr' id='par_1_112' title="bbox 2245 5459 3813 5548">
     <span class='ocr_line' id='line_1_112' title="bbox 2245 5459 3813 5548; baseline -0.016 -15"><span class='ocrx_word' id='word_1_833' title='bbox 2245 5477 2512 5548; x_wconf 74' lang='grc' dir='ltr'>ἐξακούειν</span> <span class='ocrx_word' id='word_1_834' title='bbox 2544 5476 2633 5532; x_wconf 79' lang='grc' dir='ltr'>καὶ</span> <span class='ocrx_word' id='word_1_835' title='bbox 2672 5476 2761 5532; x_wconf 81' lang='grc' dir='ltr'>ἐπὶ</span> <span class='ocrx_word' id='word_1_836' title='bbox 2819 5483 2919 5546; x_wconf 84' lang='grc' dir='ltr'>τῆς</span> <span class='ocrx_word' id='word_1_837' title='bbox 2975 5475 3113 5546; x_wconf 68' lang='grc' dir='ltr'>ἑξῆς.</span> <span class='ocrx_word' id='word_1_838' title='bbox 3179 5477 3323 5543; x_wconf 77' lang='grc' dir='ltr'>Οῖον,</span> <span class='ocrx_word' id='word_1_839' title='bbox 3370 5499 3397 5527; x_wconf 79' lang='grc' dir='ltr'>ι(</span> <span class='ocrx_word' id='word_1_840' title='bbox 3449 5469 3521 5529; x_wconf 81' lang='grc' dir='ltr'>Οὔ</span> <span class='ocrx_word' id='word_1_841' title='bbox 3570 5467 3597 5521; x_wconf 86' lang='lat'>6</span> <span class='ocrx_word' id='word_1_842' title='bbox 3642 5459 3813 5516; x_wconf 74' lang='grc' dir='ltr'>ἔπαινος</span> 
     </span>
    </p>
   </div>
  </div>
