4048 6250
316 399 478 463 1017

1278 398 1685 463 COMMENT.
1734 400 1809 460 IN
1855 397 2102 459 EPIST.
2150 401 2200 460 Il
2249 401 2352 460 AD
2397 398 2764 463 COBINTH.

3561 399 3720 462 1018

316 504 371 560 ἐν
399 509 479 578 τῷ
513 505 839 582 Εὑαγγελίῳ
889 503 1053 563 ἐστίν.
1084 530 1112 559 ›)
1162 506 1240 564 Οὐ
1302 504 1466 580 μόνον
1527 502 1585 562 δὲ
1648 502 1961 579 θαυμασίως

2079 504 2237 577 quod
2262 504 2632 561 intellectum
2663 509 2897 578 oportet
2926 508 2985 560 et
3010 504 3106 559 hic
3139 508 3199 559 et
3228 504 3289 559 in
3337 504 3724 576 sequentibus

319 594 410 649 καὶ
476 592 703 650 ἐπαίνου
767 594 931 668 ἀξίως
1008 593 1410 674 εὑαγγελίζεναι
1501 594 1592 650 καὶ
1684 594 1967 670 κηρύσσει,

323 706 351 735 ‹‹
381 680 561 740 Ἀλλᾶ
606 683 695 738 καὶ
747 684 1157 763 χειροτονηθείς
1205 682 1370 753 ἐστιν,
1406 707 1434 734 ››
1482 683 1596 738 ἀντί
1646 687 1767 753 τοῦ,
1827 681 1971 738 ἀλλὰ

319 774 409 828 καὶ
449 775 981 850 κεχειροτονημένος
1041 773 1201 830 ἐστίν.
1260 775 1390 829 Ὑπὸ
1445 774 1653 842 τίνων;
1712 771 1816 828 ὑπό
1858 778 1967 828 τῶν

318 861 689 933 Ἐκκλησιῶν.
734 861 832 925 Εἲς
860 862 957 932 τίς
1009 864 1085 924 εἴς
1126 864 1188 919 τὸ
1240 865 1368 919 εἶναι
1419 862 1753 937 συνέκδημος
1805 866 1966 937 ἡμῶν

318 954 373 1011 ἐν
403 958 482 1027 τῷ
512 954 848 1030 κηρύγματι.
882 953 1013 1011 Εἶτα
1063 955 1124 1010 οὐ
1187 953 1350 1027 μόνον
1407 954 1458 1009 ἐν
1518 958 1596 1025 τῷ
1653 954 1969 1031 κηρύγματι

315 1044 849 1124 κεχειροτονημένος
908 1042 1019 1098 ἐστῖ
1088 1042 1195 1116 (δεῖ
1251 1044 1356 1120 γὰρ
1442 1043 1547 1099 ἀπὸ
1625 1047 1810 1098 κοινοῦ
1882 1044 1969 1098 καὶ

316 1134 403 1200 τὸ,
438 1158 465 1185 ιι
499 1132 576 1191 υὺ
611 1133 801 1207 μόνον,
837 1156 865 1185 ››
926 1128 1223 1207 ἐκλαϐεῖν),
1277 1131 1425 1188 ἀλλά
1479 1134 1570 1187 καὶ
1599 1132 1651 1188 ἐν
1680 1138 1748 1208 τῇ
1780 1133 1969 1209 χάριτι

320 1223 514 1297 ταύτῃ,
572 1223 663 1278 καὶ
721 1221 865 1293 ἑξῆς,
924 1223 1225 1291 τουτέστιν,
1284 1222 1367 1277 ὅτι
1443 1225 1975 1299 κεχειροτονημένος

318 1310 460 1368 ἐστὶν
514 1311 696 1388 ὥσπερ
768 1311 845 1376 εἰς
900 1312 962 1367 τὸ
1049 1308 1389 1386 συνέκδημος
1477 1315 1639 1387 ἡμῶν
1695 1313 1831 1367 εἶναι
1890 1311 1981 1367 καὶ

320 1401 612 1479 κηρὺσσειν
673 1400 735 1456 τὸ
799 1398 1155 1477 Εὐαγγέλιον,
1217 1401 1361 1456 οὕτω
1417 1402 1506 1457 καὶ
1575 1401 1638 1457 τὸ
1705 1398 1973 1457 διακονεῖν

323 1496 392 1566 τῇ
421 1490 791 1566 έλεημοσὺνῃ.
844 1492 940 1546 Διᾶ
988 1495 1150 1547 τοῦτο
1198 1488 1301 1565 ἄρα
1349 1491 1439 1546 καὶ
1498 1489 1828 1548 ἀπέσταλται
1880 1495 1970 1546 νῦν

324 1580 410 1636 ἐπὶ
552 1577 779 1655 τοιαύτῃ
839 1579 1106 1645 ὑποθέσει.
1166 1580 1297 1638 Οἶον
1357 1580 1586 1648 ἄνωθεν,
1645 1581 1834 1660 φησὶν,
1892 1580 1972 1643 εἷς

319 1674 483 1725 τοῦτο
535 1670 981 1745 κεχειροτόνηται
1040 1670 1143 1725 ὑπὸ
1195 1675 1303 1725 τῶν
1362 1669 1692 1741 ἐκκλησιῶν,
1765 1670 1854 1726 καὶ
1909 1671 1971 1726 οὑ

318 1762 409 1813 νῦν
444 1757 721 1836 ὑφ’ἡμῶν
775 1755 1279 1834 αὑτοσχεδιάζεται,
1334 1757 1479 1816 ἀλλὰ
1540 1759 1969 1839 χειροτονηθεὶς,

322 1845 665 1923 συνέκδημος
724 1850 885 1921 ἡμῶν
971 1851 1466 1928 συνεχειροτονήθη
1542 1849 1632 1904 καὶ
1691 1847 1741 1903 ἐν
1795 1849 1966 1924 ταύτῃ

320 1941 388 2013 τῇ
474 1936 867 2015 διακονουμένῃ
937 1939 1126 2016 χάριτι
1196 1938 1531 2018 λειτουργεῖν
1608 1941 1698 1996 καὶ
1763 1940 1969 2017 ὑπηρε-

323 2034 451 2085 τεῖν.

392 2299 474 2357 Οὐ
537 2296 698 2373 μόνον
752 2295 831 2371 δὲ,
889 2297 1037 2354 ἀλλὰ
1091 2300 1182 2355 καὶ
1240 2301 1650 2374 χειροτανηθεὶς
1704 2302 1808 2358 ὑπὸ
1862 2309 1971 2358 τῶν

321 2384 664 2458 Ἐκκλησιῶν
758 2385 1099 2461 συνέκδημος
1187 2391 1373 2463 ἡμῶν,
1469 2388 1562 2445 σὺν
1643 2398 1711 2461 τῆ
1781 2391 1970 2468 χάριτι

319 2476 490 2552 ταύτῃ
557 2481 626 2553 τῇ
711 2473 1109 2553 διακονουμένῃ
1187 2478 1274 2555 ὑφ’
1364 2480 1546 2552 ἡμῶν,
1638 2480 1776 2555 πρός
1868 2482 1966 2550 τήν

322 2566 486 2622 αὑτοῦ
550 2570 649 2621 τοῦ
709 2566 913 2642 Κυρίου
964 2564 1119 2639 δόξαν
1203 2567 1291 2623 καὶ
1386 2567 1691 2644 προθυμίαν
1782 2572 1967 2644 ἡμῶν,

326 2655 680 2729 στελλόμενοι
759 2660 945 2724 τοῦτο,
1034 2658 1110 2731 μή
1169 2678 1252 2719 τις
1311 2660 1459 2730 ἡμᾶς
1518 2660 1856 2732 μωμήσηται
1913 2658 1967 2715 ἐν

327 2750 397 2820 τῇ
454 2744 707 2821 ἁδρότητι
764 2747 932 2823 ταύτῃ
991 2753 1059 2822 τῇ
1148 2745 1542 2824 διακονουμένῃ
1627 2750 1711 2804 ὑφ’
1780 2755 1967 2822 ἡμῶν,

328 2837 719 2909 προνοούμενοι
749 2836 914 2905 καλὰ,
947 2837 1009 2890 οὑ
1043 2837 1208 2909 μόνον
1259 2835 1494 2892 ἐνώπιον
1541 2838 1771 2914 Κυρίου,
1820 2838 1968 2896 ἀλλὰ

323 2924 409 2978 καὶ
448 2922 680 2979 ἐνώπιον
711 2923 1030 2999 ἀνθρώπων.

393 3012 469 3070 Οὑ
514 3014 678 3087 μόνον
737 3012 814 3081 δὲ,
873 3014 1060 3095 φησὶν,
1120 3014 1605 3092 εὐαγγελιζόμενος
1663 3014 1964 3091 εὐδοκιμεῖ,

315 3101 463 3158 ἀλλᾶ
522 3104 614 3157 καὶ
674 3100 758 3158 διὸ
816 3103 1206 3179 ἐχειροτονήθη
1268 3104 1370 3160 ὑπὸ
1420 3110 1528 3159 τῶν
1599 3104 1963 3175 Ἐκκλησιῶν.

319 3216 346 3243 ιι
382 3189 735 3267 Συνέκδημος
766 3194 951 3267 ἡμῶν.
980 3216 1007 3244 ››
1050 3195 1194 3250 Εἱπα
1222 3193 1313 3248 καὶ
1345 3192 1404 3248 ἐκ
1433 3201 1532 3264 τῆς
1564 3198 1673 3250 τῶν
1725 3194 1963 3266 Ἐκκλη-

2078 612 2112 650 a
2137 596 2438 669 communi
2472 612 2651 650 sensu
2683 594 3018 650 subaudire.
3053 596 3124 649 Ut
3154 594 3231 649 sit
3260 611 3471 650 sensus
3500 610 3513 649 :
3555 616 3575 643 α
3610 597 3725 651 Cu-

2068 685 2172 757 jus
2202 685 2331 741 laus
2354 691 2444 740 est
2464 686 2525 740 in
2553 685 2867 758 Evangelio
2894 702 2955 739 :»
2988 686 3113 739 Non
3146 684 3337 739 solum
3372 684 3722 741 admirando

2076 773 2253 829 modo
2281 779 2339 830 et
2368 774 2541 830 laude
2573 774 2750 848 digno
2774 774 3091 829 annuntiat
3120 790 3186 828 ac
3218 773 3505 845 praedicat
3534 776 3720 829 Evan-

2076 863 2295 934 gelium
2322 880 2335 917 :
2361 885 2389 912 «
2417 865 2628 918 Verum
2662 862 2840 918 etiam
2873 863 3213 933 designatus
3245 867 3350 917 est.
3380 885 3408 912 ››
3437 865 3477 917 Α
3510 864 3724 934 quibus

2077 957 2275 1007 autem
2300 953 2411 1008 fuit
2440 953 2820 1026 designatus?
2840 953 2911 1008 ab
2941 952 3727 1023 Ecclesiis,inquit,atquid?

2078 1042 2150 1096 Ut
2172 1048 2329 1097 esset
2356 1059 2553 1097 comes
2585 1042 3076 1115 peregrinationis
3102 1047 3320 1097 nostras
3353 1041 3405 1095 in
3440 1041 3726 1113 praedica-

2080 1132 2260 1186 tione.
2300 1132 2520 1187 Deinde
2552 1149 2672 1187 non
2704 1131 2895 1187 solum
2928 1132 2988 1186 in
3016 1131 3438 1204 praedicatione
3461 1130 3729 1204 designa-

2079 1226 2170 1276 tus
2202 1220 2315 1276 fuit
2365 1237 2503 1277 nam
2535 1226 2767 1294 oportet
2799 1238 3033 1292 quoque
3065 1238 3099 1275 a
3130 1220 3429 1275 communi
3484 1228 3727 1275 senten-

2076 1312 2159 1366 tia
2186 1311 2540 1384 intelligere,
2603 1334 2629 1361 ‹‹
2661 1313 2786 1366 Non
2850 1310 3064 1377 solum,
3103 1334 3121 1357 ι
3170 1327 3369 1365 verum
3432 1310 3610 1365 etiam
3665 1311 3727 1366 in

2073 1399 2263 1473 gratia
2292 1401 2422 1466 hac,
2457 1405 2766 1455 etcaatera.
2802 1401 2918 1454 Hoc
2950 1404 3058 1469 est,
3091 1400 3248 1470 quod
3280 1399 3434 1454 sicut
3462 1399 3730 1472 designa—

2080 1495 2173 1545 tus
2205 1495 2294 1545 est
2323 1490 2398 1546 ad
2428 1490 2558 1552 hoc,
2593 1496 2660 1545 ut
2690 1506 2890 1546 comes
2913 1494 3069 1544 esset
3090 1490 3585 1562 peregrinationis
3617 1507 3727 1544 no-

2076 1585 2212 1634 strai
2247 1585 2306 1633 et
2331 1579 2682 1651 praedicaret
2711 1578 3113 1652 Evangelium,
3148 1579 3230 1633 ita
3262 1596 3500 1649 quoque
3534 1585 3600 1633 ut
3655 1579 3730 1634 ad

2077 1669 2518 1739 eleemosynam
2552 1668 2829 1723 minister
2887 1673 3061 1722 esset.
3116 1669 3363 1738 Propter
3421 1668 3532 1723 hoc
3588 1685 3730 1723 sane

2077 1774 2237 1813 nunc
2269 1757 2447 1812 etiam
2480 1756 2698 1811 missus
2732 1761 2823 1810 est
2853 1756 2953 1811 tali
2988 1756 3312 1827 proposito.
3364 1759 3576 1824 Antea,
3642 1755 3731 1810 in-

2078 1846 2228 1918 quit,
2260 1845 2333 1901 ad
2373 1846 2485 1900 hoc
2513 1844 2859 1918 designatus
2904 1850 2993 1899 est
3040 1844 3111 1900 ab
3161 1845 3463 1913 Ecclesiis,
3514 1852 3570 1900 et
3612 1862 3731 1899 non

2078 1952 2238 1992 nunc
2260 1952 2294 1990 a
2322 1934 2498 1990 nobis
2529 1951 2601 1990 ex
2634 1940 2897 2005 tempore
2943 1934 3299 1989 assumitur:
3337 1934 3440 1989 sed
3465 1932 3734 2007 designa-

2076 2031 2172 2082 tus
2203 2041 2401 2080 comes
2431 2029 2648 2080 nostras
2682 2023 3194 2095 peregrinationis,
3221 2023 3399 2077 simul
3432 2024 3609 2079 etiam
3636 2024 3736 2080 de“

2077 2116 2343 2189 signatus
2374 2118 2483 2183 est,
2526 2118 2593 2169 ut
2647 2112 3082 2183 obsequeretur
3128 2130 3196 2167 ac
3250 2111 3609 2168 subserviret
3657 2114 3731 2169 ad

2077 2205 2231 2260 hanc
2261 2204 2511 2277 gratiam
2544 2220 2675 2275 quas
2708 2202 3177 2258 administratur.

2148 2303 2538 2371 664Vlll,19
2573 2305 2632 2356 2t
2648 2343 2660 2357 .
2677 2323 2707 2352 «
2733 2303 2847 2356 Nec
2868 2300 2929 2355 id
2946 2300 3367 2369 solum,verum
3383 2301 3559 2356 etiam
3578 2302 3729 2357 desi-

2077 2417 2105 2445 «
2124 2398 2336 2468 gnatus
2358 2397 2448 2447 est
2463 2408 2531 2447 ac
2551 2390 2831 2446 Ecclesiis
2852 2407 3051 2445 comes
3074 2390 3565 2461 peregrinationis
3586 2408 3725 2445 nos-

2074 2505 2102 2533 ι(
2128 2488 2380 2551 traa,una
2401 2496 2536 2535 cum
2555 2480 2665 2535 hac
2685 2479 2875 2550 gratia
2892 2495 3022 2550 quas
3043 2478 3493 2533 administratur
3509 2480 3727 2535 anobis

2074 2594 2102 2623 ιι
2146 2571 2220 2627 ad
2276 2569 2543 2642 ejusdem
2589 2568 2821 2623 Domini
2874 2567 3144 2639 gloriam,
3208 2573 3264 2622 et
3317 2568 3500 2622 animi
3550 2569 3725 2623 vestri

2076 2683 2103 2712 ιι
2135 2658 2668 2733 promptitudinem
2697 2674 2709 2711 :
2743 2657 3163 2713 contrahentes
3195 2657 3305 2711 hoc
3337 2674 3410 2712 ne
3454 2656 3586 2727 quis
3616 2674 3726 2713 nos

2073 2775 2099 2803 ιι
2136 2754 2339 2821 carpat
2369 2749 2431 2803 in
2466 2749 2575 2803 liac
2607 2747 2995 2803 exuberantia
3021 2763 3151 2817 qua)
3215 2746 3667 2801 administratur
3693 2764 3727 2803 a

2073 2862 2103 2891 «
2136 2839 2329 2902 nobis,
2362 2842 2750 2909 procurantes
2782 2837 3033 2891 honesta
3079 2852 3201 2890 non
3246 2840 3478 2891 tantum
3528 2852 3726 2891 coram

2074 2951 2100 2982 ι
2138 2928 2411 2991 Domino,
2448 2926 2551 2981 sed
2583 2927 2762 2981 etiam
2795 2942 2990 2980 coram
3021 2923 3384 2980 hominibus.
3423 2948 3443 2973 ι

2142 3020 2270 3073 Non
2302 3016 2515 3079 solum,
2548 3015 2761 3085 inquit,
2795 3013 3175 3086 praedicando
3209 3013 3590 3086 Evangelium
3612 3013 3727 3069 lau-

2071 3107 2207 3163 dem
2222 3108 2828 3177 promeretur,verum
2849 3101 3023 3156 etiam
3041 3101 3181 3172 quia
3192 3101 3533 3172 designatus
3549 3108 3637 3159 est
3652 3102 3724 3157 ab

2076 3194 2373 3251 Ecclesiis.
2395 3215 2423 3244 ιι
2447 3195 2654 3249 Comes
2674 3191 3171 3263 peregrinationis
3187 3195 3426 3247 nostrae.
3454 3212 3475 3241 ι
3504 3190 3726 3247 Deinde

320 3285 455 3335 σιῶν
488 3279 830 3357 χειροτονίας
861 3282 951 3336 καὶ
979 3280 1209 3358 κρίσεως
1240 3283 1488 3355 σεμνύνει
1517 3284 1609 3339 τὸν
1660 3280 1964 3360 Βαρνάϐαν.

2080 3301 2151 3340 ex
2199 3282 2585 3339 ecclesiarum
2643 3298 2880 3351 quoque
2925 3280 3333 3352 designatione
3390 3287 3448 3335 et
3496 3281 3723 3351 judicio

319 3372 398 3431 Οὑ
458 3373 563 3449 γὰρ
631 3374 791 3447 μόνον
850 3373 1328 3448 εὐαγγελιζόμενος
1417 3372 1721 3449 εὐδοκιμεῖ,
1789 3377 1975 3455 φησὶν,

320 3461 470 3518 ἀλλᾶ
498 3463 589 3518 καὶ
618 3465 1068 3543 κεχειροτόνηται
1115 3463 1219 3520 ὑπὸ
1266 3468 1371 3520 τῶν
1426 3463 1785 3536 Ἐκκλησιῶν,
1836 3468 1974 3525 εἶναι

321 3554 483 3625 ἡμῶν
515 3549 851 3625 συνέκδημος
880 3551 931 3607 ἐν
977 3558 1059 3625 τῷ
1107 3552 1444 3628 κηρύγματι.
1489 3558 1551 3607 Ὃ
1593 3551 1651 3609 δὲ
1697 3552 1749 3610 ἐν
1795 3554 1974 3629 τούτῳ

317 3641 606 3712 κοινωνὸς,
681 3647 932 3697 κοινωνεῖ
1006 3639 1266 3713 δηλονότι
1341 3643 1431 3698 καὶ
1504 3648 1611 3699 τῶν
1655 3648 1971 3720 πειρασμῶν

317 3731 547 3785 καὶτῶν
578 3728 844 3786 κινδύνων
885 3736 966 3803 τῷ
1007 3731 1228 3804 Παύλῳ.
1289 3734 1392 3790 Καὶ
1453 3732 1515 3788 οὑ
1575 3733 1762 3808 μόνον,
1817 3735 1970 3811 φησί,

323 3817 666 3895 συνέκδημος
720 3823 880 3894 ἡμῶν
934 3821 1405 3897 κεχειροτόνηται,
1465 3820 1611 3878 ἀλλὰ
1661 3823 1751 3878 καὶ
1800 3823 1851 3879 ἂν
1901 3827 1970 3899 τῇ

328 3907 518 3984 χάριτι
569 3908 739 3985 ταύτῃ
789 3910 1262 3990 κεχειροτόνηται,
1309 3916 1377 3987 τῇ
1436 3909 1832 3988 διακονουμένῃ
1885 3913 1972 3991 ὑφ’

322 4000 512 4072 ἡμῶν,
541 3997 840 4071 τουτέστιν,
884 3999 970 4055 ἰπὶ
1017 4003 1098 4072 τῷ
1146 3997 1506 4072 ὑποδέξασθαι
1550 4002 1618 4056 τὰ
1662 4008 1761 4071 τῆς
1810 4001 1973 4073 ἐλεη-

330 4087 569 4160 μοσύνης
626 4091 910 4164 χρήματα.
971 4087 1201 4144 Δύναται
1266 4086 1323 4145 δὲ
1368 4094 1535 4145 ταῦτα
1588 4091 1678 4145 καὶ
1745 4090 1821 4153 εἰς
1877 4092 1968 4147 τὸν

325 4182 534 4231 Λουκᾶν
562 4180 849 4248 νοηθῆναι.
911 4202 939 4230 ιι
972 4178 1114 4253 Πρὸς
1164 4179 1263 4249 τὴν
1320 4184 1419 4235 τοῦ
1472 4178 1674 4254 Κυρίου
1732 4177 1906 4251 δόξαν.
1940 4204 1970 4234 ››

322 4270 582 4329 Τοιοῦτος
616 4264 673 4320 δέ
701 4265 835 4336 ἐστι,
876 4268 1060 4345 φησὶν,
1112 4269 1140 4323 ὁ
1187 4269 1276 4324 καὶ
1325 4268 1414 4324 ἐπὶ
1470 4273 1549 4340 τῷ
1594 4268 1661 4325 τὰ
1707 4272 1973 4345 χρήματα

326 4352 685 4426 ὑποδέξασθαι
715 4358 840 4431 παρ’
871 4359 1032 4429 ἡμῶν
1076 4357 1178 4413 ὑπὸ
1225 4362 1333 4412 τῶν
1385 4357 1728 4428 Ἐκκλησιῶν
1779 4379 1969 4435 χειρο⁹

319 4445 594 4516 τονηθεὶς,
622 4442 712 4500 ’ίνα
740 4443 791 4516 ἐξ
841 4444 915 4500 ὦν
967 4446 1211 4521 πράττει,
1260 4448 1349 4503 καὶ
1381 4449 1409 4505 ὁ
1441 4450 1673 4523 Χριστὸς
1731 4447 1969 4520 δοξάζη-

320 4555 433 4602 ται,
459 4536 551 4589 καὶ
586 4536 741 4609 ὑμεῖς
789 4537 1195 4611 προθυμότεροι
1245 4535 1459 4611 μᾶλλον
1505 4537 1583 4603 είς
1626 4539 1725 4606 τὴν
1784 4537 1972 4616 εἶσφο-

2080 3373 2409 3431 Barnabam
2443 3370 2842 3427 venerandum
2872 3371 3032 3426 facit.
3068 3372 3191 3426 Non
3242 3370 3399 3426 enim
3449 3387 3519 3425 ex
3575 3371 3723 3437 sola,

2078 3462 2295 3536 inquit,
2317 3460 2613 3535 Evangelii
2634 3460 3054 3532 praedicatione
3071 3459 3309 3515 laudem
3330 3465 3725 3531 promeretur,

2080 3552 2184 3608 sed
2225 3552 2403 3607 etiam
2431 3549 2774 3623 designatus
2806 3554 2897 3603 est
2924 3548 2995 3603 ab
3026 3547 3307 3604 Ecclesiis
3338 3553 3403 3603 ut
3432 3553 3589 3603 esset
3616 3565 3722 3603 no.

2075 3641 2168 3697 bis
2200 3655 2401 3696 comes
2432 3637 2925 3712 peregrinationis
2957 3637 3019 3691 in
3049 3637 3448 3709 praedicando.
3481 3638 3588 3702 Qui
3620 3654 3727 3693 au-

2079 3733 2197 3784 tem
2229 3728 2291 3783 in
2336 3728 2448 3784 hoc
2477 3727 2777 3798 particeps
2828 3731 2937 3791 est,
2986 3741 3128 3779 sane
3175 3725 3352 3779 etiam
3409 3725 3605 3780 socius
3655 3742 3723 3780 ac

2075 3818 2371 3891 particeps
2403 3822 2494 3871 est
2522 3814 2704 3871 Paulo
2736 3815 2795 3868 in
2829 3813 3250 3869 afﬂictionibus
3302 3830 3370 3868 ac
3420 3813 3723 3884 periculis.

2074 3909 2192 3962 Nec
2222 3906 2439 3972 solum,
2474 3903 2687 3975 inquit,
2721 3919 2919 3958 comes
2950 3909 3167 3957 nostra:
3225 3901 3723 3973 peregrinationis

2076 3993 2417 4066 designatus
2449 3997 2558 4055 est,
2584 3992 2681 4045 sed
2703 3991 2765 4044 in
2787 3990 2898 4045 hac
2918 4006 3152 4061 quoque
3174 3989 3360 4061 gratia
3376 3988 3721 4062 designatus

2077 4087 2167 4137 est
2197 4098 2327 4152 quas
2358 4079 2809 4136 administratur
2839 4095 2875 4133 a
2904 4077 3098 4146 nobis,
3131 4078 3243 4132 hoc
3272 4084 3379 4139 est.
3428 4078 3501 4133 ad
3534 4078 3721 4133 susci-

2073 4171 2360 4245 piendum
2387 4169 2779 4241 eleemosynce
2802 4168 3102 4240 pecunias.
3120 4169 3375 4223 Possunt
3393 4168 3570 4225 etiam
3594 4168 3720 4224 haec

2076 4264 2148 4319 de
2181 4263 2334 4317 Luca
2363 4258 2636 4332 intelligi.
2670 4281 2699 4310 ιι
2730 4258 2814 4313 Ad
2848 4258 3084 4313 Domini
3109 4257 3378 4331 gloriam.
3406 4281 3433 4306 υ
3456 4257 3610 4312 Talis
3634 4264 3723 4313 est

2075 4356 2274 4408 autem
2305 4350 2356 4405 is
2387 4348 2488 4421 qui
2519 4346 2593 4403 ab
2626 4347 2897 4404 ecclesiis
2927 4342 3269 4419 designatus
3301 4350 3390 4400 est
3418 4346 3491 4400 ad
3530 4347 3719 4401 susci-

2074 4440 2323 4514 piendas
2351 4456 2385 4495 a
2415 4438 2580 4494 vobis
2610 4438 2913 4509 pecunias,
2946 4441 3011 4491 ut
3059 4454 3129 4491 ex
3178 4437 3271 4492 his
3318 4454 3451 4508 quas
3499 4436 3619 4507 agit
3666 4441 3725 4490 et

2075 4530 2341 4587 Christus
2368 4528 2751 4602 glorificetur,
2786 4532 2844 4581 et
2872 4543 2971 4582 vos
3003 4526 3399 4598 promptiores
3419 4525 3617 4597 potius
3647 4527 3721 4581 ad

330 4627 423 4701 ραν
443 4622 687 4700 γένησθε.
709 4648 737 4677 ιι
769 4624 1137 4699 Στελλόμενοι
1166 4632 1349 4685 τοῦτο.
1382 4652 1411 4680 ››
1452 4611 1969 4703 Περιστελλόμειίοι,

2080 4620 2457 4677 collationem
2514 4617 2880 4674 efﬁciamiui.
2943 4639 2968 4667 ιι
3028 4615 3454 4671 Contrahentes
3502 4614 3634 4670 hoc.
3693 4638 3721 4665 ››

328 4711 760 4792 ἆσφαλιζόμενοι
780 4713 856 4776 εἷς
877 4717 1061 4783 τοῦτο,
1086 4740 1113 4767 ιι
1134 4718 1223 4786 Μή
1247 4738 1332 4778 τις
1362 4719 1509 4789 ἡμᾶς
1544 4718 1903 4790 μωμήσηται.
1937 4740 1965 4770 ››

327 4800 427 4858 Διὰ
454 4800 615 4859 τοῦτο
657 4798 734 4871 δὲ,
767 4803 923 4875 φησὶ,
977 4804 1259 4866 τοιούτους
1302 4804 1643 4880 ἐπέμψαμεν,
1702 4800 1968 4862 εὐλαϐού-

333 4911 486 4963 μενοι
545 4891 631 4946 καὶ
694 4889 1089 4967 φυλαττόμενοι
1145 4895 1221 4967 μή
1273 4915 1357 4956 τις
1412 4894 1653 4970 πονηρὰν
1740 4895 1970 4969 ὑποψίαν

328 4979 497 5055 σχοίη
539 4981 658 5035 καθ’
718 4982 903 5053 ἡμῶν,
962 4980 1037 5043 ὡς
1089 4981 1494 5060 νοσιριζομένων
1552 4983 1620 5038 τὰ
1682 4987 1966 5063 χρήματα.

331 5092 359 5123 ιι
394 5070 482 5126 Ἐν
545 5072 613 5144 τῇ
670 5066 953 5141 ἁδρότητι,
1013 5070 1168 5148 φησὶ,
1223 5071 1393 5147 ταύτῃ
1447 5078 1517 5148 τῇ
1578 5070 1966 5147 διακονουμένῃ

331 5159 417 5237 ὑφ’
450 5161 632 5232 ἡμῶν.
670 5183 698 5210 ››
730 5155 992 5215 Τουτέστι
1022 5156 1110 5216 διὰ
1150 5162 1213 5216 τὸ
1262 5162 1396 5216 εἶναι
1442 5161 1608 5237 ἀδρᾶν
1651 5165 1738 5218 καὶ
1792 5162 1968 5218 πλου-

334 5248 450 5304 σίαν
480 5250 579 5319 τὴν
614 5248 866 5326 εἰσφορὰν
898 5249 995 5318 τήν
1033 5247 1342 5323 μέλλουσαν
1372 5251 1610 5327 γίνεσθαι
1662 5254 1747 5332 ὑφ’
1797 5253 1969 5325 ὑμῶν.

327 5339 428 5393 Καὶ
485 5337 588 5413 γὰρ
643 5338 707 5393 τὸ
762 5341 871 5393 τῶν
930 5340 1235 5413 χρημάτων
1319 5339 1533 5410 πλῆθος
1614 5341 1794 5397 ἰκανὸν
1854 5348 1972 5407 τοῖς

327 5431 599 5502 πονηροῖς
643 5429 814 5497 κακὴν
868 5426 1126 5483 ὑπόνοιαν
1175 5426 1438 5503 ἐμϐαλεῖν
1494 5432 1616 5506 περὶ
1672 5434 1858 5503 ἡμῶν,
1922 5433 1969 5487 εἰ

327 5517 405 5589 μὴ
437 5514 614 5578 οὕτως
648 5512 965 5578 ἐπιλέκτους
994 5518 1132 5590 πρὸς
1162 5519 1261 5585 τήν
1298 5515 1580 5594 ὑποδοχὴν
1613 5519 1789 5575 αὐτῶν
1830 5522 1970 5592 ἦμεν

324 5604 694 5685 πεπομφότες.
726 5605 842 5663 Οὐκ
896 5605 1014 5661 εἶπε
1062 5603 1141 5677 δὲ,
1190 5608 1283 5676 Μή
1337 5607 1491 5680 ὑμεῖς
1543 5605 1971 5680 σκανδαλισθῆτε

326 5694 447 5773 περὶ
480 5695 663 5772 ἡμῶν,
688 5690 778 5750 ἵνα
807 5695 887 5770 μή
919 5691 1104 5771 πλήξῃ
1138 5693 1358 5769 αὐτοὺς,
1389 5694 1556 5759 ἀλλὰ.
1589 5720 1618 5752 ‹‹
1648 5699 1744 5773 Μή
1800 5718 1905 5763 τις.
1937 5723 1969 5755 »

2076 4719 2441 4783 Coartantes,
2472 4722 2531 4774 et
2558 4717 2621 4772 in
2666 4716 2781 4773 hoc
2827 4701 3185 4771 munientes.
3214 4734 3245 4766 ››
3291 4715 3372 4769 Ne
3423 4713 3556 4786 quis
3611 4731 3724 4771 nos

2078 4816 2299 4882 carpat.
2340 4829 2359 4855 σ
2394 4810 2733 4880 Propterea,
2766 4806 2981 4877 inquit,
3017 4805 3163 4861 tales
3207 4804 3501 4871 misimus,
3553 4805 3722 4861 veriti

2078 4905 2138 4957 et
2166 4898 2546 4955 observantes
2576 4913 2651 4952 ne
2681 4896 2815 4968 quis
2843 4911 3083 4966 pravam
3113 4893 3423 4950 adversum
3474 4912 3585 4950 nos
3616 4894 3722 4949 ha-

2077 4991 2216 5047 beat
2258 4988 2675 5059 suspicionem,
2718 4994 2999 5058 tanquam
3048 4987 3360 5058 pecuniam
3405 4986 3576 5042 nobis
3624 5003 3719 5041 su-

2078 5099 2241 5137 mere
2273 5078 2542 5137 velimus.
2578 5101 2604 5129 ι(
2640 5079 2704 5134 In
2756 5080 2866 5133 hac
2914 5077 3302 5133 exuberantia
3350 5095 3480 5148 qua)
3529 5078 3720 5133 admi-

2081 5171 2369 5226 nistratur
2397 5186 2431 5223 a
2462 5167 2653 5224 nobis.
2690 5190 2718 5217 ››
2749 5168 2868 5223 Hoc
2898 5171 3006 5233 est,
3029 5183 3098 5223 eo
3130 5167 3289 5237 quod
3313 5167 3642 5223 exuberans
3664 5172 3724 5223 et

2079 5258 2391 5315 abundans
2435 5256 2633 5312 futura
2689 5255 2766 5312 sit
2820 5255 3179 5312 contributio
3222 5260 3435 5310 vestra.
3488 5256 3719 5311 Etenim

2080 5346 2392 5405 abundans
2422 5346 2810 5418 pecuniarum
2841 5345 3158 5402 multitudo
3186 5349 3389 5416 posset
3411 5346 3603 5415 pravis
3633 5362 3721 5401 ve-

2078 5437 2394 5492 risimilem
2424 5435 2671 5507 injicere
2702 5433 3103 5505 suspicionem
3125 5433 3197 5489 de
3219 5433 3413 5501 nobis,
3435 5435 3552 5490 nisi
3573 5435 3720 5491 adeo

2079 5526 2298 5581 electos
2327 5523 2400 5579 ad
2426 5523 2665 5578 illarum
2698 5522 3135 5593 susceptionem
3174 5523 3567 5580 misissemus.
3601 5527 3720 5580 Non

2079 5614 2481 5671 dixitautem:
2522 5613 2604 5667 Ne
2655 5628 2757 5667 vos
2813 5611 3238 5667 oﬂ‘endiculum
3287 5612 3597 5684 patiamini
3644 5615 3717 5671 de

2078 5702 2272 5776 nobis,
2291 5717 2367 5760 ne
2387 5702 2548 5777 ipsos
2568 5700 2891 5773 morderet,
2913 5700 3039 5773 sed,
3061 5723 3090 5752 ιι
3113 5702 3199 5759 Ne
3214 5703 3373 5773 quis.
3391 5720 3419 5756 ι
3446 5732 3513 5745 --
3536 5724 3565 5755 ιι
3586 5706 3721 5763 Pro-
