4048 6250
409 359 568 420 1019
1488 360 1910 424 ἚΕΠΜΕΝΙΙ
1959 359 2001 418 Τ

2159 360 2268 420 ΞιΕ
2315 361 2663 423 EPISCUPI
3640 359 3757 420 1020

414 499 689 550 curantes
721 493 988 551 honesta.
1027 517 1055 544 ››
1111 495 1254 552 Vide
1311 513 1428 567 quo
1483 513 1544 551 se
1594 496 1882 552 demittat.
1934 497 2012 550 No

2170 517 2288 542 —«
2327 493 2731 567 Προνοούμενοι
2806 493 2968 552 καλά.
3051 516 3080 544 «
3151 494 3296 567 ’Όρα
3405 486 3768 564 συγκατᾶὗασιν.

414 583 597 638 dixit:
634 583 778 638 Cum
811 583 958 638 mihi
990 585 1060 640 de
1091 585 1246 641 bono
1280 602 1455 658 opere
1488 587 1764 641 conscius
1797 586 1929 651 sim,
1963 601 2012 656 gi

2171 582 2273 638 Οὐκ
2302 583 2439 652 εἶπε,
2470 587 2567 638 τοῦ
2598 581 2904 645 συνειδότος
2940 603 3048 657 μου
3081 581 3232 645 ὄντος
3283 582 3473 656 ὀρθοῦ,
3532 582 3769 655 οἱμωζέτω

416 679 540 728 mat
569 680 856 743 quantum
887 673 1027 728 velit
1050 675 1150 745 qui
1183 675 1406 746 aliquid
1433 675 1764 746 suspicatur
1780 674 2014 730 mali.Se

2175 673 2470 728 Βὺπονοῶν
2501 695 2552 728 τι
2613 673 2797 728 κακόν.
2858 671 3034 731 Ἀλλά
3089 672 3179 739 τίς
3238 673 3343 727 Διὰ
3396 675 3573 736 τοῦτο,
3624 675 3773 746 φησὶν,

417 762 607 834 quid?
636 765 975 835 Propterea,
1010 766 1223 835 inquit,
1257 767 1330 820 ad
1379 766 1754 821 securitatem
1801 767 1953 820 hanc
2005 785 2015 818 t

2176 761 2243 824 εἷς
2272 763 2368 830 τὴν
2402 760 2696 828 ἀσφάλειαν
2743 763 2834 816 καὶ
2889 763 2992 830 τὴν
3053 755 3343 835 ἀκρίϐειαν
3392 760 3583 827 ταύτην
3619 759 3774 830 ἦλθον,

418 852 787 924 diligentiam
839 853 1067 917 deveni,
1128 856 1275 911 665
1336 855 1618 925 quoniam
1677 873 2016 926 procuramt

2178 849 2353 919 ἐπειδὴ
2387 855 2732 924 προνοοῦμεν
2800 849 2970 920 καλὰ,
3028 853 3307 915 τουτέστι,
3368 846 3551 908 καλῶς
3604 848 3776 903 ἀκούειν

414 942 682 1003 honesta,
718 943 829 996 hoc
862 948 966 1004 est.
1002 944 1152 998 bene
1188 945 1415 1002 audire.
1450 962 1567 999 non
1621 946 1810 1000 solum
1864 962 2012 1000 cora]

2181 941 2230 995 νύ
2289 943 2447 1014 μόνον
2505 935 2814 1015 ἔμπροσθεν
2877 944 3036 1008 Θεοῦ,
3104 938 3252 995 ἀλλὰ
3334 938 3426 992 καὶ
3506 937 3779 1012 ἀνθρώπων.

415 1031 554 1098 Deo,
591 1029 692 1086 sed
727 1031 902 1085 etiam
963 1048 1160 1086 coram
1222 1033 1582 1088 hominibus.
1648 1036 1790 1088 Nam
1843 1043 2013 1105 quam

2181 1033 2316 1099 Ὀσῳ
2372 1031 2473 1105 γὰρ
2551 1051 2697 1090 τινες
2780 1029 3154 1106 ἀσθενέστερον
3238 1025 3556 1096 διᾶκεινται,
3635 1026 3779 1103 φησὶν,

421 1124 558 1175 sunt
589 1120 862 1174 nonnulli
895 1121 1252 1176 imbecillius
1284 1122 1575 1189 affecti,eo
1607 1123 1791 1195 magis
1823 1139 2019 1180 necess

1453 1123 1575 1189 .i,eo
1607 1123 1791 1195 magis
1823 1139 2064 1180 necesse
2170 1121 2378 1194 ἀνάγκη
2407 1115 2849 1195 συγκαταϐαίνειν
2882 1120 3051 1192 ἡμᾶς.

421 1213 510 1263 est
539 1213 604 1262 ut
632 1224 741 1262 nos
772 1209 933 1281 ipsos
967 1209 1366 1266 demittamus.

491 1296 634 1360 VIII,
667 1301 848 1352 22-24.
895 1320 922 1348 ‹‹
959 1299 1222 1354 Misimus
1253 1306 1450 1354 autem
1479 1317 1599 1356 una
1628 1318 1763 1357 cum
1795 1301 1915 1356 illis
1946 1302 2064 1357 fra-

2246 1303 2668 1374 Συνεπὲμψαμεν
2741 1297 2799 1354 δὲ
2883 1299 3065 1359 αὐτοῖς
3146 1299 3237 1354 τὸν
3327 1294 3564 1375 ἀδελφὸν
3634 1297 3783 1367 ἡμῶν,

423 1407 450 1434 ‹‹
485 1391 634 1460 trem
658 1393 946 1445 nostrum.
973 1404 1148 1458 quem
1170 1388 1548 1460 probavimus
1570 1391 1630 1444 in
1657 1391 1860 1447 multis
1892 1407 2021 1462 saep:

2185 1393 2227 1446 iv
2291 1389 2690 1465 ἐδοκιμάσαμεν
2749 1391 2802 1444 έν
2859 1388 3091 1450 πολλοῖς
3172 1385 3452 1449 πολλάκις
3536 1383 3783 1440 σπουδαῖον

421 1497 449 1524 α
475 1491 723 1530 numero
747 1476 1279 1547 diligentemmunc
1304 1495 1508 1533 aurem
1529 1481 1713 1535 multo
1732 1479 2019 1553 diligenti<

2185 1477 2322 1544 ivra,
2426 1480 2542 1533 νυνὶ
2619 1477 2676 1534 δέ
2749 1476 2894 1535 πολὺ
2971 1475 3399 1550 σπουδαιότερον
3505 1476 3783 1542 πεποιθήσει

416 1585 444 1615 ‹‹
477 1581 602 1619 rem
635 1565 706 1619 ob
739 1565 986 1620 multam
1022 1566 1295 1622 fiduciam
1331 1585 1510 1638 quam
1542 1569 1720 1624 habet
1750 1585 1885 1641 ergo
1925 1586 2014 1624 vos

2183 1567 2363 1642 πολλῇ
2420 1573 2488 1642 τῇ
2549 1569 2626 1629 εὶς
2687 1568 2848 1640 ὑμᾶς.
2903 1565 3032 1622 Εῗτε
3087 1566 3218 1640 ὑπὲρ
3304 1563 3493 1632 Τίτου,
3567 1563 3781 1622 κοινωνὸς

415 1676 445 1704 ‹‹
474 1654 592 1709 sive
617 1671 722 1725 pro
747 1655 891 1717 Tito,
924 1657 1118 1710 socius
1140 1673 1305 1711 meus
1328 1664 1419 1711 est
1439 1663 1497 1713 et
1526 1658 1764 1728 adjutor
1790 1674 1924 1727 erga
1945 1674 2013 1712 vo

2184 1655 2305 1728 ἒμὸς
2343 1657 2433 1710 καὶ
2492 1655 2568 1719 εἰς
2635 1657 2773 1728 ὑμᾶς
2834 1653 3106 1729 συνεργός,
3167 1653 3298 1710 Ηίτε
3357 1651 3581 1726 ἀδελφοὶ
3640 1653 3782 1722 ὑμῶν,

416 1765 444 1793 ‹‹
475 1743 592 1798 sive
615 1760 719 1814 pro
737 1743 890 1809 aliis,
915 1743 1126 1800 fratres
1147 1746 1332 1800 nostri
1357 1753 1497 1801 sunt
1519 1754 1575 1801 et
1595 1748 1766 1819 legati
1788 1747 2009 1804 Ecclesi

2184 1743 2478 1799 ἀπόστολοι
2566 1743 2928 1816 Ἐκκλησιῶν,
3017 1742 3144 1814 δόξα
3220 1745 3482 1818 Χριστοῦ.
3565 1743 3667 1811 Τήν
3715 1738 3782 1793 οὖν

418 1855 446 1881 ‹‹
474 1849 623 1895 rum,
658 1833 845 1901 gloria
868 1832 1104 1888 Christi.
1139 1835 1392 1889 Proinde
1421 1836 1846 1891 documentum
1880 1838 2016 1892 char

2185 1829 2392 1907 ἔνδειξιν
2450 1841 2548 1904 τῆς
2602 1833 2817 1908 ἀγάπης
2878 1833 3050 1906 ὑμῶν,
3110 1833 3198 1887 καὶ
3254 1834 3419 1904 ἡμῶν
3503 1833 3783 1905 καυχήσεως

419 1923 617 1977 «tatis
651 1929 877 1989 vestrae,
913 1930 1214 1978 etnostraa
1261 1925 1331 1979 de
1375 1925 1537 1980 vobis
1585 1927 1954 1998 gloriationis
2002 1928 2017 1980 i

2183 1925 2307 2000 ὗπὲρ
2342 1925 2512 1998 ὑμῶν,
2543 1923 2617 1985 εἷς
2665 1922 2862 1985 αὐτοὺς
2912 1921 3208 1992 ἐνδείξασθε
3254 1923 3347 1976 καὶ
3399 1921 3476 1982 εἷς
3530 1920 3781 1993 πρόσωπον

424 2033 452 2061 ι(
484 2029 583 2066 eos
613 2013 1015 2066 demonstrate
1049 2014 1122 2068 ad
1154 2019 1486 2086 respectum
1519 2017 1933 2073 Ecclesiarum.
1965 2040 1992 2067 »

1087 2014 1122 2067 d
1154 2019 1486 2086 respectum
1519 2017 1933 2073 Ecclesiarum.
1965 2040 1992 2067 »
2172 2018 2280 2069 τῶν
2316 2012 2679 2082 Ἐκκλησιῶν.

490 2105 634 2156 Ecce
667 2109 725 2156 et
756 2104 996 2157 tertium
1028 2104 1321 2175 adjunxit,
1357 2124 1610 2179 eumque
1645 2126 1762 2164 non
1804 2111 1931 2166 sine
1964 2126 2064 2165 en-

2247 2101 2387 2161 Ἰδοὺ
2439 2104 2528 2157 καὶ
2585 2099 2768 2176 ἕτερον
2823 2102 3150 2177 προσέθηκε,
3195 2101 3288 2156 καὶ
3335 2105 3530 2154 τοῦτον
3578 2099 3682 2171 μετ’
3718 2097 3784 2170 ἐγ-

418 2191 631 2247 comio.
669 2210 692 2233 «
725 2193 908 2256 Quem
941 2195 1336 2265 probavimus.
1374 2218 1402 2245 ››
1436 2198 1675 2253 Extollit
1713 2217 1747 2254 a
1777 2216 1883 2255 sua
1930 2218 2016 2272 pr<

2182 2192 2409 2266 κωμίου.
2473 2217 2499 2241 ‹‹
2559 2193 2658 2248 "Ov
2719 2187 3137 2264 ἐδοκιμάσαμεν.
3203 2214 3230 2240 ››
3294 2192 3538 2263 Ἐπαίρει
3598 2187 3652 2241 ὲκ
3703 2192 3780 2252 τῆς

415 2281 653 2336 batione
684 2281 896 2335 virum.
959 2284 1059 2337 Est
1107 2289 1303 2338 autem
1364 2286 1556 2341 laudis
1604 2288 1860 2343 intensio
1908 2306 2013 2359 quc

2181 2282 2342 2336 αὐτοῦ
2373 2277 2693 2353 δοκιμασίας
2756 2279 2847 2332 τὸν
2909 2275 3096 2352 ἄνδρα.
3158 2279 3446 2337 Ἐπίτασις
3497 2272 3551 2329 δὲ
3600 2273 3779 2328 ἐπαίνου

419 2371 536 2426 ait:
570 2371 636 2423 In
670 2371 874 2426 multis
906 2377 964 2427 et
996 2387 1426 2444 saepenumero.
1458 2407 1518 2417 υ-
1546 2376 1628 2432 Ob
1652 2379 1898 2433 multam
1924 2378 2017 2434 fidi

2174 2371 2257 2441 τὸ,
2299 2395 2327 2423 ‹‹
2362 2371 2449 2426 Ἐν
2479 2369 2714 2432 πολλοῖς
2744 2369 2833 2424 καὶ
2861 2369 3155 2430 πολλάκις.
3193 2392 3218 2418 ››
3259 2369 3578 2436 Πεποιθήσει
3605 2363 3772 2435 πολλῇ.

424 2463 596 2517 ciam.
622 2484 648 2509 »
671 2462 941 2517 Conﬁsus
964 2463 1120 2533 quod
1153 2465 1225 2518 ad
1254 2481 1354 2521 vos
1385 2467 1626 2522 veniens
1657 2485 1778 2522 non
1817 2469 2022 2525 frustra

2176 2458 2425 2530 Ἐπειδὴ,
2483 2462 2636 2536 φησι,
2688 2459 2871 2536 θαῤῥεὶ
2918 2460 2991 2520 ὡς
3042 2460 3140 2514 οὐκ
3186 2459 3536 2527 ἀποτεύξεται
3587 2454 3773 2527 ἐρχόμε-

421 2552 583 2606 bitur
611 2552 861 2618 intento,
896 2552 1239 2624 diligentior
1281 2555 1473 2611 adhuc
1516 2556 1705 2612 factus
1755 2564 1845 2612 est
1891 2575 2019 2628 qua]

2175 2571 2262 2612 νος
2302 2551 2437 2623 πρὸς
2501 2550 2660 2622 ὑμᾶς,
2737 2545 3158 2622 σπουδαιότερος
3236 2547 3306 2602 οὗ
3381 2550 3446 2615 ἦν
3519 2543 3767 2622 γεγένηται.

425 2648 599 2698 antea
627 2641 822 2696 fuerit.
861 2663 887 2690 «
923 2643 1048 2698 Sive
1081 2660 1185 2714 pro
1217 2644 1361 2698 Tito.
1396 2669 1422 2695 »
1483 2647 1975 2718 Quandoquidem
2009 2649 2022 2702 i

2182 2663 2207 2694 α
2241 2641 2370 2696 Ε’ἰτε
2404 2639 2532 2712 ὑπὲρ
2594 2639 2785 2694 Τίτου.
2824 2659 2847 2689 υ
2911 2635 3133 2706 Ἐπειδὴ
3181 2634 3463 2709 ἀπέδειξεν
3509 2635 3654 2688 αὑτῶν
3692 2631 3765 2698 τὴν

417 2732 612 2787 lorum
643 2731 918 2786 virtutem
953 2732 1232 2796 ostendit,
1287 2733 1568 2808 deinceps
1623 2746 1864 2808 propter
1910 2738 2015 2809 ipse

2181 2730 2398 2802 ἀρετὴν,
2431 2725 2739 2798 παρακαλεῖ
2788 2725 2980 2781 λοιπὸν
3037 2724 3105 2780 δι’
3160 2725 3393 2794 αὐτοὺς,
3451 2725 3533 2778 καὶ
3578 2720 3619 2776 ἐν
3660 2719 3760 2789 αὑτῇ

421 2824 787 2886 exhortatur,
821 2827 880 2876 et
908 2823 970 2876 in
993 2822 1121 2894 ipsa
1175 2805 1582 2880 exhortatione
1615 2805 1816 2881 laudat
1858 2805 1979 2893 eos,
2015 2852 2019 2873 ‹

2178 2822 2248 2890 τῇ
2274 2815 2618 2892 παρακλήσει
2662 2815 2995 2893 ἐγκωμιάζει
3051 2815 3283 2885 αὐτοὺς,
3335 2815 3427 2868 καί
3473 2828 3626 2893 φησιν·
3663 2805 3749 2862 Εἴτε

423 2911 551 2965 ait:
587 2909 712 2964 Sive
754 2927 858 2982 pro
914 2911 1039 2966 Tito
1099 2912 1324 2983 aliquid
1364 2913 1560 2968 dicere
1605 2921 1892 2986 oporteat,
1948 2916 2021 2970 ba

2183 2908 2316 2982 ὑπὲρ
2346 2908 2512 2963 Τίτου
2546 2903 2646 2973 δεῖ,
2698 2905 2851 2983 φησὶ,
2899 2905 2951 2959 τί
3001 2903 3194 2973 εἰπεῖν,
3243 2909 3425 2959 ταῦτα
3474 2902 3566 2976 ἔχω
3599 2897 3734 2971 λέγειν,

426 3015 637 3072 posum
671 2998 867 3055 dicere
921 3001 1079 3071 quod
1139 3002 1332 3057 socius
1382 3003 1526 3058 mihi
1576 3010 1681 3072 est,
1736 3010 1792 3059 et
1839 3005 2024 3075 adjut<

2182 2996 2266 3051 ὅτι
2297 2993 2561 3058 κοινωνός
2601 2993 2740 3049 ἐστιν
2773 2991 2920 3065 ἐμοὶ,
2951 2994 3039 3046 καὶ
3081 2995 3345 3068 συνεργός
3396 3014 3498 3060 μου
3536 2990 3589 3048 εἰς
3623 2986 3736 3075 ivit-5:,

425 3070 594 3144 incus
626 3093 684 3143 et
713 3105 850 3160 erga
878 3070 980 3144 vos
1011 3095 1069 3146 et
1099 3090 1171 3145 ad
1202 3097 1456 3148 vestram
1489 3093 1738 3150 salutem
1771 3110 1837 3150 ac
1871 3095 2023 3150 fidem

2180 3085 2271 3140 καὶ
2303 3084 2378 3146 εἷς
2409 3085 2507 3153 τήν
2552 3084 2704 3157 ὑμῶν
2755 3081 3026 3157 σωτηρίαν
3082 3081 3170 3136 καὶ
3222 3084 3430 3139 πίστιν.
3481 3078 3626 3153 Μέγας
3659 3070 3743 3125 δὶδ

423 3175 525 3230 Est
545 3183 738 3231 autem
764 3178 978 3232 eximia
999 3179 1144 3234 laus.
1173 3180 1298 3236 Sive
1321 3199 1427 3253 pro
1452 3182 1583 3237 aliis
1614 3183 1840 3254 aliquid
1871 3184 2021 3240 dice:

2181 3171 2416 3234 ἔπαινος,
2447 3172 2554 3227 εἷ’τε
2597 3172 2726 3246 ὑπὲρ
2759 3176 2866 3224 τῶν
2913 3169 3105 3226 ἅλλιον
3159 3168 3245 3225 δεῖ
3301 3193 3377 3236 τι,
3431 3169 3577 3250 φησὶν
3617 3163 3755 3222 εἰπεῖν,

2244 3268 2267 3272 μ
2372 3257 2395 3272 ιι
2528 3261 2577 3272 ι.
2757 3261 2780 3272 ..
2899 3259 2967 3272 ..
3049 3257 3154 3272 ..ιι
3256 3261 3333 3272 ι.
3403 3265 3429 3272 ..
3538 3257 3550 3272 ς
3606 3253 3615 3270 I
3680 3247 3755 3272 Α-.

423 3271 726 3337 oporteat:
761 3266 886 3320 haec
918 3267 1104 3322 habeo
1136 3285 1266 3339 quae
1294 3247 1483 3325 dicam
1517 3272 1673 3342 quod
1691 3247 1830 3327 sunt
1853 3273 2021 3330 iratre

2172 3268 2338 3319 ταῦτα
2370 3257 2486 3336 ἔχω
2523 3261 2718 3334 λέγειν,
2753 3261 2838 3315 δτι
2871 3259 3003 3314 εἰσὶν
3037 3257 3274 3338 ἀδελφοὶ
3305 3262 3486 3332 ἡμῶν,
3528 3247 3761 3310 ἀπόστολοι

423 3354 634 3418 nostri,
669 3354 842 3424 legati
879 3355 1298 3423 Ecclesiarum,
1333 3375 1404 3413 ex
1435 3359 1724 3415 electione
1768 3361 2014 3417 videlice

2172 3350 2540 3421 Ἐκκλησιῶν,
2575 3349 2626 3421 ἐξ
2657 3349 2927 3423 έπιλογῆς
2961 3347 3249 3418 δηλονότι.
3287 3374 3317 3402 ‹‹
3351 3349 3483 3418 Δόξα
3509 3342 3763 3416 Χριστοῦ.»

422 3463 449 3493 ‹‹
484 3442 680 3497 Gloria
711 3442 1006 3498 Christi.»
1071 3448 1115 3500 Α
1174 3463 1300 3510 sua,
1360 3447 1574 3518 inquit.
1621 3451 2020 3506 conversation

2170 3443 2257 3512 Ἐξ
2291 3443 2387 3510 ὧν,
2415 3439 2572 3520 φησὶ,
2603 3438 3007 3509 πολιτεύονται,
3042 3435 3196 3510 δόξαν
3232 3440 3548 3513 προξενοῦσι
3576 3429 3764 3505 Χριστῷ·

419 3529 667 3602 gloriam
703 3530 930 3585 Christo
963 3533 1303 3589 conciliant.
1339 3558 1364 3585 «
1398 3517 1468 3590 Ut
1526 3537 1813 3604 videntes,
1851 3540 2016 3610 inqui

2171 3533 2284 3586 Ἵνα
2340 3517 2464 3604 γὰρ,
2525 3529 2682 3606 φησὶ,
2741 3530 3067 3596 θεωροῦντες
3126 3527 3284 3598 ὐμῶν
3355 3526 3420 3580 τὰ
3480 3522 3606 3579 καλᾶ
3652 3517 3766 3610 ἔρηταί

420 3625 614 3674 vestra
644 3618 802 3674 bona
842 3636 1020 3692 opera
1048 3622 1381 3695 glorificent
1410 3627 1644 3681 Patrem
1676 3608 2018 3700 vestrum-gl

2174 3618 2440 3690 δοξάσωσι
2488 3618 2580 3674 τὸν
2634 3615 2846 3690 Πατέρα
2902 3617 3056 3688 ὑμῶν
3115 3618 3207 3671 τὸν
3272 3617 3324 3671 ἐν
3383 3620 3494 3675 τοῖς
3549 3608 3766 3700 εὐρλιῑνρἓι

425 3710 485 3764 in
501 3709 663 3765 ccelis
682 3717 772 3765 est
790 3709 858 3766 5‘.
877 3731 905 3758 ››
921 3741 986 3750 --
1009 3733 1037 3760 ‹‹
1053 3693 1306 3768 Proinde
1325 3713 1749 3772 documentum
1767 3717 2023 3783 charitat'

2173 3733 2202 3762 «
2237 3710 2349 3778 Τὴν
2385 3705 2477 3762 οὖν
2520 3701 2741 3776 ἔνδειξιν
2800 3707 2902 3770 τῆς
2969 3705 3182 3781 ἀγάπης
3254 3707 3424 3778 ὑμῶν.
3459 3726 3485 3754 ››
3539 3693 3767 3783 Ἐνδειξιγι

423 3804 650 3855 νοείτω.
681 3822 705 3847 ››
730 3801 1157 3856 Documentum
1185 3803 1316 3872 hoc,
1342 3810 1450 3872 est,
1475 3805 2021 3863 demonstrationen

2173 3797 2474 3865 τουτέστιν,
2524 3794 2820 3867 ἀπόδειξιν,
2871 3779 3130 3870 ἔλεγχον,
3182 3794 3458 3864 ἐπίδειξιν.
3526 3789 3619 3855 Τήν
3665 3779 3771 3837 ἀπό·

427 3896 863 3962 argumentum,
900 3893 1324 3948 ostensionem.
1360 3895 1962 3964 Demonstrationem,
1986 3897 2025 3951 ἱι

2176 3887 2362 3960 δειξιν,
2395 3888 2584 3967 φησὶν,
2624 3886 2690 3955 ἧς
2723 3907 2791 3958 με
2843 3887 3082 3959 ἀγαπᾶτε
3130 3885 3370 3961 ἀγάπης,
3419 3883 3501 3938 καὶ
3544 3881 3769 3967 τῆς-καθ·

428 3979 574 4048 quit,
610 3979 946 4035 dilectionis
977 3998 1092 4052 qua
1120 3999 1215 4037 me
1275 3982 1539 4056 diligitis,
1597 3991 1654 4040 et
1700 3961 2026 4058 gloriation:

2176 3961 2418 4054 χήσεως
2472 3977 2539 4046 ἧς
2611 3975 2952 4051 καυχώμεθα
3033 3975 3167 4050 ὑπὲρ
3249 3976 3421 4047 ὑμῶν,
3496 3969 3565 4030 εἷς
3614 3961 3769 4019 αὐτοὺς

430 4083 544 4138 qua
576 4068 647 4121 de
683 4069 844 4122 vobis
873 4069 1216 4141 gloriamur,
1249 4073 1310 4126 in
1362 4073 1496 4128 illos
1555 4075 1868 4139 ostendite,
1914 4091 2028 4147 quo

2177 4067 2530 4136 ἐπιδείξασθε.
2559 4065 2705 4134 “Ott,
2738 4063 2920 4140 φησὶν,
2977 4063 3076 4118 οὐκ
3131 4063 3247 4132 εἰκῆ
3309 4063 3437 4136 ὑπὲρ
3493 4059 3627 4131 ὑμῶν
3667 4068 3769 4147 καθα

427 4173 549 4210 non
585 4161 802 4212 temere
834 4173 900 4212 ac
930 4157 1148 4214 frustra
1178 4159 1249 4215 de
1271 4162 1434 4217 vobis
1456 4163 1692 4234 glorier,
1719 4180 1787 4218 ac
1809 4165 1856 4218 si
1879 4163 2025 4220 dicat

2179 4161 2392 4232 χῶμαι,
2425 4155 2500 4216 ὠς
2533 4153 2578 4209 εἰ
2612 4137 2814 4225 ἔλεγεν·
2853 4152 2918 4210 Εἰ
2946 4151 3128 4207 θέλετε
3159 4150 3347 4223 δεῖξαι,
3405 4151 3474 4211 ὠς
3517 4149 3651 4218 ὑμεῖς
3698 4137 3767 4209 μὲν

429 4245 484 4299 Si
517 4245 692 4300 vultis
724 4246 1036 4302 ostendere
1069 4249 1226 4318 quod
1257 4267 1357 4305 vos
1385 4252 1624 4320 quidem
1657 4269 1751 4306 me
1803 4253 2027 4325 diligiti:

2179 4243 2421 4322 ἀγαπᾶτέ
2455 4265 2544 4314 με,
2580 4243 2685 4316 ἐγὼ
2729 4239 2785 4296 δὲ
2841 4240 3070 4302 δικαίως
3133 4243 3264 4315 ὑπὲρ
3325 4243 3468 4313 ὑμῶν
3523 4235 3766 4305 καυχῶμαι

429 4351 534 4406 ego
567 4341 764 4389 autem
798 4337 1007 4390 merito
1043 4335 1113 4389 de
1157 4337 1318 4392 vobis
1366 4339 1608 4410 glorior,
1658 4340 1768 4394 hos
1823 4320 2027 4414 diligitc

2176 4320 2402 4394 τούτους
2476 4331 2811 4405 ἀγαπήσατε,
2887 4329 3102 4392 τούτοις
3178 4325 3384 4385 ἔννοιαν
3470 4320 3766 4416 ἐπιδείξασϐε;

429 4424 519 4478 his
551 4425 1022 4480 benevolentiam
1047 4425 1316 4481 exhibete
1343 4447 1365 4478 σ
1393 4428 1479 4482 Ad
1508 4435 1842 4499 respectum
1874 4410 2027 4485 Ec'cle

2182 4420 2336 4482 «Εἷς
2367 4419 2660 4494 πρόσωπον
2731 4423 2838 4473 τῶν
2915 4417 3255 4487 Ἐκκλησιῶν
3316 4440 3340 4470 ι
3419 4410 3766 4499 Τουτέξττιιξαί

430 4513 670 4578 siarum,
706 4535 733 4564 »
765 4514 883 4569 Hoc
915 4520 1023 4576 est,
1057 4515 1236 4569 etiam
1261 4515 1334 4570 ad
1365 4517 1651 4571 honorem
1673 4519 2028 4573 Ecclesiarul

2183 4512 2257 4574 εἷς
2332 4511 2498 4582 τιμὴν
2576 4513 2683 4563 νῶν
2761 4507 3170 4562 ἀποστειλασῶν
3227 4505 3420 4567 αὐτοὺς
3459 4497 3764 4582 Ἐκκλησιῳν·

429 4619 556 4672 qua:
589 4603 748 4676 ipsos
779 4603 1090 4657 miserunt.
1124 4604 1278 4658 666
1312 4607 1455 4659 Nam
1487 4605 1533 4658 si
1559 4621 1658 4659 eos
1687 4607 2027 4663 honoraveri

2180 4603 2279 4658 “Av
2307 4601 2409 4676 γὰρ
2439 4599 2665 4659 τούτους
2696 4599 2993 4670 τιμήσητε,
3023 4597 3118 4658 τὰς
3151 4593 3532 4652 ἀποστειλάσας
3578 4581 3768 4676 Ἐκκῗθν

426 4691 522 4754 tis,
558 4692 850 4746 Ecclesias
877 4709 1006 4762 quae
1054 4709 1153 4746 eos
1201 4694 1492 4748 miserunt
1540 4695 1896 4750 honorastis.
1950 4699 2024 4752 No

2185 4690 2301 4752 σίας
2321 4667 2646 4761 ’ἐτιμήσατε
2679 4667 2938 4764 Οὐῠλέγει
2967 4684 3025 4741 δὲ
3055 4687 3375 4761 ἀνθρώπων,
3408 4679 3528 4738 ἀλλ’
3573 4667 3767 4774 ’βκκλτὲ-

431 4779 580 4833 dixit
609 4785 807 4834 autem
866 4782 1205 4850 Hominum,
1260 4783 1362 4837 sed
1411 4783 1830 4850 Ecclesiarum,
1888 4802 2029 4858 mag

2186 4783 2334 4848 σιῶν,
2373 4779 2696 4852 σεμνότερον
2761 4778 2873 4850 ἅμα
2928 4775 3017 4831 καὶ
3073 4775 3437 4849 ἀπαραίτητον
3491 4769 3647 4822 ποιῶν
3694 4775 3761 4809 τον

425 4869 830 4924 venerandum
887 4870 1143 4926 reddens
1193 4888 1551 4941 sermonem,
1605 4879 1663 4929 et
1730 4875 1830 4944 qui
1881 4874 2076 4930 refelli
2185 4867 2370 4942 λόγον.

429 4965 707 5031 nequeaL

2373 5037 2381 5040 .
2506 5039 2511 5040 ,
2794 5032 2813 5040 Α
2989 5033 2998 5040 .
3322 5033 3335 5040 ι
3482 5027 3493 5040 \
3602 5023 3613 5040 Ι
3657 5017 3665 5035 ί

504 5027 592 5116 lit,
621 5053 736 5104 1-2.
759 5075 784 5100 u
814 5049 1116 5121 Siquidem
1145 5052 1216 5107 de
1240 5053 1792 5109 subministratione
1820 5071 1950 5125 quas
1977 5055 2079 5111 ﬁat

2259 5037 2389 5113 Περὶ
2462 5039 2560 5110 μὶν
2622 5042 2722 5104 τῆς
2790 5032 3065 5096 διακονίας
3129 5040 3228 5102 τῆς
3294 5033 3364 5094 εἷς
3420 5027 3536 5128 τοὺς
3592 5027 3759 5128 ἀγίουςς

431 5163 456 5189 α
493 5140 551 5194 in
586 5146 842 5205 sanctos,
876 5156 1302 5212 supervacuum
1335 5143 1588 5197 estmihi
1615 5143 1872 5198 scribere
1889 5142 2029 5198 vobi:

2187 5127 2441 5202 περισσόν
2498 5124 2592 5197 μοί
2641 5125 2754 5180 ἐστι
2803 5124 2863 5179 τὸ
2922 5125 3144 5200 γράφειν
3195 5124 3343 5196 ὑμῖν.
3393 5114 3519 5176 Οἶδα
3559 5114 3659 5212 γὰρ,
3685 5114 3759 5167 τήν

428 5252 454 5278 ‹‹
493 5231 628 5286 Novi
653 5231 834 5285 enimi
862 5230 1397 5302 promptitudinem
1428 5233 1610 5286 animi
1643 5235 1972 5304 vestri,qua
2006 5235 2026 5290 ε

2186 5215 2495 5290 προθυμίαν
2529 5214 2704 5285 ὑμῶν,
2765 5215 2832 5282 ἢν
2895 5214 3026 5288 ὑπὲρ
3081 5212 3234 5285 ὑμῶν
3284 5212 3556 5283 καυχῶμαι
3613 5197 3756 5327 Marti;

2193 5304 2280 5327 “’7
2402 5303 2474 5327 §'—-
2530 5303 2726 5327 ἰη-λε-.
2779 5301 3192 5327 ------μ--.ζμ--,μ
3260 5300 3353 5327 _s__;
3402 5297 3567 5327 _;,m,,,
3630 5301 3698 5327 καί

438 5342 457 5367 ε
492 5320 655 5376 vobis
685 5300 905 5392 glorior
935 5300 1092 5390 apud
1122 5321 1490 5389 Macedones,
1523 5322 1683 5392 quod
1729 5300 1945 5378 Achaia
1975 5341 2036 5394 pa

2188 5304 2362 5374 δόσιν,
2397 5303 2479 5358 ὅτι
2530 5303 2729 5378 Ἀχαῒα
2775 5301 3200 5377 παρεσκεύασται
3256 5300 3357 5355 ἀπὸ
3402 5300 3590 5368 πέρυσι,
3630 5301 3697 5337 καῑ

430 5432 455 5456 ‹‹
492 5416 619 5465 rata
649 5389 726 5463 sit
757 5410 828 5464 ab
870 5426 1027 5464 anno
1075 5409 1400 5479 superiore,
1450 5415 1509 5465 et
1555 5410 1730 5464 vestri
1781 5412 2028 5467 aemulati

1781 5389 2078 5467 εεωιιιείιίο
2189 5394 2241 5466 ἐξ
2274 5395 2426 5467 ὑμῶν
2461 5390 2650 5462 ζῆλος,
2683 5389 2900 5467 ἠρέθισε
2925 5392 3050 5452 τοὺς
3079 5389 3347 5453 πλείονας.

431 5520 458 5545 «
491 5499 831 5568 provocavit
859 5498 1227 5569 complures.

500 5655 548 5693 5‘
579 5656 780 5712 Matth.
821 5673 874 5726 ν,
907 5656 995 5713 ιο.
