4048 6250
296 395 450 457 1021

298 617 485 689 σύνης.
546 615 676 693 Περὶ
728 615 933 687 ταύτης
1009 619 1302 691 τοιγαροῦν
1387 622 1485 683 τῆς
1548 610 1945 686 ἐλεημοσύνὴς,

292 706 484 764 πολλά
510 727 570 761 τε
599 703 791 776 εἰπὼν,
818 706 909 759 καὶ
942 702 1131 760 πολλά
1165 704 1345 779 Λέγειν
1378 703 1577 773 θέλων,
1645 708 1732 757 νῦν
1792 722 1945 782 φησι·

294 823 323 850 ι(
360 797 616 872 Περιττόν
649 794 745 869 μοί
813 794 925 850 ἐστι
972 795 1035 850 τὸ
1084 796 1308 871 γράφειν
1376 794 1524 867 ὑμῖν,
1562 817 1589 844 ››
1630 798 1794 848 τοῦτο
1853 792 1945 849 λέ-

296 910 435 966 γων,
479 885 617 941 ὥστε
670 882 887 959 μᾶλλον
944 883 1140 947 αὐτοὺς
1198 883 1615 941 ἐπισπάσασθαι.
1678 881 1945 957 Λίσχόνε-

290 998 381 1032 ται
440 977 540 1051 γάρ
601 974 881 1049 ἅνθρωπος
934 973 1191 1043 τοιαύτην
1253 971 1408 1042 δόξαν
1473 968 1615 1047 ἔχων
1678 973 1753 1033 ὡς
1808 974 1946 1043 μήτε

293 1063 503 1122 δεῖσθαι
536 1058 876 1135 συμϐουλῆς,
907 1062 1146 1118 ἐλάττων
1197 1068 1419 1138 φανῆναι
1480 1064 1578 1129 τῆς
1633 1058 1771 1121 ἰδίας
1810 1062 1941 1115 ὑπο-

287 1153 541 1229 λήψεως.
575 1150 713 1210 Οἶδα
743 1154 846 1227 γάρ
885 1154 984 1219 τήν
1030 1153 1332 1225 προθυμίαν
1372 1152 1544 1223 ὑμῶν.
1605 1150 1941 1226 Θαρῥοῦντος

294 1245 389 1319 μὲν
415 1244 477 1299 τὸ
504 1248 807 1305 πεπεῖσθαι·
840 1242 904 1296 τὸ
937 1239 993 1296 δὲ
1048 1242 1136 1295 καὶ
1202 1241 1277 1301 εἰς
1340 1239 1553 1313 ἐτέρους
1611 1240 1939 1313 καυχᾶσθαι,

289 1332 437 1389 πολὺ
470 1330 657 1386 πλέον.
699 1356 718 1381 ι
782 1331 900 1386 Ὀτι
949 1330 1163 1404 Ἀχαία.
1212 1349 1239 1381 ι
1301 1333 1491 1399 Τοῦτο,
1544 1329 1723 1403 φησὶν,
1786 1327 1940 1382 ἐκαυ-

294 1424 497 1499 χώμην
530 1422 664 1496 πρὸς
699 1417 1028 1488 Μακεδόνας,
1079 1420 1161 1474 ὅτι
1213 1419 1276 1473 οὐ
1339 1420 1499 1493 μόνον
1567 1420 1601 1487 ἡ
1652 1414 1937 1492 Κόρινθος,

289 1509 441 1568 ἀλλὰ
492 1510 579 1565 καὶ
637 1515 780 1563 πᾶσα
833 1509 866 1577 ἠ
931 1506 1148 1581 Ἀχαΐα,
1199 1508 1334 1582 πρὸς
1401 1507 1500 1575 τὴν
1558 1506 1936 1578 ἐλεημοσΰνην

291 1596 740 1675 παρεσκεύασται.
778 1598 1055 1671 Ἐπαρχία
1087 1594 1143 1650 δέ
1170 1596 1252 1659 τίς
1310 1596 1451 1649 ἐστιν
1483 1596 1516 1665 ἡ
1568 1593 1789 1670 Ἀχαία,
1853 1582 1940 1673 ὑφ’

283 1692 353 1762 ἢν
386 1705 421 1759 η
456 1691 746 1763 Κόρινθος.
780 1686 894 1745 Οὐκ
923 1688 1037 1741 εἶπε
1069 1683 1146 1755 δὲ,
1202 1684 1283 1740 ὅτι
1319 1685 1597 1759 Εἰσφέρει,
1626 1684 1684 1755 ἢ,
1729 1682 1937 1740 Συλλέ-

283 1800 393 1857 γει,
450 1776 617 1847 ἄλλα,
680 1800 707 1829 ί(
767 1774 1220 1852 ΙΙαρεσκεύασται,
1276 1798 1304 1825 ››
1361 1775 1677 1843 τουτέστιν,
1737 1772 1931 1846 ἑτοίμη

285 1868 425 1940 ἐστὶ,
457 1864 793 1941 πεπλήρωκε
824 1866 885 1920 τὸ
935 1870 1058 1932 πᾶν,
1100 1862 1293 1919 λοιπὸν
1350 1863 1475 1925 τοὺς
1535 1861 1934 1935 διακονησομέ-
1970 1897 2017 1961 Β

286 1978 414 2019 νους
444 1956 741 2031 περιμένει.
778 1979 805 2008 ‹‹
841 1953 943 2012 Καὶ
975 1956 1003 2009 ὁ
1043 1953 1093 2024 ἐξ
1148 1954 1299 2026 ὑμῶν
1363 1951 1552 2023 ζῆλος,
1584 1974 1610 2004 ι
1648 1955 1770 2010 "Evt
1835 1954 1937 2027 γὰρ

291 2046 381 2102 καὶ
417 2046 502 2102 ἐπὶ
534 2048 753 2120 Χριστῷ
801 2042 994 2115 ζῆλος.
1056 2043 1123 2098 Ei‘
1181 2041 1272 2097 οὖν
1325 2042 1480 2115 ὑμεῖς
1540 2041 1794 2119 γεγόνατε
1849 2040 1939 2096 καὶ

286 2141 405 2197 τοῖς
434 2133 631 2197 ἄλλοις
663 2133 915 2208 πρόξενοι
975 2137 1347 2209 συνεισφορᾶς,
1409 2137 1525 2194 πῶς
1587 2130 1684 2185 οὐκ
1741 2130 1941 2185 ἄτοπον

288 2227 431 2299 ὑμᾶς
465 2231 767 2298 στερῆσαι,
812 2247 838 2274 ‹‹
885 2224 1131 2298 Ἠρέθισε
1187 2220 1313 2282 τοὺς
1372 2218 1650 2282 πλείονας.
1728 2245 1747 2269 ιι
1812 2221 1939 2273 Καί-

287 2337 381 2375 τοι
440 2316 565 2390 περὶ
629 2310 952 2371 Μακεδόνων
1009 2311 1245 2387 εἷ’ρηκεν,
1334 2312 1417 2366 ὅτι
1473 2310 1783 2387 αὐθαίρετοι
1850 2309 1942 2365 καὶ

298 2407 435 2479 μετᾶ
467 2402 707 2468 σπουδῆς
735 2402 907 2473 ἦλθον
941 2402 1017 2463 εἰς
1071 2405 1259 2457 τοῦτο.
1318 2405 1440 2462 Πῶς
1492 2400 1581 2456 οὗν
1642 2404 1732 2455 νῦν
1776 2421 1940 2474 φησιν

294 2494 402 2562 ὅτι,
432 2519 459 2547 ι(
492 2494 555 2551 Ὀ
584 2492 633 2566 ἐξ
670 2493 822 2564 ὑμῶν
868 2491 1036 2561 ζῆλος
1094 2490 1340 2564 ἠρέθισεν
1396 2490 1593 2550 αὐτούς
1630 2508 1643 2557 ;
1709 2514 1729 2539 ι
1793 2488 1943 2564 Ἠρέ-

292 2584 413 2638 θισε
445 2582 573 2642 τοὺς
605 2578 862 2641 πλείονας
898 2580 959 2633 οὐ
991 2578 1215 2639 πάντας.
1274 2578 1500 2633 Ἔπειτα
1564 2576 1625 2630 τὸ
1697 2574 1944 2650 αὐθαίρε-

295 2694 417 2738 τον,
450 2670 617 2733 οὕτως
646 2670 781 2737 νόει,
814 2670 896 2723 ὅτι
932 2668 1007 2725 Οὐ
1069 2662 1586 2739 συνεϐουλεύσαμεν,
1636 2664 1758 2720 οὕτε
1814 2686 1944 2742 προ-

302 2760 631 2833 ετρεψαμεθα
672 2756 892 2821 αὐτοὺς,
926 2754 1054 2811 ἀλλ’
1089 2757 1226 2828 ὑμᾶς
1287 2753 1619 2830 ἐπῃνέσαμεν
1680 2755 1753 2817 ὡς
1803 2774 1941 2828 παρ-

300 2848 713 2919 εσκευασμένους
738 2846 843 2900 ἀπὸ
874 2844 1086 2921 πέρυσι,
1136 2845 1225 2899 καὶ
1282 2848 1442 2899 τοῦτο
1497 2841 1720 2919 ἤρκεσεν
1751 2844 1825 2905 εἰς
1880 2844 1942 2897 τὸ

292 2933 551 3012 διεγεῖραι
587 2934 802 2996 αὐτούς.

357 3204 616 3276 Ἔπεμψα
676 3198 732 3255 δὲ
786 3201 912 3261 τοὺς
970 3197 1268 3275 ἀδελφοὺς,
1345 3196 1442 3253 ’ίνα
1524 3201 1598 3272 μή
1697 3199 1759 3255 τὸ
1812 3199 1937 3254 καύ-

290 3313 456 3373 χημα
502 3294 662 3362 ἧμῖυν
719 3289 780 3345 τὸ
838 3289 969 3363 ὑπὲρ
1054 3289 1205 3360 ὑμῶν
1264 3290 1473 3361 κενωθῇ
1540 3287 1592 3342 ἐν
1650 3293 1730 3360 τῷ
1793 3287 1941 3363 μέρει

289 3382 491 3453 τούτῳ,
545 3380 634 3434 ’ἱνα
708 3380 885 3442 καθὼς
969 3376 1154 3454 ἔλεγον
1243 3378 1737 3451 παρεσκευασμένοι
1821 3378 1939 3447 ἦτε,

296 3472 371 3545 μή
433 3488 553 3529 πως
613 3466 699 3522 ἐὰν
753 3464 955 3521 ἔλθωσι
1008 3464 1098 3519 σὺν
1160 3463 1283 3537 ἐμοὶ
1343 3462 1669 3535 Μακεδόνες,
1719 3466 1810 3520 καὶ
1851 3465 1940 3529 εἶξε-

289 3581 454 3634 ρωσιν
487 3558 627 3629 ὑμᾶς
655 3553 1154 3630 ἀπαρασκευάστου,
1212 3558 1699 3633 καταισχυνθῶμεν
1754 3544 1941 3626 ἡμεῖς,

284 3648 375 3704 ’ίνα
402 3650 477 3721 μὴ
514 3646 786 3723 λέγωμεν,
822 3644 1003 3716 ὑμεῖς,
1035 3643 1087 3697 ἐν
1132 3646 1201 3717 τῇ
1254 3643 1543 3699 ὑποστάσει
1601 3644 1803 3713 ταύτης
1841 3650 1941 3713 τῆς

288 3738 637 3811 καυχήσεως.
682 3736 1001 3808 Ἀναγκαῖον
1057 3728 1148 3786 οὖν
1208 3733 1507 3809 ἡγησάμην
1568 3731 1942 3806 παρακαλέσαι

290 3826 420 3888 τοὺς
504 3822 823 3900 ἀδελφοὺς,
880 3821 969 3876 ἳνα
1024 3818 1364 3895 προέλθωσιν
1423 3821 1500 3883 εἷς
1569 3822 1707 3893 ὑμᾶς
1742 3864 1757 3889 ,
1850 3831 1942 3886 καὶ

292 3913 730 3993 προκαταρίσωσι
788 3914 886 3981 τήν
916 3908 1471 3986 προκατηγγελμένην
1500 3909 1754 3986 εὐλογίαν
1789 3912 1939 3983 ὑμῶν

290 4007 516 4075 ταύτην,
549 4004 776 4076 ἑτοίμην
811 4003 967 4070 εἶναι,
1002 3998 1197 4071 οὕτως,
1225 4000 1299 4061 ὡς
1330 3999 1584 4075 εὐλογίαν
1615 4000 1705 4054 καὶ
1759 4003 1832 4073 μὴ
1868 4001 1940 4061 ὠς

282 4096 595 4170 πλεονεξίαν
606 4139 619 4151 .

357 4195 491 4261 Ὅρα
520 4188 616 4257 τὴν
642 4182 974 4258 κηδεμονίαν
1013 4187 1110 4239 τοῦ
1179 4182 1421 4238 Παύλου’
1485 4184 1765 4257 Ἐπεμψα,
1834 4204 1942 4261 φη-

288 4282 395 4349 σίν,
423 4277 641 4346 αὐτοὺς,
699 4276 788 4331 ἳνα
849 4277 925 4348 μὴ
991 4276 1277 4348 ματαιωθῇ
1326 4273 1387 4329 τὸ
1436 4272 1704 4348 καύχημα
1756 4275 1938 4346 ἡμῶν,

294 4368 383 4424 καί
412 4372 635 4442 ψεῦσται
677 4365 1003 4437 εὐρεθῶμεν,
1066 4362 1308 4427 εἰπόντες
1365 4364 1449 4417 ὅτι
1505 4362 1943 4436 παρεσκευασμέ-

294 4456 601 4522 νοιέστὶ,‹‹
667 4456 754 4512 Ἐν
811 4458 890 4523 τῷ
951 4451 1100 4527 μέρει
1156 4452 1360 4524 τούτῳ,
1421 4475 1447 4502 ››
1506 4450 1776 4521 τουτέστι,
1841 4459 1942 4521 τῆς

290 4544 687 4619 έλεημοσύνης.
719 4539 940 4612 Ἐπειδὴ
972 4542 1073 4618 γὰρ
1106 4540 1270 4611 εἶπεν,
1305 4565 1331 4592 ‹‹
1365 4543 1478 4597 Ἵνα
1535 4542 1611 4615 μή
1642 4543 1854 4613 κενωθῇ
1877 4542 1940 4597 τὸ
1978 4572 2018 4635 D

286 4639 558 4713 καύχημα
586 4637 772 4707 ἡμῶν,
810 4659 830 4684 1
864 4630 995 4707 ἃχρι
1025 4640 1126 4702 τῆς
1175 4631 1555 4706 ἐλεημοσύνης
1614 4631 1743 4687 αὐτὸ
1782 4653 1939 4708 περι-

294 4726 555 4785 έκλεισεν.
588 4746 619 4780 ιι
649 4726 759 4781 Ἵνα
788 4722 967 4783 καθὼς
1023 4715 1236 4798 ἔλεγον.
1273 4749 1293 4774 ι
1337 4719 1607 4778 Μακεδόσι
1639 4722 1737 4796 γὰρ
1776 4726 1937 4777 τοῦτο

294 4813 499 4891 ἔλεγεν,
543 4816 625 4869 δτι
654 4813 859 4887 Ἀχαῖα
888 4812 1314 4881 παρεσκεύασται
1372 4810 1477 4865 ἀπὸ
1516 4810 1725 4884 πέρυσι.
1766 4836 1785 4860 ι
1847 4812 1935 4880 Μή

295 4928 412 4968 πως
515 4904 601 4960 ἐὰν
694 4898 896 4965 ἔλθωσι
954 4900 1045 4955 σὺν
1106 4899 1250 4973 ἐμοί.
1305 4926 1331 4951 ›)
1392 4900 1529 4954 Ἀπὸ
1590 4900 1939 4974 ἀνθρωπίνων

291 4995 576 5071 λογισμῶν
634 4991 721 5046 καὶ
776 4990 952 5066 λόγων
1008 4988 1201 5051 αὐτοὺς
1260 4987 1574 5063 προτρέπει,
1634 4987 1937 5051 ἀσθενέστε-

294 5106 389 5161 ρον
446 5082 840 5154 διακειμένους.
901 5102 926 5129 (ι
997 5080 1088 5148 Μή
1157 5098 1293 5145 πως,
1354 5078 1541 5150 φησὶν,
1595 5076 1737 5140 εἰκός
1796 5077 1935 5132 ἐστιν

290 5172 487 5233 αὐτοὺς
520 5171 633 5244 μετ’
666 5170 801 5243 ἐμοῦ
833 5166 1029 5222 ἐλθεῖν.
1066 5189 1094 5217 ››
1128 5200 1194 5209 --
1230 5192 1249 5217 ι
1288 5166 1390 5223 Καὶ
1431 5165 1655 5240 εὕρωσιν
1716 5168 1876 5239 ὑμᾶς.
1908 5190 1937 5217 ››

291 5261 525 5333 Κολάζει
577 5261 667 5315 τὸν
742 5257 930 5334 λόγον.
1008 5258 1200 5329 Ἡμεῖς
1299 5259 1803 5332 καταισχυνθῶμεν,
1862 5257 1937 5317 ὡς

288 5353 406 5421 civ-ﬁ
436 5350 808 5424 καυχώμενοι.
842 5350 864 5367 ’⁷
888 5349 1001 5415 Ινα,
1035 5347 1224 5423 φησὶν,
1266 5346 1638 5420 εὐφημότερον
1670 5344 1936 5421 λέγοντες,

291 5438 629 5516 μὴεἲπωμεν
692 5438 830 5509 ὑμᾶς
892 5434 1367 5509 καταισχύνεσθαι.
1441 5432 1499 5490 Εἴ
1563 5436 1638 5507 μή
1700 5434 1781 5489 ὅτι
1832 5438 1939 5490 τῶν

282 5528 381 5586 δύο
421 5530 487 5598 ἦν
523 5524 778 5600 αἰσχύνη,
808 5528 916 5578 τῶν
946 5524 1043 5597 μὶν
1077 5523 1155 5584 ὡς
1191 5522 1574 5597 ὐστερούντων,
1626 5527 1722 5576 τοῦ
1754 5521 1809 5577 δὲ
1865 5522 1938 5585 ὡς

285 5616 484 5694 ψεῦδος
511 5612 894 5690 καυχωμένου.
956 5614 1040 5667 Ἐν
1091 5614 1161 5683 τῇ
1220 5611 1534 5679 ὑποστάσει,
1604 5612 1757 5691 φησὶ,
1816 5612 1936 5666 ταύ-

285 5730 390 5781 της
412 5713 511 5779 τῆς
537 5704 885 5780 καυχήσεως,
917 5702 991 5764 ὡς
1024 5700 1068 5756 εἰ
1111 5702 1274 5756 εἶπενδ
1333 5699 1445 5755 Οὐκ
1503 5696 1760 5776 ἀλλαχοῦ
1816 5721 1937 5756 κατ-

1269 394 1673 456 GOMMENT.
1719 397 1795 455 ΙΝ
1846 395 2085 457 EPIST.
2133 398 2186 456 II
2231 399 2333 457 AD
2377 397 2743 459 CORINTH.

370 553 398 581 «
433 526 562 604 Περὶ
598 529 705 601 μήν
738 529 839 605 γὰρ
869 535 970 597 τῆς
1004 524 1344 588 διακονίας.»
1377 524 1683 595 Διακονίας,
1715 523 1949 597 έλεημο-
1980 532 2023 595 Α

3552 401 3709 461 1022

2136 552 2163 579 ‹‹
2195 530 2275 585 De
2306 530 2876 591 subministratione,
2905 551 2932 579 »
2958 535 3101 601 puta
3130 529 3544 600 eleemosynaa.
3566 533 3709 587 Cum

2059 618 2238 691 igitur
2270 619 2459 673 multa
2488 619 2560 674 de
2583 619 2692 673 hac
2723 618 3101 691 eleemosyna
3131 619 3365 685 dixerit,
3399 636 3465 675 ac
3522 620 3707 675 multa

2056 714 2347 779 praeterea
2376 708 2572 762 dicere
2604 707 2758 771 velit,
2812 724 2970 762 nunc
3027 708 3109 761 ait
3142 725 3154 761 :
3194 730 3213 755 α
3265 708 3703 779 Supervacuum

2058 803 2149 852 est
2180 796 2327 851 mihi
2361 796 2620 851 scribere
2652 796 2846 861 vobis;
2878 818 2904 845 ››
2937 797 3049 851 hoc
3082 796 3284 851 dicens
3316 802 3380 851 ut
3404 798 3565 869 ipsos
3586 815 3709 853 ma-

2054 887 2143 957 gis
2172 885 2431 941 attrahat
2464 903 2477 951 ;
2510 886 2692 955 pudet
2723 885 2881 939 enim
2914 885 3216 940 hominem
3249 885 3321 940 de
3353 904 3468 956 quo
3502 888 3702 959 hujus-

2058 975 2216 1030 modi
2250 975 2501 1029 habetur
2532 974 2732 1045 opinio
2749 975 2905 1045 quod
2936 991 3009 1028 ne
3030 974 3283 1029 consilio
3303 975 3542 1045 quidem
3560 993 3707 1046 opus

2054 1064 2287 1130 habeat,
2323 1064 2371 1118 si
2431 1062 2677 1118 inferior
2730 1069 3009 1135 appareat
3058 1064 3146 1117 sui
3204 1064 3507 1134 opinione.
3568 1066 3705 1119 Novi

2054 1154 2213 1208 enim
2244 1152 2777 1225 promptitudinem
2842 1152 3024 1207 animi
3080 1154 3277 1207 vestri.
3340 1153 3705 1208 Conﬁdentis

2054 1242 2292 1314 quidem
2326 1248 2417 1296 est
2446 1258 2795 1313 persuasum
2811 1258 3159 1312 essezporro
3193 1244 3371 1297 etiam
3398 1260 3535 1315 erga
3556 1243 3704 1299 alios

2050 1333 2291 1407 gloriari
2322 1332 2507 1387 multo
2542 1332 2822 1402 amplius.
2865 1353 2891 1379 ‹‹
2953 1331 3118 1395 Quod
3177 1332 3417 1387 Achaia.
3473 1356 3494 1382 ι
3548 1334 3699 1397 Haec,

2050 1422 2264 1492 inquit,
2297 1420 2566 1494 gloriatio
2596 1437 2730 1475 mea
2772 1426 2861 1475 est
2917 1420 3075 1491 apud
3133 1422 3503 1487 Macedones,
3546 1422 3704 1493 quod

2050 1528 2172 1566 non
2231 1510 2358 1566 sola
2412 1510 2748 1576 Corinthus,
2810 1526 3010 1565 verum
3071 1509 3242 1564 etiam
3310 1516 3433 1565 tota
3486 1511 3705 1565 Achaia

2049 1600 2123 1656 ad
2151 1600 2591 1670 eleemosynam
2622 1604 2827 1670 parata
2858 1600 2951 1653 sit.
2980 1601 3079 1653 Est
3111 1605 3308 1653 autem
3332 1600 3551 1656 Achaia
3567 1618 3701 1671 pro-

2048 1690 2242 1745 vincia
2275 1690 2547 1760 quaedam
2597 1690 2659 1743 in
2719 1706 2836 1760 qua
2890 1690 3001 1744 sita
3058 1696 3147 1744 est
3175 1690 3511 1745 Corinthus.
3572 1695 3700 1744 Non

2047 1779 2196 1833 dixit
2224 1785 2423 1833 autem
2457 1778 2714 1842 Confert,
2746 1784 2845 1832 aut
2869 1778 3103 1850 Colligit
3124 1780 3227 1834 sed
3259 1804 3284 1828 ‹‹
3322 1782 3530 1834 Parata
3546 1786 3690 1845 est,»

2048 1869 2158 1923 hoc
2190 1873 2300 1934 est,
2336 1874 2611 1938 prompta
2641 1871 2749 1932 est,
2787 1868 2995 1937 etjam
3031 1884 3204 1922 omne
3252 1869 3551 1940 negotium
3600 1885 3696 1922 ex-

2050 1958 2251 2031 plevit,
2286 1974 2352 2012 ac
2385 1957 2577 2012 solum
2638 1974 2739 2011 eos
2800 1964 3100 2027 exspectat
3153 1959 3246 2027 qui
3307 1958 3699 2013 ministraturi

2052 2052 2208 2102 sunt.
2240 2069 2266 2097 «
2301 2047 2369 2100 Et
2400 2045 2572 2099 vestri
2635 2045 2955 2100 aemulatio.
3016 2068 3042 2093 »
3094 2047 3396 2117 Contingit
3452 2048 3611 2100 enim
3645 2052 3703 2099 et

2050 2142 2292 2208 propter
2321 2135 2621 2190 Christum
2654 2134 2807 2189 sumi
2834 2134 3295 2189 aemulationem.
3329 2136 3383 2187 Si
3409 2135 3585 2206 igitur
3602 2153 3700 2189 vos

2052 2226 2185 2281 aliis
2213 2241 2446 2296 quoque
2479 2224 2809 2279 oblationes
2843 2224 3230 2288 conciliastis,
3270 2240 3470 2277 annon
3503 2223 3704 2278 absur-

2050 2313 2192 2369 dum
2242 2314 2393 2368 foret
2450 2314 2495 2367 si
2555 2330 2653 2366 vos
2703 2313 2816 2384 ipsi
2868 2313 3155 2367 deesselis
3205 2318 3394 2367 vestro
3453 2312 3647 2367 ofﬁcio
3679 2313 3705 2366 ?

2053 2404 2446 2459 «Provocavit
2500 2402 2808 2474 plurimos.
2856 2424 2882 2451 ››
2934 2403 3109 2472 Atqui
3165 2403 3236 2457 de
3287 2402 3702 2457 Macedonibus

2052 2494 2202 2549 dixit
2231 2492 2388 2564 quod
2419 2490 2676 2546 ultronei
2706 2496 2764 2544 et
2794 2507 2899 2545 suo
2929 2491 3124 2545 studio
3148 2490 3215 2545 ad
3246 2491 3356 2546 hoc
3381 2497 3695 2547 venerant:

2054 2582 2349 2655 quomodo
2377 2598 2513 2653 ergo
2547 2596 2702 2634 nunc
2733 2580 2852 2633 ait:
2879 2601 2906 2627 ‹‹
2944 2581 3145 2634 Vestra
3176 2580 3475 2634 aemulatio
3490 2596 3702 2650 provo-

2056 2673 2208 2729 cavit
2237 2673 2397 2742 ipsos
2419 2672 2445 2725 Ὗ
2477 2695 2502 2719 n
2539 2670 2878 2725 Provocavit
2910 2685 3052 2723 sane
3101 2669 3457 2740 complures,
3491 2675 3549 2723 at
3579 2686 3700 2723 non

2056 2763 2584 2818 omnes.Prznlerea
2613 2764 3004 2830 spontaneum
3029 2758 3290 2811 studium
3313 2758 3395 2812 ita
3416 2757 3700 2829 intellige,

2055 2851 2225 2921 quasi
2253 2850 2444 2905 dicat:
2480 2851 2605 2904 Non
2638 2848 2935 2903 suasimus
2965 2864 3157 2917 neque
3188 2846 3702 2901 adhortatisumus

2053 2941 2237 3012 ipsos,
2272 2940 2375 2995 sed
2406 2956 2505 2993 vos
2539 2937 3004 2993 collaudavimus
3034 2936 3192 3007 quod
3218 2936 3289 2990 ab
3320 2952 3476 2990 anno
3528 2952 3705 3007 supe-

2052 3031 2209 3085 riore
2242 3029 2430 3101 parati
2466 3028 2615 3092 sitis,
2651 3026 2828 3097 idque
2862 3025 3004 3080 satis
3052 3025 3163 3078 fuit
3219 3025 3292 3079 ad
3324 3024 3701 3079 excitandum

2052 3119 2233 3190 ipsos.

2127 3208 2217 3274 ΙΧ,
2251 3208 2368 3262 3-5.
2391 3228 2412 3257 ι
2447 3206 2574 3260 Misi
2598 3211 2799 3260 tamen
2830 3204 2937 3257 hos
2957 3204 3269 3268 fratres,ne
3299 3203 3701 3275 glorianostra

2057 3320 2086 3348 «
2116 3313 2231 3368 qua
2262 3295 2484 3368 glorior
2512 3295 2583 3349 de
2608 3293 2790 3358 vobis,
2826 3292 3021 3347 inanis
3052 3292 3155 3347 ﬁat
3182 3293 3242 3347 in
3276 3293 3383 3348 hac
3415 3297 3577 3363 parte
3637 3298 3703 3346 ut

2053 3408 2080 3436 «
2105 3384 2608 3458 quemadmodum
2646 3384 2764 3438 dixi
2795 3384 2984 3453 parati
3032 3382 3201 3437 sitis:
3235 3400 3307 3438 ne
3367 3400 3482 3453 quo
3530 3390 3700 3455 pacto

2049 3499 2077 3528 «
2108 3477 2229 3541 fiat,
2263 3481 2329 3530 ut
2353 3475 2401 3529 si
2432 3475 2705 3529 venerint
2731 3489 2965 3528 mecum
2990 3473 3335 3529 Macedones
3362 3478 3419 3527 et
3446 3474 3701 3529 offende-

2050 3588 2079 3616 «
2111 3566 2234 3620 rint
2263 3580 2363 3619 vos
2394 3564 2742 3634 imparatos,
2772 3563 2919 3617 667
2951 3578 3058 3616 nos
3116 3563 3340 3633 pudore
3398 3563 3699 3618 suffunda-

2051 3678 2078 3704 ‹‹
2113 3671 2265 3721 mur,
2300 3658 2363 3707 ut
2396 3669 2464 3708 ne
2497 3652 2766 3707 dicamus
2798 3668 2920 3717 vos,
2946 3650 3005 3705 in
3036 3650 3147 3705 hoc
3187 3657 3533 3722 argumento
3578 3651 3695 3723 glo-

2055 3742 2395 3797 criationis.
2432 3741 2684 3795 Proinde
2736 3739 3139 3795 necessarium
3189 3739 3507 3793 arbitratus
3567 3756 3695 3794 sum

2052 3855 2080 3883 «
2108 3829 2411 3887 adhortari
2432 3830 2663 3893 fratres,
2700 3834 2763 3882 ut
2786 3828 2951 3898 prius
2984 3827 3337 3882 accederent
3367 3826 3441 3881 ad
3484 3843 3605 3892 vos,
3640 3833 3697 3881 et

2050 3940 2079 3975 ι
2106 3923 2509 3992 prmpararent
2529 3918 2655 3987 jam
2669 3920 2805 3970 ante
2836 3915 3189 3985 promissam
3220 3914 3697 3971 benedictionem

2055 4033 2075 4059 ι
2101 4014 2377 4067 vestram.
2411 4012 2475 4062 ut
2508 4021 2577 4061 ea
2611 4006 2686 4059 sit
2715 4005 2777 4059 in
2808 4010 3104 4074 promptu.
3166 4006 3249 4059 sic
3282 4011 3565 4076 tanquam
3595 4004 3698 4060 be—

2058 4120 2078 4146 ι
2107 4094 2365 4153 nedictio
2400 4099 2457 4148 et
2486 4110 2607 4149 non
2642 4099 2919 4163 tanquam
2952 4091 3267 4147 avaritia.»

2121 4182 2446 4240 Considera
2476 4181 2642 4237 Pauli
2675 4179 3124 4252 providentiam.
3160 4181 3308 4245 Misi,
3361 4182 3575 4252 inquit,
3625 4182 3694 4236 ila

2049 4277 2163 4343 los,
2197 4291 2271 4329 ne
2305 4290 2454 4329 vana
2487 4274 2590 4327 ﬁat
2619 4271 2889 4344 gloriatio
2922 4277 3144 4338 nostra,
3171 4279 3228 4326 et
3268 4272 3583 4328 mendaces
3606 4273 3697 4327 in-

2049 4364 2358 4421 veniamur
2389 4363 2489 4433 qui
2520 4379 2620 4416 vos
2652 4366 3011 4433 praaparatos
3035 4377 3162 4415 esse
3194 4360 3538 4418 dixerimus.
3590 4381 3609 4407 ι
3629 4363 3695 4415 In

2050 4456 2161 4511 hac
2194 4457 2379 4526 parte.
2417 4474 2436 4500 ιι
2472 4453 2692 4522 Nempe
2742 4450 3153 4522 eleemosynae.
3212 4449 3502 4514 Quoniam
3536 4451 3694 4505 enim

2051 4544 2303 4600 dixerat:
2330 4544 2408 4597 Ne
2428 4541 2622 4596 inanis
2648 4540 2749 4595 fiat
2779 4538 3051 4611 gloriatio
3071 4544 3274 4595 nostra
3291 4540 3422 4606 hoc,
3456 4539 3516 4593 in
3548 4540 3699 4594 elee-

2050 4648 2298 4705 mosyna
2328 4630 2617 4685 duntaxat
2657 4628 2967 4683 conclusit.
3007 4651 3026 4675 ι
3065 4629 3137 4683 Ut
3194 4628 3695 4699 quemadmodum

2050 4724 2189 4781 dixi.
2217 4745 2243 4773 »
2272 4725 2414 4777 Nam
2446 4722 2555 4775 hoc
2588 4718 3000 4775 Macedonibus
3050 4718 3299 4775 dixerat.
3341 4719 3559 4775 Achaia
3589 4737 3693 4791 pa-

2050 4818 2178 4869 rata
2209 4812 2388 4867 estab
2420 4826 2575 4865 anno
2609 4808 2919 4879 superiori.
2953 4830 2980 4857 «
3016 4809 3093 4863 Ne
3126 4826 3241 4880 quo
3273 4814 3442 4881 pacto
3503 4810 3604 4864 ﬁat
3634 4814 3699 4863 ut

2050 4904 2098 4959 si
2128 4902 2399 4957 venerint
2429 4915 2682 4954 mecum.
2702 4898 2831 4951 »ΑΒ
2854 4897 3131 4953 humanis
3164 4900 3613 4973 cogitationibus
3627 4917 3693 4955 ac

2046 4990 2381 5047 rationibus
2396 4990 2554 5059 ipsos
2570 5004 2633 5041 ex
2646 4988 2931 5051 hortatur,
2950 4988 3106 5058 quod
3123 4989 3481 5044 inﬁrmiores
3503 4988 3694 5044 adhuc

2050 5082 2221 5138 sint...
2250 5084 2329 5135 {\e
2361 5096 2497 5148 quo,
2532 5077 2746 5147 inquit,
2780 5083 2949 5147 pacto
3009 5078 3128 5132 ﬁat.
3169 5104 3189 5128 ι
3230 5080 3330 5133 Est
3359 5079 3516 5133 enim
3544 5078 3691 5132 veri-

2051 5172 2244 5228 simile
2278 5172 2436 5241 ipsos
2469 5184 2705 5223 mecum
2736 5174 3035 5223 venturos.
3078 5189 3098 5215 ι
3169 5171 3280 5223 Nos
3321 5168 3542 5239 pudore
3575 5168 3696 5222 suf-

2061 5260 2399 5315 fundamur.
2435 5281 2461 5307 ››
2496 5258 2603 5322 Qui
2637 5262 2857 5311 temere
2905 5257 3137 5329 gloriati
3194 5258 3396 5312 simus.
3433 5279 3461 5306 «
3523 5258 3593 5312 Ut
3620 5274 3693 5312 ne

2050 5349 2314 5404 dicamus
2327 5364 2493 5401 vos.»
2520 5346 2742 5400 Deinde
2756 5346 2995 5417 corrigit
3016 5361 3347 5401 sermonem
3362 5351 3443 5411 ,ut
3457 5345 3692 5413 melius,

2048 5438 2261 5508 inquit,
2292 5436 2625 5491 ominantes
2658 5451 2776 5489 non
2796 5434 3062 5490 dicamus
3113 5452 3213 5489 vos
3232 5435 3542 5508 pudeﬁeri.
3572 5436 3695 5491 Nisi

2049 5527 2359 5583 amborum
2391 5524 2584 5597 potius
2616 5529 2771 5580 esset
2799 5524 3023 5594 pudor:
3060 5525 3269 5579 horum
3318 5525 3580 5596 quidem,
3631 5532 3697 5581 ut

2050 5616 2149 5691 qui
2185 5632 2289 5670 suo
2321 5614 2597 5670 deessent
2626 5613 2820 5668 ofﬁcio
2849 5630 2861 5679 ;
2895 5614 3081 5685 ipsius
3112 5630 3267 5681 vero,
3300 5619 3365 5669 ut
3396 5615 3497 5686 qui
3545 5614 3692 5671 falso

2047 5704 2332 5778 gloriatus
2359 5708 2532 5759 esset.
2562 5703 2628 5761 In
2659 5703 2772 5759 hoc
2792 5709 3139 5775 argumento
3153 5705 3269 5760 sive
3296 5704 3547 5762 materia
3562 5704 3693 5775 hac,
