4048 6250
449 371 603 430 1023

1565 368 1982 431 (ΕΟΠΜΕΝΙΙ
2025 369 2329 431 TRIOCE
2381 371 2728 434 EPISCOPI

3670 375 3788 436 1024

443 506 656 577 inquit,
689 502 1080 574 gloriationis.
1115 509 1195 559 Ac
1254 505 1300 560 si
1335 505 1563 560 diceret.
1595 522 1608 560 :
1643 505 1789 560 Aliis
1820 506 1880 559 in
1914 505 2091 561 rebus

2202 510 2606 580 αισχυνϐῶμεν,
2643 507 2773 563 ἀλλ’
2827 518 2878 564 ἑν
2945 509 3080 584 μόνῃ
3141 510 3361 583 τῇπερῖ
3416 516 3513 579 τῆς
3539 509 3793 583 ἐλεημοσύ-

445 595 669 667 pudore
704 610 1083 663 nequaquam
1107 593 1719 662 sulfunderemur,sed
1745 595 1806 649 in
1833 594 1962 650 sola
1988 596 2095 650 hac

449 685 801 758 gloriatione
815 685 886 738 de
901 684 1298 755 eleemosyna.
1317 708 1341 733 ‹‹
1361 686 1612 741 Proinde
1633 685 2058 740 necessarium.
2071 707 2091 732 ι

451 775 682 829 Etenim
713 792 846 829 vere
877 775 1281 829 necessarium
1306 781 1451 841 erat,
1486 782 1544 830 et
1569 776 1727 846 ipsos
1777 776 1999 846 pudore
2031 775 2098 829 li-

451 864 681 930 berare,
716 870 774 918 et
802 865 1064 934 seipsum
1097 880 1170 917 ne
1199 865 1482 919 mentitus
1539 866 1722 919 fuisse
1781 865 2094 919 videretur.

457 975 478 1002 ι
515 955 586 1008 Ut
617 955 780 1023 prius
806 953 1156 1008 accederent
1184 953 1257 1007 ad
1287 971 1407 1008 vos.
1436 976 1462 1002 »
1495 955 1782 1019 Quoniam
1824 954 1885 1008 in
1922 971 2096 1024 supe-

452 1042 709 1097 rioribus
735 1043 962 1096 dixerat
989 1059 1000 1095 :
1036 1064 1063 1090 ‹‹
1107 1044 1539 1114 Supervacuum
1589 1043 1734 1097 mihi
1767 1048 1858 1097 est
1883 1042 1955 1097 de
1987 1043 2097 1098 hoc

453 1131 733 1198 scribere,
771 1153 798 1180 »
829 1137 1032 1202 utpote
1063 1132 1207 1202 ipsis
1229 1134 1356 1203 jam
1389 1133 1612 1203 paratis
1637 1149 1649 1186 :
1674 1149 1748 1187 ne
1800 1133 2097 1188 contraria

449 1221 646 1276 dicere
676 1220 964 1287 videatur,
1027 1238 1146 1276 non
1205 1222 1461 1293 amplius
1512 1222 1754 1277 disserit
1804 1239 1962 1277 nunc
2027 1221 2097 1276 de

447 1313 827 1374 conferendo,
859 1313 961 1367 sed
994 1313 1064 1368 de
1095 1312 1374 1368 velociter
1394 1317 1452 1367 et
1472 1313 1704 1368 abunde
1727 1302 1802 1368 lac
1824 1318 2097 1384 prompto

447 1402 645 1457 animo
679 1402 1039 1457 conferendo
1075 1419 1087 1456 :
1122 1419 1228 1474 per
1259 1403 1382 1457 haec
1413 1403 1562 1458 illud
1603 1420 1838 1474 quoque
1881 1405 2097 1457 contir-

450 1506 640 1545 mans.
679 1512 706 1541 «
742 1492 810 1546 Ut
841 1508 907 1546 ea
939 1491 1015 1545 sit
1044 1492 1104 1546 in
1151 1497 1448 1562 promptu.
1510 1493 1610 1557 Ea,
1666 1508 1881 1562 nempe
1939 1492 2097 1546 elee-

450 1597 716 1652 mosyna,
745 1598 879 1635 cum
921 1581 1288 1636 abundantia
1345 1605 1371 1630 ‹‹
1406 1581 1499 1635 Sic
1533 1586 1815 1651 tanquam
1851 1581 2098 1636 benedi-

451 1673 760 1731 ctio.»Sic.
781 1673 893 1728 hoc
920 1679 1026 1739 est,
1062 1690 1195 1727 cum
1227 1673 1439 1745 gaudio
1474 1679 1530 1727 et
1561 1679 1841 1743 promptu
1871 1673 2093 1726 animo.

450 1762 660 1816 Nullus
693 1763 851 1816 enim
884 1761 1362 1816 benedictionem
1413 1761 1579 1826 dans,
1637 1768 1738 1815 aut
1778 1760 1957 1824 dolet,
1999 1764 2101 1814 aut

450 1867 519 1906 ex
541 1852 894 1906 necessitate
917 1850 1035 1906 dat.
1067 1850 1170 1904 Ille
1214 1851 1373 1905 enim
1425 1866 1640 1920 nempe
1672 1866 1903 1916 avarus,
1937 1848 2101 1903 dolet

2201 614 2297 664 νης
2326 595 2613 665 καυχήσει.
2650 621 2678 647 ‹‹
2714 597 2813 653 Καὶ
2844 599 2946 672 γὰρ
2972 600 3038 666 ἦν
3096 595 3264 661 ὅντως
3323 598 3625 672 ἀναγκαῖον,
3654 623 3678 651 »
3722 601 3794 654 καὶ

2206 683 2400 745 αὐτοὺς
2457 685 2744 760 αἰσχύνης,
2831 688 2925 741 καὶ
2987 687 3174 742 ἑαυτὸν
3229 692 3330 742 τοῦ
3409 685 3577 742 δοκεῖν
3651 687 3798 759 1ψεύδε-

2205 783 2324 836 σθαι
2353 773 2682 844 ἀπαλλάξαι.
2726 798 2751 828 ιι
2777 777 2888 832 Ἵνα
2917 777 3257 850 προέλθωσιν
3293 777 3370 838 εἷς
3397 778 3548 850 ὑμᾶς.
3571 775 3795 845 »Ἐπειδὴ

2205 861 2315 917 ἄνω
2348 863 2574 938 εἰρήκει,
2619 889 2647 915 ‹‹
2700 867 2955 940 Περιττόν
3017 867 3110 937 μοί
3167 866 3276 920 ἐστι
3337 869 3399 921 τὸ
3450 868 3653 942 γράςρειν
3703 870 3798 940 περὶ

2201 950 2419 1017 τούτου,
2453 951 2577 1013 »ὡς
2609 951 2785 1006 αὐτῶν
2846 950 3058 1022 δηλαδὴ
3111 954 3346 1027 ἑτοίμων
3407 949 3589 1024 ὄντῶν,
3612 950 3694 1006 ’ίνα
3744 959 3798 1024 μὴ

2205 1035 2332 1113 δόξῃ
2367 1039 2578 1094 ἐναντία
2604 1040 2799 1116 λέγειν,
2832 1046 2920 1096 νῦν
2953 1042 3052 1098 οὐκ
3109 1040 3186 1097 ἔτι
3224 1043 3353 1116 περὶ
3409 1047 3506 1098 τοῦ
3560 1044 3799 1099 συνεισενέ-

2203 1148 2350 1202 γκαι,
2385 1126 2532 1184 ἀλλᾶ
2561 1130 2685 1204 περὶ
2725 1135 2822 1184 τοῦ
2851 1130 3067 1204 ταχέως
3099 1132 3188 1185 καὶ
3219 1129 3471 1205 δαψιλῶς
3498 1132 3581 1186 καὶ
3639 1131 3801 1205 προθύ-

2208 1237 2324 1290 μως
2357 1217 2686 1293 διαλέγεται,
2729 1216 2819 1274 διὰ
2862 1220 3088 1292 τούτων,
3147 1221 3366 1276 κάκεῖνο
3423 1221 3803 1288 κατασκευάζων.

2207 1332 2235 1359 ‹‹
2293 1308 2508 1378 Ταύτην
2568 1309 2794 1381 ἑτοίμην
2853 1312 3014 1365 εἶναι.
3073 1335 3100 1362 ι»
3162 1314 3273 1381 Τὴν
3347 1313 3481 1384 μετὰ
3564 1310 3805 1386 δαψιλείας

2206 1397 2605 1469 ἐλεημοσύνην,
2642 1425 2670 1450 ‹‹
2703 1399 2890 1460 Οὕτως
2921 1400 2996 1459 ὡς
3042 1398 3320 1476 εὐλογίαν.
3381 1425 3411 1455 ››
3460 1402 3660 1472 Οὕτως,
3705 1425 3806 1457 του-

2204 1487 2379 1543 τέστιν
2412 1489 2546 1559 μετά
2576 1493 2749 1563 χαρᾶς
2780 1488 2868 1542 καὶ
2906 1487 3169 1557 σπουδῆς.
3200 1487 3395 1552 Οὐδεὶς
3451 1492 3549 1567 γᾶρ
3597 1492 3803 1567 εὐλογίαν

2206 1574 2389 1639 διδοὺς
2423 1576 2693 1646 λυπεῖται,
2824 1578 2872 1648 ἐξ
2906 1579 3143 1651 ἀνάγκης
3176 1579 3423 1640 δίδωσιν.
3460 1585 3681 1646 Ἐκεῖνος
3722 1589 3800 1660 γὰρ

2204 1666 2358 1740 ἀρκεῖ
2383 1662 2746 1722 καταϐάλλων
2781 1669 2808 1721 6
2856 1668 3378 1741 πλεονεκτούμενος,
3439 1674 3528 1727 καὶ
3583 1671 3779 1737 διδοὺςὲ

2205 1757 2436 1830 ἀνάγκης
2465 1757 2600 1829 ἆπερ
2657 1754 3067 1828 ἐπλεονέκτησε.
3135 1765 3242 1814 Νῦν
3291 1758 3351 1814 δὲ
3409 1762 3651 1839 ἀφορμήν
3703 1765 3801 1837 ὑμῖν

2207 1845 2480 1920 σωτηρίας
2508 1847 2542 1914 ἠ
2570 1843 2740 1908 δόσις.

3769 1676 3803 1700 υ

3766 1697 3803 1745 εξ

445 1939 732 2010 abjiciens
760 1945 818 1993 et
847 1956 915 1993 ex
945 1940 1298 1993 necessitate
1330 1939 1478 1992 dans
1505 1955 1572 1993 ea
1605 1955 1735 2008 quae
1767 1955 1942 1992 avaro
1966 1937 2166 1992 animo
2198 1936 2574 2008 possidebat:
2607 1942 2666 1992 at
2696 1955 2854 1994 nunc
2887 1939 3048 1994 vobis
3079 1939 3311 1996 occasio
3357 1947 3445 1996 est
3478 1941 3668 1996 salutis
3695 1943 3794 2014 ipsa

447 2028 855 2082 muniﬁcentia
885 2033 944 2081 et
960 2027 1220 2081 donatio.

522 2117 674 2170 668
702 2117 793 2181 IX,
829 2119 946 2170 6-9.
972 2139 998 2164 α
1026 2117 1144 2170 Hoc
1174 2121 1372 2171 autem
1399 2132 1410 2170 :
1441 2117 1548 2181 Qui
1574 2132 1745 2187 parce
1770 2121 2099 2170 sementem
2129 2117 2176 2182 Β
2277 2115 2451 2168 Τοῦτο

453 2227 482 2254 α
508 2205 723 2270 facit,is
756 2221 929 2275 parce
947 2221 1249 2261 messurus
1273 2208 1456 2260 est.Et
1477 2205 1576 2276 qui
1597 2211 1924 2261 sementem
1956 2205 2096 2260 facit

454 2317 481 2346 ‹‹
505 2295 565 2349 ἱη
589 2295 1288 2368 magniﬁcentia,copiose
1308 2313 1612 2351 messurus
1639 2303 1746 2365 est,
1772 2297 2093 2367 unusquis-

452 2407 479 2435 ‹‹
505 2403 619 2456 que
635 2385 805 2456 juxta
825 2386 1193 2457 propositum
1208 2386 1549 2452 cordis,non
1563 2404 1632 2442 ex
1647 2403 1894 2442 maerore
1913 2391 2010 2442 aut
2027 2404 2094 2440 ex

449 2496 475 2525 «
508 2477 858 2530 necessitate
889 2493 900 2529 :
927 2492 1063 2530 nam
1105 2476 1354 2532 hilarem
1403 2477 1669 2531 datorem
1697 2477 1889 2548 diligit
1920 2478 2092 2531 Deus.

453 2580 476 2610 ι
503 2561 717 2614 Potens
741 2567 830 2615 est
858 2566 1057 2615 autem
1089 2562 1241 2616 Deus
1263 2561 1592 2629 efﬂcere,ut
1611 2562 1802 2616 omnis
1824 2563 2012 2633 gratia
2032 2562 2094 2615 in

452 2671 479 2698 ‹‹
503 2666 601 2704 vas
623 2651 997 2718 exuberet,ut
1027 2651 1089 2704 in
1121 2651 1396 2706 omnibus
1420 2667 1654 2722 semper
1683 2668 1920 2706 omnem
1937 2651 2094 2705 sufﬁ-

453 2761 478 2786 α
496 2739 772 2794 cientiam
786 2740 1073 2794 habentes
1086 2739 1493 2794 exuberetisin
1509 2757 1835 2811 omneopus
1849 2740 2094 2802 bonum,

455 2849 482 2876 ‹‹
506 2827 1007 2897 quemadmodum
1024 2829 1309 2899 scriptum
1329 2835 1446 2883 est:
1464 2827 2098 2899 Dispersitdeditpau-

459 2938 485 2965 ‹‹
510 2916 770 2988 peribus,
797 2918 1030 2987 justitia
1069 2921 1196 2988 ejus
1218 2923 1420 2973 manet
1458 2918 1514 2972 in
1548 2917 1855 2975 saeculum.
1887 2939 1915 2968 »

471 2993 482 3006 ⁸
527 3009 728 3074 Parce,
763 3007 977 3078 inquit,
1009 3014 1068 3063 et
1096 3007 1371 3062 tenuiter.
1405 3031 1432 3057 ‹‹
1469 3009 1586 3062 Hoc
1613 3013 1832 3064 autem.
1859 3029 1888 3058 »
1916 3009 2095 3079 Opus,

457 3097 667 3169 inquit,
703 3098 1095 3170 eleemosynw
1120 3100 1182 3153 in
1223 3100 1378 3153 hunc
1409 3099 1653 3154 modum
1687 3115 1747 3153 se
1798 3098 1994 3154 habet.
2028 3099 2098 3152 Et

455 3187 734 3257 deinceps
767 3205 970 3242 semen
998 3188 1146 3242 illud
1177 3189 1456 3258 appellat.
1492 3193 1557 3242 ut
1599 3186 1674 3242 ad
1721 3203 1973 3243 messem.
2013 3204 2100 3242 re-

452 3276 770 3346 spicientes
801 3282 858 3329 et
889 3277 1043 3346 quod
1075 3276 1124 3330 is
1156 3277 1256 3346 qui
1297 3277 1484 3331 multa
1505 3282 1606 3331 aut
1637 3277 2098 3346 paucasemina—

449 3366 618 3426 verit,
644 3365 815 3433 juxta
834 3366 1280 3434 proportionem
1313 3382 1618 3419 messurus
1649 3367 1744 3430 sit,
1767 3367 2094 3436 promptio-

2551 2111 2631 2168 δὲ·
2666 2116 2728 2171 Ὀ
2829 2117 3066 2190 σπείρων
3100 2114 3463 2193 φειδομένως,
3511 2115 3804 2197 φειδομένως

2205 2204 2294 2258 καὶ
2337 2204 2555 2276 θερίσει.
2620 2204 2721 2261 Καὶ
2791 2207 2818 2259 ὁ
2921 2204 3156 2278 σπείρων
3233 2206 3319 2260 ἐπ’
3394 2207 3666 2283 εὐλογίαις,
3733 2208 3798 2262 ἐπι

2206 2292 2480 2368 εὐλογίαις
2536 2295 2625 2348 καὶ
2681 2295 2901 2369 θερίσει,
2952 2294 3173 2356 ἕκαστος
3232 2298 3417 2360 καθὼς
3507 2304 3795 2372 προαιρεῖται

2203 2385 2272 2454 τῇ
2317 2379 2532 2455 καρδίᾳ,
2592 2385 2667 2455 μή
2727 2384 2786 2438 ἐκ
2843 2383 3026 2454 λύπης
3185 2385 3237 2457 ἐξ
3300 2385 3551 2460 ἀνάγκης.
3626 2385 3792 2459 Ἱλαρὸν

2205 2471 2310 2546 γάρ
2342 2467 2504 2540 δότην
2537 2471 2714 2546 ἀγαπᾷ
2773 2475 2800 2526 ὁ
2859 2473 3009 2535 Θεός.
3075 2475 3313 2538 Δυνατὸς
3355 2474 3422 2529 δὲ
3477 2477 3502 2529 6
3539 2476 3650 2537 Θεὸς
3714 2479 3791 2528 πᾶ-

2207 2580 2298 2614 σαν
2331 2559 2492 2633 χάριν
2588 2565 2929 2637 περισσεῦσαι
3033 2563 3109 2625 εἰς
3147 2565 3317 2631 ὑμᾶς,
3394 2561 3488 2619 ’ίνα
3555 2564 3601 2620 ἐν
3661 2564 3786 2618 παντὶ

2203 2647 2434 2704 πάντοτε
2508 2656 2680 2705 πᾶσαν
2783 2650 3101 2726 αὐτάρκειαν
3179 2647 3430 2727 ἔχοντες,
3505 2656 3784 2728 περισσεύητε

2206 2737 2282 2800 εἷς
2312 2743 2414 2792 πᾶν
2446 2733 2603 2815 ἔργον
2636 2739 2856 2814 ἀγαθὸν,
2887 2741 3069 2804 καθὼς
3107 2741 3437 2818 γέγραπται.
3490 2743 3774 2818 Ἐσκόρπίπν,

2205 2822 2374 2882 ἔδωκε
2400 2834 2519 2890 τοῖς
2557 2828 2798 2899 πένησιν,
2831 2831 2865 2899 ἠ
2905 2828 3220 2902 δικαιοσύνη
3259 2833 3434 2888 αὐτοῦ
3486 2835 3606 2906 μὲνει
3630 2833 3683 2891 εἷς
3703 2831 3767 2883 τὸν

2206 2914 2394 2972 αἶῶνα.

2279 3003 2601 3076 Φειδωλῶς,
2628 3009 2785 3087 φησὶ,
2817 3009 2907 3064 καὶ
2938 3015 3171 3070 κνιπῶς.
3213 3035 3242 3063 ‹‹
3283 3015 3466 3070 Τοῦτο
3504 3008 3758 3079 8%,»161ﬁ4

2208 3095 2822 3176 ἐλεημοσύνης,φησὶν,
2885 3099 3056 3163 οὕτως
3121 3097 3238 3175 ἔχει
3304 3103 3524 3176 τρόπου.
3579 3094 3766 3153 Καὶλοι-

2207 3186 2306 3238 πὸν
2340 3187 2539 3257 σπόρον
2571 3186 2702 3240 αὐτὸ
2727 3187 2884 3242 καλεῖ
2911 3190 3004 3242 ἳνα
3047 3190 3182 3263 πρὸς
3215 3191 3315 3245 τὸν
3373 3191 3570 3264 ἀμητόν
3617 3180 3772 3240 ἐπιδόν-

2206 3295 2316 3342 τες,
2359 3275 2445 3328 καὶ
2479 3276 2561 3328 δτι
2590 3276 2617 3329 ὁ
2657 3276 2878 3350 σπείρας
2935 3275 3120 3333 πολλὰ
3176 3279 3269 3332 καὶ
3334 3281 3513 3354 ὀλίγα,
3565 3273 3777 3345 ἀναλόγως

2211 3363 2430 3436 θερίζει,
2462 3365 2861 3439 προθυμότεροι
2936 3367 3072 3438 πρὸς
3110 3369 3209 3436 τήν
3271 3369 3521 3447 είσφορὰν
3565 3368 3780 3442 γένωνται.

449 3469 542 3506 res
571 3451 714 3505 fiant
738 3452 811 3506 ad
841 3452 1242 3507 collationem.
1277 3475 1305 3502 «
1338 3455 1406 3507 Et
1437 3454 1536 3523 qui
1569 3460 1899 3510 sementem
1950 3454 2091 3509 facit

2207 3475 2240 3508 α
2273 3453 2368 3510 Καὶ
2403 3455 2430 3507 6
2463 3455 2696 3528 σπείρων
2748 3454 2830 3509 ἐπ’
2902 3453 3197 3533 εὐλογίαις.
3257 3481 3293 3510 ››
3356 3460 3498 3516 Μετὰ
3546 3450 3780 3528 δαψιλείας»

451 3543 511 3597 in
545 3541 1004 3612 magniﬁcentia.
1048 3563 1075 3590 »
1124 3541 1390 3610 Abunde,
1436 3543 1652 3612 inquit,
1711 3549 1770 3597 et
1827 3543 2087 3614 largiter.

451 3654 478 3681 «
532 3631 943 3701 Unusquisque
993 3631 1164 3700 juxta
1215 3631 1582 3703 propositum
1639 3633 1854 3687 cordis.
1920 3655 1948 3680 n
2010 3632 2096 3687 Ad

453 3723 651 3792 priora
676 3721 848 3784 redit,
872 3720 1074 3776 dicens
1104 3721 1553 3792 propemodum.
1589 3723 1669 3776 Ea
1697 3720 1938 3792 quidem
1965 3739 2096 3792 qua:

453 3813 523 3866 de
557 3813 934 3884 eleemosyna
974 3811 1091 3866 dici
1121 3817 1354 3884 oportet
1401 3812 1525 3867 haac
1583 3816 1763 3866 sunt:
1815 3818 2096 3867 caaterum

452 3903 860 3973 unusquisque
903 3903 984 3955 ita
1038 3901 1260 3956 tribuat
1313 3902 1484 3958 sicuti
1535 3902 1860 3972 proposuit.
1886 3925 1914 3951 «
1970 3903 2095 3956 Non

450 4008 518 4045 ex
553 4008 819 4046 mmrore.
859 4014 884 4038 υ
918 3993 1042 4046 Non
1073 3992 1232 4045 enim
1266 3991 1513 4046 avaritia
1542 3996 1643 4045 aut
1673 3993 1904 4045 lucrum
1941 4007 2098 4060 quae-

451 4080 720 4134 rendum.
757 4102 782 4127 ‹‹
817 4081 928 4135 Aut
969 4097 1038 4134 ex
1098 4080 1472 4134 necessitate.
1510 4103 1536 4127 »
1593 4079 1900 4134 Neminem
1931 4080 2094 4134 enim

450 4168 732 4238 cogimus,
766 4169 976 4238 inquit.
1011 4171 1075 4224 In
1125 4169 1533 4240 superioribus
1584 4185 1842 4238 namque
1899 4169 2092 4223 dixit:

453 4278 479 4305 «
509 4259 631 4311 Non
663 4257 1005 4327 imperando
1039 4259 1252 4328 loquor
1279 4258 1324 4292 ⁵⁵
1359 4275 1372 4324 ;
1409 4278 1436 4308 ››
1472 4263 1528 4311 et
1579 4273 1852 4312 rursum:
1888 4279 1916 4306 ‹‹
1944 4259 2094 4312 Con-

451 4348 646 4405 silium
679 4353 877 4402 autem
909 4348 982 4402 do
1024 4346 1088 4401 ⁵⁸.
1124 4368 1152 4397 ››
1210 4378 1279 4387 -
1337 4368 1358 4397 ι
1417 4348 1559 4401 Nam
1618 4346 1868 4402 hilarem
1927 4347 2095 4401 dato-

448 4455 572 4493 rem
605 4438 797 4509 diligit
822 4439 991 4492 Deus.
1029 4459 1056 4484 »
1087 4436 1448 4491 Testimonio
1489 4452 1726 4506 quoque
1784 4435 2096 4491 confirmat

448 4529 603 4599 quod
634 4545 703 4583 ex
734 4544 984 4582 mmrore
1016 4526 1155 4580 dare
1187 4542 1308 4580 non
1357 4531 1645 4595 oporteat,
1681 4548 1709 4574 «
1772 4527 1843 4580 Ut
1898 4526 2094 4580 omnis

445 4619 630 4689 gratia
650 4617 711 4672 in
737 4634 836 4670 vos
865 4616 1165 4670 exuberet.
1203 4639 1228 4663 ››
1262 4615 1487 4684 Omnis,
1513 4615 1726 4685 inquit,
1747 4615 1935 4686 gratia
1973 4620 2093 4669 tam

446 4705 842 4773 spiritualium
875 4721 1050 4773 quam
1087 4703 1412 4757 carnalium
1465 4719 1685 4768 rerum,
1741 4709 1805 4756 ut
1857 4701 2092 4758 abunde

445 4794 681 4864 possitis
712 4793 994 4846 tribuere.
1031 4795 1144 4846 Aut
1172 4792 1330 4863 quod
1356 4798 1549 4862 potest
1573 4792 1744 4857 Deus,
1777 4791 1940 4846 vobis
1963 4808 2094 4846 car-

2201 3543 2358 3622 φησὶ,
2400 3543 2489 3596 καὶ
2548 3541 2871 3618 ἁδρότητος,
2938 3570 2958 3594 α
3009 3547 3270 3606 Ἕκαστος
3333 3548 3501 3608 καθὼς
3570 3540 3782 3613 προαιρεῖ-

2199 3651 2291 3686 ται
2320 3635 2388 3703 τῇ
2421 3629 2636 3704 καρδίᾳ.
2672 3655 2701 3683 ››
2733 3633 2854 3688 Ἐπὶ
2909 3634 2972 3687 τὸ
3031 3634 3302 3708 πρότερον
3332 3633 3492 3690 πάλιν
3529 3630 3662 3700 ἦλθε,
3711 3644 3788 3698 μο-

2198 3719 2360 3775 νονοὺ
2389 3725 2552 3774 τοῦτο
2587 3719 2782 3793 λέγων’
2833 3723 2915 3778 Τὰ
2974 3723 3069 3794 μὲν
3131 3721 3466 3793 λαληθῆναι,
3522 3720 3655 3797 φησί,
3693 3711 3787 3784 περὶ

2200 3807 2576 3882 ὲλεημοσύνης
2610 3808 2924 3884 ὀφείλοντα,
2954 3814 3142 3879 ταῦτα,
3190 3811 3346 3880 πλὴν
3403 3809 3570 3873 καθὼς
3615 3801 3790 3860 ἕκαστος

2198 3902 2562 3970 προαιρεῖται,
2623 3898 2797 3958 οὕτως
2857 3895 3077 3955 διδότω,
3114 3924 3141 3950 ι(
3205 3901 3299 3969 Μὴ
3362 3899 3418 3954 ἐκ
3473 3885 3785 3963 λύπης-»Οὐ

2200 3984 2300 4062 γάρ
2337 3985 2448 4040 ἐστι
2511 3985 2814 4057 πλεονεξία.
2850 4011 2879 4039 ‹‹
2941 3985 3099 4056 Μηδὲ
3152 3987 3201 4057 ἐξ
3252 3990 3510 4063 ἀνάγκης.
3543 4009 3570 4038 ››
3604 3982 3664 4036 0'5
3710 3979 3787 4054 γὰρ

2203 4073 2526 4149 βιαζόμεθα»
2582 4075 2740 4153 φησὶ,
2787 4075 2922 4130 τινά·
2991 4077 3131 4132 Εἷπε
3189 4078 3291 4152 γὰρ
3337 4080 3466 4145 ἅνω,
3513 4101 3538 4127 (ι
3589 4070 3654 4129 Οὐ
3700 4064 3787 4121 κατ’

2198 4162 2458 4234 ἐπιταγὴν
2493 4162 2661 4239 λέγω.
2700 4187 2728 4214 ››
2761 4163 2863 4221 Καὶ
2895 4163 3082 4232 πάλιν,
3116 4190 3142 4216 ιι
3186 4171 3415 4240 Γνώμην
3450 4162 3504 4218 δὲ
3555 4157 3784 4228 δίδωμι.»

2198 4284 2268 4295 —
2305 4274 2326 4301 ι
2361 4251 2578 4330 Ὶλαφὸν
2607 4253 2706 4326 γὰρ
2763 4250 2925 4322 δότην
2983 4253 3169 4326 ἀγαπᾷ
3201 4256 3230 4308 6
3285 4255 3435 4316 Θεός.
3470 4277 3496 4304 »
3535 4249 3628 4306 Κκῖ
3677 4259 3785 4316 μαρ⁴

2196 4340 2355 4416 τυρίᾳ
2388 4336 2619 4414 βεϐαιοῖ,
2652 4341 2713 4396 τὸ
2747 4343 2822 4415 μὴ
2858 4340 2967 4397 δεῖν
3001 4342 3062 4397 ἐκ
3119 4341 3300 4412 λύπης
3361 4341 3573 4398 διδόναι.
3604 4361 3628 4389 ιε
3657 4339 3783 4388 Πνευ-

2203 4434 2442 4502 ματικῶν
2521 4451 2602 4497 τε,
2663 4431 2818 4504 φησὶ,
2887 4431 2977 4484 καὶ
3063 4439 3334 4507 σαρκικῶν
3395 4437 3727 4507 πραγμάτων
3762 4438 3782 4466 ³³

2198 4519 2336 4574 ὣστε
2368 4517 2625 4574 δύνασθαι
2682 4521 2822 4591 ὑμᾶς
2855 4516 3105 4593 δαψιλῶς
3136 4505 3500 4594 μεταδιδόναι,
3529 4515 3562 4585 ἤ
3613 4516 3682 4568 ὅτι
3715 4505 3784 4561 δύ-

2197 4630 2352 4663 ναται
2397 4610 2425 4665 ὁ
2465 4609 2619 4677 Θεὸς,
2682 4609 2836 4681 ὑμῶν
2895 4612 3127 4682 σαρκικά
3191 4613 3280 4666 καὶ
3342 4609 3502 4684 μικρᾶ
3554 4601 3780 4661 διδόντων,

2196 4698 2533 4768 πνευματικὰ
2610 4698 2700 4752 καὶ
2782 4696 2994 4770 μεγάλα
3071 4697 3410 4763 ἀντιδοῦναι,
3488 4696 3567 4751 καὶ
3641 4705 3782 4763 περισ-

2198 4791 2401 4840 σεῦσαι.
2440 4788 2518 4843 Οὐ
2550 4785 2739 4859 μόνον,
2783 4787 2939 4862 φησὶ,
2993 4785 3310 4861 πληρῶσαι,
3367 4787 3504 4843 ἀλλὰ
3551 4783 3629 4840 καὶ
3681 4776 3777 4845 ὑπὲρ

447 4881 608 4936 nalia
630 4896 694 4935 ac
727 4898 902 4951 parva
935 4880 1350 4944 tribuentibus,
1390 4880 1728 4951 spiritualia
1757 4896 2089 4952 magnaque

2202 4875 2297 4942 τήν
2331 4875 2518 4950 χρείαν
2553 4873 2761 4932 δοῦναι.
2796 4899 2824 4926 ‹‹
2887 4878 3065 4931 Ηᾶσαν
3119 4879 3454 4950 αὐτάρκειαν.
3483 4897 3507 4927 ι
3561 4877 3678 4943 Ὅρα
3709 4885 3776 4918 σθ’

447 4971 792 5043 rependere,
827 4977 885 5026 et
917 4971 1109 5026 facere
1143 4976 1206 5024 ut
1238 4970 1579 5025 exuberent.
1613 4972 1736 5024 Non
1768 4969 2088 5032 solum,in-

448 5065 592 5134 quit,
648 5062 919 5132 implere,
953 5078 1154 5115 verum
1226 5062 1406 5117 etiam
1461 5061 1617 5116 ultra
1674 5061 2091 5116 necessitatem

448 5153 607 5208 dare.
647 5176 666 5200 οι
704 5153 948 5207 Omnem
985 5151 1426 5205 sufﬁcientiam.
1458 5173 1484 5200 »
1518 5151 1837 5206 Considera
1854 5150 2091 5222 sapien-

444 5243 605 5298 tiam.
642 5244 704 5296 In
736 5241 1077 5297 carnalibus
1135 5239 1559 5295 sufﬁcientiam
1593 5240 1736 5310 ipsis
1768 5245 2042 5310 precatur
2074 5256 2087 5295 :

442 5339 502 5387 at
533 5333 591 5387 in
622 5330 1036 5402 spiritualibus
1093 5327 1539 5382 exuberantiam
1587 5335 1644 5384 et
1697 5329 2085 5400 opulentiam.

444 5421 752 5492 Dispersit,
769 5419 932 5474 dedit
955 5417 1334 5488 pauperibus.
1371 5439 1398 5466 »
1423 5419 1779 5488 Prophetam
1801 5419 1885 5474 eis
1903 5417 2090 5473 addu-

445 5511 524 5564 cit
552 5510 624 5564 ad
654 5508 1071 5563 liberalitatem
1103 5506 1538 5562 adhortantem.
1569 5509 1712 5562 Nam
1753 5508 2090 5579 dispergere

516 5685 635 5740 “II
655 5683 786 5740 Cor.
819 5699 939 5755 vni,
971 5687 1025 5741 8.
1057 5683 1108 5720 ⁵⁸
1135 5683 1282 5740 Ibid.
1319 5683 1406 5742 10.

2200 4963 2344 5042 φίαν·
2406 4967 2493 5022 Ἐν
2546 4970 2663 5026 τοῖς
2721 4970 3003 5038 σαρκικοῖς
3068 4965 3382 5041 αὐτάρκειαν
3443 4965 3609 5022 αὐτοῖς
3657 4959 3777 5010 ἐπευ-

2200 5056 2462 5129 χόμενος,
2521 5054 2573 5110 ἐν
2631 5061 2748 5117 τοῖς
2807 5063 3199 5126 πνευματικοῖς
3241 5055 3532 5131 περισσείαν
3583 5047 3657 5105 καὶ
3704 5062 3775 5096 πε⁸

2201 5143 2439 5215 ριουσίαν
2483 5140 2720 5217 εὔχεται.
2758 5168 2785 5194 ‹‹
2822 5145 3193 5220 Ἐσκόρπισεν,
3227 5144 3392 5201 ἔδωκε
3418 5148 3524 5203 τοῖς
3573 5137 3773 5202 πένησι-’³

2199 5233 2303 5289 Τὸν
2363 5236 2652 5306 προφήτην
2705 5232 2891 5295 αὐτοῖς
2957 5232 3230 5313 ἐφίστησι,
3291 5231 3548 5307 δαψίλειαν
3616 5238 3772 5293 παραι-

2196 5326 2406 5378 νοῦντα.
2484 5324 2560 5378 Τὸ
2618 5323 2744 5397 γὰρ,
2809 5322 3120 5398 σκορπίσαι,
3206 5321 3478 5398 δαψίλειας
3552 5326 3769 5398 σημαντιξ

2198 5416 2313 5471 κόν.
2383 5439 2403 5464 ιι
2467 5415 2527 5472 Ἡ
2589 5396 2919 5484 δικαιοσύνη.
2969 5414 3160 5471 αὐτοῦ.
3217 5440 3246 5469 ››
3288 5396 3296 5398 ἡ
3331 5412 3557 5471 Δικαίους
3609 5403 3692 5477 γὰρ

2199 5502 2547 5575 ἐλεημοσύνη
2650 5507 2818 5574 ποιεῖ,
2896 5480 3106 5578 -ὥσπερ
3181 5509 3286 5580 πῦρ
3343 5501 3656 5571 ,καθαίρουσα
3716 5480 3766 5536 τὸ
