4048 6250
304 319 469 385 1025

1271 324 1685 389 COMMENT.
1731 328 1809 389 ΙΝ
1855 326 2101 390 EPIST.
2147 328 2199 390 Π
2242 328 2352 393 AD
2396 329 2763 396 CORINTH.

3560 342 3584 402 1
3597 336 3723 403 026

298 457 796 533 πλημμελήματα.
826 484 854 514 ιι
887 460 1047 521 Μὲνει
1080 460 1157 524 εἷς
1193 461 1288 519 τὸν
1327 461 1517 521 αίῶνᾶ.
1555 488 1583 517 ››
1638 461 1778 522 Ούδὶ
1829 483 1953 520 ποτε

2073 465 2527 541 significatin
2560 473 2649 527 est
2679 470 3098 529 exuberantiaa.
3133 495 3164 525 ‹‹
3209 470 3444 531 Iustitia
3487 475 3636 548 ejus.
3686 502 3713 529 η

299 548 405 624 γάρ
439 544 744 606 σϐέννυται.

384 835 446 892 Ὁ
505 832 563 890 δὲ
646 835 1002 915 ἐπιχορηγῶν
1088 842 1304 915 σπέρμα
1375 845 1455 914 τῷ
1542 840 1813 915 σπείροντι
1867 842 1958 898 καὶ

312 921 474 1000 ἄρτον
558 924 634 987 εἷς
722 929 972 1002 βρῶσιν,
1082 933 1402 1006 χορηγήσαι
1492 931 1582 986 καὶ
1678 928 1958 1002 πληθύναι

309 1014 406 1070 τὸν
475 1014 676 1091 σπόρον
764 1018 937 1090 ὑμῶν,
1018 1018 1106 1075 καὶ
1192 1019 1421 1094 αύξήσαι
1497 1020 1566 1076 τὰ
1645 1022 1959 1094 γεννήματα

305 1108 407 1170 τῆς
482 1101 833 1177 δικαιοσύνης
908 1108 1087 1182 ὑμῶν,
1172 1108 1223 1165 ἐν
1304 1110 1458 1165 παντὶ
1514 1108 1957 1184 πλουτιζόμενοι,

306 1193 385 1256 εἷς
487 1197 661 1249 πᾶσαν
763 1194 1072 1268 ἁπλότητα,
1167 1199 1291 1269 ἥτις
1390 1199 1774 1276 κατεργάζεται
1889 1197 1961 1255 δι’

302 1285 466 1358 ἡμῶν
517 1282 870 1359 εὐχαριστίαν
925 1290 1006 1359 τῷ
1073 1291 1207 1361 Θεῷ,
1270 1290 1393 1347 ’Ότι
1462 1291 1497 1358 ἠ
1562 1286 1806 1344 διακονία
1860 1294 1961 1358 τῆς

303 1371 648 1448 λειτουργίας
705 1373 933 1446 ταύτης,
1023 1375 1084 1430 ού
1166 1376 1329 1450 μόνον
1396 1376 1509 1434 ἐστὶ
1565 1376 1957 1453 προσαναπλη-

305 1464 475 1536 ροῦσα
545 1462 613 1516 τὰ
716 1462 1085 1536 ὑστερήματα⁶
1163 1468 1273 1520 τῶν
1349 1464 1541 1542 ἀγίων,
1619 1463 1765 1521 ἀλλὰ
1865 1465 1957 1520 καὶ

303 1549 697 1627 περισσεύουσα
753 1548 844 1606 διὰ
897 1550 1124 1608 πολλῶν
1202 1554 1569 1634 εὐχαριστιῶν
1655 1552 1735 1629 τῷ
1818 1560 1955 1629 Θεῷ,

304 1635 397 1693 διὰ
452 1646 552 1707 τῆς
627 1636 866 1713 δοκιμῆς
963 1648 1068 1712 τῆς
1175 1640 1449 1707 διακονίας
1524 1644 1726 1714 ταύτης
1802 1640 1957 1717 δοξά-

306 1732 485 1797 ζοντες
544 1728 637 1784 τὸν
694 1729 848 1799 Θεὸν,
915 1729 1003 1786 ἐπὶ
1060 1736 1130 1807 τῇ
1190 1732 1434 1810 ὑποταγῇ
1492 1740 1591 1799 τῆς
1652 1731 1957 1806 ὁμολογίας

306 1816 463 1890 ὑμῶν
525 1816 601 1879 είς
655 1817 717 1873 τὸ
768 1815 1109 1896 Εύαγγέλιον
1173 1825 1269 1876 τοῦ
1326 1823 1587 1897 Χριστοῦ.

380 1908 468 1963 Ἐν
493 1910 665 1986 εὑχῆς
692 1909 837 1980 τάξει
886 1909 1176 1966 αἰνίττεται
1229 1912 1292 1966 τὸ
1335 1912 1410 1984 μὴ
1445 1908 1552 1966 δεῖν
1612 1908 1841 1983 δειλιᾷν,
1878 1912 1954 1985 μὴ

307 2018 424 2059 πως
457 1995 582 2060 δούς
627 2019 710 2061 τις
768 1997 975 2070 πολλὰ,
1036 2001 1197 2063 αὐτὸς
1252 1997 1439 2072 ἐνδεὴς
1492 2001 1704 2077 εὑρεθῇ.
1764 2001 1825 2059 Ὀ
1852 2001 1955 2077 γὰρ

312 2082 524 2163 σπὲρμα
582 2093 848 2165 χορηγῶν
930 2090 1058 2153 Θεὸς
1139 2095 1218 2164 τῷ
1296 2091 1386 2147 τὸν
1442 2089 1697 2161 αἰσθητὸν
1753 2090 1955 2165 σπόρον

305 2175 607 2251 σπείροντι,
639 2177 727 2232 καὶ
760 2177 825 2233 τὸ
865 2181 1024 2253 σῶμα
1054 2180 1263 2256 τρέφων
1324 2175 1493 2254 ἄρτῳ,
1552 2182 1669 2243 πῶς
1725 2178 1784 2234 ἂν
1818 2177 1955 2252 ἀμὶ-

302 2261 497 2334 λήσειε
552 2269 649 2320 τοῦ
736 2267 828 2321 τὸν
888 2270 1252 2341 πνευματικὸν
1335 2266 1655 2342 σπείροντος
1703 2266 1953 2340 σπόρον;

311 2375 336 2406 α
371 2356 696 2429 Χορηγήσαι
743 2356 833 2411 καὶ
890 2356 1184 2428 πληθύναι.
1222 2382 1250 2410 ››
1284 2358 1655 2432 Χορηγήσειεν
1714 2357 1841 2430 ὑμῖν
1890 2356 1957 2411 τὰ

309 2441 542 2516 σαρκικὰ
574 2439 845 2517 δαψιλῶς,
888 2441 973 2499 ἵνα
1025 2443 1312 2520 πληθυνθῇ
1371 2445 1462 2499 καὶ
1520 2447 1555 2515 ἠ
1614 2442 1957 2517 ἐλεημοσύνη

309 2531 490 2606 ὑμῶν.
520 2532 731 2605 Ταύτην
778 2535 885 2611 γὰρ
942 2539 1033 2589 νῦν
1095 2536 1297 2612 σπόρον
1360 2535 1515 2615 φησί.
1568 2560 1594 2587 ιι
1629 2533 1732 2591 Καὶ
1788 2533 1953 2605 αὐξή-

307 2642 400 2675 σαι
427 2622 495 2676 τὰ
518 2624 845 2696 γεννήματα.
880 2653 903 2677 ››
960 2625 1051 2679 Ἐκ
1107 2626 1206 2700 γὰρ
1265 2626 1362 2679 τοῦ
1413 2630 1514 2694 τῆς
1574 2622 1953 2697 ἐλεημοσύνης

316 2710 544 2781 σπόρου,
586 2708 729 2781 αὔξει
788 2710 1137 2784 δικαιοσύνης
1196 2715 1527 2791 γεννήματα.
1574 2714 1857 2785 Τροπικῶς
1898 2710 1955 2768 δὲ

320 2797 425 2854 ολα
455 2801 609 2857 εἶπεν.
671 2827 701 2855 ιι
752 2806 908 2866 Ἠτις
975 2805 1359 2882 κατεργάζεται
1416 2802 1489 2859 δι’
1542 2806 1724 2877 ἡμῶν.
1760 2826 1785 2857 ο
1858 2802 1953 2866 Εἷς

312 2889 528 2960 ταύτην,
562 2892 717 2970 φησὶ,
757 2895 855 2964 τήν
900 2892 1182 2966 ἁπλότητα
1211 2894 1300 2950 καὶ
1366 2892 1655 2969 δαψίλειαν
1721 2892 1952 2950 πλουτι-

310 2978 545 3051 σοείητε,
603 2979 729 3051 ἥτις
790 2983 1174 3059 κατεργάζεται
1253 2980 1323 3038 δι’
1378 2986 1538 3059 ἡμῶν
1598 2983 1947 3062 εὑχαριστίαν

303 3072 384 3141 τῷ
416 3074 553 3140 Θεῷ.
584 3070 650 3128 Τί
676 3068 732 3126 δὲ
760 3071 823 3127 τὸ
855 3073 945 3127 καὶ
990 3074 1117 3137 τοὺς
1171 3071 1378 3137 ἄλλους
1431 3074 1833 3148 παρασκευάζον
1864 3073 1947 3129 εύ-

302 3164 588 3236 χαριστεῖν
619 3164 698 3233 τῷ
752 3166 885 3235 Θεῷ,
934 3162 1088 3239 ὑπὲρ,
1119 3165 1193 3217 ὧν
1226 3163 1315 3218 καὶ
1347 3164 1500 3237 ὑμεῖς
1528 3166 1834 3236 κεκτήμεθα
1863 3183 1877 3233 ;
1908 3165 1943 3234 ἡ

302 3246 521 3303 εὐποιία
578 3246 855 3318 δηλονότι.
944 3249 1320 3317 Πλουτίσασθε
1403 3250 1496 3307 οῦν
1552 3251 1628 3315 εἷς
1674 3251 1943 3311 εύποιίαν.

301 3336 476 3393 Τοῦτο
513 3338 617 3414 γὰρ
646 3339 738 3394 καὶ
776 3339 903 3403 τοὺς
965 3336 1343 3414 λαμϐάνοντας
1399 3343 1551 3415 ἡμᾶς
1610 3344 1952 3417 εὐχαριστεῖν

301 3427 525 3497 ποιήσει
548 3432 686 3501 Θεῷ.
715 3431 933 3501 «Ὅτιὴ
959 3428 1230 3490 διακονία.
1257 3456 1284 3485 ››
1306 3433 1637 3502 Τουτὲστινή
1661 3432 1955 3509 φιλοτιμία

302 3516 397 3569 καὶ
426 3518 461 3585 ἠ
494 3516 721 3593 εἰσφορᾶ
748 3523 856 3574 τῶν
890 3520 1196 3599 χρημάτων
1234 3521 1466 3591 τούτων,
1497 3522 1588 3576 καὶ
1627 3524 1661 3592 ἡ
1705 3520 1956 3599 λειτουρ-

302 3604 402 3677 γία
429 3606 465 3675 ἡ
499 3610 838 3679 πνευματικὴ
874 3610 909 3679 ἡ
945 3606 1344 3684 διακονουμένη
1372 3610 1459 3677 ὑφ’
1488 3613 1669 3685 ἡμῶν.
1690 3635 1719 3663 ιι
1752 3610 1825 3667 Ού
1860 3611 1957 3684 μὸ-

307 3714 400 3749 νον
433 3692 546 3751 ἐστῖ
578 3698 1129 3774 προσαναπληροῦσα.
1174 3726 1201 3752 ιι
1230 3699 1308 3758 Ού
1361 3700 1547 3774 μόνον,
1606 3700 1763 3781 φησι,
1793 3704 1955 3757 τοῦτο

305 3786 594 3859 καιορθοῖ,
666 3787 731 3842 τὸ
788 3786 1137 3864 ἀναπληροῦν
1195 3787 1261 3843 τὰ
1318 3788 1662 3865 ὑστερήματα
1716 3790 1805 3845 καὶ
1854 3790 1956 3858 τήν

310 3869 517 3929 ἔνδειαν
565 3880 671 3930 τῶν
699 3876 893 3950 ἁγίων,
926 3875 1072 3932 ἀλλὰ
1118 3877 1209 3932 καὶ
1266 3877 1597 3952 περισσεύειν
1659 3877 1802 3933 ποιεὶ
1856 3881 1956 3948 τήν

309 3961 389 4022 είς
419 3963 547 4019 Θεὸν
603 3964 982 4043 εὐχαριστίαν,
1039 3964 1103 4020 τὸ
1156 3963 1246 4021 δια
1299 3963 1527 4021 πολλῶν
1570 3967 1953 4044 προφέρεσθαι.

308 4050 441 4108 Οῖον
489 4049 548 4106 δὲ
605 4052 718 4109 ἐστι
766 4054 859 4109 καὶ
913 4055 1126 4131 τρέφειν
1196 4053 1540 4129 πενομένους,
1588 4054 1678 4110 καὶ
1718 4054 1953 4132 εὐχαρι-

308 4145 549 4205 στεῖσθαι
632 4143 1054 4218 παρασκευάζει)
1137 4144 1289 4201 Θεόν.
1372 4144 1454 4201 Teii
1510 4144 1613 4220 γὰρ
1691 4140 1809 4212 δύο,
1847 4148 1956 4199 τῶν

307 4231 443 4304 ἄγαν
502 4229 955 4305 ἐπαινουμένων.
1021 4233 1328 4308 Περισσεύει
1384 4231 1461 4305 δὲ,
1521 4232 1674 4311 φησὶ,
1735 4230 1823 4288 διὰ
1852 4236 1954 4299 τῆς

307 4317 546 4396 δοκιμῆς
571 4329 668 4393 τῆς
698 4319 970 4385 διακονίας
1002 4322 1225 4395 ταύτης,
1257 4322 1503 4379 τουτέστι
1544 4326 1647 4389 τῆς
1688 4319 1955 4397 δοκίμου,

303 4410 397 4464 καὶ
455 4410 613 4485 πείρᾳ
662 4414 762 4481 τήν
836 4413 1193 4488 χρηστότητα
1246 4409 1493 4484 δειξάσης
1551 4410 1954 4486 ἐλεημοσύνης,

304 4497 374 4568 ἣν
406 4501 571 4573 ἡμεῖς
602 4498 955 4575 διακονοῦμεν
991 4503 1142 4574 ὑμῖν,
1189 4502 1371 4580 φησίν.
1435 4525 1463 4555 ιι
1492 4500 1673 4556 Ἀλλὰ
1735 4500 1824 4556 καὶ
1855 4521 1952 4556 πε-

306 4590 650 4666 ρισσεύουσα.
687 4614 715 4641 η
747 4595 871 4655 Πῶς
920 4588 976 4645 δὲ
1032 4590 1335 4667 περισσεύει

303 4683 425 4751 Θεῷ
458 4697 472 4747 ;
508 4682 628 4740 [Ιῶς
657 4698 672 4748 ;
705 4679 788 4733 ὅτι
821 4676 1136 4749 δοξάζοντες
1173 4677 1306 4733 εἰσιν
1336 4679 1387 4733 οἱ
1442 4680 1584 4754 ἔγιοι
1642 4680 1735 4734 τὸν
1799 4677 1948 4734 Θεόν.

304 4768 388 4826 Ού
422 4768 586 4840 μόνον
612 4768 695 4825 ὅτι
744 4767 912 4841 ἐλύθη
972 4769 1156 4833 αὐτοῖς
1207 4766 1296 4824 διὰ
1349 4776 1449 4839 τῆς
1507 4768 1882 4842 ἐλεημοσύνης
1914 4769 1949 4837 ἠ

302 4853 502 4930 ἔνδεια,
532 4857 679 4914 ἀλλὰ
731 4858 820 4915 καὶ
878 4859 961 4915 ὅτι
1020 4858 1447 4937 ὑποτεταγμένοι
1505 4858 1642 4931 ἐστὶ,
1702 4860 1950 4937 φησὶ,τῇ

302 4948 581 5025 ὁμολογίᾳ
602 4953 700 5005 τοῦ
758 4950 1123 5024 Εὗαγγελίου.
1183 4954 1387 5025 Δεῖγμα
1442 4950 1543 5026 γὰρ
1601 4953 1699 5005 τοῦ
1759 4948 1953 5004 ὑποτε-

300 5039 506 5114 τάχθαι
534 5044 652 5103 τοῖς
685 5038 1066 5115 εὐαγγελικοῖς
1122 5039 1526 5117 προστάγμασί,
1554 5039 1616 5094 τὸ
1642 5038 1699 5094 εὑ
1747 5044 1950 5097 ποιεῖν.

300 5126 550 5185 Πλεῖστα
577 5128 680 5204 γὰρ
713 5128 837 5201 περὶ
891 5127 1266 5202 ἰλεημοσύνης
1324 5129 1352 5183 ὁ
1410 5128 1608 5204 Κύριος
1666 5124 1949 5207 διελέχθη.

2065 558 2210 612 Nam
2232 557 2429 629 justos
2461 558 2841 631 eleemosyna
2865 561 3005 617 facit
3032 562 3098 630 ⁵⁷,
3132 562 3349 619 delicta
3378 563 3438 618 in
3472 566 3713 621 modum

2065 645 2221 717 ignis
2251 647 2597 717 purificans.
2636 668 2664 700 ε
2695 651 2889 705 Manet
2917 650 2979 705 in
3008 652 3315 708 saeculum.
3344 674 3369 704 ιι
3403 655 3715 726 Nunquam

2066 735 2225 791 enim
2258 737 2672 810 exstinguitur.

2137 824 2237 892 IX,
2272 828 2458 880 10-13.
2495 828 2674 881 Porro
2702 827 2804 897 qui
2828 829 3148 899 suppeditat
3196 847 3375 887 semen
3421 834 3724 889 seminanti

2067 919 2118 967 et
2127 930 2333 984 panem
2358 917 2416 969 in
2448 917 2652 984 cibum,
2681 919 2725 971 is
2745 919 3057 989 suppeditet
3082 936 3146 976 ac
3187 922 3531 992 multiplicet
3565 923 3720 978 089

2064 1010 2353 1059 sementem
2381 1010 2639 1066 vestram,
2672 1012 2725 1060 et
2752 1014 2953 1077 augeat
2980 1011 3222 1076 fructum
3240 1010 3487 1080 justitiae
3508 1018 3702 1067 vestrae

2064 1096 2127 1146 ut
2184 1092 2242 1146 in
2310 1094 2557 1148 omnibus
2614 1095 3023 1166 locupletemini
3085 1099 3144 1152 in
3201 1114 3416 1153 omnem
3493 1102 3717 1155 sinceri-

2068 1181 2233 1237 tatem
2264 1198 2513 1254 quaeper
2539 1200 2636 1240 nos
2665 1187 2849 1257 effecit
2905 1193 2965 1241 ut
3027 1190 3226 1257 gratiae
3281 1198 3526 1259 agantur
3583 1194 3710 1246 Deo.

2065 1271 2203 1325 Nam
2231 1274 2446 1338 functio
2478 1274 2597 1343 ejus
2648 1276 2938 1329 ministerii
2985 1292 3095 1331 non
3154 1280 3328 1333 solum
3383 1281 3599 1350 supplet
3652 1298 3714 1335 ea

2065 1376 2189 1430 quae
2219 1361 2413 1417 desunt
2440 1366 2660 1433 sanctis,
2714 1381 2901 1419 verum
2958 1369 3126 1422 etiam
3189 1369 3454 1424 exuberat
3508 1372 3567 1424 in
3616 1371 3713 1425 hoc

2064 1450 2212 1519 quod
2230 1467 2336 1520 per
2362 1453 2563 1507 multos
2590 1456 2787 1522 gratia
2818 1462 3067 1524 agantur
3113 1458 3241 1525 Deo,
3292 1462 3390 1528 qui
3428 1476 3532 1529 per
3576 1476 3710 1530 pro-

2066 1537 2251 1592 batum
2282 1538 2381 1593 hoc
2410 1540 2773 1596 ministerium
2801 1543 3118 1612 gloriﬁcent
3151 1546 3339 1613 Deum,
3369 1563 3533 1618 super
3580 1549 3709 1602 obe-

2064 1625 2275 1682 dientia
2298 1630 2652 1697 confessionis
2677 1637 2868 1686 vestrm
2896 1634 2956 1686 in
2988 1633 3346 1703 Evangelium
3377 1635 3597 1691 Christi.

2132 1825 2197 1879 In
2227 1824 2518 1881 orationis
2547 1826 2754 1883 ordine
2804 1828 3028 1885 indicat
3074 1846 3195 1885 non
3256 1838 3529 1903 oportere
3580 1851 3706 1890 me-

2068 1916 2255 1981 tuere,
2288 1931 2363 1969 ne
2395 1916 2691 1986 quomodo
2726 1916 2776 1972 is
2804 1918 2904 1989 qui
2935 1918 3126 1974 multa
3167 1920 3393 1989 tribuit,
3446 1923 3712 1996 indigere

2066 2000 2417 2059 inveniatur.
2444 2006 2586 2061 Nam
2618 2005 2719 2076 qui
2755 2024 2981 2077 semen,
3008 2008 3066 2064 id
3090 2013 3198 2077 est,
3242 2010 3585 2067 sensibilem
3620 2029 3711 2067 se-

2066 2105 2328 2156 mentem
2360 2102 2700 2176 suppeditat
2748 2106 3091 2173 seminanti,
3138 2124 3353 2180 nempe
3411 2110 3563 2164 Deus
3609 2110 3711 2181 qui

2065 2189 2244 2245 etiam
2275 2207 2488 2263 corpus
2520 2208 2673 2263 pane
2704 2194 2912 2264 nutrit,
2972 2195 3267 2265 quomodo
3318 2214 3456 2252 eum
3513 2205 3714 2270 posset

2064 2278 2360 2351 negligere
2384 2280 2484 2351 qui
2506 2281 2875 2352 spiritualem
2897 2282 3037 2339 facit
3059 2290 3409 2341 sementem.
3435 2309 3463 2336 «
3496 2287 3548 2341 Is
3570 2303 3709 2359 sup-

2063 2367 2288 2438 peditet
2318 2384 2386 2423 ac
2414 2369 2791 2441 multiplicat.
2825 2393 2853 2421 ››
2884 2373 3106 2427 Poterit
3135 2379 3194 2429 et
3223 2375 3486 2431 carnalia
3516 2381 3707 2431 vestra

2062 2459 2297 2517 abunde
2329 2462 2728 2533 suppeditare,
2751 2465 2900 2519 adeo
2928 2470 2993 2519 ut
3047 2466 3225 2521 etiam
3278 2468 3710 2539 multiplicetur

2064 2549 2443 2623 eleemosyna
2476 2557 2685 2620 vestra,
2719 2552 2871 2608 hanc
2904 2554 3063 2608 enim
3096 2554 3242 2609 dicit
3270 2572 3431 2611 nunc
3470 2573 3706 2612 semen-

2062 2652 2217 2703 tem:
2253 2670 2276 2701 ε
2311 2651 2383 2703 Ει
2408 2656 2620 2723 augeat
2645 2650 2923 2706 fructum.
2960 2674 2989 2701 »
3019 2653 3166 2707 Nam
3200 2670 3271 2708 ex
3311 2654 3707 2725 eleemosynae

2062 2745 2329 2793 semente
2351 2739 2590 2810 augebit
2610 2744 2667 2794 et
2685 2757 2952 2796 crescere
2977 2740 3157 2796 faciet
3174 2742 3402 2798 fructus
3426 2744 3703 2815 justitiaz.

2060 2838 2271 2893 Omnia
2300 2844 2498 2894 autem
2530 2840 2834 2912 figurative
2855 2840 3024 2896 dixit.
3063 2863 3091 2891 ι‹
3120 2842 3259 2907 Quae
3289 2859 3397 2914 per
3426 2860 3534 2897 nos
3560 2843 3700 2898 effi-

2059 2926 2158 2981 cit.
2192 2946 2222 2977 »
2254 2927 2319 2982 In
2350 2928 2523 2993 hanc,
2552 2929 2770 3000 inquit,
2802 2931 3205 2997 sinceritatem
3239 2937 3297 2986 et
3333 2932 3699 3003 opulentiam

2057 3024 2382 3095 ditescatis,
2414 3043 2546 3098 qum
2576 3044 2684 3099 per
2714 3045 2825 3083 nos
2881 3028 3066 3083 efﬁcit
3111 3035 3177 3083 ut
3214 3031 3418 3101 gratiae
3448 3036 3700 3103 agantur

2059 3115 2193 3169 Deo.
2230 3116 2377 3179 Quid
2410 3122 2499 3171 est
2523 3122 2713 3171 autem
2761 3117 2920 3188 quod
2969 3118 3152 3173 efficit
3197 3125 3263 3173 ut
3309 3120 3409 3174 alii
3460 3136 3697 3191 quoque

2055 3202 2275 3274 gratias
2294 3209 2472 3275 agant
2492 3204 2609 3259 Deo
2632 3221 2736 3275 pro
2758 3205 2851 3260 his
2873 3221 3004 3277 quas
3022 3211 3081 3261 et
3100 3222 3208 3261 nos
3228 3208 3386 3262 nacti
3435 3223 3641 3263 sumus
3669 3208 3697 3263 ‘l

2058 3290 2453 3348 beneﬁcentia
2481 3292 2754 3349 videlicet
2785 3310 2798 3349 :
2833 3294 3104 3349 ditescite
3135 3295 3314 3367 igitur
3359 3295 3697 3353 beneficen-

2057 3380 2164 3437 tia.
2196 3380 2261 3434 Id
2281 3397 2537 3453 namque
2561 3383 2739 3439 etiam
2760 3399 2870 3438 nos
2892 3384 2992 3454 qui
3017 3384 3342 3456 accipimus
3362 3386 3541 3441 faciet
3578 3387 3696 3443 Deo

2057 3470 2275 3541 gratias
2296 3486 2489 3543 agere.
2516 3494 2544 3522 ιι
2564 3473 2710 3527 Nam
2738 3468 2965 3528 functio
2978 3473 3079 3545 buj
3089 3489 3158 3529 us
3180 3474 3556 3531 ministerii.»
3580 3476 3701 3532 Hoc

2059 3565 2168 3626 est,
2203 3560 2532 3617 liberalitas
2562 3567 2621 3616 et
2650 3561 2889 3617 collatio
2915 3562 3128 3637 barum
3159 3565 3571 3634 pecuniarum,
3630 3580 3702 3621 ac

2059 3649 2369 3721 spirituale
2396 3651 2795 3706 ministerium
2827 3650 2986 3721 quod
3014 3668 3049 3707 a
3076 3651 3248 3708 nobis
3287 3653 3703 3710 subministra-

2057 3752 2174 3803 tur.
2203 3771 2231 3799 ιι
2251 3750 2375 3803 Non
2398 3748 2591 3804 solum
2615 3748 2871 3820 supplet.
2906 3768 2931 3799 ι
2957 3751 3082 3804 Non
3105 3750 3297 3805 solum
3319 3751 3451 3815 hoc,
3485 3751 3700 3820 inquit,

2060 3838 2399 3907 assequitur
2411 3843 2478 3893 ut
2496 3838 2732 3908 expleat
2749 3853 2820 3893 ea
2840 3854 2972 3908 quas
2994 3838 3228 3907 desunt,
3276 3839 3393 3893 sive
3430 3840 3704 3912 indigen-

2060 3930 2203 3985 tiam
2233 3935 2597 3995 sanctorum,
2628 3945 2834 3985 verum
2859 3930 3037 3985 etiam
3061 3931 3385 3986 exuberare
3410 3931 3702 4004 facitgra-

2061 4019 2274 4073 tiaram
2288 4018 2581 4074 actionem
2605 4034 2743 4091 erga
2766 4020 2971 4086 Deum,
2997 4018 3154 4090 quod
3176 4036 3283 4091 per
3302 4020 3523 4077 multos
3558 4022 3703 4076 oﬁ‘e-

2057 4114 2243 4165 ratur.
2267 4109 2386 4163 Hoc
2406 4113 2604 4163 autem
2638 4114 2727 4163 est
2757 4108 2915 4180 quod
2949 4113 3008 4164 et
3034 4124 3325 4181 pauperes
3355 4110 3611 4181 alantur,
3646 4116 3703 4166 et

2060 4197 2295 4253 efﬁcere
2318 4202 2384 4253 ut
2398 4197 2603 4269 gratiae
2623 4203 2875 4269 agantur
2894 4198 3032 4253 Deo.
3056 4198 3203 4253 Nam
3234 4199 3360 4255 haec
3392 4200 3507 4256 duo
3548 4200 3705 4256 inter

2059 4304 2130 4342 ea
2153 4292 2295 4342 sunt
2314 4303 2444 4359 quae
2477 4286 2800 4342 admodum
2825 4287 3259 4344 collaudantur.
3278 4289 3574 4345 Exuberat
3600 4305 3704 4345 au-

2057 4391 2197 4454 tem,
2227 4385 2389 4452 dicit,
2413 4401 2520 4457 per
2541 4384 2855 4457 probatum
2887 4386 3001 4441 hoc
3048 4386 3466 4454 ministerium,
3498 4386 3558 4441 id
3589 4391 3699 4456 est,

2058 4492 2165 4547 per
2193 4474 2638 4546 comprobatam
2672 4474 3136 4546 eleemosynam,
3181 4482 3238 4530 et
3290 4492 3422 4547 quae
3474 4476 3706 4547 experi-

1400 4593 1437 4661 ἠ
1506 4589 1825 4669 εὐχαριστία
1875 4594 1953 4663 τῷ

2065 4569 2267 4620 mento
2292 4564 2613 4619 utilitatem
2640 4563 2987 4633 ostenderit,
3022 4581 3199 4636 quam
3230 4581 3338 4620 nos
3367 4563 3532 4619 vobis
3592 4565 3702 4619 mi-

2063 4664 2407 4732 nistramus,
2439 4663 2650 4734 inquit.
2683 4686 2710 4712 ιι
2747 4664 2959 4718 Verum
2994 4664 3172 4719 etiam
3206 4663 3505 4719 exuberat.
3531 4686 3558 4714 »
3581 4664 3704 4729 Quo

2062 4758 2260 4809 autem
2283 4758 2453 4825 pacto
2475 4752 2760 4807 exuberat
2772 4752 3095 4825 gratiarum
3117 4753 3270 4809 actio
3294 4769 3431 4827 erga
3466 4754 3650 4809 Deum
3679 4751 3709 4808 ‘i

2062 4853 2184 4918 Quo
2202 4850 2572 4924 pacto?Quia
2591 4850 2776 4906 sancti
2793 4851 2975 4906 Deum
2990 4850 3343 4924 gloriﬁcent,
3371 4868 3492 4907 non
3515 4851 3708 4907 solum

2061 4940 2216 5011 quod
2237 4956 2345 5012 per
2361 4939 2798 5011 eleemosynam
2823 4939 3015 4996 ablata
3037 4941 3114 4996 sit
3132 4941 3204 4996 ab
3240 4941 3387 5013 ipsis
3436 4941 3711 5014 indigen-

2061 5030 2164 5094 tia.
2189 5030 2344 5086 οπο
2363 5046 2563 5084 verum
2581 5029 2759 5084 etiam
2787 5029 2944 5100 quod
2994 5031 3291 5103 Evangelii
3344 5031 3706 5088 confessioni

2062 5126 2314 5198 subjecti
2347 5127 2499 5181 sitis.
2553 5130 2975 5197 Argumentem
3016 5116 3194 5183 enim
3254 5129 3410 5199 quod
3462 5128 3695 5199 subject

302 5219 440 5277 sitis
456 5220 830 5294 jussionibus
860 5219 1210 5293 evangelicis
1241 5227 1332 5275 est
1358 5219 1489 5291 ipsa
1516 5217 1931 5274 beneficentia.
1961 5214 2109 5272 Nam
2138 5216 2292 5270 circa
2322 5215 2760 5286 eleemosynam
2793 5217 3079 5273 Dominus
3111 5217 3368 5289 plurima
3407 5217 3708 5272 disseruit.

377 5307 483 5366 Καὶ
524 5306 797 5379 ἁπλότητι
827 5314 929 5378 τῆς
989 5308 1282 5369 κοινωνίας
1340 5306 1418 5370 εἷς
1476 5306 1672 5370 αὑτοὺς
1728 5305 1821 5362 καὶ
1870 5304 1949 5369 εἷς

297 5398 529 5468 πάντας,
560 5398 650 5454 καὶ
679 5395 855 5453 αὑτῶν
898 5395 1077 5470 δεήσει
1138 5398 1273 5474 ὑπὲρ
1333 5396 1465 5471 ὑπὲρ
1522 5397 1701 5470 ὑμῶν,
1753 5395 1948 5451 ἐπιπο-

299 5494 543 5555 θούντων
612 5487 751 5560 ὑμᾶς
806 5484 898 5542 διὰ
961 5487 1060 5557 τήν
1114 5480 1569 5562 ὑπερϐάλλουσαν
1626 5484 1793 5566 χάριν
1848 5487 1945 5540 τοῦ

374 5668 418 5705 ⁸⁷
448 5668 627 5726 Eccli.
660 5685 738 5739 In,
770 5671 858 5726 33.

2131 5305 2225 5374 IX,
2261 5306 2448 5361 13-15.
2482 5306 2551 5359 Et
2596 5307 2967 5362 sinceritatem
3025 5309 3536 5363 communicationis
3585 5323 3714 5378 erga

2056 5396 2201 5467 ipsos
2230 5401 2283 5450 et
2310 5412 2445 5465 erga
2495 5411 2698 5465 omnes,
2750 5398 2914 5451 etiam
2964 5400 3284 5468 precatione
3333 5398 3556 5453 illorum
3602 5412 3713 5468 pro

2054 5483 2347 5554 vobis:qui
2374 5483 2690 5540 desiderant
2706 5499 2803 5541 vos
2810 5492 3050 5556 propter
3089 5484 3425 5543 eminentem
3451 5487 3553 5542 Dei
3581 5501 3716 5556 gra-
