4048 6250
394 277 549 338 102³7

1475 279 1906 343 (ECUMENII
1952 276 2261 339 TRICCE
2306 275 2656 339 EPISCOPI

3654 278 3792 336 {098

389 412 526 467 tiam
554 415 614 466 in
645 413 812 469 vobis.
846 413 1039 470 Gratia
1071 421 1254 469 autem
1307 415 1409 470 Deo
1459 431 1622 485 super
1678 412 2030 470 inenarrabili

2155 413 2289 465 Θεοῦ
2322 409 2402 488 ἐφ’
2435 411 2583 483 ὑμῖν.
2617 411 2784 486 Χάρις
2819 408 2877 466 δὲ
2898 414 2980 484 τῷ
3007 415 3124 484 Θεῷ
3171 410 3258 467 ἐπὶ
3290 415 3355 486 τῇ
3421 407 3798 483 ἀνεκδιηγήτῳ

391 519 489 557 suo
515 520 754 558 munere.

464 594 531 645 Et
561 593 701 662 quia
727 609 832 664 per
862 594 1293 665 subjectionem
1324 613 1390 650 ac
1423 594 1822 650 obedientiam
1846 595 2033 648 Evan-

391 680 524 752 gelii
559 682 631 736 ad
664 683 773 738 hoc
804 684 981 738 etiam
1015 685 1262 755 subjecti
1324 686 1466 740 estis
1514 685 1586 740 ad
1635 684 2039 740 sinceritatem

393 787 530 843 erga
562 772 749 842 ipsos,
782 773 890 827 hoc
924 780 1033 840 est,
1068 774 1490 830 abundantiam
1527 775 1920 844 eleemosynm
1971 787 2038 826 ac

393 861 976 916 communicationis.
1007 864 1121 916 Nec
1172 863 1364 917 solum
1424 880 1559 936 erga
1613 865 1795 934 ipsos,
1833 876 2036 915 verum

395 948 572 1002 etiam
611 965 747 1020 erga
777 965 1002 1004 omnes.
1037 955 1182 1004 Nam
1216 951 1297 1018 bi,
1345 952 1557 1022 inquit,
1614 951 1799 1005 sancti
1843 949 1915 1003 ob
1974 945 2033 1000 id

389 1053 623 1108 quoque
654 1038 771 1092 Deo
827 1040 1045 1110 gratias
1103 1045 1282 1111 agunt
1337 1039 1494 1110 quod
1549 1039 1682 1094 aliis
1748 1037 2032 1094 tribuitis.

393 1128 630 1181 «Etiam
650 1127 990 1197 precatione
1014 1127 1251 1182 illorum
1275 1145 1380 1199 pro
1400 1128 1582 1182 vobis.
1607 1147 1637 1179 ››
1664 1129 1724 1182 ln
1774 1127 1910 1192 hoc,
1947 1126 2038 1179 in-

391 1215 538 1284 quit,
574 1217 688 1270 Deo
715 1217 930 1286 gratias
971 1224 1170 1289 agunt,
1205 1217 1671 1289 quodEvangelii
1695 1213 2036 1270 obedientia

385 1319 452 1357 ac
484 1303 772 1373 subjectio
803 1304 950 1359 adeo
984 1306 1262 1376 probatos
1323 1324 1426 1361 vos
1476 1305 1821 1372 reddiderit,
1883 1303 2028 1359 adeo

386 1393 674 1447 amabiles
701 1411 712 1446 :
739 1395 1098 1448 utcontinue
1121 1403 1442 1465 precentur
1487 1412 1601 1466 quo
1648 1395 1884 1449 videant
1913 1410 2032 1448 vos.

385 1483 483 1536 Ait
510 1483 704 1537 enim:
730 1507 755 1531 α
783 1484 889 1547 Qui
915 1484 1258 1540 desiderant
1279 1503 1382 1541 vos
1405 1493 1646 1557 propter
1668 1486 2031 1540 eminentem

388 1573 486 1626 Dei
519 1573 788 1644 gratiam.
827 1596 852 1621 ››
891 1576 1018 1642 Vos,
1049 1575 1150 1638 ait,
1197 1575 1558 1644 desiderant,
1619 1593 1739 1630 non
1797 1580 2037 1647 propter

387 1661 766 1726 divitias,sed
789 1668 853 1716 ut
873 1670 1234 1733 spectatores
1285 1666 1404 1718 sint
1445 1665 1596 1720 datm
1647 1665 1807 1719 vobis
1851 1682 1886 1719 a
1916 1665 2033 1718 Deo

381 1752 603 1820 gratiae.
635 1753 881 1822 Propter
904 1753 1268 1807 eminentem
1295 1755 1474 1820 enim,
1503 1754 1717 1825 inquit,
1763 1753 1865 1808 Dei
1905 1769 2033 1825 gra-

384 1838 527 1893 tiam
556 1840 617 1893 in
641 1839 802 1893 vobis
825 1839 1020 1894 videre
1047 1857 1148 1894 vos
1171 1843 1436 1912 cupiunt.
1473 1841 1614 1896 Vide
1664 1847 1861 1896 autem
1894 1856 2031 1912 pru-

385 1925 1024 1983 dentiam.Extollendo
1046 1929 1197 1998 illos,
1224 1937 1411 1984 totum
1438 1932 1554 1985 Deo
1579 1931 1868 1998 attribuit,
1909 1945 2035 1984 rem

386 2015 575 2086 ipsam
603 2032 816 2069 vocans
851 2016 948 2069 Dei
982 2018 1250 2087 gratiam.
1288 2040 1314 2066 <<
1351 2019 1547 2072 Gratia
1577 2023 1776 2072 autem
1838 2019 1974 2073 Deo.
2006 2040 2034 2066 ››

383 2103 606 2156 Deinde
641 2104 874 2174 cognita
905 2105 1006 2159 Dei
1038 2107 1244 2176 gratia,
1292 2108 1416 2177 ipse
1475 2108 1660 2162 Deum
1720 2108 2030 2179 glorificat.

390 2192 646 2246 «Gratia
678 2199 877 2246 autem
938 2195 1076 2262 Deo,
1138 2195 1354 2266 inquit,
1412 2213 1590 2268 super
1646 2195 2033 2251 inenarrabili

384 2279 572 2350 ipsius
604 2281 782 2337 dono.
821 2304 847 2330 ››
881 2283 1110 2337 Donum
1145 2291 1342 2340 autem
1376 2286 1494 2339 sive
1527 2303 1744 2340 munus
1775 2287 2036 2357 appellat

385 2368 480 2422 hic
513 2369 670 2440 quod
702 2372 1015 2443 Evangelio
1040 2373 1291 2443 subjecti
1323 2375 1459 2430 facti
1491 2376 1609 2430 sint
1641 2376 1950 2444 Corinthii,
1978 2382 2036 2430 et

383 2460 541 2529 quod
575 2477 680 2530 per
710 2461 1150 2533 eleemosynam
1185 2470 1346 2519 tanta
1376 2465 1535 2521 bona
1565 2466 1736 2520 nobis
1760 2466 2035 2520 tribuerit

379 2557 602 2620 quanta
635 2553 1020 2620 enumeravit,
1057 2555 1334 2626 quodque
1368 2573 1472 2627 pro
1499 2557 1602 2610 illa
1633 2556 1795 2610 dabit
1826 2557 1887 2610 in
1937 2558 2032 2611 fu-

379 2643 510 2692 turo
545 2641 794 2710 majora.

940 2808 1085 2862 671
1126 2809 1350 2864 CAPUT
1388 2811 1456 2864 X.

380 2924 741 2991 Propriorum
771 2925 1024 2979 narratio
1057 2925 1304 2980 laborum
1335 2932 1387 2980 et
1411 2929 1682 2996 propositi
1713 2944 1775 2981 ac
1827 2927 2032 2996 gratiae

450 3010 572 3062 quae
601 2997 660 3047 in
691 2997 810 3062 ipso
840 3005 1024 3066 erant,
1058 3014 1126 3052 ne
1156 3001 1518 3053 assentiretur
1573 3003 1776 3066 fucatis
1835 3001 2028 3054 Corin-

454 3067 602 3120 thiis.

449 3185 515 3248 Χ,
553 3185 668 3239 1-3.
707 3186 980 3240 Caterum
1012 3189 1126 3255 ipse
1159 3187 1365 3242 Paulus
1394 3189 1613 3243 obsecro
1644 3204 1737 3243 vos
1787 3205 1891 3258 per
1948 3189 2022 3241 ιθ-
2059 3167 2100 3231 C

377 3275 608 3328 nitatem
631 3281 684 3327 et
714 3276 1190 3330 mansuetudinem
1224 3278 1448 3342 Christi,
1481 3280 1579 3346 qui
1636 3278 1694 3331 in
1739 3283 2026 3348 conspectu

378 3361 603 3415 humilis
633 3363 855 3430 quidem
884 3380 1000 3416 sum
1030 3366 1176 3416 inter
1206 3381 1318 3428 vos,
1347 3366 1535 3419 absens
1602 3373 1783 3420 tamen
1838 3366 2027 3420 audax

378 3467 493 3505 sum
527 3467 657 3519 erga
689 3467 796 3506 vos.
841 3454 990 3520 Rago
1021 3459 1201 3506 autem
1231 3471 1299 3508 ne
1322 3470 1561 3523 praesens
1589 3456 1822 3510 audeam
1881 3456 2028 3524 ﬁdu-

377 3541 463 3593 cia
485 3556 594 3608 qua
625 3541 910 3594 existimor
937 3541 1138 3594 audere
1169 3559 1300 3610 erga
1329 3543 1611 3612 quosdam,
1663 3544 1762 3613 qui
1819 3551 2028 3614 putant

376 3643 472 3683 nos
497 3630 792 3684 secundum
819 3647 1039 3685 carnem
1068 3632 1370 3686 ambulare.
1405 3635 1540 3687 Nam
1571 3636 1629 3687 in
1688 3650 1851 3688 carne
1905 3651 2024 3688 am-

378 3719 649 3789 bulantes,
681 3736 790 3775 non
813 3721 1108 3776 secundum
1139 3738 1356 3777 carnem
1385 3724 1705 3778 militamus.

449 3899 654 3970 Magna
684 3898 962 3971 dignitas.
1023 3902 1139 3970 Ego
1201 3901 1438 3972 Paulus,
1502 3902 1714 3973 inquit,
1774 3903 1885 3958 hoc
1913 3907 2022 3970 est,

372 3989 697 4057 apostolus,
731 3989 890 4043 orbis
922 3991 1204 4062 magister
1241 4009 1253 4046 :
1289 3995 1442 4049 sicut
1473 3995 1650 4050 etiam
1678 3993 1793 4049 alio
1844 3993 1971 4049 loco
2006 4012 2019 4049 :

379 4097 405 4124 ‹‹
438 4076 583 4130 Ecce
616 4092 720 4148 ego
752 4078 971 4134 Paulus
998 4079 1129 4135 dico
1163 4081 1325 4136 vobis
1356 4082 1420 4140 ⁵⁸.
1487 4106 1513 4131 ››
1569 4084 1812 4155 Expleto
1868 4086 2024 4140 enim

378 4180 650 4219 sermone
675 4165 745 4220 de
761 4167 1160 4241 eleemosyna,
1186 4172 1527 4242 auspicatur
1552 4190 1858 4228 sermones
1899 4191 2027 4229 ma-

375 4253 462 4326 gis
493 4255 923 4326 increpatorios
956 4259 1236 4314 adversus
1269 4261 1760 4332 pseudapostolos
1804 4280 2024 4334 eosque

375 4343 685 4415 quiipsum
722 4346 1256 4404 calumniabantur.
1276 4350 1613 4420 Etseipsum
1629 4353 2024 4423 commendat,

373 4448 505 4486 cum
540 4434 598 4487 in
633 4435 1050 4490 necessitatem
1085 4437 1192 4490 hoc
1245 4437 1504 4492 faciendi
1568 4439 1900 4508 incidisset,
1949 4458 2024 4496 ne

2143 498 2309 553 αὐτοῦ
2341 497 2540 573 δωρεᾷ.

2216 588 2317 643 Καὶ
2349 589 2431 641 δτι
2465 585 2552 642 διὰ
2583 589 2681 656 τὴν
2725 587 3005 666 ὑποταγὴν
3065 589 3156 643 καὶ
3205 590 3374 644 πειθὼ
3431 591 3539 642 τοῦ
3575 585 3806 661 Εὐαγγε-

2147 675 2289 745 λίου,
2321 675 2409 730 καὶ
2443 675 2517 737 είς
2550 680 2710 731 τοῦτο
2746 676 3177 754 ὑποτεταγμένοι
3226 676 3365 746 ἐστὶ,
3425 676 3513 738 εἷς
3585 677 3685 742 τήν
3735 675 3807 736 εἷς

2145 767 2343 830 αὐτούς
2371 767 2676 838 ἁπλότητα,
2738 769 2850 823 οἷον
2909 767 3194 842 δαψίλειαν
3251 775 3356 839 τῆς
3418 766 3808 840 ἐλεημοσύνης

2144 858 2231 911 καὶ
2262 855 2568 922 κοινωνίαν,
2603 857 2694 911 καὶ
2727 857 2789 912 οὗ
2826 857 2989 931 μόνον
3023 857 3100 919 εἷς
3133 857 3350 926 αὐτοὺς,
3396 857 3560 912 ἀλλὰ
3621 856 3713 910 καὶ
3743 857 3813 918 εἰς

2145 947 2366 1011 πάντας,
2396 946 2461 1003 Οἱ
2495 945 2599 1019 γὰρ
2633 947 2778 1020 ἅγιοι
2834 946 3007 1018 οὗτοι,
3061 947 3216 1024 φησὶ,
3265 947 3355 1002 καὶ
3389 947 3534 1019 ὑπὲρ
3599 945 3678 998 ὧν
3712 945 3818 998 ἑτέ-

2145 1054 2263 1107 ροις
2297 1034 2584 1108 παρέχετε,
2619 1034 3006 1112 εὐχαριστοῦσι
3050 1039 3130 1107 τῷ
3195 1041 3332 1108 Θεῷ.
3391 1061 3419 1085 α
3462 1034 3580 1091 Καὶ
3644 1035 3815 1088 αὐτῶν

2154 1121 2334 1193 δεήσει
2366 1123 2496 1196 ὑπὲρ
2532 1124 2707 1195 ὑμῶν.
2743 1148 2769 1173 »ι
2804 1125 2905 1180 Καὶ
2965 1124 3040 1185 είς
3105 1128 3289 1193 τοῦτο,
3350 1124 3554 1200 φησὶν,
3588 1124 3812 1196 εὐχαρι-

2145 1218 2438 1284 στοῦσιτῷ
2469 1218 2584 1285 Θεῷ
2646 1215 2725 1268 ὅτι
2787 1213 2961 1274 οὕτως
3023 1215 3162 1288 ὑμᾶς
3216 1213 3488 1288 δοκίμους
3556 1213 3818 1290 ἀπειργά-

2143 1324 2270 1358 σατο
2302 1305 2336 1371 ἡ
2373 1304 2614 1378 ὑποταγή
2655 1307 2752 1357 τοῦ
2804 1301 3142 1379 Εὗαγγελίου
3178 1302 3320 1358 οὕτω
3381 1305 3722 1369 ποθεινοὺς,
3752 1301 3821 1362 ὡς

2145 1389 2348 1445 δεῖσθαι
2401 1389 2596 1453 αὑτοὺς
2687 1395 2926 1465 συνεχῶς
3018 1392 3151 1465 ὑπὲρ
3244 1394 3339 1446 τοῦ
3430 1389 3580 1446 ἰδεῖν
3667 1392 3824 1462 ὑμᾶς.

2145 1505 2171 1531 ‹‹
2200 1481 2640 1536 Ἐπιποοοῦντων
2671 1481 2776 1554 γὰρ
2817 1481 2980 1552 ὑμᾶς,
3012 1480 3168 1557 φησὶ,
3212 1478 3303 1535 διὰ
3359 1482 3460 1549 τήν
3536 1475 3824 1554 ὑπερϐάλ-

2145 1568 2342 1624 λουσαν
2399 1569 2560 1643 χάριν
2648 1573 2744 1623 τοῦ
2801 1573 2953 1626 Θεοῦ.
2990 1594 3012 1623 ι
3062 1570 3418 1634 Ἐπιποθοῦσι
3477 1566 3568 1639 δὲ,
3636 1570 3819 1647 ερησίν,

2146 1659 2308 1730 ὑμᾶς,
2340 1659 2403 1712 οὐ
2438 1655 2526 1712 διά
2564 1658 2628 1711 τὰ
2684 1659 2968 1736 χρήματα,
3024 1656 3151 1712 ἀλλ’
3200 1659 3339 1713 ὥστε
3397 1659 3605 1713 θεαταὶ
3673 1658 3819 1732 γενὲο

2145 1749 2264 1802 σθαι
2293 1754 2392 1816 τῆς
2426 1744 2673 1817 δοθείσης
2711 1748 2836 1819 ὑμῖν
2887 1747 2991 1801 ἀπὸ
3055 1751 3188 1801 Θεοῦ
3245 1749 3508 1822 χάριτος.
3587 1748 3693 1802 Διὰ
3722 1747 3818 1821 γὰρ

2145 1837 2244 1905 τήν
2281 1831 2753 1911 ὑπερϐάλλουσαν,
2788 1837 2944 1912 φησὶ,
2979 1835 3140 1914 χάριν
3176 1840 3274 1890 τοῦ
3333 1839 3472 1891 Θεοῦ
3540 1837 3633 1912 ἐφ’
3672 1836 3821 1907 ὑμῖν,

2145 1923 2232 1980 διὰ
2291 1929 2453 1980 τοῦτο
2508 1925 2648 1997 ὑμᾶς
2718 1922 2848 1978 ἰδεῖν
2911 1928 3188 1980 ποθοῦσιν.
3250 1928 3389 1999 ’Όρα
3454 1923 3516 1980 δὶ
3587 1924 3824 1979 σύνεσιν·

2687 1395 2926 1466 συνεχῶς
3018 1394 3151 1465 ὑπὲρ
3244 1394 3339 1446 τοῦ

2142 2018 2380 2091 Ἐπάρας
2412 2014 2629 2081 αὐτοὺς,
2675 2016 2738 2070 τὸ
2768 2021 2872 2070 πᾶν
2928 2015 3154 2086 ἀνέθηκε
3210 2021 3288 2088 τῷ
3344 2021 3488 2088 Θεῷ,
3558 2017 3737 2095 χάριν
3765 2016 3823 2069 τὸ

2140 2111 2363 2180 πκᾶγμα
2394 2105 2623 2165 καλέσας
2657 2109 2811 2162 Θεοῦ.
2870 2129 2896 2156 ‹‹
2935 2106 3104 2180 Χάρις
3162 2102 3221 2160 δὲ
3270 2109 3349 2177 τῷ
3408 2110 3562 2178 Θεῷ.
3598 2127 3628 2158 ι
3687 2109 3820 2162 Εἶτα

2138 2195 2236 2262 τήν
2263 2199 2360 2248 τοῦ
2392 2199 2524 2248 Θεοῦ
2556 2194 2716 2269 χάριν
2756 2192 3038 2264 ἐννοήσας,
3086 2194 3176 2249 καὶ
3234 2195 3398 2259 αὐτὸς
3457 2193 3687 2265 δοξάζει
3722 2197 3807 2248 τὸν

2140 2282 2284 2338 Θεόν.
2320 2309 2348 2334 ‹‹
2383 2283 2550 2359 Χάρις
2601 2283 2656 2337 δὲ
2712 2288 2790 2354 τῷ
2848 2288 2985 2355 Θεῷ,
3042 2283 3233 2360 φησὶν,
3287 2282 3375 2338 ἐπὶ
3448 2289 3526 2358 τῇ
3594 2281 3808 2339 ἀνεκδιο

2139 2375 2336 2447 ηγήτῳ
2355 2372 2517 2428 αὐτοῦ
2549 2370 2746 2446 δωρεᾷ.
2782 2396 2809 2423 ››
2842 2373 3056 2448 Δωρεᾶν
3089 2371 3147 2427 δὲ
3197 2372 3418 2428 ἐνταῦθα
3461 2373 3658 2441 καλεῖ,
3717 2372 3804 2426 καὶ

2136 2462 2199 2516 τὸ
2224 2469 2571 2536 γεγεννῆσθαι
2631 2461 2956 2534 Κορινθίους
3018 2462 3484 2538 ὑποτεταγμένους
3552 2467 3633 2534 τῷ
3693 2461 3805 2518 Εὖ-

2140 2550 2401 2626 αγγελίῳ,
2433 2549 2523 2604 καὶ
2556 2550 2638 2604 ὅτι
2671 2549 2984 2626 ἐδωρήσατο
3012 2551 3149 2623 ἡμῖν
3182 2548 3270 2605 διὰ
3322 2558 3422 2620 τῆς
3483 2548 3794 2622 ἐλεημοσύ-

2139 2661 2234 2709 νης
2262 2640 2328 2694 τά
2364 2643 2596 2694 τοσαῦτα
2628 2639 2823 2712 ἀγαθὰ,
2857 2638 2955 2693 ὅσα
2983 2639 3255 2710 κατέλεξε,
3309 2639 3399 2694 καὶ
3449 2641 3541 2695 ὅτι
3577 2640 3789 2713 μείζονα

2142 2727 2301 2784 δώσει
2335 2727 2464 2801 ὑπὲρ
2496 2728 2664 2798 αὑτῆς
2695 2727 2747 2782 ἐν
2777 2732 2857 2800 τῷ
2891 2728 3176 2802 μέλλοντι.

2783 2818 3143 2877 ΚΕΦΑΛ.Γ.

2140 2926 2401 3012 Διήγησις
2435 2927 2542 2978 τῶν
2604 2919 2758 2977 ἰδίων
2810 2923 2991 2978 πόνων
3039 2925 3128 3013 καὶ
3186 2924 3516 3013 προθέσεως,
3558 2923 3752 3013 τῆς

2214 2996 2227 3013 τ
2286 3002 2292 3010 .
2447 2999 2470 3008 -
2601 2995 2610 3011 ρ
2909 2997 2919 3012 ε
3194 2997 3207 3013 ς
3733 3011 3744 3013 _

2211 2994 2292 3050 ἐπ’
2335 2995 2484 3070 αῦτῷ
2542 2995 2770 3070 χάριτος
2824 2997 2960 3070 πρὸς
3019 2995 3079 3049 τὰ
3138 2994 3378 3068 μὴποις
3438 2994 3744 3052 ἐπιπλαστοις

2209 3066 2592 3140 προσ-τίθεσθαι
2622 3066 2968 3142 Κορινθίοις,

2217 3202 2388 3264 Αὐτὸς
2420 3199 2478 3257 δὶ
2536 3201 2646 3278 ἐγὼ
2705 3200 2920 3264 Παῦλος
2979 3202 3282 3278 παρακαλῶ
3342 3203 3485 3274 ὑμᾶς
3551 3200 3636 3256 δια
3681 3207 3768 3268 τῆς

2138 3295 2445 3369 πραότητος
2507 3293 2597 3346 καὶ
2677 3291 2968 3353 ἐπιεικείας
3032 3296 3130 3347 τοῦ
3214 3297 3470 3366 Χριστοῦ,
3538 3291 3600 3354 ὃς
3659 3290 3778 3345 κατὰ

2137 3385 2430 3458 πρόσωπον
2481 3383 2578 3456 μὲν
2639 3384 2895 3437 ταπεινὸσ
2952 3382 3005 3436 ἐν
3068 3384 3222 3455 ὑμῖν,
3280 3383 3432 3438 ἀπὼν
3491 3382 3552 3438 δὲ
3610 3380 3779 3456 θαῤῥῶ

2139 3474 2214 3534 είς
2275 3473 2441 3544 ὑμᾶς.
2505 3473 2706 3543 Δὲομαι
2764 3469 2822 3525 δὲ
2885 3473 2947 3527 τὸ
3009 3472 3085 3544 μὴ
3144 3473 3331 3545 παρὼν
3395 3471 3667 3548 θαρῤἦσαι

2138 3564 2459 3631 πεποιθήσει.
2519 3559 2554 3634 ᾖ
2615 3559 2910 3634 λογίζομαι
2973 3560 3250 3634 τολμῆσαι
3309 3561 3396 3616 ἐπὶ
3453 3583 3607 3624 τινας
3669 3558 3784 3620 τοὺς

2139 3649 2536 3726 λογιζομένους
2623 3650 2770 3720 ἡμᾶς
2855 3649 2928 3710 ὡς
3011 3650 3148 3704 κατὰ
3206 3649 3374 3725 σάρκα
3422 3653 3786 3727 περιπατοῦν-

2139 3760 2254 3800 τας.
2289 3739 2375 3794 Ἐν
2434 3737 2586 3811 σαρκὶ
2651 3736 2755 3811 γὰρ
2808 3741 3252 3812 περιπατοῦντες,
3310 3738 3373 3793 οὗ
3432 3739 3573 3794 κατὰ
3620 3741 3787 3812 σάρκα

2139 3822 2399 3902 στρατευὸ
2408 3828 2560 3900 μεθα.

2209 3926 2360 4000 Μέγα
2389 3927 2451 3980 τὸ
2483 3924 2717 3998 ἀξίωμα.
2771 3923 2911 3998 Ἐγὼ
2971 3923 3210 3998 Παῦλος,
3261 3927 3417 4000 φησὶ,
3483 3927 3783 3984 τουτέστιν.

2139 4015 2165 4067 ὁ
2199 4010 2561 4079 Ἀπὸστολος,
2603 4013 2630 4065 ὁ
2665 4008 2995 4073 διδάσκαλος
3048 4018 3150 4080 τῆς
3181 4012 3531 4085 οἰκουμένης,
3566 4015 3638 4074 ὡς
3702 4011 3784 4070 καί

2137 4101 2412 4174 ἀλλαχοῦ.
2452 4125 2472 4151 ι
2513 4097 2649 4153 Ἰδοὺ
2678 4099 2787 4173 εγὼ
2819 4097 3034 4161 Παῦλος
3081 4099 3228 4177 λέγω
3265 4101 3416 4174 ὑμῖν.
3446 4125 3471 4156 ι
3529 4103 3782 4177 Ἀπατρί.

2137 4211 2230 4252 σας
2259 4190 2348 4244 τὸν
2384 4188 2506 4264 περί
2539 4185 2917 4260 namnam
2947 4186 3140 4264 λόγον,
3164 4191 3471 4269 ἀπάρχεται
3503 4197 3614 4247 τῶν
3675 4195 3784 4247 Em.

2135 4278 2584 4351 τιμητικωτέριυν
2616 4277 2818 4350 λόγων,
2851 4277 2986 4331 κατά
3013 4299 3071 4332 τε
3128 4283 3237 4333 τῶν
3294 4278 3780 4352 ψευδαποστὸλων,

2135 4369 2355 4424 καὶτῶν
2404 4363 2804 4442 λοιδορούντων
2864 4366 3046 4423 αὐτόν.
3126 4368 3227 4424 Καὶ
3287 4369 3472 4424 ἑαυτὸν
3529 4373 3782 4442 συνίστη-

2138 4480 2243 4520 σιν,
2277 4456 2353 4518 εἷς
2387 4455 2626 4531 ἀνάγκην
2649 4454 2821 4518 ἐλθὼν
2849 4461 2946 4510 τοῦ
2983 4458 3058 4528 μή
3108 4457 3201 4511 καὶ
3247 4458 3310 4512 τὸ
3373 4461 3638 4536 κήρτγμα
3668 4483 3782 4516 συν-

375 4522 550 4576 etiam
583 4524 927 4593 praedicatio
959 4525 1291 4591 vilesceret,
1323 4527 1370 4580 si
1409 4527 1534 4598 ipse
1585 4529 1660 4582 ob
1717 4529 2020 4584 silentium

2145 4543 2530 4612 ευτελισθῆναι,
2564 4541 2607 4596 εἷ
2660 4543 2822 4604 αὐτὸς
2881 4542 3090 4620 φαῦλος
3150 4549 3218 4618 τῇ
3278 4552 3461 4621 σιωπῇ
3523 4552 3780 4623 νομισθῇ,

371 4610 501 4667 vilis
533 4630 600 4666 ac
626 4614 894 4684 abjectus
927 4622 1303 4687 reputaretur
1337 4635 1348 4671 :
1413 4624 1468 4671 et
1526 4618 1675 4672 dataa
1735 4619 1846 4674 sibi
1879 4637 2016 4676 cum

376 4701 764 4757 exuberantia
793 4705 994 4776 gratim
1029 4707 1316 4776 praeclara
1343 4707 1509 4777 ponit
1539 4708 2026 4779 facinora,suam-

377 4812 491 4867 que
520 4797 898 4854 tolerantiam
913 4818 978 4856 ac
995 4819 1276 4874 perpessa
1292 4820 1394 4874 pro
1407 4804 1638 4859 Christo
1674 4807 2020 4862 certamina.

376 4907 405 4935 «
433 4885 690 4940 Obsecro
705 4905 823 4942 vos.
851 4910 878 4937 »
930 4891 1046 4944 Hoc
1095 4891 1219 4945 vult
1267 4892 1492 4947 dicere:
1547 4895 1657 4949 Vos
1687 4911 1790 4948 oro
1822 4911 1896 4948 ne
1927 4911 2023 4949 me

377 4982 591 5050 cogant
623 4978 1086 5035 calumniatores
1117 4982 1200 5035 uti
1236 4999 1366 5038 mea
1395 4983 1676 5039 adversus
1707 4984 1866 5055 ipsos
1925 5002 2024 5055 po-

377 5071 608 5131 testate,
637 5085 733 5123 vos
758 5086 986 5139 precor.
1013 5070 1172 5126 Sicut
1194 5071 1390 5128 dicere
1422 5073 1721 5128 solemus:
1774 5074 2022 5129 Suadete

376 5157 519 5228 ipsis
546 5175 619 5214 ne
651 5160 724 5214 ad
756 5160 868 5215 hoc
902 5178 995 5216 me
1029 5161 1249 5218 ducant
1280 5182 1292 5218 :
1354 5188 1380 5213 ‹‹
1441 5166 1552 5219 Per
1607 5165 1912 5221 lenitatem
1964 5172 2022 5221 et

378 5252 902 5307 mansuetudinem
929 5253 1165 5308 Christi.
1206 5278 1225 5302 ι
1263 5256 1469 5327 Magna
1500 5255 1740 5326 quidem
1790 5272 1883 5311 res
1934 5263 2023 5312 est

376 5341 535 5410 quod
560 5343 772 5399 Paulus
805 5343 1114 5400 obsecret:
1148 5362 1281 5400 cum
1310 5352 1508 5401 autem
1540 5352 1597 5402 et
1650 5365 1757 5418 per
1803 5348 2022 5404 Christi

375 5435 899 5491 mansuetudinem
931 5436 1108 5492 faciat
1137 5437 1656 5509 supplicationem,
1679 5439 1867 5510 magis
1902 5444 2024 5494 tre-

445 5565 490 5599 “
523 5566 705 5622 Galat.
745 5587 795 5637 ν,
827 5574 878 5624 2.

2135 4634 2234 4689 Καὶ
2260 4635 2325 4688 τὰ
2355 4636 2452 4702 τῆς
2499 4629 2747 4702 δοθείσης
2805 4631 2951 4706 αὐτῷ
3008 4635 3239 4708 χάριτος
3300 4638 3434 4707 μετὰ
3501 4634 3783 4711 δαψιλείας

2131 4724 2313 4794 τίθησι
2365 4721 2783 4796 καθορθώματα,
2833 4723 2923 4776 καὶ
2965 4725 3064 4793 τήν
3098 4723 3262 4780 αὐτοῦ
3324 4727 3638 4798 ὑπομονήν,
3697 4729 3779 4782 καὶ

2131 4811 2258 4872 τοὺς
2319 4811 2450 4884 ὑπὲρ
2510 4812 2749 4884 Χριστοῦ
2807 4810 3044 4884 ἀγῶνας.
3105 4837 3132 4863 ‹‹
3189 4813 3494 4888 Παρακαλῶ
3541 4817 3705 4888 ὑμᾶς,
3752 4841 3778 4866 ν

2132 4904 2300 4954 Τοῦτο
2334 4897 2477 4962 θέλει
2511 4897 2706 4968 εἷπεὲν,
2761 4899 2960 4972 Δέομαι
3019 4902 3171 4973 ὑμων
3205 4905 3278 4974 μή
3319 4925 3385 4976 με
3415 4905 3778 4981 ἀναγκάσωσιν

2133 4990 2186 5043 οἱ
2219 4985 2600 5062 λοιδοροῦντὲς
2642 5008 2729 5060 με,
2793 4989 3096 5062 χρήσασθαί
3156 5011 3262 5064 μου
3291 4995 3359 5066 τῇ
3395 4990 3618 5067 δυνάμει
3671 4995 3780 5048 κατ’

2132 5075 2315 5140 αὗτςδ.
2351 5101 2379 5128 ‹‹
2410 5077 2588 5149 Ὑμῶν
2643 5075 2860 5149 δέομαι.
2897 5101 2925 5129 ››
2974 5082 3060 5140 Ὠς
3098 5078 3272 5155 λέγειν
3306 5080 3596 5155 εἰώθαμεν·
3633 5090 3779 5157 Συμ-

2132 5165 2465 5224 ϐουλεῦσατε
2520 5167 2731 5236 αὐτοῖς,
2767 5169 2844 5240 μὴ
2881 5168 2958 5231 εἷς
2983 5169 3144 5225 τοῦτό
3207 5191 3273 5244 με
3327 5172 3568 5248 ἀγαγεῖν.
3627 5199 3653 5224 ‹‹
3687 5174 3780 5228 Διά

2129 5265 2229 5328 τῆς
2262 5257 2577 5331 πραότητος
2619 5257 2710 5311 καὶ
2770 5255 3030 5320 ἐπιεικίας
3086 5263 3183 5314 τοῦ
3251 5263 3509 5333 Χριστοῦ.
3547 5289 3568 5314 ο
3632 5264 3778 5337 Μέγα

2135 5347 2229 5421 μὲν
2260 5346 2350 5401 καὶ
2378 5348 2442 5400 τὸ
2477 5343 2689 5401 Παῦλον
2747 5347 3107 5423 παρακαλεῖν,
3163 5348 3290 5406 ὅταν
3332 5348 3390 5405 δὲ
3428 5351 3518 5406 καὶ
3568 5349 3656 5406 διὰ
3682 5353 3778 5420 τῆς

2133 5435 2422 5497 ἐπιεικείας
2500 5437 2738 5512 Χριστοῦ
2806 5439 2908 5506 τήν
2966 5437 3164 5492 ἱκεσίαν
3215 5445 3462 5509 ποιῆται,
3509 5437 3773 5514 φρικωδέ-
