4048 6250
283 269 312 328 1
325 271 446 330 029

1251 273 1657 335 COMMENT.
1705 273 1785 334 IN
1831 268 2078 332 EPIST.
2127 269 2181 332 ΙΙ
2224 272 2323 333 AD
2369 274 2731 340 COlllNTH.

3529 296 3686 357 1030

277 379 492 476 στερον.
529 422 552 452 ε
584 404 683 462 ’ος
709 401 846 459 κατὰ
874 403 1167 480 πρόσωπον
1215 407 1312 479 μὲν
1341 407 1588 468 ταπεινὸς
1627 405 1678 461 ἰν
1707 406 1876 494 ῥμξν.
1899 427 1920 455 ›ε

2042 405 2326 462 mendum
2351 413 2458 463 est.
2484 410 2588 474 Qui
2608 411 2670 466 in
2694 419 3012 488 conspectu
3035 416 3278 477 humilis
3297 422 3540 494 quidem
3565 444 3697 485 sum

278 492 352 546 "H
397 491 535 546 κατά
587 492 864 565 εἰρωνείαν
923 495 1056 572 φησὶ
1120 499 1309 567 τοῦτο,
1363 501 1481 560 τοῖς
1533 500 1642 552 τῶν
1703 488 1932 550 διαϐαλ-

283 579 499 636 λόντων
561 583 910 658 χρησάμενος
969 584 1180 662 λόγοις.
1273 587 1500 660 Ἒλεγον
1580 586 1704 661 γὰρ,
1755 584 1837 640 δτι
1895 587 1930 655 ἡ

279 669 557 745 παρουσία
617 671 865 742 ἀσθενὴς,
923 676 980 728 αἱ
1036 673 1094 729 δὲ
1149 673 1436 731 ἐπιστολαὶ
1493 677 1724 750 βαρεῖαι.
1776 670 1930 748 Λέγει

284 761 401 814 οὖν’
435 762 640 832 Δὲομαι
673 761 824 832 ὑμῶν
855 763 883 816 ὁ
913 764 1102 839 παρὼν
1164 765 1262 837 μὶν
1311 765 1586 835 ταπεινὸς,
1647 765 1721 826 ὡς
1779 761 1932 818 αὒτοί

279 868 463 926 φασιν,
494 848 646 902 ἀπὼν
681 847 737 904 δὲ
787 849 1000 925 θαῤῥῶν
1044 854 1111 907 τὰ
1167 855 1339 926 μείζω
1395 875 1501 926 μου
1555 853 1800 931 γράφειν.
1860 853 1929 907 ’Ή

273 939 440 993 τοῦτό
497 960 652 1017 φησι·
711 942 980 1005 Ταπεινὸς
1041 948 1134 1016 μὲν
1184 943 1322 1017 εἰμι,
1394 946 1541 1013 πλὴν
1594 941 1806 1017 θαρρῶν
1860 945 1931 1016 τῇ

271 1027 462 1102 ἀγάπῃ
500 1029 676 1100 ὑμῶν,
711 1027 907 1103 τολμῶ
928 1036 1154 1086 τοιαῦτα
1193 1033 1439 1108 γράφειν.
1474 1031 1541 1089 Τί
1594 1030 1651 1086 δὲ
1683 1028 1776 1105 δὲῃ
1815 1050 1828 1098 ;
1861 1031 1930 1084 Τὸ

278 1121 358 1191 μή
419 1117 709 1194 θαῤῥῆσαι,
768 1121 923 1199 φησί,
981 1122 1228 1178 τουτέστι
1304 1125 1366 1179 τὸ
1419 1126 1494 1197 μὴ
1586 1120 1932 1197 θαρρούντως

273 1209 588 1281 χρήσασθαι
614 1207 922 1282 ἐρχόμενος
951 1212 1090 1285 πρὸς
1124 1212 1263 1286 ὑμᾶς
1295 1213 1385 1266 καὶ
1428 1211 1639 1286 παρὼν,
1697 1214 1766 1284 τῇ
1836 1207 1931 1264 δυ-

271 1294 432 1368 νοίμει
467 1318 592 1369 μου.
645 1299 974 1369 Πεποίθησιν
1032 1300 1135 1376 γὰρ
1192 1303 1291 1368 τὴν
1334 1303 1706 1374 πνευματικὴν
1763 1298 1929 1354 αὐτοῦ

275 1382 506 1457 δύναμιν
539 1384 718 1455 καλεῖ,
747 1384 835 1441 διὰ
867 1389 928 1442 τὸ
983 1386 1180 1462 ῥᾳδίως
1221 1387 1468 1444 δύνασθαι
1498 1390 1626 1450 τοὺς
1658 1388 1931 1452 ἐναντίους

274 1473 597 1546 ἀμύνασθαι.
656 1475 791 1546 Ποίᾳ
848 1473 1122 1549 δυνάμεις
1180 1501 1206 1530 ι(
1267 1480 1466 1547 τῌτινι,
1501 1479 1655 1554 φησὶ,
1709 1475 1928 1551 λογίζο-

277 1585 381 1636 μαι
409 1562 710 1636 τολμῆσαι,
747 1589 775 1615 ››
817 1565 893 1627 ὡς
951 1565 994 1619 εἰ
1054 1563 1260 1643 ἔλεγεν·
1323 1566 1492 1625 Οὔπω
1524 1567 1746 1642 κέκρικα
1780 1569 1926 1645 χρήο

272 1664 473 1716 σασθαι
505 1652 663 1726 αὐτῇ,
712 1652 841 1708 ἀλλ’
893 1649 969 1708 ἔτι
1030 1653 1326 1730 λογίζομαι
1375 1656 1654 1730 τολμῆσαι
1712 1659 1926 1731 χρήσα-

2043 497 2199 551 inter
2228 515 2346 554 vos.
2382 501 2497 554 Aut
2523 503 2850 561 secundum
2882 507 3133 564 ironiam
3162 510 3274 568 hoc
3319 515 3482 582 dicit,
3544 535 3689 574 usus

2042 586 2544 646 calumniatorum
2579 596 2972 652 sermonibus.
3010 600 3293 658 Dicebant
3321 607 3481 660 enim
3532 608 3693 678 quod

2041 677 2359 744 prmsentia
2390 679 2700 736 imbecillis
2728 691 2901 752 esset,
2937 689 3204 758 epistolas
3265 710 3402 749 vero
3464 713 3690 767 graves.

2041 765 2137 817 Ait
2167 781 2332 836 ergo:
2367 768 2619 824 Obsecro
2652 789 2751 826 vos
2783 776 2882 844 qui
2908 794 3168 847 praesens
3186 783 3426 850 quidem
3446 784 3690 841 humilis

2043 869 2194 915 sum,
2227 860 2294 908 ut
2333 856 2443 927 ipsi
2469 857 2693 928 dicunt,
2719 863 2871 918 (ἰπῖ
2896 865 3112 922 absens
3129 886 3262 924 vero
3285 875 3512 942 majora
3545 875 3698 928 scri-

2041 940 2178 996 bere
2211 944 2398 999 audeo
2432 964 2606 1015 quam
2638 967 2768 1020 quas
2799 952 2873 1007 ad
2908 972 2998 1010 me
3032 940 3392 1027 pertineant.
3435 966 3549 1016 Aut
3582 965 3693 1019 hoc

2043 1029 2234 1084 dicit:
2273 1033 2523 1089 Humilis
2573 1040 2813 1108 quidem
2861 1061 3014 1110 sum,
3064 1053 3327 1104 attamen
3376 1051 3448 1105 de
3498 1059 3691 1110 vestra

2042 1120 2302 1177 conﬁsus
2343 1125 2630 1182 charitate
2688 1131 2876 1186 audeo
2938 1135 3348 1206 hujuscemodi
3409 1143 3691 1198 scribere.

2041 1209 2191 1272 Quid
2213 1217 2410 1266 autem
2435 1219 2730 1286 precaris?
2752 1220 2829 1274 Ne
2854 1224 3124 1292 audeam,
3155 1228 3368 1299 inquit,
3424 1231 3531 1286 hoc
3580 1239 3691 1300 est,

2040 1313 2115 1351 ne
2148 1299 2342 1354 vivens
2373 1304 2654 1360 audacter
2684 1310 2861 1364 etiam
2889 1331 3152 1383 praesens
3194 1324 3327 1372 utar
3379 1321 3690 1376 adversum

2041 1403 2138 1441 vos
2163 1405 2296 1443 mea
2327 1397 2636 1461 potestate.
2671 1398 3048 1468 Spiritualem
3081 1407 3240 1461 enim
3265 1410 3691 1466 confidentiam

2040 1483 2205 1531 vocat
2238 1495 2406 1534 suam
2439 1490 2818 1555 potestatem,
2851 1493 3010 1560 quod
3063 1494 3238 1550 facile
3298 1499 3456 1568 quod
3507 1503 3695 1571 possit

2038 1564 2247 1620 ulcisci
2279 1568 2668 1632 adversarios.
2730 1580 2993 1642 Quanam
3052 1590 3358 1653 potestate
3390 1589 3417 1643 ‘I
3469 1612 3495 1638 «
3549 1591 3698 1655 Quia

2039 1653 2364 1724 existimor,
2389 1660 2603 1732 inquit,
2630 1666 2868 1723 audere.
2903 1694 2929 1719 ››
2949 1675 3029 1726 Ac
3054 1673 3376 1730 sidiceret:
3418 1679 3687 1734 Nondum

271 1743 398 1796 σθαί
436 1763 542 1816 μου
568 1747 636 1817 τῇ
662 1741 908 1816 δυνάμει.
955 1747 1049 1815 Τὸ,
1103 1771 1130 1798 ‹(
1183 1749 1276 1815 Μὴ
1333 1749 1520 1821 παρὼν
1573 1744 1862 1821 θαρρῆσαι.
1896 1767 1920 1801 )1

2047 1739 2274 1798 decrevi
2299 1749 2492 1816 eauti,
2519 1753 2622 1806 sed
2664 1756 2790 1824 jam
2843 1759 3152 1816 existimor
3187 1765 3406 1820 audere
3439 1767 3520 1821 uti
3557 1785 3689 1824 mea

271 1829 498 1899 Ἐπειδὴ
556 1833 655 1906 γὰρ
722 1828 928 1906 ἔλεγον,
988 1835 1070 1888 ὅτι
1130 1835 1315 1909 παρὼν
1375 1833 1598 1905 εὐτελής
1647 1835 1779 1901 ἐστι,
1839 1841 1932 1895 καί

273 1941 431 1998 φησι,
468 1923 557 1990 Μὴ
591 1920 776 1996 παρὼν
800 1925 1215 1996 τιμωρήσωμαι
1279 1922 1501 1985 αὐτούς.
1539 1946 1565 1974 ‹‹
1594 1924 1664 1990 ᾞ
1715 1922 1934 1997 λογίζο-

283 2031 399 2081 μαι.
437 2032 460 2061 n
493 2011 654 2085 Ὁρᾷς
684 2016 801 2072 πῶς
834 2009 946 2066 ἐστι
999 2012 1251 2073 ταπεινός
1287 2031 1301 2082 ;
1366 2014 1636 2088 Ἀνάγκης
1691 2011 1791 2086 γὰρ
1849 2009 1937 2066 οὔ·

275 2120 376 2167 σης
407 2101 713 2173 χρήσασθαι
746 2105 814 2175 τῇ
848 2098 1094 2174 δυνάμει,
1131 2101 1281 2157 ὀκνεῖ
1331 2101 1421 2156 καὶ
1481 2099 1786 2174 ἀναδύεται,
1843 2117 1933 2170 καὶ

264 2188 480 2260 τόλμαν
523 2191 587 2244 τὸ
617 2195 841 2263 πρᾶγμα
895 2188 1076 2247 καλεῖ.
1126 2194 1307 2248 Τοῦτο
1367 2192 1472 2266 γὰρ
1524 2191 1750 2266 ἀρίστου
1783 2188 1931 2246 διδα-

264 2279 600 2354 σκάλου,τῇ
631 2274 877 2354 ἀναϐολῇ
939 2283 1130 2355 χώραν
1191 2282 1455 2360 παρεχειν
1518 2285 1587 2354 τῇ
1651 2282 1929 2355 μετανοίᾳ.

259 2392 289 2420 ‹‹
323 2366 460 2430 Τοὺς
492 2367 888 2444 λογιζομένους
943 2373 1094 2444 ἡμᾶς
1152 2371 1226 2432 ὡς
1276 2371 1412 2426 κατὰ
1470 2372 1642 2444 σάρκα
1695 2384 1930 2444 περιπα³

264 2461 516 2519 τοῦντας.
568 2483 594 2508 ι)
653 2460 800 2515 Κατά
852 2458 1038 2530 τίνων,
1104 2459 1294 2536 φησὶν,
1377 2454 1526 2538 ἔχεις
1611 2461 1926 2535 χρήσασθαι

262 2548 453 2621 παρὼν
487 2549 557 2618 τῇ
583 2545 803 2620 δυνάμει
834 2552 903 2623 τῇ
963 2553 1301 2623 πνευματικῇ
1337 2569 1350 2618 ;
1384 2549 1506 2605 Ἐπί
1545 2570 1720 2617 τινας,
1762 2549 1916 2632 φησί,

263 2635 396 2698 τοὺς
429 2634 825 2714 λογιζομένους
855 2641 1004 2712 ἡμᾶς
1037 2639 1111 2700 ὡς
1141 2639 1277 2694 κατὰ
1332 2640 1504 2713 σάρκα
1561 2642 1923 2714 περιπατοῦν-

269 2744 386 2784 τας.
447 2726 512 2782 Οἱ
564 2726 664 2802 γὰρ
723 2724 1163 2800 ψευδαπόστολοι
1242 2722 1534 2783 διέϐαλλον
1602 2727 1784 2796 αὐτὸν,
1846 2727 1920 2790 ὡς

274 2813 564 2889 ὁποκριτὴν
591 2817 685 2870 καὶ
733 2816 1043 2887 ἀπατεῶνα,
1097 2817 1190 2871 καὶ
1249 2817 1423 2871 πάντα
1479 2818 1617 2891 πρὸς
1669 2814 1921 2887 ἐπίδειξιν

266 2907 545 2972 ποιοῦντα,
592 2905 684 2960 καί
737 2925 926 2982 φησιν·
962 2930 990 2958 ‹‹
1059 2907 1145 2963 Ἐν
1203 2907 1360 2980 σαρκὶ
1419 2908 1919 2983 γὰρπεριπατοῦν-

259 3012 372 3064 τες,
434 2993 495 3048 οὐ
552 2995 687 3049 κατὰ
741 2996 910 3070 σάρκα
970 2997 1399 3069 στρατευόμεθα,
1435 3020 1462 3047 ››
1496 2997 1786 3064 τουτέστιν,
1838 2996 1915 3052 Οὐ

262 3088 536 3157 σαρκικῶς
570 3089 767 3157 ζῶμεν.
802 3086 872 3140 ἸΙ
903 3086 1026 3159 περὶ
1059 3089 1156 3140 τοῦ
1187 3085 1538 3161 κηρύγματος
1594 3083 1744 3159 λέγει
1829 3085 1920 3178 τὸ,

261 3197 290 3223 ‹‹
327 3172 762 3245 Στρατευόμεθα.
789 3199 816 3224 ››
851 3173 1103 3248 Πόλεμον
1137 3174 1238 3247 γὰρ
1272 3175 1410 3248 πρὸς
1429 3174 1557 3236 τοὺς
1589 3174 1820 3243 νοητοὺς
1836 3181 1922 3228 και

256 3260 551 3331 αἰσθητοὺς
654 3261 887 3342 ἐχθροὺς
1002 3259 1400 3336 ἀναδεξάμενοι,
1492 3262 1554 3318 οὗ
1631 3269 1916 3338 σαρκικοῖς

258 3348 457 3413 ὅπλοις
495 3353 836 3427 κεχρήμεθα,
869 3351 1030 3408 τοῦτό
1063 3352 1227 3422 ἐστιν,
1261 3353 1336 3407 Οὐ
1376 3353 1513 3408 κατά
1536 3353 1708 3429 σάρκα
1756 3373 1914 3425 στραι

255 3441 549 3512 τευόμεθα.

326 3531 409 3586 Ti
466 3531 569 3604 γὰρ
628 3529 774 3584 ὃπλα
822 3538 924 3600 τῆς
988 3530 1273 3604 στρατείας
1327 3534 1488 3604 ἡμῶν
1549 3531 1611 3586 οὐ
1663 3533 1913 3607 σαρκικὰ,

251 3616 400 3673 ἀλλὰ
465 3615 663 3674 δυνατᾶ
710 3623 791 3692 τῷ
848 3625 964 3693 Θεῷ
1024 3620 1160 3694 πρὸς
1221 3620 1527 3697 καθαίρεσιν
1604 3621 1914 3696 ὀχυρωμά-

249 3727 384 3776 των,
476 3705 782 3785 λογισμοῦς
873 3714 1283 3782 καθαιροῦντες,
1369 3710 1461 3765 καὶ
1541 3715 1644 3766 πᾶν
1714 3711 1915 3785 ὕψωμα

257 3797 614 3873 ἐπαιρόμενον
689 3802 825 3855 κατὰ
898 3803 998 3870 τῆς
1102 3801 1353 3877 γνώσεως
1427 3805 1524 3856 τοῦ
1588 3807 1748 3872 Θεοῦ,
1823 3803 1915 3858 καὶ

252 3885 763 3964 αἰχμαλωτίζοντες
814 3893 915 3943 πᾶν
947 3890 1132 3962 νόημα
1209 3890 1286 3952 είς
1360 3891 1460 3958 τὴν
1525 3890 1772 3960 ὑπακοὴν
1818 3895 1914 3947 τοῦ

255 3976 520 4049 Χριστοῦ.

333 4066 647 4128 Καὶοῦτως
705 4067 766 4121 οὐ
825 4069 961 4122 κατά
1017 4069 1186 4143 σάρκα
1239 4069 1671 4142 στρατευόμεθα,
1713 4067 1794 4124 ὅτι
1850 4072 1917 4125 τὰ

258 4153 409 4208 ὅπλα
463 4157 544 4217 οἷς
623 4155 886 4230 χρώμεθα
941 4157 1078 4211 κατὰ
1156 4159 1266 4211 τῶν
1332 4155 1756 4230 ἀνθισταμένων,
1817 4157 1916 4212 οὐκ

260 4237 374 4298 ἔστι
434 4246 683 4317 σαρκικὰ.
746 4245 988 4320 Σαρκικὰ
1056 4242 1118 4300 δὲ
1171 4242 1317 4300 ’ὀπλα
1366 4244 1451 4316 εἳη
1513 4245 1593 4313 ἄν,
1651 4245 1910 4320 πλοῦτος,

257 4330 442 4409 ἰσχὺς,
493 4328 794 4402 δυναστεία,
855 4330 1003 4404 δόξα,
1059 4331 1390 4407 εὐγλωττίὰ.
1450 4334 1639 4406 Ἡμεῖς
1691 4355 1913 4412 τοιγαρ-

252 4422 366 4487 οῦν,
401 4421 464 4475 οὐ
495 4422 714 4482 τούτοις
764 4426 1026 4494 νικῶμεν,
1077 4419 1224 4476 ἀλλᾶ
1278 4427 1397 4484 τοῖς
1457 4423 1746 4485 ἐναντίοις.
1808 4429 1911 4480 lle-

251 4510 364 4579 νίᾳ,
399 4507 608 4581 ἀδοξίᾳ,
642 4510 902 4582 ἀσθενείᾳ,
948 4508 1211 4582 ἰδιωτείᾳ.
1278 4510 1370 4565 Διὸ
1427 4512 1517 4565 καὶ
1576 4509 1775 4568 δυνατά
1829 4519 1908 4588 τῷ
1941 4498 1986 4562 D

251 4603 371 4670 Θεῷ
403 4598 537 4654 αὐτά
586 4598 763 4658 καλεῖ.
824 4600 920 4655 Καὶ
980 4600 1082 4677 γὰρ
1143 4598 1194 4654 ἐν
1252 4598 1432 4673 τούτῳ
1485 4600 1548 4655 τὸ
1600 4602 1905 4674 θαυμαστὸν

249 4688 341 4744 καὶ
399 4689 461 4744 τὸ
520 4687 744 4744 δυνατὸν
807 4691 953 4762 παρά
1013 4694 1147 4744 Θεοῦ
1211 4687 1451 4765 ἔχουσιν,
1533 4689 1614 4745 ὅτι
1685 4697 1910 4749 τοιαῦτα

253 4773 405 4848 ὅντα,
447 4778 760 4854 περιγέγονε
814 4785 914 4847 τῆς
973 4777 1327 4851 οἰκουμένης.
1385 4780 1588 4833 Σκόπει
1640 4777 1698 4834 δὲ
1747 4781 1913 4836 αὐτοῦ

249 4867 318 4923 τὸ
350 4868 570 4947 ἄτυφον-
607 4868 718 4924 Οὐκ
747 4869 912 4938 εἶπεν,
945 4867 1136 4940 Ἡμεῖς
1167 4869 1326 4939 ἐσμεν
1358 4867 1410 4921 οἱ
1446 4865 1687 4936 δυνατοὶ,
1740 4867 1908 4941 ἀλλὰ,

247 4956 325 5010 Τὰ
355 4954 500 5012 δπλα
526 4959 685 5028 ἡμῶν
721 4954 809 5012 διαί
838 4961 935 5011 τοῦ
989 4960 1144 5014 Θεοῦ.
1191 4956 1286 5010 Καὶ
1342 4958 1445 5030 γάρ
1498 4957 1770 5020 κάκείνοις
1813 4961 1912 5028 τήν

251 5045 480 5119 δύναμιν
513 5047 619 5102 οὐχ
649 5049 838 5120 ἡμεῖς,
868 5044 994 5102 ἀλλ’
1030 5046 1058 5101 ὁ
1091 5047 1219 5107 Θεὸς
1259 5043 1447 5117 ἔδωκε,
1511 5047 1666 5126 φησί.
1703 5072 1732 5100 ‹‹
1769 5049 1910 5123 Πρὸς

243 5135 552 5209 καθαίρεσιν
584 5135 990 5211 ὀχυρωμάτων.
1055 5160 1082 5186 ›ι
1145 5136 1301 5192 Ἐστι
1363 5130 1419 5189 δὲ
1489 5131 1687 5192 δυνατά
1745 5139 1906 5212 ἡμῶν

238 5225 310 5280 τὰ
342 5224 509 5294 ὅπλα,
572 5226 706 5299 πρὸς
763 5227 1075 5300 καθαίρεσιν
1146 5224 1549 5300 ὀχυρωμάτων.
1612 5225 1805 5281 Καλῶν
1852 5224 1909 5282 δὲ

240 5314 331 5383 τὸ,
364 5337 392 5368 ιι
451 5314 794 5389 Καθαίρεσιν,
843 5340 870 5368 ››
933 5311 1152 5377 δεικνὺς
1211 5317 1293 5370 ὅτι
1345 5314 1407 5368 οὐ
1471 5310 1903 5392 προσϐάλλομεν

244 5405 526 5484 μηχανὰς,
606 5403 733 5462 ἀλλ’
800 5405 956 5468 εὐθὺς
1015 5406 1378 5481 καθαιροῦμεν
1445 5404 1584 5459 ἅπαν
1641 5403 1905 5483 ἐναντίον.

243 5494 665 5573 Ὀχυρωμᾶτων
692 5491 749 5550 δέ
780 5516 966 5573 φησιν,
1010 5496 1125 5550 οἷον
1189 5495 1317 5557 τοὺς
1378 5492 1750 5565 Ἑλληνικοὺς
1779 5495 1909 5552 συλο

239 5584 570 5661 λογισμοὺς,
602 5585 701 5654 τήν
720 5581 935 5655 πλάνην
965 5583 1172 5653 αὐτῶν,
1225 5584 1318 5638 τὸν
1376 5587 1560 5660 τῦφον.
1620 5582 1759 5640 Εἶτα
1816 5587 1909 5646 ἰνα

2047 1836 2355 1899 potestate.
2381 1859 2407 1884 ιι
2435 1839 2513 1891 Ne
2535 1857 2798 1910 praesens
2821 1847 3090 1903 audeam.
3118 1873 3145 1898 »
3166 1851 3313 1915 Quia
3334 1854 3492 1909 enim
3527 1857 3685 1911 dice-

2043 1918 2185 1975 bant
2207 1925 2364 1993 quod
2385 1945 2647 1996 przesens
2671 1932 2933 2006 abjectus
2975 1945 3150 2008 esset,
3205 1943 3402 2012 etiam,
3455 1947 3573 2000 ait:
3608 1949 3686 2001 Ne

2041 2024 2303 2078 praesens
2334 2016 2578 2084 puniam
2611 2020 2788 2090 ipsos.
2826 2046 2854 2074 «
2888 2027 3011 2090 Qua
3041 2029 3366 2085 existimor.
3432 2056 3458 2082 κ
3516 2033 3687 2089 Vides

2041 2101 2338 2167 quomodo
2372 2103 2449 2158 sit
2479 2105 2724 2165 humilis
2753 2110 2780 2164 ?
2806 2113 2949 2168 Cum
2981 2116 3140 2171 enim
3172 2135 3415 2174 necesse
3476 2121 3552 2176 sit
3601 2122 3686 2176 uti

2039 2193 2350 2258 potestate,
2386 2201 2700 2252 cunctatur
2729 2206 2788 2254 et
2817 2201 3126 2271 detrectat,
3188 2224 3254 2262 ac
3314 2225 3439 2263 rem
3492 2210 3685 2281 ipsam

2037 2284 2202 2330 vocat
2229 2280 2558 2340 audaciam.
2591 2285 2735 2342 Nam
2768 2289 2827 2344 id
2859 2294 3068 2363 Optimi
3127 2280 3524 2368 praeceptoris
3566 2305 3676 2370 est,

2034 2381 2142 2434 per
2162 2382 2389 2422 moram
2411 2370 2606 2428 locum
2630 2375 2770 2431 dare
2790 2380 3234 2450 resipiscentiae.
3257 2408 3283 2434 ‹‹
3308 2386 3415 2450 Qui
3467 2393 3678 2457 putant

2034 2469 2142 2507 nos
2172 2457 2498 2514 secundum
2529 2478 2768 2519 carnem
2801 2468 3128 2525 ambulare.
3158 2494 3184 2521 ››
3219 2475 3512 2530 Adversus
3530 2493 3679 2546 quos

2030 2557 2294 2610 praesens
2324 2548 2408 2601 uti
2441 2557 2605 2620 potes
2637 2561 2926 2624 potestate
2980 2559 3273 2630 spirituali
3305 2561 3332 2617 ‘2
3384 2564 3677 2619 Adversus

2031 2633 2341 2700 quosdam,
2376 2637 2589 2710 inquit,
2644 2644 2743 2714 qui
2800 2647 3143 2703 existimant
3197 2666 3305 2704 nos
3351 2653 3677 2708 secundum
3737 2706 3753 2718 ,

2029 2734 2266 2777 carnem
2282 2725 3062 2806 ambulare.Pseudapostoli
3086 2755 3342 2810 namque
3357 2741 3678 2797 calumnia-

2027 2807 2452 2885 banluripsum
2475 2827 2757 2892 tanquam
2782 2825 3152 2897 hypocritam
3177 2846 3244 2883 ac
3268 2829 3674 2901 impostorem,

2027 2898 2246 2969 quique
2279 2905 2478 2961 omnia
2509 2909 2583 2963 ad
2615 2915 3076 2971 ostentationem
3131 2898 3373 2986 faceret,
3434 2926 3490 2976 et
3545 2922 3627 2976 ait

2026 3008 2052 3034 ‹‹
2084 2988 2228 3044 Nam
2252 2992 2314 3047 in
2337 3011 2516 3052 carne
2539 2999 3064 3064 ambulantes,non
3086 3007 3411 3063 secundum
3436 3025 3677 3066 carnem

2027 3076 2371 3136 militamus.
2401 3106 2429 3133 »
2455 3087 2573 3141 Hoc
2597 3095 2705 3155 est,
2729 3107 2848 3146 non
2898 3095 3220 3151 carnaliter
3269 3097 3540 3164 vivimus,
3577 3105 3679 3155 aut

2035 3165 2106 3219 de
2137 3170 2559 3237 praedicatione
2591 3178 2752 3246 dicit,
2789 3202 2815 3230 ‹‹
2851 3181 3164 3239 Militamus
3245 3208 3272 3235 »
3323 3190 3464 3241 Cum
3515 3188 3675 3244 enim

2028 3252 2251 3313 bellum
2283 3260 2562 3319 adversus
2593 3266 3002 3337 intelligibiles
3033 3289 3104 3329 ac
3136 3273 3518 3331 insensibiles
3537 3276 3672 3332 hos-

2027 3351 2114 3400 tes
2148 3352 2605 3423 susceperimus,
2633 3373 2752 3412 non
2783 3360 2964 3416 armis
2996 3364 3334 3419 carnalibus
3364 3365 3674 3432 utimur,et

2027 3434 2136 3491 hoc
2167 3443 2276 3508 est,
2306 3442 2430 3495 Non
2461 3445 2787 3503 secundum
2819 3467 3056 3507 carnem
3089 3453 3440 3510 militamus.

2096 3537 2162 3605 X,
2194 3538 2246 3607 4,
2279 3541 2330 3592 5.
2363 3541 2646 3612 Siquidem
2675 3563 2832 3603 arma
2874 3552 3085 3607 militia
3142 3560 3344 3610 nostra?
3399 3570 3510 3609 non
3549 3570 3669 3610 car-

2025 3628 2180 3682 nalia
2209 3637 2356 3699 sunt,
2387 3634 2480 3689 sed
2502 3641 2754 3705 potentia
2784 3641 2914 3710 Deo,
2948 3643 3021 3697 ad
3079 3644 3490 3701 demolitionem
3546 3664 3670 3702 mu-

2025 3717 2300 3772 nitionum
2325 3723 2522 3790 quibus
2551 3728 2779 3781 consilia
2809 3729 3155 3800 demolimur,
3188 3739 3237 3786 ei
3268 3749 3482 3787 omnem
3512 3735 3671 3786 celsi-

2027 3806 2274 3861 tudinem
2306 3826 2426 3878 quae
2458 3815 2746 3870 extollitur
2775 3819 3032 3873 adversus
3064 3822 3433 3889 cognitionem
3469 3823 3581 3888 Dei,
3615 3829 3670 3876 et

2025 3899 2298 3964 captivam
2320 3899 2566 3956 ducimus
2587 3919 2799 3959 omnem
2819 3910 3187 3976 cognitionem
3210 3911 3283 3963 ad
3303 3911 3668 3966 obcdiendum

2028 3982 2264 4040 Christo.

2098 4082 2167 4136 Et
2195 4082 2340 4138 adeo
2373 4102 2494 4141 non
2529 4089 2858 4147 secundum
2890 4109 3129 4150 carnem
3161 4095 3555 4166 ambulamus,
3607 4104 3672 4153 ut

2027 4187 2191 4226 arma
2222 4173 2436 4244 quibus
2460 4178 2690 4234 utimur
2720 4188 2924 4238 contra
2954 4184 3322 4242 adversarios
3379 4203 3498 4242 non
3549 4189 3670 4243 sint

2027 4262 2306 4319 carnalia.
2343 4266 2519 4322 Arma
2552 4284 2684 4324 vero
2715 4273 2979 4328 carnalia
3011 4273 3125 4330 dici
3156 4282 3408 4347 possunt
3427 4277 3668 4346 divitias,

2025 4351 2330 4419 fortitudo,
2364 4357 2748 4430 principatus,
2785 4362 2989 4434 gloria,
3025 4364 3385 4436 eloquentia.
3419 4366 3533 4420 Nos
3556 4367 3671 4421 ita-

2027 4459 2139 4512 que
2173 4461 2294 4499 non
2326 4445 2416 4500 his
2449 4448 2742 4506 vincimus
2773 4452 2896 4520 sed,
2928 4455 3262 4524 contrariis,
3297 4460 3667 4527 paupertate,

2021 4530 2450 4602 imbecillitate,
2478 4537 2823 4608 ignominia,
2853 4540 3111 4598 inscitia.
3136 4542 3271 4598 Ideo
3296 4561 3532 4615 quoque
3562 4560 3671 4615 po-

2025 4622 2341 4678 tentiaDeo
2365 4625 2478 4680 ista
2501 4625 2663 4684 dicit.
2688 4629 2845 4684 673
2902 4632 3132 4686 Etenim
3181 4649 3289 4703 per
3335 4633 3445 4689 hoc
3477 4633 3664 4688 admi-

2021 4709 2313 4765 rationem
2346 4729 2412 4767 ac
2443 4717 2771 4784 potentiam
2805 4734 2838 4771 a
2870 4719 2986 4773 Deo
3014 4719 3272 4786 habent;
3327 4737 3465 4776 nam
3523 4720 3668 4776 talia

2022 4815 2158 4854 cum
2216 4800 2352 4865 sint,
2410 4802 2613 4857 orbem
2673 4805 3034 4862 devicerunt.
3091 4809 3412 4866 Considera
3464 4815 3664 4866 autem

2022 4893 2309 4958 quantum
2341 4889 2493 4946 fastu
2523 4898 2738 4948 careat.
2762 4896 2888 4948 Non
2937 4896 3086 4952 dixit
3112 4914 3124 4953 :
3176 4899 3293 4954 Nos
3334 4916 3538 4956 sumus
3569 4916 3671 4971 po-

2020 4981 2235 5045 tentes,
2271 4979 2373 5033 sed
2405 4995 2571 5036 arma
2603 4989 2807 5038 nostra
2837 5001 2941 5054 per
2975 4986 3155 5041 Deum
3191 5005 3206 5054 ;
3239 5005 3376 5043 nam
3430 4995 3489 5044 et
3547 4989 3666 5042 illis

2021 5069 3022 5139 nonnospotentiamdedimus,sed
3041 5075 3211 5130 Deus.
3264 5099 3292 5125 «
3335 5078 3422 5131 Ad
3460 5076 3662 5131 demo-

2017 5154 2284 5210 litionem
2320 5158 2740 5216 munitionum.
2777 5182 2804 5210 »
2841 5162 2987 5216 Sunt
3016 5170 3214 5218 autem
3246 5181 3414 5219 arma
3463 5169 3668 5219 nostra

2018 5246 2285 5314 potentia
2315 5245 2390 5298 ad
2421 5246 2873 5304 demolitionem
2905 5253 3329 5308 munitionum.
3364 5254 3433 5308 Et
3490 5253 3662 5321 bene,

2019 5355 2046 5380 ‹‹
2079 5332 2534 5389 Demolitionem
2568 5358 2594 5384 »
2630 5336 2791 5405 dicit,
2822 5339 3142 5396 ostendens
3176 5341 3334 5412 quod
3365 5358 3484 5396 non
3537 5357 3664 5397 ma-
3722 5384 3726 5386 -

2017 5420 2391 5476 chinationes
2442 5440 2832 5495 opponamus,
2894 5429 2997 5483 sed
3053 5431 3321 5500 protinus
3370 5430 3665 5503 quidquid

2016 5509 2381 5567 contrarium
2402 5518 2498 5567 est
2521 5513 2897 5572 demolimur.
2921 5518 3306 5576 Munitionem
3329 5537 3466 5576 vero
3498 5521 3662 5592 dicit,

2015 5598 2076 5655 id
2093 5599 2541 5670 est,Graacorum
2564 5601 2934 5676 syllogismos
2951 5612 3008 5661 et
3023 5623 3288 5664 errorem
3342 5626 3408 5665 ac
3439 5609 3662 5666 fastum
