4048 6250
453 306 607 368 1031

1577 303 1985 368 (ECUMENII
2031 297 2339 363 ΤΗΙΠοΑέ
2383 296 2729 361 EPISCOPl

3667 310 3783 373 {032

443 439 739 509 ipsorum.
775 435 998 493 Deinde
1031 453 1106 493 ne
1135 437 1500 493 munitiones
1531 436 1865 500 audientes,
1898 451 2075 507 corpo

2224 431 2300 505 μὴ
2334 429 2659 495 ἀκούσαντες
2708 429 3071 506 ὀχυρώματα,
3126 434 3431 507 σωματικόν
3481 456 3528 490 τι
3577 440 3781 509 νοήσωσι,

446 529 570 583 rale
588 527 813 598 aliquid
836 527 1190 600 intelligant,
1231 528 1350 583 ait:
1399 552 1425 579 ‹‹
1459 528 1680 593 Quibus
1711 527 1961 583 consilia
1991 529 2090 581 de-

440 617 741 685 molimur,
780 639 807 665 n
841 616 899 671 id
931 623 1040 686 est,
1074 618 1336 672 rationes
1391 623 1449 671 et
1502 618 1839 672 Graecorum
1888 615 2090 686 sopbi-

449 706 769 762 smata.Vel
794 706 953 776 quod
972 707 1129 777 ipsas
1153 724 1354 762 eorum
1375 706 1762 778 cogitationes
1784 711 1843 760 et
1862 706 2092 760 animas

445 796 798 868 dejiciamus
820 796 892 851 ab
915 813 983 851 eo
1004 814 1120 867 quo
1143 797 1495 852 obsidentur
1532 814 1754 861 errore,
1806 801 1866 850 et
1892 795 1965 851 ad
1991 810 2089 848 ve-

443 882 681 936 ritatem
714 883 1019 937 ducamus.
1058 907 1076 930 ι
1115 884 1185 936 Et
1213 899 1451 937 omnem
1482 882 1899 938 celsitudinem
1958 896 2089 952 qum

447 972 818 1027 extollitur.»
841 972 1174 1026 Permansit
1196 973 1255 1026 in
1280 978 1447 1044 tr0po
1469 978 1533 1026 ut
1559 971 1846 1043 majorem
1872 970 2092 1026 faceret

445 1060 798 1131 emphasim.
832 1064 1030 1129 Arma,
1061 1061 1494 1132 inquit,nostra
1518 1078 1530 1115 :
1552 1061 1670 1117 sive
1690 1061 2087 1116 munitionem

443 1148 681 1215 dixerit,
706 1149 827 1204 sive
851 1150 1289 1214 celsitudinem.
1313 1151 1423 1205 hoc
1448 1156 1556 1214 est,
1586 1156 1778 1205 turres
1801 1149 2088 1220 quasdam

441 1255 509 1293 ac
538 1240 1004 1311 propugnacula,
1040 1246 1097 1295 et
1127 1239 1415 1311 quidquid
1448 1239 1597 1294 illud
1624 1247 1714 1295 est
1731 1239 1888 1311 quod
1909 1238 2089 1294 extol-

442 1327 585 1381 litur
609 1334 711 1384 aut
740 1335 1029 1401 repugnat
1060 1330 1382 1402 cognitioni
1416 1331 1517 1385 Dei
1549 1347 1680 1400 quas
1712 1346 1818 1401 per
1874 1328 2090 1400 prmdi-

439 1418 735 1473 cationem
766 1419 1113 1490 acquiritur,
1147 1421 1272 1474 haec
1299 1425 1503 1475 nostra
1534 1435 1701 1475 arma
1759 1419 2090 1473 demoliun-

440 1513 536 1561 tur
566 1508 784 1564 omnia.
822 1511 890 1563 Et
919 1510 1209 1581 captivam
1242 1509 1515 1565 ducimus
1538 1526 1775 1564 omnem
1793 1508 2090 1580 cogitatio-

436 1612 596 1653 nem.
629 1599 698 1651 Et
728 1598 811 1652 ita
842 1615 1081 1653 omnem
1113 1599 1529 1672 cogitationem
1565 1604 1623 1653 et
1666 1615 1841 1654 omne
1889 1598 2087 1654 consi-

436 1686 584 1741 lium
618 1686 948 1743 humanum
984 1687 1338 1757 subjicimus
1370 1689 1489 1759 regi
1551 1704 1901 1759 summoque
1951 1687 2087 1742 duci

2204 521 2365 598 φησί’
2428 545 2456 571 κ
2518 519 2832 594 Λογισμοὺς
2879 526 3285 598 καθαιροῦντες,
3347 550 3369 579 ι
3432 527 3539 580 οἷον
3574 526 3785 604 συλλογι-

2200 609 2402 681 σμοὺς,
2435 607 2530 663 καὶ
2562 608 2629 663 τὰ
2655 612 2764 663 τῶν
2792 606 3079 679 Ἑλλήνων
3130 611 3453 688 σοφίσματα.
3506 616 3570 668 Ἥ
3597 616 3665 670 δτι
3711 617 3787 671 αὖε

2198 697 2324 759 τοὺς
2356 696 2484 758 τοὺς
2525 695 2835 774 λογισμοὺς
2891 699 3090 770 αὐτῶν,
3160 700 3246 756 καὶ
3306 702 3405 764 τὰς
3459 705 3623 779 ψυχὰς
3658 726 3789 761 κατα-

2200 782 2482 859 ϐάλλομεν
2533 786 2585 858 ἐξ
2644 787 2712 855 ἧς
2766 788 3126 863 κεκράτηνται
3182 789 3415 862 πλάνης,
3473 794 3557 847 καὶ
3607 794 3672 855 εἷς
3714 797 3789 865 τὴν

2197 875 2457 947 ἀλήθειαν
2487 877 2711 954 ἄγομεν.
2746 902 2774 929 α
2826 878 2930 934 Καὶ
2984 883 3089 933 πᾶν
3147 879 3351 955 ὕψωμα
3407 881 3788 958 ἐπαιρόμενον.»

2202 962 2486 1038 Ἐπέμεινε
2513 969 2582 1040 τῇ
2638 969 2842 1040 τροπῇ,
2899 966 2984 1021 ἳνα
3044 965 3273 1024 πλείονα
3330 974 3533 1046 ποιήσῃ
3584 974 3669 1042 τήν
3717 970 3787 1047 ἔμ-

2199 1075 2382 1134 φασιν.
2421 1056 2498 1112 Τὰ
2550 1054 2718 1124 ὅπλα,
2778 1056 2937 1134 φησὶ,
2990 1057 3057 1112 τὰ
3108 1057 3368 1135 ἡμέτερα,
3428 1060 3521 1115 κᾶν
3571 1061 3790 1140 ὀχύρωμα

2198 1144 2378 1220 εἷ’πῃς,
2441 1142 2540 1200 κᾶν
2602 1144 2824 1219 ὕψωμα,
2905 1148 3148 1221 τουτέστι
3204 1150 3537 1225 πυργώματά
3577 1173 3679 1207 τινα
3723 1157 3792 1211 καὶ

2197 1236 2451 1311 φρούρια,
2501 1234 2600 1290 κᾶν
2660 1236 2842 1291 ὁτιοῦν
2902 1235 3257 1312 ἐπαιρόμενον
3323 1241 3412 1295 καὶ
3470 1241 3793 1315 ἀνθιστάμενον

2194 1327 2263 1399 τῇ
2296 1325 2497 1399 γνώσει
2531 1327 2628 1379 τοῦ
2658 1329 2794 1380 Θεοῦ
2821 1328 2891 1398 τῇ
2950 1321 3043 1380 διὰ
3093 1331 3192 1381 τοῦ
3240 1330 3608 1403 κηρύγματος,
3657 1332 3793 1385 πάντα

2196 1418 2462 1488 καθαιρεῖ.
2504 1437 2531 1466 κ
2564 1413 2661 1469 Καὶ
2702 1413 3212 1489 αἰχμαλωτίζοντες
3260 1422 3365 1472 πᾶν
3420 1419 3610 1491 νόημα.
3644 1444 3661 1470 ι
3714 1420 3791 1476 Καέ

2198 1502 2374 1567 οὕτως
2403 1504 2539 1557 ἅπαν
2589 1503 2775 1575 νόημα
2827 1503 2919 1559 καὶ
2972 1508 3145 1560 πᾶσαν
3206 1504 3444 1561 διάνοιαν
3504 1508 3792 1580 ἀνθρωπίνην

2200 1593 2572 1665 ὑποτάσσομεν
2603 1599 2681 1664 τῷ
2716 1591 2933 1669 βασιλεῖ
2975 1595 3066 1649 καὶ
3122 1597 3542 1673 ἀρχιστρατήγῳ
3589 1602 3788 1671 Χριστῷ,

2198 1684 2273 1745 ὡς
2310 1680 2450 1756 μηδὲ
2482 1681 2846 1738 ἂναπαλαῖσαι
2871 1689 2974 1738 τοῦ
3007 1690 3229 1753 Αοιποῦ,
3294 1686 3434 1759 μηδὲ
3486 1687 3790 1761 ἀναμαχήσα-

439 1775 690 1845 Christo,
724 1782 792 1832 ut
822 1794 897 1832 ne
924 1777 1271 1832 rereluctari
1313 1777 1553 1847 quidem
1612 1782 1715 1832 aut
1756 1793 2081 1851 repugnare

2197 1775 2321 1827 σθαι
2356 1771 2578 1847 ἰσχῦσαί
2608 1791 2723 1826 τινα
2760 1775 2870 1827 τῶν
2928 1775 3296 1845 ἡττηθέντων.
3359 1780 3527 1832 Τοῦτο
3575 1778 3663 1851 γάρ
3712 1774 3788 1847 δη-

438 1863 720 1936 deinceps
750 1867 980 1936 possint
1009 1865 1208 1936 aliqua
1237 1865 1475 1921 illorum
1506 1882 1637 1936 quas
1668 1865 2084 1933 devincuntur,

436 1952 548 2007 hoc
583 1960 786 2009 autem
818 1954 1135 2026 significat,
1171 1977 1197 2004 «
1230 1955 1528 2026 Captivam
1560 1954 1853 2024 ducimus,
1886 1976 1915 2004 ››
1976 1955 2088 2010 hoc

439 2047 548 2107 est,
582 2044 842 2114 captivos
873 2060 940 2097 ex
974 2060 1152 2113 prava
1178 2044 1496 2115 tyrannide
1529 2044 1877 2115 accipimus,
1911 2061 2087 2099 aser-

440 2129 623 2183 vitute
658 2132 717 2184 in
752 2130 1089 2186 libertatem
1120 2133 1498 2188 reducentes.

512 2219 579 2285 X,
614 2220 735 2273 6-8.
765 2222 831 2274 Et
854 2227 1121 2292 promptu
1169 2222 1427 2277 habemus
1482 2223 1783 2278 vindictam
1831 2223 2087 2279 adversus

441 2323 655 2362 omnem
715 2310 1161 2377 inobedientiam,
1221 2328 1342 2366 cum
1400 2312 1628 2382 impleta
1683 2315 1857 2381 fuerit
1912 2319 2089 2368 vestra

446 2397 776 2453 obedientia.
807 2401 935 2465 Qua:
963 2401 1257 2455 secundum
1289 2403 1490 2468 faciem
1546 2408 1674 2457 sunt
1731 2402 1928 2457 videtis
1957 2405 1986 2457 ?
2025 2404 2088 2459 Si

446 2490 569 2557 quis
589 2488 655 2542 de
673 2491 849 2559 seipso
869 2491 1092 2559 confidit
1133 2491 1281 2560 quod
1327 2490 1528 2545 Christi
1575 2493 1665 2559 sit,
1699 2492 1842 2547 illud
1867 2509 2087 2547 rursum

436 2578 748 2647 perpendat
770 2596 838 2633 ea:
853 2580 1050 2650 seipso,
1081 2580 1230 2650 quod
1252 2583 1391 2635 sicut
1415 2580 1530 2651 ipse
1550 2580 1753 2637 Christi
1778 2588 1853 2636 est
1900 2583 1981 2635 ita
2033 2586 2086 2636 et

442 2683 539 2720 nos
564 2667 989 2723 Christisumus.
1015 2670 1149 2723 Nam
1171 2671 1219 2723 si
1262 2672 1425 2724 etiam
1474 2671 1714 2740 amplius
1757 2670 1964 2739 glorier
2019 2669 2086 2724 de

432 2763 901 2825 potestatenostra
913 2775 1078 2825 quam
1092 2759 1411 2814 deditnobis
1435 2762 1694 2815 Dominus
1732 2760 1806 2814 ad
1833 2760 2085 2830 aediﬁca-

440 2848 641 2899 tionem
670 2852 720 2899 et
750 2863 857 2900 non
888 2848 962 2901 ad
990 2847 1409 2902 destructionem
1440 2850 1738 2916 vestri,non
1778 2849 2081 2919 pude/iam.

514 2936 617 2990 Hic
650 2954 884 3008 quoque
917 2937 1052 2993 illos
1082 2939 1311 2993 terruit.
1346 2939 1441 2993 Ait
1472 2938 1633 2995 enim
1667 2957 1678 2994 :
1715 2939 1827 2993 Vos
1877 2955 2080 3010 exspe-

441 3033 688 3096 ctamus,
723 3034 789 3083 ut
820 3030 958 3084 dum
991 3048 1089 3085 vos
1123 3048 1226 3102 per
1282 3031 1753 3086 exhortationem
1813 3031 1966 3085 674
2026 3036 2085 3086 et

440 3117 771 3173 doctrinam
804 3120 1236 3175 correxerimus
1268 3126 1325 3175 et
1353 3120 1425 3176 ab
1456 3120 1575 3176 illis
1598 3121 2080 3189 abstraxerimus,

436 3214 564 3262 tum
597 3207 711 3264 illis
744 3210 888 3263 solis
918 3210 1243 3265 incredulis
1277 3228 1507 3282 pmnam
1542 3211 1893 3267 inferamus.
1939 3219 2081 3266 (tum

435 3298 615 3369 igitur
646 3299 709 3352 in
739 3298 850 3353 hoc
884 3301 1072 3370 parati
1109 3300 1316 3369 simus,
1353 3318 1387 3355 a
1452 3300 1614 3355 vobis
1672 3301 1773 3373 qui
1813 3301 2082 3373 permisti

435 3388 574 3440 estis
605 3387 1011 3457 prohibemur.
1045 3389 1344 3443 Timemus
1377 3391 1535 3444 enim
1568 3407 1643 3444 ne
1674 3407 1775 3445 vos
1807 3392 2082 3461 atttingat

433 3474 730 3529 cruciatus
746 3491 811 3528 eo
830 3475 987 3545 quod
1013 3477 1283 3546 permisti
1300 3477 1448 3531 sitis.
1480 3478 1613 3532 Haec
1652 3485 1849 3532 autem
1877 3478 2082 3534 dicens

434 3563 926 3634 pseudapostolos
989 3564 1259 3635 designat
1313 3571 1377 3619 ut
1435 3566 1823 3638 corrigantur.
1876 3588 1904 3616 (ί
1936 3568 2080 3621 Cum

436 3652 683 3722 impleta
703 3650 883 3706 fuerit
903 3656 1095 3707 vestra
1124 3652 1482 3709 obedientia.
1543 3675 1571 3704 »
1625 3655 1791 3711 Nunc
1839 3656 2079 3728 quidem

436 3742 713 3813 obeditis,
741 3742 954 3813 inquit,
979 3747 1037 3798 at
1059 3759 1179 3798 non
1224 3744 1504 3815 perfecte,
1552 3745 1686 3800 ideo
1736 3746 1849 3800 ait:
1877 3769 1902 3794 ‹‹
1935 3747 2076 3801 Cum

436 3833 679 3905 impleta
700 3832 881 3888 fuerit
897 3840 1090 3888 vestra
1107 3833 1357 3889 obedien
1370 3835 1467 3890 tia.
1494 3866 1566 3876 —
1585 3835 1722 3901 Quae
1754 3836 2079 3891 secundum

434 3921 647 3977 faciem
680 3928 819 3977 sunt
848 3922 1078 3979 videtis.
1116 3946 1142 3973 ›ι
1171 3923 1275 3979 Ubi
1302 3924 1790 3996 pseudapostolos
1844 3926 2076 3996 terruit,

433 4012 591 4081 ipsos
619 4013 797 4066 etiam
829 4011 1112 4084 deinceps
1144 4013 1437 4086 objurgat,
1472 4016 1740 4087 asperius
1798 4032 1929 4070 cum
1992 4015 2078 4071 eis

434 4101 753 4155 disserens.
793 4123 819 4152 (ι
850 4103 987 4167 Quas
1020 4104 1347 4160 secundum
1380 4105 1593 4161 faciem
1653 4112 1815 4173 sunt,
1860 4106 2075 4178 inquit,

433 4186 643 4241 videtis
663 4188 691 4242 ?
715 4208 734 4237 ι
766 4192 880 4243 [Ioc
904 4195 1010 4259 est,
1035 4190 1106 4244 ab
1132 4191 1227 4246 his
1272 4207 1403 4262 quae
1452 4199 1741 4264 apparent
1794 4192 2078 4263 judicatis

435 4280 639 4347 utpote
670 4276 718 4331 si
751 4278 882 4347 quis
914 4278 1169 4345 ditescit,
1202 4280 1250 4333 si
1284 4280 1418 4351 quis
1459 4282 1689 4336 extollit
1743 4288 1846 4335 aut
1890 4282 2080 4353 jactat

437 4382 587 4434 sese,
616 4366 662 4421 si
695 4366 827 4437 quis
858 4367 1090 4423 virtutis
1120 4385 1439 4439 personam
1489 4370 1600 4425 sibi
1660 4371 2074 4442 circumponit.

429 4457 544 4510 Per
571 4456 1097 4529 interrogationem
1130 4457 1444 4530 legendum
1476 4465 1583 4514 est.
1646 4459 1922 4529 Probare,
1984 4461 2072 4515 in-

2199 1861 2292 1917 λοῖ
2316 1862 2401 1932 τὸ,
2438 1884 2463 1915 α
2488 1860 3039 1935 Αἷχμαλωτεύοντες,
3067 1887 3096 1915 ω
3155 1865 3268 1919 οἷον
3336 1864 3701 1941 αἰχμαλώτους
3742 1864 3787 1920 ἐκ

2194 1957 2294 2021 τῆς
2323 1955 2422 2006 τοῦ
2452 1956 2697 2025 πονηροῦ
2726 1949 3049 2027 τυραννίδος
3096 1948 3488 2027 λαμϐάνοντες,
3544 1954 3642 2010 ἀπὸ
3688 1952 3788 2009 8co-

2196 2039 2347 2102 λείας
2376 2039 2451 2103 εἰς
2479 2038 2808 2115 ἐλευθερίαν.

2267 2129 2366 2184 Καὶ
2472 2128 2527 2184 ἐν
2634 2128 2842 2202 ἑτοίμῳ
2944 2124 3168 2206 ἔχοντες
3268 2130 3542 2202 ἐκδικῆσαι
3654 2137 3787 2187 πᾶσαν

2192 2218 2495 2293 παρακοήν,
2600 2217 2725 2273 ὅταν
2828 2216 3103 2294 πληρωθῇ
3204 2221 3360 2295 ὑμῶν
3467 2225 3501 2291 ἡ
3596 2221 3784 2290 ὑπακοή.

2196 2307 2278 2364 Τὰ
2307 2308 2442 2363 κατά
2474 2308 2771 2380 πρόσωπον
2809 2306 3038 2382 βλέπετε
3073 2327 3087 2378 ;
3120 2309 3187 2366 Εἲ
3242 2332 3328 2373 τις
3381 2311 3613 2367 πέποιθεν
3649 2312 3783 2383 ἑαυτῷ

2194 2398 2431 2465 Χριστοῦ
2478 2396 2641 2467 εἶναι,
2671 2401 2836 2452 τοῦτο
2896 2395 3197 2472 λογιζέσθω
3257 2398 3424 2456 πάλιν
3478 2401 3560 2481 ἄρ’
3607 2402 3776 2465 ἑαυτοῦ,

2192 2486 2276 2541 ὅτι
2309 2486 2490 2550 καθὼς
2522 2486 2681 2549 αὐτὸς
2709 2487 2966 2559 Χριστοῦ,
2994 2485 3170 2551 οὕτως
3225 2490 3321 2545 καὶ
3376 2493 3531 2563 ἡμεῖς
3572 2493 3774 2563 Χριστοῦ.

2194 2575 2297 2631 Εάν
2372 2596 2433 2630 τε
2506 2577 2614 2650 γάρ
2688 2575 3079 2651 περισσότερόν
3154 2598 3208 2634 τι
3290 2582 3629 2655 καυχήσωμαι
3682 2578 3774 2651 περί

2190 2671 2291 2734 τῆς
2367 2665 2609 2736 ἐξουσίας
2683 2666 2845 2738 ἡμῶν
2876 2667 2943 2736 ἧς
2971 2663 3168 2723 ἔδωκεν
3229 2671 3262 2724 ὁ
3323 2670 3516 2746 Κύριος
3560 2670 3665 2742 ἡμῖν
3712 2666 3768 2727 εἷς

2192 2753 2493 2829 οἰκοδομὴν
2525 2757 2615 2811 καὶ
2650 2755 2749 2811 οὐκ
2788 2755 2865 2819 εἷς
2896 2757 3204 2831 καθαίρεσιν
3240 2760 3423 2832 ὑμῶν,
3472 2762 3558 2813 οὐκ
3597 2758 3762 2830 αἴσχυν-

2190 2849 2455 2919 θήσομαι.

2263 2935 2521 2992 Ἐνταῦθα
2552 2934 2641 2991 καὶ
2693 2936 2919 2999 τούτους
2979 2932 3275 3013 ἐφόϐησεν.
3315 2940 3484 3013 Ὑμᾶς
3526 2937 3599 3015 γάρ
3635 2952 3740 3005 περι-

2195 3025 2451 3098 μένομεν⁵
2485 3024 2670 3102 φησὶν,
2716 3022 2807 3081 ’ἶνα
2862 3026 2986 3081 ὅταθ
3025 3024 3114 3082 διὰ
3167 3035 3280 3098 τῆς
3339 3030 3637 3099 παραινέσεως
3673 3018 3736 3075 καὶ

2195 3111 2429 3184 διδαχῆς
2486 3111 2872 3189 διορθώσωμεν
2928 3116 3068 3189 ὑμᾶς
3112 3118 3201 3171 καὶ
3259 3119 3615 3191 άποστήσωμεν
3649 3110 3741 3166 ἐκεί·

2195 3225 2323 3272 νων,
2353 3203 2475 3258 τότε
2503 3200 2727 3265 ἐκείνοις
2764 3204 2948 3278 μόνοις
2976 3210 3092 3267 τοῖς
3123 3205 3418 3264 ἀπιστοῦσι
3471 3209 3555 3276 τὴν
3590 3201 3748 3273 ulmi."

2187 3290 2517 3368 ἐνέγκωμεν.
2541 3295 2800 3366 Ἔτοιμοι
2833 3294 2925 3349 οὗν
2964 3290 3115 3357 ὄντες
3172 3294 3229 3350 ἐν
3290 3298 3487 3371 τούτῳ,
3541 3297 3611 3373 ὑφ’
3649 3291 3758 3363 ὑμῶν

2188 3381 2388 3455 ἀναμὶξ
2419 3376 2589 3435 ὄντων
2622 3381 2973 3455 κωλυόμεθα.
3008 3384 3110 3439 Καὶ
3170 3384 3280 3458 γάρ
3339 3383 3454 3448 δέος
3506 3382 3617 3452 ἐστὶ,
3647 3377 3761 3455 φησὶ,

2192 3473 2266 3543 μή
2292 3471 2381 3525 καὶ
2427 3471 2579 3544 ὑμῶν
2614 3471 2823 3544 ἅψηται
2854 3473 2887 3541 ἡ
2918 3470 3136 3546 πληγή,
3170 3471 3265 3530 διὰ
3320 3476 3383 3529 τὸ
3438 3469 3762 3545 ἀναμεμίχθαι-

2186 3561 2371 3614 Ταῦτα
2430 3556 2485 3614 δὲ
2542 3558 2743 3634 λέγων,
2803 3558 2929 3622 τοὺς
3000 3559 3479 3634 ψευδαποστόλους
3538 3558 3764 3615 civittem

2187 3648 2338 3710 ὅπως
2368 3644 2795 3724 διορθώσωνται.
2837 3674 2867 3702 ‹‹
2897 3652 3062 3706 Ὅταν
3092 3649 3371 3727 πληρωθῇ
3432 3653 3570 3726 ὑμῶν
3614 3648 3642 3717 ἡ
3692 3645 3766 3699 ὐπ-

2185 3739 2363 3808 ακοή-
2407 3763 2429 3793 ι
2488 3737 2815 3794 Ἐπακούετε
2868 3739 2962 3812 μὲν
3010 3744 3131 3810 νῦν,
3188 3743 3379 3819 φησὶν,
3435 3739 3551 3796 ἀλλ’
3607 3734 3659 3791 οὗ
3703 3751 3770 3788 τε·

2186 3824 2369 3887 λείως.
2407 3827 2499 3881 Διό
2531 3847 2717 3905 φησιν,
2753 3827 2964 3885 ιε”Οταν
2992 3826 3271 3904 πληρωθῇ
3305 3831 3455 3904 ὑμῶν
3482 3831 3514 3898 ή
3544 3824 3766 3890 ὑπακοή.»

2183 3949 2252 3959 --
2267 3940 2296 3967 ‹‹
2318 3915 2392 3970 Τὰ
2423 3918 2559 3971 κατά
2585 3917 2880 3990 πρόσωπον
2912 3916 3143 3992 βλέπετε
3166 3938 3180 3988 ;
3205 3944 3235 3971 ›ι
3253 3916 3502 3990 Φοϐήσας
3516 3914 3628 3976 τοὺς
3640 3907 3764 3986 ψευᾶ

2184 4002 2548 4077 αποστόλους,
2574 4005 2665 4060 καὶ
2703 4006 2892 4068 αὐτοῖς
2939 4005 3135 4063 λοιπὸν
3193 4007 3438 4082 ἐπιτιμᾷ,
3486 4001 3766 4072 ἐπιπληκτι-

2182 4095 2418 4170 κώτερον
2451 4094 2639 4157 αὐτοῖς
2671 4091 3078 4169 διαλεγόμενος.
3114 4121 3142 4149 ‹‹
3182 4099 3267 4155 Τά
3325 4096 3454 4153 κατά
3505 4092 3764 4171 πρόσωπον,

2183 4184 2337 4264 φησὶ,
2373 4181 2652 4259 βλέπετε;
2701 4209 2729 4236 ››
2785 4182 3098 4256 Τουτέστιν,
3159 4187 3263 4243 ἀπὸ
3320 4193 3424 4244 τῶν
3488 4179 3762 4262 φαινομένων

2180 4273 2411 4349 κρίνετε,
2448 4275 2563 4329 οἷον
2597 4273 2647 4329 εἷ’
2673 4294 2757 4335 τις
2788 4271 3038 4345 πλουτεῖ,
3073 4275 3123 4331 εἲ
3178 4298 3262 4340 τις
3314 4275 3593 4350 ἐπαίρεται,
3619 4267 3667 4324 εἷ’
3702 4284 3766 4325 τις

2185 4362 2549 4439 μεγαλαυχεῖ,
2604 4360 2658 4417 εἷ’
2696 4384 2781 4425 τις
2844 4364 3041 4438 ἀρετῆς
3104 4372 3444 4441 προσωπεῖον
3497 4359 3760 4435 περίκειται.

2180 4453 2334 4510 Κατά
2363 4451 2627 4527 ἐρώτησιν
2658 4452 3053 4526 ἀναγνωστέον.
3106 4487 3172 4498 ——
3231 4457 3438 4529 [ΘΕΟΔ.
3495 4441 3760 4513 ΓΕΝΝΑΑο]

2113 3167 2156 3234 C

433 4545 579 4614 quit,
612 4562 1102 4616 unumquemque
1133 4552 1404 4601 nostrum
1432 4548 1633 4612 vultis,
1663 4554 1722 4602 et
1750 4564 1884 4619 quas
1913 4549 2071 4620 apud

2191 4545 2527 4618 λοκιμάζειν,
2560 4544 2745 4622 φησὶν,
2775 4540 3001 4599 ἕκαστον
3057 4548 3218 4620 ἡμῶν
3280 4543 3544 4622 βούλεσθε,
3596 4537 3671 4592 καὶ
3712 4531 3760 4586 τά

430 4651 540 4689 nos
571 4641 710 4689 sunt
739 4635 1093 4707 investigare
1123 4635 1151 4690 ‘I
1200 4636 1382 4709 Igitur
1424 4653 1559 4692 cum
1613 4637 1921 4709 diligentia
1958 4638 2070 4693 hoc

428 4723 623 4779 facite.
645 4725 755 4778 Per
779 4725 1237 4796 increpatoriam
1262 4725 1705 4782 simulationem
1727 4727 1839 4781 hoc
1871 4727 2069 4799 legen-

432 4812 572 4866 dum
605 4818 728 4866 est:
762 4814 875 4868 hoc
907 4821 1013 4880 est,
1050 4832 1170 4871 non
1204 4833 1273 4870 cx
1302 4817 1565 4871 veritatis
1609 4817 1906 4889 operibus,
1966 4816 2069 4872 sed

431 4917 502 4956 ex
534 4900 629 4955 his
661 4919 789 4971 quae
819 4908 1121 4973 utcunque
1152 4906 1212 4959 in
1245 4906 1558 4977 superﬁcie
1588 4912 1877 4978 apparent
1905 4907 2070 4961 inve-

430 4990 807 5065 stigalionem
839 4993 1106 5063 accipitis
1133 4995 1160 5048 Ὺ
1189 5016 1216 5045 ‹‹
1249 4994 1305 5048 Si
1364 4995 1496 5066 quis
1554 4995 1625 5050 de
1679 4997 1873 5067 seipso
1932 5011 2071 5051 con-

429 5080 557 5135 lidit
606 5081 764 5152 quod
821 5082 1037 5138 Christi
1096 5084 1190 5137 sit.
1255 5104 1282 5132 ι)
1340 5085 1570 5139 Etenim
1628 5085 2071 5156 pseudapostoli

428 5188 665 5243 quoque
701 5178 982 5245 tanquam
1022 5171 1236 5226 Christi
1295 5179 1496 5228 essent
1547 5189 1674 5229 sese
1714 5173 2069 5246 jactabant:

430 5283 459 5311 «
488 5262 645 5317 Illud
675 5279 913 5318 rursum
946 5262 1274 5334 perpendat
1306 5279 1340 5318 θ.
1370 5264 1585 5336 seipso.
1621 5286 1649 5315 »
1694 5264 1753 5320 Si
1802 5264 2068 5333 omnino,

430 5350 644 5423 inquit,
670 5352 1163 5425 particepsi’uerit
1186 5352 1388 5425 gratias
1416 5369 1547 5423 quas
1578 5369 1613 5408 a
1640 5352 1870 5408 Christo
1898 5359 2007 5421 est,
2039 5369 2074 5409 θ.

431 5441 627 5510 seipso
651 5444 970 5511 existimet,
994 5447 1052 5498 et
1076 5458 1197 5498 non
1218 5448 1518 5514 exspectet
1556 5448 1624 5498 ut
1664 5460 1772 5515 per
1800 5443 2072 5517 increpa-

431 5527 658 5581 tionem
682 5545 715 5583 a
736 5531 909 5586 nobis
926 5530 1084 5587 dicat
1107 5546 1119 5587 :
1146 5553 1174 5581 «
1202 5532 1289 5587 Ita
1310 5537 1367 5587 et
1384 5547 1494 5587 nos
1516 5532 1732 5588 Christi
1781 5547 2007 5589 sumus.
2042 5556 2065 5587 ι

430 5615 699 5684 Interim,
731 5619 946 5689 inquit,
968 5620 1280 5676 nobiscum
1312 5622 1715 5677 communicat
1769 5627 1827 5677 et
1882 5621 2072 5677 nihilo

2179 4636 2298 4698 καθ’
2350 4634 2500 4705 ἡμᾶς
2558 4633 2869 4703 ἐξετάζειν;
2920 4634 3134 4691 Οὐκοῦν
3207 4634 3299 4690 σὺν
3357 4628 3586 4710 ἀκριϐείᾳ
3632 4626 3758 4680 τοῦτο

2178 4722 2643 4792 ποιήσατε,Κατά
2684 4722 3074 4795 ἐπι-τιμητικὴν
3139 4724 3417 4799 ὑπόκρισιν
3469 4723 3612 4775 τοῦτο
3663 4711 3759 4765 ἀνα·

2178 4813 2470 4887 γνωστέον.
2506 4812 2654 4866 Ἀντὶ
2684 4815 2801 4878 τοῦ,
2831 4811 2941 4866 Οὐκ
2969 4812 3028 4868 ἐκ
3055 4819 3164 4868 τῶν
3195 4808 3253 4888 ἔρ
3266 4798 3365 4889 γιυν
3402 4818 3495 4880 τῆς
3547 4798 3757 4874 ἀληθείας

2179 4902 2279 4970 τήν
2336 4900 2594 4974 ἐξέτασιν,
2653 4899 2714 4955 ἐκ
2764 4898 2819 4955 δὲ
2876 4906 2985 4956 τῶν
3036 4900 3330 4973 ἐπιστολῆς
3381 4898 3558 4959 ἁπλῶς
3606 4897 3756 4983 eam:

2185 4991 2358 5064 μένων
2394 4985 2697 5063 λαμϐάνετε
2735 5009 2748 5058 ;
2782 5015 2809 5042 ‹‹
2845 4988 2917 5047 Ei’
2939 5011 3020 5053 τις
3070 4991 3320 5057 πέποιθεν
3375 4990 3537 5059 ἑαυτῷ
3562 4987 3755 5074 Χριστοὶ)

2182 5079 2337 5135 εἶναι.
2377 5103 2404 5131 ››
2438 5078 2543 5134 Καὶ
2572 5075 2671 5154 γάρ
2726 5077 2814 5134 καὶ
2860 5081 2912 5133 οἱ
2968 5076 3416 5153 ψευδαπόστολοι,
3462 5076 3532 5136 ὡς
3563 5073 3755 5169 Χρισξοιξ

2182 5165 2333 5231 ὄντες
2360 5166 2791 5243 ἱμεγαλαύχουν.
2828 5192 2856 5221 ‹‹
2916 5172 3086 5224 Τοῦτο
3143 5168 3438 5244 λογιζεσθω
3490 5162 3631 5219 πάλιν
3674 5162 3739 5244 ,ἀφ

2183 5259 2394 5317 ἑαυτοῦ.
2431 5256 2614 5313 »Ἐάν
2644 5255 2816 5325 ὅλως,
2859 5258 3016 5335 φησὶ,
3072 5243 3277 5334 μετέχῃ
3328 5263 3424 5326 τῆς
3474 5248 3602 5327 παρά
3631 5243 3751 5335 ,ΧΡἾ

2182 5350 2312 5404 στοῦ
2344 5346 2594 5422 χάριτος,
2626 5346 2717 5425 ἀφ’
2768 5326 2959 5403 ἑαυτοῦ
3003 5326 3171 5404 ’τοῦτο
3202 5326 3513 5424 ’λογιζέσθω
3568 5333 3657 5425 καὶ,
3687 5326 3746 5425 μὴ

2179 5440 2513 5513 περιμενὲτω
2542 5423 2860 5511 παρ’ήήμῶν
2914 5434 3003 5493 διά
3057 5445 3156 5508 τῆς
3205 5423 3549 5512 ἐπιτιμήσεως
3578 5423 3743 5513 μαθεῖν’

2181 5552 2211 5581 (ί
2243 5509 2404 5585 ὸῦτω
2434 5527 2525 5582 καὶ
2555 5509 2720 5599 ἡμεῖς
2750 5527 3008 5603 Χριστοῦ.
3040 5551 3068 5581 ιι
3103 5528 3277 5599 Τέως,
3307 5509 3481 5607 φησὶν,
3508 5520 3554 5574 ἐν
3600 5509 3744 5607 τούτρ

2178 5619 2498 5673 κοινωνοῦσι
2651 5593 2810 5671 οὐδὲν.
2846 5612 3012 5672 πλέον
3073 5593 3293 5691 ἔχουσιν
3318 5593 3501 5690 ’νδ-μῶν.
3554 5602 3616 5662 Οὖ
3663 5593 3743 5672 γάρ
