4048 6250
251 389 412 450 1033

1214 377 1634 443 COMMENT.
1688 379 1757 438 lN
1805 376 2044 437 EPIST.
2097 377 2142 436 ll
2190 377 2291 437 AD
2338 374 2702 441 CORINTH.

3512 374 3670 438 1034

245 521 408 578 αὐτοὶ
445 522 540 595 μὲν
575 521 834 596 Χριστοῦ,
869 521 1031 592 ἡμεῖς
1063 514 1120 572 δὲ
1180 517 1364 594 ἑτερου
1409 513 1582 578 τινός.
1622 517 1791 570 Τοότο
1824 509 1892 582 Si,

2021 510 2154 584 plus
2187 510 2366 568 habet
2387 511 2561 568 nobis
2618 514 2742 567 Non
2801 512 2960 568 enim
2991 510 3103 584 ipsi
3153 511 3394 583 quidem
3455 510 3669 570 Christi

243 613 385 667 κατά
413 633 535 666 τινα
575 604 840 683 σύμϐασιν
873 608 1043 680 εἶπεν,
1104 607 1219 663 ἐπεὶ
1252 609 1460 684 προῖὼν
1494 606 1759 672 δείκνυσι,
1821 601 1906 657 ’ὁτι

247 701 360 775 οὐχ
392 699 574 773 ὥσπερ
607 697 802 754 ἐκεῖνοι
847 700 1104 771 Χριστοῦ,
1166 694 1338 760 οὕτως
1395 695 1484 751 καὶ
1542 694 1724 763 αὐτὸς,
1780 690 1906 746 ἀλλ,

251 788 480 864 ἄπειρον
513 788 575 842 τὸ
611 788 792 860 μέσον.
835 788 992 844 ’ΌΟεν
1026 786 1210 856 φησίν*
1245 809 1274 838 ‹‹
1318 784 1440 842 Ἐὰν
1494 785 1596 861 γαρ
1653 779 1909 856 περισσό-

248 881 411 955 τερόν
442 901 496 932 τι
527 879 923 952 καυχήσωμαι.
959 899 986 927 ››
1018 876 1160 930 Ὠσεὶ
1190 869 1398 951 ἔλεγεν,
1432 875 1618 949 Ἀρκεῖ
1653 872 1787 932 τέως
1843 870 1906 924 τὸ

249 969 444 1024 εἰπεῖν·
483 993 508 1020 ‹‹
571 967 755 1026 Οὕτως
813 965 903 1020 καὶ
960 967 1144 1036 ἡμεις.
1206 989 1234 1016 ››
1295 965 1413 1020 Ἐὰν
1483 964 1586 1039 γάρ
1635 985 1688 1017 τι
1739 957 1907 1016 πλέον

250 1058 391 1112 εἶ’πω
424 1057 645 1123 τούτου,
679 1056 779 1110 οὐκ
809 1054 870 1109 ἄν
904 1054 1202 1132 αἰσχυνθῶ.
1268 1053 1478 1124 Ἀληθῆ
1536 1053 1659 1126 γὰρ,
1719 1051 1906 1127 φησὶν,

248 1145 379 1222 ἐρῶ.
414 1172 441 1198 ‹‹
476 1146 607 1220 Περὶ
636 1153 735 1214 τῆς
783 1143 1027 1218 ἐξουσίας
1087 1146 1266 1213 ἡμῶν.
1331 1169 1357 1195 ›.-
1419 1145 1534 1211 Τῆς
1592 1140 1906 1209 πληκτικῆς

252 1236 345 1291 καὶ
428 1241 816 1309 τιμωρητικῆς
876 1238 981 1287 τῶν
1037 1229 1541 1304 ἀντιδιατιθεμὲνων
1606 1228 1905 1303 δυνάμεως.

249 1325 388 1383 Εἶτα
414 1323 661 1393 κολάζων
695 1323 756 1378 τὸ
817 1323 1073 1404 φορτικὸν
1131 1327 1228 1378 τοῦ
1284 1319 1473 1397 λόγου,
1535 1320 1717 1398 φησίψ
1752 1344 1777 1372 ι(
1811 1318 1908 1376 Εἷς

248 1411 555 1486 οἰκοδομὴν
623 1413 714 1468 καὶ
771 1413 872 1466 οὐκ
929 1412 1004 1473 εἷς
1062 1411 1370 1485 καθαίρεσιν
1425 1411 1594 1482 ὑμῶν,
1658 1413 1806 1472 »Ὦς
1861 1408 1911 1462 εἴ

255 1501 434 1577 ἔλεγε·
467 1505 572 1572 Τὴν
606 1499 834 1574 δύναμιν
877 1496 1150 1574 ἐλάϐομεν
1199 1498 1286 1554 ἐπὶ
1315 1505 1393 1573 τῷ
1424 1496 1735 1572 οἰκοδομεῖν
1768 1499 1907 1570 ὑμᾶς

250 1594 391 1668 πρὸς
419 1593 516 1660 τὴν
549 1594 748 1662 πίστιν,
783 1591 844 1644 οὐ
882 1593 986 1663 μὴν
1040 1591 1173 1665 πρὸς
1231 1590 1293 1644 τὸ
1353 1589 1712 1664 τιμωρεῖσθαί
1767 1607 1904 1642 τινα.

247 1687 376 1743 Πῶς
411 1681 532 1746 οὖν,
594 1681 736 1736 ε’ῗποι
796 1701 902 1747 τις,
959 1676 1050 1734 καί
1108 1685 1196 1733 νῦν
1259 1679 1445 1739 αὐτοῖς
1502 1678 1752 1751 ἀνατείνῃ
1805 1679 1904 1747 τὴν

245 1772 396 1845 παρὰ
427 1770 662 1843 Χριστοῦ
695 1790 779 1822 σοι
835 1766 1080 1832 δοθεῖσαν
1144 1767 1403 1838 ἐξουσίαν,
1463 1768 1556 1821 καὶ
1605 1769 1716 1822 ἄνω
1773 1760 1905 1845 ἕιρα-

249 1880 398 1929 σκες,
461 1861 550 1916 Ἐν
611 1858 815 1930 ἑτοίμῳ
869 1853 1084 1931 ἔχοντες
1145 1855 1424 1926 ἐκδικῆσαι
1485 1860 1657 1911 πᾶσαν
1732 1873 1982 1952 παραοΒ

246 1951 406 2018 κοήν,
441 1947 486 2002 εἰ
532 1948 630 2001 οὐκ
690 1946 777 2001 ἐπὶ
833 1945 1099 2022 τιμωρίᾳ,
1160 1943 1288 2001 ἀλλ’
1338 1945 1418 2000 ἐπ’
1479 1943 1749 2018 οἰκοδομῇ
1807 1945 1904 2012 τήν

251 2037 488 2111 ἐξουσίαν
531 2035 765 2115 εἴληφας
797 2055 812 2105 ;
842 2038 968 2094 ’Ότι
1027 2035 1155 2090 αὐτὸ
1201 2039 1385 2106 τοῦτο,
1447 2034 1600 2114 φησὶ,
1665 2030 1904 2108 μάλιστά

248 2125 388 2182 ἐστιν
417 2122 687 2198 οἰκοδομή
726 2126 901 2198 ὑμῶν,
960 2125 1021 2179 τὸ
1059 2124 1125 2178 τὰ
1179 2123 1486 2197 κωλύματα
1545 2123 1780 2196 ἀναιρεῖν
1813 2122 1899 2176 καὶ

243 2219 312 2272 τα
345 2213 643 2279 σκάνδαλα,
697 2215 821 2269 οἷον
870 2213 996 2276 τοὺς
1065 2210 1537 2288 ψευδαπόστόλους
1594 2216 1901 2286 καταργεῖν.

241 2307 342 2369 Εἷς
375 2310 539 2361 τοῦτο
577 2306 670 2377 μὶν
728 2300 1024 2378 ἐλάϐομεν,
1077 2302 1152 2357 ’ίν’
1211 2300 1617 2377 οἶκοδομῶμεν.
1661 2303 1784 2358 Ἐὰν
1845 2299 1903 2356 δέ

239 2416 324 2457 τις
357 2395 551 2449 ἀνίατα
582 2398 741 2469 νοσῇ,
801 2395 891 2449 καὶ
947 2397 1015 2467 τῇ
1076 2392 1227 2468 ἑτέρᾳ
1285 2393 1605 2468 χρησόμεθα
1637 2389 1899 2466 ἐνεργείᾳ,

244 2483 626 2560 καθαιροῦντες
659 2481 815 2538 αὐτὸν
871 2484 961 2537 καὶ
1014 2479 1473 2552 καταϐάλλοντες,
1529 2482 1603 2543 ὡς
1652 2481 1789 2536 εἶναι
1847 2479 1898 2535 ἐν

241 2572 591 2650 πρωτοτόπῳ
627 2573 720 2646 μὲν
781 2574 880 2640 τὴν
945 2569 1270 2644 οἰκοδομὴν,
1329 2570 1380 2625 ἐν
1433 2570 1796 2645 παρεπομὲνῳ
1845 2567 1902 2625 δὲ

242 2663 344 2732 τὴν
377 2661 704 2737 καθαίρεσιν.
741 2661 859 2718 Οὐκ
893 2659 1357 2736 αἶ’σχυνθήσομαι.
1391 2659 1468 2717 Οὐ
1503 2657 1896 2735 δειχθήσομαι,

254 2749 409 2829 φησι,
441 2749 668 2824 ψεύστης
691 2749 726 2819 ἢ
757 2751 1102 2823 κομπαστής.

324 2840 434 2893 Ἵνα
464 2841 536 2911 μὴ
571 2837 708 2910 δόξω
741 2839 815 2900 ὡς
848 2837 907 2893 ἄν
940 2833 1190 2916 ἐκφοϐεῖν
1228 2839 1366 2911 ὑμᾶς
1398 2835 1485 2893 δια
1524 2843 1630 2892 τῶν
1681 2837 1898 2894 ἐπιστο-

253 2925 382 2995 λῶν,
426 2927 509 2982 ὅτι
541 2929 592 2982 αἱ
631 2928 724 3000 μὲν
759 2926 1062 2994 ἐπιστολαὶ,
1096 2927 1250 3006 φησὶ,
1289 2929 1496 3001 βαρεῖαι
1527 2927 1617 2981 καὶ
1651 2927 1896 3002 ἰσχυραὶ,

241 3018 276 3084 ἡ
313 3014 370 3071 δὲ
400 3018 667 3092 παρουσία
690 3022 784 3072 τοῦ
817 3019 1072 3091 σώματος
1103 3019 1347 3087 ἀσθενὴς,
1383 3023 1468 3072 καί
1501 3018 1529 3071 ὁ
1562 3016 1724 3091 λόγος
1748 3017 1896 3086 ἐξου-

239 3107 550 3179 θενημένος.
587 3105 762 3164 Τοῦτο
795 3104 1098 3182 λογιζέσθω
1130 3109 1157 3161 ὁ
1190 3111 1460 3175 τοιοῦτος,
1490 3106 1573 3160 δτι
1600 3106 1706 3160 οἶοί
1738 3105 1896 3180 ἐσμεν

2023 608 2181 673 sunt,
2215 620 2324 658 nos
2355 607 2551 658 autem
2577 602 2821 660 alterius
2852 601 3204 675 cujuspiam.
3239 601 3358 659 Hoc
3400 618 3536 660 vero
3568 620 3676 678 per

2019 693 2264 748 modum
2298 693 2580 765 colloquii
2605 693 2770 748 dixit.
2807 694 2947 748 Nam
2974 694 3032 748 in
3064 709 3378 765 progressu
3409 694 3674 751 ostendit

2021 783 2179 854 quod
2211 800 2329 838 non
2364 800 2430 838 eo
2464 783 2638 838 modo
2671 801 2786 854 quo
2848 783 2936 838 illi
2985 784 3200 839 Christi
3258 789 3445 850 erant,
3502 785 3585 842 ita
3613 788 3673 841 et

2020 871 2170 942 ipse,
2203 872 2305 927 sed
2336 873 2545 944 ingens
2571 879 2696 927 erat
2717 872 3295 930 interstitium.Uude
3327 873 3435 928 ait:
3473 896 3499 923 α
3525 875 3670 931 Nam

2021 960 2069 1014 si
2101 961 2243 1031 quid
2275 961 2432 1017 ultra
2458 962 2567 1017 hoc
2611 962 2889 1032 dicerem,
2923 979 3043 1018 non
3091 963 3478 1036 pudeﬁerem,
3528 979 3668 1019 nam

2023 1066 2156 1104 vera
2186 1049 2466 1105 dicerem.
2503 1073 2530 1101 «
2564 1051 2644 1105 De
2676 1057 2965 1122 potestate
3023 1059 3244 1108 nostra.
3281 1075 3308 1102 »
3371 1055 3666 1109 Potestate

2019 1139 2285 1210 punitiva
2315 1156 2381 1194 ac
2412 1139 2735 1196 ulciscenle
2781 1141 3168 1197 adversarios.
3229 1141 3451 1197 Deinde
3505 1141 3664 1214 quod

2021 1228 2292 1284 odiosum
2351 1229 2411 1283 in
2472 1246 2744 1285 sermone
2806 1236 2932 1285 erat
2987 1231 3307 1304 corrigens.
3359 1232 3477 1287 ait:
3521 1229 3666 1286 «Ad

2021 1318 2477 1375 aedificationem
2513 1327 2572 1373 et
2598 1337 2717 1374 non
2752 1319 2826 1376 ad
2848 1319 3313 1376 destructionem
3345 1320 3667 1375 vestri.»Ac

2021 1407 2069 1462 si
2103 1407 2326 1462 diceret
2353 1424 2366 1463 :
2396 1411 2754 1464 Potestatem
2817 1410 3155 1482 accepimus
3184 1417 3251 1465 ut
3281 1428 3380 1466 vos
3411 1409 3670 1467 aediﬁca-

2019 1514 2218 1551 remus
2247 1497 2321 1552 ad
2347 1497 2671 1566 fidem,non
2701 1506 2765 1553 ut
2793 1499 3054 1570 aliquem
3091 1500 3669 1571 puniremusr.Dicat

2019 1586 2199 1658 igitur
2227 1587 2443 1658 aliquis
2479 1605 2492 1641 :
2525 1589 2594 1642 Et
2624 1589 2921 1659 quomodo
2953 1606 3111 1644 nunc
3144 1590 3390 1646 minaris
3434 1589 3506 1645 ob
3564 1589 3668 1646 da-

2018 1681 2138 1730 tam
2173 1675 2278 1730 tibi
2305 1693 2338 1731 a
2371 1677 2598 1732 Lhristo
2632 1683 3075 1748 potestatem,et
3104 1679 3374 1750 superius
3405 1678 3667 1749 dicebas,

2019 1766 2174 1820 675
2203 1767 2265 1820 In
2298 1774 2578 1838 promptu
2635 1767 2920 1822 habemus
2975 1768 3182 1824 ulcisci
3217 1785 3454 1824 omnem
3487 1769 3669 1825 ultio-

2017 1871 2174 1922 nem,
2219 1856 2266 1908 si
2313 1871 2432 1909 non
2477 1855 2549 1910 ad
2607 1856 2895 1912 ultionem
2947 1857 3048 1911 sed
3101 1857 3176 1913 ad
3207 1857 3664 1916 mdiﬁcationem

2013 1944 2290 2015 accepisti
2322 1950 2675 2015 potestatem
2701 1945 2728 2000 ‘3
2757 1946 2903 2010 Quia
2933 1947 3044 2001 hoc
3075 1948 3510 2019 ipsum,inquit,
3533 1966 3663 2006 ma-

2010 2033 2167 2088 xime
2200 2039 2288 2087 est
2315 2033 2491 2088 vestri
2534 2034 2870 2103 aedificatio,
2903 2041 2968 2090 ut
2999 2035 3070 2092 de
3130 2036 3323 2092 medio
3375 2037 3664 2094 tollantur

2012 2121 2441 2192 impedimenta
2473 2128 2528 2177 et
2568 2122 2946 2190 offendicula,
3007 2129 3149 2196 puta
3213 2125 3260 2180 si
3311 2125 3663 2185 aboleantur

2011 2211 2475 2283 pseudapostoli.
2514 2213 2580 2266 In
2612 2212 2723 2268 hoc
2756 2213 2996 2284 quidem
3028 2215 3366 2286 accepimus
3397 2221 3463 2270 ut
3481 2215 3662 2272 aediﬁ-

2012 2316 2234 2354 cemus.
2269 2301 2452 2354 Porro
2485 2300 2532 2354 si
2567 2301 2701 2372 quis
2758 2301 3168 2358 incurabiliter
3223 2310 3485 2377 zegrotet,
3544 2305 3664 2362 alia

2010 2405 2249 2459 quoque
2270 2395 2510 2444 utemur
2523 2389 2865 2461 operatione
2888 2409 2956 2446 ac
2978 2392 3663 2461 efﬁcacia,demolientes

2008 2493 2076 2532 ac
2109 2477 2414 2533 diruentes
2444 2478 2637 2549 ipsum
2673 2497 2686 2535 :
2720 2484 2784 2534 ut
2815 2480 2892 2534 sit
2921 2480 3160 2551 quidem
3184 2483 3659 2554 primariususus

2009 2566 2344 2632 aedificatio,
2369 2583 2440 2622 ex
2472 2570 2859 2639 consequenti
2882 2576 3079 2625 autem
3107 2570 3178 2626 ad
3209 2570 3658 2630 demolitionem

2007 2679 2033 2706 ‹‹
2069 2657 2193 2710 Non
2223 2655 2546 2727 pudeflam.
2585 2680 2610 2706 η
2642 2658 2769 2714 Non
2801 2658 3106 2728 ostendar,
3152 2661 3368 2731 inquit,
3401 2661 3657 2720 mendax

2006 2749 2108 2799 aut
2137 2761 2438 2818 arrogans.

2078 2833 2146 2904 X,
2178 2837 2368 2892 9-H.«
2394 2837 2473 2890 Ne
2506 2837 2801 2906 quomodo
2834 2837 3033 2894 videar
3062 2840 3522 2912 perterrefacere
3552 2859 3655 2899 vos

2014 2948 2031 2971 -
2059 2940 2166 2994 per
2197 2924 2496 2995 epistolas.
2529 2927 2670 2981 Nam
2697 2927 2959 2998 epistolae
2984 2929 3224 2999 quidem
3256 2947 3458 3004 graves
3492 2937 3648 3002 sunt,

2009 3036 2035 3064 ‹‹
2067 3014 2234 3081 ait,et
2261 3013 2462 3080 fortes,
2496 3020 2556 3070 at
2574 3018 2891 3087 przesentia
2921 3019 3185 3090 corporis
3216 3019 3553 3088 imbecillis,
3585 3038 3654 3078 ac

2008 3125 2033 3152 «
2060 3120 2252 3158 sermo
2287 3107 2807 3176 contemptuslloc
2839 3113 3071 3178 reputet
3093 3110 3194 3180 qui
3227 3110 3516 3180 ejusmodi
3541 3115 3652 3180 est,

233 3200 314 3267 τῷ
346 3193 500 3273 Λόγῳ
533 3193 602 3250 δι’
634 3195 940 3252 ἐπιστολῶν
962 3196 1209 3265 ἀπόντες,
1237 3201 1480 3252 τοιοῦτοι
1509 3197 1599 3251 καὶ
1630 3196 1892 3272 παρόντες

2010 3214 2035 3241 ‹‹
2071 3193 2227 3263 quod
2261 3194 2467 3264 quales
2513 3211 2719 3250 sumus
2752 3213 3026 3252 sermone
3067 3216 3174 3269 per
3205 3200 3486 3270 epistolas
3519 3217 3654 3257 cum

229 3289 311 3356 τῷ
342 3280 508 3362 ἔργῳ.

305 3375 403 3429 Διὰ
431 3379 613 3445 τοῦτο,
649 3375 831 3453 φησῖν,
871 3376 1044 3438 οὓτως
1109 3375 1346 3450 μετρίως
1379 3376 1528 3430 εἶπον
1584 3375 1667 3444 τὸ,
1717 3401 1745 3428 ‹‹
1778 3375 1892 3432 Οὖκ

231 3463 699 3538 αἰσχυνθήσομαι,
737 3488 762 3514 ››
797 3463 885 3518 καὶ
919 3461 1073 3519 οὐδὲν
1113 3464 1252 3538 μέγα
1285 3465 1452 3531 εἶπον,
1503 3462 1596 3519 ’ίνα
1639 3467 1712 3537 μὴ
1750 3461 1890 3536 δόξω

232 3553 310 3616 ὡς
341 3547 675 3628 ἅνὲκφοϐεῖν
710 3552 849 3625 ὑμᾶς
902 3550 990 3607 διὰ
1046 3558 1153 3608 τῶν
1213 3551 1537 3610 ἐπιστολῶν.
1601 3553 1733 3610 Εἶτα
1771 3559 1887 3616 τοῖς

228 3639 428 3717 λόγοις
459 3646 562 3695 τῶν
599 3636 1010 3696 διαϐαλλόντων
1073 3641 1235 3696 αὐτὸν
1285 3644 1579 3721 κέχρηται.
1642 3642 1739 3700 Καὶ
1796 3642 1888 3698 ἳνα

237 3730 316 3802 μή
352 3727 519 3783 πάλιν
554 3727 798 3796 εἴπωσιν,
832 3728 914 3784 ὅτι
949 3730 1014 3786 Αἱ
1051 3731 1142 3803 μὲν
1178 3729 1462 3786 ἐπιστολαὶ
1529 3731 1762 3806 βαρεῖαι,
1793 3731 1884 3786 καὶ

233 3818 304 3873 τᾶ
334 3818 478 3888 ἑξῆς·
512 3816 600 3872 διὰ
647 3823 830 3888 τοῦτο,
873 3819 1054 3896 φησὶν,
1113 3819 1286 3882 οὕτως
1347 3820 1577 3895 μετρίως
1636 3821 1884 3898 ἐφθεγξάο

235 3928 372 3979 μην.
426 3932 445 3956 ι
500 3909 561 3963 Ἡ
619 3905 674 3961 δὲ
730 3908 998 3980 παρουσία
1059 3912 1155 3962 τοῦ
1241 3929 1494 3980 σωματος
1549 3909 1794 3980 ἀσθενής.
1856 3934 1885 3962 η

229 3996 469 4071 ’Ἑλεγον
503 3997 604 4072 γὰρ
664 3998 716 4050 οἱ
784 3993 1174 4058 διαϐάλλοντες
1233 3997 1411 4070 αὐτὸν,
1473 3997 1556 4052 ὅτι
1614 3997 1882 4072 κομπάζει

232 4082 327 4139 διὰ
358 4089 464 4139 τῶν
517 4084 846 4154 ἐπιστολῶν,
899 4087 988 4140 καὶ
1047 4081 1251 4163 φοϐερὰ
1309 4084 1638 4142 ἐπιστέλλει.
1700 4093 1882 4162 Παρα-

229 4173 520 4250 γενόμενος
563 4171 642 4244 ὃὲ,
703 4173 1172 4252 εὐκαταφρόνητός
1203 4195 1284 4238 τις
1343 4173 1475 4244 ἐστὶ,
1532 4175 1621 4230 καὶ
1652 4173 1881 4252 ἐλέγχε-

226 4283 318 4316 ται
354 4264 428 4335 μή
461 4260 534 4316 ὢν
570 4262 690 4326 οῖος
711 4265 926 4340 γράφει.
947 4287 974 4314 ι(
1002 4266 1181 4321 Τοῦτο
1208 4263 1878 4338 λογιζέσθωὸτοιοῦτος.»

225 4352 296 4409 Οἱ
327 4355 493 4406 ταῦτα
525 4349 800 4426 λέγοντες,
832 4353 988 4431 φησὶ,
1018 4357 1179 4408 τοῦτο
1206 4354 1467 4421 Ἔστωσαν,
1508 4353 1590 4410 ὅτι
1621 4354 1710 4409 καὶ
1740 4375 1878 4428 παρ-

226 4443 381 4504 όντες
413 4443 498 4496 καὶ
533 4443 782 4512 ἀπόντες,
833 4443 1020 4516 ὅμοιοί
1078 4441 1258 4515 ἐσμεν.
1319 4445 1422 4502 Καὶ
1483 4445 1663 4520 ὥσπερ
1719 4446 1877 4520 ἐσμὲν

226 4534 452 4594 ἀπόντες
484 4538 562 4606 τῷ
596 4531 750 4608 λόγῳ
781 4534 871 4587 καὶ
920 4538 1039 4596 ταῖς
1099 4533 1432 4602 ἐπιστολαῖς,
1481 4540 1728 4590 τοιοῦτοι
1785 4537 1877 4592 καὶ

227 4627 486 4701 παρόντες
515 4631 594 4698 τῷ
627 4626 791 4703 ἔργῳ.
825 4619 1157 4696 Τουτὲστιν,
1192 4627 1252 4682 οὐ
1315 4628 1476 4701 μόνον
1539 4627 1873 4703 ἀπειλοῦμεν

220 4715 473 4786 ἀπόντες,
505 4714 630 4770 ἀλλ’
666 4716 931 4789 ἱσλύομεν
962 4717 1050 4770 καὶ
1115 4717 1563 4792 παραγινόμενοι,
1597 4719 1673 4782 εἰς
1721 4717 1873 4794 ἔργον

218 4807 440 4882 ἀγαγεῖν
469 4808 534 4862 τὰ
563 4806 932 4880 ἀπειλούμενα

293 5134 372 5192 Οὐ
431 5137 534 5212 γὰρ
589 5137 890 5210 τολμῶμεν
944 5135 1189 5213 ἐγκρῖναι
1244 5136 1280 5205 ἤ
1341 5145 1617 5214 συγκρῖναι
1650 5141 1872 5204 ἑαυτούς

215 5246 334 5279 τισι
413 5231 520 5280 τῶν
597 5227 818 5288 ἑαυτοὺς
882 5226 1327 5296 συνιστανόντων,
1385 5225 1531 5284 ἀλλᾶ
1606 5227 1760 5285 αὐτοὶ
1818 5229 1870 5286 ἐν

219 5315 438 5375 ἑαυτοῖς
468 5314 687 5377 ἑαυτοὺς
750 5319 1090 5390 μετροῦντες,
1122 5316 1211 5371 καὶ
1244 5315 1619 5393 συγκρίνοντες
1652 5318 1876 5383 ἑαυτοὺς

220 5403 443 5465 ἑαυτοῖς
519 5404 582 5458 οὗ
658 5409 953 5462 συνιοῦσιν.
1031 5407 1222 5478 Ἡμεῖς
1302 5404 1358 5461 δὲ
1433 5406 1562 5482 οὐχὶ
1659 5408 1736 5472 είς
1809 5409 1876 5464 τά

221 5490 437 5567 ἄμετρα
509 5497 929 5570 καυχησόμεθα,
1003 5493 1148 5550 ἀλλά
1221 5495 1356 5550 κατά
1431 5497 1492 5550 τὸ
1553 5497 1744 5574 μὲτρον
1778 5504 1876 5555 τοῦ

214 5581 472 5649 κανόνος,
503 5584 565 5637 οὗ
601 5582 845 5659 ἐμέρισεν
887 5587 1022 5658 ἡμῖν
1054 5585 1082 5638 ὁ
1142 5585 1271 5648 Θεὸς
1336 5584 1534 5661 μέτρου
1593 5589 1873 5668 ἀφικέσθαι

217 5673 357 5753 ἄχρι
389 5671 477 5726 καί
500 5671 678 5747 ὑμῶν.

464 5794 726 5856 Pyram"
776 5795 886 5856 Gn.
938 5797 1033 5856 CX
1049 5792 1210 5857 VIII.

2009 3305 2035 3332 ‹‹
2072 3282 2376 3344 absumus.
2414 3284 2563 3339 tales
2595 3302 2800 3341 sumus
2821 3292 2880 3342 et
2909 3304 3043 3341 cum
3075 3288 3359 3344 adsumus
3415 3291 3591 3346 facto.
3625 3312 3653 3341 η

2079 3373 2422 3443 Pr0pterea,
2457 3373 2670 3444 inquit,
2732 3374 2888 3430 infra
2966 3377 3436 3433 mediocritatem
3515 3379 3656 3449 dixi,

2011 3483 2038 3512 ‹‹
2064 3463 2190 3516 Non
2215 3461 2537 3533 pudeﬁam,
2569 3486 2596 3512 ››
2625 3481 2732 3519 nec
2756 3465 3080 3537 quidquam
3110 3467 3392 3540 grandius
3423 3468 3657 3525 locutus

2009 3568 2249 3617 sum,ne
2278 3569 2392 3622 quo
2428 3552 2602 3608 modo
2630 3552 2833 3610 videar
2865 3561 3086 3611 terrere
3133 3575 3231 3612 vos
3275 3575 3382 3630 per
3433 3560 3656 3632 episto-

2005 3639 2110 3696 las.
2145 3641 2368 3698 Deinde
2403 3642 2641 3697 illorum
2667 3660 2808 3700 usus
2832 3651 2920 3700 est
2945 3647 3318 3703 sermonibus
3341 3649 3653 3720 quiipsum

2002 3728 2539 3785 calumniabantur.
2577 3733 2646 3784 Et
2692 3749 2764 3787 ne
2796 3749 3033 3789 rursum
3065 3735 3470 3792 dicant:i\’am
3521 3739 3648 3810 epi-

2001 3818 2166 3872 stolae
2211 3819 2450 3889 quidem
2482 3835 2683 3890 graves
2740 3829 2897 3888 sunt,
2945 3829 3004 3877 et
3049 3830 3282 3890 caetera,
3309 3833 3642 3898 propterea,

2001 3905 2213 3976 inquit,
2248 3907 2328 3961 ita
2359 3907 2623 3962 modeste
2683 3909 2914 3965 locutus
2948 3927 3098 3967 sum.
3134 3934 3163 3963 «
3221 3917 3295 3968 At
3324 3919 3646 3986 prasentia

1999 3995 2262 4066 corporis
2294 3995 2628 4052 imbecillis.
2667 4020 2692 4047 ››
2725 3999 3010 4056 Dicebant
3039 4002 3198 4057 enim
3231 4004 3331 4075 qui
3364 4005 3476 4077 ipsi
3535 4005 3640 4064 de-

2000 4084 2332 4149 trahebant,
2365 4085 2522 4155 quod
2545 4087 2800 4158 jactaret
2831 4106 2892 4145 se
2933 4107 3000 4146 ac
3031 4091 3453 4152 iutumesceret
3482 4101 3538 4152 et
3577 4097 3640 4154 in

1998 4173 2266 4244 epistolis
2297 4174 2692 4231 formidabilia
2723 4177 3044 4247 scriberet;
3067 4187 3127 4235 at
3156 4181 3256 4238 ubi
3287 4184 3642 4258 advenisset,

1997 4261 2316 4318 admodum
2347 4262 2661 4336 despectus
2696 4273 2870 4333 esset,
2904 4285 2972 4324 ac
3015 4270 3464 4330 convinceretur
3519 4292 3641 4332 non

1998 4351 2131 4407 talis
2172 4368 2300 4407 esse
2360 4352 2598 4423 qualem
2661 4356 2974 4413 scribendo
3033 4361 3372 4417 ostenderet
3407 4377 3418 4415 :
3453 4384 3482 4413 «
3523 4363 3643 4420 Hoc

1998 4447 2232 4512 reputet
2263 4442 2358 4513 qui
2397 4444 2691 4511 ejusmodi
2724 4448 2979 4512 ρει.υοΠὶ
3005 4448 3136 4515 ista,
3171 4450 3382 4522 inquit,
3415 4451 3643 4524 dicunt,

1996 4529 2106 4585 hoc
2136 4531 2513 4602 sciant.quod
2545 4540 2602 4588 et
2628 4542 2952 4605 praesentes
3011 4545 3069 4594 et
3124 4539 3400 4596 absentes
3458 4541 3642 4599 iidem

1989 4637 2228 4674 sumus:
2264 4626 2317 4674 et
2355 4622 2563 4692 quales
2596 4640 2800 4679 sumus
2830 4625 3108 4682 absentes
3138 4646 3245 4701 per
3300 4646 3641 4688 sermonem

1977 4713 2034 4761 et
2079 4709 2382 4780 epistolas,
2421 4711 2567 4766 tales
2600 4713 2778 4768 etiam
2810 4731 3016 4772 sumus
3049 4725 3373 4789 praesentes
3434 4737 3639 4793 opere,

1983 4797 2103 4852 Hoc
2126 4804 2234 4861 est,
2259 4815 2378 4853 non
2407 4799 2596 4856 solum
2631 4802 2930 4859 minamur
2955 4805 3254 4874 absentes,
3305 4810 3410 4865 sed
3470 4829 3628 4883 prea-

1985 4893 2182 4942 sentes
2213 4905 2452 4961 quoque
2487 4907 2803 4962 possumus
2823 4893 2883 4948 in
2918 4910 3067 4966 opus
3090 4897 3459 4956 deducereid
3481 4901 3640 4974 quod

1984 4993 2304 5034 minamur.

2054 5149 2096 5202 Χ
2108 5189 2120 5214 ,
2132 5152 2150 5200 1
2163 5149 2480 5214 2,23.«N0n
2502 5150 2661 5204 enim
2675 5151 2964 5209 audemus
2979 5157 3239 5213 inserere
3253 5165 3354 5214 aut
3367 5160 3632 5218 conferre

1985 5260 2010 5287 ‹‹
2029 5251 2141 5289 nos
2162 5234 2320 5304 ipsos
2339 5236 2694 5304 quibusdam
2709 5240 2807 5308 qui
2826 5241 3054 5312 seipsos
3074 5245 3633 5303 commendant.Sed

1987 5347 2013 5375 ‹‹
2031 5324 2140 5395 ipsi
2157 5325 2732 5396 nosipsosmetimur
2760 5330 2820 5384 in
2841 5332 3167 5406 nobisipsis
3194 5342 3252 5390 et
3272 5337 3632 5394 conferimus

1988 5431 2131 5469 «nos
2147 5413 2305 5486 ipsos
2320 5415 2492 5470 nobis
2509 5417 2802 5488 ipsis,non
2816 5421 2906 5475 his
2924 5424 3024 5493 qui
3039 5441 3156 5480 una
3175 5426 3485 5483 nobiscum
3501 5445 3632 5484 ver-

1989 5525 2018 5557 «
2038 5511 2260 5559 santur.
2281 5506 2478 5575 Neque
2495 5524 2602 5561 nos
2617 5509 2677 5562 in
2691 5510 3048 5568 immensum
3087 5514 3501 5587 gloriabimur:
3529 5519 3633 5576 sed

1989 5616 2017 5644 ‹‹
2032 5593 2206 5666 juxta
2225 5609 2359 5648 men
2370 5611 2549 5650 suram
2561 5599 2780 5672 regulae
2795 5617 2910 5673 qua
2920 5604 3171 5676 partitus
3185 5611 3278 5661 est
3293 5607 3466 5666 nobis
3479 5609 3635 5668 Deus

2001 5706 2022 5736 ι
2047 5699 2326 5740 mensura
2346 5687 2716 5760 pertingendi
2740 5690 2920 5748 etiam
2950 5708 3140 5766 usque
3163 5695 3236 5752 ad
3268 5714 3390 5755 vos.
3426 5721 3455 5750 ››

3286 5817 3361 5876 33
