4048 6250
181 370 337 434 103τ

1114 365 1525 429 COMMENT.
1574 364 1645 423 ΙΝ
1697 362 1940 424 EPIST.
1990 364 2048 424 ll
2092 368 2193 426 AD
2242 367 2603 427 COlllNTH.

3441 374 3595 431 1038

178 508 275 575 Μὴ
306 504 539 578 νομίσης
597 505 705 574 ὃτι,
766 527 791 555 ‹‹
846 498 1054 575 Μέτρον
1098 499 1262 555 εἰπὼν
1323 498 1564 566 κανόνος,
1595 517 1626 551 n
1677 494 1835 557 αὐτὸς

1956 505 2123 555 esset.
2158 531 2226 541 —-
2285 504 2398 556 Aut
2438 501 2537 555 hoc
2566 501 2736 557 etiam
2766 504 2941 558 modo.
2978 503 3398 573 Ne,existimes
3439 503 3597 576 quod

178 595 405 671 ἐμαυτῷ
435 594 498 650 τὸ
548 594 741 667 μέτρον
796 591 989 666 ὥρισα,
1042 588 1166 645 ἀλλ’
1215 588 1387 644 ἐκεῖνο
1438 586 1581 664 λέγω
1628 588 1691 642 τὸ
1744 587 1838 661 μέ-

176 706 334 761 τρον,
370 683 431 739 οὗ
479 682 699 757 μέτρου,
757 680 1002 737 τουτέστι
1063 677 1131 733 δι’
1191 678 1252 733 οὗ
1311 678 1554 753 ἐμέρισεν
1615 680 1750 749 ἡμῖν
1810 676 1837 731 6

181 776 337 836 Θεός.
371 773 437 829 Τί
469 771 527 827 δέ
556 771 695 825 ἐστιν
730 771 905 825 ἐκεῖνο
938 790 951 837 ;
985 768 1090 826 Καὶ
1122 766 1267 823 ἄλλα
1300 769 1395 839 μὲν
1436 763 1644 832 πολλὰ,
1702 767 1840 836 τέως

183 864 242 919 δὲ
282 864 346 918 τὸ
378 861 465 916 διὰ
493 865 595 916 τοῦ
636 859 987 934 κηρ·5γματος
1036 856 1212 913 ἐλθεῖν
1274 856 1469 931 μέχρις
1522 856 1693 929 ὑμῶν,
1747 853 1839 911 καὶ

180 947 509 1009 καταλαϐεῖν
545 950 706 1023 ὑμᾶς.
738 952 912 1006 Τοῦτο
938 949 999 1003 τὸ
1034 950 1229 1022 μέτρον
1266 946 1326 1003 ἐκ
1381 952 1476 1002 τοῦ
1525 951 1659 1002 Θεοῦ
1708 941 1840 1020 ἕχο-

184 1066 301 1117 μεν,
338 1040 498 1096 δι’οὗ
541 1039 756 1114 ἐμέρισε
811 1038 900 1093 καὶ
957 1032 1132 1107 ἔταξεν
1194 1039 1361 1109 ἡμᾶς,
1427 1038 1623 1110 μέχρις
1683 1036 1838 1105 ὑμῶν

182 1130 380 1204 φθααιι
412 1128 499 1182 καὶ
526 1126 754 1199 κηρύξαι
784 1127 845 1179 τὸ
898 1122 1254 1201 Εὐαγγέλιον.
1316 1124 1384 1179 ’Ἡ
1436 1120 1655 1176 δύναται
1707 1121 1835 1176 ὅλον

176 1220 245 1275 τὸ
276 1217 486 1293 χωρίον
511 1216 617 1271 ἀπὸ
648 1220 763 1270 τοῦ·
799 1214 875 1272 05
909 1214 1009 1288 γὰρ
1043 1212 1341 1286 τολμῶμεν
1377 1210 1541 1285 μέχρι
1593 1215 1708 1266 τοῦ·
1762 1208 1837 1267 Οὐ

179 1311 447 1369 συνιοῦσι.
479 1307 594 1360 κατ’
656 1303 871 1358 ἐκείνων
939 1303 1185 1377 εἳρῆσθαι
1242 1305 1350 1355 τῶν
1410 1298 1708 1369 ἀλαζόνων,
1748 1299 1838 1354 καὶ

175 1399 270 1466 τὸ,
330 1395 505 1453 Ἀλλᾶ
560 1393 714 1448 αὐτοὶ
775 1391 826 1447 ἐν
879 1393 1115 1461 ἑαυτοῖς,
1177 1392 1292 1445 κατ’
1350 1389 1521 1443 αἰτίαν
1591 1387 1839 1463 εἶ’ρῆσθαι

178 1490 295 1542 τῶν
346 1484 566 1543 ἓαυτοὺς
628 1480 1069 1536 συνιστανόντων.
1159 1479 1303 1534 Οἶον·
1391 1479 1558 1534 Αὐτοὶ
1623 1478 1725 1554 γὰρ
1785 1477 1837 1533 ἐν

180 1575 404 1634 ἑαυτοῖς
461 1570 681 1633 ἑαυτοὺς
750 1575 1071 1645 μετροῦντες
1124 1567 1214 1623 καὶ
1298 1567 1697 1643 συγκρίνοντες,
1778 1566 1839 1622 οὐ

179 1662 629 1718 συναισθανονται
688 1658 1141 1731 ἀλαζονευόμενοι
1202 1657 1292 1711 καὶ
1354 1657 1662 1717 ἀπατῶντες
1715 1656 1840 1709 ἑαυ-

177 1752 341 1813 τοῦς,
375 1754 580 1825 ’Ὠσπερ
612 1750 770 1825 γᾶρὸ
830 1750 953 1823 παρ’
1014 1748 1187 1818 ἑαυτῷ
1245 1745 1535 1825 φρόνιμος,
1598 1744 1842 1820 ἰσχυρῶς

1950 585 2153 642 dicens
2187 610 2214 638 «
2249 590 2583 644 Mensuram
2611 591 2889 662 regulae.»
2911 592 3034 662 ipse
3066 592 3210 646 mihi
3245 608 3591 650 mensuram

1949 675 2283 731 definierim
2314 695 2326 732 :
2363 679 2465 731 sed
2491 679 2637 733 illud
2669 680 2800 735 dico
2858 697 3220 747 mensuram,
3256 699 3373 752 qua
3422 699 3588 738 men-

1949 783 2104 833 sura,
2136 767 2195 819 id
2226 772 2332 831 est,
2368 784 2472 837 per
2502 785 2679 837 quam
2716 769 2966 839 partitus
3027 775 3117 824 est
3183 770 3355 825 nobis
3418 772 3594 826 Deus.

1948 856 2085 918 Qum
2119 861 2208 909 est
2238 862 2434 909 autem
2467 856 2612 911 illa?
2649 859 2833 912 Variae
2860 864 3000 912 sunt
3030 876 3095 913 ac
3122 858 3600 916 multielnterim

1948 949 2145 997 autem
2168 961 2273 1013 per
2296 945 2775 1013 praedicationem
2809 948 3036 1001 venisse
3059 964 3246 1017 usque
3288 947 3361 1002 ad
3394 965 3489 1002 vos
3513 954 3599 1003 at-

1949 1049 2061 1102 que
2080 1033 2546 1103 apprehendisse
2580 1052 2698 1099 vos,
2736 1036 2795 1090 id
2826 1036 3113 1090 habemus
3144 1053 3179 1091 a
3212 1038 3328 1091 Deo
3360 1054 3600 1092 mensu-

1948 1140 2093 1187 ram,
2124 1140 2228 1194 per
2258 1142 2435 1194 quam
2468 1126 2718 1195 partitus
2756 1132 2845 1180 est
2873 1143 2939 1181 ac
2972 1126 3267 1181 ordinavit
3296 1134 3361 1182 ut
3390 1128 3461 1182 ad
3496 1144 3598 1183 vos

1948 1230 2136 1284 usque
2168 1216 2658 1287 pertingeremus,
2704 1223 2761 1271 et
2821 1217 3195 1289 Evangelium
3242 1218 3595 1289 prazdicare-

1948 1320 2101 1358 mus.
2144 1308 2258 1359 Aut
2319 1310 2514 1375 potest
2570 1312 2689 1360 tota
2746 1307 3036 1377 particula
3084 1308 3154 1361 ab
3189 1324 3255 1362 eo
3287 1308 3436 1375 loco,
3471 1311 3597 1363 Non

1948 1394 2107 1446 enim
2167 1394 2476 1460 audemus,
2533 1411 2720 1466 usque
2779 1396 2849 1450 ad
2910 1397 3013 1451 illa
3079 1397 3277 1464 verba,
3337 1396 3414 1453 Οὔ
3476 1417 3599 1449 συν-

1951 1483 2091 1533 ιοῦσι
2124 1482 2403 1539 adversus
2436 1492 2781 1556 arrogantes
2814 1485 2972 1540 dicta
3004 1502 3155 1550 esse,
3190 1493 3248 1541 et
3287 1487 3443 1558 quod
3493 1488 3597 1552 ait,

1945 1569 2091 1624 ἀλλὰ
2121 1570 2274 1625 αὐτοὶ
2304 1574 2357 1625 ἐν
2392 1573 2600 1633 ἑαυτοῖς
2634 1575 2857 1629 dictum
2890 1592 3019 1630 esse
3052 1593 3156 1647 pro
3189 1593 3365 1633 causa
3393 1593 3598 1633 eorum

1948 1660 2048 1729 qui
2078 1679 2138 1715 se
2172 1661 2331 1732 ipsos
2354 1663 2869 1729 commendant,ut
2897 1664 2973 1719 sit
3003 1681 3243 1719 sensus:
3281 1666 3425 1720 Nam
3482 1665 3595 1737 ipsi

1948 1749 2008 1803 in
2040 1767 2100 1804 se
2135 1751 2277 1821 ipsis
2312 1767 2372 1805 se
2404 1751 2565 1822 ipsos
2598 1753 2911 1807 metientes
2935 1769 3002 1807 ac
3033 1761 3597 1825 comparantes,non

179 1842 373 1919 ἂφρων
420 1838 584 1907 ἐστὶν,
648 1838 820 1898 οὕτως
873 1837 961 1891 καὶ
1016 1838 1043 1891 6
1102 1837 1228 1911 παρ’
1288 1836 1461 1906 ἐαυτῷ
1530 1835 1697 1909 μέγας
1747 1851 1841 1901 καὶ

191 1933 240 1939 --
303 1928 360 1939 ι.
628 1926 666 1939 .,
965 1925 977 1939 ι
1040 1923 1065 1939 υ
1391 1927 1398 1937 .
1674 1923 1833 1939 ..κη

1956 1841 2327 1910 perpendunt
2348 1842 2466 1896 sive
2488 1859 2607 1897 non
2631 1842 2971 1915 intelligunt
2992 1861 3053 1899 se
3081 1852 3421 1916 arrogantes
3442 1862 3597 1917 esse,

186 1926 844 2005 ὑψηλὸς,καταγέλαστος
891 1925 980 1981 καὶ
1039 1923 1269 2000 ἔσχατος
1330 1927 1568 1980 πάντων.
1612 1950 1640 1977 ‹‹
1674 1923 1833 1982 Ἀλλ’

184 2021 343 2077 αὐτοὶ
373 2018 424 2074 ἐν
457 2019 689 2077 ἑαυτοῖς.
728 2040 753 2067 ››
806 2016 1065 2077 Ἐκείνοις
1125 2015 1217 2088 μὲν
1266 2015 1356 2069 οὖν
1416 2014 1478 2069 οὐ
1536 2014 1830 2089 τολμῶμεν

189 2108 412 2171 ἑαυτοὺς
444 2112 749 2182 συγκρῖναι,
788 2105 1073 2181 μεγάλοις,
1119 2104 1305 2183 φησὶν,
1360 2104 1479 2158 οὖσι
1528 2104 1617 2159 καὶ
1668 2105 1833 2179 ὑπερ-

183 2195 466 2255 ϐαίνουσιν
497 2200 665 2269 ἡμᾶς,
702 2194 828 2249 ἀλλ’
884 2197 1044 2266 ἡμεῖς
1092 2195 1209 2248 καθ’
1259 2192 1481 2254 ἑαυτοὺς
1538 2193 1834 2268 γινόμενοι,

178 2289 410 2349 ἑαυτοὺς
448 2290 770 2360 μετροῦμεν.
816 2283 918 2340 Καὶ
975 2284 1111 2357 πρὸς
1166 2284 1230 2337 τα
1289 2280 1458 2356 μέτρα
1514 2285 1693 2355 ἡμῶν,
1744 2284 1834 2338 καὶ

186 2379 471 2451 λαλοῦμεν
548 2378 637 2431 καὶ
712 2372 1132 2446 ἐπιστέλλομεν,
1208 2373 1297 2428 καὶ
1375 2370 1831 2447 διαπραττόμεθα.

186 2495 216 2523 α
254 2467 356 2526 Καὶ
390 2466 765 2541 συγκρίνοντες
807 2463 1058 2525 ἑαυτούς.
1088 2488 1116 2514 ››
1176 2463 1279 2519 Καὶ
1336 2466 1499 2533 ἡμεῖς
1562 2462 1675 2534 μέν,
1732 2484 1836 2539 φη-

185 2561 296 2625 σὶν,
338 2557 560 2615 ἑαυτοὺς
596 2557 920 2629 μετροῦμεν,
968 2551 1160 2607 ἐκεῖνοι
1225 2549 1300 2621 δὲ,
1360 2551 1580 2613 ἑαυτοὺς
1627 2553 1836 2612 ἑαυτοῖς

185 2648 586 2723 συγκρίνοντες.
621 2645 697 2702 Οὐ
729 2643 833 2718 γὰρ
888 2643 1120 2712 ἀξιοῦσι,
1170 2641 1325 2721 φησὶ,
1375 2641 1510 2715 πρός
1566 2663 1685 2696 τινα
1732 2645 1838 2695 τῶν

195 2737 499 2811 ἀνθρώπων
550 2734 922 2808 συγκριθῆναι,
981 2728 1110 2785 ἀλλ’
1190 2731 1347 2785 αὑτοὶ
1404 2731 1541 2804 πρὸς
1596 2729 1836 2793 ἑαυτούς,

200 2826 279 2883 Οὐ
313 2828 568 2878 συνιοῦσα
599 2821 887 2879 Τουτέστιν
931 2822 994 2875 οὐ
1051 2825 1265 2874 νοοῦσιν
1328 2817 1451 2874 οὖδέ
1500 2820 1837 2875 αἰσοένονται

194 2916 345 2977 ὅπως
377 2914 475 2968 εἰσὶ
505 2911 896 2987 καταγέλαστοι
936 2914 1055 2971 τοῖς
1113 2910 1332 2983 ὁρῶσιν.
1386 2908 1462 2966 Οὐ
1517 2910 1618 2985 γαρ
1670 2907 1842 2979 λελή-

189 3004 520 3083 οασι,‹ρησῖ,
572 3002 710 3059 τινά.
772 3002 841 3057 Ἢ
900 3000 984 3054 ὃτι
1046 2999 1238 3072 μεταξὺ
1296 2997 1563 3069 ἀλλήλων
1621 2998 1842 3059 ἑαυτοὺς

185 3093 520 3165 ἐπαίροντες.
560 3115 585 3145 α
613 3092 803 3163 Ἡμεῖς
855 3086 911 3143 δὲ
964 3087 1092 3166 οὐχὶ
1145 3087 1219 3149 εἷς
1266 3088 1335 3141 τᾶ
1374 3084 1581 3160 ἂμετρα
1627 3107 1843 3161 καυχη-

191 3184 414 3255 σόμεθα.
460 3205 487 3234 ››
522 3182 715 3252 Ἡμεῖς
747 3177 823 3247 δὲ,
856 3178 1037 3255 φησὶν,
1073 3178 1173 3231 οὐκ
1224 3176 1300 3239 εἱς
1342 3176 1408 3231 τα
1456 3174 1664 3251 ἄμετρα
1712 3196 1839 3228 καυ-

199 3235 356 3255 “’Υ““’¹
405 3235 413 3238 ’
542 3235 606 3252 7—.
703 3235 713 3240 '
813 3235 822 3247 ⁸
868 3235 878 3255 ι
918 3235 928 3247 ¹
1027 3235 1036 3246 ¹
1287 3235 1298 3239 ’
1496 3235 1505 3247 ³
1597 3235 1606 3251 ³

189 3272 502 3349 χησὸμεθα,
533 3270 770 3342 καθάπερ
804 3268 975 3322 οὗτοι.
1038 3267 1141 3323 Καὶ
1188 3266 1292 3341 γὰρ
1337 3268 1401 3334 ἦν
1454 3264 1596 3327 εἰκὸς
1644 3263 1839 3325 αὐτοὺς
1880 3235 1921 3301 C

186 3360 561 3436 ψευδομένους
611 3356 813 3432 λέγειν,
871 3359 987 3427 Τὴν
1040 3354 1365 3428 οἰκουμένην
1417 3354 1839 3428 ἐπεστρέψαμεν,

190 3452 327 3525 πρὸς
387 3449 454 3505 τὰ
511 3445 714 3522 πέρατα
778 3454 878 3515 τῆς
936 3448 1035 3520 γῆς
1095 3445 1396 3523 ἀφικόμεθα
1483 3440 1844 3503 διδάσκοντες,

197 3545 382 3601 Ταῦτα
412 3541 505 3596 οὖν
547 3538 755 3613 ἃμετρα
806 3536 986 3605 καλεῖ,
1038 3532 1425 3611 ὑπερϐαίνοντα
1471 3537 1570 3604 τὴν
1622 3533 1848 3610 δύναμιν

194 3630 373 3686 αὐτῶν
406 3628 590 3685 καὶτὸ
626 3625 842 3701 μέτρον.
900 3652 918 3676 ι
958 3624 1131 3681 Ἀλλὰ
1186 3627 1322 3681 κατᾶ
1376 3628 1438 3681 τὸ
1500 3626 1692 3699 μέτρον
1752 3631 1848 3682 τοῦ

195 3718 439 3782 κανόνος.
483 3742 511 3769 ›)
574 3719 775 3790 ’Ὠσπερ
830 3716 929 3789 γὰρ
986 3713 1286 3787 ἀμπελῶνα
1343 3712 1567 3787 διαιρῶν
1630 3717 1657 3770 6
1716 3717 1846 3777 Θεὸς

197 3810 298 3875 τήν
333 3807 664 3879 οἰκουμένην
698 3808 856 3877 ἡμῖν,
890 3804 1045 3883 φησὶ,
1076 3809 1191 3865 τοῖς
1222 3805 1550 3866 ἀποστόλοις
1609 3803 1843 3879 ἐμέρισε.

196 3896 350 3953 Κατὰ
375 3895 467 3950 οῦν
496 3896 559 3950 τὸ
593 3896 791 3969 μέτρον
824 3899 920 3949 τοῦ
961 3894 1180 3957 κανόνος
1237 3894 1299 3949 οὗ
1358 3893 1600 3969 ἐμέρισεν
1650 3897 1787 3968 ἡμῖν
1820 3896 1847 3949 6

195 3988 350 4051 Θεὸς,
381 3987 780 4065 καυχησόμεθα
822 3986 911 4039 καὶ
976 3982 1315 4057 λαλήσομεν,
1371 3985 1523 4061 φησί.
1581 3988 1741 4039 Ποῖον
1791 3983 1847 4038 δέ

197 4075 311 4130 ἐστι
340 4077 402 4130 τὸ
437 4073 632 4150 μέτρον
668 4094 802 4143 σου;
838 4099 865 4126 ‹‹
896 4075 969 4129 Τὸ
1003 4073 1166 4152 ἄχρις
1200 4075 1354 4146 Spfw
1388 4098 1439 4140 »,
1472 4078 1654 4151 φησιν.
1689 4075 1848 4152 Ἀφι-

196 4164 380 4220 κέσθαι
437 4163 569 4239 ἄχρι
614 4166 702 4219 καὶ
771 4166 942 4237 ὑμῶν,
1001 4165 1115 4219 ἐπεὶ
1175 4162 1266 4219 οῦν
1328 4161 1459 4242 ἃχρι
1517 4166 1608 4218 καὶ
1695 4164 1847 4237 ὑμῶν

199 4253 526 4331 ἐφθάσαμεν,
561 4254 645 4308 καὶ
689 4257 852 4308 τοῦτο
883 4255 1017 4323 ἡμῖν
1068 4252 1130 4306 τὸ
1182 4249 1469 4323 δεδομένον
1517 4251 1663 4326 παρὰ
1714 4254 1847 4307 Θεοῦ

197 4344 412 4417 μέτρον.
447 4367 473 4394 ‹‹
506 4344 679 4420 Ἀγρι
706 4344 796 4397 καὶ
829 4343 980 4416 ὑμῶν
1012 4341 1370 4417 καυχώμεθα⁹
1404 4364 1429 4396 ο
1469 4343 1608 4397 Ἀπὸ
1659 4346 1846 4396 κοινοῦ

198 4435 306 4508 γὰρ
337 4434 419 4501 τὸ,
458 4459 479 4485 ι
520 4434 947 4507 Καυχησόμεθα.
985 4459 1010 4483 υ

1948 1946 2015 1984 ac
2070 1929 2331 2001 sibiipsis
2390 1931 2717 2001 imponere.
2780 1933 3287 1996 Quemadmodum
3337 1936 3497 1990 enim
3546 1935 3599 1991 is

1950 2020 2051 2090 qui
2084 2019 2240 2090 apud
2273 2037 2400 2075 sese
2451 2021 2712 2092 prudens
2764 2028 2872 2088 est,
2925 2022 3243 2079 admodum
3304 2025 3598 2096 insipiens

1951 2114 2059 2174 est,
2087 2109 2168 2163 ita
2198 2108 2375 2164 etiam
2407 2111 2508 2181 qui
2538 2109 2697 2181 apud
2729 2128 2857 2165 sese
2916 2128 3165 2184 magnus
3224 2118 3283 2167 et
3330 2114 3599 2170 excelsus

1952 2204 2059 2261 est,
2096 2199 2145 2253 is
2170 2198 2458 2253 ridiculus
2489 2205 2579 2253 est
2610 2200 2996 2270 omniumque
3028 2208 3386 2272 postremus.
3422 2226 3449 2252 «
3486 2202 3599 2258 Sed

1950 2288 2062 2358 ipsi
2094 2288 2155 2341 in
2188 2287 2360 2341 nobis
2388 2288 2551 2359 ipsis.
2579 2310 2607 2337 »
2642 2288 2767 2342 Illis
2800 2289 2997 2359 itaque
3022 2307 3143 2345 non
3174 2291 3462 2346 audemus
3484 2308 3594 2347 nos

1952 2375 2109 2446 ipsos
2149 2375 2417 2430 conferre
2450 2377 2549 2445 qui
2583 2378 2777 2448 magni
2810 2379 3251 2449 sunt,inquit,et
3283 2397 3391 2435 nos
3422 2397 3597 2436 exce-

1952 2465 2122 2533 dunt,
2168 2465 2270 2521 sed
2303 2465 2456 2537 apud
2489 2482 2597 2520 nos
2628 2466 2789 2537 ipsos
2830 2475 3139 2524 manentes
3180 2471 3460 2525 metimur
3489 2487 3599 2526 nos

1951 2555 2133 2625 ipsos,
2167 2560 2225 2609 et
2253 2555 2328 2610 ad
2384 2572 2698 2611 mensuras
2722 2564 2955 2612 nostras
2989 2564 3046 2612 et
3066 2558 3435 2629 loquimuret
3457 2559 3599 2615 scri-

1950 2642 2148 2698 bimus
2181 2650 2239 2699 et
2270 2661 2609 2716 operamur.
2648 2668 2673 2695 ‹‹
2708 2647 2777 2699 Et
2809 2646 3036 2717 seipsos
3093 2655 3529 2719 comparantes.
3571 2670 3601 2699 »

1952 2735 2067 2788 Nos
2089 2732 2327 2803 quidem
2360 2750 2467 2788 nos
2508 2734 2667 2805 ipsos
2692 2736 2990 2803 metimur,
3025 2736 3334 2806 inquitilli
3374 2753 3508 2791 vero
3543 2752 3606 2793 se

1954 2822 2113 2892 ipsos
2144 2822 2255 2876 sibi
2297 2823 2628 2889 conferunt,
2663 2840 2783 2877 non
2807 2824 2965 2878 enim
3000 2825 3074 2879 ad
3103 2825 3363 2895 aliquem
3422 2826 3610 2880 homi-

1953 2928 2096 2965 num
2128 2912 2383 2966 conferri
2418 2912 2640 2977 volunt,
2679 2913 2781 2966 sed
2827 2930 2953 2968 sese
2984 2914 3057 2968 ad
3088 2915 3314 2985 seipsos
3347 2913 3422 2971 Οὐ
3480 2934 3608 2968 συν-

1961 3002 2124 3063 ιοῦσι,
2158 3000 2269 3055 hoc
2300 3007 2409 3066 est,
2442 3018 2561 3055 non
2596 3002 2957 3074 intelligunt,
2992 3020 3112 3057 non
3145 3004 3413 3058 sentiunt
3441 3003 3599 3075 quod

1955 3092 2190 3147 ridiculi
2223 3093 2343 3147 sint
2375 3094 2465 3148 his
2497 3094 2597 3163 qui
2644 3094 2970 3161 intuentur,
3000 3095 3148 3149 nulli
3184 3097 3344 3150 enim
3384 3096 3600 3151 occulti

1955 3189 2113 3239 sunt.
2146 3184 2339 3253 inquit
2372 3202 2385 3248 ;
2440 3189 2543 3238 aut
2601 3184 2759 3255 quod
2827 3185 2982 3239 inter
3012 3204 3073 3241 se
3110 3194 3316 3241 mutuo
3350 3204 3411 3242 se
3440 3187 3600 3258 ipsos

1953 3271 2261 3327 extollunt.
2291 3296 2313 3324 ‹‹
2348 3274 2461 3327 Nos
2483 3280 2679 3329 autem
2705 3291 2824 3329 non
2850 3276 2910 3329 in
2943 3276 3304 3331 immensum
3319 3277 3600 3349 gloriabi-

1951 3378 2103 3417 mur.
2140 3384 2167 3410 ››
2200 3362 2352 3416 678
2386 3364 2522 3424 Nos.
2555 3363 2657 3425 ait,
2691 3380 2809 3419 non
2842 3364 2995 3419 sicut
3024 3365 3111 3419 illi
3147 3382 3159 3419 :
3193 3382 3313 3421 non
3338 3366 3490 3421 ultra
3506 3365 3603 3422 da-

1961 3457 2047 3506 tas
2068 3468 2378 3507 mensuras
2405 3452 3122 3525 gloriabimur.Siquidem
3148 3455 3467 3512 verisimile
3491 3461 3599 3524 est,

1959 3540 2115 3611 quod
2147 3541 2233 3594 illi
2282 3542 2639 3596 mentientes
2671 3542 2981 3598 dicerent:
3029 3544 3145 3599 Nos
3203 3545 3407 3601 orbem
3462 3562 3605 3601 con-

1957 3631 2342 3697 vertimus,ad
2372 3632 2655 3686 terminos
2689 3637 2859 3686 terrae
2891 3632 3171 3689 docentes
3204 3634 3604 3703 pervenimus.

1962 3720 2092 3775 Haec
2113 3721 2268 3775 ultra
2299 3737 2660 3784 mensuram,
2696 3728 2797 3776 aut
2840 3738 3018 3793 supra
3074 3740 3417 3779 mensuram
3476 3741 3608 3781 esse

1959 3809 2120 3875 dicit,
2154 3827 2283 3879 quae
2318 3826 2483 3864 suam
2515 3811 2840 3880 potentiam
2865 3826 2931 3864 ac
2955 3827 3292 3866 mensuram
3316 3818 3607 3885 transgre-

1958 3898 2255 3952 diuntur.«
2289 3898 2400 3952 Sed
2424 3898 2597 3967 juxta
2627 3914 2964 3953 mensuram
2993 3900 3230 3971 regulae.
3260 3924 3286 3949 ››
3314 3900 3606 3966 Quemad-

1958 3986 2200 4041 modum
2234 3986 2394 4040 enim
2427 3987 2725 4056 quispiam
2757 3988 2987 4042 vineam
3019 3988 3339 4055 distribuit,
3376 3991 3457 4045 ita
3501 4007 3602 4045 or-

1960 4075 2091 4130 bem
2126 4074 2296 4129 nobis
2320 4074 2603 4144 apostolis
2637 4075 2787 4129 Deus
2822 4076 3073 4145 partitus
3090 4078 3405 4148 est.ltaque
3428 4079 3602 4149 juxta

1960 4179 2302 4220 mensuram
2335 4163 2551 4234 regula)
2566 4180 2681 4233 qua
2704 4165 2957 4235 partitus
2986 4170 3072 4219 est
3102 4166 3275 4221 nobis
3308 4168 3607 4241 Deus,glo-

1959 4253 2246 4308 riabimur
2276 4259 2331 4307 et
2365 4253 2697 4323 loquemur.
2730 4254 2867 4319 Quae
2900 4260 2989 4309 est
3026 4261 3224 4310 autem
3276 4263 3375 4312 tua
3432 4274 3605 4314 men-

1961 4342 2142 4398 sura?
2177 4364 2200 4394 α
2237 4343 2432 4413 Usque
2462 4342 2533 4397 ad
2560 4360 2681 4409 vos,
2714 4366 2740 4393 ››
2774 4342 2986 4414 inquit.
3021 4345 3210 4400 Etiam
3242 4346 3315 4401 ad
3374 4363 3474 4401 vos
3505 4364 3607 4401 us-

1959 4449 2074 4505 que
2124 4433 2453 4505 pertigisse.
2512 4433 2801 4497 Quoniam
2854 4434 3033 4506 igitur
3084 4434 3157 4490 ad
3213 4451 3313 4491 vos
3371 4451 3609 4507 quoque

198 4524 573 4596 pertigimus,
607 4524 785 4578 etiam
816 4523 939 4578 haec
970 4521 1107 4577 data
1138 4522 1309 4578 nobis
1342 4526 1430 4577 est
1451 4524 1622 4579 aDeo
1646 4537 1927 4577 mensura
1948 4526 2013 4575 ut
2045 4521 2224 4576 etiam
2250 4536 2439 4591 usque
2471 4520 2543 4576 ad
2570 4537 2667 4576 vos
2697 4521 3057 4593 gloriemur:
3091 4539 3231 4578 nam
3254 4523 3612 4580 acommuni

204 4630 381 4667 sensu
414 4612 982 4683 resumendumiest,
1021 4634 1047 4661 «
1082 4611 1498 4678 Gloriabimur,
1536 4633 1562 4661 »
1598 4612 1716 4667 sive
1750 4635 1774 4658 υ
1809 4611 2157 4666 Gloriemur.
2194 4632 2222 4660 »

271 4700 348 4756 Οὔ
412 4699 515 4773 γὰρ
584 4699 658 4762 ὡς
727 4701 801 4771 μὴ
886 4698 1265 4774 ἐφικνούμενοι
1335 4698 1411 4760 εἷς
1478 4698 1617 4769 ὑμᾶς
1689 4699 1842 4772 ὑπερ-

2026 4700 2287 4759 Χ,14ο18.
2314 4722 2332 4746 ι
2354 4702 2479 4754 Non
2510 4700 2661 4754 enim
2674 4700 2843 4770 quasi
2862 4717 2980 4754 non
3001 4700 3404 4772 pertingentes
3421 4718 3609 4773 usque

196 4788 510 4861 εκτείνομεν
576 4788 821 4849 ἑαυτούς.
891 4789 1064 4861 ’Ἄχρι
1132 4789 1237 4861 γὰρ
1306 4789 1396 4842 καὶ
1466 4788 1617 4860 ὑμῶν
1684 4787 1840 4867 ἐφθα-

197 4897 369 4949 σαμεν
436 4876 487 4931 ἐν
554 4882 633 4948 τῷ
697 4876 1019 4951 Εὐαγγελίῳ
1084 4881 1180 4931 τοῦ
1247 4880 1502 4949 Χριστοῦ.
1574 4880 1688 4935 Οὐκ
1780 4880 1855 4943 εἷς

197 4967 267 5021 τὰ
334 4964 543 5041 ἄμετρα
636 4965 986 5041 καυχώμενοι
1081 4966 1133 5019 ἐν
1227 4967 1545 5041 ἀλλοτρίοις
1638 4968 1851 5031 κόποις·

198 5052 403 5109 ἐλπίδα
479 5052 535 5109 δὲ
630 5052 850 5132 ἔχοντες
955 5056 1322 5127 αὐξανομένης
1423 5059 1520 5124 τῆς
1624 5060 1859 5122 πίστεως

200 5140 359 5212 ὑμῶν
438 5140 488 5193 ἐν
569 5142 695 5213 ὑμῖν
778 5139 1199 5214 μεγαλυνθῆναι,
1276 5143 1413 5197 κατᾶ
1485 5143 1576 5196 τὸν
1661 5145 1858 5199 κανόνα

195 5232 367 5301 ἡμῶν
446 5228 523 5291 εἷς
599 5233 929 5305 περισσείαν,
1011 5231 1085 5294 εἷς
1156 5232 1224 5285 τὰ
1300 5227 1612 5301 ὑπερέκεινα
1709 5233 1859 5304 ὑμῶν

199 5316 686 5394 εὐαγγελίσασθαι,
751 5319 850 5374 οὐκ
929 5319 981 5375 ἐν
1032 5319 1316 5395 ἀλλοτρίῳ
1374 5322 1583 5387 κανόνι,
1653 5322 1727 5383 εἷς
1792 5324 1859 5377 τὰ

195 5406 401 5477 ἕτοιμα
458 5409 867 5481 καυχήσασθαι.
928 5409 988 5465 Ὁ
1035 5405 1091 5462 δὲ
1148 5408 1509 5487 καυχώμενος
1561 5408 1612 5463 ἐν
1674 5410 1857 5485 Κυρῖῳ

196 5495 523 5568 καυχάσθω.
603 5496 678 5552 0'3
753 5496 853 5570 γὰρ
930 5497 956 5549 6
1035 5496 1219 5550 ἑαυτὸν
1296 5502 1580 5565 συνιστῶν,
1656 5497 1858 5561 ἐκεῖνός

194 5584 319 5639 ἐστι
351 5580 602 5657 δόκιμος,
634 5581 759 5640 ἀλλ’
792 5580 851 5638 ὄν
883 5586 911 5639 6
945 5583 1143 5659 Κύριος
1176 5585 1500 5656 συνίστησιν.

1963 4809 1989 4835 ‹‹
2006 4786 2077 4841 ad
2094 4786 2592 4842 vos.extendimus
2610 4803 2714 4840 nos
2732 4786 2889 4857 ipsos
2904 4802 3079 4858 supra
3094 4788 3509 4844 modum.Nam
3524 4807 3616 4845 us-

1970 4896 1996 4924 ‹‹
2013 4890 2127 4943 que
2146 4873 2218 4927 ad
2236 4892 2331 4927 vos
2345 4890 2580 4943 quoque
2595 4875 2831 4944 perveni
2844 4890 2970 4928 mus
2987 4875 3044 4929 in
3060 4877 3615 4950 Evangeliochristi,

1968 4963 2206 5017 «nonin
2225 4963 2458 5031 hisqua:
2478 4979 2655 5033 supra
2668 4979 3009 5018 mensuram
3030 4965 3499 5037 suntgloriantes
3514 4984 3609 5022 su-

1973 5076 1991 5100 ι
2015 5069 2120 5123 per
2136 5051 2341 5105 alienis
2366 5050 2701 5106 laboribus:
2729 5060 3034 5122 sperantes
3049 5060 3244 5107 autem
3262 5054 3522 5110 futurum
3548 5060 3615 5111 ut

1968 5142 2151 5195 «dum
2184 5140 2432 5194 creverit
2464 5140 2608 5194 ﬁdes
2632 5147 2838 5199 vestra.
2874 5142 2934 5195 in
2972 5142 3136 5197 vobis
3166 5144 3617 5216 magniﬁcemur

1973 5256 1991 5279 α
2021 5231 2192 5300 juxta
2235 5228 2493 5300 regulam
2531 5236 2794 5284 nostram
2829 5232 2888 5284 in
2920 5232 3389 5300 exuberantiam,
3422 5239 3486 5287 ut
3542 5233 3617 5287 iis

1969 5343 1994 5368 α
2035 5335 2268 5389 quoque
2287 5318 2627 5389 regionibus
2655 5336 2779 5389 quae
2801 5320 2956 5374 ultra
2972 5338 3068 5375 vos
3084 5328 3222 5377 sunt
3238 5322 3614 5395 Evangelium

1972 5430 1998 5459 ι(
2025 5410 2596 5471 annuntiemus,non
2622 5409 2678 5462 in
2703 5410 3134 5483 alienaregula,
3166 5418 3230 5465 ut
3259 5412 3329 5465 de
3364 5412 3455 5465 his
3489 5429 3621 5481 qum

1971 5520 1998 5547 ‹‹
2024 5503 2227 5568 parata
2245 5504 2383 5553 sunt
2399 5497 2850 5568 gloriemurzsed
2869 5500 2966 5569 qui
2984 5499 3355 5571 gloriatur,in
3376 5502 3624 5558 Domino

1960 5580 2003 5639 ’‹‹
2026 5587 2329 5661 glorietur.
2360 5588 2489 5643 Non
2515 5588 2673 5643 enim
2697 5588 2795 5659 qui
2816 5590 3077 5661 seipsum
3105 5591 3619 5659 commendat,ille

1972 5698 1999 5727 ‹‹
2023 5677 2306 5751 probatus
2339 5676 2557 5746 est,sed
2588 5676 2639 5732 is
2673 5694 2849 5749 quem
2872 5678 3159 5736 Dominus
3192 5681 3629 5742 commendat.»
