4048 6250
197 373 351 433 1041
1080 367 1497 430 COMMEN'I‘.
1546 365 1623 427 IN
1671 363 1927 425 EPIST.
1974 362 2027 421 ll
2072 362 2175 420 AD
2220 358 2587 420 CORINTH.
3464 357 3621 421 1042

273 503 510 562 Μέλλων
575 499 849 576 ἐμϐαίνειν
915 502 991 565 εἰς
1056 501 1184 565 τοὺς
1251 501 1485 565 οἰκείους
1572 499 1846 567 ἐπαίνους,

2033 496 2187 553 680
2218 496 2617 571 Aggressurus
2649 495 2921 568 preprias
2951 495 3182 564 laudes,
3247 494 3435 553 multa
3488 513 3623 554 cor-

197 596 395 670 πολλῇ
445 594 683 673 κέχηται
740 599 809 669 τῇ
869 591 1289 668 προδιορθώσει,
1329 593 1391 646 τὸ
1448 591 1704 668 φορτικὸν
1763 610 1791 643 τ

2024 587 2231 643 :ctione
2263 594 2441 643 antea
2470 605 2613 643 usus
2647 594 2754 651 est.
2790 587 3062 643 devitans
3109 604 3185 643 ne
3235 588 3501 644 odiosum
3534 591 3622 645 vi—

200 685 385 741 δοκεῖν
443 684 679 739 ἐπαινεῖν
732 686 918 739 ἑαυτὸν
1000 682 1343 762 ἀποφεύγων.
1433 681 1525 741 Εἰς
1580 684 1743 735 τοῦτο

2020 685 2209 735 eretur
2241 678 2397 749 quod
2446 677 2718 734 laudaret
2778 679 3059 749 seipsum.
3122 678 3202 731 Ad
3259 678 3370 732 hoc
3419 686 3618 736 autem

200 775 361 830 αὐτὸν
421 776 619 850 ἤγαγεν
653 775 686 842 ἡ
718 780 818 841 τῆς
878 769 1185 836 ὑποθέσεως
1226 771 1451 845 ἀνάγκη,
1511 768 1600 823 καὶ
1655 769 1717 824 τὸ
1769 765 1796 821 ὃ

2016 769 2134 823 uxit
2165 786 2297 823 eum
2333 768 2662 840 argumenti
2690 768 3036 832 necessitas,
3062 784 3195 822 cum
3219 774 3521 823 vereretur
3542 786 3614 827 ne

200 862 373 918 διὲναι
409 865 483 936 μή
519 862 595 925 εἷς
638 859 853 937 βλάϐην
886 866 990 916 τῶν
1024 862 1280 935 μαθητῶν
1308 858 1552 934 γένηται,
1583 859 1645 913 τὸ
1695 858 1793 912 αὐτ

2020 879 2028 912 ι
2062 859 2345 914 damnum
2379 859 2548 913 ﬁeret
2570 858 3017 929 discipulorum,
3045 857 3091 912 si
3118 858 3242 928 ipse
3266 858 3618 927 qnidemde-

207 955 305 1026 μὲν
334 950 775 1021 ἐξευτελίζεσθαι,
834 952 960 1013 τοὺς
1021 948 1078 1005 δὲ
1142 946 1620 1022 ψευδαποστόλους
1679 944 1802 1000 δοκε

2014 954 2171 1018 )ectu
2227 948 2565 1013 haberetur,
2623 947 3065 1018 pseudapostoli
3121 964 3255 1001 vero
3306 947 3612 1018 quidpiam

201 1044 343 1098 εἶναί
420 1062 491 1097 τι.
570 1039 697 1104 Ε’ῗθε
738 1040 1013 1118 ἀνείχεσθὲ
1091 1060 1217 1113 μου,
1293 1039 1478 1117 φησὶν,
1546 1036 1799 1113 ἀφροσύνη

2013 1055 2093 1093 sse
2127 1038 2483 1092 viderentur.
2547 1037 2803 1099 Utinam,
2855 1036 3068 1105 inquit,
3123 1035 3454 1091 toleraretis
3495 1054 3611 1105 me,

197 1138 433 1209 πρᾶγμα
462 1132 552 1186 καὶ
604 1129 760 1207 ἔργον
799 1136 1108 1192 ποιοῦντος.
1165 1153 1194 1181 ‹‹
1227 1127 1401 1185 Ἀλλὰ
1454 1127 1545 1182 καὶ
1603 1124 1795 1201 ἀνὲχεσ

2016 1144 2112 1197 pus
2145 1132 2203 1181 et
2232 1128 2451 1182 factum
2485 1126 2773 1196 insipiens
2804 1130 3264 1196 perpetrantem.
3323 1146 3346 1175 α
3381 1126 3505 1181 Imo
3556 1133 3614 1183 et

198 1243 331 1296 μου.
367 1249 394 1273 υ
431 1219 571 1279 Οἶδα
605 1221 729 1297 γὰρ,
764 1220 950 1298 φησὶν,
984 1220 1068 1275 ὅτι
1107 1219 1349 1295 ἀγαπᾶτὲ
1403 1238 1487 1289 με,
1535 1216 1620 1271 καὶ
1678 1217 1796 1269 πάν·

2015 1219 2229 1274 aeratis
2262 1235 2373 1273 me.
2411 1239 2434 1267 ι)
2470 1218 2606 1273 Novi
2641 1218 2798 1272 enim
2832 1218 2989 1287 quod
3020 1233 3114 1271 me
3140 1217 3406 1289 diligitis,
3431 1218 3532 1284 ait,
3555 1224 3613 1273 et

199 1334 312 1383 μου
337 1311 611 1385 ἀνέχεσθε.
649 1334 674 1361 ‹‹
710 1314 873 1379 Ζηλῶ
902 1309 1002 1384 γὰρ
1033 1310 1190 1379 ὑμᾶς.
1226 1332 1254 1359 ››
1305 1308 1423 1364 Οὐκ
1473 1307 1610 1372 εἶπε,
1667 1306 1797 1359 Φιλί

2013 1310 2161 1364 ninia
2192 1326 2322 1364 mea
2355 1309 2639 1364 toleratis.
2686 1330 2714 1357 «
2748 1310 2891 1362 Nam
2943 1308 3242 1379 zelotypus
3292 1324 3422 1362 sum
3475 1325 3611 1379 erga

188 1399 325 1453 ἀλλ’
357 1400 385 1452 ὅ
431 1404 613 1469 μεῖζον
667 1398 753 1466 ἦν,
825 1422 850 1449 ιι
886 1397 1048 1467 Ζηλῶ
1108 1397 1268 1468 ὑμᾶς,
1306 1419 1332 1445 ››
1391 1394 1544 1471 φησὶ,
1605 1395 1786 1448 τουτέσ

2008 1415 2078 1454 )S.
2114 1421 2141 1448 »
2172 1399 2300 1454 Non
2332 1399 2516 1453 dixit:
2552 1406 2696 1453 Amo
2728 1414 2851 1464 vos,
2892 1397 2994 1452 sed
3044 1397 3201 1468 quod
3250 1398 3444 1469 majus
3499 1404 3606 1465 est,

190 1493 475 1563 περικαῶς
504 1486 670 1567 φιλῶ.
708 1489 844 1541 Εἶτα
869 1485 962 1541 ’ἶνα
996 1490 1069 1558 μὴ
1103 1488 1372 1558 νομίσωσι
1404 1482 1493 1539 διὰ
1530 1484 1599 1539 τὰ
1643 1483 1788 1556 ἁνθρι

2018 1489 2329 1559 Zelotypus
2388 1505 2518 1543 sum
2567 1505 2703 1560 erga
2760 1505 2945 1551 vos,»
2995 1488 3105 1542 hoc
3148 1492 3255 1551 est,
3316 1487 3606 1545 Ardenter

189 1600 346 1645 πινα,
400 1580 508 1632 οἷον
566 1580 829 1652 χρήματα
862 1578 894 1645 ἦ
931 1574 1109 1646 δόξαν,
1166 1575 1307 1630 οὕτω
1386 1574 1563 1649 φιλεῖν
1627 1574 1787 1629 αὐτοῦ

2007 1595 2109 1632 no.
2145 1577 2365 1632 Deinde
2392 1593 2464 1631 ne
2500 1578 2838 1632 existiment
2868 1578 3024 1647 quod
3049 1583 3288 1647 propter
3321 1577 3605 1644 humana,

190 1667 408 1739 ἐπάγει·
448 1692 473 1715 cc
509 1671 640 1722 Θεοῦ
675 1665 852 1737 ζήλῳ,
886 1689 912 1717 »
955 1664 1047 1719 ’ἱνα
1116 1666 1255 1738 ὑμᾶς
1313 1662 1606 1743 ὠφελήσω.
1666 1685 1686 1713 ι
1717 1664 1788 1736 Ἥἰ

2008 1682 2168 1736 empe
2200 1666 2485 1736 pecunias
2513 1672 2614 1721 aut
2644 1666 2913 1738 gloriam,
2958 1665 3040 1719 ita
3070 1665 3228 1734 ipsos
3256 1671 3438 1731 amet,
3466 1666 3606 1721 sub-

200 1751 465 1822 μοσάμην
499 1750 599 1822 γὰρ
635 1750 792 1821 ὑμᾶς.
831 1772 857 1799 ›)
924 1749 1061 1821 Ηρὸς
1118 1751 1216 1816 τήν
1268 1746 1595 1816 Ἐκκλησίαν
1647 1749 1783 1809 ἅπας

2006 1755 2183 1825 lngit:
2223 1778 2242 1804 ιι
2280 1755 2411 1809 Zelo
2444 1756 2569 1809 Dei.
2609 1777 2634 1803 »
2669 1756 2739 1809 Ut
2784 1754 2947 1809 vobis
2992 1755 3231 1825 prosim.
3288 1773 3313 1801 ί(
3348 1754 3604 1825 Adjunxi

190 1839 365 1913 λόγος
404 1838 574 1910 αὐτῷς
606 1838 758 1906 Αὕτη
792 1840 897 1913 γὰρ
957 1839 1091 1909 μετά
1140 1839 1340 1912 γάμον,
1390 1833 1651 1910 παρθένος
1706 1835 1788 1891 ἐστ

2004 1845 2113 1898 nim
2137 1861 2256 1898 vos.
2293 1866 2320 1893 ››
2353 1844 2440 1898 Ad
2498 1844 2819 1898 Ecclesiam
2869 1848 3027 1898 totus
3080 1843 3191 1913 ipsi
3244 1859 3436 1898 sermo
3491 1850 3602 1900 est.

194 1927 499 1995 Μνηστείας
552 1925 609 1982 δὲ
647 1928 674 1981 6
708 1928 892 1999 παρὼν
944 1927 1154 1997 καιρὸς,
1204 1924 1493 1982 παστάδων
1538 1923 1595 1981 δὶ
1648 1926 1674 1980 6
1710 1924 1792 2000 με]

2002 1952 2085 1988 mc
2118 1934 2273 1988 enim
2306 1938 2439 2003 post
2468 1933 2706 2003 nuptias
2738 1933 2894 2004 virgo
2941 1938 3031 1987 est
3058 1948 3070 1995 ;
3105 1948 3370 2003 praesens
3402 1938 3598 1988 autem

191 2016 330 2073 λων·
363 2018 494 2080 καθὸ
528 2016 767 2090 λέγεται,
819 2016 1042 2085 Ἀνέστη
1105 2016 1132 2069 6
1186 2015 1444 2086 νυμφίος.
1497 2020 1632 2069 Ποῖα
1682 2011 1738 2068 δὲ
1781 2035 1789 2048 ι

1998 2040 2184 2094 tmpus
2216 2028 2305 2077 est
2335 2021 2836 2093 desponsationis,
2868 2021 3134 2076 futurum
3164 2037 3299 2075 vero
3352 2022 3596 2078 thalami

193 2105 416 2175 ἔδνα;ἡ
482 2103 737 2181 βασιλεία
790 2110 897 2160 τῶν
959 2105 1219 2180 οὐρανῶν.
1280 2104 1490 2173 Ταύτης
1545 2111 1643 2171 τῆς
1705 2126 1791 2175 μνη

2000 2112 2234 2183 uptialis
2269 2129 2281 2165 :
2315 2116 2609 2181 quatenus
2640 2111 2857 2166 dicitur
2895 2111 3052 2180 quod
3102 2111 3360 2165 surrexit
3410 2111 3598 2181 Spon—

190 2197 368 2256 στεξας
400 2199 491 2249 καί
523 2196 550 2249 6
594 2192 756 2249 Δαυῖὂ
790 2195 1156 2269 προμνήστωρ
1188 2194 1251 2260 ἦν
1302 2191 1501 2267 λέγων.
1554 2194 1788 2247 Ἀκουσο

1999 2219 2050 2256 IS
2079 2201 2144 2256 ‘9.
2167 2204 2445 2267 Quaenam
2478 2206 2676 2256 autem
2708 2206 2798 2256 est
2818 2200 2924 2255 dos
2945 2201 2973 2254 ?
3003 2202 3267 2272 Regnum
3293 2199 3597 2255 caelorum.

189 2285 447 2359 θύγατερ,
482 2282 572 2338 καῖ
608 2282 707 2349 ἴδε,
740 2284 829 2337 καὶ
887 2282 1074 2338 κλῖνον
1135 2283 1225 2345 οὓς
1293 2303 1407 2340 σου.
1472 2282 1574 2339 Καὶ
1621 2282 1780 2343 αὐτὸς

2001 2294 2133 2363 ujus
2167 2293 2344 2348 etiam
2384 2292 2861 2363 desponsationis
2915 2291 3093 2345 David
3154 2290 3597 2361 paranymphus

191 2372 411 2435 Παῦλος
443 2373 807 2449 νυμςιαγωγὸς
846 2371 918 2426 ὥν
969 2369 1169 2446 ἔλεγεν·
1221 2372 1378 2446 ’Υπὲρ
1427 2374 1664 2445 Χριστοῦ
1713 2390 1785 2444 πρ

1999 2388 2075 2437 rat
2105 2398 2236 2436 cum
2272 2382 2528 2436 diceret:
2563 2381 2781 2439 «Audi.
2812 2380 2950 2445 ﬁlia,
2983 2385 3037 2434 et
3063 2378 3212 2443 vide,
3270 2384 3327 2433 et
3374 2378 3597 2434 inclina

193 2458 484 2533 σϐεύομεν,
513 2459 608 2515 ’ἕνα
637 2462 734 2529 τὴν
761 2460 976 2539 νύμφην
1007 2454 1173 2533 λάϐῃ,
1209 2459 1363 2533 φησί.
1395 2459 1613 2514 Τούτων
1673 2458 1791 2513 τύπι

1996 2486 2150 2524 urem
2179 2474 2338 2525 tuam
2365 2468 2429 2521 σο.
2461 2490 2489 2518 ››
2528 2471 2653 2539 Ipse
2687 2484 2921 2538 quoque
2954 2468 3170 2521 Paulus
3202 2483 3335 2521 cum
3368 2483 3594 2537 prouu-

189 2554 256 2622 ἦν
286 2553 353 2607 τὰ
390 2553 512 2623 περὶ
569 2552 658 2604 τὸν
723 2544 995 2624 ’Δϐραὰμ,
1056 2548 1114 2610 ὅς
1175 2545 1369 2603 δοῦλον
1430 2546 1657 2621 ἔπεμψε,
1711 2571 1787 2620 μν·

1994 2575 2056 2613 us
2088 2562 2263 2622 esset,
2297 2556 2566 2612 dicebat:
2601 2579 2628 2606 «
2663 2558 2773 2610 Pro
2805 2556 3031 2610 Christo
3074 2555 3365 2625 legatione
3398 2553 3592 2625 fungi-

191 2640 444 2695 στεύσασι
499 2644 578 2711 τῷ
634 2640 737 2710 υἱῷ
803 2638 1061 2711 παρθένον
1146 2637 1386 2705 ἐθνικήν,
1472 2636 1561 2691 καὶ
1622 2638 1650 2691 6
1707 2638 1789 2691 Θεέ

1993 2665 2079 2701 ιιπ
2097 2649 2161 2712 θι,
2190 2672 2208 2697 ιι
2241 2651 2304 2701 ut
2326 2662 2604 2717 sponsam
2628 2645 3170 2716 acciperet.Horum
3204 2643 3391 2713 ﬁgura
3424 2648 3591 2697 erant

195 2725 406 2801 ἔπεμψε
436 2730 555 2789 τοὺς
586 2729 867 2804 προφήτας
912 2724 1105 2792 πάλαι,
1162 2727 1251 2781 καὶ
1309 2726 1434 2789 τοὺς
1493 2721 1793 2781 ἀποστόλοι

2000 2754 2074 2791 ma
2108 2737 2168 2790 in
2202 2736 2496 2791 Abraham
2528 2736 2923 2805 contigerunt,
2950 2733 3049 2802 qui
3084 2748 3315 2787 servum
3349 2732 3513 2786 misit
3533 2736 3598 2787 ut

196 2818 441 2890 ὕστερον,
474 2816 900 2890 μνηστεύσασθαι
947 2822 1025 2885 τῷ
1085 2818 1194 2888 Titi.)
1248 2818 1347 2885 τήν
1408 2816 1459 2886 ἐξ
1513 2816 1677 2880 ἐθνῶν
1745 2813 1794 2870 ὲκ

1988 2829 2341 2900 esponderet
2385 2827 2505 2882 filio
2566 2843 2670 2881 suo
2728 2826 3016 2897 virginem
3059 2823 3344 2895 gentilem
3378 2824 3444 2877 ⁸³.
3496 2822 3586 2879 Sic

192 2906 444 2975 κλησέαν.
499 2930 527 2956 λ)
586 2912 930 2979 Παραστῆσαι
989 2910 1068 2975 τῷ
1119 2906 1355 2979 Χριστῷ,
1418 2930 1445 2956 ››
1502 2907 1790 2977 Ἐμνηστει

1992 2935 2096 2974 eus
2128 2918 2270 2973 olim
2304 2917 2621 2987 prOphetas
2654 2916 2916 2980 miserat,
2942 2919 3000 2968 ct
3029 2912 3407 2984 postmodum
3439 2928 3584 2983 apo-

183 2998 388 3070 σάμην,
426 2996 609 3073 φησὶν,
644 2996 779 3067 ὑμᾶς
835 3000 916 3066 τῷ
957 2999 1203 3069 Χριστῷ.
1266 2995 1471 3050 Οὐκοῦν
1520 2992 1589 3048 δι’
1634 2994 1781 3049 ἐκεῖνι

1985 3007 2143 3071 bolos,
2174 3005 2272 3077 qui
2306 3006 2450 3059 Filio
2484 3004 2921 3075 desqonderent
2950 3003 3273 3057 Ecclesiam
3298 3002 3583 3073 gentium.

181 3084 364 3155 ζηλῶ,
397 3084 459 3138 ού
491 3082 559 3137 δι’
591 3084 843 3155 ἐμαυτόν.
879 3108 905 3134 ‹‹
940 3079 1230 3156 Φοϐοῦμαι
1280 3080 1337 3137 δὲ
1389 3086 1463 3157 μή
1514 3104 1649 3144 πως.
1684 3107 1713 3134 ››
1767 3087 1779 3138 l

2004 3097 2074 3151 Ut
2105 3096 2388 3167 virginem
2418 3100 2639 3149 castam
2681 3093 3022 3147 exhiberem
3071 3092 3320 3146 Christo.
3362 3114 3389 3139 ››
3437 3092 3575 3162 Ego,

184 3174 285 3247 γὰρ
318 3174 407 3227 καὶ
451 3175 485 3241 ἡ
534 3171 783 3227 ἀπώλεια
832 3171 1083 3244 ὑμετέρα,
1143 3171 1271 3228 ἀλλ’
1323 3174 1350 3227 ὁ
1400 3167 1567 3248 φόϐος
1623 3173 1782 3227 κοινόη

1980 3184 2155 3254 iquit,
2190 3200 2288 3237 vos
2319 3183 2548 3237 Christo
2571 3182 2859 3253 despondi
2887 3198 2899 3235 :
2925 3182 3121 3250 itaque
3146 3186 3386 3250 propter
3407 3180 3578 3235 illum

189 3263 302 3320 Οὐκ
331 3262 684 3342 ἀποφαίνεται
735 3258 791 3316 ’δὲ
856 3262 940 3316 ’ὁτι
995 3260 1337 3337 διεφθάρητε,
1398 3260 1481 3317 ἵνα
1537 3262 1787 3339 ἀναισχυι

1985 3272 2240 3342 alotypus
2281 3287 2432 3335 sum,
2466 3287 2584 3325 non
2617 3276 2857 3341 propter
2884 3285 2978 3322 me
3020 3269 3234 3338 ipsum.
3264 3288 3291 3315 ‹‹
3326 3267 3434 3321 Sed
3458 3284 3583 3323 me-

184 3349 439 3425 τοτέρους
474 3353 705 3425 ποιήσῃ,
740 3348 865 3405 ἀλλ’
896 3346 1224 3427 ἀμφιϐόλως
1259 3351 1421 3425 Λέγει,
1456 3374 1483 3403 ‹‹
1526 3353 1611 3420 Μή
1638 3372 1777 3413 πως.

1985 3378 2044 3417 10
2077 3377 2149 3414 ne
2192 3376 2309 3429 qua
2357 3360 2475 3414 ﬁat.
2516 3382 2542 3407 ››
2593 3362 2737 3413 Nam
2798 3358 2905 3412 etsi
2952 3358 3205 3429 perditio
3255 3363 3447 3411 vestra
3487 3357 3583 3427 sit,

188 3442 283 3497 καί
337 3462 422 3495 τοι
484 3438 865 3517 διεφθαρμένοι
923 3440 1080 3508 ἦσαν.
1142 3440 1244 3497 Καὶ
1301 3441 1401 3514 γὰρ
1468 3440 1710 3503 κάκεῖνος
1768 3462 1786 3494 Ἰ

1992 3466 2143 3503 Lmen
2170 3449 2346 3503 timor
2365 3450 2699 3504 communis
2722 3453 2831 3503 est.
2857 3449 2981 3501 Non
3008 3452 3205 3501 autem
3229 3446 3590 3502 enuntiative

195 3531 415 3604 μεὲζονα
461 3528 846 3604 ἐπηγγείλατο,
904 3529 1075 3603 ἤγουν
1136 3528 1262 3593 τοὺς
1308 3529 1773 3604 πρωτοπλάστους

1994 3539 2123 3592 icit:
2162 3540 2242 3593 Ne
2272 3538 2758 3609 corrumpamini,
2792 3543 2857 3591 ut
2886 3537 3083 3590 minus
3114 3535 3454 3606 pudeﬁant:
3487 3535 3592 3592 sed

176 3617 535 3695 ὅφις,ὥτπερ
597 3618 645 3671 οἱ
688 3614 1126 3691 ψευδαπόστολοι
1183 3617 1432 3679 τούτους.
1486 3620 1727 3674 Δεέκνυσι

1996 3626 2217 3699 nbigue
2248 3627 2640 3697 pronuntiat:
2690 3648 2717 3673 ‹‹
2754 3631 2833 3680 Ne
2884 3642 3001 3695 qua
3049 3626 3169 3691 ﬂat,
3204 3645 3231 3674 »
3286 3625 3425 3679 licet
3467 3624 3594 3695 jam

179 3706 517 3783 γυναικῶδες
551 3708 610 3761 τὸ
662 3707 983 3771 ἀπατᾶσθαι.
1045 3732 1071 3760 ‹‹
1107 3709 1193 3764 Ἐν
1256 3712 1324 3781 τῇ
1384 3706 1694 3784 παδουργίᾳ
1738 3730 1777 3764 α

1996 3716 2205 3786 πιύριί
2240 3721 2427 3770 erant.
2462 3716 2694 3769 Etenim
2721 3715 2821 3768 ille
2847 3730 3082 3785 quoque
3112 3713 3339 3784 majora
3362 3712 3594 3783 pollici-

179 3802 299 3852 τσῦ.
337 3824 356 3845 ι
393 3795 549 3851 Ἀλλ’
576 3794 759 3868 ὥσπερ
790 3798 851 3851 τὸ
880 3796 1015 3850 εἶναι
1048 3803 1350 3871 πανοῦργον
1404 3799 1493 3853 τὸν
1540 3796 1686 3876 ὅφιν,
1737 3820 1777 3854 οι

1994 3823 2038 3859 lS
2072 3812 2178 3867 est,
2214 3822 2480 3875 serpens,
2505 3806 2774 3874 inquam,
2796 3804 3003 3873 primis
3026 3802 3368 3873 parentibus
3387 3817 3592 3871 quem-

185 3885 357 3942 ἔδωκε
398 3890 466 3958 τῇ
524 3886 737 3958 γυναικὶ
805 3883 1155 3962 συγγδώμην,
1225 3888 1397 3948 οὕτως
1458 3885 1582 3942 οὐδὲ
1641 3890 1674 3956 ἡ
1729 3892 1783 3941 τι]

1993 3894 2265 3948 dmodum
2300 3899 2357 3947 et
2405 3893 2498 3947 his
2545 3891 3008 3963 pseudapostoli.
3070 3889 3342 3944 Ostendit
3394 3894 3591 3944 autem

170 3974 347 4049 ψευδα
375 3974 663 4031 ποστόλων
696 3977 876 4048 ἀγάπη
927 3973 1087 4031 δώσει
1151 3977 1299 4048 ὑμῖν.
1356 4001 1382 4026 ι(
1415 3975 1605 4038 Οὕτως
1656 3978 1768 4049 φθαΙ

1990 3982 2355 4053 eceplionem
2411 3998 2539 4036 esse
2594 3981 2966 4035 muliebrem.
3022 4002 3050 4029 «
3083 3979 3352 4033 Versutia
3400 3994 3526 4033 sua.
3560 3999 3588 4027 »

172 4068 242 4122 τὰ
273 4068 523 4136 νοήματα
555 4066 731 4137 ὑμῶν.
766 4090 788 4111 η
823 4066 976 4137 Οἴον,
1013 4069 1312 4140 μετενεχθῇ
1344 4065 1450 4119 ἀπὸ
1505 4071 1605 4133 τῆς
1662 4062 1769 4120 ἁπλ

1993 4070 2057 4125 ed
2098 4070 2598 4140 quemadmodum
2648 4074 2948 4123 versutum
3000 4067 3183 4122 fuisse
3230 4072 3591 4138 serpentem,

167 4175 343 4225 τητος
375 4158 471 4207 τοῦ
506 4158 771 4228 Χριστοῦ,
822 4153 898 4214 εἷς
956 4156 1056 4222 τὴν
1120 4150 1403 4223 δεινότητα
1460 4155 1558 4223 τήν
1618 4148 1765 4223 ἔξωθε

1998 4159 2181 4214 ιΠΙίΘΓί
2215 4159 2446 4214 veniam
2483 4175 2603 4213 non
2638 4157 2863 4219 tribuit,
2895 4157 2978 4212 ita
3026 4172 3218 4226 neque
3263 4155 3596 4227 pseudapo—

178 4245 429 4303 Δείκνυσι
463 4241 536 4313 δὲ,
571 4244 653 4299 ὅτι
686 4242 965 4299 ἀπλάστου
1004 4246 1090 4299 καὶ
1142 4242 1377 4318 ἀφελοῦς
1429 4241 1598 4299 δεῖται
1648 4247 1776 4318 ψυχέ

2004 4248 2235 4303 olorum
2266 4248 2522 4303 versutia
2552 4247 2717 4303 dabit
2742 4246 2925 4302 vobis.
2962 4268 2987 4295 ‹‹
3020 4245 3104 4299 Ita
3134 4251 3599 4316 corrumpantur

174 4337 213 4402 ἡ
238 4334 442 4403 πίστις,
477 4335 651 4389 πάντα
680 4334 861 4388 πίστει
892 4330 1223 4408 δεχομένης,
1258 4334 1346 4386 καὶ
1410 4331 1577 4406 μηδὲν
1629 4331 1770 4389 συλλ

1998 4355 2159 4393 :nsus
2190 4338 2387 4393 vestri.
2424 4359 2451 4387 »
2483 4340 2631 4392 Puta
2670 4343 2733 4391 ut
2788 4336 3220 4392 transferantur
3250 4352 3282 4389 a
3314 4334 3596 4403 simplici-

178 4425 502 4501 γεζομένης-
1866 4423 1909 4456 υ
1948 4432 2066 4483 tate
2098 4428 2312 4482 Christi
2366 4428 2438 4482 ad
2493 4426 2877 4482 calliditatem
2941 4431 3271 4481 externam.
3330 4423 3601 4478 Ostendit

186 4522 383 4571 autem
418 4516 576 4587 quod
609 4516 746 4572 ﬁdei
780 4533 927 4589 opus
960 4516 1037 4571 sit
1068 4516 1269 4571 anima
1295 4516 1427 4572 fuco
1459 4521 1697 4572 carente
1730 4520 1788 4572 et
1819 4517 2073 4582 sincera,
2133 4534 2262 4587 quae
2317 4518 2519 4572 omnia
2576 4516 2691 4571 fide
2736 4516 3005 4585 excipiat,
3058 4520 3115 4569 et
3167 4515 3228 4567 in
3278 4511 3445 4567 nullo
3505 4527 3599 4566 se-

188 4603 460 4659 ducatur.

258 4691 320 4747 Εἰ
388 4693 482 4763 μὲν
531 4693 631 4767 γὰρ
690 4694 718 4747 ὁ
770 4693 1072 4770 ἐρχόμενος
1129 4692 1299 4748 ἄλλον
1355 4697 1567 4764 Ἰησοῦν
1629 4694 1838 4768 κηρύσ·

2023 4696 2169 4751 681
2206 4696 2303 4761 XI,
2333 4698 2387 4749 4.
2425 4699 2556 4750 Nam
2585 4694 2635 4749 si
2662 4697 2707 4749 is
2728 4696 2825 4763 qui
2846 4692 3179 4747 venitalium
3197 4690 3599 4760 Jesumpra’di-

182 4800 265 4834 σει
334 4781 391 4834 ὅν
456 4780 556 4835 οὐκ
620 4780 979 4854 ἐκηρύξαμεν,
1045 4781 1081 4851 ἤ
1143 4786 1357 4853 πνεῦμα
1453 4778 1634 4857 ἕτερον
1694 4779 1780 4855 λαε

1999 4793 2037 4839 ιε
2064 4798 2217 4856 quem
2236 4802 2346 4840 non
2364 4787 2802 4855 praedicavimus,
2838 4790 2934 4837 aut
2954 4786 3000 4837 si
3024 4783 3287 4851 Spiritum
3305 4780 3476 4834 alium
3507 4796 3597 4834 ac-

179 4863 579 4938 6ἀνετε,ὅούκ
637 4866 880 4937 ἐλάϐετε,
930 4871 964 4938 ἢ
1022 4870 1343 4944 Εὐαγγέλιον
1402 4868 1583 4945 ἕτερον
1653 4870 1682 4925 6'
1744 4892 1771 4926 ο

2000 4877 2136 4945 Tpitis
2165 4892 2324 4944 quem
2353 4891 2465 4929 non
2513 4873 2838 4943 accepistis;
2886 4878 2981 4925 aut
3029 4870 3187 4925 aliud
3236 4868 3598 4939 Evangelium

174 4956 453 5027 ἐδέξασθε,
486 4958 674 5020 καλῶς
702 4959 1010 5035 ἡνεὶχεσθε.

1953 4967 2099 5033 quod
2128 4980 2237 5018 non
2266 4966 2596 5033 suscepistis,
2630 4970 2774 5016 recte
2803 4962 3158 5016 sustinentis.

259 5051 408 5109 Τέως
442 5046 679 5103 δείκνυσι
708 5050 835 5111 τοὺς
868 5048 1347 5123 ψευδαποστόλους
1368 5051 1716 5112 ὲπεισάκτους
1752 5050 1845 5105 καὶ

2029 5054 2271 5107 Interim
2305 5052 2563 5107 ostendit
2583 5050 3076 5122 pseudapostolos
3098 5048 3451 5104 adventitios
3473 5063 3566 5102 ess

178 5139 368 5209 ξένους
405 5139 691 5213 ὑπάρχειν.
724 5140 863 5213 “Op:
895 5136 971 5194 δέ.
1006 5140 1121 5196 Οὐκ
1150 5140 1284 5205 εἶπε,
1312 5137 1484 5193 Πλὲον
1509 5162 1563 5194 τι
1588 5137 1776 5194 λαλοῦ‹

2006 5159 2023 5197 ι
2060 5142 2303 5196 aliunde
2333 5146 2808 5211 prorumpentes.
2846 5138 2984 5192 Vide
3010 5144 3209 5193 autem
3263 5135 3420 5208 quod
3480 5150 3604 5189 non

177 5229 281 5284 καὶ
313 5228 412 5301 γὰρ
452 5228 518 5296 ἦν
587 5227 1022 5300 ἐκείνουςξεῗκὸς
1082 5226 1367 5306 φλυαρεῖν,
1426 5228 1514 5282 καὶ
1582 5229 1775 5302 ῥημάτι

2006 5232 2202 5286 ixerit:
2233 5232 2287 5285 Si
2313 5231 2456 5300 quid
2482 5230 2738 5301 amplius
2761 5230 3087 5299 loquuntur
3108 5227 3364 5299 (Etenim
3394 5224 3604 5278 verisi-

182 5315 391 5374 κάλλει
422 5316 699 5391 γοητεύειν
730 5318 857 5380 τοὺς
888 5317 1205 5378 ἀκούονταςο
1238 5315 1386 5371 ἀλλὰ
1424 5338 1587 5391 φησιν
1637 5316 1779 5374 "AIA

2008 5320 2097 5373 iile
2130 5324 2257 5373 erat
2286 5319 2420 5373 illos
2450 5318 2659 5390 nugari
2692 5324 2749 5371 et
2778 5317 3088 5371 verborum
3130 5319 3433 5371 venustate
3483 5310 3606 5367 vel-

184 5407 451 5482 Χριστὸν,
484 5406 673 5480 ἣγουν,
733 5408 794 5461 Ὀ
855 5405 1161 5481 ἐρχόμενος
1212 5406 1655 5482 πλουσιωτέρους
1709 5407 1782 5480 ὑμ

2004 5409 2041 5463 ti
2073 5408 2386 5480 praestigiis
2418 5407 2723 5462 ludiﬁcare
2754 5406 3095 5477 auditores),
3130 5404 3233 5459 sed
3272 5404 3372 5469 ait,
3406 5401 3602 5457 Alium

181 5500 343 5552 ποιεῖ
374 5495 425 5547 ἐν
454 5500 571 5556 τοῖς
605 5502 993 5568 πνευματικοῖς
1026 5495 1383 5570 χαρίσμασιν.
1446 5492 1742 5569 Οὐδὲτερον

2007 5498 2272 5567 hristum,
2306 5498 2418 5551 hoc
2450 5502 2573 5551 est:
2602 5496 2659 5550 Si
2692 5496 2741 5550 is
2774 5496 2874 5566 qui
2906 5496 3065 5550 venit
3086 5495 3329 5549 ditiores
3349 5509 3450 5547 vos
3474 5491 3605 5546 red-

1870 3231 1912 3297 ι’]

272 5673 324 5709 δθ
354 5674 551 5731 Matth.
586 5690 717 5743 xxv,
750 5679 771 5729 1
812 5691 978 5749 seqq.
1054 5674 1103 5711 ⁸ο
1130 5675 1285 5733 Psal.
1318 5692 1463 5748 κων,
1503 5650 1589 5733 [1.
1664 5676 1708 5714 ⁶¹
1740 5678 1870 5735 Cor.

1216 5675 1285 5732 al.
1318 5692 1463 5748 κων,
1503 5650 1589 5733 [1.
1664 5676 1708 5714 ⁶¹
1740 5678 1872 5735 Cor.
1903 5692 1958 5746 ν,
1988 5676 2075 5731 20.
2152 5676 2197 5713 ⁸³
2232 5677 2374 5733 Gen.
2408 5691 2560 5745 xxxv,
2590 5677 2613 5730 1
2650 5689 2814 5747 seqq.
