4048 6250
229 401 389 465 1045

1131 400 1524 463 ΟΟΜΜΕΝΤ.
1573 401 1661 460 ΙΝ
1707 397 1958 459 EPIST.
2006 401 2060 459 Il
2103 402 2207 460 AD
2252 401 2619 462 CORINTH.

3484 401 3640 462 1046

233 555 366 595 esse
395 537 699 592 insolitam
732 537 804 592 ad
829 537 1254 608 perfectionem
1285 535 1648 608 dogmatum.
1682 532 1842 590 Solet
1891 532 2047 590 enim
2078 536 2304 591 novitas
2333 535 2571 592 titillare
2603 553 2670 592 ac
2703 536 3094 609 simpliciores
3126 535 3442 604 attrahere,
3475 534 3639 593 vobis
3679 512 3691 547 ³

234 634 434 684 autem
467 643 541 682 ne
576 627 700 681 hinc
729 625 966 698 quidem
995 626 1224 681 occasio
1252 625 1460 680 relicta
1488 628 1596 679 est.

309 712 612 785 Λογίζομαι
696 713 793 786 γὰρ
874 708 1042 783 μηδὲν

239 800 362 859 λίαν
395 799 736 857 ἀποστόλων.
788 801 854 857 E’.‘
886 799 942 855 δὲ
968 800 1058 854 καὶ
1126 796 1351 870 ἰδιώτης
1408 803 1487 871 τῷ
1536 797 1706 873 λόγῳ,
1759 795 1886 852 ἀλλ’

233 889 298 946 o6
360 893 426 963 τῇ
486 892 730 964 γνώσει.
793 888 949 945 Ἀλλ’
1002 888 1054 944 ἐν
1126 889 1284 944 παντὶ
1344 885 1760 964 φανερωθέντες,
1837 885 1886 942 ἐν

234 986 402 1034 πᾶσιν
462 979 538 1040 εἷς
598 981 754 1052 ὑμᾶς.
786 987 852 1035 'll
903 980 1172 1053 ἁμαρτίαν
1233 979 1466 1049 ἐποίησα
1521 977 1750 1049 ἐμαυτὸν
1789 998 1887 1032 τα-

235 1075 462 1136 πεινῶν,
527 1067 619 1123 *ἱνα
710 1070 864 1140 ὑμεῖς
946 1070 1203 1143 ὑψωθῆτε
1272 1069 1354 1123 ὅτι
1421 1065 1623 1140 δωρεὰν
1676 1067 1738 1122 τὸ
1793 1069 1889 1120 106

237 1147 374 1214 Θεοῦ
453 1157 782 1233 Εὖαγγέλιον
863 1156 1347 1232 εὐηγγελιοσσὶμην
1409 1157 1584 1230 ὐμῖν;
1671 1154 1887 1215 ’Ἂλλας

238 1245 534 1316 ἐκκλησίας
590 1245 881 1315 lac-31mm,
970 1244 1162 1301 λαλὼν
1259 1245 1494 1319 ὀψώνιον
1575 1245 1711 1320 πρὸς
1786 1245 1888 1313 τὴν

240 1335 396 1409 ὑμων
426 1332 716 1403 διακονίαν,
747 1335 839 1389 καὶ
884 1335 1074 1406 παρὼν
1134 1336 1270 1408 πρὸς
1316 1335 1454 1406 ὑμᾶς
1507 1334 1596 1387 καὶ
1664 1333 1888 1406 ὑστερη-

236 1426 371 1494 θεὶς,
415 1425 477 1479 οὐ
507 1422 882 1498 κατενάρκησα
917 1422 1156 1484 οὐδενόςο

315 1515 508 1568 Λνιπον
555 1519 670 1575 τοῖς
713 1513 836 1586 περὶ
901 1513 1098 1588 Πέτρον
1157 1513 1427 1587 συγκρίνει
1487 1512 1887 1577 ἒαυτὸν,τοῦτο

235 1600 406 1672 δεῖξαι
441 1601 631 1670 θέλων,
663 1601 832 1658 ὅτιΕἰ
866 1601 1027 1674 ἐμοῦ,
1061 1601 1217 1678 φησὶ,
1249 1600 1417 1656 πλέον
1452 1599 1615 1666 ἴσασι,
1646 1599 1734 1653 καὶ
1759 1597 1890 1653 ὲκεί-

230 1713 360 1747 νων·
398 1691 470 1753 εἷς
503 1693 600 1758 τήν
627 1692 702 1753 ε”ς
736 1688 936 1746 ἄτοπον
968 1691 1274 1766 ἀπαγωγήν
1338 1691 1514 1767 φέρων
1573 1689 1664 1744 τὸν
1697 1688 1884 1764 λόγον.

228 1784 373 1859 Ὀρα
432 1778 489 1835 δὲ
543 1780 1067 1857 ταπεινοφροσύνην.
1125 1780 1456 1854 Λογίζομαι,
1518 1777 1704 1853 φησὶν,
1779 1777 1889 1831 οἷον

232 1874 499 1946 ὴγοῦμαι.
535 1869 782 1942 Νομίζω,
808 1866 958 1923 οὐδὲν
1001 1868 1392 1948 ἀποφαντικὸν,
1421 1868 1510 1921 καὶ
1553 1867 1662 1941 οὐχ
1699 1864 1888 1927 ἁπλῶς

240 1956 588 2024 ἆποστὸλων,
623 1955 768 2012 ἀλλᾶ
795 1962 903 2011 τῶν
938 1957 1067 2032 ὑπὲρ
1111 1956 1250 2025 λίαν,
1282 1955 1502 2026 Πέτρον,
1560 1955 1650 2009 καὶ
1697 1955 1886 2010 Ἰάκω-

244 2045 362 2113 ϐον,
418 2050 505 2102 καὶ
580 2046 834 2116 Ἰωάννην
895 2046 1311 2120 αἰνιττόμενος,
1369 2049 1537 2099 Τοῦτο
1587 2041 1644 2098 δέ
1700 2064 1886 2118 φησιν,
1921 2083 1966 2147 Β

245 2137 260 2147 .
369 2136 418 2147 --
547 2137 558 2147 .
726 2141 751 2147 _
933 2136 944 2147 .
1051 2133 1170 2147 ..η
1307 2137 1327 2147 ..
1367 2131 1422 2147 κ,
1669 2135 1732 2147 ηη
1833 2132 1845 2147 ,

240 2136 428 2207 ἐπειδὴ
463 2137 661 2192 τούτου
693 2141 787 2189 νῦν
819 2136 1000 2210 χρεία.
1051 2133 1331 2208 Ἀλλαχοῦ
1364 2131 1422 2188 δέ
1451 2151 1636 2212 φησιν’
1669 2135 1768 2195 ’Ὃς
1789 2132 1891 2185 οὐκ

235 2227 353 2300 εἰμὶ
412 2227 594 2288 ἱκανὸς
654 2224 936 2280 καλεῖσθαι
975 2223 1308 2285 ἀπόστολος.
1370 2248 1395 2275 ‹‹
1435 2224 1497 2278 El
1532 2220 1586 2276 δὲ
1611 2221 1700 2276 καὶ
1735 2219 1890 2276 ῗδιώ-

613 2311 666 2331 δι
737 2314 749 2334 Ί
923 2314 934 2330 r
1054 2312 1067 2329 Ί
1381 2311 1390 2328 ο
1648 2311 1661 2328 ο

234 2335 358 2386 της.
397 2341 416 2365 n
453 2318 676 2383 Ἐπειοη
734 2335 782 2369 εν
843 2335 1022 2386 τουτῳ
1051 2312 1552 2380 ενεκαλλωπιζοντο
1616 2329 1668 2364 οι
1700 2307 1891 2382 ψευδα-

240 2403 512 2459 πόστολοι
547 2404 622 2463 εἷς
651 2404 713 2456 τὸ
749 2404 823 2475 μή
857 2403 997 2457 εἶναι
1069 2399 1308 2470 ἰδιῶται,
1371 2398 1634 2454 δείκνυσιν
1687 2400 1769 2454 ὅτι
1828 2399 1890 2453 οὐ

239 2495 425 2571 φεύγει
453 2494 550 2561 τὴν
589 2489 882 2559 ἷδιωτείαν,
911 2490 1055 2546 ἀλλὰ
1116 2491 1206 2546 καὶ
1260 2489 1568 2562 σεμνύνεται
1618 2487 1700 2542 ἐπ’
1732 2486 1889 2561 αὐτῇ.

244 2585 342 2641 Διὸ
374 2583 464 2638 καὶ
496 2582 706 2652 τίθησιν
754 2581 907 2637 αὐτό.
975 2582 1078 2636 Καὶ
1139 2579 1388 2654 ἀλκαχοῦ
1447 2576 1503 2633 δὲ
1531 2582 1692 2633 τοῦτο
1723 2582 1890 2645 ποιεῖ,

250 2672 381 2728 ἔνθα
412 2670 636 2727 δείκνυσι
667 2672 728 2726 τὸ
762 2671 897 2726 εἶναι
935 2671 1118 2750 σοφὸν,
1185 2671 1318 2745 πρὸς
1381 2664 1614 2744 βλάϐην
1672 2669 1730 2722 ’ὸν
1795 2670 1892 2721 106

251 2761 622 2835 κηρὺγματος.
659 2786 686 2813 ‹‹
719 2759 924 2824 Ἦλθον
948 2767 1064 2834 γᾶρ,
1101 2761 1285 2834 φησὶν,
1345 2759 1412 2813 οὐ
1463 2759 1578 2812 καθ’
1611 2758 1890 2833 ὑπεροχὴν

253 2850 428 2924 λόγου
480 2850 685 2925 σοφίας,
738 2849 827 2904 ἳνα
878 2850 953 2921 μὴ
995 2850 1206 2922 κεναυθῇ
1241 2849 1267 2902 ὁ
1299 2845 1544 2922 σταυρός.
1583 2871 1610 2898 ››
1648 2881 1715 2889 -
1747 2871 1774 2897 ‹‹
1803 2850 1893 2918 Τῷ

249 2936 426 3012 λόγῳ.
459 2961 482 2988 n
523 2941 732 3012 [ΦΩΤ.]
782 2939 842 2994 Ὀ
902 2938 1068 3014 λόγος
1129 2937 1217 2991 καὶ
1287 2939 1321 3004 ἡ
1377 2939 1598 3010 γνῶσις,
1654 2934 1752 2990 οὐκ
1809 2934 1888 2988 ἀεὶ

234 3028 306 3082 τὰ
339 3025 471 3080 αὐτὰ
502 3027 647 3102 παρᾶ
695 3031 776 3097 τῷ
830 3025 1095 3097 θεσπεσίῳ
1166 3024 1368 3096 Παύλῳ
1435 3024 1706 3097 σημαίνει,
1764 3016 1894 3078 ἀλλ’

242 3115 416 3172 ἐνίοτε
449 3116 542 3189 μὲν
574 3111 739 3191 λόγον
774 3113 942 3190 λέγει,
982 3114 1045 3169 τὸ
1077 3108 1224 3190 ἔχειν
1275 3114 1524 3189 χάρισμα
1577 3110 1891 3168 διδασκαλι-

241 3206 353 3273 κὸν,
397 3209 598 3280 γνῶσιν
633 3201 710 3272 δὲ,
739 3204 800 3258 τὸ
835 3204 1066 3257 συνιέναι
1102 3204 1196 3275 μὲν
1243 3203 1336 3256 τὸν
1386 3207 1482 3256 106
1538 3201 1895 3276 κηρύγματος

237 3293 429 3369 λόγον,
465 3297 540 3369 μὴ
600 3294 785 3364 μέντοι
842 3289 1094 3347 δ’ὂνασθαι
1139 3292 1229 3346 καὶ
1280 3291 1495 3366 ἑτέρους
1530 3289 1760 3370 ὠφελεῖν
1801 3290 1891 3344 καὶ

236 3382 532 3440 διδάσκειν·
587 3381 756 3438 ἐνίοτε
830 3381 996 3456 λόγον
1061 3382 1154 3454 μὲν
1216 3377 1384 3455 λέγει,
1439 3381 1502 3434 τὸ
1561 3379 1890 3455 ἐγγεγυμνά-

239 3486 362 3539 aen
408 3477 478 3548 τῇ
511 3470 819 3546 Ἑλληνικῇ
881 3469 1062 3547 σοφία,
1115 3467 1284 3542 μηδὲν
1319 3466 1376 3524 δὲ
1425 3476 1524 3538 τῆς
1582 3469 1727 3532 Θείας
1771 3490 1893 3542 μετ-

236 3562 409 3638 έχειν,
482 3561 644 3633 μόνον
703 3558 761 3616 δὲ
808 3559 1338 3632 κατεστωμυλῶοθαι
1375 3604 1389 3628 ,
1439 3563 1635 3635 γνῶσιν
1697 3556 1774 3620 δὲ,
1835 3560 1900 3614 τὸ

244 3650 633 3705 τετελειῶσθαι
665 3649 716 3703 ἐν
759 3653 826 3722 τῇ
886 3649 1068 3728 σοφίᾳ,
1122 3648 1260 3704 ὥστε
1309 3648 1399 3703 καὶ
1458 3647 1616 3703 αὐτὸν
1659 3643 1898 3722 ἀκριϐῶς

282 3739 358 3772 νει
502 3762 514 3772 .
577 3741 590 3758 ε
664 3761 685 3772 -
789 3761 798 3772 .
1027 3739 1039 3754 ε
1139 3740 1165 3758 ν
1416 3739 1479 3770 ’,
1705 3739 1720 3758 κ

251 3761 471 3808 ειοεναι,
505 3762 592 3794 και
635 3739 847 3815 Lege);
899 3740 1078 3794 ἱκανον
1111 3759 1252 3794 ειναι
1311 3737 1578 3793 διδασκειν
1634 3758 1722 3792 και
1765 3740 1906 3813 Χρι-

249 3836 367 3903 στῷ
398 3832 715 3906 προσάγειν.
769 3829 941 3886 Πάλιν
972 3825 1030 3883 δὲ
1062 3827 1338 3903 ἀλλαχοῦ,
1372 3827 1537 3906 λόγον
1589 3830 1681 3902 μὲν
1715 3827 1906 3892 ἁπλῶς

251 3919 329 3981 ὡς
359 3919 628 3992 εἰώθαμεν
659 3918 752 3974 τὸν
789 3919 1143 3995 προφορικὸν,
1176 3921 1372 3993 γνῶσιν
1409 3915 1485 3988 δὲ,
1523 3919 1621 3986 τήν
1684 3917 1736 3972 ἐν
1788 3922 1904 3979 τοῖς

249 4006 520 4084 δόγμασιν
555 4005 788 4077 εἴδησιν.
844 4003 1196 4081 Ηαράδειγμα
1250 4009 1346 4060 106
1373 4005 1466 4078 μὶν
1505 4007 1749 4078 πρώτου,
1789 4026 1810 4055 ιι
1839 4007 1906 4084 ’ῼ

253 4100 348 4174 μὲν
375 4099 478 4173 γὰρ
524 4095 735 4153 δίδοται
769 4097 938 4172 λόγος
972 4097 1182 4171 σοφίας,
1215 4093 1376 4167 ἄλλῳ
1437 4092 1493 4150 δὲ
1553 4094 1720 4169 λόγος
1775 4095 1908 4170 γνώ-

255 4208 416 4248 σειυςο
450 4191 543 4241 106
584 4185 640 4242 δὲ
672 4184 922 4260 δευτέρου
954 4187 1013 4241 τὸ
1043 4190 1136 4239 νῦν
1169 4187 1548 4260 προκείμενον,
1599 4207 1626 4238 ι(
1655 4181 1908 4253 Ἰδιώτης

249 4275 538 4351 τῷλόγῳ,
573 4275 634 4330 οὐ
673 4281 741 4351 τῇ
781 4276 998 4350 γνώσει.
1057 4277 1172 4332 T06
1222 4272 1280 4329 δὲ
1355 4275 1566 4349 τρίτου,
1631 4299 1651 4325 ι
1687 4271 1911 4328 Ἐπλου‹

247 4367 472 4436 τίσθητε
502 4366 552 4420 ἐν
586 4365 752 4436 αὐτῷ,
789 4365 840 4419 ἐν
873 4365 1033 4419 παντί
1074 4362 1226 4438 λόγῳ
1256 4365 1351 4418 καὶ
1383 4363 1526 4437 πάσῃ
1558 4363 1772 4438 γνώσει.
1810 4387 1838 4413 ››

1137 709 1484 786 ὕστερηκὲναι
1561 713 1669 764 τῶν
1756 708 1888 782 ὑπὲρ

2072 715 2164 769 ΧΙ.
2201 718 2251 767 5.
2286 718 2338 768 9.
2375 735 2400 766 α
2426 715 2694 770 Arbitror
2725 715 2885 769 enim
2919 731 3012 768 me
3066 713 3254 769 nihilo
3296 711 3639 770 inferiorem

1998 801 2222 858 «fuisse
2247 804 2480 859 eximiis
2510 804 2814 875 apostolis.
2847 804 3133 859 Caeterum
3168 803 3307 857 licet
3329 804 3639 874 imperitus

1999 913 2027 941 «
2051 909 2475 959 sermone,non
2496 899 2693 948 tamen
2717 893 2981 949 scientia.
3011 893 3228 948 Verum
3248 891 3466 964 ubique
3499 910 3638 948 mu-

1999 981 2244 1036 «nifesti
2268 1000 2472 1037 sumus
2506 983 2564 1037 in
2613 983 2889 1038 omnibus
2940 998 3075 1054 erga
3133 999 3251 1037 vos.
3286 986 3374 1036 An
3407 983 3640 1054 peccavi
3678 990 3684 994 '

2003 1092 2027 1122 c
2057 1071 2350 1142 meipsum
2403 1072 2724 1126 humilians
2756 1077 2819 1126 ut
2845 1089 2942 1126 vos
2991 1071 3425 1136 exaltaremini,
3479 1071 3640 1142 quod

2003 1162 2304 1234 «gratuito
2328 1162 2706 1234 Evangelium
2732 1163 2828 1217 Dei
2847 1161 3288 1232 prmdicaverim
3303 1162 3464 1216 vobis
3487 1160 3644 1215 ?Cas-
3683 1231 3688 1238 ι

1999 1258 2200 1307 «teras
2220 1252 2499 1306 ecclesias
2523 1250 2894 1322 depra-datus
2907 1269 3034 1307 sum
3051 1257 3290 1323 accepto
3310 1251 3381 1307 ab
3401 1251 3520 1306 illis
3543 1250 3642 1305 sti-
3685 1258 3689 1262 ’

2000 1361 2028 1388 ‹‹
2051 1338 2289 1410 pendio,
2311 1354 2424 1409 quo
2438 1339 2980 1394 vobisinservirem.
2999 1340 3066 1392 Et
3093 1354 3226 1393 cum
3242 1338 3393 1409 apud
3418 1352 3520 1391 vos
3547 1351 3641 1391 es-

2000 1450 2027 1477 ‹‹
2053 1445 2178 1482 sem
2203 1434 2260 1482 et
2287 1444 2540 1500 egerem,
2565 1444 2684 1482 non
2705 1443 2990 1482 onerosus
3013 1427 3096 1482 fui
3120 1428 3420 1498 cuiquam.

2071 1517 2354 1588 Deinceps
2380 1519 2550 1571 Petro
2583 1522 2639 1571 et
2663 1517 2732 1570 iis
2765 1518 3021 1588 quicum
3053 1516 3154 1570 illo
3180 1521 3348 1571 erant
3379 1515 3641 1586 seipsum

1998 1613 2321 1677 comparat,
2354 1606 2463 1661 hoc
2485 1605 2797 1661 ostendere
2827 1606 3066 1660 volens:
3129 1606 3184 1660 Si
3244 1621 3359 1669 me,
3426 1603 3640 1675 inquit,

1999 1696 2389 1766 sapientiores
2421 1701 2577 1764 sunt,
2613 1695 2728 1750 illis
2761 1711 2995 1766 quoque
3030 1701 3166 1750 sunt
3200 1695 3590 1766 sapientiores
3623 1707 3638 1746 :

1998 1801 2332 1840 sermonem
2365 1785 2562 1840 ferens
2593 1785 2665 1840 ad
2688 1784 3004 1840 absurdam
3027 1785 3465 1841 deductionem.
3490 1784 3644 1838 Con-
3686 1856 3689 1857 ν

1999 1873 2195 1929 sidera
2224 1880 2421 1929 autem
2445 1890 2623 1945 quam
2655 1873 2962 1928 humiliter
2988 1874 3059 1928 de
3101 1890 3162 1928 se
3203 1874 3436 1928 sentiet.
3470 1870 3644 1928 Arbi-

1999 1969 2140 2026 tror,
2175 1963 2386 2033 inquit,
2420 1963 2529 2017 hoc
2561 1968 2651 2018 est
2681 1963 2974 2029 existimo,
3009 1963 3256 2034 opinor:
3303 1961 3452 2017 nihil
3483 1977 3644 2016 asse-

1998 2070 2155 2107 rens.
2203 2053 2356 2108 683
2408 2053 2486 2106 Ne
2519 2052 2857 2123 vulgaribus
2888 2052 3195 2122 apostolis.
3229 2052 3327 2105 sed
3363 2051 3595 2106 eximiis
3629 2064 3644 2104 :

2003 2141 2558 2208 Petrum,.lacobum
2578 2141 2931 2195 etJoannem
2946 2140 3283 2214 designans.
3307 2141 3425 2194 Hoc
3447 2146 3646 2194 autem

2001 2231 2146 2287 dicit
2171 2232 2328 2302 quod
2361 2247 2486 2286 sese
2519 2247 2676 2285 nunc
2709 2231 2918 2285 offerat
2950 2229 3296 2294 necessitas,
3328 2228 3479 2282 Alibi
3511 2244 3644 2282 vero

2001 2321 2110 2376 ait:
2137 2323 2261 2376 Non
2285 2319 2967 2389 sumidoneusquidicar
2990 2319 3305 2390 Apostolus
3326 2317 3390 2371 ⁸⁸.
3419 2321 3648 2374 «(Σωῐθ-
3677 2326 3685 2331 ’

2000 2428 2132 2466 rum
2168 2411 2306 2465 licet
2335 2410 2647 2481 imperitus
2663 2410 2798 2464 sim.
2829 2431 2850 2458 υ
2886 2409 3174 2472 Quoniam
3208 2409 3268 2463 in
3292 2409 3401 2463 hoc
3431 2407 3645 2480 gloria-
3672 2477 3676 2480 _

1999 2500 2216 2556 bantur
2242 2499 2682 2570 pseudapostoli
2737 2498 2896 2568 quod
2951 2497 3210 2568 imperiti
3251 2513 3372 2551 non
3424 2502 3643 2563 essent,

2001 2588 2260 2644 ostendit
2286 2587 2444 2659 quod
2475 2603 2594 2641 non
2640 2586 2824 2659 fugiat
2865 2586 3245 2658 imperitiam,
3280 2585 3381 2640 sed
3415 2585 3486 2640 de
3517 2586 3648 2656 ipsa

2002 2679 2181 2734 etiam
2211 2677 2495 2750 glorietur
2527 2682 2584 2732 et
2615 2676 2744 2731 ideo
2778 2676 2837 2730 id
2860 2676 3045 2747 ponit.
3082 2675 3235 2730 Alibi
3267 2691 3404 2728 vero
3466 2675 3645 2728 etiam

2002 2769 2114 2824 hoc
2145 2769 2304 2835 facit,
2338 2767 2438 2822 ubi
2471 2766 2735 2822 ostendit
2783 2765 2941 2837 quod
2999 2783 3127 2820 esse
3188 2765 3517 2836 sapientem
3572 2763 3646 2818 ad

2002 2863 2427 2915 nocumentum
2458 2857 2635 2912 faciat
2664 2855 3122 2928 praedicationis.
3169 2878 3194 2904 α
3231 2854 3397 2918 Veni,
3431 2854 3646 2924 inquit,

2002 2965 2120 3003 non
2144 2964 2276 3002 cum
2302 2947 2626 3001 eminentia
2660 2945 2951 3000 sermonis
2979 2949 3036 2999 et
3071 2944 3399 3015 sapientiae.
3431 2948 3497 2997 ut
3525 2959 3647 2997 non

2002 3037 2201 3091 inanis
2214 3035 2496 3089 reddatur
2511 3051 2652 3089 crux
2673 3032 2966 3088 Christi“.
2983 3055 3011 3083 »
3031 3063 3096 3072 —-
3113 3055 3140 3081 ‹‹
3159 3034 3461 3096 Sermone,
3481 3053 3506 3079 ‹‹
3531 3037 3642 3085 etc.

2001 3124 2062 3180 Ὀ
2093 3121 2277 3196 λόγος,
2321 3123 2379 3177 id
2411 3130 2519 3187 est,
2556 3139 2750 3178 sermo
2784 3128 2842 3175 et
2873 3122 2906 3188 ἡ
2957 3124 3178 3193 γνῶσις,
3215 3121 3272 3174 id
3304 3125 3411 3183 est,
3447 3119 3642 3174 scien-

2001 3215 2105 3277 tia,
2140 3229 2261 3268 non
2293 3229 2528 3282 semper
2554 3210 2712 3266 idem
2735 3210 3048 3282 designant
3077 3209 3228 3282 apud
3264 3209 3460 3264 divum
3489 3210 3644 3264 Pau-

2002 3301 2147 3356 lum.
2181 3300 2292 3355 Sed
2324 3299 2620 3354 interdum
2647 3298 2887 3369 quidem
2923 3314 3258 3353 sermonem
3291 3296 3532 3361 habere,
3557 3295 3647 3351 di-

2003 3392 2084 3447 cit
2114 3391 2329 3446 habere
2364 3389 2583 3445 donum
2617 3389 2906 3445 docendi:
2966 3389 3276 3444 scientiam
3305 3404 3440 3443 vero
3474 3387 3650 3443 habe-

2003 3497 2087 3546 re,
2123 3480 2393 3552 designat
2421 3478 2748 3551 intelligere
2779 3478 3020 3549 quidem
3063 3493 3389 3534 sermonem
3432 3477 3651 3549 prmdi-

2011 3571 2282 3633 cationis,
2316 3575 2377 3625 at
2405 3586 2526 3624 non
2559 3586 2732 3641 posse
2764 3569 2910 3624 alios
2943 3569 3404 3640 quoquejuvare
3435 3587 3504 3626 ac
3550 3569 3654 3626 do-

2011 3671 2164 3708 cere.
2199 3656 2453 3709 Rursum
2485 3651 2840 3723 quandoque
2863 3652 3103 3722 quidem
3127 3668 3459 3706 sermonem
3485 3652 3660 3707 habe-

2012 3761 2096 3810 re,
2130 3743 2275 3798 dicit
2323 3742 2710 3797 exercitatum
2765 3740 3007 3810 quidem
3041 3757 3167 3795 esse
3227 3740 3286 3794 in
3320 3741 3656 3796 Graecorum

2013 3831 2326 3902 sapientia,
2359 3829 2462 3884 sed
2487 3828 2636 3883 nihil
2668 3828 2884 3882 habere
2913 3828 2986 3882 de
3009 3827 3224 3894 divina,
3245 3827 3435 3882 solum
3459 3833 3658 3882 autem

2011 3918 2204 3972 verbis
2261 3917 2449 3972 multa
2504 3917 2728 3989 garrire
2777 3933 2789 3970 :
2852 3916 3162 3970 scientiam
3221 3931 3355 3970 vero
3415 3914 3657 3981 habere,

2013 4007 2340 4079 perfectum
2400 4021 2530 4060 esse
2587 4005 2648 4059 in
2697 4003 3028 4075 sapientia:
3065 4009 3129 4058 ut
3158 4009 3217 4058 et
3271 4005 3397 4075 ipse
3457 4011 3658 4060 exacte

2012 4113 2138 4151 rem
2172 4093 2420 4160 noverit,
2450 4099 2508 4148 et
2537 4093 2787 4148 idoneus
2820 4093 2894 4147 sit
2925 4093 3022 4163 qui
3051 4093 3199 4148 alios
3244 4091 3469 4160 doceat,
3499 4099 3558 4148 et
3585 4093 3683 4149 ad

2012 4184 2310 4240 Christum
2342 4182 2612 4239 adducat.
2633 4184 2886 4239 Rursum
2910 4187 3108 4238 autem
3140 4182 3279 4237 alibi
3315 4198 3655 4239 sermonem

2017 4273 2256 4346 quidem
2296 4272 2525 4344 vulgari
2559 4271 2734 4327 modo
2762 4271 2926 4336 dicit,
2960 4270 3136 4326 veluti
3169 4271 3366 4326 dicere
3399 4273 3660 4328 solemus

2018 4362 2420 4434 eloquentiam
2452 4361 2571 4416 sive
2603 4361 3049 4432 expressionem
3081 4360 3392 4416 verborum
3419 4378 3431 4414 :
3468 4362 3660 4415 scien-
3687 4380 3690 4384 '

245 4458 394 4514 tiam
427 4464 626 4514 autem
657 4456 998 4529 dogmatum
1026 4455 1446 4527 cognitionem.
1480 4453 1828 4525 Exemplum
1858 4453 2034 4525 primi
2059 4458 2148 4508 est
2180 4469 2314 4507 cum
2337 4452 2419 4507 ait
2449 4455 2462 4508 ἶ
2500 4473 2525 4500 ‹‹
2561 4451 2705 4506 Huic
2737 4450 2977 4522 quidem
3002 4450 3177 4505 datur
3207 4466 3400 4506 sermo
3432 4451 3661 4522 sapien-

247 4548 370 4610 tiae.
395 4546 496 4602 alii
524 4551 721 4601 autem
747 4561 940 4600 sermo
971 4543 1234 4600 scientiae
1259 4542 1324 4595 ⁸⁸.
1363 4567 1388 4592 ‹‹
1421 4543 1672 4598 Secundi
1704 4559 1862 4598 vero.
1897 4541 2055 4614 quod
2087 4557 2245 4598 nunc
2274 4541 2624 4614 praponitur
2657 4560 2671 4604 ;
2730 4540 3046 4611 Imperitus
3087 4539 3328 4610 quidem
3362 4555 3659 4608 sermone,

254 4637 358 4693 sed
391 4651 511 4691 non
544 4634 812 4690 scientia.
846 4633 1019 4688 Tertii
1055 4638 1252 4687 autem
1281 4649 1293 4686 :
1328 4653 1355 4681 ‹‹
1390 4632 1565 4686 Ditali
1600 4632 1744 4685 estis
1765 4647 1870 4702 per
1899 4630 2094 4702 ipsum
2127 4631 2188 4685 in
2219 4629 2380 4685 omni
2403 4645 2678 4685 sermone
2709 4634 2769 4684 et
2796 4629 2856 4683 in
2891 4628 3053 4683 omni
3087 4628 3336 4683 scientia
3363 4626 3434 4684 ⁸⁷.
3473 4649 3500 4677 ››

329 4747 356 4775 ιι
389 4721 546 4780 Ἀλλ’
575 4719 626 4775 ἐν
658 4721 812 4775 παντὶ
843 4720 1234 4798 φανερωθὲντες
1270 4717 1450 4790 ἐσμέν.
1489 4743 1517 4769 ››
1550 4718 1738 4773 Λείπει
1795 4717 1900 4794 γὰρ
1932 4723 1976 4787 D

248 4814 337 4880 τὸ,
373 4837 400 4865 ιι
432 4812 613 4885 ἐσμὲν,
648 4836 675 4862 ››
727 4813 884 4876 Οἴον,
945 4808 996 4864 ἐν
1029 4809 1188 4863 παντὶ
1230 4807 1673 4884 πεφανερωμένοι
1718 4807 1903 4879 ἐσμὲν.

251 4901 323 4959 Τί
356 4896 414 4954 δὲ
444 4899 868 4976 πεφανερώμεθα
904 4899 1030 4970 ὑμῖν
1057 4916 1070 4966 ;
1097 4899 1217 4951 ’Ὀτι
1249 4894 1402 4952 οὐδὲν
1448 4902 1557 4951 τῶν
1618 4897 1748 4971 ὑπὲρ
1782 4895 1904 4950 λίαν

252 4987 583 5044 ἀποστόλων
635 4988 1018 5062 ὑστερήσαμεν,
1081 4987 1160 5041 ὅτι
1226 4984 1324 5040 οὒκ
1379 4986 1535 5058 ἐσμὲν
1595 4982 1809 5040 ἰδιῶται
1839 4988 1906 5058 τῇ

253 5093 480 5155 γνώσει,
514 5077 639 5132 ἀλλ’
670 5075 848 5131 ἱκανοὶ
881 5073 1088 5146 διδάξαι
1114 5075 1202 5129 καὶ
1257 5080 1544 5130 τελειῶσαι
1601 5073 1652 5128 ἐν
1707 5079 1774 5148 τῇ
1820 5074 1907 5128 πί-

253 5168 503 5236 στει,καὲ
553 5165 742 5227 ἁπλῶς
798 5163 849 5219 ἐν
905 5164 1065 5219 παντὶ
1115 5165 1428 5239 ἐγνώσμεῡα
1489 5165 1632 5236 ὑμῖν,
1693 5166 1781 5217 καὶ
1813 5161 1912 5217 οὐκ

251 5257 401 5314 ἔστιν
434 5253 663 5329 οὐδεμία
699 5255 824 5326 ὑμῖν
859 5251 1120 5328 ἔγκλησις
1153 5254 1272 5317 καθ’
1303 5256 1486 5325 ἡμῶν,
1520 5249 1646 5306 οὐδὲ
1690 5250 1910 5328 ἀγνοίας

249 5345 549 5419 πρόφασις,
579 5345 624 5398 εἰ
660 5345 735 5416 μή
769 5342 870 5418 ἄρα
912 5346 1074 5397 τοῦτο
1141 5341 1402 5415 βούλεσθε
1459 5341 1726 5416 ἁμαρτίας
1782 5339 1913 5415 πρό-

253 5454 418 5514 φασιν
459 5427 670 5501 λαϐεῖν,
702 5432 764 5487 τὸ
799 5428 968 5504 μηδὲν
1002 5425 1188 5486 λαϐεῖν
1222 5430 1321 5502 ἐμὲ
1361 5429 1412 5500 ἐξ
1440 5430 1616 5502 ὕμῶν.
1651 5433 1822 5485 T0610
1856 5427 1913 5485 δὲ

252 5524 526 5601 ἐντρέπων
561 5524 743 5604 φησὶν,
767 5523 1020 5580 ἀντὶτοῦ,
1053 5522 1114 5578 El
1149 5525 1224 5595 μὴ
1250 5519 1351 5598 ἄρα
1399 5522 1463 5576 τὰ
1516 5522 1913 5594 κατορθώματα

335 5727 384 5764 ⁸⁸
412 5729 436 5784 Ι
467 5729 595 5786 Cor.
629 5742 720 5799 xv,
751 5730 804 5785 0.
880 5726 928 5763 ⁸⁵
957 5727 978 5782 Ι
1013 5726 1140 5782 Cor.
1175 5743 1236 5794 ιι,
1274 5729 1322 5781 1.

2088 4743 2113 4773 ιι
2145 4721 2359 4776 Verum
2391 4719 2610 4791 ubique
2658 4718 2956 4773 manifesti
2983 4733 3207 4772 sumus.
3245 4739 3272 4764 »
3321 4718 3464 4772 Nam
3497 4717 3663 4774 deest

2016 4809 2200 4881 ἒσμὶν.
2251 4810 2310 4865 id
2370 4815 2480 4875 est,
2540 4826 2763 4866 sumus,
2814 4826 2846 4864 a
2906 4809 3204 4863 communi
3266 4807 3663 4880 intelligentia

2018 4899 2436 4972 supplendum.
2467 4897 2617 4964 Quid
2648 4905 2737 4954 est
2785 4904 3007 4961 autem,
3057 4898 3121 4952 In
3161 4899 3318 4970 quod
3363 4898 3689 4954 manifesti

2019 5005 2224 5044 sumus
2256 4988 2416 5043 vobis
2445 4987 2472 5042 ‘2
2502 4987 2665 5051 Quod
2708 4988 2769 5042 in
2815 4987 2980 5042 nullo
3011 4987 3326 5042 inferiores
3373 4987 3662 5042 fuerimus

2019 5078 2250 5132 eximiis
2278 5075 2580 5147 apostolis,
2607 5075 2765 5147 quod
2789 5091 2909 5130 non
2939 5063 3690 5146 simusimperitiscientia‘

2020 5165 2124 5222 sed
2157 5165 2353 5220 idonei
2380 5165 2477 5236 qui
2505 5165 2821 5220 doceamus
2840 5170 2898 5218 et
2918 5163 3296 5236 perficiamus
3329 5164 3388 5218 in
3423 5163 3572 5228 fide;
3607 5169 3667 5220 et

2021 5253 2373 5324 simpliciter
2402 5253 2463 5306 in
2513 5251 2789 5308 omnibus
2841 5252 2964 5306 noti
2997 5268 3200 5307 sumus
3231 5250 3393 5306 vobis
3427 5293 3439 5317 ,
3474 5256 3533 5305 et
3587 5243 3682 5306 ne»

2020 5359 2139 5398 una
2168 5341 2409 5412 quidem
2441 5342 2743 5396 accusatio
2803 5347 2893 5396 est
2940 5341 3249 5396 adversum
3305 5357 3434 5408 nos,
3466 5356 3660 5412 neque

2021 5430 2370 5504 ignorantiae
2392 5435 2745 5502 prmtextus:
2773 5430 2886 5485 nisi
2918 5431 3028 5484 hoc
3051 5430 3318 5485 fortassis
3335 5429 3407 5485 ad
3440 5429 3664 5501 peccati

2023 5521 2394 5577 occasionem
2455 5536 2688 5576 sumere
2742 5519 2955 5586 velitis,
3018 5519 3174 5590 quod
3231 5518 3448 5575 nihile.
3495 5518 3664 5574 vobis

1399 5723 1446 5759 ⁸⁸
1474 5725 1498 5779 l
1527 5724 1658 5781 Cor.
1689 5737 1789 5794 xu,
1818 5721 1872 5780 8.
1903 5691 1992 5760 λετ
2015 5721 2042 5778 Ι
2069 5720 2201 5792 Cor,
2232 5735 2271 5788 ι,
2303 5723 2355 5778 5.
