4048 6250
310 316 476 379 1049

1241 318 1632 379 COMMENT.
1683 320 1761 380 IN
1809 319 2057 380 EPIST.
2109 321 2160 381 ll
2206 322 2306 381 AD
2353 323 2723 386 C(JRINTH.

3575 326 3730 387 1050

388 452 487 507 Ἐκ
518 456 618 507 τοῦ
679 450 867 508 αἶπεῖν·
926 448 1251 525 ’Υστέρημα,
1311 448 1545 506 δείκνυσι
1606 448 1772 525 μηδὲν
1840 451 1962 523 ὖπὶρ

2154 457 2234 511 Ex
2268 474 2334 512 eo
2368 458 2524 529 quod
2557 458 2675 513 ait:
2710 456 2875 523 Quod
2909 456 3131 525 deerat,
3166 458 3425 514 ostendit
3456 476 3517 514 se
3576 460 3729 515 nihil

313 540 423 606 τὴν
458 540 756 617 ἀναγκαίαν
786 535 972 594 λαϐὼν
1021 540 1230 614 χρείαν.
1288 540 1572 612 Ἐπεμψαν
1619 537 1676 595 δὲ
1725 541 1872 615 αὖτῷ
1921 542 1972 597 οἱ

321 628 699 698 Φιλιππήσιοι
759 628 853 682 Διᾶ
890 626 1139 683 τοῦτοδὲ
1168 628 1256 682 καὶ
1304 626 1548 701 τοῦνομα
1593 629 1848 695 τὲθεικεν,
1898 630 1973 692 εἰς

322 718 668 790 ζηλοτυπίαν
726 718 921 777 αὐτοὺς
983 717 1365 790 ἰλεημοσόνης
1444 717 1611 796 ἄγων,
1675 744 1701 771 ‹‹
1765 720 1867 777 Καὶ
1923 718 1973 774 ἐν

320 808 484 863 παντὶ
554 802 734 881 ἀϐαρῆ
791 806 1041 879 ἐμαυτόν.
1106 832 1133 859 ››
1191 808 1454 863 Δεὲκνυσιν
1515 807 1599 862 ὅτι
1655 808 1743 863 καὶ
1805 810 1970 884 βάρος

318 898 581 973 ἡγοῦντο,
632 897 727 958 τὰς
776 897 980 975 τροφᾶς
1026 896 1171 969 αὐτῷ
1222 901 1615 971 χορηγοῦντες.
1668 896 1865 960 Καλῶς
1916 897 1973 954 δὶ

316 987 405 1047 τὸ,
443 1009 462 1035 ι
497 987 759 1060 Τηρήσω.
798 1008 820 1036 ι)
866 987 952 1054 Μὴ
1004 986 1108 1061 γὰρ
1156 987 1442 1058 νομίσητε,
1488 985 1642 1066 φησὶ,
1691 987 1854 1040 ταῦτα
1906 1009 1973 1061 με

318 1073 614 1148 εἰρηκέναι,
643 1072 732 1129 ’ἵνα
760 1077 855 1128 τοῦ
888 1072 1087 1129 λοιποῦ
1130 1070 1283 1129 λάϐω
1327 1077 1451 1149 παρ’
1508 1076 1682 1148 ὑμῶν.
1734 1076 1811 1131 Οὐ
1867 1078 1971 1148 μό-

317 1183 415 1217 νον
445 1183 549 1237 γαρ
582 1163 841 1238 ἐτήρησα,
875 1163 1022 1219 ἀλλᾶ
1050 1166 1139 1219 καὶ
1171 1166 1418 1240 τηρήσω.
1455 1190 1481 1215 ‹‹
1516 1167 1699 1221 Ἔστιν
1742 1164 1972 1238 ἀλήθεια

315 1255 558 1327 Χριστοῦ
593 1253 643 1308 ἐν
683 1253 829 1326 ἐμοί.
868 1279 893 1303 η
930 1256 1065 1310 Εἶτα
1098 1253 1192 1309 ’ἱνα
1243 1258 1318 1328 μή
1369 1260 1637 1330 νομῖσωσι
1682 1260 1850 1311 ταῦτα
1893 1257 1971 1311 εἷ-

321 1340 544 1419 ρηκέναι
577 1344 736 1399 αὑτὸν
763 1342 855 1397 ’ίνα
902 1344 1097 1407 αὐτοὺς
1135 1343 1495 1414 ἐπισπάσηται
1545 1347 1681 1419 πρὸς
1730 1346 1791 1400 τὸ
1840 1343 1962 1401 805-

315 1454 431 1495 ναι,
490 1432 674 1512 φησίν·
735 1458 762 1484 ‹‹
822 1436 1004 1489 Ἔστιν
1060 1433 1287 1503 ἀλήθεια
1341 1435 1577 1506 Χριστοῦ
1638 1433 1690 1488 ἐν
1748 1434 1894 1506 ἐμοί.
1938 1458 1968 1488 ››

316 1519 615 1591 τουτέστιν,
651 1522 935 1592 ἀληθεύων
986 1519 1152 1598 λέγω,
1200 1523 1284 1578 ’ὁτι
1334 1526 1367 1593 ἡ
1417 1524 1689 1599 καῦχησις
1738 1526 1898 1597 αὕτη,
1931 1528 1964 1596 ἡ

314 1615 419 1666 τοῦ
456 1612 529 1684 μὴ
561 1606 746 1666 λαϐεῖν
796 1609 1034 1682 δηλαδή.
1097 1613 1377 1691 Καύχησιν
1447 1610 1501 1667 δὲ
1554 1614 1752 1685 ταύτην
1790 1614 1967 1684 καλεῖ,

308 1699 408 1755 ἵνα
444 1702 518 1775 μὴ
550 1702 847 1774 νομίσωσιν
874 1701 1184 1777 ὀργίζεσθαι
1224 1701 1384 1757 αὑτὸν
1435 1702 1520 1776 ἐφ’
1566 1705 1649 1764 οἷς
1699 1702 1798 1758 οὐκ
1839 1702 1967 1759 ἒλα-

2082 545 2237 601 ultra
2268 548 2669 601 necessarium
2706 563 2875 601 usum
2909 547 3227 617 accepisse.
3282 548 3564 602 Miserunt
3623 566 3725 605 au-

2081 640 2199 691 tem
2234 636 2284 689 ei
2318 636 2746 707 Philippenses.
2783 637 3101 706 Propterea
3130 652 3264 690 vero
3297 638 3473 691 etiam
3504 655 3723 693 nomen

2082 724 2539 795 posuit,utipsos
2555 725 2731 779 etiam
2746 723 2817 778 ad
2858 725 3249 795 eleemosyna}
3282 726 3722 783 aemulationem

2082 812 2323 867 duceret
2381 836 2406 861 ‹‹
2442 817 2504 866 Et
2537 814 2596 868 in
2627 814 2902 868 omnibus
2936 831 3006 867 ne
3040 831 3322 869 onerosus
3356 832 3547 871 essem
3597 833 3722 871 ser-

2080 904 2224 958 vavi.
2254 926 2279 950 »
2303 904 2569 959 Ostendit
2596 904 2942 975 quodetiam
2969 922 3118 959 onus
3154 906 3439 960 ducerent
3470 906 3722 963 alimen—

2081 998 2140 1047 ta
2162 992 2272 1064 ipsi
2296 993 2691 1064 suppeditare.
2718 995 2893 1048 Recte
2915 999 3110 1048 autem
3142 994 3408 1048 addidit:
3453 1016 3479 1043 «
3531 999 3719 1067 Atque

2080 1081 2342 1137 servabo.
2381 1104 2405 1129 ››
2437 1084 2514 1137 Ne
2549 1082 2920 1147 existimetis,
2954 1083 3165 1154 inquit,
3203 1100 3295 1138 me
3327 1084 3451 1139 haec
3475 1085 3535 1139 in
3584 1102 3717 1141 eum

2082 1171 2258 1227 finem
2292 1171 2531 1236 dixisse,
2576 1188 2690 1243 quo
2742 1172 3018 1244 deinceps
3068 1172 3353 1244 accipiam
3413 1191 3445 1228 a
3503 1175 3716 1232 vobis:

2080 1278 2199 1316 non
2225 1261 2380 1315 enim
2402 1260 2593 1315 solum
2615 1262 2694 1315 ita
2717 1262 3167 1327 servavi,verum
3222 1263 3401 1317 etiam
3452 1264 3713 1319 servabo.

2081 1373 2108 1399 ‹‹
2132 1353 2231 1404 Est
2251 1351 2462 1406 veritas
2483 1350 2696 1406 Christi
2722 1351 2779 1405 in
2805 1368 2917 1406 me.
2947 1375 2971 1401 η
3030 1351 3251 1407 Deinde
3302 1368 3376 1407 ne
3421 1354 3546 1409 haec
3579 1371 3714 1410 eum

2080 1437 2299 1493 dixisse
2331 1439 2669 1493 existiment
2701 1457 2814 1510 quo
2847 1441 3005 1511 ipsos
3036 1441 3217 1512 magis
3271 1443 3596 1497 attraheret
3643 1444 3716 1498 ad

2078 1526 2360 1593 dandum,
2394 1528 2505 1582 ait:
2542 1549 2569 1577 (ς
2598 1529 2697 1582 Est
2724 1529 2936 1583 veritas
2968 1530 3179 1584 Christi
3205 1530 3264 1583 in
3292 1547 3404 1597 me,
3432 1552 3459 1578 »
3475 1531 3585 1586 hoc
3607 1537 3714 1600 est,

2079 1616 2140 1671 in
2168 1617 2414 1671 veritate
2446 1616 2598 1684 dico,
2632 1616 2786 1687 quod
2836 1618 3106 1689 gloriatio
3164 1619 3311 1684 haec,
3371 1635 3585 1691 nempe
3644 1620 3716 1675 de

2076 1720 2196 1760 non
2227 1705 2591 1777 accipiendo.
2626 1705 3046 1761 Gloriationem
3073 1713 3269 1763 autem
3302 1708 3446 1764 dicit
3500 1725 3573 1764 ne
3622 1727 3715 1765 aro

316 1786 435 1848 ϐεν.
491 1815 519 1843 ‹‹
554 1791 625 1845 Οὐ
682 1793 1035 1870 φραγήσεται.
1072 1814 1098 1842 ι)
1158 1792 1463 1855 Τουτέστιν,
1526 1791 1624 1846 οὐκ
1671 1791 1962 1864 ἐκκοπήσε-

2074 1792 2370 1849 bitrentur
2400 1795 2556 1865 quod
2589 1800 2931 1850 succenseat
2964 1796 3081 1851 illis
3115 1798 3272 1869 quod
3304 1816 3422 1853 non
3453 1801 3720 1871 accepis-

312 1900 429 1949 ται,
462 1876 588 1935 οὑδὲ
619 1876 909 1953 διαλείψει.
945 1885 1067 1941 Πῶς
1101 1876 1158 1934 δὲ
1189 1880 1252 1933 οὐ
1285 1876 1593 1953 διαλείψει;
1629 1879 1672 1934 εἰ
1732 1881 1820 1934 καὶ
1869 1886 1965 1937 τοῦ

319 1968 521 2024 λοιποῦ
555 1969 631 2041 μή
668 1964 834 2042 λάϐῃ.
871 1994 897 2021 ι(
928 1971 1016 2025 Ἐν
1050 1968 1155 2044 ὅλῃ
1189 1972 1257 2041 τῇ
1288 1970 1509 2044 Ἀχαίᾳ.
1548 1992 1573 2018 n
1607 1970 1865 2026 Τουτὲστι
1896 1974 1965 2045 τῇ

321 2057 588 2134 ἐπαρχίᾳ.
628 2060 693 2113 Ἥ
729 2058 871 2127 δτιή
904 2058 1176 2137 καύχησις
1224 2060 1257 2127 ἡ
1310 2057 1715 2133 προσγενομένη
1771 2080 1865 2130 μοι
1913 2059 1966 2114 ἐν

313 2154 435 2210 τοῖς
479 2148 708 2221 κλίμασι
757 2154 855 2214 τῆς
906 2145 1157 2221 ³Λχα“ἓας,
1209 2146 1292 2203 ὅτι
1343 2146 1545 2219 δωρεὰν
1602 2148 1852 2222 ἐκήρυξα,
1904 2147 1965 2203 οὗ

315 2239 672 2314 φραγήσεται.
709 2233 927 2311 Σφόδρα
986 2232 1043 2289 δε
1100 2236 1273 2291 αὐτῶν
1331 2237 1405 2297 ὡς
1465 2236 1695 2291 ἀσθενῶν
1757 2236 1969 2310 κατεγί-

316 2345 518 2389 νωσκε,
550 2326 676 2400 παρ’
711 2324 884 2379 αὐτῶν
945 2326 1019 2395 μὴ
1081 2320 1279 2379 λαϐών.
1343 2325 1407 2380 Εἰ
1466 2326 1568 2401 γὰρ
1629 2324 1715 2380 ἐπὶ
1782 2325 1965 2398 τούτῳ

315 2415 613 2493 ἐκαυχᾶτο,
648 2411 892 2486 οὐδαμοῦ
920 2410 1108 2469 λαϐεῖν
1141 2412 1268 2470 ἔδει.
1322 2415 1385 2470 Εἰ
1426 2413 1482 2467 δὲ
1530 2413 1784 2493 ἀλλαχοῦ
1830 2415 1964 2489 γρά-

316 2525 426 2581 φει,
459 2505 532 2566 ὡς
591 2504 735 2578 παρᾶ
794 2500 1258 2558 εὐσκανδαλίστων
1310 2504 1520 2559 τούτων
1572 2505 1671 2559 οὐκ
1717 2505 1962 2581 εἴληφεν.

318 2594 500 2651 «Ὅτι
544 2593 645 2647 οὐκ
702 2594 893 2668 ἀγαπῶ
962 2593 1121 2665 ὑμᾶς.
1183 2617 1209 2643 ι)
1266 2593 1329 2648 Τί
1389 2593 1518 2661 οῦνς
1582 2602 1757 2666 μισεῖς
1815 2599 1965 2668 ἡμᾶς

321 2682 414 2735 καὶ
448 2679 534 2736 διὰ
558 2687 714 2737 τοῦτο
749 2680 900 2736 οὐδὲν
938 2681 1062 2756 αἰρῇ
1097 2678 1283 2736 λαϐεῖν
1317 2684 1443 2754 παρ’
1491 2686 1691 2757 ἡμῶν;
1724 2685 1784 2741 Ὀ
1835 2686 1964 2747 Θεὸς

329 2768 456 2835 οἶδε,
490 2770 663 2850 φησὶν,
709 2771 793 2825 ὃτι
834 2769 895 2824 οὐ
962 2768 1051 2825 διὰ
1107 2775 1267 2826 τοῦτο
1327 2767 1514 2827 λαϐεῖν
1571 2778 1963 2848 παραιτοῦμαι,

325 2858 467 2914 ἀλλὰ
499 2857 568 2915 δι’
599 2860 629 2915 ὅ
659 2860 829 2934 λέγει.
864 2884 892 2913 (ι
923 2862 992 2918 ’Ὀ
1023 2858 1079 2916 δὲ
1108 2866 1271 2917 ποιῶ,
1310 2886 1330 2914 ι
1370 2863 1519 2917 Πυιῶ
1547 2859 1623 2930 δὲ,
1655 2864 1717 2919 τὸ
1758 2862 1966 2920 ἀδαπα-

316 2969 423 3011 νως
449 2950 698 3023 κηρύξαι,
727 2950 816 3004 καὶ
873 2954 1038 3005 τοῦτο
1097 2951 1178 3005 ἀεὶ
1235 2952 1471 3021 ποιήσω.
1534 2976 1560 3003 ιι
1594 2954 1709 3009 Ἵνα
1750 2953 1963 3027 ἐκκόψω

311 3039 413 3107 τήν
443 3039 720 3117 ἀφορμήν,
755 3061 780 3090 ι
819 3038 1099 3114 Λὲγειτὴν
1157 3039 1352 3105 αἰτίαν,
1406 3037 1476 3094 δι’
1522 3040 1588 3110 ἢν
1637 3041 1698 3096 οὗ
1747 3038 1962 3115 λαμϐά-

309 3148 411 3185 νει.
468 3132 799 3202 Ἐπετήρουν
856 3130 911 3183 οἱ
971 3126 1430 3202 ψευδαπόστολοι,
1486 3130 1575 3184 ἳνα
1632 3131 1678 3186 εἰ
1734 3130 1958 3207 εὕρωσιν

309 3217 471 3273 αὐτὸν
505 3216 794 3295 εἰληφότα,
828 3218 1083 3296 ἀφορμήν
1122 3216 1407 3289 λοιδορίας
1438 3219 1499 3274 τὸ
1525 3226 1753 3294 πρᾶγμα
1800 3223 1963 3291 110115-

310 3328 535 3365 σωνται,
570 3308 821 3363 Ἐκείνων
855 3308 944 3363 οῦν
977 3310 1075 3376 τήν
1116 3310 1371 3388 ἀφορμήν
1423 3308 1761 3384 βουλόμενος
1808 3309 1966 3365 ἐκκό-

316 3400 434 3470 ψαι,
469 3396 649 3473 φησίν
685 3423 712 3448 ‹‹
744 3398 854 3452 Ἵνα
885 3397 937 3450 ἐν
969 3398 1014 3470 ᾦ
1038 3402 1368 3473 καυχῶνται.
1406 3421 1432 3449 »
1465 3400 1624 3474 Τάχα
1654 3399 1744 3453 καὶ
1792 3401 1853 3454 τὸ
1888 3400 1963 3472 μὴ

313 3479 507 3540 λαϐεῖν
540 3485 905 3559 ὑπεκρίνοντο,
940 3482 1027 3540 διὰ
1057 3492 1218 3541 τοῦτο
1251 3487 1353 3542 οὐκ
1382 3488 1551 3554 εἶπεν,
1585 3490 1674 3545 Ἐν
1700 3489 1744 3561 ᾧ
1776 3494 1968 3544 ποιοῦ-

316 3596 424 3637 σιν,
456 3572 583 3631 ἀλλ’
614 3576 699 3631 Ἐν
747 3573 791 3647 ᾦ
843 3580 1161 3654 καυχῶνται
1242 3602 1268 3627 ι(
1309 3576 1581 3650 Εὑρεθῶσι
1636 3578 1816 3641 καθὼς
1874 3578 1964 3633 καὶ

309 3666 500 3738 ἡμεῖς.
539 3692 559 3718 ιι
597 3667 725 3722 Εἶτα
755 3665 844 3720 καὶ
893 3663 1150 3721 πλούσιοι
1202 3663 1351 3729 ὅντες
1402 3668 1453 3721 οἱ
1502 3665 1964 3741 ψευδαπόστολοι,

314 3752 467 3809 οὐδὲν
522 3750 852 3827 ἐλάμϐανον,
910 3755 999 3809 καὶ
1058 3754 1145 3810 ἐπὶ
1202 3756 1380 3827 τούτῳ
1445 3757 1783 3835 ἱκαυχῶντο.
1843 3760 1965 3815 Ἵνα

317 3841 565 3916 οῦνένῷ
624 3849 963 3920 καυχῶνται,
1022 3844 1073 3899 ἐν
1132 3850 1213 3918 τῷ
1265 3847 1338 3917 μὴ
1397 3840 1716 3918 λαμϐάνειν,
1776 3848 1963 3926 φησὶν,

314 3933 607 4008 εὕρεθῶσιν
634 3935 820 4008 ὅμοιοι
848 3936 1032 4008 ἡμῶν,
1060 3935 1150 3989 καὶ
1186 3935 1259 4007 μή
1312 3932 1478 3989 πλέον
1528 3936 1687 4005 ἡμῶν
1734 3929 1958 4011 ἔχωσιν.

314 4024 561 4077 Ἀτοπον
618 4023 719 4099 γὰρ
780 4022 855 4086 εἷς
904 4024 972 4078 τὰ
1026 4021 1172 4079 ἄλλα
1225 4021 1679 4098 ἐλαττουμένους,
1735 4024 1843 4098 ᾦδε
1900 4028 1961 4081 τὸ

316 4107 482 4163 πλέον
510 4102 679 4188 ἔχειν.

2076 1889 2182 1939 set.
2218 1907 2241 1931 υ
2273 1884 2899 1956 Noninterrumpetur,
2932 1909 2955 1933 ››
2980 1887 3092 1941 hoc
3125 1892 3231 1951 est,
3273 1904 3388 1943 non
3444 1895 3716 1960 amputa-

2074 1972 2389 2037 bitur,non
2417 1973 2670 2028 deﬁciet.
2697 1975 2999 2039 Quomodo
3035 1981 3230 2031 autem
3277 1994 3394 2031 non
3429 1977 3662 2033 deﬁciet
3692 1979 3719 2033 ?

2075 2062 2121 2117 si
2154 2080 2227 2118 ne
2259 2063 2319 2117 in
2352 2068 2650 2134 posterum
2687 2063 2925 2134 quidem
2955 2065 3222 2136 accipiat.
3280 2088 3305 2113 ››
3352 2067 3417 2119 In
3470 2068 3721 2139 regioni-

2075 2151 2183 2206 bus
2216 2152 2469 2207 Achaize.
2509 2174 2534 2200 >~
2567 2152 2628 2207 Id
2660 2160 2766 2216 est,
2813 2153 2871 2207 in
2929 2159 3050 2208 tota
3104 2155 3336 2209 Achaiae
3396 2157 3715 2226 provincia.

2075 2244 2189 2295 Aut
2212 2240 2366 2312 quod
2388 2242 2659 2311 gloriatio
2686 2259 2815 2313 quae
2842 2243 2985 2297 mihi
3009 2245 3257 2298 accessit
3286 2244 3345 2299 in
3378 2245 3717 2316 regionibus

2074 2330 2312 2384 Achaire
2338 2330 2496 2400 quod
2522 2331 2704 2402 gratis
2736 2332 3176 2402 praedicaverim
3228 2350 3347 2387 non
3398 2334 3720 2390 interrum-

2041 2447 2054 2457 -
2073 2420 2666 2489 petur.Vehementer
2686 2426 2881 2474 autem
2908 2421 3176 2475 infirmos
3201 2438 3299 2476 eos
3321 2430 3561 2478 noverat
3584 2441 3717 2479 cum

2075 2507 2146 2561 ab
2174 2508 2316 2578 ipsis
2348 2523 2466 2562 non
2501 2509 2811 2579 acciperet.
2848 2511 2989 2563 Nam
3024 2510 3069 2564 si
3101 2511 3160 2564 in
3211 2511 3320 2566 hoc
3377 2513 3717 2583 gloriaban-

2072 2602 2190 2662 tur,
2216 2603 2371 2653 certe
2394 2614 2511 2652 non
2534 2599 2840 2668 oportebat
2865 2600 3131 2670 accipere
3157 2616 3169 2653 :
3207 2616 3551 2671 quanquam
3608 2603 3720 2657 ali-

2074 2687 2129 2742 bi
2155 2688 2360 2743 scribit
2382 2688 2538 2759 quod
2560 2689 2630 2743 ab
2650 2689 2739 2743 his
2765 2690 2864 2761 qui
2890 2690 3060 2745 facile
3109 2691 3564 2748 offendebantur
3595 2710 3715 2749 non

2073 2778 2367 2849 acceperit
2400 2797 2412 2833 :
2454 2802 2472 2827 σι
2510 2781 2597 2833 An
2630 2779 2787 2849 quod
2818 2796 2934 2833 non
2995 2779 3233 2852 diligam
3292 2798 3389 2834 vos
3414 2782 3441 2836 ‘2
3504 2804 3526 2830 ›Δ
3562 2783 3713 2848 Quid

2074 2885 2210 2941 ergo
2231 2868 2451 2922 ‘Iodisti
2475 2885 2603 2926 nos.
2639 2874 2697 2923 et
2745 2874 3015 2939 proterea
3058 2886 3175 2924 non
3227 2871 3309 2925 vis
3359 2872 3582 2927 anobis
3614 2890 3714 2929 ac-

2074 2958 3061 3029 cipere?Deusnovit,inquit.quod
3104 2976 3222 3013 non
3264 2961 3335 3015 ob
3382 2961 3439 3014 id
3466 2961 3718 3018 devitem

2073 3046 2489 3117 acciperezsed
2518 3046 2837 3117 propterid
2865 3046 3022 3116 quod
3068 3048 3388 3119 subjungit.
3439 3071 3465 3097 ‹‹
3504 3051 3718 3106 Verum

2075 3136 2230 3207 quod
2254 3135 2422 3190 facio.
2448 3160 2466 3181 υ
2495 3136 2664 3189 Facio
2684 3137 2809 3190 sine
2834 3143 3071 3207 sumptu
3095 3137 3491 3208 prmdicando,
3519 3144 3577 3193 et
3606 3141 3716 3195 hoc

2074 3240 2309 3295 semper
2338 3223 2569 3278 faciam.
2609 3247 2633 3273 «
2668 3225 2739 3279 Ut
2769 3229 3069 3296 amputem
3097 3226 3490 3281 occasionem.
3524 3250 3551 3276 ››
3577 3229 3719 3284 Cau-

2075 3329 2200 3368 sam
2246 3312 2389 3368 dicit
2419 3330 2601 3385 quare
2651 3330 2769 3368 non
2828 3313 3097 3385 accipiat.
3132 3315 3527 3372 Observabant
3557 3319 3717 3374 enim

2075 3402 2539 3475 pseudapostoli,
2573 3403 3242 3459 886utsiinvenissent
3284 3406 3441 3477 quod
3467 3407 3591 3477 ipse
3614 3424 3712 3463 ac-

2075 3492 2348 3565 cepisset.
2382 3509 2505 3547 rem
2540 3493 2729 3564 ipsam
2789 3494 3008 3548 faceret
3065 3510 3267 3550 ansam
3322 3497 3713 3554 conviciandi.

2074 3581 2612 3654 Volensigiturillis
2626 3588 2931 3654 amputare
2946 3585 3337 3650 occasionem,
3364 3586 3473 3639 ait:
3500 3608 3527 3633 «
3554 3587 3625 3641 Ut
3654 3587 3717 3641 in

2075 3670 2226 3725 eoin
2253 3687 2367 3741 quo
2398 3671 2744 3743 gloriantur.
2807 3692 2831 3721 »
2893 3674 3184 3727 Fortassis
3243 3674 3421 3727 etiam
3478 3690 3538 3728 se
3594 3692 3715 3731 non

2074 3761 2342 3830 accipere
2398 3760 2735 3831 ﬁngebant:
2794 3768 3065 3831 proterea
3119 3779 3240 3816 non
3297 3762 3487 3816 dixit:
3548 3764 3613 3816 In
3646 3780 3713 3819 eo

2075 3849 2231 3920 quod
2261 3849 2485 3903 faciunt
2537 3849 2639 3903 sed
2675 3872 2701 3900 ι‹
2735 3852 2800 3904 In
2859 3867 2925 3904 eo
2980 3852 3039 3904 in
3099 3868 3214 3922 quo
3272 3851 3617 3923 gloriantur.
3684 3874 3712 3901 »

2074 3967 2138 3977 —
2174 3957 2195 3983 α
2232 3937 2625 4007 Reperiantur
2654 3939 2807 3992 sicut
2838 3944 2897 3994 et
2952 3955 3079 3993 nos.
3145 3960 3171 3989 ››
3232 3946 3522 3995 Praeterea
3579 3957 3713 3996 cum

2073 4026 2280 4082 divites
2304 4033 2500 4082 essent
2542 4027 3004 4098 pseudapostoli,
3038 4028 3188 4083 nihil
3236 4029 3623 4100 accipiebant,
3659 4036 3715 4085 et

2074 4116 2777 4188 inhocgloriabantur.Ut
2800 4117 3015 4189 ergoin
3065 4134 3133 4172 eo
3186 4119 3245 4173 in
3296 4135 3410 4189 quo
3442 4119 3710 4192 glorian-

314 4206 413 4255 tur
441 4201 595 4272 quod
621 4217 742 4256 non
773 4202 1086 4273 accipiant,
1115 4202 1328 4273 inquit,
1361 4202 1737 4274 reperiantur
1767 4203 1993 4261 similes
2024 4205 2213 4267 nobis,
2251 4211 2306 4259 et
2337 4205 2485 4260 nihil
2516 4222 2695 4277 supra
2749 4223 2857 4261 nos
2906 4206 3179 4262 habeant.
3244 4207 3557 4280 Indignum
3616 4216 3713 4267 est

315 4290 492 4356 enim,
522 4307 657 4347 cum
690 4291 749 4346 in
777 4291 1005 4346 caeteris
1037 4291 1154 4347 sint
1185 4291 1518 4357 inferiores,
1551 4292 1598 4347 si
1631 4293 1691 4349 in
1717 4293 1828 4349 hoc
1858 4300 2057 4351 essent
2087 4295 2445 4367 superiores.

384 4379 447 4435 Οἱ
531 4379 631 4453 γαρ
717 4382 986 4447 τοιοῦτοι,
1065 4376 1525 4452 ψευδαπόστολοι,
1586 4380 1806 4455 ἐργάται
1868 4378 1962 4436 δό-

2137 4386 2231 4452 ΧΙ,
2272 4386 2446 4442 13-15.
2484 4407 2509 4435 ι(
2543 4386 2843 4458 Siquidem
2877 4385 3209 4443 istiusmodi
3269 4387 3712 4457 pseudapostoli

314 4466 451 4535 λιοι,
533 4470 1144 4544 μενασχηματιζόμενοι
1230 4470 1306 4532 εἰς
1405 4469 1753 4537 ἀποστόλους
1826 4473 1960 4546 Χρι-

314 4561 462 4613 στοῦ.
499 4556 601 4612 Καὶ
678 4557 739 4611 οὐ
815 4558 1140 4631 θαυμαστόν.
1216 4558 1389 4621 Αὐτὸς
1466 4559 1569 4635 γὰρ
1648 4561 1675 4614 ό
1725 4566 1960 4623 Κατανᾶς

318 4647 858 4721 μετασχηματίζεται
932 4645 1007 4707 είς
1081 4645 1307 4723 ἄγγεκον
1384 4648 1584 4725 φωτός.
1662 4648 1739 4706 05
1827 4649 1960 4724 μέγα

312 4736 428 4802 οὗν,
506 4736 549 4791 εἰ
627 4736 717 4791 καί
802 4734 1040 4791 διάκονοι
1133 4736 1298 4792 αὐτοῦ
1394 4739 1959 4813 μετασχηματίζονται

312 4827 386 4887 ὡς
445 4824 684 4881 διάκονοι
736 4822 1107 4896 δικαιοσύνης,
1164 4826 1239 4881 ὧν
1284 4826 1345 4881 τὸ
1403 4825 1560 4890 τελος
1618 4822 1765 4883 ἔσται
1822 4830 1959 4885 κατᾶ

304 4916 372 4970 τὰ
401 4910 529 4989 ἔργα
560 4914 754 4970 αὒτῶν.

380 5003 449 5061 Τί
512 5001 729 5080 λέγεις;
788 5003 839 5057 οἱ
898 5003 989 5058 τὸν
1047 5003 1277 5077 Χριστὸν
1333 5003 1693 5074 κηοόσσοντες
1746 5005 1836 5060 καὶ
1891 5007 1954 5061 τὸ

307 5090 641 5168 Εὖαγγὲλιον
698 5088 865 5165 (οὕτω
917 5094 1017 5168 γαρ
1074 5088 1184 5146 ἄνω
1249 5093 1372 5167 περὶ
1452 5094 1625 5148 αὐτῶν
1686 5092 1951 5169 εἴρηκας),

310 5179 745 5257 ψευδαπόστολοί
775 5181 916 5249 sim;
966 5179 1089 5251 Ναὶ,
1141 5182 1295 5258 φησί.
1345 5183 1527 5239 Ταῦτα
1571 5183 1673 5258 γὰρ
1724 5184 1952 5259 ὑποκρι-

308 5273 529 5343 νόμενοι
560 5269 611 5324 ἐν
660 5274 739 5342 τῷ
797 5274 1029 5347 φανερῷ,
1073 5268 1245 5346 λάθρα
1301 5270 1489 5325 ἀνόσια
1536 5275 1950 5354 παρεισφέρουσι

303 5360 573 5437 δόγματα.
657 5386 676 5409 ι
713 5358 965 5433 Ἐργάται
1041 5355 1223 5414 δόλιοι
1320 5383 1349 5410 ››
1428 5360 1776 5435 Ἐργαζονται
1824 5361 1950 5437 γὰρ,

300 5448 425 5505 ἀλλ’
500 5449 778 5502 ἀνασπῶσι
852 5448 919 5501 τὰ
991 5446 1175 5507 καλῶς
1250 5447 1645 5526 πεφυτευμένα,
1721 5451 1799 5505 Τὸ
1845 5452 1946 5526 γὰρ

301 5543 646 5615 προσωπεῖον
724 5537 1055 5599 ὕπεισιόντες
1133 5539 1229 5605 τῆς
1306 5536 1590 5608 ἀληθείας,
1633 5538 1807 5603 οὕτως
1849 5542 1948 5611 τὴν

302 5622 517 5705 βλάϐην
552 5626 896 5704 ἐργάζονται,
927 5626 1016 5682 καὶ
1047 5632 1242 5703 σχῆμα
1295 5626 1665 5702 περικείμενοι
1712 5627 1948 5686 ἀποστό-

1133 4736 1298 4792 αὐτοῦ

2072 4497 2098 4524 ‹‹
2134 4479 2291 4544 sunt,
2325 4492 2391 4529 ac
2425 4476 2679 4547 operarii
2711 4476 2920 4537 dolosi,
2983 4481 3041 4532 et
3094 4477 3590 4548 transﬁgurantur
3648 4477 3709 4532 in

2073 4586 2101 4614 «
2134 4564 2430 4635 apostolos
2465 4566 2697 4621 Christi.
2736 4569 2915 4636 Atque
2948 4565 3104 4620 haud
3152 4566 3391 4631 mirum,
3441 4566 3710 4636 quando-

2070 4675 2097 4702 ιι
2132 4655 2372 4724 quidem
2404 4655 2529 4726 ipse
2560 4656 2807 4710 Satanas
2828 4655 3285 4727 transﬁguratur
3312 4655 3374 4709 in
3431 4655 3708 4727 angelum

2070 4763 2097 4792 «
2131 4741 2297 4797 lucis.
2334 4746 2457 4799 Non
2490 4761 2765 4815 magnum
2798 4751 2884 4799 est
2916 4745 3093 4817 igitur
3123 4746 3169 4799 si
3192 4751 3249 4799 et
3271 4745 3523 4800 ministri
3548 4745 3707 4802 illius

2068 4854 2095 4883 ‹‹
2126 4833 2621 4904 transﬁgurentur
2653 4834 2818 4904 quasi
2854 4834 2971 4888 sint
3000 4835 3256 4889 ministri
3281 4834 3707 4907 justitiae,quo-

2067 4943 2095 4972 «
2124 4939 2252 4976 rum
2289 4922 2425 4976 finis
2457 4921 2571 4975 erit
2593 4923 2764 4992 juxta
2794 4939 2973 4993 opera
3004 4922 3264 4978 illorum.
3303 4945 3329 4970 »

2136 5010 2285 5075 Quid
2318 5010 2452 5065 ais?
2482 5027 2554 5065 an
2587 5012 2686 5082 qui
2719 5011 3013 5066 Christum
3046 5011 3371 5082 praedicant
3416 5017 3473 5066 et
3527 5014 3706 5067 Evan-

2064 5099 2284 5171 gelium
2317 5100 2476 5172 (nam
2509 5102 2588 5154 ita
2648 5100 2920 5172 superius
2977 5100 3048 5155 de
3108 5101 3253 5171 ipsis
3311 5100 3544 5155 locutus
3593 5101 3703 5171 est)

2061 5188 2505 5261 pseudapostoli
2537 5189 2713 5244 sunt?
2746 5190 2974 5259 Utique,
3012 5189 3237 5259 inquit:
3274 5190 3397 5243 haec
3421 5190 3577 5243 enim
3602 5206 3705 5260 pa-

2060 5277 2178 5333 lam
2207 5277 2576 5343 simulantes,
2611 5278 2837 5333 occulte
2871 5279 3052 5349 impia
3084 5278 3260 5331 simul
3289 5278 3543 5332 afferunt
3560 5278 3698 5351 dog-

2058 5373 2235 5423 mata.
2271 5390 2299 5416 «
2333 5368 2595 5438 Operarii
2628 5368 2838 5423 dolosi.
2897 5390 2923 5415 ››
2972 5368 3306 5438 Operantur
3363 5368 3543 5432 enim,
3597 5370 3699 5423 sed

2058 5454 2493 5526 revelluntqure
2509 5462 2665 5512 recte
2684 5456 2947 5527 plantata
2962 5462 3145 5520 erant,
3181 5455 3473 5527 siquidem
3492 5473 3697 5527 perso-

2056 5560 2195 5603 nam
2213 5544 2707 5612 veritatisinduti,
2746 5544 2824 5600 ita
2846 5550 3268 5601 nocumentum
3312 5551 3607 5614 exercent,
3642 5550 3699 5601 et

2055 5634 2261 5692 habitu
2292 5637 2693 5709 apostolorum
2727 5637 2924 5694 amicti
2974 5637 3249 5710 pelleque
3290 5638 3478 5704 ovina,
3539 5638 3695 5694 intus
