4048 6250
445 363 595 447 1051

1559 355 1969 427 (ECUMENII
2017 353 2324 415 TRICCA‘Z
2371 353 2716 414 EPISCOI’I

3661 365 3771 426 ill-'02

442 499 569 571 lupi
602 504 756 556 sunt.
788 501 829 554 Τ
833 499 1303 570 ransﬁgurantur
1333 500 1508 554 veluti
1546 499 1826 570 magister
1883 507 2077 550 eorum

2200 486 2339 555 λων,
2380 485 2469 541 καὶ
2528 483 2689 561 δοράν
2746 484 3019 562 προϐάτου
3079 493 3466 566 ἠμφιεσμένοι·
3525 495 3661 552 λύκοι
3705 500 3782 556 εἶσὶ

440 588 914 658 transﬂguratur,
948 587 1081 642 ideo
1114 588 1292 642 etiam
1325 589 1526 644 multis
1559 586 1812 658 imponit
1847 601 1858 638 :
1912 598 2076 638 cum-

438 695 551 749 que
580 676 826 747 angelus
858 677 934 730 sit
964 677 1347 732 tenebrarum
1383 685 1662 748 tanquam
1697 675 1939 747 angelus
1987 672 2082 727 lu-

438 767 522 822 cis
555 766 919 837 conspicitur
950 766 1163 821 fallens
1197 773 1489 838 aspectus.
1542 791 1567 816 ‹‹
1614 769 1741 821 Non
1799 779 2081 836 magnum

438 863 528 912 est
557 856 753 924 igitur.
791 878 817 905 ››
848 857 992 910 Nam
1027 856 1072 910 si
1105 857 1247 926 quid
1279 857 1557 912 admirari
1617 860 1870 928 oportet,
1933 851 2082 907 illud

437 945 829 1001 admiratione
862 945 1100 1016 dignum
1137 953 1222 1000 est
1254 946 1548 1016 quomodo
1580 945 1850 1000 diabolus
1879 943 1936 997 in
1961 949 2082 996 tan-

434 1042 559 1092 tam
592 1034 927 1105 proruperit
957 1034 1286 1089 audaciam.
1319 1067 1385 1076 οε-
1419 1038 1542 1090 Non
1576 1040 1684 1100 est,
1717 1033 1932 1103 inquit,
1977 1031 2083 1086 ad-

436 1123 794 1180 mirandum.
829 1125 1018 1189 Quare
1051 1124 1076 1177 ‘I
1113 1125 1259 1188 Quia
1317 1124 1536 1179 debent
1593 1124 1832 1178 omnino
1865 1121 2083 1194 magis-

435 1218 593 1268 trum
626 1213 867 1273 imitari.
901 1213 1003 1284 qui
1035 1230 1171 1268 cum
1203 1213 1450 1285 angelus
1482 1213 1558 1267 sit
1589 1203 1986 1275 tenebrarum,
2016 1209 2078 1264 fi-

434 1307 679 1374 guratur
709 1301 876 1371 quasi
909 1307 1064 1355 esset
1107 1301 1355 1372 angelus
1413 1301 1582 1355 lucis.
1646 1322 1672 1349 ‹‹
1733 1299 1907 1364 Quasi
1966 1298 2085 1353 sint

429 1390 982 1460 ministrijustitiaa.
1020 1413 1048 1440 »
1083 1391 1333 1446 Ministri
1390 1391 1644 1462 justitim
1704 1395 1838 1444 sunt
1895 1387 2083 1443 sancti

429 1481 714 1552 apostoli:
749 1481 864 1535 Deo
917 1481 1076 1535 enim
1130 1481 1474 1535 ministrant
1521 1478 1912 1551 justiﬁcando
1977 1494 2084 1550 per

431 1569 730 1641 Evangelii
762 1570 1112 1640 potentiam.
1151 1591 1174 1621 ιι
1204 1570 1465 1634 Quorum
1500 1569 1636 1624 ﬁnis
1670 1568 1800 1623 erit.
1833 1586 1858 1618 η
1888 1567 2084 1632 Quan-

435 1678 613 1734 quam
645 1662 804 1716 enim
828 1678 949 1726 vos,
984 1662 1195 1733 inquit,
1232 1661 1469 1728 fallunt,
1496 1659 1840 1732 pervigilem
1868 1658 2082 1714 Christi

434 1752 671 1808 oculum
700 1752 904 1807 fallere
937 1769 1056 1807 non
1091 1757 1391 1823 poterunt.

505 1849 649 1905 681
681 1851 776 1914 XI,
804 1851 981 1904 16-21.
1007 1851 1212 1904 lterum
1233 1850 1356 1905 dico
1378 1867 1447 1905 ne
1470 1851 1593 1920 quis
1643 1867 1726 1904 me
1749 1855 1910 1920 putet
1945 1851 2078 1904 insi-
2113 1867 2160 1931 B

424 1939 669 2009 pientem
699 1954 826 1994 esse.
860 1939 1090 2008 Alioqui
1123 1938 1246 1992 licet
1272 1945 1332 1992 ut
1391 1938 1741 2008 insipientem
1796 1939 2084 2007 accipiatis

434 2043 538 2093 me,
572 2033 630 2081 ut
655 2028 948 2096 paululum
977 2027 1244 2096 quiddam
1275 2034 1327 2082 et
1361 2044 1460 2097 ego
1490 2027 1714 2096 glorier.
1751 2027 1906 2091 Quod
1936 2027 2081 2091 dico,

435 2132 546 2171 non
569 2117 691 2170 dico
709 2118 1003 2171 secundum
1026 2117 1341 2182 Dominum,
1364 2117 1454 2170 sed
1476 2117 1624 2171 velut
1662 2133 1765 2186 per
1813 2115 2084 2186 insipien-

437 2207 572 2260 tiam
603 2204 663 2258 in
695 2205 795 2259 hoc
845 2211 1170 2274 argumento
1231 2205 1598 2275 gloriationis.
1631 2205 2085 2275 Quandoquidem

434 2295 596 2349 multi
615 2294 932 2364 gloriantur
950 2295 1245 2350 secundum
1268 2311 1508 2361 carnem,
1533 2301 1583 2348 et
1625 2310 1725 2364 ego
1782 2294 2082 2363 gloriabor.

433 2384 692 2439 Libenter
721 2387 863 2439 enim
893 2386 1136 2455 suffertis
1167 2387 1508 2456 insipientes,
1541 2400 1663 2439 cum
1693 2385 1810 2439 sitis
1861 2385 2082 2454 sapien-

434 2479 530 2528 tes.
565 2474 819 2544 Su/fertis
845 2476 989 2528 enim
1018 2476 1066 2528 si
1095 2476 1218 2544 quis
1244 2490 1333 2529 vos
1366 2475 1424 2528 in
1452 2475 1770 2528 servitutem
1799 2472 2002 2542 adigit,
2034 2472 2083 2528 si

432 2564 556 2633 quis
585 2563 816 2621 excedit.
847 2567 895 2618 si
925 2565 1045 2633 quis
1079 2566 1302 2633 accipit,
1334 2566 1381 2618 si
1411 2562 1536 2633 quis
1567 2563 1784 2618 extollit
1846 2578 1977 2630 sese,
2035 2564 2083 2616 si

427 2654 548 2726 quis
576 2655 635 2706 in
680 2654 879 2720 faciem
939 2667 1028 2706 vos
1087 2652 1302 2706 caedit:
1359 2654 1537 2722 juxta
1589 2649 1977 2706 contumeliam
2007 2649 2082 2704 lo-

425 2758 584 2813 quor.
610 2741 844 2811 perinde
873 2744 1040 2810 quasi
1067 2757 1165 2796 nos
1197 2739 1488 2796 imbecilles
1516 2742 1806 2808 fuerimus.

501 2860 527 2886 ι(
557 2839 779 2893 lterum
811 2837 962 2893 dico.
998 2860 1025 2889 »
1059 2839 1186 2893 Jam
1220 2837 1516 2909 siquidem
1552 2837 1738 2892 multa
1781 2852 2079 2908 prmpara«

426 2927 590 2984 tione
621 2945 689 2982 ac
719 2928 1084 2984 correctione
1117 2945 1259 2984 usus
1290 2928 1504 2989 fuerat,
1539 2927 1641 2982 sed
1675 2943 1794 2981 non
1827 2927 1933 2982 illa
1989 2944 2078 2982 so-

426 3017 486 3073 la
515 3023 831 3074 contentus
863 3024 1007 3073 erat.
1043 3041 1069 3068 ‹‹
1105 3020 1184 3072 Ne
1214 3017 1346 3088 quis
1375 3033 1466 3072 me
1499 3022 1666 3087 putet
1695 3015 2075 3087 insipientem

427 3124 573 3164 esse.
613 3129 640 3156 ››
673 3108 847 3178 Atqui
881 3107 1155 3178 superius
1201 3105 1350 3160 dixit
1383 3123 1396 3162 :
1453 3106 1686 3162 Utinam
1741 3107 2076 3161 toleraretis

422 3196 827 3267 insipientiam
862 3213 1056 3250 meam
1090 3211 1102 3248 :
1139 3194 1435 3266 quomodo
1468 3211 1605 3264 ergo
1639 3195 1749 3250 hoc
1780 3194 1909 3250 loco
1941 3195 2024 3249 ait
2055 3209 2068 3247 :
2103 3234 2146 3300 Ο

425 3307 454 3335 ‹‹
469 3287 548 3340 Ne
565 3285 696 3355 quis
709 3300 802 3338 me
819 3290 982 3354 putet
996 3284 1374 3354 insipientem
1392 3300 1520 3339 esse
1535 3283 1562 3337 ?
1576 3310 1596 3334 ι
1621 3283 1928 3348 Quiaillud
1945 3283 2072 3353 qui-

425 3374 584 3440 dem,
616 3389 831 3444 nempe
891 3373 1152 3443 seipsum
1210 3373 1474 3436 laudare,
1545 3373 1906 3444 insipientia":
1962 3377 2071 3429 est.

424 3464 542 3534 Ego
570 3477 725 3526 vero,
761 3462 974 3532 inquit,
1008 3477 1126 3515 non
1160 3466 1442 3531 tanquam
1478 3461 1766 3531 insipiens
1798 3461 1891 3516 his
1940 3468 2077 3517 utor

427 3549 933 3617 sermonibus,sed
955 3566 1150 3619 cogor,
1185 3556 1250 3603 ut
1279 3565 1379 3604 vos
1410 3565 1444 3604 a
1474 3549 1946 3620 pseudapostolis
1970 3550 2076 3604 ab-

426 3639 658 3695 ducam.
695 3639 830 3693 Ideo
863 3638 982 3692 ait:
1020 3660 1046 3686 ‹‹
1077 3638 1158 3693 Ne
1190 3637 1324 3708 quis
1354 3653 1447 3692 me
1478 3643 1645 3708 putet
1689 3638 2072 3708 insipientem

423 3743 573 3785 esse.
602 3748 628 3776 ι»
650 3727 776 3783 Non
797 3727 956 3782 enim
975 3725 1154 3793 ultro,
1181 3725 1284 3780 sed
1309 3742 1376 3780 ex
1421 3727 1769 3782 necessitate
1807 3727 1881 3782 ad
1911 3743 2073 3783 meas

419 3810 609 3881 ipsius
632 3810 834 3865 laudes
857 3806 1172 3863 descendo.
1200 3838 1263 3847 —
1300 3807 1492 3862 Altal.
1551 3808 1911 3879 [nsipientia
1945 3825 2071 3864 ver-

423 3897 565 3954 bum
587 3896 894 3952 estdicere
918 3894 1300 3966 insipientem
1326 3910 1461 3950 eum
1486 3895 1584 3966 qui
1609 3911 1728 3950 non
1764 3902 2072 3967 est,neque

427 4002 498 4044 ea
527 3986 645 4058 agit
674 4002 805 4056 quas
838 3990 975 4040 sunt
1007 3983 1360 4054 insipientis.
1423 3983 1724 4054 Siquidem
1783 3985 2072 4057 insipiens

430 4080 520 4130 est
550 4074 650 4144 qui
681 4089 826 4127 vane
859 4089 920 4127 se
945 4073 1131 4144 jactat
1189 4078 1247 4128 et
1305 4073 1562 4128 inaniter
1617 4072 1924 4146 gloriatur,
1969 4074 2069 4142 qui

429 4162 608 4219 simul
639 4167 698 4216 et
727 4161 1012 4233 insipiens
1037 4167 1204 4217 estet
1251 4162 1606 4233 insipientia:
1656 4163 1832 4218 verba
1881 4163 2069 4235 loqui-

424 4257 543 4317 tur,
577 4258 636 4308 et
664 4269 796 4322 quae
827 4252 1166 4323 insipientis
1199 4260 1336 4306 sunt
1365 4253 1541 4307 facit:
1602 4253 1702 4323 qui
1762 4259 1959 4308 autem
1999 4256 2070 4310 de

425 4345 619 4415 seipso
634 4350 692 4400 et
714 4360 927 4416 magna
947 4343 1163 4399 dicitet
1196 4342 1536 4414 vera,idque
1583 4360 1764 4400 causa
1794 4346 2069 4401 utilitatis

422 4437 673 4493 animus:
717 4435 1010 4490 videbitur
1039 4433 1400 4504 insipientia)
1432 4433 1608 4490 verba
1640 4435 1836 4490 dicere
1879 4453 2068 4508 quan-

420 4529 544 4581 tum
579 4525 651 4580 ad
683 4523 1139 4579 similitudinem
1175 4523 1548 4593 prolationis,
1579 4540 1700 4580 non
1737 4530 1935 4582 tamen
1975 4526 2067 4582 in-

2179 577 2247 630 τᾶ
2306 571 2475 642 ἔνδον,
2540 577 3174 657 μετάσχηματιζόμενοι,
3253 583 3372 638 οἷον
3429 586 3455 639 ὁ
3512 583 3781 655 διδάσκαλος

2181 663 2356 719 αὐτῶν
2423 667 2984 740 μετασχηματίζεται.
3049 671 3140 724 Διὸ
3191 672 3283 726 καὶ
3331 671 3570 735 πολλοὺς
3621 675 3774 749 πλανᾷ,

2181 754 2271 807 καὶ
2302 748 2374 807 ὥν
2409 751 2644 828 ἅγγελος
2677 756 2925 820 σκότους,
2985 757 3059 822 εἰς
3111 758 3347 836 ἄγγελον
3399 762 3578 835 ὁρᾶται
3620 748 3774 841 φωτὸς,

2183 843 2404 897 πλανῶν
2464 844 2558 906 τὰς
2611 844 2786 919 ύψεις.
2840 847 2942 902 Καὶ
2994 847 3054 901 ού
3105 851 3432 922 Θαυμαστόν.
3479 853 3543 910 Εἴ
3589 858 3676 928 γαρ
3715 854 3777 911 δεῖ

2185 937 2504 1004 θαυμάζειν,
2565 933 2739 988 ἐκεῖνό
2799 933 2911 990 ἐστι
2969 938 3238 1009 θαύματος
3281 937 3450 1010 ἄξιον,
3503 943 3779 1007 πῶςὸδιᾶ,

2185 1016 2352 1082 ϐολος
2385 1022 2460 1083 εἷς
2491 1026 2652 1077 τοῦτο
2684 1023 2902 1096 τόλμης
2932 1022 3169 1100 ἔρχεται.
3203 1061 3274 1070 —
3324 1031 3531 1104 [our]
3573 1031 3640 1090 Ού
3683 1045 3780 1097 eav-

2189 1111 2412 1184 μαστὸν,
2449 1111 2608 1190 φησὶ,
2642 1110 2729 1168 διὰ
2758 1113 2848 1182 τίς
2901 1117 3017 1169 Ὂτι
3075 1122 3360 1188 μιμεῖσθαι
3404 1121 3605 1182 πάντως
3644 1141 3783 1196 χρεωο

2184 1203 2370 1255 στοῦσι
2399 1201 2489 1254 τὸν
2518 1197 2865 1272 διδάσκαλον,
2899 1202 2956 1266 ὃς
2990 1203 3219 1280 ἄγγελος
3251 1202 3327 1259 ὥν
3363 1208 3604 1273 σκότους,
3643 1212 3779 1286 φωτὸς

2188 1286 2323 1340 εἶναι
2403 1287 2823 1361 σχηματίζεται.
2902 1313 2930 1340 ‹‹
2971 1290 3060 1351 Ὠς
3137 1287 3382 1346 διάκονοι
3422 1291 3784 1363 δικαιοσύνης.»

2188 1375 2436 1427 Διάκονοι
2473 1371 2820 1445 δικαιοσύνης
2880 1376 3009 1430 εἰσῖν
3058 1378 3110 1431 οἳ
3158 1378 3299 1452 ἇγιοι
3352 1380 3654 1436 ἀπόστολοι·
3698 1380 3787 1438 δια-

2187 1467 2406 1516 κονοῦσι
2430 1465 2532 1537 γάρ
2557 1469 2674 1536 Θεῷ
2713 1463 2763 1518 ἐν
2795 1465 2874 1537 τῷ
2909 1463 3153 1521 δικαιοῦν
3180 1464 3463 1542 δυναμένῳ
3495 1470 3791 1546 Εύαγγιλίῳ.

2191 1575 2215 1605 ι
2254 1554 2350 1607 Ὧν
2381 1555 2442 1607 τὸ
2472 1551 2631 1614 τέλος
2672 1549 2838 1609 ἔσται.
2876 1581 2902 1606 υ
2953 1555 3060 1612 Κάν
3103 1556 3204 1632 γὰρ
3257 1558 3422 1630 ὑμᾶς,
3472 1562 3639 1636 φησὶν,
3681 1561 3789 1616 ἀπα-

2188 1647 2378 1712 τῶσιν,
2432 1642 2532 1698 οὐκ
2590 1641 2649 1698 ἄν
2711 1641 3011 1700 διαλάθωσι
3060 1647 3150 1702 τὸν
3207 1647 3509 1720 ἀκοίμητον
3557 1649 3790 1729 ὀφθαλμὸν

2185 1736 2283 1786 τοῦ
2319 1737 2573 1808 Χριστοῦ.

2264 1827 2436 1883 Πάλιν
2472 1829 2634 1905 Λέγω,
2691 1833 2766 1903 μή
2826 1852 2908 1895 τις
2970 1853 3037 1906 με
3097 1830 3223 1910 δόξῃ
3283 1836 3488 1909 ἄφρονα
3550 1839 3686 1895 εἶναι.
3741 1838 3784 1894 El

2191 1915 2248 1973 δὲ
2283 1919 2355 1990 μή
2418 1939 2502 1994 γε,
2563 1917 2658 1974 κᾶν
2719 1920 2792 1983 ὡς
2849 1919 3053 1996 ἄφρονα
3113 1920 3330 1995 δέξασθὲ
3390 1946 3454 1997 με
3505 1925 3584 1980 ἳνα
3635 1928 3787 2001 μικρόν

2188 2029 2239 2061 τι
2296 2007 2446 2084 κάγὼ
2504 2011 2896 2084 καυχήσωμαι.
2955 2012 3022 2068 Ὃ
3081 2011 3265 2079 λαλῶ,
3351 2015 3415 2069 ού
3482 2014 3624 2070 λαλῶ
3680 2018 3784 2070 κατὰ

2190 2097 2410 2172 Κύριον,
2463 2096 2588 2153 ἀλλ’
2647 2103 2720 2162 ὼς
2777 2107 2828 2154 έν
2885 2101 3188 2180 ἀφροσύνῃ,
3252 2101 3306 2156 ἰν
3364 2104 3524 2177 ταύτῃ
3573 2103 3633 2178 τῇ
3678 2105 3784 2159 ὑπο·

2190 2188 2370 2242 στάσει
2422 2194 2524 2256 τῆς
2583 2190 2928 2266 καυχήσεως.
3003 2191 3150 2245 Ἐπεὶ
3237 2190 3444 2248 πολλοὶ
3526 2198 3782 2268 καυχῶνται

2187 2276 2324 2331 κατά
2379 2277 2482 2346 τὴν
2544 2278 2736 2350 σάρκα,
2796 2279 2944 2354 κάγὼ
3040 2283 3425 2355 καυχήσομαι.
3479 2279 3655 2342 Ἡδέως
3701 2283 3778 2356 γὰρ

2186 2365 2443 2442 ἀνέχεσθε
2501 2373 2608 2423 τῶν
2669 2369 2938 2447 ἀφρόνων,
3017 2372 3284 2447 φρότιμοι
3373 2371 3534 2434 ὄντες.
3605 2374 3780 2447 ’Λνέχε-

2189 2469 2280 2519 σοι
2347 2457 2451 2534 γὰρ
2521 2455 2570 2512 ε⁹ί
2637 2479 2721 2522 τις
2787 2459 2926 2531 ὑμᾶς
2993 2457 3360 2528 καταδουλοῖ,
3429 2460 3473 2517 ε’ί
3526 2483 3597 2524 τις
3657 2482 3772 2515 κατε-

2187 2547 2345 2613 σθίει,
2403 2544 2448 2601 έί
2506 2567 2588 2608 τις
2653 2543 2940 2620 λαμϐάνει,
3003 2549 3048 2603 εἳ
3109 2570 3190 2610 τις
3289 2550 3571 2626 ἐπαίρεται,
3625 2551 3664 2606 εἴ
3707 2571 3766 2611 τις

2187 2639 2327 2710 ὑμᾶς
2363 2637 2439 2702 εἰς
2487 2639 2784 2712 πρόσωπον
2845 2635 3010 2713 δὲρει.
3067 2641 3218 2697 Κατά
3280 2642 3495 2717 ἀτιμίαν
3547 2642 3670 2715 κέγω,
3707 2642 3761 2700 ὡς

2185 2729 2270 2782 δτι
2300 2730 2464 2796 ἡμεῖς
2497 2729 2894 2802 ἡσθεντίσαμεν.

2257 2851 2283 2878 ‹‹
2319 2826 2489 2880 ΗάΛιν
2525 2823 2691 2899 λέγω.
2731 2850 2757 2875 ››
2785 2823 2928 2896 Ἤδη
2965 2828 3058 2899 μὶν
3116 2828 3222 2902 γὰρ
3263 2829 3454 2906 πολλῇ
3498 2825 3740 2904 προδιορθώ-

2184 2933 2261 2968 σει
2297 2912 2598 2988 ἐχρήσατο,
2629 2911 2755 2967 ἀλλ’
2787 2912 2885 2968 ούκ
2936 2915 3177 2988 ἀρκεῖται
3230 2915 3416 2994 ἐκείνῃ
3467 2920 3584 2992 priva.
3619 2912 3726 2978 «Μή

2179 3023 2262 3065 τις
2295 3023 2362 3075 με
2403 2999 2536 3076 δόκῃ
2593 3000 2802 3077 ἃφρονα
2851 3004 3012 3061 εἴναι,
3050 3028 3077 3055 ››
3128 3007 3328 3062 Καίτοι
3361 3010 3468 3064 ἀνω
3502 3009 3614 3072 εἶπεν,
3640 2999 3724 3075 δοι-

2182 3090 2278 3147 λον
2338 3091 2620 3170 ἀνείχεσθέ
2681 3114 2786 3164 μου
2844 3099 2944 3160 τῆς
3003 3093 3342 3168 ἀφροσύνης.
3406 3103 3518 3158 Πῶς
3561 3093 3623 3148 οὖν
3662 3085 3736 3143 ὧδε

2185 3182 2343 3260 φησὶ,
2377 3205 2402 3232 ιι
2437 3183 2522 3250 Μή
2563 3201 2647 3244 τις
2683 3203 2750 3253 με
2786 3179 3139 3256 δόξῃᾶφρονα
3162 3188 3304 3240 εἶναι
3335 3206 3348 3255 ;
3383 3213 3409 3238 ››
3433 3179 3746 3250 Ὀτιαῦτὸμὶν,

2185 3273 2340 3347 φησί,
2371 3271 2434 3325 τὸ
2495 3268 2730 3324 ἐπαινεῖν
2785 3271 2970 3327 ἑαυτὸν
3028 3271 3350 3348 ἀφροσύνης
3399 3275 3545 3342 ἐστὶν,
3586 3270 3664 3344 ἐγὼ
3699 3263 3754 3335 δί,

2183 3359 2369 3437 φησὶν.
2405 3357 2514 3434 οὐχ
2543 3359 2618 3420 ὡς
2651 3356 2834 3438 ἄφρων
2864 3361 3146 3436 κέχρημαι
3199 3363 3420 3426 τούτοις
3461 3368 3564 3424 τοῖς
3604 3359 3756 3430 λόγοις,

2182 3445 2309 3502 ἀλλ’
2340 3447 2711 3523 ἀναγκάζομαι
2745 3448 2880 3522 πρὸς
2927 3451 2989 3504 τὸ
3038 3454 3144 3505 τῶν
3186 3448 3622 3525 ψευδαποστὸλων
3661 3445 3758 3499 ἁπα-

2180 3541 2366 3612 γαγεῖν
2395 3535 2559 3607 ὑμᾶς.
2592 3535 2684 3590 Διό
2734 3558 2890 3613 φησι,
2951 3561 2980 3591 «ι
3015 3541 3104 3607 Μή
3163 3561 3254 3600 τις
3319 3562 3384 3614 με
3439 3539 3552 3613 δόξῃ
3602 3535 3762 3609 ἄορονα

2183 3621 2342 3674 εἶναι.
2381 3645 2408 3671 ››
2440 3621 2516 3678 Οὐ
2549 3621 2651 3696 γὰρ
2685 3622 2844 3690 ἑκὼν,
2887 3621 3014 3678 ἀλλ’
3043 3623 3094 3697 ἐξ
3142 3625 3390 3704 ἀνάγκης
3435 3626 3504 3687 εἰς
3543 3621 3650 3682 τοὺς
3688 3616 3762 3688 ίμ-

2181 3713 2344 3765 αυτοῦ
2402 3709 2652 3774 ἐπαίνους
2713 3711 2989 3785 ἐμπίπτω.
3033 3747 3101 3756 -—
3158 3717 3359 3772 ’Λιιλα
3421 3717 3585 3773 Ἔστιν
3635 3711 3761 3786 ἀφρο-

2182 3798 2342 3871 σύνης
2373 3801 2522 3874 ῥῆμα
2554 3801 2746 3872 εἰπεῖν,
2800 3804 2876 3875 μή
2940 3801 3074 3860 ὄντα
3132 3802 3360 3879 ἄφρονα,
3419 3801 3549 3878 μηδὲ
3594 3800 3649 3855 τὰ
3693 3798 3763 3850 τοῦ

2181 3887 2412 3966 ἄφρονος
2443 3894 2729 3947 ποιοῦντα.
2791 3893 3014 3969 ’Ἄφρων
3078 3895 3170 3966 μὶν
3233 3896 3338 3971 γάρ
3379 3895 3506 3948 ἐστιν
3555 3892 3578 3946 ὁ
3631 3887 3762 3961 μάτην

2185 3978 2681 4054 μεγαλορημονῶν,
2741 3981 2829 4035 καὶ
2890 3981 2965 4044 εἷς
3019 3984 3172 4038 κενὸν
3233 3982 3677 4053 ἀλαζονευόμενος,
3723 3973 3767 4033 ὃς

2184 4067 2318 4138 μετὰ
2350 4071 2445 4122 τοῦ
2481 4067 2612 4122 εἶναι
2659 4067 2843 4148 ἄφρων
2899 4074 2984 4124 καί
3036 4070 3348 4146 ἀφροσύνης
3396 4071 3528 4146 λέγει
3571 4069 3762 4142 ῥήματα·

2179 4154 2271 4209 καὶ
2299 4156 2365 4210 τὰ
2394 4161 2491 4211 τοῦ
2526 4155 2759 4236 ἄφρονος
2813 4163 2977 4216 ποιεῖ.
3025 4160 3085 4217 '0
3135 4157 3193 4215 δε
3243 4159 3416 4234 λέγων
3463 4158 3572 4231 περὶ
3614 4153 3763 4209 ἑαυτοῦ

2179 4242 2270 4297 καὶ
2305 4243 2517 4318 μεγάλα
2548 4246 2636 4300 καὶ
2668 4245 2876 4316 ἀληθῆ,
2905 4249 2992 4302 καὶ
3021 4243 3195 4304 ἕνεκεν
3246 4247 3502 4326 ὠψελείας
3545 4246 3759 4321 ψυχικῆς,

2179 4331 2491 4406 ἀφροσύνης
2525 4334 2618 4407 μὲν
2663 4331 2826 4405 δόξει,
2885 4336 3106 4410 ῥήματα
3162 4335 3360 4413 λέγειν,
3425 4337 3539 4391 ὃσον
3592 4329 3665 4386 ἐπὶ
3709 4327 3759 4396 τῇ

2179 4421 2471 4494 ὁμοιότητι
2497 4425 2595 4489 τῆς
2626 4427 2908 4500 προφορᾶς
2938 4429 3044 4480 τῶν
3082 4425 3290 4501 λόγων,
3339 4424 3399 4480 οὗ
3451 4423 3552 4498 μὴν
3596 4418 3756 4495 ἄφρων,

2176 4507 2438 4564 ἀλλὰκαὶ
2489 4509 2609 4566 λίαν
2666 4510 2910 4589 ἔμφρων,
2970 4513 3059 4568 καί
3114 4515 3180 4569 τά
3233 4519 3328 4571 τοῦ
3385 4507 3757 4589 ἐμφρονεστάτου

423 4614 646 4684 sipiens
670 4614 890 4676 est,sed
912 4611 1171 4684 prudens
1189 4611 1596 4670 admodum.et
1643 4629 1772 4681 quas
1807 4613 2062 4684 pruden-

2183 4598 2448 4674 πράττων,
2505 4600 2589 4656 ’ὁτι
2648 4600 2736 4656 καὶ
2825 4598 3091 4673 διαϐολῆς
3147 4603 3353 4679 ἀλόγου
3420 4599 3754 4679 κατεφρόνησεν

420 4702 636 4757 tissimi
669 4709 806 4756 sunt
836 4709 1133 4772 operatur,
1167 4699 1325 4771 quod
1356 4701 1533 4754 etiam
1593 4701 2062 4757 irrationabilem

424 4787 784 4844 calumniam
819 4788 1174 4859 despexerit,
1202 4787 1274 4842 ob
1323 4787 1575 4843 aliorum
1631 4789 1948 4845 utilitatem
1997 4807 2064 4845 ac

423 4876 697 4932 salutem.
733 4877 857 4930 Non
914 4883 1001 4930 est
1059 4877 1236 4948 igitur
1293 4876 1654 4931 contrarium
1701 4878 1877 4948 paulo
1927 4886 2063 4935 ante

419 4965 685 5022 dixisse:
749 4966 982 5021 Utinam
1038 4965 1411 5020 sustineretis
1469 4983 1584 5034 me,
1647 4967 1745 5037 qui
1821 4967 2065 5023 verbum

420 5054 719 5127 quoddam
750 5054 1110 5125 insipientia:
1142 5053 1409 5110 dicturus
1441 5072 1571 5110 sum
1605 5073 1619 5122 ;
1653 5060 1710 5111 et
1766 5072 1926 5112 nunc
1985 5056 2067 5112 di—

414 5160 548 5201 cere
585 5161 597 5198 :
634 5167 660 5194 ‹‹
697 5147 779 5198 Ne
814 5143 945 5215 quis
979 5159 1072 5198 me
1105 5147 1271 5213 putet
1302 5143 1684 5214 insipientem
1737 5161 1888 5201 esse.
1926 5165 1950 5196 ι
1984 5147 2066 5202 Ne

419 5234 552 5304 quis
584 5233 786 5304 itaque
821 5249 913 5288 me
947 5233 1329 5303 insipientem
1359 5248 1488 5286 esse
1548 5233 1848 5288 exi'stimet
1876 5251 1889 5301 ;
1943 5251 2065 5290 non

419 5321 578 5376 enim
611 5328 854 5393 propter
885 5321 1201 5392 meipsum,
1238 5319 1340 5374 sed
1373 5325 1613 5392 propter
1642 5338 1741 5375 vos
1802 5320 2068 5376 dicturus

420 5425 549 5466 sum
573 5427 703 5479 qum
719 5411 942 5466 dixero.
970 5408 1424 5480 Alioquilicebit
1462 5415 1527 5462 ut
1549 5410 1924 5482 insipientem
1959 5428 2067 5482 pu-

417 5499 554 5552 tetis
577 5515 670 5553 me
698 5508 756 5555 et
775 5501 1101 5571 accipiatis.
1127 5501 1325 5570 Neque
1373 5500 1534 5553 enim
1589 5514 1826 5554 aversor
1863 5500 1951 5555 vel
1985 5501 2071 5555 in-

423 5585 646 5656 sipiens
669 5587 992 5644 existimari
1019 5593 1258 5659 propter
1305 5592 1559 5642 vestram
1606 5588 1881 5645 salutem.
1915 5588 2067 5646 688
2096 5585 2108 5634 ῗ

426 5672 1181 5750 δὶςυὶάθωμᾳιιωριοῑυτιιε
1205 5674 1441 5745 sum,ad
1458 5677 1633 5733 vestri
1664 5677 2069 5737 conﬁrmatio-
2095 5675 2106 5683 ’

2173 4695 2262 4751 ἐπὶ
2293 4701 2360 4771 τῇ
2401 4698 2597 4773 ἑτέρων
2656 4702 2905 4773 σωτηρίᾳ
2948 4702 3038 4756 καὶ
3082 4702 3336 4780 ὠφελείᾳ.
3385 4702 3472 4756 Διὸ
3520 4697 3610 4753 οὐκ
3649 4690 3752 4748 ἔστιν

2177 4786 2413 4843 ἐναντίον
2445 4789 2505 4844 τὸ
2539 4789 2706 4844 εἰπεῖν
2735 4791 2842 4864 πρὸ
2891 4791 3114 4867 ὀλίγων,
3149 4787 3346 4870 ὄφελον
3394 4783 3643 4861 ἀνείχεσθέ
3675 4798 3752 4853 μου

2173 4898 2226 4933 τι
2260 4875 2566 4953 ἀφροσύνης
2599 4878 2752 4951 ῥῆμα
2781 4877 2949 4934 εἰπεῖν
2985 4878 3305 4952 μέλλοντος,
3337 4879 3422 4934 καὶ
3466 4877 3522 4930 τὸ
3565 4878 3642 4926 νῦν
3683 4865 3751 4922 λέ-

2173 4985 2309 5040 γεινο
2349 4991 2370 5015 ι
2407 4966 2499 5035 Μή
2534 4987 2615 5027 τις
2647 4987 2712 5039 με
2763 4965 2891 5041 δόξῃ
2941 4970 3148 5045 ἄφρονα
3191 4971 3348 5024 εἶναι.
3384 4992 3408 5018 ››
3449 4966 3533 5034 Μή
3576 4981 3646 5022 τις
3685 4955 3751 5010 οὖν

2177 5052 2304 5128 δόξῃ
2340 5054 2546 5131 ἄφρονα
2577 5058 2734 5110 εἶναι’
2769 5057 2830 5111 ού
2862 5058 2966 5134 γὰρ
2997 5055 3067 5113 δι’
3096 5057 3352 5131 ἐμαυτὸν,
3380 5055 3514 5112 ἀλλὰ
3549 5049 3610 5106 δι’
3647 5047 3752 5134 ὓμᾷς

2177 5141 2316 5215 ιρεῖν
2366 5130 2557 5216 μέλλω
2607 5142 2639 5198 ἅ
2697 5130 2890 5217 μέλλω
2939 5130 3147 5222 ’λέγεινμ
3210 5147 3269 5204 Et
3327 5143 3381 5201 at
3438 5144 3528 5217 μή,
3577 5134 3654 5192 κᾶν
3697 5130 3752 5192 ὡς

2176 5229 2385 5308 ἄφρονα
2441 5232 2714 5306 ἡγήσασθέ
2777 5255 2842 5307 με
2888 5235 2978 5290 καὶ
3059 5223 3432 5311 πάραδὲξασθι.
3497 5228 3594 5288 Οὔκ
3644 5223 3749 5311 ἀφ’

2176 5307 2477 5397 πρέφομαι
2509 5323 2609 5396 γὰρ
2661 5319 2788 5378 ούδὶ
2842 5325 2903 5379 τὸ
2961 5307 3145 5402 ἃφρων
3205 5325 3509 5398 νομισθῆναι
3560 5313 3632 5370 διὰ
3675 5307 3750 5402 τὴν

2179 5395 2441 5484 ὑμετέραν
2503 5395 2791 5486 σωτηρίαν.
2854 5414 2953 5467 Καὶ
3009 5395 3109 5490 γὰρ
3160 5409 3194 5470 ἀ
3259 5395 3439 5487 μέλλω
3508 5405 3639 5479 ἐρεῖν,

2177 5481 2456 5574 στήριγμα
2488 5481 2666 5573 υμῶν.
2692 5503 2781 5556 καὶ
2839 5481 3104 5582 ὠφέλεξαδ
3169 5481 3346 5578 ψυχῆς
3400 5498 3600 5582 συτελεῖ,
3625 5511 3666 5582 Δα
3697 5481 3743 5539 El

2179 5585 2236 5666 δὶ
2269 5589 2345 5662 μή
2375 5609 2455 5665 γε.
2494 5613 2520 5638 υ
2556 5587 2616 5646 El
2649 5587 2706 5645 δὲ
2747 5591 2824 5664 μὴ
2866 5578 3192 5664 πεισθείητε,
3251 5587 3390 5647 ἀλλᾶ
3430 5585 3510 5644 καὶ
3551 5578 3761 5669 ἀνάγκην,

2180 5661 2338 5735 οδάαν
2372 5661 2624 5751 δρῶντις,
2687 5661 2763 5754 μῆ
2824 5661 3108 5758 ἆλιύθερόντ
3164 5661 3230 5758 με
3285 5675 3560 5762 ἀφροσύνης
3605 5661 3733 5739 νομί·
