4048 6250
325 410 483 471 1053

1283 402 1681 466 COMMENT.‘
1727 404 1813 462 ΙΝ
1859 396 2106 459 EPIST.
2154 397 2204 456 ll
2255 396 2360 487 AD.
2403 393 2766 488 CORINTH.

3567 391 3724 476 1054

323 562 475 611 σητε,
539 542 615 604 ὡς
673 545 801 617 γοῦν
858 539 1093 619 εἶιρρονος
1152 541 1404 615 ἀνέχεσθε
1459 536 1712 612 λὲγοντος
1746 531 1972 607 ἅλὲγω,

2085 548 2220 586 nem
2254 535 2312 584 et
2340 529 2554 585 animae
2584 528 2903 584 utilitatem
2935 526 3266 583 conferunt.
3313 548 3341 575 ‹‹
3403 523 3661 596 Alioqui.
3696 547 3725 575 »

319 632 412 686 ἳνα
460 631 610 706 κάγὼ
666 631 929 704 καθάπερ,
989 630 1174 708 φησὶν,
1232 629 1286 683 οἱ
1343 623 1783 701 ψευδαπόστολοι
1845 643 1979 678 καυ-

325 723 611 797 χήσωμαι.
651 720 882 776 Ἐκεῖνοι
915 719 1018 794 γὰρ
1052 718 1128 780 είς
1164 716 1422 794 ὑμετέραν
1486 711 1702 791 βλάϐην
1751 713 1978 788 καυχώ-

330 830 504 884 μενοι,
539 809 615 871 εἷς
642 829 866 869 τουτους
914 828 978 879 με
1029 808 1331 881 προάγουσι
1384 806 1511 867 τοὺς
1574 806 1793 879 λόγους.
1864 801 1978 858 α”Ο

326 889 503 957 λαλῶ,
539 890 608 943 οὑ
641 887 798 944 λαλῶ
841 889 977 943 κατὰ
1033 889 1252 958 Κύριον.
1292 910 1320 939 ››
1377 887 1456 943 Τὸ
1513 887 1615 960 γὰρ
1672 887 1980 957 καυχᾶσθαι

328 979 390 1036 οὐ
421 978 558 1032 κατὰ
618 978 840 1051 Κύριον·
900 978 927 1031 ὀ
966 979 1066 1053 γὰρ
1110 977 1304 1051 Κύριος
1356 974 1570 1032 κελεύει
1632 975 1707 1048 μή
1768 975 1977 1050 καυχᾶ-

561 1067 574 1082 .
627 1067 640 1084 .
671 1069 684 1088 ,
1128 1071 1147 1081 -
1294 1065 1306 1084 ,
1474 1066 1487 1081 .
1606 1063 1619 1084 ,
1813 1063 1826 1078 .
1929 1058 1971 1078 ας

319 1080 460 1132 σθαι.
502 1069 585 1124 Τα
616 1088 837 1141 ρηματα
891 1087 1201 1143 τοιγαρουν,
1252 1088 1314 1120 ου
1362 1087 1498 1120 κατα
1552 1073 1764 1135 Κυριον.
1831 1065 1873 1118 Ο
1925 1081 1982 1115 οε

322 1160 430 1210 τῶν
491 1155 753 1230 ῥημάτων
813 1156 1038 1222 τκεπὸς,
1098 1154 1186 1209 καὶ
1269 1151 1474 1234 σφόδρα
1556 1153 1693 1208 κατὰ
1760 1149 1978 1223 Κύριον.

333 1268 357 1298 α
395 1243 548 1300 Ἀλλ’
581 1245 655 1306 ὡς
689 1244 740 1298 ἐν
770 1243 1058 1323 ἀφροσύνῃ.
1094 1267 1122 1294 ››
1157 1245 1288 1300 Εἶτα
1317 1243 1404 1297 ’ἶνα
1435 1244 1509 1314 μή
1543 1245 1622 1313 τῷ
1675 1241 1767 1295 τὸν
1817 1237 1978 1294 αὐτὸν

330 1332 631 1408 ὁμολογεῖν
656 1332 738 1386 ὅτι
762 1333 980 1386 οὔκατά
1009 1332 1202 1404 Κύριον
1231 1329 1411 1401 λαλεῖ,
1451 1331 1540 1385 καὶ
1571 1330 1653 1386 ὅτι
1707 1329 1758 1383 ἐν
1808 1328 1978 1404 ἀφρο-

331 1422 464 1496 σύνῃ
498 1418 680 1486 λαλεῖ,
712 1420 981 1495 πρόφασιν
1015 1419 1236 1483 ἐκείνοις
1262 1419 1520 1480 πλείονος
1553 1415 1630 1488 δῷ
1679 1415 1979 1490 λοιδορίας.

329 1515 554 1586 Πρῶτον
615 1511 711 1584 μὲν
759 1510 820 1564 οὐ
879 1509 1051 1586 λέγει,
1110 1509 1160 1563 ἐν
1219 1508 1509 1587 ἀφροσύνῃ,
1550 1507 1676 1562 ἀλλ’
1736 1505 1868 1566 «ὡς
1929 1503 1981 1559 ἐν

339 1599 637 1678 ἀφροσύνῃ
676 1624 695 1652 ι
740 1593 945 1669 ἔπειτά,
996 1618 1178 1675 φησιν’
1227 1623 1247 1648 ι
1287 1601 1371 1654 Ἐν
1414 1597 1579 1671 ταύτῃ
1625 1599 1693 1670 τῇ
1747 1594 1982 1650 ὑποστά-

329 1709 410 1744 σει
450 1695 550 1758 τῆς
579 1689 928 1763 καυχήσεως.
967 1713 986 1737 ι
1022 1691 1302 1755 Τουτέστι,
1334 1689 1471 1742 κατᾶ
1497 1685 1659 1742 τοῦτο
1697 1683 1760 1740 τὸ
1817 1683 1979 1758 μὲρος

324 1785 425 1848 τῆς
451 1780 800 1852 καυχήσεως,
833 1777 895 1832 οὗ
927 1775 1086 1832 λαλω
1115 1778 1250 1832 κατὰ
1282 1777 1502 1848 Κύριον.
1555 1781 1715 1830 Ποῖον
1771 1775 1932 1848 μέρος
1965 1793 1978 1842 ;

318 1870 448 1926 Ὀτι
484 1866 676 1940 μέλλει
723 1868 1050 1941 καὺχᾶσθαι,
1113 1862 1365 1940 Ἐϐραῖος
1425 1865 1560 1936 εἰμὶ,
1620 1863 1709 1918 καί
1757 1865 1975 1938 Ἰσραη-
2007 1900 2052 1965 Β

325 1957 513 2026 λίτης,
565 1956 653 2011 καὶ
714 1955 929 2029 σπέρμα
987 1950 1257 2030 Ἀϐραάμ.
1317 1957 1393 2011 Τὰ
1454 1953 1510 2009 δὲ
1566 1957 1806 2022 τοιαῦτα,
1875 1951 1977 2006 οὐκ

332 2047 524 2110 ἀνῆκεν
557 2046 632 2108 εἷς
674 2045 944 2124 καύχημα
991 2047 1249 2116 Χριστοῦ·
1302 2043 1420 2107 ὅθεν
1470 2043 1561 2097 καὶ
1618 2044 1754 2097 κατὰ
1808 2042 1979 2113 σάρκα

328 2141 492 2191 ταῦτα
521 2135 702 2191 καλεῖ·
755 2135 817 2190 Ἱι
873 2135 977 2208 γὰρ
1038 2133 1113 2195 εἷς
1178 2134 1408 2208 Χριστὸν
1450 2132 1744 2206 καύχησις,
1803 2129 1979 2205 πραό-

324 2245 423 2295 της
456 2224 623 2290 ἐστὶν,
656 2222 960 2299 ἐγκρατεια,
995 2223 1283 2299 ἁγιασμὸς.
1317 2224 1436 2279 Ὀτι
1469 2224 1574 2297 γαρ
1606 2223 1668 2275 τὸ
1724 2215 1978 2290 Ἐϐραῖος

330 2314 587 2370 εἶναικαὶ
620 2312 968 2387 Ἰσραηλίτης
1029 2313 1088 2366 οὐ
1147 2312 1284 2366 κατὰ
1345 2311 1537 2386 Κεόριὸν
1592 2309 1760 2378 ἐστιν,
1819 2308 1980 2364 ἃκουε

331 2403 494 2459 uino-3
527 2403 804 2479 λὲγοντος·
843 2426 870 2454 ιι
902 2401 1016 2458 Οὐκ
1045 2395 1123 2455 ἔνι
1165 2397 1459 2466 Ἰουδαῖος,
1505 2397 1632 2455 οὐδὲ
1677 2397 1910 2468 Ἕλλην.
1946 2419 1975 2449 »

332 2493 452 2549 Καὶ·
503 2516 531 2544 ι(
592 2494 676 2548 Ἑν
735 2493 950 2565 Χριστῷ
1016 2492 1195 2558 Ἰησοῦ
1271 2492 1466 2552 πάντες
1517 2489 1572 2543 ἓν
1631 2490 1768 2546 ἔστε.
1826 2512 1854 2539 ››
1909 2519 1982 2533 -

330 2608 356 2635 ι(
391 2580 603 2637 Πολλοὶ
647 2585 966 2654 καυχῶντας
1017 2580 1154 2634 κατὰ
1201 2579 1389 2653 σάρκα.
1424 2602 1450 2630 ››
1503 2579 1640 2634 Ἀπὸ
1687 2583 1793 2632 τῶν
1845 2572 1982 2650 ἔξω·

337 2671 632 2749 ὓένφησιν,
679 2671 796 2724 οἷον
854 2670 958 2724 ἀπὸ
1019 2669 1307 2742 εὐγενείας,
1363 2668 1470 2724 ἀπὸ
1525 2672 1622 2723 τοῦ
1675 2667 1976 2740 περιτομὴν

335 2757 510 2833 ἔχειν,
549 2759 633 2812 καὶ
668 2754 922 2832 Ἐϐραῖος
956 2759 1109 2815 εἶναι.
1176 2783 1196 2808 ι
1229 2755 1432 2819 Ἥδέως
1485 2758 1590 2831 γὰρ
1641 2754 1914 2832 ἀνέχεσθε.
1951 2779 1979 2807 ››

343 2851 500 2902 ’Ώστε
556 2847 710 2919 ὑμεῖς
763 2845 928 2901 αἴτιοι
972 2846 1293 2924 ἀνεχόμενοι
1337 2844 1511 2900 αὐτῶν
1553 2842 1750 2914 ἡδέως.
1805 2868 1834 2896 ‹‹
1863 2849 1979 2900 Τῶν

340 2935 588 3013 ἀφρόνων
619 2935 880 3013 φρόνιμοι
912 2931 1082 2996 ὄντες.
1120 2960 1140 2985 ι
1180 2934 1244 2991 Εἴ
1270 2935 1370 3011 γὰρ
1402 2934 1464 2988 τὸ
1506 2933 1594 2988 ἐπὶ
1645 2939 1760 2996 τοῖς
1812 2930 1981 2996 ὅντως

335 3023 534 3088 καλοῖς
577 3027 883 3100 καυχᾶσθαι
927 3023 1160 3103 ἂφρονός
1221 3022 1353 3093 ἐστι,
1412 3021 1610 3094 πολλῷ
1669 3020 1882 3095 μᾶλλον
1920 3023 1982 3078 τὸ

339 3113 428 3170 ἐπὶ
459 3120 576 3177 τοῖς
610 3117 685 3188 μὴ
739 3116 879 3169 οὖσι.
932 3115 1071 3175 Τοὺς
1111 3110 1592 3186 ψευδαποστόλους
1643 3110 1701 3167 δὲ
1748 3112 1981 3168 αἰνίττε-

325 3226 434 3260 ται.
472 3204 571 3260 Καὶ
629 3205 690 3258 τὸ
747 3202 906 3279 βαρὺ,
965 3203 1153 3280 φησὶν,
1204 3202 1287 3259 ὅτι
1345 3203 1433 3256 καὶ
1490 3202 1750 3280 φρόνιμοι
1809 3197 1975 3269 ὅντες,

334 3292 590 3368 ἀνέχεσθε
633 3292 832 3347 αὐτῶν.
896 3316 916 3342 ι
953 3291 1018 3348 Εἰ
1079 3293 1173 3363 μὲν
1219 3291 1319 3367 γὰρ
1366 3290 1464 3360 ἦτε
1513 3289 1759 3360 ἀνόητοι,
1797 3314 1823 3340 ››
1880 3289 1975 3345 κᾶίν

333 3383 668 3456 συγγνώμην
702 3379 899 3456 εἷ’χετε·
942 3385 1032 3434 νῦν
1078 3378 1155 3445 δὲ,
1201 3379 1256 3434 ἐν
1305 3377 1508 3449 εἷδιζσει
1557 3379 1794 3435 πταίετε.
1846 3403 1873 3432 ‹‹
1918 3377 1987 3435 Ei’

325 3491 412 3532 τις
467 3471 606 3543 ὑμᾶς
661 3467 1010 3528 καταδουλοῖ.
1048 3494 1075 3520 »
1132 3475 1266 3544 Ὅρα
1318 3468 1491 3537 πόσην
1551 3465 1976 3544 δουλοπρέπειαν

323 3561 740 3634 καταγινώσκει,
781 3558 870 3614 καὶ
936 3559 1010 3619 ὡς
1081 3560 1196 3631 μεθ’
1257 3553 1568 3631 ὑπερϐολῆς
1624 3556 1977 3614 ὑπεκὲκλιντο

325 3653 446 3709 τοῖς
470 3645 959 3721 ψευδαποστόλοις.
996 3672 1022 3699 ‹‹
1067 3645 1132 3702 1ιῖ
1162 3667 1246 3708 τις
1276 3647 1568 3716 κατεσθίει,
1609 3645 1662 3700 εἷ’
1697 3667 1781 3708 τις
1833 3646 1976 3720 λαμ-

337 3732 505 3794 ϐάνει.
532 3761 558 3788 ››
590 3739 751 3810 Ὁρᾷς
779 3736 891 3806 ζὸτι
943 3738 1033 3791 καὶ
1080 3737 1143 3792 τὸ
1187 3735 1488 3811 ἔμπροσθεν
1540 3736 1852 3812 εἰρημένον,
1893 3737 1976 3802 τὸ,

331 3831 450 3884 Ἵνα
479 3828 533 3882 ἐν
567 3827 612 3899 ᾦ
646 3833 954 3902 καυχῶνται
988 3829 1274 3899 εὑρεθῶσιν
1311 3827 1385 3881 ὡς
1443 3827 1616 3903 κάγὼ,
1667 3828 1802 3883 κατᾶ
1853 3848 1978 3901 συγ-

331 3919 586 3998 χώρησιν
623 3916 855 3992 εἴρηται,
886 3916 974 3972 καὶ
1006 3914 1144 3972 ὥστε
1177 3918 1252 3991 μή
1296 3915 1355 3970 ἐκ
1401 3916 1707 3989 προοιμίων
1762 3914 1977 3993 ἐλεγξαι

340 4007 557 4068 αὐτούς.
592 4011 696 4061 Νῦν
758 4006 860 4079 γὰρ
929 4003 1194 4061 δείκνυσιν
1259 4005 1454 4064 αὐτοὺς
1526 4004 1978 4077 ὑποκρινομένους

341 4096 435 4168 μὲν
468 4095 530 4149 τὸ
564 4096 641 4168 μή
674 4089 995 4166 λαμϐάνειν,
1027 4089 1410 4167 λαμϐάνοντας
1439 4091 1515 4149 δέ.
1547 4117 1574 4144 ‹‹
1609 4089 1677 4150 E'i
1715 4113 1798 4153 τις
1849 4093 1976 4170 γὰρ,

329 4185 483 4263 φησὶ,
509 4180 800 4257 λαμϐάνεν
833 4207 862 4235 ι)
893 4185 1005 4254 καὶ,
1038 4185 1100 4240 τὸ
1133 4189 1339 4256 μεῖζον,
1375 4204 1398 4228 ει
1430 4181 1500 4237 Ei’
1520 4203 1603 4246 τις
1629 4182 1917 4246 κατεσθίει.
1948 4204 1977 4234 ››

332 4277 504 4332 Τοῦτο
533 4276 634 4349 γὰρ
666 4271 854 4344 δηλοῖ,
887 4274 976 4328 καὶ
1007 4271 1421 4347 ἐκπιεζομὲνους
1471 4271 1664 4332 αὐτοὺς
1718 4271 1821 4326 ὑπὸ
1871 4275 1979 4325 τῶν

331 4360 813 4436 ψευδαποστόλων.
847 4384 875 4411 ‹‹
912 4361 976 4417 Ei'
999 4381 1084 4422 τις
1113 4360 1408 4435 ἐπαίρεται.
1443 4382 1471 4410 ››
1512 4359 1588 4416 Οὐ
1643 4359 1976 4434 σύμμετρος,

326 4452 516 4528 φησίν,
550 4451 703 4524 ὑμῶν
749 4453 782 4519 ἡ
845 4447 1089 4514 δουλεία,
1150 4445 1274 4503 οὔτε
1329 4448 1529 4523 ἣμεροι
1587 4449 1640 4502 οἱ
1699 4445 1974 4517 δεσπόται,

321 4536 474 4596 ἀλλᾶ
528 4538 777 4614 φορτικοί
831 4557 972 4598 τινες
1053 4535 1143 4590 καὶ
1228 4537 1732 4606 κατεξανιστάμενοι
1800 4536 1975 4609 ὑμῶν.

2087 621 2145 675 Si
2177 636 2313 674 vero
2348 618 2688 692 persuaderi
2711 634 2830 672 non
2853 617 3117 688 potestis,
3147 615 3251 671 sed
3308 614 3574 669 videntes
3629 631 3725 670 me

2086 711 2263 765 etiam
2294 709 2639 780 impellente
2669 708 3021 762 necessitate
3051 707 3178 761 haec
3209 704 3424 763 dicere.
3459 703 3529 758 ab
3579 704 3722 758 insi-

2084 799 2310 870 pientia
2343 804 2537 853 tamen
2570 797 2823 851 liberum
2857 813 2984 850 esse
3018 811 3137 850 non
3171 794 3478 852 duxeritis.
3513 792 3722 847 saltem

2084 894 2365 959 tanquam
2399 887 2777 958 insipientem
2812 886 3098 940 sustinete
3129 901 3221 938 me
3254 883 3552 938 dicentem
3592 899 3723 952 quae

2084 977 2321 1041 dico,ut
2343 992 2446 1048 ego
2489 976 2665 1029 veluti
2715 973 3158 1045 pseudapostoli
3209 971 3447 1044 glorier.
3510 971 3593 1024 Illi
3649 971 3724 1025 si-

2085 1065 2323 1136 quidem
2357 1067 2419 1120 in
2452 1072 2708 1120 vestrum
2741 1065 3023 1120 damnum
3058 1063 3379 1135 gloriantes
3401 1060 3475 1116 ad
3499 1062 3606 1116 hos
3632 1076 3725 1115 me

2084 1154 2389 1210 deducunt
2410 1171 2730 1211 sermones.
2761 1177 2786 1202 «
2813 1153 2976 1219 Quod
3001 1153 3149 1208 dico.
3178 1168 3297 1207 non
3337 1151 3466 1207 dico
3511 1167 3722 1205 secun-

2086 1245 2225 1301 dum
2249 1245 2588 1299 Dominum.
2620 1267 2639 1291 υ
2667 1244 2808 1297 Nam
2834 1242 3072 1315 gloriari
3096 1258 3213 1296 non
3265 1246 3354 1296 est
3398 1239 3723 1295 secundum

2087 1334 2399 1388 Dominum
2427 1348 2439 1397 ;
2466 1333 2749 1386 Dominus
2766 1331 3110 1402 enimjubet
3156 1347 3275 1384 non
3324 1329 3583 1402 gloriari.
3617 1331 3725 1384 Ita-

2086 1439 2200 1494 que
2231 1423 2406 1477 verba
2437 1422 2675 1492 quidem
2707 1437 2826 1475 non
2858 1428 2995 1475 sunt
3025 1419 3353 1476 secundum
3411 1418 3726 1474 Dominum

2085 1518 2143 1568 et
2172 1529 2384 1583 scopus
2415 1511 2730 1565 verborum
2762 1510 3002 1565 omnino
3035 1509 3359 1565 secundum
3406 1509 3722 1563 Dominum

2086 1607 2191 1656 est.
2222 1622 2242 1651 c
2269 1601 2378 1655 Sed
2403 1600 2560 1654 velut
2582 1617 2686 1670 per
2707 1599 3131 1671 insipientiam.
3160 1622 3177 1647 ι
3207 1597 3428 1653 Deinde
3489 1614 3562 1652 ne
3620 1614 3727 1669 per

2085 1690 2197 1745 hoc
2228 1689 2384 1760 quod
2411 1689 2628 1744 fatetur
2658 1705 2719 1744 se
2751 1705 2871 1743 non
2903 1687 3231 1743 secundum
3283 1687 3600 1743 Dominum
3641 1686 3724 1742 lo-

2086 1779 2271 1849 quiet
2296 1778 2452 1848 quod
2475 1778 2651 1833 veluti
2676 1794 2781 1849 per
2824 1777 3226 1848 insipientiam
3273 1776 3572 1848 loquatur,
3624 1792 3721 1830 oc-

2086 1867 2381 1923 casionem
2415 1867 2534 1921 illis
2566 1866 2787 1921 tribuat
2834 1867 3077 1937 majoris
3127 1866 3372 1920 convicii
3405 1884 3418 1932 ;
3463 1867 3722 1937 primum

2084 1957 2324 2027 quidem
2348 1973 2466 2010 non
2484 1956 2647 2024 dicit,
2682 1958 2794 2010 Per
2836 1956 3260 2028 insipientiam,
3315 1955 3438 2019 sed,
3499 1977 3526 2004 ‹‹
3559 1954 3726 2010 Velut

2081 2063 2190 2118 per
2211 2045 2639 2117 insipientiam.
2669 2068 2694 2092 ››
2721 2045 2944 2099 Deinde
2969 2045 3082 2099 ait:
3112 2067 3134 2094 ι
3157 2045 3220 2097 In
3247 2044 3356 2098 hoc
3406 2060 3722 2116 argumen-

2085 2142 2142 2190 to
2163 2137 2554 2208 gloriationis,
2579 2158 2606 2184 »
2633 2136 2743 2191 hoc
2766 2141 2874 2194 est.
2905 2137 2968 2190 In
2995 2137 3104 2190 hac
3147 2141 3311 2206 parte
3360 2135 3729 2207 gloriationis

2081 2243 2200 2282 non
2228 2227 2438 2296 loquor
2460 2227 2784 2281 secundum
2811 2225 3148 2280 Dominum.
3179 2225 3458 2289 Quaenam
3487 2241 3622 2295 pars
3645 2229 3734 2280 est

2083 2316 2401 2387 illa?qnod
2428 2315 2786 2388 gloriaturus
2812 2321 2920 2372 est,
2947 2313 3198 2369 dicendo
3228 2331 3240 2367 :
3268 2313 3546 2370 Hebrzrus
3598 2330 3726 2368 sum

2084 2411 2142 2460 et
2163 2404 2478 2472 Israelites,
2532 2411 2591 2458 et
2635 2421 2839 2458 semen
2881 2404 3126 2458 Abrahae
3194 2401 3352 2458 Talia
3381 2409 3577 2458 autem
3609 2419 3730 2457 non

2082 2492 2374 2548 retulitad
2398 2491 2813 2556 gloriationem
2835 2492 3050 2546 Christi
3098 2491 3261 2546 Unde
3307 2491 3483 2546 etiam
3517 2507 3726 2546 secun-

2085 2581 2226 2637 dum
2255 2599 2493 2637 carnem
2526 2583 2651 2636 hanc
2683 2598 2744 2635 se
2802 2580 2961 2652 loqui
3014 2581 3174 2636 dicit.
3236 2580 3516 2635 Gloriatio
3569 2582 3725 2635 enim

2085 2671 2412 2727 secundum
2436 2671 2730 2726 Christum
2755 2677 2844 2725 est
2870 2668 3281 2729 mansuetudo.
3337 2669 3726 2735 continentia,

2086 2760 2493 2816 sanctimonia
2508 2759 2672 2826 Quod
2687 2760 2843 2815 enim
2859 2759 3167 2814 Hebraeum
3182 2774 3309 2813 esse
3325 2764 3382 2812 et
3398 2757 3724 2813 Israelitem

2086 2849 2986 2916 nonsitsecundumDominum,
3012 2847 3150 2902 audi
3182 2864 3316 2902 eum
3356 2846 3724 2918 loquentem.

2089 2961 2116 2989 «
2134 2941 2260 2994 Non
2281 2939 2615 2993 estJudmus
2634 2954 2825 3008 neque
2845 2939 3077 2993 Grzncus
3091 2936 3154 2989 ⁸⁸.
3193 2959 3218 2984 ››
3239 2937 3326 3003 Et,
3361 2959 3388 2986 ‹‹
3411 2939 3466 2990 ln
3497 2936 3727 2990 Christo

2085 3029 2222 3083 Jesu
2243 3044 2452 3082 omnes
2475 3044 2572 3082 vos
2589 3043 2772 3082 unum
2799 3026 3016 3080 estis”.
3041 3046 3068 3074 η
3095 3056 3160 3064 -
3184 3025 3346 3079 Multi
3399 3025 3730 3097 gloriantur

2089 3117 2418 3172 secundum
2450 3132 2709 3171 carnem.
2744 3137 2769 3165 ››
2801 3115 2886 3168 Ab
2919 3113 3200 3179 externis,
3235 3114 3448 3184 inquit.
3482 3113 3592 3167 hoc
3616 3119 3726 3181 est,

2090 3224 2124 3262 a
2154 3206 2567 3279 generositate,
2602 3204 2758 3276 quod
2790 3204 3304 3260 circumcisionem
3362 3202 3624 3257 habeant
3671 3207 3730 3256 et

2088 3295 2318 3350 Hebraai
2353 3301 2508 3350 sunt.
2541 3317 2569 3345 «
2604 3294 2878 3349 Libenter
2903 3294 3063 3348 enim
3096 3292 3373 3348 sutTertis.
3437 3313 3464 3339 »
3521 3292 3726 3362 Itaque

2088 3402 2189 3440 vos
2203 3386 2262 3440 in
2276 3401 2456 3440 causa
2469 3385 2610 3439 estis
2633 3383 2732 3455 qui
2749 3383 3003 3438 libenter
3015 3381 3290 3438 suﬂ‘ertis.
3309 3405 3334 3430 ‹‹
3351 3381 3726 3452 Insipientes,

2089 3490 2223 3530 cum
2251 3475 2382 3530 sitis
2415 3474 2731 3546 sapientes.
2769 3496 2789 3523 ι
2829 3474 2972 3527 Nam
3004 3471 3051 3525 si
3085 3471 3157 3525 de
3189 3471 3280 3525 his
3303 3487 3432 3541 quae
3459 3485 3590 3524 vere
3622 3469 3726 3524 bo-

2088 3569 2259 3621 nesta
2282 3563 2670 3633 suntgloriari
2694 3563 3035 3634 insipientis
3077 3560 3380 3626 est,multo
3420 3561 3607 3631 magis
3664 3559 3726 3614 in

2088 3653 2180 3709 his
2205 3671 2334 3726 quae
2357 3669 2476 3708 non
2497 3659 2666 3709 sunt:
2689 3650 3179 3724 pseudapostolos
3198 3656 3396 3705 autem
3441 3650 3726 3720 designat.

2085 3744 2156 3800 Et
2183 3759 2353 3816 grave
2385 3747 2474 3796 est
2511 3741 2669 3813 quod
2699 3741 2780 3795 ait
2814 3758 2826 3794 :
2860 3742 3003 3796 Cum
3036 3739 3164 3794 sitis
3222 3739 3542 3810 sapientes,
3600 3755 3731 3792 sus-

2088 3833 2289 3888 tinetis
2321 3833 2498 3902 ipsos.
2533 3852 2561 3878 ››
2592 3832 2736 3883 Nam
2769 3830 2818 3883 si
2851 3830 3199 3900 insipientes
3229 3833 3331 3883 aut
3366 3827 3511 3882 fatui
3571 3842 3730 3881 esse-

2088 3923 2184 3985 tis,
2219 3921 2449 3975 veniam
2485 3935 2625 3974 sane
2657 3918 2991 3974 haberetis:
3026 3935 3184 3972 nunc
3228 3923 3426 3973 autem
3476 3917 3730 3972 scientes

2089 4016 2148 4067 et
2171 4009 2490 4082 prudentes
2514 4007 2803 4062 labimini.
2827 4031 2852 4057 «
2887 4007 2943 4062 Si
2977 4008 3107 4078 quis
3140 4024 3237 4061 vos
3268 4007 3328 4061 in
3386 4007 3727 4061 servitutem

2088 4097 2289 4170 adigit.
2329 4117 2349 4144 ο
2385 4095 2527 4150 Vide
2572 4101 2855 4165 quantam
2916 4093 3296 4150 servilitatem
3345 4094 3726 4165 improperet,

2086 4194 2152 4243 ut
2184 4186 2361 4241 etiam
2393 4183 2864 4256 pseudapostolis
2894 4184 3111 4238 mirum
3143 4183 3205 4238 in
3257 4184 3498 4240 modum
3549 4183 3730 4254 subji-

2087 4277 2340 4332 ciantur.
2382 4296 2406 4324 σ
2438 4273 2492 4328 Si
2526 4273 2659 4344 quis
2691 4272 2905 4339 exedit,
2941 4271 2987 4326 si
3020 4273 3153 4342 quis
3183 4273 3415 4342 accipit.
3471 4294 3497 4322 »
3546 4271 3725 4327 Vides

2086 4364 2245 4436 quod
2268 4364 2447 4418 etiam
2471 4363 2529 4418 id
2549 4362 2706 4434 quod
2728 4363 2891 4434 prius
2915 4362 3139 4416 dictum
3189 4365 3298 4426 est,
3343 4366 3410 4416 ut
3457 4361 3518 4416 in
3563 4376 3630 4415 eo
3661 4361 3724 4416 in

2087 4470 2203 4526 quo
2226 4453 2575 4526 gloriantur,
2610 4451 2986 4524 reperiantur
3024 4451 3174 4505 sicut
3196 4456 3249 4504 et
3285 4467 3414 4513 nos,
3448 4466 3554 4520 per
3583 4466 3726 4505 con-

2087 4543 2418 4598 cessionem
2442 4541 2666 4595 dictum
2689 4542 2849 4606 sit,et
2871 4557 2944 4595 ne
2968 4540 3040 4595 ab
3073 4539 3312 4594 exordio
3358 4539 3556 4593 statim
3592 4539 3726 4594 illos

327 4650 357 4678 α
397 4624 565 4687 Εῗνις
601 4627 742 4699 ὑμᾶς
772 4624 848 4686 εἷς
904 4624 1196 4700 πρόσωπον
1245 4622 1407 4698 δέρει.
1445 4649 1471 4676 ››
1523 4623 1678 4687 Εἶδες
1737 4624 1975 4680 ἐπίτασιν

2091 4637 2402 4705 argueret:
2432 4633 2584 4688 689
2609 4647 2770 4686 nunc
2820 4631 2978 4686 enim
3030 4630 3289 4685 ostendit
3317 4629 3474 4701 quod
3501 4629 3586 4683 illi
3622 4630 3728 4685 ﬂu-

325 4713 584 4776 ἀποννίας
636 4715 812 4769 αὐτῶν
852 4715 942 4768 καὶ
992 4712 1325 4788 τυραννίδος,
1375 4713 1465 4768 καὶ
1514 4713 1596 4769 ὅτι
1648 4716 1721 4776 ὡς
1777 4712 1976 4790 ἀνδρα-

327 4801 523 4866 πόδοις
559 4803 740 4864 αὐτοῖς
797 4802 1145 4877 ἐκέχρηντος
1208 4827 1235 4854 α
1272 4803 1416 4858 Κατά
1473 4803 1693 4877 ἀτιμίαν
1748 4803 1911 4880 λέγω.
1946 4828 1973 4856 »

331 4893 457 4969 Οὐχ
486 4894 568 4948 ὅτι
599 4893 878 4958 τύπτεσθε,
912 4892 1095 4964 φησὶν,
1129 4889 1256 4947 ἀλλ’
1289 4893 1373 4946 ὅτι
1400 4897 1510 4947 τῶν
1557 4893 1635 4954 εἰς
1685 4895 1976 4967 πρόσωπον

323 4981 681 5054 τυπτομένων
735 4980 834 5035 οὐκ
905 4973 1128 5035 ἔλαττον
1212 4980 1478 5059 πάσχετε,
1534 4983 1608 5042 ὡς
1668 4981 1716 5036 εἲ
1772 4979 1973 5058 ἔλεγεν.

321 5072 468 5144 Πρὸς
500 5065 654 5145 ὕϐριν
690 5070 818 5141 ὑμῖν
877 5067 1021 5142 λέγω
1076 5072 1259 5124 τοῦτο.
1316 5068 1382 5126 Τί
1439 5074 1726 5146 τοιγαροῦν
1779 5072 1976 5127 τούτου

323 5158 523 5236 γένοιτ’
556 5160 614 5213 ἄν
649 5159 1031 5232 αἰσχρότερον,
1063 5157 1191 5212 ὅταν
1228 5158 1319 5212 καὶ
1365 5159 1434 5212 τά
1483 5161 1748 5232 χρήματα
1797 5161 1970 5232 ὑμῶν,

323 5249 416 5304 καὶ
447 5250 546 5317 τὴν
579 5245 908 5321 ἐλευθερίαν,
940 5245 1028 5300 καὶ
1060 5247 1157 5313 τήν
1207 5249 1375 5319 τιμήν
1422 5247 1776 5325 ἀφελόμενοι,
1833 5248 1975 5323 μηδὲ

325 5337 501 5398 οὕτως
533 5334 662 5390 ὦσιν
715 5336 959 5408 ἣμεροι;
1026 5333 1231 5391 «Ἀλλ’
1290 5331 1744 5410 ὑϐριστικώτερον
1803 5338 1974 5416 ἀργυ-

318 5429 579 5506 ρωνήτων
639 5426 766 5497 ὑμῖν
816 5424 1248 5499 κεχρημένοις»
1303 5426 1395 5480 Διό
1449 5446 1604 5500 φησι,
1663 5429 1808 5483 Κατᾶ
1855 5428 1968 5482 ἀτι-

323 5515 452 5592 μίαν
486 5516 653 5590 Λέγω.
693 5540 712 5564 ι
748 5515 836 5575 Ὡς
865 5513 949 5568 δτι
981 5515 1145 5585 ἡμεῖς
1175 5514 1567 5588 ἠσθενήσαμεν.
1592 5539 1620 5567 ››
1647 5516 1878 5593 ’Λσαφὶς
1908 5517 1970 5572 τὸ

393 5689 439 5724 ⁸⁸
468 5684 655 5744 Galat.
692 5699 772 5755 ιιι,
806 5686 898 5741 28.
929 5683 980 5720 ⁶⁹
1007 5683 1157 5740 Ibid.
1211 5741 1216 5744 _

2088 4729 2292 4794 gerent
2319 4721 2559 4793 quidem
2593 4737 2652 4775 se
2685 4736 2803 4776 non
2834 4719 3230 4791 accipere,sed
3267 4725 3465 4774 tamen
3495 4719 3724 4790 accipe-

2087 4818 2239 4867 rent.
2265 4812 2533 4866 Aitenim
2560 4829 2572 4866 :
2604 4830 2624 4857 α
2651 4809 2706 4863 Si
2731 4811 2863 4881 quis
2910 4809 3144 4880 accipit,
3181 4832 3201 4856 -
3226 4809 3499 4880 quodque
3533 4809 3725 4880 majus

2089 4906 2198 4966 est,
2233 4922 2260 4950 «
2295 4900 2351 4955 Si
2387 4900 2518 4971 quis
2551 4900 2777 4955 exedit:
2809 4921 2837 4949 »
2890 4899 2948 4954 id
3005 4898 3164 4952 enim
3223 4898 3520 4970 signiﬁcat
3563 4898 3727 4969 ipsos

2089 4989 2401 5061 depressos
2432 5006 2465 5043 a
2495 4987 2991 5060 pseudapostolis.
3026 5009 3052 5035 «
3087 4988 3143 5042 Si
3177 4989 3310 5057 quis
3368 4988 3596 5043 extollit
3643 5003 3730 5041 se-

2085 5093 2168 5134 se.
2207 5098 2231 5127 ν
2266 5080 2390 5132 Non
2424 5083 2531 5142 est,
2564 5077 2779 5148 inquit,
2847 5077 3154 5131 moderata
3207 5082 3402 5132 vestra
3454 5077 3726 5143 servitus,

2086 5181 2280 5236 neque
2302 5166 2598 5221 mansueti
2621 5165 2981 5220 domini.sed
3003 5181 3204 5238 graves
3233 5172 3290 5220 et
3309 5166 3369 5220 in
3391 5182 3490 5219 vos
3529 5166 3726 5221 insur-

2082 5260 2306 5328 gentes.
2342 5278 2369 5304 ‹‹
2407 5255 2460 5310 Si
2493 5255 2626 5326 quis
2656 5255 2716 5309 in
2748 5254 2959 5308 faciem
2990 5272 3089 5309 vos
3120 5255 3293 5310 caedit
3349 5277 3375 5302 »
3411 5255 3582 5310 Vides
3633 5256 3724 5310 in-

2081 5341 2416 5398 tensionem
2444 5357 2644 5396 eorum
2671 5342 3020 5412 arrogantiae
3045 5341 3472 5412 ettyrannidis,
3489 5347 3547 5395 et
3567 5341 3724 5412 quod

2081 5436 2392 5486 uterentur
2421 5431 2506 5485 eis
2535 5430 2713 5485 veluti
2744 5430 3062 5500 mancipiis
3083 5429 3111 5482 ’I
3145 5451 3171 5480 «
3201 5431 3371 5485 Juxta
3426 5437 3726 5487 contume-

2078 5517 2222 5574 liam
2245 5519 2399 5575 dico.
2435 5542 2462 5570 ιι
2494 5521 2618 5575 Non
2660 5519 2816 5591 quod
2874 5519 3289 5580 verberemini,
3346 5520 3561 5592 inquit,
3623 5519 3725 5576 sed
