4048 6250
377 235 530 296 1055

1496 239 1921 305 (ΕΟΗΜΕΝΠ
1967 241 2272 306 ΤιιΙΟΟΑΞ
2316 241 2689 304 EPISCOPI.

3591 252 3702 313 1056

378 367 538 440 quod
568 385 688 425 non
719 368 918 424 minus
950 371 1262 442 patiamini
1293 372 1366 428 iis
1399 371 1499 445 qui
1530 373 1592 430 in
1649 372 1862 431 faciem
1903 391 2017 430 caa-

2136 373 2438 448 εἶρημένον.
2475 371 2699 443 Ἐπειδῆ
2731 371 2830 451 γὰρ
2895 375 3154 453 φορτικὸν
3200 373 3290 446 ἦν,
3340 373 3421 434 διὰ
3464 381 3596 434 τοῦτο
3641 382 3709 438 οὔ·

377 457 706 512 duntur.Ac
729 459 778 512 si
821 459 1083 514 diceret:
1132 461 1215 516 Ad
1261 463 1688 518 contumeliam
1721 463 1884 518 vobis
1914 465 2026 520 hoc

376 545 524 601 dico.
556 547 705 611 Quid
737 548 915 618 igitur
946 548 1319 606 indecentius
1351 552 1460 606 hac
1493 568 1555 606 re
1615 551 1743 607 fleri
1802 559 2023 625 posset,

375 636 612 706 quando
638 640 993 708 etpecunias
1015 647 1237 696 vestras
1258 646 1312 695 et
1365 641 1700 698 libertatem
1755 650 1808 698 et
1838 644 2024 699 hono-

374 742 501 780 rem
533 726 888 792 auferentes,
951 745 1025 783 ne
1083 729 1163 784 ita
1217 729 1455 800 quidem
1513 732 1865 787 leniuntur?
1921 733 2025 788 sed

379 814 732 884 injuriosius
799 816 964 870 vobis
1039 825 1308 884 utuntur,
1395 837 1573 890 quam
1656 821 1703 875 si
1781 829 2023 894 argento

380 905 683 959 emissent.
718 905 854 960 Ideo
887 907 967 960 ait
1001 923 1014 960 :
1054 930 1072 955 ι
1108 909 1279 963 Juxta
1309 910 1724 965 contumeliam
1785 911 1936 966 dico.
1996 934 2017 962 ι

379 1022 443 1034 ο-
479 1015 507 1044 ‹‹
541 995 789 1049 Perinde
850 997 1015 1066 quasi
1077 1014 1184 1053 nos
1244 998 1575 1054 imbecilles
1632 1000 1938 1056 fuerimus.
1995 1022 2024 1052 η

381 1082 709 1138 Obscurum
744 1089 833 1138 est
863 1085 1019 1156 quod
1049 1086 1284 1144 dicitur.
1319 1089 1608 1153 Quoniam
1645 1089 1802 1144 enim
1851 1106 2022 1163 grave

381 1178 525 1242 erat,
560 1173 692 1228 ideo
724 1173 872 1229 illud
906 1175 986 1231 ita
1017 1177 1236 1248 posuit,
1295 1184 1359 1232 ut
1413 1179 1774 1234 obscuritate
1824 1179 2024 1236 occul-

376 1267 528 1316 taret
559 1263 891 1319 molestiam
923 1271 981 1318 et
1026 1265 1082 1319 id
1138 1267 1296 1338 quod
1355 1275 1481 1323 erat
1543 1269 1860 1334 odiosum;
1912 1271 2022 1324 hoc

372 1357 464 1405 est
485 1351 641 1406 enim
668 1353 824 1423 quod
851 1353 1024 1408 dicit:
1052 1357 1139 1410 An
1167 1357 1327 1411 enim
1354 1363 1408 1411 et
1437 1375 1545 1412 nos
1578 1359 1782 1413 eadem
1828 1358 2020 1415 facere

373 1456 492 1494 non
517 1443 874 1511 possumus?
895 1461 999 1498 cur
1022 1445 1358 1515 igiturillos
1410 1449 1690 1515 sufl‘ertis,
1737 1455 2020 1519 tanquam

372 1546 484 1585 nos
516 1531 720 1585 eadem
750 1531 943 1587 facere
975 1550 1093 1588 non
1127 1553 1531 1606 possemus.—
1564 1540 1684 1592 Alio
1717 1539 2022 1593 modo.Cu-

362 1619 466 1692 jus
491 1620 700 1691 gratia,
726 1621 940 1691 inquit,
974 1621 1109 1677 illos
1143 1623 1202 1678 in
1237 1625 1329 1680 his
1361 1627 1620 1681 suﬂertis
1643 1625 1670 1681 ?
1727 1643 1801 1682 an
1862 1626 2021 1698 quod

2131 483 2240 524 τως
2302 461 2432 518 αὐτὸ
2490 465 2740 532 τέθεικεν,
2798 466 2890 519 ἳνα
2946 463 3120 540 κλέψῃ
3184 466 3281 533 τήν
3354 465 3612 541 ἒπὰχθειαν
3661 475 3716 544 τῇ

2133 551 2383 632 ἀσαφείᾳ.
2414 557 2480 610 Ὃ
2508 555 2610 628 γὰρ
2641 552 2788 629 λέγει
2817 558 2980 608 τοῦτο
3040 551 3172 609 ἔστι·
3228 556 3313 623 Μὴ
3365 556 3460 627 γὰρ
3505 558 3556 610 ού
3599 555 3716 614 δυνά-

2137 653 2270 715 μεθα
2304 642 2388 696 xvi
2419 643 2582 714 ἡμεῖς
2622 643 2687 697 τὰ
2719 643 2852 697 αύτά
2909 649 3080 698 ποιεῖν
3113 663 3125 711 ;
3186 644 3335 704 τίνος
3379 641 3534 700 ἕνεκεν
3575 647 3719 722 ἄνεχε-

2133 735 2225 785 σθε
2251 731 2450 796 αὐτῶν,
2483 731 2554 792 ὡς
2587 721 2745 804 ἡμῶν
2793 733 2869 806 μή
2905 729 3214 805 δυναμένων
3242 737 3406 787 ταύτα
3460 742 3612 790 ποιεῖν
3634 756 3644 804 ;
3669 771 3718 780 --

2135 818 2380 880 Ἄλλως.
2445 820 2605 881 Τίνος
2663 819 2857 888 ἓ-ιεκεν,
2928 823 3104 895 φησὶν,
3162 821 3336 875 αὐτῶν
3394 823 3619 898 ἆνεχεσθε
3663 825 3718 887 εἷς

2132 914 2296 964 ταῦτα
2325 928 2338 976 ;
2371 909 2444 969 ὡς
2476 909 2636 980 ἡμῶν
2665 909 3025 963 ἀσθενούντων
3057 916 3089 977 ἦ
3129 912 3207 984 μή
3244 907 3536 980 δυναμένων
3587 912 3719 974 οὕτως

2137 998 2264 1071 ὑμῖν
2293 998 2746 1072 ἀποκεχρῆσθαις
2807 995 3112 1067 Πληκτικὸν
3169 996 3226 1053 δε
3279 997 3475 1078 σφόδρα
3517 1001 3572 1054 τὸ
3615 1001 3722 1074 εἰρη-

2135 1087 2309 1158 μένον.
2341 1085 2434 1140 Διὸ
2467 1084 2556 1140 καί
2587 1087 2806 1162 ἀσαφῶς
2839 1087 2968 1140 αὐτὸ
3015 1087 3269 1160 τέθεικεν.
3323 1086 3392 1143 Εἴ
3446 1089 3560 1163 γὰρ,
3605 1090 3721 1162 emi,

2133 1174 2221 1232 διὰ
2275 1178 2436 1230 τοῦτο
2494 1176 2688 1238 αυτοῦς
2737 1179 2952 1246 τιμᾶτε,
3004 1173 3190 1244 ἐπειδῆ
3279 1170 3568 1250 ὑϐρῖζουσιν
3615 1177 3720 1246 ὑμᾶς

2130 1265 2508 1340 ἐπαιρόμενοι,
2541 1266 2629 1319 καὶ
2683 1264 2946 1336 μονονοὺκ
2996 1263 3070 1327 εἷς
3114 1265 3405 1336 πρόσωπον
3460 1266 3724 1332 τύπτοντες,

2131 1353 2400 1427 δυνάμεθα
2458 1352 2546 1408 καὶ
2602 1355 2767 1427 ἡμεῖς
2820 1357 2984 1407 ταῦτα
3042 1359 3238 1408 ποιεῖν.
3311 1353 3397 1414 Ὠς
3453 1355 3593 1425 ἡμῶν
3644 1355 3720 1430 «(is

3086 1441 3315 1503 ἐκείνοις

2130 1535 2286 1608 Ὁρᾷς
2319 1533 2492 1603 πόσης
2525 1531 2866 1602 ἐπιπλήξεως
2897 1534 3048 1609 γέμει
3107 1534 3173 1587 τὸ
3227 1531 3539 1607 εἷρημὲνονς
3587 1537 3725 1587 Dim

2127 1621 2185 1678 δὲ
2214 1629 2314 1693 τῆς
2349 1621 2563 1676 ἐκείνων
2595 1621 2851 1682 ἀπονοίας
2898 1622 2997 1691 τὴν
3045 1622 3248 1689 αἲτίαν,
3296 1621 3500 1682 τούτοις
3542 1619 3706 1691 ἐπικλᾷ

2129 1446 2262 1516 πρὸς
2345 1447 2510 1498 ταῦτα
2596 1442 2998 1512 ἆτονησαντων,
3086 1441 3315 1503 ἐκείνοις
3405 1440 3724 1505 ὕποκλῖνεσθε.

374 1725 483 1764 nos
506 1709 837 1766 imbecilles
863 1711 1068 1782 simus,
1093 1719 1289 1770 etnon
1313 1715 1610 1787 possimus
1661 1717 1786 1788 pari
1844 1716 2019 1771 modo

2136 1712 2227 1768 Διὰ
2259 1712 2349 1766 οὖν
2373 1711 2561 1780 ταῦτα,
2594 1710 2779 1791 φησὶν,
2820 1710 3198 1787 ἀναγκάζομαι
3226 1708 3316 1764 ἵνα
3351 1711 3482 1783 ὑμᾶς
3509 1716 3598 1779 τῆς
3618 1710 3716 1765 τού-

368 1801 533 1856 vobis
564 1801 778 1857 abuti?
807 1803 908 1857 Est
965 1809 1165 1860 autem
1225 1807 1607 1863 vehementer
1646 1807 2018 1880 pungitivum

2136 1825 2235 1858 των
2260 1801 2576 1872 ἀλαζονείας
2603 1799 2927 1873 ἀπαλλάξω,
2952 1799 3060 1880 οὐχ
3074 1799 3169 1855 ἵνα
3191 1800 3416 1874 ἐμαυτὸν
3447 1801 3720 1875 λαμπρύνω.

374 1907 441 1945 ac
475 1893 902 1963 increpativum
938 1893 1095 1964 quod
1123 1895 1360 1962 dicitur,
1389 1901 1448 1950 et
1478 1897 1698 1952 idcirco
1731 1897 1980 1952 obscure
2011 1895 2162 1950 illud
2215 1895 2429 1966 posuit.
2489 1895 2630 1947 Nam
2691 1892 2738 1947 si
2798 1898 3134 1964 propterea,
3197 1893 3407 1964 inquit,
3465 1892 3582 1947 illos
3624 1892 3714 1947 ho-

366 1981 596 2035 noratis
633 1980 789 2051 quod
823 1981 1100 2052 injuriosi
1135 1984 1275 2050 sint,
1309 2001 1438 2040 sese
1471 1985 1532 2040 in
1563 2003 1663 2041 vos
1721 1987 2036 2059 erigentes,
2097 1991 2156 2040 et
2204 1983 2633 2057 propemodum
2687 1983 2750 2036 in
2807 1981 3018 2036 faciem
3081 1981 3394 2046 caedentes,
3453 1998 3715 2053 possumus

370 2085 605 2140 quoque
641 2074 698 2122 et
729 2085 837 2123 nos
869 2069 982 2125 ista
1011 2071 1223 2126 facere.
1259 2074 1435 2139 Quasi
1478 2075 1637 2130 enim
1668 2092 1778 2130 nos
1811 2077 1868 2130 in
1899 2075 1991 2130 his
2021 2073 2334 2129 inferiores
2366 2088 2652 2138 essemus,
2685 2070 2805 2126 illis
2836 2070 3225 2142 subjicimini.
3293 2070 3494 2137 Viden,
3557 2075 3730 2141 quanta

372 2157 618 2229 plenum
651 2158 725 2212 sit
754 2157 1160 2231 increpatione
1193 2162 1353 2234 quod
1382 2163 1604 2219 dictum
1637 2165 1780 2220 est?
1812 2166 1911 2220 His
1939 2169 2137 2220 autem
2189 2167 2456 2234 amputat
2511 2177 2748 2216 omnem
2802 2176 3042 2215 causam
3101 2161 3444 2232 arrogantiae
3497 2159 3709 2214 illorum.

373 2247 622 2317 Propter
652 2248 762 2302 hoc
796 2248 971 2321 igitur
1002 2251 1346 2322 compellor,
1407 2253 1622 2324 inquit,
1684 2261 1748 2310 ut
1807 2271 1907 2310 vos
1966 2254 2038 2309 ab
2097 2253 2340 2308 illorum
2397 2251 2551 2306 fastu
2602 2249 2870 2315 liberem,
2935 2266 3055 2304 non
3116 2255 3184 2306 ut
3230 2251 3507 2321 meipsum
3533 2247 3718 2304 clarum

375 2336 704 2392 ostendam.

445 2425 536 2493 XI,
570 2427 737 2481 21-23
795 2449 822 2478 «
852 2431 917 2483 In
949 2445 1302 2503 quocunque
1333 2433 1770 2507 audetaliquis.
1799 2451 1905 2507 per
1928 2435 2020 2490 in-

375 2537 403 2565 «
432 2515 770 2588 sipientiam
805 2516 1036 2590 loquor,
1069 2521 1257 2576 audeo
1290 2528 1348 2576 et
1372 2539 1496 2596 ego.
1563 2524 1790 2580 Hebraei
1833 2524 2024 2579 sunt?

374 2626 402 2654 «
437 2611 494 2659 et
521 2621 646 2678 ego.
684 2607 966 2662 lsraelitae
1000 2611 1194 2666 sunt?
1225 2617 1281 2666 et
1312 2627 1438 2685 ego.
1500 2613 1712 2670 Semen
1770 2613 2021 2670 Abrahaa

377 2715 404 2741 ‹-
439 2700 575 2748 sunt
608 2693 636 2748 ?
665 2699 723 2749 et
753 2711 879 2769 ego.
913 2697 1162 2754 Ministri
1206 2701 1421 2756 Christi
1477 2703 1671 2757 sunt?
1721 2702 2022 2774 desipiens

380 2805 406 2831 ‹‹
443 2782 677 2854 loquor,
711 2784 846 2856 plus
877 2802 1000 2859 ego.
1036 2809 1064 2836 »

451 2872 773 2928 Considera
794 2890 1026 2930 rursum
1062 2877 1240 2933 tantis
1269 2895 1388 2933 non
1423 2885 1765 2937 contentum
1798 2897 2022 2954 praepa-

377 2961 706 3017 rationibus
729 2979 796 3018 ac
814 2966 1298 3036 correctionibus,
1345 2969 1450 3024 sed
1503 2987 1660 3027 nunc
1711 2972 1866 3029 690
1897 2989 2023 3028 rem

2202 2431 2286 2484 Ἐν
2343 2429 2389 2502 ᾧ
2447 2425 2492 2482 δ’
2546 2427 2606 2482 ἄν
2685 2447 2766 2489 τις
2849 2426 3054 2498 τολμᾷ,
3125 2427 3179 2481 ἐν
3260 2426 3515 2502 ἀφροσύνῃ
3584 2423 3711 2495 λέγων

2129 2519 2325 2593 τολμῶ
2391 2516 2560 2593 κάγώ.
2625 2512 2870 2590 Ἐϐραῖοί
2931 2515 3031 2570 εἶσι
3094 2535 3108 2584 ;
3191 2516 3364 2593 κάγώ.
3446 2510 3706 2586 Ἰσραηλῖται

2132 2608 2274 2678 eiul;
2322 2607 2493 2684 κάγώ.
2558 2606 2785 2678 Σπέρμα
2843 2599 3101 2681 Ἀϐραάμ
3160 2605 3308 2674 sim;
3366 2604 3516 2676 κᾶγώ.
3565 2600 3702 2655 Auim-

2131 2719 2219 2753 νοι
2295 2699 2529 2773 Χριστοῦ
2631 2696 2797 2763 elei;
2901 2699 3270 2772 παραφρονῶν
3368 2692 3524 2760 λαλῶ,
3600 2690 3694 2742 ὕπε-

2132 2787 2263 2863 ὶγώ.
2475 2874 2488 2880 ⁵
2648 2875 2659 2880 _
2710 2876 2720 2880 _
3150 2875 3160 2880 _
3406 2876 3416 2880 _
3469 2872 3480 2880 .
3580 2867 3608 2880 γ’

2201 2879 2341 2948 Ὀρα
2396 2874 2561 2930 πάλιν
2603 2875 2760 2930 αὐτὸν
2826 2879 2943 2935 ταῖς
2997 2875 3290 2936 τοσαύταις
3354 2876 3426 2947 μή
3460 2872 3669 2945 ἀρκεσθέντα

2133 2964 2619 3042 προδιορθώσεσιν,
2677 2963 2825 3019 ἀλλὰ
2877 2967 2965 3017 νῦν
3025 2955 3244 3037 τόλμαν
3323 2965 3410 3019 καὶ
3463 2955 3666 3042 (lusoriam

374 3050 565 3122 ipsam
589 3053 827 3124 appelat
843 3055 1150 3111 audaciam
1171 3065 1224 3113 et
1249 3059 1650 3131 insipientiam
1674 3080 1686 3130 ;
1710 3080 1777 3118 ac
1809 3080 2020 3137 prope-

2136 3053 2406 3111 καλοῦντα
2437 3056 2497 3109 τὸ
2559 3060 2805 3130 πρᾶγμα,
2863 3053 2948 3108 καῖ
3015 3054 3321 3129 μονονουχὶ
3381 3051 3572 3125 λέγοντι·
3613 3049 3680 3109 llas,

374 3141 616 3196 modum
636 3143 835 3197 ait:Vi
861 3145 1104 3202 adactus
1127 3148 1199 3202 ad
1223 3149 1342 3205 haec
1394 3151 1585 3206 venio.
1639 3154 1771 3208 Haec
1819 3161 2018 3209 autem

373 3229 514 3285 facit
545 3248 652 3286 nos
684 3233 1008 3302 instruens,
1069 3239 1422 3294 necessitate
1472 3258 1589 3295 non
1644 3249 1888 3316 cogente
1946 3242 2020 3298 ad

374 3319 716 3389 hujusmodi
751 3323 1104 3378 veniendum
1135 3343 1252 3381 non
1281 3344 1411 3382 esse
1445 3347 1768 3386 sermones.
1794 3334 1857 3388 In
1881 3349 2020 3404 qua-

378 3423 612 3478 cunque
644 3424 707 3462 re
734 3408 913 3464 audet
942 3411 1158 3482 aliquis
1188 3415 1427 3484 gloriari
1449 3418 1610 3489 (nam
1642 3420 1767 3474 haec
1800 3422 2022 3492 pariter

376 3496 787 3553 subaudienda
819 3506 1001 3567 sunt),
1033 3501 1221 3558 audeo
1255 3509 1311 3558 et
1341 3520 1465 3577 ego.
1501 3529 1527 3556 ‹‹
1563 3509 1790 3565 Hebraei
1821 3510 2023 3565 sunt?

378 3591 436 3640 et
465 3603 590 3659 ego.
625 3609 652 3636 »
681 3589 881 3659 Neque
909 3590 1066 3646 enim
1099 3608 1307 3647 omnes
1368 3595 1595 3652 Hebraei
1655 3605 1824 3654 erant
1875 3616 2020 3670 quo-

373 3691 484 3745 que
528 3677 845 3746 Israelitae,
899 3679 1001 3734 sed
1063 3687 1234 3736 erant
1292 3684 1467 3737 ctiam
1531 3690 1589 3740 et
1639 3686 1910 3743 Moabitaa
1967 3694 2025 3744 et

373 3766 764 3821 Ammanitae:
801 3767 935 3822 ideo
964 3786 1131 3825 suam
1162 3775 1620 3844 generositatem
1677 3778 2023 3834 manifesta—

374 3853 473 3908 vit.
509 3856 813 3911 Estautem
833 3859 1470 3934 perinterrogationem
1485 3865 1822 3938 legendum.
1857 3867 2022 3933 Quod

376 3949 574 3998 autem
596 3944 708 3998 ait:
736 3967 762 3993 ι(
789 3947 1036 4002 Ministri
1061 3950 1275 4005 Christi
1325 3960 1484 4021 sunt,
1535 3977 1562 4004 »
1600 3957 1773 4026 juxta
1804 3958 2023 4028 pseud-

378 4031 781 4101 apostolorum
810 4050 1146 4092 sermonem
1169 4039 1280 4094 hoc
1307 4042 1537 4097 effatur.
1567 4066 1592 4092 «
1618 4045 1757 4099 Plus
1771 4062 1936 4118 ego.»
1959 4047 2022 4101 Id

380 4124 488 4185 est,
522 4120 726 4191 magis.
763 4123 1171 4181 excellentius.
1229 4130 1602 4204 Rursumque
1660 4151 1785 4189 rem
1832 4135 2020 4208 ipsam

376 4209 1382 4282 vocatinsipientiam.Aiuntautem
1400 4221 1641 4291 quidam
1695 4240 1814 4280 non
1845 4241 2022 4296 opor-

374 4303 499 4354 tere
523 4315 628 4371 per
649 4299 1174 4376 interrogationem
1200 4307 1360 4364 hunc
1375 4311 1635 4381 proferre
1661 4329 2022 4370 sermonem.

378 4388 479 4444 sed
509 4391 751 4445 omnino
786 4409 1000 4464 negare
1031 4395 1192 4465 ipsos
1247 4413 1374 4452 esse
1429 4399 1644 4454 Christi
1697 4402 2021 4459 ministros.

380 4477 491 4532 Sed
509 4478 762 4534 dicimus
789 4481 947 4551 quod
996 4482 1107 4537 hoc
1157 4485 1322 4556 prius
1356 4486 1496 4541 fecit
1526 4505 1658 4544 cum
1692 4490 1851 4562 ipsos
1884 4491 2031 4547 dixit

384 4566 896 4638 pseudapostolos.
929 4570 1242 4644 l‘licitaque
1265 4573 1800 4646 adinquisitionem
1835 4596 2028 4637 sermo

382 4655 671 4724 pervenit,
703 4672 814 4710 nec
845 4665 1077 4728 oportet
1107 4677 1239 4714 eum
1269 4667 1444 4717 antea
1496 4665 1898 4733 manifestare,
1927 4667 2031 4722 sed

386 4741 664 4811 operibus
702 4743 978 4800 exhibere
1037 4747 1629 4820 demonstrationem,
1691 4755 1847 4826 quod
1905 4756 2030 4827 ipse

389 4829 628 4900 quidem
652 4831 863 4887 Christi
887 4835 1158 4892 minister
1174 4845 1350 4906 esset,
1372 4840 1459 4895 illi
1480 4859 1614 4897 vero
1637 4859 1757 4898 non
1808 4849 2028 4904 essent.

391 4940 417 4969 «
448 4920 753 4992 Desipiens
785 4921 1012 4994 loquor.
1044 4948 1070 4974 »
1105 4927 1223 4982 Hoc
1255 4933 1363 4997 est,
1397 4947 1734 5003 quanquam
1767 4933 2030 4989 nonnul-

385 5007 460 5064 lis
493 5010 765 5082 desipere
797 5013 1018 5081 videar,
1054 5014 1293 5072 dicens:
1327 5040 1356 5068 «
1411 5020 1552 5076 Plus
1608 5039 1735 5095 ego.
1795 5044 1826 5074 ››
1886 5025 2032 5080 Nam

385 5115 515 5169 quae
550 5103 795 5159 omnino
836 5103 1192 5176 desipientia
1225 5113 1313 5162 est
1338 5109 1496 5180 quod
1555 5112 1816 5184 seipsum
1871 5113 2034 5171 dicat

385 5205 516 5244 esse
548 5192 891 5247 ministrum
925 5193 1251 5265 plusquam
1283 5198 1726 5271 pseudapostoli
1755 5202 1783 5256 ?

459 5280 564 5346 XI,
597 5283 788 5337 23-27.
822 5284 881 5337 In
911 5283 1188 5340 laboribus
1215 5289 1506 5357 mpiosius,
1525 5290 1582 5344 in
1613 5292 1922 5349 verberibus
1944 5309 2034 5349 su-

381 5385 492 5438 pra
524 5371 762 5435 modum,
792 5375 848 5425 in
881 5375 1190 5428 carceribus
1218 5377 1611 5446 abundantius,
1659 5383 1717 5434 in
1765 5382 2030 5437 mortibus

385 5459 1028 5527 frequenteraludavis
1057 5464 1350 5535 quinquies
1394 5470 1776 5540 quadragenas
1831 5473 2031 5543 plagas

386 5561 500 5600 una
532 5546 714 5602 minus
744 5552 935 5620 accepi
952 5567 972 5611 ;
1005 5558 1085 5606 ter
1116 5555 1284 5624 virgis
1331 5572 1486 5612 casus
1511 5561 1620 5626 fui,
1678 5560 1841 5616 semel
1884 5561 2030 5633 lapi-

2134 3144 2222 3200 ἐπὶ
2257 3144 2432 3217 τούτῳ
2459 3138 2718 3218 ἔρχομαι.
2752 3147 2929 3198 Ταῦτα
2969 3140 3025 3197 δὲ
3072 3149 3246 3210 ποιεῖ,
3299 3139 3537 3195 παιδεύων
3575 3135 3691 3203 ἡμας,

2133 3233 2370 3308 ἀνάγκης
2403 3233 2598 3307 χωρὶς,
2658 3233 2735 3305 μὴ
2793 3226 3050 3310 ἔρχεσθαι
3099 3230 3178 3292 sic
3225 3231 3492 3286 τοιούτους
3537 3220 3692 3293 λόγους·

2137 3324 2226 3380 Ἐν
2259 3323 2304 3394 ᾧ
2338 3319 2382 3375 δ’
2424 3322 2482 3374 ἄν
2534 3341 2618 3381 τις
2657 3321 2843 3392 τολμᾷ
2896 3321 3183 3396 πράγματι
3243 3318 3522 3408 καυχᾶῗθαι
3555 3311 3699 3408 ,(ταῦτα

2133 3412 2235 3487 γὰρ
2271 3411 2777 3482 συνυπακουστέον),
2809 3407 3006 3480 τολμῶ
3057 3409 3233 3484 κάγώ.
3286 3435 3312 3459 ‹‹
3348 3400 3563 3478 Ἐϐραῖοί
3603 3400 3705 3498 εἶῖιξ

2138 3501 2322 3576 Κάγώ’
2389 3525 2416 3551 ³)
2476 3502 2552 3558 Οὐ
2609 3501 2709 3574 γάρ
2769 3500 2960 3560 πάντες
3018 3500 3069 3554 οἱ
3159 3494 3402 3573 Ἑϐραῖοι
3461 3495 3591 3561 ἦσαν.
3634 3489 3708 3541 Καὶ

2137 3588 2496 3663 Ἰσραηλῖται.
2532 3589 2696 3644 Ἦσαν
2747 3588 2852 3661 γὰρ
2909 3588 2997 3642 κκῖ
3055 3583 3366 3653 Μωαϐῖται,
3418 3581 3497 3638 καὶ
3547 3581 3709 3677 Ἀμμας

2135 3685 2299 3734 νῖται.
2362 3678 2454 3732 Διὸ
2514 3677 2822 3751 ἐκαθάρισεν
2904 3677 3067 3732 αὐτοῦ
3123 3679 3226 3747 τὴν
3311 3672 3560 3748 εὐγένειαν·
3607 3680 3710 3764 κατα

2137 3769 2403 3844 ἐρώτησιν
2435 3765 2492 3822 δὲ
2523 3766 2909 3842 ἀναγνωστέον.
2941 3768 3011 3822 Τὸ
3059 3765 3136 3836 δὲ,
3192 3793 3218 3818 ‹‹
3256 3766 3485 3820 Διᾶκονοι
3527 3764 3711 3831 Χριστου

2139 3859 2264 3926 εἶσι,
2301 3883 2327 3908 ››
2358 3859 2494 3912 κατᾶ
2522 3858 2614 3912 τὸν
2663 3854 3118 3930 ψευδαποστόλων
3170 3857 3334 3929 λόγον
3373 3856 3515 3906 τοῦτο
3559 3845 3713 3916 λέγωνο

2141 3974 2167 4000 ‹‹
2199 3951 2364 4020 ’Ὑπερ
2416 3947 2541 4024 ἐγώ.
2596 3973 2614 3996 ι
2678 3946 2954 4012 Τουτὲστι,
2997 3943 3222 4000 Μᾶλλον
3275 3944 3393 4018 ἐγώ.
3450 3937 3537 3995 Καὶ
3578 3930 3715 4038 Fili"

2141 4035 2451 4113 ἀφροσύνην
2485 4034 2645 4089 καλεῖ
2667 4035 2728 4088 τὸ
2761 4039 3008 4111 πρᾶγμα.
3063 4034 3205 4089 Φασὶ
3254 4030 3311 4086 δὲ
3357 4048 3488 4087 τινες
3533 4017 3718 4118 μή

2141 4102 2300 4181 αύτὸν
2330 4124 2465 4179 κατᾶ
2513 4125 2793 4198 σύγκρισιν
2851 4129 3193 4200 προενεγκεῖν
3250 4122 3337 4176 τὸν
3400 4116 3560 4189 λόγον»
3607 4102 3719 4161 an“

2142 4217 2472 4270 πανεάπασιν
2525 4212 2720 4275 αὐτοὺς
2773 4215 3100 4288 ἀρνήσασθαι
3151 4209 3424 4267 διακόνους
3468 4201 3716 4299 εἶναι’Χρι·

2143 4305 2289 4358 στοῦ.
2319 4300 2477 4360 Ἀλλ’
2533 4300 2760 4376 ἐροῦμεν
2812 4286 2903 4355 *ὃτι
2954 4305 3118 4355 τοῦτο
3173 4296 3462 4372 ἔμπροσθεν
3498 4286 3715 4388 ⁸ιῖτιοξξσεν

2142 4391 2332 4457 εῗπὼδ,
2365 4389 2822 4465 ψευδαπόστολοι.
2880 4391 3140 4452 Ἐνταῦθα
3188 4388 3276 4461 μέν
3323 4405 3424 4450 τοι,
3471 4379 3538 4438 εἷς
3580 4371 3714 4465 eset”.

2141 4502 2221 4536 σιν
2252 4482 2279 4536 ὁ
2312 4479 2480 4555 λόγος
2513 4481 2742 4556 ⁸ἤρχετο,
2772 4480 2863 4534 καὶ
2891 4478 2988 4534 οὐκ
3025 4476 3131 4534 ἔδει
3177 4476 3332 4532 αὐτὸν
3385 4462 3717 4572 apem???”

2141 4572 2284 4636 σθαι,
2316 4550 2464 4625 ἀλλὰ
2491 4571 2592 4639 τήν
2647 4567 2735 4624 διὰ
2775 4573 2882 4623 τῶν
2931 4569 3095 4643 ἐργῶν
3144 4566 3431 4642 παρασχεῖν
3477 4550 3712 4646 ἀπόδειξινι

2142 4661 2223 4714 δτι
2257 4659 2416 4722 αὐτὸς
2489 4659 2580 4732 μὲν
2637 4657 2800 4726 ἐστιν,
2863 4657 3052 4712 ἐκεῖνοι
3109 4654 3165 4711 δὲ
3221 4651 3301 4709 οὔ.
3353 4676 3378 4702 ι(
3410 4654 3711 4742 Παραφίοναςν

2142 4745 2319 4804 λαλῶ.
2353 4772 2379 4798 ››
2413 4747 2558 4804 ’Λντί
2591 4751 2704 4812 τοῦ,
2741 4746 2800 4802 Εἰ
2831 4746 2921 4800 καὶ
2973 4743 3113 4816 δόξω
3168 4743 3274 4798 τισῖ
3321 4739 3637 4812 παραφρονεῖν
3675 4739 3709 4774 εν

2137 4836 2218 4910 τῷ
2250 4835 2425 4912 λέγειν
2461 4854 2547 4910 με’
2599 4861 2619 4886 α
2656 4838 2821 4910 ’Ύπερ
2883 4835 3012 4908 ἐγώ,
3058 4858 3084 4885 ›,
3148 4832 3280 4888 Ποία
3331 4828 3425 4902 γὰρ
3471 4821 3709 4912 ὅλωςιπα·

2143 4901 2479 5006 ραφροσύνη,
2535 4926 2599 4979 τὸ
2663 4901 2803 4999 ὑπὲρ.
2845 4923 2975 4985 τοὺς
3058 4915 3512 4996 ψευδαποστὸλους
3579 4901 3710 4972 λέγειν

2140 5016 2326 5070 ἑαυτὸν
2363 5013 2608 5070 διάκονον
2638 5014 2770 5068 εἶναι
2804 5033 2817 5081 ;

2210 5291 2300 5346 ,Εν
2354 5289 2548 5350 κόποις
2599 5285 3019 5361 περισσοτέρως,
3077 5284 3128 5338 ἐν
3206 5281 3434 5362 πληγαῖς
3487 5253 3706 5362 ὑπερξαλτ

2142 5377 2373 5447 λόντως,
2431 5376 2483 5431 ἐν
2553 5373 2820 5453 φυλακαῖς
2912 5373 3323 5449 περισσοτέρως,
3397 5360 3444 5416 ἐν
3513 5359 3704 5453 ea”???

2141 5465 2437 5528 πολλάκῐς.
2565 5449 2693 5520 Ὑπὸ
2797 5459 3072 5521 Ἰουδαίων
3191 5458 3424 5515 πεντάκις
3507 5449 3704 5534 una?”

2144 5578 2308 5613 κοντα
2367 5555 2512 5632 παρὰ
2571 5555 2694 5630 μίαν
2754 5547 2974 5608 ἴλαϐον·
3038 5552 3157 5627 τρὶς
3235 5541 3540 5623 ὶραὸδίσθην,
3602 5527 3704 5579 ἄπας
