4048 6250
283 385 440 444 105Ἷ

1251 386 1658 449 COMMENT.
1709 387 1782 447 ΙΝ
1831 382 2084 448 EPIST.
2137 386 2184 448 ll
2229 388 2330 446 AD
2378 387 2740 448 CORINTH.

3547 391 3701 453 1058

286 489 609 590 ἐλιθάσθην,
699 519 812 593 τρὶς
898 517 1217 594 ἐναυάγησα,
1310 521 1655 601 νυχθήμερον
1740 518 1792 576 ἔν
1859 523 1937 592 τῷ

2069 546 2075 571 ι
2108 520 2280 576 datus
2306 521 2889 595 fui,ternaufragium
2908 523 3279 592 feci,noctem
3306 541 3422 581 una
3447 543 3580 583 cum
3603 527 3698 585 die

292 612 443 686 βυὓῷ
528 611 822 680 πεποίηκα.
915 610 1286 682 Ὀδοιπορίαις
1381 610 1674 676 πολλάκις,
1754 609 1940 668 κινδύ-

860 697 1130 762 κινδύνοις
1215 699 1457 770 λῃστῶν,
1535 698 1802 762 κινδύνοις
1885 702 1945 755 ἐκ

588 785 852 850 κινδύνοις
939 788 988 858 ἐξ

292 719 406 760 νοις
491 703 773 770 ποταμῶν,

297 789 508 863 γένους,
588 788 852 850 κινδύνοις
939 788 988 858 ἐξ
1077 789 1262 858 ἐθνῶν,
1332 788 1600 853 κινδύνοις
1634 791 1684 845 έν
1757 789 1940 860 πόλει,

296 874 567 938 κινδύνοις
623 875 673 931 ἐν
761 875 984 951 ἐρημίᾳ,
1065 876 1331 940 κινδύνοις
1395 879 1446 933 ἐν
1503 879 1765 952 θαλάσσᾳ,
1823 902 1940 935 κιν-

297 964 477 1026 δύνοις
533 965 585 1020 ἐν
648 963 1060 1044 ιξ.ιευδαδέλι,;οις⁸
1125 967 1175 1022 ἐν
1233 970 1395 1040 πόπῳ
1479 969 1566 1024 καὶ
1627 969 1848 1044 μόχθῳ,
1890 967 1943 1023 ἐν

301 1053 620 1128 ἀγρυπνίαις
653 1053 944 1117 πολλάκις·

376 1144 502 1198 Εἶτα
543 1140 692 1218 λέγει
724 1141 916 1199 λοιπὸν
953 1145 1046 1198 τὸν
1079 1153 1404 1220 χαρακτῆρα
1449 1153 1549 1214 τῆς
1608 1146 1941 1216 ἀποστολῆς.

301 1234 381 1289 Τὸ
412 1231 486 1301 δὲ,
533 1264 554 1285 ιι
591 1237 1008 1308 Περισσοτέρως,
1048 1259 1073 1284 ››
1131 1235 1244 1305 καὶ,
1317 1259 1344 1288 ι(
1377 1231 1880 1308 Ὑπερϐαλλόντως,
1917 1260 1945 1287 n

301 1320 363 1375 ού
385 1323 518 1376 κατά
549 1321 832 1401 σύγχοιαιν
873 1328 979 1379 τῶν
1014 1321 1471 1397 ψευδαποστόλων
1535 1323 1766 1400 εἴρηται.
1802 1351 1828 1377 ‹‹
1854 1327 1944 1384 Ἐν

300 1413 548 1471 θανάτοις
581 1409 869 1471 πολλάκις,
916 1437 944 1464 ››
999 1446 1066 1454 -—
1115 1438 1142 1465 «
1180 1416 1306 1468 Καθ’
1359 1412 1568 1488 ἡμέραν
1602 1415 1725 1489 γὰρ,
1759 1415 1944 1489 φησὶν,

305 1500 652 1570 ἀποθνήσκω,
689 1525 716 1552 ››
777 1500 1057 1558 Ἐπεδίδου
1124 1505 1224 1577 γὰρ
1284 1503 1469 1557 ἑαυτὸν
1529 1504 1606 1565 εἰς
1671 1501 1949 1566 κινδύνους

309 1589 733 1666 θανατηρόρους.
778 1615 803 1642 ‹‹
835 1592 1244 1667 Τεσσαράκοντα
1283 1592 1426 1667 παρᾶ
1487 1591 1612 1664 μίαν
1668 1586 1882 1648 ἔλαϐεν.
1920 1615 1948 1644 ››

309 1678 406 1733 Διά
435 1679 486 1732 τί
525 1679 670 1754 παρὰ
705 1679 828 1753 μίαν
862 1699 874 1748 ;
908 1679 1096 1754 Νόμος
1133 1681 1199 1750 ἦν
1252 1681 1341 1736 τὸν
1403 1679 1632 1736 πλείονα
1675 1686 1783 1736 τῶν
1839 1702 1951 1736 τεσ-

309 1769 610 1843 σαράκοντα
656 1769 990 1842 τυπτόμενον
1027 1815 1039 1839 ,
1095 1769 1289 1843 ἄτιμον
1359 1771 1494 1826 εἶναι
1533 1813 1544 1827 .
1604 1772 1822 1846 Ὠρισαν
1861 1771 1951 1825 οῦν

305 1860 452 1934 παρά
508 1859 628 1931 μίαν
691 1857 918 1928 διδόναι,
966 1859 1057 1913 ἳνα
1107 1859 1200 1914 κᾶν
1258 1865 1326 1934 τῇ
1385 1860 1530 1934 ῥύμῃ
1587 1862 1686 1914 τοῦ
1734 1859 1950 1915 τύπτειν

303 1947 602 2022 ἐξενεχθεῖς
634 1949 662 2002 6
696 1949 910 2004 τύπτων
971 1970 1198 2022 περισην
1260 1946 1358 2022 δῷ,
1416 1949 1815 2024 τεσσαράκοντα
1849 1946 1950 2020 δῷ,

307 2037 392 2091 καὶ
457 2039 532 2109 μὴ
593 2038 812 2110 γένηται
868 2035 1060 2110 ἄτιμος
1117 2037 1145 2091 6
1188 2037 1548 2110 τυπτόμενος,
1601 2062 1628 2088 ‹‹
1660 2038 1791 2111 Τρὶς
1823 2037 1948 2112 ἒρα-

309 2120 554 2196 ϐδίσοην.
592 2151 619 2176 ››
653 2128 812 2202 Ὁρᾷς
844 2126 927 2181 ὅτι
988 2126 1051 2180 οὐ
1084 2126 1252 2182 πάντα
1296 2125 1328 2181 ἃ
1358 2129 1619 2191 πέπονθεν
1649 2127 1676 2180 6
1711 2123 1950 2194 Παῦλας,

310 2217 638 2290 συνέγραψεν
673 2219 807 2290 ἡμῖν
839 2219 866 2270 ὁ
901 2222 1110 2278 Λουκᾶς
1143 2217 1194 2271 ἐν
1250 2222 1367 2279 ταῖς
1400 2219 1655 2290 Πραξεσιν
1692 2237 1705 2286 ;
1740 2217 1819 2272 Οὐ
1849 2215 1950 2292 γὰρ

314 2307 447 2378 πρὸς
478 2304 801 2382 φιλοτιμίαν
847 2304 992 2378 αὗτῷ
1030 2306 1094 2361 τὰ
1124 2313 1222 2374 τῆς
1282 2307 1598 2382 συγγραφῆς
1627 2303 1950 2376 πεπόνηται.

314 2396 402 2449 Διὸ
434 2393 621 2450 πολλά
652 2400 758 2450 τῶν
791 2392 1012 2458 ἐνταῦθα
1039 2393 1342 2468 εἰρημένων
1398 2392 1714 2467 παρέλιπεν,
1771 2418 1798 2446 ‹‹
1827 2391 1952 2468 Τρὶς

309 2478 633 2558 ἕναυάγησα.
690 2508 718 2534 ››
779 2484 1000 2556 Μακρὰς
1088 2483 1192 2560 γὰρ
1249 2483 1343 2538 καὶ
1393 2481 1736 2545 διαποντίους
1793 2479 1952 2544 ὁδοὺς

309 2571 673 2645 στελλόμενος
712 2569 800 2626 διὰ
831 2572 893 2627 τὸ
923 2575 1199 2648 κήρυγμα,
1252 2572 1423 2628 πάντα
1477 2569 1686 2646 ἔπασχε
1713 2573 1780 2627 τὰ
1812 2572 1956 2647 εἰρη-

320 2661 470 2734 μένα.
527 2664 895 2737 Νυχθγξμερον
939 2659 996 2716 δὲ
1049 2662 1362 2737 νηχόμενος
1395 2706 1408 2732 ν

321 2772 412 2803 ναυ
423 2750 560 2822 αγιον
594 2794 606 2809 ,

1496 2658 1761 2739 διεγένετο
1823 2662 1955 2734 μετᾶ

690 2751 783 2819 Τὸ,
841 2751 971 2824 Τρῖς
1027 2751 1350 2826 ἐναυάγησα,
1403 2750 1714 2826 ἑρμηνεύων
1770 2752 1952 2827 φησὶν,

327 2838 407 2893 ὅτι
438 2839 606 2914 τρίτον
663 2842 697 2909 ἡ
756 2839 1110 2914 ἀνθρωπότης
1165 2839 1515 2915 ἐναυάγησεν,
1574 2841 1711 2911 ἅπαξ
1768 2837 1821 2895 ἕν
1877 2843 1956 2912 τῷ

323 2927 647 3002 παραδείσῳ,
717 2927 805 2984 διὰ
859 2937 958 2997 τῆς
1016 2925 1391 3004 παραϐάσεως,
1450 2926 1720 3004 δεύτερον,
1774 2928 1825 2983 ἐν
1876 2929 1956 3000 τῷ

312 3019 682 3091 κατακλυσμῷ
717 3063 730 3088 ,
782 3018 963 3094 τρίτον
1026 3020 1158 3092 μετά
1213 3020 1274 3073 τὸ
1336 3016 1577 3091 δέξασθαι
1627 3019 1716 3073 τὸν
1764 3017 1957 3090 νόμον.

314 3133 340 3158 α
367 3110 730 3183 Νυχθήμερον
774 3107 826 3161 ἐν
856 3112 934 3179 τῷ
970 3109 1119 3182 βυθῷ
1177 3107 1472 3178 πεπίοηκα.
1511 3133 1538 3159 υ
1597 3109 1782 3164 Νύκτα
1812 3105 1959 3182 λέγει

318 3198 542 3262 ἐνταῦθα
573 3200 600 3253 ὁ
636 3197 970 3254 Ἀποστολος
1005 3199 1104 3268 τὴν
1135 3197 1239 3273 πρὸ
1268 3204 1366 3266 τῆς
1397 3199 1631 3272 Χριστοῦ
1660 3196 1957 3271 παρουσίας

313 3287 364 3342 ἐν
421 3287 490 3361 τῇ
537 3289 781 3358 σκοτεινῇ
838 3286 1033 3342 πλάσει
1096 3282 1398 3361 διατριϐὴν,
1458 3288 1667 3361 ἡμέραν
1728 3282 1806 3352 δὲ,
1854 3286 1953 3353 τήν
1994 3266 2035 3327 C

319 3378 451 3452 μετᾶ
507 3380 606 3446 τήν
655 3380 886 3451 Χριστοῦ
947 3375 1245 3449 παρουσίαν
1312 3375 1362 3429 έν
1420 3379 1499 3447 τῷ
1552 3378 1800 3454 φωτεινῷ
1860 3375 1956 3450 βα-

311 3468 577 3538 πτίσματι
612 3463 904 3540 διαγωγήν.
945 3487 970 3517 ι
1002 3461 1287 3525 Κινδύνοις
1339 3469 1622 3535 ποταμῶν.
1668 3488 1696 3516 ››
1730 3463 1826 3519 Καὶ
1854 3464 1956 3538 γὰρ

313 3556 734 3630 διαπορθμεύειν
791 3556 1073 3628 ποταμοὺς
1157 3553 1510 3628 ἠναγκάζετο.
1596 3580 1623 3606 ι(
1676 3551 1957 3616 Κινδύνοις

314 3645 552 3720 λῃστῶν.
591 3669 616 3694 ι)
651 3647 938 3717 Πανταχοῦ
983 3643 1085 3717 γὰρ
1140 3644 1168 3697 6
1219 3637 1475 3703 διάϐολος
1536 3640 1818 3715 ἐπολέμει,
1861 3637 1964 3715 λῃ-

316 3735 445 3795 στὰς
478 3733 718 3808 ἐγείρων,
751 3734 816 3786 τὰ
883 3727 1006 3801 ἔθνη
1059 3736 1166 3785 τῶν
1225 3728 1528 3800 Ἑλλήνων,
1580 3729 1706 3792 τοὺς
1765 3750 1961 3805 συγγε-

315 3829 424 3885 νεῖς
464 3819 781 3888 Ἰουδαίους,
843 3821 892 3874 οἳ
946 3819 1032 3874 καὶ
1085 3818 1300 3893 μᾶλλον
1360 3817 1663 3892 ἐπολέμουν
1716 3816 1805 3873 διὰ
1860 3819 1957 3888 τὴν

312 3913 494 3971 πίστιν
548 3911 994 3986 διαπονούμενοι.
1061 3911 1162 3967 Καὶ
1214 3911 1381 3972 τόπος
1441 3909 1542 3965 οὐκ
1597 3909 1662 3979 ἦν
1717 3908 1964 3988 ἀσφαλὴς

318 4005 488 4076 αύτῷ,
522 4002 584 4058 ού
615 3999 802 4071 πόλις,
833 4002 934 4057 οὐκ
963 3997 1166 4076 ἕρημος
1222 3999 1321 4054 οὐκ
1376 3997 1518 4053 ἄλλο
1576 3995 1751 4055 οὐδέν.
1788 4023 1815 4049 ι(
1852 4001 1966 4054 Κιν-

323 4093 502 4155 δύνοις
535 4091 586 4148 ἐν
628 4090 1042 4168 ψευδαδέλφοις,
1080 4114 1106 4141 ››
1163 4092 1296 4162 Ὅρα
1356 4085 1533 4163 ἕτερον
1594 4085 1855 4142 κινδύνων
1888 4092 1966 4142 εῖ-

328 4182 442 4252 δος,
487 4181 548 4237 τό
599 4182 656 4236 ἐκ
704 4186 810 4237 τῶν
867 4177 1258 4254 ψευδωνύμων,
1329 4178 1633 4252 ὑποκριτῶν
1692 4173 1963 4255 ἀδελφῶν.

323 4275 462 4347 ’Ὀρα
491 4271 564 4326 δέ·
599 4272 723 4331 τοὺς
771 4266 1053 4330 κινδύνους
1107 4269 1268 4322 κόποι
1327 4266 1417 4321 καὶ
1479 4267 1704 4344 μόχθοι,
1737 4265 1963 4326 τούτους

319 4359 483 4418 πάλιν
511 4362 564 4415 οἱ
594 4357 840 4414 κίνδυνοι
872 4355 1208 4433 διεδέχοντο,
1241 4355 1329 4410 καὶ
1363 4355 1462 4410 οὐκ
1491 4355 1557 4424 ἦν
1589 4355 1856 4410 ἀναπνεῖν.

2060 632 2085 663 α
2108 611 2167 666 in
2199 611 2489 683 profundo
2509 613 2688 685 egi,in
2711 613 3022 670 itineribus
3044 615 3288 686 saepe,in
3303 617 3584 688 periculis
3601 618 3711 674 flu-

2051 723 2077 750 «
2098 702 2634 773 minum,periculis
2658 702 3264 774 latronum,periculis
3278 721 3348 758 ex
3367 721 3582 778 genere
3612 725 3707 779 pe-

2051 812 2077 838 ‹‹
2094 790 2298 844 riculis
2321 807 2392 845 ex
2414 791 3069 862 gentibuspericulisin
3090 792 3629 864 civitate,pericu|is
3646 797 3707 852 in

2054 877 2360 947 «deserto,
2396 879 2682 949 periculis
2708 880 2770 935 in
2814 881 2986 948 mari,
3012 881 3472 952 periculisinter
3527 884 3707 940 falsos

2053 989 2080 1017 (ι
2112 966 2355 1023 fratres:
2391 968 2452 1023 in
2483 968 2683 1024 labore
2717 974 2773 1024 et
2805 970 3141 1026 molestias:
3176 971 3236 1026 in
3254 972 3469 1042 vigiliis
3492 990 3706 1045 saepe.»

2125 1147 2344 1203 Deinde
2369 1156 2802 1219 consequenter
2822 1149 2989 1221 ponit
3020 1150 3391 1220 signaculum
3420 1153 3716 1223 apostola.

2054 1241 2147 1292 tus
2179 1237 2297 1291 sive
2328 1237 2640 1310 legationis
2687 1256 2826 1294 suae.
2857 1239 3023 1304 Quod
3055 1245 3251 1295 autem
3285 1241 3388 1309 ait,
3429 1265 3448 1289 α
3505 1242 3718 1313 Copio-

2054 1326 2198 1393 sius,
2226 1349 2252 1375 υ
2284 1332 2361 1390 et,
2398 1349 2425 1376 «
2458 1327 2646 1398 Supra
2676 1328 2939 1396 modum,
2974 1349 2999 1380 ιι
3063 1346 3183 1384 non
3239 1347 3345 1400 per
3398 1347 3710 1402 compara-

2057 1415 2277 1470 tionem
2313 1415 2386 1470 ad
2426 1416 2919 1488 pseudapostolos
2951 1418 3176 1472 dictum
3211 1425 3318 1474 est.
3359 1443 3378 1467 ι
3417 1420 3483 1474 ln
3513 1420 3718 1476 morti-

2055 1503 2164 1558 bus
2195 1504 2558 1575 frequenter.
2611 1526 2638 1554 ››
2673 1537 2739 1546 -
2769 1529 2796 1555 ‹‹
2860 1511 3004 1562 Nam
3039 1507 3302 1578 quotidie
3337 1509 3557 1563 morior
3583 1508 3649 1576 ⁷ο,
3679 1531 3708 1560 ››

2055 1593 2548 1665 inquit.Seipsum
2590 1611 2750 1650 enim
2781 1596 3113 1668 exponebat
3143 1597 3424 1668 periculis
3455 1604 3708 1669 mortem

2056 1681 2508 1739 intentantibus.
2535 1705 2562 1732 «
2585 1683 2999 1756 Quadragenas
3023 1685 3222 1758 plagas
3245 1703 3365 1741 una
3390 1687 3588 1743 minus
3608 1704 3707 1743 ac-

2058 1771 2205 1842 cepi.
2243 1799 2263 1823 .
2301 1771 2490 1836 Quare
2523 1788 2642 1827 una
2697 1774 2936 1828 minus?
2967 1775 3110 1828 691
3153 1776 3266 1829 Lex
3296 1781 3424 1830 erat
3455 1776 3615 1846 quod
3661 1777 3710 1831 is

1983 1897 2029 1961 Β
2062 1859 2160 1930 qui
2194 1860 2691 1930 accepissetultra
2713 1861 3102 1934 quadraginta
3121 1863 3340 1935 plagas,
3358 1864 3715 1936 ignominio-

2062 1964 2160 2001 sus
2192 1947 2527 2003 haberetur.
2561 1950 2926 2005 Deﬁnierant
2977 1951 3154 2022 igitur
3203 1959 3266 2006 ut
3296 1969 3478 2008 unam
3513 1954 3711 2010 minus

2055 2035 2482 2109 infligerent.ut
2514 2054 2854 2110 quanquam
2883 2040 3108 2111 impetu
3139 2040 3490 2096 verberandi
3523 2042 3708 2098 addu-

2055 2131 2184 2182 ctus
2217 2127 2265 2180 is
2305 2127 2405 2198 qui
2436 2127 2976 2196 verberaret,unam
2997 2128 3293 2201 infligeret
3320 2129 3706 2201 superﬂuam,

2057 2216 2138 2270 ita
2169 2215 2558 2288 quadraginta
2607 2217 2851 2272 inferret
2881 2223 2937 2272 et
2968 2218 3016 2272 is
3047 2219 3146 2289 qui
3179 2218 3588 2276 verberaretur
3616 2221 3708 2275 in-

2057 2303 2231 2358 famis
2281 2321 2400 2360 non
2446 2305 2634 2361 ﬁeret.
2685 2329 2712 2355 ››
2763 2307 2872 2360 Ter
2901 2307 3076 2379 virgis
3107 2324 3295 2362 caesus
3326 2307 3430 2364 fui.
3470 2331 3497 2357 »
3531 2308 3710 2364 Vides

2058 2392 2216 2464 quod
2250 2410 2369 2448 non
2401 2395 2603 2450 omnia
2634 2411 2764 2464 quae
2794 2412 3004 2466 passus
3036 2402 3126 2450 est
3155 2396 3374 2452 Paulus
3409 2399 3716 2470 scripserit

2059 2482 2230 2536 nobis
2260 2483 2440 2538 Lucas
2473 2483 2534 2538 in
2566 2484 2723 2538 Actis
2754 2483 2780 2538 ‘?
2811 2500 3003 2556 neque
3037 2485 3196 2539 enim
3231 2485 3305 2540 ad
3335 2486 3585 2557 gloriam
3645 2503 3714 2543 ea

2059 2588 2190 2642 quae
2222 2572 2406 2643 ipsius
2435 2579 2571 2627 sunt
2600 2572 2860 2628 historiae
2920 2574 3300 2645 conscripsit,
3334 2574 3466 2630 ideo
3524 2575 3714 2631 multa

2061 2675 2265 2715 eorum
2298 2677 2428 2731 quas
2457 2661 2552 2717 hic
2598 2661 2755 2716 dicta
2776 2667 2915 2716 sunt
2943 2663 3346 2733 praetermisit.
3371 2686 3398 2713 «
3434 2665 3542 2718 Ter
3566 2681 3714 2719 nau-

2060 2748 2310 2821 fragium
2339 2749 2474 2805 feci.
2512 2772 2540 2799 »
2574 2751 2797 2822 Longas
2841 2751 2998 2806 enim
3032 2756 3090 2806 et
3135 2753 3560 2807 transmarinas
3595 2754 3716 2809 vias

2063 2839 2500 2911 praedicationis
2557 2840 2743 2912 gratia
2773 2857 3070 2909 emensus,
3124 2842 3327 2896 omnia
3383 2842 3718 2914 patiebatur

2063 2945 2193 3000 quae
2227 2921 2381 2983 dicta
2413 2931 2816 2985 sunt.Noctem
2835 2937 3032 2985 autem
3060 2947 3180 2986 una
3210 2949 3342 2986 cum
3371 2931 3466 2987 die
3504 2939 3715 2988 natans

2063 3017 2402 3089 perduravit
2453 3024 2588 3090 post
2643 3019 3036 3091 naufraginm.
3098 3021 3278 3074 Porro
3306 3021 3528 3076 dictum
3564 3022 3716 3076 hoc:

2065 3107 2174 3160 Ter
2204 3106 2578 3178 naufragium
2611 3107 2744 3174 feci,
2768 3108 3216 3179 interpretando
3248 3109 3392 3164 dicit
3420 3109 3577 3180 quod
3608 3110 3722 3165 hu-

2070 3196 2324 3251 manitas
2357 3202 2447 3250 ter
2475 3197 2846 3268 naufragium
2880 3198 3020 3252 fecit
3052 3214 3064 3264 ;
3108 3199 3295 3254 semel
3336 3199 3396 3253 in
3446 3198 3718 3270 paradiso

2068 3301 2174 3357 per
2204 3285 2759 3356 transgressionem,
2796 3303 3031 3342 rursum
3091 3287 3150 3340 in
3187 3287 3431 3352 diluvio,
3467 3293 3524 3342 et
3550 3288 3723 3342 tertio

2067 3378 2378 3446 postquam
2404 3373 2591 3445 legem
2612 3375 3283 3446 suscepisset.«Noctem
3315 3393 3435 3432 una
3466 3393 3599 3432 cum
3627 3375 3722 3431 die

2069 3467 2131 3520 in
2157 3464 2448 3537 profundo
2473 3467 2582 3539 egi.
2609 3490 2634 3516 »
2655 3468 2898 3522 Noctem
2931 3474 3095 3522 vocat
3125 3468 3220 3523 hic
3250 3469 3571 3539 Apostolus
3593 3484 3725 3523 eam

2070 3556 2577 3611 conversationem
2611 3573 2741 3626 quae
2782 3563 2919 3612 ante
2952 3557 3167 3612 Christi
3194 3557 3513 3613 adventum
3543 3557 3604 3612 in
3637 3563 3724 3612 te-

2071 3645 2324 3702 nebrosa
2368 3645 2721 3701 formatione
2771 3654 2933 3701 erat:
2971 3646 3128 3702 diem
3161 3664 3296 3703 vero
3338 3648 3566 3704 vivendi
3605 3653 3725 3703 sta~

2073 3741 2197 3790 tum
2229 3740 2363 3806 post
2391 3735 2604 3789 Christi
2629 3734 2945 3790 adventum
2986 3737 3048 3789 in
3091 3735 3286 3791 lucido
3347 3735 3723 3806 baptismate.

2073 3846 2100 3873 ι(
2134 3822 2421 3878 Periculis
2451 3821 2785 3877 ﬂuminum.
2815 3845 2842 3872 ››
2875 3824 3104 3878 Etenim
3130 3823 3380 3879 ﬂumina
3410 3823 3730 3895 cogebatur

2074 3912 2367 3982 trajicere.
2402 3933 2428 3960 «
2453 3911 2742 3966 Periculis
2774 3912 3093 3967 latronum.
3130 3934 3158 3962 »
3194 3913 3419 3983 Ubique
3448 3912 3731 3968 certami-

2074 4017 2151 4056 na
2169 4000 2681 4071 certaminumque
2696 4001 2937 4071 praemia
2959 4001 3445 4073 pr0ponebantur
3471 4017 3483 4056 :
3507 4001 3730 4072 ubique

2075 4088 2234 4144 enim
2266 4087 2537 4143 diabolus
2568 4087 2847 4158 bellabat,
2874 4087 3136 4144 latrones
3187 4091 3473 4159 excitans,
3525 4095 3732 4164 gentes

2077 4178 2436 4242 Graecorum,
2459 4183 2744 4250 cognatos
2772 4178 3139 4251 Judaeos,qui
3173 4180 3353 4235 etiam
3384 4180 3572 4252 magis
3605 4178 3730 4234 bel-

2076 4265 2299 4334 labant,
2328 4265 2595 4321 dolentes
2617 4266 3054 4322 aclacessentes
3068 4275 3311 4339 propter
3341 4268 3736 4323 ﬁdem.Locus

2076 4355 2189 4428 ipsi
2248 4362 2444 4411 certus
2475 4372 2595 4411 non
2652 4362 2798 4426 erat,
2831 4373 2952 4412 non
3001 4357 3223 4423 civitas,
3255 4373 3375 4412 non
3405 4356 3735 4424 desertum,

310 4471 434 4509 non
461 4451 621 4507 aliud
654 4450 996 4522 quidquam.
1035 4470 1061 4496 ‹‹
1099 4447 1386 4502 Periculis
1437 4447 1593 4501 inter
1654 4445 1834 4501 falsos
1892 4444 2127 4501 fratres.
2191 4467 2218 4494 ››
2253 4444 2396 4499 Vide
2437 4444 2598 4500 aliud
2657 4447 3060 4517 periculorum
3118 4463 3308 4520 genus
3349 4445 3504 4517 quod
3525 4460 3731 4517 prove-

318 4542 523 4599 niebat
549 4558 622 4597 ex
653 4540 946 4595 simulatis
981 4544 1038 4592 et
1074 4537 1220 4592 falso
1252 4536 1575 4592 nominatis
1607 4535 1908 4590 fratribus.
1945 4533 2270 4591 Considera
2297 4551 2432 4590 vero
2469 4551 2482 4589 :
2515 4535 2802 4606 pericula,
2840 4535 3080 4592 labores
3142 4552 3208 4592 ac
3267 4533 3573 4598 molestia-2,
3616 4533 3740 4589 haec

323 4649 563 4690 rursum
595 4629 860 4702 pericula
890 4627 1287 4699 excipiebant,
1322 4643 1430 4682 nec
1463 4626 1756 4698 respirare
1789 4624 2060 4680 dabatur.

396 4722 482 4774 ’l‘Iv
536 4717 690 4791 λιμῷ
746 4717 834 4773 καὶ
903 4713 1068 4789 δίψει,
1129 4713 1180 4769 έν
1240 4714 1511 4784 νηστείαις
1577 4711 1872 4779 πολλάκις,
1920 4710 1953 4767 ἐι

2155 4715 2254 4783 ΧΙ,
2285 4715 2482 4771 27-29.
2519 4735 2540 4762 ι
2575 4716 2639 4770 In
2664 4715 2819 4771 fame
2851 4721 2909 4770 et
2951 4715 3070 4781 siti,
3103 4716 3163 4770 in
3188 4715 3441 4787 jejuniis
3471 4730 3648 4785 saepe,
3679 4714 3740 4770 in

328 4810 495 4885 ψύχει
536 4807 624 4862 καὶ
672 4805 996 4882 γυμνότητι.
1050 4803 1230 4876 Χωρὶς
1287 4807 1396 4858 τῶν
1451 4803 1716 4878 παρεκτὸς
1772 4804 1807 4872 ἠ
1867 4801 1953 4856 έπι

2093 4827 2120 4854 «
2155 4804 2372 4877 frigore
2391 4811 2448 4860 et
2470 4805 2735 4860 nuditate
2749 4811 2964 4877 praeter
2980 4821 3050 4860 ea
3065 4821 3195 4876 quae
3215 4805 3581 4861 extrinsecus
3595 4803 3745 4859 acci-

332 4895 584 4959 σύστασίς
665 4916 768 4970 μου
827 4898 860 4964 ἡ
935 4894 1267 4968 καθημέραν,
1343 4895 1377 4961 ἡ
1465 4892 1699 4967 μέριμνα
1790 4895 1953 4947 πασῶ

2095 4917 2122 4946 ‹‹
2148 4894 2798 4966 dunt,conspirationes
2832 4897 2892 4950 in
2917 4912 3013 4949 me
3045 4895 3424 4966 quotidianae,
3454 4911 3594 4950 cura
3624 4910 3745 4948 om-

328 4991 440 5043 τῶν
476 4985 835 5054 Ἐκκλησιῶν.
889 4983 984 5044 Τίς
1032 4981 1262 5048 ἀσθενεῖ,
1320 4981 1409 5035 καὶ
1469 4980 1568 5035 οὐκ
1615 4979 1820 5034 ἀσθενω
1854 4998 1867 5050 ;
1897 4979 1950 5034 τί

2094 5006 2121 5034 «ι
2159 4982 2329 5038 nium
2355 4983 2916 5049 Ecclesiarum.Quis
2937 4983 3361 5053 infirmatur,et
3387 4999 3490 5055 ego
3513 4998 3633 5037 non
3653 4981 3744 5035 in-

2097 5095 2125 5122 «
2161 5073 2371 5128 ﬁrmor
2395 5073 2422 5127 ‘?
2447 5072 2585 5136 Quis
2620 5073 2961 5140 offenditur,
2995 5079 3053 5128 et
3082 5090 3185 5146 ego
3213 5090 3332 5128 non
3363 5089 3505 5127 uror
3531 5071 3558 5125 ?
3589 5093 3618 5119 »

2161 5161 2226 5214 In
2257 5161 2418 5215 omni
2443 5161 2602 5217 orbis
2629 5161 2757 5217 loco
2781 5168 2890 5217 tam
2911 5162 3222 5218 habitabili
3254 5177 3430 5232 quam
3453 5158 3742 5214 inhabita-

2089 5250 2217 5318 bili,
2251 5253 2579 5307 certamina
2609 5260 2778 5308 erant
2806 5259 2864 5307 et
2889 5253 3170 5308 exercitio
3201 5271 3213 5307 :
3250 5253 3310 5306 in
3344 5250 3589 5306 terrain
3613 5266 3740 5304 ma-

2089 5339 2172 5404 ri;
2207 5340 2385 5400 intus.
2419 5340 2562 5395 foris
2587 5356 2654 5406 ;a
2685 5343 2959 5414 propriis,
2993 5341 3065 5397 ab
3097 5342 3306 5398 alienis
3335 5358 3349 5408 ;
3389 5356 3423 5395 a
3453 5337 3741 5411 cognatis,

2089 5444 2124 5484 θ.
2153 5428 2304 5484 lictis
2336 5429 2638 5488 fratribus.
2675 5432 2828 5488 692
2855 5434 2925 5487 Et
2951 5449 3024 5487 ne
3059 5431 3462 5487 necessarium
3496 5428 3740 5500 quidem

2086 5518 2436 5575 alimentum
2467 5526 2569 5576 aut
2596 5521 2823 5578 nudum
2857 5527 3260 5595 tegumentum
3283 5519 3634 5594 suppetebat
3651 5532 3745 5574 or-

332 5074 764 5146 σκανδαλίζεται,
795 5073 883 5128 καὶ
912 5072 1010 5127 οὐκ
1039 5069 1147 5147 ἐγὼ
1175 5074 1446 5146 πυροῦμαι
1481 5089 1494 5139 ;

411 5168 698 5239 Πανταχοῦ
711 5165 808 5232 τῆς
825 5161 1209 5232 οῗκονουυένηρ
1233 5159 1322 5214 καὶ
1344 5167 1441 5228 τῆς
1469 5159 1756 5229 ἀοικήτου,
1776 5160 1981 5235 ἀγῶνες

333 5259 466 5325 ἦσαν
499 5254 586 5309 καὶ
620 5251 828 5319 στάδια,
862 5250 914 5307 έν
967 5255 1060 5325 γῇ,
1119 5247 1170 5304 ἒν
1199 5247 1461 5322 θαλάσσῃ,
1517 5246 1732 5319 ἔσωθεν,
1765 5242 1979 5321 ἔξωθεν,

331 5343 480 5418 παρά
535 5347 640 5396 τῶν
693 5339 930 5408 οἰκείων,
961 5339 1108 5415 παρὰ
1147 5343 1250 5393 τῶν
1307 5335 1640 5409 ἀλλοτρίων,
1698 5337 1840 5412 παρὰ
1869 5340 1976 5390 τῶν

332 5434 605 5508 συγγενῶν
654 5429 799 5501 παρά
826 5432 933 5483 τῶν
991 5423 1337 5482 ἒπιπλάσνων
1391 5421 1656 5503 ἀδελφῶν.
1691 5425 1797 5480 Καὶ
1854 5421 1980 5479 οὐδὲ

331 5528 436 5592 τῆς
495 5520 780 5597 ἀναγκαίας
829 5516 1058 5591 ηὐπόρει
1109 5517 1340 5594 τροφῆς,
1372 5509 1502 5570 οὐδὲ
1558 5511 1726 5588 ψιλοῦ
1779 5513 1978 5570 σκεπά-

404 5701 451 5740 ⁷⁰
480 5703 608 5758 Cor.
647 5703 734 5769 l5,
765 5701 853 5758 31.
