4048 6250
282 301 436 362 1061

1242 303 1663 374 COMMENT.
1715 305 1790 366 IN
1843 301 2087 365 EPIST.
2134 305 2186 365 Π
2231 303 2336 365 AD
2382 305 2757 367 CORINTH.

3526 309 3683 370 1062

263 421 568 506 βασιλέως.
631 459 650 483 ι
711 434 772 490 Ὁ
827 433 1089 508 Πενθερὸς
1143 432 1389 510 Ἡρώδου
1443 437 1513 505 ,ἦν
1573 437 1600 489 ὁ
1683 435 1921 510 Ἀρέτας.

2059 438 2427 507 iccendisset,
2457 445 2522 494 ut
2567 439 2745 494 etiam
2805 455 2912 511 per
2963 440 3225 512 seipsum
3283 439 3561 498 excubias
3619 442 3684 498 in

254 537 309 574 ἰι
346 521 442 576 Καὶ
487 518 575 575 διὰ
629 519 846 596 θυρίδος
906 523 957 577 ὲν
1017 524 1278 601 σαργάνῃ.
1316 548 1343 576 »
1395 522 1550 593 ᾜδει
1615 523 1715 600 γὰρ
1778 523 1933 598 εἴρη-

289 613 474 684 μένον,
535 607 787 685 εὔχεσθαι
841 612 918 684 μή
978 611 1228 686 ἐμπεσεῖν
1293 614 1368 677 είς
1433 615 1756 689 πειρασμὸν,
1815 615 1932 669 ὅθεν

246 702 388 756 ὀὐκ
437 699 740 775 ἐπιῤῥίπτει
803 700 990 756 ἑαυτὸν
1039 708 1153 765 τοῖς
1211 709 1556 777 πειρασμοῖς,
1618 701 1743 758 ἀλλ’
1809 699 1936 767 ἔνθα

286 791 375 843 καί
410 788 478 843 δι’
518 789 882 860 ἀνθρωπίνης
935 798 1195 869 μηχανῆς
1246 789 1319 846 ἔνι
1372 796 1560 867 φυγεῖν
1623 790 1684 846 οὗ
1738 812 1933 867 παραι-

284 883 476 934 τεῖται.
543 876 841 950 Ἐφῦλαττε
896 880 996 952 γὰρ
1055 879 1240 935 ἑαυτὸν
1305 885 1383 952 τῷ
1448 881 1783 956 κηρύγματι,
1843 881 1936 934 καὶ

289 973 388 1034 τῆς
422 964 696 1040 σωτηρίας
737 965 959 1036 ἐκηδετο
1002 972 1110 1021 τῶν
1163 969 1418 1040 μαθητῶν
1469 966 1700 1040 μᾶλλον,
1749 968 1784 1037 ἢ
1837 973 1938 1037 τῆς

287 1054 509 1118 οἰκείας.
545 1055 636 1108 Διὸ
675 1054 765 1109 καὶ
806 1054 1058 1131 ἀλλαχοῦ
1091 1078 1244 1134 φησι.
1281 1082 1304 1108 τι
1339 1055 1510 1112 Καλόν
1558 1079 1650 1129 μοι
1698 1059 1760 1112 τὸ
1808 1056 1939 1111 ἀνα-

290 1145 450 1200 λῦσαι
496 1145 582 1200 καὶ
642 1145 736 1200 σὺν
792 1152 1016 1221 Χριστῷ
1073 1150 1230 1202 εἶναι⁸
1290 1149 1352 1202 τὸ
1406 1145 1483 1214 δὲ,
1541 1142 1810 1220 ἐπιμένειν
1867 1151 1936 1222 τῇ

290 1234 470 1309 σαρκὶ,
513 1234 933 1310 ἀναγκαιότερον
965 1233 1033 1290 δι’
1065 1236 1226 1310 ὑμᾶς.
1271 1259 1299 1288 ››
1331 1236 1580 1312 Σαργανη
1635 1235 1747 1293 ἐστὶ
1778 1257 1939 1312 σχοι-

288 1323 424 1389 νίον,
455 1319 564 1378 ἔστι
597 1319 654 1378 δὲ
686 1324 772 1378 καὶ
802 1323 948 1388 εἶδος
982 1323 1260 1401 σπυρίδος.

361 1678 675 1753 Καυχᾶσθαι
744 1677 811 1746 δὴ
881 1683 942 1733 ού
1037 1681 1299 1757 συμφέρει
1399 1701 1512 1752 μοι.
1611 1680 1938 1753 Ἑλεῦσομα,⁵

283 1767 388 1843 γὰρ
446 1766 521 1829 εἷς
580 1767 840 1830 ὀπτασίας
900 1770 988 1823 καὶ
1050 1767 1423 1842 ἀποκαλυψεις
1499 1768 1717 1844 Κυρίου.
1798 1767 2015 1873 ΟἴδαΒ

285 1855 572 1928 ἄνθρωπον
674 1855 727 1912 ἐν
831 1858 1048 1932 Χριστῷ
1122 1860 1228 1934 πρὸ
1304 1857 1435 1913 ἐτῶν
1513 1857 1934 1931 δεκατεσσάρων.

285 1946 394 2001 εἶτε
471 1944 522 2000 ἐν
599 1946 811 2018 σώματι
889 1945 992 2001 οὐκ
1065 1944 1211 2013 οἶδα,
1289 1947 1397 2003 εἷ’τε
1471 1948 1624 2009 ἐκτὸς
1694 1952 1793 2003 τοῦ
1833 1948 1937 2002 σώ-

294 2055 458 2109 ματος
555 2034 653 2090 οὐκ
755 2033 897 2090 οἷδαο
1005 2037 1032 2091 ὁ
1136 2037 1265 2099 Θεὸς
1369 2036 1530 2092 οἶδεν·
1631 2037 1941 2112 ἁρπαγέντα

282 2123 374 2178 τὸν
454 2125 704 2176 τοιοῦτον
807 2119 1096 2197 ἃνθρωποτ
1195 2121 1300 2186 ἓιυς
1399 2125 1583 2199 τρίτου
1688 2124 1938 2200 οὐρανοῦ,

276 2209 372 2267 ’καὶ
449 2209 573 2269 οἴδα
645 2214 735 2269 τὸν
808 2219 1056 2270 τοιοῦτον
1136 2215 1440 2290 ἄνθρωπον,
1517 2213 1628 2270 ε’ίτε
1703 2213 1754 2269 ἂν
1833 2215 1944 2270 σώ-

293 2322 443 2374 ματι,
524 2300 630 2357 ε’ίνε
704 2300 858 2364 ἐκτὸς
897 2307 995 2359 τοῦ
1053 2303 1305 2376 σώματος
1363 2303 1462 2359 οὐκ
1518 2301 1667 2367 οἶδα,
1725 2305 1754 2358 ὁ
1813 2303 1942 2365 Θεὸς

294 2388 458 2462 οἶδεν,
536 2389 619 2446 ὅτι
711 2393 932 2467 ἡρπάγη
1035 2391 1112 2454 εἰς
1209 2393 1302 2448 τὸν
1405 2390 1750 2468 παράδεισον,
1852 2392 1940 2448 καὶ

295 2477 525 2548 ἤκουσεν
602 2477 812 2555 ἂρῥητα
886 2481 1130 2555 ῥήματα,
1207 2477 1240 2536 ἂὶ
1313 2481 1416 2536 οὐκ
1488 2481 1604 2552 ἐξὸν
1680 2479 1946 2558 ἀνθρώπῳ

297 2564 561 2636 λαλῆσαι.

392 2688 417 2716 ι
448 2661 765 2740 Καυχᾶσθαι
800 2657 866 2729 δὴ
901 2660 962 2714 οὐ
995 2659 1252 2737 συμφέρει
1290 2684 1317 2712 ››
1370 2681 1482 2733 μοι.
1530 2661 1712 2717 Καίτοι
1763 2659 1948 2715 πολλά

308 2752 474 2806 εἰπὼν
494 2752 619 2816 ἄνω,
651 2753 767 2810 πῶς
797 2745 904 2802 ὦδε
927 2750 1108 2825 φησῖν,
1148 2776 1170 2802 α
1194 2750 1274 2806 Οὐ
1304 2751 1571 2822 συμφέροι
1600 2747 1945 2822 μοι,Έπειδή

316 2842 391 2904 εἷς
447 2837 618 2915 ἕτερον
679 2837 818 2900 εἶδος
895 2841 1220 2912 καυχήσεως
1288 2840 1516 2914 ἤρχετο,
1594 2841 1725 2914 ὅπερ
1783 2840 1946 2895 αὐτὸν

308 2930 475 2986 ἐποίει
510 2927 784 3003 λαμπρὸν,
842 2928 905 2983 τὸ
964 2932 1071 2983 τῶν
1129 2927 1545 3002 ἀποκαλύψεων,
1605 2929 1778 3000 Φησῖν
1834 2930 1949 3000 οὖν,

303 3043 332 3069 ‹‹
363 3019 438 3076 Οὐ
473 3021 735 3095 συμφέρει
768 3027 867 3090 μοι’
890 3021 1074 3085 τοῦτο,
1110 3040 1138 3068 ››
1165 3015 1257 3070 ’ίνα
1317 3021 1391 3089 μή
1445 3039 1512 3090 με
1564 3018 1642 3082 εἱς
1690 3017 1946 3073 ἀπόνοιαν

295 3107 425 3183 ἄρῃ.
479 3105 702 3167 ’Ἄλλως
742 3106 845 3181 γὰρ
910 3105 978 3160 τὰ
1034 3107 1159 3180 παρ’
1216 3105 1363 3178 αὐτῷ
1421 3105 1668 3180 μένοντα,
1725 3107 1814 3161 καὶ
1873 3105 1949 3168 εἰς

2039 527 2276 584 civitate
2308 535 2568 584 servaret
2618 554 2643 578 «
2682 536 2871 585 Aretaa
2919 530 3094 603 regis.
3134 552 3160 578 ι)
3211 531 3389 586 Socer
3443 531 3687 588 Herodis

2039 623 2165 673 erat
2193 621 2420 675 Aretas.
2451 643 2478 668 «
2515 621 2583 674 Et
2613 635 2717 691 per
2748 619 3068 675 fenestram
3099 619 3161 674 in
3194 627 3414 692 sporta.
3442 644 3469 671 »
3505 624 3690 678 Nove-

2039 713 2132 762 rat
2162 708 2384 763 dictum
2420 725 2548 764 esse
2581 716 2646 763 ut
2673 725 2987 780 precemur
3009 726 3082 764 ne
3115 710 3448 765 incidamus
3470 711 3530 765 in
3553 718 3687 766 ten-

2040 797 2324 852 tationem
2357 796 2439 852 τίς
2476 798 2632 852 unde
2666 798 2927 870 seipsum
2959 815 3076 852 non
3135 799 3330 869 injicit
3381 799 3443 854 in
3495 806 3691 855 tenta-

2037 887 2251 956 tiones,
2287 887 2388 942 sed
2417 888 2517 943 ubi
2551 889 2811 944 humano
2846 905 3078 960 quoque
3113 890 3349 944 invento
3391 890 3565 945 datur
3603 890 3687 945 ei-

2039 975 2261 1047 fugere,
2295 992 2413 1030 non
2453 977 2758 1033 detrectat.
2796 977 2941 1033 Nam
2975 978 3233 1048 seipsum
3279 979 3687 1050 praedicationi

2043 1065 2332 1133 servabat,
2393 1082 2460 1120 ac
2509 1066 2718 1121 salutis
2775 1065 3201 1138 discipulorum
3245 1069 3430 1141 magis
3485 1086 3690 1125 curam

2042 1153 2319 1221 habebat,
2353 1171 2530 1225 quam
2561 1156 2834 1226 propriae.
2892 1157 3028 1212 Ideo
3079 1157 3255 1212 etiam
3307 1158 3448 1213 alibi
3508 1158 3689 1214 dicit:

2045 1265 2071 1293 ιι
2100 1244 2323 1298 Bonum
2348 1251 2503 1298 esset
2525 1245 2668 1299 mihi
2696 1245 2934 1301 dissolvi
2955 1252 3012 1300 et
3031 1263 3156 1302 esse
3176 1263 3309 1302 cum
3329 1247 3558 1303 Christo
3577 1249 3620 1282 ⁷³
3641 1265 3685 1315 ;»

2043 1339 2322 1389 caeterum
2358 1349 2596 1388 manere
2623 1334 2684 1388 in
2714 1350 2890 1389 carne
2923 1336 3110 1407 magis
3168 1338 3572 1392 necessarium
3606 1342 3697 1392 est

2043 1428 2285 1494 propter
2307 1439 2427 1479 vos.
2463 1444 2492 1473 »
2523 1423 2774 1496 Σαργάνη
2807 1423 3109 1479 funiculus
3149 1430 3258 1493 est,
3309 1432 3571 1482 attamen
3605 1432 3697 1483 est

2045 1525 2278 1582 quoque
2311 1516 2370 1565 et
2397 1527 2585 1583 genus
2617 1519 2851 1582 sportze.

2113 1598 2233 1665 ΧΗ,
2265 1601 2371 1654 1-4.
2404 1622 2427 1652 α
2455 1600 2703 1655 Gloriari
2724 1617 2863 1655 sane
2887 1617 3007 1656 non
3029 1601 3691 1674 expeditmihi,veniam

2046 1709 2074 1736 ‹‹
2109 1687 2265 1742 enim
2297 1687 2368 1742 ad
2400 1689 2655 1744 visiones
2685 1707 2752 1746 ac
2797 1690 3186 1746 revelationes
3240 1692 3493 1747 Domini.
3550 1693 3695 1748 Novi

2048 1798 2076 1826 «
2105 1775 2406 1832 hominem
2437 1778 2495 1832 in
2528 1779 2758 1834 Christo
2790 1784 2926 1835 ante
2958 1797 3148 1835 annos
3198 1782 3648 1852 quatuordecim
3679 1797 3692 1837 :

2052 1888 2078 1916 ‹‹
2109 1883 2185 1921 an
2216 1866 2278 1921 in
2310 1884 2575 1939 corpore,
2611 1870 2832 1936 nescio,
2864 1886 2939 1924 an
2973 1877 3137 1924 extra
3185 1887 3398 1942 corpus
3448 1871 3648 1927 nescio
3682 1887 3697 1927 :

2049 1977 2076 2006 «
2113 1957 2266 2011 Deus
2295 1959 2491 2025 novit;
2525 1965 2759 2030 raptum
2792 1959 3132 2030 hujusmodi
3158 1959 3216 2014 in
3241 1961 3478 2016 tertium
3505 1978 3697 2032 usque

2049 2046 2339 2110 «ccelum,
2374 2053 2433 2101 et
2485 2047 2606 2102 scio
2657 2047 2999 2120 hujusmodi
3059 2048 3386 2115 hominem,
3446 2050 3567 2105 sive
3635 2050 3698 2105 in

2056 2157 2082 2187 α
2114 2151 2379 2208 corpore,
2417 2137 2536 2192 sive
2569 2143 2733 2192 extra
2763 2155 2977 2208 corpus
3009 2138 3232 2205 nescio,
3295 2140 3448 2194 Deus
3498 2141 3696 2205 novit;

2052 2247 2080 2275 ‹‹
2112 2233 2346 2297 raptum
2381 2227 2559 2282 fuisse
2591 2226 2651 2281 in
2692 2227 3056 2298 paradisum,
3102 2235 3160 2284 et
3202 2229 3438 2285 audisse
3483 2244 3699 2285 arcana

2051 2337 2080 2365 «
2113 2314 2289 2372 verba
2320 2332 2451 2387 quae
2482 2316 2570 2372 fas
2601 2333 2717 2372 non
2752 2317 2828 2372 sit
2857 2317 3083 2372 homini
3115 2318 3298 2389 loqui.
3336 2340 3363 2368 ››

2125 2687 2154 2715 ‹‹
2187 2665 2432 2722 Gloriari
2467 2681 2609 2719 sane
2643 2665 2878 2737 expedit
2901 2664 3068 2722 mihi.
3105 2686 3130 2714 ››
3169 2666 3343 2736 Atqui
3388 2665 3576 2721 multa
3602 2683 3704 2722 su-

2053 2755 2255 2826 perius
2286 2754 2453 2822 dixit,
2487 2753 2782 2824 quomodo
2816 2771 2950 2825 ergo
2983 2770 3144 2809 nunc
3176 2755 3277 2819 ait,
3315 2778 3334 2802 α
3373 2757 3498 2809 Non
3527 2771 3704 2827 expe-

2055 2843 2142 2898 dit
2167 2844 2351 2910 mihi;
2389 2867 2410 2894 ι
2450 2843 2729 2913 quoniam
2765 2843 2837 2898 ad
2885 2842 3048 2897 aliud
3102 2842 3470 2907 gloriationis
3519 2861 3705 2914 genus

2055 2933 2345 2998 veniebat,
2381 2932 2537 3003 quod
2570 2933 2763 3003 ipsum
2795 2933 3020 2987 clarum
3043 2933 3338 3001 redderet,
3365 2950 3577 3004 nempe
3610 2950 3703 2988 re-

2056 3023 2437 3078 velationum.
2473 3021 2566 3075 Ait
2599 3037 2772 3093 ergo:
2812 3042 2834 3072 ιι
2871 3021 3009 3075 Mihi
3051 3021 3160 3076 hoc
3214 3039 3333 3076 non
3381 3023 3637 3094 expedit,
3671 3045 3701 3073 »

2055 3129 2130 3168 ne
2165 3128 2257 3166 me
2289 3111 2350 3166 in
2381 3111 2776 3182 arrogantiam
2801 3110 3064 3165 extollat.
3089 3110 3218 3165 Alio
3243 3128 3501 3183 namque
3524 3110 3701 3166 modo

293 3198 510 3271 ὲτέρους
569 3195 902 3273 ἐκςρερέμενα
955 3198 1120 3272 φυσᾷν
1183 3194 1391 3264 εἷ’ωοεν,
1473 3193 1572 3250 οὒκ
1657 3196 1739 3250 ὅτι
1788 3195 1949 3259 αυτὸς

2059 3219 2186 3273 quae
2219 3200 2374 3271 apud
2409 3175 2704 3270 queinque
2737 3205 3002 3260 manent.
3064 3205 3122 3254 et
3178 3217 3309 3270 quae
3359 3175 3513 3272 apud
3566 3201 3704 3256 illos

287 3291 454 3341 τοῦτο
515 3285 746 3364 πάσχειν
802 3281 1052 3356 ἔμελλεν,
1113 3283 1303 3358 ἄπαγε,
1363 3281 1510 3339 ἀλλᾶ
1577 3281 1943 3360 παιδαγωγῶν

297 3377 469 3447 ἡμᾶς,
510 3376 638 3447 παρ’
668 3374 880 3428 ἑαυτοῖς
927 3373 993 3427 τὰ
1047 3376 1272 3427 τοιαῦτα
1329 3367 1498 3446 ἔχειν,
1557 3373 1631 3435 ὡς
1678 3374 1774 3444 τῆς
1823 3371 1943 3443 διη-

285 3466 516 3538 γῆσεως
574 3463 651 3524 εἷς
709 3461 970 3518 ἀπόνοιαν
1029 3462 1152 3536 ἆραι
1223 3458 1544 3534 δυναμένης.
1597 3494 1669 3506 -
1727 3461 1948 3526 Ἀλλως

291 3557 508 3631 [ΦΩΤ.]
540 3555 690 3612 Ἀντὶ
720 3557 837 3621 τοῦ,
901 3554 1216 3629 Καυχᾶσθαι
1269 3552 1325 3609 δὲ
1358 3553 1500 3609 ἄλλα
1546 3555 1692 3630 παρᾶ
1737 3555 1802 3610 τὰ
1851 3562 1951 3624 τῆς

293 3645 570 3706 ἀσθενείας
631 3665 758 3718 μου,
819 3643 879 3698 οὐ
948 3642 1220 3720 σμμιρέρει
1312 3664 1428 3717 μοι.
1490 3645 1626 3701 Εἴπε
1687 3644 1788 3720 γὰρ
1843 3645 1950 3718 πρὸ

309 3755 592 3808 μικρου,«
625 3733 695 3790 Εἴ
726 3736 1029 3807 καυχᾶσθαι
1085 3730 1184 3801 δεῖ,
1243 3733 1307 3786 τὰ
1360 3739 1460 3802 τῆς
1519 3733 1787 3794 ἀσθενείας
1848 3753 1952 3807 μου

302 3824 680 3902 καυχήσομαι.
738 3845 766 3872 ››
842 3822 978 3877 Εἶτα
1053 3820 1160 3883 osi:
1241 3822 1434 3894 μεταξὺ
1508 3828 1606 3890 τῆς
1680 3821 1953 3884 ἀσθενείας

304 3909 680 3988 παράδειγμα,
743 3910 928 3984 ἐπάγει
979 3907 1273 3971 ἀποδιδοὺς
1331 3911 1467 3983 πρὸς
1525 3910 1587 3965 τὸ
1647 3911 1952 3986 εἷρημένον,

308 4000 454 4065 οἷον,
486 4002 558 4055 "A
591 3997 648 4054 δὲ
680 4000 779 4054 οὐκ
817 3993 958 4054 ἔστιν
987 3999 1283 4067 ἀσθενείας,
1317 3997 1463 4053 ἀλλὰ
1525 3998 1733 4071 μᾶλλον
1787 3999 1955 4072 ὕψους

306 4090 400 4145 καὶ
423 4087 724 4162 δυνάμεως,
756 4093 942 4157 ταῦτα,
994 4088 1177 4166 φησὶν,
1231 4087 1295 4142 οὗ
1352 4086 1612 4161 συμφέρει
1665 4108 1780 4160 μοι.
1837 4091 1958 4148 Πῶς

311 4177 407 4233 οὗν
506 4179 594 4232 καὶ
668 4181 834 4233 ταῦτα
909 4176 1125 4252 λέγωνς
1204 4175 1312 4231 Οὐκ
1385 4171 1724 4249 ἐϐουλόμην,
1801 4174 1954 4255 φησί.

313 4267 414 4323 Διά
487 4263 543 4322 δὲ
615 4268 714 4336 τὴν
793 4267 946 4339 υμῶν
1023 4265 1318 4341 σωτηρίαν,
1358 4266 1448 4320 καὶ
1489 4266 1522 4320 ἇί
1563 4267 1637 4339 μή
1683 4265 1960 4341 βούλομαι

311 4353 674 4436 ἀναδέχομαι.
711 4357 815 4414 Καὶ
873 4357 1062 4411 σκόπει
1121 4361 1239 4416 πῶς
1293 4355 1582 4432 πανσόφως
1637 4351 1836 4426 διαιτᾷ.
1887 4355 1959 4410 Οὐ

308 4450 488 4516 σιωπᾷ
519 4444 820 4512 παντελῶς,
872 4445 963 4498 ἳνα
1021 4442 1308 4521 ὠφελήσῃ,
1367 4444 1457 4498 καὶ
1515 4445 1576 4500 οὐ
1639 4442 1781 4518 λέγει
1835 4444 1964 4498 ἀνα-

2056 3292 2384 3345 eﬂ'eruntur
2413 3289 2635 3343 instare
2666 3288 2862 3343 solent
2885 3307 2898 3354 ;
2925 3289 3078 3343 694
3111 3306 3232 3343 non
3257 3289 3412 3360 quod
3439 3290 3705 3345 futurum

2057 3385 2214 3435 esset
2237 3385 2304 3432 ut
2333 3378 2444 3433 hoc
2487 3378 2597 3449 ipsi
2659 3377 3047 3447 contingeret.
3109 3378 3388 3446 Minime;
3451 3379 3553 3434 sed
3597 3396 3706 3434 nos

2057 3470 2380 3532 instruens,
2413 3466 2840 3539 uthujusmodi
2873 3466 3027 3538 apud
3053 3483 3162 3522 nos
3192 3467 3350 3538 ipsos
3384 3485 3708 3537 servemus,

2059 3559 2216 3630 quod
2251 3558 2510 3613 narratio
2543 3557 2730 3628 possit
2761 3557 2833 3612 ad
2866 3557 3265 3629 arrogantiam
3309 3559 3611 3614 extollere.
3642 3587 3711 3598 —

2062 3649 2179 3703 Alio
2207 3647 2387 3702 modo.
2423 3647 2541 3701 Hoc
2569 3652 2677 3712 est,
2708 3646 2956 3701 Gloriari
2988 3663 3120 3701 vero
3169 3647 3230 3700 in
3271 3647 3403 3701 aliis
3437 3663 3616 3717 quam
3647 3646 3710 3700 in

2062 3736 2155 3791 his
2188 3753 2318 3806 qua)
2349 3734 2714 3789 infirmitatis
2747 3751 2891 3789 mere
2925 3741 3081 3799 sunt,
3116 3750 3237 3788 non
3271 3734 3506 3804 expedit
3537 3733 3705 3787 mihi.

2065 3825 2218 3880 Dixit
2251 3825 2409 3878 enim
2442 3823 2616 3894 paulo
2649 3829 2823 3878 ante:
2884 3845 2912 3872 «
2945 3823 3000 3876 Si
3049 3823 3286 3893 gloriari
3339 3827 3588 3893 oportet,
3640 3820 3712 3876 de

2064 3913 2158 3968 his
2189 3930 2319 3982 qum
2353 3911 2716 3966 infirmitatis
2748 3927 2895 3965 mea)
2927 3917 3062 3964 sunt
3093 3910 3409 3980 gloriabor.
3438 3934 3464 3960 ››
3489 3909 3713 3965 Deinde

2065 4002 2257 4072 posito
2294 4000 2657 4054 inﬁrmitatis
2690 3999 2972 4069 exemplo.
3009 3999 3313 4070 subjungit
3343 4000 3715 4054 consecutive

2067 4089 2139 4144 ad
2172 4089 2231 4144 id
2263 4087 2421 4159 quod
2453 4088 2675 4142 dictum
2707 4094 2812 4146 est.
2848 4103 2914 4143 ac
2948 4089 2995 4142 si
3027 4088 3222 4142 dicat:
3255 4089 3393 4153 Quae
3425 4105 3563 4144 vero
3594 4104 3715 4144 non

2071 4184 2210 4234 sunt
2239 4177 2626 4242 infirmitatis,
2661 4177 2762 4231 sed
2795 4177 2980 4249 magis
3013 4176 3398 4233 sublimitatis
3431 4183 3489 4233 et
3509 4184 3716 4250 poten-

2071 4268 2190 4332 tizn,
2224 4265 2296 4321 de
2325 4266 2440 4331 his,
2504 4265 2717 4336 inquit,
2777 4282 2898 4321 non
2955 4266 3191 4337 expedit
3246 4267 3393 4320 mihi
3452 4267 3715 4339 gloriari.

2072 4355 2377 4422 Quomodo
2410 4371 2546 4428 ergo
2581 4356 2758 4410 etiam
2788 4355 2913 4410 haec
2943 4355 3092 4411 dicis
3125 4355 3150 4409 7
3191 4355 3444 4422 Nollem,
3498 4355 3716 4426 inquit,

2074 4446 2177 4502 sed
2209 4450 2451 4517 propter
2478 4450 2731 4500 vestram
2767 4444 3038 4514 salutem,
3072 4444 3247 4499 etiam
3307 4460 3438 4514 quas
3495 4443 3719 4498 nollem

301 4534 758 4608 κεκαλυμμένοις,
814 4532 942 4588 ἀλλ’
999 4527 1050 4589 ἔν
1111 4533 1201 4586 καὶ
1257 4537 1421 4588 τοῦτο
1482 4530 1949 4606 συνεσκιασμξνως,

2075 4537 2353 4608 suscipio.
2387 4539 2453 4589 Et
2478 4534 2789 4590 considera
2811 4550 2926 4605 quo
2946 4539 3115 4605 pacto
3136 4549 3258 4588 rem
3283 4532 3721 4603 sapientissime

298 4623 393 4678 ’ἱνα
441 4623 584 4701 φύγῃ
638 4623 702 4678 τὸ
759 4624 1090 4697 καυχᾶσθαι,
1148 4621 1236 4676 καὶ
1320 4622 1444 4676 τότε
1502 4621 1742 4696 ἀνάγκης
1815 4621 1962 4694 αὖτῷ

301 4718 403 4781 τῆς
436 4711 542 4766 ἀπὸ
590 4715 700 4765 τῶν
751 4708 1216 4784 ψευδοποστόλων
1263 4707 1635 4782 ἐπικειμένης,
1688 4709 1959 4765 παιδεύων

307 4798 401 4855 διὰ
436 4802 654 4871 τούτου,
717 4799 884 4874 μηδὲν
941 4799 1078 4874 μέγα
1135 4799 1257 4875 περὶ
1318 4799 1520 4853 ἑαυτῶν
1578 4801 1726 4872 ἡμᾶς
1783 4797 1960 4873 λέγειν

305 4889 405 4946 κᾶν
438 4888 638 4961 ἀληθὲς
665 4889 725 4961 ᾗ,
762 4888 805 4943 εί
852 4890 926 4963 μὴ
959 4888 1018 4943 ἐκ
1067 4886 1286 4958 πολλῆς
1315 4887 1576 4963 ἀνάγκης.
1621 4912 1645 4942 α
1689 4893 1766 4946 Ou
1821 4910 1962 4963 σομ-

307 4979 456 5058 φέεει
490 5000 605 5053 μοι,
645 5004 671 5029 »ι
701 4980 770 5035 ’Ή
799 4976 894 5032 ’ίνα
931 4979 1005 5050 μή
1038 4999 1119 5040 τις
1155 4980 1372 5051 μείζονα
1417 4977 1512 5043 τῆς
1562 4977 1710 5048 ἀξίας
1754 4975 1960 5034 ἔννοιαν

307 5064 609 5144 λάϐῃπερῖ
644 5067 804 5141 ἐμοῦ,
838 5069 973 5141 ὅπερ
1021 5069 1389 5142 παρακατιὼν,
1448 5067 1605 5142 φησὶ,
1657 5069 1837 5138 Μῆτις
1885 5069 1961 5131 είς

305 5159 410 5233 Epit
442 5157 735 5232 λογίσηται
783 5156 917 5230 ὓπερ
978 5155 1007 5210 ὅ
1067 5154 1254 5231 βλέπει
1320 5177 1406 5229 με,
1472 5153 1507 5225 ἤ
1563 5157 1743 5212 ἀκούει
1799 5179 1853 5212 τι
1910 5157 1959 5227 ἐξ

294 5251 466 5322 ’ἐμοὶ
503 5273 531 5299 ››
563 5281 630 5291 --
664 5274 688 5301 ‹‹
728 5246 1056 5319 Ἐλεύσομαι
1086 5247 1189 5323 γὰρ
1220 5246 1295 5309 sic
1328 5246 1586 5310 ὀπτασίας
1626 5247 1716 5302 καὶ
1765 5248 1962 5302 ἀποκα-

312 5337 506 5410 λύψεις
536 5338 822 5412 Κυρίου.»
864 5335 1091 5410 Μεγάλη
1159 5336 1250 5407 μὲν
1309 5336 1397 5390 καὶ
1446 5337 1512 5405 ἢν
1563 5339 1707 5391 εἶπεν
1754 5336 1963 5392 ἀποκά-

307 5425 494 5498 λυψιν,
518 5424 662 5494 πλην
685 5425 898 5485 πολλὰς
925 5424 1092 5479 εἰπεῖν
1127 5418 1290 5499 ἔχων,
1329 5423 1458 5496 μίαν
1487 5422 1688 5494 ταύτην
1717 5423 1960 5500 ε’ίρηκεν.

303 5517 434 5572 Ὀτι
465 5513 568 5589 γὰρ
602 5516 721 5589 εἶχε
751 5511 965 5576 πολλὰς
997 5511 1187 5586 εἰπεῖν,
1219 5513 1593 5589 παρακατιὼν,
1617 5514 1774 5592 φησί,
1808 5537 1839 5567 ‹‹
1861 5515 1961 5570 Καί

296 5659 315 5759 ἐ
359 5633 421 5697 ’τι
455 5657 656 5716 Matth.
699 5676 774 5732 v1,
807 5661 891 5714 t3.
969 5657 1016 5697 ⁷³
1039 5658 1088 5694 ⁷³
1120 5657 1376 5736 Philipp.
1410 5676 1452 5728 ι,
1481 5658 1573 5715 23.

2071 4629 2407 4697 pertractet.
2443 4626 2569 4679 Non
2601 4629 2756 4678 tacet
2776 4623 3034 4694 penitus,
3061 4627 3126 4675 ut
3150 4622 3357 4693 prosit,
3387 4637 3498 4676 nec
3523 4626 3724 4692 aperte

2072 4715 2272 4770 omnia
2304 4713 2598 4785 exprimit,
2635 4712 2738 4767 sed
2769 4713 2878 4767 hoc
2908 4727 3127 4767 unum:
3154 4710 3335 4781 idque
3358 4711 3533 4766 etiam
3557 4711 3724 4766 obte-

2071 4803 2281 4878 gendo,
2302 4807 2368 4857 ut
2387 4801 2736 4873 jactantiam
2767 4801 3021 4871 effugiat,
3048 4799 3188 4852 licet
3206 4799 3558 4854 necessitate
3581 4805 3720 4854 tunc

2068 4898 2310 4964 propter
2335 4889 2827 4962 pseudapostolos
2859 4889 3168 4960 ingruente
3206 4905 3218 4942 :
3253 4906 3362 4943 nos
3419 4887 3721 4944 instruens

2069 4997 2175 5052 per
2203 4981 2334 5045 hoc,
2368 4995 2444 5034 ne
2475 4977 2801 5048 quidquam
2839 4978 3035 5049 magni
3067 4977 3138 5030 de
3173 4977 3346 5032 nobis
3379 4978 3542 5047 ipsos
3567 4977 3722 5032 dica-

2069 5087 2223 5137 mus,
2257 5069 2433 5123 etiam
2462 5069 2509 5121 si
2543 5083 2748 5121 verum
2795 5067 2887 5132 sit,
2951 5067 3066 5120 nisi
3121 5066 3309 5121 multa
3347 5066 3722 5120 necessitate.

2075 5180 2098 5211 σ
2134 5160 2258 5213 Non
2293 5156 2531 5228 expedit
2567 5155 2730 5209 mihi.
2772 5177 2798 5204 »
2832 5158 2947 5209 Aut
2976 5171 3050 5209 ne
3083 5155 3216 5225 quis
3249 5155 3534 5224 majorem
3569 5153 3728 5207 circa

2070 5263 2165 5302 me
2197 5246 2670 5301 benevolentiam
2703 5244 3004 5315 concipiat
3026 5260 3204 5314 quam
3237 5259 3340 5315 ego
3364 5247 3726 5312 promereat,

2071 5337 2226 5410 quod
2258 5337 2321 5391 in
2352 5352 2663 5408 progressu
2698 5336 2790 5390 his
2813 5335 3005 5389 verbis
3028 5334 3209 5389 dicit:
3235 5357 3260 5383 «
3287 5333 3368 5387 Ne
3387 5331 3521 5402 quis
3540 5331 3610 5386 de
3633 5348 3724 5387 me

2070 5427 2285 5496 cogitet
2314 5440 2492 5495 supra
2532 5423 2592 5477 id
2643 5423 2800 5494 quod
2858 5423 3016 5477 videt
3073 5438 3202 5477 esse
3253 5437 3368 5487 me,
3415 5425 3516 5474 aut
3565 5419 3724 5491 quod

2070 5514 2237 5572 audit
2265 5530 2336 5570 ex
2363 5529 2480 5569 me.
2514 5533 2542 5563 «
2584 5512 2824 5568 Veniam
2856 5513 3014 5568 enim
3049 5511 3123 5567 ad
3155 5509 3411 5566 visiones
3465 5514 3523 5564 et
3567 5523 3726 5564 reve-
