4048 6250
302 361 459 422 1065

1265 361 1678 421 COMMENT.
1726 360 1812 420 ΙΝ
1858 360 2108 420 EPIST.
2162 363 2211 420 ll
2258 364 2356 421 AD
2401 361 2772 424 CORINTH.

3553 365 3709 424 1066

297 495 426 550 Ὀτι
456 494 562 571 γὰρ
621 494 780 556 αὐτὸς
826 495 890 563 ἦν
942 494 969 548 6
1029 492 1310 569 ἀρπαγείς,
1370 490 1654 548 αίνίττεται
1705 493 1950 571 φάσκων,

2065 493 2248 550 rando
2273 495 2652 551 obumbrans.
2679 496 2824 551 Nam
2845 495 3002 566 quod
3025 496 3150 566 ipse
3173 501 3330 550 esset
3373 496 3472 567 qui
3506 503 3711 568 raptus

301 583 485 641 «Ἐὰν
544 585 650 657 γὰρ
717 581 1240 658 καυχήσωμαι,οὑκ
1306 576 1500 653 ἔσομαι
1561 580 1766 661 ἄφρωνο
1815 579 1953 652 ἀλή-

301 687 443 740 θειαν
473 676 575 750 γὰρ
607 675 734 750 ἐρῶ.
760 697 785 728 ι
828 675 921 730 Καὶ
955 673 1089 743 ἄνω,
1154 697 1182 726 ι(
1215 677 1536 752 Καυχᾶσθαι
1571 671 1637 741 δὴ
1697 673 1757 727 οὑ
1812 694 1953 746 συμ-

302 762 449 840 φέρει
484 783 599 836 μοι.
636 787 664 815 ››
707 768 869 818 Ποῖον
911 761 968 818 δὲ
1014 763 1333 841 ἀσύμφορον
1365 762 1428 816 τὸ
1453 762 1586 835 ὑπὲρ
1619 759 1795 818 ἄλλου
1821 782 1954 816 καυ-

300 853 499 908 χᾶσοαι
532 852 620 906 καὶ
662 851 946 923 ἀληθεύειν
983 871 996 919 ;
1057 876 1085 903 ι(
1117 851 1278 926 Ὑπὲρ
1318 847 1375 905 δὲ
1432 849 1668 922 ἐμαυτοό
1728 850 1788 904 οὑ
1820 871 1954 904 καυ-

301 944 580 1019 χήσομαι.
637 968 658 994 ι
741 941 844 997 Καὶ
900 940 1047 1002 τίνος
1105 937 1277 995 ἕνεκεν
1361 938 1537 994 ἄλλου
1600 939 1950 1014 ἀρπαγέντος,

303 1038 365 1086 συ
396 1036 668 1105 καυχᾶσαι
706 1051 719 1101 ;
752 1029 922 1096 δῆλον
986 1031 1075 1086 οὗν
1147 1030 1231 1084 ὅτι
1289 1029 1417 1104 περῖ
1478 1032 1702 1084 σεαυτοῦ
1753 1025 1956 1102 λέγεις,

303 1120 467 1176 εἶκαὶ
518 1119 1008 1194 συνεσκιασμὲνως.
1072 1143 1097 1173 ι
1130 1119 1190 1176 Εἰ
1239 1121 1314 1191 μή
1376 1118 1428 1174 ἐν
1487 1123 1605 1178 ταῖς
1662 1118 1954 1180 ἀσθενείαις

307 1230 435 1283 μου.
482 1233 509 1260 ››
557 1210 679 1264 Οῗον
736 1208 787 1264 ἐν
842 1214 959 1270 ταῖς
1023 1209 1266 1281 θλιψεσιν
1313 1253 1327 1277 ,
1384 1206 1436 1262 ἐν
1485 1213 1603 1268 τοῖς
1664 1204 1954 1283 διωγμοῖς.

307 1323 326 1348 ι
358 1299 480 1353 Ἐὰν
514 1299 616 1375 γὰο
649 1296 869 1368 Θελήσω
891 1300 1304 1368 καυλίήσασϐαι,
1338 1297 1436 1352 οὑκ
1465 1292 1658 1366 ἔσομαι
1687 1293 1891 1374 ἄφρων.
1927 1319 1954 1346 η

304 1387 403 1443 Καὶ
443 1393 560 1449 πῶς
588 1386 700 1442 ἅνω
740 1381 953 1465 ἔλεγεν,
1005 1385 1204 1467 ὄφελον
1267 1387 1540 1462 ἀνείχεσθε
1598 1408 1702 1458 μου
1761 1386 1951 1462 μικρὸν

301 1486 402 1546 τῆς
467 1476 829 1557 ἀφροσύνης;
893 1477 994 1533 Καἶ
1081 1477 1286 1533 πάλιν·
1343 1477 1414 1533 ’Ὀ
1474 1474 1652 1542 λαλῶ,
1705 1473 1766 1530 οὐ
1819 1475 1956 1530 κατά

308 1567 507 1641 Κύριον
562 1565 738 1636 λαλῶ,
799 1564 924 1620 ἀλλ’
978 1565 1052 1628 ὡς
1104 1564 1154 1620 ἐν
1211 1565 1538 1642 ἀφροσύνῃ;
1604 1565 1699 1618 Καὶ
1760 1585 1952 1641 φαμεν,

305 1655 390 1711 ὅτι
450 1656 512 1711 οὐ
576 1657 711 1710 κατά
763 1656 824 1710 τὸ
879 1661 1184 1730 καυχᾶσθαι
1241 1656 1362 1709 εἷπε
1416 1655 1480 1710 τὸ
1516 1697 1529 1721 ,
1582 1655 1700 1710 Οὐκ
1757 1651 1950 1726 ἔσομαι

302 1742 510 1823 ἄφρων,
544 1741 692 1800 ἀλλά
718 1745 854 1799 κατά
900 1746 962 1798 τὸ
1025 1747 1100 1816 μή
1154 1743 1472 1817 ψεύσασθαι.
1522 1743 1674 1797 Ὅθεν
1735 1740 1946 1816 ἐπάγει

2065 585 2219 639 696
2248 586 2444 641 fuerat
2464 586 2754 656 designat,
2779 583 2982 640 dicens
3008 601 3020 638 :
3049 585 3151 640 «Si
3178 585 3417 657 gloriari
3444 586 3709 657 voluero,

2063 689 2182 728 non
2216 690 2315 729 ero
2347 675 2660 746 insipiens,
2692 675 2998 730 veritatem
3034 675 3192 729 enim
3225 673 3438 729 dicam.
3471 694 3497 726 ι
3524 678 3592 731 Et
3618 693 3714 732 su-

2062 779 2168 833 pra
2202 781 2212 818 :
2250 785 2277 814 «
2310 764 2559 819 Gloriari
2587 780 2728 819 sane
2759 781 2878 819 non
2913 764 3149 835 expedit
3204 764 3372 819 mihi.
3437 785 3464 814 »
3516 766 3716 831 Quod-

2062 869 2200 908 nam
2224 860 2554 912 estautem.
2584 853 2656 908 de
2680 854 2796 908 alio
2810 853 3050 925 gloriari
3072 870 3202 908 vera
3244 853 3518 920 dicendo,
3551 855 3710 926 quod

2062 957 2182 995 non
2216 942 2494 1012 expedit?
2527 965 2552 991 (ι
2581 943 2658 996 De
2687 943 2914 1013 meipso
2946 959 3082 996 vero
3141 959 3260 997 non
3327 943 3644 1012 gloriabor.
3682 965 3710 994 »

2063 1030 2130 1084 Et
2161 1045 2342 1100 quare
2375 1031 2490 1085 alio
2523 1038 2687 1102 rapto
2720 1039 2781 1085 tu
2811 1031 3129 1103 gloriaris?
3188 1030 3559 1087 Manifestum
3621 1039 3710 1089 est

2062 1121 2261 1192 itaque
2294 1122 2451 1190 quod
2484 1121 2554 1176 de
2588 1122 2773 1192 teipso
2827 1122 2997 1189 dicis,
3060 1138 3401 1192 quanquam
3452 1122 3703 1179 obtecte.

2064 1231 2093 1258 «
2127 1211 2243 1264 Nisi
2275 1211 2930 1282 superinﬁrmitalibus
2951 1212 3120 1267 meis.
3150 1235 3175 1259 »ι
3202 1213 3318 1267 Hoc
3365 1219 3472 1277 est,
3530 1229 3708 1284 super

2063 1298 2488 1354 afﬂictionibus
2508 1307 2565 1354 et
2587 1300 3121 1372 persecutionibus.
3148 1325 3173 1349 ιε
3215 1303 3358 1355 Nam
3387 1301 3436 1355 si
3466 1301 3705 1374 gloriari

2061 1388 2321 1444 voluero.
2357 1406 2475 1444 non
2499 1406 2598 1445 ero
2626 1390 2934 1462 insipiens.
2959 1391 3076 1444 »Et
3097 1390 3392 1461 quomodo
3434 1391 3707 1462 superius

2062 1477 2228 1532 dixit.
2265 1479 2500 1534 Utinam
2527 1479 2859 1535 toleraretis
2891 1495 3078 1534 meam
3107 1479 3712 1552 paulisperinsipien-

2063 1567 2204 1621 tiam
2225 1567 2252 1622 ‘I
2274 1573 2332 1622 et
2353 1584 2624 1624 rursum:
2652 1570 2796 1624 Cum
2818 1569 2947 1624 dico
2997 1585 3118 1624 non
3162 1569 3490 1624 secundum
3527 1569 3714 1625 Domi-

2061 1671 2206 1710 num
2239 1656 2390 1724 dico,
2423 1657 2526 1712 sed
2571 1657 2729 1712 velut
2752 1675 2858 1729 per
2888 1658 3295 1729 insipientiam
3318 1658 3429 1713 ‘IEt
3457 1658 3714 1714 dicimus

2063 1745 2221 1814 quod
2249 1762 2368 1800 non
2396 1747 2583 1802 dixit:
2613 1748 2737 1801 Non
2762 1763 2860 1801 ero
2885 1747 3194 1819 insipiens,
3231 1747 3290 1800 in
3310 1747 3420 1802 hoc
3437 1747 3594 1818 quod
3626 1752 3716 1803 est

302 1858 330 1885 α
366 1833 658 1904 Ἀλήθειαν
691 1833 793 1908 γὰρ
837 1833 964 1909 ἐρῶ.
1003 1858 1030 1884 ››
1061 1832 1277 1902 Καλῶς,
1311 1832 1496 1910 φησὶν,
1560 1858 1587 1885 ‹‹
1623 1831 1732 1886 Οὐκ
1755 1829 1949 1905 ἓσομαι

2060 1834 2320 1906 gloriari.
2347 1835 2450 1890 sed
2473 1837 2535 1890 in
2559 1836 2671 1890 hoc
2689 1835 2846 1906 quod
2868 1843 2956 1891 est
2978 1853 3097 1890 non
3148 1837 3513 1892 mentiendo.
3548 1835 3712 1894 Unde

297 1924 569 2005 ἄφρων.»
644 1925 721 1983 Ού
772 1925 874 2001 γΞιρ
925 1923 1067 1980 ἐστιν
1127 1921 1361 1999 ἄφρονος
1417 1922 1480 1976 τό
1551 1921 1644 1975 ἐπὶ
1703 1920 1947 1995 σωτηρίᾳ

303 2016 392 2069 καὶ
439 2013 680 2094 ὠφελείᾳ
734 2016 928 2092 ψυχῶν
975 2011 1064 2067 καὶ
1124 2013 1360 2086 ἀνάγκης
1420 2009 1784 2083 ἂπικειμὲνης,
1850 2010 1948 2078 τήν

309 2105 449 2170 παρὰ
508 2109 642 2160 Θεοῦ
699 2109 1131 2179 παρασχεθεῖσαν
1189 2103 1338 2173 αὑτῷ
1427 2103 1591 2176 χάριν
1647 2099 1951 2172 ἀνακηρύτ-

306 2216 460 2253 τειν.
525 2192 756 2252 Μᾶλλον
816 2192 872 2249 δὲ
918 2203 1010 2248 καὶ
1067 2191 1188 2248 λίαν
1265 2190 1534 2266 ἔμφρονος
1605 2191 1693 2246 καὶ
1757 2189 1950 2268 φιλαν-

307 2287 533 2358 θρώπου
589 2285 652 2340 τὸ
709 2284 954 2356 παριδειν
1007 2284 1096 2338 καί
1156 2282 1389 2356 ὑποψίαν
1455 2281 1707 2351 οἰήσεως,
1776 2273 1944 2335 ἕνεκεν

305 2373 580 2445 σωτηρίας
631 2373 929 2448 ἀνθρώπων
967 2416 978 2428 .
1053 2397 1081 2424 ι(
1144 2369 1415 2442 Φείόομαι
1475 2368 1533 2425 δὲ
1593 2373 1668 2443 μή
1729 2390 1811 2432 τις
1870 2370 1946 2431 εἰς

305 2463 765 2541 ἒμὲλογίσηται.
799 2490 827 2516 ››
891 2461 1183 2536 Φείδομαι,
1245 2461 1402 2531 ἐλεῶ,
1461 2459 1776 2538 ἀποφεύγοι).
1836 2458 1949 2518 Οὑκ

302 2556 440 2622 εἷπε,
503 2554 793 2628 Πιστεύσῃ,
851 2552 885 2622 ἢ
955 2549 1123 2627 Εί¹πῃ,
1183 2550 1308 2606 ἀλλ’
1373 2572 1393 2599 ι
1449 2553 1561 2606 Ἰνα
1623 2547 1763 2623 μηδὲ
1794 2547 1950 2622 λογί-

301 2663 543 2715 σηται,››
604 2641 639 2711 ἢ
702 2636 955 2716 ὑπολάϐῃ
1016 2636 1198 2714 μεῖζὸν
1267 2661 1370 2709 τι,
1431 2637 1584 2716 φησί,
1644 2645 1743 2708 τῆς
1806 2637 1947 2710 ἐμῆς

305 2731 470 2800 ἀξίας.
532 2732 624 2786 Διά
680 2735 842 2787 τοῦτο
912 2731 1015 2808 γὰρ
1073 2731 1139 2784 τὰ
1197 2729 1318 2804 περὶ
1410 2730 1601 2784 ἑαυτοῦ
1655 2728 1733 2782 ἀεὶ
1796 2726 1948 2801 ἆσίγα

302 2821 391 2876 καὶ
448 2814 690 2895 ἔκρυπτε,
776 2820 867 2875 καὶ
922 2821 966 2875 εί
1046 2822 1122 2892 μή
1203 2841 1306 2874 που
1367 2818 1566 2892 ἀνάγκη
1627 2811 1944 2886 κατέλαϐεν,

300 2903 424 2961 οὐδὲ
451 2907 783 2980 περὶέαυτου
841 2900 1018 2980 ἔλεγε.
1073 2905 1174 2962 Καὶ
1234 2903 1406 2979 λὲγων
1470 2902 1547 2971 δὲ,
1609 2902 1945 2971 συνεσκίαζεν

295 2996 453 3066 αὑτὰ,
484 2997 571 3050 ’ἱνα
608 2998 684 3068 μὴ
725 2997 944 3069 μείζονα
1004 2995 1257 3050 ὑπόνοιαν
1309 2993 1433 3066 περὶ
1491 2993 1658 3047 αὑτοῦ
1717 2995 1945 3065 σχῶσιν.

296 3082 362 3140 Εἰ
420 3084 523 3158 γάρ
585 3083 737 3146 θεοὺς
778 3081 969 3143 αὐτοὺς
1027 3080 1276 3153 ἐνόμισαν
1326 3082 1376 3134 οἱ
1409 3076 1685 3154 ἅνθρωποι
1746 3075 1833 3131 διὰ
1885 3077 1947 3132 τὸ

301 3172 530 3248 μέγεθος
559 3177 666 3228 τῶν
723 3171 990 3245 σημείων,
1022 3172 1110 3225 καὶ
1145 3169 1375 3239 ταύρους
1441 3168 1688 3245 σφάττειν
1717 3165 1946 3236 ἤθελόι,

2062 1923 2386 1996 subjungit,
2420 1946 2446 1975 ιι
2484 1925 2804 1979 Veritatem
2836 1926 2996 1980 enim
3028 1925 3242 1980 dicam.
3301 1948 3325 1974 υ
3381 1927 3557 1982 Recte
3605 1926 3708 1992 ait,

2058 2032 2086 2059 «
2122 2011 2246 2065 Non
2283 2027 2383 2066 ero
2417 2011 2726 2082 insipiens.
2764 2035 2791 2061 »
2824 2013 2947 2067 Non
2975 2018 3065 2067 est
3122 2012 3282 2067 enim
3341 2013 3703 2082 insipientis,

2057 2102 2300 2173 gratiam
2322 2120 2356 2159 a
2377 2105 2493 2159 Deo
2518 2104 2627 2158 sibi
2653 2103 2926 2158 traditam
2949 2103 3704 2176 promulgare.imminente

2055 2194 2412 2248 necessitate
2443 2193 2515 2248 ob
2547 2193 2798 2249 salutem
2832 2199 2890 2249 et
2947 2194 3264 2248 utilitatem
3311 2193 3648 2248 animarum
3682 2205 3698 2260 ;

2057 2281 2200 2350 quin
2225 2283 2418 2352 potius
2443 2285 2822 2337 vehementer
2842 2283 3129 2353 sapientis
3152 2289 3260 2351 est,
3295 2289 3354 2337 et
3373 2283 3557 2337 animi
3589 2283 3701 2340 hu-

2056 2371 2302 2425 maniac
2332 2371 2594 2443 benigni,
2623 2371 2927 2441 despicere
2956 2372 3131 2426 etiam
3170 2373 3568 2443 suspicionem
3602 2389 3697 2426 ar-

2055 2461 2607 2532 rogantiae,pr0pter
2627 2461 2938 2515 hominum
2962 2461 3271 2516 salutem.«
3292 2461 3403 2516 Sed
3425 2461 3694 2516 abstineo

2055 2563 2131 2602 ne
2162 2548 2294 2618 quis
2323 2549 2395 2604 de
2429 2566 2521 2605 me
2550 2550 2784 2621 cogitet.
2818 2572 2847 2600 »
2879 2549 3183 2616 Abstineo,
3243 2551 3302 2605 id
3343 2555 3453 2614 est,
3493 2564 3695 2622 parco,

2057 2635 2268 2692 devito.
2293 2638 2418 2692 Non
2443 2637 2799 2693 dixitautem
2827 2639 2937 2693 :Ne
2959 2639 3160 2694 credat
3181 2645 3282 2694 aut
3329 2638 3506 2705 dicat,
3555 2637 3659 2694 sed
3683 2653 3697 2693 :

2057 2727 2136 2780 Ne
2169 2727 2405 2799 cogitet,
2438 2728 2655 2798 inquit.
2688 2735 2790 2784 aut
2841 2729 3177 2800 suspicetur
3236 2728 3426 2799 majus
3476 2725 3703 2800 aliquid

2057 2833 2233 2888 quam
2267 2818 2342 2872 sit
2373 2834 2506 2873 mea
2536 2818 2814 2890 dignitas.
2849 2821 3167 2891 Propterea
3225 2819 3385 2874 enim
3441 2835 3572 2890 quae
3630 2818 3701 2874 de

2057 2908 2247 2978 seipso
2277 2913 2448 2962 erant
2500 2925 2735 2980 semper
2793 2909 3023 2964 tacebat
3080 2913 3138 2964 et
3191 2908 3572 2964 occultabat:
3624 2914 3703 2974 et,

2055 2995 2168 3050 nisi
2200 3001 2443 3064 cogente
2476 2997 2692 3051 alicubi
2752 2998 3128 3062 necessitate,
3189 2997 3338 3051 nihil
3389 2998 3460 3053 de
3502 2997 3700 3070 seipso

2055 3083 2438 3152 dicebat,imo
2463 3086 2703 3142 tandem
2727 3087 2929 3142 dicens
2952 3087 3263 3159 obtegebat
3285 3087 3434 3158 ipsa,
3468 3103 3542 3141 ne
3571 3103 3698 3143 ma-

2050 3174 2242 3246 jorem
2270 3176 2611 3245 opinionem
2632 3176 2702 3231 de
2719 3194 2787 3230 eo
2805 3176 3113 3232 haberent.
3138 3175 3304 3241 Quod
3335 3177 3383 3231 si
3425 3177 3697 3232 homines

293 3262 352 3316 τὶ
411 3261 472 3316 ἂν
519 3261 777 3334 ᾠήθησαν
837 3260 882 3315 εί
935 3260 1030 3324 τάς
1086 3256 1458 3332 ἀποκαλύψεις
1519 3255 1796 3334 ἐφανὲθου,
1856 3255 1946 3310 καὶ

2061 3265 2661 3336 existimabantipsos
2684 3283 2814 3322 esse
2832 3267 2974 3322 deos
3009 3267 3082 3322 ob
3134 3267 3437 3334 signorum
3470 3267 3701 3340 magni-

294 3351 367 3405 τε
412 3353 531 3414 καθ’
589 3350 776 3405 ἑαυτὸν
840 3348 1106 3424 ἐκαυχᾶτο
1144 3368 1156 3418 ;
1191 3381 1256 3390 -
1290 3349 1502 3421 [ΦΩΤ.]
1571 3348 1664 3413 Τὸ,
1719 3343 1822 3402 Καὶ
1875 3347 1944 3417 τῇ

300 3435 583 3516 ὑπερϐολῇ
617 3446 723 3496 τῶν
781 3437 1209 3514 ἀποκαλύψεων,
1268 3438 1405 3509 πρὸς
1464 3438 1546 3506 τὸ,
1615 3435 1945 3508 Ἐλεύσομαι

294 3529 406 3607 γᾶρ
455 3529 532 3593 εἷς
587 3529 846 3592 ὀπτασίας
918 3529 1008 3584 καὶ
1093 3524 1468 3601 ἀποκαλύψεις
1502 3573 1516 3596 ,
1579 3523 1945 3596 ἐξακουστέον,

297 3644 328 3673 ιι
359 3622 477 3677 Ἲνα
512 3621 587 3692 μή
622 3619 1023 3696 ὑπεραίρωμαι.
1058 3642 1084 3668 ››
1133 3619 1247 3672 Ἵνα
1311 3617 1410 3689 μὴ,
1471 3616 1626 3693 φησὶ,
1687 3615 1946 3692 φροντίσω

299 3708 531 3782 μεγα,ἢ
576 3708 665 3761 ’ἱνα
737 3709 811 3781 μή
875 3708 978 3762 ὑπὸ
1033 3711 1142 3761 τῶν
1203 3705 1503 3778 ἀνθρώπων
1570 3703 1948 3779 ὑπεραίρωμαι

295 3797 390 3852 καὶ
452 3795 762 3870 δοξάζωμαι
798 3845 812 3869 ,
873 3797 1005 3871 ὅπερ
1093 3795 1183 3850 καὶ
1265 3795 1504 3870 βέλτιον.
1590 3794 1670 3850 Οὐ
1731 3793 1830 3869 γὰρ
1889 3789 1948 3846 ἃν

300 3886 530 3961 ἔχρῃζεν
561 3890 594 3956 ἡ
629 3889 782 3962 ψυχὴ
818 3885 1034 3942 Παύλου
1068 3883 1305 3960 χαλινοῦ
1335 3903 1504 3948 τινος,
1564 3884 1698 3957 πρὸς
1752 3883 1813 3936 τὸ
1872 3882 1948 3955 μή

303 3982 521 4056 φρονεῖν
585 3979 740 4052 μέγα.
824 3973 1080 4045 «Ἐδόθη
1149 3995 1240 4047 μοι
1301 3970 1528 4045 σκὸλωψ
1584 3974 1652 4044 τῇ
1709 3969 1886 4045 σαρκί.
1923 3994 1950 4021 ››

303 4067 386 4121 Τὰ
419 4064 588 4138 δεσμὰ
637 4063 804 4140 λέγει,
859 4063 953 4126 τάς
1012 4063 1227 4138 πληγὰς
1283 4061 1407 4123 τοὺς
1467 4057 1790 4131 λιθασμοὺς,
1856 4059 1950 4121 τὰς

309 4152 570 4234 φυλακάς.
627 4178 654 4207 ι(
716 4152 982 4230 Ἀγγελος
1073 4155 1269 4222 Σατᾶν,
1329 4175 1356 4202 n
1426 4145 1701 4226 ’Ἄγγελος
1757 4151 1950 4217 Σατᾶν,

309 4245 340 4299 6
384 4243 821 4319 ὑπηρετούμενος
853 4245 932 4314 τῷ
977 4238 1332 4312 ἀντικειμένῳ
1390 4235 1609 4310 δαίμονι
1647 4234 1951 4309 ἄνθρωπος.

304 4332 540 4412 Σκόλωφ
600 4329 679 4399 8‘s,
739 4332 831 4393 οὓς
873 4331 922 4386 οἶ
982 4334 1222 4386 τοιοῦτοι
1280 4326 1614 4402 πειρασμοὺς
1665 4325 1810 4398 αὐτῷ
1864 4336 1953 4390 καὶ

307 4421 523 4497 θλίψεις
553 4421 836 4501 ἐπέφερον.

2054 3353 2410 3411 tudinem.et
2434 3361 2631 3411 tauros
2658 3355 2964 3412 immolare
2987 3356 3264 3412 volebant
3306 3355 3373 3425 ⁷³,
3409 3356 3696 3428 quidnam

2053 3449 2361 3514 putassent
2390 3444 2437 3498 si
2470 3443 2858 3500 revelationes
2892 3446 3348 3512 manifestasset,
3384 3462 3452 3501 ac
3503 3445 3572 3501 de
3625 3446 3698 3500 iis

2055 3549 2184 3603 qum
2217 3535 2372 3588 circa
2403 3551 2463 3589 se
2493 3540 2662 3589 erant
2689 3535 2972 3607 gloriatus
3003 3535 3255 3590 fuisset?
3301 3558 3330 3585 ‹‹
3378 3536 3448 3590 Et
3493 3551 3566 3590 ne
3599 3552 3700 3591 ex-

2055 3622 2332 3678 cellentia
2362 3623 2809 3679 revelationum.
2841 3647 2867 3673 »
2891 3623 3303 3680 Secundumid
3329 3623 3487 3694 quod
3535 3625 3700 3695 prius

2055 3710 2202 3764 dixit
2235 3728 2247 3765 :
2283 3713 2526 3767 Veniam
2558 3713 2718 3767 enim
2749 3713 2821 3767 ad
2853 3713 3108 3767 visiones
3167 3719 3225 3766 et
3279 3713 3698 3779 revelationes,

2054 3799 2507 3871 intelligendum
2530 3807 2636 3856 est.
2663 3823 2691 3850 «
2720 3801 2926 3855 Utnon
2952 3801 3234 3864 extollat;
3281 3821 3308 3850 ››
3361 3806 3427 3854 ιιι
3468 3815 3589 3854 non
3621 3801 3706 3855 in-

2058 3888 2366 3952 solescam,
2393 3889 2606 3958 inquit.
2637 3892 2768 3952 Aut,
2795 3906 2868 3944 ne
2891 3889 2962 3944 ab
2992 3887 3335 3943 hominibus
3366 3889 3617 3944 extollar
3647 3896 3706 3944 et

2055 3975 2542 4048 glorificer:quod
2565 3978 2741 4032 etiam
2767 3978 2963 4048 potius
2986 3979 3299 4048 est.Neque
3323 3977 3480 4033 enim
3505 3979 3704 4035 anima

2056 4063 2221 4118 Pauli
2246 4063 2412 4118 freno
2444 4065 2643 4135 aliquo
2675 4065 2881 4138 egebat
2913 4082 2985 4120 ne
3019 4065 3423 4122 insolesceret.
3459 4089 3487 4117 »
3525 4068 3703 4122 Datus

2055 4150 2167 4206 fuit
2198 4152 2341 4206 mihi
2373 4153 2649 4208 stimulus
2681 4153 2740 4209 in
2771 4169 2965 4209 carne.
3001 4177 3028 4203 ››
3056 4155 3336 4211 Catenam
3367 4155 3529 4226 dicit,
3581 4156 3704 4230 pla-

2059 4257 2180 4314 gas,
2215 4240 2629 4312 lapidationes,
2671 4259 2957 4299 carceres.
2995 4266 3022 4292 ‹‹
3077 4245 3326 4299 Nuntius
3387 4245 3637 4300 Satanas.
3673 4267 3700 4295 »

2059 4330 2310 4386 Nuntius
2337 4331 2565 4386 Satanaa
2597 4331 2813 4386 dicitur
2842 4333 3021 4388 homo
3070 4333 3447 4389 subserviens
3495 4333 3705 4389 adver-

2059 4419 2214 4474 sario
2245 4419 2522 4475 dwmoni.
2560 4421 2846 4476 Stimulus
2878 4439 3036 4489 vero,
3077 4423 3374 4478 tentiones
3407 4426 3465 4478 et
3519 4421 3701 4480 afﬂic-

2065 4509 2280 4576 tiones,
2313 4525 2461 4579 quas
2491 4509 2826 4566 inferebant
2857 4511 2931 4566 ei.

378 4604 593 4677 [lQAN.
629 4604 646 4675 ]
678 4602 826 4664 Τινὲς
862 4603 954 4673 μὶν
989 4601 1103 4669 οὗν,
1137 4595 1509 4675 κεφαλαλγίαν
1565 4597 1686 4651 τινὰ
1751 4593 1950 4676 ἔφησαν

2143 4599 2290 4653 691
2329 4599 2576 4664 Quidem
2608 4599 2808 4670 itaque
2843 4601 3052 4670 capitis
3083 4600 3350 4656 dolorem
3381 4601 3576 4673 ipsum
3624 4601 3707 4656 di-

304 4693 467 4748 αὐτὸν
521 4690 887 4767 λέγειν,,ἆπὸ
944 4694 1040 4746 τοῦ
1099 4683 1360 4744 διαϐόλου
1413 4685 1724 4763 γινομένην.
1793 4684 1953 4742 Ἀλλ’

309 4781 412 4837 οὑκ
466 4775 628 4836 ἔστιν.
706 4777 844 4838 Οὖδέ
918 4779 1020 4857 γὲιρ
1083 4780 1144 4832 τὸ
1201 4781 1358 4849 σῶμα
1419 4773 1636 4830 Παύλου
1684 4778 1802 4837 ταῖς
1860 4779 1956 4830 τοῦ

309 4866 574 4926 διαϐόλου
605 4871 792 4947 χερσὶν
823 4867 1062 4940 ἐξεδόθη.
1094 4867 1162 4923 Τί
1186 4865 1278 4921 οὖν
1341 4865 1454 4920 ἐστι
1486 4867 1546 4921 τὸ
1607 4863 1904 4940 λεγόμενον
1940 4887 1954 4936 ;

315 4966 488 5014 Σατῖιν
548 4961 577 5014 ὁ
635 4958 1005 5031 ἀντικείμενος
1061 4956 1275 5030 λέγεται
1334 4958 1408 5029 τῇ
1461 4949 1725 5028 Ἐϐραίων
1777 4958 1955 5028 φωνῇ,

311 5049 420 5106 Καί
453 5049 503 5104 ἐν
532 5053 599 5122 τῇ
657 5048 815 5124 τρίτῃ
872 5053 979 5104 τῶν
1025 5045 1338 5114 Βασιλειῶν,
1369 5043 1494 5104 τοὺς
1555 5043 1958 5115 ἀντικειμένους

314 5139 498 5204 οὑτως
555 5137 802 5194 ἐκάλεσεν
832 5141 866 5206 ἠ
904 5138 1110 5215 Γραφή.
1156 5134 1252 5189 Καὶ
1294 5133 1416 5205 περὶ
1477 5131 1848 5204 Σολομῶντος
1879 5130 1959 5188 δι-

313 5227 622 5304 ηγουμένη,
651 5229 794 5282 οὕτω
822 5228 1008 5305 φησῖν,
1043 5223 1141 5279 οὑκ
1169 5224 1235 5293 ἦν
1273 5226 1443 5276 Σατᾶν
1476 5221 1526 5276 ἐν
1559 5227 1678 5283 ταῖς
1727 5221 1958 5293 ἡμέραις

309 5318 502 5386 αὑτοῦ,
551 5315 849 5387 τουτέστιν,
908 5314 1298 5387 ἀντικείμενος,
1372 5309 1655 5382 πολεμῶν,
1688 5309 1958 5387 ἐνοχλῶν.

305 5410 379 5466 ’Ὀ
407 5409 496 5461 οὑν
521 5405 694 5482 λέγει,
727 5407 872 5461 τοῦτ’
931 5399 1094 5460 ἔστιν.
1150 5403 1267 5460 Οὐκ
1324 5399 1499 5455 εἶάσεν
1557 5401 1584 5454 ὁ
1641 5400 1770 5462 Θεὸς
1821 5400 1961 5455 ἀπο-

305 5497 436 5569 νητὶ
467 5501 722 5572 χωρῆσαι
776 5496 838 5551 τὸ
869 5497 1152 5570 κήρυγμα,
1231 5500 1292 5546 τό
1352 5492 1608 5568 φρόνημα
1665 5488 1960 5545 καταστέλ-

390 5672 433 5706 τ³
464 5674 589 5725 Act.
622 5687 736 5736 xw,
768 5673 836 5722 40
867 5687 1030 5740 seqq.
1064 5667 1108 5702 τι
1143 5670 1276 5738 Reg.
1315 5685 1371 5732 ν,
1407 5667 1458 5718 4.

600 5789 862 5849 ΡΑΤιιοι..
909 5790 1020 5846 Gn.
1070 5785 1325 5844 CXVlll.

2068 4706 2198 4744 cere
2226 4696 2611 4746 asseruerunt
2630 4707 2665 4745 a
2686 4690 2922 4746 diabolo
2948 4692 3303 4747 immissum.
3331 4692 3442 4746 Sed
3463 4708 3578 4746 non
3608 4691 3691 4747 ita

2069 4786 2172 4833 est.
2199 4781 2399 4850 Neque
2424 4779 2579 4834 enim
2604 4781 2771 4835 Pauli
2796 4787 2972 4852 caput
2993 4781 3212 4836 diaboli
3235 4781 3508 4836 manibus
3535 4779 3712 4836 tradi-

2069 4874 2193 4922 tum
2226 4869 2353 4922 fuit.
2389 4869 2538 4934 Quid
2571 4875 2661 4924 est
2687 4886 2823 4941 ergo
2857 4870 3009 4940 qaod
3058 4869 3322 4926 dicitur?
3380 4871 3557 4926 Satan
3607 4870 3714 4926 ad-

2068 4958 2391 5012 versarium
2409 4965 2580 5012 sonat
2603 4959 2801 5030 lingua
2821 4959 3104 5014 llebraica
3129 4976 3140 5012 :
3166 4968 3224 5013 et
3268 4960 3441 5015 tertio
3492 4962 3714 5026 Regum

2071 5046 2220 5100 libro
2252 5062 2385 5100 vere
2416 5046 2786 5102 adversarios
2818 5048 2899 5102 ita
2941 5047 3257 5119 appellavit
3313 5049 3614 5118 Scriptura
3642 5045 3710 5113 7‘,

2069 5152 2136 5190 ac
2158 5136 2228 5190 de
2256 5136 2568 5191 Salomone
2590 5154 2856 5200 narrans,
2883 5138 2965 5192 ait
3001 5138 3160 5208 quod
3208 5155 3327 5193 non
3383 5145 3509 5192 erat
3539 5137 3715 5192 Satan

2071 5226 2132 5279 in
2160 5223 2369 5278 diebus
2392 5225 2667 5295 ipsius,id
2691 5233 2796 5293 est,
2831 5227 3220 5294 adversarius,
3256 5227 3355 5297 qui
3380 5227 3718 5284 molestiam

2071 5331 2136 5370 ac
2157 5314 2379 5368 bellum
2400 5315 2666 5370 inferret.
2692 5315 2858 5380 Quod
2886 5333 3021 5388 ergo
3041 5317 3184 5371 dicit
3207 5317 3548 5389 hujusmodi
3575 5322 3667 5371 est
3699 5333 3712 5372 :

2072 5405 2196 5458 Non
2228 5406 2524 5458 concessit
2580 5406 2733 5459 Deus
2795 5406 2921 5460 sine
2982 5405 3184 5460 labore
3235 5406 3721 5478 praedicationem

2073 5492 2689 5564 procedere,nostrum
2713 5496 2991 5550 affectum
3011 5497 3438 5567 comprimens,
3475 5504 3576 5553 aut
3605 5497 3726 5552 fas-

3369 5790 3445 5846 34
