4048 6250
237 400 398 462 1069

1197 401 1604 463 COHMENT.
1649 403 1725 462 ΙΝ
1774 401 2024 464 EPIST.
2071 404 2125 463 ΙΙ
2167 407 2273 464 AD
2318 401 2686 466 CORINTH.

3482 405 3639 466 1070

241 537 402 611 μένου
488 538 620 592 εῖναι
703 537 872 592 ταῦτα
943 537 1007 593 τὰ
1095 534 1336 612 ῥήματα,
1416 538 1600 616 φησὶν.
1653 535 1883 595 Ἥδιστα

2019 540 2372 597 mbecillitas
2403 541 2596 614 arguit
2634 541 2735 596 Dei
2794 542 3141 613 potentiam,
3170 542 3479 614 ipsamque
3502 557 3640 614 per-

239 628 328 682 οὗν
390 626 607 700 μᾶλλον
662 631 1034 704 καυχήσομαι.
1078 653 1102 678 η
1161 630 1257 683 Διὰ
1312 628 1407 698 τί;
1463 628 1611 698 ὅτιὴ
1645 628 1888 684 ἀσθένειά

244 719 487 789 μου,καὶ
533 719 632 788 τὴν
691 722 785 772 τοῦ
847 722 982 773 Θεοό
1036 715 1268 773 δείκνυσι
1327 714 1578 790 δύναμιν,
1640 719 1730 773 καὶ
1790 718 1887 791 ἐμὲ

239 805 620 880 λαμπρότερον
683 813 850 873 ποιεῖ,
913 806 1095 880 ὥσπερ
1152 804 1374 877 σίδηρον
1433 811 1714 879 στομοῦσα
1767 813 1884 869 τοῖς

242 892 530 969 διωγμοῖς,
563 895 888 952 ὡσεῗεῖπεν.
953 898 1092 970 Ἐγὼ
1126 899 1220 969 μὲν
1277 897 1341 951 τὸ
1400 895 1634 951 ἐναντίον
1689 897 1885 972 ᾕτοῦν,

242 982 368 1038 ἀλλ’
426 981 615 1052 ἐπειδὴ
697 989 871 1039 ταῦτα
945 983 1156 1052 ἤκουσα
1213 985 1360 1060 παρὰ
1415 989 1568 1052 Θεοῦ,
1626 982 1888 1058 ἡδύ-τερον

239 1070 292 1126 ἐν
349 1079 471 1135 ταῖς
529 1073 824 1135 ἀσθενείαις
886 1076 1238 1149 καυχὼμασι.
1291 1099 1317 1125 ‹‹
1370 1075 1481 1130 Ἰνκ
1536 1072 1882 1149 ἐπισκηνώσῃ

240 1160 322 1218 ἐπ’
404 1162 502 1236 ἐμὲ
558 1167 592 1234 ἡ
655 1162 883 1237 δύναμις
961 1169 1058 1220 τοῦ
1117 1165 1371 1238 Χριστοῦ.
1435 1189 1463 1215 ››
1550 1166 1701 1236 ’Ὀσῳ
1781 1165 1884 1238 γὰρ

239 1253 308 1307 τὰ
358 1258 463 1308 τῶν
543 1260 860 1328 πειρασμῶν
942 1253 1284 1320 ἐπιτείνεται,
1367 1255 1615 1326 τοσούτῳ
1687 1255 1755 1308 τὰ
1785 1260 1884 1323 τῆς

240 1343 468 1416 χάριτος
571 1341 804 1413 αὕξεται.
910 1345 1297 1418 Ἐπισκηνώσῃ
1337 1389 1349 1412 ,
1426 1342 1529 1413 ὅλη
1638 1341 1690 1397 ἐν
1768 1341 1887 1415 ὅλῳ

243 1435 469 1503 κατοική
478 1454 545 1506 σῃ
557 1477 567 1489 .

961 1169 1058 1220 τοῦ
1117 1165 1371 1240 Χριστοῦ.
1435 1189 1463 1215 ›)

571 1340 804 1413 αὕξεται.

1997 631 2139 697 ficit,
2175 631 2234 686 id
2271 638 2378 688 est.
2415 632 2677 686 ostendit
2705 631 2897 702 ipsam
2951 632 3168 686 habere
3214 631 3639 704 perfectionem

1998 745 2023 769 ‹‹
2056 721 2470 776 Libentissime
2502 721 2680 793 igitur
2709 721 2905 792 potius
2931 721 3246 793 gloriabor.
3281 743 3308 770 ››
3341 722 3419 777 .\'e
3443 720 3642 792 deplo-

1997 811 2183 866 rantis
2214 828 2342 866 esse
2375 812 2500 866 haec
2530 811 2707 865 verba
2739 812 3094 869 existiment.
3131 811 3238 865 ait:
3277 833 3304 860 α
3349 810 3642 865 Libentis-

2000 901 2146 954 sime
2177 900 2356 971 igitur
2381 901 2575 971 potius
2606 901 2920 972 gloriabor.
2961 925 2980 947 -
3014 902 3202 965 Quare
3226 901 3253 954 ‘I
3318 899 3458 970 quia
3517 899 3638 953 im-

1996 988 2290 1044 becillitas
2323 1005 2454 1046 mea
2483 996 2540 1044 et
2574 990 2672 1044 Dei
2721 990 2979 1044 ostendit
3037 990 3388 1061 potentiam,
3447 994 3508 1042 et
3549 1003 3645 1043 me

1997 1077 2193 1132 reddit
2223 1079 2408 1150 magis
2440 1078 2759 1144 celebrem,
2794 1079 3078 1134 roborans
3107 1085 3388 1150 tanquam
3423 1078 3645 1132 ferrum

1997 1167 2278 1222 adversus
2307 1169 2773 1240 persecutiones,
2806 1185 2873 1223 ac
2905 1168 2953 1222 si
2981 1168 3229 1223 diceret:
3264 1169 3378 1239 Ego
3405 1166 3647 1238 quidem

1999 1257 2363 1312 contrarium
2387 1257 2686 1329 petebam,
2711 1257 2815 1312 sed
2840 1265 3152 1329 postquam
3177 1257 3301 1311 hmc
3332 1273 3367 1311 a
3402 1262 3513 1310 er
3536 1271 3649 1310 au-

1999 1346 2114 1401 divi
2141 1363 2154 1412 ;
2181 1347 2462 1402 libentius
2485 1347 2544 1402 in
2571 1347 3016 1402 inﬁrmitatibus
3041 1347 3297 1420 glorior;
3322 1369 3349 1396 ‹‹
3375 1346 3446 1402 Ut
3474 1344 3644 1399 inha-

2001 1433 2148 1488 bitet
2176 1437 2238 1490 in
2270 1453 2363 1491 me
2396 1437 2663 1507 potentia
2692 1436 2928 1492 Christi.
2962 1457 2988 1486 »
3024 1436 3252 1500 Quanto
3297 1435 3456 1491 enim
3518 1440 3646 1488 ten-

244 1524 497 1580 tationes
527 1529 582 1578 et
613 1523 968 1579 afllictiones
1002 1525 1184 1597 magis
1216 1524 1628 1591 intenduntur,
1665 1528 1823 1578 tanto
1855 1528 1914 1578 et
1942 1523 2154 1578 Christi
2189 1524 2450 1596 potentia
2503 1526 2690 1598 magis
2743 1531 3007 1598 augetur.
3068 1524 3479 1596 Ἐπισκηνώσῃ,
3534 1523 3648 1579 hoc

249 1618 358 1678 est,
391 1617 672 1682 tanquam
705 1612 765 1667 in
801 1612 1052 1668 tentorio
1079 1619 1363 1675 moretur,
1398 1613 1507 1667 hoc
1541 1617 1648 1680 est,
1683 1615 1804 1665 tota
1833 1610 1894 1665 in
1927 1616 2044 1666 toto
2075 1612 2383 1668 inhabitet.

319 1701 411 1754 Διὸ
465 1697 674 1754 εὐδοκῶ
729 1699 782 1754 ἐν
845 1699 1153 1775 ἀσθενείαις,
1213 1699 1265 1754 ἐν
1323 1694 1557 1775 ὕϐρεσιν,
1619 1699 1669 1753 ἐν
1729 1698 1893 1774 ἀνάγ·-

243 1808 365 1849 καις
400 1833 413 1856 ,
471 1787 522 1842 ἐν
608 1785 879 1864 διωγμοῖς
916 1833 929 1856 ,
988 1788 1038 1842 ἐν
1096 1788 1488 1863 στενοχωρίαις
1566 1787 1696 1860 ὑπὲρ
1753 1789 1895 1860 Χρι-

2077 1703 2228 1757 699
2261 1702 2378 1771 XII,
2413 1708 2602 1758 l0-l2.
2641 1725 2664 1754 α
2701 1705 3096 1769 Quamobrem
3127 1705 3330 1776 placeo
3382 1703 3527 1759 mihi
3586 1703 3647 1758 in

2011 1813 2035 1842 α
2066 1792 2534 1858 infirmitatibus,
2569 1794 2630 1847 in
2663 1795 3131 1859 contumeliis,in
3162 1793 3641 1858 necessitatibus,

247 1883 394 1932 στοῦ.
456 1879 624 1934 ’Ὀταν
708 1877 808 1952 γὰρ
865 1877 1094 1944 ἀσθενῶ,
1153 1877 1276 1932 τότε
1333 1874 1552 1939 δυνατὸς
1602 1875 1737 1946 elui.
1797 1874 1888 1929 Γέ-

444 1963 469 1981 ν
863 1967 875 1981 .
1171 1967 1183 1981 .
1271 1971 1293 1981 ..
1543 1971 1565 1981 ..

2016 1903 2029 1930 ‹
2056 1881 2115 1936 in
2137 1882 2686 1953 perfectionibus,in
2703 1883 3100 1938 anxietatibus
3123 1901 3226 1954 pro
3250 1883 3653 1939 Christo.Cum

244 1987 375 2042 γονα
433 1963 618 2043 ἄφρων
701 1967 1072 2039 καυκώμενος,
1165 1967 1322 2038 ὑμεῖς

251 2056 391 2131 Ἐγὼ
439 2059 540 2130 γὰρ
600 2052 836 2132 ὤῖδειλον
920 2056 1007 2131 δᾨ’
1093 2057 1244 2128 ὑμῶν
1311 2056 1671 2109 συνίστασθαι,
1725 2051 1894 2110 Οὐδὲν

251 2147 355 2220 γὰρ
463 2146 745 2218 ὑστήρησα
815 2148 923 2199 τῶν
1005 2145 1140 2219 ὑπὲρ
1233 2143 1354 2198 λίαν
1428 2141 1773 2209 ἀποστόλων,
1851 2141 1896 2196 εἰ

247 2236 339 2291 καὶ
397 2234 553 2292 οὐδὲν
609 2235 746 2308 εἶμι.
834 2236 913 2291 Τὰ
1000 2237 1093 2310 μὲν
1176 2240 1378 2307 σημεῖα
1441 2239 1538 2289 τοῦ
1588 2230 1897 2289 ἀποστόλου

248 2325 611 2401 κατειργάσθη
645 2324 696 2380 ἐν
757 2326 884 2396 ὑμῖν
916 2324 968 2380 ἐν
998 2326 1141 2398 πάσῃ
1203 2325 1473 2397 ὑπομονῇ,
1533 2322 1582 2376 ἐν
1643 2321 1895 2395 σημείοις

246 2416 340 2470 καὶ
371 2413 554 2489 τέρασι
586 2414 676 2468 καὶ
709 2411 993 2485 δυνάμεσι.

1412 1986 1478 2040 με
1533 1971 1896 2038 ἤναγκασατε.

319 2597 458 2654 Εἶτα
483 2595 576 2651 ’ίνα
609 2598 684 2668 μή
716 2617 799 2650 τις
859 2614 1061 2669 νομισῃ
1118 2596 1447 2665 σωματικὴν
1507 2592 1774 2646 ἀσθένειαν
1805 2590 1893 2646 λέ-

247 2706 358 2758 γειν
391 2685 571 2752 αὑτὸν,
604 2685 728 2738 οἷον
774 2684 1029 2758 πυρετὸν,
1095 2683 1129 2750 ἢ
1187 2683 1370 2756 ἑτέραν
1424 2679 1680 2756 περίοδον
1734 2684 1894 2752 νοσή-

262 2794 450 2845 ματος,
481 2775 659 2852 ςρησίν·
698 2797 722 2827 ιι
759 2775 845 2829 Ἐν
881 2769 1123 2847 ὕϐρεσιν,
1183 2773 1236 2826 ἐν
1295 2773 1568 2845 ἀνάγκαις,
1625 2771 1674 2826 ἐν
1737 2769 1898 2845 διωγ-

261 2867 409 2936 μοῖς,
462 2863 512 2917 ἐν
567 2867 958 2942 στενοχωρίαις
1018 2862 1150 2935 ὑπὲρ
1207 2865 1462 2935 Χριστοῦ.
1496 2885 1526 2912 ››
1574 2865 1750 2915 Ταῦτα
1796 2860 1897 2935 γὰρ

254 2952 520 3007 ἀσθένειαν
565 2951 742 3009 καλεῖ.
806 2953 872 3006 Τὸ
941 2950 1018 3021 δὲ,
1079 2947 1322 3019 Εὗδοκῶ,
1386 2949 1656 3022 ἐπιθυμῶ,
1715 2949 1898 3026 φησῖν,

251 3041 306 3096 ἐν
356 3043 576 3104 τούτοις
626 3041 759 3096 εἶναι
817 3042 909 3096 καὶ
971 3040 1351 3120 εὐφραίνομαι.
1413 3041 1589 3096 Ταῦτα
1639 3038 1728 3094 καὶ
1775 3038 1900 3098 τοὺς

255 3127 734 3202 ψευδαποστόλους
781 3132 1153 3205 καταισχύνει,
1189 3130 1277 3185 ἐπὶ
1305 3135 1422 3192 τοῖς
1476 3123 1738 3189 ἔναντίοις
1769 3148 1898 3181 καυ-

255 3219 568 3296 χωμένους,
600 3219 690 3274 xxi
722 3219 946 3281 τούτους
1003 3222 1176 3275 πείθει
1241 3220 1316 3292 μὴ
1377 3218 1726 3292 αἰσχύνεσθαι
1784 3220 1900 3277 τοῖς

253 3313 352 3364 τοῦ
417 3305 754 3364 διδασκᾶλου
840 3308 1050 3363 πάθεσι.
1143 3307 1381 3382 Λαμπρᾶ
1435 3307 1536 3382 γὰρ
1584 3307 1754 3360 πάντα
1809 3303 1900 3358 καὶ

256 3394 393 3466 ἡδέα
419 3398 486 3453 τὰ
513 3402 761 3466 τοιαῦτα,
794 3399 1028 3472 Χριστὸν
1080 3395 1277 3471 ἔχοντα
1332 3399 1428 3450 τοῦ
1483 3394 1716 3469 πάσχείν
1772 3393 1904 3448 ὑπό-

255 3498 422 3551 θεσιν.
467 3511 493 3538 ιι
528 3488 692 3544 ’Όταν
721 3486 824 3561 γὰρ
857 3486 1077 3550 ἀσθενῶ.
1112 3509 1140 3537 ››
1171 3486 1337 3542 ’Όταν
1369 3483 1473 3561 γὰρ
1504 3479 1714 3554 ἐϐλήθη
1741 3480 1814 3543 εἷς
1842 3481 1905 3536 τὸ

255 3573 658 3651 δεσμωτήριον,
688 3576 812 3631 τότε
840 3577 909 3632 τὰ
943 3573 1168 3649 θεμέλια
1223 3575 1390 3630 αὐτοῦ
1444 3573 1778 3644 κλονηθῆναι
1811 3592 1908 3626 πε-

253 3667 507 3737 ποίηκεν·
557 3668 718 3723 Ὀταν
773 3668 1084 3739 ναυαγήσας
1144 3666 1218 3726 εἷς
1273 3666 1372 3734 τὴν
1433 3659 1712 3740 Βάρόαρον
1763 3661 1908 3737 ἐξερ-

256 3755 414 3834 ῥίφη,
441 3756 564 3810 τότε
623 3753 836 3828 μᾶλλον
897 3752 1178 3825 ἐδοξάσθη.
1222 3756 1347 3810 Ὀτε
1397 3754 1471 3816 είς
1529 3754 1591 3809 τὸ
1649 3750 1909 3823 δικαστή-

259 3865 377 3919 ριον
406 3844 630 3914 εἰσῆλθε
662 3841 966 3917 δεδεμένος,
996 3845 1118 3900 τότε
1151 3843 1388 3916 μᾶλιστα
1408 3843 1498 3898 καὶ
1529 3848 1624 3897 τοῦ
1655 3840 1910 3897 δικαστοῦ

256 3935 576 4010 περιγέγονε
656 3937 744 3990 καὶ
830 3941 937 3991 τῶν
1025 3934 1370 4010 κατηγόρων.
1423 3936 1583 4008 Ὁρᾷς
1643 3934 1724 3988 ὅτι
1783 3933 1907 3987 ὅταν

260 4025 503 4095 ήσθὲνιι,
536 4027 810 4080 τουτέστιν
868 4025 920 4080 ἐν
980 4022 1252 4086 κινδύνοις
1310 4024 1377 4092 ἦν
1431 4023 1520 4078 καὶ
1578 4017 1760 4095 ὕϐρεσι
1823 4021 1912 4076 καὶ

263 4112 535 4189 πληγαῖς,
566 4115 690 4170 τότε
737 4111 979 4181 δυνατὸς,
1027 4114 1093 4183 ἦν
1143 4114 1229 4168 καὶ
1292 4110 1595 4186 λαμπρός;
1655 4135 1683 4162 ‹‹
1716 4110 1916 4185 Γέγονα

266 4202 455 4279 ἄφρων
484 4203 866 4280 καυχώμενος,
901 4227 928 4254 ››
955 4204 1020 4258 Ὠ
1057 4201 1549 4279 ταπεινοφροσύνης
1607 4194 1912 4272 ὑπερϐολή.

264 4293 353 4350 Τὰ
379 4293 523 4351 οὕτω
575 4291 849 4370 παράδοξα
906 4290 1160 4362 διελθὼν,
1219 4294 1292 4347 ὢν
1335 4293 1436 4347 οὐκ
1493 4293 1627 4360 ἦσαν
1689 4288 1915 4363 ἅξιαιαὶ

256 4387 371 4439 τῶν
404 4383 706 4458 ἀνθρώπων
738 4383 919 4450 ἀκοαὶ,
954 4381 1160 4457 ἄφρονα
1215 4383 1402 4437 ἑαυτὸν
1464 4380 1643 4436 καλεῖ.
1709 4380 1830 4444 Πῶς
1861 4376 1918 4433 δὲ

257 4475 428 4546 ἡμεῖς
472 4495 528 4528 σε
585 4475 994 4550 ἠναγκάσαμεν,
1055 4472 1256 4528 ε’ἶποιεν
1288 4468 1397 4540 ἅν;
1458 4473 1582 4528 Τῶν
1645 4467 1918 4544 ψευδαπο-

255 4563 470 4619 στόλων
516 4563 913 4642 καυχωμένων,
977 4561 1157 4639 φησίν.
1192 4562 1255 4618 Εἰ
1310 4561 1385 4633 μή
1421 4559 1744 4638 προσείχετε
1800 4563 1916 4621 τοῖς

2013 1993 2038 2018 ιι
2073 1972 2228 2026 enim
2262 1971 2577 2026 imbecillis
2605 1988 2758 2036 sum,
2787 1978 2925 2027 tunc
2954 1973 3231 2029 robustus
3263 1989 3405 2026 sum.
3442 1974 3650 2028 Factus

2008 2082 2034 2109 (ι
2071 2076 2197 2114 sum
2234 2060 2523 2131 insipiens
2545 2061 2871 2133 gloriando.
2906 2077 3007 2116 vos
3041 2077 3130 2115 me
3159 2061 3455 2129 coegistis,
3510 2076 3651 2118 nam

2007 2171 2034 2198 «
2069 2165 2174 2222 ego
2207 2149 2524 2205 debueram
2557 2167 2590 2206 a
2622 2151 2781 2205 vobis
2813 2150 3236 2206 commendari.
3272 2151 3446 2205 Nulla
3492 2151 3650 2205 enim

2012 2260 2037 2291 ι
2068 2240 2130 2294 in
2162 2256 2226 2294 re
2257 2241 2338 2295 fui
2370 2241 2618 2296 inferior
2644 2242 2894 2296 summis
2924 2242 3230 2312 apostolis,
3271 2240 3502 2297 tametsi
3556 2241 3652 2295 ni-

2008 2351 2035 2377 ‹‹
2068 2328 2153 2383 hil
2185 2345 2336 2385 sum.
2373 2330 2545 2401 Signa
2577 2331 2818 2401 quidem
2849 2331 3100 2401 apostoli
3132 2335 3368 2402 peracta
3411 2330 3653 2386 fuerunt

2007 2418 2226 2471 «inter
2255 2435 2376 2487 vos,
2411 2434 2516 2489 per
2565 2435 2804 2475 omnem
2854 2420 3205 2490 patientiam
3251 2424 3310 2474 et
3368 2421 3537 2491 signa
3594 2423 3654 2474 et

2009 2528 2036 2554 ‹‹
2071 2507 2238 2578 signa
2268 2512 2327 2561 et
2348 2506 2615 2579 prodigia
2647 2524 2713 2563 ac
2745 2508 2901 2563 facta
2932 2509 3219 2578 potentia.
3257 2527 3280 2558 ι)

2083 2596 2300 2651 Deinde
2321 2612 2397 2652 ne
2423 2597 2554 2668 quis
2574 2614 2707 2652 cum
2730 2597 2928 2653 dicere
2953 2598 3252 2653 existimet
3283 2597 3654 2668 corporalem

2008 2685 2437 2748 infirmitatem.
2467 2694 2610 2757 puta
2639 2686 2865 2741 febrem
2891 2694 2994 2741 aut
3043 2687 3228 2743 alium
3272 2685 3464 2742 morbi
3519 2703 3658 2742 cur-

2009 2791 2138 2830 sum
2165 2792 2230 2830 ac
2251 2775 2585 2842 circuitum,
2607 2776 2727 2830 ait:
2754 2799 2780 2825 «
2808 2775 2871 2830 In
2904 2776 3304 2840 contumeliis,
3353 2777 3414 2830 in
3462 2789 3662 2833 neces-

2009 2865 2308 2931 sitatibus,
2344 2866 2403 2919 in
2438 2865 2974 2936 persecutionibus.
3011 2866 3072 2919 in
3096 2865 3494 2921 anxietatibus
3550 2881 3657 2938 pro

2008 2954 2261 3009 Christo.
2298 2977 2325 3003 ››
2360 2956 2504 3010 Nam
2537 2955 2663 3009 haec
2695 2960 2863 3010 vocat
2889 2954 3318 3010 inﬁrmitattm.
3346 2954 3511 3019 Quod
3554 2971 3664 3010 au-

2011 3049 2130 3097 tem
2154 3043 2236 3097 ait
2258 3039 2500 3108 Εὐδοκῶ,
2528 3044 2638 3098 hoc
2661 3049 2769 3110 est,
2795 3046 3150 3114 concupisco
3202 3050 3259 3099 et
3306 3045 3369 3100 in
3411 3043 3504 3098 bis
3528 3058 3658 3098 esse

2011 3131 2399 3186 delector.His
2417 3137 2474 3186 et
2488 3132 2974 3202 pseudapostolos
2990 3133 3285 3204 pudefacit
3315 3133 3414 3204 qui
3431 3133 3492 3188 in
3513 3148 3660 3187 con-

2011 3221 2207 3276 trariis
2224 3219 3117 3292 gloriabantur,ethissuadetne
3131 3221 3668 3296 magistriafﬂictio-

2015 3308 2536 3381 nibuspudefiant:
2571 3311 2771 3366 omnia
2811 3311 2970 3366 enim
3017 3310 3662 3382 hujusmodiprmclara

2009 3405 2149 3455 sunt
2161 3399 2522 3461 etlaata,cum
2540 3401 2834 3456 Christum
2853 3400 3109 3456 habeant
3123 3417 3360 3457 causam
3379 3406 3436 3456 et
3451 3399 3664 3472 princi-

2010 3491 2171 3562 pium
2187 3489 2504 3562 patiendi.«
2523 3491 2661 3544 Cum
2680 3491 2837 3546 enim
2853 3490 3169 3546 imbecillis
3184 3490 3526 3546 sum.»Nam
3543 3506 3674 3545 cum

2013 3580 2073 3634 in
2088 3596 2384 3636 carcerem
2405 3581 2706 3648 coniectus
2719 3586 2977 3644 est,tunc
2990 3581 3117 3651 ejus
3133 3581 3518 3636 fundamenta
3531 3595 3664 3636 con-

2015 3671 2132 3726 cuti
2165 3670 2304 3725 fecit
2332 3667 2398 3720 ⁷⁷.
2433 3670 2676 3734 Quando
2708 3669 2860 3724 facto
2891 3669 3196 3740 naufragio
3225 3670 3285 3724 in
3343 3669 3661 3725 barbaram

2014 3761 2271 3816 insulam
2305 3760 2528 3827 ejectus
2559 3765 2668 3824 est,
2702 3765 2843 3814 tunc
2877 3760 3060 3829 magis
3090 3757 3452 3830 gloriﬁcatus
3479 3764 3568 3812 est
3589 3757 3655 3812 η.

2016 3849 2258 3913 Quando
2289 3848 2362 3901 ad
2389 3847 2649 3902 tribunal
2677 3848 2906 3902 vinctus
2937 3848 3208 3908 accessit,
3239 3853 3380 3900 tunc
3401 3845 3662 3900 maxime

2018 3937 2286 4006 superior
2308 3937 2509 4006 judice
2541 3942 2598 3989 et
2651 3936 3094 3991 accusatoribus
3126 3935 3426 4006 profectus
3470 3941 3561 3990 est
3589 3933 3658 3992 7°.

2020 4025 2192 4079 Vides
2217 4024 2373 4094 quod
2395 4025 2533 4078 dum
2560 4023 2878 4078 imbecillis
2900 4030 3003 4078 aut
3049 4023 3320 4080 infirmus
3369 4029 3512 4091 erat,
3551 4024 3661 4078 hoc

2021 4121 2129 4181 est,
2163 4114 2225 4168 in
2257 4113 2558 4185 periculis,
2592 4113 2651 4166 in
2683 4112 3086 4176 contumeliis,
3136 4114 3199 4168 in
3258 4113 3468 4186 plagis,
3523 4119 3663 4170 tunc

2021 4209 2232 4275 potens
2253 4208 2378 4258 erat
2402 4208 2460 4256 et
2481 4201 2674 4257 clarus
2693 4201 2721 4256 ?
2741 4224 2766 4251 ‹‹
2790 4202 3000 4258 Factus
3023 4217 3154 4258 sum
3205 4202 3496 4274 insipiens
3537 4202 3667 4275 glo-

2022 4292 2249 4348 riando.
2289 4315 2314 4341 υ
2348 4293 2390 4347 Ο
2423 4291 2727 4347 modestiae
2758 4291 3128 4347 immensitas
3156 4291 3168 4345 !
3200 4307 3334 4347 cum
3365 4290 3512 4347 adeo
3569 4290 3670 4346 ad-

2023 4382 2299 4439 miranda
2323 4388 2642 4450 narrasset,
2679 4383 2895 4454 quibus
2937 4383 3212 4438 humanae
3243 4396 3416 4437 aures
3473 4379 3666 4453 dignm

2025 4490 2143 4530 non
2177 4480 2364 4539 erant,
2398 4474 2661 4544 seipsum
2689 4480 2854 4530 vocat
2906 4473 3306 4544 insipientem.
3359 4470 3667 4537 Quomodo

2027 4569 2223 4619 autem
2280 4581 2388 4619 nos
2444 4570 2503 4618 te
2560 4564 2878 4636 coegimus,
2940 4563 3156 4619 dixerit
3208 4561 3480 4633 aliquis?
3525 4561 3672 4617 Cum

257 4653 468 4709 τούτων
506 4653 700 4731 λόγοις
730 4655 816 4708 καὶ
855 4651 1192 4721 ἀπόλλυσθε,
1225 4651 1324 4707 οὐκ
1355 4649 1414 4706 ἄν
1448 4650 1522 4712 εἰς
1549 4655 1718 4705 ταῦτα
1747 4649 1902 4719 ἧλθοε

2025 4652 3259 4726 pseudapostoli,inquit.gloriarentur,nisi
3272 4668 3372 4708 vos
3385 4649 3671 4707 adhaesis-

257 4742 327 4796 τὰ
361 4742 600 4816 ῥήματα.
659 4743 818 4816 Ὀρᾶς
852 4741 932 4796 ὅτι
982 4743 1083 4810 τήν
1139 4739 1377 4813 ἅνάγκτ,ν
1435 4742 1531 4808 τῆς
1589 4740 1915 4813 καυχήσεως

264 4831 520 4901 ἐποίησεν
549 4835 583 4902 ἡ
615 4831 822 4886 τοῦτςυν
855 4829 1101 4886 ἀπώλεια
1137 4849 1149 4898 ;
1183 4830 1316 4905 μέγα
1367 4829 1468 4906 γὰρ
1502 4850 1550 4882 τι
1580 4829 1707 4892 τοὺς
1755 4824 1914 4900 ψευδ-

265 4919 610 4983 αποστὸλους
668 4922 1006 4996 ἦγῡῦμενοι,
1065 4921 1194 4974 νόοα
1250 4931 1376 4991 παρ’
1426 4919 1601 4973 αὑτῶν
1658 4917 1746 4972 καὶ
1805 4913 1916 4970 διε-

504 5009 514 5028 1
643 5004 666 5026 ν
907 5006 961 5028 Ny
1347 5007 1367 5025 ν
1767 5008 1780 5034 ι

266 5030 589 5083 στραμμεναι
641 5020 842 5080 εμαοον
903 5027 1192 5082 οογματκ.
1224 5040 1292 5049 —
1374 5004 1592 5069 Αλλως.
1657 5030 1683 5056 ιι
1718 5011 1916 5079 Γεγονα

265 5095 478 5177 ἄφρων,
513 5123 541 5151 ››
588 5102 768 5152 Ταῦτχ
825 5097 1018 5167 εἰπὼν,
1080 5096 1266 5173 φησὶν.
1327 5095 1406 5153 Οὐ
1463 5096 1596 5149 κατᾶ
1653 5094 1918 5170 ἀπόφασιν

263 5183 328 5240 δὲ
358 5192 517 5241 τοῦτο
547 5185 711 5259 λέγει,
742 5183 881 5259 (οἶδε
921 5185 1021 5261 γὰρ
1079 5184 1259 5252 αὐτὸς,
1321 5181 1489 5258 μηδὲν
1550 5181 1783 5261 ἄφρονος
1841 5182 1916 5237 εἷ-

262 5277 434 5345 πών,)
484 5276 630 5331 ἀλλὰ
684 5280 845 5332 τοῦτο
879 5319 894 5343 ,
956 5277 1143 5355 φησῖν,
1204 5276 1278 5337 ὡς
1335 5277 1450 5330 κατ’
1509 5273 1774 5349 ἐρώτησιν
1827 5273 1916 5328 καὶ

258 5367 604 5441 ἕπαπόρησιν
635 5368 770 5441 πρὸς
820 5367 1036 5435 αὐτοὺς,
1070 5367 1187 5420 οἷον
1241 5364 1342 5440 ἄρα
1395 5369 1562 5420 ταῦτα
1627 5361 1914 5434 διεξελθὼν

257 5453 451 5534 ἄφρων
484 5456 611 5529 ὑμῖν
653 5450 854 5528 ἔδοξα;
914 5455 1014 5512 Καὶ
1062 5453 1284 5522 τούτου,
1345 5453 1530 5532 φησῖν,
1564 5456 1599 5522 ἡ
1633 5452 1778 5508 αἰτία
1837 5453 1914 5514 εἷς

255 5545 407 5618 ὑμᾶς
465 5543 800 5624 ἀνατρέχει.
853 5546 1018 5603 Αὐτοὶ
1095 5544 1196 5618 γὰρ
1259 5564 1324 5615 με
1374 5544 1733 5619 ἠναγκάσατε,
1785 5543 1912 5606 τοὺς

2030 4745 2170 4799 setis
2195 4744 2455 4815 ipsorum
2487 4743 2880 4805 sermonibus,
2915 4748 2971 4796 et
2996 4743 3674 4813 periretis,nequaquam

2028 4833 2100 4888 ad
2135 4835 2256 4887 hanc
2291 4833 2467 4887 verba
2497 4832 2886 4886 devenissem.
2923 4831 3098 4886 \‘ides
3118 4832 3276 4902 quod
3302 4830 3673 4904 gloriationis

2029 4923 2473 4976 necesssitalem
2504 4921 2711 4975 fecerit
2742 4921 2954 4976 borum
2986 4921 3238 4990 perditio
3259 4921 3287 4976 ‘2
3316 4922 3461 4976 Cum
3513 4919 3670 4975 enim

2027 5010 2516 5081 pseudapostolos
2575 5026 2848 5079 magnum
2908 5009 3134 5078 aliquid
3193 5025 3320 5064 esse
3364 5009 3672 5074 ducerent,

2028 5101 2360 5155 adulterina
2382 5116 2447 5155 ac
2473 5115 2746 5170 perversa
2767 5099 3077 5154 discebant
3093 5102 3164 5154 ab
3188 5099 3332 5169 ipsis
3374 5099 3670 5169 dogmata.

2029 5220 2092 5230 —
2124 5191 2244 5243 Alio
2274 5191 2450 5244 modo.
2486 5212 2511 5237 ‹‹
2553 5190 2759 5242 Factus
2792 5205 2921 5242 sum
2956 5188 3268 5258 insipiens,
3303 5187 3405 5251 ait,
3461 5210 3481 5237 ι
3548 5185 3676 5238 haec

2027 5279 2294 5334 dicendo.
2333 5280 2455 5332 Non
2489 5284 2684 5333 autem
2721 5279 2832 5333 ltoc
2865 5278 3222 5332 enuntiative
3286 5282 3342 5330 et
3391 5274 3674 5330 assertive

2027 5367 2204 5422 dicit:
2239 5368 2368 5438 Ipse
2402 5367 2560 5421 enim
2592 5374 2839 5421 noverat
2868 5383 2929 5421 se
2979 5365 3129 5420 nihil
3187 5365 3465 5437 eIl‘ugisse
3517 5361 3676 5434 quod

2026 5455 2312 5528 insipiens
2336 5461 2511 5522 esset,
2532 5455 2639 5511 sed
2666 5456 2779 5511 hoc
2802 5457 2951 5510 700
2966 5461 3258 5525 tanquam
3291 5470 3397 5527 per
3426 5453 3684 5508 interro-

2025 5546 2321 5617 gationem
2383 5539 2482 5600 aut
2535 5544 2973 5600 dubitationem
3035 5544 3117 5598 ait
3175 5543 3248 5598 ad
3307 5543 3486 5608 illos;
3537 5556 3606 5596 ac
3631 5539 3681 5599 si

334 5747 383 5782 ’⁷⁷
416 5751 541 5806 Act.
577 5764 682 5815 xxv,
712 5749 796 5800 26.
829 5745 872 5779 ⁷⁸
905 5751 1026 5800 Act.
1065 5762 1228 5810 xxv”,
1271 5747 1349 5798 l4.
1383 5742 1431 5778 7°
1461 5746 1586 5801 Act.
1635 5761 1784 5815 xxvr,
1819 5749 1850 5801 2
1891 5717 2065 5817 seqq,
