4048 6250
501 342 655 403 1οἶ1

1615 341 2037 404 (ΕΟΗΜΕΝΙΙ
2082 337 2388 403 TRICCAE
2435 344 2805 406 EPISCUPI.

3663 355 3766 417 itm

498 474 724 533 diceret
758 490 770 528 :
803 475 954 530 Num
982 473 1109 529 haec
1141 473 1438 532 narrando
1471 473 1631 530 visus
1656 491 1788 531 sum
1848 472 2009 532 vobis
2050 473 2134 531 in-

2259 468 2738 547 ψευδαπσστόλους
2796 474 3180 548 οἰκειούμενοι.
3245 499 3273 527 ‹‹
3303 475 3435 552 Ἐγὼ
3473 476 3558 554 γὰρ
3603 477 3769 560 ὤφειλον

502 562 838 636 sipiens?et
852 563 1033 634 hujus
1045 579 1244 629 causa,
1264 563 1479 636 inquit,
1493 563 1568 621 ad
1583 582 1683 621 vos
1721 564 2011 631 recurrit;
2044 582 2146 622 vos

498 654 658 710 enim
687 668 785 708 me
815 651 1112 726 coegistis,
1146 652 1621 725 pseudapostolis
1646 672 1742 710 vos
1770 654 2147 711 familiariter

499 742 897 815 adiungendo.
935 764 962 793 α
994 743 1140 797 Nam
1174 758 1277 816 ego
1310 742 1631 800 debueram
1691 761 1727 800 a
1780 744 1946 800 vobis
1976 760 2140 801 com-

496 832 788 889 mendari.
820 856 848 881 ›ι
883 832 995 886 Vos
1017 833 1178 889 enim
1236 834 1497 904 oportuit
1553 840 1787 890 nostros
1845 833 2143 890 vindicare

496 938 821 984 sermones,
855 926 914 978 et
960 922 1308 993 opiniones:
1348 939 1482 979 cum
1503 922 1698 995 itaque
1730 923 1849 979 illis
1878 923 2142 980 adhaere-

493 1011 661 1076 retis,
692 1017 931 1067 coactus
960 1027 1093 1066 sum
1123 1012 1195 1066 ad
1230 1013 1337 1067 hos
1396 1011 1756 1069 descendere
1814 1028 2139 1069 sermones.

493 1124 522 1152 «
556 1098 724 1158 Nulla
753 1101 914 1158 enim
946 1101 1008 1157 in
1038 1117 1102 1157 re
1136 1102 1384 1159 inferior
1434 1101 1542 1159 fui.
1598 1125 1626 1152 »
1678 1102 1962 1175 Superius
2009 1102 2093 1158 ait
2125 1118 2139 1157 :

492 1212 522 1241 ιι
556 1188 828 1246 Arbitror
860 1206 953 1246 me
985 1191 1177 1247 nihilo
1209 1190 1555 1248 inferiorem
1610 1191 1832 1258 fuisse;
1891 1211 1917 1242 ιι
1982 1206 2142 1248 nunc

493 1282 693 1333 autem
722 1276 1098 1349 afﬁrmando,
1131 1277 1276 1336 dicit
1309 1295 1322 1333 :
1355 1302 1384 1329 (ι
1416 1277 1588 1336 Nulla
1618 1279 1677 1334 in
1734 1294 1799 1335 re
1855 1279 1939 1335 fui
1988 1278 2139 1334 infe-

492 1365 651 1433 rior;
688 1388 713 1416 ››
744 1372 849 1423 aut
877 1367 1200 1435 defeci,seu
1221 1368 1413 1425 factus
1434 1385 1564 1424 sum
1598 1368 1912 1440 posterior,
1966 1369 2140 1423 Petro

492 1473 559 1514 ac
582 1458 831 1515 caeteris.
868 1458 1208 1531 Opportune
1238 1465 1435 1517 autem
1486 1460 1644 1514 venit
1692 1458 1767 1515 ad
1816 1458 2136 1530 apostolos,

494 1547 664 1618 quasi
696 1548 857 1604 dicat
889 1563 900 1603 :
930 1548 1055 1604 Non
1089 1549 1284 1605 solum
1314 1548 1795 1621 pseudapostolis
1826 1564 1957 1604 sum
1996 1564 2141 1620 prm-

493 1637 765 1708 stantior,
799 1636 905 1695 sed
932 1643 989 1693 et
1017 1637 1305 1709 apostolis
1337 1655 1468 1696 sum
1500 1638 1768 1710 aequalis.
1804 1662 1822 1687 ι
1883 1637 2138 1694 Tametsi

490 1726 642 1782 nihil
673 1743 825 1783 sum.
860 1749 887 1777 ››
939 1729 1244 1800 Tanquam
1302 1745 1582 1802 magnum
1638 1728 1869 1801 aliquid
1924 1727 2140 1784 dixerit

2254 561 2341 639 ὑφ’
2426 562 2577 636 ὑμῶν
2660 566 3020 630 συνίστασθαι.
3070 587 3097 617 ››
3186 565 3344 637 Ὑμᾶς
3404 566 3494 641 γὰρ
3557 562 3643 622 ἔδει
3699 576 3769 627 τῶν

2253 648 2401 723 ἐμῶν
2486 652 2898 718 ἀντιποιεῖσθαι.
2978 655 3068 710 καὶ
3153 652 3329 730 λόγων
3379 655 3461 710 καὶ
3511 656 3773 730 Melitam»,

2253 739 2406 814 ὑμῶν
2444 738 2501 798 δὲ
2559 742 2791 806 ἐκείνοις
2847 744 3248 820 προσεχόντων,
3303 743 3374 806 εἷς
3422 745 3613 808 τούτους
3650 746 3771 811 ἐλθεῖν

2250 831 2598 909 ἠναγκάσθην
2629 835 2757 895 τοὺς
2815 834 3038 909 λόγους.
3100 861 3119 886 ι
3156 831 3318 892 Οὐδὲν
3371 835 3464 910 γὰρ
3510 835 3773 913 animum»

2250 920 2397 978 ’Δνω
2427 922 2582 1001 φησὶ,
2639 944 2667 975 α
2698 922 3001 998 Λογίζομαι
3059 920 3226 995 μηδὲν
3286 924 3612 999 ὑστερηκέναι,
3662 927 3774 979 σνννί

2251 1004 2308 1065 δὲ
2336 1008 2738 1086 ἀποφαντικῶς,
2794 1039 2822 1063 ιι
2852 1009 3005 1067 οὐδὲν
3066 1010 3348 1088 ὑστέρησα,
3378 1036 3404 1063 ι)
3432 1010 3556 1071 Οὐδὲ
3579 1012 3774 1084 ἐνέλιπον,

2249 1095 2285 1166 ἢ
2341 1098 2569 1153 κατόπιν
2645 1097 2818 1170 ἦλθον
2863 1104 2972 1157 τῶν
3030 1102 3152 1176 περὶ
3212 1102 3420 1177 Πέτρον.
3474 1102 3702 1176 Εὖκαὶρως
3740 1101 3775 1158 ἃ

2249 1183 2337 1241 ἐπὶ
2390 1189 2517 1250 τοὺς
2570 1188 2914 1253 ἀποστόλους
2983 1190 3138 1260 ἦλθε,
3196 1186 3394 1253 δεικνὺς
3448 1189 3523 1246 ὅτι
3572 1190 3624 1247 οὗ
3668 1192 3774 1263 μόνον

2251 1273 2369 1348 εἰμὶ
2400 1282 2508 1331 τῶν
2540 1273 3023 1350 ψευδαποστόλων,
3079 1279 3234 1356 φησὶ,
3279 1278 3540 1352 κρείττων,
3590 1278 3704 1334 ἀλλὰ
3721 1279 3779 1333 καὶ

2246 1368 2356 1418 τῶν
2385 1363 2702 1422 ἆποστόκων
2739 1365 2875 1430 ἴσος.
2910 1392 2938 1419 ‹‹
2972 1365 3038 1425 Ei
3070 1366 3159 1422 καὶ
3218 1364 3361 1423 οὐδὲν
3417 1366 3538 1441 εἶμι.
3570 1392 3587 1419 ι
3638 1370 3779 1440 ’Ὠσπερ

2245 1473 2296 1508 τι
2332 1452 2470 1528 μέγα
2503 1454 2737 1533 εἰρηκὼς
2762 1457 2854 1512 καὶ
2883 1451 3202 1530 ὑπερϐαῖνον
3257 1456 3413 1513 αὐτοῦ
3460 1458 3545 1525 τὴν
3602 1454 3781 1529 δύναμιν,

2247 1540 2557 1619 διορθοῦται
2588 1546 2742 1603 αὐτό.
2775 1546 2889 1605 Οὐκ
2934 1547 3054 1603 εἶπε
3112 1545 3192 1617 δὶ,
3246 1546 3476 1617 Εὐτελὴς
3527 1547 3642 1620 εἶμι,
3687 1545 3784 1604 illi

2243 1632 2306 1687 τὸ
2337 1632 2480 1689 πολὺ
2528 1634 2716 1706 ἧττον,
2768 1659 2797 1688 σι
2852 1633 3017 1693 Οὐδὲν
3073 1636 3210 1710 εἰμι.
3245 1660 3271 1689 n
3326 1636 3398 1692 Σὺ
3452 1633 3521 1706 δὲ,
3566 1637 3691 1712 φησὶ,
3733 1636 3781 1707 μὴ

2243 1727 2407 1779 τοῦτο
2460 1720 2602 1799 ἴδῃς,
2662 1725 2707 1781 εἰ
2769 1722 2922 1782 οὐδὲν
2982 1726 3111 1801 εἰμ’,
3174 1725 3318 1782 ἀλλὰ
3375 1725 3610 1801 πρόσχες,
3654 1723 3690 1779 εἲ
3732 1725 3781 1796 μὴ

492 1815 653 1889 quod
684 1833 821 1875 suas
855 1817 1100 1873 excedat
1131 1818 1301 1883 vires,
1327 1818 1569 1891 corrigit
1614 1818 1782 1875 illud.
1835 1820 1961 1875 Non
1990 1818 2134 1873 dixit

2248 1813 2419 1870 πάντα
2480 1816 2580 1871 ὅσα
2646 1818 3041 1892 χαρακτηρίζει
3130 1816 3429 1874 ἀπόστολον
3500 1816 3780 1873 Eas-celsam!

492 1912 690 1962 autem
725 1922 738 1961 :
773 1906 1053 1978 Abjectus
1084 1923 1239 1972 sum,
1288 1907 1392 1965 sed
1444 1906 1602 1978 quod
1654 1906 1837 1962 multo
1889 1907 2139 1962 inferius

491 2000 600 2061 est,
631 2016 659 2046 κ
690 1994 848 2050 Nihil
872 2011 1024 2051 sum.
1068 2017 1096 2045 ››
1128 1997 1212 2052 Tu
1244 2012 1399 2063 vero,
1436 1995 1652 2066 inquit,
1710 2012 1783 2052 ne
1844 1995 2134 2052 intuearis

491 2082 626 2147 hoc,
660 2084 709 2138 si
739 2084 891 2139 nihil
923 2100 1092 2141 sum:
1143 2084 1248 2140 sed
1296 2085 1407 2140 hoc
1452 2084 1715 2147 adverte.
1746 2100 1905 2141 anne
1936 2086 2140 2141 omnia

491 2173 845 2247 perfecerim
868 2191 1239 2246 quaecunque
1265 2176 1611 2248 Apostolum
1635 2176 1951 2246 designant
1968 2182 2028 2232 et
2055 2176 2141 2232 in-

495 2264 777 2337 signiunt.
809 2287 837 2315 «
873 2266 987 2321 Per
1015 2282 1255 2322 omnem
1287 2266 1659 2338 patientiam.
1693 2289 1721 2316 n
1759 2268 1888 2335 Vos,
1921 2267 2139 2339 inquit,

496 2369 839 2412 sermonum
868 2361 1049 2411 testes
1081 2356 1242 2412 estis.
1277 2355 1570 2413 Indicium
1616 2362 1813 2413 autem
1866 2356 2136 2428 Apostoli

493 2445 751 2499 maxime
782 2444 1052 2501 consistit
1080 2445 1142 2500 in
1172 2445 1417 2503 ferendo
1448 2449 1647 2502 omnia
1673 2446 1941 2503 viriliter.
1980 2446 2139 2502 Con-

494 2532 690 2589 sidera
716 2550 849 2591 vero
881 2533 1039 2605 quod
1069 2534 1153 2590 ait
1185 2552 1198 2588 :
1236 2560 1256 2583 -
1292 2535 1666 2592 Patientiam.
1705 2560 1725 2584 ι
1777 2536 1924 2591 Nam
1984 2533 2141 2605 quod

496 2623 728 2681 virtutis
758 2623 946 2695 ipsius
976 2631 1104 2680 erat
1138 2624 1315 2680 unica
1353 2624 1611 2681 dictione
1665 2626 1864 2697 posuit
1899 2640 1911 2679 :
1973 2625 2141 2697 signa

493 2729 630 2769 vero
649 2728 779 2784 qua:
807 2729 913 2769 sua
948 2729 1067 2768 non
1113 2713 1410 2771 erant.sed
1460 2713 1663 2786 gratia)
1713 2714 1836 2775 Dei,
1870 2713 2141 2784 pluribus

492 2803 834 2874 complexus
854 2808 964 2857 est.
991 2802 1100 2858 Sed
1128 2803 1286 2857 Pauli
1307 2803 1658 2858 modestiam
1708 2803 1958 2857 intuere.
1991 2803 2143 2868 Quot

493 2906 789 2956 carceres,
823 2898 967 2962 quot
992 2892 1218 2964 plagas,
1251 2899 1395 2964 quot
1445 2893 1710 2965 pericula
1761 2899 1820 2947 et
1870 2892 2139 2959 insidias,

486 2985 631 3050 quot
665 2979 1055 3036 afflictionum
1089 2981 1528 3039 inundationes.
1562 2988 1708 3052 quot
1736 2980 2140 3037 bellaintesti-

485 3084 567 3124 na
596 3086 664 3125 ac
695 3077 959 3138 externa,
991 3070 1169 3127 unica
1198 3070 1461 3126 dictione
1493 3086 1707 3142 nempe
1738 3094 1765 3122 (ι
1794 3070 2140 3139 Patientia,»

484 3160 794 3230 percurrit.
830 3184 856 3209 «ι
896 3161 1007 3215 Per
1038 3176 1221 3227 segne
1248 3167 1307 3216 et
1331 3161 1617 3233 prodigia.
1659 3186 1677 3207 ι
1714 3161 2143 3224 Quotmortuos

2252 1929 2279 1956 ί(
2331 1905 2419 1963 Ἐν
2479 1906 2623 1981 πάσῃ
2714 1907 2985 1980 ὑπομονῇ.
3022 1931 3048 1959 n
3128 1908 3329 1981 Ὑμεῖς,
3409 1906 3547 1984 ςρησὶ,
3595 1910 3682 1961 τῶν
3722 1903 3782 1960 λό-

2250 2014 2362 2068 γων
2442 1994 2706 2071 μάρτυρες
2740 2040 2755 2053 .
2842 2002 3052 2074 Δεῖγμα
3136 1992 3195 2052 δῖε
3269 1996 3550 2052 ἀποστόλου
3619 1990 3784 2068 μάλιστα

2248 2084 2311 2138 τὸ
2370 2084 2547 2161 φερειν
2634 2086 2805 2141 πάντα
2889 2085 3169 2162 γενναίως.
3236 2088 3369 2160 Ὅρα
3424 2082 3494 2154 δὲ,
3534 2084 3605 2152 τὸ,
3650 2107 3673 2135 ς(
3711 2086 3783 2150 Τῆς

2252 2174 2554 2247 ὑπομονῆς,
2587 2198 2614 2227 ››
2669 2174 2800 2250 ὅπερ
2857 2178 2923 2245 ἧν
2986 2176 3155 2231 αὐτοῦ
3213 2177 3393 2251 ἁρετὴ,
3450 2179 3535 2249 μιᾷ
3583 2171 3693 2243 λέξει
3730 2166 3784 2225 τέ-

2253 2264 2415 2334 Θεικε,
2446 2266 2514 2322 τὰ
2544 2264 2601 2322 δί
2625 2270 2734 2320 τῶν
2785 2266 3032 2340 σημείων
3089 2268 3226 2341 ἅπερ
3256 2265 3354 2321 οὐκ
3402 2265 3464 2334 ἦν
3513 2265 3663 2329 αὐτοῦ,
3688 2259 3785 2317 ἀλλᾶ

2254 2353 2479 2432 χάριτος
2565 2358 2720 2424 Θεοῦ,
2800 2350 2891 2409 διὰ
2974 2353 3250 2411 πλειόνων
3326 2353 3614 2431 ἐξηγήσατο.
3650 2353 3784 2423 Ὅμως

2254 2444 2533 2499 σκόπειτὸ
2579 2444 2831 2498 ταπεινὸν
2893 2442 3136 2515 Παύλου,
3200 2445 3339 2499 πόσα
3392 2440 3692 2515 δεσμωτήρια,
3717 2438 3783 2491 πός

2252 2552 2344 2593 σας
2376 2530 2616 2607 πληγὰς,
2648 2531 2850 2596 πόσους
2881 2530 3166 2596 κινδύνους
3208 2536 3300 2589 καὶ
3356 2527 3623 2593 ἐπιϐουλὰς,
3666 2525 3781 2585 πόσαι

2252 2616 2474 2700 νιφαδας
2502 2626 2843 2696 πειρασμῶν,
2888 2621 3090 2684 πόσους
3151 2620 3430 2696 πολέμους
3483 2617 3705 2696 ἐμουλὶοος
3738 2633 3776 2667 τε

2250 2709 2341 2765 καὶ
2373 2708 2745 2784 ἐξωτερικοὺς,
2786 2714 2883 2782 μιᾷ
2943 2708 3082 2780 λέξει
3134 2714 3235 2786 τῇ,
3287 2735 3313 2765 α
3371 2713 3477 2779 Τῆς
3523 2709 3771 2779 incitavit”

2250 2797 2615 2875 παρέδραμεν.
2675 2825 2705 2853 «
2764 2803 2851 2857 ’λιν
2905 2800 3163 2874 σημείοις
3238 2803 3327 2858 καὶ
3381 2804 3591 2875 τέρασι,ν
3626 2795 3763 2850 Πόσους

2248 2890 2473 2965 νεκροὺς
2559 2888 2890 2967 ἐγερθέντας,
2971 2890 3063 2945 καὶ
3126 2891 3376 2968 τυφλοὺς
3450 2884 3747 2961 ὀμματωθὲντας,

2249 2978 2340 3034 καὶ
2388 2976 2623 3054 λεπροὺς
2655 2978 3087 3051 καθαρισθέντας,
3147 2980 3248 3035 καὶ
3311 2977 3525 3053 δαίμονας
3560 2970 3746 3054 έλ²θέντῗί

2254 3066 2472 3143 ᾐνίξατο
2531 3067 2721 3137 εἰπὼν,
2764 3092 2793 3121 ι(
2824 3072 2911 3126 Ἐν
2946 3069 3230 3143 σημείοις,
3260 3071 3351 3125 καὶ
3381 3052 3750 3142 τέρασι,ιοῖ.δ·ινᾶ-

2259 3179 2403 3232 μεσι,
2436 3182 2463 3209 ›ι
2492 3162 2600 3213 τῶν
2628 3162 2795 3231 τριῶν
2820 3155 2870 3213 ἕν
2898 3179 2949 3212 τι
2983 3155 3331 3223 δηλούντων.

477 3248 785 3315 excitatos,
817 3265 1004 3304 czecos
1038 3249 1427 3312 illuminatos,
1462 3251 1727 3320 leprosos
1752 3250 2093 3314 mandatos,
2125 3256 2185 3305 et
2213 3250 2516 3306 dmmones
2548 3249 2829 3319 expulsos
2855 3249 3211 3322 designavit,
3246 3251 3445 3308 dicens
3474 3267 3485 3303 :
3515 3268 3539 3298 «ι
3592 3244 3671 3298 Per
3710 3234 3776 3291 si-

473 3350 589 3407 gna
620 3342 679 3389 et
710 3335 976 3408 prodigia
1006 3354 1073 3393 ac
1106 3339 1259 3393 facta
1292 3340 1576 3408 potentia.
1613 3360 1638 3387 ››
1673 3355 1805 3409 qua)
1842 3340 1955 3393 tria
1986 3355 2172 3395 unum
2204 3338 2489 3411 quiddam
2522 3338 2798 3409 idemque
2831 3338 3197 3411 significant.

555 3425 686 3488 XII,
723 3426 811 3487 l3,
846 3427 934 3479 14.
970 3446 997 3474 ι(
1032 3427 1175 3481 Nam
1208 3425 1352 3496 quid
1382 3433 1472 3481 est
1497 3427 1558 3481 in
1591 3442 1707 3497 quo
1738 3426 1935 3482 fuistis
1986 3428 2138 3483 infe-

485 3538 515 3568 ‹‹
551 3514 740 3571 riores
770 3517 1001 3572 caeteris
1034 3517 1335 3579 Ecclesiis.
1368 3516 1485 3572 nisi
1519 3517 1677 3588 quod
1702 3533 1814 3589 ego
1845 3518 1972 3589 ipse
2018 3535 2138 3574 non

495 3626 521 3660 ιι
554 3604 773 3662 fuerim
802 3606 1002 3679 segnis
1033 3623 1173 3679 erga
1203 3623 1303 3662 vos
1323 3606 1351 3662 ?
1382 3606 1726 3662 Condonate
1782 3606 1928 3662 mihi
1986 3607 2138 3663 hanc

493 3718 522 3747 ‹‹
554 3696 861 3767 injuriam.
900 3700 1039 3753 Ecce
1072 3698 1246 3754 tertio
1277 3703 1519 3769 paratus
1549 3713 1682 3753 sum
1712 3702 1779 3752 ut
1806 3696 1879 3752 ad
1910 3714 2010 3753 vos
2037 3714 2141 3755 ve-

483 3811 513 3840 ‹‹
540 3789 846 3853 niam,nec
863 3804 963 3844 ero
981 3787 1176 3861 segnis
1200 3804 1338 3860 erga
1348 3788 1600 3843 vos.Non
1616 3787 1777 3844 enim
1791 3803 1993 3858 quaero
2005 3803 2137 3858 qum

484 3883 740 3933 «vestra
770 3877 1041 3948 sunt,sed
1089 3893 1212 3932 vos.
1264 3876 1566 3947 Siquidem
1617 3894 1739 3933 non
1780 3876 1999 3933 debent
2030 3876 2135 3932 ﬁlii

488 3989 517 4018 ‹‹
552 3966 901 4038 parentibus
931 3966 1279 4033 recondere,
1314 3967 1417 4022 sed
1446 3972 1725 4039 parentes
1758 3967 1919 4023 filiis.
1956 3989 1984 4018 ››

558 4058 596 4112 7
608 4057 702 4112 0|
732 4056 814 4113 Ne
835 4056 968 4127 quis
990 4056 1149 4113 dicat
1172 4073 1184 4112 :
1210 4058 1453 4129 Magnus
1476 4056 1718 4128 quidem
1753 4073 1837 4124 es,
1872 4061 2134 4114 attamen

484 4160 608 4203 non
629 4151 796 4201 tanta
815 4152 1094 4217 operatus
1118 4147 1503 4217 es,quautain
1545 4146 1680 4202 aliis
1718 4146 2000 4203 Ecclesiis
2029 4163 2135 4202 οω-

480 4235 595 4291 teri
623 4235 901 4307 apostoli,
934 4236 1055 4291 ait:
1090 4258 1117 4285 ‹‹
1148 4237 1295 4291 Nam
1330 4235 1472 4306 quid
1504 4241 1594 4291 est
1652 4236 1712 4290 in
1762 4252 1877 4307 quo
1937 4235 2133 4291 fuistis

475 4324 841 4382 inferiores?
873 4348 901 4374 υ
938 4326 1056 4381 Hoc
1086 4330 1194 4391 est,
1231 4325 1428 4380 minus
1455 4324 1747 4381 habuistis
1795 4341 1972 4396 quam
2019 4342 2133 4380 cai-

476 4419 615 4470 term
649 4414 924 4470 Ecclesiae
953 4413 981 4469 ?
1031 4429 1175 4470 num
1233 4414 1560 4481 minorem,
1621 4414 1834 4485 inquit,
1881 4414 2131 4486 gratiam

477 4504 987 4575 participastis?«
1024 4503 1145 4558 Nisi
1205 4502 1362 4573 quod
1416 4518 1523 4574 ego
1583 4503 1788 4573 ipse.»
1857 4502 2129 4558 Punitivo

2321 3425 2386 3482 Τί
2416 3426 2521 3500 γὰρ
2554 3424 2693 3481 ἐστιν
2750 3425 2779 3481 ὃ
2833 3427 3110 3496 ἡττήοητε
3181 3428 3318 3502 ὑπὲρ
3374 3427 3462 3487 τας
3510 3419 3662 3478 λοιπὰς
3697 3412 3781 3469 Ἕκ·

2248 3512 2525 3584 κλησίας;
2612 3511 2659 3568 εἶ’
2750 3514 2827 3587 μή
2887 3513 2971 3570 δτι
3015 3514 3188 3577 αὐτὸς
3243 3515 3353 3594 ἐγὼ
3404 3515 3461 3571 οὗ
3510 3507 3785 3594 umigatth

2251 3602 2426 3675 ὑμῶν.
2486 3602 2790 3676 Χαρίσασθέ
2875 3624 2967 3675 μοι
3024 3604 3123 3675 τήν
3203 3603 3415 3661 ἁδιλίαν
3467 3601 3649 3667 rufum.
3693 3585 3785 3646 ’1ὂοῦ

2245 3690 2425 3769 τρίτον
2455 3691 2690 3766 ἑτοίμως
2716 3687 2838 3768 ἔχω
2876 3691 3052 3748 ἐλθεῖν
3107 3695 3251 3769 πρὸς
3307 3695 3461 3768 ὑμᾶς,
3504 3690 3581 3746 καὶ
3627 3684 3677 3741 οὗ
3720 3700 3788 3769 κατ

2244 3763 2583 3857 τανακρήσω
2619 3763 2821 3854 ὑμῶν.
2883 3780 2962 3839 Οὐ
3015 3781 3118 3858 γὰρ
3152 3763 3354 3853 ’ζητῶ-
3386 3782 3448 3838 τὰ
3508 3779 3654 3850 ὑμῶν,
3695 3763 3794 3858 ἆλλᾷ

2249 3854 2521 3945 ὑμᾶς.γού
2552 3872 2655 3949 γὰρ
2687 3870 2967 3951 ὀφείλειτά
3007 3854 3168 3928 τέκνα
3228 3878 3345 3936 τοῖς
3398 3872 3586 3948 γονεῦσι
3613 3854 3797 3934 θησαυρί-

2246 3966 2379 4030 ζειν,
2407 3957 2534 4016 ἆλλ¹
2566 3961 2619 4015 οὶ
2649 3964 2826 4037 γονεῖς
2852 3965 2969 4023 τοῖς
3000 3959 3228 4025 τέκνοις.

2316 4050 2427 4107 Ἵνα
2460 4051 2535 4123 μή
2575 4031 2673 4112 τις.
2716 4048 2862 4125 εἴπῃ,
2912 4048 3080 4126 μέγας
3142 4052 3243 4124 μὲν
3298 4051 3361 4118 εἶ,
3419 4048 3586 4127 φησὶν,
3621 4042 3740 4116 ὅμως
3761 4031 3799 4089 οὗ

2243 4143 2483 4196 τοσαῦτα
2555 4140 2786 4215 εἰργασω
2845 4139 2944 4196 ὅσα
3000 4139 3053 4195 ἐν
3113 4146 3233 4204 ταῖς
3299 4139 3488 4202 ἄλλαις
3536 4127 3800 4215 Ἐκκλησίαιι

2245 4231 2297 4286 οἱ
2348 4229 2535 4286 λοιποὶ
2585 4227 2911 4297 ἀπόστολοι,
2970 4228 3123 4307 φησί.
3185 4257 3213 4282 ‹‹
3244 4231 3309 4287 Τί
3340 4230 3437 4306 γὰρ
3466 4228 3592 4283 ἐστιν
3627 4214 3801 4307 ὃὴτττξ·

2246 4321 2376 4388 θητε
2410 4338 2424 4389 ;
2460 4343 2486 4370 ››
2512 4320 2810 4390 τουτέστιν,
2864 4316 3087 4376 ἔλαττον
3142 4314 3321 4399 ἔχετε,
3381 4318 3504 4389 ὑπὲρ
3532 4315 3615 4376 τὰς
3659 4304 3799 4367 λοιπάς

2243 4406 2574 4477 Ἐκκλησίας
2607 4452 2620 4466 .
2654 4409 2743 4476 Μὴ
2777 4407 3068 4470 ἐλάττονος
3088 4451 3103 4476 ,
3134 4396 3293 4488 φησὶ,
3326 4408 3569 4481 μετέχετε
3594 4396 3798 4488 χαρίσμξ·

2238 4518 2331 4560 τος
2363 4519 2379 4565 ἶ
2412 4520 2441 4551 (ί
2472 4496 2542 4555 Εἷ
2575 4498 2652 4569 μὴ
2680 4498 2764 4553 δτι
2805 4497 2967 4560 αὐτὸς
3014 4479 3200 4571 ἐγὼίι)
3244 4479 3531 4567 Πλήηκτικῷ
3575 4491 3702 4564 λόγῳ
3738 4479 3795 4536 κέ·

479 4609 756 4650 sermone
791 4609 931 4649 usus
964 4598 1053 4648 est
1087 4609 1099 4648 :
1128 4592 1244 4648 nisi
1298 4592 1566 4648 fortassis
1627 4592 1735 4647 hoc
1796 4592 1939 4646 mihi
1972 4592 2130 4661 quis-

2243 4605 2464 4662 χρηται.
2502 4585 2566 4643 Εἰ
2604 4586 2679 4659 μὴ
2712 4584 2813 4661 ἅρᾶ
2859 4606 2942 4649 τις
2988 4586 3148 4641 τοῦτό
3184 4608 3278 4659 μοι
3309 4584 3595 4661 ἐγκαλέσει,
3623 4579 3695 4634 ὅτε
3719 4572 3794 4662 ἒξε-

479 4680 639 4751 piam
670 4680 807 4735 vitio
840 4687 1027 4737 vertat
1060 4681 1214 4752 quod
1253 4681 1395 4736 dum
1452 4697 1653 4735 versor
1708 4678 2011 4735 vobiscum
2069 4687 2126 4735 et

478 4784 745 4839 praesens
763 4786 914 4834 sum,
950 4772 1088 4827 totis
1124 4772 1348 4827 vii-ilius
1392 4787 1703 4843 procurem
1753 4769 2004 4825 salutem
2035 4785 2125 4824 ve-

477 4861 681 4919 stram,
715 4857 931 4913 absens
963 4876 1068 4929 per
1116 4859 1399 4931 epistolas
1457 4858 1609 4913 viam
1658 4862 2122 4912 commonstrem

474 4944 549 5002 ad
581 4962 653 5002 ea
682 4961 813 5017 quas
844 4949 1074 5020 agenda
1105 4956 1259 5011 sunt,
1299 4956 1358 5004 et
1391 4948 1450 5003 in
1508 4948 1673 5002 nullo
1738 4963 1944 5003 eorum
1990 4962 2121 5017 quas

471 5036 637 5091 vobis
657 5037 830 5092 utilia
855 5044 1013 5102 sunt,
1039 5038 1275 5111 segnior
1296 5038 1511 5093 fuerim
1537 5045 1595 5092 et
1631 5037 1848 5093 absens
1893 5043 1951 5090 et
1979 5052 2123 5107 pras-

468 5131 693 5187 sens.Si
717 5131 854 5202 quid
884 5132 944 5186 in
994 5131 1106 5187 hoc
1158 5148 1357 5203 pecco,
1409 5131 1739 5186 condonate
1788 5128 1936 5185 mihi
1967 5128 2120 5184 hanc

465 5220 775 5291 injurium,
810 5228 866 5277 et
898 5222 1183 5294 ignoscite
1215 5222 1497 5291 iniuriam
1556 5220 1818 5277 facienti.
1879 5249 1948 5259 -—
1996 5218 2118 5273 Nisi

466 5312 625 5383 quod
646 5328 750 5385 ego
779 5312 904 5385 ipse
928 5311 1073 5367 mihi
1101 5328 1218 5367 non
1244 5310 1619 5378 indulserim,
1643 5309 1843 5365 omnia
1888 5307 2115 5364 faciens

461 5403 650 5470 gratia
680 5404 883 5469 vestri,
917 5418 1111 5474 neque
1143 5400 1507 5473 neglexerim
1538 5417 1660 5465 vos,
1693 5416 1838 5454 num
1888 5398 1951 5455 in
2004 5398 2139 5473 hocf

460 5488 775 5557 inferiores
802 5492 1057 5549 fuistis?
1116 5493 1261 5548 Num
1320 5492 1433 5547 hoc
1490 5490 1780 5562 injuriam
1840 5485 2116 5544 ducitis?

465 5578 805 5635 Condonate
836 5580 980 5636 mihi
1010 5581 1163 5637 hanc
1194 5580 1500 5654 injuriam.
1539 5603 1566 5630 ‹‹
1598 5580 1744 5635 Ecce
1779 5580 1950 5633 tertio
2011 5593 2112 5650 pa-

466 5675 632 5730 ratus
664 5687 795 5727 sum
827 5678 892 5726 ut
928 5672 1185 5728 veniam.
1252 5695 1280 5723 »
1334 5670 1623 5741 Secundo,
1683 5671 1898 5742 inquit,
1956 5670 2113 5753 veni,

2233 4676 2495 4751 χωριάζω
2558 4675 2712 4748 ὑμῖν,
2769 4675 2861 4730 καὶ
2921 4671 3244 4752 ἕρχόμενος,
3293 4674 3449 4731 παντὶ
3519 4672 3672 4735 σθένει
3694 4658 3793 4752 aifat-

2236 4786 2335 4838 μαι
2366 4770 2466 4833 τῆς
2498 4762 2780 4839 σωτηρίας
2827 4764 3003 4837 ὑμῶν.
3064 4766 3164 4823 Καὶ
3221 4764 3394 4831 ἀπὼν,
3453 4761 3520 4818 δι’
3571 4748 3790 4815 ἐπιστολῶν

2233 4851 2420 4928 ὁδηγῶ
2452 4854 2586 4928 πρὸς
2616 4853 2683 4909 τὰ
2731 4853 2995 4929 πρακτέα,
3026 4855 3117 4909 καὶ
3177 4851 3327 4910 οὐδὲν
3380 4853 3511 4928 πρὸς
3556 4846 3604 4904 ἔν
3656 4866 3699 4900 τι
3734 4841 3799 4892 τῶν

2235 4946 2359 5019 ὑμῖν
2400 4946 2784 5023 συμφερόντων
2835 4944 3212 5020 ἐρῥᾳθύμησα,
3271 4945 3421 5001 ἀπών
3468 4963 3522 4998 τε
3549 4939 3629 4996 καὶ
3656 4929 3802 5023 ταράξειν·

2231 5035 2294 5094 Εἰ
2352 5032 2443 5090 διὰ
2498 5038 2659 5090 τοῦτο
2721 5032 2915 5104 ἀδικῶ,
2976 5033 3272 5109 χαρίσασθέ
3355 5054 3446 5106 μοι
3499 5032 3593 5098 τὴν
3643 5018 3801 5109 ἀδικίαν

2227 5124 2449 5195 ταύτην,
2482 5122 2572 5178 καὶ
2603 5123 2879 5198 σ·5γγνωτε
2908 5121 3211 5179 ἀδικοῦντι.
3245 5156 3310 5165 —
3342 5121 3542 5196 [ΦΩΤ.]
3571 5115 3622 5173 EE
3652 5113 3713 5185 μή

2228 5214 2393 5277 αὐτὸς
2427 5212 2527 5269 οὐκ
2556 5209 2791 5268 ὲνέδωκα
2820 5214 2989 5268 πάντα
3023 5214 3299 5288 πράττων,
3334 5213 3487 5286 χάριν
3520 5209 3670 5280 ὑμῶν,
3707 5192 3804 5252 οδθὲ

2225 5303 2662 5379 κατωλιγώρησα
2697 5301 2876 5375 ὑμῶν,
2914 5303 2991 5376 μὴ
3046 5306 3209 5358 τοῦτο
3239 5303 3506 5371 ἠττηοητε
3536 5315 3550 5367 ;
3584 5293 3649 5367 μὴ
3674 5289 3801 5379 τοῦτο

2226 5393 2437 5450 ἀδικίαν
2466 5392 2719 5464 νομίζετε
2748 5413 2763 5460 ;
2806 5393 3113 5469 Χαρίσασθέ
3159 5414 3250 5466 μοι
3278 5393 3380 5462 τήν
3408 5386 3596 5445 ἀδικίαν
3627 5378 3799 5478 ταύτην.

2228 5510 2255 5538 (ι
2288 5481 2429 5541 ιιδυὺ
2459 5480 2641 5557 τρίτον
2675 5481 2911 5555 ἑτοίμως
2948 5479 3066 5559 ἔχω
3093 5479 3290 5545 ἐλθεῖν.
3326 5504 3354 5532 ››
3380 5478 3634 5549 Δεύτερον,
3656 5479 3799 5568 sfw:

2225 5572 2422 5649 ᾖλθον,
2446 5570 2565 5627 ἰδοὺ
2596 5570 2776 5646 τρίτον
2808 5569 3243 5645 παρεσκεύασμαι
3269 5568 3461 5639 ἐλθεῖν,
3480 5563 3563 5621 καί
3581 5560 3625 5616 ἐν
3651 5555 3794 5649 οὐδενὶ

2222 5647 2325 5733 τῆς
2360 5664 2510 5736 ὑμῶν
2546 5661 2814 5735 ἀμελήσω
2843 5658 3137 5735 σῶτηρίας.
3172 5659 3298 5717 Εἶτα
3347 5657 3430 5712 ἳνα
3462 5656 3529 5731 μὴ
3551 5647 3791 5724 νομίσωσιν
