4048 6250
316 358 487 421 1073

1248 356 1659 419 COMMENT.
1706 356 1783 416 IN
1831 356 2085 416 EPIST.
2134 355 2187 415 ΙΙ
2232 357 2335 415 AD
2377 356 2744 416 CORINTH.

3589 357 3746 416 1074

312 491 405 549 ὅτι
446 490 532 548 δεῖ
562 495 778 554 πάντως
810 492 968 547 αὐτὸν
1010 491 1315 566 ἐρχόμενον
1373 493 1466 542 νῦν
1521 494 1650 564 γοῦν
1703 491 1940 568 τραφῆνα

2050 548 2057 558 ι
2090 506 2225 546 ecce
2260 491 2429 545 tertio
2463 507 2766 563 praeparat
2790 489 2863 545 ad
2912 488 3289 557 veniendum,
3343 493 3405 545 et
3460 489 3521 545 in
3576 488 3743 547 nullo

316 588 446 657 παρ’
482 584 684 649 αὐτῶν,
722 579 957 655 μάλιστα
989 579 1175 651 ἐπειδὴ
1235 580 1326 635 καὶ
1367 580 1491 652 περὶ
1546 577 1744 633 τούτου
1775 575 1975 648 πολλῷ

319 670 706 743 διεξελήλυθεν
740 672 790 726 ἐν
836 676 950 732 τοῖς
1010 668 1336 745 ἔμπροσθεν,
1379 668 1615 723 ἐντεῦθεν
1674 664 1781 737 ἤδη
1837 687 1974 741 προ-

324 769 535 835 αναιρει
565 763 765 832 ταύτην
806 763 903 829 τὴν
936 762 1214 830 ὑπόνοιαν,
1249 759 1333 814 δτι
1406 759 1543 830 ὑμᾶς
1602 758 1766 823 Θέλω,
1801 756 1863 811 οὗ
1906 757 1973 811 τὰ

328 854 504 925 ὑμῶν,
548 853 636 905 καὶ
671 852 808 923 ὑμᾶς
840 851 1055 924 ἀγαπῶ,
1098 849 1164 903 οὐ
1186 850 1253 903 τά
1313 849 1486 921 ὑμῶν,
1518 844 1698 922 ὥσπερ
1730 847 1783 899 οἱ
1811 842 1970 919 ψευδ-

328 939 649 997 απόστολοι.
688 943 821 997 Εἶτα
849 940 938 994 καὶ
971 940 1078 994 ἀπὸ
1107 943 1204 992 τοῦ
1242 942 1425 993 κοινοῦ
1457 938 1726 1012 λογισμοῦ
1752 936 1841 989 καὶ
1871 938 1970 999 τῆς

325 1031 558 1110 φύσεως,
590 1035 875 1087 πιστοῦται
922 1031 1014 1083 τὸν
1070 1030 1258 1102 λόγον,
1314 1027 1499 1082 ἑαυτὸν
1564 1028 1657 1098 μὲν
1717 1024 1767 1079 ἐι
1825 1025 1970 1094 τάξει

2086 579 2479 651 negligentior
2536 596 2634 634 ero
2694 579 2850 634 circa
2898 585 3152 634 vestram
3187 578 3458 633 salutem.
3521 579 3743 635 Deinde

2086 669 2425 723 existiment
2452 670 2611 740 quod
2642 670 3021 739 nuncipsum
3080 668 3414 723 venientem
3472 673 3743 739 oporteat

2084 760 2328 815 omnino
2362 760 2433 815 ab
2469 762 2553 815 eis
2600 762 2698 821 ali,
2734 761 2988 815 maxime
3029 761 3313 831 quoniam
3348 759 3417 813 de
3449 761 3559 816 hoc
3591 776 3737 831 quo-

2084 866 2196 919 que
2224 850 2404 905 mulis
2428 850 2710 906 disseruit
2735 851 2793 905 in
2821 850 3227 921 superioribus
3256 850 3567 919 :hincjam
3584 850 3738 903 tollit

2083 938 2339 1009 primum
2374 940 2525 994 hanc
2576 941 3013 1013 suspicionem:
3049 939 3330 1010 quoniam
3364 956 3485 1005 vos,
3519 939 3734 1009 inquit,

2082 1028 2404 1097 cupio.non
2427 1046 2555 1099 qum
2576 1037 2764 1084 vestra
2795 1036 2951 1096 sunt,
2973 1035 3032 1084 et
3051 1046 3149 1083 vos
3168 1028 3346 1092 diligo
3369 1044 3488 1082 non
3520 1035 3733 1097 vestra,

319 1122 547 1195 πατρὸς,
581 1120 817 1181 ἐκείνους
854 1118 910 1175 δὲ
939 1122 989 1174 ἑν
1013 1119 1158 1188 τάξει
1178 1120 1397 1172 τέκνων.

2082 1118 2581 1187 quemadmodum
2618 1118 3311 1191 pseudapostoliDeinde
3334 1118 3509 1172 etiam
3534 1133 3567 1170 a
3596 1132 3738 1187 com_

318 1213 484 1269 muni
518 1229 697 1267 sensu
730 1218 787 1267 et
837 1218 1049 1266 natura
1103 1224 1438 1266 sermonem
1488 1206 1849 1263 confirmat:
1915 1204 2173 1277 seipsum
2230 1206 2470 1278 quidem
2530 1209 2651 1264 vice
2682 1209 2867 1280 patris
2915 1224 3163 1280 ponens,
3197 1208 3332 1262 illos
3354 1213 3552 1262 autem
3581 1207 3710 1263 loco

318 1302 602 1357 filiorum.

391 1390 530 1463 Ἐγὼ
612 1388 670 1445 δὲ
746 1388 941 1459 ἥδιστα
1000 1386 1294 1456 δαπανήσω
1372 1384 1459 1441 καὶ
1532 1382 1940 1454 ἐκδαπανηθήσο

2152 1384 2450 1451 XII,15-59.
2489 1408 2516 1434 «ι
2548 1388 2663 1459 Ego
2693 1402 2827 1441 vero
2878 1386 3270 1441 libentissime
3302 1386 3641 1458 impendam
3673 1392 3733 1442 et

2080 1497 2107 1522 ‹‹
2136 1478 2436 1546 expendar
2457 1494 2563 1548 pro
2586 1477 2896 1533 animabus
2918 1478 3123 1532 vestris
3158 1493 3171 1531 :
3205 1477 3342 1531 licet
3371 1476 3612 1533 uberius
3629 1494 3730 1531 vos

2078 1586 2104 1611 «
2137 1564 2392 1636 diligens
2422 1566 2619 1620 minus
2650 1566 3000 1638 diligar.Sed
3031 1566 3312 1637 esto,ipse
3344 1581 3464 1620 non
3493 1565 3726 1637 gravavi

315 1650 661 1728 κατεϐάρησα
721 1656 880 1726 ὑμᾶς,
940 1652 1068 1707 ἀλλ’
1127 1653 1390 1727 ὑπάρχων
1448 1654 1779 1723 πανοῦργος,
1813 1646 1940 1721 δόλιε

2075 1676 2102 1701 ‹‹
2136 1670 2255 1714 vos.
2281 1670 2480 1709 verum
2505 1671 2637 1709 cum
2663 1671 2853 1709 essem
2878 1655 3270 1722 astutus,dolo
3295 1671 3393 1709 vos
3415 1655 3721 1726 cepi.Num

310 1745 450 1815 ὑμᾶς
482 1738 702 1801 ἔλαϐον.
736 1745 823 1813 Μή
856 1764 977 1796 τινα
1006 1743 1079 1796 ὧν
1110 1740 1420 1795 ἀπέσταλκα
1473 1740 1612 1812 πρὸς
1666 1740 1825 1810 ὑμᾶς,
1890 1736 1940 1793 δι

2070 1764 2098 1791 ‹‹
2130 1758 2237 1813 per
2250 1758 2607 1813 quemquam
2634 1759 2833 1798 eorum
2851 1759 2997 1815 quos
3012 1743 3349 1798 misiadvos
3363 1744 3722 1799 circumveni

307 1834 473 1888 αὐτοῦ
517 1830 911 1903 ἐπλεονέκτησα
972 1832 1156 1903 ὑμᾶς;
1221 1827 1565 1903 ΙΙαρεκάλεσα
1620 1826 1802 1896 Τίτον,
1862 1828 1940 1882 καῖ

2063 1852 2090 1879 ‹‹
2111 1848 2210 1884 vos
2235 1830 2262 1885 ?
2294 1833 2505 1904 Rogavi
2546 1832 2757 1893 Titum.
2793 1840 2850 1886 et
2878 1849 2997 1887 una
3018 1849 3149 1887 cum
3170 1832 3273 1887 illo
3296 1834 3430 1887 misi
3451 1832 3716 1888 fratrem.

300 1920 690 1977 συναπέστειλα
720 1921 811 1975 τὸν
842 1918 1097 1997 ἀδελφόν.
1131 1921 1219 1989 Μή
1252 1940 1305 1974 τι
1358 1917 1778 1987 ἐπλεονέκτησεν
1811 1917 1940 1989 ὑμᾶς

2063 1941 2089 1967 ‹‹
2123 1920 2268 1974 Num
2293 1920 2567 1991 inaliquo
2610 1922 2997 1976 circumvenit
3018 1939 3115 1975 vos
3145 1922 3306 1976 Titus
3329 1921 3355 1975 ?
3380 1923 3593 1977 Annon
3616 1938 3719 1977 eo-

299 2012 459 2073 Τίτος
497 2031 508 2079 ;
544 2011 620 2067 Οὐ
664 2016 741 2081 τῷ
790 2011 938 2082 αὐτῷ
995 2011 1259 2083 πνεοόματι
1320 2009 1788 2082 περιεπατήσαμεν
1826 2008 1940 2075 ;οὖ

2062 2030 2090 2055 ‹‹
2115 2007 2249 2062 dem
2274 2010 2485 2081 spiritu
2498 2010 2971 2065 ambulavimus‘?
2992 2027 3190 2065 annon
3206 2010 3722 2083 iisdemvestigiis?

294 2108 415 2163 τοῖς
448 2100 634 2163 αὐτοῖς
662 2102 841 2175 ’ἰχνεσι
878 2120 890 2167 ;
931 2100 1102 2156 Πάλιν
1163 2098 1369 2154 δοκεῖτε
1427 2100 1512 2153 ὅτι
1565 2099 1691 2169 ὑμῖν
1745 2097 1940 2151 ἀπολο·

2060 2119 2087 2145 ‹‹
2118 2100 2371 2153 Rursum
2396 2099 2766 2154 arbitramini
2816 2100 2971 2170 quod
2992 2117 3101 2154 nos
3129 2115 3332 2155 coram
3363 2100 3527 2154 vobis
3550 2116 3719 2155 excu-

286 2192 497 2265 γούμεθ
508 2212 555 2243 α.

2057 2208 2083 2233 α
2120 2204 2326 2242 semus
2350 2188 2377 2242 ‘I
2409 2210 2435 2237 »

364 2282 525 2352 Ὁρᾷς
559 2282 765 2341 πόσους
827 2281 1068 2353 βαθμοὺς
1137 2274 1253 2353 ἔχει
1316 2272 1636 2351 ὑπερϐολῶν
1691 2275 1757 2329 τὰ
1814 2275 1940 2328 κατὰ

2132 2276 2488 2347 Viden,quot
2510 2278 2874 2333 excellentia:
2888 2278 3103 2351 gradus
3118 2277 3339 2333 habent
3351 2277 3489 2333 Paul
3501 2278 3514 2332 i
3528 2277 3721 2350 gesta?

289 2371 385 2425 τὸν
421 2368 641 2425 Παῦλον
676 2389 688 2436 ;
724 2366 871 2424 Ἔδει
907 2364 1117 2433 λαϐεῖν,
1149 2371 1246 2421 τοῦ
1290 2363 1523 2438 Χριστοῦ
1575 2368 1736 2419 τοῦτο
1767 2363 1940 2418 κελεύ-

2057 2365 2542 2437 Potuitaccipere
2579 2383 2713 2421 cum
2744 2367 3111 2437 hocjuberet
3144 2367 3432 2431 Christus,
3486 2374 3548 2422 et
3596 2384 3717 2422 non

327 1502 418 1550 μαι
480 1480 609 1553 ὑπὲρ
668 1484 773 1532 τῶν
831 1483 1023 1557 ψυχῶν
1083 1479 1255 1550 ὑμῶν,
1321 1476 1365 1530 εἰ
1422 1475 1511 1529 καὶ
1572 1475 1966 1547 περισσοτέρως

324 1567 462 1639 ὑμᾶς
502 1565 746 1639 ἀγαπῶς,
805 1566 972 1633 ἧττον
1031 1564 1345 1636 ἀγαπῶμαι.
1406 1562 1587 1617 Ἔστω
1635 1557 1692 1615 δὲ
1739 1558 1849 1636 ἐγὼ
1902 1558 1964 1614 οὐ

292 2480 507 2527 σαντος,
540 2459 625 2513 καῖ
661 2459 760 2513 οὐκ
816 2453 1027 2514 ἔλαϐεν.
1088 2454 1229 2513 Ἰδοὺ
1286 2457 1389 2516 εἷς.
1452 2453 1550 2510 Καὶ
1609 2454 1943 2527 ὓστερούμε-

292 2570 403 2611 νος.
438 2546 576 2603 Ἰδου
610 2548 724 2603 δύο.
769 2549 870 2604 Καὶ
899 2547 1083 2608 αὐτοῖς
1122 2546 1434 2620 κηρύσσων.
1478 2541 1617 2599 Ἰδοὺ
1646 2548 1811 2618 τρεῖς.
1850 2543 1944 2598 Καὶ

295 2635 360 2691 οὺ
395 2636 555 2707 μόνον
590 2635 651 2689 ου
678 2630 969 2706 λαμϐάνει,
1027 2632 1172 2688 ἀλλά
1210 2632 1298 2687 καὶ
1350 2634 1449 2701 τὴν
1502 2633 1671 2703 σάρκα
1704 2630 1749 2684 εἰ
1808 2626 1943 2701 δέοι,

300 2721 651 2795 προσδίδωσι.
685 2727 972 2796 Τέσσαρες.
1029 2723 1157 2778 Εἶτα
1217 2721 1309 2775 σὺν
1364 2724 1431 2793 τῇ
1467 2720 1644 2794 σαρκὶ,
1700 2719 1788 2772 καὶ
1846 2718 1945 2785 τὴν

310 2815 491 2887 ψυχήν
554 2814 742 2882 αὐτήν.
804 2814 1081 2884 Πέμπτον.
1134 2812 1231 2867 Καὶ
1295 2810 1427 2884 ὑπὲρ
1457 2814 1564 2864 τῶν
1631 2804 1945 2887 μὴσφόδρα

298 2901 599 2980 φιλοᾶντων
637 2903 819 2959 αὐτόν.
850 2905 1072 2958 Ἐκτον.
1110 2901 1205 2955 Καὶ
1230 2897 1358 2955 οὐδὲ
1386 2902 1448 2954 τὸ
1509 2899 1806 2971 ἀγαπῶντα
1865 2898 1940 2969 μὴ

293 2992 623 3065 ἀγαπᾶσθαι,
668 2992 900 3065 ἐγκοπήν
959 3010 1081 3044 τινα
1133 2994 1299 3044 ποιεῖ.
1342 2982 1642 3058 ’Έϐδομον.
1688 2984 1827 3060 Ἐγὼ
1886 2983 1944 3040 δὲ

285 3082 492 3153 πατρὸς
522 3081 735 3156 ἐπέχων
765 3080 839 3143 εἷς
871 3081 1009 3152 υμᾶς
1035 3079 1200 3150 τάξιν,
1233 3078 1294 3133 οὐ
1349 3078 1511 3149 μόνον
1543 3077 1603 3130 οὐ
1664 3074 1940 3149 λήψομαι,

296 3170 310 3187 ς
408 3172 420 3190 ς
564 3171 575 3185 ς
787 3172 830 3195 ρι-
1036 3170 1049 3189 κ
1178 3168 1191 3189 θ

285 3169 434 3226 αλλα
492 3194 580 3226 και
669 3190 902 3245 παρεςω,
963 3191 1050 3223 και
1137 3190 1198 3224 ου

284 3261 377 3316 τὸν
430 3262 527 3334 ἐμέ
585 3263 672 3315 καὶ
740 3264 838 3329 τὴν
892 3260 1128 3332 ἐμαυτοῦ
1215 3259 1405 3332 σάρκα.
1465 3260 1642 3313 Τοῦτο
1691 3256 1794 3331 γὰρ
1852 3254 1936 3323 τὸ,

287 3348 867 3419 Ἐκόαπανηθήσοςλαα
952 3350 1221 3415 τουτέστι,
1281 3346 1376 3401 κᾶν
1446 3348 1542 3413 τήν
1604 3345 1773 3420 σάρκα
1826 3342 1936 3399 δέοι

286 3436 620 3503 δαπανᾶσθαι
651 3440 781 3512 ὺπέρ
816 3440 993 3511 ὑμῶν,
1028 3438 1093 3493 οὐ
1126 3436 1401 3513 φείσομαι,
1435 3461 1462 3486 (ι
1507 3434 1570 3490 Εἰ
1629 3436 1719 3488 καὶ
1748 3453 1934 3506 περισ-

280 3532 518 3602 σοτέρως
578 3530 714 3598 ὑμᾶς
775 3529 988 3601 ἀγαπῶ.
1053 3551 1080 3577 ››
1131 3527 1232 3583 Καὶ
1288 3529 1453 3579 ταῦτα
1522 3527 1689 3588 ποιῶ,
1748 3522 1933 3597 φησέν⁹

281 3617 415 3691 ὑπὲρ
446 3622 554 3672 τῶν
596 3618 715 3672 λίαν
777 3617 870 3689 μέν
928 3613 1298 3692 φιλουμένων,
1348 3615 1510 3682 ἧττον
1568 3609 1626 3668 δὲ
1680 3612 1935 3688 ἀγαπών-

277 3727 409 3761 των.
446 3732 472 3757 ‹‹
508 3708 688 3763 Ἔστω
721 3704 777 3761 δέ
835 3705 945 3779 ἐγὼ
1008 3706 1072 3760 οὐ
1120 3699 1463 3775 κατεϐάρησα
1528 3703 1684 3775 ὑμᾶς.
1722 3725 1749 3751 υ
1814 3704 1934 3758 Κατ’

279 3794 553 3869 ἰρώτησιν
577 3796 805 3871 προάγει
837 3796 928 3849 τὸν
965 3792 1155 3866 λόγον,
1191 3794 1279 3847 καί
1340 3812 1494 3864 φησι,
1556 3795 1716 3846 τοῦτο
1775 3791 1933 3862 ὡμοο

289 3882 545 3960 λόγηται,
580 3886 660 3939 ὅτι
695 3883 800 3959 ἐγὼ
824 3885 888 3938 οὐ
919 3878 1261 3957 κατεϐάρησα
1321 3883 1458 3952 ὑμᾶς
1518 3879 1568 3934 ἐν
1604 3884 1684 3951 τῷ
1744 3874 1930 3933 λαϐεῖν

286 3993 360 4027 τι.
396 3972 552 4029 Ἀλλ’
599 3974 863 4050 ὓπάρχων
921 3976 1244 4047 πανοῦργος,
1307 3966 1455 4041 δόλῳ
1512 3970 1653 4041 υμᾶς
1715 3962 1931 4035 ἔλαϐον,

283 4065 549 4131 τουτέστι,
612 4061 761 4134 δόλῳ
818 4064 960 4134 ὑμᾶς
1021 4059 1483 4134 μετεχειρισάμην
1536 4058 1623 4111 καὶ
1654 4057 1928 4126 ἠκόντισα.

288 4153 391 4209 Καὶ
424 4152 530 4225 ἐγὼ
566 4153 657 4225 μὲν
698 4149 1139 4223 αὑτοπροσώπως
1190 4144 1341 4203 οὐδὲν
1397 4146 1616 4225 ε’ἷληφα.
1678 4148 1819 4221 ’Λρα
1852 4149 1928 4219 μὴ

289 4242 381 4300 διὰ
440 4242 616 4315 μέσων
672 4247 833 4296 τινῶν
888 4245 1049 4295 τοῦτο
1105 4238 1323 4313 ἔπραξα,
1372 4238 1589 4310 πέμψας
1642 4237 1788 4299 τινας
1841 4237 1930 4292 καὶ

286 4331 359 4391 δι’
389 4334 562 4388 αὐτῶν
600 4328 826 4400 λαϐώνς
869 4331 1168 4403 Οὐμενοῦν.
1229 4329 1289 4383 Οἱ
1344 4328 1444 4402 γάρ
1491 4326 1737 4390 ἐλθόντες
1795 4329 1929 4403 πρὸς

284 4426 448 4495 ὒμᾶς,
483 4428 599 4486 τοῖς
629 4421 783 4494 ἐμοῖς
846 4421 1050 4496 ζ’χνεσιν
1107 4417 1513 4489 ἠκολούθησαν.
1552 4441 1578 4470 ι(
1603 4420 1681 4472 Δι’
1737 4420 1927 4475 ἑαυτοῦ

279 4514 681 4584 ἆπλεονέκτησα
710 4516 850 4584 ὑμᾶς
889 4531 958 4580 ;››
1000 4513 1131 4568 Οἴον
1188 4508 1276 4563 διὰ
1337 4510 1499 4582 μέσου
1559 4509 1756 4567 αὐτῶν.
1787 4512 1927 4585 ’Όρα
1963 4540 2007 4603 D

283 4602 363 4671 δί,
395 4602 708 4671 πλεονεξίαν
735 4604 912 4669 καλεῖ,
934 4603 996 4655 τὸ
1026 4602 1171 4672 παρὰ
1202 4599 1439 4653 ἀκόντων
1475 4593 1682 4653 λαϐεῖν.
1708 4599 1800 4654 Καὶ
1833 4600 1930 4653 αό-

279 4698 399 4755 τοῖς
435 4691 491 4748 δὲ
520 4693 701 4767 ἠρέμα
761 4688 1033 4760 ὀνειδίζει,
1086 4690 1159 4749 ὡς
1215 4690 1301 4743 καὶ
1358 4688 1533 4743 αὐτῶν
1588 4686 1929 4743 πλεονεκτεῖ-

280 4784 403 4838 σθαι
434 4783 781 4855 ἡγουμένων,
841 4780 885 4835 εἰ
944 4780 1203 4854 θρέψουσι
1256 4776 1487 4835 Παῦλον.
1522 4802 1548 4829 ‹‹
1585 4776 1931 4851 Παρεκάλεσα

282 4870 465 4930 Τίτον,
529 4895 556 4921 ››
610 4871 711 4927 Καὶ
765 4872 923 4924 τοῦτο
955 4866 1345 4928 ὀνειδιστικῶς.
1400 4866 1471 4920 Οὔ
1532 4867 1634 4943 γὰρ
1691 4861 1931 4941 ἔπεμψα,

282 4958 433 5017 ἆλλά
480 4958 842 5035 παρεκάλεσα,
894 4955 1102 5019 δεικνὺς
1135 4956 1217 5010 ὅτι
1276 4955 1321 5010 εἷ
1380 4956 1468 5010 καὶ
1526 4953 1771 5033 εἷ’ληφεν,
1830 4957 1931 5010 οὐκ

282 5047 623 5126 ἰσφάλη.υὺ
682 5048 784 5124 γὰρ
850 5042 1369 5119 αὒτομάτως,ἀλλά
1452 5046 1587 5099 κατά
1643 5043 1927 5119 παράκλη-

282 5159 366 5194 σιν
400 5137 588 5207 ἦλθεν.
622 5134 777 5193 Ἀλλ’
808 5136 983 5209 ὅμως,
1006 5132 1132 5190 οὒδέ
1163 5133 1335 5195 οὕτως
1357 5132 1599 5211 εἴληφεν.
1630 5134 1727 5189 Ἠν
1762 5129 1819 5187 δέ
1838 5133 1927 5187 καί

280 5248 402 5286 τινα
429 5224 600 5281 ἄλλον
631 5230 709 5297 τῷ
758 5225 909 5297 Τίτῳ
965 5221 1408 5283 συναποστείλας.
1442 5246 1469 5273 ‹‹
1502 5220 1578 5279 Οὔ
1637 5226 1715 5293 τῷ
1782 5219 1929 5293 αὒτῷ

280 5317 551 5391 πνεύματι
579 5318 1051 5390 περιεπατήσαμεν
1089 5333 1102 5383 ;
1139 5337 1165 5364 »
1212 5314 1520 5380 Τουτὲστιν,
1570 5310 1631 5367 οἷ)
1662 5312 1731 5386 τῇ
1792 5312 1925 5387 αὐτῇ

284 5406 471 5482 χάριτι
566 5406 652 5459 καὶ
688 5404 792 5479 ἐγώ
829 5422 841 5472 ;
874 5406 1046 5461 Τοῦτο
1097 5402 1247 5478 λέγει
1305 5405 1539 5473 πνεῦμα,
1594 5399 1763 5475 ἤγουν
1818 5401 1927 5477 χά-

281 5514 453 5571 ρισμα
485 5493 866 5565 πνευματικόν.
902 5492 1159 5565 Χάρισμα
1191 5488 1247 5544 δὲ
1288 5488 1448 5544 καλεῖ
1500 5491 1561 5543 τὸ
1591 5496 1815 5564 πρᾶγμα
1870 5490 1929 5543 τὸ

285 5580 635 5655 στησόμενον
665 5582 740 5653 μή
774 5574 981 5636 λαϐεῖν.
1012 5580 1151 5654 Ὅρα
1183 5575 1239 5633 δὲ
1267 5581 1385 5640 πῶς
1415 5578 1479 5632 τὰ
1510 5578 1683 5634 οἰκεῖα
1736 5598 1929 5652 κατορ-

284 5670 514 5745 θώματα
542 5674 621 5741 τῷ
652 5673 766 5741 θεῷ
793 5669 1097 5739 ἀνατίθησι.
1137 5692 1164 5720 ‹‹
1195 5665 1272 5725 Ob
1302 5671 1417 5727 τοῖς
1450 5666 1631 5727 αὐτοῖς
1665 5664 1838 5744 ἴχνεσι
1863 5689 1879 5741 ς
1904 5693 1932 5722 ››

2054 2454 2282 2524 accepit
2323 2471 2334 2509 :
2388 2472 2523 2510 ecce
2573 2472 2747 2511 unus.
2800 2458 2869 2509 Et
2906 2471 3083 2527 egens
3136 2461 3310 2510 erat:
3358 2472 3493 2510 ecce
3540 2456 3711 2511 alter.

2055 2549 2124 2602 Et
2157 2549 2305 2604 702
2337 2550 2481 2620 ipsis
2537 2549 2899 2621 praedicabat
2932 2566 2942 2601 :
3004 2550 3151 2604 Ecce
3208 2550 3440 2604 tertius.
3469 2551 3583 2604 Nec
3618 2567 3709 2605 so-

2056 2638 2181 2692 lum
2213 2654 2333 2693 non
2366 2639 2598 2709 accipit,
2634 2656 2835 2695 verum
2869 2639 3047 2693 etiam
3081 2639 3126 2692 si
3159 2656 3308 2710 opus
3340 2640 3437 2703 sit,
3470 2655 3710 2694 carnem

2055 2727 2472 2797 impenderet:
2510 2744 2644 2782 ecce
2677 2734 2941 2799 quartus.
3000 2727 3222 2782 Deinde
3275 2744 3411 2783 cum
3464 2744 3707 2799 corpore

2053 2815 2232 2870 etiam
2266 2816 2525 2871 animam
2558 2816 2746 2887 ipsam
2773 2833 2786 2881 ;
2821 2833 2957 2871 ecce
2989 2818 3255 2887 quintus.
3282 2816 3465 2887 quue
3497 2833 3602 2888 pro
3635 2817 3707 2872 iis

2054 2904 2154 2973 qui
2188 2920 2307 2959 non
2375 2905 2693 2959 admodum
2733 2907 2928 2976 ipsum
2958 2911 3263 2960 amarent:
3297 2922 3430 2960 ecce
3490 2912 3709 2962 sextus.

2051 2995 2175 3047 Imo
2208 3010 2342 3048 cum
2402 3011 2594 3064 neque
2655 3000 2951 3049 amantem
3010 2994 3409 3061 reclamarent,
3453 2995 3605 3051 nihil
3636 2995 3708 3050 de

2053 3097 2253 3137 amore
2289 3082 2606 3137 diminuit:
2640 3100 2775 3138 ecce
2816 3084 3123 3155 septimus.
3159 3086 3273 3155 Ego
3332 3089 3552 3150 tamen,
3614 3084 3705 3139 in-

1287 3171 1397 3243 χρή
1410 3188 1569 3240 ματα,
1650 3167 1775 3221 ἀλλ’
1850 3165 1940 3220 αὐ-

2054 3170 2201 3240 quit,
2236 3188 2370 3226 cum
2403 3172 2585 3242 patris
2605 3172 2789 3227 vicem
2837 3188 3037 3243 geram
3070 3189 3206 3243 erga
3236 3189 3355 3239 vos,
3382 3189 3501 3228 non
3532 3172 3705 3228 modo

2052 3280 2171 3318 non
2200 3264 2718 3334 accipiam,verum
2744 3266 2921 3321 etiam
2948 3266 3224 3337 praebebo
3250 3283 3262 3320 :
3286 3282 3394 3322 nec
3425 3267 3707 3338 pecunias

2044 3358 2146 3407 aut
2193 3354 2623 3422 possessiones,
2685 3354 2787 3407 sed
2842 3356 3135 3425 meipsum
3170 3360 3228 3409 et
3274 3371 3468 3410 meam
3516 3355 3700 3427 ipsius

2044 3457 2301 3496 carnem.
2328 3442 2474 3496 Nam
2507 3443 2616 3497 hoc
2662 3442 2935 3512 designat
2962 3465 2989 3492 «
3024 3443 3367 3516 Expendar:
3394 3467 3421 3494 »
3446 3445 3558 3499 hoc
3588 3449 3697 3513 est,

2043 3530 2220 3584 etiam
2254 3531 2301 3585 si
2333 3547 2576 3587 carnem
2607 3538 2998 3604 oporteatpro
3016 3533 3182 3588 vobis
3206 3532 3698 3605 impendere,non

2042 3635 2299 3689 parcam.
2335 3642 2361 3668 α
2398 3621 2557 3676 Licet
2585 3622 2828 3678 uberius
2858 3639 2959 3677 vos
2992 3622 3193 3696 diligo.
3230 3645 3258 3672 »
3310 3624 3379 3677 Et
3426 3624 3571 3689 hac,
3604 3624 3692 3678 in-

2042 3709 2190 3778 quit,
2222 3709 2371 3764 facio
2404 3727 2509 3780 pro
2558 3711 2649 3765 his
2672 3713 2771 3781 qui
2798 3712 3183 3766 vehementer
3212 3713 3453 3783 quidem
3485 3728 3690 3767 aman-

2041 3804 2157 3862 tur,
2194 3799 2298 3852 sed
2360 3800 2557 3854 minus
2607 3806 2828 3855 amant.
2886 3823 2915 3849 «
2948 3802 3061 3856 Sed
3094 3808 3237 3864 esto,
3266 3817 3369 3872 ego
3414 3802 3540 3870 ipse
3574 3816 3694 3858 non

2038 3887 2265 3953 gravavi
2297 3903 2416 3940 vos.
2471 3909 2497 3936 ››
2550 3890 2659 3941 Per
2691 3889 3214 3960 interrogationem
3256 3888 3529 3959 producit
3576 3904 3697 3945 ser-

2038 3991 2299 4040 monem,
2335 3981 2392 4030 et
2421 3977 2504 4031 ait
2533 3994 2545 4029 :
2581 3978 2697 4031 Hoc
2731 3978 2789 4032 in
2823 3978 3091 4033 confesso
3123 3984 3213 4033 est
3237 3978 3395 4049 quod
3435 3994 3539 4049 ego
3568 3978 3694 4049 ipse

2039 4080 2160 4119 non
2189 4065 2549 4136 gravaverim
2581 4082 2683 4120 vos
2716 4066 3059 4138 accipiendo
3090 4068 3413 4138 quidquam
3451 4084 3462 4121 :
3490 4083 3692 4124 verum

2038 4169 2173 4207 cum
2205 4157 2436 4207 astutus
2473 4170 2687 4221 essem,
2722 4154 2856 4209 dolo
2889 4172 2987 4209 vos
3020 4157 3148 4227 cepi
3183 4172 3196 4211 :
3240 4157 3353 4212 hoc
3412 4164 3520 4222 est,
3555 4155 3690 4212 dolo

2039 4259 2137 4296 vos
2171 4243 2410 4297 tractavi
2442 4248 2500 4297 et
2530 4258 2840 4316 aggressus
2865 4262 2993 4300 sum
3022 4264 3032 4301 :
3069 4252 3127 4301 et
3158 4262 3260 4317 ego
3284 4246 3528 4317 quidem
3559 4263 3691 4318 pro-

2037 4332 2166 4403 pria
2190 4346 2444 4403 persona
2476 4332 2624 4387 nihil
2657 4335 2857 4405 accepi
2897 4351 2908 4387 :
2943 4351 3084 4390 num
3120 4335 3296 4408 igitur
3326 4352 3430 4406 per
3459 4335 3687 4390 medios

2039 4421 2325 4490 quosdam
2357 4422 2468 4477 hoc
2498 4422 2630 4489 feci,
2665 4424 2906 4479 mittens
2934 4424 3166 4496 aliquos
3198 4431 3257 4479 et
3286 4442 3392 4495 per
3430 4424 3561 4479 illos
3592 4440 3686 4480 ac-

2039 4512 2265 4582 cipiens
2286 4513 2314 4568 ?
2344 4515 2747 4585 Nequaquam.
2780 4517 2926 4571 Nam
2959 4517 3059 4587 qui
3109 4517 3181 4572 ad
3238 4533 3341 4571 vos
3378 4522 3689 4582 venerunt,

2045 4618 2176 4657 mea
2199 4603 2441 4675 vestigia
2483 4606 2667 4659 secuti
2702 4612 2856 4660 sunt.
2898 4630 2917 4653 -
2970 4608 3118 4662 Num
3169 4624 3273 4678 per
3329 4624 3691 4681 quemquam

2043 4691 2513 4747 circumvenivos
2544 4693 2570 4747 ?
2596 4716 2621 4741 ››
2656 4695 2772 4750 Hoc
2803 4701 2911 4759 est,
2946 4713 3051 4767 per
3080 4696 3341 4752 medium
3375 4698 3639 4768 ipsorum
3665 4700 3694 4755 ?

2044 4780 2185 4835 Vide
2224 4788 2419 4836 autem
2454 4783 2613 4853 quod
2644 4783 2911 4839 fraudem
2969 4801 3036 4839 ac
3089 4788 3490 4843 extorsionem
3536 4788 3693 4845 dicat

2041 4869 2113 4925 ab
2145 4870 2343 4925 invitis
2383 4872 2650 4942 accipere
2677 4878 2700 4925 ':
2753 4873 3015 4943 ipsisque
3071 4875 3245 4930 tacite
3303 4878 3687 4950 improperat,

2040 4959 2197 5029 quod
2230 4976 2291 5013 se
2326 4959 2752 5016 circumvenire
2784 4962 3069 5018 ducerent
3085 4965 3132 5018 si
3156 4966 3404 5020 Paulum
3436 4968 3687 5025 alerent.

2042 5070 2069 5097 «
2102 5049 2314 5120 Rogavi
2363 5050 2572 5105 Titum.
2613 5073 2640 5098 »
2698 5052 2767 5105 Et
2797 5050 2907 5106 hoc
2938 5067 3044 5121 per
3072 5052 3497 5124 improperium
3537 5054 3686 5110 dici-

2040 5141 2135 5192 tur
2167 5153 2180 5191 :
2214 5154 2334 5192 non
2362 5138 2519 5193 enim
2550 5139 2706 5207 misi,
2743 5140 2843 5196 sed
2885 5142 3080 5214 rogavi
3116 5159 3129 5196 :
3181 5144 3502 5199 ostendens
3532 5143 3688 5213 quod

2038 5226 2085 5280 si
2114 5224 2289 5281 etiam
2319 5228 2646 5298 accepisset
2664 5244 2782 5284 non
2805 5236 3133 5300 peccasset:
3166 5246 3360 5301 neque
3384 5232 3541 5287 enim
3557 5249 3691 5304 pro-

2036 5315 2167 5386 pria
2199 5321 2408 5385 sponte
2440 5316 2737 5388 profectus
2778 5325 2885 5384 est,
2921 5320 3023 5374 sed
3072 5327 3346 5393 rogatus:
3378 5326 3437 5376 et
3492 5327 3690 5377 tamen

2039 5419 2111 5458 ne
2131 5403 2212 5458 ita
2242 5404 2484 5473 quidem
2516 5408 2763 5477 accepit.
2798 5406 3033 5461 Miserat
3054 5413 3251 5463 autem
3282 5409 3467 5465 alium
3488 5426 3688 5481 quem.

2040 5491 2175 5548 dam
2206 5509 2326 5548 una
2354 5509 2489 5548 cum
2528 5494 2671 5551 Tito.
2708 5518 2734 5544 ‹‹
2770 5498 2976 5551 Annon
3034 5496 3244 5551 eodem
3294 5498 3506 5570 spiritu
3562 5516 3687 5555 am-

2038 5581 2419 5639 bulavimus?
2453 5604 2476 5637 ι)
2508 5584 2570 5641 Id
2607 5590 2714 5651 est,
2748 5601 2946 5641 nonne
3008 5586 3212 5643 eadem
3271 5594 3457 5662 gratia
3487 5605 3604 5661 qua
3635 5594 3694 5647 et

2043 5673 2195 5745 ego?
2225 5674 2344 5730 Hoc
2366 5674 2639 5746 spiritum
2680 5674 2822 5731 dicit
2852 5676 2972 5733 sive
3002 5676 3228 5734 donum
3259 5679 3543 5750 spiritale.
3577 5680 3689 5737 Fa-
