4048 6250
355 387 514 450 1077

1329 391 1729 452 ΕΟΜΜΕΝΤ.
1784 389 1855 449 ΙΝ
1907 390 2150 451 EI’IST.
2199 391 2244 452 Il
2293 393 2395 452 AD
2440 397 2807 458 CORINTH.

3615 395 3770 455 1078

355 519 494 576 ι’ίσὶν
530 524 582 577 οἱ
617 523 977 592 Ναυατιανοίς
1040 548 1066 574 ‹‹
1101 524 1222 579 Ἐπὶ
1405 521 1724 598 ἀκαθαρσίᾳ.
1786 545 1815 574 ‹‹
1856 521 2007 577 Ἀκα-

2127 525 2308 581 tiores
2339 527 2690 584 efficiantur.
2736 548 2758 576 ι
2791 532 2905 585 Nec
2947 531 3342 602 resipu'erunt.
3380 551 3406 577 n
3442 528 3547 585 Ubi
3580 529 3771 584 sunt?

360 612 579 686 θαρσία,
615 611 832 666 δίναται
865 612 949 666 ἐπῗ
1011 612 1241 682 ἑκάστης
1289 614 1557 688 ἁμαρτίας
1605 611 1874 686 λέγεσθαι.
1918 610 2021 667 Οὐ·

361 699 450 755 ὃὲν
481 702 585 774 γὰρ
621 703 887 776 ἁμαρτίας
919 700 1340 780 εἷδεχθέστερον.

1425 795 1585 866 ὑμᾶς,
1647 791 1734 846 ἐπὶ
1821 791 2020 863 στόμα-

1501 880 1822 951 σταθήσεταί
1914 884 2017 935 πᾶν

433 792 622 864 Τρίτον
685 797 846 848 τοῦτο
904 790 1142 872 ἔρχομαι
1201 795 1335 867 πρὸς

357 902 450 942 τος
517 880 613 937 δύο
702 882 987 956 μαρτ·3ρων
1072 882 1162 936 καὶ
1245 887 1411 956 τριῶν

358 971 533 1046 ῥῆμα.
577 973 892 1045 ῙΙροείρτ,κα
951 974 1038 1026 καὶ
1101 971 1355 1047 προλέγω
1407 973 1481 1035 ὡς
1538 972 1725 1044 παρὼν
1779 971 1841 1025 τὸ
1897 968 2018 1025 δεῦ-

353 1083 535 1134 τερον,
601 1062 693 1116 καὶ
756 1063 904 1116 εἰπὼν
956 1067 1047 1117 νῦν
1109 1063 1301 1139 γραρω
1355 1069 1470 1125 τοῖς
1552 1060 2016 1136 προημαρτηκόσι

655 1149 885 1212 λοιποῖς
941 1156 1118 1218 πᾶσιν,
1177 1153 1258 1206 ὅτι
1317 1150 1404 1206 ἐὰν
1469 1146 1613 1214 ἔλθω
1671 1149 1745 1211 εἶς
1801 1151 1863 1205 τὸ
1919 1149 2017 1204 πά-

1533 1243 1743 1310 ζητεῖτε
1807 1241 1903 1293 τοῦ
1961 1236 2011 1290 ἐν

355 1152 449 1205 καὶ
482 1155 596 1211 τοῖς

359 1251 471 1307 Aw,
532 1240 595 1294 οὗ
657 1239 936 1316 φείσομαι.
995 1241 1146 1296 Ἐπεὶ
1211 1238 1446 1314 δοκιμὴν

357 1326 482 1401 ἐμοὶ
517 1327 821 1390 λαλοῦντος
854 1333 1113 1398 Χριστοῦ,
1165 1328 1223 1390 ὃς
1291 1329 1366 1391 εἰς
1429 1330 1567 1401 ὑμᾶς
1623 1328 1724 1383 οὐκ
1785 1327 2010 1396 ἀσθενεῖ,

355 1417 503 1472 ἀλλὰ
534 1415 749 1472 δυνατεῖ
780 1418 830 1472 ἐν
867 1419 1018 1490 ὑμῖν.

431 1530 528 1586 Ἦν
564 1525 809 1601 ὃεὲτερον
842 1527 1108 1596 ἐπελθὼν,
1155 1527 1200 1582 εἶ
1256 1527 1348 1581 οὖν
1398 1528 1484 1582 καὶ
1531 1532 1621 1581 νῦν
1667 1521 1834 1590 ἔλθω,
1889 1526 2010 1600 τρί-

357 1639 450 1673 τον
484 1611 742 1692 ἔρχομαι.
780 1617 882 1673 Καὶ
914 1618 964 1671 τί
992 1621 1198 1683 τοῦτο;
1242 1623 1469 1690 ”Ωσπερ,
1521 1616 1701 1692 (ρησὶν,
1751 1615 1838 1670 ἐπὶ
1888 1615 2008 1670 στό-

365 1728 537 1780 ματος
571 1706 663 1760 δύο
695 1706 971 1781 καὶτριῶν
1033 1707 1343 1781 μαρτύρων,
1394 1705 1534 1760 ἃπαν
1587 1706 1738 1780 ῥῆμα
1780 1701 2013 1778 ἀμφίϐο-

355 1796 456 1852 λον
485 1793 728 1861 ἵσταται,
760 1795 845 1848 καὶ
881 1795 1047 1868 πέρας
1088 1790 1376 1867 λαμϐάνει,
1423 1791 1595 1855 οὕτως
1641 1793 1726 1848 ἐπὶ
1777 1791 1872 1848 δύο
1920 1795 2008 1848 καὶ

2128 617 2426 673 Novatiani
2453 617 2481 672 ?
2509 642 2536 668 ‹‹
2571 619 2656 674 Ab
2688 619 3084 675 immunditia.
3113 641 3139 667 ››
3167 618 3550 674 Immunditia
3580 625 3774 690 potest

2125 705 2196 759 de
2229 707 2477 778 singulis
2505 708 2616 763 dici
2637 708 3251 779 peccatis.l\'ihilenim
3277 714 3516 778 peccato
3537 708 3767 764 tardius.

2195 795 2340 856 XIII,
2379 799 2540 852 1-4.‹‹
2577 798 2679 852 Hic
2712 797 3348 852 tertiuseritadventus
3380 797 3633 852 meusad
3649 815 3765 853 vos.

2127 906 2153 933 «
2179 887 2240 938 ln
2260 885 2626 941 oreduorum
2657 887 2895 942 testium
2912 888 3159 941 ettrium
3187 887 3768 943 constitueturomne

2124 994 2152 1021 «
2188 973 2451 1028 verbum.
2473 974 2719 1030 Prmdixi
2753 983 2811 1029 et
2840 977 3117 1046 praedico.
3151 982 3641 1045 utprmsenscum
3673 993 3760 1030 es-

2127 1083 2152 1108 ‹‹
2188 1079 2310 1116 sem
2345 1063 2649 1128 iterum,et
2677 1065 2892 1120 absens
2923 1081 3080 1119 nunc
3114 1065 3305 1119 scribo
3357 1065 3448 1118 his
3497 1065 3596 1133 qui
3629 1070 3764 1119 ante

2123 1173 2150 1201 «
2177 1161 2571 1224 peccaverunt
2600 1171 2667 1209 ac
2700 1155 2930 1210 cmteris
2961 1155 3256 1213 omnibus.
3287 1155 3443 1225 quod
3466 1154 3512 1208 si
3549 1171 3764 1210 venero

2124 1262 2152 1290 «
2185 1242 2400 1303 denuo.
2425 1260 2543 1298 non
2577 1261 2834 1315 parcam.
2871 1244 3358 1314 Quandoquidem
3392 1243 3766 1313 experimen-

2122 1354 2148 1380 «
2186 1337 2307 1386 tum
2332 1333 2564 1402 quaariti
2587 1334 2964 1404 loquentisin
2995 1349 3090 1388 me
3121 1333 3356 1388 Christi.
3385 1332 3484 1404 qui
3517 1348 3765 1403 ergavos

2126 1443 2146 1468 α
2179 1437 2296 1476 non
2329 1427 2419 1476 est
2447 1422 2782 1488 imbecillis,
2819 1423 2921 1478 sed
2953 1430 3164 1495 potens
3198 1428 3287 1477 est
3318 1423 3376 1476 in
3409 1421 3593 1478 vobis.
3632 1443 3659 1470 ι)

2189 1527 2314 1582 Jam
2349 1530 2610 1584 secundo
2634 1531 2784 1590 veni.
2822 1531 2867 1583 si
2899 1531 3077 1600 igitur
3107 1529 3281 1584 etiam
3338 1545 3495 1584 nunc
3530 1545 3767 1599 venero,

2121 1619 2292 1672 tertio
2317 1621 2636 1680 veniam.et
2667 1636 2848 1692 quare
2874 1620 3770 1689 hoc.Quemadmodum,inquit,

2118 1707 2178 1761 in
2213 1724 2311 1762 ore
2332 1709 2581 1763 duorum
2601 1716 2659 1763 et
2681 1709 2863 1763 trium
2879 1710 3120 1764 testium
3144 1715 3367 1763 certum
3385 1709 3766 1764 constituitur

2120 1805 2178 1853 ct
2208 1799 2386 1854 finem
2420 1800 2635 1870 accipit
2661 1817 2840 1854 omne
2873 1800 3227 1865 verbum,ita
3258 1800 3319 1853 in
3351 1798 3770 1854 duobusactri-

363 1890 529 1959 τριῶν
571 1905 673 1955 μου
723 1888 1058 1958 παρουσιῶν,
1113 1884 1248 1938 ἅπαν
1301 1884 1452 1957 ῥῆμα
1495 1881 1849 1952 ἀπειλητικὸν
1900 1903 2007 1937 στα-

2124 1888 2231 1942 bus
2250 1889 2397 1942 meis
2420 1889 2766 1943 adventibus
2781 1905 2950 1944 omne
2979 1889 3217 1944 verbum
3247 1889 3768 1944 comminatorium

355 1975 583 2043 θήσεται
643 1973 761 2036 καθ’
822 1972 995 2043 ὑμῶν,
1054 1972 1142 2026 καὶ
1201 1972 1366 2046 πέρας
1428 1971 1682 2047 λήψεται.
1747 1975 1882 2047 Ὅρα
1936 1968 2010 2042 δὲ,

353 2062 433 2117 ὅτι
465 2067 585 2122 ταῖς
617 2061 968 2135 παρουσίαις,
1004 2061 1119 2116 ἀντὶ
1157 2062 1440 2136 μαρτύρων
1474 2060 1770 2140 ἐχρήσατο.
1807 2086 1833 2113 ‹‹
1873 2065 2010 2136 ΙΙρο-

358 2153 552 2226 εἴρηκα
583 2156 707 2230 γάρ.
743 2178 769 2204 ››
806 2155 908 2208 Καὶ
969 2152 1076 2223 ἤδη
1128 2160 1391 2227 προεῖπον
1444 2155 1531 2208 καὶ
1592 2157 1681 2208 νῦν
1730 2152 2010 2228 προλέγω.

358 2244 560 2314 Ὥσπερ
606 2243 786 2317 πσρὼν
849 2243 983 2317 πρὸς
1041 2243 1180 2316 ὑμᾶς
1236 2244 1298 2297 τὸ
1357 2240 1601 2317 δεύτερον
1657 2244 1832 2312 εἷπον,
1893 2239 2010 2296 ἰδοὺ

359 2333 447 2387 καὶ
482 2333 632 2386 ἀπὼν
675 2333 736 2386 τὸ
764 2331 940 2405 τρίτον
975 2332 1253 2406 προλέγω.
1286 2329 1427 2388 ’ἰδοῦ
1458 2337 1603 2406 τρεῖς
1657 2330 1820 2386 ἄλλοι
1873 2331 2009 2404 μάρ-

567 2421 590 2441 ν
816 2421 832 2439 κ
999 2418 1054 2441 "I
1363 2421 1374 2442 1
1578 2421 1590 2436 ι
1781 2421 1789 2438 Ι

359 2443 532 2495 τυρες.
597 2427 736 2476 Ησαν
776 2441 870 2492 μεν
908 2421 961 2474 αἱ
995 2429 1090 2475 ὸυο
1141 2442 1453 2493 παρουσιαι,
1504 2441 1592 2474 καί
1644 2423 1678 2490 ἡ
1732 2419 2012 2492 μέλλουσα

350 2505 582 2576 ἔσεσθαι,
620 2509 712 2563 δίο
756 2509 845 2563 καὶ
901 2515 1044 2584 τρεῖς
1104 2511 1392 2584 μάρτυρες.
1445 2507 1585 2566 Ἰδοὺ
1634 2508 1798 2565 πάλιν
1847 2507 2010 2565 ἄλλοι

352 2606 500 2674 τρεῖς
555 2599 842 2672 μαρτυρες.
906 2599 978 2655 Τὸ
1033 2596 1111 2659 δές
1172 2599 1360 2672 παρὼν
1416 2605 1714 2675 προειπεῖν,
1774 2599 1862 2653 καὶ
1919 2602 2006 2652 νῦν

360 2690 500 2757 ’ἅπαξ
531 2686 579 2742 ἐν
637 2692 701 2761 τῇ
767 2687 1014 2758 ἀπουσίᾳ.
1076 2687 1302 2764 litiganti):
1363 2685 1418 2743 δὲ
1474 2690 1572 2758 τήν
1633 2689 1851 2762 Γραφὴν
1913 2689 2012 2757 τὴν

370 2777 623 2849 περὶτῶν
673 2777 960 2852 μαρτύρων
1009 2773 1254 2846 ἐξέλαϐεν
1307 2775 1382 2840 εἷς
1429 2799 1484 2831 τε
1530 2778 1624 2839 τὰς
1673 2783 1816 2852 τρεῖς
1873 2798 2008 2851 παρ-

365 2867 560 2932 ουσίας,
598 2870 685 2922 καῖ
729 2867 804 2927 εἷς
862 2867 956 2928 τὰς
1015 2873 1163 2940 τρεῖς
1221 2866 1614 2942 παραγγελίας,
1681 2893 1705 2917 ‹‹
1743 2867 1842 2923 Καὶ
1892 2874 2008 2930 τοῖς

353 2956 572 3017 λοιποῖς
607 2961 758 3012 πᾶσι.
797 2981 817 3008 ι
875 2958 1005 3017 Τοῖς
1055 2958 1148 3027 μὲν
1199 2958 1600 3031 ἡμαρτηκόσιν,
1644 2955 1734 3010 τίνα
1783 2954 2009 3029 διορθώ-

355 3067 580 3111 σωνται,
613 3052 729 3107 τοῖς
781 3043 839 3100 δὲ
898 3043 1116 3108 λοιποῖς
1172 3052 1351 3113 πᾶσιν,
1402 3045 1495 3100 ’ἱνα
1552 3045 1815 3120 μαρτυρες
1877 3047 2006 3115 εἶεν,

349 3134 454 3202 ὅτι,
489 3137 646 3210 φησὶ,
708 3137 836 3207 παρ’
896 3134 992 3197 ἐμὲ
1053 3132 1229 3204 οὐδέν,
1288 3134 1375 3189 ἐὰν
1435 3137 1510 3206 μή
1575 3137 2003 3208 μετανοήσαντας

2121 1976 2516 2031 constituetur
2536 1976 2848 2031 adversum
2884 1993 3004 2038 vos,
3041 1983 3098 2031 et
3142 1977 3463 2031 terminum
3495 1977 3766 2047 accipiet.

2119 2065 2442 2120 Considera
2463 2071 2659 2120 autem
2684 2066 2840 2136 quod
2863 2066 3207 2120 adventibus
3221 2082 3325 2136 pro
3358 2066 3608 2120 testibus
3624 2083 3767 2121 usus

2121 2152 2213 2208 sit.
2250 2176 2276 2203 «
2311 2154 2582 2208 Priedixi.
2621 2177 2639 2204 ››
2672 2155 2887 2225 Etjam
2922 2153 3165 2225 praedixi
3209 2161 3268 2208 et
3297 2170 3456 2208 nunc
3486 2154 3764 2225 praedico.

2118 2241 2627 2306 Quemadmodum
2660 2259 2793 2298 cum
2827 2243 3086 2297 secundo
3120 2259 3384 2314 praesens
3401 2258 3589 2297 essem
3612 2243 3765 2313 apud

2119 2347 2216 2385 vos
2249 2332 2387 2398 dixi,
2423 2349 2557 2386 ecce
2603 2331 2730 2403 jam
2786 2332 3000 2386 absens
3057 2333 3228 2387 tertio
3287 2331 3572 2404 praedico.
3621 2333 3768 2388 Ecce

2119 2426 2236 2474 tres
2264 2420 2366 2476 alii
2405 2427 2603 2475 testes.
2668 2422 2843 2476 Erant
2902 2422 3141 2492 quidem
3189 2421 3302 2475 duo
3356 2421 3646 2476 adventus
3707 2427 3767 2478 et

2116 2508 2322 2562 tertius
2354 2508 2454 2578 qui
2481 2511 2710 2563 futurus
2743 2515 2851 2567 est.
2912 2507 3026 2563 duo
3087 2525 3153 2563 ac
3205 2514 3324 2562 tres
3359 2515 3556 2563 testes.
3618 2510 3764 2564 Ecce

2116 2617 2344 2655 rursum
2360 2601 2460 2655 alii
2494 2607 2611 2655 tres
2634 2606 2813 2655 testes
2845 2601 2936 2655 bis
2966 2607 3317 2670 praesentem
3345 2600 3691 2670 prmdixisse
3708 2599 3771 2655 et

2114 2705 2271 2743 nunc
2304 2690 2487 2744 semel
2519 2689 2580 2743 in
2635 2689 2924 2744 absentia.
2976 2689 3128 2744 Scite
3170 2695 3367 2745 autem
3396 2689 3760 2760 Scripturam

2114 2795 2245 2849 quae
2280 2777 2352 2832 de
2382 2778 2571 2832 tribus
2604 2783 2691 2833 est
2725 2779 2974 2833 testibus
3004 2777 3456 2849 arcepitadtres
3475 2777 3762 2834 adventus

2119 2873 2177 2921 et
2199 2873 2316 2920 tres
2359 2867 2815 2922 admonitiones.
2869 2889 2897 2916 «
2954 2875 3034 2921 Ac
3091 2868 3338 2938 reliquis
3391 2867 3690 2923 omnibus.
3730 2889 3750 2916 ι

2116 2956 2214 3010 His
2265 2957 2503 3027 quidem
2573 2955 2669 3026 qui
2743 2956 3143 3026 deliquerunt,
3206 2963 3270 3010 ut
3343 2957 3750 3028 corrigantur:

2113 3045 2362 3115 reliquis
2391 3060 2527 3098 vero
2549 3045 2845 3104 omnibus,
2887 3052 2953 3099 ut
2990 3050 3170 3100 testes
3223 3045 3342 3099 sint
3372 3045 3527 3116 quod
3586 3045 3760 3100 nulla

2115 3134 2191 3187 sit
2220 3134 2278 3187 in
2309 3149 2403 3187 me
2437 3151 2630 3188 causa.
2651 3134 2697 3187 si
2723 3150 2820 3188 eos
2839 3133 2938 3204 qui
2957 3150 3075 3188 non
3109 3134 3757 3204 resipuerintpuniero.

351 3228 782 3298 τιμωρήσωμαι.
820 3249 846 3275 ‹‹
878 3226 999 3280 Ὅτι
1035 3223 1121 3277 ἐὰν
1153 3222 1296 3287 ἔλθω
1330 3223 1404 3285 εἷς
1433 3225 1494 3278 τὸ
1525 3222 1714 3290 πάλιν,
1772 3223 1836 3278 οὐ
1887 3223 1998 3300 φεί·

2124 3245 2141 3271 τι
2177 3222 2340 3287 Quod
2400 3223 2446 3276 si
2506 3239 2719 3276 venero
2779 3223 2994 3287 denuo,
3055 3239 3174 3276 non
3217 3240 3474 3294 parcam.
3539 3243 3562 3273 ο
3611 3224 3756 3280 705

354 3334 541 3386 σομαι.
581 3337 607 3364 ››
643 3314 709 3369 Τί
748 3313 1092 3387 προείρηκας,
1125 3313 1214 3368 καὶ
1246 3317 1338 3366 νῦν
1381 3311 1437 3367 δὲ
1480 3312 1532 3366 τί
1579 3314 1842 3389 γραφειςς
1893 3312 1997 3380 ὅτι,

349 3405 536 3481 φησὶν,
571 3403 659 3458 ἐὰν
695 3401 838 3467 ἔλθω
873 3402 947 3464 εἷς
977 3404 1038 3458 τὸ
1071 3401 1262 3469 πάλιν,
1292 3405 1561 3473 τουτέστι,
1592 3406 1654 3457 τὸ
1678 3401 1818 3458 ἄλλο
1840 3403 2000 3474 ἆπαξ,

345 3494 408 3548 οὐ
476 3492 752 3569 φείσομαι,
814 3489 1022 3553 δεικνὺς
1082 3492 1164 3546 ὅτι
1222 3487 1299 3546 ἔτι
1353 3489 1612 3565 φείδεται,
1691 3491 1781 3546 καὶ
1837 3495 2003 3546 ταῦτα

346 3582 768 3660 σφαλκομένων.
810 3607 835 3632 ‹‹
863 3579 1083 3650 Ἐπειδή
1110 3579 1345 3654 δοκιμῆν
1373 3587 1600 3650 ζητεῖτε.
1628 3606 1655 3632 ››
1692 3585 2000 3658 [ΘΕΟΔΩΡ.

349 3671 929 3746 ΦΩ]“1()Υ]Δοκιμήν.
965 3673 1180 3744 Ηεῖραν.
1236 3669 1313 3724 Οὐ
1365 3667 1451 3724 διὰ
1505 3674 1663 3724 τοῦτο
1716 3669 1772 3725 δὲ
1820 3669 2008 3726 ἐκολα-

355 3764 458 3828 ζεν,
485 3759 558 3820 ὡς
592 3757 825 3830 δοκιμήν
887 3755 1101 3827 δώσων,
1149 3755 1277 3812 ἀλλ’
1323 3759 1406 3814 ὅτι
1450 3761 1781 3833 ἡμάρτανον.
1833 3761 2006 3816 Τοῦτο

359 3846 415 3904 δὲ
446 3849 681 3921 ἔρηται,
713 3850 848 3902 κατὰ
871 3853 975 3902 τῶν
1037 3846 1304 3922 λεγόντων
1359 3847 1442 3903 ὃτι
1503 3851 1537 3916 ἠ
1597 3849 1864 3924 παρουσία
1919 3848 2008 3903 αὖ·

356 3943 452 3994 τοῦ
484 3940 728 4009 ἀσθενής,
769 3935 1019 4008 Ἐπειδὴ,
1081 3939 1233 4016 φησὶ,
1287 3937 1469 4002 θέλετε
1520 3936 1810 4010 δοκιμάσαι
1861 3938 1904 3994 εἷ
1954 3939 2004 3993 ὲν

357 4027 480 4099 ἐμοὶ
536 4028 698 4083 λαλεῖ
747 4027 774 4081 ὁ
810 4027 1070 4100 Χριστός.
1129 4029 1332 4100 Ὠσπερ
1389 4027 1492 4102 γὰρ
1525 4023 1733 4098 ἔρημόν
1797 4047 1863 4100 με
1912 4031 2008 4081 τοῦ

357 4118 586 4190 Χριστοῦ
663 4115 807 4171 οὕτω
867 4117 1158 4171 σκώπτετε.
1211 4121 1404 4190 Πεῖραν
1459 4111 1673 4180 λαϐεῖν,
1721 4117 1796 4178 ὡς
1845 4112 2007 4182 ἔοικε,

350 4207 607 4281 βούλεσθε
635 4211 732 4261 τοῦ
782 4207 832 4260 ἐν
888 4206 1010 4278 ἐμοὶ
1071 4208 1448 4284 φθεγγομένου
1517 4211 1776 4281 Χριστοῦ,
1829 4205 2006 4260 καίτοι

346 4301 528 4373 σαφῶς
562 4297 728 4351 αὐτοῦ
785 4295 1044 4368 μαθόντες
1109 4297 1208 4365 τήν
1269 4293 1523 4367 δύναμιν.
1588 4296 1685 4349 Καὶ
1745 4295 1880 4350 αὐτὸ
1939 4294 2001 4350 τὸ

345 4385 578 4460 δοκιμὴν
616 4391 818 4456 ζητεῖν.
873 4385 1180 4459 ἁμάρτημα
1225 4387 1313 4455 ἦν.
1366 4387 1442 4444 Τὸ
1492 4388 1592 4462 γὰρ
1652 4385 2008 4460 ἑκπειράζειν,

344 4477 432 4532 καὶ
471 4475 708 4548 μάλιστα
743 4477 876 4548 μετᾶ
905 4479 1165 4540 τοσαῦτα,
1205 4476 1516 4550 ἀχαρίστων
1577 4475 1643 4544 ἦν
1693 4475 1781 4529 καὶ
1836 4476 2010 4551 ἀγνω-

2117 3311 2266 3375 Quid
2299 3311 2623 3383 praedixisti
2655 3311 2682 3365 ‘?
2705 3317 2762 3366 et
2794 3328 2953 3366 nunc
3006 3329 3243 3366 rursum
3302 3311 3443 3382 quid
3503 3311 3712 3366 scribis
3737 3311 3766 3367 Ἰ

2119 3401 2274 3473 quod
2304 3401 2349 3454 si
2374 3401 2590 3466 denuo,
2622 3401 2836 3471 inquit,
2872 3401 2930 3456 id
2961 3407 3070 3465 est,
3095 3401 3287 3456 adhuc
3318 3399 3501 3455 semel
3524 3417 3761 3468 venero,

2120 3506 2239 3544 non
2273 3505 2531 3561 parcam,
2566 3489 2889 3544 ostendens
2921 3489 3075 3560 quod
3101 3489 3294 3544 adhuc
3331 3494 3551 3560 parcat,
3585 3489 3763 3560 idque

2119 3589 2263 3660 ipsis
2294 3587 2694 3658 peccantibus.
2729 3611 2755 3635 α
2786 3589 3270 3659 Quandoquidem
3296 3589 3768 3660 experimentum

2120 3674 2402 3744 quaeritis.
2428 3697 2444 3719 ι
2466 3676 2608 3728 Nam
2637 3668 2839 3743 δοκιμὴ
2874 3674 3283 3745 probationem
3315 3680 3373 3728 et
3403 3676 3777 3745 experimen-

2123 3770 2243 3817 tum
2278 3763 2590 3832 signiﬁcat.
2619 3763 2740 3815 Non
2773 3768 2971 3816 tamen
3029 3768 3342 3834 propterea
3390 3762 3676 3832 puniebat
3704 3767 3772 3817 ut

2123 3851 2592 3921 experimentum
2654 3850 2840 3918 daret,
2893 3851 2996 3904 sed
3054 3851 3193 3920 quia
3246 3849 3589 3920 peccabant.
3653 3851 3771 3906 Iloc

2121 3945 2319 3995 autem
2343 3939 2622 3992 adversus
2654 3955 2754 3992 eos
2777 3938 2998 3992 dictum
3033 3944 3123 3992 est
3153 3939 3253 4009 qui
3288 3937 3585 4005 dicebant,
3613 3938 3770 4010 quod

2121 4029 2438 4100 prmsentia
2489 4029 2619 4098 ejus
2680 4027 2997 4082 imbecillis
3056 4035 3231 4083 esset.
3279 4028 3770 4100 Quandoquidem

2121 4117 2802 4188 vultis.inquit,experiri
2828 4133 2968 4172 num
2990 4117 3050 4172 in
3075 4133 3166 4172 me
3192 4117 3771 4190 loquaturChristus.

2121 4205 2424 4277 Siquidem
2457 4206 2626 4276 quasi
2658 4205 2930 4261 desertus
2988 4222 3180 4260 essem
3229 4223 3262 4260 a
3292 4207 3522 4262 Christo
3548 4209 3628 4264 ita
3674 4223 3768 4263 me

2122 4294 2402 4348 irridetis.
2439 4295 2917 4365 Experimentum
2950 4311 3187 4350 sumere
3217 4295 3414 4354 vultis,
3440 4302 3505 4349 ut
3526 4300 3770 4368 apparet

2122 4385 2504 4456 loquentisin
2537 4401 2630 4440 me
2663 4385 2899 4444 Christi.
2952 4384 3092 4440 licet
3150 4385 3463 4441 manifeste
3508 4387 3636 4456 ejus
3667 4403 3773 4458 po-

2123 4474 2368 4528 tentiam
2403 4473 2749 4528 didiceritis.
2787 4476 2854 4527 Et
2883 4474 2995 4528 hoc
3043 4475 3192 4529 velle
3249 4474 3526 4545 experiri,
3561 4490 3773 4546 pecca-

351 4566 534 4639 μόνων
579 4566 662 4618 καὶ
718 4559 1007 4618 ἀϐεϐαίων.
1067 4590 1086 4612 ι
1122 4566 1191 4620 ’Ὁ
1241 4562 1316 4625 εἰς
1371 4565 1512 4634 ὒμᾶς
1571 4564 1672 4618 οὐκ
1713 4565 1940 4629 ἀσθενεῖ.
1977 4590 2005 4616 ››

351 4653 415 4667 ...,
449 4654 476 4667 Α
532 4650 575 4667 ,ς
748 4652 771 4667 ..
956 4652 1016 4667 ,ρ
1219 4650 1240 4662 υ
1362 4650 1424 4667 η,
1490 4652 1503 4667 ρ
1573 4655 1596 4666 -
1821 4651 1834 4667 ς
1954 4657 1979 4667 -

2126 4570 2246 4618 tum
2281 4569 2425 4629 erat,
2451 4580 2588 4618 nam
2622 4570 2751 4618 erat
2775 4570 3000 4620 tentare
3029 4582 3040 4618 :
3077 4571 3133 4619 et
3153 4565 3409 4620 maxime
3431 4570 3769 4636 posttanta,

347 4653 415 4710 Τί
449 4650 709 4728 βούλεται
739 4652 772 4718 ἢ
806 4652 1118 4725 προσθήκη,
1151 4650 1263 4718 τοῦ,
1306 4671 1326 4698 σ
1362 4650 1458 4712 Εἰς
1489 4652 1652 4723 ὑμᾶς,
1691 4675 1717 4702 ››
1748 4651 1835 4706 καῖ
1886 4657 2006 4720 τοῦ,

351 4766 377 4792 ‹‹
414 4743 500 4796 Ἐν
534 4741 662 4810 ῦμῖν
694 4758 706 4808 ;
738 4763 765 4790 »
799 4740 864 4794 οὐ
897 4740 1000 4814 γὰρ
1034 4739 1168 4813 πρὸς
1201 4739 1396 4802 αὐτοὺς
1428 4739 1618 4810 μόνον,
1670 4737 1814 4794 ἀλλὰ
1865 4761 2002 4795 παν-

347 4833 524 4902 ταχοῦ
558 4825 778 4890 δυνατὸς
819 4828 846 4880 ὁ
879 4827 1130 4898 Χριστός.
1174 4825 1276 4882 Καί
1327 4846 1522 4897 φαμεν,
1578 4826 1661 4880 ὅτι
1715 4825 2008 4897 ἀπειλητι-

350 4919 443 4973 κὸν
470 4919 532 4971 τὸ
567 4917 740 4990 ῥῆμα,
775 4916 902 4970 ὡσεὶ
934 4914 1108 4988 ἔλεγε.
1147 4921 1338 4989 Πεῖραν
1383 4910 1537 4990 ἔχετε
1570 4917 1660 4990 ἀφ’
1691 4917 1765 4970 ὧν
1807 4919 2008 4973 πεπόν-

357 5019 498 5072 θατε,
534 5007 621 5060 ’ὁτι
674 5004 774 5060 οῦκ
829 5006 1050 5071 ἀσθενὴς
1107 5005 1134 5058 ὁ
1189 5005 1422 5078 Χριστός
1505 5006 1574 5060 Ἠ
1633 5006 1714 5059 ’ὁτι
1774 5005 1910 5068 τέως
1959 5005 2010 5060 ἐν

359 5097 510 5167 ὗμῖν,
557 5096 712 5173 φησὶ,
773 5099 890 5153 τοῖς
946 5093 1035 5147 καὶ
1095 5091 1460 5167 διορθωθῇναι
1519 5091 1858 5166 δυναμένοις,
1909 5097 2008 5164 τὴν

359 5183 584 5256 δ’ὅνειμιν
643 5180 991 5239 ἐπιδείκνυσι.
1054 5181 1189 5244 Τοῦς
1257 5183 1359 5255 γὰρ
1447 5182 1632 5237 ἀνίατα
1698 5181 2007 5251 νοσοῦντας,

356 5274 468 5330 ἐκεῖ
493 5276 888 5347 τιμωρήσεται.

2122 4655 2486 4727 ingratorum
2533 4660 2659 4708 erat
2712 4661 2770 4708 et
2818 4655 3176 4726 perfidorum
3249 4672 3316 4710 ac
3374 4655 3767 4714 instabilium.

2121 4768 2146 4792 α
2181 4744 2289 4810 Qui
2340 4761 2477 4815 erga
2534 4761 2632 4798 vos
2674 4760 2794 4797 non
2849 4750 2937 4798 est
2995 4743 3332 4799 imbecillis.
3367 4765 3390 4793 ιι
3451 4744 3600 4809 Quid
3660 4745 3772 4802 sibi

2120 4834 2243 4887 vult
2273 4832 2497 4887 additio
2531 4831 2648 4897 illa,
2684 4856 2708 4880 «
2741 4833 2888 4904 Erga
2909 4849 3067 4892 vos.»
3088 4839 3164 4899 et,
3189 4854 3210 4884 α
3234 4835 3296 4888 In
3322 4833 3557 4888 vobis?»
3578 4850 3772 4906 neque

2117 4923 2278 4976 enim
2311 4938 2450 4993 erga
2484 4921 2643 4992 ipsos
2703 4927 2956 4987 tantum,
3020 4922 3122 4976 sed
3168 4923 3386 4994 ubique
3440 4930 3650 4995 potens
3681 4928 3772 4979 est

2119 5012 2406 5066 Christus.
2431 5012 2498 5063 Et
2529 5009 2782 5064 dicimus
2814 5011 3330 5066 comminatorium
3350 5029 3476 5068 esse
3502 5011 3770 5079 verbum,

2121 5115 2186 5154 ac
2219 5099 2265 5153 si
2301 5098 2560 5153 diceret:
2596 5098 3078 5168 Experimentum
3141 5099 3370 5154 habetis
3405 5100 3477 5153 ab
3510 5099 3602 5154 his
3635 5116 3767 5170 qua:

2120 5187 2283 5241 vobis
2315 5187 2714 5257 contigerunt.
2750 5187 2906 5258 quod
2926 5205 3043 5243 non
3062 5188 3771 5246 sitimbecillisChristus.

2120 5277 2233 5328 Aut
2259 5273 2415 5345 quod
2447 5273 2561 5329 hoc
2591 5281 2855 5345 tempore
2881 5276 2939 5329 in
2973 5276 3065 5330 his
3097 5277 3195 5345 qui
3230 5275 3382 5330 inter
3412 5293 3511 5330 vos
3560 5277 3774 5351 corrigi

352 5371 603 5437 possunt
631 5362 892 5418 ostendit
921 5363 1293 5433 potentiam:
1338 5379 1468 5417 nam
1529 5363 1600 5418 de
1657 5365 1749 5418 his
1802 5363 1902 5434 qui
1963 5362 2486 5418 immedicabiliter
2536 5368 2842 5432 aegrotant,
2901 5363 2960 5417 in
3018 5363 3216 5418 futuro
3277 5369 3472 5419 sumet
3534 5365 3764 5437 suppli-

356 5456 541 5509 cium°

434 5605 535 5662 Καὶ
593 5606 694 5679 γὰρ
775 5604 821 5670 εἰ
907 5603 1218 5676 ἐσταυρώθη
1278 5602 1330 5668 ἐξ
1388 5603 1684 5670 ἀσθενείας,
1735 5601 1884 5658 ἀλλά
1937 5607 2002 5677 ζῇ

363 5693 421 5748 ἐκ
498 5689 778 5764 δυνάμεως
853 5695 1005 5746 Θεοῦ.
1089 5691 1185 5747 Καὶ
1260 5691 1361 5763 γὰρ
1439 5693 1600 5762 ἡμεῖς
1675 5690 2001 5764 ἀσθενοῦμεν

2184 5605 2329 5669 XIII,
2359 5608 2524 5660 4-6.‹‹
2560 5607 2702 5662 Nam
2733 5607 3004 5676 quamvis
3035 5607 3354 5662 cruciﬁxus
3377 5607 3488 5662 fuit
3509 5608 3756 5665 exinllr-

2118 5715 2143 5739 α
2167 5695 2747 5761 mitate,vivittamen
2767 5711 2837 5751 ex
2858 5695 3122 5766 potentia
3136 5695 3570 5768 Dei.Siquidem
3585 5704 3761 5756 etnos
