4048 6250
381 348 536 410 1079

378 592 406 619 α
439 565 704 640 potentia
735 565 834 620 Dei
860 580 998 634 erga
1027 579 1146 617 vos.
1165 564 1274 616 Vos
1299 563 1458 633 ipsos
1492 565 1712 614 tentate
1734 574 1876 613 num
1901 557 2029 612 sitis

377 681 404 708 ‹‹
439 659 501 714 in
537 656 650 711 ﬁde
685 672 697 709 :
733 671 834 708 vos
870 653 1028 724 ipsos
1079 651 1346 724 probate.
1405 654 1616 705 Annon
1675 647 2028 719 cognoscitis

375 770 402 797 «
438 745 854 815 vosmetipsos,
891 741 1050 813 quod
1079 743 1249 795 .lesus
1290 740 1559 794 Christus
1591 739 1651 792 in
1711 737 1874 792 vobis
1906 735 2031 792 sit?

374 859 403 887 «
433 837 550 891 nisi
582 836 640 888 in
679 833 878 902 aliquo
905 831 1141 900 reprobi
1177 830 1336 883 estis.
1373 832 1446 882 At
1475 844 1646 899 spero
1687 843 1787 881 vos
1835 827 2030 897 cogni-

377 949 402 976 ‹‹
431 932 596 981 turos
627 921 785 994 quod
818 937 926 975 nos
959 936 1076 974 non
1113 919 1300 973 simus
1334 918 1593 989 reprobi.
1632 940 1656 966 ιι

451 1038 470 1062 α
510 1017 651 1068 Nam
677 1010 942 1082 quamvis
975 1009 1292 1063 cruciﬁxus
1322 1007 1434 1062 fuit
1483 1008 1542 1060 in
1595 1006 1962 1062 inﬁrmitate.
2000 1025 2022 1054 ι

375 1103 538 1162 Multi
575 1101 908 1168 turbantur,
934 1115 1053 1152 non
1088 1098 1458 1152 advertentes
1490 1102 1841 1168 potestatem
1894 1094 2025 1149 dic-

374 1187 951 1248 tionum.Gonsidera
975 1203 1110 1258 ergo
1125 1193 1244 1240 tres
1276 1202 1404 1239 esse
1439 1184 2027 1240 modosinﬁrmitatis

374 1283 494 1338 sive
524 1278 954 1336 imbecillitatis
986 1293 1142 1332 unus
1173 1273 1414 1346 quidem
1447 1275 1507 1329 in
1548 1273 1770 1329 morbis
1815 1290 2026 1344 corpo-

372 1370 599 1427 ralibus
635 1386 646 1422 :
681 1367 830 1422 alter
860 1382 1019 1430 vero,
1068 1365 1344 1420 debilitas
1397 1365 1555 1418 circa
1614 1363 1812 1428 ﬁdem,
1876 1363 2028 1417 sicut

372 1463 500 1533 ipse
524 1461 624 1514 ait.
661 1481 687 1507 (ι
740 1457 1049 1513 lnﬁrmum
1108 1461 1306 1510 autem
1366 1453 1478 1508 ﬁde
1534 1453 1817 1508 assumite
1866 1451 1932 1505 3°.
1999 1473 2022 1502 ν

371 1551 600 1607 Tertius
621 1548 722 1619 qui
741 1547 1005 1601 nascitur
1027 1562 1097 1601 ex
1129 1542 1642 1616 persecutionibus
1675 1541 2025 1597 ettentatio-

373 1638 569 1696 nibus.
607 1637 749 1692 Nam
791 1642 850 1690 et
896 1636 1022 1689 haec
1062 1640 1229 1687 vocat
1287 1631 1505 1686 Paulus
1564 1631 1975 1686 infirmitatem
2011 1648 2026 1697 ;

375 1732 530 1788 sicut
560 1730 664 1784 ibi.
701 1751 728 1778 «
782 1729 923 1781 Nam
957 1725 1224 1796 potentia
1282 1740 1414 1778 mea
1462 1740 1567 1795 per
1617 1723 2024 1778 inﬁrmitatem

372 1820 719 1894 perﬁcitur;
753 1840 779 1866 »
835 1817 946 1871 hoc
976 1823 1084 1880 est,
1138 1813 1654 1885 persecutionibus
1714 1829 1781 1868 ac
1833 1818 2022 1868 tenta-
2056 1842 2101 1906 Β

371 1909 657 1966 tionibus.
695 1906 843 1962 706
875 1908 953 1959 Ac
984 1919 1219 1958 rursum
1249 1921 1260 1956 :
1289 1925 1313 1951 α
1364 1901 1757 1966 Quamobrem
1820 1901 2022 1973 placeo

373 2000 521 2056 mihi
554 1999 616 2052 in
646 1993 1134 2057 inﬁrmitatibus;
1169 2015 1195 2040 ››
1223 1992 1400 2062 idque
1434 1990 1876 2060 interpretando
1893 1990 2025 2045 sub-

367 2087 601 2161 jungit:
659 2109 686 2134 (ι
747 2086 811 2139 In
861 2082 1264 2147 contumeliis,
1324 2081 1383 2135 in
1439 2080 1913 2145 necessitatibus,
1964 2080 2025 2133 in

374 2173 910 2251 persecutionibus.
961 2195 988 2220 »
1044 2173 1111 2225 Et
1167 2186 1447 2225 rursum:
1501 2192 1526 2218 ‹‹
1579 2171 1721 2224 Cum
1757 2170 2028 2224 inﬁrmor

374 2272 517 2324 tunc
547 2264 826 2320 robustus
859 2278 988 2316 sum
1027 2278 1037 2315 :
1073 2283 1099 2311 »
1138 2277 1351 2332 nempe
1382 2266 1521 2314 tunc
1552 2261 1739 2331 gratia
1770 2261 2025 2315 maxime

375 2355 714 2411 assistente.
745 2351 917 2407 Juxta
936 2350 1095 2406 hunc
1126 2351 1302 2423 igitur
1333 2350 1759 2404 imbecillitatis
1782 2349 2023 2404 modum

375 2444 692 2500 cruciﬁxus
724 2447 811 2496 est
842 2440 1149 2504 Dominus,
1194 2438 1440 2494 insidias
1499 2454 1728 2510 passus,
1762 2439 2026 2510 pericula

374 2539 434 2591 ot
463 2530 873 2588 contumelias.
910 2535 1182 2584 Attamen
1230 2528 1361 2592 hoc,
1415 2527 1627 2598 inquit,
1660 2542 1875 2582 nocere
1907 2542 2026 2581 non

375 2620 766 2695 potuitipsius
783 2615 1555 2690 potentim.—Authocmodo
1578 2633 1595 2670 :
1615 2616 2024 2669 Inﬁrmitatem

380 2727 484 2766 seu
513 2709 987 2765 imbecillitatem
1021 2707 1167 2761 dicit
1189 2723 1318 2760 eam
1343 2723 1473 2778 qua:
1500 2705 1807 2760 videbatur
1832 2705 2023 2759 incre-

377 2800 628 2856 dulis.ac
655 2797 988 2851 sidiceret:
1023 2795 1297 2860 Quamvis
1345 2795 1518 2865 juxta
1577 2793 2024 2848 incredulorum

378 2902 713 2942 sermonem
745 2885 1061 2941 cruciﬁxus
1085 2885 1159 2938 sit
1193 2890 1476 2954 tanquam
1534 2882 1850 2937 imbecillis
1890 2881 2025 2953 (hoc

377 2975 737 3031 videlicetex
768 2973 1153 3029 concessione
1181 2971 1473 3043 tribuens)
1498 2977 1696 3026 tamen
1745 2971 1898 3037 vivit,
1932 2971 2022 3025 in-

379 3067 525 3137 quit,
552 3082 622 3120 ex
653 3064 920 3136 potentia
950 3062 1068 3117 Dei.
1105 3061 1364 3116 Audiens
1389 3067 1585 3116 autem
1620 3061 1808 3116 Patris
1827 3067 2027 3131 poten-

378 3157 520 3213 tiam
562 3171 680 3210 non
709 3155 820 3209 hoc
878 3153 1126 3224 impium
1189 3152 1528 3223 suspiceris.
1589 3151 1744 3222 quod
1804 3151 2024 3206 viribus

378 3248 695 3303 destitutus
726 3245 903 3300 fuerit
923 3243 992 3297 ad
1008 3242 1421 3297 viviﬁcandum
1451 3243 1748 3312 propriam
1764 3259 2025 3307 carnem,

381 3342 437 3392 et
463 3336 594 3390 ideo
618 3333 799 3404 patris
831 3333 1091 3402 potentia
1111 3331 1292 3386 fuerit
1314 3331 1402 3384 illi
1421 3331 1841 3388 necessaria.Si
1867 3333 2027 3386 enim

381 3423 648 3478 Christus
685 3421 780 3473 Dei
811 3421 1075 3490 potentia
1105 3425 1195 3474 est
1226 3424 1284 3472 et
1315 3419 1414 3472 Dei
1444 3420 1734 3488 sapientia
1763 3419 1833 3485 εί,
1883 3437 2026 3491 quo-

381 3512 557 3568 modo
614 3509 834 3562 viribus
893 3508 1316 3562 destitueretur
1373 3508 1658 3578 potentia,
1721 3508 1898 3580 idque
1956 3509 2031 3563 ad

380 3599 684 3675 propriam
717 3613 956 3652 carnem
987 3596 1013 3649 ‘I
1037 3596 1134 3668 qui
1169 3597 1303 3652 aliis
1330 3613 1564 3667 quoque
1595 3597 1771 3652 vitam
1805 3597 2029 3662 tribuit,

385 3691 506 3748 imo
532 3688 734 3761 potitis
765 3687 1065 3742 omnibus.
1102 3686 1212 3741 Sed
1259 3685 1670 3741 indifferenter
1692 3704 1821 3757 quae
1852 3687 2030 3742 Patris

389 3787 528 3836 sunt
556 3778 844 3833 dicitesse
878 3776 1032 3841 Filii,
1061 3791 1416 3846 rursumque
1443 3775 1886 3845 viceversaquw
1902 3776 2032 3830 Filii

389 3874 528 3927 sunt
557 3867 700 3923 dicit
729 3882 857 3922 esse
891 3867 1100 3922 Patris.
1151 3864 1316 3930 Quod
1369 3865 1527 3920 enim
1586 3866 1710 3936 ipse
1769 3865 2033 3920 Christus

388 3974 552 4016 suam
587 3973 825 4013 carnem
861 3955 1250 4017 suscitaverit,
1287 3954 1423 4008 audi
1484 3970 1618 4008 eum
1678 3953 1973 4009 dicentem
2017 3971 2030 4008 :

383 4072 409 4097 ι.
444 4047 656 4102 Solvite
683 4045 968 4115 templum
1004 4045 1134 4103 hoc.
1176 4049 1234 4097 et
1262 4043 1321 4097 in
1357 4042 1543 4098 tribus
1574 4042 1781 4099 diebus
1811 4045 2033 4116 erigam

383 4136 579 4208 ipsum
612 4135 679 4188 ⁸³.
718 4153 748 4186 ››
780 4134 834 4188 Si
860 4140 1055 4188 autem
1095 4132 1305 4188 Paulus
1327 4131 1485 4202 quod
1535 4131 1714 4187 Filius
1759 4141 2035 4206 operatus

384 4229 476 4280 est
506 4240 574 4280 ex
607 4225 776 4277 Patre
811 4221 934 4277 ﬁeri
971 4221 1214 4277 dicit.ne
1249 4220 1525 4275 turberis.
1561 4221 1678 4274 Scit
1708 4223 1866 4276 enim
1900 4240 2035 4277 eum

385 4313 638 4378 dixisse;
665 4335 691 4360 ‹‹
719 4311 930 4368 Omnia
961 4327 1090 4381 qua
1123 4309 1300 4364 habet
1331 4309 1521 4374 Pater,
1556 4325 1689 4365 mea
1739 4318 1878 4365 sunt
1906 4311 1971 4376 ⁸³,
2008 4332 2032 4361 ο

386 4401 606 4456 dixisse
668 4400 845 4454 etiam
923 4397 996 4452 ad
1056 4397 1337 4452 Patrem:
1406 4417 1427 4446 ι
1487 4395 1697 4452 Omnia
1751 4414 1882 4453 mea
1939 4404 2039 4453 tua

388 4495 544 4544 sunt.
577 4486 624 4521 3‘
659 4509 686 4537 »
735 4518 787 4528 -
813 4488 942 4546 Pro:
970 4490 1061 4540 ter
1110 4488 1343 4539 nostras
1374 4484 1533 4538 enim
1562 4484 1940 4540 inﬁrmitates
1970 4503 2037 4541 ac

1491 337 1907 402 CECUMENII
1956 335 2260 397 TRICCzﬁ
2303 339 2686 400 EPISGOPI.

378 503 406 532 α
440 478 660 538 inﬁrmi
693 492 898 533 sumus
920 475 981 531 in
1013 474 1142 547 ipso
1168 491 1180 529 :
1206 473 1309 530 sed
1339 473 1599 528 vivemus
1631 488 1764 528 cum
1797 471 1925 542 ipso
1956 485 2027 525 ex

2140 467 2191 522 ἐν
2247 470 2416 543 αὐτῷ,
2473 469 2619 527 ἀλλά
2671 470 2952 545 ζησόμεθα
3005 469 3095 525 σὺν

3652 339 3786 396 ιοδο

3183 471 3330 543 αὐτῷ
3392 467 3461 525 ἐκ
3527 463 3790 542 δυνάμεως

2136 563 2269 613 Θεοῦ
2315 563 2392 622 είς
2451 561 2612 632 ὑμᾶς.
2649 562 2903 622 Ἑαυτοὺς
2960 562 3262 635 πειράζετε,
3329 560 3375 615 εἳ
3437 557 3568 613 ἐστε
3628 558 3679 612 ἐν
3730 563 3790 631 τῇ

2135 650 2310 703 πίστει
2397 651 2618 710 ἑαυτοὺς
2677 648 3022 724 δοκιμάζετε.
3081 652 3150 706 ’Ἠ
3213 649 3310 704 οὐκ
3396 647 3794 724 ἐπιγινώσκετε

2136 736 2355 798 ἑαυτοὺς
2408 737 2491 791 ὅτι
2549 739 2760 807 Ἰησοῦς
2843 738 3070 809 Χριστὸς
3160 735 3209 791 ἐν
3301 738 3431 805 ὑμῖν
3532 735 3702 800 ἐστιν,
3755 737 3791 790 εἰ

2139 827 2214 898 μή
2248 847 2299 879 τι
2330 824 2588 900 ἀδόκιμοί
2629 825 2785 894 ἐστε;
2838 826 3081 896 Ἐλπίζω
3136 823 3192 881 δὲ
3246 827 3328 880 ’ὁτι
3383 826 3677 901 γνώσεσθε
3723 827 3793 881 δτι

2134 919 2295 987 ἡμεῖς
2328 913 2426 970 οῦκ
2457 915 2613 987 ἐσμεν
2647 914 2931 989 ἀδόκιμοι.

2207 1029 2232 1055 ‹‹
2270 1005 2371 1060 Καὶ
2426 1005 2528 1079 γὰρ
2583 1005 2629 1059 εἰ
2687 1005 3001 1077 ἐσταυρώθη
3058 1003 3109 1075 ἐξ
3156 1006 3452 1068 ἀσθενείας,
3499 1029 3528 1055 n
3598 1001 3796 1060 Πολλοί

3301 738 3328 790 ὑ
3338 742 3431 805 μῖν

2133 1089 2483 1168 θορυϐοῦνται
2513 1100 2620 1150 τῶν
2670 1098 2745 1166 μὴ
2795 1099 2862 1168 τῇ
2913 1092 3132 1167 δῦναμει
3192 1101 3298 1151 τῶν
3359 1095 3576 1167 λέξεων
3638 1116 3798 1168 προσ-

2135 1183 2393 1256 εχόντων.
2426 1186 2564 1258 Ὅρα
2591 1185 2705 1252 οὗν,
2737 1183 3014 1247 ἀσθενείας
3042 1186 3234 1255 τρόποι
3266 1191 3432 1260 τρεῖς,
3476 1185 3584 1246 hic
3634 1185 3726 1256 μὶν
3775 1185 3796 1238 ὁ

2134 1272 2221 1328 ἐπὶ
2252 1277 2356 1326 τῶν
2387 1279 2712 1345 σωματικῶν
2741 1274 3091 1345 νοσημάτων.
3121 1274 3374 1346 Δεύτερος
3407 1274 3512 1329 τὸν
3551 1274 3684 1348 περὶ
3714 1275 3800 1337 τήν

2133 1362 2310 1416 πίστιν
2342 1364 2556 1436 σαθρὸν,
2589 1364 2661 1417 ὡν
2722 1363 2884 1424 αὑτός
2929 1381 3082 1436 φησι·
3140 1389 3165 1414 ‹‹
3196 1364 3305 1420 Τὸν
3358 1361 3413 1416 δὲ
3469 1363 3802 1418 ἀσθενοῦντι

2135 1455 2201 1523 τῇ
2261 1451 2436 1506 πίστει
2484 1447 2982 1526 προσλαμϐάνεσθε.
3021 1476 3047 1502 υ
3099 1453 3294 1526 Τρίτος
3326 1453 3354 1506 ὁ
3387 1452 3448 1506 ἐκ
3513 1457 3632 1506 τῶν
3685 1449 3805 1506 διω-

2131 1546 2285 1615 γμῶν
2316 1541 2407 1596 καὶ
2452 1547 2786 1618 πειρασμῶν.
2844 1544 2941 1598 Καὶ
2992 1544 3095 1617 γὰρ
3145 1544 3235 1597 καὶ
3287 1545 3460 1598 ταῦτα
3527 1541 3802 1606 ἀσθένειαν

2135 1631 2162 1684 6
2197 1629 2409 1691 Παῦλος
2437 1631 2614 1700 καλεῖ,
2646 1633 2722 1694 ὡς
2765 1631 2892 1688 ἐκεῖ·
2946 1658 2973 1684 ‹‹
3005 1635 3067 1690 ἸΙ
3117 1634 3218 1708 γὰρ
3273 1631 3513 1705 δύναμίς
3583 1653 3693 1705 μου
3750 1635 3796 1685 ἐν

2135 1719 2380 1790 ἀσθενείᾳ
2406 1719 2740 1776 τελτιοῦται·
2767 1745 2794 1774 ››
2824 1724 3122 1789 τουτέστιν,
3156 1722 3206 1777 ἐν
3241 1719 3528 1798 διωγμοῖς
3564 1723 3660 1776 καί
3691 1741 3799 1774 κιν-

2137 1807 2336 1892 δῦνοπῑς.
2380 1812 2479 1868 Κοιῗ
2512 1810 2698 1866 πάλιν
2735 1837 2760 1863 ‹‹
2792 1815 2884 1868 Διὸ
2914 1811 3121 1868 εὗδοκῶ
3169 1811 3220 1867 ἐν
3273 1812 3611 1874 ἀσθενείαις·
3650 1836 3679 1864 ι»
3711 1812 3793 1866 καὶ

2135 1898 2451 1971 ἑρμηνεύων
2485 1900 2632 1968 οῦτὸ,
2667 1901 2875 1974 ἐπάγει·
2907 1926 2934 1952 ‹‹
2967 1903 3052 1959 Ἐν
3092 1896 3330 1976 ὕϐρεσιν,
3388 1901 3440 1955 ἐν
3499 1900 3794 1976 διωγμοῖς,

2135 1986 2187 2041 ἐν
2220 1987 2491 2062 ἀνάγκαις.
2530 2014 2554 2038 ››
2590 1990 2692 2044 Καὶ
2724 1990 2908 2044 πάλινο
2947 2012 2970 2042 ι
3003 1992 3162 2048 ’Ὀταν
3193 1991 3416 2057 ἀσθενῶ,
3461 1991 3599 2044 τότε
3641 1987 3792 2044 δυνα-

2133 2076 2225 2137 τός
2259 2077 2394 2149 εἶμι,
2429 2102 2454 2127 ››
2485 2079 2557 2139 ὡς
2603 2078 2727 2134 τότε
2787 2077 3024 2152 μάλιστα
3070 2086 3168 2145 τῆς
3215 2079 3444 2154 χάριτος
3502 2078 3792 2156 ἐφιζανου·

2136 2186 2257 2232 σης.
2292 2167 2439 2222 Κατὰ
2459 2172 2647 2222 τοῦτον
2684 2165 2776 2220 οὖν
2807 2175 2908 2237 τῆς
2942 2169 3208 2229 ἀσθενείας
3236 2169 3328 2221 τὸν
3359 2169 3572 2243 τρόπον
3609 2169 3792 2222 ἐσταυ-

2137 2257 2284 2330 ρώθη
2320 2257 2347 2310 ὁ
2393 2257 2614 2330 Κύριος,
2655 2252 2956 2326 ἐπιϐουλὴν
3006 2257 3321 2330 ὑπομείνας,
3372 2258 3466 2312 καὶ
3521 2255 3785 2326 κίνδυνον,

2134 2347 2223 2401 καί
2255 2346 2434 2420 ὕβριν.
2468 2344 2625 2401 Ἀλλ’
2685 2347 2860 2417 ὅμως,
2911 2348 3095 2424 φησὶν,
3147 2347 3208 2402 οὐ
3252 2342 3582 2421 παρέὗλαψε
3629 2352 3779 2403 τοῦτο

2133 2435 2232 2503 τὴν
2265 2431 2492 2504 δ’ὂναμιν
2519 2433 2702 2490 αὐτοῦ.
2737 2468 2804 2477 —
2835 2441 2903 2490 ’Ἠ
2937 2436 3131 2499 οὕτως.
3164 2437 3471 2492 Ἀσθὲνειαν
3510 2439 3659 2514 φησί,
3681 2439 3774 2504 τὴν

2136 2521 2398 2578 δοκοῦσαν
2449 2529 2566 2585 τοῖς
2623 2526 2894 2592 ἀπίστοις,
2950 2525 3078 2580 ὡσεὶ
3124 2524 3329 2599 ἔλεγεν.
3385 2526 3450 2582 Εἴ
3512 2527 3598 2580 καί
3647 2525 3770 2581 κατᾶ

2133 2614 2222 2666 τὸν
2276 2618 2384 2667 τῶν
2443 2612 2681 2668 ἀπίστων
2745 2610 2910 2690 λόγον
2972 2613 3020 2686 ἐξ
3095 2615 3366 2675 ἀσθενείας
3447 2615 3758 2689 ἐσταυρώθη,

2135 2699 2350 2771 δηλαδὴ
2378 2707 2540 2756 τοῦτο
2570 2703 2706 2756 κατά
2736 2703 3088 2780 συγχώρησιν
3119 2701 3322 2764 διδοὺς,
3358 2703 3505 2758 ἀλλὰ
3537 2709 3618 2777 ζῇ,
3662 2726 3758 2782 φη·-

2137 2793 2240 2855 civ,
2275 2790 2334 2845 ἐκ
2365 2789 2643 2865 δυνάμεως
2686 2797 2840 2848 Θεοῦ.
2888 2793 3133 2849 Ἀκοόων
3187 2791 3243 2848 δὲ
3290 2792 3570 2866 δυνάμεως
3613 2797 3738 2859 Θεοῦ,

2139 2885 2214 2956 μὴ
2247 2889 2407 2937 τοῦτο
2466 2882 2526 2937 τό
2586 2885 2800 2938 ἀνόσιον
2859 2884 3190 2959 ὑπονοήσῃς,
3245 2887 3328 2940 ὅτι
3387 2888 3536 2945 αὐτὸς
3581 2885 3726 2952 ἠτόνει

2139 2977 2477 3045 ζωογονῆσαι
2508 2973 2606 3040 τήν
2640 2969 2774 3026 ἰδίαν
2823 2975 3012 3049 σάρκα,
3068 2975 3156 3029 καὶ
3208 2973 3298 3030 διά
3338 2983 3477 3031 τοῦτο
3519 2983 3600 3042 τῆς
3643 2971 3719 3026 δυ-

2135 3063 2350 3133 νάμεως
2379 3067 2476 3117 τοῦ
2528 3064 2736 3138 Πατρὸς
2775 3065 2932 3138 χρεία
2986 3066 3226 3139 γέγονεν.
3283 3067 3348 3124 Ei
3399 3067 3492 3144 γαρ
3535 3065 3729 3140 Χριστὸς

2139 3154 2273 3204 Θεοῦ
2306 3147 2535 3221 δύναμίς
2567 3148 2793 3205 ἐστικαὶ
2819 3156 2952 3206 Θεοῦ
2997 3154 3180 3231 σοφία,
3239 3159 3358 3214 πῶς
3407 3156 3582 3223 ἠτόνει
3605 3155 3638 3221 ir,
3661 3148 3743 3206 δ’ὅ-

2136 3260 2317 3310 ναμις,
2349 3238 2438 3292 καὶ
2489 3243 2656 3294 ταῦτα
2711 3239 2786 3302 εἰς
2822 3242 2923 3308 τὴν
2974 3240 3174 3303 οἰκείας
3235 3244 3447 3315 σάρκας
3481 3245 3507 3298 ό
3536 3244 3619 3297 καὶ
3667 3238 3752 3295 ἆλ-

2135 3327 2253 3388 λοις
2288 3328 2432 3396 ζωὴν
2463 3324 2668 3391 διδούς,
2705 3328 2917 3401 μᾶλλον
2953 3327 3009 3384 δὲ
3038 3328 3254 3388 ἅπασιν.
3291 3331 3453 3388 Ἀλλ’
3475 3330 3755 3411 ἀδιαοόρως

2135 3417 2162 3470 6
2198 3414 2411 3477 Παῦλος
2441 3417 2529 3470 καὶ
2563 3417 2629 3472 τα
2657 3416 2752 3472 τοῦ
2786 3419 2991 3490 Πατρὸς
3020 3423 3114 3473 τοῦ
3147 3421 3273 3474 Υίοῦ
3313 3419 3488 3496 λέγει,
3546 3422 3634 3476 καί
3678 3419 3762 3490 ἒμ-

2134 3504 2298 3559 παλιν
2327 3505 2394 3559 τὰ
2422 3510 2522 3560 τοῦ
2571 3505 2697 3559 Υὶοῦ
2754 3510 2850 3561 τοῦ
2911 3507 3137 3582 Πατρός.
3199 3509 3318 3567 Ὀτι
3372 3510 3477 3585 γάρ
3540 3510 3690 3569 αὐτὸς
3737 3507 3762 3562 ὁ

2137 3595 2370 3666 Χριστὸς
2412 3595 2577 3662 αὐτὴν
2633 3594 2934 3665 ἀνέστησεν,
2994 3594 3223 3651 ἄκουσον
3281 3598 3447 3652 αὐτοῦ
3512 3597 3772 3676 λέγοντος·

2143 3707 2169 3735 ‹‹
2205 3683 2412 3738 Λύσατε
2442 3686 2531 3738 τὸν
2561 3685 2685 3740 ναὸν
2740 3690 2952 3750 τοῦοον,
3013 3685 3100 3740 καὶ
3142 3685 3252 3762 ἐγὼ
3309 3685 3360 3741 ἐν
3419 3690 3599 3760 τρισὶν
3657 3685 3776 3760 ἡμὲ-

2141 3791 2261 3846 ραις
2285 3772 2454 3846 ἐγερῶ
2479 3773 2659 3832 αὐτόν,
2681 3798 2708 3825 ››
2737 3774 2806 3830 Εἰ
2839 3771 2896 3829 δὲ
2926 3774 3057 3849 ὅπερ
3088 3775 3250 3838 αὐτὸς
3283 3777 3310 3831 ὁ
3360 3777 3485 3839 Υἱὸς
3539 3779 3781 3852 εἰργάσα-

2137 3881 2221 3924 το,
2274 3864 2432 3915 τοῦτο
2493 3860 2552 3916 ἐκ
2610 3866 2705 3916 τοῦ
2764 3864 2974 3937 Πατρὸς
3019 3863 3256 3936 γενέσθαι
3313 3863 3462 3941 λέγει
3496 3867 3523 3920 6
3561 3866 3782 3932 Ηαῦλος,

2145 3952 2218 4021 μὴ
2256 3943 2557 4025 θορυϐηθῇ.
2591 3947 2717 4004 Οἵδε
2780 3953 2880 4025 γὰρ
2943 3952 3103 4007 αὐτὸν
3164 3953 3406 4024 εἰπόντα,
3445 3980 3473 4004 ‹‹
3513 3957 3693 4011 Πάντα
3732 3954 3788 4008 τὰ

2139 4043 2235 4092 τοῦ
2270 4038 2479 4114 Πατρός
2515 4061 2619 4111 μου
2682 4040 2786 4112 ἐμά
2839 4039 2971 4095 ἐστι.
3010 4065 3036 4092 ››
3090 4043 3213 4111 Καὶ,
3273 4069 3291 4092 ι
3333 4045 3514 4099 Πάντα
3571 4048 3646 4100 τὰ
3698 4044 3789 4116 ἐμὲ

2141 4129 2209 4182 σά
2239 4126 2370 4193 ἐστι,
2408 4151 2434 4178 ››
2468 4129 2602 4201 πρὸς
2635 4129 2726 4183 τὸν
2774 4131 3008 4203 Ηατέραξ
3037 4131 3311 4205 ε’ρτ,κότα.
3346 4165 3412 4176 —
3442 4136 3659 4211 [ΦΩΤ.]
3708 4133 3790 4192 Διὰ

2139 4217 2240 4293 γὰρ
2279 4217 2373 4276 τὰς
2431 4218 2590 4289 ἡμῶν
2650 4216 2926 4281 ἀσθενείας
2982 4220 3072 4273 καὶ
3129 4221 3418 4295 ἁμαρτίας,
3479 4223 3508 4277 ὁ
3567 4223 3787 4300 ἰσχυρὸς

2141 4305 2230 4360 καὶ
2281 4305 2661 4379 ἀναμάρτητος
2717 4306 3068 4382 ἐσταύρωται.
3130 4311 3199 4365 "H
3261 4309 3311 4380 ἐξ
3371 4310 3677 4378 ἀσθενείας,
3725 4313 3786 4371 ὡς

2143 4396 2193 4448 οἱ
2227 4392 2478 4449 Ἰουδαῖοι
2511 4393 2723 4472 ἔλεγον,
2757 4421 2783 4446 (‹
2817 4397 2878 4450 ”Α
2893 4394 3060 4459 λλους
3091 4394 3310 4466 ἔσωσεν,
3369 4399 3556 4455 ἑαυτὸν
3591 4403 3661 4457 οὐ

2143 4489 2514 4541 σαταισῶσαι.
2549 4509 2575 4534 δ)
2610 4486 2701 4551 'll,
2753 4510 2772 4535 ι
2812 4486 2900 4556 Ἐξ
2955 4488 3248 4555 ἀσθενείας,
3277 4512 3305 4540 ››
3356 4489 3432 4550 ὡς
3487 4491 3620 4562 ὑμῖν
3671 4489 3784 4546 ἀκό-

384 4583 646 4652 peccata,
680 4577 731 4632 is
762 4575 863 4646 qui
899 4574 1067 4629 fortis
1097 4580 1188 4628 est
1208 4590 1316 4628 nec
1350 4589 1591 4643 peccare
1623 4575 2028 4644 potest.cruxi-

2140 4569 2335 4627 λουθον
2367 4573 2610 4646 νομίσαι.
2643 4607 2710 4616 -——
2743 4575 3073 4648 [BEUAQR]
3109 4575 3168 4629 Εἰ
3199 4577 3303 4652 γὰρ
3338 4559 3575 4651 δοκιμήν
3596 4575 3782 4651 ἔτιζη-

386 4671 537 4726 ﬁxus
560 4673 886 4730 est.Aut,ex
923 4667 1289 4727 inﬁrmitate,
1325 4666 1477 4720 sicut
1504 4665 1687 4720 Judaei
1708 4665 1986 4722 dicebant
2017 4684 2031 4721 :

389 4783 412 4811 ι
440 4761 604 4827 Alios
635 4759 824 4815 salvos
851 4759 1010 4822 fecit,
1044 4758 1304 4829 seipsum
1339 4773 1459 4812 non
1481 4757 1915 4827 potestsalvum
1939 4758 2030 4814 fa-

386 4865 539 4906 cere.
575 4847 622 4883 8‘
655 4870 682 4897 »
719 4854 831 4903 Aut
860 4870 886 4895 α
922 4848 998 4901 Ex
1030 4847 1440 4912 inﬁrmitate,»
1476 4846 1630 4902 sicut
1659 4863 2034 4917 consequens

386 4945 478 5008 est
497 4956 598 4994 vos
630 4936 1034 5009 opinari.l\'am
1076 4936 1122 4990 si
1157 4935 1629 5007 experimentum
1659 4937 1852 4991 adhuc
1871 4953 2031 5007 quaa-

384 5029 536 5100 r_itis,
571 5033 729 5086 certe
761 5026 938 5082 etiam
960 5041 1194 5080 crucem
1218 5042 1286 5080 ex
1309 5024 1656 5081 inﬁrmitate
1680 5026 2034 5082 sustinuisse

386 5119 628 5195 putatis.
653 5141 680 5167 ‹‹
715 5116 869 5172 Vivit
899 5122 1118 5171 tamen.
1153 5137 1179 5162 »
1225 5115 1572 5184 Quanquam
1633 5115 1791 5170 enim
1842 5116 2034 5171 crucis

382 5211 723 5284 passionem
784 5211 1027 5278 propter
1079 5202 1391 5259 mortalem
1445 5205 1710 5276 corporis
1759 5211 2031 5262 naturam

383 5300 684 5363 sustinuit,
717 5296 854 5350 vivit
887 5301 1103 5357 tamen,
1139 5292 1256 5347 imo
1289 5299 1349 5347 et
1376 5293 1492 5347 vita
1528 5299 1638 5359 est,
1672 5300 1950 5364 tanquam
1976 5297 2034 5348 et

379 5388 480 5444 Dei
513 5388 715 5442 Filius.
756 5408 782 5434 ‹‹
821 5385 897 5438 Ex
932 5382 1198 5454 potentia
1230 5382 1352 5436 Dei.
1391 5404 1418 5430 ››
1453 5382 1570 5436 Hoc
1602 5387 1709 5445 est,
1749 5388 2031 5454 tanquam

380 5475 552 5537 Deus,
579 5483 859 5545 tanquam
884 5477 1408 5543 potens.tanquam
1437 5470 1488 5524 is
1514 5470 1838 5541 quisponte
1852 5471 2031 5525 etiam

449 5588 495 5622 ⁸⁰
565 5589 730 5645 Rom.
762 5605 872 5651 xw,
908 5593 956 5642 1.
1034 5588 1076 5623 ⁸¹
1119 5589 1137 5641 l
1169 5587 1300 5641 Cor.
1336 5603 1373 5654 ι,
1406 5587 1495 5640 24.

375 5692 553 5742 xxv“,
589 5676 712 5731 488.

1572 5584 1620 5620 ⁸³
1665 5586 1832 5641 Joan.
1889 5603 1950 5653 ιι,
2014 5587 2097 5639 19.

2141 4660 2421 4729 τεῖτε,καὶ
2477 4661 2567 4716 τὸν
2623 4662 2850 4733 σταυρὸν
2921 4660 3021 4737 ἄρα
3077 4661 3127 4733 ἐξ
3185 4665 3459 4729 ἀσθενείας
3514 4669 3781 4742 νομιεῖσθε

2144 4749 2454 4821 ὑπομεῖναι.
2503 4775 2523 4800 ι
2562 4748 2734 4806 Ἀλλὰ
2767 4754 2853 4824 ζῇ.
2888 4776 2914 4802 ››
2974 4752 3036 4808 Εἰ
3093 4753 3196 4829 γὰρ
3256 4755 3344 4809 καὶ
3401 4759 3498 4810 τοῦ
3556 4761 3779 4832 σταυροῦ

2142 4840 2202 4892 τὸ
2233 4841 2399 4901 πάθος
2435 4839 2686 4913 ὑπέμεινε
2718 4836 2806 4894 διὰ
2841 4841 2940 4908 τῆν
2992 4842 3194 4911 θνητὴν
3241 4847 3338 4898 τοῦ
3386 4843 3646 4915 σώματος
3695 4848 3777 4926 φῦ·

2144 4949 2250 4995 σιν,
2282 4927 2428 4984 ἀλλά
2456 4933 2520 5000 ζῇ
2553 4930 2641 4984 καὶ
2675 4932 2786 5000 ζωή
2835 4929 2974 4985 ἐστιν
3020 4932 3096 4992 ὡς
3145 4933 3273 4993 Θεὸς
3320 4933 3408 4989 καὶ
3459 4941 3596 4992 Θεοῦ
3646 4937 3776 4999 Υἱός.

2145 5044 2171 5070 ‹‹
2207 5020 2298 5072 Ἐκ
2330 5017 2607 5092 δυνάμεως
2641 5023 2795 5075 Θεοῦ.
2830 5043 2856 5068 ι)
2891 5020 3032 5075 Ἀντὶ
3067 5025 3188 5091 τοῦ,
3233 5022 3309 5083 ὡς
3362 5025 3492 5086 Θεὸς
3541 5022 3775 5093 δυνατὸς,

2143 5108 2217 5169 ὡς
2248 5107 2509 5169 ἑκουσίως
2539 5108 2629 5161 καὶ
2659 5103 2872 5164 ἄέπαθε
2901 5114 3105 5173 παθῶν.
3141 5143 3208 5153 -
3239 5111 3307 5167 Ἢ
3350 5112 3437 5167 καὶ
3476 5114 3669 5175 οὕτως.
3723 5115 3773 5171 Εί

2141 5198 2229 5253 καὶ
2269 5196 2606 5269 ἐσταυρώθη,
2660 5197 2844 5273 φησὶν,
2904 5198 2978 5258 ὡς
3034 5199 3130 5265 τήν
3190 5203 3440 5270 παθητὴν
3496 5203 3651 5280 φύσιν
3693 5204 3772 5259 καί

2141 5286 2334 5354 ἀσθενῆ
2367 5280 2678 5354 ἀναλαϐὼν,
2710 5284 2857 5342 ἀλλὰ
2899 5290 2962 5359 ζῇ
3021 5288 3080 5340 ἐκ
3137 5293 3343 5362 νεκρῶν
3390 5289 3639 5360 ἀναστὰς,
3688 5295 3767 5348 καί

2139 5377 2237 5444 τήν
2269 5371 2678 5448 παντοδόναμον
2719 5374 2806 5428 καὶ
2858 5375 2998 5437 θείαν
3059 5375 3214 5451 φύσιν
3262 5376 3436 5453 φέρων
3484 5380 3536 5435 ἐν
3586 5383 3766 5452 ἑαυτῷ,

2143 5491 2171 5519 ‹‹
2209 5466 2302 5522 Καὶ
2353 5465 2455 5541 γὰρ
2512 5467 2675 5537 ἡμεῖς
2730 5465 3074 5538 ἀσθενοῦμεν.
3112 5490 3141 5517 »ι
3197 5469 3398 5541 Ὥσπερ
3457 5469 3560 5544 γὰρ
3619 5471 3767 5532 αὐτός

2175 5584 2221 5619 ⁸³
2265 5585 2431 5638 Joan.
2489 5600 2600 5647 xvi,
2639 5587 2721 5638 15.
2798 5582 3038 5640 8‘Joan.
3116 5601 3248 5648 xvii,
3287 5588 3371 5640 lo.
3449 5586 3500 5622 ⁸⁵
3571 5589 3759 5645 Matth.
