4048 6250
232 372 403 437 1081

1220 372 1619 433 ΕΟΜΜΕΝΤ.
1670 372 1746 432 ΙΝ
1794 372 2038 431 EPIST.
2087 371 2138 430 ll
2187 371 2287 430 AD
2332 371 2695 432 CORINTH.

3502 379 3660 440 1082

234 529 438 587 φησιν,
472 505 626 563 οὐδὲν
684 508 820 581 πρὸς
877 508 975 575 τὴν
1035 503 1258 577 δυναμιν
1319 500 1645 580 παρεϐλάὸη
1700 500 1887 571 ἐπειδὴ

2007 521 2216 577 passus
2247 510 2333 560 est
2362 522 2493 576 qua:
2524 523 2733 577 passus
2755 512 2862 562 est.
2898 539 2964 553 -—
2996 510 3109 563 Aut
3138 509 3237 563 hoc
3263 512 3430 565 etiam
3449 513 3610 568 modo
3637 530 3651 567 :

238 599 591 670 ἐσταυρώθη,
626 595 795 659 οὕτως
828 595 951 651 οὐδὲ
980 598 1144 668 ἡμεῖς
1172 592 1359 663 ἐπειδή
1420 593 1752 667 διωκόμεθα,
1804 592 1895 647 καὶ

240 681 608 759 ὑϐριζόμεθα.
671 685 763 739 Διὸ
821 682 1029 759 ἐπάγει,
1094 705 1121 732 ‹‹
1191 684 1277 737 Ἐν
1333 681 1500 753 αὐτῷ,
1555 703 1579 733 ι
1640 681 1713 737 Τὸ
1769 681 1895 754 γάρ,

241 800 276 828 κ
316 776 420 833 Καὶ
454 777 615 846 ἡμεῖς
649 773 973 844 ἀσθενοῦμεν
1008 771 1060 826 ἐν
1092 770 1261 844 αὐτῷ,
1302 796 1320 820 ι
1363 772 1397 840 ἢ
1442 770 1523 827 ὅτι
1555 771 1588 825 ἃ
1611 770 1893 848 πάσχομεν

244 864 325 921 δι’
358 866 519 921 αὐτὸν
549 865 859 938 πάσχομεν·
901 862 936 931 ἢ
986 862 1068 917 ὅτι
1140 860 1404 931 δοκοῦμεν
1460 861 1585 935 ὑμῖν
1636 861 1894 925 ἀσθενεῖν,

240 955 310 1011 ἐκ
340 959 441 1008 τοῦ
494 955 569 1028 μή
628 954 880 1020 κολάζειν
940 951 1026 1005 καὶ
1080 955 1344 1025 τιμωρεῖν
1405 950 1567 1020 ὑμᾶς,
1625 946 1769 1003 ἀλλᾶ
1807 946 1897 1001 καὶ

242 1049 415 1101 τοῦτο
445 1042 497 1098 ἐν
532 1041 754 1118 Χριστῷ
808 1045 1097 1113 ποιοῦμεν.
1142 1038 1315 1100 Αὐτὸς
1364 1038 1469 1112 γὰρ
1516 1040 1665 1110 ἡμᾶς
1714 1033 1897 1089 ἐδίδα-

241 1135 332 1206 ξεν
382 1135 667 1206 ἀνέχεσθαι
717 1132 806 1185 καὶ
859 1136 1244 1204 μακροθυμεῖν,
1297 1124 1426 1182 ἀλλ’
1475 1127 1654 1200 ὥσπερ
1704 1124 1895 1203 ἀνέχε-

242 1235 370 1286 σθαι
430 1221 520 1276 καὶ
587 1222 975 1293 μακροθυμεῖν,
1035 1217 1207 1278 οὕτως
1258 1217 1345 1271 ἐπὶ
1412 1221 1519 1270 τῶν
1578 1214 1897 1290 ἀναλγήτως

242 1314 491 1393 ἐχόντων
541 1311 633 1367 καὶ
690 1313 765 1383 μὴ
830 1306 1313 1382 μεταμελομένων,
1370 1309 1469 1374 τὴν
1516 1306 1899 1378 τιμωρτ,τικὴν

241 1404 338 1459 καὶ
397 1402 729 1469 κολαστικήν
782 1398 1009 1471 δόναμιν
1058 1396 1429 1454 ἐπιδεικνύειν·
1471 1395 1643 1457 οὕτως
1672 1394 1776 1469 γὰρ
1807 1395 1895 1449 καὶ

246 1493 418 1552 αὐτὸς
449 1496 617 1546 ποιεῖ.
646 1515 673 1542 ‹‹
717 1492 803 1547 Ἑν
833 1490 1000 1560 αὐτῷ.
1040 1513 1066 1538 ››
1093 1483 1376 1551 Τουτέστι,
1418 1483 1486 1540 δι’
1518 1486 1678 1540 αὐτὸν
1701 1482 1788 1538 κα“
1809 1481 1899 1538 διὰ

246 1582 315 1637 τὸ
343 1583 597 1654 κήρυγμα
635 1581 821 1645 αὐτοῦ,
882 1580 1205 1650 ἃσθενοῦμεν
1237 1575 1289 1631 ἐν
1316 1580 1431 1636 τοῖς
1491 1572 1755 1649 διωγμοῖς
1805 1573 1895 1627 καὶ

244 1671 305 1726 ἐν
334 1675 451 1730 τοῖς
479 1667 762 1729 κινδύνοις.
797 1666 955 1722 Ἀλλ’
988 1667 1168 1741 ὥσπερ
1212 1670 1319 1722 τῶν
1375 1665 1706 1737 σκυθρωπῶν
1750 1660 1898 1734 αὖτῷ

240 1761 643 1832 κοινωνοῦμεν,
694 1757 838 1813 οὕτω
896 1757 984 1810 καὶ
1024 1760 1132 1811 τῶν
1181 1751 1419 1833 φαιδρῶν
1467 1752 1893 1823 κοινωνήσομεν.

240 1854 404 1913 Ὅθεν
438 1849 647 1926 ἐπάγει.
678 1875 700 1899 «ι
730 1847 903 1904 Ἀλλὰ
946 1847 1221 1917 ζησόμεθα
1252 1846 1342 1900 σὺν
1402 1844 1575 1936 αὐτῷ.Δ
1604 1868 1630 1893 ››
1931 1871 1973 1936 Β

243 1941 525 2007 Τουτὲστι,
558 1937 965 2017 δειχθησὸμεθα
994 1937 1045 1991 ἐν
1082 1938 1208 2007 ὑμῖν
1259 1940 1471 2004 ζῶντες,
1523 1932 1630 2007 οὐχ
1678 1929 1892 1996 ἁπλῶς,

243 2028 390 2085 ἀλλα
418 2028 515 2084 σὺν
548 2028 692 2097 αὖτῷ
741 2031 820 2099 τῷ
869 2028 1107 2101 Χριστῷ.
1160 2025 1262 2079 Καὶ
1316 2021 1443 2077 οὐδὲ
1490 2026 1650 2077 τοῦτο
1703 2020 1896 2083 ἁπλῶς

245 2125 466 2189 ζῶντες,
526 2118 652 2173 ἀλλ’
710 2117 769 2171 ἐκ
823 2124 923 2183 τῆς
984 2113 1261 2187 δυνάμεως
1343 2113 1507 2170 αὐτοῦ
1592 2113 1689 2179 τήν
1748 2112 1891 2180 ζωὴν

241 2202 488 2283 ἔχοντες,
533 2205 601 2261 δι’
637 2208 704 2275 ἧς
734 2206 821 2260 καὶ
854 2205 1013 2265 αὐτὸς
1052 2205 1275 2259 θάνατον
1332 2204 1575 2272 πατήσας
1623 2200 1712 2255 καὶ
1761 2198 1895 2272 ’ᾁδην

244 2297 570 2359 σκυλεύσας,
602 2299 691 2352 καὶ
733 2296 926 2367 ἁνὲστη
986 2296 1076 2350 καὶ
1131 2298 1219 2368 ζῇ.
1263 2293 1407 2363 Αὕτη
1460 2291 1517 2348 δὲ
1557 2296 1591 2362 ἡ
1642 2294 1753 2361 ζωὴ
1805 2291 1895 2345 καὶ

244 2390 284 2455 ἡ
321 2385 567 2459 δὸναμις,
629 2384 890 2457 δηλονότι
938 2385 1288 2458 τιμωρητική
1332 2382 1441 2436 ἐστι
1489 2386 1598 2435 τῶν
1647 2382 1714 2436 τά
1764 2378 1897 2458 ἔργα

244 2481 344 2533 τοῦ
400 2480 646 2546 πονηροῦ
695 2479 1060 2549 πραττόντων,
1112 2471 1290 2545 ὥσπερ
1344 2471 1582 2539 σωστικὴ
1634 2474 1743 2524 τῶν
1798 2490 1896 2543 με-

244 2570 464 2625 τάνοιαν
496 2563 906 2622 ἐπιτελούντων.
943 2564 1039 2617 Δια
1066 2562 1296 2623 τούτους
1339 2558 1395 2616 δὲ
1447 2559 1619 2637 λέγει,
1678 2560 1762 2616 ὅτι
1820 2561 1896 2632 μή

252 2661 632 2732 καταφρονεῖτε
666 2657 847 2726 ἡμῶν,
907 2653 981 2713 ὡς
1038 2653 1268 2725 ὁρῶντες
1322 2652 1471 2723 ἡμᾶς
1528 2647 1897 2722 διωκομένους

255 2747 343 2801 καὶ
383 2745 543 2820 μυρία
568 2744 905 2818 πάσιοιτας,
967 2741 1109 2796 οὕτω
1161 2739 1252 2794 καὶ
1284 2741 1313 2794 ὁ
1346 2739 1579 2813 Χριστὸς
1632 2758 1900 2817 κατεφρο-

252 2839 387 2905 νήθη
430 2832 844 2906 σταυρούμενος,
902 2829 1027 2886 ἀλλ’
1086 2829 1334 2895 ἀναστὰς,
1393 2831 1568 2882 πάντα
1625 2825 1724 2882 ὅσα
1771 2828 1900 2897 ἠθε-

835 2918 930 2973 Καὶ
1016 2920 1182 2990 ἡμεῖς
1271 2914 1328 2972 δὶ
1383 2915 1416 2971 ἃ
1474 2916 1779 2991 πάσχομεν,
1834 2913 1905 2972 δι’

1701 3003 1904 3067 ἐκεῖνος

248 2924 409 2993 λησεν
466 2923 719 2989 ἐποίησεν
735 2967 744 2976 .

244 3014 406 3068 αὐτὸν
463 3010 776 3089 πάσχομεν.
832 3010 989 3062 Ὢστε
1057 3008 1102 3063 εἰ
1157 3006 1247 3061 καὶ
1307 3006 1614 3078 πάσχομεν,

242 3099 303 3157 δὲ
334 3105 401 3174 ζῇ
434 3100 523 3155 καὶ
578 3097 825 3165 δ·3ναται,
876 3097 965 3152 καὶ
1016 3100 1178 3167 ἡμεῖς
1234 3096 1323 3150 σὺν
1376 3095 1522 3167 αὐτῷ
1572 3094 1683 3149 οῗον
1742 3095 1907 3150 αὐτοῦ

252 3189 531 3256 θέλοντος,
587 3188 676 3242 καὶ
732 3192 927 3259 ζῶμεν,
986 3186 1077 3240 καὶ
1131 3182 1345 3239 δυνατοί
1394 3182 1552 3254 ἐσμεν
1602 3189 1828 3251 ποιῆσαι
1875 3181 1906 3237 ὅ

257 3278 575 3354 βουλόμεθα
604 3278 679 3338 εἷς
714 3277 877 3349 ὑμᾶς,
908 3276 997 3331 καὶ
1034 3273 1271 3347 μάλιστα
1310 3272 1386 3333 εἷς
1422 3274 1583 3345 ὑμᾶς.
1612 3271 1904 3327 δτιπολλᾶ

248 3367 452 3445 ἔχομεν
508 3368 868 3422 ἆπειθουντων
931 3366 1101 3437 ὑμῶν,
1160 3361 1503 3435 δικαιώματα
1556 3362 1675 3416 καθ’
1726 3362 1897 3433 ὑμῶν.

250 3485 277 3511 σι
314 3461 409 3514 Ἐκ
438 3454 715 3528 δυνάμεως
746 3458 880 3511 Θεοῦ
909 3454 985 3516 εἷς
1017 3457 1177 3526 ὑμᾶς,
1204 3477 1231 3503 )›
1260 3485 1325 3494 -
1357 3453 1899 3527 [01ΚΟΥΜΕΝ1οΥ.]

258 3545 484 3619 Ομοίως
511 3546 705 3615 νόησον
738 3544 827 3598 καὶ
857 3548 1019 3598 τοῦτο
1048 3548 1127 3613 τῷ
1158 3542 1285 3596 ἂνω.
1316 3566 1343 3593 ‹‹
1369 3539 1550 3595 Ἀλλά
1574 3545 1636 3613 ζῇ
1660 3540 1718 3596 ἐκ
1739 3538 1899 3596 δυνά-

253 3656 398 3710 μεως
430 3639 585 3691 Θεοῦ.
620 3659 647 3684 ››
680 3634 758 3690 Τὸ
790 3630 869 3698 δὲ,
893 3656 922 3685 ‹‹
944 3632 1035 3693 Εἰς
1061 3633 1224 3702 ὑμᾶς,
1248 3654 1277 3682 ››
1300 3630 1435 3697 οἷον,
1458 3635 1610 3702 Ὑμῖν
1638 3632 1896 3702 ζήσομεν,

246 3725 522 3781 τουτέστιν
556 3723 633 3784 εἰς
661 3724 762 3790 τὴν
797 3724 947 3795 ὑμῶν
981 3719 1265 3800 ὠφέλειαν.
1293 3721 1386 3788 “Η,
1417 3722 1495 3775 Δι’
1523 3720 1681 3793 ὑμᾶς,
1707 3718 1893 3790 ἐπειδὴ

250 3837 435 3894 φησιν,
467 3812 866 3885 ἐπεστρέψαμεν
903 3811 1043 3883 ὑμᾶς
1075 3810 1110 3879 ἢ
1146 3810 1237 3863 σὺν
1292 3809 1421 3883 ὑμῖν
1478 3810 1714 3880 ζήσομεν
1751 3810 1891 3866 τότε.

251 3929 278 3957 ‹‹
311 3903 567 3963 Ἑαυτοὺς
599 3902 882 3975 πειράζετε
916 3923 943 3949 ››
973 3900 1136 3971 Ὁρᾷς
1187 3901 1299 3953 οἷον
1351 3899 1753 3967 κατασκευάζει.
1798 3900 1894 3954 Καὶ

245 3996 295 4050 τί
328 3994 491 4067 λέγω,
527 3990 682 4064 φησί,
714 3990 837 4061 περὶ
887 3990 1147 4063 ἐμαυτοῦ,
1197 3988 1280 4043 ’ὁτι
1314 3988 1341 4041 ὁ
1373 3988 1609 4061 Χριστὸς
1661 3986 1712 4041 ἐν
1764 3987 1893 4062 ἐμοὶ

245 4083 424 4140 λαλεῖσ
456 4084 547 4138 καὶ
578 4084 735 4155 ὑμεῖς
764 4086 867 4155 γάρ
900 4080 1075 4145 αὐτοὶ,
1110 4078 1153 4132 εἷ
1186 4080 1263 4149 μή
1312 4098 1363 4131 τι
1427 4074 1683 4148 ἀδόκιμοι
1730 4078 1893 4153 γεγό-

243 4194 390 4241 νατε,
420 4166 576 4252 ἔχετε
632 4170 684 4226 ἐν
749 4171 959 4229 ἱαυτοῖς
1015 4169 1105 4223 τὸν
1162 4165 1415 4241 Χριστόν.
1476 4165 1538 4222 Εἰ
1597 4164 1655 4220 δί
1713 4167 1893 4239 ὑμεῖς,

243 4259 439 4332 πολλῴ
468 4258 710 4331 μᾶλλον,
744 4257 930 4335 φησὶν,
970 4255 1099 4333 ἐγώ.
1133 4258 1371 4312 Ἐαυτῶν
1416 4258 1701 4329 τοιγαροῦν
1754 4254 1891 4310 ἁπό-

243 4371 429 4424 πεεραν
459 4354 721 4411 ποιεῖσθε,
786 4348 860 4419 μή
922 4365 1006 4406 τις
1064 4341 1124 4399 ἔκ
1179 4349 1285 4400 τῶν
1336 4343 1513 4417 ὀρθῶν
1570 4344 1887 4418 παρετράπη

245 4438 557 4515 δογμάτων,
608 4441 675 4509 τῇ
716 4440 823 4493 τῶν
885 4431 1348 4509 ψευδαπαστόλων
1407 4430 1633 4508 διδαχῇ.
1686 4435 1889 4509 [ΦΩΤ.]

243 4530 386 4602 Ἆρα
429 4527 505 4598 μὴ
564 4523 786 4588 ἑαυτοὺς
832 4525 1111 4599 πειράζετε
1168 4522 1219 4577 εἴ
1272 4522 1388 4577 ἐστι
1442 4522 1494 4577 ὲν
1549 4526 1618 4596 τῇ
1672 4521 1886 4592 πίστει;

2004 595 2351 665 Quanquam
2384 611 2593 665 passus
2624 602 2738 658 est.
2769 597 3055 667 inquit,ut
3085 599 3186 668 qui
3220 605 3494 655 naturam
3526 620 3656 672 pos-

2007 683 2239 739 sibilern
2264 690 2322 738 et
2349 685 2647 740 infirmam
2682 688 3025 758 assumpsit,
3047 688 3186 741 vivit
3237 695 3437 744 tamen
3467 691 3567 745 ubi
3622 710 3657 748 a

2008 774 2257 828 mortuis
2288 775 2610 829 resurrexit
2646 775 2871 830 habens
2926 793 2991 831 ac
3048 777 3245 832 ferens
3303 779 3364 833 in
3425 780 3652 852 seipsos

2006 868 2279 917 naturam
2313 864 2780 935 omnipotentem
2814 882 2878 920 ac
2910 866 3185 921 divinam.
3220 888 3246 916 «
3284 868 3581 939 Siquidem
3597 876 3655 927 et

2006 969 2114 1006 nos
2146 952 2367 1006 infirmi
2400 970 2625 1009 sumus.
2660 974 2687 1002 υ
2742 955 2885 1008 707
2950 957 3092 1009 Nam
3146 957 3651 1027 quemadmodum

2008 1041 2383 1113 ipse,inquit,
2410 1043 2559 1097 nihil
2591 1050 3015 1099 nocumentum
3048 1044 3109 1099 in
3141 1047 3407 1116 potentia
3428 1049 3657 1121 accepit

2008 1148 2074 1186 ex
2091 1147 2157 1185 eo
2172 1130 2325 1201 quod
2351 1133 2794 1202 persecutiones
2816 1140 2875 1188 et
2890 1135 3281 1190 contumelias
3300 1137 3655 1195 sustinemus

2006 1218 2143 1274 Ideo
2178 1219 2522 1290 subjunxit:
2559 1245 2584 1270 α
2621 1223 2685 1277 In
2713 1223 2862 1293 ipso.
2904 1247 2921 1270 ι
2962 1224 3123 1289 Quod
3158 1225 3313 1279 enim
3358 1226 3474 1281 ait:
3524 1249 3550 1276 α
3587 1229 3658 1283 Ει

2007 1325 2116 1365 nos
2148 1309 2368 1363 infirmi
2397 1327 2601 1366 sumus
2635 1312 2694 1366 in
2727 1312 2873 1383 ipso,
2921 1336 2947 1361 »
3009 1318 3111 1368 aut
3166 1314 3277 1369 hoc
3335 1315 3651 1387 signiﬁcat,

2009 1397 2168 1469 quod
2199 1416 2328 1469 qum
2360 1400 2620 1471 patimur
2668 1406 2906 1472 propter
2964 1402 3156 1473 ipsum
3208 1404 3486 1474 patimur.
3539 1408 3654 1461 Aut

2008 1487 2165 1558 quod
2195 1488 2527 1543 videbimur
2547 1490 2708 1545 vobis
2739 1490 2982 1555 infirmi,
3017 1508 3084 1547 eo
3118 1493 3273 1561 quod
3305 1510 3423 1548 non
3476 1495 3653 1566 puni-

2007 1592 2141 1632 mus
2161 1583 2263 1632 aut
2293 1578 2582 1649 supplicio
2616 1578 2903 1634 tradimus
2937 1596 2951 1635 :
2988 1580 3087 1634 scd
3123 1581 3235 1636 hoc
3295 1598 3531 1653 quoque
3590 1583 3651 1638 in

2008 1664 2237 1719 Christo
2258 1664 2529 1720 facimus.
2564 1665 2707 1720 Nam
2740 1668 2865 1738 ipse
2922 1684 3031 1722 nos
3090 1668 3289 1724 docuit
3318 1670 3565 1726 sufferre
3594 1676 3652 1727 et

2007 1755 2376 1828 longanimes
2410 1773 2558 1811 esse.
2595 1757 2705 1812 Sed
2737 1758 3237 1827 quemadmodum
3270 1761 3517 1818 sufferre
3547 1762 3651 1819 do-

2008 1845 2129 1900 cuit
2160 1851 2216 1898 et
2247 1844 2615 1915 longanimes
2640 1863 2789 1909 esse,
2838 1848 2920 1902 ita
2978 1865 3212 1919 quoque
3272 1850 3331 1904 in
3384 1851 3650 1923 stupidos

2007 1941 2064 1989 et
2092 1950 2211 1988 non
2246 1935 3016 2008 resipiscentes,punitivam
3048 1943 3106 1991 et
3136 1940 3513 1997 cruciativam
3546 1957 3649 1996 seu

2004 2023 2420 2078 vindicativam
2460 2025 2786 2095 potentiam
2828 2024 3180 2079 ostendere:
3243 2028 3323 2083 ita
3376 2030 3536 2084 enim
3592 2035 3652 2085 et

2006 2113 2133 2184 ipse
2166 2112 2323 2170 facit.
2358 2137 2381 2161 ιι
2418 2114 2481 2167 ln
2514 2114 2659 2183 ipso.
2699 2136 2725 2161 ››
2772 2115 2889 2168 Hoc
2922 2120 3031 2180 est,
3064 2121 3303 2187 propter
3340 2117 3535 2187 ipsum
3594 2124 3653 2172 et

2007 2202 2489 2275 prmdicationem
2521 2204 2707 2273 ipsius
2730 2203 2952 2258 infirmi
2986 2220 3190 2259 sumus
3213 2204 3271 2259 in
3292 2206 3651 2276 persecutio-

2006 2293 2179 2349 nibus
2214 2294 2362 2348 etin
2412 2293 2711 2364 periculis.
2774 2293 2885 2349 Sed
2946 2294 3449 2365 quemadmodum
3508 2297 3650 2352 socii

2006 2382 2227 2437 fuimus
2260 2382 2371 2454 ipsi
2408 2383 2469 2436 in
2503 2383 2791 2444 tristibus,
2821 2384 2902 2438 ita
2951 2399 3187 2455 quoque
3216 2386 3358 2439 socii
3392 2386 3452 2440 in
3504 2386 3653 2441 laetis

2009 2471 2423 2527 erimus.Unde
2456 2472 2759 2545 subjungit
2788 2490 2847 2526 ;‹‹
2872 2473 2979 2528 Sed
3012 2474 3277 2529 venimus
3301 2491 3434 2529 cum
3467 2476 3655 2546 ipso.»

2010 2561 2128 2616 Hoc
2156 2567 2264 2628 est,
2297 2561 2681 2617 ostendemur
2706 2563 2963 2616 viventes
2983 2562 3042 2617 in
3077 2562 3259 2624 vobis,
3290 2580 3409 2617 non
3432 2564 3658 2633 vulgari

2009 2648 2317 2715 modo,sed
2350 2666 2482 2705 cum
2506 2650 2634 2721 ipso
2666 2651 3654 2722 Christo.Necutcunqueviventes.

2014 2738 2117 2793 sed
2148 2755 2217 2793 ex
2278 2738 2544 2810 potentia
2598 2740 2785 2811 ipsius
2833 2741 3008 2795 vitam
3070 2740 3399 2796 habentes:
3432 2758 3551 2812 qua
3603 2746 3661 2798 et

2011 2829 2139 2900 ipse
2170 2828 2515 2884 conculcata
2544 2834 2754 2894 morte,
2788 2830 3159 2902 spoliatoque
3190 2830 3420 2886 inferno
3444 2837 3502 2887 et
3529 2848 3660 2886 sur-

2014 2919 2165 2973 rexit
2190 2924 2248 2972 et
2276 2918 2429 2971 vivit.
2465 2919 2598 2973 Haec
2629 2924 2823 2974 autem
2857 2919 2947 2974 via
2974 2926 3025 2973 et
3081 2926 3343 2991 potestas
3396 2921 3662 2991 punitiva

2018 3023 2159 3062 sane
2190 3013 2282 3062 est
2312 3007 2592 3062 adversus
2622 3024 2723 3062 eos
2751 3008 2848 3079 qui
2885 3025 3063 3079 opera
3106 3009 3248 3064 mali
3308 3009 3470 3063 illius
3519 3026 3659 3080 ope-

2017 3104 2263 3152 rantur:
2289 3096 2789 3166 quemadmodum
2823 3097 2997 3152 etiam
3030 3097 3319 3152 servativa
3350 3104 3439 3152 est
3469 3098 3527 3151 in
3562 3113 3662 3152 eo-

2017 3205 2148 3242 rum
2182 3188 2497 3243 utilitatem
2539 3188 2639 3257 qui
2688 3187 2944 3258 perfecte
2994 3188 3370 3259 resipiscunt.
3416 3188 3664 3257 Propter

2015 3277 2141 3333 haec
2171 3277 2367 3347 itaque
2394 3292 2468 3334 ne
2498 3293 2627 3342 nos,
2683 3276 2897 3347 inquit,
2950 3276 3311 3348 despiciatis,
3362 3275 3519 3347 quod
3553 3292 3659 3330 nos

2010 3366 2258 3423 videatis
2289 3367 2734 3440 persecutiones
2758 3366 2993 3437 aliaque
3049 3366 3294 3422 adversa
3345 3366 3660 3421 innumera

2012 3458 2322 3531 patientes.
2352 3457 2438 3514 Ita
2463 3463 2522 3510 et
2547 3456 2813 3511 Christus
2864 3456 3179 3528 despectus
3207 3461 3297 3510 est
3337 3472 3471 3510 cum
3530 3472 3656 3511 cru-

2010 3548 2348 3619 ciﬁgeretur
2383 3563 2395 3600 :
2430 3550 2490 3601 at
2517 3545 2616 3599 ubi
2648 3545 2988 3607 resurrexit,
3043 3544 3245 3603 omnia
3291 3561 3659 3616 quacunque

2008 3636 2193 3691 voluit
2222 3635 2377 3691 fecit.
2404 3636 2594 3689 Etnos
2626 3651 2766 3691 sane
2799 3651 2930 3704 quae
2949 3634 3435 3705 patimus.ltaque
3450 3650 3657 3704 quam-

2010 3725 2094 3779 vis
2126 3725 2408 3795 patimur,
2442 3723 2543 3778 ille
2602 3728 2799 3778 tamen
2830 3722 2970 3775 vivit
3022 3728 3081 3777 et
3110 3728 3318 3792 potens
3367 3728 3475 3785 est,
3508 3739 3655 3776 nos-

2009 3830 2124 3884 que
2147 3829 2279 3867 cum
2310 3813 2436 3882 ipso
2466 3829 2476 3866 :
2512 3812 2623 3865 hoc
2651 3817 2759 3877 est,
2788 3812 2913 3882 ipso
2940 3810 3169 3865 volente
3228 3814 3286 3865 et
3324 3809 3569 3866 vivimus
3601 3816 3659 3866 et

2007 3907 2281 3975 potentes
2305 3918 2511 3957 sumus
2542 3900 2735 3955 facere
2785 3916 3155 3971 qumcunque
3216 3899 3488 3954 volumus
3519 3916 3656 3972 erga

2007 4008 2127 4055 vos,
2162 3996 2219 4043 et
2246 3989 2698 4060 potentissimus
2728 4006 2867 4060 erga
2896 4005 2995 4044 vos
3021 4006 3033 4042 :
3060 3988 3277 4046 multas
3300 3988 3650 4045 enimhabe-

2007 4096 2140 4135 mus
2172 4078 2334 4134 vobis
2370 4094 2504 4133 cum
2571 4077 2952 4133 credentibus
2991 4077 3392 4148 justiﬁcantes
3441 4094 3649 4134 causas

2008 4168 2318 4224 adversum
2350 4184 2470 4222 vos.
2508 4190 2533 4215 ‹‹
2570 4168 2651 4221 Ex
2709 4165 2979 4236 potentia
3024 4166 3125 4222 Dei
3174 4183 3309 4239 erga
3367 4184 3486 4223 vos.
3520 4189 3549 4217 ιο
3584 4199 3648 4210 .-

2008 4258 2139 4314 Pari
2170 4257 2344 4312 modo
2376 4257 2486 4311 hoc
2516 4255 2783 4325 intellige
2823 4272 2959 4312 cum
2990 4271 3059 4310 eo
3117 4256 3276 4327 quod
3334 4274 3514 4329 supra
3568 4258 3653 4312 di-

2006 4354 2166 4404 ctum
2202 4352 2321 4402 est:
2350 4346 2501 4401 Vivit
2530 4352 2730 4402 tamen
2782 4361 2852 4399 ex
2909 4345 3176 4417 potentia
3222 4345 3343 4400 Dei.
3403 4366 3425 4395 »
3488 4345 3653 4410 Quod

2007 4444 2206 4494 autem
2238 4437 2359 4493 ait:
2391 4459 2415 4485 ‹‹
2443 4436 2590 4508 Erga
2619 4452 2744 4495 vos.
2779 4456 2805 4482 ››
2839 4434 2950 4491 hoc
3009 4440 3116 4496 est,
3174 4433 3335 4490 vobis
3392 4434 3651 4489 vivemus

2006 4526 2065 4581 id
2096 4531 2185 4582 est
2215 4525 2287 4580 ad
2331 4525 2652 4582 utilitatem
2706 4529 2980 4578 vestram.
3043 4526 3176 4587 Aut,
3235 4524 3482 4594 Propter
3529 4539 3650 4589 vos,

246 4614 347 4687 ἄρα
381 4615 456 4686 μή
491 4612 716 4674 ἑαυτοὺς
751 4609 1109 4685 δοκιμαζετες
1140 4610 1204 4665 τὸ
1243 4608 1344 4686 γὰρ
1384 4603 1462 4665 ἔτι
1512 4607 1746 4684 δοκιμὴν
1791 4615 1889 4681 ζη-

2005 4614 2485 4687 quandoquidem
2518 4613 2918 4670 convertimus
2969 4628 3090 4666 vos.
3152 4614 3284 4675 Aut,
3336 4593 3650 4668 Vobiscum

243 4711 350 4761 τεῖν
378 4709 475 4760 τοῦ
506 4704 557 4759 ἂν
588 4704 711 4777 ἐμοὶ
745 4702 1046 4764 λαλοῦντος
1086 4703 1343 4776 Χριστοῦ,
1392 4701 1480 4755 καὶ
1530 4700 1684 4758 οὔπω
1732 4703 1888 4778 ἀκρι-

248 4789 357 4857 ϐῶς
387 4798 672 4856 πεπεῖσθαι
701 4792 775 4853 ὠς
839 4790 892 4845 ὲν
952 4789 1032 4863 τῷ
1090 4787 1404 4862 διδασκάλῳ
1462 4788 1624 4846 λαλεῖ
1679 4792 1707 4846 ὁ
1762 4794 1887 4868 Χρι-

245 4884 391 4950 στὸς,
420 4884 472 4938 τί
529 4878 709 4956 ἕτερόν
774 4878 914 4935 ἐστιν
970 4880 1003 4948 ἦ
1064 4878 1154 4933 καὶ
1213 4879 1433 4942 δαυτοὺς
1486 4880 1779 4955 πειράζειν,
1840 4881 1885 4937 εἲ

240 4973 358 5030 ἕστε
385 4972 571 5028 πιστοὶ
600 4972 688 5026 καὶ
720 4964 1095 5049 ἀμφιϐάλλειν
1126 4967 1216 5023 καὶ
1269 4967 1393 5042 περὶ
1439 4968 1681 5038 ἱαυτῶνς
1744 4969 1888 5042 μᾶλ-

241 5063 334 5120 λον
368 5060 427 5119 δὶ
450 5061 543 5117 καὶ
573 5061 786 5136 ἀγνοεῖν
816 5057 987 5126 ὅλως,
1019 5058 1104 5114 ὅτι
1134 5058 1164 5112 ὁ
1188 5058 1417 5132 Χριστὸς
1448 5056 1499 5111 ἐν
1535 5058 1664 5132 ὑμῖν
1721 5058 1883 5117 ἐστιν.

237 5152 303 5213 El
331 5151 433 5228 γὰρ
464 5150 564 5206 οὐκ
591 5148 643 5206 ἐν
674 5153 755 5221 τῷ
784 5144 1098 5219 διδασκάλῳ
1129 5148 1157 5202 ὁ
1186 5148 1439 5221 Χριστὸς,
1493 5146 1693 5221 πολλῷ
1744 5148 1883 5221 μᾶλ-

238 5241 336 5300 λον
377 5237 494 5296 οὐδ’
523 5240 577 5294 ἐν
606 5244 722 5300 τοῖς
792 5242 1083 5309 μαθηταῖς.
1143 5235 1321 5291 Ἀλλὰ
1358 5239 1497 5304 πῶς,
1547 5258 1733 5314 φησιν,
1785 5238 1888 5294 οὐκ

237 5331 618 5405 ἐπιγινώσκετε
648 5326 731 5382 ὅτι
772 5324 823 5380 ἐν
877 5326 1001 5398 ὑμῖν
1059 5325 1089 5380 ὁ
1147 5322 1401 5399 Χριστὸς.
1458 5320 1517 5387 ὅς
1572 5326 1659 5380 καὶ
1720 5326 1883 5401 χαρί.

241 5441 402 5493 σματι
452 5416 736 5494 διαφόροις
785 5412 1099 5469 ὲπλούτισεν
1158 5414 1337 5485 ὑμᾶς;
1370 5413 1404 5483 ἢ
1455 5410 1544 5468 διὰ
1592 5417 1698 5469 τῶν
1748 5415 1885 5487 πρά-

238 5516 368 5587 ξεων
432 5510 583 5583 ὑμῶν
658 5502 955 5576 ἀδοκίμους
1012 5502 1233 5564 ἑαυτοὺς
1288 5505 1745 5577 παραστήσαντις,
1798 5509 1887 5561 καὶ

238 5602 444 5659 τούτων
476 5594 767 5667 ἰεεπὼετε,
815 5596 976 5649 τοῦτο
1035 5589 1111 5661 δί,
1160 5589 1257 5667 ’ίγα
1312 5590 1453 5666 εἴπῃ,
1506 5592 1589 5649 δτι
1634 5594 1682 5650 εἰ
1728 5594 1887 5671 ὐμεῖς

240 5688 556 5769 χαρίσματα
621 5684 709 5739 καὶ
785 5682 942 5757 ἰσχὺν
996 5682 1134 5737 κατὰ
1189 5680 1506 5754 πνευμάτων
1571 5681 1886 5763 ἆκαθάρτων

1996 4712 2137 4762 tunc
2165 4704 2442 4759 vivemus.
2481 4724 2509 4751 ‹‹
2543 4702 2658 4757 Vos
2717 4701 2875 4773 ipsos
2926 4706 3170 4756 tentate.
3204 4720 3230 4751 ι
3296 4700 3467 4758 Vides
3508 4702 3651 4773 quid

1996 4793 2213 4868 paret?
2240 4795 2309 4848 Et
2340 4792 2483 4864 quid
2506 4792 2577 4846 de
2608 4807 2703 4847 me
2727 4790 2881 4857 dico,
2917 4791 3131 4862 inquit,
3167 4790 3325 4863 quod
3382 4790 3649 4847 Christus

1992 4885 2055 4942 in
2086 4900 2180 4940 me
2210 4880 2539 4955 loquatur?
2570 4883 2715 4937 Nam
2751 4885 2810 4935 et
2865 4896 2967 4935 vos
3016 4880 3150 4951 ipsi,
3214 4880 3364 4936 708
3418 4881 3533 4939 nisi
3590 4881 3652 4937 in

1995 4974 2198 5046 aliquo
2230 4971 2468 5043 reprobi
2501 4970 2639 5027 facti
2672 4968 2815 5024 estis
2846 4968 3148 5025 Christum
3202 4969 3263 5025 in
3294 4969 3458 5025 vobis
3505 4970 3651 5043 ipsis

1995 5062 2228 5121 habetis
2261 5078 2274 5115 :
2302 5059 2459 5132 quod
2484 5060 2532 5114 si
2565 5057 2883 5125 vos,multo
2916 5058 3103 5127 magis
3144 5074 3269 5132 ego,
3302 5058 3518 5130 inquit.
3544 5059 3655 5116 Ex'

1995 5152 2395 5226 perimentum
2430 5148 2610 5221 igitur
2638 5148 2817 5203 vestri
2848 5148 3111 5219 ipsorum
3142 5146 3317 5203 facite
3349 5161 3424 5204 ne
3458 5148 3591 5219 quis
3612 5165 3647 5204 ει

1994 5239 2172 5297 rectis
2195 5242 2561 5311 pervertatur
2589 5235 2903 5310 dogmatis,
2936 5252 3043 5309 per
3082 5234 3415 5290 doctrinam
3464 5250 3645 5307 pseu-

1995 5328 2460 5401 dapostolorum.
2491 5328 2639 5382 Num
2685 5326 2949 5396 vosipsos
2998 5324 3239 5380 tentatis
3288 5340 3364 5380 an
3416 5323 3478 5379 in
3528 5324 3645 5381 ﬁde

1997 5418 2125 5475 sitis
2154 5416 2182 5473 ?
2210 5432 2354 5473 num
2377 5433 2477 5471 vos
2507 5416 2668 5487 ipsos
2698 5413 2959 5486 probatis
2988 5413 3015 5468 ?
3057 5412 3361 5485 Siquidem
3410 5415 3645 5486 experi-

1995 5514 2261 5567 mentum
2286 5521 2551 5577 quaarere
2579 5504 2879 5575 loquentis
2911 5502 2971 5557 in
3021 5520 3113 5558 me
3138 5502 3374 5570 Christi,
3408 5508 3467 5559 et
3497 5520 3648 5565 non-

1996 5598 2138 5656 dum
2168 5597 2343 5671 plene
2374 5611 2690 5669 persuasos
2720 5610 2849 5651 esse
2874 5592 3031 5666 quod
3053 5594 3115 5649 in
3138 5593 3418 5668 magistro
3441 5593 3650 5669 loqua'

1992 5693 2089 5748 tur
2118 5685 2552 5760 Christus,quid
2584 5685 2745 5742 aliud
2775 5688 2864 5742 ut
2892 5700 3071 5758 quam
3092 5700 3192 5740 vos
3221 5684 3637 5758 ipsosquoquo
