4048 6250
332 398 487 460 1085

1289 399 1697 460 COMMENT.
1744 400 1819 459 IN
1868 398 2111 459 EPIST.
2157 398 2214 459 II
2266 400 2365 456 .‘.D
2410 396 2778 457 CORINTH.

3578 394 3734 457 1086

326 526 612 599 ἐπιμένετε
640 534 706 603 τῇ
750 531 988 605 ἁμαρτίᾳ
1011 535 1473 611 καταφρονοῦντες
1528 538 1627 600 τῆς
1681 529 1973 603 τιμωρίας,

2101 531 2313 602 >ριο,ἱη
2346 531 2459 586 hoc
2489 529 2735 601 gaudeo.
2770 528 2828 583 Si
2860 545 2998 584 vero
3031 529 3093 584 in
3123 532 3363 600 peccato
3394 544 3739 599 permanse-

333 618 639 689 ἀνιώμενος
676 621 769 691 μὲν
800 620 885 674 καὶ
952 622 1300 696 βαρυθυμῶν,
1360 620 1513 693 ὅμως
1566 622 1981 694 τιμωρήσομαι.

332 707 547 777 Ῥᾴδιον
582 710 682 785 γάρ
722 732 813 781 μοι
842 712 903 764 τὸ
953 708 1189 781 ἐλπίζειν
1224 714 1407 766 τοῦτο.
1444 733 1468 761 α
1509 711 1630 785 Οὐχ
1684 710 1771 763 ἳνα
1824 712 1987 783 ἡμεῖς

336 795 557 870 δόκιμοι
583 804 860 873 (ξανῶμεν.
900 824 925 849 ››
956 801 1046 856 Ἐγ
1080 801 1181 875 γὰρ
1215 804 1312 854 τοῦ
1374 802 1448 871 μή
1500 801 1823 873 ἁμαρτάνειν
1886 799 1985 853 αὐ-

330 886 480 954 τοὺς,
514 888 615 941 οὐκ
644 881 721 941 ἔτι
754 889 852 956 την
896 890 1276 963 τιμωρητικην
1340 887 1676 944 ἐπεδείκνυτο
1736 886 1985 959 δύναμιν,

338 976 430 1031 καὶ
488 975 654 1032 πάλιν
710 978 782 1038 ὡς
847 976 1110 1050 ἀδόκιμος
1165 979 1254 1032 καὶ
1348 978 1643 1057 ἀνίσχυρος
1726 977 1984 1051 ἐκρίνετο.

338 1092 366 1119 u
395 1068 585 1140 Ἡμεῖς
617 1066 673 1123 δὲ
733 1069 806 1130 ὡς
864 1067 1146 1141 ἀδόκιμοι.
1182 1094 1208 1120 ››
1271 1072 1462 1130 Καλῶς
1519 1072 1599 1135 τὸ,
1658 1071 1744 1130 Ὠς
1803 1066 1987 1122 ἀδόκι-

339 1178 456 1230 μοι.
488 1157 569 1215 Οὐ
600 1157 704 1232 γὰρ
759 1161 827 1229 τῇ
889 1157 1118 1229 ἀληθείᾳ
1173 1157 1437 1230 ἤμελλεν,
1508 1157 1621 1213 ἐπεὶ
1683 1160 1758 1231 μή
1816 1178 1991 1229 τιμω-

339 1252 515 1320 ρεῖται
568 1247 644 1318 μὴ
735 1248 1156 1322 ἁμαρτανοντας,
1206 1244 1470 1320 ἀδόκιμος
1527 1248 1787 1325 γίνεσθαι,
1846 1244 1991 1301 ἀλλά

337 1335 428 1389 καὶ
462 1333 700 1407 μάλιστα
729 1333 975 1407 δόκιμος,
1010 1335 1152 1391 ἀλλὰ
1181 1333 1267 1390 διά
1298 1339 1395 1406 τὴν
1426 1342 1529 1391 τῶν
1594 1334 1821 1391 πολλῶν
1855 1334 1990 1390 ὑπό-

341 1424 535 1499 ληψιν,
567 1424 684 1480 εἶπε
710 1426 795 1489 τὸ,
828 1426 902 1485 ὡς
932 1423 1209 1498 ἀδόκιμοι·
1244 1450 1271 1477 ‹‹
1333 1426 1405 1480 Οὐ
1464 1426 1565 1503 γὰρ
1625 1423 1897 1498 δυνάμεθά
1935 1445 1989 1480 τι

342 1516 478 1571 κατά
506 1522 606 1584 τῆς
647 1512 928 1586 ἀληθείας.
964 1540 991 1567 ››
1031 1518 1154 1572 Ἐάν
1206 1536 1289 1576 τις
1347 1514 1569 1587 ἀληθῶς
1635 1516 1771 1592 βιοῖ,
1831 1515 1985 1592 φησῖ,

343 1604 434 1661 καὶ
467 1600 719 1666 εὐσεϐῶς.
766 1604 1053 1676 Ἀλήθειαν
1085 1606 1188 1681 γὰρ
1255 1609 1345 1659 νῦν
1404 1606 1502 1672 την
1559 1599 1827 1660 εὐσέϐειαν
1886 1625 1986 1659 κα-

340 1695 448 1762 λεῖ,
481 1696 555 1758 ὡς
585 1698 745 1751 νόθου
778 1692 931 1759 ὄντος
986 1695 1082 1752 τοῦ
1142 1693 1432 1757 δυσσεϐοῦς
1477 1696 1616 1772 βίου.
1652 1695 1727 1753 Οὐ
1781 1695 1881 1771 γάρ
1939 1695 1985 1750 εί

337 1780 677 1857 βουλοίμεθα
762 1783 1047 1859 ἐπαγαγεῖν
1140 1785 1459 1859 τιμωρίαν,
1544 1782 1846 1855 δυνάμεθα.
1906 1782 1983 1840 Οὐ

334 1878 586 1946 συνεργεῖ
602 1876 702 1949 γὰρ
737 1875 764 1929 ὁ
797 1875 946 1934 Θεός.
983 1874 1054 1929 Οὐ
1088 1875 1191 1947 γὰρ
1224 1875 1361 1928 κατά
1403 1881 1505 1943 τῆς
1562 1872 1819 1942 ἀληθείας
1861 1873 1978 1928 οῖον
2014 1904 2059 1968 Β

339 1956 612 2023 εὐσεϐείας
678 1984 732 2017 τι
791 1963 1081 2037 ίσχύομεν.
1133 1964 1189 2018 Ἦ
1252 1960 1308 2017 δὲ
1363 1961 1521 2038 ἰσχὺς
1591 1965 1774 2033 ἡμῶν.
1823 1962 1980 2037 ’Υπὲρ

341 2051 527 2120 αὐτῆς,
558 2051 644 2106 ’ἱνα
674 2051 799 2113 τοὺς
838 2054 912 2124 μὴ
946 2053 1062 2107 κατ’
1123 2051 1286 2119 αὐτην
1327 2057 1547 2121 ζῶντας,
1610 2048 1698 2105 διᾶ
1733 2057 1833 2119 τῆς
1898 2072 1985 2105 τι·

343 2141 554 2215 μωρίας
612 2141 979 2217 ἀναγκάζομεν
1036 2142 1301 2215 αἱρεῖσθαι
1360 2140 1555 2209 αὐτήν.
1625 2166 1642 2189 ι
1700 2140 1982 2213 Χαίρομεν

337 2229 439 2305 γὰρ
473 2230 598 2284 ὅταν
642 2232 806 2303 ἡμεῖς
838 2231 1161 2303 ἀσθενῶμεν.
1211 2253 1237 2279 ››
1292 2232 1358 2285 Τί
1424 2230 1513 2283 οῦν
1554 2247 1566 2297 ;
1599 2227 1749 2286 Ἐπεέ
1784 2229 1860 2299 μή
1894 2226 1984 2282 3'3-

336 2339 504 2390 ναμαι
535 2319 621 2372 καὶ
663 2317 997 2392 βουλόμενος
1029 2318 1162 2373 κατᾶ
1214 2325 1313 2386 τῆς
1346 2316 1624 2387 ἀληθείας.
1657 2320 1791 2392 Ἀρα
1830 2316 1986 2391 ἀλγῶ

347 2407 476 2476 ὑπὲρ
518 2408 763 2475 τούτου;
823 2408 1129 2479 Οὐμενοῦν.
1198 2408 1405 2481 Χαίρων
1474 2408 1575 2481 γὰρ
1637 2408 1762 2461 ὅταν
1821 2408 1988 2478 ἡμεῖς

343 2496 577 2559 ἀσθενεῖς
608 2497 981 2568 νομιζώμεοα,
1033 2496 1092 2551 ἐκ
1149 2500 1245 2552 τοῦ
1316 2499 1391 2571 μή
1427 2496 1641 2569 ἐπάγειν
1697 2497 1989 2570 τιμωρίαν.

338 2587 524 2657 Ὑμεῖς
550 2583 605 2640 δέ
643 2586 883 2660 ἰσχυροὶ,
919 2585 977 2640 ἐκ
1005 2590 1099 2638 τοῦ
1156 2585 1435 2641 ἀνάλωτοι
1495 2586 1631 2640 εἶναι
1677 2589 1745 2659 τῇ
1822 2606 1993 2657 τιμω-

355 2677 551 2749 ρητικῇ
583 2697 688 2747 μου
732 2674 976 2749 δυνάμει,
1039 2672 1127 2730 διὰ
1183 2677 1245 2731 τὸ
1300 2678 1453 2751 βιοῦν
1509 2676 1703 2750 ὀρθῶς.
1747 2698 1774 2727 ‹‹
1816 2677 1991 2731 Τοῦτο

345 2762 402 2818 δὲ
430 2764 519 2817 καὶ
551 2764 849 2837 εὐἈόμεθα.
884 2787 910 2813 η
948 2767 1087 2838 Ἀρα
1147 2763 1239 2819 οὖν
1305 2764 1465 2837 μόνον
1526 2763 1793 2843 χαίρομεν
1829 2784 1843 2831 ;
1902 2763 1992 2818 καὶ

342 2852 609 2932 εὐχόμεθα
644 2854 738 2927 μὲν
773 2855 866 2909 οῦν
929 2856 1029 2921 τήν
1090 2857 1250 2928 ἡμῶν
1304 2855 1640 2928 κατάρτισιν,
1697 2854 1991 2924 τουτέστιν,

347 2937 725 3010 εὐδοκίμησιν,
754 2942 842 2994 καὶ
878 2942 940 2995 τὸ
975 2940 1311 3013 ἀπηρτίσθαι
1366 2941 1417 2995 ἐν
1480 2941 1586 3015 βίῳ
1633 2942 1723 2995 καὶ
1758 2940 1995 3018 δόγμασι

345 3034 633 3104 χρηστοῖς.
665 3032 735 3084 ’Ἠ
774 3028 868 3083 ’ίνα
900 3027 1314 3108 σφαλλομὲνους
1347 3030 1779 3105 τιμωρούμενοι,
1836 3028 1999 3102 δόξω-

350 3138 443 3189 μεν
473 3119 606 3172 εἴναι
640 3116 728 3172 δυν
740 3119 878 3174 ατοί.

406 3402 504 3456 Διὰ
567 3405 731 3457 τοῦτο
789 3406 956 3457 ταῦτα
1026 3402 1177 3459 ἀπὼν
1244 3404 1462 3479 γράφω,
1516 3402 1606 3457 ἳνα
1666 3403 1741 3474 μὴ
1802 3403 1990 3473 παρὼν

336 3488 633 3562 ἀποτόμως
742 3494 1040 3565 χρήσωμαι
1078 3536 1091 3561 ,
1195 3492 1332 3547 κατᾶ
1432 3492 1530 3559 την
1607 3491 1846 3565 ἐξουσίαν
1922 3492 1991 3563 ἣν

333 3569 506 3631 ἴδωκὲ
574 3598 668 3648 μοι
727 3578 756 3632 ὁ
816 3578 1034 3653 Κύριος,
1094 3578 1170 3642 εἲς
1226 3577 1529 3653 οἷκοδομὴν
1585 3579 1675 3635 καὶ
1734 3580 1833 3635 οὐκ
1914 3580 1990 3643 εἰς

332 3664 659 3737 καθαίρεσιν.

410 3750 635 3821 Ἐπειδὴ
672 3752 878 3831 σφόδρα
914 3752 1211 3825 ἐπέπληξεν
1273 3754 1467 3819 αὐτοὺς
1526 3762 1810 3836 πανταχοῦ
1872 3758 1989 3831 μὶν,

342 3843 581 3914 μάλιστα
609 3840 665 3896 δέ
696 3842 746 3897 ὲν
788 3848 865 3914 τῷ
896 3842 1039 3898 τέλει
1069 3850 1168 3911 τῆς
1200 3844 1517 3914 ἐπιστολῆς,
1560 3850 1650 3899 νῦν
1682 3842 1769 3901 δὲ
1808 3847 1993 3902 101.05-

338 3952 448 3985 των
480 3929 865 4009 ἀπολογεῖται,
897 3932 987 3986 καί
1013 3954 1165 4008 φησι·
1211 3935 1310 3987 Διά
1340 3938 1507 3989 τοῦτο
1541 3934 1715 3995 οὕτως
1762 3934 1991 4010 ἓγραψα,

338 4021 411 4080 ὼς
500 4021 842 4095 βουλόμενος
901 4021 1034 4097 ἃχρι
1117 4026 1225 4077 τῶν
1284 4023 1626 4097 γραμμάτων
1696 4024 1833 4077 εῖναι
1893 4024 1993 4092 την

345 4108 675 4180 ἀποτομίαν,
779 4110 870 4165 καὶ
978 4111 1052 4181 μή
1161 4109 1211 4164 ἐν
1314 4106 1494 4185 ἔργοις
1588 4107 1989 4185 ἐπιδειχθῆναι.

352 4198 549 4252 ιΚατά
619 4200 721 4267 τήν
798 4197 1039 4269 ἐξουσίαν
1117 4199 1183 4269 ἢν
1257 4195 1428 4254 ἔδευκὲ
1507 4220 1600 4273 μοι
1648 4201 1675 4255 ὁ
1736 4201 1991 4274 Κύριος.»

338 4292 495 4342 Ὥστε
581 4287 678 4341 κᾶν
761 4288 1005 4358 κολάζω,
1092 4290 1276 4368 φησὶν,
1362 4288 1460 4345 οὐκ
1553 4289 1663 4363 ἐγὼ
1748 4288 1992 4361 κολάζω,

337 4373 484 4431 ἀλλᾶ
542 4373 631 4431 διὰ
708 4378 873 4449 μέτου
949 4376 1106 4450 ἐμοῦ,
1185 4379 1212 4433 ὁ
1287 4377 1485 4448 ταύτην
1568 4400 1663 4452 μοι
1740 4377 1991 4443 δεδωκὼς

337 4465 437 4533 τὴν
467 4465 709 4536 ἐξουσίαν
744 4465 995 4540 Χριστός.
1041 4468 1182 4539 ’Ὅρα
1241 4463 1319 4536 δὲ,
1373 4465 1423 4522 ἐν
1476 4472 1554 4539 τῷ
1580 4465 1991 4540 ἀπολογεῖσθαι,

342 4548 723 4631 φοϐερώτερον
752 4555 841 4608 τὸν
877 4550 1039 4630 λόγον
1070 4554 1380 4631 εἶργᾶσατο.
1442 4555 1502 4612 Τί
1559 4556 1651 4610 οῦν
1689 4575 1702 4623 ;
1737 4553 1878 4611 ε’ίποι
1910 4577 1992 4617 τις

2094 621 2243 682 ritis.
2277 626 2624 676 contemnes
2652 619 2943 691 supplicia
2974 637 2986 673 :
3022 619 3232 674 anxius
3265 618 3503 690 quidem
3536 626 3594 673 et
3650 635 3744 675 re-

2093 718 2390 782 pugnante
2412 710 2635 769 animo,
2668 709 2922 763 ulciscar
2971 715 3217 764 tamen:
3278 725 3414 762 nam
3439 708 3495 763 id
3555 710 3741 783 magis

2094 806 2429 871 promptum
2464 806 2555 855 est
2587 815 2825 871 sperare
2852 800 2969 853 sive
3001 799 3204 854 vereri.
3238 821 3264 848 «
3298 800 3423 854 Non
3457 816 3574 870 quo
3633 818 3741 855 nos

2094 890 2323 962 probati
2346 906 2794 960 appareamus.»
2823 890 2901 942 Ex
2924 906 2992 943 eo
3016 889 3173 943 enim
3200 888 3355 959 quod
3388 905 3505 942 non
3532 906 3740 960 pecca-

2094 984 2243 1039 rent,
2274 980 2397 1049 jam
2442 979 2766 1050 punitivam
2829 996 2947 1032 non
3008 976 3350 1032 ostenderet
3391 980 3737 1048 potentiam,

2096 1068 2240 1138 quin
2275 1074 2376 1139 pot
2400 1084 2470 1123 us
2502 1074 2567 1125 ut
2618 1067 2903 1138 reprobus
2952 1073 3009 1122 et
3058 1067 3354 1138 impotens
3396 1067 3735 1122 haberetur.

2099 1179 2123 1207 ‹‹
2159 1158 2270 1211 Nos
2291 1173 2426 1212 vero
2458 1157 2615 1211 velut
2646 1156 2897 1227 reprobi.
2939 1178 2965 1205 ››
2998 1157 3152 1211 Bene
3223 1157 3305 1211 ait
3334 1174 3345 1209 :
3410 1157 3580 1210 Velut
3637 1173 3737 1211 re-

2094 1246 2309 1318 probi:
2346 1262 2539 1316 neque
2572 1246 2729 1301 enim
2790 1262 2923 1300 vere
2972 1245 3260 1316 reprobus
3317 1246 3553 1301 futurus
3597 1252 3744 1317 erat,

2096 1334 2251 1406 quod
2299 1352 2417 1390 non
2476 1341 2790 1407 peccantes
2838 1336 3156 1406 puniturus
3221 1350 3342 1389 non
3394 1340 3570 1397 esset,
3628 1336 3745 1391 imo

2094 1424 2349 1479 maxime
2383 1424 2668 1496 probatus
2698 1442 2709 1478 ι
2747 1425 2849 1478 sed
2885 1424 2957 1479 ob
2988 1424 3311 1479 multorum
3347 1425 3746 1496 suspicionem

2095 1514 2275 1569 dixit:
2313 1536 2339 1561 «
2378 1513 2545 1569 Velut
2572 1514 2880 1585 reprobi.»
2913 1545 2977 1553 —
3017 1536 3036 1563 α
3075 1515 3200 1567 Non
3231 1512 3389 1567 enim
3421 1530 3742 1585 possumus

2094 1602 2417 1675 quidquam
2451 1603 2728 1658 adversus
2758 1604 3085 1659 veritatem.
3123 1624 3146 1650 η
3184 1602 3238 1656 Si
3272 1602 3404 1673 quis
3450 1619 3603 1669 vere,
3658 1603 3741 1657 in-

2093 1694 2242 1765 quit,
2275 1710 2341 1747 ac
2371 1693 2466 1764 pie
2500 1693 2649 1747 vivat
2678 1696 2834 1759 (nam
2867 1692 3169 1747 veritatem
3200 1697 3366 1747 vocat
3389 1693 3567 1760 [nunc
3623 1692 3745 1764 pie-

2094 1788 2295 1847 tatem,
2360 1788 2638 1852 tanquam
2692 1798 2825 1837 vere
2900 1781 3209 1855 illegitima
3251 1782 3325 1835 sit
3370 1781 3552 1852 impia
3604 1782 3739 1848 vita,

2093 1872 2269 1927 etiam
2300 1872 2346 1925 si
2378 1872 2624 1927 velimus
2658 1872 3015 1943 supplicium
3059 1871 3341 1925 inducere
3372 1872 3691 1941 nequimus
3726 1888 3739 1925 :

2092 1978 2211 2016 non
2246 1961 2404 2016 enim
2437 1966 2788 2031 cooperatur
2836 1962 3009 2022 Deus,
3047 1962 3197 2015 710
3228 1960 3532 2031 Siquidem
3590 1960 3741 2015 nihil

2091 2050 2368 2106 adversus
2397 2050 2701 2104 veritatem
2743 2050 2860 2104 sive
2918 2049 3199 2119 pietatem
3253 2066 3588 2120 possumus,
3637 2048 3739 2105 sed

2092 2156 2196 2211 pro
2228 2140 2358 2211 ipsa
2389 2153 2402 2193 :
2432 2145 2497 2193 ut
2523 2155 2622 2193 eos
2655 2139 2754 2210 qui
2780 2139 2951 2208 juxta
2984 2138 3170 2209 ipsam
3203 2154 3321 2192 non
3346 2139 3569 2203 vivunt,
3599 2156 3737 2211 sup-

2093 2230 2270 2301 plicio
2302 2245 2579 2299 cogamus
2617 2234 2684 2283 ut
2732 2244 2863 2281 eam
2894 2227 3095 2281 velint.
3151 2248 3174 2275 α
3213 2227 3547 2283 Gaudemus
3578 2230 3739 2283 enim

2096 2334 2227 2373 cum
2252 2334 2360 2372 nos
2383 2317 2606 2371 infirmi
2640 2317 2945 2371 fuerimUs.
2977 2338 3003 2365 »
3026 2316 3174 2380 Quid
3209 2332 3344 2389 ergo
3375 2317 3402 2371 ‘?
3433 2317 3743 2385 Quoniam,

2097 2407 2311 2478 inquit,
2341 2406 2517 2460 etiam
2548 2406 2592 2459 si
2622 2405 2793 2460 velim
2826 2422 2943 2459 non
2976 2422 3218 2476 possum
3252 2406 3562 2462 adversum
3594 2409 3746 2462 veri-

2097 2503 2296 2559 tatem,
2332 2511 2473 2549 num
2506 2500 2816 2565 propterea
2865 2494 3035 2549 doleo
3066 2494 3094 2548 ‘?
3145 2496 3548 2564 Nequaquam.
3599 2495 3745 2551 Nam

2100 2586 2323 2659 gaudeo
2356 2601 2490 2639 cum
2525 2600 2632 2637 nos
2665 2582 2994 2637 imbecilles
3018 2583 3332 2637 existimati
3368 2584 3751 2639 fuerimus.e0

2101 2676 2257 2747 quod
2290 2676 2577 2730 ultionem
2598 2691 2717 2728 non
2740 2673 3130 2728 inducamus:
3164 2690 3264 2727 vos
3325 2679 3521 2728 autem
3554 2674 3754 2741 validi,

2102 2782 2168 2821 eo
2196 2764 2351 2836 quod
2384 2763 2809 2834 comprehendi
2841 2780 2874 2817 a
2904 2779 3035 2817 mea
3057 2763 3319 2833 punitiva
3350 2764 3613 2833 potentia
3637 2779 3757 2818 non

2102 2852 2435 2927 potueritis,
2460 2852 2532 2907 ob
2567 2858 2890 2907 correctam
2924 2852 3121 2906 vitam.
3148 2875 3174 2899 «
3207 2852 3323 2905 Hoc
3355 2858 3552 2906 autem
3585 2852 3750 2907 insu-

2100 2960 2207 3015 per
2236 2950 2533 3014 optamus.
2564 2964 2590 2991 ››
2627 2943 2772 2995 Num
2807 2957 2941 3013 ergo
2962 2940 3151 2994 solum
3175 2940 3499 3011 gaudemus
3518 2941 3547 2995 ?
3575 2941 3755 2997 etiam

2103 3038 2375 3103 optamus
2407 3048 2548 3086 sane
2568 3032 2753 3101 magis
2780 3037 3032 3085 vestram
3057 3030 3479 3103 integritatem.
3505 3031 3616 3085 hoc
3641 3037 3750 3097 est,

2103 3128 2168 3176 ut
2196 3120 2363 3191 probi
2395 3120 2733 3174 habeamini
2759 3136 2825 3173 ac
2854 3120 3245 3190 perﬁciamini
3270 3120 3327 3174 in
3360 3120 3476 3174 vita
3506 3126 3565 3174 et
3595 3120 3756 3174 sanis

2105 3208 2497 3281 dogmatibus,
2532 3225 2710 3279 quam
2736 3214 2798 3261 ut
2828 3224 2935 3262 nos
2968 3208 3259 3279 supplicio
3292 3209 3622 3265 afﬁcientes
3655 3225 3755 3263 eos

2023 3273 2065 3339 (ἶ
2104 3299 2203 3370 qui
2243 3305 2464 3361 errant,
2501 3298 2805 3353 videamur
2837 3315 2966 3353 esse
2997 3304 3293 3370 potentes.

2170 3396 2323 3463 XIII,
2363 3398 2480 3450 10.‹‹
2508 3398 2827 3468 Propterea
2855 3397 2983 3452 haec
3012 3396 3228 3452 absens
3259 3397 3474 3464 scribo,
3510 3414 3586 3454 ne
3619 3414 3753 3455 cum

2068 3496 2071 3497 '
2106 3512 2123 3535 ι
2158 3503 2420 3559 prmsens
2443 3486 2859 3557 fuero,rigidus
2877 3503 2987 3541 Sim
3013 3487 3181 3556 juxta
3204 3492 3554 3561 potestatem
3573 3503 3750 3559 quam

2103 3599 2130 3626 (ι
2164 3575 2490 3632 deditmihi
2517 3576 2887 3631 Dominusin
2930 3576 3386 3633 aediﬁcationem
3422 3582 3481 3630 et
3532 3593 3650 3632 non
3691 3577 3753 3631 in

2099 3687 2124 3715 ‹‹
2160 3665 2566 3721 abolitionem.
2607 3688 2625 3711 -

2171 3755 2459 3819 Quoniam
2536 3754 2919 3808 vehementer
2969 3752 3190 3823 ubique
3251 3769 3350 3807 eos
3406 3754 3754 3825 increpavit,

2100 3844 2354 3899 maxime
2380 3843 2650 3897 tamenin
2674 3842 2792 3896 fine
2820 3841 3083 3911 epistola:
3111 3858 3124 3907 ;
3149 3847 3389 3915 propter
3412 3842 3755 3913 hujusmodi

2100 3950 2258 3988 nunc
2290 3950 2350 3986 se
2382 3938 2642 3997 excusat,
2687 3937 2745 3985 et
2775 3931 2889 3985 ait:
2918 3933 3237 4001 Propterea
3265 3932 3346 3985 ita
3390 3932 3620 4003 scripsi,
3655 3950 3751 3988 vo-

2100 4021 2230 4077 lens
2263 4021 2322 4075 in
2349 4019 2563 4074 litteris
2602 4020 2889 4073 duntaxat
2928 4034 3056 4074 esse
3113 4020 3507 4082 severitatem,
3544 4026 3603 4074 et
3632 4037 3751 4078 non

2101 4106 2380 4177 operibus
2434 4122 2562 4160 eam
2622 4106 3037 4161 demonstrari.
3103 4128 3129 4155 ‹‹
3171 4107 3340 4161 Juxta
3397 4113 3748 4179 potestatem

2101 4211 2278 4267 quam
2307 4193 2636 4249 deditmihi
2670 4194 3019 4248 Dominus.»
3054 4194 3258 4265 Itaque
3292 4196 3339 4249 si
3372 4198 3749 4268 supplicium,

2102 4287 2650 4359 inquit,sumpsero,
2675 4302 2794 4341 non
2824 4300 2928 4357 ego
2952 4302 3181 4340 sumam
3206 4288 3564 4359 supplicium
3600 4307 3612 4343 :
3646 4291 3751 4346 sed

2102 4392 2207 4449 per
2238 4376 2521 4442 medium,
2582 4376 2708 4447 ipse
2754 4376 2853 4446 qui
2917 4375 3070 4430 hanc
3130 4375 3274 4430 mihi
3306 4376 3470 4430 dedit
3500 4384 3755 4448 potesta-

2102 4472 2221 4520 tem
2254 4465 2536 4520 thristus.
2571 4465 2897 4521 Considera
2927 4482 3061 4519 vero
3094 4463 3249 4536 quod
3295 4480 3358 4519 se
3417 4467 3750 4524 excusando

2102 4552 2630 4608 formidabiliorem
2660 4553 2997 4609 exhibuerit
3018 4554 3521 4619 sermonemQuid
3554 4572 3691 4629 ergo
3720 4558 3748 4613 ?

339 4641 399 4697 ἃν
451 4643 597 4714 αὐτῷ
652 4644 750 4699 Διά
805 4648 968 4699 τοῦτο
1022 4641 1254 4719 εἷ’ληφας
1318 4645 1583 4715 ἐξουσίαν,
1645 4645 1733 4700 ἳνα
1762 4651 1983 4721 τιμωρῇ

2101 4649 2296 4715 posset
2326 4643 2621 4715 quispiam
2654 4644 2766 4714 ipsi
2819 4644 3044 4711 dicere,
3086 4661 3162 4699 an
3194 4644 3267 4699 ob
3303 4645 3359 4699 id
3392 4652 3747 4717 potestatem

338 4730 467 4794 τοῦς
522 4732 843 4804 ἀνθρώπους
911 4733 1039 4794 τοὺς
1113 4734 1228 4788 κατ’
1286 4733 1467 4789 ε’κόνα
1525 4738 1704 4801 Θεοῦς
1765 4734 1855 4787 καὶ
1914 4734 1989 4796 εἰς

335 4819 499 4875 τοῦτό
530 4841 587 4875 σε
617 4820 672 4875 ὅ)
689 4840 762 4881 ως
803 4819 1124 4890 κατέστησεν
1185 4824 1213 4876 ὁ
1271 4819 1653 4899 φιλάνθρωπος
1708 4824 1985 4897 Χριστόςς

335 4909 450 4967 Οὐκ
490 4910 566 4973 εἰς
598 4912 930 4981 καθαίρεσιν,
963 4912 1119 4988 φησὶ,
1147 4913 1238 4967 καὶ
1295 4910 1517 4988 ὄλεθρον
1557 4917 1749 4987 ψυχῶν
1784 4911 1988 4990 εἷ’ληιρα

336 5001 434 5067 την
476 4998 739 5069 ἐξουσίαν,
772 4998 899 5056 ἀλλ’
939 5001 1014 5061 εἷς
1045 4998 1373 5076 οἰκοδομήν.
1410 5002 1555 5059 Αὐτὸ
1584 5004 1684 5077 γὰρ
1730 5007 1893 5057 τοῦτο
1922 5004 1984 5058 τὸ

337 5088 466 5151 τοὺς
496 5087 707 5150 αἶτίους
734 5095 1114 5163 τιμωρεῖσθαι,
1150 5088 1419 5163 οἰκοδομὴ
1468 5090 1792 5160 Ἐκκλησῗας
1822 5090 1983 5162 ἐστὶν,

340 5176 757 5253 ἀσφαλεστέρων
789 5183 896 5233 τῶν
931 5176 1142 5235 λοιπῶν
1172 5180 1259 5234 καὶ
1294 5176 1701 5257 δοκιμωτέριυν,
1744 5178 1832 5236 διὰ
1881 5188 1985 5251 τῆς

335 5266 604 5341 τιμωρίας
636 5263 963 5341 γινομένων.

409 5446 637 5511 Λοιπὸν,
691 5443 941 5524 ἀδελφοὶ,
1028 5446 1268 5521 χαίρετε,
1349 5449 1747 5521 καταρτίζεσθε,
1805 5470 1982 5522 παρα-

332 5531 609 5598 καλεῖσθε,
697 5534 758 5591 τὸ
828 5534 955 5589 αὐτὸ
1037 5540 1298 5612 φρονεῖτε,
1379 5535 1701 5609 εἷρηνεύετε.
1792 5539 1893 5594 Καὶ
1952 5539 1981 5593 ὁ

336 5622 466 5684 Θεὸς
523 5628 622 5691 τῆς
684 5622 904 5699 ἀγάπης
957 5623 1047 5679 καὶ
1104 5623 1324 5698 εἰρήνης
1381 5620 1529 5683 ἔσται
1617 5627 1734 5701 μεθ’
1804 5626 1977 5700 ὑμῶν.

330 5711 668 5769 Ἀσπάσασθε
734 5710 1018 5784 ἀλλήλους
1104 5711 1155 5768 ἐν
1214 5712 1353 5791 ἁγίῳ
1410 5713 1703 5799 φιλήματι.
1782 5717 1982 5776 ’Δσπά.

2100 4733 2376 4805 accepisti
2409 4739 2473 4787 ut
2531 4733 2773 4805 punires
2828 4734 3101 4789 homines
3160 4734 3233 4790 ad
3291 4734 3611 4806 imaginem
3645 4734 3746 4790 Dei

2099 4828 2327 4877 creatos
2357 4822 2383 4875 ?
2405 4828 2462 4876 et
2491 4822 2563 4876 ad
2596 4822 2706 4877 hoc
2737 4823 2978 4877 omnino
3010 4830 3065 4877 te
3115 4824 3424 4879 constituit
3456 4824 3747 4896 benignus

2098 4910 2409 4965 hominum
2437 4918 2665 4966 amator
2695 4911 2959 4966 Christus
2990 4912 3016 4963 ?
3049 4914 3173 4967 Non
3206 4913 3277 4967 ad
3336 4913 3745 4980 abolitionem,

2097 5000 2307 5071 inquit,
2333 4999 2804 5071 etperditionem
2836 5001 3171 5055 animarum
3226 5002 3426 5074 accepi
3485 5008 3750 5075 potesta-

2096 5089 2345 5157 tem,sed
2372 5089 2443 5143 ad
2476 5088 2950 5144 aedificationem.
2983 5091 3126 5146 Nam
3159 5091 3269 5146 hoc
3296 5092 3744 5165 ipsum,nempe

2094 5181 2305 5253 punire
2354 5185 2688 5251 peccantes,
2726 5178 3038 5236 aedificatio
3096 5181 3373 5236 Ecclesiae
3433 5186 3541 5244 est,
3599 5180 3743 5238 dum

2093 5269 2290 5325 caateri
2342 5268 2553 5324 horum
2588 5268 2876 5340 supplicio
2910 5269 3201 5325 ﬁrmiores
3256 5286 3321 5325 ac
3370 5268 3738 5341 probatiores

2091 5356 2441 5413 redduntur.

2161 5454 2304 5519 XIII,
2343 5455 2571 5508 11-13.‹‹
2602 5454 2764 5520 Quod
2797 5461 3088 5527 superest,
3121 5455 3735 5528 fratres.gaudete.in.

2091 5567 2115 5593 ιι
2138 5543 2281 5615 tegri
2300 5543 2979 5599 estoteconsolationem
3001 5545 3593 5616 accipite,unanimes
3608 5546 3735 5602 sitis

2091 5658 2117 5684 ‹‹
2144 5648 2349 5708 pacem
2368 5631 2665 5700 habete,et
2694 5634 2848 5689 Deus
2879 5633 3183 5691 charitatis
3214 5650 3280 5691 ac
3310 5635 3472 5709 pacis
3495 5636 3606 5691 erit
3636 5653 3735 5691 vo-

2091 5742 2115 5774 (ι
2136 5722 2652 5782 hiscum.Salutate
2677 5741 2777 5781 vos
2794 5730 2997 5782 mutuo
3015 5730 3219 5784 sancto
3242 5724 3740 5785 osculo.Salutant
