4048 6250
447 363 601 426 1087

1528 353 1773 416 CUM
1787 352 1943 413 ENII
1989 352 2292 413 TRICCJE
2340 354 2706 417 EPISCOPI.

3710 361 3835 420 {088

441 519 468 546 «
506 494 695 552 sancti
725 491 1156 550 omnes.Gratia
1174 488 1406 546 Domini
1435 488 1574 546 Jesu
1600 488 1740 544 771
1783 485 2074 553 Οῇτίειίβ

2213 489 2387 554 ζονται
2443 486 2583 559 ὑμᾶς
2644 489 2695 543 οἱ
2753 489 2900 564 ἅγιοι
2960 491 3174 553 πάντες.
3235 492 3297 549 Ἠ
3364 492 3546 568 χάρις
3605 497 3700 549 τοῦ
3760 500 3842 550 Κυ-

443 612 468 638 ‹‹
495 583 766 640 Charitas
795 582 991 638 Dei.et
1021 578 1476 636 communicatio
1509 577 1762 650 Spiritus
1795 577 1984 633 sancti
2019 576 2095 632 sit

438 698 466 725 ‹‹
503 691 636 732 cum
671 673 950 729 omnibus
974 673 1156 728 vobis.
1191 674 1397 726 Amen.
1435 693 1461 720 »

507 854 829 922 Postquam
863 867 989 920 ego.
1016 851 1229 922 inquit.
1264 849 1421 920 quod
1453 864 1651 903 meum
1684 853 1773 903 est
1796 847 1906 903 feci
1941 847 2091 914 ;hoc

437 948 546 1010 est,
565 943 883 998 consilium
907 942 1043 998 dedi
1075 959 1142 998 ac
1176 942 1434 996 minatus
1461 957 1591 996 sum
1622 957 1634 994 :
1673 940 1970 1011 reliquum
2003 943 2091 994 est

437 1039 504 1089 ut
533 1040 590 1088 et
617 1050 716 1089 vos
755 1050 885 1104 quae
945 1039 1137 1088 vestra
1185 1037 1323 1088 sunt
1379 1031 1715 1094 conferatis,
1759 1047 1974 1101 nempe
2026 1036 2092 1086 ut

432 1122 758 1196 gaudeatis.
793 1121 1133 1178 Gaudebitis
1191 1128 1389 1177 autem
1443 1121 1714 1186 correcti,
1749 1125 1807 1174 et
1841 1136 2001 1174 nunc
2029 1130 2088 1180 et

434 1211 496 1268 in
529 1213 812 1268 futurum.
847 1234 875 1260 «
922 1212 1201 1268 Gaudete.
1265 1233 1292 1259 »
1343 1210 1606 1265 Scientes
1655 1209 1812 1281 quod
1847 1226 1916 1265 ea
1955 1225 2085 1281 quas

433 1302 832 1357 comminatus
866 1318 1018 1366 sum,
1052 1317 1245 1371 neque
1299 1301 1411 1355 hoc
1440 1299 1614 1370 cupio
1643 1316 1655 1354 :
1695 1299 1839 1372 quin
1901 1299 2085 1372 magis

431 1391 657 1464 refugio
689 1407 764 1446 ne
796 1391 961 1456 ﬁant,
995 1391 1254 1446 minatus
1286 1395 1505 1455 autem,
1537 1394 1601 1444 ut
1657 1390 1904 1445 correcti
1939 1388 2086 1446 nihil

433 1482 596 1535 triste
629 1479 962 1550 patiamini,
1016 1479 1149 1534 ideo
1181 1479 1448 1550 gaudete.
1486 1500 1512 1526 α
1564 1478 1778 1551 lntegri
1813 1484 2014 1534 estote.
2053 1501 2080 1526 ››

430 1570 551 1626 Hoc
583 1569 946 1640 est,perfecti
980 1568 1131 1636 sitis,
1165 1568 1456 1639 complete
1489 1584 1558 1624 ea
1588 1585 1718 1638 quae
1752 1567 1987 1631 desunt,
2019 1568 2080 1622 in

434 1658 639 1714 virtute
698 1655 1113 1729 perﬁciamini,
1149 1663 1207 1711 et
1236 1663 1448 1712 cmtera
1486 1655 1679 1712 facite.
1715 1658 1857 1712 Nam
1901 1656 1947 1711 si
1980 1674 2080 1712 vos

431 1746 556 1803 haac
588 1746 937 1818 operemini,
975 1762 1094 1800 non
1137 1745 1330 1801 solum
1361 1744 1513 1800 nihil
1542 1761 1712 1818 grave
1745 1746 2077 1818 patiemini,

2207 574 2324 647 ρίου
2357 575 2539 647 Ἰησοῦ
2599 579 2864 653 Χριστοῦ,
2923 579 3014 634 καὶ
3062 582 3096 649 ἡ
3157 579 3336 655 ἀγάπη
3397 585 3507 636 τοῦ
3568 586 3724 649 Θεοῦ,
3773 583 3844 637 καὶ

2204 665 2237 732 ἡ
2271 664 2528 719 κοινωνία
2557 670 2654 720 τοῦ
2684 667 2843 742 ἁγίου
2875 670 3214 742 Πνεύματος,
3263 671 3398 744 μετᾶ
3434 672 3664 726 πάντων
3699 671 3843 744 ὑμῶν.

2205 751 2264 808 ’Λ
2275 756 2399 824 μήν.

2274 844 2424 900 Μετὰ
2452 846 2514 901 τὸ
2546 844 2666 919 ἐμὲ,
2700 848 2855 924 φησὶ,
2887 849 2948 902 τὸ
3003 847 3241 922 ἐμαυτοῦ
3290 857 3557 920 ποιῆσαι,
3603 850 3845 923 τουτέστι,

2204 930 2632 1006 συμϐυυλεὺσαι,
2694 937 3012 1008 ἀπειλῆσαι,
3081 937 3384 994 ὑπόλοιπόν
3449 941 3574 996 ἐστι
3633 943 3724 1009 τὸ,
3775 944 3850 997 καὶ

2204 1023 2346 1096 ὑμᾶς
2385 1026 2450 1079 τὰ
2481 1025 2571 1102 ἀφ’
2614 1027 2764 1097 ὑμῶν
2817 1027 3226 1103 συνεισενέγκαι.
3286 1030 3358 1084 Τὸ
3431 1026 3497 1085 δέ
3558 1029 3695 1096 ἐστι,
3751 1034 3852 1106 χαί-

2200 1133 2337 1190 ρετε’
2375 1117 2683 1190 χαρήσεσϐε
2713 1115 2770 1171 δὲ
2801 1114 3205 1190 διορθούμενοι,
3235 1124 3326 1174 νῦν
3385 1141 3471 1191 τε,
3538 1120 3636 1174 καὶ
3688 1119 3738 1176 ἐν
3787 1126 3848 1194 τῷ

2202 1201 2487 1274 μέλλοντι.
2522 1229 2548 1255 ‹‹
2584 1206 2830 1279 Χαίρετε.
2867 1231 2896 1257 ››
2921 1208 3199 1270 Μαθόντες
3231 1209 3313 1262 δτι
3374 1209 3524 1282 ’άπερ
3571 1208 3848 1279 ἠπείλησε,

2199 1294 2310 1372 οὐχ
2334 1292 2422 1348 ’ίνοι
2452 1297 2669 1364 ποιήσω
2709 1296 3014 1366 ἠπείλησα.
3074 1297 3199 1353 ούόἒ
3257 1297 3402 1354 θέλω
3465 1303 3670 1364 τοῦτο,
3729 1297 3853 1355 ἀλλὰ

2196 1383 2284 1438 καὶ
2317 1383 2630 1464 ἀπεύχομκι
2672 1387 2938 1459 γενέσθαι.
3005 1387 3306 1459 Ἠπεῖλησα
3364 1386 3421 1443 δὲ
3479 1388 3582 1442 ἳνα
3644 1386 3850 1464 διορθω-

2196 1473 2394 1542 θὲντες,
2431 1473 2600 1546 μηόὶν
2653 1475 2873 1550 ἀνιαρὸν
2929 1476 3156 1546 πάθητε.
3214 1478 3306 1534 Διὸ
3369 1478 3637 1554 χαίρετε,
3672 1503 3701 1530 (ί
3735 1486 3851 1534 Κάτ-

2193 1561 2493 1636 αρτίζεσοε,
2529 1587 2556 1615 ››
2619 1565 2784 1618 οἷονεῖ
2836 1562 3040 1620 τέλειοι
3079 1567 3312 1641 γίνεσθε,
3345 1566 3751 1640 ἀναπληροῦτε
3800 1570 3852 1624 τά

2195 1648 2479 1719 λείποντα,
2511 1651 2563 1707 ἐν
2614 1653 2777 1729 ἀρετῇ
2808 1653 3137 1727 τελειοῦσθε,
3169 1657 3258 1710 καὶ
3317 1654 3506 1713 τᾶλλα
3571 1658 3842 1732 πράττετε.

2191 1743 2374 1798 Ταῦτα
2402 1743 2500 1818 γὰρ
2537 1743 2688 1817 ὑμῶν
2722 1745 3152 1820 κατορθούντων,
3195 1747 3256 1801 οὐ
3292 1747 3459 1820 μόνον
3499 1743 3666 1802 οὐδὲν
3695 1744 3848 1802 δεινὸν

427 1839 815 1895 verumetiam
875 1839 1028 1892 Deus
1086 1836 1389 1892 charitatis
1448 1852 1514 1892 ac
1572 1836 1732 1908 pacis
1793 1838 1905 1892 erit
1978 1854 2073 1892 νος

2187 1830 2450 1895 πείσεσθε,
2474 1828 2620 1886 ἀλλὰ
2651 1833 2739 1889 καὶ
2773 1833 2800 1886 ὁ
2832 1834 2962 1896 Θεὸς
2994 1840 3093 1904 τῆς
3127 1836 3342 1912 ἀγάπης
3399 1835 3498 1890 καῖ
3568 1842 3675 1906 τῆς
3708 1835 3846 1908 εἷ’ρῆ-

425 1928 676 1985 biscum.
715 1952 736 1977 ι
795 1928 1275 1984 Consolationem
1336 1927 1585 1997 accipite
1669 1948 1698 1976 »
1790 1928 2080 1991 Quoniam

424 2017 628 2073 multis
659 2022 830 2072 erant
861 2017 1333 2080 afﬂictiones,ait
1366 2033 1378 2070 :
1413 2016 1893 2072 Consolationem
1925 2017 2080 2072 acci-

423 2109 543 2180 pite
575 2113 696 2162 eta
738 2106 902 2161 vobis
932 2107 1077 2178 ipsis
1127 2113 1184 2162 et
1235 2107 1307 2162 ab
1358 2106 1538 2162 aliis:
1594 2113 1884 2177 prmterea
1935 2111 1992 2161 et
2047 2121 2082 2161 a

424 2197 792 2252 conscientia
812 2196 885 2250 ad
917 2196 1228 2252 meliorem
1261 2197 1653 2252 mutationem
1685 2196 1952 2252 animum
1987 2211 2078 2252 su-

426 2285 589 2340 mite.
629 2306 656 2335 «
715 2287 926 2341 Pacem
979 2286 1210 2340 habete.
1249 2308 1275 2334 η
1337 2288 1454 2341 Ηοο
1503 2287 1564 2340 in
1596 2285 1810 2358 prioris
1842 2301 2077 2356 quoque

423 2376 689 2450 epistolae
722 2376 961 2431 exordio
1020 2375 1224 2447 petivit
1255 2393 1267 2429 :
1303 2375 1673 2431 dissidebant
1731 2376 1889 2429 enim
1921 2375 2077 2430 inter

419 2482 500 2524 se.
535 2466 685 2532 Quid
717 2482 853 2537 ergo
903 2464 1121 2537 cupit?
1152 2471 1216 2520 ut
1258 2465 1416 2520 idem
1451 2467 1743 2520 sentirent
1780 2471 1837 2520 et
1871 2481 2074 2537 pacem

416 2555 707 2613 haberent
740 2572 752 2610 :
776 2556 916 2626 quia
944 2555 1238 2624 contingit
1257 2553 1411 2610 idem
1438 2554 1657 2610 sentire
1681 2553 1741 2609 in
1761 2553 2073 2626 dogmatis,

414 2661 535 2702 non
571 2651 768 2701 tamen
795 2660 999 2716 pacem
1018 2651 1222 2699 mutuo
1247 2643 1522 2698 habere.«
1546 2645 1615 2699 Et
1646 2644 1797 2698 Deus
1819 2643 2072 2699 charita-

416 2736 511 2792 tis.
546 2757 575 2786 η
616 2737 772 2791 Deus
802 2735 1138 2807 appellatur
1162 2736 1314 2791 Deus
1331 2735 1636 2790 charitatis
1665 2734 1783 2789 sive
1806 2734 2068 2791 dilectio-

414 2826 532 2888 nis.
570 2842 638 2882 eo
669 2825 829 2896 quod
890 2841 996 2881 nos
1044 2825 1317 2880 dilexerit
1349 2840 1360 2878 :
1396 2824 1560 2895 pacis
1618 2839 1753 2878 vero
1812 2839 1880 2878 eo
1914 2823 2074 2894 quod

414 2929 560 2987 pace
577 2913 851 2984 junxerit
878 2914 1140 2969 caelestia
1199 2913 1472 2968 terrenis.
1503 2913 1584 2966 Ex
1614 2911 1935 2967 dilectione
1966 2928 2072 2967 au-

412 3007 534 3059 tem
586 3009 676 3060 est
722 3019 854 3074 pax.
884 3002 939 3057 Si
973 3003 1120 3069 haec,
1145 3001 1361 3074 inquit.
1397 3001 1675 3064 feceritis,
1728 3001 1842 3056 erit
1885 3000 2071 3056 vobis-

410 3109 546 3148 cum
564 3093 735 3148 Deus.
770 3095 885 3148 Aut
909 3098 1038 3148 orat
1067 3099 1134 3148 ut
1164 3092 1244 3146 ita
1285 3092 1406 3147 flat.
1466 3115 1493 3141 «
1535 3091 1746 3147 Sancto
1779 3090 2002 3148 osculo.
2038 3113 2067 3141 »

2189 1939 2310 1988 νης,
2369 1913 2517 1974 ἔσται
2579 1922 2696 1992 μεθ’
2754 1923 2928 1995 ὑμων.
2991 1949 3018 1975 κ
3071 1923 3498 1998 Παρακαλεῖσθε.
3540 1949 3573 1976 ιο
3634 1923 3843 1992 Ἐπειδή

2189 2005 2396 2062 πολλοὶ
2432 2009 2568 2078 ἦσαν
2597 2011 2647 2064 οἱ
2677 2013 2993 2086 πειρασμοῖ,
3055 2014 3207 2091 φησὶ,
3267 2013 3714 2090 ΙΙαρακαλεῖσθε,
3767 2016 3841 2070 καὶ

2190 2097 2274 2174 ὑφ’
2304 2097 2526 2166 ἑαυτῶν,
2560 2099 2651 2153 καὶ
2711 2100 2814 2155 ὑπὸ
2845 2101 3052 2157 ἄλλων.
3087 2104 3209 2159 Ἔτι
3254 2124 3312 2159 τε
3372 2103 3480 2159 ὑπὸ
3545 2112 3653 2173 τῆς
3684 2124 3840 2159 συνει-

2189 2183 2420 2258 δήσεως,
2457 2189 2531 2252 εἷς
2582 2189 2784 2264 βελτίω
2845 2188 3157 2265 μεταϐολήν
3213 2197 3651 2270 παραμυθεῖσθε.
3688 2220 3719 2249 ί(
3756 2196 3838 2254 ΕΞ-

2187 2276 2457 2348 ρηνεύετε,
2520 2303 2546 2331 n
2610 2283 2780 2337 Τοῦτο
2836 2283 2925 2336 καὶ
2985 2282 3038 2337 ἐν
3099 2287 3166 2357 τῇ
3226 2286 3416 2360 πρώτῃ
3461 2283 3739 2359 ἐπιστολῇ
3795 2284 3838 2340 ἐν

2186 2369 2504 2441 προοιμίοις
2553 2365 2744 2444 ᾔτησε.
2807 2374 3185 2442 Διεστάσίαζον
3243 2376 3346 2451 γάρ
3400 2377 3549 2450 πρὸς
3609 2376 3833 2444 ἑαυτούς,

2184 2457 2250 2512 Τί
2284 2455 2339 2512 δὲ
2371 2456 2677 2534 βούλεταις
2735 2461 2798 2516 τό
2855 2482 2913 2517 τε
2966 2464 3030 2517 τὸ
3071 2462 3200 2518 αὐτὸ
3241 2468 3482 2543 φρονεῖν,
3541 2466 3632 2519 καὶ
3689 2465 3822 2540 εἰρη,

2184 2545 2372 2613 νεύειν,
2417 2549 2500 2603 δτι
2531 2543 2608 2603 ἔνι
2638 2549 2699 2604 τὸ
2729 2550 2859 2605 αὐτὸ
2892 2551 2987 2622 μὶν
3017 2558 3236 2631 φρονεῖν
3288 2551 3340 2607 ἐν
3397 2561 3520 2617 τοῖς
3583 2552 3817 2630 δόγμασι.

2189 2636 2264 2710 μή
2307 2636 2598 2712 εἰρηνεύειν
2653 2636 2710 2694 δὲ
2765 2641 2901 2714 πρὸς
2955 2641 3196 2706 ἑαυτούς.
3245 2666 3272 2694 ‹‹
3316 2643 3420 2699 Καὶ
3479 2645 3508 2699 ὁ
3542 2647 3663 2706 Θεὸς
3721 2651 3813 2712 τῆς

2182 2725 2416 2800 ἀγάπης.
2451 2750 2476 2780 ι
2513 2729 2641 2789 Θεὸς
2697 2730 2916 2808 ἀγάπης
2967 2732 2995 2786 ὁ
3049 2733 3178 2794 Θεὸς
3207 2733 3566 2808 χρηματίζει,
3619 2733 3700 2790 διὰ
3749 2733 3801 2787 τὸ

2183 2814 2521 2890 ἠγαπηκέναι
2551 2821 2720 2889 ἡμᾶς’
2757 2817 2982 2894 εἰρήνης
3012 2817 3088 2888 δὲ,
3152 2817 3241 2875 διὰ
3289 2822 3352 2877 τὸ
3404 2823 3688 2896 εἰρηνεῦσσι
3739 2822 3795 2875 τά

2183 2902 2234 2958 ἐν
2268 2905 2482 2980 οὐρανῷ
2508 2912 2625 2965 τοῖς
2667 2905 2720 2960 ἐν
2749 2911 2842 2982 γῇ.
2888 2909 2981 2966 Ἐκ
3013 2907 3069 2964 δὲ
3105 2917 3204 2980 τῆς
3262 2909 3544 2985 ἀγάπης,ἡ
3590 2912 3771 2986 εῗρῆνη.

2181 2994 2328 3060 Ἐάν,
2363 2997 2519 3076 φησί,
2562 3001 2726 3052 ταῦτα
2755 3004 2971 3068 ποιῆτε,
3011 2992 3160 3054 ἔσται
3213 3005 3334 3073 μεθ’
3384 3001 3514 3074 ὑμῶν
3557 3002 3583 3055 ὁ
3632 2999 3766 3061 Θεὸς-

2180 3083 2215 3153 ἢ
2247 3084 2554 3161 ἐπεύχεται.
2591 3112 2619 3139 ι(
2681 3089 2765 3142 Ἐν
2825 3089 2963 3163 ἁγίῳ
3022 3087 3323 3168 φιλήματι.
3359 3115 3383 3142 ›)
3433 3092 3516 3159 Μὴ
3552 3087 3770 3161 ὑπούλῳ,

409 3183 535 3238 Non
569 3180 1018 3252 doloso,inquit,
1045 3187 1101 3236 et
1133 3179 1532 3247 fraudulento,
1565 3178 2065 3251 quemadmodum

2187 3175 2335 3252 ρησῖ,
2367 3175 2456 3230 καὶ
2487 3173 2720 3252 δολερῷ,
2755 3178 2828 3241 ὡς
2850 3179 2878 3232 ὁ
2921 3175 3150 3240 Ἰούδας.
3185 3181 3281 3236 Διὰ
3321 3186 3480 3237 τοῦτο
3508 3177 3559 3235 ἰοὶ
3608 3178 3782 3258 πειλοῦ-

405 3270 599 3327 Judas.
643 3273 966 3342 Propterea
997 3277 1196 3326 autem
1244 3270 1684 3336 deosculamur,
1718 3275 1784 3324 ut
1814 3269 2065 3326 suscite—

408 3375 544 3415 mus
577 3375 714 3432 erga
743 3375 851 3414 nos
874 3359 1034 3430 ipsos
1065 3376 1345 3414 amorem.
1391 3382 1418 3408 «
1452 3359 1722 3414 Salutant
1751 3375 1851 3415 vos
1883 3358 2072 3413 sancti

409 3463 639 3503 omnes.
695 3468 722 3495 »
779 3449 1110 3502 Prmsentes
1169 3446 1410 3517 quidem
1472 3447 1676 3503 osculo
1733 3446 2068 3519 conjungit,

403 3537 688 3592 absentes
709 3552 843 3590 vero
877 3535 1234 3593 salutatione
1283 3541 1340 3590 et
1369 3535 1653 3606 alloquio.
1689 3536 1832 3590 Nam
1865 3534 1936 3590 ab
1969 3551 2064 3589 eo-

419 3625 553 3681 dem
585 3625 823 3681 interim
847 3641 948 3680 ore
972 3624 1300 3696 procedunt
1321 3625 1596 3679 salutatio
1629 3631 1687 3679 et
1721 3623 2064 3696 alloquium.

414 3737 444 3766 ‹‹
475 3715 671 3770 Gratia
698 3714 930 3772 Domini
960 3716 1097 3770 Iesu
1144 3713 1355 3768 Christi
1417 3737 1442 3761 ››
1477 3715 1796 3784 Postquam
1857 3729 2066 3770 omnes

410 3805 738 3876 conjunxit,
766 3820 944 3875 quem
977 3820 1148 3860 suum
1199 3820 1326 3858 mor
1353 3821 1420 3856 -ιιι
1458 3803 1635 3858 etiam
1690 3819 1847 3859 nunc
1875 3809 2068 3858 servat

407 3901 684 3970 precatur
703 3896 789 3952 eis
818 3895 1006 3964 gratia
1038 3895 1169 3953 ﬁlii.
1191 3911 1305 3965 qua
1323 3894 1510 3949 salvos
1542 3910 1651 3949 nos
1681 3893 1820 3949 fecit
1876 3893 2066 3966 gratia

409 3988 641 4043 occisus
671 4003 776 4058 pro
811 3987 1005 4052 nobis,
1042 3992 1098 4042 et
1133 4003 1252 4042 non
1284 3991 1527 4058 propter
1583 4002 1764 4059 opera
1817 3991 2056 4041 nostra:

411 4081 468 4130 et
497 4076 847 4132 charitatem
870 4075 992 4140 Dei,
1029 4091 1146 4146 qua
1175 4091 1282 4130 nos
1314 4075 1545 4134 dilexit.
1587 4074 1723 4131 dato
1755 4091 1859 4146 pro
1891 4073 2062 4129 nobis

412 4165 561 4220 712
588 4164 896 4236 Unigenito
922 4181 934 4219 :
960 4164 1561 4220 communicationem
1586 4163 1836 4237 Spiritus
1851 4165 2060 4230 sancti,

405 4252 519 4310 hoc
549 4259 659 4320 est,
691 4253 1207 4326 participationem
1241 4253 1368 4325 ejus
1402 4258 1457 4308 et
1489 4254 1918 4326 acceptionem.
1953 4269 2060 4325 per

406 4359 582 4415 quam
601 4359 808 4399 omnes
831 4343 1277 4400 sanctificamur
1307 4342 1367 4398 in
1399 4342 1919 4414 superventionem
1950 4343 2061 4397 Pa—

401 4433 611 4489 racleti
638 4433 739 4490 Dei
771 4433 1042 4505 Spiritus.

406 4555 580 4624 Finis,
612 4557 802 4613 divino
850 4560 1067 4626 favente
1118 4557 1354 4622 auxilio,
1394 4558 1713 4626 posterioris
1768 4558 1842 4612 ad
1869 4557 2057 4615 Corin-
2085 4551 2130 4616 D

999 4629 1138 4685 thios
1176 4628 1456 4699 Epistolas.

509 4747 682 4805 Missa
713 4752 804 4802 est
833 4762 868 4801 a
915 4745 1206 4817 Philippis
1259 4761 1366 4816 per
1395 4743 1588 4799 Titum
1620 4748 1678 4799 et
1707 4743 1944 4800 Lucam.

2181 3285 2301 3337 μεν,
2331 3265 2422 3320 ἳνα
2459 3265 2900 3342 ἀναζωπυρῶμεν
2954 3268 3052 3335 τὴν
3095 3269 3229 3342 πρὸς
3297 3270 3517 3334 ἑαυτοὺς
3578 3270 3790 3348 ἀγάπην.

2178 3375 2206 3404 ‹‹
2240 3354 2604 3422 Ἀσπάζονται
2647 3357 2786 3428 ὑμᾶς
2844 3357 2895 3411 οἱ
2955 3357 3102 3432 ἅγιοι
3161 3359 3355 3421 πάντες
3439 3384 3466 3413 ››
3526 3359 3662 3423 Τοὺς
3712 3358 3792 3434 μὶν

2175 3443 2446 3516 παρόντας
2507 3441 2595 3498 διά
2642 3445 2960 3524 φιλήματος
3020 3450 3290 3517 συνάπτει,
3322 3448 3452 3510 τοὺς
3504 3448 3560 3506 δὲ
3590 3451 3801 3510 ἀπόντας

2174 3528 2263 3586 διὰ
2295 3536 2668 3609 προσρήσεως.
2731 3535 2863 3593 Ἀπὸ
2919 3539 3022 3614 γάρ
3079 3543 3176 3594 τού
3231 3540 3399 3595 αὐτοῦ
3431 3543 3650 3617 πρόεισι
3698 3538 3801 3596 στό-

2175 3641 2364 3692 ματος,
2400 3621 2429 3676 ὅ
2458 3643 2516 3676 τε
2545 3623 2830 3698 ἀσπασμὸς
2867 3625 2956 3679 καὶ
3015 3628 3049 3694 ἡ
3109 3628 3433 3702 πρόσρησις.
3473 3655 3500 3682 α
3540 3631 3606 3686 Ἦ
3663 3630 3805 3707 χάρις

2168 3712 2265 3763 τοῦ
2297 3712 2501 3785 Κυρίου
2562 3714 2721 3784 ἡμῶν
2782 3715 2963 3782 Ἰησοῦ
3017 3719 3283 3791 Χριστοῦ.
3329 3740 3356 3770 ››
3416 3717 3650 3789 Ἐπειδή
3705 3740 3806 3774 συν-

2169 3801 2306 3872 ῆψεν
2385 3799 2648 3869 ἃπαντας,
2696 3800 2827 3877 ὅπερ
2912 3796 3033 3866 ἔθος
3091 3804 3260 3875 αύτῷ,
3321 3807 3410 3860 καὶ
3467 3811 3562 3862 νῦν
3653 3813 3805 3875 ποιεῖ,

2168 3888 2458 3970 ἐπεύχεται
2487 3892 2676 3952 αὐτοῖς
2719 3892 2816 3960 τὴν
2851 3893 3009 3968 χάριν
3067 3899 3164 3949 τοῦ
3221 3896 3370 3960 Υξοῦ,
3431 3893 3503 3952 δι’
3529 3901 3599 3967 ἧς
3626 3894 3807 3966 ἔσωσε,

2168 3981 2356 4056 χάριτι
2387 3981 2475 4036 καὶ
2508 3983 2571 4037 ού
2605 3981 2674 4036 δι’
2704 3976 2836 4057 ἔργα
2866 3985 3025 4054 ἡμῶν
3060 3987 3280 4065 σφαγεὶς
3322 3988 3451 4061 ὑπὲρ
3511 3992 3702 4063 ἡμῶν,
3729 3989 3807 4046 καὶ

2166 4071 2264 4139 τὴν
2289 4070 2507 4146 ἀγάπην
2539 4075 2634 4125 τοῦ
2669 4072 2876 4147 ΙΙατρὸς
2906 4072 2972 4142 ἣν
3003 4075 3282 4148 ἠγάπησεν
3315 4079 3486 4150 ἡμᾶς,
3525 4080 3621 4134 τὸν
3655 4101 3808 4154 μονο-

2164 4167 2291 4237 γενῆ
2328 4157 2454 4222 ὃοὺς
2483 4161 2615 4236 ὑπὲρ
2657 4163 2840 4234 ἡμῶν.
2876 4163 2980 4218 Καὶ
3038 4165 3137 4234 τὴν
3200 4168 3482 4223 κοινωνίαν
3517 4173 3618 4224 τοῦ
3662 4171 3810 4246 ἁγίου

2168 4249 2500 4321 Πνεύματος,
2534 4251 2651 4305 οἷον
2684 4253 2782 4319 την
2826 4254 3072 4327 μετοχὴν
3134 4253 3298 4310 αὐτοῦ
3337 4257 3426 4310 καὶ
3485 4257 3811 4335 μετάληψιν,

2165 4336 2234 4393 δι’
2267 4343 2332 4408 ἧς
2363 4340 2557 4400 πάντες
2589 4339 2940 4415 ἁγιαζόμεθα,
2967 4339 3020 4396 ἐν
3051 4346 3120 4416 τῇ
3177 4341 3524 4422 ἐπιφοιτήσει
3583 4353 3681 4403 τοῦ
3716 4369 3810 4405 πα-

2166 4426 2447 4502 ρακλήτου
2487 4433 2620 4484 Θεοῦ
2649 4432 2744 4483 τοῦ
2775 4428 3092 4504 Ηνεύματος

2340 4552 2529 4621 τέλος,
2587 4551 2680 4607 σὺν
2739 4556 2880 4682 Θξιέ.
2911 4560 3011 4622 τῆς
3031 4557 3176 4682 ἱερὸς
3221 4559 3548 4632 Κορινθίους
3587 4563 3639 4637 β’

2867 4646 3024 4682 πιστο
3068 4649 3157 4682 τις.

2867 4646 3157 4694 πιστοΑῃς,

2273 4742 2517 4819 Ἐγράφη
2579 4742 2685 4797 ἀπὸ
2719 4738 3039 4816 Φιλίππων,
3069 4741 3159 4800 διὰ
3189 4745 3355 4804 Τίτου
3382 4749 3474 4804 καὶ
3505 4755 3712 4824 Acuti.
