  <div class='ocr_page' id='page_1' title='image "/cluster/home/n/w/nwhite01/storage/ocr_20150623/118/mdp.39015078384297/552.png"; bbox 0 0 4048 6250; ppageno 0'>
   <div class='ocr_carea' id='block_1_1' title="bbox 354 422 2390 469">
    <p class='ocr_par' dir='ltr' id='par_1_1' title="bbox 354 422 2390 469">
     <span class='ocr_line' id='line_1_1' title="bbox 354 422 2390 469; baseline -0 -1"><span class='ocrx_word' id='word_1_1' title='bbox 354 422 2390 469; x_wconf 49' lang='grc' dir='ltr'><em>Μ</em></span> 
     </span>
    </p>
   </div>
   <div class='ocr_carea' id='block_1_2' title="bbox 1430 293 2742 357">
    <p class='ocr_par' dir='ltr' id='par_1_2' title="bbox 1430 293 2742 357">
     <span class='ocr_line' id='line_1_2' title="bbox 1430 293 2742 357; baseline 0.002 -2"><span class='ocrx_word' id='word_1_2' title='bbox 1430 295 1835 355; x_wconf 69' lang='lat' dir='ltr'>COMMENT.</span> <span class='ocrx_word' id='word_1_3' title='bbox 1888 294 1971 354; x_wconf 82' lang='lat' dir='ltr'>IN</span> <span class='ocrx_word' id='word_1_4' title='bbox 2017 293 2267 355; x_wconf 78' lang='lat' dir='ltr'>EPIST.</span> <span class='ocrx_word' id='word_1_5' title='bbox 2317 295 2415 353; x_wconf 78' lang='lat' dir='ltr'>AD</span> <span class='ocrx_word' id='word_1_6' title='bbox 2460 297 2742 357; x_wconf 83' lang='lat' dir='ltr'>GALAT.</span> 
     </span>
    </p>
   </div>
   <div class='ocr_carea' id='block_1_3' title="bbox 3619 296 3776 359">
    <p class='ocr_par' dir='ltr' id='par_1_3' title="bbox 3619 296 3776 359">
     <span class='ocr_line' id='line_1_3' title="bbox 3619 296 3776 359; baseline 0.019 -3"><span class='ocrx_word' id='word_1_7' title='bbox 3619 296 3776 359; x_wconf 83' lang='grc'>1090</span> 
     </span>
    </p>
   </div>
   <div class='ocr_carea' id='block_1_4' title="bbox 1622 597 2507 727">
    <p class='ocr_par' dir='ltr' id='par_1_4' title="bbox 1622 597 2507 727">
     <span class='ocr_line' id='line_1_4' title="bbox 1622 597 2507 727; baseline -0.002 -2"><span class='ocrx_word' id='word_1_8' title='bbox 1622 597 2507 727; x_wconf 79' lang='grc' dir='ltr'>ΥΠΟΘΕΣΙΣ</span> 
     </span>
    </p>
   </div>
   <div class='ocr_carea' id='block_1_5' title="bbox 980 822 3131 953">
    <p class='ocr_par' dir='ltr' id='par_1_5' title="bbox 980 822 3131 953">
     <span class='ocr_line' id='line_1_5' title="bbox 980 822 3131 953; baseline 0 -6"><span class='ocrx_word' id='word_1_9' title='bbox 980 822 1222 948; x_wconf 78' lang='grc' dir='ltr'>ΤΗΣ</span> <span class='ocrx_word' id='word_1_10' title='bbox 1317 853 1641 949; x_wconf 78' lang='grc' dir='ltr'>ΠΡΟΣ</span> <span class='ocrx_word' id='word_1_11' title='bbox 1738 854 2297 949; x_wconf 79' lang='grc' dir='ltr'>ΓΑΛΑΤΑΣ</span> <span class='ocrx_word' id='word_1_12' title='bbox 2383 856 3131 953; x_wconf 78' lang='grc' dir='ltr'>ΕΠΙΣΤΟΑΗΣ.</span> 
     </span>
    </p>
   </div>
   <div class='ocr_carea' id='block_1_6' title="bbox 1470 1240 2668 1365">
    <p class='ocr_par' dir='ltr' id='par_1_6' title="bbox 1470 1240 2668 1365">
     <span class='ocr_line' id='line_1_6' title="bbox 1470 1240 2668 1365; baseline -0.001 0"><span class='ocrx_word' id='word_1_13' title='bbox 1470 1240 2668 1365; x_wconf 67' lang='lat' dir='ltr'>ARGUMENTUM</span> 
     </span>
    </p>
   </div>
   <div class='ocr_carea' id='block_1_7' title="bbox 1268 1462 2829 1572">
    <p class='ocr_par' dir='ltr' id='par_1_7' title="bbox 1268 1462 2829 1572">
     <span class='ocr_line' id='line_1_7' title="bbox 1268 1462 2829 1572; baseline -0.002 -15"><span class='ocrx_word' id='word_1_14' title='bbox 1268 1462 1900 1560; x_wconf 71' lang='lat' dir='ltr'>EPISTOLIE</span> <span class='ocrx_word' id='word_1_15' title='bbox 1994 1462 2155 1555; x_wconf 87' lang='lat' dir='ltr'>AD</span> <span class='ocrx_word' id='word_1_16' title='bbox 2249 1462 2829 1572; x_wconf 84' lang='lat' dir='ltr'>GALATAS.</span> 
     </span>
    </p>
   </div>
   <div class='ocr_carea' id='block_1_8' title="bbox 402 1802 1988 1900">
    <p class='ocr_par' dir='ltr' id='par_1_8' title="bbox 402 1818 1984 1894">
     <span class='ocr_line' id='line_1_8' title="bbox 402 1818 1984 1894; baseline -0.002 -18"><span class='ocrx_word' id='word_1_17' title='bbox 402 1820 620 1891; x_wconf 85' lang='grc' dir='ltr'>Ταύτην</span> <span class='ocrx_word' id='word_1_18' title='bbox 654 1818 964 1876; x_wconf 51' lang='grc' dir='ltr'>ἐπιστέλλει</span> <span class='ocrx_word' id='word_1_19' title='bbox 1014 1821 1119 1875; x_wconf 82' lang='grc' dir='ltr'>ἀπὸ</span> <span class='ocrx_word' id='word_1_20' title='bbox 1176 1821 1418 1893; x_wconf 74' lang='grc' dir='ltr'>Ῥώμης,</span> <span class='ocrx_word' id='word_1_21' title='bbox 1477 1819 1731 1894; x_wconf 70' lang='grc' dir='ltr'>ἑωρακὼς</span> <span class='ocrx_word' id='word_1_22' title='bbox 1790 1818 1984 1881; x_wconf 81' lang='grc' dir='ltr'>αύτοὺς</span> 
     </span>
    </p>
   </div>
   <div class='ocr_carea' id='block_1_9' title="bbox 2080 1802 3758 1900">
    <p class='ocr_par' dir='ltr' id='par_1_9' title="bbox 2120 1802 3758 1897">
     <span class='ocr_line' id='line_1_9' title="bbox 2120 1802 3758 1897; baseline 0.006 -25"><span class='ocrx_word' id='word_1_23' title='bbox 2120 1802 2125 1829; x_wconf 25' lang='grc' dir='ltr'>ξ</span> <span class='ocrx_word' id='word_1_24' title='bbox 2180 1818 2330 1873; x_wconf 73' lang='grc'>713</span> <span class='ocrx_word' id='word_1_25' title='bbox 2356 1819 2514 1873; x_wconf 86' lang='lat' dir='ltr'>Hanc</span> <span class='ocrx_word' id='word_1_26' title='bbox 2533 1818 2605 1874; x_wconf 89' lang='lat' dir='ltr'>ab</span> <span class='ocrx_word' id='word_1_27' title='bbox 2636 1819 2779 1874; x_wconf 84' lang='lat' dir='ltr'>urbe</span> <span class='ocrx_word' id='word_1_28' title='bbox 2799 1821 2983 1876; x_wconf 82' lang='lat' dir='ltr'>Roma</span> <span class='ocrx_word' id='word_1_29' title='bbox 2997 1821 3758 1897; x_wconf 86' lang='lat' dir='ltr'>scribit,cumjamvidisset</span> 
     </span>
    </p>
   </div>
   <div class='ocr_carea' id='block_1_10' title="bbox 332 1906 1989 1987">
    <p class='ocr_par' dir='ltr' id='par_1_10' title="bbox 332 1906 1989 1987">
     <span class='ocr_line' id='line_1_10' title="bbox 332 1906 1989 1987; baseline 0.001 -23"><span class='ocrx_word' id='word_1_30' title='bbox 332 1906 441 1980; x_wconf 72' lang='grc' dir='ltr'>ἤδη</span> <span class='ocrx_word' id='word_1_31' title='bbox 499 1910 592 1965; x_wconf 75' lang='grc' dir='ltr'>καὶ</span> <span class='ocrx_word' id='word_1_32' title='bbox 662 1906 899 1981; x_wconf 71' lang='grc' dir='ltr'>διδάξας.</span> <span class='ocrx_word' id='word_1_33' title='bbox 986 1911 1049 1964; x_wconf 79' lang='grc' dir='ltr'>’Π</span> <span class='ocrx_word' id='word_1_34' title='bbox 1107 1907 1163 1964; x_wconf 76' lang='grc' dir='ltr'>δὲ</span> <span class='ocrx_word' id='word_1_35' title='bbox 1207 1910 1476 1987; x_wconf 67' lang='grc' dir='ltr'>πρόφασις</span> <span class='ocrx_word' id='word_1_36' title='bbox 1530 1917 1629 1980; x_wconf 75' lang='grc' dir='ltr'>τῆς</span> <span class='ocrx_word' id='word_1_37' title='bbox 1673 1907 1989 1979; x_wconf 73' lang='grc' dir='ltr'>ἐπιστολῆς,</span> 
     </span>
    </p>
   </div>
   <div class='ocr_carea' id='block_1_11' title="bbox 329 1996 1989 2074">
    <p class='ocr_par' dir='ltr' id='par_1_11' title="bbox 329 1996 1989 2074">
     <span class='ocr_line' id='line_1_11' title="bbox 329 1996 1989 2074; baseline -0.001 -20"><span class='ocrx_word' id='word_1_38' title='bbox 329 1999 488 2069; x_wconf 64' lang='grc' dir='ltr'>αὕτη⁸</span> <span class='ocrx_word' id='word_1_39' title='bbox 528 1996 887 2074; x_wconf 65' lang='grc' dir='ltr'>Διδαχθέντες</span> <span class='ocrx_word' id='word_1_40' title='bbox 928 1998 1111 2062; x_wconf 81' lang='grc' dir='ltr'>καλῶς</span> <span class='ocrx_word' id='word_1_41' title='bbox 1146 2000 1196 2053; x_wconf 77' lang='grc' dir='ltr'>οἱ</span> <span class='ocrx_word' id='word_1_42' title='bbox 1230 1997 1464 2054; x_wconf 73' lang='grc' dir='ltr'>Γαλάται</span> <span class='ocrx_word' id='word_1_43' title='bbox 1496 1998 1641 2074; x_wconf 72' lang='grc' dir='ltr'>παρὰ</span> <span class='ocrx_word' id='word_1_44' title='bbox 1694 2000 1793 2054; x_wconf 88' lang='grc' dir='ltr'>τοῦ</span> <span class='ocrx_word' id='word_1_45' title='bbox 1825 2001 1989 2057; x_wconf 78' lang='grc' dir='ltr'>Ἀποο</span> 
     </span>
    </p>
   </div>
   <div class='ocr_carea' id='block_1_12' title="bbox 335 2084 1986 2163">
    <p class='ocr_par' dir='ltr' id='par_1_12' title="bbox 335 2084 1986 2163">
     <span class='ocr_line' id='line_1_12' title="bbox 335 2084 1986 2163; baseline 0.001 -23"><span class='ocrx_word' id='word_1_46' title='bbox 335 2086 558 2156; x_wconf 68' lang='grc' dir='ltr'>στόλου,</span> <span class='ocrx_word' id='word_1_47' title='bbox 620 2086 709 2142; x_wconf 73' lang='grc' dir='ltr'>καὶ</span> <span class='ocrx_word' id='word_1_48' title='bbox 768 2087 1144 2150; x_wconf 65' lang='grc' dir='ltr'>πιστεύσαντες</span> <span class='ocrx_word' id='word_1_49' title='bbox 1188 2088 1425 2163; x_wconf 73' lang='grc' dir='ltr'>γνησίως</span> <span class='ocrx_word' id='word_1_50' title='bbox 1481 2084 1556 2149; x_wconf 65' lang='grc' dir='ltr'>είς</span> <span class='ocrx_word' id='word_1_51' title='bbox 1612 2088 1701 2142; x_wconf 79' lang='grc' dir='ltr'>τὸν</span> <span class='ocrx_word' id='word_1_52' title='bbox 1757 2088 1986 2161; x_wconf 86' lang='grc' dir='ltr'>Χριστὸν</span> 
     </span>
    </p>
   </div>
   <div class='ocr_carea' id='block_1_13' title="bbox 338 2173 1984 2252">
    <p class='ocr_par' dir='ltr' id='par_1_13' title="bbox 338 2173 1984 2252">
     <span class='ocr_line' id='line_1_13' title="bbox 338 2173 1984 2252; baseline 0 -22"><span class='ocrx_word' id='word_1_53' title='bbox 338 2173 804 2249; x_wconf 69' lang='grc' dir='ltr'>ἀποδημήσαντος</span> <span class='ocrx_word' id='word_1_54' title='bbox 887 2180 983 2231; x_wconf 85' lang='grc' dir='ltr'>τοῦ</span> <span class='ocrx_word' id='word_1_55' title='bbox 1087 2175 1479 2249; x_wconf 78' lang='grc' dir='ltr'>Ἀποστόλου,</span> <span class='ocrx_word' id='word_1_56' title='bbox 1564 2177 1984 2252; x_wconf 65' lang='grc' dir='ltr'>ὑφῃρπάσθησαν</span> 
     </span>
    </p>
   </div>
   <div class='ocr_carea' id='block_1_14' title="bbox 342 2264 1988 2341">
    <p class='ocr_par' dir='ltr' id='par_1_14' title="bbox 342 2264 1988 2341">
     <span class='ocr_line' id='line_1_14' title="bbox 342 2264 1988 2341; baseline 0.001 -21"><span class='ocrx_word' id='word_1_57' title='bbox 342 2267 487 2341; x_wconf 74' lang='grc' dir='ltr'>παρὰ</span> <span class='ocrx_word' id='word_1_58' title='bbox 552 2271 735 2338; x_wconf 82' lang='grc' dir='ltr'>τινῶν,</span> <span class='ocrx_word' id='word_1_59' title='bbox 822 2264 963 2323; x_wconf 81' lang='grc' dir='ltr'>ὥστε</span> <span class='ocrx_word' id='word_1_60' title='bbox 1043 2267 1476 2341; x_wconf 76' lang='grc' dir='ltr'>περιτέμνεσθαι.</span> <span class='ocrx_word' id='word_1_61' title='bbox 1563 2270 1742 2321; x_wconf 85' lang='grc' dir='ltr'>Ταῦτα</span> <span class='ocrx_word' id='word_1_62' title='bbox 1812 2266 1988 2321; x_wconf 80' lang='grc' dir='ltr'>τοίνυν</span> 
     </span>
    </p>
   </div>
   <div class='ocr_carea' id='block_1_15' title="bbox 344 2353 1986 2432">
    <p class='ocr_par' dir='ltr' id='par_1_15' title="bbox 344 2353 1986 2432">
     <span class='ocr_line' id='line_1_15' title="bbox 344 2353 1986 2432; baseline 0.001 -24"><span class='ocrx_word' id='word_1_63' title='bbox 344 2355 521 2427; x_wconf 77' lang='grc' dir='ltr'>μαθὼν</span> <span class='ocrx_word' id='word_1_64' title='bbox 552 2356 579 2409; x_wconf 85' lang='grc' dir='ltr'><strong>ὁ</strong></span> <span class='ocrx_word' id='word_1_65' title='bbox 611 2353 969 2427; x_wconf 79' lang='grc' dir='ltr'>Ἀπόστολος,</span> <span class='ocrx_word' id='word_1_66' title='bbox 1000 2356 1195 2432; x_wconf 65' lang='grc' dir='ltr'>γράφει</span> <span class='ocrx_word' id='word_1_67' title='bbox 1240 2356 1379 2429; x_wconf 88' lang='grc' dir='ltr'>πρὸς</span> <span class='ocrx_word' id='word_1_68' title='bbox 1434 2354 1647 2418; x_wconf 82' lang='grc' dir='ltr'>αὐτοῦς.</span> <span class='ocrx_word' id='word_1_69' title='bbox 1705 2355 1800 2412; x_wconf 79' lang='grc' dir='ltr'>Καὶ</span> <span class='ocrx_word' id='word_1_70' title='bbox 1830 2359 1986 2431; x_wconf 81' lang='grc' dir='ltr'>πρῶ-</span> 
     </span>
    </p>
   </div>
   <div class='ocr_carea' id='block_1_16' title="bbox 334 2443 1983 2519">
    <p class='ocr_par' dir='ltr' id='par_1_16' title="bbox 334 2443 1983 2519">
     <span class='ocr_line' id='line_1_16' title="bbox 334 2443 1983 2519; baseline 0.001 -21"><span class='ocrx_word' id='word_1_71' title='bbox 334 2464 427 2498; x_wconf 83' lang='grc' dir='ltr'>τον</span> <span class='ocrx_word' id='word_1_72' title='bbox 474 2444 590 2516; x_wconf 76' lang='grc' dir='ltr'>μὲν,</span> <span class='ocrx_word' id='word_1_73' title='bbox 652 2448 916 2519; x_wconf 87' lang='grc' dir='ltr'>μαρτυρεῖ</span> <span class='ocrx_word' id='word_1_74' title='bbox 969 2446 1152 2506; x_wconf 56' lang='grc' dir='ltr'>αῦτοῖς</span> <span class='ocrx_word' id='word_1_75' title='bbox 1209 2445 1333 2518; x_wconf 86' lang='grc' dir='ltr'>περὶ</span> <span class='ocrx_word' id='word_1_76' title='bbox 1392 2443 1459 2512; x_wconf 76' lang='grc' dir='ltr'>ἧς</span> <span class='ocrx_word' id='word_1_77' title='bbox 1517 2444 1670 2519; x_wconf 72' lang='grc' dir='ltr'>εἶχον</span> <span class='ocrx_word' id='word_1_78' title='bbox 1726 2445 1983 2516; x_wconf 84' lang='grc' dir='ltr'>πίστεως,</span> 
     </span>
    </p>
   </div>
   <div class='ocr_carea' id='block_1_17' title="bbox 340 2530 1982 2608">
    <p class='ocr_par' dir='ltr' id='par_1_17' title="bbox 340 2530 1982 2608">
     <span class='ocr_line' id='line_1_17' title="bbox 340 2530 1982 2608; baseline 0.001 -23"><span class='ocrx_word' id='word_1_79' title='bbox 340 2533 431 2586; x_wconf 83' lang='grc' dir='ltr'>καὶ</span> <span class='ocrx_word' id='word_1_80' title='bbox 471 2532 697 2607; x_wconf 76' lang='grc' dir='ltr'>γνησίας</span> <span class='ocrx_word' id='word_1_81' title='bbox 729 2532 779 2588; x_wconf 82' lang='grc' dir='ltr'>ἐν</span> <span class='ocrx_word' id='word_1_82' title='bbox 837 2535 1055 2608; x_wconf 77' lang='grc' dir='ltr'>Χριστῷ</span> <span class='ocrx_word' id='word_1_83' title='bbox 1115 2530 1420 2596; x_wconf 85' lang='grc' dir='ltr'>διαθέσεως.</span> <span class='ocrx_word' id='word_1_84' title='bbox 1484 2530 1851 2608; x_wconf 66' lang='grc' dir='ltr'>Μέμφεταιδὲ</span> <span class='ocrx_word' id='word_1_85' title='bbox 1909 2533 1982 2596; x_wconf 84' lang='grc' dir='ltr'>ὡς</span> 
     </span>
    </p>
   </div>
   <div class='ocr_carea' id='block_1_18' title="bbox 357 2618 1980 2696">
    <p class='ocr_par' dir='ltr' id='par_1_18' title="bbox 357 2618 1980 2696">
     <span class='ocr_line' id='line_1_18' title="bbox 357 2618 1980 2696; baseline 0.002 -22"><span class='ocrx_word' id='word_1_86' title='bbox 357 2620 596 2691; x_wconf 69' lang='grc' dir='ltr'>ἀνοήτως</span> <span class='ocrx_word' id='word_1_87' title='bbox 653 2624 954 2696; x_wconf 78' lang='grc' dir='ltr'>πράξαναας</span> <span class='ocrx_word' id='word_1_88' title='bbox 1010 2622 1099 2676; x_wconf 76' lang='grc' dir='ltr'>καὶ</span> <span class='ocrx_word' id='word_1_89' title='bbox 1157 2618 1681 2696; x_wconf 83' lang='grc' dir='ltr'>μεταϐαλλομένους</span> <span class='ocrx_word' id='word_1_90' title='bbox 1767 2621 1980 2684; x_wconf 78' lang='grc' dir='ltr'>αὐτούς.</span> 
     </span>
    </p>
   </div>
   <div class='ocr_carea' id='block_1_19' title="bbox 343 2704 1985 2787">
    <p class='ocr_par' dir='ltr' id='par_1_19' title="bbox 343 2704 1985 2787">
     <span class='ocr_line' id='line_1_19' title="bbox 343 2704 1985 2787; baseline 0.001 -22"><span class='ocrx_word' id='word_1_91' title='bbox 343 2709 558 2765; x_wconf 79' lang='grc' dir='ltr'>Ἔπειτα</span> <span class='ocrx_word' id='word_1_92' title='bbox 587 2704 947 2784; x_wconf 71' lang='grc' dir='ltr'>διαλαμϐάνει</span> <span class='ocrx_word' id='word_1_93' title='bbox 996 2712 1118 2787; x_wconf 85' lang='grc' dir='ltr'>περί</span> <span class='ocrx_word' id='word_1_94' title='bbox 1180 2716 1276 2765; x_wconf 90' lang='grc' dir='ltr'>τοῦ</span> <span class='ocrx_word' id='word_1_95' title='bbox 1328 2712 1528 2784; x_wconf 80' lang='grc' dir='ltr'>νόμου,</span> <span class='ocrx_word' id='word_1_96' title='bbox 1570 2712 1658 2766; x_wconf 72' lang='grc' dir='ltr'>καὶ</span> <span class='ocrx_word' id='word_1_97' title='bbox 1708 2718 1807 2781; x_wconf 76' lang='grc' dir='ltr'>τῆς</span> <span class='ocrx_word' id='word_1_98' title='bbox 1850 2712 1985 2767; x_wconf 78' lang='grc' dir='ltr'>κατὰ</span> 
     </span>
    </p>
   </div>
   <div class='ocr_carea' id='block_1_20' title="bbox 338 2793 1982 2874">
    <p class='ocr_par' dir='ltr' id='par_1_20' title="bbox 338 2793 1982 2874">
     <span class='ocr_line' id='line_1_20' title="bbox 338 2793 1982 2874; baseline 0.004 -23"><span class='ocrx_word' id='word_1_99' title='bbox 338 2798 424 2851; x_wconf 84' lang='grc' dir='ltr'>τὸν</span> <span class='ocrx_word' id='word_1_100' title='bbox 490 2793 731 2874; x_wconf 68' lang='grc' dir='ltr'>Ἀϐραὰμ</span> <span class='ocrx_word' id='word_1_101' title='bbox 786 2802 1040 2863; x_wconf 88' lang='grc' dir='ltr'>πίστεως.</span> <span class='ocrx_word' id='word_1_102' title='bbox 1106 2801 1207 2858; x_wconf 82' lang='grc' dir='ltr'>Καὶ</span> <span class='ocrx_word' id='word_1_103' title='bbox 1268 2799 1644 2857; x_wconf 72' lang='grc' dir='ltr'>ἀποδείκνυσιν</span> <span class='ocrx_word' id='word_1_104' title='bbox 1703 2800 1761 2857; x_wconf 80' lang='grc' dir='ltr'>ἔκ</span> <span class='ocrx_word' id='word_1_105' title='bbox 1799 2822 1858 2857; x_wconf 90' lang='grc' dir='ltr'>τε</span> <span class='ocrx_word' id='word_1_106' title='bbox 1886 2805 1982 2857; x_wconf 85' lang='grc' dir='ltr'>τοῦ</span> 
     </span>
    </p>
   </div>
   <div class='ocr_carea' id='block_1_21' title="bbox 332 2886 1981 2967">
    <p class='ocr_par' dir='ltr' id='par_1_21' title="bbox 332 2886 1981 2967">
     <span class='ocr_line' id='line_1_21' title="bbox 332 2886 1981 2967; baseline 0.002 -26"><span class='ocrx_word' id='word_1_107' title='bbox 332 2888 522 2958; x_wconf 80' lang='grc' dir='ltr'>νόμου,</span> <span class='ocrx_word' id='word_1_108' title='bbox 565 2890 655 2943; x_wconf 79' lang='grc' dir='ltr'>καὶ</span> <span class='ocrx_word' id='word_1_109' title='bbox 711 2895 820 2943; x_wconf 81' lang='grc' dir='ltr'>τῶν</span> <span class='ocrx_word' id='word_1_110' title='bbox 870 2896 1134 2967; x_wconf 79' lang='grc' dir='ltr'>γυναικῶν</span> <span class='ocrx_word' id='word_1_111' title='bbox 1181 2896 1276 2944; x_wconf 89' lang='grc' dir='ltr'>τοῦ</span> <span class='ocrx_word' id='word_1_112' title='bbox 1329 2886 1597 2965; x_wconf 62' lang='grc' dir='ltr'>Ἀϐραὰμ,</span> <span class='ocrx_word' id='word_1_113' title='bbox 1657 2890 1981 2967; x_wconf 75' lang='grc' dir='ltr'>ἀλληγορή-</span> 
     </span>
    </p>
   </div>
   <div class='ocr_carea' id='block_1_22' title="bbox 332 2976 1977 3054">
    <p class='ocr_par' dir='ltr' id='par_1_22' title="bbox 332 2976 1977 3054">
     <span class='ocr_line' id='line_1_22' title="bbox 332 2976 1977 3054; baseline 0.004 -25"><span class='ocrx_word' id='word_1_114' title='bbox 332 2996 424 3036; x_wconf 81' lang='grc' dir='ltr'>σας</span> <span class='ocrx_word' id='word_1_115' title='bbox 456 2976 641 3046; x_wconf 71' lang='grc' dir='ltr'>αύτας,</span> <span class='ocrx_word' id='word_1_116' title='bbox 681 2983 845 3054; x_wconf 78' lang='grc' dir='ltr'>μέχρι</span> <span class='ocrx_word' id='word_1_117' title='bbox 880 2984 1078 3053; x_wconf 72' lang='grc' dir='ltr'>καιροῦ</span> <span class='ocrx_word' id='word_1_118' title='bbox 1110 2976 1353 3034; x_wconf 83' lang='grc' dir='ltr'>διδοσθαι</span> <span class='ocrx_word' id='word_1_119' title='bbox 1384 2982 1481 3048; x_wconf 74' lang='grc' dir='ltr'>τὴν</span> <span class='ocrx_word' id='word_1_120' title='bbox 1531 2982 1678 3034; x_wconf 69' lang='grc' dir='ltr'>σκιὰν</span> <span class='ocrx_word' id='word_1_121' title='bbox 1739 2980 1828 3035; x_wconf 83' lang='grc' dir='ltr'>καὶ</span> <span class='ocrx_word' id='word_1_122' title='bbox 1878 2982 1977 3050; x_wconf 79' lang='grc' dir='ltr'>τήν</span> 
     </span>
    </p>
   </div>
   <div class='ocr_carea' id='block_1_23' title="bbox 331 3067 1977 3145">
    <p class='ocr_par' dir='ltr' id='par_1_23' title="bbox 331 3067 1977 3145">
     <span class='ocr_line' id='line_1_23' title="bbox 331 3067 1977 3145; baseline 0.004 -26"><span class='ocrx_word' id='word_1_123' title='bbox 331 3067 654 3139; x_wconf 66' lang='grc' dir='ltr'>περιτομὴν,</span> <span class='ocrx_word' id='word_1_124' title='bbox 699 3070 789 3121; x_wconf 82' lang='grc' dir='ltr'>καὶ</span> <span class='ocrx_word' id='word_1_125' title='bbox 848 3068 1027 3144; x_wconf 73' lang='grc' dir='ltr'>ἀργεῖν</span> <span class='ocrx_word' id='word_1_126' title='bbox 1063 3069 1199 3124; x_wconf 70' lang='grc' dir='ltr'>αὐτὰ</span> <span class='ocrx_word' id='word_1_127' title='bbox 1231 3069 1423 3125; x_wconf 90' lang='grc' dir='ltr'>λοιπὸν</span> <span class='ocrx_word' id='word_1_128' title='bbox 1476 3072 1544 3143; x_wconf 79' lang='grc' dir='ltr'>τῇ</span> <span class='ocrx_word' id='word_1_129' title='bbox 1587 3074 1683 3123; x_wconf 89' lang='grc' dir='ltr'>τοῦ</span> <span class='ocrx_word' id='word_1_130' title='bbox 1742 3071 1977 3145; x_wconf 77' lang='grc' dir='ltr'>Χριστοῦ</span> 
     </span>
    </p>
   </div>
   <div class='ocr_carea' id='block_1_24' title="bbox 328 3156 1979 3233">
    <p class='ocr_par' dir='ltr' id='par_1_24' title="bbox 328 3156 1979 3233">
     <span class='ocr_line' id='line_1_24' title="bbox 328 3156 1979 3233; baseline 0.004 -24"><span class='ocrx_word' id='word_1_131' title='bbox 328 3157 618 3230; x_wconf 73' lang='grc' dir='ltr'>παρουσίᾳ.</span> <span class='ocrx_word' id='word_1_132' title='bbox 681 3157 781 3213; x_wconf 78' lang='grc' dir='ltr'>Καὶ</span> <span class='ocrx_word' id='word_1_133' title='bbox 832 3158 1007 3219; x_wconf 69' lang='grc' dir='ltr'>οὕτως</span> <span class='ocrx_word' id='word_1_134' title='bbox 1068 3156 1370 3230; x_wconf 77' lang='grc' dir='ltr'>ἀποδείξας,</span> <span class='ocrx_word' id='word_1_135' title='bbox 1430 3157 1798 3233; x_wconf 70' lang='grc' dir='ltr'>παραγγέλλει</span> <span class='ocrx_word' id='word_1_136' title='bbox 1864 3159 1979 3215; x_wconf 85' lang='grc' dir='ltr'>λοι-</span> 
     </span>
    </p>
   </div>
   <div class='ocr_carea' id='block_1_25' title="bbox 329 3244 1976 3323">
    <p class='ocr_par' dir='ltr' id='par_1_25' title="bbox 329 3244 1976 3323">
     <span class='ocr_line' id='line_1_25' title="bbox 329 3244 1976 3323; baseline 0.004 -26"><span class='ocrx_word' id='word_1_137' title='bbox 329 3245 427 3298; x_wconf 88' lang='grc' dir='ltr'>πὸν</span> <span class='ocrx_word' id='word_1_138' title='bbox 461 3244 649 3307; x_wconf 83' lang='grc' dir='ltr'>αὐτοῖς</span> <span class='ocrx_word' id='word_1_139' title='bbox 686 3251 880 3318; x_wconf 70' lang='grc' dir='ltr'>μηκέτι</span> <span class='ocrx_word' id='word_1_140' title='bbox 922 3247 1213 3323; x_wconf 83' lang='grc' dir='ltr'>προσέχεῖν</span> <span class='ocrx_word' id='word_1_141' title='bbox 1267 3254 1385 3310; x_wconf 87' lang='grc' dir='ltr'>τοῖς</span> <span class='ocrx_word' id='word_1_142' title='bbox 1443 3248 1801 3320; x_wconf 77' lang='grc' dir='ltr'>ἀπατήσαοιν,</span> <span class='ocrx_word' id='word_1_143' title='bbox 1833 3248 1976 3304; x_wconf 81' lang='grc' dir='ltr'>ἀλλὰ</span> 
     </span>
    </p>
   </div>
   <div class='ocr_carea' id='block_1_26' title="bbox 334 3330 1979 3414">
    <p class='ocr_par' dir='ltr' id='par_1_26' title="bbox 334 3330 1979 3414">
     <span class='ocr_line' id='line_1_26' title="bbox 334 3330 1979 3414; baseline 0.004 -27"><span class='ocrx_word' id='word_1_144' title='bbox 334 3330 550 3406; x_wconf 79' lang='grc' dir='ltr'>μᾶλλον</span> <span class='ocrx_word' id='word_1_145' title='bbox 575 3332 793 3410; x_wconf 76' lang='grc' dir='ltr'>ἔχεσθαι</span> <span class='ocrx_word' id='word_1_146' title='bbox 841 3343 942 3405; x_wconf 75' lang='grc' dir='ltr'>τὴς</span> <span class='ocrx_word' id='word_1_147' title='bbox 973 3336 1026 3391; x_wconf 82' lang='grc' dir='ltr'>ἐν</span> <span class='ocrx_word' id='word_1_148' title='bbox 1084 3340 1304 3413; x_wconf 82' lang='grc' dir='ltr'>Χριστῷ</span> <span class='ocrx_word' id='word_1_149' title='bbox 1354 3338 1611 3405; x_wconf 78' lang='grc' dir='ltr'>πίστεως,</span> <span class='ocrx_word' id='word_1_150' title='bbox 1668 3338 1757 3393; x_wconf 83' lang='grc' dir='ltr'>καὶ</span> <span class='ocrx_word' id='word_1_151' title='bbox 1813 3340 1979 3414; x_wconf 83' lang='grc' dir='ltr'>γινώ-</span> 
     </span>
    </p>
   </div>
   <div class='ocr_carea' id='block_1_27' title="bbox 333 3426 1978 3505">
    <p class='ocr_par' dir='ltr' id='par_1_27' title="bbox 333 3426 1978 3505">
     <span class='ocr_line' id='line_1_27' title="bbox 333 3426 1978 3505; baseline 0.004 -27"><span class='ocrx_word' id='word_1_152' title='bbox 333 3444 481 3481; x_wconf 84' lang='grc' dir='ltr'>σκειν</span> <span class='ocrx_word' id='word_1_153' title='bbox 518 3428 600 3481; x_wconf 83' lang='grc' dir='ltr'>ὅτι</span> <span class='ocrx_word' id='word_1_154' title='bbox 660 3430 694 3497; x_wconf 81' lang='grc' dir='ltr'>ἠ</span> <span class='ocrx_word' id='word_1_155' title='bbox 754 3426 806 3483; x_wconf 75' lang='grc' dir='ltr'>ἰν</span> <span class='ocrx_word' id='word_1_156' title='bbox 866 3431 1080 3503; x_wconf 78' lang='grc' dir='ltr'>Χριστῷ</span> <span class='ocrx_word' id='word_1_157' title='bbox 1130 3429 1311 3504; x_wconf 75' lang='grc' dir='ltr'>χάρις,</span> <span class='ocrx_word' id='word_1_158' title='bbox 1377 3434 1635 3505; x_wconf 62' lang='grc' dir='ltr'>καταραίεῖ</span> <span class='ocrx_word' id='word_1_159' title='bbox 1688 3431 1788 3499; x_wconf 78' lang='grc' dir='ltr'>τήν</span> <span class='ocrx_word' id='word_1_160' title='bbox 1844 3430 1978 3484; x_wconf 84' lang='grc' dir='ltr'>κατὰ</span> 
     </span>
    </p>
   </div>
   <div class='ocr_carea' id='block_1_28' title="bbox 328 3517 1978 3596">
    <p class='ocr_par' dir='ltr' id='par_1_28' title="bbox 328 3517 1978 3596">
     <span class='ocr_line' id='line_1_28' title="bbox 328 3517 1978 3596; baseline 0.004 -27"><span class='ocrx_word' id='word_1_161' title='bbox 328 3521 503 3590; x_wconf 71' lang='grc' dir='ltr'>σάρκα</span> <span class='ocrx_word' id='word_1_162' title='bbox 535 3520 872 3591; x_wconf 72' lang='grc' dir='ltr'>περιτομήν.</span> <span class='ocrx_word' id='word_1_163' title='bbox 911 3517 1007 3573; x_wconf 78' lang='grc' dir='ltr'>Καὶ</span> <span class='ocrx_word' id='word_1_164' title='bbox 1041 3518 1215 3579; x_wconf 74' lang='grc' dir='ltr'>οὕτως</span> <span class='ocrx_word' id='word_1_165' title='bbox 1263 3519 1428 3573; x_wconf 72' lang='grc' dir='ltr'>πάλιν</span> <span class='ocrx_word' id='word_1_166' title='bbox 1482 3519 1560 3581; x_wconf 78' lang='grc' dir='ltr'>είς</span> <span class='ocrx_word' id='word_1_167' title='bbox 1609 3519 1677 3575; x_wconf 80' lang='grc' dir='ltr'>τὰ</span> <span class='ocrx_word' id='word_1_168' title='bbox 1704 3518 1811 3590; x_wconf 69' lang='grc' dir='ltr'><strong>ἤθη</strong></span> <span class='ocrx_word' id='word_1_169' title='bbox 1845 3539 1978 3596; x_wconf 85' lang='grc' dir='ltr'>παρ-</span> 
     </span>
    </p>
   </div>
   <div class='ocr_carea' id='block_1_29' title="bbox 328 3603 1620 3680">
    <p class='ocr_par' dir='ltr' id='par_1_29' title="bbox 328 3603 1620 3680">
     <span class='ocr_line' id='line_1_29' title="bbox 328 3603 1620 3680; baseline 0.005 -22"><span class='ocrx_word' id='word_1_170' title='bbox 328 3606 538 3665; x_wconf 86' lang='grc' dir='ltr'>αινέσας</span> <span class='ocrx_word' id='word_1_171' title='bbox 578 3607 669 3660; x_wconf 79' lang='grc' dir='ltr'>καί</span> <span class='ocrx_word' id='word_1_172' title='bbox 703 3603 917 3680; x_wconf 65' lang='grc' dir='ltr'>διδάξας</span> <span class='ocrx_word' id='word_1_173' title='bbox 949 3606 1157 3663; x_wconf 85' lang='grc' dir='ltr'>τελειοῖ</span> <span class='ocrx_word' id='word_1_174' title='bbox 1183 3609 1281 3677; x_wconf 69' lang='grc' dir='ltr'>τὴν</span> <span class='ocrx_word' id='word_1_175' title='bbox 1307 3606 1620 3679; x_wconf 65' lang='grc' dir='ltr'>ἐπιστολήν.</span> 
     </span>
    </p>
   </div>
   <div class='ocr_carea' id='block_1_30' title="bbox 916 3737 1381 3793">
    <p class='ocr_par' dir='ltr' id='par_1_30' title="bbox 916 3737 1381 3793">
     <span class='ocr_line' id='line_1_30' title="bbox 916 3737 1381 3793; baseline 0.006 -3"><span class='ocrx_word' id='word_1_176' title='bbox 916 3737 1381 3793; x_wconf 80' lang='grc' dir='ltr'>ΘΕΟΔΩΡΗΤΟΥ.</span> 
     </span>
    </p>
   </div>
   <div class='ocr_carea' id='block_1_31' title="bbox 398 3856 1972 3938">
    <p class='ocr_par' dir='ltr' id='par_1_31' title="bbox 398 3856 1972 3938">
     <span class='ocr_line' id='line_1_31' title="bbox 398 3856 1972 3938; baseline 0.004 -29"><span class='ocrx_word' id='word_1_177' title='bbox 398 3857 467 3910; x_wconf 89' lang='grc' dir='ltr'>Τὸ</span> <span class='ocrx_word' id='word_1_178' title='bbox 515 3856 609 3930; x_wconf 73' lang='grc' dir='ltr'>μὲν</span> <span class='ocrx_word' id='word_1_179' title='bbox 663 3856 976 3931; x_wconf 84' lang='grc' dir='ltr'>προοίμιον,</span> <span class='ocrx_word' id='word_1_180' title='bbox 1028 3859 1118 3913; x_wconf 80' lang='grc' dir='ltr'>καὶ</span> <span class='ocrx_word' id='word_1_181' title='bbox 1173 3865 1315 3914; x_wconf 80' lang='grc' dir='ltr'>πᾶσα</span> <span class='ocrx_word' id='word_1_182' title='bbox 1372 3856 1566 3938; x_wconf 84' lang='grc' dir='ltr'>σχεδὸν</span> <span class='ocrx_word' id='word_1_183' title='bbox 1617 3863 1651 3929; x_wconf 78' lang='grc' dir='ltr'>ἡ</span> <span class='ocrx_word' id='word_1_184' title='bbox 1683 3859 1972 3931; x_wconf 82' lang='grc' dir='ltr'>ἐπιστολὴ,</span> 
     </span>
    </p>
   </div>
   <div class='ocr_carea' id='block_1_32' title="bbox 329 3945 1969 4023">
    <p class='ocr_par' dir='ltr' id='par_1_32' title="bbox 329 3945 1969 4023">
     <span class='ocr_line' id='line_1_32' title="bbox 329 3945 1969 4023; baseline 0.004 -26"><span class='ocrx_word' id='word_1_185' title='bbox 329 3948 501 4017; x_wconf 80' lang='grc' dir='ltr'>θυμοῦ</span> <span class='ocrx_word' id='word_1_186' title='bbox 532 3952 710 4023; x_wconf 87' lang='grc' dir='ltr'>γεμει.</span> <span class='ocrx_word' id='word_1_187' title='bbox 751 3948 810 4003; x_wconf 85' lang='grc' dir='ltr'><strong>ἹΙ</strong></span> <span class='ocrx_word' id='word_1_188' title='bbox 857 3945 913 4002; x_wconf 74' lang='grc' dir='ltr'>δὲ</span> <span class='ocrx_word' id='word_1_189' title='bbox 969 3947 1118 4003; x_wconf 76' lang='grc' dir='ltr'>αἰτία</span> <span class='ocrx_word' id='word_1_190' title='bbox 1182 3947 1335 4018; x_wconf 76' lang='grc' dir='ltr'>αὕτη.</span> <span class='ocrx_word' id='word_1_191' title='bbox 1398 3949 1551 4010; x_wconf 74' lang='grc' dir='ltr'>Τινὲς</span> <span class='ocrx_word' id='word_1_192' title='bbox 1605 3950 1710 4003; x_wconf 81' lang='grc' dir='ltr'>τῶν</span> <span class='ocrx_word' id='word_1_193' title='bbox 1742 3949 1789 4019; x_wconf 81' lang='grc' dir='ltr'>ἐξ</span> <span class='ocrx_word' id='word_1_194' title='bbox 1822 3951 1969 4006; x_wconf 87' lang='grc' dir='ltr'>Ἱου-</span> 
     </span>
    </p>
   </div>
   <div class='ocr_carea' id='block_1_33' title="bbox 324 4027 1965 4111">
    <p class='ocr_par' dir='ltr' id='par_1_33' title="bbox 324 4027 1965 4111">
     <span class='ocr_line' id='line_1_33' title="bbox 324 4027 1965 4111; baseline 0.006 -27"><span class='ocrx_word' id='word_1_195' title='bbox 324 4027 486 4087; x_wconf 88' lang='grc' dir='ltr'>δαίων</span> <span class='ocrx_word' id='word_1_196' title='bbox 519 4035 923 4107; x_wconf 71' lang='grc' dir='ltr'>πιστεύσαντες,</span> <span class='ocrx_word' id='word_1_197' title='bbox 954 4038 1045 4092; x_wconf 82' lang='grc' dir='ltr'>καὶ</span> <span class='ocrx_word' id='word_1_198' title='bbox 1094 4031 1173 4092; x_wconf 74' lang='grc' dir='ltr'>ἔτι</span> <span class='ocrx_word' id='word_1_199' title='bbox 1223 4042 1303 4110; x_wconf 77' lang='grc' dir='ltr'>τῷ</span> <span class='ocrx_word' id='word_1_200' title='bbox 1331 4038 1571 4111; x_wconf 78' lang='grc' dir='ltr'>πατρῴῳ</span> <span class='ocrx_word' id='word_1_201' title='bbox 1627 4038 1782 4111; x_wconf 83' lang='grc' dir='ltr'>νόμῳ</span> <span class='ocrx_word' id='word_1_202' title='bbox 1838 4060 1965 4094; x_wconf 62' lang='grc' dir='ltr'>κατα</span> 
     </span>
    </p>
   </div>
   <div class='ocr_carea' id='block_1_34' title="bbox 320 4123 1963 4200">
    <p class='ocr_par' dir='ltr' id='par_1_34' title="bbox 320 4123 1963 4200">
     <span class='ocr_line' id='line_1_34' title="bbox 320 4123 1963 4200; baseline 0.005 -24"><span class='ocrx_word' id='word_1_203' title='bbox 320 4124 599 4197; x_wconf 76' lang='grc' dir='ltr'>εχόμενοι,</span> <span class='ocrx_word' id='word_1_204' title='bbox 659 4123 873 4183; x_wconf 77' lang='grc' dir='ltr'>ἔπεισαν</span> <span class='ocrx_word' id='word_1_205' title='bbox 931 4127 1176 4189; x_wconf 77' lang='grc' dir='ltr'>πολλοὺς</span> <span class='ocrx_word' id='word_1_206' title='bbox 1232 4133 1340 4183; x_wconf 74' lang='grc' dir='ltr'>τῶν</span> <span class='ocrx_word' id='word_1_207' title='bbox 1381 4128 1430 4183; x_wconf 81' lang='grc' dir='ltr'>ἐν</span> <span class='ocrx_word' id='word_1_208' title='bbox 1484 4128 1724 4200; x_wconf 82' lang='grc' dir='ltr'>Γαλατίᾳ</span> <span class='ocrx_word' id='word_1_209' title='bbox 1762 4135 1963 4185; x_wconf 81' lang='grc' dir='ltr'>πιστῶν</span> 
     </span>
    </p>
   </div>
   <div class='ocr_carea' id='block_1_35' title="bbox 314 4212 1962 4292">
    <p class='ocr_par' dir='ltr' id='par_1_35' title="bbox 314 4212 1962 4292">
     <span class='ocr_line' id='line_1_35' title="bbox 314 4212 1962 4292; baseline 0.007 -28"><span class='ocrx_word' id='word_1_210' title='bbox 314 4212 745 4288; x_wconf 80' lang='grc' dir='ltr'>περιτέμνεσθαι,</span> <span class='ocrx_word' id='word_1_211' title='bbox 797 4217 884 4272; x_wconf 66' lang='grc' dir='ltr'>καὶ</span> <span class='ocrx_word' id='word_1_212' title='bbox 944 4212 1187 4273; x_wconf 76' lang='grc' dir='ltr'>σάϐϐατα</span> <span class='ocrx_word' id='word_1_213' title='bbox 1241 4223 1448 4292; x_wconf 85' lang='grc' dir='ltr'>τηρεῖν,</span> <span class='ocrx_word' id='word_1_214' title='bbox 1499 4219 1587 4272; x_wconf 78' lang='grc' dir='ltr'>καὶ</span> <span class='ocrx_word' id='word_1_215' title='bbox 1644 4218 1962 4291; x_wconf 77' lang='grc' dir='ltr'>νουμηνίας.</span> 
     </span>
    </p>
   </div>
   <div class='ocr_carea' id='block_1_36' title="bbox 312 4300 1962 4381">
    <p class='ocr_par' dir='ltr' id='par_1_36' title="bbox 312 4300 1962 4381">
     <span class='ocr_line' id='line_1_36' title="bbox 312 4300 1962 4381; baseline 0.002 -23"><span class='ocrx_word' id='word_1_216' title='bbox 312 4300 561 4358; x_wconf 80' lang='grc' dir='ltr'>Ἔπειθον</span> <span class='ocrx_word' id='word_1_217' title='bbox 597 4301 674 4375; x_wconf 73' lang='grc' dir='ltr'>δὲ,</span> <span class='ocrx_word' id='word_1_218' title='bbox 710 4303 962 4381; x_wconf 85' lang='grc' dir='ltr'>λέγοντες</span> <span class='ocrx_word' id='word_1_219' title='bbox 998 4306 1074 4377; x_wconf 74' lang='grc' dir='ltr'>μὴ</span> <span class='ocrx_word' id='word_1_220' title='bbox 1108 4302 1215 4361; x_wconf 83' lang='grc' dir='ltr'>δεῖν</span> <span class='ocrx_word' id='word_1_221' title='bbox 1257 4311 1335 4377; x_wconf 78' lang='grc' dir='ltr'>τῷ</span> <span class='ocrx_word' id='word_1_222' title='bbox 1395 4305 1599 4378; x_wconf 88' lang='grc' dir='ltr'>Παύλῳ</span> <span class='ocrx_word' id='word_1_223' title='bbox 1657 4306 1962 4378; x_wconf 84' lang='grc' dir='ltr'>πείθεσθαι,</span> 
     </span>
    </p>
   </div>
   <div class='ocr_carea' id='block_1_37' title="bbox 306 4393 1962 4476">
    <p class='ocr_par' dir='ltr' id='par_1_37' title="bbox 306 4393 1962 4476">
     <span class='ocr_line' id='line_1_37' title="bbox 306 4393 1962 4476; baseline 0.003 -30"><span class='ocrx_word' id='word_1_224' title='bbox 306 4395 382 4463; x_wconf 83' lang='grc' dir='ltr'>τῷ</span> <span class='ocrx_word' id='word_1_225' title='bbox 412 4393 543 4471; x_wconf 74' lang='grc' dir='ltr'>χθὲς</span> <span class='ocrx_word' id='word_1_226' title='bbox 576 4394 665 4448; x_wconf 82' lang='grc' dir='ltr'>καὶ</span> <span class='ocrx_word' id='word_1_227' title='bbox 705 4397 943 4469; x_wconf 66' lang='grc' dir='ltr'>σήμερον</span> <span class='ocrx_word' id='word_1_228' title='bbox 975 4398 1210 4476; x_wconf 67' lang='grc' dir='ltr'>φανέντι,</span> <span class='ocrx_word' id='word_1_229' title='bbox 1244 4394 1391 4451; x_wconf 76' lang='grc' dir='ltr'>ἀλλὰ</span> <span class='ocrx_word' id='word_1_230' title='bbox 1424 4394 1638 4469; x_wconf 75' lang='grc' dir='ltr'>μᾶλλον</span> <span class='ocrx_word' id='word_1_231' title='bbox 1666 4401 1784 4458; x_wconf 81' lang='grc' dir='ltr'>τοῖς</span> <span class='ocrx_word' id='word_1_232' title='bbox 1816 4396 1962 4476; x_wconf 75' lang='grc' dir='ltr'>ἀμφὶ</span> 
     </span>
    </p>
   </div>
   <div class='ocr_carea' id='block_1_38' title="bbox 309 4479 1955 4560">
    <p class='ocr_par' dir='ltr' id='par_1_38' title="bbox 309 4479 1955 4560">
     <span class='ocr_line' id='line_1_38' title="bbox 309 4479 1955 4560; baseline 0.004 -27"><span class='ocrx_word' id='word_1_233' title='bbox 309 4481 510 4555; x_wconf 84' lang='grc' dir='ltr'>Πέτρον</span> <span class='ocrx_word' id='word_1_234' title='bbox 568 4481 657 4536; x_wconf 83' lang='grc' dir='ltr'>καὶ</span> <span class='ocrx_word' id='word_1_235' title='bbox 746 4479 1007 4540; x_wconf 73' lang='grc' dir='ltr'>Ἰάκωϐον</span> <span class='ocrx_word' id='word_1_236' title='bbox 1063 4485 1153 4539; x_wconf 78' lang='grc' dir='ltr'>καὶ</span> <span class='ocrx_word' id='word_1_237' title='bbox 1238 4487 1474 4555; x_wconf 68' lang='grc' dir='ltr'>Ῑωαννην</span> <span class='ocrx_word' id='word_1_238' title='bbox 1510 4528 1520 4541; x_wconf 93' lang='grc'>.</span> <span class='ocrx_word' id='word_1_239' title='bbox 1582 4484 1747 4541; x_wconf 77' lang='grc' dir='ltr'>Οὗτοι</span> <span class='ocrx_word' id='word_1_240' title='bbox 1799 4487 1902 4560; x_wconf 76' lang='grc' dir='ltr'>γὰρ</span> <span class='ocrx_word' id='word_1_241' title='bbox 1941 4529 1955 4553; x_wconf 89' lang='grc'>,</span> 
     </span>
    </p>
   </div>
   <div class='ocr_carea' id='block_1_39' title="bbox 2102 1907 3751 1983">
    <p class='ocr_par' dir='ltr' id='par_1_39' title="bbox 2102 1907 3751 1983">
     <span class='ocr_line' id='line_1_39' title="bbox 2102 1907 3751 1983; baseline 0.007 -22"><span class='ocrx_word' id='word_1_242' title='bbox 2102 1922 2203 1962; x_wconf 89' lang='lat' dir='ltr'>eos</span> <span class='ocrx_word' id='word_1_243' title='bbox 2234 1924 2302 1961; x_wconf 90' lang='lat' dir='ltr'>ac</span> <span class='ocrx_word' id='word_1_244' title='bbox 2332 1907 2650 1963; x_wconf 79' lang='lat' dir='ltr'>docuisset.</span> <span class='ocrx_word' id='word_1_245' title='bbox 2686 1908 2927 1964; x_wconf 83' lang='lat' dir='ltr'>Occasio</span> <span class='ocrx_word' id='word_1_246' title='bbox 2977 1926 3113 1965; x_wconf 85' lang='lat' dir='ltr'>vero</span> <span class='ocrx_word' id='word_1_247' title='bbox 3142 1913 3406 1983; x_wconf 61' lang='lat' dir='ltr'>epistola:</span> <span class='ocrx_word' id='word_1_248' title='bbox 3440 1914 3565 1970; x_wconf 59' lang='lat' dir='ltr'>hac</span> <span class='ocrx_word' id='word_1_249' title='bbox 3596 1916 3706 1972; x_wconf 81' lang='lat' dir='ltr'>fuit</span> <span class='ocrx_word' id='word_1_250' title='bbox 3738 1933 3751 1972; x_wconf 91' lang='lat'>:</span> 
     </span>
    </p>
   </div>
   <div class='ocr_carea' id='block_1_40' title="bbox 2101 1993 3753 2071">
    <p class='ocr_par' dir='ltr' id='par_1_40' title="bbox 2101 1993 3753 2071">
     <span class='ocr_line' id='line_1_40' title="bbox 2101 1993 3753 2071; baseline 0.005 -22"><span class='ocrx_word' id='word_1_251' title='bbox 2101 1993 2320 2049; x_wconf 67' lang='lat' dir='ltr'>Galatae</span> <span class='ocrx_word' id='word_1_252' title='bbox 2352 2000 2510 2049; x_wconf 90' lang='lat' dir='ltr'>recte</span> <span class='ocrx_word' id='word_1_253' title='bbox 2542 1993 2613 2048; x_wconf 90' lang='lat' dir='ltr'>ab</span> <span class='ocrx_word' id='word_1_254' title='bbox 2646 1995 2928 2066; x_wconf 89' lang='lat' dir='ltr'>Apostolo</span> <span class='ocrx_word' id='word_1_255' title='bbox 2959 1996 3174 2057; x_wconf 84' lang='lat' dir='ltr'>edocti,</span> <span class='ocrx_word' id='word_1_256' title='bbox 3209 2014 3341 2053; x_wconf 88' lang='lat' dir='ltr'>cum</span> <span class='ocrx_word' id='word_1_257' title='bbox 3376 2000 3634 2071; x_wconf 80' lang='lat' dir='ltr'>legitime</span> <span class='ocrx_word' id='word_1_258' title='bbox 3692 2002 3753 2058; x_wconf 88' lang='lat' dir='ltr'>in</span> 
     </span>
    </p>
   </div>
   <div class='ocr_carea' id='block_1_41' title="bbox 2099 2079 3749 2160">
    <p class='ocr_par' dir='ltr' id='par_1_41' title="bbox 2099 2079 3749 2160">
     <span class='ocr_line' id='line_1_41' title="bbox 2099 2079 3749 2160; baseline 0.008 -26"><span class='ocrx_word' id='word_1_259' title='bbox 2099 2079 2398 2137; x_wconf 82' lang='lat' dir='ltr'>Christum</span> <span class='ocrx_word' id='word_1_260' title='bbox 2427 2082 2839 2151; x_wconf 84' lang='lat' dir='ltr'>credidissent,</span> <span class='ocrx_word' id='word_1_261' title='bbox 2876 2085 2974 2138; x_wconf 90' lang='lat' dir='ltr'>ubi</span> <span class='ocrx_word' id='word_1_262' title='bbox 3010 2084 3381 2142; x_wconf 79' lang='lat' dir='ltr'>disce35isset</span> <span class='ocrx_word' id='word_1_263' title='bbox 3410 2090 3749 2160; x_wconf 79' lang='lat' dir='ltr'>Apostolus,</span> 
     </span>
    </p>
   </div>
   <div class='ocr_carea' id='block_1_42' title="bbox 2095 2172 3749 2243">
    <p class='ocr_par' dir='ltr' id='par_1_42' title="bbox 2095 2172 3749 2243">
     <span class='ocr_line' id='line_1_42' title="bbox 2095 2172 3749 2243; baseline 0.005 -19"><span class='ocrx_word' id='word_1_264' title='bbox 2095 2172 2349 2242; x_wconf 89' lang='lat' dir='ltr'>surrepti</span> <span class='ocrx_word' id='word_1_265' title='bbox 2384 2178 2525 2227; x_wconf 88' lang='lat' dir='ltr'>sunt</span> <span class='ocrx_word' id='word_1_266' title='bbox 2554 2189 2587 2227; x_wconf 91' lang='lat' dir='ltr'>a</span> <span class='ocrx_word' id='word_1_267' title='bbox 2613 2172 2966 2243; x_wconf 85' lang='lat' dir='ltr'>quibusdam</span> <span class='ocrx_word' id='word_1_268' title='bbox 3000 2181 3058 2229; x_wconf 83' lang='lat' dir='ltr'>et</span> <span class='ocrx_word' id='word_1_269' title='bbox 3088 2174 3408 2243; x_wconf 87' lang='lat' dir='ltr'>seducti,ut</span> <span class='ocrx_word' id='word_1_270' title='bbox 3437 2178 3749 2235; x_wconf 89' lang='lat' dir='ltr'>circumci-</span> 
     </span>
    </p>
   </div>
   <div class='ocr_carea' id='block_1_43' title="bbox 2095 2259 3746 2340">
    <p class='ocr_par' dir='ltr' id='par_1_43' title="bbox 2095 2259 3746 2340">
     <span class='ocr_line' id='line_1_43' title="bbox 2095 2259 3746 2340; baseline 0.006 -24"><span class='ocrx_word' id='word_1_271' title='bbox 2095 2259 2460 2317; x_wconf 84' lang='lat' dir='ltr'>deretur.His</span> <span class='ocrx_word' id='word_1_272' title='bbox 2482 2263 2662 2334; x_wconf 81' lang='lat' dir='ltr'>igitur</span> <span class='ocrx_word' id='word_1_273' title='bbox 2678 2265 3246 2336; x_wconf 81' lang='lat' dir='ltr'>cognitis,scribitad</span> <span class='ocrx_word' id='word_1_274' title='bbox 3280 2285 3379 2323; x_wconf 90' lang='lat' dir='ltr'>eos</span> <span class='ocrx_word' id='word_1_275' title='bbox 3409 2269 3746 2340; x_wconf 84' lang='lat' dir='ltr'>Apostolus.</span> 
     </span>
    </p>
   </div>
   <div class='ocr_carea' id='block_1_44' title="bbox 2095 2350 3750 2431">
    <p class='ocr_par' dir='ltr' id='par_1_44' title="bbox 2095 2350 3750 2431">
     <span class='ocr_line' id='line_1_44' title="bbox 2095 2350 3750 2431; baseline 0.007 -27"><span class='ocrx_word' id='word_1_276' title='bbox 2095 2350 2163 2404; x_wconf 86' lang='lat' dir='ltr'>Et</span> <span class='ocrx_word' id='word_1_277' title='bbox 2193 2351 2450 2421; x_wconf 89' lang='lat' dir='ltr'>primum</span> <span class='ocrx_word' id='word_1_278' title='bbox 2502 2352 2742 2422; x_wconf 88' lang='lat' dir='ltr'>quidem</span> <span class='ocrx_word' id='word_1_279' title='bbox 2800 2359 3112 2410; x_wconf 81' lang='lat' dir='ltr'>attestatur</span> <span class='ocrx_word' id='word_1_280' title='bbox 3170 2357 3314 2427; x_wconf 88' lang='lat' dir='ltr'>ipsis</span> <span class='ocrx_word' id='word_1_281' title='bbox 3365 2357 3543 2414; x_wconf 83' lang='lat' dir='ltr'>ﬁdem</span> <span class='ocrx_word' id='word_1_282' title='bbox 3571 2376 3750 2431; x_wconf 88' lang='lat' dir='ltr'>quam</span> 
     </span>
    </p>
   </div>
   <div class='ocr_carea' id='block_1_45' title="bbox 2093 2439 3748 2513">
    <p class='ocr_par' dir='ltr' id='par_1_45' title="bbox 2093 2439 3748 2513">
     <span class='ocr_line' id='line_1_45' title="bbox 2093 2439 3748 2513; baseline 0.007 -20"><span class='ocrx_word' id='word_1_283' title='bbox 2093 2439 2412 2505; x_wconf 87' lang='lat' dir='ltr'>habebant,</span> <span class='ocrx_word' id='word_1_284' title='bbox 2473 2446 2530 2493; x_wconf 90' lang='lat' dir='ltr'>et</span> <span class='ocrx_word' id='word_1_285' title='bbox 2558 2440 2889 2513; x_wconf 83' lang='lat' dir='ltr'>legitimum</span> <span class='ocrx_word' id='word_1_286' title='bbox 2922 2444 2982 2496; x_wconf 90' lang='lat' dir='ltr'>in</span> <span class='ocrx_word' id='word_1_287' title='bbox 3016 2444 3198 2498; x_wconf 91' lang='lat' dir='ltr'>Deum</span> <span class='ocrx_word' id='word_1_288' title='bbox 3229 2447 3510 2502; x_wconf 70' lang='lat' dir='ltr'>affectum</span> <span class='ocrx_word' id='word_1_289' title='bbox 3545 2465 3557 2502; x_wconf 90' lang='lat'>:</span> <span class='ocrx_word' id='word_1_290' title='bbox 3592 2449 3748 2504; x_wconf 83' lang='lat' dir='ltr'>indi—</span> 
     </span>
    </p>
   </div>
   <div class='ocr_carea' id='block_1_46' title="bbox 2092 2529 3751 2605">
    <p class='ocr_par' dir='ltr' id='par_1_46' title="bbox 2092 2529 3751 2605">
     <span class='ocr_line' id='line_1_46' title="bbox 2092 2529 3751 2605; baseline 0.007 -23"><span class='ocrx_word' id='word_1_291' title='bbox 2092 2534 2305 2600; x_wconf 82' lang='lat' dir='ltr'>gnatur</span> <span class='ocrx_word' id='word_1_292' title='bbox 2334 2535 2531 2585; x_wconf 90' lang='lat' dir='ltr'>autem</span> <span class='ocrx_word' id='word_1_293' title='bbox 2564 2529 2720 2601; x_wconf 91' lang='lat' dir='ltr'>quod</span> <span class='ocrx_word' id='word_1_294' title='bbox 2753 2531 3105 2602; x_wconf 71' lang='lat' dir='ltr'>insipienter</span> <span class='ocrx_word' id='word_1_295' title='bbox 3137 2535 3362 2605; x_wconf 82' lang='lat' dir='ltr'>egerint</span> <span class='ocrx_word' id='word_1_296' title='bbox 3382 2542 3751 2593; x_wconf 49' lang='lat' dir='ltr'>ettransmu‘</span> 
     </span>
    </p>
   </div>
   <div class='ocr_carea' id='block_1_47' title="bbox 2092 2617 3749 2695">
    <p class='ocr_par' dir='ltr' id='par_1_47' title="bbox 2092 2617 3749 2695">
     <span class='ocr_line' id='line_1_47' title="bbox 2092 2617 3749 2695; baseline 0.007 -25"><span class='ocrx_word' id='word_1_297' title='bbox 2092 2618 2197 2672; x_wconf 86' lang='lat' dir='ltr'>tati</span> <span class='ocrx_word' id='word_1_298' title='bbox 2229 2617 2365 2672; x_wconf 91' lang='lat' dir='ltr'>sint.</span> <span class='ocrx_word' id='word_1_299' title='bbox 2403 2618 2627 2675; x_wconf 89' lang='lat' dir='ltr'>Deinde</span> <span class='ocrx_word' id='word_1_300' title='bbox 2658 2618 2728 2673; x_wconf 90' lang='lat' dir='ltr'>de</span> <span class='ocrx_word' id='word_1_301' title='bbox 2768 2618 2895 2692; x_wconf 77' lang='lat' dir='ltr'>lege</span> <span class='ocrx_word' id='word_1_302' title='bbox 2928 2620 3168 2675; x_wconf 88' lang='lat' dir='ltr'>disserit</span> <span class='ocrx_word' id='word_1_303' title='bbox 3196 2638 3264 2677; x_wconf 86' lang='lat' dir='ltr'>ac</span> <span class='ocrx_word' id='word_1_304' title='bbox 3297 2623 3411 2677; x_wconf 72' lang='lat' dir='ltr'>(ide</span> <span class='ocrx_word' id='word_1_305' title='bbox 3461 2641 3592 2695; x_wconf 66' lang='lat' dir='ltr'>quae</span> <span class='ocrx_word' id='word_1_306' title='bbox 3653 2642 3749 2681; x_wconf 87' lang='lat' dir='ltr'>se-</span> 
     </span>
    </p>
   </div>
   <div class='ocr_carea' id='block_1_48' title="bbox 2092 2705 3747 2783">
    <p class='ocr_par' dir='ltr' id='par_1_48' title="bbox 2092 2705 3747 2783">
     <span class='ocr_line' id='line_1_48' title="bbox 2092 2705 3747 2783; baseline 0.005 -24"><span class='ocrx_word' id='word_1_307' title='bbox 2092 2705 2351 2760; x_wconf 92' lang='lat' dir='ltr'>cundum</span> <span class='ocrx_word' id='word_1_308' title='bbox 2384 2706 2682 2761; x_wconf 83' lang='lat' dir='ltr'>Abraham</span> <span class='ocrx_word' id='word_1_309' title='bbox 2714 2714 2823 2762; x_wconf 82' lang='lat' dir='ltr'>est.</span> <span class='ocrx_word' id='word_1_310' title='bbox 2860 2710 3152 2763; x_wconf 80' lang='lat' dir='ltr'>Praeterea</span> <span class='ocrx_word' id='word_1_311' title='bbox 3185 2726 3255 2765; x_wconf 88' lang='lat' dir='ltr'>ex</span> <span class='ocrx_word' id='word_1_312' title='bbox 3287 2710 3413 2783; x_wconf 72' lang='lat' dir='ltr'>lege</span> <span class='ocrx_word' id='word_1_313' title='bbox 3463 2713 3747 2781; x_wconf 86' lang='lat' dir='ltr'>ostendit,</span> 
     </span>
    </p>
   </div>
   <div class='ocr_carea' id='block_1_49' title="bbox 2092 2796 3749 2870">
    <p class='ocr_par' dir='ltr' id='par_1_49' title="bbox 2092 2796 3749 2870">
     <span class='ocr_line' id='line_1_49' title="bbox 2092 2796 3749 2870; baseline 0.005 -20"><span class='ocrx_word' id='word_1_314' title='bbox 2092 2801 2150 2850; x_wconf 92' lang='lat' dir='ltr'>et</span> <span class='ocrx_word' id='word_1_315' title='bbox 2179 2811 2245 2849; x_wconf 87' lang='lat' dir='ltr'>ex</span> <span class='ocrx_word' id='word_1_316' title='bbox 2271 2796 2553 2851; x_wconf 83' lang='lat' dir='ltr'>uxoribus</span> <span class='ocrx_word' id='word_1_317' title='bbox 2584 2796 2879 2852; x_wconf 84' lang='lat' dir='ltr'>Abraham</span> <span class='ocrx_word' id='word_1_318' title='bbox 2912 2797 3227 2870; x_wconf 74' lang='lat' dir='ltr'>allegorice</span> <span class='ocrx_word' id='word_1_319' title='bbox 3275 2800 3615 2864; x_wconf 86' lang='lat' dir='ltr'>intellectis,</span> <span class='ocrx_word' id='word_1_320' title='bbox 3676 2803 3749 2858; x_wconf 89' lang='lat' dir='ltr'>ad</span> 
     </span>
    </p>
   </div>
   <div class='ocr_carea' id='block_1_50' title="bbox 2089 2886 3741 2959">
    <p class='ocr_par' dir='ltr' id='par_1_50' title="bbox 2089 2886 3741 2959">
     <span class='ocr_line' id='line_1_50' title="bbox 2089 2886 3741 2959; baseline 0.005 -20"><span class='ocrx_word' id='word_1_321' title='bbox 2089 2888 2323 2957; x_wconf 87' lang='lat' dir='ltr'>tempus</span> <span class='ocrx_word' id='word_1_322' title='bbox 2355 2886 2551 2941; x_wconf 84' lang='lat' dir='ltr'>datam</span> <span class='ocrx_word' id='word_1_323' title='bbox 2581 2886 2762 2942; x_wconf 85' lang='lat' dir='ltr'>fuisse</span> <span class='ocrx_word' id='word_1_324' title='bbox 2790 2887 3057 2942; x_wconf 89' lang='lat' dir='ltr'>umbram</span> <span class='ocrx_word' id='word_1_325' title='bbox 3092 2906 3158 2943; x_wconf 92' lang='lat' dir='ltr'>ac</span> <span class='ocrx_word' id='word_1_326' title='bbox 3204 2889 3741 2959; x_wconf 88' lang='lat' dir='ltr'>circumcisionem,</span> 
     </span>
    </p>
   </div>
   <div class='ocr_carea' id='block_1_51' title="bbox 2088 2975 3741 3046">
    <p class='ocr_par' dir='ltr' id='par_1_51' title="bbox 2088 2975 3741 3046">
     <span class='ocr_line' id='line_1_51' title="bbox 2088 2975 3741 3046; baseline 0.005 -18"><span class='ocrx_word' id='word_1_327' title='bbox 2088 2990 2274 3045; x_wconf 79' lang='lat' dir='ltr'>eaque</span> <span class='ocrx_word' id='word_1_328' title='bbox 2300 2975 2579 3046; x_wconf 88' lang='lat' dir='ltr'>deinceps</span> <span class='ocrx_word' id='word_1_329' title='bbox 2621 2993 2727 3046; x_wconf 90' lang='lat' dir='ltr'>per</span> <span class='ocrx_word' id='word_1_330' title='bbox 2776 2977 3093 3031; x_wconf 88' lang='lat' dir='ltr'>adventnm</span> <span class='ocrx_word' id='word_1_331' title='bbox 3152 2978 3367 3034; x_wconf 86' lang='lat' dir='ltr'>Christi</span> <span class='ocrx_word' id='word_1_332' title='bbox 3425 2981 3579 3035; x_wconf 83' lang='lat' dir='ltr'>facta</span> <span class='ocrx_word' id='word_1_333' title='bbox 3611 2999 3741 3036; x_wconf 90' lang='lat' dir='ltr'>esse</span> 
     </span>
    </p>
   </div>
   <div class='ocr_carea' id='block_1_52' title="bbox 2088 3065 3740 3143">
    <p class='ocr_par' dir='ltr' id='par_1_52' title="bbox 2088 3065 3740 3143">
     <span class='ocr_line' id='line_1_52' title="bbox 2088 3065 3740 3143; baseline 0.005 -24"><span class='ocrx_word' id='word_1_334' title='bbox 2088 3065 2294 3121; x_wconf 90' lang='lat' dir='ltr'>otiosa.</span> <span class='ocrx_word' id='word_1_335' title='bbox 2320 3067 2389 3119; x_wconf 88' lang='lat' dir='ltr'>Et</span> <span class='ocrx_word' id='word_1_336' title='bbox 2419 3066 2509 3120; x_wconf 89' lang='lat' dir='ltr'>his</span> <span class='ocrx_word' id='word_1_337' title='bbox 2537 3066 2617 3119; x_wconf 88' lang='lat' dir='ltr'>ita</span> <span class='ocrx_word' id='word_1_338' title='bbox 2644 3067 3086 3135; x_wconf 84' lang='lat' dir='ltr'>demonstratis,</span> <span class='ocrx_word' id='word_1_339' title='bbox 3122 3078 3557 3140; x_wconf 88' lang='lat' dir='ltr'>consequenter</span> <span class='ocrx_word' id='word_1_340' title='bbox 3588 3090 3740 3143; x_wconf 68' lang='lat' dir='ltr'>pra:-</span> 
     </span>
    </p>
   </div>
   <div class='ocr_carea' id='block_1_53' title="bbox 2087 3153 3739 3230">
    <p class='ocr_par' dir='ltr' id='par_1_53' title="bbox 2087 3153 3739 3230">
     <span class='ocr_line' id='line_1_53' title="bbox 2087 3153 3739 3230; baseline 0.005 -22"><span class='ocrx_word' id='word_1_341' title='bbox 2087 3153 2229 3225; x_wconf 90' lang='lat' dir='ltr'>cipit</span> <span class='ocrx_word' id='word_1_342' title='bbox 2260 3154 2424 3223; x_wconf 83' lang='lat' dir='ltr'>ipsis,</span> <span class='ocrx_word' id='word_1_343' title='bbox 2456 3171 2530 3208; x_wconf 90' lang='lat' dir='ltr'>ne</span> <span class='ocrx_word' id='word_1_344' title='bbox 2589 3155 2845 3225; x_wconf 83' lang='lat' dir='ltr'>amplius</span> <span class='ocrx_word' id='word_1_345' title='bbox 2902 3156 3248 3211; x_wconf 83' lang='lat' dir='ltr'>adhaereant</span> <span class='ocrx_word' id='word_1_346' title='bbox 3294 3157 3739 3230; x_wconf 89' lang='lat' dir='ltr'>impostoribus,</span> 
     </span>
    </p>
   </div>
   <div class='ocr_carea' id='block_1_54' title="bbox 2087 3242 3740 3322">
    <p class='ocr_par' dir='ltr' id='par_1_54' title="bbox 2087 3242 3740 3322">
     <span class='ocr_line' id='line_1_54' title="bbox 2087 3242 3740 3322; baseline 0.005 -26"><span class='ocrx_word' id='word_1_347' title='bbox 2087 3242 2188 3298; x_wconf 90' lang='lat' dir='ltr'>sed</span> <span class='ocrx_word' id='word_1_348' title='bbox 2218 3243 2413 3314; x_wconf 90' lang='lat' dir='ltr'>potius</span> <span class='ocrx_word' id='word_1_349' title='bbox 2442 3243 2659 3298; x_wconf 82' lang='lat' dir='ltr'>Christi</span> <span class='ocrx_word' id='word_1_350' title='bbox 2701 3244 2837 3298; x_wconf 76' lang='lat' dir='ltr'>ﬁdei</span> <span class='ocrx_word' id='word_1_351' title='bbox 2900 3245 3203 3312; x_wconf 69' lang='lat' dir='ltr'>haareant;</span> <span class='ocrx_word' id='word_1_352' title='bbox 3268 3254 3325 3302; x_wconf 89' lang='lat' dir='ltr'>et</span> <span class='ocrx_word' id='word_1_353' title='bbox 3382 3256 3740 3322; x_wconf 81' lang='lat' dir='ltr'>cognoscant</span> 
     </span>
    </p>
   </div>
   <div class='ocr_carea' id='block_1_55' title="bbox 2086 3331 3739 3405">
    <p class='ocr_par' dir='ltr' id='par_1_55' title="bbox 2086 3331 3739 3405">
     <span class='ocr_line' id='line_1_55' title="bbox 2086 3331 3739 3405; baseline 0.007 -21"><span class='ocrx_word' id='word_1_354' title='bbox 2086 3331 2241 3401; x_wconf 92' lang='lat' dir='ltr'>quod</span> <span class='ocrx_word' id='word_1_355' title='bbox 2273 3348 2378 3403; x_wconf 88' lang='lat' dir='ltr'>per</span> <span class='ocrx_word' id='word_1_356' title='bbox 2397 3332 2693 3387; x_wconf 83' lang='lat' dir='ltr'>Christum</span> <span class='ocrx_word' id='word_1_357' title='bbox 2725 3334 2914 3405; x_wconf 82' lang='lat' dir='ltr'>gratia</span> <span class='ocrx_word' id='word_1_358' title='bbox 2960 3334 3282 3390; x_wconf 79' lang='lat' dir='ltr'>aboleverit</span> <span class='ocrx_word' id='word_1_359' title='bbox 3336 3337 3739 3395; x_wconf 77' lang='lat' dir='ltr'>circumcisio-</span> 
     </span>
    </p>
   </div>
   <div class='ocr_carea' id='block_1_56' title="bbox 2084 3420 3739 3485">
    <p class='ocr_par' dir='ltr' id='par_1_56' title="bbox 2084 3420 3739 3485">
     <span class='ocr_line' id='line_1_56' title="bbox 2084 3420 3739 3485; baseline 0.006 -11"><span class='ocrx_word' id='word_1_360' title='bbox 2084 3434 2219 3475; x_wconf 90' lang='lat' dir='ltr'>nem</span> <span class='ocrx_word' id='word_1_361' title='bbox 2252 3420 2579 3477; x_wconf 89' lang='lat' dir='ltr'>secundum</span> <span class='ocrx_word' id='word_1_362' title='bbox 2603 3438 2843 3476; x_wconf 89' lang='lat' dir='ltr'>carnem</span> <span class='ocrx_word' id='word_1_363' title='bbox 2870 3439 2882 3477; x_wconf 89' lang='lat'><strong>:</strong></span> <span class='ocrx_word' id='word_1_364' title='bbox 2918 3429 2976 3478; x_wconf 90' lang='lat' dir='ltr'>et</span> <span class='ocrx_word' id='word_1_365' title='bbox 3000 3424 3082 3479; x_wconf 90' lang='lat' dir='ltr'>ita</span> <span class='ocrx_word' id='word_1_366' title='bbox 3103 3442 3338 3480; x_wconf 90' lang='lat' dir='ltr'>rursum</span> <span class='ocrx_word' id='word_1_367' title='bbox 3370 3428 3526 3484; x_wconf 87' lang='lat' dir='ltr'>circa</span> <span class='ocrx_word' id='word_1_368' title='bbox 3545 3445 3739 3485; x_wconf 79' lang='lat' dir='ltr'>mores</span> 
     </span>
    </p>
   </div>
   <div class='ocr_carea' id='block_1_57' title="bbox 2082 3508 3572 3589">
    <p class='ocr_par' dir='ltr' id='par_1_57' title="bbox 2082 3508 3572 3589">
     <span class='ocr_line' id='line_1_57' title="bbox 2082 3508 3572 3589; baseline 0.006 -25"><span class='ocrx_word' id='word_1_369' title='bbox 2082 3508 2458 3567; x_wconf 87' lang='lat' dir='ltr'>admonendo</span> <span class='ocrx_word' id='word_1_370' title='bbox 2490 3526 2557 3566; x_wconf 89' lang='lat' dir='ltr'>ac</span> <span class='ocrx_word' id='word_1_371' title='bbox 2587 3510 2857 3567; x_wconf 86' lang='lat' dir='ltr'>docendo</span> <span class='ocrx_word' id='word_1_372' title='bbox 2890 3512 3194 3569; x_wconf 85' lang='lat' dir='ltr'>concludit</span> <span class='ocrx_word' id='word_1_373' title='bbox 3228 3515 3572 3589; x_wconf 88' lang='lat' dir='ltr'>Epistolam.</span> 
     </span>
    </p>
   </div>
   <div class='ocr_carea' id='block_1_58' title="bbox 2684 3735 3151 3792">
    <p class='ocr_par' dir='ltr' id='par_1_58' title="bbox 2684 3735 3151 3792">
     <span class='ocr_line' id='line_1_58' title="bbox 2684 3735 3151 3792; baseline 0.004 -3"><span class='ocrx_word' id='word_1_374' title='bbox 2684 3735 3151 3792; x_wconf 78' lang='lat' dir='ltr'>THEODORETI.</span> 
     </span>
    </p>
   </div>
   <div class='ocr_carea' id='block_1_59' title="bbox 2152 3859 3738 3937">
    <p class='ocr_par' dir='ltr' id='par_1_59' title="bbox 2152 3859 3738 3937">
     <span class='ocr_line' id='line_1_59' title="bbox 2152 3859 3738 3937; baseline 0.005 -23"><span class='ocrx_word' id='word_1_375' title='bbox 2152 3862 2304 3915; x_wconf 76' lang='grc'>714</span> <span class='ocrx_word' id='word_1_376' title='bbox 2354 3859 2709 3916; x_wconf 66' lang='lat' dir='ltr'>Prooemium</span> <span class='ocrx_word' id='word_1_377' title='bbox 2759 3877 2827 3915; x_wconf 91' lang='lat' dir='ltr'>ac</span> <span class='ocrx_word' id='word_1_378' title='bbox 2877 3866 2999 3916; x_wconf 88' lang='lat' dir='ltr'>tota</span> <span class='ocrx_word' id='word_1_379' title='bbox 3027 3862 3213 3917; x_wconf 85' lang='lat' dir='ltr'>ferme</span> <span class='ocrx_word' id='word_1_380' title='bbox 3242 3863 3505 3934; x_wconf 89' lang='lat' dir='ltr'>Epistola</span> <span class='ocrx_word' id='word_1_381' title='bbox 3559 3866 3738 3937; x_wconf 87' lang='lat' dir='ltr'>plena</span> 
     </span>
    </p>
   </div>
   <div class='ocr_carea' id='block_1_60' title="bbox 2076 3948 3731 4020">
    <p class='ocr_par' dir='ltr' id='par_1_60' title="bbox 2076 3948 3731 4020">
     <span class='ocr_line' id='line_1_60' title="bbox 2076 3948 3731 4020; baseline 0.005 -18"><span class='ocrx_word' id='word_1_382' title='bbox 2076 3954 2166 4002; x_wconf 89' lang='lat' dir='ltr'>est</span> <span class='ocrx_word' id='word_1_383' title='bbox 2198 3948 2705 4003; x_wconf 84' lang='lat' dir='ltr'>excandescentia.</span> <span class='ocrx_word' id='word_1_384' title='bbox 2750 3950 2939 4004; x_wconf 87' lang='lat' dir='ltr'>Causa</span> <span class='ocrx_word' id='word_1_385' title='bbox 2970 3956 3171 4005; x_wconf 86' lang='lat' dir='ltr'>autem</span> <span class='ocrx_word' id='word_1_386' title='bbox 3204 3951 3329 4006; x_wconf 68' lang='lat' dir='ltr'>haec</span> <span class='ocrx_word' id='word_1_387' title='bbox 3386 3952 3496 4008; x_wconf 85' lang='lat' dir='ltr'>fuit</span> <span class='ocrx_word' id='word_1_388' title='bbox 3527 3970 3540 4008; x_wconf 91' lang='lat'><strong>:</strong></span> <span class='ocrx_word' id='word_1_389' title='bbox 3584 3955 3731 4020; x_wconf 88' lang='lat' dir='ltr'>Qui-</span> 
     </span>
    </p>
   </div>
   <div class='ocr_carea' id='block_1_61' title="bbox 2075 4035 3730 4114">
    <p class='ocr_par' dir='ltr' id='par_1_61' title="bbox 2075 4035 3730 4114">
     <span class='ocr_line' id='line_1_61' title="bbox 2075 4035 3730 4114; baseline 0.006 -24"><span class='ocrx_word' id='word_1_390' title='bbox 2075 4035 2209 4091; x_wconf 86' lang='lat' dir='ltr'>dam</span> <span class='ocrx_word' id='word_1_391' title='bbox 2242 4037 2341 4107; x_wconf 91' lang='lat' dir='ltr'>qui</span> <span class='ocrx_word' id='word_1_392' title='bbox 2375 4054 2404 4091; x_wconf 92' lang='lat' dir='ltr'>e</span> <span class='ocrx_word' id='word_1_393' title='bbox 2434 4036 2650 4091; x_wconf 75' lang='lat' dir='ltr'>Judmis</span> <span class='ocrx_word' id='word_1_394' title='bbox 2691 4037 3075 4093; x_wconf 87' lang='lat' dir='ltr'>crediderant</span> <span class='ocrx_word' id='word_1_395' title='bbox 3132 4046 3191 4094; x_wconf 89' lang='lat' dir='ltr'>et</span> <span class='ocrx_word' id='word_1_396' title='bbox 3221 4041 3413 4098; x_wconf 85' lang='lat' dir='ltr'>adhuc</span> <span class='ocrx_word' id='word_1_397' title='bbox 3469 4050 3730 4114; x_wconf 65' lang='lat' dir='ltr'>paterna)</span> 
     </span>
    </p>
   </div>
   <div class='ocr_carea' id='block_1_62' title="bbox 2074 4124 3729 4201">
    <p class='ocr_par' dir='ltr' id='par_1_62' title="bbox 2074 4124 3729 4201">
     <span class='ocr_line' id='line_1_62' title="bbox 2074 4124 3729 4201; baseline 0.007 -23"><span class='ocrx_word' id='word_1_398' title='bbox 2074 4124 2183 4197; x_wconf 80' lang='lat' dir='ltr'>legi</span> <span class='ocrx_word' id='word_1_399' title='bbox 2218 4124 2621 4191; x_wconf 81' lang='lat' dir='ltr'>adhaerebant,</span> <span class='ocrx_word' id='word_1_400' title='bbox 2653 4127 2857 4181; x_wconf 87' lang='lat' dir='ltr'>multis</span> <span class='ocrx_word' id='word_1_401' title='bbox 2882 4126 3159 4183; x_wconf 84' lang='lat' dir='ltr'>ﬁdelibus</span> <span class='ocrx_word' id='word_1_402' title='bbox 3191 4130 3289 4201; x_wconf 90' lang='lat' dir='ltr'>qui</span> <span class='ocrx_word' id='word_1_403' title='bbox 3325 4131 3481 4187; x_wconf 90' lang='lat' dir='ltr'>inter</span> <span class='ocrx_word' id='word_1_404' title='bbox 3498 4134 3729 4190; x_wconf 86' lang='lat' dir='ltr'>Galatas</span> 
     </span>
    </p>
   </div>
   <div class='ocr_carea' id='block_1_63' title="bbox 2072 4215 3730 4285">
    <p class='ocr_par' dir='ltr' id='par_1_63' title="bbox 2072 4215 3730 4285">
     <span class='ocr_line' id='line_1_63' title="bbox 2072 4215 3730 4285; baseline 0.007 -17"><span class='ocrx_word' id='word_1_405' title='bbox 2072 4219 2260 4281; x_wconf 86' lang='lat' dir='ltr'>erant,</span> <span class='ocrx_word' id='word_1_406' title='bbox 2286 4221 2709 4285; x_wconf 86' lang='lat' dir='ltr'>persuaserunt</span> <span class='ocrx_word' id='word_1_407' title='bbox 2730 4215 3372 4275; x_wconf 88' lang='lat' dir='ltr'>utcircumciderentur</span> <span class='ocrx_word' id='word_1_408' title='bbox 3402 4228 3459 4275; x_wconf 90' lang='lat' dir='ltr'>et</span> <span class='ocrx_word' id='word_1_409' title='bbox 3479 4222 3730 4278; x_wconf 87' lang='lat' dir='ltr'>Sabbata</span> 
     </span>
    </p>
   </div>
   <div class='ocr_carea' id='block_1_64' title="bbox 2071 4303 3731 4369">
    <p class='ocr_par' dir='ltr' id='par_1_64' title="bbox 2071 4303 3731 4369">
     <span class='ocr_line' id='line_1_64' title="bbox 2071 4303 3731 4369; baseline 0.004 -10"><span class='ocrx_word' id='word_1_410' title='bbox 2071 4321 2139 4359; x_wconf 86' lang='lat' dir='ltr'>ac</span> <span class='ocrx_word' id='word_1_411' title='bbox 2168 4303 2523 4359; x_wconf 86' lang='lat' dir='ltr'>Neomcnias</span> <span class='ocrx_word' id='word_1_412' title='bbox 2556 4310 2884 4360; x_wconf 87' lang='lat' dir='ltr'>servarent.</span> <span class='ocrx_word' id='word_1_413' title='bbox 2919 4306 3363 4361; x_wconf 89' lang='lat' dir='ltr'>Persuadebant</span> <span class='ocrx_word' id='word_1_414' title='bbox 3391 4316 3609 4369; x_wconf 87' lang='lat' dir='ltr'>autem.</span> <span class='ocrx_word' id='word_1_415' title='bbox 3637 4312 3731 4366; x_wconf 89' lang='lat' dir='ltr'>di-</span> 
     </span>
    </p>
   </div>
   <div class='ocr_carea' id='block_1_65' title="bbox 2067 4393 3727 4469">
    <p class='ocr_par' dir='ltr' id='par_1_65' title="bbox 2067 4393 3727 4469">
     <span class='ocr_line' id='line_1_65' title="bbox 2067 4393 3727 4469; baseline 0.005 -22"><span class='ocrx_word' id='word_1_416' title='bbox 2067 4399 2270 4448; x_wconf 89' lang='lat' dir='ltr'>centes</span> <span class='ocrx_word' id='word_1_417' title='bbox 2295 4408 2418 4447; x_wconf 90' lang='lat' dir='ltr'>non</span> <span class='ocrx_word' id='word_1_418' title='bbox 2452 4409 2582 4449; x_wconf 89' lang='lat' dir='ltr'>esse</span> <span class='ocrx_word' id='word_1_419' title='bbox 2610 4393 2792 4448; x_wconf 86' lang='lat' dir='ltr'>Paulo</span> <span class='ocrx_word' id='word_1_420' title='bbox 2817 4394 3480 4467; x_wconf 86' lang='lat' dir='ltr'>obtemperandum,qui</span> <span class='ocrx_word' id='word_1_421' title='bbox 3509 4416 3727 4469; x_wconf 86' lang='lat' dir='ltr'>paucos</span> 
     </span>
    </p>
   </div>
   <div class='ocr_carea' id='block_1_66' title="bbox 2065 4481 3727 4557">
    <p class='ocr_par' dir='ltr' id='par_1_66' title="bbox 2065 4481 3727 4557">
     <span class='ocr_line' id='line_1_66' title="bbox 2065 4481 3727 4557; baseline 0.004 -20"><span class='ocrx_word' id='word_1_422' title='bbox 2065 4488 2201 4537; x_wconf 87' lang='lat' dir='ltr'>ante</span> <span class='ocrx_word' id='word_1_423' title='bbox 2233 4481 2360 4537; x_wconf 90' lang='lat' dir='ltr'>dies</span> <span class='ocrx_word' id='word_1_424' title='bbox 2410 4483 2808 4554; x_wconf 87' lang='lat' dir='ltr'>apparuisset.</span> <span class='ocrx_word' id='word_1_425' title='bbox 2844 4484 2947 4539; x_wconf 89' lang='lat' dir='ltr'>sed</span> <span class='ocrx_word' id='word_1_426' title='bbox 2972 4486 3160 4557; x_wconf 78' lang='lat' dir='ltr'>magis</span> <span class='ocrx_word' id='word_1_427' title='bbox 3189 4487 3384 4550; x_wconf 89' lang='lat' dir='ltr'>Petro,</span> <span class='ocrx_word' id='word_1_428' title='bbox 3416 4487 3630 4543; x_wconf 73' lang='lat' dir='ltr'>Iacobo</span> <span class='ocrx_word' id='word_1_429' title='bbox 3661 4506 3727 4544; x_wconf 89' lang='lat' dir='ltr'>ac</span> 
     </span>
    </p>
   </div>
   <div class='ocr_carea' id='block_1_67' title="bbox 308 4558 1988 4649">
    <p class='ocr_par' dir='ltr' id='par_1_67' title="bbox 308 4569 1988 4649">
     <span class='ocr_line' id='line_1_67' title="bbox 308 4569 1988 4649; baseline 0.005 -28"><span class='ocrx_word' id='word_1_430' title='bbox 308 4569 461 4645; x_wconf 70' lang='grc' dir='ltr'>φησῖ,</span> <span class='ocrx_word' id='word_1_431' title='bbox 521 4571 652 4642; x_wconf 81' lang='grc' dir='ltr'>μετὰ</span> <span class='ocrx_word' id='word_1_432' title='bbox 698 4573 935 4643; x_wconf 66' lang='grc' dir='ltr'>Χριστοῦ</span> <span class='ocrx_word' id='word_1_433' title='bbox 996 4574 1275 4649; x_wconf 84' lang='grc' dir='ltr'>γενόμενοι</span> <span class='ocrx_word' id='word_1_434' title='bbox 1337 4576 1400 4628; x_wconf 83' lang='grc' dir='ltr'>οὐ</span> <span class='ocrx_word' id='word_1_435' title='bbox 1459 4573 1736 4629; x_wconf 86' lang='grc' dir='ltr'>κωλύουσι</span> <span class='ocrx_word' id='word_1_436' title='bbox 1794 4575 1988 4649; x_wconf 88' lang='grc' dir='ltr'>περι-¹</span> 
     </span>
    </p>
   </div>
   <div class='ocr_carea' id='block_1_68' title="bbox 2080 4558 3727 4649">
    <p class='ocr_par' dir='ltr' id='par_1_68' title="bbox 2080 4573 3727 4645">
     <span class='ocr_line' id='line_1_68' title="bbox 2080 4573 3727 4645; baseline 0.007 -22"><span class='ocrx_word' id='word_1_437' title='bbox 2080 4573 2291 4629; x_wconf 75' lang='lat' dir='ltr'>ioanni.</span> <span class='ocrx_word' id='word_1_438' title='bbox 2331 4575 2473 4628; x_wconf 85' lang='lat' dir='ltr'>Nam</span> <span class='ocrx_word' id='word_1_439' title='bbox 2507 4574 2592 4641; x_wconf 87' lang='lat' dir='ltr'>bi,</span> <span class='ocrx_word' id='word_1_440' title='bbox 2630 4591 2761 4628; x_wconf 91' lang='lat' dir='ltr'>cum</span> <span class='ocrx_word' id='word_1_441' title='bbox 2790 4574 3046 4631; x_wconf 86' lang='lat' dir='ltr'>fuissent</span> <span class='ocrx_word' id='word_1_442' title='bbox 3090 4593 3223 4631; x_wconf 90' lang='lat' dir='ltr'>cum</span> <span class='ocrx_word' id='word_1_443' title='bbox 3281 4578 3530 4645; x_wconf 83' lang='lat' dir='ltr'>Christo,</span> <span class='ocrx_word' id='word_1_444' title='bbox 3566 4580 3727 4635; x_wconf 85' lang='lat' dir='ltr'>dice-</span> 
     </span>
    </p>
   </div>
   <div class='ocr_carea' id='block_1_69' title="bbox 306 4658 1953 4739">
    <p class='ocr_par' dir='ltr' id='par_1_69' title="bbox 306 4658 1953 4739">
     <span class='ocr_line' id='line_1_69' title="bbox 306 4658 1953 4739; baseline 0.004 -27"><span class='ocrx_word' id='word_1_445' title='bbox 306 4661 511 4731; x_wconf 70' lang='grc' dir='ltr'>τομήν.</span> <span class='ocrx_word' id='word_1_446' title='bbox 546 4660 651 4715; x_wconf 81' lang='grc' dir='ltr'>Καὶ</span> <span class='ocrx_word' id='word_1_447' title='bbox 708 4661 930 4732; x_wconf 80' lang='grc' dir='ltr'>ἀληθῶς</span> <span class='ocrx_word' id='word_1_448' title='bbox 994 4665 1087 4736; x_wconf 80' lang='grc' dir='ltr'>μέν</span> <span class='ocrx_word' id='word_1_449' title='bbox 1157 4664 1308 4718; x_wconf 81' lang='grc' dir='ltr'>οῦτοι</span> <span class='ocrx_word' id='word_1_450' title='bbox 1366 4658 1762 4739; x_wconf 77' lang='grc' dir='ltr'>συγκαταϐάσει</span> <span class='ocrx_word' id='word_1_451' title='bbox 1817 4666 1953 4737; x_wconf 85' lang='grc' dir='ltr'>πρὸς</span> 
     </span>
    </p>
   </div>
   <div class='ocr_carea' id='block_1_70' title="bbox 306 4745 1951 4825">
    <p class='ocr_par' dir='ltr' id='par_1_70' title="bbox 306 4745 1951 4825">
     <span class='ocr_line' id='line_1_70' title="bbox 306 4745 1951 4825; baseline 0.003 -22"><span class='ocrx_word' id='word_1_452' title='bbox 306 4745 600 4812; x_wconf 84' lang='grc' dir='ltr'>Ἰουδαίους</span> <span class='ocrx_word' id='word_1_453' title='bbox 628 4751 928 4824; x_wconf 68' lang='grc' dir='ltr'>χρώμενοι,</span> <span class='ocrx_word' id='word_1_454' title='bbox 984 4751 1084 4806; x_wconf 83' lang='grc' dir='ltr'>ούκ</span> <span class='ocrx_word' id='word_1_455' title='bbox 1136 4751 1377 4807; x_wconf 78' lang='grc' dir='ltr'>ἐκώλυον</span> <span class='ocrx_word' id='word_1_456' title='bbox 1434 4753 1761 4825; x_wconf 65' lang='grc' dir='ltr'>περιτομήν,</span> <span class='ocrx_word' id='word_1_457' title='bbox 1797 4752 1951 4823; x_wconf 78' lang='grc' dir='ltr'>ὅμως</span> 
     </span>
    </p>
   </div>
   <div class='ocr_carea' id='block_1_71' title="bbox 309 4835 1950 4915">
    <p class='ocr_par' dir='ltr' id='par_1_71' title="bbox 309 4835 1950 4915">
     <span class='ocr_line' id='line_1_71' title="bbox 309 4835 1950 4915; baseline 0.004 -25"><span class='ocrx_word' id='word_1_458' title='bbox 309 4835 458 4891; x_wconf 79' lang='grc' dir='ltr'>οὗτοι</span> <span class='ocrx_word' id='word_1_459' title='bbox 492 4838 928 4913; x_wconf 66' lang='grc' dir='ltr'>ἀποκρύπτοντες</span> <span class='ocrx_word' id='word_1_460' title='bbox 955 4843 1056 4909; x_wconf 73' lang='grc' dir='ltr'>τήν</span> <span class='ocrx_word' id='word_1_461' title='bbox 1110 4840 1285 4896; x_wconf 79' lang='grc' dir='ltr'>αἰτίαν</span> <span class='ocrx_word' id='word_1_462' title='bbox 1327 4840 1413 4896; x_wconf 81' lang='grc' dir='ltr'>ὅτι</span> <span class='ocrx_word' id='word_1_463' title='bbox 1471 4838 1559 4895; x_wconf 75' lang='grc' dir='ltr'>διὰ</span> <span class='ocrx_word' id='word_1_464' title='bbox 1616 4837 1950 4915; x_wconf 75' lang='grc' dir='ltr'>συγκαταϐα-</span> 
     </span>
    </p>
   </div>
   <div class='ocr_carea' id='block_1_72' title="bbox 308 4926 1950 5005">
    <p class='ocr_par' dir='ltr' id='par_1_72' title="bbox 308 4926 1950 5005">
     <span class='ocr_line' id='line_1_72' title="bbox 308 4926 1950 5005; baseline 0.004 -28"><span class='ocrx_word' id='word_1_465' title='bbox 308 4944 387 4978; x_wconf 86' lang='grc' dir='ltr'>σιν</span> <span class='ocrx_word' id='word_1_466' title='bbox 416 4926 477 4980; x_wconf 83' lang='grc' dir='ltr'>ού</span> <span class='ocrx_word' id='word_1_467' title='bbox 510 4926 839 4996; x_wconf 78' lang='grc' dir='ltr'>κωλύουσιν,</span> <span class='ocrx_word' id='word_1_468' title='bbox 873 4928 934 4984; x_wconf 83' lang='grc' dir='ltr'>ἐκ</span> <span class='ocrx_word' id='word_1_469' title='bbox 960 4935 1056 4984; x_wconf 90' lang='grc' dir='ltr'>τοῦ</span> <span class='ocrx_word' id='word_1_470' title='bbox 1095 4932 1387 5005; x_wconf 85' lang='grc' dir='ltr'>γινομένου</span> <span class='ocrx_word' id='word_1_471' title='bbox 1439 4929 1631 5004; x_wconf 69' lang='grc' dir='ltr'>μύνου,</span> <span class='ocrx_word' id='word_1_472' title='bbox 1671 4928 1950 4999; x_wconf 82' lang='grc' dir='ltr'>ἐδελέαζον</span> 
     </span>
    </p>
   </div>
   <div class='ocr_carea' id='block_1_73' title="bbox 304 5014 1945 5091">
    <p class='ocr_par' dir='ltr' id='par_1_73' title="bbox 304 5014 1945 5091">
     <span class='ocr_line' id='line_1_73' title="bbox 304 5014 1945 5091; baseline 0.002 -23"><span class='ocrx_word' id='word_1_473' title='bbox 304 5014 501 5078; x_wconf 72' lang='grc' dir='ltr'>αὐτοὺς</span> <span class='ocrx_word' id='word_1_474' title='bbox 530 5018 604 5079; x_wconf 84' lang='grc' dir='ltr'>εἰς</span> <span class='ocrx_word' id='word_1_475' title='bbox 638 5022 960 5091; x_wconf 69' lang='grc' dir='ltr'>περιτομήν,</span> <span class='ocrx_word' id='word_1_476' title='bbox 1002 5020 1093 5075; x_wconf 83' lang='grc' dir='ltr'>καὶ</span> <span class='ocrx_word' id='word_1_477' title='bbox 1146 5023 1238 5076; x_wconf 84' lang='grc' dir='ltr'>τὸν</span> <span class='ocrx_word' id='word_1_478' title='bbox 1311 5026 1526 5076; x_wconf 67' lang='grc' dir='ltr'>Παῦλον</span> <span class='ocrx_word' id='word_1_479' title='bbox 1582 5019 1945 5089; x_wconf 79' lang='grc' dir='ltr'>ἐξηυτέλιζον,</span> 
     </span>
    </p>
   </div>
   <div class='ocr_carea' id='block_1_74' title="bbox 302 5106 1946 5183">
    <p class='ocr_par' dir='ltr' id='par_1_74' title="bbox 302 5106 1946 5183">
     <span class='ocr_line' id='line_1_74' title="bbox 302 5106 1946 5183; baseline 0.003 -25"><span class='ocrx_word' id='word_1_480' title='bbox 302 5106 593 5182; x_wconf 68' lang='grc' dir='ltr'>φάσκοντες</span> <span class='ocrx_word' id='word_1_481' title='bbox 624 5107 684 5162; x_wconf 79' lang='grc' dir='ltr'>οὐ</span> <span class='ocrx_word' id='word_1_482' title='bbox 716 5113 813 5163; x_wconf 84' lang='grc' dir='ltr'>τοῦ</span> <span class='ocrx_word' id='word_1_483' title='bbox 865 5114 1124 5183; x_wconf 81' lang='grc' dir='ltr'>Χριστοῦ,</span> <span class='ocrx_word' id='word_1_484' title='bbox 1155 5109 1300 5165; x_wconf 71' lang='grc' dir='ltr'>ἀλλὰ</span> <span class='ocrx_word' id='word_1_485' title='bbox 1350 5114 1458 5164; x_wconf 83' lang='grc' dir='ltr'>τῶν</span> <span class='ocrx_word' id='word_1_486' title='bbox 1494 5114 1751 5183; x_wconf 76' lang='grc' dir='ltr'>μαθητῶν</span> <span class='ocrx_word' id='word_1_487' title='bbox 1812 5110 1946 5165; x_wconf 83' lang='grc' dir='ltr'>εἶναι</span> 
     </span>
    </p>
   </div>
   <div class='ocr_carea' id='block_1_75' title="bbox 300 5197 1943 5273">
    <p class='ocr_par' dir='ltr' id='par_1_75' title="bbox 300 5197 1943 5273">
     <span class='ocr_line' id='line_1_75' title="bbox 300 5197 1943 5273; baseline 0.004 -25"><span class='ocrx_word' id='word_1_488' title='bbox 300 5197 570 5264; x_wconf 65' lang='grc' dir='ltr'>μαθητὴν.</span> <span class='ocrx_word' id='word_1_489' title='bbox 602 5198 726 5260; x_wconf 75' lang='grc' dir='ltr'>τοὺς</span> <span class='ocrx_word' id='word_1_490' title='bbox 762 5197 820 5253; x_wconf 82' lang='grc' dir='ltr'>δὲ</span> <span class='ocrx_word' id='word_1_491' title='bbox 859 5199 980 5272; x_wconf 82' lang='grc' dir='ltr'>περί</span> <span class='ocrx_word' id='word_1_492' title='bbox 1040 5200 1258 5273; x_wconf 79' lang='grc' dir='ltr'>Πέτρον,</span> <span class='ocrx_word' id='word_1_493' title='bbox 1312 5197 1474 5253; x_wconf 66' lang='grc' dir='ltr'>αὐτοῦ</span> <span class='ocrx_word' id='word_1_494' title='bbox 1530 5203 1629 5254; x_wconf 82' lang='grc' dir='ltr'>τοῦ</span> <span class='ocrx_word' id='word_1_495' title='bbox 1683 5203 1943 5273; x_wconf 83' lang='grc' dir='ltr'>Χριστοῦ.</span> 
     </span>
    </p>
   </div>
   <div class='ocr_carea' id='block_1_76' title="bbox 296 5282 1942 5365">
    <p class='ocr_par' dir='ltr' id='par_1_76' title="bbox 296 5282 1942 5365">
     <span class='ocr_line' id='line_1_76' title="bbox 296 5282 1942 5365; baseline 0.002 -27"><span class='ocrx_word' id='word_1_496' title='bbox 296 5284 519 5339; x_wconf 81' lang='grc' dir='ltr'>Ἔπειτα</span> <span class='ocrx_word' id='word_1_497' title='bbox 558 5282 766 5362; x_wconf 77' lang='grc' dir='ltr'>ἔλεγον,</span> <span class='ocrx_word' id='word_1_498' title='bbox 822 5288 906 5344; x_wconf 79' lang='grc' dir='ltr'>ὅτι</span> <span class='ocrx_word' id='word_1_499' title='bbox 964 5289 1125 5350; x_wconf 66' lang='grc' dir='ltr'>αὐτὸς</span> <span class='ocrx_word' id='word_1_500' title='bbox 1159 5290 1187 5342; x_wconf 86' lang='grc' dir='ltr'>ὁ</span> <span class='ocrx_word' id='word_1_501' title='bbox 1220 5288 1431 5349; x_wconf 83' lang='grc' dir='ltr'>Παῦλος</span> <span class='ocrx_word' id='word_1_502' title='bbox 1491 5289 1733 5365; x_wconf 77' lang='grc' dir='ltr'>φαίνεται</span> <span class='ocrx_word' id='word_1_503' title='bbox 1768 5285 1942 5343; x_wconf 72' lang='grc' dir='ltr'>ἀλλα-</span> 
     </span>
    </p>
   </div>
   <div class='ocr_carea' id='block_1_77' title="bbox 293 5374 1938 5455">
    <p class='ocr_par' dir='ltr' id='par_1_77' title="bbox 293 5374 1938 5455">
     <span class='ocr_line' id='line_1_77' title="bbox 293 5374 1938 5455; baseline 0.003 -29"><span class='ocrx_word' id='word_1_504' title='bbox 293 5376 400 5446; x_wconf 89' lang='grc' dir='ltr'>χοῦ</span> <span class='ocrx_word' id='word_1_505' title='bbox 434 5377 761 5447; x_wconf 74' lang='grc' dir='ltr'>περιτεμών.</span> <span class='ocrx_word' id='word_1_506' title='bbox 797 5377 860 5434; x_wconf 87' lang='grc' dir='ltr'>Τί</span> <span class='ocrx_word' id='word_1_507' title='bbox 896 5374 1101 5448; x_wconf 79' lang='grc' dir='ltr'>δήποτε</span> <span class='ocrx_word' id='word_1_508' title='bbox 1133 5376 1252 5445; x_wconf 81' lang='grc' dir='ltr'>οῦν,</span> <span class='ocrx_word' id='word_1_509' title='bbox 1319 5378 1476 5455; x_wconf 70' lang='grc' dir='ltr'>φασὶν</span> <span class='ocrx_word' id='word_1_510' title='bbox 1536 5378 1676 5449; x_wconf 77' lang='grc' dir='ltr'>ὑμᾶς</span> <span class='ocrx_word' id='word_1_511' title='bbox 1726 5377 1789 5431; x_wconf 76' lang='grc' dir='ltr'>οὗ</span> <span class='ocrx_word' id='word_1_512' title='bbox 1842 5397 1938 5431; x_wconf 87' lang='grc' dir='ltr'>πε-</span> 
     </span>
    </p>
   </div>
   <div class='ocr_carea' id='block_1_78' title="bbox 293 5460 1941 5541">
    <p class='ocr_par' dir='ltr' id='par_1_78' title="bbox 293 5460 1941 5541">
     <span class='ocr_line' id='line_1_78' title="bbox 293 5460 1941 5541; baseline 0.004 -26"><span class='ocrx_word' id='word_1_513' title='bbox 293 5460 533 5536; x_wconf 81' lang='grc' dir='ltr'>ριτέμνει</span> <span class='ocrx_word' id='word_1_514' title='bbox 564 5482 577 5533; x_wconf 83' lang='lat'><strong>;</strong></span> <span class='ocrx_word' id='word_1_515' title='bbox 620 5465 687 5534; x_wconf 79' lang='grc' dir='ltr'>ἦν</span> <span class='ocrx_word' id='word_1_516' title='bbox 716 5466 817 5541; x_wconf 84' lang='grc' dir='ltr'>γὰρ</span> <span class='ocrx_word' id='word_1_517' title='bbox 864 5470 944 5539; x_wconf 82' lang='grc' dir='ltr'>τῷ</span> <span class='ocrx_word' id='word_1_518' title='bbox 999 5464 1198 5534; x_wconf 83' lang='grc' dir='ltr'>ἀληθεῖ</span> <span class='ocrx_word' id='word_1_519' title='bbox 1226 5469 1255 5522; x_wconf 80' lang='grc' dir='ltr'>ὁ</span> <span class='ocrx_word' id='word_1_520' title='bbox 1286 5465 1499 5528; x_wconf 82' lang='grc' dir='ltr'>Παῦλος</span> <span class='ocrx_word' id='word_1_521' title='bbox 1551 5466 1642 5523; x_wconf 83' lang='grc' dir='ltr'>τὸν</span> <span class='ocrx_word' id='word_1_522' title='bbox 1671 5465 1941 5539; x_wconf 68' lang='grc' dir='ltr'>Τιμνῖθεον</span> 
     </span>
    </p>
   </div>
   <div class='ocr_carea' id='block_1_79' title="bbox 287 5548 1936 5633">
    <p class='ocr_par' dir='ltr' id='par_1_79' title="bbox 287 5548 1936 5633">
     <span class='ocr_line' id='line_1_79' title="bbox 287 5548 1936 5633; baseline 0.004 -28"><span class='ocrx_word' id='word_1_523' title='bbox 287 5548 655 5624; x_wconf 71' lang='grc' dir='ltr'>οῗκονομικῶς</span> <span class='ocrx_word' id='word_1_524' title='bbox 699 5555 1050 5630; x_wconf 76' lang='grc' dir='ltr'>περιτεμὼν.</span> <span class='ocrx_word' id='word_1_525' title='bbox 1118 5557 1263 5631; x_wconf 82' lang='grc' dir='ltr'>Πρὸς</span> <span class='ocrx_word' id='word_1_526' title='bbox 1328 5559 1497 5611; x_wconf 85' lang='grc' dir='ltr'>ταῦτα</span> <span class='ocrx_word' id='word_1_527' title='bbox 1554 5556 1647 5610; x_wconf 77' lang='grc' dir='ltr'>οὖν</span> <span class='ocrx_word' id='word_1_528' title='bbox 1698 5555 1936 5633; x_wconf 79' lang='grc' dir='ltr'>γράφει,</span> 
     </span>
    </p>
   </div>
   <div class='ocr_carea' id='block_1_80' title="bbox 287 5640 1935 5719">
    <p class='ocr_par' dir='ltr' id='par_1_80' title="bbox 287 5640 1935 5719">
     <span class='ocr_line' id='line_1_80' title="bbox 287 5640 1935 5719; baseline 0.001 -21"><span class='ocrx_word' id='word_1_529' title='bbox 287 5640 378 5698; x_wconf 68' lang='grc' dir='ltr'>καὶ</span> <span class='ocrx_word' id='word_1_530' title='bbox 409 5640 609 5706; x_wconf 70' lang='grc' dir='ltr'>εὐθέως</span> <span class='ocrx_word' id='word_1_531' title='bbox 656 5642 714 5697; x_wconf 63' lang='lat' dir='ltr'>ix</span> <span class='ocrx_word' id='word_1_532' title='bbox 769 5645 1080 5718; x_wconf 84' lang='grc' dir='ltr'>προοιμίων</span> <span class='ocrx_word' id='word_1_533' title='bbox 1136 5645 1272 5719; x_wconf 83' lang='grc' dir='ltr'>πρὸς</span> <span class='ocrx_word' id='word_1_534' title='bbox 1339 5642 1511 5699; x_wconf 67' lang='grc' dir='ltr'>έκεῖνο</span> <span class='ocrx_word' id='word_1_535' title='bbox 1569 5644 1935 5715; x_wconf 71' lang='grc' dir='ltr'>ἀποτείνυται,</span> 
     </span>
    </p>
   </div>
   <div class='ocr_carea' id='block_1_81' title="bbox 2070 4652 3722 4731">
    <p class='ocr_par' dir='ltr' id='par_1_81' title="bbox 2070 4652 3722 4731">
     <span class='ocr_line' id='line_1_81' title="bbox 2070 4652 3722 4731; baseline 0.005 -17"><span class='ocrx_word' id='word_1_536' title='bbox 2070 4660 2214 4715; x_wconf 87' lang='lat' dir='ltr'>bant</span> <span class='ocrx_word' id='word_1_537' title='bbox 2241 4676 2361 4715; x_wconf 90' lang='lat' dir='ltr'>non</span> <span class='ocrx_word' id='word_1_538' title='bbox 2399 4660 2713 4731; x_wconf 90' lang='lat' dir='ltr'>prohibere</span> <span class='ocrx_word' id='word_1_539' title='bbox 2752 4661 3289 4718; x_wconf 88' lang='lat' dir='ltr'>circumcisionem.</span> <span class='ocrx_word' id='word_1_540' title='bbox 3346 4665 3413 4719; x_wconf 90' lang='lat' dir='ltr'>Et</span> <span class='ocrx_word' id='word_1_541' title='bbox 3458 4681 3590 4720; x_wconf 79' lang='lat' dir='ltr'>vere</span> <span class='ocrx_word' id='word_1_542' title='bbox 3634 4652 3722 4723; x_wconf 86' lang='lat' dir='ltr'>illi</span> 
     </span>
    </p>
   </div>
   <div class='ocr_carea' id='block_1_82' title="bbox 2070 4748 3720 4828">
    <p class='ocr_par' dir='ltr' id='par_1_82' title="bbox 2070 4748 3720 4828">
     <span class='ocr_line' id='line_1_82' title="bbox 2070 4748 3720 4828; baseline 0.005 -24"><span class='ocrx_word' id='word_1_543' title='bbox 2070 4748 2511 4820; x_wconf 85' lang='lat' dir='ltr'>dispensatione</span> <span class='ocrx_word' id='word_1_544' title='bbox 2543 4766 2611 4804; x_wconf 89' lang='lat' dir='ltr'>ac</span> <span class='ocrx_word' id='word_1_545' title='bbox 2650 4750 3156 4806; x_wconf 87' lang='lat' dir='ltr'>condescensione</span> <span class='ocrx_word' id='word_1_546' title='bbox 3180 4752 3437 4823; x_wconf 88' lang='lat' dir='ltr'>quadam</span> <span class='ocrx_word' id='word_1_547' title='bbox 3469 4773 3605 4828; x_wconf 76' lang='lat' dir='ltr'>erga</span> <span class='ocrx_word' id='word_1_548' title='bbox 3624 4756 3720 4812; x_wconf 85' lang='lat' dir='ltr'>Ju-</span> 
     </span>
    </p>
   </div>
   <div class='ocr_carea' id='block_1_83' title="bbox 2067 4837 3719 4909">
    <p class='ocr_par' dir='ltr' id='par_1_83' title="bbox 2067 4837 3719 4909">
     <span class='ocr_line' id='line_1_83' title="bbox 2067 4837 3719 4909; baseline 0.005 -16"><span class='ocrx_word' id='word_1_549' title='bbox 2067 4837 2226 4893; x_wconf 73' lang='lat' dir='ltr'>dlI‘OS</span> <span class='ocrx_word' id='word_1_550' title='bbox 2252 4844 2492 4893; x_wconf 89' lang='lat' dir='ltr'>utentes</span> <span class='ocrx_word' id='word_1_551' title='bbox 2509 4854 2631 4892; x_wconf 90' lang='lat' dir='ltr'>non</span> <span class='ocrx_word' id='word_1_552' title='bbox 2657 4839 3053 4909; x_wconf 86' lang='lat' dir='ltr'>prohibebant</span> <span class='ocrx_word' id='word_1_553' title='bbox 3072 4841 3719 4902; x_wconf 88' lang='lat' dir='ltr'>circumcisionem.Ve-</span> 
     </span>
    </p>
   </div>
   <div class='ocr_carea' id='block_1_84' title="bbox 2064 4926 3719 5000">
    <p class='ocr_par' dir='ltr' id='par_1_84' title="bbox 2064 4926 3719 5000">
     <span class='ocr_line' id='line_1_84' title="bbox 2064 4926 3719 5000; baseline 0.005 -18"><span class='ocrx_word' id='word_1_554' title='bbox 2064 4944 2194 4982; x_wconf 90' lang='lat' dir='ltr'>rum</span> <span class='ocrx_word' id='word_1_555' title='bbox 2213 4928 2268 4981; x_wconf 91' lang='lat' dir='ltr'>hi</span> <span class='ocrx_word' id='word_1_556' title='bbox 2284 4926 2573 4982; x_wconf 88' lang='lat' dir='ltr'>occultata</span> <span class='ocrx_word' id='word_1_557' title='bbox 2586 4944 2779 4984; x_wconf 88' lang='lat' dir='ltr'>causa.</span> <span class='ocrx_word' id='word_1_558' title='bbox 2791 4945 3003 5000; x_wconf 88' lang='lat' dir='ltr'>nempe</span> <span class='ocrx_word' id='word_1_559' title='bbox 3018 4932 3175 5000; x_wconf 90' lang='lat' dir='ltr'>quod</span> <span class='ocrx_word' id='word_1_560' title='bbox 3191 4933 3719 4991; x_wconf 81' lang='lat' dir='ltr'>condescendendo</span> 
     </span>
    </p>
   </div>
   <div class='ocr_carea' id='block_1_85' title="bbox 2063 5015 3716 5087">
    <p class='ocr_par' dir='ltr' id='par_1_85' title="bbox 2063 5015 3716 5087">
     <span class='ocr_line' id='line_1_85' title="bbox 2063 5015 3716 5087; baseline 0.004 -15"><span class='ocrx_word' id='word_1_561' title='bbox 2063 5034 2183 5072; x_wconf 90' lang='lat' dir='ltr'>non</span> <span class='ocrx_word' id='word_1_562' title='bbox 2214 5015 2618 5087; x_wconf 84' lang='lat' dir='ltr'>prohiberent.</span> <span class='ocrx_word' id='word_1_563' title='bbox 2652 5034 2721 5072; x_wconf 86' lang='lat' dir='ltr'>ex</span> <span class='ocrx_word' id='word_1_564' title='bbox 2744 5018 2896 5072; x_wconf 78' lang='lat' dir='ltr'>facto</span> <span class='ocrx_word' id='word_1_565' title='bbox 2940 5035 3038 5073; x_wconf 91' lang='lat' dir='ltr'>eos</span> <span class='ocrx_word' id='word_1_566' title='bbox 3079 5020 3153 5073; x_wconf 92' lang='lat' dir='ltr'>ad</span> <span class='ocrx_word' id='word_1_567' title='bbox 3202 5023 3716 5080; x_wconf 88' lang='lat' dir='ltr'>circumcisionem</span> 
     </span>
    </p>
   </div>
   <div class='ocr_carea' id='block_1_86' title="bbox 2061 5106 3716 5178">
    <p class='ocr_par' dir='ltr' id='par_1_86' title="bbox 2061 5106 3716 5178">
     <span class='ocr_line' id='line_1_86' title="bbox 2061 5106 3716 5178; baseline 0.005 -18"><span class='ocrx_word' id='word_1_568' title='bbox 2061 5106 2493 5165; x_wconf 80' lang='lat' dir='ltr'>inescabant.et</span> <span class='ocrx_word' id='word_1_569' title='bbox 2515 5107 2759 5161; x_wconf 83' lang='lat' dir='ltr'>Paulum</span> <span class='ocrx_word' id='word_1_570' title='bbox 2775 5107 3071 5178; x_wconf 85' lang='lat' dir='ltr'>abjectum</span> <span class='ocrx_word' id='word_1_571' title='bbox 3096 5110 3716 5169; x_wconf 85' lang='lat' dir='ltr'>reddebantdicentes</span> 
     </span>
    </p>
   </div>
   <div class='ocr_carea' id='block_1_87' title="bbox 2058 5194 3714 5272">
    <p class='ocr_par' dir='ltr' id='par_1_87' title="bbox 2058 5194 3714 5272">
     <span class='ocr_line' id='line_1_87' title="bbox 2058 5194 3714 5272; baseline 0.005 -23"><span class='ocrx_word' id='word_1_572' title='bbox 2058 5196 2253 5265; x_wconf 90' lang='lat' dir='ltr'>ipsum</span> <span class='ocrx_word' id='word_1_573' title='bbox 2286 5210 2403 5248; x_wconf 90' lang='lat' dir='ltr'>non</span> <span class='ocrx_word' id='word_1_574' title='bbox 2435 5194 2673 5254; x_wconf 88' lang='lat' dir='ltr'>Christi.</span> <span class='ocrx_word' id='word_1_575' title='bbox 2709 5195 2811 5249; x_wconf 90' lang='lat' dir='ltr'>sed</span> <span class='ocrx_word' id='word_1_576' title='bbox 2859 5198 3264 5267; x_wconf 89' lang='lat' dir='ltr'>apostolorum</span> <span class='ocrx_word' id='word_1_577' title='bbox 3297 5216 3425 5255; x_wconf 90' lang='lat' dir='ltr'>esse</span> <span class='ocrx_word' id='word_1_578' title='bbox 3457 5201 3714 5272; x_wconf 88' lang='lat' dir='ltr'>discipu-</span> 
     </span>
    </p>
   </div>
   <div class='ocr_carea' id='block_1_88' title="bbox 2056 5283 3708 5355">
    <p class='ocr_par' dir='ltr' id='par_1_88' title="bbox 2056 5283 3708 5355">
     <span class='ocr_line' id='line_1_88' title="bbox 2056 5283 3708 5355; baseline 0.004 -17"><span class='ocrx_word' id='word_1_579' title='bbox 2056 5283 2445 5341; x_wconf 82' lang='lat' dir='ltr'>lum.Petrum</span> <span class='ocrx_word' id='word_1_580' title='bbox 2479 5298 2612 5336; x_wconf 88' lang='lat' dir='ltr'>vero</span> <span class='ocrx_word' id='word_1_581' title='bbox 2636 5299 2701 5337; x_wconf 88' lang='lat' dir='ltr'>ac</span> <span class='ocrx_word' id='word_1_582' title='bbox 2725 5289 2969 5339; x_wconf 72' lang='lat' dir='ltr'>cwteros</span> <span class='ocrx_word' id='word_1_583' title='bbox 2994 5285 3179 5355; x_wconf 87' lang='lat' dir='ltr'>ipsius</span> <span class='ocrx_word' id='word_1_584' title='bbox 3219 5288 3455 5341; x_wconf 88' lang='lat' dir='ltr'>Christi.</span> <span class='ocrx_word' id='word_1_585' title='bbox 3491 5289 3708 5346; x_wconf 83' lang='lat' dir='ltr'>Deinde</span> 
     </span>
    </p>
   </div>
   <div class='ocr_carea' id='block_1_89' title="bbox 2058 5369 3714 5441">
    <p class='ocr_par' dir='ltr' id='par_1_89' title="bbox 2058 5369 3714 5441">
     <span class='ocr_line' id='line_1_89' title="bbox 2058 5369 3714 5441; baseline 0.005 -14"><span class='ocrx_word' id='word_1_586' title='bbox 2058 5371 2332 5427; x_wconf 86' lang='lat' dir='ltr'>dicebant</span> <span class='ocrx_word' id='word_1_587' title='bbox 2348 5370 2505 5440; x_wconf 91' lang='lat' dir='ltr'>quod</span> <span class='ocrx_word' id='word_1_588' title='bbox 2524 5369 2649 5441; x_wconf 90' lang='lat' dir='ltr'>ipse</span> <span class='ocrx_word' id='word_1_589' title='bbox 2674 5372 2887 5427; x_wconf 91' lang='lat' dir='ltr'>Paulus</span> <span class='ocrx_word' id='word_1_590' title='bbox 2909 5373 3046 5427; x_wconf 88' lang='lat' dir='ltr'>alibi</span> <span class='ocrx_word' id='word_1_591' title='bbox 3062 5375 3714 5435; x_wconf 87' lang='lat' dir='ltr'>circumcidisseosten-</span> 
     </span>
    </p>
   </div>
   <div class='ocr_carea' id='block_1_90' title="bbox 2057 5461 3708 5533">
    <p class='ocr_par' dir='ltr' id='par_1_90' title="bbox 2057 5461 3708 5533">
     <span class='ocr_line' id='line_1_90' title="bbox 2057 5461 3708 5533; baseline 0.003 -16"><span class='ocrx_word' id='word_1_592' title='bbox 2057 5461 2297 5517; x_wconf 89' lang='lat' dir='ltr'>deretur</span> <span class='ocrx_word' id='word_1_593' title='bbox 2328 5477 2340 5515; x_wconf 92' lang='lat'>:</span> <span class='ocrx_word' id='word_1_594' title='bbox 2376 5476 2556 5530; x_wconf 90' lang='lat' dir='ltr'>quare</span> <span class='ocrx_word' id='word_1_595' title='bbox 2585 5476 2684 5514; x_wconf 88' lang='lat' dir='ltr'>vos</span> <span class='ocrx_word' id='word_1_596' title='bbox 2717 5478 2875 5533; x_wconf 78' lang='lat' dir='ltr'>ergo,</span> <span class='ocrx_word' id='word_1_597' title='bbox 2910 5462 3205 5533; x_wconf 88' lang='lat' dir='ltr'>inquiunt,</span> <span class='ocrx_word' id='word_1_598' title='bbox 3241 5482 3360 5520; x_wconf 89' lang='lat' dir='ltr'>non</span> <span class='ocrx_word' id='word_1_599' title='bbox 3399 5467 3708 5524; x_wconf 89' lang='lat' dir='ltr'>circumci-</span> 
     </span>
    </p>
   </div>
   <div class='ocr_carea' id='block_1_91' title="bbox 2057 5549 3709 5627">
    <p class='ocr_par' dir='ltr' id='par_1_91' title="bbox 2057 5549 3709 5627">
     <span class='ocr_line' id='line_1_91' title="bbox 2057 5549 3709 5627; baseline 0.004 -20"><span class='ocrx_word' id='word_1_600' title='bbox 2057 5552 2143 5607; x_wconf 90' lang='lat' dir='ltr'>dit</span> <span class='ocrx_word' id='word_1_601' title='bbox 2171 5550 2198 5606; x_wconf 63' lang='grc' dir='ltr'><strong><em>Ἰ</em></strong></span> <span class='ocrx_word' id='word_1_602' title='bbox 2218 5550 2364 5607; x_wconf 90' lang='lat' dir='ltr'>Vere</span> <span class='ocrx_word' id='word_1_603' title='bbox 2396 5549 2557 5605; x_wconf 87' lang='lat' dir='ltr'>enim</span> <span class='ocrx_word' id='word_1_604' title='bbox 2591 5550 2809 5607; x_wconf 88' lang='lat' dir='ltr'>Paulus</span> <span class='ocrx_word' id='word_1_605' title='bbox 2841 5551 3216 5608; x_wconf 90' lang='lat' dir='ltr'>Timotheum</span> <span class='ocrx_word' id='word_1_606' title='bbox 3260 5555 3709 5627; x_wconf 78' lang='lat' dir='ltr'>dispensatione</span> 
     </span>
    </p>
   </div>
   <div class='ocr_carea' id='block_1_92' title="bbox 2056 5638 3707 5715">
    <p class='ocr_par' dir='ltr' id='par_1_92' title="bbox 2056 5638 3707 5715">
     <span class='ocr_line' id='line_1_92' title="bbox 2056 5638 3707 5715; baseline 0.003 -18"><span class='ocrx_word' id='word_1_607' title='bbox 2056 5640 2311 5712; x_wconf 87' lang='lat' dir='ltr'>quadam</span> <span class='ocrx_word' id='word_1_608' title='bbox 2340 5638 2814 5695; x_wconf 74' lang='lat' dir='ltr'>circumcideret.</span> <span class='ocrx_word' id='word_1_609' title='bbox 2864 5640 2949 5695; x_wconf 76' lang='lat' dir='ltr'>Ad</span> <span class='ocrx_word' id='word_1_610' title='bbox 2990 5640 3115 5696; x_wconf 81' lang='lat' dir='ltr'>haec</span> <span class='ocrx_word' id='word_1_611' title='bbox 3156 5658 3293 5715; x_wconf 75' lang='lat' dir='ltr'>ergo</span> <span class='ocrx_word' id='word_1_612' title='bbox 3324 5646 3550 5711; x_wconf 86' lang='lat' dir='ltr'>scribit,</span> <span class='ocrx_word' id='word_1_613' title='bbox 3585 5652 3707 5703; x_wconf 74' lang='lat' dir='ltr'>sta-</span> 
     </span>
    </p>
   </div>
  </div>
