4048 6250
239 284 424 346 1093

1307 281 1710 343 COMMEN’I‘.
1761 281 1834 340 ΙΝ
1883 281 2128 342 EPIST.
2183 283 2281 340 AD
2329 283 2598 342 GALAT.

3515 285 3673 347 1094

248 413 571 490 χωρισθεὶς
605 413 702 482 τήν
726 412 1065 482 ἀποστολὴν,
1099 410 1226 468 οὐδὲ
1258 411 1327 468 δι’
1360 413 1671 485 ἀνθρώπου,
1692 411 1838 468 ἀλλά
1856 410 1924 466 δι’

2041 413 2110 469 ab
2143 415 2482 471 hominibus
2505 416 2862 488 apostolatu,
2895 417 2995 488 qui
3027 431 3144 471 non
3194 432 3300 489 per
3350 418 3678 486 hominem,

253 507 445 562 αὐτοῦ
468 509 564 560 τοῦ
591 510 831 580 Χριστοῦ
866 505 941 568 είς
979 510 1140 562 τοῦτο
1180 503 1351 561 ἐλθὼν
1383 506 1445 562 τὸ
1476 501 1651 582 ἔργον.
1687 531 1713 558 ‹‹
1748 503 1924 563 Ἀλλὰ

254 595 363 652 διὰ
405 594 584 666 Ἰησοῦ
614 599 855 670 Χριστοῦ
885 597 975 652 καὶ
1007 601 1144 652 Θεοῦ
1184 598 1418 672 Πατρός.
1457 597 1922 670 ››Σημείωσαιτὸ,

242 684 379 754 διὰ,
418 685 504 741 ἐπὶ
547 687 751 759 πατρὸς
783 686 873 741 καὶ
905 688 1032 740 Υἱοῦ
1081 686 1354 758 κείμενον,
1412 687 1504 741 καὶ
1561 692 1775 762 πρῶτον
1832 687 1922 742 τὸν

247 777 396 830 Υὶὸν
429 775 818 848 ὀνομασθέντα.
853 801 879 826 ‹‹
933 778 1046 831 Τοῦ
1104 775 1403 850 ἐγείραντος
1467 775 1711 830 αὐτόν.»
1771 775 1924 848 ’Υπὲρ

251 872 370 934 τῆς
402 866 476 926 εἰς
506 866 600 920 τὸν
629 865 837 937 Πατέρα
868 871 1038 938 τιμῆς
1070 869 1233 919 τοῦτο
1284 862 1522 939 ε”ρηται,
1587 864 1676 919 καὶ
1709 861 1798 918 διὰ
1828 885 1924 918 τίν

251 959 381 1008 τῶν
414 954 721 1010 ἀκουόντων
751 953 1040 1016 ἀσθένειαν.
1078 980 1104 1005 ι(
1155 955 1252 1009 Ἐκ
1283 958 1511 1028 νεκρῶν.
1558 976 1580 1006 υ
1643 951 1926 1026 Εὐκαίρως

256 1051 372 1111 τῆς
403 1044 722 1115 οἰκονομίας
749 1043 839 1097 καὶ
871 1047 969 1097 τοῦ
1002 1042 1233 1097 θανάτου
1263 1041 1507 1114 ἐμνήσθη
1566 1047 1663 1096 τοῦ
1709 1042 1929 1117 Κυρίου,

254 1130 359 1187 ’ἱνα
389 1137 496 1187 τῶν
527 1136 624 1186 τοῦ
683 1135 922 1204 Χριστοῦ
985 1130 1305 1206 εὐεργεσιῶν
1369 1131 1710 1201 ὑπομνήσας,
1750 1131 1929 1204 τούτῳ

255 1225 400 1296 γοῦν
452 1225 530 1293 τῷ
583 1219 773 1295 τρόπῳ
833 1219 990 1295 πείσῃ
1047 1227 1243 1294 μηκέτι
1293 1225 1371 1292 τῷ
1421 1221 1576 1295 νόμῳ
1615 1218 1929 1296 προσέχειν,

252 1309 414 1366 ἀλλὰ
444 1315 524 1382 τῷ
555 1311 796 1385 Χριστῷ.
831 1335 857 1362 α
895 1313 991 1367 Καὶ
1029 1312 1080 1365 οἱ
1114 1311 1206 1364 σὺν
1238 1310 1362 1382 ἐμοὶ
1395 1311 1584 1375 πάντες
1614 1308 1862 1390 ἀδελφοί.
1904 1335 1930 1362 υ

263 1403 340 1458 Τί
372 1398 438 1470 δή
473 1420 604 1454 ποτε
633 1403 720 1454 νῦν
755 1398 969 1454 πάντων
1007 1402 1281 1474 μέμνηται
1310 1404 1418 1454 τῶν
1474 1397 1723 1479 ἀδελφῶν
1761 1420 1773 1469 ;
1806 1402 1932 1455 ’Ότι

269 1490 328 1544 οἱ
363 1485 752 1553 διαϐάλλοντες
781 1489 940 1544 αὐτὸν
976 1483 1164 1564 ἔλεγον
1203 1489 1366 1561 μόνον
1409 1490 1498 1544 τὸν
1561 1488 1772 1545 Παῦλον
1833 1511 1932 1544 κα-

261 1579 339 1633 τὰ
396 1579 746 1651 καινοτομίαν
803 1581 902 1648 τήν
963 1579 1268 1654 περιτομὴν
1339 1577 1598 1635 κωλύειν.
1663 1577 1932 1634 Βούλεται

262 1667 364 1723 οῦν
402 1664 592 1738 δεῖξαι,
623 1665 870 1728 πολλοὺς
927 1673 1035 1722 τῶν
1091 1674 1364 1722 τοιούτων
1425 1665 1712 1742 δογμάτων
1775 1666 1929 1728 ὄντας

257 1757 584 1817 κοινωνοίις.
620 1781 646 1808 ‹‹
680 1759 811 1817 Ταῖς
881 1756 1240 1827 Ἐκκλησίαις
1269 1765 1368 1826 τῆς
1400 1755 1691 1820 Γαλατίας,
1731 1781 1758 1808 ››
1791 1758 1928 1832 Ὅρα
1964 1781 2006 1844 Β

260 1851 364 1904 τοῦ
398 1851 576 1918 θυμοῦ
628 1848 726 1916 τήν
787 1841 1028 1917 ἔνδειξιν.
1089 1846 1166 1902 Οὐ
1218 1847 1320 1921 γὰρ
1377 1847 1542 1915 εῗπεν,
1594 1846 1668 1908 ὡς
1719 1845 1922 1915 εῗώΟει,

266 1940 390 1996 τοῖς
427 1933 855 2009 Ἀγαπητοῖς,ἢ
914 1939 1030 1997 τοῖς
1098 1935 1567 2008 Ἥγιασμένοις,ἢ
1626 1939 1754 2010 γοῦν
1811 1941 1926 1998 ταῖς

269 2020 626 2092 Ἐκκλησίαις
683 2027 780 2078 τοῦ
839 2027 972 2078 Θεοῦ
1008 2068 1021 2092 ,
1113 2020 1259 2078 ἀλλᾶ
1312 2048 1340 2077 ‹‹
1400 2025 1512 2092 Τῆς
1570 2023 1920 2086 Γαλατίας..

268 2145 340 2156 -
375 2137 401 2165 ι(
429 2114 598 2187 Χάρις
635 2112 780 2184 ὑμῖν.
819 2136 845 2163 ››
879 2109 1102 2180 Ἐπειδὴ
1134 2113 1234 2187 γὰρ
1297 2109 1632 2168 ἐκινδᾶνευον
1674 2117 1742 2187 τῇ
1773 2133 1929 2188 περι-

266 2206 440 2276 τομῇ,
470 2209 570 2270 τῆς
603 2203 831 2277 χάριτος
878 2201 1138 2269 ἐκπεσεῖν,
1204 2203 1404 2273 ταύτην
1449 2202 1639 2267 αὐτοῖς
1696 2201 1928 2279 ἐπεύχε-

263 2312 379 2346 ται.
415 2289 614 2354 Καλῶς
647 2288 703 2345 δέ
737 2312 892 2368 φησι,
927 2315 954 2343 ‹‹
995 2293 1092 2346 Καὶ
1125 2291 1338 2367 εἰρήνη.
1380 2313 1406 2344 ι
1448 2293 1619 2349 Ἦσαν
1674 2292 1776 2368 γὰρ
1837 2292 1928 2347 ἐκ-

267 2379 688 2452 πολεμωθέντες
720 2381 856 2456 πρὸς
889 2381 1044 2448 Θεὸν,
1169 2385 1275 2436 τῶν
1303 2385 1544 2454 νομικῶν
1576 2379 1925 2453 ἐνταλμάτων

273 2472 672 2544 παρατηρήσει.
715 2494 741 2521 (ι
785 2471 923 2525 Ἀπὸ
955 2468 1088 2525 Θεοῦ
1144 2471 1377 2544 Πατρός.
1439 2495 1467 2522 ››
1528 2469 1695 2534 Πόθεν
1751 2466 1930 2545 ἔχετε,

273 2558 430 2636 φησὶ,
459 2556 650 2614 καλεῖν
689 2557 896 2634 Πατέρα
935 2560 1028 2614 τὸν
1063 2558 1212 2626 Θεὸν,
1271 2559 1370 2614 οὐκ
1429 2559 1536 2614 ἀπὸ
1595 2563 1692 2616 τοῦ
1734 2559 1932 2633 βαπτί-

279 2668 488 2720 σματος
522 2669 536 2717 ;
568 2649 617 2704 τί
653 2649 744 2703 οῦν
777 2646 970 2724 ἔχεσθε
998 2653 1096 2704 τοῦ
1128 2650 1302 2722 νόμον
1340 2670 1352 2718 ;
1383 2674 1409 2701 ‹‹
1450 2652 1562 2706 Τοῦ
1594 2647 1780 2712 δόντος
1808 2651 1933 2705 εαυ-

279 2736 393 2789 τόν.
427 2760 448 2786 ι
484 2735 618 2791 Ἰδοὺ
651 2737 838 2792 ἑαυτὸν
886 2735 1108 2792 ἓδωκενο
1169 2740 1333 2796 ’Ὁτκι
1387 2739 1477 2793 οὖν
1537 2739 1776 2814 ἆγουσῃς
1829 2740 1932 2796 ὑπὸ

282 2829 379 2878 τοῦ
422 2827 620 2899 Πατρὶς
680 2826 841 2881 αὐτὸν
901 2825 1170 2895 δεδόσθαι,
1233 2825 1481 2882 εὐδοκίαν
1511 2828 1620 2882 νόει
1677 2833 1774 2883 τοῦ
1832 2835 1934 2884 Πα-

283 2913 428 2986 τρός.
463 2938 489 2966 ιι
523 2915 712 2976 Ὅπως
744 2915 994 2986 ἐξέληται
1023 2919 1191 2986 ἡμᾶς.
1229 2941 1256 2968 ››
1289 2913 1526 2972 Ἔδωκεν
1585 2919 1772 2972 ἑαυτὸν
1800 2919 1933 2994 ὑπὲρ

279 3006 386 3058 τῶν
412 3003 690 3076 ἁμαρτιῶν
752 3007 912 3076 ἡμῶν
975 3005 1268 3080 ἐξαλείφων
1307 3028 1367 3061 τε
1403 3009 1469 3060 1i
1521 3007 1782 3082 πρότερα,
1840 3010 1932 3062 καί

278 3092 411 3160 πρὸς
445 3092 506 3147 τὸ
557 3090 761 3164 μέλλον
797 3099 1099 3170 σνντηρῶν,
1133 3120 1159 3147 ‹‹
1190 3097 1378 3157 “Ome;
1441 3097 1565 3170 γὰρ,
1599 3097 1786 3175 φησὶν,
1847 3097 1933 3168 ἐξ-

275 3182 468 3253 έληται
523 3187 671 3258 ἡμὶς
727 3185 785 3240 ἐκ
839 3191 934 3242 τοῦ
995 3186 1286 3248 ἐνεστῶτος
1359 3187 1554 3248 αἰῶνος
1611 3191 1872 3260 πονηροῦ,
1904 3212 1931 3239 »

274 3275 574 3340 τουτέστιν,
609 3273 670 3328 ἐκ
694 3275 801 3330 τῶν
832 3276 1011 3330 κακῶν
1043 3275 1286 3351 πράίξεων
1347 3277 1436 3331 καί
1501 3283 1601 3345 τῆς
1667 3273 1930 3352 διεφθαρ-

281 3360 446 3436 μένης
477 3367 644 3433 ζωῆς.
681 3365 892 3436 Ταύτην
922 3367 1026 3441 γὰρ
1061 3365 1233 3421 αἶ’ῶνα
1261 3366 1422 3423 καλεῖ
1458 3368 1718 3443 πονηρὸν,
1750 3368 1816 3422 οὐ
1840 3371 1930 3424 τὸν

278 3453 474 3528 χρόνον
507 3451 542 3522 ἥ
575 3456 672 3516 τὰς
705 3458 935 3530 ἡμέρας,
971 3457 1202 3530 Ἀπαγε.
1237 3457 1431 3518 Οὕτως
1462 3458 1567 3534 γὰρ
1626 3462 1790 3532 ἡμεῖς
1842 3454 1934 3515 λέ·-

277 3563 392 3618 γειν
425 3544 710 3616 εἰώθαμεν,
743 3547 868 3600 ὅταν
900 3567 954 3600 τι
1010 3551 1118 3602 τῶν
1177 3542 1464 3618 ἀδοκήτων
1524 3551 1662 3621 ἡμῖν
1721 3543 1929 3622 συμϐῇ.

280 3635 488 3703 κακὴν,
520 3635 710 3712 φησὶν.
743 3633 954 3710 ἡμέραν
989 3635 1238 3706 ἐποίησα.
1275 3661 1302 3689 ι(
1339 3637 1550 3700 Αἶῶνος
1599 3642 1866 3714 πονηροῦ.
1905 3662 1933 3691 ››

278 3724 375 3778 Διὰ
403 3726 500 3777 τοῦ
529 3723 699 3778 εῗπεῖν
730 3728 826 3778 τοῦ
862 3725 1156 3788 ἐνεστῶτος
1213 3724 1414 3788 αἰῶνος
1471 3733 1742 3802 πονηροῦ,
1791 3725 1931 3783 ἔδει-

279 3813 359 3881 ξεν
392 3812 476 3866 ’ὁτι
525 3812 587 3867 τὸ
644 3815 806 3868 κακὸν
860 3813 961 3869 οὐκ
1016 3814 1306 3888 ἀγένητον,
1366 3813 1491 3870 οὐδὲ
1529 3815 1729 3884 ἀΐδιον,
1787 3817 1933 3874 ἀλλᾶ

286 3901 632 3974 πρόσκαιρον.
666 3924 687 3951 ι
722 3903 869 3959 Κατὰ
905 3903 967 3958 τὸ
998 3902 1214 3976 Θέλημα
1257 3908 1353 3959 τοῦ
1411 3909 1544 3959 Θεοῦ
1599 3906 1688 3960 καὶ
1722 3908 1931 3981 Ηατρὸς

287 3993 465 4063 ἡμῶν.
501 4016 530 4043 ››
562 3990 787 4061 Ἐπειδὴ
819 3994 922 4068 γὰρ
952 3988 1147 4068 ἔλεγον
1193 3995 1269 4067 μὴ
1311 3991 1420 4049 δεῖν
1474 3994 1560 4065 ὲᾷν
1620 3997 1710 4051 τὸν
1766 3997 1933 4069 νόμον

288 4080 360 4142 ὡς
395 4081 497 4135 ὑπὸ
524 4086 653 4136 Θεοῦ
685 4078 928 4152 δοθέντα,
960 4081 1218 4138 δείκνυσιν
1252 4083 1336 4137 δτι
1386 4084 1478 4138 καὶ
1533 4085 1617 4157 τὸ,
1655 4089 1736 4156 τῷ
1799 4087 1932 4159 Χρι-

283 4172 392 4238 στῷ
421 4168 720 4240 πιστεῦσαι,
753 4169 975 4244 Θέλημα
1029 4176 1126 4226 τοῦ
1184 4172 1396 4246 Πατρός
1458 4171 1590 4232 ἐστι.
1655 4175 1803 4231 Κατᾶ
1868 4174 1932 4229 τὸ

277 4257 490 4332 θέλημα
519 4261 620 4335 γὰρ
648 4259 746 4317 τοῦ
803 4262 1032 4336 Πκτρὸς,
1095 4260 1296 4317 ἔδωκεν
1337 4263 1527 4318 ἑαυτὸν
1585 4263 1614 4317 ὁ
1673 4264 1928 4336 Χριστός.

275 4350 436 4423 Ὁρᾷς
502 4348 584 4404 ὅτι
644 4347 892 4422 οὐδαμοῦ
953 4350 1184 4428 ἐπιταγὴ
1244 4356 1340 4406 τοῦ
1391 4353 1598 4426 [ἰατρὸς
1646 4354 1782 4428 πρὸς
1836 4355 1926 4408 τὸν

277 4440 424 4509 Υἱὸν,
457 4438 606 4494 ἀλλὰ
652 4441 788 4512 μόνη
844 4441 1133 4504 σύννευσις.
1197 4440 1369 4498 Πάλιν
1432 4439 1509 4510 δὲ,
1568 4446 1665 4497 τοῦ
1725 4444 1930 4518 ΙΙατρὸς

281 4532 466 4603 ἡμῶν,
525 4529 714 4595 εἶπὼν,
767 4535 864 4584 τοῦ
939 4531 1315 4606 βαπτίσματος
1385 4531 1812 4605 ὑπομιμνήσκει.
1874 4533 1931 4587 Τί

276 4618 370 4674 οὐν
403 4615 596 4697 ἔχεσθε
624 4623 720 4674 τοῦ
748 4619 919 4693 νόμον
947 4638 959 4688 ;
994 4646 1018 4670 (ι
1050 4624 1116 4698 ᾪ
1148 4623 1181 4688 ἡ
1219 4617 1347 4690 δόξα
1377 4620 1452 4682 εἰς
1486 4620 1612 4682 τοὺς
1645 4621 1868 4684 αἰῶνας.
1902 4647 1930 4675 ››

276 4708 631 4780 Ἐνθυμηθέῖς
655 4706 744 4764 διὰ
771 4714 878 4762 τῶν
907 4709 1210 4783 εἰρημένων
1233 4709 1328 4770 τὰς
1360 4709 1596 4786 ἀφέτους
1627 4711 1931 4784 εὐεργεσίας

277 4801 372 4852 τοῦ
405 4803 558 4864 Θεοῦ,
592 4797 666 4860 εἰς
691 4795 1008 4873 δοξολογίαν
1040 4799 1341 4854 κατέπαυσε
1369 4801 1460 4854 τὸν
1506 4799 1690 4876 λόγον.
1726 4801 1798 4855 Οὐ
1827 4803 1930 4877 γὰρ

281 4887 346 4955 ἦν
380 4886 544 4949 αὐτας
573 4886 819 4957 ἐξειπεῖν.

353 4979 622 5048 Θαομσὶζω
655 4978 736 5032 ὃτι
782 4977 956 5040 οὕτως
1015 4977 1224 5052 ταχέως
1288 4980 1634 5050 μετατίθεσθε
1699 4981 1804 5036 ἀπὸ
1834 4985 1930 5036 τοῦ

274 5063 601 5127 καλέσαντος
636 5067 776 5138 ὑμᾶς
799 5065 850 5121 ἐν
878 5067 1061 5141 χάριτι
1082 5071 1239 5128 Θεοῦ,
1259 5068 1333 5128 εἷς
1358 5064 1536 5143 ἕτερον
1572 5067 1926 5146 Εὐαγγέλιον,

271 5160 290 5180 ο
411 5154 424 5173 9
503 5153 526 5170 "
682 5153 704 5163 "
914 5155 926 5176 ν
1312 5156 1324 5174 ν
1693 5158 1701 5170 ι

296 5155 338 5210 Ο
371 5175 470 5208 ουκ
501 5175 644 5210 εστιν
677 5155 842 5225 αλλο,
885 5177 929 5209 ει
969 5159 1044 5228 μή
1079 5155 1223 5218 τινές
1282 5177 1412 5211 εισιν
1474 5157 1526 5211 οἱ
1571 5179 1926 5232 ταρασσοντες

275 5244 558 5315 ὑμᾶς,καὶ
592 5243 835 5308 θέλοντες
893 5249 1254 5322 μεταστρέψαι
1313 5247 1376 5301 τὸ
1434 5247 1773 5324 Εὐαγγέλιον
1831 5255 1927 5305 τοῦ

277 5335 535 5407 Χριστοῦ.
573 5335 746 5390 Ἀλλὰ
775 5336 868 5390 καὶ
894 5336 984 5390 ἐὰν
1013 5338 1178 5410 ἡμεῖς
1231 5337 1266 5406 ἢ
1328 5335 1564 5413 ἃγγελος
1593 5338 1641 5407 ἐξ
1695 5338 1926 5413 οὐρανοῦ

276 5421 700 5499 ιύαγγελίζηται
735 5426 864 5499 ὑμῖν
889 5427 1014 5500 παρ’
1044 5425 1074 5480 ὅ
1104 5425 1581 5501 εὐηγγελισάμεθα
1613 5427 1764 5500 ὑμῖν,
1796 5428 1923 5484 ἀνά-

277 5513 412 5586 Θεμα
441 5512 600 5570 ἔστω.

343 5602 448 5657 Δύο
483 5601 821 5677 ἆγκλήματα,
871 5606 933 5660 τό
988 5626 1048 5662 τι
1107 5606 1502 5678 μετατίθεσθαι,
1543 5607 1632 5661 καὶ
1688 5608 1773 5676 τὸ,
1829 5627 1924 5666 τα-

2035 505 2135 560 sed
2156 520 2260 577 per
2286 507 2478 578 ipsum
2506 506 2801 562 Christum
2825 507 2898 562 ad
2917 507 3025 562 hoc
3049 508 3313 562 venerim
3336 525 3538 580 opus.«
3571 510 3681 566 Sed

2033 614 2138 668 per
2165 599 2366 654 Jesum
2399 599 2692 654 Christum
2726 616 2792 653 ac
2825 601 3006 654 Deum
3043 604 3290 670 patrem.
3330 622 3356 648 »
3388 601 3680 656 Animad-

2034 692 2228 741 vetere
2249 687 2344 742 hic
2363 688 2841 759 prmpos-tionem
2866 683 2972 750 διὰ,
3002 688 3060 742 id
3081 693 3168 743 est
3209 689 3414 758 ρον,ἂά
3446 691 3680 746 Patrem

2035 791 2102 829 ac
2134 775 2347 832 Filium
2380 777 2618 846 apponi,
2675 776 3052 847 primumque
3117 777 3300 831 filium
3363 777 3678 833 nominari.

2035 886 2063 912 «
2097 864 2203 928 Qui
2230 864 2529 919 suscitavit
2556 863 2768 935 ipsum.
2798 887 2824 912 »ι
2850 865 2931 920 Ob
2957 867 3246 919 honorem
3270 882 3406 938 erga
3452 873 3679 936 patrem

2034 953 2146 1007 hoe
2178 952 2401 1007 dictum
2434 959 2542 1017 est,
2579 960 2634 1006 et
2665 959 2906 1024 prOpter
2926 953 3262 1009 auditorum
3297 954 3681 1010 imbecillita-

2032 1047 2172 1096 tem.
2207 1067 2232 1087 ιι
2271 1043 2352 1095 Ex
2407 1043 2674 1096 mortuis.
2709 1043 3046 1113 Opportune
3103 1043 3565 1114 dispensationis
3618 1060 3686 1100 ac

2033 1132 2243 1187 mortis
2303 1132 2534 1186 Domini
2595 1133 2889 1198 meminit,
2951 1140 3017 1188 ut
3070 1135 3224 1190 facta
3254 1136 3684 1191 beneﬁciorum

2035 1221 2248 1275 Christi
2283 1222 2607 1279 mentione.
2643 1223 2754 1277 hoc
2786 1239 2928 1278 sane
2961 1223 3134 1278 modo
3181 1224 3557 1295 persuadeat,
3609 1241 3682 1280 ne

2041 1311 2190 1365 720
2212 1310 2626 1382 deincepslegi
2655 1311 3017 1380 adhaereant,
3038 1313 3139 1368 sed
3180 1314 3428 1368 Christo.
3468 1336 3496 1362 ‹‹
3541 1313 3682 1378 Qui-

2036 1416 2271 1469 cunque
2307 1416 2542 1455 mecum
2574 1407 2715 1456 sunt
2738 1401 2972 1456 fratres.
3010 1424 3036 1450 ι»
3069 1402 3252 1466 Quam
3312 1402 3384 1456 ob
3444 1419 3682 1458 causam

2036 1489 2303 1542 omnium
2330 1488 2506 1544 simul
2533 1488 2780 1544 fratrum
2809 1507 2968 1545 nunc
2991 1491 3312 1546 meminit?
3337 1493 3484 1557 Quia
3507 1493 3562 1546 hi
3581 1492 3681 1562 qui

2037 1579 2233 1649 ipsum
2251 1579 3257 1638 calumniabanturdicebantsolum
3273 1582 3516 1637 Paulum
3535 1597 3684 1637 novo

2038 1667 2213 1722 modo
2239 1668 2552 1739 prohibere
2584 1669 3097 1725 circumcisionem
3125 1687 3138 1724 :
3174 1671 3295 1725 vult
3324 1688 3460 1743 ergo
3492 1677 3686 1726 osten-

2038 1753 2177 1810 dere
2203 1755 2420 1810 multos
2443 1772 2572 1810 esse
2594 1755 2705 1810 sibi
2730 1757 2922 1810 socios
2958 1757 3019 1811 in
3071 1759 3415 1827 hujusmodi
3442 1758 3685 1830 dogma-

2040 1845 2134 1898 tis.
2171 1867 2196 1891 ιί
2234 1843 2512 1898 Ecclesiis
2535 1843 2794 1900 Galatiae.
2819 1867 2843 1893 ››
2879 1845 3202 1900 Considera
3258 1846 3685 1917 indignationis

2040 1933 2471 1998 ostensionem;
2500 1935 2864 2004 nequeenim
2885 1933 3108 1990 dixitut
3130 1935 3300 1998 solet,
3327 1936 3564 1990 Dilectis
3584 1939 3686 1992 aut

2042 2020 2454 2086 Sanctiﬁcatis,
2488 2021 2611 2076 sixe
2634 2020 2909 2077 Ecclesiis
2930 2021 3054 2087 Dei,
3087 2022 3188 2076 sed
3214 2045 3240 2072 (ί
3265 2023 3518 2079 Galatiae.
3557 2049 3582 2074 κ
3615 2052 3684 2066 --

2044 2131 2070 2162 α
2101 2109 2298 2166 Gratia
2319 2111 2502 2165 vobis.
2530 2133 2557 2159 ››
2583 2110 2886 2181 Siquidem
2911 2111 3050 2182 quia
3072 2111 3144 2165 ob
3166 2112 3683 2168 circumcisionem

2041 2199 2552 2270 periclitabantur,
2585 2230 2652 2239 —
2685 2215 2758 2253 ne
2792 2215 2826 2254 a
2872 2199 3059 2271 gratia
3117 2199 3479 2263 exciderent,
3530 2200 3686 2256 hanc

2041 2286 2185 2357 ipsis
2206 2293 2501 2358 precatur.
2529 2287 2684 2342 Bene
2707 2294 2903 2343 autem
2930 2287 3110 2342 dixit:
3139 2310 3164 2338 ‹‹
3192 2289 3259 2342 Et
3281 2305 3413 2360 pax,
3442 2312 3462 2336 ι
3507 2290 3689 2342 Erant

2041 2384 2201 2440 enim
2234 2383 2461 2438 inimici
2493 2384 2686 2438 etTecti
2717 2399 2855 2457 erga
2886 2386 3071 2439 Deum
3113 2401 3218 2455 per
3247 2386 3683 2442 observantiam

2041 2472 2320 2544 legalium
2345 2478 2794 2545 praeceptorum.
2827 2477 2910 2527 «Α
2936 2474 3051 2528 Deo
3075 2476 3267 2528 Patre.
3295 2496 3320 2522 υ
3370 2473 3555 2536 Unde,
3588 2475 3686 2530 inn

2041 2562 2186 2632 quit,
2208 2561 2440 2618 habetis
2461 2568 2525 2616 ut
2547 2562 2731 2616 Deum
2756 2563 2988 2616 Patrem
3011 2563 3228 2618 uocetis
3249 2562 3276 2616 ?
3296 2579 3495 2617 nonne
3517 2579 3551 2617 a
3575 2562 3683 2618 ba-

2040 2649 2366 2722 ptismate?
2396 2667 2500 2705 cur
2529 2667 2665 2722 ergo
2695 2649 2807 2722 legi
2841 2650 3118 2707 haeretis?
3153 2673 3179 2702 α
3209 2651 3316 2715 Qui
3351 2651 3514 2706 dedit
3572 2651 3685 2706 sei-

2043 2756 2237 2811 psum.
2275 2761 2303 2788 »
2335 2741 2480 2794 Ecce
2512 2741 2773 2810 seipsum
2809 2739 2972 2794 dedit
3005 2757 3016 2793 :
3051 2757 3186 2795 cum
3237 2756 3372 2813 ergo
3424 2739 3688 2796 audieris

2042 2829 2237 2900 ipsum
2263 2845 2296 2884 a
2318 2830 2487 2883 Patre
2512 2828 2714 2883 datum
2740 2828 2942 2897 fuisse,
2961 2829 3396 2900 beneplacitum
3423 2829 3686 2901 intelligo

2043 2919 2245 2972 Patris.
2278 2940 2305 2966 ‹‹
2331 2918 2676 2989 Uteriperet
2698 2936 2816 2973 vos.
2843 2940 2872 2967 »
2905 2949 2971 2958 -
3021 2941 3048 2968 ‹‹
3097 2919 3268 2974 Dedit
3299 2920 3686 2990 semetipsum

2042 3023 2148 3078 pro
2173 3007 2428 3077 peccatis
2453 3008 2694 3068 nostris,
2721 3008 3093 3079 etpraeterita
3115 3007 3361 3063 abolens
3405 3013 3462 3063 et
3509 3009 3568 3063 in
3599 3009 3689 3064 fu-

2041 3101 2239 3152 turum
2261 3112 2645 3166 prmservans.
2672 3097 2768 3150 Ait
2791 3097 2948 3150 enim
2972 3113 2985 3149 :
3011 3119 3038 3145 ‹‹
3069 3097 3136 3152 Ut
3167 3098 3426 3167 eriperet
3473 3115 3581 3152 nos
3613 3115 3684 3153 ex

2039 3186 2316 3255 prmsenti
2341 3185 2557 3240 szeculo
2582 3185 2754 3246 malo.
2783 3208 2808 3233 ››
2833 3185 2944 3240 hoc
2966 3191 3074 3245 est.
3119 3203 3189 3240 ex
3239 3186 3411 3240 malis
3443 3186 3686 3242 actioni-

2039 3273 2148 3329 bus
2182 3275 2412 3346 vitaque
2445 3279 2724 3345 corrupta
2756 3292 2768 3328 :
2805 3275 2959 3330 hanc
2985 3275 3146 3329 enim
3178 3281 3344 3331 vocat
3401 3276 3682 3332 saeculum

2039 3364 2286 3429 malum,
2311 3381 2430 3418 non
2453 3369 2690 3434 tempus
2713 3363 2910 3435 ipsum
2928 3371 3031 3418 aut
3056 3363 3217 3419 dies:
3245 3366 3507 3420 Minime.
3542 3367 3686 3420 Nam

2039 3454 2122 3510 ita
2151 3471 2259 3509 nos
2287 3469 2523 3525 quoque
2558 3451 2754 3508 dicere
2787 3453 3047 3508 solemus
3077 3454 3175 3510 ubi
3209 3454 3351 3526 quid
3392 3455 3685 3526 inopinati

2039 3543 2210 3598 nobis
2236 3543 2552 3615 contigerit
2586 3559 2598 3596 :
2633 3542 2846 3600 Malum
2877 3542 3035 3598 diem
3070 3543 3324 3615 transegi
3382 3567 3408 3593 «
3461 3543 3685 3600 Saecula

2039 3640 2214 3697 malo.
2246 3664 2264 3688 ι
2299 3642 2409 3696 Per
2427 3641 2538 3695 hoc
2561 3639 2717 3710 quod
2741 3640 2842 3696 ait.
2870 3663 2896 3690 «
2921 3641 3204 3695 Praesenti
3223 3642 3436 3696 saeculo
3465 3643 3680 3713 malo,»

2039 3729 2296 3784 ostendit
2320 3729 2540 3784 malum
2564 3744 2683 3783 non
2699 3745 2827 3783 esse
2853 3729 2980 3783 sine
3003 3729 3320 3800 principio,
3345 3736 3445 3785 aut
3466 3731 3683 3802 sempi-

2039 3825 2299 3880 ternum,
2333 3817 2437 3873 sed
2469 3817 2813 3887 temporale.
2850 3839 2878 3866 «
2909 3818 3078 3872 Juxta
3108 3818 3470 3874 voluntatem
3494 3819 3596 3873 Dei
3627 3823 3686 3874 et

2036 3907 2226 3962 Patris
2244 3907 2488 3962 nostri.»
2511 3906 2801 3970 Quoniam
2815 3907 2973 3960 enim
2989 3907 3396 3962 dicebantnon
3413 3912 3684 3979 oportere

2037 3996 2227 4068 legem
2259 3996 2620 4065 relinquere,
2657 4012 2787 4064 quae
2820 4012 2853 4048 a
2887 3995 3002 4050 Deo
3035 3995 3170 4050 data
3201 4003 3380 4064 esset,
3421 3996 3683 4052 ostendit

2038 4085 2215 4139 etiam
2247 4083 2436 4139 Patris
2464 4083 2831 4138 voluntatem
2863 4083 3048 4138 fuisse
3081 4086 3238 4156 quod
3265 4085 3324 4140 in
3382 4087 3680 4144 Christum

2037 4171 2944 4243 credidissent.Siquidemjuxta
2961 4176 3145 4246 patris
3183 4174 3545 4233 voluntatem
3576 4175 3681 4232 de-

2037 4263 2123 4318 dit
2146 4263 2406 4335 seipsum
2430 4261 2718 4318 Christus.
2743 4261 2918 4316 Vides
2937 4263 3094 4334 quod
3113 4280 3407 4335 nusquam
3448 4265 3680 4324 dicatur

2029 4353 2267 4424 jussum
2293 4351 2485 4407 Patris
2509 4367 2646 4420 erga
2663 4351 2896 4418 Filium,
2922 4351 3026 4408 sed
3047 4352 3173 4408 sola
3203 4353 3487 4410 assensio.
3539 4355 3685 4409 Rur-

2039 4458 2172 4498 sum
2195 4449 2393 4498 autem
2419 4441 2669 4497 dicendo
2693 4445 2880 4498 Patris
2931 4446 3136 4510 nostri.
3187 4447 3445 4518 suggerit
3474 4445 3545 4501 de
3577 4447 3682 4504 ha-

2043 4535 2292 4607 ptismo:
2329 4551 2435 4590 cur
2464 4534 2642 4606 igitur
2671 4535 2782 4607 legi
2814 4536 3128 4593 adhaeretis
3149 4538 3175 4592 ’ἶ
3202 4560 3223 4588 α
3269 4539 3369 4594 Cui
3405 4539 3593 4611 gloria
3623 4539 3686 4595 in

2045 4623 2280 4679 smculo-
2307 4646 2329 4670 υ
2357 4623 2756 4679 Consideralis
2780 4641 2884 4696 per
2905 4642 2973 4680 ea
2994 4643 3124 4696 qua:
3149 4626 3305 4682 dicta
3358 4633 3497 4682 sunt
3545 4627 3690 4682 inef-

2041 4712 2322 4767 fabilibus
2347 4713 2444 4767 Dei
2470 4712 2862 4770 beneﬁciis.in
2880 4713 3368 4785 gloriﬁcationem
3395 4716 3688 4772 conclusit

2044 4818 2381 4856 sermonem
2418 4819 2430 4856 :
2462 4817 2654 4872 neque
2687 4803 2845 4856 enim
2877 4810 3108 4874 poterat
3155 4805 3284 4876 ipsa
3332 4806 3682 4876 exprimere.

2115 4983 2158 5047 Ι,
2191 4981 2314 5035 6-8.
2350 5003 2377 5030 ι(
2411 4981 2589 5036 Miror
2618 4984 2774 5052 quod
2807 5001 2841 5039 a
2874 4985 2990 5038 Deo
3024 4986 3121 5055 qui
3157 4989 3381 5041 vocavit
3431 5004 3531 5041 vos
3581 5003 3688 5057 per

2040 5095 2067 5121 α
2103 5070 2373 5143 gratiam.
2407 5077 2527 5125 tam
2561 5071 2676 5126 cito
2701 5073 3138 5129 transferamini
3174 5076 3234 5129 in
3296 5076 3456 5131 aliud
3505 5077 3687 5131 Evan-

2039 5184 2066 5210 ‹‹
2103 5161 2345 5232 gelium,
2378 5161 2535 5234 quod
2568 5179 2687 5216 non
2721 5169 2808 5218 est
2839 5165 3022 5221 aliud.
3055 5166 3170 5220 nisi
3205 5183 3318 5236 quo
3370 5173 3507 5220 sunt
3558 5167 3684 5236 qui-

2040 5274 2066 5300 ‹‹
2109 5249 2243 5303 dam
2279 5250 2378 5319 qui
2411 5248 2799 5314 vos‘turhant,
2834 5259 2893 5308 et
2935 5253 3140 5308 volunt
3193 5260 3452 5309 evertere
3501 5257 3684 5310 Evan-

2041 5361 2068 5391 «
2098 5338 2317 5410 gelium
2349 5339 2585 5394 Christi.
2618 5342 2905 5396 Caeterum
2939 5343 3119 5397 etiam
3153 5344 3201 5397 si
3235 5360 3340 5398 nos
3371 5349 3474 5397 aut
3503 5359 3677 5415 ange-

2039 5453 2064 5479 ‹‹
2101 5429 2192 5484 lus
2223 5444 2253 5482 e
2283 5427 2427 5482 caelo
2461 5428 2868 5499 praedicaverit
2889 5431 3053 5486 vobis
3076 5433 3451 5504 Evangelium
3466 5439 3682 5504 praeter

2037 5542 2064 5570 ‹‹
2100 5518 2162 5575 id
2191 5517 2348 5589 quod
2379 5518 2834 5589 prmdicavimus
2863 5521 3027 5578 vobis
3058 5522 3376 5578 anathema
3408 5524 3505 5578 sit.
3543 5546 3572 5574 »

2110 5608 2234 5662 Duo
2257 5612 2499 5677 peccata
2522 5614 2778 5674 erant,et
2797 5609 2954 5681 quod
2976 5611 3504 5682 transferentur,et
3524 5610 3683 5684 quod
