4048 6250
463 298 620 361 1095

1580 293 1990 358 GCUMENII
2030 288 2339 355 TRICCE
2382 289 2735 354 EPISCOP’I

3707 298 3834 360 1096

461 434 597 498 cito,
629 437 696 489 ut
722 448 918 504 neque
950 429 1371 504 impostoribus
1402 447 1549 504 opus
1599 436 1757 489 esset
1814 436 2098 504 tempore.

2220 428 2389 505 χὲως,
2447 427 2522 491 ὡς
2582 425 2724 504 μηδδ
2782 428 2988 505 χρόνου
3062 425 3267 494 δεῖσθαι
3335 430 3481 492 τοὺς
3551 429 3851 497 ἀπατῶντας,

459 523 781 581 Considera
801 529 997 581 autem
1022 522 1409 597 diligentiam.
1434 524 1724 590 Quoniam
1764 524 1877 597 legi
1909 521 2103 578 adha—

458 614 644 671 rendo
668 613 957 687 putabant
977 630 1220 670 exorare
1242 613 1916 678 Patrem,ostenditeum
1942 612 2043 684 qui
2069 626 2105 666 a

458 702 688 758 Christo
709 702 963 758 discedit
984 708 1041 757 et
1060 703 1392 775 Evangelio,
1423 703 1601 758 etiam
1634 718 1669 757 a
1716 703 1888 757 Patre
1919 700 2104 755 disce-

458 790 777 848 dere.Nam
794 791 919 863 ipse
939 795 1124 856 Pater,
1158 791 1373 863 inquit,
1406 791 1749 847 vocavitnos
1762 791 1833 847 ad
1852 789 2101 863 gratiam

458 881 589 936 Filii
622 882 734 937 sui.
765 882 997 937 Etenim
1027 881 1211 937 Filius
1269 881 1681 936 remissionem
1737 880 1942 935 tribuit
1995 894 2101 934 suo

461 971 965 1045 sanguine.gratia
977 978 1166 1027 etnon
1183 970 1475 1035 mercede,
1507 987 1645 1025 nam
1661 972 1834 1026 Pater
1853 968 1926 1024 ad
1948 969 2103 1025 hanc

458 1066 662 1117 vocat:
690 1061 1088 1133 Spiritusvero
1116 1060 1431 1116 consentit.
1456 1064 1781 1116 Commune
1807 1058 2103 1131 siquidem

461 1165 598 1223 erga
614 1166 725 1206 nos
746 1150 1104 1207 beneficium
1129 1156 1219 1205 est
1239 1156 1457 1205 sanctas
1480 1165 1547 1205 ac
1572 1148 1758 1204 beatae
1779 1147 2103 1204 Trinitatis.

461 1262 488 1292 «
525 1246 586 1295 ιη
620 1238 785 1296 aliud
817 1240 1220 1313 Evangelium.
1255 1260 1283 1290 »δ
1344 1238 1452 1305 Qui
1509 1238 1730 1295 Galatis
1775 1236 2106 1293 suadebant

461 1327 714 1385 Sabbala
734 1344 803 1385 ac
817 1328 1332 1385 circumcisionem
1357 1343 1605 1384 servare.
1634 1327 1933 1399 propriam
1955 1326 2110 1398 ipso-

454 1434 589 1474 rum
622 1418 1036 1491 deceptionem
1073 1417 1364 1474 vocabant
1405 1416 1804 1491 Evangelium,
1863 1416 2106 1471 nomine

456 1508 645 1573 magis
675 1508 1036 1565 inescantes.
1072 1530 1099 1557 ‹‹
1133 1506 1298 1574 Quod
1327 1523 1447 1564 non
1478 1512 1567 1563 est
1613 1505 1798 1562 aliud.
1854 1527 1883 1555 »
1942 1503 2109 1571 Quod

456 1597 674 1671 inquit,
708 1597 902 1653 solum
933 1613 1121 1654 unum
1155 1603 1264 1665 est,
1315 1603 1373 1652 et
1414 1613 1533 1653 non
1580 1602 1671 1651 est
1700 1594 1862 1651 aliud
1894 1599 2111 1666 preter

453 1687 671 1760 ipsum.
698 1687 821 1743 Nisi
848 1704 964 1759 quo
983 1686 1228 1758 quidam
1252 1692 1390 1742 sunt
1411 1685 1511 1758 qui
1546 1684 1788 1741 turbant
1836 1700 1937 1741 vos
1967 1700 1980 1738 :
2006 1699 2107 1739 vo-

2214 522 2351 586 "O;a
2384 515 2451 590 δὴ
2485 513 2792 595 ἀκρίϐειαν.
2824 515 3046 590 Ἐπειδὴ
3095 523 3191 576 τοῦ
3237 518 3418 594 νόμου
3448 518 3715 596 ἐχόμενοι
3740 520 3849 595 ᾤον-

2208 630 2273 665 το
2314 605 2589 664 δυσωπεῖν
2620 608 2712 664 τὸν
2755 609 2989 685 Πατέρα,
3032 605 3298 664 δείκνυσιν
3368 610 3465 666 ὃτι
3527 611 3557 665 ὁ
3606 615 3700 666 τοῦ
3746 615 3855 687 Χριο

2214 701 2345 753 στοῦ
2375 698 2466 753 καὶ
2495 701 2593 753 τοῦ
2628 695 2975 775 Εὖκγγελίου
3004 697 3401 771 ἀφιστάμενος,
3468 699 3571 754 καὶ
3631 703 3726 755 τοῦ
3777 705 3858 755 Il:-

2210 788 2339 863 τρὸς
2365 787 2671 865 ἀφίσταται.
2708 788 2883 849 Αὐτὸς
2923 788 3029 863 γ’ρ
3081 788 3110 843 ὁ
3171 790 3386 862 Πατὴρ,
3454 789 3651 860 φησιν,
3703 786 3859 844 ἐκάλε-

2215 897 2300 932 σεν
2334 878 2486 948 ἡμᾶς
2547 876 2624 940 εἰς
2682 877 2785 946 τὴν
2846 878 3009 953 χάριν
3069 882 3167 933 τοῦ
3230 880 3359 935 Υἱοῦ
3418 880 3621 935 αὑτοῦ.
3677 878 3737 936 ’0

2214 968 2318 1044 γάρ
2350 967 2475 1029 Υἱὸς
2506 967 2739 1047 παρέχει
2770 968 2870 1036 τῆν
2903 964 3090 1046 ἄφεσιν
3118 971 3200 1040 τῷ
3256 966 3385 1041 ΐδῖῳ
3442 967 3674 1042 αἵματι,
3704 970 3862 1044 χάριτι

2211 1056 2303 1111 καὶ
2333 1056 2395 1112 οὐ
2426 1059 2628 1129 μισθῷ.
2658 1057 2720 1113 ὐ
2750 1053 2807 1112 δὲ
2854 1059 3065 1133 Πατήρ,
3126 1059 3263 1133 πρὸς
3318 1060 3541 1128 ταύτην
3586 1057 3760 1114 καλεῖ.
3806 1063 3859 1117 Τὸ

2213 1142 2272 1202 δὲ
2305 1149 2523 1219 Πνεῦμα
2554 1143 2886 1204 συνευδοκεῖ.
2924 1149 3091 1217 Κοινὴ
3125 1148 3226 1222 γὰρ
3283 1150 3318 1218 ἡ
3372 1149 3459 1211 εἷς
3534 1152 3691 1223 ἡμᾶς
3742 1149 3857 1222 £639-

2215 1236 2372 1312 γεσία
2399 1243 2498 1304 τῆς
2532 1237 2688 1315 ἆγέας
2729 1237 2821 1292 καὶ
2870 1236 3141 1312 μακαρίας
3174 1234 3434 1312 Τρίάδος.
3477 1264 3505 1289 τι
3575 1239 3670 1300 Εἷς
3716 1235 3861 1311 ’ἕτερον

2219 1325 2576 1401 Εὐαγγὲλιον.
2614 1351 2639 1377 ι)
2671 1328 2781 1396 Τὴν
2814 1327 2916 1404 γάρ
2949 1328 3153 1383 δαιιτῶν
3185 1327 3422 1399 ἀπάτην,
3459 1328 3590 1383 οἷον
3633 1328 3702 1382 τὰ
3747 1322 3862 1382 Σιε-

2216 1410 2352 1471 ϐατα
2388 1416 2479 1471 καὶ
2509 1417 2612 1485 τὴν
2644 1417 2947 1492 περιτομὴν
3003 1422 3189 1491 τῆρεῖν
3243 1419 3543 1482 πείθοντες
3605 1419 3735 1479 τοὺς
3787 1422 3863 1472 l‘a-

2219 1505 2413 1571 λάτας,
2447 1504 2787 1581 Εὐαγγὲλιον
2829 1503 3078 1572 ἐκάλουν,
3110 1503 3199 1562 διὰ
3243 1511 3341 1563 τοῦ
3373 1507 3696 1581 ὀνόματος,
3748 1505 3863 1581 μῖιλ-

2219 1592 2321 1649 λον
2355 1591 2715 1665 δελεάζοντες.
2750 1619 2779 1647 α
2809 1597 2880 1654 ’Ὀ
2910 1596 3009 1651 οὒκ
3038 1593 3182 1653 ἔστιν
3241 1593 3405 1655 ἄλλο.
3449 1620 3481 1648 ι»
3545 1597 3743 1672 Ὅπερ,
3786 1618 3862 1676 911-

2218 1683 2323 1754 σὶν,
2353 1683 2409 1739 ἓν
2443 1683 2625 1756 μόνον,
2654 1684 2746 1739 καὶ
2806 1685 2908 1741 οὐκ
2957 1682 3099 1740 ἔστιν
3128 1682 3270 1741 ἄλλο
3300 1687 3453 1759 παρᾶ
3492 1689 3696 1741 τοῦτο.
3726 1685 3783 1742 Εἰ
3810 1686 3863 1757 μὴ

454 1775 646 1832 lentes
671 1793 768 1832 vos
787 1781 1143 1848 pervertere,
1167 1775 1502 1848 Christique
1543 1774 1921 1847 Evangelium
1955 1788 2099 1828 ever-

2219 1772 2319 1849 ἄρα
2372 1774 2510 1838 τινὶς
2569 1774 2709 1848 ὑμᾶς
2764 1770 3203 1849 διαταράσσουσι,
3250 1771 3590 1849 διαστρέψαι
3651 1795 3711 1831 τε
3762 1775 3863 1849 βου-

454 1870 602 1921 tere.
626 1889 651 1916 ιι
678 1871 964 1921 Cmterum
990 1866 1165 1921 etiam
1192 1865 1392 1919 sinos.
1420 1887 1445 1912 ››
1470 1865 1549 1920 Ne
1578 1864 1713 1934 quis
1735 1863 1892 1918 dicat
1950 1861 2109 1933 quod

450 1953 620 2010 inani
645 1953 853 2028 gloria,
906 1953 1159 2025 proprias
1190 1953 1347 2008 favet
1374 1951 1807 2024 prmdicalioni,
1841 1951 2105 2023 seipsum

454 2046 714 2117 primum
740 2051 1098 2112 exsecratur,
1134 2044 1180 2099 si
1204 2043 1347 2116 quid
1372 2044 1431 2099 in
1454 2044 1764 2114 Evangelio
1786 2043 2104 2099 immutare

453 2131 609 2188 velit.
637 2156 663 2181 ‹‹
686 2135 799 2187 Aut
817 2132 1060 2205 angelus
1083 2148 1112 2187 e
1139 2134 1304 2188 cosio.
1328 2153 1355 2182 ››
1377 2135 1457 2187 Ne
1488 2132 1655 2188 mihi.
1692 2132 1906 2203 inquit,
1939 2130 2101 2186 dicas

460 2221 1012 2289 Pelrum,.lacobum
1042 2228 1099 2276 et
1116 2222 1403 2278 Joannem
1426 2239 1438 2276 :
1461 2222 1564 2277 sed
1587 2221 1635 2276 si
1661 2236 1933 2293 supernae
1956 2235 2099 2291 quo-

457 2324 571 2381 que
602 2316 925 2382 potestates
962 2316 1305 2382 pervertant
1332 2311 1734 2383 Evangelium,
1786 2310 2102 2365 anathema

457 2398 596 2455 sint.
620 2399 753 2457 Haec
775 2406 994 2465 autem,
1020 2400 1122 2468 ait,
1142 2415 1262 2456 non
1311 2401 1471 2471 quod
1509 2400 1672 2457 aliud
1707 2399 2103 2472 prmdicarent

454 2487 746 2544 Petruset
767 2490 860 2545 cui
886 2505 1021 2545 cum
1048 2505 1115 2545 eo
1135 2494 1339 2545 erant:
1364 2495 1465 2544 aut
1486 2505 1758 2561 supernae
1808 2490 2053 2545 virtutes
2083 2504 2098 2544 :

454 2576 557 2633 sed
587 2578 790 2634 volens
816 2579 1207 2649 impostorum
1240 2594 1345 2634 ora
1372 2578 1699 2646 obstruere,
1747 2578 1846 2650 qui
1877 2593 1911 2633 a
1942 2578 2097 2633 Petri

453 2665 737 2739 dignitate
760 2667 1147 2740 imponebant
1169 2667 1308 2723 illis.
1340 2686 1362 2714 ι
1387 2668 1608 2723 Praeter
1628 2666 1687 2721 id
1710 2665 1868 2739 quod
1890 2666 2101 2738 praedi-

454 2756 734 2811 cavimus.
759 2779 787 2806 »
813 2755 949 2830 Ilap’
979 2756 1027 2823 δ,
1055 2756 1114 2811 id
1141 2762 1249 2825 est,
1267 2762 1473 2826 praeter
1493 2757 1554 2811 id
1587 2755 1754 2827 quod.
1806 2755 2100 2828 significat

452 2849 827 2918 quantumvis
862 2864 1073 2921 parum
1094 2864 1128 2902 a
1158 2848 1577 2919 praedicatione
1610 2847 1910 2902 diversim.

2221 1861 2449 1936 λόμενοι
2507 1863 2670 1936 ὑμᾶς,
2736 1863 2829 1919 καὶ
2898 1862 3262 1940 μεταστρέψαι
3345 1865 3408 1919 τὸ
3501 1867 3612 1920 τοῦ
3665 1865 3865 1940 Χριστώ

2216 1952 2565 2027 Εὗαγγέλιον.
2602 1976 2627 2007 α
2658 1951 2834 2011 Ἀλλὰ
2874 1955 2964 2009 καὶ
2996 1954 3082 2010 ἐὰν
3144 1957 3330 2029 ἡμεῖς.
3390 1979 3417 2006 ιο
3483 1957 3616 2012 Ἵνα
3687 1971 3761 2029 μη
3805 1972 3863 2014 τις

2217 2043 2344 2118 ε’πῃ
2378 2043 2461 2099 ὅτι
2503 2045 2638 2099 κατὰ
2688 2041 2994 2117 κενοδοξίαν
3046 2043 3110 2099 τὸ
3166 2043 3305 2099 ἴδιον
3358 2049 3671 2122 συγκροτεῖ
3721 2046 3860 2117 aisne

2213 2152 2353 2211 γμα,
2408 2136 2626 2206 πρῶτον
2689 2132 2880 2188 ἑαυτὸν
2920 2132 3316 2207 ἀναθεματίζει,
3374 2132 3543 2206 ε”περ
3575 2138 3860 2210 παραποιῆ-

2215 2223 2305 2278 σαί
2335 2242 2388 2278 τι
2428 2223 2482 2277 ὲν
2512 2226 2593 2297 τῷ
2629 2220 2947 2301 Ιεέύαγγελῖῳ
3008 2222 3329 2299 βουληθιῖη.
3368 2249 3395 2275 ιι
3426 2226 3508 2282 Ἦ
3572 2223 3855 2301 ἃγγελοςὲξ

2216 2311 2530 2385 οὐρανοῦ..
2568 2313 2657 2382 ΔΙή
2711 2316 2814 2389 γάρ
2876 2334 2992 2384 μοι,
3053 2314 3240 2391 φησὶν,
3292 2311 3457 2388 εἷ’πῃς
3522 2311 3729 2387 Πέτρον
3790 2311 3858 2367 καὶ

2215 2400 2469 2470 Ἰωάννην
2503 2400 2593 2456 καὶ
2630 2396 2910 2472 “Ιάκω6ον,
2941 2401 3068 2458 ἀλλ’
3114 2401 3164 2458 εἴ
3190 2403 3281 2458 καὶ
3337 2404 3396 2458 αἱ
3452 2401 3577 2459 ἄνω
3625 2400 3856 2476 δυνάμεις

2207 2491 2604 2566 παρατρέψαιεν
2656 2491 2720 2546 τὸ
2812 2490 3165 2568 Εὐαγγέλιον,
3248 2491 3498 2567 ἀνάθεμα
3602 2490 3839 2548 ἔστωσαν.

2209 2580 2390 2635 Ταῦτα
2423 2577 2501 2645 δὲ,
2532 2579 2721 2659 φησὶν,
2753 2579 2861 2659 οὐχ
2901 2580 2975 2642 ὡς
3003 2575 3184 2654 ἕτερόν
3219 2600 3272 2635 τι
3320 2585 3432 2635 τῶν
3463 2579 3591 2655 περὶ
3645 2580 3835 2651 Πέτρου

2207 2668 2613 2743 κηρυσσόντων,
2645 2664 2792 2740 (οὔτε
2821 2669 2928 2745 γάρ
2958 2669 3011 2724 αἱ
3040 2667 3153 2724 ἂνω
3207 2665 3519 2743 δυνάμεις.)
3547 2667 3688 2725 ἆλλά
3711 2668 3826 2742 βουο

2208 2756 2443 2832 λόμενος
2472 2756 2783 2833 ἀποριἷάψαι
2814 2760 2881 2814 τὰ
2910 2760 3153 2832 στόματα
3192 2763 3302 2814 τῶν
3362 2760 3700 2827 ἀπατεώνων,
3728 2761 3821 2813 τῶν

2208 2843 2297 2901 διὰ
2325 2850 2421 2901 τοῦ
2450 2846 2759 2921 ἀξιώματος
2790 2853 2897 2903 τῶν
2947 2848 3088 2926 ipsi
3139 2849 3231 2903 τὸν
3265 2848 3490 2923 Πέτρον,
3519 2849 3803 2904 ἆπιιτώντων

446 2934 660 2997 aito-3:.
697 2963 722 2986 ιι
749 2940 880 3010 Ηαρ’
910 2936 940 2990 ὅ
971 2935 1463 3011 εὐηγγελισάμεθα.
1497 2959 1524 2986 η
1555 2936 1652 2999 Τὸ,
1674 2940 1801 3009 παρ’
1834 2934 1884 3002 ὃ,
1904 2931 2091 3005 δηλοῖ,
2124 2935 2186 2991 τὸ
2217 2935 2341 2991 ὅσον
2372 2936 2579 3007 δήποτε
2609 2937 2804 3013 μικρὸν
2836 2942 2933 2993 τοῦ
2973 2937 3350 3013 κηρῦγματος.

523 3028 566 3091 Ι,
592 3029 750 3091 9,1Ο.
776 3051 801 3076 α
829 3027 1338 3093 Quemadmodum
1380 3033 1517 3083 ante
1561 3026 1817 3081 diximus
1850 3032 1909 3082 et
1935 3042 2093 3082 nunc
2133 3029 2175 3095 C

447 3134 474 3163 «
508 3114 725 3169 iterum
739 3114 869 3170 dico
899 3115 947 3169 si
971 3116 1104 3185 quis
1117 3114 1280 3171 vobis
1304 3114 1711 3187 praedicaverit
1733 3113 2097 3187 Evangelium

448 3224 472 3255 α
489 3211 706 3274 praeter
723 3204 781 3258 id
795 3203 951 3276 quod
965 3204 1622 3276 accepistis.anathema
1648 3204 1741 3258 sit.
1755 3204 1919 3259 Nunc
1934 3204 2093 3259 enim

445 3312 474 3342 «
503 3293 644 3348 72]
677 3301 875 3347 utrum
900 3293 1242 3348 hominibus
1266 3293 1484 3348 suadeo
1508 3309 1584 3348 an
1608 3292 1878 3349 Deo?aut
1895 3308 2095 3363 quaero

449 3401 475 3428 «
503 3379 846 3436 hominibus
870 3380 1102 3452 placere
1124 3381 1152 3435 ?
1170 3382 1313 3436 Nam
1361 3381 1409 3436 si
1434 3382 1724 3436 hactenus
1754 3382 2095 3437 hominibus

447 3489 475 3518 ιι
508 3467 890 3540 placuissem.
925 3470 1143 3523 Christi
1176 3486 1381 3524 servus
1413 3486 1791 3540 nequaquam
1826 3486 2015 3525 essem
2040 3492 2091 3525 ››.

516 3558 597 3611 Ne
620 3557 781 3612 enim
806 3557 1147 3613 existiment
1164 3575 1300 3613 eum
1323 3559 1473 3614 irato
1495 3557 1695 3613 animo
1708 3559 1833 3613 haec
1853 3559 2093 3626 dixisse,

446 3663 566 3705 non
597 3649 681 3705 ita
710 3649 772 3706 in
805 3652 1050 3708 veritate
1081 3651 1280 3708 animo
1337 3652 1615 3707 achctum
1669 3667 1819 3718 esse,
1880 3652 2095 3722 repetit

442 3740 686 3797 verbum
714 3758 727 3796 :
757 3757 1030 3797 asserens
1052 3740 1608 3812 hocitajudicatum
1639 3756 1767 3797 esse
1791 3758 1859 3797 ac
1890 3741 2092 3796 firma-

440 3837 566 3888 tum
598 3832 755 3903 apud
785 3832 1004 3904 ipsum.
1034 3855 1060 3882 «
1096 3834 1262 3888 Nunc
1288 3831 1450 3887 enim
1505 3837 1703 3887 utrum
1750 3830 2094 3887 hominibus

442 3922 664 3979 suadeo
683 3939 758 3979 an
782 3923 900 3978 Deo
921 3922 950 3978 ?
975 3945 1002 3973 n
1024 3923 1243 3979 Deinde
1263 3940 1337 3979 ne
1360 3928 1571 3994 putent
1591 3922 1749 3993 quod
1771 3921 1919 3994 ipsis
1953 3921 2096 3976 velit

443 4012 782 4080 suadere,et
802 4013 935 4068 aliis
957 4013 1075 4069 alia
1096 4013 1379 4084 praedicet
1400 4011 1717 4085 (siquidem
1759 4011 2089 4067 calumnia-

441 4100 662 4156 bantur
691 4118 826 4157 eum
856 4102 1234 4174 impostores,
1269 4102 1428 4175 quod
1454 4101 1611 4174 apud
1640 4101 1790 4157 alios
1850 4100 2091 4173 quidem

443 4190 961 4250 circumcisionem
992 4193 1364 4266 praedicaret,
1397 4192 1554 4266 apud
1586 4192 1737 4249 alios
1767 4208 1901 4248 vero
1929 4191 2093 4248 aliud

440 4282 767 4357 quippiam)
792 4290 850 4339 et
870 4285 1255 4342 deflecterent
1274 4291 1558 4355 tanquam
1586 4282 2089 4339 assentationibus

2275 3026 2364 3089 Ὣς
2413 3029 2815 3101 προειρήκαμεν
2891 3029 2980 3083 καὶ
3082 3024 3202 3103 ἄρτι
3302 3026 3452 3083 πάλιν
3518 3026 3662 3099 λέγω.
3726 3021 3785 3079 Ei

2205 3136 2287 3175 τις
2363 3115 2502 3189 ὑμᾶς
2580 3114 2979 3193 εὐαγγελίζεται
3055 3118 3182 3192 παρ’
3258 3116 3291 3172 ὅ
3331 3110 3653 3194 παρελάῦετε,
3692 3110 3799 3167 ἀνά-

2202 3206 2342 3275 θεμα
2425 3201 2585 3263 ἔστω.
2646 3213 2799 3279 ’Δρτι
2859 3209 2963 3284 γάρ
3028 3207 3351 3282 ἀνθρώπους
3426 3208 3587 3270 πείθω
3648 3204 3683 3273 ἣ
3728 3202 3810 3256 τὸν

2204 3294 2332 3351 θεόν
2386 3314 2399 3363 ;
2458 3296 2494 3365 ἢ
2556 3300 2703 3366 ζητῶ
2779 3297 3083 3371 ἀνθρώποις
3138 3296 3431 3370 ἀρέσκεινς
3491 3298 3555 3354 Εἰ
3608 3295 3703 3369 γὰρ
3749 3289 3819 3347 ἔτι

2204 3386 2518 3460 ἀνθρώπους
2619 3386 2846 3461 ἤρεσκον
2882 3435 2897 3455 ,
2971 3388 3211 3460 Χριστοῦ
3312 3383 3514 3449 δοῦλος
3614 3384 3712 3441 οὐκ
3772 3379 3821 3437 ἄν

2201 3474 2373 3548 ἤμην·

2270 3567 2379 3619 Ίνα
2409 3562 2511 3637 γάρ
2547 3564 2622 3637 μὴ
2657 3563 2923 3637 νομίσωσι
2983 3562 3052 3618 δι’
3106 3564 3279 3641 ὀργὴν
3334 3569 3508 3620 ταῦτα
3562 3564 3829 3640 εἷρηκένιι,

2205 3653 2282 3726 μή
2331 3651 2504 3715 οὕτως
2556 3652 2691 3707 κατὰ
2752 3651 3010 3722 ἀλήθειαν
3064 3649 3428 3726 διακείμενον,
3489 3650 3737 3730 δευτεροῖ
3781 3648 3831 3704 τὸ

2202 3736 2374 3813 ῥῆμα,
2424 3737 2651 3803 πείθων,
2709 3736 2784 3792 ὡς
2840 3741 3005 3793 τοῦτο
3064 3737 3303 3813 κέκριται
3358 3738 3451 3793 καὶ
3509 3740 3832 3813 πεπαγὲωται

2198 3827 2328 3901 παρ’
2360 3827 2528 3899 αὐτῷ.
2570 3854 2588 3877 ι
2628 3826 2786 3901 Ἀρτι
2819 3827 2924 3904 γὰρ
2953 3827 3270 3903 ἀνθρώπους
3302 3826 3478 3891 πείθω
3507 3827 3547 3897 ἢ
3611 3831 3743 3885 Θεὸν
3771 3847 3784 3894 ς
3812 3850 3835 3877 ιι

2199 3916 2334 3972 Εἶτα
2393 3913 2489 3970 ’ἕνα
2549 3917 2624 3989 μὴ
2657 3915 2952 3989 νομίσωσιν
3009 3916 3095 3972 ὃτι
3154 3916 3347 3976 αὐτοὺς
3408 3913 3676 3991 βούλεται
3737 3920 3837 3971 mi—

2197 4027 2308 4075 σαι,
2339 4005 2431 4062 καὶ
2457 4003 2653 4068 ἄλλοις
2684 4004 2831 4062 ἄλλα
2859 4006 3169 4083 κηρύττειν·
3202 4000 3522 4081 (διέϐαλλον
3584 4007 3698 4084 γάρ
3753 4006 3837 4062 αὖ·

2195 4096 2288 4152 τὸν
2350 4096 2402 4150 οἱ
2459 4095 2791 4162 ἀπατῶντες,
2846 4096 3073 4172 ὃππαρά
3132 4097 3230 4170 μὶν
3287 4093 3487 4158 ἄλλοις
3542 4097 3839 4172 περιτομῆν

2197 4184 2483 4260 κηρύσσει,
2514 4186 2640 4259 παρ’
2701 4185 2907 4258 ἕτεροις
2965 4182 3024 4242 δὲ
3066 4183 3212 4242 ἄλλο
3248 4188 3326 4260 τι)
3374 4186 3467 4242 καὶ
3515 4185 3847 4242 ἀναπέσωσιν

2201 4271 2385 4349 ὥσπερ
2469 4275 2921 4348 κολακευόμενοι,
2973 4278 3128 4355 φησι.
3207 4276 3299 4344 Μὴ
3354 4278 3458 4349 γάρ
3541 4280 3638 4331 νῦν
3726 4277 3847 4348 ὗμᾶ

438 4374 731 4445 occupati,
759 4373 937 4441 dicit;
964 4391 1125 4430 nunc
1144 4374 1303 4429 enim
1332 4372 1507 4430 modo
1539 4373 1666 4428 haec
1714 4371 1957 4428 disservi
1991 4386 2087 4428 cu-

2210 4362 2628 4442 πληροιρορῆσαι
2660 4361 3002 4440 βουλόμενος
3031 4369 3200 4420 ταῦτα
3231 4362 3457 4432 διῆλθον
3489 4384 3503 4436 ;
3562 4366 3667 4423 Τὸν
3732 4364 3845 4423 Θεὸν

434 4463 607 4534 piens
634 4480 736 4518 vos
761 4464 1062 4519 adhortari
1085 4480 1151 4518 ac
1170 4464 1363 4519 facere
1384 4462 1666 4519 certiores
1683 4461 1711 4517 ι
1758 4461 1876 4517 Deo
1919 4460 2092 4533 cupio

434 4552 684 4625 plenum
717 4553 912 4610 facere
944 4553 1123 4609 ﬁdem
1160 4570 1172 4608 :
1207 4553 1490 4624 quoniam
1520 4567 1714 4622 neque
1748 4550 2087 4606 hominibus

424 4641 669 4713 'placere
689 4644 863 4715 cupio
893 4644 1099 4714 itaque
1119 4642 1421 4698 necvobis.
1447 4664 1468 4692 ιι
1510 4644 1621 4696 Aut
1661 4657 1862 4711 quaero
1897 4639 2085 4694 homi-

435 4731 614 4786 nibus
645 4733 885 4803 placere
907 4734 934 4788 ?
969 4755 993 4784 ν
1030 4735 1154 4788 Non
1184 4739 1251 4787 ut
1279 4736 1549 4787 assenter
1581 4736 1639 4784 et
1666 4730 1936 4800 placeam
1989 4745 2088 4783 vo-

433 4815 526 4872 bis
554 4818 681 4873 hasc
713 4819 869 4881 dixi,
892 4821 1106 4892 inquit.
1142 4821 1197 4876 Si
1222 4820 1379 4876 enim
1412 4818 1730 4875 voluissem
1745 4816 2090 4872 hominibus

434 4905 697 4977 placere,
732 4909 935 4980 utique
966 4910 1265 4965 Judaismo
1299 4908 1681 4965 adhaesissem
1715 4905 2000 4962 etamicis
2022 4920 2091 4959 ac

437 4996 726 5069 cognatis,
784 5004 842 5053 et
898 5015 1276 5070 nequaquam
1335 4998 1679 5054 hominibus
1736 4994 1960 5050 relictis
2017 4991 2093 5048 ad

436 5086 741 5143 Christum
773 5089 1185 5144 accurrissem.

1109 5197 1342 5252 CAPUT
1379 5198 1425 5250 Ι.

442 5286 708 5343 Narratio
736 5286 801 5342 de
829 5290 1005 5358 seipso
1036 5287 1303 5357 quomodo
1329 5302 1433 5357 per
1462 5284 1853 5341 reuelationem
1908 5300 1943 5338 a
1992 5283 2089 5339 Ju-

899 5360 1109 5414 daismo
1141 5361 1643 5427 transmigraverit.

507 5465 554 5529 Ι,
591 5468 769 5521 11-14.
804 5469 1010 5523 Notum
1034 5474 1224 5522 autem
1242 5465 1390 5521 vobis
1405 5467 1802 5533 faciojratres,
1834 5465 2091 5531 Evange-

437 5549 577 5604 lium
616 5554 764 5622 quod
788 5554 1153 5625 praedicatum
1185 5561 1261 5609 est
1289 5571 1322 5608 a
1353 5570 1436 5608 me
1482 5568 1593 5607 non
1645 5566 1752 5605 esse
1800 5555 2094 5605 secundum

436 5637 707 5695 hominem
729 5659 943 5712 :ncque
965 5646 1105 5698 enim
1130 5645 1197 5698 ab
1224 5644 1438 5698 homine
1460 5643 1648 5711 accepi.
1698 5641 1856 5709 illud,
1919 5655 2093 5708 neque

2204 4450 2350 4509 θέλω
2406 4451 2869 4532 πληροφορῄαι,
2926 4451 3042 4510 ἐπεὶ
3127 4455 3267 4528 μήτε
3320 4451 3464 4518 θέλω
3548 4454 3847 4530 ἀνθρώποις

2200 4541 2410 4617 ἀρέσαι.
2446 4544 2766 4618 Τοιγαροῦν,
2800 4542 2921 4597 οὕτε
2952 4543 3100 4615 ὑμῖν.
3135 4567 3164 4595 ιι
3206 4543 3277 4600 ’Ἠ
3336 4547 3487 4613 ζητῶ
3544 4542 3844 4618 ἀνθρώποις

2205 4631 2453 4706 ἀρέσκειν
2484 4651 2497 4700 ;
2533 4657 2561 4684 ››
2590 4632 2668 4687 Οὐ
2719 4630 2811 4686 διὰ
2854 4632 2917 4688 τὸ
2971 4629 3298 4688 κολακεῦσαι
3352 4633 3439 4688 καὶ
3502 4632 3690 4708 ἀρέσαι
3736 4634 3845 4706 ὑμῖν

2198 4723 2368 4776 ταῦτα
2399 4720 2574 4790 εἶπον,
2631 4720 2812 4800 φησίν.
2876 4721 2938 4778 Εἰ
2995 4721 3101 4797 γάρ
3170 4716 3499 4794 ἠϐουλόμην
3552 4724 3843 4799 ἀνθρώποις

2198 4809 2470 4883 ἀρέσκειν,
2501 4809 2603 4886 ἄρα
2643 4810 2736 4865 καὶ
2789 4814 2888 4866 τοῦ
2946 4808 3294 4883 Ἰουδαῖσμοῦ
3352 4811 3717 4887 ἀπειχόμην,
3773 4808 3847 4866 καὶ

2203 4898 2403 4978 φίλων,
2443 4899 2534 4955 καὶ
2567 4903 2864 4974 συγγενῶν,
2896 4899 2986 4955 καὶ
3018 4898 3119 4955 οὐκ
3176 4897 3240 4955 ἄν
3292 4900 3467 4956 πᾶντα
3523 4898 3850 4968 καταλιπὼν,

2198 4991 2427 5061 Χριστῷ
2457 4986 2860 5066 προσέδραμον.

2832 5174 3096 5230 ΚΕΦΑΛ.
3132 5172 3210 5230 Α’.

2203 5270 2469 5343 Διήγησις
2521 5268 2622 5334 τῆς
2675 5264 2869 5343 ἑαυτοῦ
2928 5264 3304 5343 μεταστάσεως
3352 5263 3461 5318 ἀπὸ
3512 5261 3849 5338 Ἰουδαϊσμοῦ

2749 5336 2885 5393 κατὰ
2928 5336 3272 5410 ἀποκάλυψιν
3283 5379 3296 5394 .

2272 5447 2530 5522 Γνωρίζω
2570 5442 2629 5500 δὶ
2671 5445 2818 5518 ὑμῖν,
2851 5442 3105 5524 ἀδελφοὶ,
3136 5443 3199 5499 τὸ
3229 5441 3566 5520 Εὐαγγὲλιω
3594 5445 3658 5498 τὸ
3687 5441 3835 5518 εὐαγ-

2200 5537 2448 5617 γελισθὲν
2505 5537 2591 5593 ὑπ’
2647 5536 2805 5611 ἐμοῦ,
2862 5535 2945 5591 ὅτι
2999 5535 3098 5592 οὐκ
3148 5532 3261 5591 ἔστι
3336 5537 3474 5589 κατᾶ
3538 5534 3831 5608 ἂνθρωπον.

2201 5626 2339 5689 Οὐδὲ
2397 5627 2498 5704 γὰρ
2549 5627 2656 5703 ἐγὼ
2713 5625 2858 5701 παρὰ
2946 5625 3238 5701 ἀνθρώπου
3313 5617 3625 5698 παρέλαϐον
3690 5621 3831 5691 αὐτὸ,
