4048 6250
326 315 490 376 1097

1373 312 1782 376 COMMENT.
1828 309 1904 369 IN
1953 306 2202 369 EPIST.
2250 307 2352 366 AD
2399 308 2676 369 GALAT.

3579 313 3736 374 1098

322 445 454 501 οὔτε
506 442 804 522 ἐδιδάχθην
839 491 854 518 ,
909 444 1056 503 ἀλλὰ
1107 442 1178 500 δι’
1245 444 1646 519 ἀποκαλύψεως
1710 443 1964 519 Χριστοῦ.

2086 440 2259 497 didici
2287 456 2300 494 :
2332 442 2426 496 sed
2451 441 2575 513 fper
2602 441 2989 497 reuelationem
3026 444 3154 499 Iesu
3206 442 3431 501 Christi.
3489 445 3738 502 Audistis

322 533 626 591 ’Πκούσατε
709 535 812 612 γὰρ
895 537 997 604 τὴν
1081 534 1218 608 ἐμὴν
1306 535 1644 611 ἀναστροφήν
1727 551 1860 587 ποτε
1923 527 1975 584 ἐν

323 628 410 696 τῷ
469 621 836 697 Ἰουδαϊσμῷ,
905 624 989 680 ὅτι
1048 626 1164 679 καθ’
1227 618 1538 699 ὑπερϐολὴν
1594 619 1819 676 ἐδίωκον
1873 619 1972 687 τήν

327 712 660 782 Ἐκκλησίαν
744 717 842 768 τοῦ
908 718 1062 771 Θεοῦ.
1147 713 1252 770 Καὶ
1315 711 1576 788 ἐπόρθουν
1635 710 1825 780 αὐτὴν,
1884 708 1973 763 καὶ

1052 804 1383 882 Ἰουδαῖσμῷ
1490 807 1620 880 ὑπὲρ
1721 803 1972 865 πολλοὺς

982 900 1060 969 τῷ
1157 895 1293 972 γένει
1373 916 1502 967 μου,
1576 891 1970 970 περισσοτέρως

1033 990 1140 1041 τῶν
1213 990 1491 1059 πατρικῶν
1570 1004 1674 1057 μου
1731 979 1974 1058 παραδό-

323 806 667 882 προέκοπτον
763 807 814 863 ἐν
892 813 968 881 τῷ

324 895 738 965 συνηλικιώτάς
827 895 879 950 ἐν

325 983 588 1055 ζηλωτὴς
666 985 930 1061 ὑπάρχων

323 1093 486 1133 σεων.

399 1161 664 1218 Βούλεται
724 1160 893 1233 δεῖξαι
952 1162 1159 1234 αὐτοῖς,
1218 1162 1394 1229 δτι-οὐ
1450 1162 1594 1237 παρὰ
1643 1161 1968 1232 ἀνθρώπων,

321 1258 451 1327 παρ’
505 1251 674 1307 αὐτοῦ
729 1250 786 1307 δὲ
835 1256 933 1307 τοῦ
981 1254 1212 1328 Χριστοῦ
1252 1248 1528 1327 παρέλαϐε
1582 1251 1643 1306 τὸ
1684 1253 1967 1326 κήρυγμα,

328 1363 356 1395 ι
385 1343 508 1398 ’Ότι
543 1340 647 1395 οὐκ
698 1337 809 1397 ἔστι
873 1343 1010 1396 κατὰ
1076 1340 1378 1417 ἄνθρωπον.
1415 1366 1443 1393 ››
1505 1341 1646 1397 Κατὰ
1704 1340 1833 1395 Θεὸν
1866 1339 1969 1416 γὰρ

321 1428 461 1502 ἐστι,
503 1430 769 1500 τουτέστι,
824 1431 959 1486 κατὰ
1014 1434 1148 1486 Θεοῦ
1204 1429 1566 1505 ἀποκάλυψιν.
1630 1455 1658 1482 ι(
1691 1425 1831 1487 Οὐδὲ
1865 1428 1969 1503 γὰρ

324 1519 471 1593 παρὰ
499 1519 807 1594 ἀνθρώπου,
840 1520 994 1598 φησὶ,
1043 1515 1351 1595 παρέλαϐον
1408 1520 1562 1576 αὐτό.
1599 1542 1625 1570 ››
1657 1521 1833 1575 Τοῦτο
1866 1517 1967 1594 γάρ

325 1603 513 1685 ἔλεγον
570 1609 622 1663 οἱ
672 1604 1065 1671 διαϐάλλοντες
1123 1610 1310 1677 αὐτὸν,
1379 1609 1464 1664 ὅτι
1495 1610 1522 1663 ὁ
1555 1607 1770 1670 Παῦλος
1824 1607 1970 1682 παρᾶ

320 1697 622 1771 ἀνθρώπων
660 1693 935 1774 παρέλαϐε
965 1699 1026 1753 τὸ
1057 1701 1333 1775 κήρυγμα,
1368 1698 1476 1773 οὐχ
1506 1697 1685 1771 ὥσπερ
1744 1698 1795 1751 οἱ
1827 1697 1964 1775 ἀμφὶ

2084 533 2231 585 enim
2266 547 2444 585 meam
2511 532 2977 587 conversationem
3026 533 3305 603 quondam
3336 535 3394 587 in
3422 535 3733 601 Judaismo,

2083 620 2231 689 quod
2256 636 2428 691 supra
2494 620 2715 675 modum
2766 623 3134 692 persequebar
3190 622 3491 678 Ecclesiam
3520 625 3635 691 Dei,
3669 641 3733 679 ac

2083 711 2468 779 expugnabam
2499 710 2676 775 illam,
2708 717 2758 766 et
2785 712 3138 781 proﬁciebam
3166 713 3225 766 in
3253 713 3536 768 Judaismo
3558 730 3731 783 supra

2083 798 2281 854 multos
2297 799 2538 869 aequales
2563 802 2621 855 in
2641 817 2837 870 genere
2857 817 2991 866 meo,
3017 818 3139 856 cum
3163 801 3502 857 vehementer
3522 803 3732 859 zelator

2083 903 2250 945 essem
2278 891 2605 944 traditarum
2636 906 2671 944 a
2699 891 3001 961 majoribus
3030 893 3163 947 meis
3182 892 3582 948 institutorum.

2156 1172 2298 1227 721
2330 1170 2653 1227 Ostendere
2682 1172 2806 1226 vult
2826 1171 2983 1242 quod
3015 1188 3134 1228 non
3151 1173 3224 1228 ab
3253 1171 3598 1227 hominibus
3623 1172 3727 1229 sed

2079 1262 2152 1317 ab
2184 1262 2309 1333 ipso
2342 1261 2572 1315 Christo
2594 1261 3076 1333 praedicationem
3100 1262 3343 1334 accepit.
3369 1285 3396 1312 ‹‹
3425 1263 3553 1318 Non
3596 1278 3727 1318 esse

2083 1350 2411 1406 secundum
2449 1350 2806 1405 hominem».
2856 1352 2957 1406 Est
3000 1352 3165 1407 enim
3197 1350 3529 1407 secundum
3549 1353 3727 1410 Deum

2080 1440 2191 1496 hoc
2205 1444 2311 1505 est,
2339 1439 2666 1495 secundum
2686 1439 2787 1495 Dei
2821 1439 3261 1496 revelationem.
3291 1463 3318 1491 ‹‹
3343 1441 3545 1512 Neque
3563 1443 3725 1501 enim

2078 1529 2151 1584 ab
2170 1530 2409 1584 homine
2433 1529 2634 1600 accepi
2657 1528 2826 1597 illud,
2855 1551 2881 1578 »
2906 1529 3119 1599 inquit.
3154 1530 3297 1584 Nam
3319 1527 3430 1583 hoc
3452 1528 3728 1585 dicebant

2079 1620 2180 1688 qui
2198 1619 2396 1690 ipsum
2410 1618 2828 1673 calumniaban
2838 1624 2950 1687 tur,
2976 1618 3134 1690 quod
3151 1618 3369 1674 Paulus
3384 1618 3457 1674 ab
3476 1618 3728 1675 homini-

2075 1707 2186 1763 bus
2198 1708 2683 1780 praedicationem
2694 1708 3020 1781 accepisset
3033 1714 3224 1764 etnon
3239 1709 3736 1780 quemadmodum

316 1786 521 1862 Πέτρον
550 1787 814 1863 παράτοῦ
843 1791 1102 1864 Χριστοῦ.
1157 1789 1251 1843 Διὸ
1308 1781 1519 1862 ἔλεγον.
1554 1786 1629 1844 0'3
1683 1783 1765 1841 δεῖ
1821 1784 1964 1857 αὐτῷ

2076 1799 2286 1853 Petrus
2316 1815 2350 1853 a
2375 1798 2626 1854 Christo.
2660 1798 2797 1854 Ideo
2831 1798 3108 1853 dicebant
3152 1815 3272 1853 non
3305 1803 3578 1869 oportere
3609 1798 3723 1869 ipsi

318 1877 618 1935 πείθεσθαι.
675 1901 704 1930 ‹‹
736 1878 1032 1935 Ἠκούσατε
1069 1879 1194 1953 γάρ.
1227 1901 1257 1930 ››
1320 1879 1451 1934 Εἶτα
1506 1875 1695 1944 ἐπειδὴ
1750 1878 1849 1944 τὴν
1880 1895 1970 1951 γε-

316 1967 555 2041 νομένην
596 1967 745 2039 αὐτῷ
797 1967 903 2022 ἀπὸ
960 1971 1201 2042 Χριστοῦ
1253 1958 1605 2041 ἀποκάλυψιν
1650 1965 1884 2041 ἠγνόουν
1917 1965 1969 2019 οἱ

321 2055 584 2125 Γαλάται,
649 2054 905 2131 βούλεται
965 2055 1024 2111 ἐκ
1077 2061 1174 2111 τοῦ
1234 2053 1399 2126 δείξαι
1459 2056 1647 2111 ἑαυτὸν
1704 2055 1966 2130 πρότερον

321 2145 584 2217 δίώκτην,
618 2147 707 2201 καὶ
771 2151 860 2202 νῦν
923 2146 1174 2226 ἐξαίφνης
1246 2141 1746 2220 μεταϐεϐλημένον,
1803 2166 1966 2201 κατα-

324 2236 598 2305 σκευάσαι,
632 2235 717 2291 ὅτι
778 2234 826 2290 εἷ
867 2237 943 2309 μή
995 2236 1111 2290 θεία
1141 2257 1225 2298 τις
1276 2237 1424 2307 αὐτῷ
1479 2234 1820 2309 ἀποκάλυψις
1854 2234 1965 2309 ἐγε-

318 2326 489 2401 γόνει,
526 2326 629 2381 οὐκ
685 2325 744 2380 ἂν
787 2325 961 2387 οὕτως
1007 2320 1318 2398 μετεϐλήθη
1352 2324 1587 2400 ταχέως,
1625 2324 1717 2379 ἳνα
1747 2322 1807 2379 ἐκ
1841 2323 1967 2380 τού-

319 2436 417 2470 του
474 2415 779 2479 πεισθέντες
846 2417 1087 2489 Χριστοῦ
1150 2416 1282 2469 εἴναι
1333 2414 1493 2470 αὐτὸν
1556 2414 1827 2487 μαθητὴν,
1888 2413 1963 2483 μὴ

317 2504 737 2581 καταφρονῶσιν
768 2504 958 2562 αὐτοῦ.
1009 2529 1030 2555 ιι
1064 2505 1178 2574 Τὴν
1214 2502 1350 2577 ἐμὴν
1406 2502 1762 2579 ἀναστροφήν.
1800 2527 1826 2552 ››
1855 2501 1969 2558 Οὐκ

320 2593 382 2648 ’ἀν
417 2590 473 2648 δὲ
504 2592 612 2647 ἀπὸ
665 2592 1033 2664 Παλαιστίνης
1091 2593 1166 2655 εἰς
1226 2592 1491 2648 Γαλατίαν
1539 2593 1887 2662 ἠκηκόεισαν,
1919 2589 1967 2645 εἲ

325 2684 400 2754 μὴ
433 2680 638 2758 σφόδρα
657 2682 725 2751 ἦν
755 2679 1014 2752 διώκτης.
1049 2703 1070 2729 α
1096 2684 1183 2738 Ἐν
1205 2686 1283 2753 τῷ
1307 2678 1658 2754 ’1ουδαῑσμῷ.
1698 2715 1759 2724 κο
1782 2682 1968 2754 [ΣΕΥ-

330 2773 468 2844 HP.]
500 2772 591 2834 Τίς
616 2772 778 2847 χρεία
822 2774 920 2841 τῆς
978 2772 1029 2826 ἐν
1060 2776 1138 2843 τῷ
1192 2768 1518 2843 Ἰουδαϊσμῷ
1575 2772 1915 2848 ἀναστροφῆς
1952 2787 1966 2837 ;

324 2858 450 2914 ἀλλ’
485 2859 569 2914 ἳνα
599 2858 741 2933 δείξῃ
771 2858 852 2914 ὅτι
887 2859 948 2913 οὗ
1000 2858 1279 2933 προλήψει
1338 2857 1607 2929 δουλεύει,
1668 2857 1793 2913 ἀλλ’
1824 2857 1960 2928 ἁλη-

321 2947 454 3019 θείᾳ.
496 2947 572 3004 Οὐ
604 2948 708 3023 γάρ
745 2950 980 3021 μισήσας
1010 2948 1102 3002 τὸν
1162 2949 1328 3019 νόμον
1384 2946 1660 3023 ὑπέδραμε
1716 2948 1814 3014 τὴν
1856 2946 1966 3024 χά-

321 3057 403 3111 ριν
479 3034 723 3110 κέξεδίκει
783 3037 887 3113 γὰρ
949 3036 1152 3107 αὐτὸν),
1197 3035 1322 3092 ἀλλ’
1379 3037 1551 3112 εὑρὼν
1610 3037 1673 3090 τὸ
1729 3033 1960 3102 τέλειον,

318 3124 522 3196 ἀπέστη
558 3129 655 3180 τοῦ
712 3124 908 3198 νόμου.
972 3148 999 3177 ι(
1060 3125 1158 3182 Καὶ
1220 3124 1481 3198 ἐπόρθουν
1538 3125 1727 3195 αὑτήν.
1761 3146 1788 3178 ι
1850 3123 1966 3181 Οὐκ

317 3212 544 3270 ἐδίωκον
602 3214 807 3288 μόνον,
858 3214 1042 3292 φησὶν,
1100 3212 1246 3270 ἀλλὰ
1303 3214 1394 3269 καὶ
1451 3214 1813 3290 καταστρέψαι
1871 3213 1959 3268 καὶ

319 3304 571 3382 ἀφανίσαι
614 3304 781 3373 αὐτὴν
839 3302 1228 3379 προῃρούμην.
1287 3305 1468 3360 Τοῦτο
1524 3305 1624 3378 γάρ
1652 3302 1737 3374 τὸ,
1797 3302 1959 3358 «Καὶ

316 3394 582 3469 ἐπόρθουν
613 3395 804 3465 αὐτήν.
840 3417 868 3444 »
889 3427 958 3437 —-
988 3418 1016 3445 «
1036 3393 1139 3451 Καὶ
1161 3391 1523 3470 προέκοπτον.
1558 3417 1585 3444 ››
1616 3391 1957 3467 Προέκοπτον

317 3482 369 3537 ἐν
399 3482 471 3557 τῇ
502 3485 768 3556 πορθήσει
804 3488 911 3539 τῶν
958 3480 1287 3553 ἐκκλησίῶν,
1346 3480 1637 3553 τουτέστιν,
1679 3479 1957 3537 ἐπεδίδουν

317 3573 400 3627 ἀεὶ
426 3572 562 3648 πρὸς
610 3572 673 3628 τὸ
729 3571 1119 3648 χαλεπώτερος
1177 3573 1338 3630 εἶναι.
1398 3573 1470 3627 Ἦ
1499 3570 1837 3646 προέκοπτον
1867 3570 1958 3625 καὶ

264 3690 270 3695 υ
312 3654 532 3735 ἔντιμος
563 3662 715 3735 ἤμην
746 3662 834 3716 διὰ
861 3665 1023 3716 τοῦτο
1054 3661 1199 3736 παρά
1220 3666 1337 3724 τοῖς
1383 3658 1690 3722 Ἰουδαίοις.
1749 3662 1810 3715 Τί
1860 3658 1955 3715 οὖν

311 3754 378 3809 τὸ
408 3750 585 3808 αἴτιον
612 3756 710 3807 τοῦ
739 3752 1065 3826 αἱρήσασθαί
1101 3773 1165 3825 με
1220 3750 1471 3831 ἐξαίφνης
1522 3751 1767 3825 πόλεμον
1821 3751 1958 3827 πρὸς

316 3841 536 3911 αὐτοὺς,
566 3841 694 3903 τοὺς
723 3846 996 3914 τιμῶντας
1026 3840 1115 3896 καὶ
1168 3842 1483 3916 ἀγαπῶντας
1519 3861 1532 3909 ;
1592 3839 1761 3899 Οὐδὲν
1794 3838 1956 3911 ἄλλο,

318 3931 503 4009 φησὶν,
548 3932 584 4002 ἢ
629 3932 664 3999 ἡ
696 3928 1039 4003 ἀποκάλυψις
1096 3934 1192 3985 τοῦ
1249 3934 1511 4003 Χριστοῦ,
1575 3955 1600 3983 (ι
1636 3928 1957 4004 Περισσοτέ-

252 4066 263 4077 .
322 4040 430 4097 ρως
492 4019 749 4091 ζηλωτὴς
793 4020 1074 4096 ὑπάρχων.
1112 4044 1139 4072 ››
1199 4020 1562 4095 Προέκοπτον,
1619 4018 1805 4090 ἐπειδὴ
1839 4019 1959 4074 λίαν

321 4106 476 4183 ἤμην
506 4109 764 4180 ζηλωτὴς
794 4114 900 4164 τῶν
931 4114 1206 4184 πατρικῶν
1239 4131 1343 4182 μου
1373 4108 1744 4184 παραδόσεων.
1775 4111 1957 4178 "state,

324 4197 510 4275 φησὶν,
554 4195 811 4254 οὐδέποτε
864 4200 1000 4254 κατὰ
1037 4197 1343 4271 κενοδοξίαν
1402 4197 1620 4254 ἐποίουν
1652 4197 1685 4253 ’ἁ
1716 4198 1958 4267 ἐποίουν,

320 4284 468 4343 ἀλλά
528 4288 665 4344 κατὰ
714 4287 884 4358 ζῆλον
945 4286 1100 4357 Θεοῦ,
1150 4288 1197 4344 εί
1263 4289 1352 4343 καὶ
1418 4287 1856 4361 πεπλανημένον.
1898 4290 1960 4346 Ὀ

320 4376 412 4432 οὖν
444 4375 584 4450 μηδὲ
610 4378 734 4432 τότε
762 4378 898 4433 κατᾶ
927 4376 1230 4447 κενοδοξίαν
1256 4400 1309 4434 τι
1342 4381 1539 4448 ποιῶν,
1572 4381 1688 4439 πῶς
1756 4378 1817 4432 ἂν
1871 4382 1959 4433 νῦν

322 4468 458 4540 μετὰ
485 4469 583 4535 τήν
643 4466 935 4542 ἐπίγνωσιν
994 4475 1094 4537 τῆς
1150 4467 1413 4539 ἀληθείας
1464 4467 1755 4544 ἐκήρυττον
1788 4465 1959 4541 ψευδῆ

311 4554 411 4613 ’ίνα
494 4557 804 4632 ἀνθρώποις
863 4557 1056 4633 ἀρέσω,
1118 4559 1207 4614 καὶ
1270 4560 1346 4632 μή
1405 4558 1599 4631 ἐκεῖνα,
1657 4559 1808 4614 ἅτινα
1855 4559 1962 4614 ἀπὸ
1998 4547 2040 4608 D

318 4650 569 4720 Χριστοῦ
609 4642 920 4721 παρέλαϐον
956 4667 970 4717 ;

391 4829 526 4885 ’Ὅτε
581 4824 638 4882 δὲ
697 4825 987 4899 εὐδόκησεν
1042 4830 1071 4885 ὁ
1129 4827 1391 4906 ἀφορίσας
1462 4851 1528 4903 με
1606 4828 1667 4883 ἐκ
1748 4825 1967 4892 κοιλίας

325 4917 535 4991 μητρός
596 4937 703 4989 μου
761 4918 850 4973 καὶ
920 4916 1153 4981 καλέσας
1212 4916 1301 4973 ’διά
1355 4924 1456 4988 τῆς
1515 4919 1744 4997 χάριτος
1801 4918 1967 4972 αὐτοῦ

317 5004 675 5080 ἀποκαλῦψαι
733 5007 823 5062 τὸν
911 5008 1033 5062 Υἱὸν
1121 5008 1285 5063 αὐτοῦ
1343 5007 1394 5063 ἐν
1454 5001 1604 5081 ἔμοὶ,
1655 5005 1751 5062 ’ἱνα
1806 5008 1967 5083 εὑαγ-

318 5092 634 5172 γελίζωμαι
685 5095 846 5152 αὐτὸν
916 5097 968 5152 ἐν
1020 5103 1138 5161 τοῖς
1170 5097 1391 5168 ἔθνεσιν,
1426 5099 1620 5161 εὐθέως
1679 5098 1742 5154 οὐ
1793 5117 1964 5174 προσ-

323 5184 597 5255 ανεθέμην
630 5184 787 5258 σαρκὶ
819 5186 908 5240 καὶ
939 5182 1156 5258 αἵματι.

402 5271 465 5327 Εἰ
497 5271 557 5326 ἐκ
595 5271 812 5336 κοιλίας
842 5274 1048 5349 μητρὸς
1082 5275 1250 5330 αὐτοῦ
1280 5276 1556 5355 ἀφώριστο
1585 5276 1721 5350 πρὸς
1749 5280 1813 5331 τὸ
1865 5277 1967 5346 κή-

323 5381 509 5437 ρυγμα
537 5362 626 5417 καὶ
659 5360 1005 5433 ἐπελέλεκτο,
1041 5361 1128 5419 διά
1168 5386 1286 5420 τινα
1342 5365 1559 5430 πάντως
1614 5367 1758 5430 θείαν
1818 5364 1969 5420 οἰκο-

317 5450 516 5523 νομίαν
549 5453 639 5506 τὸν
672 5451 833 5526 μέσον
866 5454 1018 5525 εἰάθη
1060 5454 1281 5528 χρόνον,
1338 5454 1428 5509 ἳνα
1480 5457 1514 5524 ἡ
1573 5453 1744 5516 οὕτως
1802 5454 1970 5510 αὐτοῦ

318 5541 501 5619 ἀφρόα
538 5537 840 5615 μεταϐολὴ,
881 5543 1127 5605 πολλοὺς
1184 5544 1546 5616 πιστώπται.
1583 5568 1611 5598 ι(
1642 5547 1741 5602 Καὶ
1802 5545 1969 5600 καλέ-

320 5649 418 5692 σας
451 5627 539 5685 διὰ
568 5634 667 5697 τῆς
708 5632 936 5710 χάριτος
994 5631 1179 5687 αὐτοῦ’
1222 5657 1242 5684 ιι
1278 5632 1450 5696 Αὐτὸς
1486 5634 1579 5707 μὲν
1641 5634 1715 5696 ὼς
1776 5637 1964 5696 σκεῦος

644 5754 875 5814 Parem
898 5797 911 5812 .
958 5752 1069 5812 GR.
1121 5751 1373 5811 CXVIII.

2076 1903 2303 1957 parere.
2333 1908 2357 1938 ιι
2384 1887 2645 1953 Audistis
2668 1888 2848 1942 enim.
2872 1911 2893 1939 ι
2926 1887 3168 1954 Deinde,
3202 1887 3483 1958 quoniam
3505 1887 3721 1943 factam

2073 1977 2186 2047 ipsi
2210 1992 2245 2031 a
2264 1976 2493 2031 Christo
2517 1976 2940 2032 revelationem
2962 1976 3566 2049 ignorabantGalataa,
3589 1994 3722 2032 con-

2073 2064 2311 2121 firmare
2346 2065 2466 2120 vult
2504 2082 2577 2121 ex
2610 2082 2678 2120 eo
2712 2067 2866 2136 quod
2898 2065 3175 2121 ostendat
3212 2081 3274 2119 se
3320 2066 3487 2136 prius
3536 2065 3720 2121 fuisse

2071 2160 2529 2225 persecutorem,
2564 2170 2723 2209 nunc
2745 2159 2944 2209 autem
2972 2159 3217 2225 repente
3252 2158 3711 2209 transmutatum

2073 2258 2223 2311 esse,
2250 2242 2411 2312 quod
2435 2242 2552 2297 nisi
2575 2242 2775 2297 divina
2798 2241 2910 2296 sibi
2931 2241 3133 2311 aliqua
3152 2241 3298 2296 visio
3320 2240 3474 2296 facta
3488 2241 3720 2309 fuisset,

2069 2345 2448 2402 nequaquam
2467 2336 2711 2402 repente
2734 2331 2882 2386 adeo
2897 2336 3328 2387 transmutatus
3355 2336 3531 2407 esset,
3564 2336 3630 2385 ut
3650 2346 3723 2386 ex

2067 2419 2180 2474 hoc
2194 2421 2461 2491 persuasi
2477 2421 2671 2492 ipsum
2689 2436 2819 2475 esse
2832 2420 3046 2476 Christi
3064 2420 3571 2491 discipulum,nou
3585 2437 3722 2477 eum

2066 2508 2518 2580 despicerentm
2541 2511 2728 2564 Meam
2750 2510 3310 2565 conversationem.»
3334 2512 3718 2581 Nequaquam

2066 2604 2264 2653 autem
2280 2615 2352 2654 ex
2381 2598 2696 2653 Palaestina
2726 2599 2788 2652 in
2821 2597 3104 2653 Galatiam
3129 2614 3320 2668 usque
3353 2615 3558 2653 rumor
3576 2617 3713 2671 per-

2063 2689 2330 2757 vasisset,
2354 2687 2470 2741 nisi
2502 2688 2826 2742 vehemens
2849 2693 3196 2759 persecutor
3215 2687 3442 2743 fuiSset.
3470 2710 3496 2737 «
3530 2689 3593 2743 In
3614 2689 3715 2744 Ju-

2064 2776 2312 2832 daismo.
2344 2799 2369 2826 ››
2393 2777 2530 2842 Quae
2561 2776 2672 2830 fuit
2701 2776 3025 2831 necessitas
3059 2776 3313 2831 faciendi
3346 2776 3713 2833 mentionem

2063 2866 2526 2921 conversationis
2558 2866 2619 2920 in
2651 2866 2950 2921 Judaismo
2981 2866 3008 2921 ?
3058 2866 3206 2921 Sane
3263 2872 3330 2921 ut
3376 2866 3716 2922 ostenderet

2065 2956 2223 3027 quod
2240 2972 2358 3011 non
2382 2955 3040 3027 opinioniserviret,sed
3058 2956 3308 3011 veritati.
3330 2958 3529 3027 Neque
3552 2956 3712 3011 enim

2063 3045 2197 3099 odio
2223 3045 2371 3117 legis
2401 3044 2475 3100 ad
2506 3044 2755 3111 gratiam
2796 3045 3175 3116 profugerat:
3230 3045 3421 3115 ipsam
3453 3061 3712 3115 namque

2068 3133 2467 3189 ulciscebatur
2494 3133 2817 3205 legem,sed
2839 3133 3076 3188 invento
3099 3150 3166 3189 eo
3190 3133 3349 3204 quod
3371 3140 3498 3188 erat
3517 3150 3611 3205 per
3626 3133 3679 3188 fe
3696 3165 3711 3177 -

2068 3223 2239 3288 otius,
2285 3223 2558 3278 discessit
2586 3239 2621 3278 a
2651 3223 2796 3294 lege.
2858 3245 2885 3272 «
2919 3225 3000 3277 Ac
3030 3222 3435 3295 expugnabam
3468 3223 3653 3279 illam.
3686 3245 3714 3273 »

2065 3314 2191 3367 Non
2219 3312 2412 3367 solum
2444 3312 2634 3383 ipsam
2653 3311 3072 3383 persequebar,
3091 3312 3306 3383 inquit,
3340 3312 3441 3367 sed
3473 3317 3532 3368 et
3552 3328 3713 3367 ever-

2064 3408 2187 3459 tere
2220 3420 2286 3459 ac
2316 3404 2634 3459 obscurare
2678 3402 2842 3458 illam
2901 3402 3191 3457 conabar:
3254 3403 3365 3457 hoc
3395 3408 3597 3458 autem
3621 3406 3712 3457 est

2066 3516 2094 3547 «
2118 3493 2559 3567 Expugnabam'
2579 3514 2600 3543 ι
2619 3525 2685 3532 -
2706 3515 2733 3543 ‹‹
2756 3494 2825 3546 Et
2844 3491 3250 3564 proﬁciebam.
3268 3515 3289 3545 ι
3315 3492 3707 3548 Proﬁciebam

2064 3585 2126 3638 in
2174 3583 2556 3656 populatione
2609 3580 3042 3636 Ecclesiarum:
3089 3580 3199 3636 hoc
3249 3585 3357 3645 est,
3417 3579 3706 3636 addebam

2064 3690 2298 3745 semper
2319 3678 2384 3728 ut
2396 3672 2604 3727 saevior
2625 3686 2835 3726 essem.
2862 3672 2978 3726 Aut
2998 3687 3103 3742 pro
3115 3669 3409 3736 ﬁciebam,
3432 3669 3492 3724 id
3522 3675 3631 3738 est,
3647 3673 3708 3724 et

2064 3761 2137 3818 ob
2167 3762 2227 3816 id
2248 3760 2617 3817 honorabilis
2649 3776 2810 3814 eram
2841 3759 2993 3830 apud
3013 3759 3263 3814 Iudaeos.
3309 3758 3459 3822 Quid
3477 3774 3612 3829 ergo
3644 3758 3707 3812 in

2064 3867 2243 3907 causa
2270 3850 2381 3905 fuit
2411 3855 2475 3904 ut
2494 3853 2738 3919 repente
2758 3847 2983 3902 bellum
3023 3848 3385 3917 susciperem
3426 3845 3707 3901 adversus

2065 3957 2165 3995 eos
2189 3939 2289 4008 qui
2311 3954 2404 3993 me
2423 3937 2725 3992 inhonore
2760 3936 3056 3991 habebant
3075 3952 3142 3991 ac
3165 3934 3529 4007 diligebant?
3548 3935 3709 3989 Nihil

2064 4028 2590 4098 aliud,inquit,nisi
2613 4026 2892 4082 revelatio
2907 4025 3143 4080 Christi.
3172 4046 3198 4075 cc
3221 4026 3365 4079 Cum
3391 4025 3706 4080 vehemen-

2064 4124 2156 4173 ter
2166 4116 2385 4172 zelator
2401 4132 2613 4171 essem.
2634 4137 2660 4164 ››
2674 4114 3374 4185 Proﬁciebam,quoniam
3389 4113 3713 4170 admodum

2064 4205 2283 4259 zelator
2303 4220 2464 4259 eram
2489 4202 2839 4257 traditarum
2872 4220 2907 4257 a
2938 4201 3264 4275 majoribus
3295 4203 3446 4258 meis
3477 4202 3714 4258 institu-

2066 4294 2602 4362 torum.Nunquam
2618 4291 2816 4362 itaque
2829 4290 3108 4346 faciebam
3126 4291 3290 4346 inani
3307 4291 3518 4347 ductus
3531 4291 3719 4363 gloria

2067 4399 2197 4454 quae
2210 4380 2499 4437 faciebam
2514 4379 2616 4435 sed
2634 4380 2708 4435 ob
2723 4381 2824 4434 Dei
2843 4380 3031 4435 zelum
3047 4396 3388 4451 quanquam
3403 4395 3717 4448 erroneum

2071 4474 2178 4540 Qui
2202 4488 2338 4544 ergo
2360 4487 2435 4526 ne
2456 4476 2598 4525 tunc
2625 4470 2869 4540 quidem
2920 4470 3085 4526 inani
3108 4475 3304 4525 motus
3332 4468 3522 4541 gloria
3542 4467 3685 4539 quid
3700 4498 3721 4510 -

2073 4577 2250 4631 quam
2307 4558 2621 4627 faciebam,
2708 4559 3005 4629 quomodo
3055 4576 3216 4614 nunc
3277 4564 3411 4630 post
3458 4557 3722 4614 veritatis

2074 4651 2437 4723 agnitionem
2468 4649 2618 4703 falsa
2645 4647 2966 4719 prmdicare
2998 4664 3233 4720 possem
3272 4654 3335 4704 ut
3376 4648 3723 4706 hominibus

2073 4737 2395 4809 placerem,
2429 4742 2487 4792 et
2507 4752 2627 4790 non
2660 4752 2730 4791 ea
2760 4752 2892 4806 quas
2916 4752 2950 4790 a
2973 4735 3202 4791 Christo
3235 4735 3599 4808 accepissem
3627 4736 3656 4791 ‘I

2151 4827 2366 4892 7221,
2410 4829 2486 4891 15,
2526 4828 2609 4880 16.
2643 4826 2828 4880 Atubi
2856 4828 2988 4895 Deo,
3019 4826 3119 4896 qui
3137 4837 3517 4899 segregaverat
3543 4847 3630 4885 me
3659 4830 3728 4885 ab

2076 4924 2229 4972 utero
2259 4916 2452 4970 matris
2480 4930 2630 4980 mea,
2662 4920 2715 4968 et
2753 4917 2968 4970 vocavit
3010 4933 3114 4986 per
3140 4918 3389 4987 gratiam
3417 4936 3592 4987 suam,
3636 4936 3727 4975 re-

2075 5005 2306 5061 velando
2341 5005 2542 5058 Filium
2583 5020 2743 5058 suum
2779 5006 2839 5057 in
2868 5021 2972 5068 me,
3005 5004 3181 5060 visum
3211 5013 3287 5062 est
3339 5015 3402 5062 ut
3444 5009 3725 5078 praedica-

2075 5112 2188 5150 rem
2220 5094 2401 5164 ipsum
2431 5095 2577 5147 inter
2605 5098 2827 5162 gentes:
2857 5093 3119 5149 continuo
3146 5111 3256 5150 non
3285 5098 3541 5165 acquievi
3569 5099 3731 5152 carni

2077 5192 2127 5241 et
2155 5185 2439 5253 sanguini.

2151 5274 2207 5330 Si
2239 5272 2312 5328 ab
2344 5277 2511 5327 utero
2543 5272 2751 5327 matris
2782 5289 2903 5327 sua;
2933 5278 3272 5345 segregatus
3302 5273 3496 5328 fuerat
3516 5279 3577 5329 et
3604 5273 3731 5329 ele-

2079 5370 2228 5429 ctus,
2266 5362 2474 5433 utique
2529 5361 2726 5416 divina
2757 5361 3012 5433 quadam
3051 5363 3496 5434 dispensatione
3530 5362 3729 5419 medio

2081 5460 2347 5524 tempore
2376 5450 2621 5507 relictus
2643 5450 2773 5517 fuit,
2802 5457 2866 5505 ut
2887 5450 3034 5506 adeo
3052 5452 3365 5523 repentina
3393 5452 3579 5525 ipsius
3600 5470 3736 5509 mu-

2078 5543 2221 5598 tatio
2256 5541 2473 5597 multos
2505 5540 2906 5596 confirmaret.
2943 5562 2967 5593 α
2997 5542 3067 5596 Et
3094 5542 3319 5597 vocavit
3348 5560 3454 5615 per
3482 5543 3736 5617 gratiam

2081 5647 2271 5688 suam.
2301 5652 2327 5679 ι)
2353 5633 2481 5701 Ipse
2502 5629 2741 5699 quidem
2762 5634 3045 5701 tanquam
3068 5647 3167 5686 vas
3180 5632 3487 5689 electionis
3499 5638 3741 5690 vocatus

3384 5749 3463 5810 35
