4048 6250
485 304 639 365 1099

1560 305 1986 368 (ECUMENII
2033 302 2339 363 ΤΗΙΟΟιΕ
2386 300 2764 365 ΕΡΙΞίὶΟΡΙ.

3697 310 3801 375 1100

482 441 593 504 est,
625 437 771 493 dicit
796 443 995 493 autem
1026 455 1087 494 se
1113 440 1301 511 gratia
1329 446 1597 497 vocatum
1628 458 1758 498 esse
1790 458 1858 498 ac
1888 441 1938 497 si
1969 439 2118 495 dice-

2242 433 2482 512 ἐκλογῆς
2512 434 2743 507 έκλήθτγ
2788 434 2936 512 λέγει
2969 433 3024 491 δὲ
3077 436 3282 491 ἑαυτὸν
3341 440 3523 514 χάριτι
3568 438 3806 512 κεκλῆσθαι,

483 532 576 581 ret
608 542 620 579 :
650 530 789 582 Cum
824 525 1104 599 indignus
1132 544 1321 584 essem
1353 536 1412 585 et
1457 547 1577 585 non
1635 531 1910 595 idoneus,
1942 528 2131 603 gratia

482 616 706 671 vocavit
732 631 827 671 me
861 617 1165 673 Dominus.
1201 640 1229 667 ‹‹
1258 620 1591 676 Revelando
1622 622 1834 676 Filium
1868 636 2062 675 suum.
2099 639 2124 670 ι

481 706 978 777 Pater,inquit,me
993 709 1541 765 vocavitrevelando
1557 711 1913 766 mihiFilium
1932 726 2126 766 suum.

482 794 639 849 Dixit
665 801 863 850 autem
911 819 938 845 «ι
968 801 1029 851 In
1064 814 1181 862 me,
1214 820 1242 848 ››
1274 800 1587 855 ostendere
1618 801 1818 856 volens
1850 817 1972 855 non
2002 798 2128 854 solo

486 902 763 941 sermone
777 904 838 942 se
863 887 1164 956 didicisse,
1183 889 1286 945 sed
1302 897 1360 945 et
1385 898 1583 946 mente
1607 897 1666 947 et
1694 892 1871 947 corde
1897 909 1910 958 ;
1947 892 2128 945 veluti

480 975 776 1031 insidente
792 977 1319 1034 scientiainteriori
1340 981 1586 1035 homini.
1613 1003 1639 1029 «
1658 980 2127 1052 Utpraadicarem

481 1063 696 1134 ipsum.
730 1086 757 1113 η
786 1066 958 1120 Vides
988 1067 1146 1137 quod
1170 1069 1343 1123 Pater
1365 1070 1467 1139 qui
1499 1069 1725 1123 vocavit
1752 1077 1813 1123 et
1851 1068 2130 1123 revelavit

481 1151 594 1222 ipsi
627 1153 835 1207 Filium
868 1170 1062 1219 suum,
1096 1157 1222 1225 ipse
1254 1173 1388 1212 eum
1422 1157 1869 1228 praadicatorem
1896 1164 1956 1212 et
1983 1174 2127 1228 apo-

482 1240 699 1295 stolum
748 1242 1085 1298 ordinavit?
1115 1245 1421 1309 Quomodo
1455 1246 1633 1316 igitur
1661 1245 1734 1301 ab
1785 1245 2127 1300 hominibus

481 1331 680 1401 accepi
721 1337 781 1385 et
809 1332 1054 1387 edoctus
1083 1350 1215 1387 sum
1246 1334 1725 1405 praedicationem
1749 1336 1777 1389 ‘t
1805 1334 2127 1389 Confestim

483 1435 604 1474 non
622 1420 908 1476 declinavi
934 1422 1009 1477 ad
1032 1424 1444 1479 remissionem
1469 1431 1529 1480 et
1550 1424 1861 1480 mollitiem
1888 1441 1900 1478 :
1933 1440 2127 1495 neque

481 1510 650 1579 quasi
678 1526 958 1582 magnum
981 1511 1208 1582 aliquid
1230 1520 1510 1585 operatus
1527 1530 1743 1580 essem,
1778 1515 1839 1568 in
1868 1514 2056 1568 otium
2070 1519 2128 1567 et

479 1598 901 1670 negligentiam
931 1601 1112 1656 recidi
1138 1619 1151 1668 ;
1187 1603 1291 1657 sed
1312 1606 1524 1658 tortem
1556 1620 1625 1658 ac
1656 1603 1911 1676 rigidum
1942 1604 2127 1657 Evan-

476 1687 867 1758 geliicursum
898 1697 1247 1760 prosecutus
1275 1708 1404 1747 sum
1444 1723 1511 1731 —
1532 1694 1636 1747 Aut
1662 1692 1759 1746 hoc
1787 1692 1965 1746 modo.
2000 1693 2126 1745 Non

477 1776 782 1847 antiquius
803 1777 981 1833 habui
1008 1780 1202 1834 videre
1221 1787 1501 1851 cognatos
1518 1787 1619 1836 aut
1642 1781 1878 1835 domum
1910 1784 2012 1835 aut
2032 1796 2128 1835 so-
2161 1802 2204 1866 Β

478 1864 644 1920 dales
673 1872 774 1921 aut
812 1867 1085 1937 patriam.
1148 1868 1254 1923 sed
1298 1869 1574 1924 omnibus
1635 1870 1855 1924 relictis
1912 1871 2127 1939 (neque

481 1954 642 2008 enim
672 1955 735 2009 in
766 1955 876 2010 hoc
896 1956 1070 2010 Petro
1100 1973 1168 2011 ac
1195 1958 1422 2012 Joanne
1452 1974 1583 2013 sum
1608 1958 1896 2029 inferior),
1928 1958 2127 2012 statim

482 2046 545 2099 in
563 2047 913 2101 Damascum
933 2054 990 2102 et
1004 2049 1063 2102 in
1078 2049 1289 2104 Arabia
1299 2066 1354 2103 m
1367 2050 1544 2105 etiam
1557 2050 1631 2105 ad
1644 2050 2127 2120 prmdicationem

483 2134 737 2189 cucurri.
770 2157 796 2185 ιι
830 2137 955 2190 Non
976 2137 1201 2191 contuli
1232 2154 1367 2193 cum
1399 2155 1576 2194 carne
1606 2145 1665 2194 et
1694 2139 2003 2211 sanguine.
2045 2137 2125 2193 Οὐ

485 2216 890 2291 προσανεθέμην
938 2222 1094 2295 σαρκὶ
1132 2221 1221 2277 καὶ
1252 2223 1464 2296 αἶ’ματι,
1501 2248 1529 2276 ››
1589 2226 1773 2297 (Quod
1830 2243 1940 2282 nos
1987 2226 2124 2281 reli-

484 2325 634 2380 quos
656 2312 841 2366 secuti
873 2312 1228 2384 interpretes
1258 2316 1576 2372 vertimus:
1615 2338 1639 2369 ι
1684 2318 1808 2372 Non
1860 2316 2125 2388 acquievi

480 2401 645 2455 carni
674 2408 732 2455 et
764 2404 1070 2476 sanguini;
1103 2428 1130 2454 η
1154 2421 1291 2461 nam
1324 2412 1384 2461 et
1411 2406 1570 2462 hunc
1627 2423 1870 2463 sensum
1928 2407 2128 2479 priora

479 2490 709 2546 scholia
739 2489 1122 2562 indicarunt.)
1155 2497 1279 2550 Non
1329 2496 1633 2561 descendi,
1664 2497 1877 2567 inquit,
1910 2497 1971 2551 in
2003 2512 2125 2551 ser-

477 2595 652 2637 mone
673 2597 808 2636 cum
830 2584 1117 2653 apostolis
1138 2584 1209 2639 de
1232 2586 1671 2656 praedicatione,
1703 2590 2018 2640 contentus
2038 2584 2125 2638 di.

473 2668 608 2724 vina
628 2671 1005 2727 revelatione.
1043 2677 1159 2729 Hoc
1181 2679 1379 2729 autem
1403 2675 1550 2730 dicit
1571 2674 1892 2729 ostendens
1915 2673 2073 2744 quod
2093 2689 2129 2727 a

2234 524 2363 579 ὡσεὶ
2396 525 2559 580 εἶπεν.
2597 525 2844 598 ’Δνάειόν
2880 546 2947 598 με
2976 526 3105 580 ὄντα
3138 526 3236 579 καί
3293 524 3659 597 ἀνεπιτήδειον,
3679 534 3811 607 χάριτι

2232 613 2497 684 κέκληκεν
2533 615 2561 668 ὁ
2592 613 2808 690 Κύριος.
2861 638 2888 665 (ί
2923 612 3321 688 ’Δποκαλῦψαι
3377 616 3468 670 τὸν
3499 618 3608 671 new
3631 618 3770 680 αὐτοῦ,
3794 650 3812 673 ι

2233 703 2296 759 Ὁ
2324 705 2509 778 Πατήρ
2570 724 2659 776 με,
2712 703 2897 781 φησὶν,
2938 702 3221 773 έκάλεσεν,
3281 703 3372 759 ἐπὶ
3420 710 3496 776 τῷ
3554 707 3815 783 ἀνακαλῦψιί

2240 813 2334 866 μοι
2392 792 2485 847 τὸν
2546 793 2671 847 my
2734 794 2919 848 αὐτοῦ.
2982 820 3008 845 u
3044 795 3134 850 Ἐν
3198 793 3332 867 ἐμοὶ
3362 818 3391 845 »
3452 792 3507 850 δὲ
3560 796 3817 868 εἶπε,δείξαι

2235 879 2410 945 θέλων
2444 880 2507 936 οὐ
2538 880 2699 956 λόγῳ
2760 877 2926 954 μόνον
2984 883 3233 955 μαθόντα
3295 882 3475 950 αὐτὸν,
3530 883 3658 940 ἀλλά
3680 888 3818 959 καινῷ

2232 971 2326 1025 καὶ
2358 968 2557 1046 βαρδίᾳ
2589 973 2711 1025 οἷον
2759 970 2838 1033 εἰς
2892 971 2984 1025 τὸν
3012 965 3118 1026 ἔσω
3180 970 3474 1046 ἄνθρωπον
3522 980 3613 1041 τῆς
3637 976 3820 1047 γνώσεως

2236 1059 2579 1130 ένιζησάσης.
2619 1083 2644 1112 ιι
2676 1062 2791 1116 Ἵνα
2839 1060 3292 1135 εὐαγγελίζωμαι
3351 1060 3531 1117 αὐτόν.
3563 1086 3587 1112 η
3614 1063 3745 1136 Ὀρᾷς
3766 1066 3819 1118 δτι

2235 1149 2264 1202 ὁ
2304 1146 2542 1212 καλέσας
2601 1152 2787 1223 Ιίατήρ
2846 1150 2935 1203 καὶ
2989 1148 3365 1223 ἀποκαλύψας
3428 1151 3572 1222 αὖτῷ
3622 1150 3699 1205 τόν
3739 1153 3821 1207 ne

2236 1239 2424 1305 αὐτοῦ,
2454 1236 2616 1300 οὗτὸς
2649 1235 2812 1293 αὕτόν
2839 1241 3051 1312 κήρυκα
3084 1240 3183 1294 καὶ
3245 1237 3555 1295 ἀπόστολον
3608 1240 3820 1315 ἐχειροτό-

2233 1332 2565 1397 νησε;[1ὦς
2625 1328 2742 1396 οὖν,
2804 1329 2960 1407 φησὶ,
3016 1328 3163 1403 παρά
3224 1328 3528 1404 ἀνθρώπων
3581 1324 3822 1403 παρέλαϐον

2233 1416 2325 1471 καὶ
2354 1414 2652 1492 ἐδιδάχθην
2682 1418 2744 1472 τὸ
2769 1420 3029 1494 κήρυγμα
3061 1438 3075 1487 ;
3113 1419 3344 1482 Εὐθέως
3373 1417 3474 1472 οὐκ
3502 1416 3731 1473 ἀπέκλινα
3770 1418 3821 1479 εἰς

2234 1504 2409 1561 ἄνεσιν
2441 1506 2532 1561 καὶ
2564 1504 2915 1576 ἡδυπάθειαν,
2949 1506 3012 1561 ού
3042 1504 3090 1562 δ’
3141 1508 3226 1569 ὡς
3289 1506 3433 1583 μέγα
3486 1528 3537 1562 τι
3590 1518 3825 1580 κατωρθω-

2233 1594 2366 1663 κὼς,
2401 1594 2475 1655 είς
2506 1594 2787 1670 ῥαστώνην
2818 1595 2911 1649 καὶ
2969 1593 3272 1669 ὀλιγωρίαν
3307 1594 3551 1663 ἀνέπεσα,
3581 1592 3710 1649 ἀλλά
3734 1593 3823 1647 σύν-

2231 1702 2384 1737 τονον
2416 1682 2507 1738 τὸν
2547 1687 2644 1737 τοῦ
2687 1681 3029 1759 Εὑαγγελίου
3079 1680 3294 1758 δρόμον
3354 1683 3666 1755 ἐποιούμην.
3703 1683 3819 1736 -Ἦ

2234 1768 2429 1829 οὕτως.
2461 1770 2540 1826 Ού
2587 1773 3047 1844 προςτιμησάμην
3112 1770 3249 1825 ίδεῖν
3291 1775 3585 1846 συγγενεῖς,
3612 1770 3641 1839 ἢ
3672 1767 3818 1835 οἷκίαν,

2236 1856 2271 1926 ἢ
2305 1860 2575 1928 συνήθεις,
2628 1858 2664 1927 ἢ
2719 1856 3005 1934 πρατρίόα,
3053 1857 3204 1915 ἀλλὰ
3280 1859 3455 1915 πάντα
3505 1857 3667 1914 λιπὼν
3712 1853 3819 1929 (055‘s

2236 1950 2340 2023 γὰρ
2372 1947 2423 2003 έν
2449 1947 2666 2012 τούτοις
2698 1952 2805 2002 τῶν
2837 1949 2960 2024 περὶ
3008 1948 3214 2023 Πέτρον
3271 1949 3365 2003 καὶ
3426 1948 3653 2016 Ἰωάννην
3702 1944 3815 2000 ἐλατ-

2235 2038 2480 2111 τοῦμαι),
2533 2035 2730 2100 εὐθέως
2767 2036 2844 2100 είς
2902 2033 3161 2112 Ἀραϐίαν
3213 2038 3309 2093 καί
3369 2036 3445 2098 εἷς
3482 2035 3729 2108 Δαμασκὸν
3752 2034 3815 2087 καὶ

2236 2125 2312 2187 είς
2343 2126 2406 2181 τὸ
2436 2127 2701 2202 κήρυγμα
2755 2122 3005 2202 ἔτρεχον.
3057 2152 3085 2178 ‹‹
3122 2126 3205 2185 0'3
3259 2127 3651 2200 προσανεθέμην
3700 2120 3814 2196 σαρκὶ

2234 2217 2324 2272 καὶ
2354 2212 2563 2289 αἵματι,
2598 2215 2710 2271 Οὐκ
2758 2215 2931 2285 ἦλθον
2965 2215 3042 2278 είς
3102 2214 3336 2291 λόγους,
3396 2214 3543 2292 φησὶ,
3570 2218 3670 2273 τοῖς
3716 2212 3813 2264 ἀπο-

2238 2303 2457 2368 στόλοις
2519 2307 2643 2383 περὶ
2701 2309 2798 2360 τοῦ
2850 2304 3231 2380 κηρύγματος,
3290 2302 3556 2379 ἀρκεσθεὶς
3604 2303 3664 2372 τῇ
3727 2299 3813 2367 θείᾳ

2236 2395 2598 2471 ἀποκαλύψει.
2654 2399 2833 2454 Τοῦτο
2892 2393 2949 2450 δέ
3005 2417 3162 2474 φησι,
3227 2394 3437 2456 δεικνὺς
3487 2393 3562 2448 ὅτι
3609 2392 3661 2446 οὗ
3701 2388 3810 2460 παρὰ

2233 2491 2342 2543 τῶν
2374 2490 2631 2560 μαθητῶν
2659 2480 2824 2559 ἔμαθε
2866 2485 2930 2540 τὸ
2986 2488 3278 2563 κήρυγμα,
3340 2483 3481 2540 ἀλλὰ
3534 2482 3641 2554 παρ’
3685 2477 3808 2532 αὑτοῦ

2233 2579 2332 2631 τοῦ
2391 2579 2647 2650 Χριστοῦ.
2699 2575 2765 2632 Οἱ
2812 2574 2915 2651 γὰρ
2974 2570 3380 2635 διαϐάλλοντες
3418 2568 3581 2641 αὐτόν,
3628 2564 3802 2645 ἔφασκον

2236 2668 2534 2742 ἀνθρώπων
2568 2667 2701 2721 εἶναι
2729 2666 2816 2720 καὶ
2852 2667 3083 2739 Χριστοῦ
3112 2669 3393 2738 μαθητήν.

475 2756 783 2829 discipulis
814 2761 1297 2832 praedicationem
1328 2780 1447 2818 non
1477 2764 1772 2831 didicerit,
1808 2762 1912 2818 sed
1941 2762 2016 2817 ad
2047 2762 2175 2834 ipso
2206 2759 2462 2823 Christo,
2508 2760 2651 2813 Nam
2686 2757 2787 2827 qui
2835 2772 2971 2811 eum
3024 2756 3556 2819 calumniabantur,
3591 2746 3787 2805 dicebant

475 2846 669 2916 ipsum
700 2848 1026 2919 hominum,
1059 2868 1179 2906 non
1210 2852 1427 2908 Christi
1449 2869 1579 2907 esse
1610 2852 1990 2924 discipulum.

545 2994 589 3049 Ι.
626 2997 689 3048 17
700 2997 809 3050 -19.
835 3018 862 3046 ‹‹
898 2998 1094 3068 Neque
1113 2998 1260 3054 redii
1285 2998 1751 3071 Hierosolymam
1781 2998 1856 3053 ad
1888 3014 1989 3053 eos
2018 2997 2118 3067 qui

2304 2987 2439 3046 Οὐδὶ
2497 2987 2736 3059 ἀνῆλθον
2822 2990 2899 3051 εἷς
2982 2988 3353 3065 Ἱεροσόλυμα
3410 2988 3525 3064 πρὸς
3559 2974 3753 3071 τοὺςλτρδ

479 3104 507 3133 ‹‹
540 3089 677 3139 ante
729 3102 820 3143 me
865 3084 1099 3142 fuerant
1138 3089 1414 3159 apostoli,
1449 3088 1550 3144 sed
1583 3088 1700 3144 abii
1733 3088 1792 3144 in
1824 3086 2122 3154 Arabiam,

476 3194 505 3222 «
539 3190 606 3229 ac
637 3173 831 3230 denuo
863 3193 1134 3232 reversus
1177 3194 1309 3232 sum
1342 3179 1712 3244 Damascum,
1734 3176 1963 3249 :deinde
1991 3180 2128 3248 post

481 3283 508 3311 ‹‹
540 3278 728 3318 annos
761 3269 880 3318 tres
911 3264 1059 3318 redii
1094 3265 1591 3337 Hierosolymam,
1623 3272 1688 3320 ut
1717 3264 1977 3321 viderem
2012 3266 2123 3319 Pe-

479 3371 506 3399 ‹‹
540 3355 719 3417 trum,
754 3356 812 3406 et
841 3353 1031 3406 mansi
1064 3354 1220 3424 apud
1252 3371 1389 3409 eum
1412 3354 1538 3409 dies
1570 3354 1934 3425 quindecim.
1969 3353 2121 3409 τυ

480 3458 509 3488 ‹‹
540 3437 738 3493 Alium
756 3446 955 3495 autem
984 3457 1052 3495 ex
1068 3442 1352 3513 apostolis
1375 3459 1494 3497 non
1527 3443 1664 3511 vidi,
1696 3443 1811 3498 nisi
1840 3442 2122 3498 Iacobum

476 3551 503 3579 ιι
535 3528 783 3585 fratrem
814 3532 1070 3589 Domini.
1104 3553 1131 3582 υ

544 3738 705 3794 Idem
736 3738 886 3795 dixit
915 3741 1308 3807 manifestius,
1333 3740 1652 3797 ostendens
1674 3741 1831 3811 quod
1854 3758 1973 3796 non
1995 3740 2120 3796 fue-

473 3828 552 3882 rit
581 3828 653 3883 ab
686 3829 971 3901 apostolis
1000 3830 1263 3897 edoctus,
1290 3830 1393 3886 sed
1423 3830 1495 3885 ab
1528 3832 1655 3902 ipso
1691 3832 1944 3886 Christo.
1992 3832 2118 3886 Non

475 3917 647 3984 redii,
681 3918 894 3989 inquit,
929 3920 1397 3992 Hierosolymam
1455 3926 1522 3975 ut
1576 3920 1836 3976 viderem
1885 3937 1984 3977 eos
2016 3937 2116 3993 qui

476 4013 611 4063 ante
639 4023 733 4061 me
756 4008 1277 4079 fuerantapostoli,
1303 4016 1358 4064 et
1381 4010 1604 4080 aliquid
1626 4010 1699 4065 ab
1723 4011 1808 4065 eis
1831 4011 2091 4066 dicerem

474 4095 776 4165 Siquidem
817 4098 1098 4153 Damasco
1131 4098 1308 4154 rediit
1340 4099 1827 4169 Hierosolymam,
1868 4106 1933 4155 ut
1959 4100 2114 4155 indi-

473 4189 608 4238 cant
630 4187 773 4240 Acta
803 4187 1205 4257 apostolorum
1229 4187 1269 4251 ¹,
1294 4195 1351 4243 at
1370 4204 1487 4243 non
1523 4188 1595 4243 ad
1615 4188 1986 4254 discendum,
2012 4190 2116 4244 sed

470 4273 913 4345 praedicandum
942 4278 1135 4349 ipsum
1158 4279 1455 4334 Christum
1483 4285 1540 4333 et
1560 4280 1892 4335 docendum
1912 4280 2111 4337 fidem.

470 4367 613 4422 Nam
645 4373 704 4423 et
732 4385 800 4424 eo
827 4370 1001 4424 modo
1025 4387 1141 4440 quo
1170 4372 1230 4425 in
1272 4372 1545 4427 Arabiam
1578 4372 1861 4437 abieram,
1894 4373 2109 4444 inquit,

2226 4362 2371 4431 στὸν,
2400 4358 2490 4413 καὶ
2521 4358 2622 4426 τὴν
2660 4356 2838 4411 πίστιν
2900 4352 3195 4415 διδάσκειν.
3263 4356 3358 4412 Καὶ
3412 4351 3507 4426 γὰρ

470 4454 1283 4530 praedicaturus,rursumque
1304 4461 1651 4515 Damascum
1671 4480 1683 4516 :
1705 4462 1911 4516 eodem
1934 4463 2108 4517 modo

469 4549 528 4597 et
557 4545 1048 4617 Hierosolymam.
1092 4549 1231 4603 Post
1261 4554 1379 4604 tres
1411 4556 1608 4605 autem
1671 4567 1860 4606 annos
1908 4550 1980 4606 ab
2014 4550 2107 4605 in-

467 4640 637 4705 cepta
665 4636 1086 4707 praedicatione
1113 4644 1169 4694 et
1200 4638 1467 4694 doctrina
1506 4655 1639 4694 mea
1668 4639 1817 4693 redii
1857 4645 1923 4694 ut
1952 4640 2112 4694 vide-

466 4737 593 4775 rem
622 4724 882 4789 Petrum,
916 4743 1033 4781 non
1060 4732 1126 4782 ut
1186 4728 1411 4799 aliquid
1463 4728 1535 4783 ab
1592 4729 1719 4799 ipso
1771 4728 2106 4783 discerem:

458 4810 587 4882 jam
607 4813 764 4866 enim
783 4814 1164 4883 Evangelium
1183 4817 1611 4873 aununtiabam
1635 4823 1693 4871 et
1712 4817 2106 4889 prmdicabam

466 4920 495 4949 ‹‹
529 4898 640 4954 Sed
675 4901 795 4955 adii
825 4903 888 4957 in
919 4904 1215 4961 Arabiam.
1254 4927 1277 4957 ι
1303 4907 1561 4963 Narratis
1587 4906 1661 4962 ad
1680 4923 1826 4978 quas
1857 4905 2104 4973 adierat,

464 4991 817 5059 civitatibus,
854 4997 1085 5068 egregia
1115 5015 1295 5069 opera
1324 4999 1461 5055 silet
1516 5016 1647 5071 quae
1695 4998 1775 5053 ibi
1832 4998 1986 5053 facta
2032 4996 2105 5052 ab

461 5081 589 5153 ipso
623 5090 809 5149 erant,
837 5086 995 5157 quod
1020 5103 1246 5161 magnae
1269 5094 1397 5143 erat
1425 5089 1607 5144 animi
1636 5088 1963 5144 modestiae.
2001 5087 2107 5142 .Ut

457 5171 715 5229 viderem
734 5174 1027 5232 Petrum.»
1040 5178 1159 5233 Con
1171 5178 1559 5234 sideraanimi
1582 5178 1952 5234 modestiam.
1974 5177 2105 5232 Post

454 5266 541 5316 tot
558 5268 840 5336 tantaque
863 5268 1185 5323 certamina
1206 5268 1350 5323 abiit
1373 5274 1437 5323 ut
1457 5268 1683 5324 videret
1698 5270 1938 5324 Petrum
1973 5272 2100 5322 tan-

451 5367 629 5421 quam
660 5355 971 5427 majorem.
1008 5359 1078 5413 Ut
1133 5363 1332 5413 autem
1364 5360 1544 5414 etiam
1605 5364 1892 5426 maneret,
1925 5373 2102 5412 causa

447 5439 690 5499 honoris
723 5461 901 5515 quem
932 5448 1105 5503 Petro
1146 5446 1467 5518 deferebat,
1527 5454 1724 5504 actum
1788 5452 1895 5502 est.
1956 5445 2099 5501 Vide

447 5534 647 5587 autem
672 5535 971 5602 quomodo
997 5543 1166 5592 caute
1196 5538 1354 5594 dicat
1380 5556 1392 5592 :
1428 5563 1454 5587 «
1483 5538 1665 5593 Mansi
1691 5536 1845 5609 apud
1887 5552 2041 5606 eum,
2070 5557 2097 5585 »

442 5633 563 5673 non
604 5620 849 5678 edoctus
910 5641 1062 5681 sum.
1131 5650 1151 5675 α
1192 5626 1381 5684 Alium
1424 5634 1623 5684 autem
1682 5645 1754 5684 ex
1803 5625 2097 5699 apostolis

2232 3080 2368 3155 έμοῦ
2427 3077 2793 3150 ἀποστόλους,
2879 3060 3064 3135 ἀλλὰ-
3103 3060 3364 3149 ἀπῆλθον
3449 3060 3510 3138 εἷς
3566 3060 3761 3143 tenth».

2230 3170 2320 3226 καὶ
2386 3170 2553 3226 πάλιν
2615 3169 2919 3245 ὑπεστρεψα
2977 3167 3051 3231 εἰς
3111 3169 3447 3243 Δαμασκόν.
3500 3167 3663 3220 Ἔπειτα
3698 3172 3768 3207 u-

2229 3260 2295 3316 τᾶ
2343 3258 2440 3331 έτη
2499 3259 2643 3334 τρία,
2703 3258 2941 3329 ἀνῆλθον
3000 3259 3075 3322 εἰς
3148 3261 3507 3337 Ἰεροσόλυμα
3576 3252 3779 3337 ἱστορῆσαι

2231 3349 2428 3426 Πέτρον
2464 3392 2481 3418 ,
2540 3349 2631 3404 καὶ
2687 3347 2944 3421 ἐπέμεινα
3025 3349 3161 3423 πρὸς
3221 3351 3385 3405 αὑτὸν
3456 3342 3631 3418 ἡμέρας
3671 3333 3782 3426 δέκαῖ

2229 3418 2406 3495 πέντε.
2440 3438 2662 3513 Ἕτερον
2705 3433 2761 3491 δὶ
2816 3442 2923 3492 τῶν
2979 3436 3310 3494 ἀπόστολων
3370 3435 3465 3492 οὐκ
3518 3418 3787 3493 εἶδοντεῖμῆ

2228 3522 2486 3584 Ἰάκωϐον
2515 3527 2605 3582 τὸν
2648 3522 2881 3601 ἀδελφὸν
2914 3530 3010 3582 τοῦ
3042 3528 3273 3601 Κυρίου.

2301 3725 2634 3807 Σαφέστερον
2666 3727 2798 3783 αὐτὸ
2846 3730 2984 3793 εἷπε,
3045 3725 3254 3792 δεικνὺς
3313 3728 3388 3790 ὡς
3443 3723 3501 3779 ού
3549 3716 3674 3792 παρᾶ
3713 3726 3789 3810 ταῖν

2226 3816 2549 3874 ἀποστόλων
2578 3815 2869 3891 ἐδιδάχθη,
2901 3816 3046 3873 ἀλλὰ
3077 3819 3201 3891 παρ’
3233 3818 3398 3874 αὐτοῦ
3450 3815 3539 3868 τοῦ
3588 3809 3789 3901 Υριστοιι.

2226 3909 2338 3967 Οὐκ
2388 3905 2650 3978 ἀνῆλθον,
2689 3907 2875 3983 φησὶν,
2917 3907 2991 3969 εἰς
3023 3908 3403 3983 Ἰεροσόλυμα,
3458 3900 3580 3977 πρὸς
3625 3893 3677 3948 τὸ
3701 3892 3792 3983 θιξῖ

2225 4001 2411 4055 σασθαι
2442 3999 2570 4059 τοὺς
2627 3973 2733 4073 πρδ
2788 3996 2923 4069 ἐμοῦ
2970 3973 3315 4059 ἀποάτόλους
3343 3995 3429 4051 καὶ
3490 3989 3654 4063 μαθεῖν
3689 3997 3731 4032 τι
3754 3973 3793 4042 ἐξ

2222 4090 2421 4145 αὐτῶν.
2456 4085 2686 4157 Ἀνῆλθε
2719 4086 2812 4158 μὶν
2846 4087 2950 4163 γὰρ
2992 4086 3070 4148 εἰς
3122 4085 3473 4161 Ἱεροσόλυμα
3499 4076 3591 4133 ἀπὸ
3646 4078 3790 4137 Δαμα-

2223 4179 2375 4243 σκοῦ,
2408 4177 2481 4238 ὠς
2516 4173 2779 4246 δηλοῦσιν
2810 4176 2864 4229 αἱ
2897 4175 3139 4247 Ιῐράξεις,
3172 4173 3302 4231 ἀλλ’
3333 4173 3428 4230 οὐκ
3463 4169 3542 4224 ἐπὶ
3690 4170 3790 4261 "ll-1‘

2222 4272 2497 4340 θητεῦσαι,
2531 4262 2659 4320 ἀλλ’
2688 4264 2775 4319 ἐπὶ
2803 4268 2885 4337 τῷ
2913 4264 3003 4319 καὶ
3034 4264 3192 4319 αὐτὸν
3234 4263 3511 4339 κηρύσσειν
3564 4252 3641 4307 τὸν
3686 4246 3789 4353 ξρμ

3559 4345 3610 4399 ὃν
3633 4345 3787 4411 τρόπον

2219 4449 2295 4511 εἷς
2325 4418 2590 4522 ⁹Ᾰραϐίαν
2620 4446 2840 4521 ἀπῂειν,
2899 4446 3056 4524 φησὶ,
3113 4446 3385 4522 κηρύξων,
3423 4418 3518 4496 ’κάὶ
3572 4427 3709 4524 πάλιν
3731 4418 3786 4476 εἷς

2219 4536 2523 4611 Δαμασκὸν,
2574 4536 2665 4590 τὸν
2725 4533 2883 4590 αὐτὸν
2940 4534 3142 4609 τρόπον
3202 4536 3292 4591 καὶ
3349 4531 3421 4593 εἷς
3477 4514 3781 4598 Ἰεροσόλυμα-

2218 4632 2367 4689 Meti
2398 4628 2454 4685 δε
2491 4624 2584 4700 ἔτη
2643 4628 2766 4703 τρία
2818 4633 2916 4683 τοῦ
2972 4629 3258 4704 κηρύσσειν
3298 4650 3362 4704 με
3409 4624 3493 4679 καὶ
3549 4611 3779 4715 διδάῗιεὶνθ

2218 4717 2453 4790 ἀνῆλθον
2488 4715 2618 4772 ἰδεῖν
2653 4717 2876 4788 Πέτρον,
2909 4739 2973 4772 ου
3006 4725 3196 4791 μαθεῖν
3226 4740 3279 4773 τι
3311 4715 3427 4791 παρ’
3466 4707 3628 4764 αὐτοῦ.

2213 4776 2316 4883 rip.
2373 4806 2482 4882 ἐγὼ
2572 4776 3017 4882 εὗηηέλιζέμηέ
3090 4776 3182 4862 λαὶ
3241 4776 3538 4879 ἐκίρδσσον·
3592 4776 3777 4883 “imi

2216 4876 2463 4965 ἀπῆλθον
2498 4894 2576 4956 εἰς
2634 4876 2913 4969 Ἀ’ραόίανξ
2946 4876 2976 4947 ἦ
3033 4896 3142 4959 Τὰς
3191 4876 3377 4956 πόλειξ
3426 4884 3573 4945 εἰπὼν
3620 4876 3664 4931 ἐν
3709 4876 3775 4921 αῖς

2215 4987 2449 5057 ἄπῆλθε,
2497 4986 2566 5041 τὰ
2616 4983 2729 5039 ἐκεῖ
2782 4986 3043 5060 γενόμενα
3094 4985 3242 5058 αὐτῷ
3295 4977 3649 5065 κατορθώματα
3680 4974 3777 5065 inf:

2214 5082 2288 5147 πᾷ
2328 5075 2460 5151 ὅπερ
2517 5071 2737 5144 ποΑλῆς
2793 5050 2862 5143 ῆν
2910 5050 3435 5150 ταπεινοφροσύνης.
3496 5085 3515 5113 α
3546 5050 3770 5151 ίστορῆσξξ

2214 5166 2440 5241 Πέτρην.
2477 5188 2505 5215 υ
2585 5170 2721 5237 Ὅρα
2800 5163 3145 5219 ταπείνωσιν·
3224 5165 3355 5237 μετά
3418 5149 3663 5253 τοσούτῗυς
3703 5147 3769 5269 κῗί

2347 5255 2359 5269 1
2537 5254 2550 5269 ο
2606 5257 2631 5267 .-
2812 5252 2826 5269 ν
2890 5253 2903 5269 ι
3017 5259 3039 5269 ..
3199 5257 3212 5269 .
3355 5251 3531 5269 ..v,---.
3587 5240 3763 5269 ...μίαν

2210 5233 2493 5315 τοιούτους
2527 5233 2741 5329 ἀγῶνας
2799 5252 2966 5327 ἀπῄει
3017 5257 3325 5329 ’ἱστορήσων
3354 5251 3553 5318 Πέτρον,
3586 5233 3647 5289 ὡς

2214 5353 2360 5416 Cava.
2397 5340 2494 5397 Καὶ
2521 5342 2584 5396 τὸ
2624 5348 2946 5416 προσμεῖναι
2978 5338 3057 5411 δὲ,
3087 5350 3190 5413 τῆς
3246 5342 3368 5417 περὶ
3422 5336 3593 5404 Πέτρον
3639 5322 3767 5426 τεεί(

2206 5406 2377 5494 ένεκεν
2413 5406 2811 5509 Eyéve10.'0p‘a
2869 5432 2927 5489 δὲ
2979 5438 3094 5498 πῶς
3149 5406 3401 5514 ἀσφαλῶς
3442 5406 3764 5514 laici;-

2210 5527 2415 5601 έμεινα,
2450 5494 2632 5593 end.
2710 5523 2847 5598 πρὸς
2925 5522 3104 5592 αὐτὸν,
3139 5550 3163 5574 ι’
3232 5494 3312 5578 ὀὗ
3369 5520 3464 5595 μὴν
3506 5494 3755 5601 έδ¹δέχρέἶί

2211 5574 2415 5591 ’”“⁷⁷”⁷¹
2484 5574 2631 5593 71—"
2719 5574 2844 5598 ⁷⁷8⁷⁷⁷
2930 5574 3104 5592 """I
3258 5574 3307 5578 "
3369 5574 3387 5595 ἴ
3426 5574 3434 5587 '
3656 5581 3665 5595 ι
3714 5574 3724 5591 Ι

2205 5580 2488 5690 «."E'cepov
2522 5610 2579 5667 δὲ
2608 5615 2714 5667 τῶν
2749 5612 3072 5668 ἀποστόλων
3123 5611 3222 5666 οὐκ
3253 5609 3411 5667 εἶδον.
3442 5628 3466 5656 ιν
3492 5601 3542 5655 Ὁ
3567 5591 3627 5665 μὴ
3653 5574 3748 5633 ’δων
