4048 6250
211 328 374 392 1101

200 481 356 532 τινα,
384 482 501 525 πως
537 463 600 519 ἄν
632 459 799 537 ἔμαθε
828 465 957 541 παρ’
988 463 1166 521 αὐτῶν
1204 485 1218 535 ;

201 551 438 625 Κυρίου.
476 576 504 604 ››
552 552 667 612 Οὐκ
703 554 794 624 ἦν,
827 554 953 611 ἁλλ’
1011 555 1321 628 ἐνομίζετο,
1370 552 1518 625 πλὴν
1574 554 1663 609 ἳνα
1702 550 1863 607 αὐτὸν

198 638 410 715 ἐπάρῃ,
441 638 694 718 ἀδελφῶν
727 641 890 699 καλεῖ
917 649 1016 700 τοῦ
1047 644 1273 721 Κυρίου.

284 822 358 879 Ἀ
389 819 447 877 δὲ
474 822 665 901 γράφω
719 825 873 898 ὑμῖν,
932 823 1050 882 ἰδοὺ
1119 825 1355 882 ἐνώπιον
1412 831 1510 882 τοῦ
1567 831 1721 896 Θεοῦ,
1781 823 1867 881 ὅτι

205 912 279 967 οὗ
367 910 657 988 ψεύδομαι.
720 915 947 972 Ἔπειτα
997 915 1169 986 ἦλθον
1230 917 1304 980 είς
1359 918 1426 972 τά
1479 915 1721 989 κλίματα
1763 922 1865 986 τῆς

209 1000 416 1078 Συρίας
481 1004 573 1059 καὶ
650 1012 752 1075 τῆς
801 1004 1080 1070 Κιλικίας.
1142 1009 1329 1081 Ἥμην
1388 1004 1445 1062 δὲ
1501 1005 1862 1080 ἀγνοοῦμενος

207 1095 295 1165 τῷ
355 1094 635 1168 προσώπῳ
692 1099 814 1157 ταῖς
873 1095 1223 1166 Ἐκκλησίαις
1279 1103 1381 1167 τῆς
1435 1095 1702 1158 Ἰουδαίας
1744 1100 1864 1157 ταῖς

209 1179 270 1235 ἐν
302 1181 538 1254 Χριστῷ.
574 1182 757 1238 Μόνον
817 1181 875 1238 δὲ
930 1184 1218 1247 ἁκοόοντες
1274 1184 1437 1255 ἦσαν,
1495 1186 1579 1240 δτι
1637 1184 1700 1242 Ὀ
1733 1180 1866 1238 διώ-

209 1290 328 1324 κων
385 1272 534 1344 ἡμᾶς
591 1291 746 1345 ποτε,
814 1277 903 1327 νῦν
957 1272 1351 1349 εὐαγγελίζεται
1410 1275 1514 1343 τὴν
1581 1272 1762 1329 πίστιν
1794 1270 1862 1342 ἦν

209 1378 351 1413 ποσε
380 1357 621 1434 ἐπόρθει,
651 1361 740 1415 καὶ
772 1358 1023 1432 ἐδόξαζον
1057 1362 1150 1418 τὸν
1183 1363 1311 1418 Θεὸν
1343 1360 1399 1418 ἐν
1430 1362 1576 1437 ἐμοί.

286 1443 443 1523 Λέγω
483 1449 611 1522 ὑμῖν
664 1446 897 1505 ἐνώπιον
953 1454 1050 1506 τοῦ
1079 1451 1282 1525 Κυρίου
1335 1450 1419 1506 ὅτι
1451 1450 1512 1507 οὐ
1571 1447 1862 1525 ψεύδομαι.

210 1536 388 1610 ’Ὁρᾷς
417 1540 534 1599 πῶς
566 1536 951 1612 ἐπαγωνίζεται
992 1538 1172 1613 τούτῳ
1219 1562 1298 1613 τῳ
1355 1538 1505 1614 λόγῳ
1540 1558 1554 1608 ;
1607 1538 1709 1595 Καὶ
1759 1538 1863 1615 γὰρ

211 1620 521 1680 ἐκινδύνευε
571 1629 647 1700 μή
710 1627 848 1682 εἶναι
904 1627 1214 1698 ἀξιόπιστος
1273 1628 1409 1705 πρὸς
1466 1628 1529 1682 τὸ
1584 1628 1865 1705 κήρυγμα,

213 1712 292 1775 ὡς
325 1710 624 1789 ἄνθρώπων
654 1716 746 1771 καὶ
766 1715 827 1771 οὗ
856 1721 954 1772 τοῦ
994 1721 1231 1793 Χριστοῦ
1265 1718 1514 1789 μαθητὴς
1560 1716 1656 1772 ὥν.
1710 1740 1739 1769 ‹‹
1772 1716 1865 1778 Εἰς

1271 331 1691 396 COMMENT.
1739 328 1815 393 IN
1860 326 2106 389 EPIST.
2138 329 2242 391 AD
2275 327 2550 391 GALAT.

1286 487 1315 521 ι
1342 465 1448 521 Τὸν
1505 460 1738 520 ἀδελωὸν
1768 461 1860 516 τοῦ

1980 476 2099 517 non
2132 461 2325 531 vidi.»
2357 462 2465 528 Qui
2513 480 2633 518 non
2689 463 2835 520 vidit
2887 481 3272 539 quemquam,
3328 469 3626 539 quomodo

3471 337 3628 398 “02

1969 551 2042 608 ab
2081 551 2226 624 ipsis
2250 551 2610 609 didicisset?
2632 577 2658 605 ι(
2693 554 2955 611 Fratrem
2991 557 3243 613 Domini.
3278 577 3303 608 ι
3341 559 3469 613 Non
3502 564 3629 616 erat

1971 640 2155 696 frater
2185 641 2443 707 Domini,
2479 642 2582 698 sed
2640 644 2980 721 putabatur,
3041 651 3303 701 attamen
3334 652 3399 702 ut
3428 647 3625 719 ipsum

1970 728 2290 798 attolleret,
2324 729 2571 785 fratrem
2603 731 2835 787 Domini
2867 738 3053 787 vocat.

2042 820 2088 887 Ι,
2118 822 2306 875 2υ-24.
2377 840 2398 868 α
2434 822 2618 876 Porro
2671 839 2803 893 quaa
2850 822 3043 877 scribo
3074 823 3236 878 vobis
3269 840 3397 879 esse
3424 841 3626 881 coram

1976 927 2003 960 ι
2038 909 2154 963 Deo
2173 908 2329 979 quod
2352 926 2472 964 non
2494 911 2768 966 mentiar.
2826 911 3049 966 Deinde
3101 912 3234 967 veni
3257 912 3320 967 in
3352 914 3625 986 regiones

1973 1019 2000 1047 ‹‹
2035 997 2216 1068 Syria:
2236 1004 2297 1052 et
2311 998 2553 1053 Ciliciae.
2572 1000 2741 1055 Eram
2756 1006 2954 1056 autem
2968 1001 3206 1074 ignotus
3220 1002 3392 1073 juxta
3410 1002 3625 1059 faciem

1973 1107 2002 1136 ‹‹
2028 1087 2308 1142 Ecclesiis
2327 1087 2543 1143 Judaaaa
2566 1106 2697 1159 quas
2716 1096 2885 1145 erant
2909 1091 2971 1145 in
2989 1091 3240 1146 Christo.
3262 1091 3374 1146 Sed
3393 1098 3623 1149 tantum

1973 1199 2001 1227 «
2036 1177 2132 1231 hic
2154 1194 2360 1231 rumor
2376 1177 2531 1249 apud
2556 1178 2691 1235 illos
2705 1186 2860 1235 erat:
2885 1181 2994 1246 Qui
3015 1182 3488 1252 persequebatur
3516 1199 3625 1238 nos

1974 1288 2003 1318 α
2044 1267 2387 1339 aliquando,
2413 1286 2573 1323 nunc
2596 1270 2882 1342 prmdicat
2903 1270 3103 1341 fidem,
3125 1288 3307 1342 quam
3322 1273 3624 1343 quondam

1975 1377 2005 1407 ‹‹
2036 1356 2412 1430 expugnabat
2438 1373 2451 1412 :
2484 1362 2542 1413 et
2570 1358 2633 1412 in
2657 1375 2751 1414 me
2780 1358 3411 1432 glorificabantDeum.
3449 1384 3477 1412 ››

1978 1448 1985 1453 ’
2043 1446 2186 1501 Dico
2218 1446 2381 1501 vobis
2411 1463 2611 1503 coram
2644 1449 2761 1503 Deo
2785 1449 2944 1520 quod
2966 1466 3088 1505 non
3129 1450 3406 1506 mentiar.
3449 1451 3622 1507 Vides

1975 1539 2267 1606 quantum
2290 1553 2396 1607 pro
2426 1536 2539 1592 hoc
2598 1536 2861 1593 decertet
2914 1555 3188 1594 sermone
3215 1537 3243 1593 ‘2
3281 1539 3620 1595 Periculum

1975 1624 2135 1679 enim
2167 1631 2293 1680 erat
2322 1643 2396 1682 ne
2426 1626 2541 1681 fide
2572 1627 2785 1700 dignus
2810 1645 2930 1684 non
2962 1634 3120 1684 esset
3145 1629 3220 1684 ad
3250 1628 3624 1700 praedicatio-

1971 1731 2134 1779 nem,
2170 1715 2339 1786 quasi
2386 1716 2695 1773 hominum
2726 1723 2797 1776 et,
2841 1735 2964 1773 non
3021 1718 3237 1774 Christi
3294 1718 3624 1790 discipulus

206 1801 281 1857 τὰ
337 1801 582 1875 κλίματα
640 1812 740 1875 τῆς
797 1805 1019 1881 Συρίας.
1061 1830 1080 1857 ι
1137 1807 1288 1864 Μετᾶ
1326 1807 1388 1861 τὸ
1445 1803 1580 1861 ἰδεῖν
1639 1806 1860 1879 Πὲτρον,

1974 1803 2204 1858 fuisset.
2238 1826 2265 1853 «
2312 1805 2374 1859 In
2405 1810 2602 1876 partes
2635 1806 2834 1876 Syria).
2872 1828 2900 1855 ››
2947 1807 3055 1861 Ubi
3086 1808 3327 1863 Petrum
3355 1807 3619 1875 vidisset,

211 1889 383 1946 πάλιν
416 1892 600 1967 εἶχετο
627 1901 730 1964 τῆς
762 1895 900 1971 πρὸς
918 1897 984 1950 τά
1012 1891 1138 1966 ἔθνη
1171 1892 1321 1952 ὁδοῦ.
1384 1895 1526 1970 Πρὸς
1576 1895 1643 1950 τὰ
1701 1893 1863 1968 μὲρη,

214 1982 374 2060 φησὶ,
433 1983 631 2058 Συρίας
683 1983 773 2038 καὶ
825 1983 1098 2047 Κιλικίας·
1188 1984 1326 2062 πρὸς
1402 1984 1537 2040 αὐτὰ
1595 1984 1699 2062 γὰρ
1757 1981 1859 2039 ἅπ-

211 2068 464 2128 ἐσταλτο.
501 2096 528 2123 ι(
560 2074 747 2146 ’Ἡμην
780 2069 836 2128 δὲ
866 2072 1251 2150 ἅγνοούμενος.
1288 2098 1317 2127 ››
1348 2076 1643 2143 Τοσοῦτον,
1676 2074 1863 2151 φησὶν,

210 2161 315 2218 οὐκ
366 2162 600 2239 ἐκήρυξα
680 2169 797 2226 τοῖς
853 2164 914 2220 ἐκ
969 2173 1277 2241 περιτομῆς
1345 2166 1748 2234 πεπιστευκόσι,
1799 2165 1862 2219 τὸ

212 2247 326 2306 δεῖν
377 2252 719 2327 περίτὲμνειν
776 2258 957 2327 (τοῦτο
1017 2256 1124 2332 γάρ
1183 2256 1233 2310 οἱ
1304 2249 1697 2318 διαϐάλλοντες
1754 2252 1868 2308 ἕλε-

215 2360 338 2415 γον,
395 2340 480 2395 δτι
538 2345 653 2403 τοῖς
712 2340 763 2412 ἐξ
820 2340 1106 2400 Ἰουδαίων
1163 2343 1499 2411 πιστεύουσι,
1556 2345 1864 2418 περιτομήν

219 2428 521 2504 κηρ·3σσει)·
580 2429 837 2486 τοσοῦτον
901 2430 1017 2502 οῦν,
1075 2432 1267 2508 φησὶν,
1315 2432 1413 2487 οὐκ
1468 2432 1718 2507 ἑκήρυξα,
1780 2433 1865 2487 ὅτι

218 2518 309 2573 καὶ
332 2517 565 2593 ἠγνόουν
595 2540 700 2593 μου
732 2520 795 2574 τὸ
836 2520 1154 2596 πρόσωπον.
1188 2553 1257 2564 --
1285 2522 1354 2577 Ἤ
1404 2521 1597 2583 οὕτως.
1660 2522 1864 2595 [ΦΩΤ.]

221 2607 373 2681 Παρᾶ
425 2607 633 2676 Ηέτρου
686 2608 790 2662 οὐκ
820 2605 1042 2682 ἔμαθονο
1093 2608 1257 2683 μόνον
1300 2605 1442 2664 εἶδον
1499 2608 1680 2665 αὐτόν.
1715 2607 1864 2681 Παρὰ

221 2688 484 2749 Ἰακώϐου
507 2695 607 2750 οὐκ
625 2693 846 2769 ἔμαθον·
867 2698 1116 2752 κάκεῖνον
1136 2697 1239 2774 γὰρ
1265 2698 1429 2771 μόνον
1456 2695 1621 2753 εἶδον.
1654 2695 1863 2753 ’ΛλΛον

225 2788 335 2838 τῶν
362 2785 679 2841 ἆποστοΛων
708 2786 808 2842 οὐκ
837 2785 1005 2845 εἶδον.
1035 2786 1214 2853 Ἀλλὰ
1245 2789 1321 2862 μὴ
1353 2787 1460 2844 ἀπό
1490 2809 1638 2850 τινος
1681 2786 1864 2861 ἐτέρου

227 2873 602 2949 ταπεινοτέρου
662 2878 752 2931 καὶ
810 2876 917 2952 οὐχ
973 2876 1146 2939 οὕτως
1203 2876 1471 2951 ὲπιςήμου
1518 2877 1862 2953 προσώπου;

224 2963 321 3017 Καὶ
379 2969 497 3028 πῶς
550 2970 714 3020 τοῦτο
773 2967 959 3041 χώραν
1013 2960 1152 3041 ἔχει,
1222 2972 1377 3040 μθεῖν
1436 2967 1489 3039 ἐξ
1534 2967 1778 3034 ἐκείνων,
1810 2966 1865 3021 οἲ

217 3049 343 3107 οὐδὲ
372 3053 435 3108 τὸ
467 3053 761 3130 πρόσωπόν
797 3076 903 3127 μου
932 3056 1232 3131 ἑωράκασιν
1266 3074 1280 3125 ;
1334 3058 1735 3131 Ἀγνοούμενος
1762 3057 1863 3132 γὰρ

210 3141 365 3215 ἤμην
395 3146 474 3214 τῷ
531 3144 831 3218 προσώπῳ,
882 3150 1002 3207 ταῖς
1034 3144 1087 3199 ἐν
1128 3148 1345 3219 Χριστῷ
1377 3144 1725 3213 Ἐκκλησίαις
1756 3152 1856 3216 τῆς

206 3228 495 3292 Ἰουδαίας.
536 3233 605 3289 Οἱ
634 3233 738 3308 γάρ
771 3232 960 3288 λοιποὶ
1020 3231 1234 3290 ἐδέοντο
1293 3231 1670 3304 διδασκαλίας,
1729 3233 1858 3290 ἀλλ’

210 3321 313 3377 οὐκ
356 3319 662 3379 ἐδίδασκον.
712 3323 948 3394 Οὐκοῦν,
1007 3325 1110 3380 οὑκ
1149 3326 1240 3379 ἀπ’
1291 3324 1576 3400 ἀνθρώπου
1631 3323 1857 3399 ἔμαθον.

210 3435 239 3462 ‹‹
270 3412 402 3473 Ταῖς
437 3410 790 3480 Ἐκκλησίαις
820 3416 921 3478 τῆς
967 3411 1253 3475 Ἰουδαίας.
1285 3436 1313 3466 ›ι
1373 3418 1504 3475 Ταῖς
1562 3411 1699 3493 ὄίμφὶ
1756 3415 1857 3483 τὴν

207 3499 405 3574 Συρίαν
439 3500 523 3555 καὶ
587 3498 841 3556 Κιλικίαν
904 3499 1272 3575 διακειμὸναις
1323 3501 1681 3573 Ἐκκλησίας,
1736 3509 1856 3567 ταῖς

208 3587 261 3658 ἐξ
291 3585 570 3643 Ἰουδαίων
605 3588 1019 3665 ἐπιστρεψάσαις
1052 3592 1186 3666 πρὸς
1244 3592 1339 3647 τὸν
1404 3591 1621 3667 Κύριον.
1679 3594 1858 3649 Τοῦτο

209 3676 315 3752 γὰρ
348 3674 515 3747 δηλοῖ
566 3679 649 3745 τὸ,
696 3701 724 3730 ‹‹
759 3680 845 3733 Ἐν
876 3682 1111 3752 Χριστῷ.
1146 3704 1173 3733 ››
1204 3713 1276 3722 —
1336 3706 1362 3732 ‹‹
1400 3681 1494 3735 Καὶ
1526 3678 1774 3751 ἐδόξαζον
1804 3679 1857 3736 ἐν

211 3764 337 3840 ἐμοὶ
370 3766 461 3822 τὸν
492 3766 645 3826 Θεόν,
678 3790 707 3819 ››
763 3768 874 3823 Οὐκ
902 3768 1070 3836 εἶπεν,
1135 3769 1424 3843 Ἐπῄνουν,
1456 3769 1515 3839 ἢ,
1573 3768 1858 3841 Ἐδόξαζόν

220 3876 288 3927 με
316 3851 483 3922 ἄλλα,
542 3881 570 3908 ι(
602 3858 710 3914 Τὸν
750 3858 904 3927 Θεὸν,
960 3859 1147 3933 φησὶν,
1196 3856 1467 3929 ἐδόξαζον.
1499 3883 1527 3911 ››
1558 3859 1729 3916 ’Όλον
1758 3860 1860 3936 γὰρ

214 3942 278 3998 τὸ
324 3945 441 3998 κατ’
487 3942 606 4018 ἐμὲ,
661 3945 818 4022 φησὶ,
849 3952 947 4015 τῆς
981 3946 1209 4025 χάριτος
1264 3953 1333 4016 ἦν
1363 3953 1460 4002 τοῦ
1518 3951 1675 4002 Θεοῦ.
1714 3969 1736 3998 ι
1768 3949 1857 4003 Ἐν

214 4028 362 4104 ἐμοὶ,
399 4056 425 4083 n
474 4032 740 4101 τουτέστι,
795 4035 873 4089 Δι’
920 4034 1038 4108 ἐμὲ.
1099 4059 1126 4087 ‹‹
1163 4032 1445 4107 Ἐδόξαζον
1494 4034 1549 4089 ἐν
1600 4034 1723 4108 ἐμοὶ
1766 4035 1857 4089 τὸν

235 4124 387 4196 Θεὸν,
420 4148 448 4176 ››
479 4124 607 4199 οὐχὶ
647 4127 740 4180 τὸν
773 4124 943 4181 δεῖναι
973 4126 1009 4196 ἢ
1038 4128 1132 4183 τὸν
1178 4124 1325 4181 δεῖνα
1355 4124 1704 4196 διδάσκαλον,
1732 4124 1860 4182 ἀλλ’

218 4210 380 4267 αὐτὸν
409 4213 499 4267 τὸν
531 4215 682 4270 Θεόν.
743 4214 916 4277 Αὐτὸς
973 4218 1040 4285 ἦν
1101 4216 1128 4271 ὁ
1175 4214 1531 4290 ἃποκαλύψας
1590 4214 1739 4289 ἐμοὶ,
1769 4217 1859 4270 καὶ

215 4299 429 4376 διδάξας
456 4304 518 4360 τὸ
540 4307 607 4377 κή
620 4325 719 4381 ρυγ
730 4326 827 4378 μα.

839 4399 1098 4453 ΚΕΦΑΛ.
1142 4397 1220 4453 Β“.

216 4480 342 4556 Περὶ
399 4489 501 4554 τῆς
551 4488 658 4539 τῶν
716 4482 1036 4560 ἂποστόλων
1083 4485 1572 4560 ὲπιμαρτυρήσεως
1627 4484 1703 4548 εἰς
1757 4485 1856 4555 τὴν

783 4556 838 4611 ἐν
878 4577 1056 4612 πιστει
1121 4556 1290 4627 ζωὴν.

283 4663 511 4719 Ἔπειτα
568 4660 658 4720 διὰ
726 4663 1127 4740 δεκατεσσάρων
1207 4664 1365 4735 ἐτῶν,
1433 4666 1599 4721 πάλιν
1659 4661 1854 4736 ἃνέὅην

213 4750 289 4813 εἰς
367 4751 726 4827 Ἰεροσόλυμα
812 4755 946 4827 μετὰ
1066 4749 1332 4830 Βαρνάϐα,
1410 4749 1856 4830 συμπαραλαϐὼν

210 4838 299 4893 καὶ
361 4839 524 4897 Τίτον
569 4886 582 4900 .
655 4838 888 4913 ’Λνέἕην
978 4842 1037 4898 δὲ
1120 4844 1258 4899 κατὰ
1322 4841 1667 4917 ἂποκάλυψιν
1700 4891 1716 4912 ,
1766 4843 1857 4899 καὶ

214 4931 477 5004 ἆνεθὲμην
547 4931 733 4995 αὐτοῖς
789 4934 852 4988 τὸ
911 4932 1246 5011 Εὑαγγὲλιον
1297 4934 1326 4989 ’ὁ
1356 4934 1613 5008 κηρύσσω
1658 4934 1711 4989 ὲν
1740 4938 1857 4996 τοῖς

211 5015 382 5083 ἔθνεσι
416 5065 429 5078 .
490 5023 623 5076 Κατ’
685 5018 821 5077 ἰδίαν
882 5019 939 5076 δὲ
983 5028 1099 5083 τοῖς
1157 5019 1416 5090 δοκοῦσι,
1481 5026 1556 5096 μή
1608 5045 1727 5088 πως
1780 5024 1855 5087 εἷς

212 5109 365 5165 κενὸν
420 5109 650 5185 τρέχων,
710 5109 746 5181 ἢ
803 5107 1059 5187 ἔδραμον.
1120 5112 1279 5169 Ἀλλ’
1337 5109 1461 5167 οὐδὲ
1504 5111 1662 5175 Τίτος
1701 5114 1729 5167 ὁ
1762 5113 1856 5169 σύν

216 5197 341 5272 ἐμοὶ
369 5196 584 5269 Ἕλλην
618 5196 717 5271 ὥν,
745 5201 1061 5276 ἠναγκάσθη
1089 5203 1515 5277 περιτμηθῆναι.

284 5379 399 5434 T03
462 5381 556 5453 μὲν
627 5381 689 5436 τὸ
746 5399 964 5455 πρωτον
1014 5379 1278 5450 ἃνελθεῖν,
1338 5381 1540 5456 Πέτρον
1590 5382 1708 5437 εἷπε
1757 5384 1858 5453 τὴν

216 5465 414 5521 αἰτίαν·
446 5473 542 5523 τοῦ
574 5466 632 5524 δὲ
679 5470 741 5524 τὸ
801 5466 1073 5545 δεύτερον,
1104 5472 1205 5541 τὴν
1247 5470 1612 5544 ἂπθκαλυψιν.
1651 5493 1680 5522 ι(
1709 5471 1860 5528 Μετὰ

215 5549 466 5631 Βαρνάϐα
523 5552 968 5633 συμπαραλαϐὼν
1023 5561 1112 5614 καὶ
1170 5559 1416 5616 Τίτον.»
1473 5558 1714 5621 Τούτους
1766 5557 1860 5615 ἐπ-

780 5647 809 5664 ’·
843 5646 858 5663 θ

217 5641 375 5719 ἤγετδ
410 5646 685 5721 μάρτυρας
714 5647 809 5700 τἰῦ
843 5643 985 5701 ἰδίου
1042 5647 1415 5724 κηρύγματος.
1478 5669 1501 5702 α
1534 5641 1766 5719 Ἀνέϐην
1803 5643 1862 5702 δὲ

1975 1909 2215 1946 rursum
2245 1893 2319 1947 ad
2349 1899 2552 1965 gentes
2601 1895 3111 1966 proﬁciscebatur.
3153 1895 3241 1952 Ad
3271 1901 3491 1968 partes,
3524 1897 3621 1952 in-

1974 1980 2122 2050 quit,
2138 1980 2318 2052 Syrias
2341 1986 2398 2035 et
2413 1981 2664 2038 Ciliciaa:
2699 1999 2838 2038 nam
2859 1982 3107 2055 adipsas
3153 1985 3369 2039 missus
3404 1985 3616 2040 fuerat.

1976 2069 2132 2124 724
2161 2092 2188 2119 «
2223 2071 2397 2125 Eram
2429 2077 2628 2126 autem
2660 2071 2915 2142 ignotus.
2952 2094 2980 2121 ››
3010 2071 3195 2141 Adeo,
3228 2073 3445 2144 inquit,
3497 2090 3619 2128 non

1973 2160 2286 2232 prmdicavi
2317 2162 2408 2217 his
2456 2162 2557 2232 qui
2606 2163 2678 2219 de
2736 2163 3186 2220 circumcisione
3247 2164 3623 2220 crediderant

1973 2251 2132 2321 quod
2162 2256 2462 2322 oporteret
2492 2251 2840 2307 circumcidi
2870 2254 3033 2324 (nam
3073 2254 3183 2308 hoc
3213 2253 3493 2309 dicebant
3521 2270 3620 2309 ca-

1972 2337 2364 2395 lumniatores
2393 2340 2550 2412 quod
2581 2340 2963 2397 credentibus
2992 2359 3063 2397 ex
3090 2342 3307 2397 Iudaeis
3364 2342 3623 2399 circum-

1972 2428 2261 2485 cisionem
2289 2430 2686 2504 praedicaret,)
2718 2430 2866 2486 adeo
2906 2431 3087 2503 igitur
3121 2449 3242 2487 non
3283 2432 3620 2504 praedicavi,

1972 2516 2188 2587 inquit,
2213 2535 2348 2573 cum
2380 2536 2573 2590 neque
2604 2536 2698 2574 me
2748 2520 2818 2575 de
2875 2519 3024 2575 facie
3083 2526 3387 2576 noverant.
3415 2553 3485 2561 —
3508 2523 3624 2576 Aut

1973 2605 2072 2661 hoc
2101 2607 2282 2662 modo.
2324 2609 2371 2662 Α
2401 2610 2574 2663 Petro
2603 2624 2722 2662 non
2777 2607 2978 2677 didici,
3014 2608 3117 2663 sed
3147 2609 3343 2681 ipsum
3387 2614 3620 2665 tantum

1972 2695 2127 2762 vidi;
2161 2696 2434 2752 alacobo
2474 2714 2593 2751 non
2622 2696 2823 2762 didici,
2883 2714 3023 2752 nam
3064 2704 3123 2752 et
3169 2698 3365 2769 ipsum
3424 2698 3619 2754 solum

1971 2784 2108 2840 vidi.
2145 2785 2341 2840 Alium
2373 2804 2444 2840 ex
2476 2787 2779 2858 apostolis,
2813 2803 2889 2841 ne
2918 2785 3035 2841 vidi
3067 2786 3329 2857 quidem.
3370 2789 3446 2842 At
3474 2804 3618 2843 num

1972 2873 2044 2928 ab
2076 2873 2192 2929 alio
2225 2874 2424 2946 aliquo
2459 2875 2775 2931 humiliore
2804 2881 2862 2930 et
2914 2892 3036 2931 non
3094 2874 3240 2931 adeo
3301 2877 3516 2948 insigni
3549 2894 3621 2933 ex

1972 2979 2241 3034 personae
2272 2962 2558 3035 aspectu?
2580 2965 2649 3017 Et
2677 2962 2974 3035 quomodo
3005 2965 3116 3019 hoc
3145 2963 3343 3020 locum
3375 2964 3623 3021 haberet

1971 3057 2037 3107 ut
2064 3051 2135 3106 ab
2168 3052 2302 3107 aliis
2333 3052 2695 3121 didicissem,
2731 3053 2832 3123 qui
2863 3069 3057 3124 neque
3090 3070 3284 3109 meam
3305 3054 3519 3110 faciem
3543 3055 3622 3109 vi-

1972 3140 2228 3195 derant?
2273 3142 2420 3195 Nam
2464 3140 2701 3211 ignotus
2724 3157 2885 3196 eram
2900 3143 3073 3213 juxta
3100 3141 3313 3197 faciem
3340 3143 3618 3199 Ecclesiis

1966 3231 2181 3287 Judaaaa
2215 3249 2347 3303 quas
2379 3237 2551 3287 erant
2579 3232 2639 3286 in
2670 3233 2900 3288 Christo
2926 3235 3158 3289 :caateri
3183 3250 3315 3289 vero
3348 3233 3619 3291 doctrina

1967 3321 2238 3394 egebant,
2263 3338 2385 3376 non
2416 3320 2731 3377 docebant.
2771 3323 3159 3395 Nequaquam
3207 3322 3386 3395 igitur
3416 3323 3488 3379 ab
3517 3324 3618 3378 ho-

1966 3410 2127 3466 mine
2150 3409 2351 3465 didici.
2376 3432 2404 3460 »
2436 3410 2715 3466 Ecclesiis
2730 3411 2966 3467 Judmae.
2992 3434 3021 3462 ››
3047 3413 3184 3477 Qum
3207 3413 3365 3468 circa
3389 3412 3616 3483 Syriam

1967 3505 2025 3554 et
2051 3499 2317 3556 Ciliciam
2349 3499 2475 3554 sitae
2500 3504 2669 3554 erant
2693 3502 3199 3574 congregationes,
3246 3519 3377 3573 qum
3410 3518 3482 3557 ex
3517 3503 3619 3558 Ju-

1965 3589 2107 3643 dmis
2138 3605 2435 3644 conversa
2460 3594 2632 3644 erant
2681 3589 2751 3645 ad
2784 3589 3117 3657 Dominum,
3178 3591 3289 3646 hoc
3319 3596 3410 3647 est
3454 3592 3615 3648 enim

1963 3678 2124 3749 quod
2154 3679 2316 3734 addit
2348 3696 2360 3734 :
2407 3700 2432 3728 «
2466 3679 2602 3743 Qua)
2661 3685 2830 3735 erant
2856 3680 2917 3734 in
2950 3679 3200 3736 Christo.
3235 3702 3263 3729 ››
3297 3712 3361 3721 -
3384 3704 3413 3731 ιι
3453 3682 3524 3735 Ει
3552 3681 3616 3736 in

1963 3784 2059 3822 me
2089 3767 2501 3839 gloriﬁcabant
2529 3767 2733 3823 Deum.
2770 3800 2792 3822 υ
2850 3770 2975 3822 Non
3027 3768 3192 3838 dixit,
3249 3768 3611 3839 Laudabant,

1964 3862 2084 3924 aut,
2110 3856 2534 3911 Cloriﬁcabant
2561 3873 2692 3924 me;
2749 3855 2873 3918 sed.
2915 3880 2941 3906 α
2975 3857 3183 3926 Deum,
3239 3856 3455 3927 inquit,
3487 3857 3611 3927 glo-

1965 3945 2260 4012 ﬁcabant;
2298 3968 2324 3993 ››
2360 3945 2647 4016 quidquid
2679 3946 2837 4000 enim
2869 3946 2930 3999 in
2954 3962 3048 4000 me
3074 3946 3376 4014 agebatur,
3408 3945 3611 4017 gratim

1965 4034 2068 4089 Dei
2100 4039 2244 4089 erat.
2286 4054 2307 4081 σι
2340 4035 2405 4087 In
2432 4049 2547 4102 me,
2586 4056 2612 4082 ››
2645 4034 2758 4089 hoc
2791 4040 2898 4097 est,
2932 4040 3175 4106 propter
3211 4051 3326 4089 me.
3361 4057 3387 4084 «
3422 4034 3615 4089 Glori—

1966 4122 2305 4177 ﬁcabantin
2336 4139 2431 4177 me
2467 4124 2672 4189 Deum,
2704 4140 2826 4179 non
2886 4124 3042 4179 hunc
3101 4130 3204 4179 aut
3261 4123 3431 4180 illum
3464 4141 3617 4197 pras-

1967 4215 2287 4282 ceptorem,
2323 4211 2429 4266 sed
2470 4211 2668 4283 ipsum
2693 4212 2899 4268 Deum.
2947 4212 3251 4283 Siquidem
3298 4214 3424 4286 ipse
3473 4212 3621 4269 mihi

1966 4298 2351 4367 revelaverat,
2378 4316 2593 4371 meque
2623 4300 2911 4357 docuerat
2936 4300 3443 4373 praedicationem.

2617 4400 2847 4455 CAPUT
2899 4401 2971 4454 ΙΙ.

1972 4488 2043 4543 De
2057 4487 2425 4558 productione
2484 4488 2857 4559 apostolorum
2886 4491 2941 4544 in
2969 4494 3122 4545 testes
3169 4506 3279 4560 pro
3337 4491 3451 4545 vita
3504 4505 3625 4559 qua

2591 4566 2669 4614 est
2689 4577 2796 4630 per
2819 4561 3001 4631 ﬁdem.

2040 4667 2115 4733 II,
2144 4665 2251 4721 1-3.
2275 4689 2301 4717 ‹‹
2320 4665 2543 4721 Deinde
2562 4672 2899 4737 postannos
2918 4667 3368 4739 quatuordecim
3382 4683 3621 4723 rursum

1968 4780 1995 4807 ι(
2020 4755 2262 4812 ascendi
2279 4757 2749 4827 Hierosolymam
2766 4775 2897 4812 cum
2915 4757 3202 4824 Barnaba,
3226 4763 3530 4830 assumpto
3551 4756 3623 4812 si-

1969 4869 1995 4898 «
2023 4845 2145 4900 mul
2170 4850 2228 4899 et
2250 4844 2396 4898 Tito.
2417 4845 2671 4899 Ascendi
2694 4846 3076 4917 autemjuxta
3097 4847 3543 4908 revelationem.
3563 4852 3621 4902 et

1969 4958 1995 4986 ‹‹
2017 4933 2238 4990 contuli
2259 4949 2393 4988 cum
2419 4933 2538 4988 illis
2564 4934 2949 5007 Evangelium
2988 4936 3146 5006 quod
3187 4936 3442 5008 praedico
3464 4937 3622 4991 inter

1969 5029 2246 5096 «gentes,
2280 5021 2385 5077 sed
2432 5023 2705 5093 privatim
2742 5040 2878 5078 cum
2904 5024 2978 5078 iis
3003 5024 3104 5095 qui
3120 5025 3363 5079 erantin
3387 5025 3577 5096 pretio
3608 5040 3620 5077 :

1969 5137 1997 5165 ι(
2030 5128 2175 5167 num
2199 5112 2494 5182 quomodo
2526 5112 2588 5166 in
2621 5129 2833 5168 vanum
2868 5130 3169 5168 currerem
3202 5119 3304 5168 aut
3353 5111 3623 5167 cucurri-

1970 5226 1997 5253 ‹‹
2031 5217 2175 5256 sem.
2205 5199 2318 5255 Sed
2339 5216 2533 5270 neque
2560 5201 2724 5257 Titus
2746 5203 2846 5273 qui
2876 5218 3110 5258 mecum
3142 5207 3288 5269 erat,
3310 5217 3444 5256 cum
3469 5206 3627 5256 esset

1969 5317 1996 5344 ‹‹
2024 5292 2283 5359 Grmcus,
2316 5291 2660 5361 compulsus
2692 5291 2803 5346 fuit
2831 5290 3197 5346 circumcidi.

2046 5380 2193 5436 725
2241 5378 2405 5443 Quod
2435 5380 2695 5451 primum
2727 5379 2968 5450 quidem
3002 5378 3359 5444 ascenderit,
3386 5380 3626 5435 Petrum

1970 5471 2032 5525 in
2056 5484 2297 5525 causam
2312 5467 2494 5524 fuisse
2512 5469 2686 5524 dixit:
2715 5469 2874 5540 quod
2895 5475 3095 5525 autem
3113 5468 3394 5535 secundo,
3409 5468 3628 5525 revela-

1971 5561 2217 5615 tionem.
2247 5579 2274 5608 ‹‹
2307 5558 2449 5612 Cum
2492 5559 2758 5615 Barnaba
2782 5566 3089 5632 assumpto
3122 5558 3301 5615 simul
3332 5563 3391 5614 et
3417 5558 3564 5614 Tito.
3588 5561 3628 5610 ⁴››

1972 5650 2084 5704 llos
2111 5663 2308 5702 secum
2332 5646 2781 5703 ducebattestes
2806 5666 2928 5703 sum
2959 5647 3422 5721 prmdicationis.
3457 5671 3486 5697 «
3520 5652 3624 5723 As-
