4048 6250
300 270 335 330 1
360 271 476 333 105
1400 270 1808 334 COMMENT.
1856 270 1904 330 Il

2014 269 2226 330 lPIST.
2266 272 2369 331 AD
2416 271 2700 333 GALAT.
3564 278 3717 341 1106

295 402 519 466 πάθους
554 404 740 467 αὐτοῖς
772 402 1242 479 ἐνστηριχθέντος,
1276 404 1422 461 ἀλλὰ
1450 402 1540 459 καὶ
1569 401 1695 465 τοὺς
1726 400 1901 471 πλησί

2014 420 2042 482 Α,
2080 402 2366 460 falsorum
2392 403 2639 460 fratrum
2664 406 2692 460 ?
2721 409 2919 478 Neque
2951 407 3122 464 illum
3152 416 3393 482 propter
3420 412 3578 484 ipsos
3609 414 3725 470 cir-

300 498 541 564 ζητοῦσι
571 501 674 563 τῆς
706 494 908 556 οἰκείας
937 494 1094 549 νόσου
1120 494 1453 561 ἀναπλῆσαι.
1471 494 1585 565 Διὸ,
1619 517 1647 546 ‹‹
1672 490 1812 551 Οὖδέ
1834 511 1904 566 πρ

2081 493 2381 549 cumcidit.
2416 494 2675 551 Minime.
2719 496 2830 551 Sed
2887 503 2951 551 ut
3008 497 3145 553 illos
3196 498 3574 558 lucrifaceret
3624 504 3725 576 qui

306 581 460 656 ὥραν
491 581 677 644 αὐτοῖς
711 583 950 657 ε”ξαμεν,
982 584 1071 638 καὶ
1103 584 1131 638 ὁ
1176 586 1319 647 θεῖος
1352 584 1706 661 ἀποφαίνεται
1727 579 1904 637 Παῦλε

2080 582 2428 638 inﬁrmitate
2455 585 2928 641 offendehantur.
2965 587 3221 643 Infirmis
3254 590 3547 660 siquidem
3580 609 3727 648 con—

305 673 681 729 descendere
714 676 1027 746 oportetin
1059 676 1189 730 miti
1222 676 1455 731 medela
1473 673 1839 748 mgritudinis
1866 689 1878 727 :
1911 671 2004 726 his
2034 687 2168 727 vero
2201 673 2298 743 qui
2333 690 2405 728 ex
2427 675 2580 729 malo
2613 681 2825 730 conatu
2847 693 3142 748 pravaque
3174 685 3373 734 mente
3399 697 3527 736 rem
3558 682 3726 737 insti-

301 767 505 831 tuunt,
526 780 599 819 ne
632 765 695 819 in
728 765 978 819 minimo
1003 765 1244 836 quidem
1281 765 1511 821 cedere.
1544 765 1687 820 Nam
1719 762 1781 817 hi
1810 779 1929 817 non
1950 760 2141 816 solum
2167 762 2461 819 medelam
2494 781 2614 820 non
2639 770 2922 836 expetunt
2951 782 3085 821 cum
3112 769 3295 841 magis
3337 769 3397 824 in
3421 771 3578 825 malo
3617 772 3720 827 fir-

298 858 494 907 matus
537 853 613 906 sit
642 854 787 925 ipsis
818 855 1068 909 affectus
1102 871 1280 925 quam
1304 859 1374 910 ut
1402 853 1586 909 ullam
1617 852 1892 908 admittat
1920 865 2144 917 curam,
2164 867 2365 906 verum
2399 852 2577 907 etiam
2608 854 2907 924 proximos
2937 856 3185 926 cupiunt
3219 858 3457 929 proprio
3486 860 3719 932 replere

295 942 535 997 morbo.
571 942 730 1009 Ideo,
773 964 799 992 «
834 944 914 998 Ne
937 943 1013 998 ad
1044 944 1251 998 horam
1285 943 1526 1015 quidem
1557 942 1843 998 cessimus
1868 939 2012 1011 ipsis
2046 955 2059 1005 ;
2096 962 2116 990 ι
2156 944 2215 995 et
2238 941 2595 997 sententiam
2626 942 2783 997 hanc
2815 943 3078 1015 loquitur
3103 945 3270 1000 divus
3326 947 3566 1003 Paulus.

378 1030 474 1085 Διά
573 1026 628 1083 δὲ
714 1028 840 1091 τοὺς
898 1029 1290 1105 παρεισάκτους
1374 1027 1783 1107 ψευδαδέλφους
1868 1029 1904 1082 ο⁶

2140 1029 2211 1091 Il,
2242 1031 2293 1095 4,
2320 1032 2369 1083 5.
2405 1053 2431 1078 ‹‹
2456 1030 2568 1085 Sed
2600 1037 2840 1103 propter
2868 1032 3059 1088 obiter
3086 1035 3380 1107 ingressos
3399 1036 3578 1093 falsos
3599 1037 3714 1095 fra-

289 1138 438 1181 τινες
500 1117 873 1192 παρεισῆλθον
960 1126 1373 1189 κατασκοπῆσαι
1460 1121 1559 1188 τὴν
1650 1118 1904 1192 ίιλευθερίι

2072 1140 2099 1165 ‹‹
2125 1123 2268 1186 tres,
2303 1119 2402 1190 qui
2434 1119 2902 1176 subintroierant
2932 1121 3005 1176 ad
3029 1123 3449 1195 explorandam
3471 1126 3716 1185 liberta-

291 1207 479 1279 ἡμῶν,
516 1205 582 1277 ἤν
621 1205 823 1287 ἔχομεν
857 1207 909 1262 ἐν
937 1211 1152 1284 Χριστῷ
1202 1211 1403 1279 Ἰησοῦ,
1458 1210 1550 1263 ’ἱνα
1607 1210 1754 1281 ἡμᾶς
1793 1228 1904 1262 κατι

2070 1228 2097 1254 ‹‹
2129 1212 2249 1263 tem
2281 1213 2748 1280 nostram,quam
2780 1209 3068 1266 habemus
3098 1212 3158 1266 in
3180 1212 3408 1268 Christo
3437 1214 3716 1287 Jesu,quo

292 1292 711 1363 δουλώσωνται,
772 1298 853 1358 οἷς
908 1294 1034 1353 ουδὲ
1090 1299 1225 1371 πρὸς
1278 1298 1424 1372 ὥραν
1465 1295 1677 1370 εἴξαμεν
1717 1299 1784 1370 τῇ
1819 1295 1904 1351 ὗπι

2066 1321 2092 1347 ‹‹
2126 1300 2306 1354 nosin
2340 1300 2679 1355 servitutem
2703 1300 3294 1374 adigerent.Quorum
3315 1321 3389 1359 ne
3417 1304 3491 1361 ad
3507 1306 3715 1364 horam

287 1388 459 1459 ταγῇ,
494 1384 588 1440 ’ἕνα
617 1389 651 1457 ἡ
687 1385 923 1457 ἀλήθεια
957 1392 1054 1442 τοῦ
1112 1384 1449 1463 Εὔαγγελίου
1509 1385 1763 1460 διαμείνῃ
1812 1385 1904 1459 πρε

2063 1410 2091 1437 ‹‹
2124 1388 2364 1458 quidem
2395 1390 2678 1445 cessimus
2708 1390 3158 1462 subjectioni,ut
3177 1393 3392 1449 veritas
3415 1395 3712 1468 Evangelii

292 1475 460 1547 ὑμᾶς.

2060 1500 2086 1525 ‹‹
2120 1484 2498 1548 permaneret
2528 1478 2684 1549 apud
2712 1496 2832 1533 vos.
2858 1501 2885 1528 »

364 1561 552 1620 ora"
657 1561 712 1619 8‘
791 1565 914 1619 ιε-
957 1562 1119 1621 an
1386 1572 1412 1583 ~
1713 1563 1727 1581 ε
1902 1566 1904 1581 '

417 1588 441 1618 δ
481 1585 505 1618 ε
534 1585 649 1619 επει
687 1588 721 1634 η
759 1586 784 1619 o
851 1587 950 1637 ψευ
990 1586 1082 1621 αοε
1126 1587 1219 1639 φοι
1267 1587 1538 1640 παρησαν,
1597 1585 1783 1643 φησιν,
1811 1565 1904 1634 ἠνο

2129 1567 2328 1638 Neque
2360 1582 2429 1621 eo
2470 1566 2627 1638 quod
2685 1568 2959 1623 adessent
3012 1570 3143 1625 falsi
3196 1570 3428 1638 fratres,
3489 1571 3549 1627 id
3598 1580 3704 1642 est,

289 1674 498 1728 γκασαν
543 1654 595 1707 οἱ
653 1653 955 1709 ἀπόστολοι
1011 1655 1164 1709 Τίτον
1221 1656 1641 1729 περιτμηθῆναι,
1690 1653 1823 1728 ’ὅπερ
1878 1654 1904 1722 ἦ

2058 1653 2177 1708 ficti
2211 1655 2548 1721 Christiani,
2580 1656 2997 1726 compulerunt
3026 1658 3276 1729 apostoli
3335 1661 3529 1718 Titum
3587 1663 3704 1718 cir—

289 1741 639 1818 δεῖγέ).α,τοῦ
685 1746 758 1816 μή
820 1748 1134 1816 νομοθετεῖν
1193 1744 1319 1806 τοὺς
1377 1743 1516 1822 ἀμφὶ
1577 1744 1774 1818 Πέτρον
1843 1743 1904 1809 τῆ

2014 1782 2021 1836 ,
2055 1744 2495 1816 cumcidi,quod
2528 1744 2761 1817 signum
2793 1752 2922 1802 erat
2949 1751 3185 1804 Petrum
3232 1766 3363 1804 cum
3425 1751 3547 1806 suis
3580 1770 3701 1809 non

284 1836 620 1908 περιτομήν.
655 1831 1033 1912 Ψευδάδελφοι
1085 1831 1141 1888 δὲ
1197 1834 1333 1903 ἧσάν
1392 1855 1534 1894 τινες
1578 1832 1629 1888 ἐν
1689 1834 1904 1909 σχήματ

2014 1831 2017 1836 ’
2052 1833 2282 1888 sancire
2315 1835 2850 1890 circumcisionem.
2892 1837 3047 1892 Falsi
3080 1842 3276 1894 autem
3292 1838 3502 1896 fratres
3532 1847 3704 1898 erant

278 1921 540 2003 ἀδελφῶν
609 1926 968 1998 Χριστιανῶν,
1032 1925 1335 1997 περιτομὴν
1390 1922 1774 1997 κηρύσσοντες,
1833 1919 1904 1995 οὒς

2048 1922 2292 1992 quidam
2326 1922 2388 1976 in
2419 1921 2625 1977 habitu
2656 1922 2903 1979 fratrum
2938 1926 3057 1980 sive
3087 1926 3555 1985 Christianorum
3586 1930 3704 1985 cir-

279 2014 358 2076 ὡς
384 2014 437 2067 οἱ
493 2012 616 2086 περὶ
688 2012 912 2087 Πέτρον,
975 2010 1064 2067 διὰ
1115 2007 1512 2085 συγκατάϐασιν
1569 2012 1659 2066 καὶ
1717 2011 1901 2066 οίκονο

2044 2011 2467 2066 cumcisionem
2513 2011 2940 2083 praedicantes:
2973 2030 3093 2068 non
3125 2015 3277 2070 sicut
3323 2017 3532 2072 Petrus
3563 2034 3698 2074 cum

284 2106 437 2177 μίαν,
470 2103 600 2160 ἀλλ’
642 2105 716 2165 ὡς
745 2104 914 2177 νόμον
948 2101 1285 2164 ἐκδικοῦντες
1316 2104 1379 2158 τὸ
1433 2107 1680 2176 πρᾶγμα.
1721 2100 1824 2158 Καὶ
1882 2122 1904 2156 ο

2042 2102 2272 2157 caeteris
2329 2109 2572 2176 propter
2628 2104 3195 2161 condescensionem
3255 2114 3312 2163 et
3376 2111 3696 2179 quamdam

281 2195 380 2268 μὲν
409 2192 732 2257 ἀπόστολοι,
768 2195 892 2269 παρ’
928 2190 1211 2255 Ἰουδαίοις
1242 2196 1405 2247 τοῦτο
1470 2190 1629 2264 μόνον
1691 2191 1904 2267 συνεχώ

2040 2188 2566 2261 diSpensationem,
2601 2194 2704 2248 sed
2737 2210 2861 2248 rem
2922 2199 3203 2265 tanquam
3263 2196 3453 2268 legem
3488 2198 3691 2255 defen-

279 2305 427 2357 ρουν,
461 2282 661 2337 ἐκεῖνοι
696 2279 752 2338 δὲ
780 2282 869 2336 καὶ
902 2280 952 2336 ἐν
991 2287 1109 2344 τοῖς
1164 2279 1336 2347 ἓθνεσι
1388 2282 1692 2356 περιτομὴν
1741 2278 1904 2354 ἐνομο

2039 2277 2264 2334 dentes.
2299 2281 2442 2337 ’τπῖ
2477 2283 2545 2334 Et
2574 2282 2824 2353 apostoli
2857 2283 3098 2353 quidem
3133 2283 3291 2356 apud
3311 2285 3543 2341 Judaaos
3576 2288 3688 2343 hoc

275 2372 486 2429 θέτουν.
520 2372 684 2427 Οὗτοι
710 2374 815 2446 γὰρ
844 2373 981 2441 ἦσαν
1034 2374 1087 2427 οἱ
1156 2371 1401 2431 Γαλάτας
1462 2365 1904 2449 δκιαθορυϐοὒντες

2038 2367 2230 2423 solum
2255 2369 2695 2439 permittebant,
2720 2371 2805 2425 illi
2839 2388 2973 2427 vero
3013 2373 3170 2427 inter
3199 2379 3403 2443 gentes
3453 2392 3689 2448 quoque

275 2460 419 2520 Οὐδὲ
448 2460 622 2516 αυτῶν
680 2461 796 2527 οὖν,
850 2462 1007 2538 φησὶ,
1066 2462 1363 2536 παρόντων,
1426 2462 1507 2522 οἷς
1565 2458 1717 2534 ἔργον
1775 2479 1927 2534 περι-

273 2553 452 2624 τομὴν
511 2551 825 2627 κηρύσσειν,
901 2551 1216 2625 ἠναγκάσθη
1276 2548 1443 2613 Τίτος
1501 2556 1924 2625 περιτμηθῆναι.

281 2665 309 2691 ‹‹
345 2639 553 2701 (finus;
582 2639 975 2715 παρεισῆλθον.
1014 2663 1040 2691 ››
1073 2640 1140 2696 Οἱ
1172 2636 1559 2713 ψευδάδελφοι,
1607 2639 1761 2715 φησί,
1821 2635 1924 2693 λα-

280 2731 476 2804 θραίως
525 2729 940 2807 παρεισὲδυσαν,
998 2733 1407 2800 κατασκοπῆσαι
1463 2733 1623 2802 ἡμῶν
1699 2733 1921 2799 ζητοῦν-

274 2822 484 2890 τιετήν
516 2819 566 2875 ἐν
620 2823 840 2893 Χριστῷ
891 2819 1218 2891 ἐλευθερίαν,
1266 2816 1359 2873 ἵνα
1416 2821 1564 2891 ἡμᾶς
1616 2818 1782 2873 πάλιν
1842 2823 1923 2891 τῷ

270 2913 419 2982 ζυγῷ
477 2914 574 2964 τοῦ
632 2908 810 2982 νόμου
873 2904 1215 2974 ὑποϐάλωσι,
1275 2907 1361 2962 καὶ
1422 2912 1540 2969 ταῖς
1596 2904 1922 2970 ’Ῑουδαῖκαῖς

269 3000 702 3072 παρατηρήσεσι.
737 3000 812 3057 Τὸ
842 2999 947 3073 γὰρ
983 3001 1057 3071 μὴ
1117 2999 1331 3060 τούτοις
1393 2998 1729 3069 ὑποκεῖσθαι,
1762 2996 1921 3053 ἐλευ-

266 3086 443 3160 θερίαν
474 3085 646 3161 λέγει.
677 3090 816 3161 Ὃρα
842 3084 899 3142 δὲ
929 3092 1045 3150 πῶς
1079 3082 1272 3158 ἔδειξεν
1328 3084 1524 3149 αὒτοὺς
1583 3085 1913 3160 πολεμίους,

2036 2457 2553 2513 circumcisionem
2579 2459 2706 2532 lege
2730 2459 3069 2517 statuebant
3101 2461 3187 2529 ;hi
3216 2463 3374 2517 enim
3401 2466 3685 2536 erantqui

2034 2545 2266 2601 Galatas
2298 2546 2632 2603 turbabant.
2664 2549 2866 2619 Neque
2914 2550 3007 2604 his
3065 2550 3244 2623 igitur
3272 2553 3686 2622 praesentibus,

2032 2633 2249 2706 inquit,
2281 2652 2533 2705 quorum
2559 2634 2821 2691 offlcium
2853 2643 2978 2692 erat
2998 2639 3515 2696 circumcisionem
3538 2659 3684 2713 pras-

2031 2722 2607 2797 dicare,fcompulsus
2638 2725 2751 2781 fuit
2776 2727 2936 2782 Titus
2969 2728 3336 2783 circumcidi.
3366 2751 3395 2778 «
3418 2730 3526 2795 Qui
3550 2730 3684 2787 sub-

2030 2813 2403 2869 introierant.
2435 2836 2462 2865 »
2500 2815 2673 2883 Falsi,
2707 2816 2923 2886 inquit,
2976 2817 3207 2885 fratres,
3242 2819 3395 2874 clam
3432 2820 3681 2892 irrepse-

2027 2910 2161 2958 rant
2189 2904 2496 2975 explorare
2520 2910 2855 2975 quaerentes
2884 2912 3145 2961 nostram
3171 2908 3230 2961 in
3247 2908 3474 2964 Christo
3506 2908 3682 2965 liber-4

2025 2997 2228 3058 tatem,
2286 2998 2349 3049 ut
2397 3010 2504 3048 nos
2564 3010 2798 3049 rursum
2851 2996 2995 3066 jugo
3053 2995 3199 3068 legis
3247 2996 3571 3053 subderent
3607 3015 3676 3055 ac

2024 3084 2282 3139 Judaicis
2314 3084 2844 3140 observationibus.
2882 3086 2980 3141 His
3012 3088 3170 3141 enim
3203 3104 3322 3142 non
3372 3089 3565 3151 subdi.
3599 3090 3670 3145 li-

257 3148 348 3231 xa'i
382 3176 469 3231 ἐπὶ
528 3148 681 3253 λύμῃ
740 3148 837 3246 τῆς
899 3176 1132 3239 πίστεως
1199 3175 1646 3245 εἰσεληλυθότας,
1693 3181 1904 3250 πρῶτον

2025 3173 2317 3229 bertatem
2356 3174 2518 3229 dicit.
2557 3174 2697 3230 Vide
2731 3180 2929 3230 autem
2961 3176 3257 3247 quomodo
3284 3177 3444 3248 ipsos
3474 3148 3672 3236 osten-

251 3270 338 3336 τῷ
358 3266 548 3335 εἰπεῖν,
583 3290 611 3318 ‹‹
646 3263 1037 3340 παρεισῆλθον,
1074 3289 1102 3318 ››
1133 3267 1233 3335 τὴν
1268 3264 1529 3339 λαθραίαν
1590 3264 1767 3320 αὐτῶν
1822 3265 1911 3319 καὶ

257 3350 556 3411 ἐπίϐουλον
610 3352 818 3410 εἴσοδον
870 3352 1077 3426 δηλῶν,
1138 3355 1225 3409 καὶ
1288 3359 1367 3426 τῷ
1423 3353 1614 3425 εἰπεῖν,
1647 3377 1675 3405 ‹‹
1741 3358 1909 3408 Κατα-

169 3455 174 3457 ’
257 3447 549 3513 σκοπῆσαι.
588 3469 614 3495 ‹‹
648 3445 711 3501 Ὁ
735 3444 837 3520 γὰρ
867 3447 1246 3510 κατασκοπῶν,
1280 3441 1369 3498 ἐπὶ
1429 3437 1614 3518 βλάϐῃ
1648 3443 1739 3497 καὶ
1788 3441 1908 3498 ἐπι-

258 3527 437 3605 6ουλῇ
468 3537 819 3587 κατασκοπεῖ.
854 3532 980 3601 Καὶ,
1018 3533 1185 3588 «Ἵνα
1240 3533 1389 3604 ἡμᾶς
1440 3527 1909 3586 καταδουλώσων-

259 3642 370 3690 ται,
416 3646 443 3672 ι)
485 3621 664 3700 φησίν.
700 3622 767 3679 Οἱ
798 3622 892 3696 μὲν
923 3622 1024 3697 γὰρ
1057 3621 1195 3697 αμφὶ
1220 3619 1421 3693 Πέτρον
1455 3621 1794 3696 συνεχώρουν
1808 3621 1908 3688 τὴν

262 3712 588 3785 περιτομὴν,
618 3709 712 3765 ’ίνα
741 3711 879 3766 κατᾶ
912 3710 1103 3784 μικρὸν
1138 3706 1487 3782 ὑποκλέψωσι
1516 3710 1614 3777 τῆς
1651 3706 1906 3771 δουλείας

261 3804 355 3855 τοῦ
381 3800 573 3872 νόμου·
607 3801 758 3856 οὗτοι
790 3796 868 3868 δὲ,
915 3797 1008 3853 ’ίνα
1036 3795 1556 3853 καταδουλώσωσιν.
1593 3818 1622 3848 ‹‹
1653 3799 1751 3861 Οἴς
1781 3795 1906 3852 οὒδὶ

260 3888 394 3960 πρὸς
427 3888 567 3962 ὥραν
600 3886 831 3960 εἴξαμεν.
868 3911 895 3938 )›
928 3886 1025 3942 Διὰ
1053 3891 1237 3955 τοῦτο,
1293 3885 1480 3964 φησὶν,
1537 3882 1638 3938 οὒκ
1692 3882 1905 3956 εἴξαμεν

262 3976 430 4033 αὐτῶν
455 3981 522 4050 τῇ
558 3975 948 4052 ὺποταγῇ,’ίνα
1004 3979 1038 4046 ἠ
1096 3973 1327 4046 ἀλήθεια
1379 3978 1477 4030 τοῦ
1529 3970 1902 4048 κηρυχθέντος

259 4067 381 4138 παρ’
409 4065 543 4139 ἐμοῦ
575 4067 713 4142 πρὸς
747 4068 886 4140 ὑμᾶς
917 4062 1274 4141 Εὔαγοχελίου,
1306 4063 1461 4137 μείνῃ
1491 4060 1789 4122 ἀσάλευτος
1810 4071 1901 4124 καὶ

261 4149 465 4230 βεϐαία.
500 4154 597 4216 Τίς
630 4154 687 4210 δὲ
717 4158 750 4224 ἡ
784 4153 1014 4224 ἀλήθεια
1045 4152 1210 4208 αὐτοῦ
1244 4173 1258 4220 ;
1292 4176 1318 4203 ‹‹
1343 4151 1425 4209 Τὰ
1456 4152 1660 4226 ἂρχαῖα
1688 4147 1902 4223 παρῆλ-

256 4255 330 4311 θε,
359 4243 446 4299 καὶ
479 4244 526 4298 εἳ
556 4265 639 4305 τις
680 4242 730 4298 ἐν
762 4245 983 4316 Χριστῷ
1012 4244 1171 4311 καινή
1205 4241 1404 4303 κτίσις.
1448 4265 1477 4292 ››
1510 4239 1615 4296 Καὶ
1645 4239 1728 4294 ὃτι
1773 4237 1901 4300 τοὺς

256 4335 764 4407 περιτεμνομένους,
798 4332 1029 4408 Χριστὸς
1060 4329 1216 4388 οὐδὲν
1245 4330 1540 4408 ὠφελήσει.
1584 4351 1604 4378 ι
1649 4330 1731 4403 Τῇ
1766 4328 1901 4383 ὑπο-

252 4426 407 4501 ταγῇ.
446 4448 473 4475 ››
506 4421 622 4481 Οὔκ
653 4424 791 4490 εἶπε,
822 4425 906 4496 Τῇ
940 4419 1168 4498 διδαχῇ,
1200 4419 1369 4489 ἀλλὰ,
1404 4444 1432 4473 ‹‹
1462 4422 1547 4493 Τῇ
1580 4419 1897 4495 ὑποταγῇ,››

2021 3262 2174 3317 derit
2205 3279 2332 3318 esse
2358 3263 2560 3318 hostes
2591 3269 2649 3318 et
2697 3263 2770 3318 ad
2801 3265 3243 3335 corruptionem
3277 3266 3414 3321 fidei
3473 3258 3672 3325 subin-

2017 3352 2539 3424 gressos.Primum
2564 3368 2668 3424 per
2687 3352 2797 3407 hoc
2816 3352 2974 3424 quod
2987 3354 3088 3420 ait,
3103 3377 3120 3403 α
3135 3354 3667 3425 Subintroierant,»

2016 3440 2299 3496 latentem
2331 3458 2398 3496 ac
2429 3441 2779 3497 insidiosum
2813 3443 3148 3515 ingressum
3181 3445 3526 3517 signiﬁcans
3558 3463 3571 3501 :
3607 3451 3667 3502 et

2016 3547 2117 3602 per
2146 3530 2258 3586 hoc
2282 3530 2439 3602 quod
2470 3530 2636 3601 dixit,
2669 3552 2694 3583 α
2726 3531 2812 3586 Ad
2844 3532 3292 3603 explorandum.
3327 3557 3354 3584 »
3386 3534 3663 3606 Explora-

2014 3624 2106 3676 tor
2129 3620 2289 3675 enim
2347 3621 2421 3676 ad
2495 3621 2917 3676 documtntum
2976 3627 3033 3676 et
3087 3623 3333 3679 insidias
3371 3624 3657 3696 eXplorat.

2012 3710 2398 3776 Praeterea,ut
2426 3726 2553 3775 nos,
2585 3708 2800 3779 inquit,
2821 3709 2881 3762 in
2907 3710 3245 3765 servitutem
3277 3710 3603 3781 adigerent.
3633 3736 3654 3763 ιι

2012 3797 2316 3868 Siquidem
2337 3798 2544 3851 Petrus
2557 3814 2625 3852 ac
2651 3797 2848 3851 caeteri
2870 3798 3120 3868 apostoli
3144 3798 3659 3856 circumcisionem

2010 3885 2418 3940 concedebant
2447 3890 2511 3940 ut
2564 3885 2847 3957 paulatim
2898 3885 3045 3958 legis
3101 3887 3441 3942 servitutem
3498 3887 3663 3945 falle-

2010 3972 2231 4039 rent,hi
2261 3989 2396 4028 vero
2427 3978 2492 4028 ut
2521 3973 2581 4029 in
2610 3974 2950 4030 servitutem
2970 3975 3561 4047 adigerent.«Quibus
3582 3994 3657 4034 ne

2007 4060 2081 4117 ad
2104 4062 2309 4116 horam
2342 4060 2584 4133 quidem
2615 4061 3671 4137 cessimus.»Pr0pterea,inquit.non‘

2008 4151 2291 4206 cessimus
2320 4150 2585 4222 ipsorum
2616 4149 3081 4221 subjectioni,ut
3109 4153 3323 4209 veritas
3354 4155 3655 4226 praedicati

2005 4256 2112 4312 per
2145 4255 2238 4295 me
2259 4238 2414 4311 apud
2446 4256 2546 4294 vos
2583 4239 2880 4312 Evangelii
2915 4246 3182 4295 maneret
3206 4241 3558 4299 inconcussa
3587 4261 3655 4299 ac

2007 4329 2342 4394 firma.Quaa
2358 4333 2447 4383 est
2475 4333 2672 4384 autem
2703 4329 2917 4384 veritas
2948 4329 3133 4401 ipsius
3152 4329 3180 4384 ‘2
3199 4331 3653 4389 «Veteratrans-

2007 4419 2205 4475 ierunt
2240 4435 2253 4483 ;
2286 4418 2334 4473 si
2387 4418 2520 4489 quis
2576 4418 2715 4471 vivit
2771 4418 2833 4472 in
2891 4418 3143 4482 Christo,
3195 4434 3347 4474 nova
3384 4425 3656 4477 creatura

257 4509 435 4581 δηλῶν
470 4512 669 4574 αὐτοὺς
702 4508 1022 4582 σπουδάζειν
1060 4510 1316 4581 ὑποτάξαι
1348 4509 1436 4564 καὶ
1478 4506 1893 4565 καταδουλῶσαι

2014 4513 2092 4563 εει
2119 4508 2161 4575 ⁸,
2196 4528 2222 4556 η
2257 4511 2314 4561 et
2345 4506 2502 4578 quod
2535 4507 2619 4562 eis
2650 4506 2748 4577 qui
2810 4506 3337 4570 circumciduntur,
3384 4507 3651 4565 Christus

253 4600 409 4657 πάλιν
435 4601 514 4674 τῷ
544 4602 723 4675 νόμῳ.

2005 4595 2158 4652 nihil
2189 4595 2449 4668 prodest.
2484 4617 2510 4645 ‹‹
2537 4594 2921 4665 Subjectioni.
2952 4618 2977 4643 ››
2994 4598 3119 4651 Non
3159 4596 3649 4667 dixit,Doctrinm,

256 4693 372 4760 sed,
408 4714 433 4745 α
469 4692 835 4765 Subjectioni
869 4711 882 4758 ;
915 4715 941 4742 ››
978 4692 1322 4764 significans
1354 4691 1514 4763 ipsos
1554 4690 1626 4746 ad
1657 4690 1770 4745 hoc
1799 4688 1907 4744 niti
1931 4692 2000 4743 ut
2025 4703 2260 4742 rursum
2301 4684 2664 4757 subjicerent
2717 4701 2785 4739 ac
2843 4684 2906 4740 in
2938 4686 3282 4741 servitutem
3336 4686 3650 4760 adigerent

257 4784 355 4839 sub
384 4783 532 4856 lege.

317 4871 447 4927 Ἀπὸ
534 4866 592 4923 δὲ
646 4873 755 4924 τῶν
830 4866 1135 4923 δοκούντων
1195 4866 1331 4922 εἷναί
1384 4887 1459 4936 τι,
1519 4866 1703 4922 ὁποῖοί
1756 4886 1889 4921 ποτε

250 4959 406 5028 ἦσαν,
481 4954 634 5012 οὺδέν
721 4979 818 5029 μοι
894 4955 1156 5037 διαφέρει.
1244 4956 1547 5031 Ιῖρόσωπον
1615 4956 1744 5016 Θεὸς
1802 4955 1890 5008 ἀν-

254 5049 465 5124 θρώπου
552 5047 611 5102 οὐ
689 5043 981 5120 λαμϐάνει.
1067 5046 1224 5119 Ἐμοὶ
1299 5046 1403 5120 γὰρ
1462 5046 1513 5099 ο”ι
1582 5042 1883 5114 δογοῦντες,

251 5134 393 5192 οὐδὲν
451 5136 865 5209 προσανέθεντο,
924 5134 1074 5192 ἀλλὰ
1127 5135 1458 5203 τοὺναντίον,
1517 5132 1718 5199 εἰδότες
1802 5133 1885 5190 ’ὁτι

249 5227 597 5298 πεπίστευμαι
645 5224 707 5282 τό
750 5226 1083 5301 Εὐαγγέλιον
1116 5231 1214 5293 τῆς
1274 5218 1654 5299 ἀκροϐυστίας,
1703 5225 1885 5287 καθὼς

249 5316 437 5389 Πέτρος
467 5322 567 5383 τῆς
599 5322 929 5389 περιτομῆς.
960 5316 1016 5367 '0
1074 5316 1176 5390 γὰρ
1237 5313 1523 5389 ἐνεργήσας
1576 5313 1762 5389 Πέτρῳ
1810 5313 1886 5377 εἰς

246 5405 549 5478 ἀποστολὴν
578 5414 675 5477 τῆς
708 5413 1036 5483 περιτομῆς,
1069 5406 1336 5481 ἐνήργησε
1364 5406 1454 5460 καὶ
1508 5405 1633 5479 ἐμοὶ
1684 5406 1759 5468 εἷς
1819 5407 1885 5462 τὰ

248 5494 381 5568 ἔθνη.

313 5643 335 5678 ³
359 5643 409 5700 II
440 5641 570 5703 Cor.
603 5659 656 5714 v,
690 5646 776 5700 17.

2066 4865 2138 4930 ΙΙ,
2159 4865 2270 4919 6-8.
2289 4885 2316 4911 «
2333 4861 2419 4917 Ab
2451 4862 2524 4917 iis
2545 4866 2744 4918 autem
2772 4862 2872 4933 qui
2900 4862 3251 4919 videbantur
3279 4865 3505 4938 aliquid
3521 4884 3647 4925 esse

1998 4976 2025 5005 ‹‹
2059 4953 2266 5026 quales
2297 4952 2618 5023 aliquando
2636 4952 2859 5007 fuerint
2878 4952 3029 5007 nihil
3063 4970 3195 5009 mea
3209 4957 3407 5012 refert.
3440 4958 3648 5013 Perso-

1997 5065 2024 5092 α
2059 5059 2195 5098 nam
2218 5041 2480 5097 hominis
2508 5042 2658 5096 Deus
2690 5058 2808 5096 non
2841 5042 3230 5112 accipit.Nam
3254 5044 3398 5100 mihi
3431 5044 3531 5116 qui
3561 5045 3648 5099 vi-

1997 5152 2025 5182 ‹‹
2059 5130 2353 5187 debantur
2384 5147 2510 5185 esse
2534 5130 2596 5185 in
2620 5131 2831 5202 pretio,
2864 5130 3015 5184 nihil
3067 5132 3467 5188 contulerunt.
3523 5134 3646 5190 Imo

1996 5241 2024 5269 ‹‹
2058 5224 2290 5283 contra,
2318 5236 2453 5275 cum
2486 5220 2767 5274 vidissent
2822 5219 2967 5273 mihi
3030 5221 3435 5277 concreditum
3466 5222 3647 5278 fuisse

1999 5330 2022 5360 α
2061 5309 2439 5382 Evangelium
2468 5309 2766 5380 prteputii,
2790 5308 3293 5379 quemadmodum
3326 5312 3499 5368 Petro
3530 5313 3646 5369 cir-

1998 5420 2020 5450 ι
2059 5398 2462 5455 cumcisionis.
2497 5398 2645 5454 Nam
2679 5398 2779 5470 qui
2811 5397 3021 5453 efficax
3052 5398 3165 5453 fuit
3192 5401 3364 5456 Petro
3396 5401 3470 5457 ad
3501 5419 3641 5475 apo-

1992 5509 2022 5538 «
2056 5487 2341 5543 stolatum
2372 5488 2867 5556 circumcisionis,
2901 5486 3110 5544 efficax
3164 5487 3277 5544 fuit
3331 5496 3390 5546 et
3437 5491 3499 5547 in
3547 5508 3642 5549 me

1993 5597 2022 5628 ‹‹
2055 5593 2193 5650 erga
2219 5582 2446 5651 gentes.
2474 5600 2495 5627 ι
