4048 6250
438 350 590 412 11οἹ

1555 344 1982 406 ωΟΠΜΕΝΙΙ
2026 340 2333 401 THICGIE
2379 341 2725 403 EPISCOPI

3682 343 3791 403 nos

512 483 568 538 Si
598 481 797 553 palam
853 478 1100 535 dixisset
1155 478 1373 534 Paulus
1431 477 1592 549 quod
1651 474 2083 548 dispensatorie

2266 471 2329 528 El
2361 477 2601 551 φανερῶς
2636 474 2782 529 εἶπεν
2830 474 2859 528 ὁ
2916 473 3139 537 Παῦλος
3202 474 3292 527 ὅτι
3354 471 3690 544 οἰκονομικῶς
3725 479 3792 544 τὴν

438 570 952 627 circumcisionem
985 565 1909 633 concederent,discessissentab
1943 563 2087 635 ipsis

438 660 647 716 ﬁdeles
678 676 746 715 ex
768 659 985 714 Judaais
1016 658 1115 728 qui
1142 656 1596 712 circumcisione
1626 654 1984 727 gaudebant,
2018 668 2087 707 eo

437 750 595 821 quod
624 765 743 803 non
769 749 828 802 in
860 748 1103 802 veritate
1126 746 1273 802 128
1301 742 2091 817 susciperentcircumcisio-

436 856 592 897 nem,
614 837 715 893 sed
746 837 1187 909 dispensatione
1202 835 1458 906 quadam
1490 832 2088 889 etcondescensione.

437 928 663 984 Idcirco
688 943 806 981 non
840 925 1060 997 detegit
1091 941 1246 978 nunc
1293 923 1508 977 Paulus
1563 922 2089 993 dispensationem,

438 1017 542 1074 sed
556 1017 670 1071 alio
688 1015 859 1070 modo
878 1019 1086 1069 tractat
1098 1019 1290 1067 astute
1306 1026 1638 1065 sermonem
1652 1056 1659 1064 .
1673 1016 1953 1080 tanquam
1965 1008 2095 1063 bel-

439 1106 565 1162 lum
584 1121 715 1160 cum
741 1106 910 1158 Petro
941 1119 1008 1157 ac
1034 1101 1264 1156 caeteris
1286 1101 1649 1172 susciperet;
1675 1100 1812 1170 quia
1831 1100 1971 1165 Deo,
2004 1098 2092 1152 in-

442 1196 573 1267 quit
599 1192 1040 1266 praedicationis
1055 1208 1175 1245 suae
1190 1190 1482 1244 rationem
1497 1189 1741 1244 dabunt.
1759 1189 1875 1243 Hoc
1893 1194 2093 1243 autem

442 1290 686 1358 propter
716 1283 957 1338 illorum
990 1279 1487 1336 imbecillitatem.
1522 1301 1550 1328 «
1582 1280 1723 1333 Esse
1782 1276 2029 1348 aliquid.
2066 1298 2092 1324 ››

442 1374 528 1430 Ab
560 1373 651 1428 his
683 1372 782 1442 qui
816 1370 1013 1443 magni
1042 1385 1172 1425 esse
1204 1368 1575 1435 videbantur,
1599 1384 1811 1438 nempe
1843 1368 2014 1421 Petro
2028 1381 2097 1420 ac

442 1462 671 1519 caeteris
693 1460 899 1532 quales
959 1457 1281 1529 aliquando
1332 1457 1572 1523 fuerint,
1624 1457 1742 1511 sive
1798 1455 1914 1511 Deo
1980 1454 2098 1526 pla-

442 1558 615 1608 ceant
645 1552 763 1606 sive
796 1566 937 1617 non,
973 1564 1039 1603 eo
1072 1547 1230 1618 quod
1274 1546 1791 1601 circumcisionem
1848 1544 2094 1617 permit-

444 1646 591 1706 tant,
627 1639 1169 1709 nihil,inquit,mea
1197 1636 1528 1703 refert,scio
1561 1635 1719 1689 enim
1752 1634 1909 1706 quod
1934 1634 2094 1704 quis-

445 1747 560 1803 que
574 1732 691 1786 Deo
713 1728 1006 1783 rationem
1023 1725 1482 1791 reddet,etDeus
1499 1740 1876 1795 nequaquam
1891 1739 1994 1777 eos
2010 1738 2099 1777 ve-

446 1819 677 1876 rebitur
699 1832 1039 1888 quanquam
1060 1814 1357 1886 coryphzei
1382 1814 1533 1878 sint;
1553 1828 1691 1867 nam
1716 1834 1741 1859 ‹‹
1771 1814 2095 1867 Personam

2216 1813 2260 1869 δὲ
2336 1815 2484 1874 ὅπως
2541 1811 2777 1889 εἴρηται,
2835 1810 2942 1868 ἅνω
3018 1811 3482 1891 περιγέγραπται.
3556 1834 3581 1862 ί(
3637 1808 3805 1866 Ὀποῑοί

448 1906 711 1962 hominis
725 1906 877 1960 Deus
889 1919 1010 1958 non
1024 1901 1291 1972 accipit.»
1326 1902 1443 1955 Hoc
1456 1906 1653 1955 autem
1668 1904 1733 1954 ut
1746 1899 1969 1953 dictum
1983 1904 2094 1965 est,

446 1996 720 2067 superius
736 1992 1182 2049 manifestatum
1210 1996 1317 2045 est.
1353 1988 1615 2053 «Quales
1637 1986 1958 2058 aliquando
1971 1988 2096 2042 fue-

446 2082 903 2139 rint.»Ostendit
920 2081 1081 2151 ipsos
1103 2096 1341 2150 quoque
1356 2080 1481 2150 jam
1503 2094 1766 2133 cessasse
1778 2095 1852 2132 ne
1866 2076 2101 2148 dispen-

446 2172 629 2228 sative
652 2169 1167 2225 circumcisionem
1180 2167 1437 2239 amplius
1451 2164 1863 2221 concederent.
1898 2166 2097 2236 Neque

446 2261 608 2316 enim
623 2259 791 2324 dixit,
825 2257 1040 2323 Quales
1053 2257 1191 2324 sint,
1211 2256 1369 2320 sed,“
1396 2255 1611 2320 Quales
1625 2254 1944 2325 aliquando
1972 2254 2101 2309 fue-

444 2351 639 2405 rint.»
660 2379 727 2389 --
763 2368 790 2399 ι
820 2349 964 2403 Nam
982 2346 1129 2400 mihi
1156 2346 1258 2416 qui
1287 2344 1638 2400 videbantur
1662 2360 1793 2399 esse
1825 2344 1886 2398 in
1911 2343 2099 2415 pretio

451 2439 603 2495 nihil
634 2437 1074 2493 contulerunt.»
1129 2436 1300 2491 Juxta
1358 2435 1468 2490 hoc
1516 2439 1717 2490 autem
1764 2433 1886 2488 ait:
1946 2432 2104 2487 Nihil

451 2528 632 2585 refert
660 2528 732 2582 de
763 2526 856 2580 his
887 2542 1019 2595 quas
1050 2524 1208 2579 circa
1237 2539 1338 2578 eos
1373 2528 1513 2578 sunt
1544 2539 1557 2577 :
1591 2523 1872 2593 quoniam
1904 2521 2107 2576 audita

456 2618 698 2673 interim
726 2632 857 2672 mea
889 2612 1493 2686 praedicationemihil
1514 2619 1617 2667 aut
1636 2611 2107 2666 addideruntaut

457 2705 980 2764 detraxerunt.Eos
1010 2708 1209 2758 autem
1232 2702 1333 2772 qui
1366 2718 1494 2756 esse
1526 2701 1587 2755 in
1612 2700 1802 2771 pretio
1820 2698 2104 2753 videban-

463 2795 645 2858 tur,id
679 2801 769 2850 est
798 2809 931 2847 vere
962 2808 1208 2864 magnos
1229 2791 1615 2860 dicit,nempe
1646 2790 1885 2844 Petrum
1916 2793 1976 2843 et
2005 2788 2105 2858 qui

464 2901 597 2940 cum
629 2900 697 2938 eo
729 2888 919 2939 erant.
950 2905 975 2931 «
1010 2884 1133 2936 lmo
1165 2887 1390 2935 contra.
1426 2902 1453 2928 ››
1486 2881 1610 2934 Νοη
1643 2878 1858 2944 solum,
1892 2877 2108 2948 inquit,

460 2972 611 3028 nihil
628 2977 1016 3027 correxerunt
1047 2970 1109 3024 in
1140 2985 1273 3024 mea
1302 2967 1745 3039 praedicatione,
1772 2966 1875 3022 sed
1901 2972 2111 3021 contra

462 3062 640 3119 etiam
672 3060 1198 3117 laudaverunt.Est
1211 3063 1410 3113 autem
1439 3057 1652 3111 litterae
1684 3056 1976 3111 ordinatio
2000 3055 2109 3110 hu-

448 3150 715 3223 jusmodi
739 3167 751 3205 :
772 3173 798 3199 ‹‹
816 3151 939 3205 lmo
962 3155 1201 3203 contra:
1233 3163 1370 3201 cum
1396 3146 1684 3200 vidissent
1703 3144 2110 3200 concreditum

458 3243 642 3299 fuisse
672 3240 817 3295 mihi
860 3238 1234 3310 Evangelium
1256 3237 1588 3308 praeputii,»
1611 3240 1746 3307 post
1788 3235 1976 3291 multa
2006 3250 2111 3289 suo

462 3329 656 3386 tenori
685 3327 956 3383 redditur
985 3328 1195 3392 oratio,
1220 3348 1247 3374 «
1284 3327 1527 3379 llextras
1558 3325 1851 3380 dederunt
1882 3323 2026 3378 mihi
2057 3328 2116 3378 et

466 3417 747 3474 Barnabm
780 3414 1096 3471 societatis.
1134 3435 1162 3462 »
1192 3415 1311 3468 Hoc
1342 3414 1519 3486 igitur
1552 3418 1781 3468 tantum
1811 3412 2018 3479 abfuit,
2050 3416 2117 3467 ut

463 3508 861 3578 corrigeretur
890 3504 1006 3557 mei
1030 3502 1391 3574 praadicatio,
1426 3508 1491 3555 ut
1520 3501 1698 3556 etiam
1731 3502 1966 3556 dextras
2016 3518 2115 3555 so-

463 3596 695 3653 cietatis
751 3594 1110 3665 acciperent,
1139 3592 1296 3663 quod
1328 3592 1614 3647 indicium
1643 3597 1735 3646 est
1772 3608 1867 3647 me
1910 3608 2115 3647 eorum

467 3684 955 3760 pragdicationem
983 3682 1301 3754 suscipere.
1324 3704 1350 3732 «
1374 3680 1753 3753 Evangelium
1783 3681 2110 3752 praaputii,n

470 3777 527 3832 id
561 3781 671 3840 est,
701 3773 967 3846 gentium
1019 3771 1506 3844 praaputiatarum
1565 3770 1684 3825 sive
1742 3770 2117 3825 incircumci-

470 3881 692 3922 sarum.
720 3862 1048 3920 Considera
1076 3867 1273 3917 autem
1306 3867 1604 3932 quomodo
1655 3861 1915 3932 seipsum
1946 3862 2119 3915 Petro

470 3954 763 4026 (aqualem
793 3952 1005 4008 faciat:
1039 3966 1175 4005 nam
1211 3951 1321 4005 hoc
1348 3967 1505 4005 nunc
1535 3967 1681 4022 opus
1714 3956 1841 4005 erat
1871 3967 1988 4020 quo
2011 3950 2121 4005 Ga-

397 4098 400 4103 .
469 4053 607 4110 latis
638 4051 755 4107 fide
785 4050 998 4122 dignus
1027 4065 1157 4104 esse
1197 4048 1513 4103 videretur.
1548 4071 1574 4097 ιι
1609 4048 2120 4114 Quemadmodum

471 4146 667 4195 Petro.
695 4160 723 4187 n
750 4138 806 4192 Si
836 4138 1085 4193 dixisset
1114 4138 1334 4193 Paulus
1365 4139 1600 4192 Petrum
1636 4144 1695 4193 et
1723 4142 1968 4193 caeteros
1998 4137 2123 4194 dis-

471 4227 812 4303 pensatorie
845 4227 1357 4283 circumcisionem
1400 4243 1654 4293 servare,
1701 4228 1859 4284 visus
1914 4227 2126 4283 fuisset

474 4321 600 4391 ipse
631 4334 865 4390 quoque
889 4333 1021 4372 eam
1051 4315 1375 4371 concedere
1402 4332 1414 4370 :
1448 4322 1508 4371 et
1536 4316 1617 4371 ita
1634 4317 2129 4372 ostensusfuisset

474 4408 546 4466 ad
580 4423 681 4463 eos
711 4422 1022 4462 accurrere
1044 4420 1180 4459 cum
1211 4403 1428 4474 quibus
1459 4420 1606 4476 Opus
1638 4410 1766 4460 erat
1798 4405 2124 4462 decertare.

477 4500 620 4554 Nam
643 4497 693 4553 si
721 4498 930 4551 Petrus
961 4499 1120 4549 recte
1153 4493 1274 4565 agit
1302 4492 1704 4559 concedendo,
1751 4510 1858 4550 cur
1885 4511 2005 4550 non
2038 4496 2126 4548 si-

476 4586 701 4642 militer
732 4589 789 4639 et
818 4589 880 4637 tu
913 4582 1036 4654 agis
1058 4582 1086 4636 ?
1123 4597 1305 4652 quare
1337 4596 1475 4635 vero
1517 4581 1726 4637 acerbe
1758 4583 1933 4637 etiam
1967 4581 2126 4637 indi-

477 4674 678 4748 gnaris
708 4672 782 4727 ob
814 4672 873 4726 id
904 4668 1064 4741 quod
1094 4685 1266 4725 voces
1294 4669 1801 4740 dispensationem
1833 4670 2010 4725 ?sine
2027 4687 2129 4726 eos

482 4779 675 4835 agere,
697 4778 807 4817 nec
830 4759 1231 4830 reprehendas
1262 4776 1275 4825 ;
1301 4764 1358 4812 et
1378 4759 1547 4829 quasi
1577 4759 1682 4813 tibi
1705 4764 1936 4831 gratum
1950 4765 2127 4827 esset,

481 4857 586 4908 aut
613 4849 1122 4922 dispensationem
1155 4848 1399 4904 nomina
1428 4854 1529 4905 aut
1549 4847 1765 4922 dogma
1795 4850 2129 4907 sivecaute-

483 4941 625 4999 lam.
645 4938 781 4995 Haec
814 4954 955 4994 sane
978 4943 1036 4995 et
1065 4939 1423 5010 cogitassent
1453 4944 1509 4994 et
1540 4938 1830 4996 dixissent
1850 4938 2131 4995 adversus

483 5028 812 5097 Paulum,si
842 5029 1080 5082 Petrum
1113 5044 1249 5082 cum
1282 5028 1406 5082 suis
1437 5027 1684 5083 dixisset
1703 5028 2132 5100 dispensatorie

484 5118 999 5179 circumcisionem
1061 5117 1383 5187 suscipere.
1450 5118 1599 5174 729
1670 5119 1916 5174 Animus
1973 5119 2131 5174 enim

486 5212 691 5285 quavis
735 5209 797 5265 in
855 5225 918 5263 re
963 5211 1382 5262 consternatus
1437 5224 1503 5263 ac
1553 5209 1812 5275 territus,
1902 5209 2136 5264 modica

485 5301 1206 5369 occasione,qumcunque
1240 5296 1344 5350 illa
1374 5296 1451 5351 sit
1470 5314 1600 5369 quae
1633 5315 1692 5353 se
1724 5299 1953 5364 offerat,
1977 5314 2137 5353 acce-

481 5396 602 5462 pta,
635 5405 766 5445 eam
797 5386 984 5457 magis
1015 5385 1125 5440 sibi
1160 5384 1421 5440 vindicat
1452 5391 1511 5441 et
1566 5386 1962 5457 amplectitur.
1996 5385 2133 5443 Ideo

484 5478 704 5535 Paulus
731 5475 1052 5531 admodum
1076 5474 1377 5545 sapienter
1407 5490 1745 5530 sermonem
1793 5476 2032 5547 quidem
2065 5474 2136 5532 de

488 5565 933 5636 dispensatione
962 5563 1208 5619 omnino
1239 5563 1468 5633 reticet,
1501 5564 1620 5618 imo
1677 5563 1895 5640 factum
1928 5581 2137 5638 aspere

490 5653 920 5727 reprehendit;
981 5658 1039 5708 et
1088 5658 1371 5724 tauquam
1440 5658 1909 5725 transgressores
1980 5659 2139 5710 certe

2192 562 2498 636 περιτομὴν
2554 566 2962 642 συγχωροῦσιν,
3035 560 3427 640 ἀπεφοίτησαν
3485 558 3542 613 ἃν
3589 558 3732 616 sivan
3762 565 3796 618 οἱ

2191 653 2260 723 τῇ
2293 654 2567 725 περιτομῇ
2601 652 2887 727 χαίροντες
2920 651 2968 720 ἐξ
3033 648 3330 708 Ἰουδαίων
3385 650 3584 717 πιστοὶ,
3630 652 3700 704 ὅτι
3744 654 3796 723 μὴ

2196 743 2264 813 τῇ
2296 740 2530 810 ἀληθεία
2560 738 2815 817 ἐδέχοντο
2845 743 2943 810 τὴν
2998 741 3348 812 περιτομὴν,
3401 738 3528 794 ἀλλ’
3575 738 3799 813 οἰκονομίᾳ

2195 829 2286 883 καὶ
2325 825 2740 902 συγκαταϐἀσει,
2802 836 2960 892 Ὅθεν
3022 828 3119 884 ουκ
3180 827 3559 884 ἆνακαλύπτει
3612 832 3685 882 νῦν
3730 831 3797 897 τὴν

2197 917 2516 993 οἰκονομίαν
2553 921 2580 974 ὁ
2614 922 2847 981 Παῦλος.
2880 918 3099 981 Ἀλλως
3137 915 3199 973 δὲ
3238 915 3524 991 μεθοδεύει
3552 918 3636 972 τὸν
3660 916 3800 991 λόγον,

2197 1007 2274 1068 ὡς
2307 1006 2366 1061 ἄν
2395 1009 2829 1084 ἀπομαχόμενος
2860 1015 2978 1072 τοῖς
3038 1008 3164 1083 περὶ
3224 1006 3461 1077 Πέτρον,
3518 1008 3653 1075 Ὅτι,
3692 1008 3801 1083 φησὶ,

2198 1095 2365 1174 λόγον
2401 1096 2668 1154 δώσουσιν
2723 1098 2796 1153 ὧν
2846 1099 3182 1174 κηρύσσουσι
3249 1103 3393 1170 Θεῷ·
3455 1101 3612 1152 τοῦτο
3663 1094 3711 1151 δὲ
3745 1096 3804 1150 iii

2195 1188 2297 1256 τήν
2329 1187 2546 1243 ἐκείνων
2576 1189 2872 1244 ἀσθένειαν.
2908 1214 2934 1241 ιι
2971 1189 3124 1246 Εἶναι
3172 1187 3252 1245 τί.
3326 1211 3356 1241 »
3423 1188 3556 1244 Ἀπὸ
3604 1190 3698 1242 τῶν
3743 1182 3803 1240 δο-

2196 1284 2438 1335 κούντων
2496 1282 2632 1335 εἶναι
2695 1280 2972 1358 μεγάλων,
3033 1287 3144 1337 τῶν
3208 1280 3355 1357 ἀμφὶ
3418 1274 3634 1354 Πέτρον,
3673 1279 3807 1332 ὀποῖοὶ

2196 1390 2331 1424 ποτε
2360 1370 2517 1440 ἦσαν,
2551 1368 2658 1424 εἷ’τε
2686 1368 3089 1444 εὒαρεστοῦντες
3137 1374 3289 1441 Θεῷ,
3351 1366 3461 1423 εἴτε
3517 1364 3597 1435 οῦ,
3646 1363 3719 1421 διὰ
3762 1368 3806 1421 τὸ

2201 1464 2512 1533 συγχωρεῖν
2554 1460 2881 1533 περιτομὴν,
2943 1457 3074 1532 ἑγὼ,
3136 1457 3339 1530 φησὶν,
3390 1454 3453 1511 οὔ
3512 1453 3805 1528 διαφέρομαι.

2200 1545 2340 1602 Οἶδα
2379 1547 2482 1623 γὰρ
2515 1546 2597 1601 ὅτι
2654 1545 2819 1621 λόγον
2846 1543 3072 1608 ἕκαστος
3127 1544 3304 1601 δώσει
3362 1550 3499 1616 Θεῷ,
3528 1544 3611 1599 καὶ
3639 1541 3694 1597 οἷ)
3739 1542 3807 1597 κᾶν

2200 1632 2397 1695 αὖτοὺς
2429 1636 2457 1689 ὁ
2518 1635 2649 1698 Θεὸς
2681 1634 2996 1711 ἐρυθριάσοι
3043 1633 3131 1690 διὰ
3186 1636 3255 1690 τὸ
3316 1636 3459 1688 εἶναι
3512 1631 3806 1709 κορυφαίους·

2202 1750 2230 1776 ‹‹
2265 1723 2566 1800 ΙΙρόσωπον
2600 1726 2703 1801 γὰρ
2737 1725 2865 1786 Θεὸς
2902 1725 3195 1800 ἀνθρώπου
3227 1723 3289 1779 οὗ
3322 1718 3604 1796 λαμϐάνει.
3631 1722 3806 1777 »Τοῦτο

2204 1923 2336 1957 ποτε
2364 1904 2521 1971 ἦσαν.
2559 1926 2585 1953 n
2621 1902 2863 1957 Δεέκνυσι
2896 1902 2986 1957 καὶ
3027 1901 3252 1969 αὺτοῦς,
3317 1898 3428 1970 ἢδη
3484 1898 3803 1970 πεπαυμένον(

2204 1996 2301 2046 τοῦ
2332 1990 2695 2064 οἰκονομικῶς
2730 1991 3041 2066 συγχωρεῖν
3096 1991 3432 2066 περιτομήν.
3492 1986 3564 2046 Οἱ)
3610 1988 3701 2062 γὰρ
3745 1986 3804 2039 εἶ·
3944 1986 3945 2045 ί

2205 2110 2321 2157 πεν,
2354 2088 2476 2146 Οἴοί
2505 2087 2646 2151 τινές
2675 2088 2903 2148 εἷσιν,ἆλ
2919 2087 2992 2157 λ’,
3019 2114 3047 2141 ιι
3074 2088 3301 2145 Ὁποῖοί
3323 2107 3455 2143 ποτε
3476 2088 3619 2156 ἦσαν.
3641 2085 3802 2156 «Ἐμοὶ

2208 2181 2312 2257 γὰρ
2345 2180 2397 2233 οἱ
2429 2176 2735 2247 δοκοῦντες,
2768 2175 2921 2234 οῦδὲν
2967 2177 3389 2252 προσανέθεντο.
3436 2203 3455 2231 ι
3516 2175 3648 2233 Κατὰ
3677 2177 3800 2228 τοῦτο

2210 2266 2289 2335 δὲ,
2322 2268 2504 2344 φησὶν,
2534 2266 2595 2322 οὗ
2628 2263 2866 2344 διαφέρει
2911 2268 2978 2322 τὰ
3029 2270 3162 2341 παρ’
3215 2265 3531 2335 αῦτῶν,.’ὀτι
3576 2262 3690 2322 τέως
3727 2264 3799 2316 τοῦ

2211 2359 2346 2430 ἐμοῦ
2403 2356 2758 2431 κηρύγματος
2816 2356 3168 2423 ἀκούσαντες,
3208 2352 3366 2410 οὐδὲν
3419 2354 3453 2423 ἢ
3501 2351 3795 2426 προσέθηκαν,

2211 2450 2246 2518 ἢ
2279 2442 2529 2520 ἀφεῖλονο
2574 2442 2864 2508 δοκοῦντας
2922 2442 3000 2513 δὲ,
3061 2446 3183 2500 οἷον
3257 2442 3526 2519 μεγάλους
3575 2439 3646 2494 καὶ
3672 2437 3792 2497 ὄντας

2210 2533 2342 2595 τοὺς
2368 2535 2490 2607 περῖ
2532 2536 2733 2610 Πέτρον
2791 2532 2976 2610 φησίν.
3037 2558 3065 2586 ‹‹
3126 2532 3315 2591 Ἀλλὰ
3364 2525 3782 2587 τοῦναντίον.››οὖ

2219 2623 2404 2696 μόνον,
2464 2621 2650 2700 φησὶν,
2732 2619 2882 2676 οῦδὲν
2953 2618 3283 2696 διώρθωσαν
3357 2622 3451 2674 τοῦ
3500 2616 3611 2689 ἐμοῦ
3654 2610 3784 2684 κηρύ-

2213 2732 2441 2787 γματος,
2489 2710 2638 2766 ἀλλὰ
2689 2708 3024 2777 τοὺναντίον,
3081 2710 3177 2764 καὶ
3211 2708 3493 2783 ἐπῄνεσαν.
3532 2710 3581 2760 Ἠ
3620 2700 3771 2756 δὲσύν·

2226 2762 2441 2787 ..ην-νη
3011 2762 3024 2777 ι
3214 2762 3321 2783 πη.
3366 2762 3375 2763 κ

2214 2801 2361 2872 ταξις
2405 2801 2565 2870 αὕτη·
2598 2822 2620 2849 ι
2653 2798 2831 2856 Ἀλλὰ
2856 2799 3205 2862 τοὺναντίον,
3243 2796 3450 2859 ἰδόντες
3477 2790 3764 2850 ὅτιπεπίσιευ-
3943 2762 3945 2839 ί

2223 2912 2317 2964 μαι
2357 2890 2419 2944 τὸ
2452 2886 2791 2965 Βῦαγγέλιον
2850 2895 2950 2957 τῆς
3009 2883 3410 2962 ἀκροϐυστίας,
3444 2910 3468 2936 ι)
3511 2887 3533 2950 ἡ
3572 2874 3754 2965 inﬁdas};

2224 2958 2356 3054 μετᾶ
2384 2958 2592 3045 πολλὰ,
2615 2958 2653 3028 -‹‹
2685 2977 2889 3047 Δεξιὰς,
2919 2958 3101 3053 φησὶν,
3127 2971 3349 3032 ἔδωκαν
3383 2958 3755 3054 ἑμοῖκαῖΒαρνίῦς

2220 3068 2530 3128 κοινωνίας.
2568 3090 2597 3118 ››
2624 3070 2807 3124 Τοῦτο
2838 3068 2933 3121 οῦν
2966 3066 3076 3121 ἐστι
3107 3071 3211 3121 τοῦ
3246 3057 3637 3140 διορθωθῆναιτὸ
3657 3052 3765 3140 ἔναν-

2152 3192 2194 3259 C
2219 3159 2359 3227 τίον,
2410 3156 2472 3211 τὸ
2502 3155 2592 3211 καὶ
2626 3151 2800 3226 δεξιὰς
2829 3151 3041 3224 λαϐεῖν,
3077 3157 3106 3211 ὅ
3134 3158 3209 3225 ἦν
3271 3153 3464 3230 δεῖγμα
3517 3151 3594 3204 τοῦ
3632 3136 3772 3199 imbi-

2330 3248 2352 3259 Α
2513 3244 2526 3259 9
2575 3249 2603 3259 .-
2739 3244 2752 3259 \
2874 3247 2887 3259 ι
3260 3246 3330 3259 ..ιι
3396 3241 3458 3259 ιε’
3563 3234 3669 3259 ΙῚ--..
3709 3234 3772 3259 ..τι

2223 3248 2416 3323 χεσθαι
2469 3244 2646 3300 αὐτῶν
2697 3244 2763 3299 τὸ
2819 3247 3101 3320 κήρυγμα.
3163 3270 3193 3297 ‹‹
3259 3246 3340 3301 Τὸ
3394 3234 3779 3323 Εὖαγγὲλιον-τῆς

2221 3330 2603 3409 ἀκροϐυστίας.
2665 3357 2694 3384 ››
2752 3336 2882 3391 Οῖον
2947 3338 3052 3388 τῶν
3105 3328 3459 3404 ἆκροϐύστων
3512 3319 3780 3387 έθνών.’οιτα

2223 3431 2280 3488 δὲ
2308 3436 2428 3494 πῶς
2472 3432 2659 3487 ἑαυτὸν
2714 3429 2883 3500 ἐξισοῖ
2934 3436 3014 3503 τῷ
3080 3430 3298 3508 Πέτρῳ.
3356 3427 3550 3486 Τούτου
3597 3420 3677 3496 γὰρ
3712 3416 3779 3508 νῦν

2222 3519 2383 3596 χρεία
2411 3519 2497 3590 ἦν,
2528 3520 2619 3575 ἳνα
2676 3517 2874 3598 δειχθῇ
2926 3502 3205 3581 Γαλάταις
3244 3502 3556 3591 ἆξιόπιστος,
3585 3534 3608 3562 ιι
3643 3502 3785 3598 Raeti):

2225 3589 2450 3676 651904.
2475 3589 2502 3660 ι)
2542 3642 2593 3651 -
2620 3589 2921 3682 [miijm
2948 3609 3091 3664 εἶπεν
3124 3609 3153 3664 ὁ
3183 3589 3402 3669 Παῦλος
3418 3604 3525 3661 κατ’
3545 3589 3785 3664 οἰκονομίαν

2224 3699 2478 3772 πράττειν
2535 3681 2636 3766 τὴν
2687 3681 2992 3772 περιτομὴν
3041 3699 3168 3762 τοὺς
3230 3699 3354 3771 περὶ
3411 3694 3609 3766 Πέτρον,
3658 3681 3783 3772 ἔδοξεν

2227 3788 2284 3843 ἄν
2319 3788 2408 3843 καὶ
2441 3787 2602 3850 αὐτὸς
2627 3786 2830 3858 ταύτην
2891 3793 3217 3863 συγχωρεῖν,
3280 3787 3369 3843 καὶ
3425 3783 3580 3841 οὕτως
3629 3770 3788 3863 μᾶλλ-ογ

2227 3878 2536 3952 συντρέχων
2569 3853 2844 3931 ἐδείκνυτο
2875 3853 3091 3947 ἂνξδῖς¹
3116 3853 3272 3953 ἔργον
3329 3877 3438 3950 εἶχε
3482 3853 3789 3953 πολεμεῖν..Εἱ

2226 3969 2328 4043 γὰρ
2373 3966 2571 4041 Πέτρος
2600 3965 2786 4028 καλῶς
2814 3970 2963 4021 ποιεῖ
2992 3945 3323 4044 συγχωρῶν,
3377 3945 3437 4018 τί
3487 3960 3556 4033 μὴ
3584 3953 3663 4010 καὶ
3704 3945 3752 4001 οὗ
3778 3958 3789 4009 ἓ

2228 4055 2382 4135 φησί.
2414 4055 2482 4112 Τί
2533 4051 2709 4110 δὲκαὶ
2757 4053 2946 4129 μέμφῃ
2994 4042 3225 4127 πικρῶς,
3282 4057 3346 4127 ἣν
3404 4042 3678 4135 οἱκονομίοςι
3722 4053 3788 4089 κα·

2231 4142 2388 4212 λεῖς;
2422 4146 2525 4200 Ἔα
2553 4141 2804 4218 πράττειν
2863 4144 2955 4199 καὶ
3008 4146 3085 4216 μὴ
3136 4144 3382 4217 ἐπιτίμα,
3419 4139 3501 4195 καὶ
3549 4134 3614 4193 ὡς
3640 4127 3688 4185 ἄν
3731 4140 3790 4222 mf

2232 4232 2394 4312 φίλον
2447 4232 2703 4305 ὀνόμαζε,
2764 4231 2870 4288 εἴτε
2953 4233 3296 4307 οἰκονομίαν,
3378 4229 3477 4284 εἴτε
3542 4220 3690 4294 δόγμα
3725 4220 3788 4312 κξιί

2234 4316 2538 4395 ἀκρίϐειαν.
2564 4324 2745 4377 Ταῦτα
2773 4319 2833 4375 ἄν
2879 4319 2968 4375 καὶ
3000 4320 3321 4399 ἐλογίζοντο
3349 4317 3435 4375 καὶ
3490 4312 3649 4385 ἔλεγον
3691 4297 3788 4396 τεῆς

2233 4411 2327 4467 τὸν
2358 4409 2599 4479 Παῦλον,
2632 4410 2678 4465 εἰ
2711 4410 2847 4464 κατᾶ
2887 4410 3203 4484 οἰκονομίαν
3250 4412 3365 4466 εἷπε
3416 4406 3532 4463 τοὺς
3572 4394 3673 4469 περὶ
3713 4394 3786 4443 Πέα

2233 4519 2360 4574 τρον
2388 4500 2487 4568 τὴν
2516 4500 2820 4574 περιτομὴν
2869 4481 3284 4563 καταδέχεσθαι.
3318 4496 3474 4570 Ψυχὴ
3527 4488 3615 4566 γὰρ
3644 4481 3786 4574 in“?

2161 4569 2205 4631 Ῑ)
2242 4568 2371 4660 μένη
2417 4588 2539 4660 περί
2587 4568 2673 4654 τι,
2713 4568 2930 4663 *μικρᾶς
2986 4588 3076 4643 καὶ
3130 4597 3232 4659 τῆς
3286 4568 3544 4661 τυχούσης
3594 4568 3785 4663 ἆξορμῆ(

2239 4671 2544 4750 λαϐομένη,
2580 4673 2746 4731 πλέον
2780 4661 2927 4748 αυτῷ
2980 4677 3279 4734 οἷ’κειοῦται
3332 4673 3416 4730 καὶ
3460 4661 3784 4750 περιπλέκετρία

2241 4766 2334 4820 Διὸ
2366 4739 2546 4840 σοφῶς
2581 4763 2707 4838 ἃγαν
2742 4765 2769 4819 ὁ
2829 4739 3067 4832 Παῦλος,
3126 4767 3187 4822 τὸ
3248 4767 3338 4840 μὲν
3396 4766 3489 4827 τῆς
3524 4739 3784 4839 Ἶοίγονομίξς

2241 4851 2388 4916 ὅλως
2428 4853 2739 4922 ἀποσιωπᾷ,
2800 4849 3044 4927 δριμέως
3099 4851 3155 4910 δὲ
3211 4853 3513 4910 καθάπτεται
3563 4844 3647 4906 τῆς
3687 4844 3783 4930 “Pf'

2241 4944 2394 5014 ξεωςν
2446 4941 2535 4996 καὶ
2593 4941 2668 5002 ὡς
2734 4946 3185 5017 παρανομοῦντας
3260 4939 3410 5011 δῆθεν
3464 4929 3787 5017 ἔλέγχξςῃτουε

2242 5029 2723 5107 συγχωρήσαντας,
2750 5005 2838 5084 ’ἱνα
2898 5005 2976 5102 τά)
3036 5029 3255 5108 σφοδρῴ
3309 5005 3403 5098 ίιῆς
3456 5017 3561 5095 περὶ
3606 5005 3782 5108 ἐκείνςῆ

2246 5093 2637 5193 ἐπίτιμήσεως,
2698 5117 2825 5180 τοὺς
2886 5093 3112 5189 ἀληθῶς
3168 5093 3786 5196 καρανομοῦνταςιπτοῆῖξλ

2244 5209 2332 5262 καὶ
2394 5206 2782 5283 διορθώσηται.
2843 5209 2936 5263 Διὸ
2993 5208 3080 5266 καὶ
3159 5207 3435 5265 δοκοῦντας
3500 5188 3779 5283 αὐτοίξίν.και

2245 5297 2749 5373 κατεγνωσμένους,
2807 5298 2897 5353 καὶ
2959 5299 3429 5374 ὑποκρινομένους,
3455 5286 3531 5344 καῖ
3584 5270 3783 5379 μῆηόρθῗ

2247 5381 2565 5454 ποδοῦντας,
2597 5385 2659 5439 οὐ
2686 5388 3027 5461 παραιτεῖταί
3067 5386 3276 5457 καλεῖν,
3318 5385 3400 5439 ἵνα
3453 5375 3586 5451 μόνον
3624 5369 3776 5464 τὸρτιέυ

2249 5473 2492 5548 Χριστοῦ
2522 5440 2785 5549 κῖἡρυγμέι
3139 5440 3149 5444 ﬁ
3164 5440 3358 5535 hirta):
3407 5440 3775 5554 ἀλλήλοξξὲῗῗ

2248 5567 2346 5619 τοῦ
2405 5561 2762 5638 κηρύγματος
2820 5562 3096 5639 ἐθάρρουν,
3145 5564 3234 5619 καὶ
3286 5553 3560 5633 τηλικούτῳ
3600 5537 3768 5639 ea???

2260 5612 2341 5619 ’ν’
2407 5612 2760 5638 "'l|"|t"""‘
2822 5612 2939 5639 v'wr
2989 5612 3096 5634 ’⁷⁷⁷
3146 5612 3234 5619 ’⁷⁷⁷⁷
3297 5612 3385 5633 ’Ἰ”“
3535 5612 3544 5621 ’

2251 5648 2557 5726 συνδέσμῳ,
2585 5650 2660 5712 ὡς
2690 5648 2905 5722 δεῆσαν,
2936 5612 2999 5708 ἓν
3027 5654 3173 5710 οὕτω
3218 5654 3374 5730 τύχῃ,
3403 5644 3480 5704 8ιά
3523 5640 3602 5703 τῆς
