4048 6250
307 365 470 428 1109

1353 369 1762 430 ΟΟΜΜΕΝΤ.
1812 370 1891 427 IN
1940 369 2187 429 EPIST.
2235 369 2337 427 AD
2384 368 2658 428 GALAT.

3565 370 3721 430 1110

310 498 429 555 λων
460 499 853 573 καταγνώσεως
886 502 976 555 τὸν
1016 506 1112 556 τοῦ
1169 501 1520 576 κηρύγματος
1575 503 1959 573 κραταιοῦσθαι

2085 501 2267 572 arguit
2296 517 2395 555 eos
2430 500 2528 571 qui
2552 505 2985 567 concesserant,
3019 506 3083 555 ut
3130 503 3501 556 vehementia
3530 503 3721 557 incre-

312 585 507 663 λόγον,
541 586 683 659 μηδὲ
714 593 880 643 τοῦτο
914 594 1307 663 παραιτεῖσθαι.
1342 589 1446 645 Καὶ
1499 586 1587 643 τίνα
1633 594 1800 644 τοῦτο
1862 588 1965 661 μά-

312 688 419 752 θῃς
453 672 718 751 ἀκριϐῶς,
779 680 986 733 σκόπει·
1048 678 1261 740 Παῦλος
1316 677 1404 733 διὰ
1459 682 1566 732 τῶν
1625 677 1963 733 Ἐπιστολῶν

312 768 715 841 καταγινώσκει
750 769 977 842 Πέτρου,
1018 769 1108 822 καὶ
1143 769 1342 842 Πέτρος
1376 765 1465 823 διὰ
1509 775 1609 837 τῆς
1643 766 1968 837 Ἐπιστολῆς

310 853 654 929 ἐγκωμιάζει
683 855 918 921 Παῦλον,
951 857 1041 911 καὶ
1065 858 1160 917 τὰς
1212 858 1560 925 Ἐπιστολὰς,
1617 857 1803 936 σοφίας
1834 862 1968 912 Θεοῦ

307 946 405 999 καὶ
442 946 669 1022 χάριτος
714 946 851 999 εἶναι
884 943 1118 1018 πλήρεις
1154 951 1436 1020 μαρτυρεῖ,
1494 946 1582 1000 καὶ
1640 946 1767 1008 τοὺς
1801 946 1967 1018 ἀστη-

313 1034 564 1108 ρίκτους,
600 1036 691 1087 τὸν
747 1035 799 1088 ἐν
851 1035 1036 1096 αὐταῖς
1077 1036 1450 1110 κεκρυμμένον
1517 1040 1665 1103 νοῦν,
1729 1035 1789 1090 οὐ
1848 1058 1970 1090 συν-

316 1124 477 1188 ιέναι,
511 1121 660 1176 ἀλλὰ
695 1124 783 1176 καὶ
817 1120 1154 1198 διαστρέφειν
1200 1120 1425 1194 ἀναϐοᾷ.
1487 1122 1713 1185 Ἀλλῶς
1745 1122 1823 1192 δὲ,
1879 1127 1969 1180 καὶ

313 1214 537 1274 Παῦλος
592 1212 724 1286 ὑπὲρ
765 1217 860 1267 τοῦ
919 1213 1267 1288 κηρύγματος
1357 1218 1525 1268 ταῦτα
1578 1214 1703 1287 περὶ
1764 1213 1967 1288 Πέτρου

314 1300 513 1376 λέγων,
546 1303 681 1356 κατᾶ
712 1300 857 1356 πολὺ
890 1300 1055 1357 πλέον
1115 1304 1305 1357 ἑαυτοῦ
1360 1302 1601 1376 περιέπει
1655 1307 1844 1357 τοῦτον
1877 1305 1964 1360 καὶ

310 1396 468 1462 τιμᾷ.
496 1390 562 1447 Τί
595 1391 697 1465 γάρ
730 1389 870 1444 ἐστιν
907 1391 982 1455 εἰς
1014 1390 1180 1467 λόγον
1215 1387 1447 1465 ὕϐρεως,
1479 1392 1542 1447 τὸ
1574 1389 1748 1446 δοκεῖν
1778 1392 1965 1465 καὶμή

313 1477 661 1553 δρθοποδεῖν,
694 1482 830 1554 πρὸς
850 1481 911 1533 τὸ
944 1480 1185 1547 ἀνάθεμα
1216 1480 1352 1535 εἶναι
1388 1481 1492 1535 ἀπὸ
1549 1484 1644 1534 τοῦ
1684 1485 1915 1555 Χριστοῦ
1949 1503 1964 1545 ς

317 1592 345 1618 ‹‹
382 1572 491 1636 Τῆς
522 1576 853 1642 περιτομῆς,
891 1594 918 1619 ››
952 1570 1091 1635 οἷον,
1123 1574 1232 1623 τῶν
1270 1567 1570 1625 Ἰουδαίων.

2077 590 2336 661 pationis
2370 590 2528 645 circa
2560 590 2714 655 illos,
2749 596 2999 645 terreret
3028 607 3096 645 ac
3125 591 3447 662 corrigeret
3488 608 3588 646 eos
3620 592 3722 663 qui

2072 696 2206 735 vere
2234 685 2697 751 transgressores
2715 685 2883 734 erant
2908 696 2919 733 :
2950 680 3081 736 ideo
3100 697 3335 750 quoque
3355 697 3473 734 non
3496 688 3728 737 veretur

2078 770 2237 840 ipsos
2264 770 2458 824 dicere
2489 769 2642 823 visos
2674 769 2735 823 in
2784 769 2971 840 pretio
3010 786 3159 835 esse,
3218 776 3275 824 et
3330 772 3724 841 reprehensos

2079 875 2146 912 ac
2178 858 2506 919 simulatos,
2541 865 2600 913 et
2629 874 2747 912 non
2804 866 2962 914 recte
3020 859 3382 927 incedentes,
3418 861 3610 914 solum
3657 866 3725 916 ut

2078 947 2292 1002 Christi
2308 947 2786 1018 praedicationem
2802 948 3213 1003 conﬁrmaret:
3236 955 3460 1003 tantum
3491 950 3720 1005 ﬁduciaa

2080 1036 2151 1090 de
2184 1053 2245 1089 se
2278 1042 2484 1090 mutuo
2517 1053 2695 1107 super
2722 1037 3138 1107 praedicatione
3173 1038 3720 1109 habebant.talique

2078 1128 2499 1197 conjunctione
2539 1127 2787 1181 connexi
2848 1132 3034 1193 erant,
3097 1134 3161 1181 ut
3207 1134 3501 1197 optarent,
3548 1129 3595 1182 si
3644 1128 3725 1183 ita

2078 1234 2171 1272 res
2202 1218 2515 1287 ferret.per
2543 1223 2809 1271 mutuam
2841 1218 3405 1287 compensationem,
3439 1218 3725 1288 prmdica-

2078 1307 2256 1360 tionis
2278 1306 2618 1361 confirmari
2641 1322 3000 1369 sermonem,
3017 1322 3207 1377 neque
3233 1307 3341 1361 hoc
3365 1306 3717 1362 devitarent.

2077 1398 2263 1465 thue
2296 1396 2405 1450 hoc
2438 1396 2700 1466 apertius
2730 1396 2943 1459 discas,
2978 1396 3288 1451 considera
3322 1396 3567 1451 :Paulus
3599 1397 3721 1451 suis

2076 1484 2356 1554 Epistolis
2387 1483 2743 1539 condemnat
2772 1486 3030 1540 Petrum.
3066 1487 3273 1540 Petrus
3302 1501 3435 1539 vero
3470 1502 3575 1541 sua
3596 1486 3724 1558 Epi-

2078 1572 2230 1627 stola
2258 1572 2557 1627 collaudat
2612 1573 2862 1627 Paulum
2895 1576 2937 1637 ³,
2984 1574 3229 1643 ejusque
3292 1574 3578 1645 Epistolas
3618 1574 3721 1630 Dei

319 1660 619 1729 sapientia
650 1664 707 1714 et
736 1660 924 1731 gratia
952 1660 1159 1731 plenas
1187 1677 1315 1715 esse
1348 1666 1615 1724 testatur,
1642 1665 1700 1715 et
1728 1676 1937 1731 parum
1962 1660 2165 1715 ﬁrmos
2196 1662 2473 1717 latentem
2532 1662 2593 1715 in
2647 1662 2767 1716 illis
2825 1678 2942 1716 non
2994 1664 3227 1733 assequi
3289 1680 3551 1730 sensum,
3610 1678 3711 1718 seu

314 1754 653 1819 pervertere
678 1749 1028 1804 conclamat.
1066 1752 1357 1803 Prmterea
1388 1766 1522 1804 vero
1556 1751 1732 1804 etiam
1766 1749 1985 1805 Paulus
2017 1751 2115 1820 qui
2150 1751 2307 1805 circa
2338 1751 2821 1821 praedicationem
2854 1753 2978 1805 haec
3010 1751 3081 1805 de
3112 1754 3284 1805 Petro
3320 1752 3480 1819 dicit,
3544 1753 3715 1825 longe

313 1838 577 1908 amplius
610 1854 788 1907 quam
825 1839 1084 1908 seipsum
1118 1839 1274 1893 hunc
1299 1838 1514 1893 excolit
1543 1844 1601 1892 et
1631 1838 1902 1893 honorat.
1938 1838 2088 1904 Quid
2120 1840 2276 1894 enim
2312 1845 2400 1893 est
2428 1840 2486 1893 in
2521 1856 2792 1893 sermone
2833 1840 3168 1905 calumnias,
3227 1840 3409 1895 videri
3470 1842 3529 1895 in
3582 1857 3713 1913 pre-

317 1926 397 1980 tio
431 1942 583 1990 esse,
615 1932 669 1981 et
692 1944 809 1981 non
841 1932 999 1981 recte
1033 1927 1330 1993 incedere,
1356 1928 1403 1981 si
1436 1928 1708 1982 conferas
1738 1927 1811 1982 ad
1844 1928 2162 1983 anathema
2192 1945 2322 1983 esse
2380 1945 2414 1983 a
2471 1928 2701 1982 Christo
2723 1927 2750 1981 ?
2783 1950 2807 1977 «
2842 1929 3345 1995 Circumcisionis,
3405 1950 3432 1977 »
3488 1930 3597 1984 hoc
3630 1935 3725 1984 est

315 2015 674 2070 Judmorum.

390 2104 484 2157 Καὶ
522 2104 738 2157 γνόντες
768 2104 865 2157 τῆν
904 2105 1064 2157 γάοιν
1109 2104 1206 2157 τῆν
1264 2102 1509 2157 δοθεῖσάν
1582 2126 1673 2157 μοι
1706 2104 1775 2157 Ἰοῖ

434 2104 484 2156 αὶ
522 2104 738 2178 γνόντες
768 2104 865 2170 τήν
904 2105 1064 2178 χάριν
1109 2104 1206 2171 τὴν
1264 2102 1509 2168 δοθεῖσάν
1581 2126 1673 2176 μοι
1706 2099 1963 2165 Ἰάκωὸος
1995 2110 2038 2173 Β

316 2192 403 2247 καὶ
438 2196 627 2270 Κηφᾶς
660 2193 745 2245 καὶ
785 2193 1063 2262 Ἰωάννης,
1126 2195 1175 2247 οἱ
1237 2190 1518 2255 δοκοῦντες
1578 2192 1767 2249 στῦλοι
1800 2195 1959 2261 εἶναι,

318 2279 490 2353 δεξιὰς
522 2278 726 2335 ἔδωκαν
761 2281 885 2354 ἐμοὶ
917 2284 1003 2336 καὶ
1045 2278 1291 2357 Βαρνάϐᾳ
1322 2282 1627 2350 κοινωνίας,
1673 2281 1761 2336 ’ίνα
1800 2285 1962 2355 ἡμεῖς

317 2368 390 2431 εἷς
416 2372 481 2425 τὰ
514 2366 662 2440 ἔθνη,
695 2371 847 2426 αὐτοὶ
883 2369 940 2425 δὲ
970 2373 1047 2433 εἰς
1104 2375 1205 2441 τὴν
1260 2374 1591 2447 περιτομὴν,
1655 2372 1815 2443 μόνον
1855 2377 1962 2425 τῶν

315 2464 554 2538 πτωχῶν
585 2459 671 2514 ἳνα
706 2460 1155 2534 μνημονεύωμεν.
1206 2464 1271 2518 Ὃ
1329 2464 1417 2516 καὶ
1478 2458 1782 2516 ἐσπούδασα
1838 2461 1967 2516 αὐτὸ

314 2553 476 2604 τοῦτο
499 2557 747 2618 ποιῆσαι.

398 2751 424 2777 ‹‹
465 2728 561 2783 Καὶ
601 2729 816 2803 γνόντες
846 2732 945 2799 τήν
979 2730 1155 2803 Λάριν.
1185 2734 1339 2800 »Τῆς
1372 2728 1619 2801 δοθείσης
1638 2731 1783 2801 αὐτῷ
1806 2731 1968 2805 χάρι-

329 2836 420 2877 τος
450 2816 571 2875 τοὺς
604 2817 724 2891 περί
763 2820 963 2891 Πέτρον
992 2820 1217 2895 παράγει
1255 2822 1547 2894 μάρτυρας.
1594 2844 1620 2871 ‹‹
1653 2820 1719 2876 Οἱ
1743 2817 1969 2873 δοκοῦν-

325 2926 410 2965 τες
444 2906 655 2961 στῦλοι.
685 2930 712 2958 ››
756 2908 820 2964 Οἱ
854 2906 1027 2976 ὄντες,
1061 2909 1216 2984 φησί,
1242 2906 1435 2963 στῦλοι
1464 2916 1563 2977 τῆς
1595 2908 1848 2975 πίστεως,
1879 2908 1967 2961 καὶ

325 3001 449 3049 πᾶσι
483 2993 795 3058 δοκοῦντες.
847 3024 872 3048 ‹‹
910 2999 1089 3067 Δεξιὰς
1122 2995 1348 3053 ἔδωκαν.
1383 3026 1402 3051 ι
1439 3001 1554 3053 Ὃτι
1594 3000 1771 3065 κοινὰ,
1812 2996 1967 3076 φησὶ,

325 3085 390 3140 τὰ
421 3082 692 3158 δόγματα,
727 3088 811 3141 καὶ
849 3088 931 3141 ὅτι
963 3087 1256 3150 κοινωνοὺς
1289 3091 1436 3160 ἡμᾶς
1497 3089 1718 3149 ἑαυτοὺς
1766 3086 1968 3157 ἐποιή-

325 3195 478 3228 σαντο
503 3174 581 3234 εἰς
612 3175 672 3229 τὸ
703 3176 1091 3251 κήρυγμα.Διὰ
1106 3181 1263 3231 τοῦτο
1288 3177 1389 3252 γὰρ
1420 3177 1509 3231 καὶ
1541 3175 1715 3249 δεξιὰς
1738 3172 1967 3243 ἔδωκαν,

324 3260 620 3332 δηλοῦντες
653 3264 734 3318 ὅτι
766 3264 1078 3337 ἀρέσκονται
1109 3269 1188 3335 τῷ
1238 3264 1509 3337 ἡμετέρῳ,
1579 3264 1734 3338 φησί,
1793 3262 1965 3337 κηρό-

324 3373 515 3427 γματι,
552 3350 640 3406 διὰ
668 3353 731 3407 τὸ
779 3354 916 3408 εἶναι
955 3353 1146 3409 ταύτὸν
1178 3358 1258 3425 τῷ
1316 3354 1554 3409 ἐκείνων.
1591 3377 1618 3404 ‹‹
1646 3356 1758 3408 Ἵνα
1803 3355 1966 3425 ἡμεῖς

325 3441 419 3512 μὶν
445 3442 520 3503 εἷς
552 3442 617 3495 τὰ
651 3440 798 3512 ἔθνη,
836 3468 861 3493 υ
892 3445 1000 3499 ’Ἱνα
1029 3447 1194 3517 ἡμεῖς
1231 3445 1322 3516 μὲν
1357 3444 1432 3504 εἰς
1490 3443 1554 3497 τὰ
1593 3440 1737 3512 ἔθνη,
1779 3442 1967 3518 φησὶν,
1997 3475 2040 3541 C

320 3530 513 3584 ἐκεῖνοι
548 3528 603 3585 δὲ
644 3532 789 3602 παρά
844 3530 1130 3594 Ἰουδαίοις
1182 3533 1477 3607 κηρύξωσι.
1535 3558 1561 3583 ‹‹
1624 3532 1801 3588 Μόνον
1858 3536 1964 3585 τῶν

325 3626 587 3694 πτωχῶν.
630 3647 647 3669 ι
686 3622 757 3675 Τὸ
780 3624 1059 3696 κήρυγμα,
1092 3624 1245 3697 φησὶ,
1289 3620 1629 3694 διελόμενοι,
1661 3621 1787 3681 τοὺς
1821 3642 1970 3674 πτω-

325 3710 462 3786 χοὺς
493 3710 817 3782 ἀμερίστους
838 3707 1058 3783 ἔχομεν.
1091 3713 1255 3769 Οὗτοι
1288 3709 1343 3767 δὲ
1374 3714 1507 3780 ἦσαν
1543 3713 1594 3765 οἱ
1651 3710 1795 3785 παρὰ
1860 3714 1966 3764 τῶν

328 3796 478 3851 ἰδίων
510 3797 866 3874 συμφυλετῶν
894 3804 998 3853 τῶν
1036 3801 1113 3872 μὴ
1142 3802 1541 3855 πιστευσάντων
1572 3797 1968 3873 διαρπαγέντες,

328 3881 415 3939 διὰ
444 3886 541 3952 τὴν
573 3885 647 3946 εἷς
687 3886 917 3959 Χριστὸν
950 3888 1150 3945 πίστιν.

928 4160 1188 4220 ΚΕΦΑΛ.
1224 4163 1293 4219 Γ“.

326 4250 453 4320 Περί
483 4258 581 4319 τῆς
611 4252 747 4324 πρὸς
778 4257 960 4343 Κηφᾷν
991 4252 1380 4343 αντιρρήσεως,
1413 4256 1534 4343 περὶ
1579 4260 1679 4323 τῆς
1712 4253 1765 4308 ἐν
1794 4255 1969 4310 πίστει

751 4326 839 4377 καὶ
864 4322 962 4378 ὁὺκ
987 4322 1039 4379 ἐν
1070 4322 1224 4397 νόμῳ
1249 4322 1541 4399 σωτηρίας.

396 4413 522 4469 Ὀτε
569 4409 624 4467 δὲ
698 4413 834 4481 ἦλθε
935 4414 1134 4487 Πέτρος
1229 4416 1306 4476 εἷς
1412 4416 1778 4489 Ἀντιόχειαν,
1836 4417 1970 4470 κατὰ

326 4503 620 4573 πρόσωπον
718 4504 868 4575 αὖτῷ
967 4502 1249 4575 ἀντέστην,
1346 4503 1431 4558 ὅτι
1533 4507 1973 4579 κατεγνωσμένος

327 4590 416 4659 ἦν.
496 4592 609 4667 Πρὸ
684 4598 779 4647 τοῦ
852 4593 951 4667 γὰρ
1029 4592 1204 4656 ἐλθετν
1281 4614 1428 4656 τινας
1506 4595 1609 4649 ἀπὸ
1686 4589 1969 4663 Ἰακώϐου,

334 4682 466 4753 μετὰ
520 4686 627 4735 τῶν
697 4681 861 4737 ἐθνῶν
918 4684 1214 4751 συνήσθιεν.
1286 4684 1412 4739 Ὀτε
1483 4680 1539 4738 δὲ
1612 4682 1807 4751 ἦλθον,
1869 4684 1973 4738 ὑπ-

331 4769 581 4826 έστελλεν
660 4778 748 4825 καί
806 4772 1075 4848 ἀφώριζεν

935 4414 1134 4487 Πέτρος
1229 4416 1306 4476 εἷς

1163 4772 1368 4839 ἑαυτὸν,
1450 4767 1725 4850 φοϐούμεν
1736 4794 1792 4836 ος
1845 4772 1973 4836 τοῦς

2140 2105 2211 2172 Il,
2242 2109 2297 2172 Ο,
2333 2106 2416 2161 10.
2461 2107 2701 2176 Cumque
2757 2109 3132 2175 cognovissent
3162 2111 3403 2176 gratiam
3450 2109 3588 2162 mihi
3618 2109 3721 2162 da-

2075 2204 2186 2249 tam
2215 2196 2466 2260 Jacobus,
2501 2202 2551 2249 et
2582 2196 2811 2265 Cephas,
2870 2204 2922 2249 et
2978 2198 3234 2260 Joannes,
3268 2200 3364 2266 qui
3394 2198 3724 2251 videbantur

2073 2302 2182 2340 esse
2241 2287 2527 2353 columna,
2581 2286 2805 2339 demtras
2859 2286 3126 2339 dederunt
3176 2287 3311 2341 mihi
3366 2294 3417 2341 et
3458 2287 3725 2341 Barnabas

2074 2374 2402 2429 societatis:
2460 2381 2521 2427 ut
2564 2390 2660 2428 nos
2706 2375 2928 2443 quidem
2987 2376 3043 2428 in
3101 2382 3299 2442 gentes,
3355 2378 3465 2446 ipsi
3511 2394 3634 2432 vero
3666 2376 3728 2430 in

2077 2465 2559 2528 circumcisionem,
2628 2464 2935 2532 apostolatu
3018 2466 3378 2531 fungeremur
3434 2484 3455 2529 ;
3513 2472 3727 2519 tantum

2076 2561 2137 2608 ut
2154 2555 2497 2623 (pauperum
2544 2568 2803 2607 memores
2861 2568 3109 2619 essemus,
3146 2552 3202 2606 in
3251 2570 3359 2622 quo
3384 2561 3436 2609 et
3493 2555 3729 2623 diligens

2075 2642 2163 2709 fui
2193 2648 2251 2694 ut
2281 2641 2378 2695 hoc
2408 2643 2585 2710 ipsum
2622 2644 2877 2709 facerem.

2149 2732 2413 2800 Cumque
2446 2730 2861 2801 cognovissent
2890 2731 3159 2801 gratiam.
3198 2752 3225 2779 »
3250 2731 3409 2786 Dataa
3442 2731 3552 2785 sibi
3600 2747 3730 2803 gra-

2078 2821 2173 2875 tias
2201 2826 2379 2875 testes
2394 2819 2665 2890 producit
2686 2821 2923 2874 Petrum
2941 2826 3107 2875 eteos
3134 2822 3232 2891 qui
3248 2838 3377 2875 cum
3396 2822 3523 2893 ipso
3542 2828 3729 2876 erant.

2080 2935 2105 2962 (ι
2141 2912 2247 2977 Qui
2272 2910 2621 2965 videbantur
2651 2910 2965 2965 columnae.
3002 2934 3029 2959 »
3063 2913 3169 2975 Qui
3194 2918 3380 2973 erant,
3414 2913 3729 2983 inquit,co-

2078 3001 2298 3056 lumnaa
2340 2999 2477 3053 fidei
2510 3005 2567 3053 et
2587 3000 2865 3054 omnibus
2888 3017 3015 3055 esse
3040 3000 3449 3055 videbantur.«
3482 3002 3727 3056 Dextras

2079 3091 2389 3145 dederunt.
2427 3112 2453 3139 ››
2478 3090 2847 3153 Communia,
2876 3091 3089 3161 inquit,
3137 3091 3405 3145 fecerunt
3461 3092 3731 3162 dogmata

2079 3197 2146 3235 ac
2170 3196 2275 3233 nos
2298 3178 2457 3249 ipsos
2488 3178 2560 3232 ad
2593 3179 3074 3248 przedicationem
3120 3180 3311 3234 socios
3376 3181 3730 3235 asciverunt.

2082 3272 2399 3340 Propterea
2429 3268 2584 3322 enim
2619 3274 2677 3321 et
2706 3268 2940 3322 dextras
2980 3269 3292 3335 dederunt,
3357 3270 3507 3324 730
3554 3269 3731 3341 signi-

2081 3359 2327 3412 ﬁcantes
2349 3362 2573 3429 gratam
2597 3356 2740 3426 ipsis
2764 3372 2892 3411 esse
2925 3364 3188 3412 nostram
3222 3357 3725 3429 praedicationem,

2081 3464 2148 3501 eo
2181 3444 2339 3517 quod
2361 3445 2567 3500 eadem
2602 3450 2757 3499 esset
2783 3463 2918 3500 cum
2963 3447 3383 3517 pradicatione
3413 3447 3676 3517 ipsorum
3712 3464 3725 3502 :

2083 3559 2110 3586 «
2142 3538 2213 3591 Ut
2241 3552 2349 3589 nos
2385 3534 2625 3605 quidem
2653 3535 2710 3587 in
2744 3541 2968 3606 gentes.
3003 3558 3029 3584 ››
3062 3537 3133 3591 Ut
3164 3553 3293 3601 nos,
3327 3536 3541 3607 inquit.
3575 3536 3731 3589 inter

2078 3631 2282 3698 gentes
2304 3624 2782 3695 prmdicaremus,
2814 3624 2922 3695 ipsi
2948 3641 3080 3680 vero
3104 3626 3260 3695 apud
3288 3625 3730 3682 Judzeos.«Tan-

2082 3722 2205 3769 tum
2237 3719 2304 3767 ut.
2334 3728 2681 3783 pauperum.
2720 3735 2745 3760 ››
2808 3713 3255 3775 Praedicatione,
3288 3714 3502 3784 inquit,
3536 3713 3730 3781 divisi,

2080 3819 2371 3876 pauperes
2420 3803 2708 3856 habemus
2767 3803 3068 3857 indivisos.
3114 3805 3180 3857 Hi
3238 3820 3373 3857 vero
3441 3820 3730 3873 pauperes

2081 3891 2377 3961 erant.qui
2412 3891 2572 3944 asuis
2603 3891 3036 3945 contribulibus
3068 3891 3413 3952 incredulis,
3437 3890 3723 3945 bonorum

2080 3980 2475 4051 direptionem
2535 3984 2777 4049 propter
2834 3979 3011 4034 fidem
3094 3981 3155 4034 in
3214 3980 3511 4034 Christum
3570 3982 3726 4051 passi

2080 4076 2251 4125 erant
2274 4073 2314 4127 ‘.

2715 4161 2944 4215 CAPUT
2983 4160 3082 4213 III.

2080 4255 2157 4308 De
2187 4252 2546 4309 altercatione
2589 4253 2844 4307 adversus
2875 4249 3109 4319 Cepham
3163 4248 3229 4302 de
3282 4248 3455 4303 salute
3513 4252 3569 4303 in
3618 4250 3724 4317 ﬁde

2613 4326 2721 4378 sita
2748 4329 2799 4376 et
2822 4337 2931 4374 non
2960 4322 3019 4374 in
3054 4321 3186 4388 lege.

2154 4418 2222 4485 ΙΙ,
2262 4419 2343 4477 ll.
2382 4416 2465 4470 13.
2502 4416 2636 4471 Cum
2664 4421 2848 4468 autem
2878 4412 3107 4467 venisset
3128 4413 3318 4466 Petrus
3348 4410 3725 4478 Antiochiam,

2075 4508 2269 4577 palam
2306 4505 2396 4559 illi
2443 4508 2622 4560 restiti
2674 4520 2734 4558 eo
2780 4504 2928 4574 quod
2968 4501 3323 4570 reprehensus
3377 4506 3529 4554 esset.
3590 4500 3728 4554 Nam

2080 4600 2373 4665 antequam
2402 4597 2666 4649 venisth
2686 4593 2912 4663 quidam
2949 4608 2983 4645 a
3001 4590 3223 4657 Jacobo,
3254 4605 3369 4642 unu
3388 4604 3509 4643 cum
3548 4589 3728 4658 genti-

2087 4686 2182 4739 bus
2226 4686 2468 4739 sumebat
2516 4683 2692 4738 cibum
2733 4699 2745 4747 ;
2788 4696 2907 4734 cum
2950 4686 3132 4733 autem
3172 4680 3461 4746 venissent,
3500 4680 3723 4733 vereba-

2083 4782 2173 4830 tur
2201 4791 2263 4828 ac
2305 4774 2592 4844 separabat
2621 4788 2675 4825 se
2720 4771 2787 4824 ab
2836 4769 2967 4837 illis,
3010 4774 3249 4822 metuens
3296 4783 3385 4821 eos
3432 4771 3530 4838 qui
3571 4775 3728 4822 erant

332 4858 391 4913 ἰκ
448 4869 772 4934 περιτομῆς,
858 4861 947 4915 καὶ
1033 4860 1490 4933 συνυπεκρίθησαν
1547 4861 1713 4933 αὐτῷ,
1766 4861 1854 4915 καὶ
1923 4862 1969 4916 οἱ

2085 4882 2153 4919 ea:
2206 4863 2669 4918 circumcisione:
2719 4876 2783 4914 ac
2816 4858 3155 4913 simulabant
3220 4873 3341 4911 cum
3398 4857 3494 4912 illo
3543 4860 3729 4912 caeteri

331 4948 519 5005 λοιποὶ
544 4948 820 5006 Ἰουδαῖοι.
840 4953 1000 5005 Ὥστε
1020 4949 1107 5004 καὶ
1139 4945 1418 5025 Βαρνάϐας
1440 4952 1765 5024 συναπήχθη
1796 4950 1973 5005 αὐτῶν

325 5046 393 5114 τῇ
427 5041 727 5114 ὑποκρίσει.

398 5131 478 5186 Οὐ
515 5129 702 5208 μάχης
737 5128 863 5185 οὐδὲ
916 5131 1310 5207 καταγνώσεως
1357 5133 1445 5199 ἦν,
1488 5130 1550 5184 τὸ
1608 5132 1699 5185 τὸν
1760 5128 1973 5184 Παῦλον

327 5220 639 5287 ἀντιστῆναι
668 5224 749 5290 τῷ
782 5221 991 5294 Πέτρῳ,
1016 5218 1144 5274 ἀλλ’
1192 5218 1527 5290 οἰκονομίας.
1588 5215 1811 5287 Ἐπειδή
1868 5220 1970 5294 γὰρ

328 5307 417 5364 διὰ
474 5305 862 5382 συγκατάϐασιν
933 5312 988 5363 οἱ
1044 5312 1166 5385 περί
1229 5309 1427 5384 Πέτρον
1498 5309 1549 5362 ἐν
1608 5310 1972 5382 Ἰερουσαλὴμ

329 5400 674 5472 συνεχώρουν
706 5400 804 5466 τὴν
834 5402 1160 5474 περιτομὴν,
1194 5401 1328 5454 κατὰ
1380 5399 1570 5472 μικρὸν
1635 5398 1968 5473 βουλόμενοι

328 5490 454 5549 τοὺς
486 5487 536 5557 ἐξ
579 5486 853 5545 Ἰουδαίων
912 5487 999 5542 ἐπὶ
1038 5489 1101 5543 τὸ
1153 5488 1361 5543 τέλειον
1413 5490 1647 5563 ἀγαγεῖν,
1708 5486 1882 5551 ἒλθὼν
1940 5489 1968 5541 ὁ

407 5668 473 5723 ³1
502 5670 650 5727 Petr.
686 5686 764 5738 Ill,
801 5673 884 5726 ιιι.
917 5669 940 5704 ⁴
971 5670 1143 5726 Hebr.
1177 5688 1232 5726 ι.
1258 5670 1347 5725 34.

2085 4969 2299 5025 quoque
2325 4952 2545 5007 Judaei:
2572 4950 2708 5004 adeo
2738 4954 2799 5002 ut
2846 4948 3125 5001 Barnabas
3156 4947 3320 5001 simul
3367 4948 3730 5002 abduceretur

2084 5045 2141 5096 in
2161 5042 2385 5096 illorum
2412 5041 2835 5094 simulationem.

2155 5133 2277 5185 Non
2301 5146 2509 5201 pugnis
2531 5134 2634 5184 aut
2653 5125 3490 5195 condemnationiserat,quod
3510 5123 3727 5179 Paulus

2082 5220 2387 5275 resisteret
2416 5216 2719 5281 Petro,sed
2752 5214 3532 5287 dispensationis.Quoniam
3564 5214 3724 5267 enim

2082 5312 2288 5364 Petrus
2321 5314 2378 5362 et
2408 5309 2507 5379 qui
2539 5324 2671 5361 cum
2704 5324 2771 5360 eo
2804 5311 2989 5371 erant,
3028 5303 3449 5373 Hierosolymis
3481 5302 3726 5357 condes-

2082 5399 2362 5453 censione
2394 5397 2648 5467 quadam
2707 5393 3130 5465 permittebant
3183 5390 3723 5458 circumcisionem,

2081 5489 2346 5543 volentes
2376 5486 2661 5558 paulatim
2693 5502 2793 5540 eos
2816 5484 2914 5554 qui
2949 5500 3018 5537 ex
3044 5481 3261 5537 Judaais
3301 5486 3473 5536 erant
3508 5481 3581 5537 ad
3603 5499 3729 5553 per-
