4048 6250
403 306 560 368 1111

1526 294 1948 359 ἚΟΟΜΕΝΙΙ
1996 298 2039 356 Τ

2158 300 2298 361 ὶΟίΕ
2343 303 2695 370 EPISCOPI
3624 319 3730 377 me

402 443 721 502 factionem
753 440 1046 495 deducere
1081 454 1095 503 ;
1128 452 1263 492 cum
1280 434 1551 505 venisset
1588 435 1797 488 Petrus
1856 433 2048 488 Antio-

2171 437 2373 511 Πέτρος
2405 440 2481 503 είς
2518 443 2878 519 Ἀντιόχειαν,
2910 443 3040 520 ἄχρι
3082 447 3180 519 μὶν
3238 442 3418 510 οὐδεὶς
3461 449 3518 514 ἦν
3570 453 3653 503 τῶν
3696 449 3731 521 ἒξ

406 537 623 599 chiam,
656 532 897 588 interim
928 528 1068 583 dum
1103 526 1295 582 ﬁdelis
1353 524 1556 580 nullus
1605 541 1675 579 ex
1704 522 1921 578 Iudaeis
1975 522 2057 577 ibi

408 630 552 687 erat,
587 624 716 679 sine
748 621 872 676 ullo
904 616 1250 674 discrimine
1281 632 1400 670 una
1429 631 1565 670 cum
1619 613 1897 686 gentibus
1955 613 2055 684 qui

407 714 784 773 crediderant
808 710 1005 766 cibum
1038 706 1346 763 sumebat:
1390 721 1525 759 cum
1556 710 1754 758 autem
1785 703 2057 757 advenis-

409 812 562 868 sent.
597 821 671 860 ne
703 819 803 859 eos
836 799 1166 856 offenderet
1196 814 1330 852 cum
1362 796 1555 850 adhuc
1602 794 1934 848 imbecilles
1974 809 2061 847 es-

412 902 563 958 sent,
596 892 908 948 verebatur
938 905 1059 943 una
1087 903 1222 944 cum
1256 886 1377 940 illis
1408 884 1601 939 edere.
1648 882 1830 951 Hujus
1859 888 2059 936 autem

411 988 680 1048 causa,ut
701 981 924 1036 dictum
954 982 1196 1042 est,erat
1215 989 1419 1029 eorum
1451 971 1848 1026 imbecillitas.
1892 968 2058 1033 Quod

406 1079 604 1130 autem
638 1069 853 1125 Paulus
883 1066 971 1121 illi
1003 1065 1199 1138 palam
1232 1069 1291 1117 et
1319 1078 1437 1117 non
1451 1061 1720 1132 privatim
1751 1058 2055 1125 restiterit,

406 1158 868 1233 dispensationis
897 1162 1044 1218 erat,
1072 1152 1416 1208 utvidentes
1443 1150 1545 1221 qui
1576 1166 1641 1203 ex
1673 1147 1888 1203 Iudaeis
1919 1162 2054 1201 cre-

408 1251 902 1322 diderant,ipsum
935 1250 1360 1320 praeceptorem
1391 1258 1563 1298 suum
1596 1243 1832 1296 Petrum
1858 1239 2055 1311 palam

406 1342 570 1415 argui
601 1338 759 1411 quod
790 1353 923 1393 cum
980 1332 1345 1406 praeputiatis
1376 1347 1495 1385 non
1544 1332 2054 1397 conversarentur,

406 1445 517 1484 nec
539 1424 1063 1485 contradicentem,
1093 1420 1237 1475 731
1276 1422 1663 1489 agnoscerent
1720 1416 1878 1486 quod
1932 1431 2054 1470 non

406 1521 563 1573 esset
615 1514 896 1584 deinceps
952 1508 1283 1565 necessaria
1340 1506 1483 1578 legis
1532 1505 1863 1561 observatio
1923 1510 2055 1576 post

408 1602 718 1669 ﬁdem,sed
748 1599 935 1672 magis
966 1598 1337 1654 occasionem
1362 1595 1529 1649 daret
1557 1599 1624 1649 ut
1650 1593 2052 1665 reprehende-

404 1700 569 1749 retur
631 1696 855 1746 Petrus.
887 1688 1035 1754 Quia
1092 1702 1225 1740 vero
1278 1685 1388 1740 hoc
1436 1683 1868 1754 dispensatorie
1915 1698 2055 1753 age-

2167 525 2440 585 Ἰουδαίων
2472 534 2665 596 πιστὸς
2697 534 2827 601 ἐκεῖ,
2858 532 3170 611 ἀδιαφόρως
3205 536 3343 609 μετὰ
3394 540 3494 591 τῶν
3548 534 3590 606 ἐξ
3620 537 3734 601 ἐθνῶν

2164 620 2560 675 πιστευσάντων
2592 625 2895 694 συνήσθιεν,
2928 625 3017 680 ὅτε
3065 622 3122 681 δὲ
3174 624 3546 700 παρεγένοντο,
3570 626 3640 680 ’ἱνα
3681 631 3733 699 μὴ

2163 707 2363 771 αὐτοὺς
2394 708 2728 787 σκανδαλίσῃ
2781 707 2859 768 ἔτι
2919 714 3154 779 ἀσθενεῖς
3213 713 3392 782 ὄντας,
3451 714 3736 770 ὑπεστέλλετο

2165 798 2455 853 συνεσθίειν
2490 801 2736 865 ἐκείνοις.
2796 803 3007 860 Τούτου
3064 803 3121 860 δὲ
3179 805 3375 874 αἳτιον,
3432 806 3502 867 ὡς
3562 804 3735 879 εῗρηται,

2163 890 2197 955 ἡ
2230 886 2448 944 ἐκείνων
2482 892 2740 955 ἀσθένεια.
2773 893 2868 948 Καῖ
2912 896 2974 950 τὸ
3004 897 3095 951 τὸν
3160 894 3372 951 Παῦλον
3432 893 3485 950 δέ
3536 901 3738 971 φανερῶς,

2162 974 2308 1031 ἀλλὰ
2341 980 2415 1050 μή
2448 982 2563 1035 κατ’
2596 978 2732 1036 ἰδίαν
2765 982 3077 1052 ἀντιστῆναι
3104 988 3184 1056 τῷ
3227 979 3433 1056 Πέτρῳ,
3484 981 3739 1057 οΐκονομίιις

2162 1064 2246 1131 ἦν,
2280 1064 2364 1118 ἳνα
2392 1068 2627 1138 ὁρῶντες
2658 1072 2710 1125 οἱ
2752 1069 2804 1140 ἐξ
2842 1069 3116 1127 Ἰουδαίων
3173 1074 3353 1127 πιστοὶ
3412 1073 3497 1127 τὸν
3547 1069 3742 1127 διδάσκα-

2163 1150 2260 1207 λον
2293 1154 2452 1210 αὐτὸν
2487 1158 2694 1231 Πέτρον
2751 1159 3145 1235 ἐγκαλούμενον
3189 1164 3450 1240 φανερῶς,
3503 1161 3552 1216 τί
3589 1158 3741 1230 δήποτε

2166 1247 2241 1315 μή
2304 1245 2515 1302 σύνεστι
2572 1254 2691 1310 τοῖς
2745 1246 3102 1326 ἆκροϐύστοις
3163 1251 3253 1305 καὶ
3298 1252 3373 1324 μὴ
3430 1250 3741 1327 ἀντιλέγοντα,

2161 1340 2362 1409 γνῶσιν
2396 1336 2472 1400 ὡς
2502 1337 2564 1392 οὐ
2599 1337 2876 1414 χρειώδης
2938 1340 3129 1396 λοιπὸν
3190 1345 3226 1410 ἡ
3285 1344 3632 1416 παρατήρησις
3674 1342 3742 1396 τοῦ

2158 1423 2330 1495 νόμου
2367 1426 2499 1497 μετὰ
2527 1429 2626 1496 τὴν
2660 1428 2863 1501 πίστιν,
2920 1429 3064 1486 ἀλλὰ
3121 1430 3387 1510 πρόφασιν
3427 1434 3743 1505 παρασχοῦσα,

2157 1516 2254 1565 τοῦ
2314 1511 2643 1588 ἐγκληθῆναι
2699 1516 2926 1591 Πέτρον.
2958 1519 3080 1576 Ὀτι
3137 1516 3195 1573 δὲ
3249 1522 3409 1573 τοῦτο
3453 1517 3739 1591 ᾠκονόμητο,

2160 1607 2405 1676 φανερῶς
2438 1602 2515 1666 είς
2546 1603 2748 1682 λόγους
2787 1604 2954 1676 ἦλθεν
2987 1608 3014 1661 6
3050 1605 3265 1669 Παῦλος
3314 1612 3393 1679 τῷ
3448 1608 3634 1680 Πέτρῳ,
3676 1604 3742 1660 ’ἕνα

2159 1690 2211 1744 οἱ
2242 1688 2303 1745 ἐκ
2339 1701 2644 1767 περιτομῆς
2698 1697 2881 1750 πιστοὶ
2941 1696 3252 1766 ἀκούοντες,
3315 1699 3625 1768 μεταθῶνται
3668 1701 3742 1764 τῆς

402 1783 594 1846 batur,
626 1778 941 1836 manifeste
998 1776 1161 1831 venit
1215 1773 1432 1829 Paulus
1470 1772 1545 1826 ad
1600 1773 1708 1827 hos
1747 1788 2048 1828 sermones

2158 1787 2251 1837 τοῦ
2280 1785 2454 1870 νόμου
2498 1791 2950 1862 παρατηρήσεως·
3012 1789 3088 1848 ὡς
3146 1787 3201 1843 εἷ’
3252 1810 3313 1866 γε
3365 1790 3425 1844 τὸ
3479 1787 3656 1857 ἀληθὲς
3694 1790 3741 1854 ἦν

403 1888 537 1927 cum
569 1872 764 1931 Petro,
798 1872 863 1922 ut
891 1864 1201 1922 audientes
1232 1860 1437 1917 fideles
1496 1862 1594 1932 qui
1634 1877 1704 1915 ex
1735 1861 2047 1916 circumci-

402 1960 569 2017 sione
600 1962 788 2020 erant,
851 1958 1152 2009 mutarent
1182 1950 1328 2021 legis
1359 1949 1853 2005 observationem.
1888 1950 2052 2014 Quod

402 2050 450 2106 si
479 2064 617 2105 vera
644 2047 852 2101 fuisset
874 2044 984 2111 ira,
1017 2040 1379 2113 oportuisset
1402 2038 1676 2110 privatim
1708 2039 1869 2111 ipsos
1897 2039 2053 2111 apud

402 2158 464 2197 se
492 2145 699 2196 mutuo
729 2137 1038 2193 disserere.

475 2230 605 2284 Alio
655 2227 834 2283 modo.
895 2224 1180 2280 Eusebius
1229 2222 1521 2294 Pamphili
1581 2222 1642 2277 in
1674 2221 2055 2277 Ecclesiastica

342 2372 347 2375 .
405 2316 639 2373 historia
667 2314 926 2371 ostendit
952 2314 1109 2367 hunc
1140 2314 1375 2367 Petrum
1423 2328 1543 2366 non
1587 2326 1712 2366 esse
1768 2311 2051 2383 Cepham,

406 2406 509 2463 sed
539 2405 806 2478 ejusdem
836 2419 971 2458 cum
1000 2403 1129 2473 ipso
1183 2399 1443 2456 nominis
1496 2416 1679 2454 unum
1713 2416 1784 2454 ex
1815 2405 2052 2472 septua-

404 2498 586 2570 ginta.
645 2495 716 2550 Et
772 2492 1179 2565 apparentiam
1220 2489 1402 2545 habet
1454 2490 1550 2546 hic
1604 2506 1819 2545 sermo.
1854 2492 2051 2560 Neque

406 2586 566 2643 enim
597 2587 769 2640 Petro
800 2598 1037 2637 rursum
1067 2597 1214 2653 opus
1244 2587 1369 2635 erat
1393 2585 1677 2647 metuere,
1704 2580 1806 2649 qui
1820 2579 1948 2651 jam
1979 2579 2050 2634 de

405 2677 517 2732 hoc
530 2672 920 2746 responderat
942 2669 1788 2740 Hierosolymis,omnibusque
1806 2684 2049 2739 persua-

404 2762 825 2835 serat,quando
846 2777 967 2815 una
987 2776 1123 2814 cum
1140 2757 1413 2813 Correlio
1436 2763 1669 2828 sumpto
1690 2757 1844 2823 cibo,
1874 2773 2046 2827 quos-

402 2854 538 2909 dam
571 2870 640 2908 ex
673 2848 1120 2906 circumcisione
1162 2847 1491 2902 offenderat
1527 2864 1538 2900 :
1573 2846 1810 2918 quando
1870 2847 2049 2902 etiam

400 2942 549 2998 dixit
581 2958 593 2996 :
628 2963 655 2990 ί(
688 2942 834 2995 Vere
866 2937 1189 3009 comperio,
1223 2936 1454 3001 fratres,
1491 2935 1650 3005 quod
1674 2952 1793 2990 non
1821 2935 1897 2990 sit
1924 2952 2052 3006 per-

400 3047 679 3090 sonarum
713 3033 1014 3100 respectus
1045 3043 1244 3082 coram
1267 3027 1406 3092 Deo,
1437 3024 1538 3080 sed
1572 3025 1633 3079 in
1673 3026 1879 3095 quavis
1908 3040 2046 3097 gen-

398 3130 454 3178 te
487 3122 588 3193 qui
618 3116 1078 3189 timetipsum,is
1109 3120 1387 3186 acceptus
1418 3120 1507 3170 est
1530 3114 1618 3168 illi
1648 3114 1722 3167 ‘.-
1765 3116 1889 3169 Non
1923 3118 2050 3168 erat

2167 1872 2325 1947 ὀργὴ,
2358 1868 2465 1929 ἔδει
2494 1880 2610 1931 κατ’
2644 1874 2778 1932 ἰδίαν
2837 1877 3031 1939 αὐτοὺς
3091 1875 3443 1956 διαλεχθῆναι
3495 1877 3614 1949 πρὸς
3641 1877 3740 1931 ἐαυ-

2159 1982 2308 2024 τους,

2233 2218 2476 2280 Ἀλλως.
2522 2216 2784 2286 Εὐσέϐιος
2838 2223 2866 2276 6
2923 2223 3226 2302 Παμφίλου
3270 2221 3321 2277 ἐν
3376 2225 3439 2295 τῇ
3468 2217 3736 2288 Ἐκκλησια-

2163 2311 2319 2380 στικῇ
2344 2308 2557 2383 ἱστορίᾳ
2586 2306 2931 2365 ἀποδείκνυσι
2968 2314 3042 2384 μή
3079 2312 3221 2366 εἶναι
3276 2312 3365 2366 τὸν
3424 2313 3584 2386 Κησᾶν
3628 2310 3728 2360 τοῦ-

2162 2415 2277 2460 τον,
2293 2397 2383 2451 τὸν
2419 2399 2642 2472 Πέτρον,
2662 2397 2786 2454 ἀλλ’
2809 2399 3101 2472 ὁμώνυμον
3123 2400 3295 2472 αὐτῷ,
3313 2398 3402 2455 ἕνα
3420 2401 3514 2452 τῶν
3540 2391 3725 2467 ἑϐδομή-

2161 2508 2338 2542 κοντα.
2375 2488 2477 2543 Καὶ
2508 2488 2730 2552 πιθανὸς
2763 2490 2789 2543 ὁ
2822 2489 3009 2565 λόγος.
3045 2491 3124 2548 Οὐ
3157 2492 3260 2567 γὰρ
3292 2486 3348 2544 ἄν
3378 2490 3404 2543 ὁ
3431 2489 3596 2561 Πέτρος
3612 2481 3721 2553 ἐδεή-

2160 2578 2224 2646 θη
2261 2574 2429 2631 πάλιν
2463 2577 2798 2647 ὑποστολῆς,
2827 2578 2974 2641 ὅστις
3003 2576 3110 2649 ἤδη
3149 2581 3276 2655 περὶ
3301 2577 3480 2634 τούτου
3506 2572 3716 2648 ἀπολογη-

2161 2667 2392 2737 σάμενος
2424 2667 2490 2736 ἦν
2525 2666 2576 2722 ἐν
2609 2667 2976 2744 Ἱερουσαλήμ
3012 2669 3103 2723 καὶ
3159 2669 3351 2730 πείσας
3405 2668 3606 2731 ἅπαντας,
3652 2660 3713 2715 ὅτε

2158 2754 2237 2825 τῷ
2294 2754 2591 2829 Κορνηλίῳ
2651 2757 2972 2833 συμφαγὼν,
3029 2756 3183 2819 τινὰς
3242 2762 3348 2811 τῶν
3396 2754 3451 2809 ἐκ
3489 2753 3707 2825 περιτομῆς

2161 2843 2561 2913 ἐσκανδαλισεν,
2596 2847 2686 2901 ὅτε
2742 2846 2833 2900 καὶ
2890 2847 3060 2911 εἶπεν,
3099 2872 3127 2899 ι(
3166 2849 3289 2904 Ἐπ’
3339 2844 3566 2914 ἀληθείας,
3588 2833 3692 2890 ἁδελ-

2160 2935 2276 3014 φοῖ,
2308 2930 2828 3008 καταλαμϐάνομαι,
2858 2936 2941 2991 ’ὁτι
2997 2937 3097 2991 οὐκ
3150 2932 3268 2993 ἔστι
3330 2927 3686 3011 προσωπολτίπτη(

2160 3025 2187 3077 ὁ
2222 3025 2373 3092 Θεὸς,
2436 3022 2561 3080 ἀλλ’
2622 3030 2672 3079 ἐν
2723 3025 2883 3081 παντὶ
2946 3020 3084 3081 ἔθνει
3149 3028 3179 3081 ὁ
3236 3012 3691 3104 φοϐούμενοςοῦτον,

2161 3110 2346 3176 δεκτὸς
2372 3112 2518 3185 αὐτῷ
2549 3112 2709 3172 ἐστιν.
2745 3138 2772 3165 ››
2803 3114 2879 3171 Οὐ
2911 3114 3015 3189 γὰρ
3068 3116 3131 3183 ἦν
3194 3118 3224 3170 ὁ
3284 3113 3441 3169 εἰπὼν
3483 3112 3620 3163 ταῦτα.
3656 3097 3699 3154 Εἴ

400 3177 522 3267 ίέιὲ
541 3210 642 3280 qui
675 3208 803 3263 haec
832 3177 1077 3260 dixerat.
1111 3177 1267 3258 Nam.
1288 3204 1336 3257 si
1389 3203 1500 3257 hoc
1529 3203 1601 3258 ab
1632 3203 1803 3257 initio
1829 3202 2045 3273 praedi-

2162 3199 2219 3257 δὲ
2245 3207 2406 3258 τοῦτο
2438 3203 2582 3278 παρὰ
2610 3203 2709 3271 τήν
2744 3204 2923 3276 ἀρχὴν
2982 3207 3079 3256 τοῦ
3135 3204 3483 3278 κηρύγματος
3529 3194 3711 3262 ποιήσας,

404 3298 655 3355 cationis
684 3296 860 3361 facto,
892 3293 1185 3364 persuasit
1214 3291 1493 3347 omnibus
1524 3291 1682 3361 quod
1730 3308 1849 3346 non
1891 3291 2045 3346 male

406 3383 866 3460 egisset,Spiritn
899 3383 1091 3452 ipsum
1124 3380 1197 3435 ad
1228 3381 1339 3434 hoc
1370 3379 1724 3434 inducente:
1751 3380 2045 3450 quomodo

405 3491 565 3531 nunc
594 3478 727 3543 post
754 3476 983 3526 tantum
1016 3474 1270 3540 tempus,
1303 3473 1615 3539 postquam
1645 3468 1890 3525 dederat
1941 3471 2047 3524 Pe-

399 3571 527 3620 trus
557 3559 1026 3631 experimentum
1083 3557 1173 3612 sui
1230 3556 1377 3611 recti
1426 3557 1640 3628 Operis,
1689 3573 1924 3612 rursum
1958 3557 2046 3612 illi

402 3669 550 3725 opus
581 3656 707 3707 erat
737 3647 1082 3720 hujusmodi
1140 3646 1580 3718 dispensatione
1611 3646 1638 3700 ?
1672 3647 1790 3702 Hoc
1822 3653 2044 3715 tamen,

402 3741 560 3814 quod
617 3739 1014 3811 reprehensus
1075 3741 1247 3799 esset,
1294 3742 1485 3807 potest
1521 3736 1632 3791 hoc
1663 3737 1839 3791 etiam
1870 3738 2046 3792 modo

398 3830 653 3901 intelligi
687 3846 700 3884 :
727 3827 899 3883 Nulla
929 3825 1048 3881 alia
1076 3825 1187 3880 fuit
1217 3824 1385 3889 mihi,
1433 3826 1516 3880 ait
1544 3825 1781 3885 Paulus.
1815 3826 2045 3882 occasio

397 3920 596 3993 palam
628 3919 681 3974 ei
712 3915 1025 3973 resistendi
1058 3921 1116 3970 et
1146 3931 1282 3970 eum
1333 3914 1716 3986 corripiendi,
1748 3916 1859 3970 nisi
1889 3916 2045 3987 quod

401 4010 472 4066 de
504 4007 793 4065 sumendo
824 4005 1022 4061 cibum
1054 4022 1171 4060 una
1199 4021 1332 4058 cum
1365 4004 1727 4060 circumcisis
1758 4011 1931 4077 antea
1961 4023 2047 4061 re-

401 4099 731 4171 prehensus
760 4096 967 4150 fuisset
996 4110 1030 4149 a
1057 4094 1272 4149 Judeis
1294 4093 1530 4165 quando
1581 4110 1713 4149 cum
1773 4095 2046 4151 Cornelio

403 4188 605 4245 ederat
629 4203 641 4239 :
676 4185 788 4240 nisi
819 4185 979 4239 enim
1002 4183 1209 4239 fuisset
1235 4188 1410 4238 antea
1436 4184 1831 4255 reprehensus
1862 4184 1933 4239 ab
1956 4184 2047 4239 his

401 4292 551 4349 quos
582 4274 660 4329 ibi
688 4271 1037 4337 offenderat,
1070 4288 1445 4342 nequaquam
1479 4288 1636 4326 nunc
1693 4272 1999 4328 metuisset
2032 4290 2044 4326 :

402 4363 559 4435 quod
592 4363 639 4418 si
671 4378 791 4417 non
822 4360 1148 4425 metuisset,
1181 4360 1348 4415 nulla
1379 4358 1586 4414 fuisset
1615 4377 1763 4431 opus
1811 4377 2046 4433 correp-

403 4454 559 4508 tione
589 4457 690 4508 aut
723 4450 963 4523 publica
991 4448 1349 4505 resistentia.
1378 4449 1589 4502 Verum
1630 4448 1772 4518 quid
1803 4449 2046 4505 omnino

2160 3285 2365 3346 ἔπεισεν
2400 3287 2635 3353 ἅπαντας
2669 3291 2742 3352 ὡς
2775 3291 2838 3345 οὐ
2871 3295 3053 3355 κακῶς
3109 3291 3360 3363 ἐποίησε,
3411 3292 3494 3343 τοῦ
3532 3282 3715 3352 Ηνεῦμα-

2158 3401 2250 3442 τος
2300 3381 2458 3435 αὐτὸν
2528 3381 2604 3443 είς
2660 3384 2827 3436 τοῦτο
2877 3378 3190 3457 ἐνάγοντος,
3238 3387 3354 3442 πῶς
3409 3380 3462 3433 ἄν
3504 3379 3578 3427 νῦν
3623 3365 3720 3443 μετᾶ

2156 3474 2415 3526 τοσοῦτον
2451 3464 2673 3548 χρόνον,
2708 3469 2841 3541 μετὰ
2861 3469 2923 3524 τὸ
2974 3475 3161 3545 πεῖραν
3229 3469 3409 3525 δοῦναι
3453 3466 3533 3520 τὸν
3570 3458 3718 3531 Ηὲτρον

2155 3565 2255 3626 τῆς
2288 3558 2493 3619 οἰκείας
2524 3559 2740 3632 ἀρετῆς,
2774 3556 2971 3628 ἐδεήθη
3005 3557 3167 3614 πάλιν
3200 3568 3302 3630 τῆς
3356 3553 3579 3620 τοιαύτης
3610 3545 3723 3601 οῖκο*

2155 3649 2350 3720 νομίας
2385 3669 2398 3717 ;
2431 3650 2508 3706 Τὸ
2548 3646 2606 3704 δὲ
2656 3650 2739 3704 ὃτι
2794 3648 3243 3724 κατεγνωσμένος
3290 3648 3374 3718 ἦν,
3430 3642 3613 3699 δύνασαι
3656 3632 3722 3689 καὶ

2158 3739 2330 3799 οὓτως
2358 3744 2575 3808 νοῆσαι·
2610 3739 2805 3815 Γέγονέ
2865 3760 2981 3810 μοι,
3032 3739 3188 3818 φησὶ,
3225 3740 3476 3815 πρόφασις
3496 3733 3578 3785 τοῦ
3622 3720 3725 3818 κατὰ

2157 3828 2449 3902 πρόσωπον
2484 3827 2630 3898 αὐτῴ
2661 3827 2969 3896 ἀντιστῆναι
3019 3808 3109 3882 καὶ
3141 3825 3405 3901 διελέγξαι
3433 3819 3590 3885 αὐτὸν,
3617 3808 3723 3867 ἄλλο

2162 3918 2255 3988 μὲν
2293 3913 2472 3985 οὐδὲν,
2574 3914 2656 3971 ὅτι
2688 3916 2812 3992 περὶ
2859 3921 2953 3971 τοῦ
3004 3918 3296 3981 συνεσθίειν
3348 3918 3455 3974 τοῖς
3507 3907 3548 3962 ἐν
3597 3902 3727 3974 ἄκρῳ·

2158 4002 2350 4078 ϐυστίᾳ
2431 4008 2986 4084 προκατεγνωσμένος
3071 4009 3137 4077 ἦν
3192 4008 3300 4064 ἀπὸ
3354 4009 3451 4059 τῶν
3504 3989 3722 4054 Ἰουδαίων

2156 4096 2245 4150 ’ὁτε
2280 4094 2360 4168 τῷ
2422 4096 2706 4170 Κορνηλίῳ
2764 4097 3070 4176 συνέφαγεν.
3117 4097 3178 4152 Εἰ
3242 4098 3315 4169 μὴ
3373 4091 3465 4169 γὰρ
3539 4096 3727 4176 προκατ-

2159 4185 2402 4260 εγνώσθη
2456 4188 2583 4260 παρ’
2641 4187 2821 4241 αὐτῶν
2883 4183 3368 4250 σκανδαλισθέντων
3423 4181 3536 4240 ἐκεῖ,
3560 4163 3726 4260 σῦκῷ

2156 4278 2250 4329 νῦν
2297 4274 2595 4344 ὑπεστάλη.
2630 4277 2721 4345 Μὴ
2771 4273 3168 4336 ὑποσταλέντος
3226 4273 3304 4339 δὲ,
3360 4271 3453 4326 οὐκ
3502 4264 3560 4332 ἦν
3606 4254 3726 4332 χρεία

2155 4369 2253 4419 τοῦ
2284 4384 2345 4419 τε
2374 4362 2635 4440 ἐλέγχου,
2665 4370 2765 4433 τῆς
2796 4386 2856 4418 τε
2912 4364 3046 4418 κατὰ
3102 4366 3385 4439 πρόσωπον
3413 4350 3725 4412 ἀντιστάσεως.

2158 4452 2225 4509 Τί
2255 4450 2313 4507 δὲ
2369 4452 2517 4514 ὅλως
2574 4451 2778 4529 ὠφελεῖ
2836 4455 2870 4523 ἡ
2927 4452 3064 4508 κατᾶ
3120 4453 3403 4527 πρόσωπον
3439 4440 3722 4500 ἀντίστασιςς

399 4542 640 4614 prodest
667 4540 901 4612 publice
931 4538 1248 4595 resistere?
1278 4569 1346 4577 —
1385 4538 1531 4602 Quia
1568 4543 1897 4609 opportune
1931 4540 2046 4609 egit

2158 4576 2225 4585 —
2258 4545 2417 4616 [ΤΟΥ
2448 4528 2720 4615 ΑΥΤΟἎ]
2750 4545 2874 4599 ’Ότι
2934 4542 3196 4617 εὐκαίρως
3253 4538 3465 4606 ἐποίησε
3514 4528 3727 4617 texam

400 4638 466 4687 ut
494 4647 692 4685 coram
723 4629 940 4685 Judaais
970 4628 1190 4683 dictum
1225 4632 1379 4682 esset
1407 4642 1419 4680 :
1454 4628 1568 4681 Nos
1599 4631 1813 4682 natura
1859 4627 2045 4682 Judaei

402 4725 462 4775 et
490 4736 611 4774 non
643 4735 712 4773 ex
734 4718 1010 4791 gentibus
1042 4722 1402 4787 peccatores,
1458 4732 1708 4786 cumque
1762 4716 2049 4772 sciremus

403 4807 563 4881 quod
592 4824 714 4862 non
737 4806 1098 4878 justiﬁcetur
1118 4806 1296 4860 homo
1325 4822 1395 4860 ex
1426 4804 1704 4876 operibus
1734 4805 1899 4877 legis,
1932 4798 2047 4861 nisi

401 4916 508 4973 per
534 4897 713 4954 fidem
737 4897 874 4952 Jesu
908 4896 1145 4961 Christi,
1178 4901 1237 4949 et
1265 4912 1371 4950 nos
1411 4895 1471 4949 in
1504 4895 1799 4950 Christum
1845 4896 2044 4952 Jesum

400 4987 761 5047 credidimus
781 4990 848 5043 ut
870 4985 1336 5057 justiﬁcaremur
1361 4984 1422 5038 in
1451 4983 1565 5039 ﬁde
1597 4983 1807 5039 Christi
1839 4990 1897 5039 et
1924 5001 2044 5041 non

402 5097 472 5135 ex
497 5077 774 5150 operibus
803 5075 949 5146 legis
983 5091 995 5128 :
1030 5073 1169 5146 quia
1190 5074 1315 5128 haec
1346 5090 1545 5129 coram
1577 5073 1854 5129 omnibus
1888 5074 2044 5132 dicta

399 5173 559 5234 sunt,
591 5167 704 5224 fuit
736 5164 975 5238 publica
1006 5163 1365 5218 resistentia.
1427 5163 1657 5217 Etenim
1715 5164 1765 5219 si
1824 5163 2042 5235 aliquis

397 5275 562 5314 error
593 5257 818 5319 fuisset,
851 5253 1208 5325 oportuisset
1235 5253 1504 5323 privatim
1527 5269 1772 5326 arguere
1812 5260 1868 5309 et
1900 5272 2038 5310 cor-

396 5351 607 5422 rigere,
643 5348 875 5405 dicente
909 5346 1157 5401 Domino
1189 5346 1337 5401 732
1369 5362 1381 5399 :
1417 5369 1441 5393 «
1478 5345 1534 5399 Si
1569 5347 1894 5416 peccaverit
1923 5346 2037 5403 fra-

397 5444 488 5493 ter
517 5444 653 5494 tuus
676 5438 906 5509 corripe
963 5453 1100 5493 eum
1158 5435 1435 5508 privatim
1469 5452 1481 5489 :
1515 5435 1672 5506 quod
1700 5436 1748 5492 si
1780 5453 1898 5493 non
1930 5437 2034 5493 ob-

477 5588 498 5623 ⁵
525 5591 636 5644 Act
672 5604 729 5655 ι,
762 5590 849 5643 35.

2162 4625 2461 4706 ἔμπροσθεν
2492 4636 2601 4686 τῶν
2634 4628 2932 4699 Ἰουδαίων,
2964 4633 3048 4701 τὸ,
3088 4634 3275 4704 Ἡμεῖς
3326 4627 3465 4708 φύσει
3501 4612 3723 4708 Ἰουδαῖορ

2158 4721 2248 4775 καὶ
2281 4720 2379 4776 οὐκ
2399 4719 2450 4790 ἐξ
2484 4719 2643 4775 ἐθνῶν
2673 4720 3019 4795 ἁμαρτωλοὶ,
3067 4718 3266 4783 εὶδὸτες
3295 4719 3371 4774 ὅτι
3424 4713 3480 4768 οὐ
3532 4699 3723 4761 δικαιοῦ-

2155 4830 2243 4864 ται
2276 4808 2555 4885 ἅνθρωπος
2586 4809 2634 4880 ἐξ
2681 4807 2855 4886 ἔργων
2911 4809 3106 4883 νόμου,
3148 4809 3235 4865 ἐὰν
3295 4810 3364 4882 μὴ
3418 4798 3496 4857 διὰ
3537 4792 3722 4883 πίστιος

2158 4901 2338 4970 Ἰησοῦ
2391 4903 2657 4975 Χριστοῦ,
2740 4899 2830 4955 καὶ
2918 4900 3082 4973 ἡμεῖς
3169 4900 3243 4954 εἰς
3300 4890 3507 4971 Χριστὸν
3557 4884 3720 4975 Ἰησοξν

2154 4988 2539 5055 ἐπιστεύσαμεν
2595 4990 2687 5043 ἳνα
2746 4987 3128 5062 δικαιωθῶμεν
3185 4988 3243 5043 ἐκ
3280 4986 3493 5043 πίστεως
3516 4975 3718 5047 Χριστουι

2153 5078 2242 5133 καὶ
2277 5078 2376 5134 οὐκ
2443 5079 2493 5149 ἐξ
2542 5076 2719 5155 ἔργων
2791 5080 2985 5150 νόμον
3047 5076 3138 5133 διὰ
3190 5078 3252 5133 τὸ
3307 5074 3544 5147 λεχθῆναι
3593 5058 3720 5156 ταξτπ

2153 5164 2457 5241 ἔμπροσθεν
2517 5169 2750 5236 πάντων,
2807 5166 3026 5244 γέγονεν
3076 5171 3109 5237 ἡ
3168 5167 3302 5223 κατὰ
3353 5160 3601 5237 πρόσωπον
3646 5160 3716 5248 ἵν·

2146 5257 2408 5318 τίστασις.
2464 5257 2612 5313 Ἐπεὶ
2692 5256 2862 5330 ἐχρῆν
2923 5254 3075 5331 εἴπερ
3126 5246 3263 5331 ’ἄρα
3313 5276 3364 5310 τι
3414 5243 3602 5326 will”
3645 5243 3714 5331 T‘v’

2146 5347 2261 5401 κατ’
2305 5343 2442 5399 ἰδίαν
2503 5345 2788 5420 ἐγκαλέσαι
2827 5344 2918 5400 καὶ
2959 5343 3373 5420 διορθώσασθαι,
3421 5337 3502 5390 τοῦ
3544 5317 3711 5420 “lius?”

2149 5434 2427 5511 λέγοντος·
2484 5455 2505 5483 ι
2541 5407 2695 5491 ”Εάν
2753 5433 2966 5509 ἁμάρτῃ
3118 5407 3369 5513 ἀδελφός.
3397 5446 3499 5491 σου,
3542 5407 3711 5483 ἔλεγξον

3890 104 3905 419 ἢ

3922 2420 3923 2507 ι

3921 2534 3923 2661 l
