4048 6250
250 360 411 422 1H3

1280 352 1694 416 COMMENT.
1744 350 1820 409 IN
1866 349 2115 411 EPIST.
2164 352 2268 412 AD
2312 354 2593 413 GALAT.

3509 358 3665 418 11M

246 494 412 551 αὐτὸν
443 495 565 550 κατ’
624 491 785 550 ἶ-δίαν.
845 493 1189 554 ’Λπειοοῦντι
1246 484 1325 557 δὲ,
1388 485 1479 542 καὶ
1534 483 1748 561 ἐτέρους
1806 484 1896 540 καὶ

2019 490 2449 561 temperaverit,
2502 489 2645 547 alios
2699 509 2935 565 quoque
2988 493 3167 549 simul
3226 498 3283 548 et
3338 494 3679 570 Ecclesiam

249 585 356 653 τὴν
417 581 714 654 ἐκκλησίαν
774 580 1085 651 ἐπίστησον.
1190 599 1211 628 ι
1264 578 1389 634 Ὀτι
1463 574 1906 651 κατεγνωσμένος

242 673 337 743 ἦν.
368 697 396 725 ›)
431 669 887 748 Κατεγνωσμένος
935 671 1001 737 ἦν
1065 668 1093 721 ὁ
1143 667 1371 740 Πέτρος,
1428 663 1488 718 οὗ
1545 667 1614 737 τῇ
1670 661 1907 733 ἀληθείᾳ

244 759 375 818 οὔτε
442 760 588 836 παρὰ
664 757 882 814 Παύλου
938 762 1035 813 τοῦ
1100 758 1199 824 τὴν
1290 753 1604 827 οἰκονομίαν
1674 750 1902 818 εἰδότος,

241 853 422 926 ἄπαγε
458 852 470 908 l
503 848 651 905 ἀλλὰ
679 849 826 922 παρᾶ
854 853 961 903 τῶν
994 845 1338 923 ἀγνοούντων
1392 842 1454 899 τὸ
1504 839 1905 915 οἰκονομούμε-

243 964 361 1011 νον,
420 940 511 995 καὶ
571 937 840 1011 οἰομένων
899 936 1276 1009 ὑποκρίνεσθαι
1365 930 1453 988 διὰ
1534 932 1597 986 τὸ
1652 935 1904 1006 πρᾶγμα,

249 1030 340 1087 ὅτὶ
371 1029 619 1084 ἀπόντων
654 1028 750 1100 μὲν
790 1033 896 1082 τῶν
958 1024 1008 1095 ἐξ
1068 1020 1341 1081 Ἰουδαίων
1389 1026 1593 1076 πιστῶν
1649 1019 1904 1089 συνησθιε

244 1124 367 1182 τοῖς
417 1117 606 1187 ἔθνεσι,
674 1116 955 1189 παρόντων
1020 1112 1094 1177 δὲ,
1157 1112 1257 1167 οὐκ
1324 1110 1421 1167 ἔτι.
1491 1105 1659 1170 Οἶδας
1728 1105 1785 1162 δὲ
1850 1105 1902 1160 τί

238 1210 696 1287 παραγέγραπται
798 1202 889 1260 διὰ
992 1207 1199 1278 Κηφᾶν.
1280 1200 1479 1257 «Ἀπὸ
1555 1193 1901 1255 Ἰακώϐου.»

245 1285 508 1359 Ἰάκωϐος
585 1297 613 1351 ὁ
685 1298 783 1350 τοῦ
855 1296 1101 1368 Χριστοῦ
1201 1289 1551 1366 χρηματίσας
1644 1285 1898 1365 ἀδελφὸς,

241 1387 542 1447 ἐπίσκοπος
599 1387 663 1453 ἦν
723 1380 1144 1457 Ἱεροσολύμων.
1212 1380 1336 1435 Ἀπ’
1388 1377 1553 1432 αὐτοῦ
1613 1376 1707 1430 οὖν
1763 1374 1897 1430 ἀπο-

243 1475 531 1538 σταλέντες
560 1474 734 1544 ἦλθον
778 1470 829 1541 ἐξ
889 1467 1166 1527 Ἰουδαίων
1215 1466 1614 1535 πιστεύσαντες,
1673 1458 1751 1519 ἔτι
1808 1463 1898 1518 καὶ

235 1571 341 1622 τοῦ
411 1564 580 1639 νόμου
656 1561 937 1638 ἐχόμενοι.
1033 1555 1357 1614 Ὑπέστελλε
1447 1556 1538 1611 καὶ
1631 1554 1899 1634 ἀφώριζεν

235 1655 451 1712 ἑαυτόν.
489 1654 644 1710 »Ἐκ
683 1657 784 1720 τῆς
842 1654 951 1703 τῶν
1007 1647 1230 1703 ἐθνικῶν
1281 1643 1542 1716 δηλονότι
1591 1642 1893 1705 συνουσίας.

234 1745 313 1802 Τὸ
346 1741 423 1813 δὲ,
466 1767 494 1795 ‹‹
532 1736 912 1812 Φοϐούμενος.
978 1738 1041 1792 οὔ
1090 1740 1252 1791 τοῦτο
1305 1733 1451 1810 λέγει
1498 1734 1583 1788 ’ὁτι
1634 1729 1893 1793 δεδοικὼς

2012 576 2248 633 adhibe.
2269 602 2296 629 »
2328 610 2386 620 —
2414 604 2440 630 ι(
2467 580 2631 645 Quod
2651 583 3049 653 reprehensus
3074 588 3247 638 esset.
3276 606 3303 633 ››
3328 584 3665 655 Reprehen-

2013 683 2112 721 sus
2143 674 2269 723 erat
2298 671 2504 725 Petrus
2536 686 2655 725 non
2678 671 2844 741 justa
2874 670 2945 726 de
2976 688 3175 733 causa,
3205 688 3398 743 neque
3425 689 3459 727 a
3481 673 3661 729 Paulo

2011 756 2111 826 qui
2141 756 2646 828 dispensationem
2682 765 2924 816 noverat
2948 777 2961 814 :
2994 760 3150 815 absit
3178 760 3190 814 ί
3225 761 3328 815 sed
3349 761 3422 817 ab
3449 762 3541 816 his
3560 763 3661 833 qui

2010 844 2361 916 ignorabant
2378 847 2517 917 quid
2542 848 2940 921 dispensative
2963 855 3321 921 ageretur,et
3341 850 3662 921 opinaban-

2010 938 2106 989 tur
2136 950 2205 989 ex
2230 952 2293 989 re
2324 936 2453 1006 ipsa
2470 937 2598 991 fieri
2624 937 3067 993 simulationem
3094 955 3107 993 :
3134 939 3293 1010 quod
3314 939 3661 996 absentibus

2009 1023 2251 1095 quidem
2280 1026 2498 1080 Iudaeis
2531 1026 2807 1082 ﬁdelibus
2839 1045 2972 1083 cum
3005 1028 3276 1099 gentibus
3308 1028 3662 1092 ederet,non

2006 1108 2205 1169 autem
2239 1115 2653 1185 prmsentibus.
2712 1117 2872 1171 Nosti
2923 1122 3122 1172 autem
3172 1117 3316 1188 quid
3376 1119 3661 1190 scriptum

2006 1219 2075 1259 ac
2100 1204 2541 1276 promulgatum
2574 1205 2652 1260 sit
2682 1211 2923 1278 propter
2945 1206 3203 1278 Cephan.
3244 1230 3263 1255 κ
3291 1209 3339 1264 Α
3367 1208 3603 1265 Iacobo.
3631 1231 3659 1258 »

2004 1292 2257 1349 Iacobus
2285 1294 2382 1348 hic
2422 1294 2639 1349 Christi
2699 1295 2883 1351 frater
2937 1296 3289 1367 appellatus,
3347 1298 3661 1369 episcopus

2008 1387 2134 1437 erat
2163 1382 2707 1455 Hierosolymorum
2737 1402 2749 1437 :
2782 1384 2853 1440 ab
2886 1385 3014 1455 ipso
3046 1385 3224 1457 igitur
3254 1385 3420 1442 missi
3481 1403 3659 1442 vene-

2004 1477 2140 1528 rant
2172 1472 2271 1543 qui
2305 1489 2371 1527 ex
2399 1472 2617 1528 Iudaeis
2651 1474 3028 1530 crediderant
3057 1476 3428 1532 adhaerentes
3467 1477 3659 1532 adhuc

2003 1561 2138 1635 legi.
2167 1584 2191 1609 «ι
2219 1562 2543 1617 Verebatur
2564 1569 2622 1617 et
2644 1563 2988 1636 segregabat
3011 1580 3093 1619 se.
3112 1586 3134 1613 υ
3155 1576 3195 1617 Α
3216 1564 3484 1637 gentium
3504 1565 3659 1620 vide"

2004 1650 2143 1706 licet
2156 1651 2797 1717 conversationeQuod
2812 1658 3010 1707 autem
3025 1652 3317 1718 additur,«
3334 1655 3619 1721 Metuens,
3632 1676 3658 1702 ι»

2001 1757 2123 1795 non
2147 1740 2257 1794 hoc
2280 1740 2561 1813 intelligit
2589 1741 2746 1811 quod
2778 1742 3013 1796 timeret
3037 1758 3109 1797 ne
3129 1742 3269 1810 quid
3294 1743 3365 1798 ab
3389 1744 3536 1814 ipsis
3562 1761 3658 1815 pa-

242 1834 442 1896 αὗτοὺς
479 1835 554 1906 μή
603 1853 655 1887 τι
714 1830 854 1901 πάθῃ
909 1830 1034 1903 παρ’
1094 1828 1292 1893 αὐτῶν,
1352 1823 1497 1880 ἀλλᾶ
1555 1818 1894 1923 φοϐούμενος

2019 1834 2262 1885 :eretur:
2298 1828 2399 1883 sed
2432 1836 2706 1884 metuens
2738 1846 2811 1884 ne
2834 1830 3263 1887 offendiculum
3285 1833 3444 1904 passi
3462 1834 3660 1888 resili-

245 1926 323 1999 μὴ
386 1918 882 1985 σκανδαΛισθέντες,
937 1917 1379 1991 ἀποσκιρτήσωσι
1464 1920 1565 1983 τῆς
1636 1911 1891 1972 πίστεως.

258 2037 278 2063 ι
318 2013 415 2068 Καὶ
448 2009 909 2084 συνυπεκρίθησαν
941 2008 1113 2079 αὐτῷ.
1148 2030 1177 2058 ››
1207 2004 1514 2080 ’Υπόκρισιν
1563 2001 1626 2057 τὸ
1675 2004 1898 2076 πρᾶγμα

247 2100 433 2169 καλεῖ,
506 2100 599 2154 ἳνα
670 2101 706 2168 ἡ
783 2096 1072 2169 οἰκονομία
1147 2090 1621 2167 ἐκκαλυπτομέθη,
1702 2089 1896 2164 μηκέτι

252 2192 443 2270 ὠφελῇ
475 2191 603 2251 τοὺς
635 2188 693 2245 ἐκ
734 2194 1039 2263 περιτομῆς
1091 2183 1339 2245 πεστούς.
1395 2207 1422 2235 ‹‹
1453 2183 1551 2237 Καὶ
1601 2185 1653 2237 οὶ
1708 2178 1897 2236 λοιποὶ

251 2278 535 2340 Ἰουδαῖοι,
607 2302 634 2329 ››
688 2280 858 2335 Ἦσαν
918 2279 1021 2351 γὰρ
1079 2274 1169 2330 καὶ
1251 2271 1415 2328 ἃλλοι
1469 2272 1527 2325 ἐκ
1591 2274 1896 2343 περιτομῆς

252 2371 437 2426 πιστοὶ
468 2370 544 2431 εἰς
577 2368 943 2442 ’Δντιόχειαν,
1001 2366 1052 2421 οἱ
1104 2363 1193 2419 καὶ
1242 2363 1420 2431 αὐτοὶ,
1473 2360 1655 2439 φησὶν,
1695 2358 1898 2435 ἀφώρι-

254 2482 347 2517 σαν
381 2458 602 2521 έαυτοὺς
636 2457 695 2513 ἐκ
723 2461 830 2511 τῶν
859 2456 908 2526 ἐξ
968 2449 1349 2530 ἀκροϐυστίας,
1404 2449 1492 2507 διὰ
1540 2451 1665 2512 τοὺς
1715 2447 1901 2505 ἐλθόν-

252 2571 348 2613 τας
380 2549 486 2604 ἆπὸ
517 2541 798 2603 Ἰακώϐου.

328 2636 488 2693 Ἀλλ’
584 2636 673 2691 ὅτε
774 2632 920 2689 εἶδον
996 2631 1079 2688 ὅτι
1154 2632 1254 2687 οὐκ
1328 2627 1688 2706 ὀρθοποδοῦσι
1763 2629 1899 2704 πρὸς

262 2729 362 2795 τήν
435 2726 688 2796 ἀλήθειαν
764 2729 861 2779 τοῦ
937 2720 1303 2799 Εὖαγγελίου,
1381 2720 1532 2776 εἶπον
1629 2723 1708 2791 τῷ
1802 2716 1903 2775 [Ιέ-

261 2837 375 2891 τρῳ
448 2813 746 2890 ἔμπροσθεν
839 2814 1077 2867 πάντων·
1154 2812 1219 2868 Εἰ
1296 2810 1358 2864 σὺ
1435 2806 1699 2871 Ἰουδαῖος
1802 2808 1906 2864 ὁπ-

260 2908 469 2982 άρχων,
538 2905 764 2969 ἐθνικῶς
846 2906 944 2974 ζῇς
1028 2902 1120 2956 καὶ
1200 2899 1299 2956 οὐκ
1344 2896 1678 2968 Ἰουδαϊκῶς,
1730 2897 1783 2953 τί
1838 2897 1906 2951 τὰ

257 2993 380 3069 ἔθνῃ
508 2994 828 3067 ἀναγκάζεις
957 2987 1268 3058 Ἰουδαῖζειν
1340 3008 1353 3056 ;
1455 2989 1648 3058 Ἡμεῖς
1750 2987 1905 3066 φύσει

255 3081 517 3143 Ἰουδαῖοι
580 3083 671 3137 καὶ
730 3081 828 3137 οὐκ
885 3080 936 3151 ἐξ
1023 3079 1188 3143 ἐθνῶν
1276 3074 1619 3152 ἁμαρτωλοὶ,
1706 3072 1909 3136 εἰδότες

256 3173 341 3227 ὅτι
410 3171 475 3226 οὗ
543 3168 844 3224 δικαιοῦται
939 3165 1217 3242 ἄνθρωπος
1315 3165 1363 3235 ἐξ
1454 3162 1623 3240 ἔργων
1710 3164 1905 3238 νόμου,

256 3258 345 3315 ἰὰν
404 3262 480 3334 μὴ
553 3256 641 3313 διὰ
698 3257 929 3319 πίστεως
984 3259 1166 3326 Ἰησοῦ
1246 3255 1505 3326 Χριστοῦ.
1563 3252 1661 3309 Καὶ
1740 3254 1903 3326 ἡμεῖς

256 3348 333 3413 είς
407 3348 637 3422 Χριστὸν
742 3348 949 3416 Ἰησοῦν
1021 3343 1427 3416 ἐπιστεύσαμεν,
1509 3342 1603 3396 ἳνα
1678 3338 1907 3395 δικαιω-

259 3444 440 3511 θῶμεν
495 3436 556 3492 ἐκ
617 3436 848 3498 πίστεως
944 3436 1202 3507 Χριστοῦ,
1272 3432 1364 3487 καὶ
1432 3432 1535 3486 οὐκ
1599 3430 1651 3501 ἐξ
1731 3424 1905 3504 ἔργων

255 3527 453 3601 νόμου.
523 3525 669 3581 Διότι
733 3525 802 3580 οὗ
869 3522 1285 3593 δικαιωθήσεται
1353 3522 1403 3594 ἐξ
1481 3518 1653 3597 ἔργων
1731 3518 1904 3595 νόμου

257 3622 405 3672 πᾶσα
472 3617 626 3690 σάρξ.
714 3614 778 3671 Εἰ
872 3611 929 3669 δὲ
1019 3616 1305 3684 ζητοῦντες
1400 3608 1755 3679 δικαιωθῆναι
1855 3608 1907 3664 ἐν

258 3710 502 3782 Χριστῷ,
578 3704 871 3777 εὖρέθημεν
946 3702 1039 3757 καὶ
1112 3700 1266 3757 αὐτοὶ
1359 3699 1703 3776 ἁμαρτωλοὶ,
1805 3700 1904 3774 ἄρα

260 3796 497 3871 Χριστὸς
522 3793 789 3869 ἁμαρτίας
822 3790 1103 3859 διάκονος;
1139 3792 1229 3861 Μή
1265 3789 1501 3864 γένοιτο.

334 3885 437 3955 Ut;
469 3881 682 3955 διανοίᾳ
711 3879 919 3956 ε’ίρηται
950 3882 1034 3950 τὸ,
1087 3905 1113 3932 ‹‹
1150 3880 1623 3954 Συνυπεκρίθησαν
1678 3880 1846 3950 αὐτῷ,
1875 3903 1904 3930 ››

260 3976 486 4049 τοιαύτῃ
517 3973 604 4029 καὶ
635 3973 718 4037 τὸ,
754 3998 773 4021 ι
798 3971 912 4028 Οὐκ
941 3967 1357 4046 ὂρθοδοποῦσιν,
1380 3994 1407 4019 η
1442 3965 1669 4043 ἐλέχθη,
1696 3968 1774 4024 Οὐ
1803 3968 1904 4041 γὰρ

266 4064 524 4139 βούλεται
600 4065 698 4132 τὴν
771 4061 1088 4131 οἰκονομίαν
1162 4055 1525 4131 ἀνακαλῦψαι,
1567 4058 1761 4131 «Πρὸς
1804 4057 1902 4123 τήν

262 4152 519 4222 ἀλήθειαν
590 4154 686 4206 τοῦ
763 4147 1117 4224 Εὐαγγελίου.
1153 4146 1275 4201 »Ἢ
1333 4145 1435 4220 γὰρ
1506 4142 1739 4215 ἀλήθεια
1809 4146 1906 4197 τοῦ

263 4239 605 4318 Εὐαγγελίου
631 4237 742 4293 ἐστῖ
773 4238 835 4293 τὸ
879 4239 1018 4309 μήτε
1064 4235 1432 4309 περιτέμνειν,
1487 4235 1626 4306 μήτε
1675 4232 1908 4307 ἀποχω-

264 4335 373 4406 ρεῖν
405 4334 513 4385 τῶν
542 4327 591 4398 ἐξ
623 4320 982 4402 ἀκροϐυστίας
1012 4327 1237 4379 πιστῶν.
1276 4346 1305 4374 «
1335 4323 1453 4379 Οὐκ
1497 4319 1572 4376 ἔνι
1618 4322 1718 4396 γὰρ
1764 4321 1908 4377 ’1ου-

264 4416 417 4482 ὃαῖος
446 4415 571 4473 οὺδὶ
596 4413 834 4486 ”Ελλην.
872 4438 901 4465 ››

336 4531 363 4558 ‹‹
398 4506 582 4563 Εἰπὼν
613 4508 694 4576 τῷ
720 4503 907 4578 Πέτρῳ
964 4498 1263 4574 ἔμπροσθεν
1310 4499 1545 4554 πάντων.
1572 4520 1601 4549 ››
1632 4498 1792 4573 Ὁρᾷς
1822 4495 1906 4552 ὅτι

2008 1922 2142 1973 rent
2171 1933 2205 1973 a
2236 1916 2373 1973 ﬁde.
2408 1943 2435 1967 ιι
2473 1923 2550 1972 Ac
2583 1917 2947 1974 simulabant
2970 1936 3105 1975 cum
3137 1938 3226 1975 eo.
3260 1943 3286 1969 ››
3320 1921 3656 1979 Simulatio-

2009 2023 2145 2063 nem
2177 2006 2437 2078 appellat
2462 2024 2587 2062 rem
2609 2008 2820 2078 ipsam,
2846 2008 2930 2063 sic
2952 2014 3015 2063 ut
3034 2009 3265 2066 occulta
3289 2009 3652 2081 dispensatio

2002 2097 2129 2169 jam
2160 2112 2279 2150 non
2313 2095 2621 2167 prodesset
2651 2095 3029 2153 credentibus
3060 2114 3129 2153 ex
3178 2098 3650 2156 circumcisione.

2012 2206 2040 2233 ‹‹
2072 2183 2541 2254 Caeteriquoque
2572 2183 2777 2238 Iudaei.
2818 2206 2843 2232 ››
2892 2185 3075 2239 Erant
3123 2184 3283 2239 enim
3333 2189 3391 2239 et
3436 2183 3539 2240 alii
3588 2201 3659 2241 ex

2011 2272 2466 2329 circumcisione
2519 2272 2830 2328 credentes
2876 2273 3228 2340 Antiochia),
3264 2274 3363 2345 qui
3405 2280 3463 2329 et
3518 2274 3653 2345 ipsi,

2013 2362 2228 2433 inquit,
2260 2360 2649 2434 segregabant
2689 2362 2915 2433 seipsos
2946 2362 3018 2417 ab
3051 2361 3123 2417 iis
3154 2362 3255 2433 qui
3306 2379 3377 2419 ex
3422 2380 3656 2435 praapu-

2015 2452 2173 2508 tiatis
2206 2453 2321 2506 sive
2377 2450 2810 2507 incircumcisis
2859 2457 3028 2506 erant
3066 2458 3309 2523 propter
3346 2470 3446 2508 eos
3492 2453 3593 2524 qui
3625 2470 3659 2508 a

2011 2541 2223 2598 Iacobo
2255 2545 2553 2597 venerant.

2085 2633 2153 2697 II,
2190 2634 2372 2685 14-17.
2414 2653 2433 2679 ι
2472 2632 2683 2685 Verum
2718 2629 2817 2685 ubi
2851 2628 3125 2684 vidissem
3158 2630 3316 2701 quod
3348 2647 3468 2686 non
3499 2636 3658 2687 recte

2017 2747 2042 2774 α
2078 2722 2424 2778 incederent
2455 2720 2530 2776 ad
2559 2721 2864 2777 veritatem
2890 2722 3209 2794 Evangelii,
3236 2722 3353 2776 dixi
3377 2724 3547 2777 Petro
3571 2739 3664 2779 co-

2018 2836 2045 2863 «
2080 2829 2206 2868 ram
2240 2810 2518 2867 omnibus
2545 2828 2557 2865 :
2590 2810 2647 2865 Si
2680 2816 2740 2865 tu
2773 2827 2907 2865 cum
2939 2811 3020 2866 sis
3048 2810 3304 2879 Iudaeus,
3363 2811 3665 2881 gentiliter

2020 2928 2048 2955 «
2082 2904 2223 2960 vivis
2255 2920 2322 2959 ac
2352 2920 2472 2958 non
2491 2902 2753 2970 Iudaice,
2777 2920 2882 2958 cur
2901 2909 3106 2975 gentes
3129 2903 3289 2969 cogis
3312 2902 3617 2974 judaizare
3640 2904 3668 2958 ?

2021 3017 2048 3043 ‹‹
2080 2997 2192 3050 Nos
2222 2998 2436 3049 natura
2464 2992 2647 3047 Judaei
2682 2998 2739 3046 et
2768 3009 2887 3046 non
2918 3010 2987 3049 ex
3002 2992 3277 3065 gentibus
3299 2998 3661 3063 peccatores,

2022 3108 2048 3135 ι(
2083 3084 2339 3139 scientes
2370 3099 2489 3137 non
2514 3081 2831 3152 justiﬁcari
2864 3082 3169 3136 hominem
3192 3098 3259 3137 ex
3287 3081 3566 3152 operibus
3587 3081 3667 3136 1e-

2022 3197 2051 3225 «
2082 3173 2192 3247 gis,
2224 3172 2339 3227 nisi
2370 3188 2477 3242 per
2508 3169 2684 3226 fidem
2713 3172 2851 3226 Iesu
2872 3171 3085 3226 Christi
3112 3186 3255 3238 ;nos
3285 3170 3345 3225 in
3368 3170 3665 3225 Christum

2021 3287 2047 3313 ‹‹
2079 3263 2277 3318 Iesum
2310 3260 2689 3323 credidimus,
2715 3260 3267 3330 utjustiﬁcaremur
3296 3276 3364 3315 ex
3391 3258 3505 3315 fide
3526 3260 3663 3315 Iesu

2018 3372 2049 3405 α
2079 3351 2313 3416 Christi,
2346 3355 2404 3405 et
2434 3366 2553 3404 non
2586 3364 2656 3402 ex
2687 3348 2966 3419 operibus
2997 3348 3163 3420 legis,
3206 3348 3490 3419 quoniam
3542 3364 3663 3403 non

2025 3464 2045 3490 ι
2072 3438 2502 3515 justilicabitur
2528 3456 2598 3493 ex
2628 3438 2906 3510 operibus
2936 3438 3082 3511 legis
3104 3439 3299 3493 omnis
3320 3454 3475 3493 caro.
3500 3437 3667 3503 Quod

2018 3554 2045 3581 α
2081 3532 2150 3598 si,
2186 3529 2328 3585 dum
2360 3528 3025 3600 qumrimusjustiﬁcari
3057 3544 3163 3600 per
3201 3528 3521 3595 Christum,
3574 3544 3669 3583 re-

2018 3645 2046 3671 ‹‹
2079 3620 2232 3694 perti
2264 3636 2468 3677 sumus
2500 3623 2555 3674 et
2588 3618 2700 3690 ipsi
2731 3623 3090 3691 peccatores,
3124 3634 3267 3673 num
3299 3632 3435 3690 ergo
3468 3617 3663 3674 Chris-

2018 3734 2046 3762 «
2082 3718 2175 3767 tus
2206 3710 2428 3783 peccati
2463 3708 2738 3763 minister
2768 3707 2908 3763 est?
2937 3705 3142 3763 Absitl

2088 3883 2306 3938 Eodem
2331 3880 2638 3937 intellectu
2668 3897 2784 3951 quo
2816 3879 3041 3935 dictum
3073 3884 3179 3949 est,
3234 3901 3261 3929 ‹‹
3294 3879 3666 3935 Simulabant

2019 3988 2153 4028 cum
2187 3989 2277 4036 eo,
2312 3994 2339 4020 ››
2374 3970 2551 4025 etiam
2585 3969 2809 4024 dictum
2842 3974 2950 4037 est,
2985 3992 3011 4018 ‹‹
3046 3970 3172 4024 Non
3217 3974 3374 4025 recte
3423 3968 3662 4024 incede-

2017 4066 2169 4116 rent.
2198 4082 2224 4108 »
2255 4061 2378 4114 Non
2409 4057 2532 4112 vult
2560 4057 2721 4113 enim
2753 4057 3258 4130 dispensationem
3307 4058 3456 4113 733
3499 4057 3664 4112 dete-

2018 4165 2172 4224 gere.
2239 4170 2266 4197 ‹‹
2304 4147 2385 4202 Ad
2444 4148 2750 4203 veritatem
2816 4146 3128 4217 Evangelii.
3171 4170 3187 4192 ι
3251 4148 3395 4203 Nam
3452 4148 3666 4203 veritas

2020 4236 2319 4310 Evangelii
2350 4242 2440 4291 est
2469 4252 2664 4307 neque
2695 4235 3063 4303 circumcidi,
3100 4252 3295 4307 neque
3324 4252 3359 4292 a
3389 4236 3665 4292 ﬁdelibus

2020 4326 2387 4383 circumcisis
2419 4325 2731 4398 segregari,
2767 4324 3062 4396 siquidem
3090 4348 3115 4373 α
3152 4327 3277 4381 Non
3312 4331 3400 4380 est
3428 4323 3663 4379 Iudaeus

2019 4432 2212 4488 neque
2245 4416 2497 4471 Graecus.
2533 4437 2561 4464 ››

2094 4526 2120 4552 ‹‹
2140 4503 2264 4557 Dixi
2283 4503 2453 4557 Petro
2469 4518 2669 4556 coram
2683 4501 2978 4557 omnibus.
3009 4501 3214 4557 nVides
3227 4500 3382 4573 quod
3398 4505 3665 4573 propter-

265 4596 355 4655 διὰ
378 4600 542 4652 τοῦτο
567 4591 869 4669 ἔμπροσθεν
902 4595 1116 4647 πάντων
1152 4589 1434 4663 ἐμέμψατο
1456 4593 1538 4661 τῷ
1564 4590 1771 4664 Πέτρῳ,
1806 4587 1904 4662 οὐχ

2022 4610 2092 4649 ea
2122 4608 2317 4648 coram
2352 4590 2630 4647 omnibus
2649 4590 3033 4663 reprehendit
3062 4592 3322 4657 Petrum,
3347 4607 3467 4646 non
3492 4592 3668 4646 utPe-

263 4686 350 4742 ’ἱνα
383 4686 588 4760 Πέτρου
617 4687 884 4757 καταγνῷ,
917 4679 1042 4736 ἀλλ’
1064 4676 1152 4733 ’ίνα
1180 4679 1307 4739 τοὺς
1337 4676 1398 4733 ἐκ
1436 4684 1764 4751 περιτομῆς,
1814 4697 1914 4732 κα-

266 4780 373 4841 θὼς
397 4777 739 4854 προείρηται,
764 4771 1052 4854 ὠφελήσῃ.
1079 4796 1108 4825 (ι
1131 4770 1195 4828 Εἰ
1220 4768 1559 4832 σὺἹουδαῖος
1583 4771 1913 4846 ὑπάρχων.»

270 4869 454 4928 Μόνον
486 4869 546 4923 οὐ
588 4869 833 4943 φανερῶς
886 4862 1002 4918 εἶπε
1049 4867 1164 4924 τοῖς
1214 4862 1319 4917 ἀπὸ
1375 4856 1660 4919 Ἰακώϐου·
1720 4862 1916 4935 Μιμή-

269 4959 431 5015 σασθε
480 4958 570 5012 τὸν
624 4951 949 5010 διδάσκαλον
1010 4952 1163 5025 ὑμῶν
1219 4948 1441 5011 ἐθνικῶς
1499 4954 1697 5020 ζῶντα,
1752 4970 1915 5004 τουτ-

267 5045 434 5116 έστιν,
538 5042 997 5119 ἀπαρατηρήτως.
1076 5042 1254 5097 Τοῦτο
1327 5040 1428 5114 γὰρ
1532 5038 1914 5108 κατασκευάζει

267 5135 328 5191 ἐκ
358 5139 455 5201 τῆς
485 5135 619 5210 πρὸς
648 5132 847 5207 Πέτρον
882 5126 1128 5201 ὁμιλίας.
1164 5151 1192 5179 ‹‹
1225 5126 1293 5184 Τί
1328 5127 1396 5182 τὰ
1450 5121 1575 5198 ἔθνη
1605 5145 1620 5195 ;
1658 5151 1678 5177 ιι
1711 5128 1779 5184 Ὀ
1826 5128 1910 5199 σὺ,

267 5226 423 5303 φησὶ,
460 5226 535 5297 μή
582 5227 781 5291 ποιεῖς,
843 5220 984 5292 μήτε
1038 5214 1247 5279 ἄλλους
1302 5215 1588 5293 ἀνάγκαζε.
1651 5216 1801 5273 Διατί
1856 5214 1914 5272 δὲ

270 5316 348 5390 μὴ
380 5314 520 5379 εἷπε,
551 5312 614 5366 Τί
669 5310 794 5370 τοὺς
852 5307 912 5362 ἐκ
967 5312 1272 5381 περιτομῆς
1320 5303 1635 5381 ἀναγκάζεις
1686 5303 1911 5360 Ἰουδαῖ.

269 5409 412 5473 ζειν;
444 5399 542 5457 Καὶ
574 5400 677 5477 γὰρ
737 5396 809 5453 δι’
856 5394 1092 5457 ἐκείνους
1137 5397 1302 5449 ταῦτα
1354 5391 1594 5468 ἐλέγετο,
1649 5393 1738 5449 καὶ
1789 5394 1912 5450 ἀκο-

267 5490 486 5548 λουθίαν
519 5489 670 5568 εἶχεν
696 5484 867 5547 οὕτως
915 5482 1205 5558 λεχθῆναι.
1262 5482 1451 5543 Οὒτως
1503 5479 1561 5537 δὲ
1609 5482 1782 5555 εἶπεν⁹
1820 5482 1911 5538 ἳνα

335 5672 358 5708 ⁵
386 5669 593 5729 Matth.
631 5683 782 5739 xvm,
823 5665 907 5722 lI.

2025 4689 2180 4738 trum
2212 4679 2655 4747 condemnaret,
2688 4679 2791 4735 sed
2822 4684 2887 4734 ut
2913 4679 2987 4735 iis
3017 4680 3118 4750 qui
3149 4696 3220 4737 ex
3265 4680 3670 4737 circumcisio-

2024 4788 2098 4828 ne
2133 4775 2302 4826 erant
2338 4768 2665 4842 prodesset.
2725 4789 2747 4819 ι
2781 4769 2838 4823 Si
2899 4774 2963 4823 tu
3021 4785 3154 4824 cum
3211 4768 3447 4825 Iudaeus
3504 4770 3668 4824 sis.»

2024 4862 2272 4916 Tantum
2297 4876 2414 4914 non
2437 4858 2586 4913 dixit
2611 4864 2810 4930 aperte
2832 4857 2925 4913 his
2943 4859 3041 4929 qui
3066 4875 3101 4914 a
3119 4858 3331 4914 Iacobo
3350 4865 3666 4916 venerant:

2025 4948 2344 5004 Imitamini
2377 4952 2802 5019 prazceptorem
2833 4953 3090 5003 vestrum
3122 4948 3421 5020 gentiliter
3471 4949 3671 5003 viven-

2025 5045 2158 5105 tem,
2189 5039 2298 5094 hoc
2329 5044 2437 5106 est,
2472 5037 2637 5091 nullo
2686 5037 3067 5093 discrimine:
3114 5056 3251 5094 nam
3296 5039 3407 5095 hoc
3458 5039 3672 5095 astruit

2027 5145 2095 5184 ex
2129 5128 2525 5185 collocutione
2556 5127 2629 5183 ad
2661 5129 2920 5184 Petrum.
2956 5150 2984 5177 ‹‹
3016 5129 3130 5182 Cur
3154 5134 3379 5201 gentes.
3415 5149 3442 5177 ››
3501 5128 3666 5193 Quod

2024 5224 2110 5287 tu,
2145 5218 2355 5289 inquit,
2388 5234 2508 5273 non
2568 5217 2731 5281 facis,
2790 5232 2981 5288 neque
3026 5217 3175 5272 alios
3232 5217 3424 5273 facere
3471 5233 3662 5289 cogas.

2022 5315 2210 5380 Quare
2242 5318 2439 5368 autem
2470 5330 2589 5367 non
2620 5312 2804 5367 dixit:
2838 5312 3024 5376 Quare
3058 5328 3157 5367 eos
3180 5313 3280 5383 qui
3313 5329 3379 5367 ex
3412 5311 3663 5369 circum-

2020 5404 2245 5459 cisione
2278 5407 2417 5457 sunt
2437 5402 2593 5475 cogis
2609 5401 2909 5473 judaizare
2923 5400 2950 5455 ?
2965 5401 3259 5472 siquidem
3275 5402 3663 5473 propterillos

2019 5493 2145 5548 baac
2177 5492 2428 5557 dicebat,
2463 5496 2522 5546 et
2550 5490 2843 5546 sermonis
2874 5490 3304 5561 consequentia
3331 5496 3460 5547 erat
3489 5496 3552 5546 ut
3579 5491 3663 5547 ita
