4048 6250
313 351 476 414 111⁵1

1328 362 1736 424 COMMENT.
1786 362 1862 422 IN
1912 355 2154 419 EPlST.
2203 359 2303 417 AD
2352 359 2634 418 GALAT.

3566 357 3721 418 1118

313 510 416 552 τας
447 490 607 546 εἶναι.
638 517 666 544 ‹‹
688 489 1009 568 Παραεάτην
1058 494 1286 569 ἐμαυτὸν
1329 496 1638 570 συνίστημι.
1669 518 1696 547 n
1722 496 1816 553 Ἐκ
1864 493 1963 570 γὰρ

2081 495 2508 552 adhaererentm
2522 496 3035 566 Transgressorem
3052 492 3344 565 meipsum
3368 492 3714 549 constituo.-

321 584 422 634 106
453 579 618 635 πάλιν
648 582 919 645 πείθεσθαι
948 589 1027 656 τῷ
1057 585 1234 657 νόμῳ,
1271 582 1499 640 δεικνύω
1557 585 1638 640 ὅτι
1673 585 1747 647 ὡς
1800 604 1976 660 παρα-

325 663 524 741 ϐάτης,
549 670 707 725 αὐτὸν
735 671 823 726 τὸν
845 677 1063 744 πρῶτον
1089 671 1260 745 εἷάσα,
1287 674 1377 729 καὶ
1401 675 1619 750 Χριστῷ
1668 674 1973 730 ἐπίστευσα.

325 785 356 813 ‹‹
388 761 528 835 Ἐγὼ
556 761 678 836 γάρ.
715 784 742 811 ››
775 762 937 837 Ἐγὼ,
969 763 1150 839 φησὶν,
1192 764 1340 835 αὖτῷ
1385 769 1464 836 τῷ
1513 764 1670 837 νόμῳ
1717 765 1974 835 πεισθεὶς,

322 851 514 921 νεκρὸν
546 850 776 922 ὲμαυτον
808 854 888 922 τῷ
943 851 1098 924 νόμῳ
1155 852 1477 924 κατέστησα.
1537 854 1597 910 Ὀ
1646 853 1815 924 νόμος
1871 852 1975 928 γὰρ

325 960 424 1012 μοι
452 939 545 993 τὸν
597 940 834 1012 Χριστὸν
892 943 1260 1015 προεμήνυσε,
1319 942 1409 997 καὶ
1467 942 1650 1015 ἐκεῖνῳ
1712 943 1806 1016 μέν
1859 942 1974 1015 εἰμι

323 1029 516 1100 νεκρὸς
592 1029 715 1100 (οὐκ
787 1024 864 1084 ἔτι
940 1031 1041 1104 γὰρ
1117 1033 1234 1085 κατ’
1309 1031 1506 1087 ἐκεῖνον
1563 1031 1972 1104 πολιτεῦομαι),

319 1123 441 1178 τοῖς
478 1114 533 1172 δὲ
562 1117 757 1172 τούτου
799 1116 1064 1192 δόγμασιν
1095 1119 1316 1193 ἕπομαι.
1384 1145 1410 1172 ιι
1447 1123 1542 1176 Διά
1590 1121 1762 1194 νόμου
1815 1121 1972 1193 νόμῳ

320 1205 613 1269 ἀπέθανον.
675 1232 701 1258 »
764 1213 836 1264 Ἥ
896 1208 982 1263 διὰ
1035 1214 1130 1263 106
1187 1210 1357 1283 νόμου
1442 1215 1539 1265 106
1597 1209 1970 1285 εὖαγγελικοῦ,

320 1294 585 1358 ἀπέθανον
616 1301 694 1369 τῷ
737 1295 976 1358 Μωσέως
1035 1299 1206 1372 νόμῳ.
1277 1305 1396 1361 ῐΙῶς
1455 1299 1544 1354 οὖν
1608 1301 1635 1354 6
1688 1299 1970 1374 νεκρωθεὶς

318 1383 806 1458 καὶάνενεργήτως
855 1380 1000 1465 ἔχων
1055 1388 1190 1461 πρὸς
1250 1386 1430 1458 αὐτὸν,
1491 1389 1712 1466 φυλάξω
1772 1390 1968 1459 αὐτόν;

319 1473 392 1529 Ἤ
424 1469 510 1527 διὰ
542 1478 636 1527 106
663 1475 835 1548 νόμου
867 1476 1054 1541 αὐτοῦ,
1093 1477 1184 1531 καὶ
1239 1481 1346 1532 τῶν
1394 1477 1446 1532 ἐν
1494 1479 1640 1550 αὖτῷ
1693 1476 1972 1554 δυσχερῶν

320 1564 776 1634 παρατηρήσεων,
827 1570 1013 1639 νεκρὸς
1070 1567 1265 1642 γέγονα
1323 1569 1388 1640 τῇ
1447 1567 1687 1642 ἁμαρτίᾳ
1747 1565 1816 1621 δι’
1871 1566 1966 1622 αὖ·

318 1653 440 1707 106.
497 1656 636 1723 Ἀρα
693 1651 784 1706 οὖν
837 1654 928 1707 τὸν
988 1655 1373 1710 ἀποκτείναντα
1424 1655 1710 1734 φδλάττειν
1769 1655 1964 1730 ἄξιονς

1952 1702 1966 1727 ν

322 1764 353 1790 κ
387 1743 500 1795 ’Ἰνα
574 1745 690 1812 Θεῷ
767 1745 932 1811 ζήσω.
972 1767 998 1794 ››
1077 1745 1356 1814 Τουτὲστι,
1431 1747 1533 1815 τήν
1582 1746 1840 1810 ἀθάνατον
1877 1748 1966 1801 καί

2083 587 2216 659 Legi
2238 587 2450 642 iterum
2471 587 2960 660 obtemperando,
2993 584 3242 640 ostendo
3263 585 3420 656 quod
3445 591 3723 656 tanquam

2081 669 2478 749 transgreSsor
2533 676 2724 747 ipsam
2780 675 3037 746 primum
3098 673 3331 728 deserui
3383 690 3449 728 ac
3493 675 3723 728 Christo

2081 765 2323 820 credidi.
2362 788 2389 815 «
2423 768 2537 838 Ego
2563 767 2742 821 enim.
2771 786 2797 814 »
2843 765 2981 836 Ego,
3032 764 3248 834 inquit,
3274 763 3386 832 legi
3417 763 3721 835 obtempe-

2051 930 2054 933 _
2079 855 2286 920 rando,
2317 855 2594 910 constitui
2621 855 2908 926 meipsum
2929 853 3040 923 legi
3074 858 3391 907 mortuum.
3417 853 3719 923 Siquidem

2081 944 2175 998 lex
2231 943 2374 997 mihi
2429 943 2726 998 Christum
2786 942 3208 1014 prmsignavit:
3271 941 3445 995 etilli
3479 942 3718 1012 quidem

2082 1038 2350 1088 mortuus
2375 1032 2673 1102 sum,quia
2685 1033 2856 1103 juxta
2876 1031 3038 1086 illam
3057 1033 3183 1099 jam
3230 1047 3349 1084 non
3383 1047 3716 1096 conversor,

2080 1123 2258 1194 hujus
2281 1137 2413 1176 vero
2438 1121 2712 1193 dogmata
2733 1135 2966 1190 sequor.
2990 1142 3018 1168 ‹‹
3047 1119 3155 1173 Per
3197 1119 3389 1188 legem
3415 1119 3527 1191 legi
3560 1137 3720 1175 mor-

2083 1217 2216 1266 tuus
2243 1227 2393 1266 sum.
2431 1232 2458 1259 »
2495 1216 2608 1264 Aut
2636 1227 2742 1280 per
2772 1209 2961 1281 legem
2993 1208 3390 1281 evangelicam
3449 1214 3717 1264 mortuus

2080 1318 2209 1355 sum
2243 1299 2353 1372 legi
2383 1299 2540 1353 Mosi.
2602 1298 2905 1364 Quomodo
2962 1298 3141 1365 igitur
3182 1298 3590 1358 mortiﬁcatus.
3650 1315 3717 1353 ac

2076 1389 2322 1462 perinde
2351 1406 2443 1443 me
2477 1388 2548 1444 ad
2578 1389 2741 1443 illam
2771 1388 2997 1442 habens
3029 1387 3196 1459 quasi
3243 1388 3372 1456 ejus
3430 1387 3597 1442 nulla
3643 1389 3720 1443 sit

2077 1479 2322 1541 utilitas,
2357 1477 2602 1533 servabo
2635 1478 2822 1550 ipsam
2845 1477 2874 1532 ‘?
2905 1479 3019 1532 Aut
3051 1493 3154 1548 per
3183 1477 3372 1547 ipsam
3407 1477 3594 1548 legem
3647 1494 3715 1533 ac

2075 1585 2278 1640 graves
2304 1567 2743 1622 observationes
2775 1583 2980 1620 eorum
3014 1583 3144 1636 quia
3175 1566 3235 1619 in
3265 1567 3392 1638 ipsa
3448 1567 3714 1622 contine-

2075 1657 2310 1724 bantur,
2347 1656 2493 1712 785
2527 1662 2798 1710 mortuus
2857 1672 2985 1709 sum
3044 1660 3284 1727 peccato
3343 1672 3447 1726 per
3500 1656 3712 1726 ipsam.

2073 1749 2221 1803 Num
2247 1747 2425 1817 igitur
2447 1762 2680 1816 aequum
2701 1751 2788 1799 est
2804 1762 3034 1799 servare
3055 1760 3184 1799 eam
3208 1761 3339 1815 qum.
3381 1745 3716 1800 interimit?

318 1828 517 1903 ἀγήρω
550 1831 712 1899 ζωήν.
759 1856 783 1881 α
838 1836 928 1903 Τῷ
986 1838 1202 1905 Χριστῷ
1233 1860 1254 1888 ι
1309 1832 1397 1888 διὰ
1443 1839 1538 1889 106
1591 1825 1963 1910 βαπτίσματος

2077 1859 2104 1886 ‹‹
2134 1837 2206 1890 Ut
2236 1837 2350 1889 Deo
2381 1835 2651 1900 viverem,
2690 1857 2716 1881 »
2749 1850 2962 1904 nempe
2993 1833 3338 1896 immortali,
3381 1839 3440 1887 et
3495 1839 3718 1889 aeterna

322 1942 353 1970 ‹‹
386 1919 844 1994 συνεσταύρωμαι.
891 1946 918 1973 ››
985 1923 1044 1980 Ὀ
1096 1925 1274 1978 τοίνυν
1325 1921 1489 1998 νόμος
1555 1926 1616 1981 τὸ
1683 1926 1768 1980 ἐπ’
1823 1925 1969 1998 αὐτῷ

315 2007 650 2074 ἀπέκτεινεν,
729 2011 756 2065 6
833 2007 890 2064 δὲ
964 2013 1190 2083 Χριστὸς
1267 2013 1622 2084 ἐξολοποὶησε.
1701 2019 1822 2076 Πῶς
1871 2016 1963 2070 οὗν

315 2095 578 2175 φυλάττω
605 2098 699 2152 τὸν
738 2099 903 2172 νόμον
951 2119 964 2166 ;
1017 2124 1040 2153 α
1076 2106 1158 2155 Ζῶ
1208 2099 1264 2156 δὲ
1313 2102 1410 2156 οὐκ
1468 2097 1542 2158 ἔτι
1606 2103 1735 2180 ἐγώ.
1773 2128 1800 2154 ››
1869 2104 1966 2160 Διὰ

316 2188 418 2251 τῆς
452 2186 587 2258 μετὰ
642 2185 808 2241 ταῦτα
867 2187 1167 2248 πολιτείας.
1230 2188 1296 2244 δι’
1345 2191 1414 2260 ἧς
1470 2190 1740 2266 ἐνεκρώθη
1799 2192 1964 2248 αὐτοῦ

315 2275 383 2329 τὰ
418 2274 582 2347 μέλη.
622 2301 646 2327 (ι
681 2277 998 2350 Νεκρώσατε
1031 2279 1157 2352 γὰρ,
1191 2279 1346 2354 φησὶ,
1378 2281 1442 2334 τὰ
1503 2280 1643 2352 μέλη
1697 2281 1848 2354 ὑμῶν
1897 2281 1962 2336 τὰ

315 2363 404 2416 ἰπὶ
435 2370 558 2436 γῆς.
597 2388 622 2414 ››
654 2398 724 2408 —
755 2388 782 2416 ‹‹
813 2366 875 2422 Ὁ
907 2362 963 2419 δὲ
1015 2368 1246 2441 Χριστὸς
1299 2371 1362 2441 ζῇ
1415 2367 1466 2423 ἐν
1513 2368 1659 2441 ἐμοί.
1708 2394 1736 2420 ››
1785 2371 1960 2445 Ἐνερ-

317 2456 452 2526 γῶν,
486 2452 641 2529 φησὶ,
701 2450 994 2522 δεσπόζων,
1056 2455 1226 2510 πάντα
1283 2478 1374 2528 μοι
1441 2457 1599 2519 αὐτὸς
1652 2459 1960 2534 γενόμενος·

319 2539 373 2596 ἒν
401 2542 583 2614 τούτῳ
640 2539 697 2596 δὲ
747 2546 812 2614 ζῇ
871 2542 923 2597 ἐν
980 2542 1124 2617 ἐμοὶ,
1183 2551 1262 2617 τῷ
1319 2544 1484 2619 μηδὶν
1543 2549 1781 2620 γίνεσθαι
1835 2550 1964 2625 παρ’

322 2629 458 2704 ἐμοῦ
488 2637 594 2686 τῶν
657 2635 731 2705 μή
777 2631 1080 2690 δοκούντων
1140 2637 1310 2708 αὐτῷ.
1355 2663 1380 2689 ‹‹
1434 2639 1500 2695 Ὀ
1550 2635 1605 2693 δὲ
1647 2643 1740 2692 νῦν
1796 2644 1871 2709 ζῶ
1911 2637 1961 2694 ἒν

328 2724 500 2797 σαρκί.
537 2748 562 2775 ››
593 2725 695 2780 Καὶ
737 2724 798 2779 οὐ
834 2727 1023 2797 μόνον,
1072 2727 1226 2806 φησί,
1271 2729 1373 2796 τήτ
1424 2731 1630 2799 νοητήν
1675 2732 1821 2800 ζωὴν
1874 2727 1962 2785 διὰ

321 2813 413 2866 τὸν
475 2814 711 2886 Χριστὸν
771 2819 866 2882 ζῶ,
921 2813 1067 2870 ἀλλὰ
1123 2817 1212 2870 καὶ
1269 2839 1368 2886 την
1423 2819 1704 2889 αἰσθητήν.
1789 2821 1958 2891 Πῶςς

319 2901 446 2956 Ὑπὸ
522 2902 819 2980 ἀπόφανσιν
899 2900 1048 2966 ὅντες
1127 2903 1215 2959 διὰ
1252 2908 1343 2961 τὸν
1393 2907 1586 2980 νόμον,
1629 2906 1962 2983 ἐμέλλομεν,

313 2991 468 3066 φησὶ,
501 2991 590 3045 καὶ
624 2998 894 3066 σαρκικῶς
955 2993 1307 3064 ἀποθνήσκειν
1371 2997 1445 3057 ὡς
1506 2995 1592 3050 ἐπὶ
1650 3003 1745 3052 106
1793 3019 1960 3054 κατα-

309 3077 582 3152 κλυσμοῦ.
643 3082 704 3138 Ὁ
763 3078 820 3136 δὲ
871 3083 1103 3156 Χριστὸς
1159 3088 1255 3157 ζῇν
1337 3091 1486 3156 ῆμᾶς
1554 3085 1800 3157 ἐποίησε,
1858 3095 1957 3158 τῆς

307 3167 442 3241 ἀρᾶς
497 3174 594 3223 106
651 3169 824 3241 νόμου
882 3170 1318 3246 λυτρωσάμενοςε
1381 3174 1538 3229 Ὥστε
1596 3175 1658 3230 οὐ
1721 3175 1956 3249 μόνον-ἧ

307 3235 481 3328 νοητή
527 3261 663 3327 ζωὴ,
695 3235 842 3314 διλλὰ
871 3261 959 3314 καὶ
1057 3235 1316 3331 αἰσθητή,
1351 3260 1440 3317 διὰ
1467 3266 1565 3334 τὴν
1600 3264 1676 3328 εἷς
1721 3235 1958 3338 ⁵Χριστὸν
1996 3235 2039 3302 C

309 3347 492 3401 πίστιν
525 3342 778 3422 ἕδωρήθη
811 3351 965 3420 ἡμῖν.
1020 3354 1141 3413 Πῶς
1188 3351 1278 3404 οὗν
1327 3351 1493 3406 πάλιν
1545 3353 1954 3432 ὑποστρεφομεν

312 3438 448 3511 πρὸς
522 3439 612 3492 τὸν
689 3438 897 3511 νόμον;
979 3440 1140 3497 «Καὶ
1216 3439 1552 3516 παραδόντος
1591 3445 1778 3499 ἑαυτὸν
1827 3447 1960 3522 ὑπὲρ

311 3525 469 3598 ἐμοῦ.
509 3551 536 3575 »ι
562 3526 640 3582 Τὸ
681 3528 860 3582 κοινὸν
919 3526 1058 3584 ἴδιον
1116 3537 1374 3600 ποιεῖται,
1434 3529 1642 3595 δεικνὺς
1693 3535 1960 3605 τοσαύτην

311 3612 534 3671 ἕκαστον
569 3613 678 3670 δεῖν
708 3617 1003 3695 ὁμολογεῖν
1042 3619 1202 3694 χάριν
1249 3625 1327 3693 τῷ
1377 3625 1620 3697 Χριστῷ,
1670 3625 1743 3686 ὠς
1795 3626 1841 3680 εἰ
1889 3623 1959 3680 δι’

315 3703 476 3758 αὐτὸν
523 3703 688 3776 μόνον
739 3703 1172 3778 ἆνηνθρώπησεν.
1237 3729 1263 3754 α
1312 3708 1426 3766 Οὐκ
1479 3711 1652 3774 ἀθετῶ
1704 3713 1802 3781 τήν
1861 3714 1959 3788 xci-

314 3811 416 3865 ριν.
448 3815 473 3844 ι
537 3793 625 3854 Ὠς
680 3791 732 3847 o'l
788 3815 846 3868 γε
904 3793 980 3850 ἔτι
1038 3797 1126 3850 καὶ
1172 3802 1260 3851 νῦν
1328 3803 1424 3852 106
1475 3801 1648 3874 νόμου
1703 3801 1959 3876 ἐχόμενοι

311 3882 555 3945 ἀθετοῦσι
603 3884 703 3952 τήν
765 3882 854 3938 διὰ
910 3886 1144 3960 Χριστοῦ
1200 3888 1379 3962 χάριν.
1443 3890 1678 3945 Ἀθετεῖν
1732 3889 1790 3946 δέ
1847 3892 1956 3946 ἐστι

313 3971 376 4025 τὸ
433 3971 700 4040 ἀπιστεῖν,
755 3974 818 4028 τὸ
873 3972 1246 4046 ἐξευτελίζειν,
1301 3976 1363 4030 τὸ
1420 3974 1742 4047 διαπαίζειν.
1800 3981 1960 4054 Ὁρᾷς

314 4065 420 4114 ποῦ
461 4061 703 4138 ἀνήγαγε
732 4062 822 4116 τὸν
852 4061 1019 4137 λόγον
1047 4083 1060 4132 ;
1095 4088 1122 4115 ‹‹
1161 4064 1226 4121 Ei
1252 4065 1353 4140 γὰρ
1386 4063 1474 4121 διὰ
1527 4067 1702 4141 νόμου
1752 4065 1959 4124 δικαιο-

313 4147 463 4219 σύνη.
502 4174 527 4200 »
561 4151 622 4205 Ei
651 4152 751 4225 γὰρ
785 4152 812 4206 6
860 4152 1051 4225 νόμος,
1109 4153 1265 4229 φησὶ,
1325 4155 1513 4224 σώζειν
1567 4157 1656 4211 καὶ
1716 4155 1958 4212 διγαιοῦν

315 4238 514 4312 ἰσχύει,
591 4240 618 4292 6
697 4240 920 4314 Χριστὸς
1001 4240 1174 4314 μάτην
1275 4243 1519 4301 ἀπέθανε.
1617 4247 1712 4301 Διᾶ
1799 4251 1959 4303 τοῦτο

311 4327 416 4402 γὰρ
450 4325 757 4398 παρέδωκεν
786 4329 994 4401 ἑαυτὸν,
1030 4332 1104 4394 ὡς
1151 4336 1249 4387 106
1292 4334 1466 4408 νόμου
1518 4336 1593 4408 μή
1649 4335 1958 4412 ἶσχυοντος,

2077 1925 2194 1978 vita
2246 1947 2264 1969 α
2293 1926 2417 1978 Una
2434 1939 2563 1976 cum
2589 1922 2819 1976 Christo
2842 1922 3160 1976 cruciﬁxus
3203 1938 3355 1987 sum,
3409 1944 3435 1970 ››
3468 1939 3574 1993 per
3602 1922 3712 1977 ba-

2076 2013 2379 2086 ptismum.
2414 2013 2525 2066 Lex
2554 2012 2751 2083 igitur,
2780 2011 3003 2081 quodin
3020 2028 3080 2066 se
3100 2017 3245 2074 erat,
3281 2011 3514 2076 occidit,
3547 2012 3714 2068 Chri-

2075 2109 2198 2158 stus
2220 2110 2416 2158 autem
2448 2102 2793 2157 vivificavit:
2837 2101 3134 2172 quomodo
3178 2117 3314 2172 ergo
3358 2101 3599 2155 servabo
3630 2101 3714 2156 le-

2073 2210 2202 2266 gem
2228 2192 2298 2246 ?«
2323 2192 2434 2246 Sed
2457 2191 2718 2262 vivojam
2745 2207 2863 2244 non
2918 2207 3041 2262 ego.
3100 2213 3125 2238 ››
3171 2189 3281 2243 Per
3317 2189 3711 2245 conversatio-

2075 2297 2210 2335 nem
2245 2297 2374 2351 qum
2407 2281 2515 2333 iste
2549 2279 2951 2348 consequitur,
2985 2295 3100 2349 qua
3132 2284 3367 2332 mortua
3423 2283 3561 2332 sunt
3608 2294 3712 2333 sua

2074 2368 2362 2425 membra.
2395 2370 2488 2422 Ait
2520 2369 2678 2423 enim
2707 2384 2719 2422 :
2755 2389 2785 2417 ‹‹
2811 2369 3152 2423 Mortiﬁcate
3203 2367 3470 2424 membra
3521 2374 3713 2424 vestra

2074 2462 2377 2516 terrestria
2405 2459 2447 2514 ⁸,
2477 2483 2502 2509 ››
2533 2491 2601 2501 —-
2628 2482 2656 2509 «
2695 2459 2840 2513 Vivit
2869 2466 3064 2513 autem
3098 2460 3157 2512 in
3207 2475 3301 2513 me
3360 2459 3640 2514 Christus.
3679 2479 3707 2509 »

2071 2552 2375 2623 Operator,
2408 2549 2764 2616 dominator,
2799 2550 2999 2604 omnia
3031 2549 3266 2603 tandem
3290 2548 3350 2602 in
3376 2565 3466 2602 me
3500 2547 3707 2602 factus.

2071 2642 2184 2696 Per
2214 2642 2325 2694 hoc
2354 2645 2550 2695 autem
2583 2639 2719 2692 vivit
2749 2639 2809 2692 in
2843 2654 2958 2700 me,
2992 2636 3146 2708 quod
3176 2637 3326 2691 nihil
3374 2637 3433 2690 in
3480 2653 3573 2690 me
3607 2637 3710 2690 flat

2071 2745 2297 2793 eorum,
2331 2746 2460 2800 quae
2489 2729 2559 2784 ab
2591 2745 2660 2784 eo
2692 2745 2813 2782 non
2844 2727 3264 2799 approbantur.
3303 2749 3322 2773 ι
3358 2725 3547 2780 Vitam
3593 2741 3706 2780 au-

2070 2826 2190 2876 tem
2218 2836 2396 2892 quam
2421 2835 2578 2874 nunc
2610 2819 2736 2872 vivo
2769 2818 2828 2872 in
2859 2833 3052 2871 carne.
3114 2837 3140 2865 ››
3199 2816 3315 2870 Nec
3367 2815 3582 2894 solum,
3625 2815 3709 2869 in-

2071 2911 2218 2982 quit,
2245 2908 2631 2965 intellectuali
2663 2908 2776 2961 vita
2815 2911 3055 2979 propter
3103 2905 3399 2960 Christum
3432 2905 3578 2970 vivo,
3611 2920 3704 2959 ve-

2070 3016 2200 3054 rum
2223 2999 2399 3055 etiam
2424 2997 2720 3053 sensitiva.
2746 2997 3010 3060 Quonam
3037 2993 3211 3049 modo
3234 2993 3261 3047 ?
3293 2997 3438 3048 Cum
3471 2999 3717 3065 propter

2070 3089 2283 3161 legem,
2306 3088 2519 3158 inquit,
2543 3086 2850 3142 sententiae
2879 3102 3143 3140 essemus
3165 3083 3427 3148 obnoxii,
3449 3083 3715 3140 futurum

2071 3183 2198 3234 erat
2226 3182 2293 3231 ut
2324 3177 2501 3231 etiam
2533 3175 2853 3231 carnaliter
2884 3189 3255 3229 moreremur
3308 3178 3593 3243 tanquam
3653 3172 3716 3228 in

2072 3267 2327 3339 quodam
2361 3266 2600 3322 diluvio.
2634 3265 2898 3320 Christus
2930 3270 3126 3320 autem
3184 3263 3378 3319 vivere
3428 3279 3538 3318 nos
3579 3263 3718 3318 fecit

2071 3360 2269 3432 alegis
2292 3357 2708 3414 maledictione
2741 3355 3045 3411 liberatos.
3085 3354 3268 3427 Igitur
3302 3371 3422 3410 non
3453 3352 3717 3408 intellec-

2071 3449 2248 3505 tualis
2269 3448 2447 3505 modo
2479 3449 2616 3514 vita,
2636 3445 2739 3502 sed
2765 3445 3118 3502 etsensitiva
3155 3445 3328 3501 nobis
3377 3444 3595 3500 donata
3625 3447 3714 3500 est

2070 3556 2176 3612 per
2207 3537 2385 3595 fidem
2417 3555 2548 3609 qum
2578 3538 2639 3591 in
2673 3536 2967 3592 Christum
3023 3540 3113 3589 est
3177 3534 3480 3600 Quomodo
3537 3533 3716 3605 igitur

2071 3645 2307 3686 rursum
2335 3627 2706 3700 postliminio
2730 3631 3094 3682 revertemur
3111 3625 3182 3680 ad
3203 3625 3392 3693 legem
3415 3623 3442 3677 ?
3465 3646 3494 3673 ‹‹
3516 3626 3586 3679 Et
3603 3629 3717 3679 tra-

2070 3719 2222 3775 didit
2251 3718 2633 3789 semetipsum
2665 3733 2769 3788 pro
2801 3732 2915 3770 me.
2951 3737 2979 3764 »
3011 3714 3174 3779 Quod
3212 3714 3546 3768 'commune
3573 3775 3578 3780 ,
3605 3718 3714 3782 est,

2069 3809 2377 3880 proprium
2409 3806 2568 3872 facit,
2601 3804 2922 3861 ostendens
2954 3800 3186 3859 tantum
3227 3803 3549 3875 gratiarum
3611 3819 3713 3856 ac-

2071 3897 2250 3952 tionis
2283 3911 2580 3966 quemque
2610 3893 2825 3948 debere
2857 3891 3107 3954 Christo,
3145 3908 3212 3946 ac
3243 3891 3290 3945 si
3323 3896 3566 3963 propter
3621 3890 3710 3962 ip-

2069 4001 2199 4040 sum
2232 3984 2423 4041 solum
2455 3984 2634 4038 homo
2667 3981 2854 4037 factus
2884 3981 3109 4037 fuisset.
3157 4004 3183 4029 «
3243 3981 3369 4037 Non
3425 3996 3713 4051 aspernor

2069 4073 2338 4146 gratiam.
2373 4093 2402 4123 »
2433 4073 2736 4142 Tanquam
2769 4071 2829 4126 hi
2859 4071 2960 4142 qui
2991 4069 3183 4126 adhuc
3213 4069 3325 4143 legi
3385 4069 3710 4135 adhaerent,

2070 4161 2284 4216 Christi
2316 4161 2563 4236 gratiam
2595 4165 3008 4232 aspernentur.
3071 4160 3385 4231 Aspernari
3442 4176 3575 4214 vero
3624 4164 3715 4215 est

2070 4267 2192 4306 non
2225 4250 2488 4317 credere,
2519 4255 2848 4317 attenuare,
2882 4248 3152 4306 irridere.
3185 4248 3357 4303 Vides
3413 4265 3529 4318 quo
3589 4265 3712 4302 ser-

2071 4356 2311 4395 monem
2335 4339 2661 4394 deduxerit.
2681 4360 2710 4388 «
2755 4341 2898 4394 Nam
2921 4339 2968 4394 si
2990 4354 3094 4409 per
3115 4337 3570 4410 legemjustitia.
3598 4361 3626 4390 ››
3654 4337 3711 4393 Si

309 4416 398 4470 ἳνα
423 4417 588 4478 αὐτὸς
630 4419 777 4492 σώσῃ
836 4416 924 4473 διὰ
978 4424 1076 4476 τοῦ
1135 4421 1368 4484 θανάτου
1417 4423 1602 4480 αὐτοῦ.
1662 4426 1750 4487 Ὠς
1797 4425 1843 4481 εἲ
1899 4447 1963 4503 γε

321 4507 470 4529 _,'v,,
511 4508 524 4529 ι
601 4505 619 4529 Ι
679 4528 686 4529 ,
869 4528 874 4529 ,
980 4509 991 4524 ἱ
1070 4512 1083 4529 ο
1123 4511 1148 4529 Δ
1172 4512 1182 4528 r
1441 4512 1468 4524 ε-
1505 4520 1536 4529 -.
1619 4514 1630 4529 1

2074 4429 2231 4484 enim
2257 4428 2686 4499 lexjustiﬁcare
2707 4435 2922 4499 posset,
2955 4428 3221 4484 Christus
3257 4427 3473 4484 frustra
3498 4433 3556 4482 et
3586 4426 3712 4484 sine

313 4507 478 4577 σώζει
505 4508 532 4561 6
561 4505 750 4579 νόμος,
784 4509 1032 4583 περιττὸς
1064 4512 1091 4564 6
1123 4511 1345 4573 θάνατος
1373 4512 1468 4566 106
1503 4514 1720 4588 Κυρίου.

2075 4535 2251 4576 causa
2277 4524 2544 4573 mortuus
2575 4513 2748 4573 esset.
2782 4518 2864 4572 0b
2896 4517 2955 4572 id
2985 4534 3242 4588 namque
3283 4517 3544 4588 seipsum
3589 4522 3711 4574 tra-

309 4597 480 4664 didit,
513 4603 598 4665 ut,
633 4598 790 4670 quod
820 4601 912 4679 lex
941 4617 1063 4657 non
1092 4595 1342 4673 poterat,
1375 4604 1500 4675 ipse
1533 4621 1640 4662 nos
1670 4623 1776 4662 sua
1805 4613 1994 4663 morte
2026 4608 2214 4663 salvos
2245 4608 2466 4662 faceret
2499 4623 2510 4660 :
2546 4607 2701 4678 quod
2733 4607 2780 4663 si
2813 4607 2906 4663 lex
2965 4607 3155 4664 salvos
3207 4606 3447 4676 faceret,
3507 4624 3710 4679 super-

311 4703 495 4742 vacua
523 4686 731 4742 fuisset
761 4678 921 4744 mors
952 4690 1206 4746 Domini.

937 4807 1202 4863 ΚΕΦᾹΛ.
1246 4809 1322 4866 Δ“.

385 4899 510 4948 ’Ὁτι
546 4889 635 4946 διὰ
660 4893 891 4954 πίστεως
922 4894 950 4948 6
980 4893 1271 4970 ἁγιασμὸς,
1303 4897 1368 4952 οὔ
1401 4895 1488 4953 διὰ
1517 4898 1712 4973 νόμου.

383 4982 449 5036 Ὦ
521 4980 744 5052 ἀνόητοι
812 4980 1071 5052 Γαλάται,
1137 4984 1218 5046 τίς
1290 4986 1428 5057 ὑμᾶς

312 5069 546 5140 ἀληθείᾳ
652 5073 728 5143 μὴ
833 5071 1130 5140 πείθεσθαι,
1235 5075 1318 5136 οἷς

313 5161 525 5228 Ἰησοῦς
590 5160 824 5232 Χριστὸς
888 5162 1228 5242 ξπροεγράφη
1320 5162 1370 5218 ἐν
1471 5166 1595 5240 ὑμῖν
1690 5165 1964 5242 ἐσταυρω-

317 5248 479 5320 μένος
534 5268 546 5317 ;
615 5251 790 5306 T0610
859 5251 1024 5322 μόνον
1088 5251 1231 5306 θὲλω
1327 5256 1514 5325 μαθεῖν
1605 5257 1694 5335 ἀφ’
1785 5258 1960 5330 ὑμῶν,

313 5335 364 5406 ἐξ
424 5334 596 5411 ἔργων
653 5340 828 5409 νόμου
886 5334 1109 5395 ἐλάϐετε
1158 5341 1220 5396 τὸ
1289 5341 1522 5416 πνεῦμα,
1585 5347 1619 5415 ἢ
1654 5334 1733 5417 γέξ
1790 5345 1961 5416 ἀκοῆς

315 5427 572 5497 πίστεως,
626 5429 796 5491 οὕτως
849 5429 1070 5500 ἀνόητοί
1153 5431 1292 5500 ἐσοε,
1368 5433 1716 5510 ἐναρξάμενοι
1800 5437 1964 5492 πνεό-

319 5537 470 5588 ματι,
535 5521 623 5571 νῦν
709 5518 863 5592 σαρκὶ
960 5518 1314 5585 ἐπιτελεῖσθε.
1407 5529 1647 5580 Τοσαῦτα
1739 5523 1963 5584 ἰπάθετε

1521 4982 1806 5044 ἔϐάσκανεν
1891 4995 1962 5064 τῇ

1421 5079 1534 5131 κατ’

1638 5077 1961 5156 ὀφθαλμοὺς

329 5686 336 5694 '
384 5668 407 5703 ⁸
438 5663 658 5725 Coloss.
685 5685 767 5739 ιιι,
793 5673 844 5725 5.

2711 4815 2938 4873 CAPUT
2978 4816 3069 4869 IV.

2072 4903 2228 4970 Quod
2247 4920 2349 4974 per
2365 4904 2525 4972 ﬁdem
2543 4906 2714 4972 fuerit
2737 4906 3120 4974 sanctificatio,
3154 4911 3207 4959 et
3250 4921 3361 4959 non
3391 4921 3496 4975 per
3517 4905 3710 4975 legem.

2143 4997 2240 5064 IIl,
2266 4999 2384 5050 1-6.
2419 4997 2588 5051 Stulti
2617 4997 2845 5059 Galatae,
2877 4998 2999 5066 quis
3047 4997 3245 5052 invidit
3300 4998 3450 5052 vobis
3506 5014 3572 5051 ne
3615 4998 3716 5052 ob-

2074 5087 2470 5154 temperaretis,
2501 5091 2553 5139 et
2583 5085 2870 5140 crederetis
2895 5089 3133 5151 veritati,
3184 5085 3381 5155 quibus
3431 5100 3552 5155 prae
3582 5100 3713 5140 ocu-

2075 5174 2141 5229 lis
2167 5176 2320 5229 Jesus
2350 5174 2597 5231 Christus
2625 5177 2739 5242 fuit
2770 5175 3038 5244 depictus,
3075 5176 3224 5230 736
3265 5176 3410 5230 inter
3464 5192 3556 5230 vos
3586 5192 3715 5230 cru-

2070 5263 2311 5332 ciﬁarus?
2336 5265 2448 5318 Hoc
2478 5265 2650 5318 solum
2682 5268 2844 5334 cupio
2874 5265 3080 5319 discere
3108 5283 3141 5318 a
3170 5266 3352 5320 vobis:
3403 5282 3472 5318 ea:
3527 5267 3714 5333 operi-

2074 5353 2168 5408 bus
2232 5355 2364 5422 legis
2420 5354 2691 5422 Spiritum
2730 5356 3030 5424 accepistis,
3063 5372 3135 5410 an
3200 5372 3268 5410 ea:
3321 5355 3715 5426 prmdicatione

2069 5441 2201 5512 ﬁdei
2245 5445 2273 5495 ?
2327 5443 2478 5497 Adeo
2533 5443 2687 5498 stulti
2744 5446 2890 5510 estis,
2945 5461 3068 5499 cum
3127 5446 3344 5515 Spiritu
3411 5447 3660 5515 ωερε)νὶιὶ

2070 5547 2216 5589 nunc
2245 5550 2410 5590 carne
2439 5535 2894 5590 consummamini
2919 5539 2948 5591 Ξ)
2983 5537 3115 5592 Tam
3168 5535 3345 5592 multa
3387 5537 3543 5608 passi
3586 5537 3713 5592 estis
