4048 6250
368 323 518 384 1119

363 549 514 603 vobis
544 547 837 617 Spiritum,
871 551 1134 615 operatur
1163 547 1393 599 virtutes
1422 546 1481 598 in
1510 544 1677 609 vobis,
1712 550 1903 597 utrum
1935 560 2003 598 ea:

365 637 617 708 Operibus
645 636 798 705 legis,
827 651 898 689 an
956 651 1025 689 ea:
1075 634 1468 703 pradicatione
1513 633 1648 703 ﬁdei
1700 633 1760 687 id
1812 635 2005 701 facit?

362 729 829 795 Quemadmodum
858 728 1140 782 Abraham
1160 727 1394 781 credidit
1427 727 1546 795 Deo,
1579 732 1631 781 et
1668 728 2004 796 imputatum

363 826 439 876 cst
467 820 557 875 illi
585 819 658 873 ad
680 820 982 890 justitiam.

434 918 541 975 Ubi
565 915 1263 985 demonstravitseipsum
1286 932 1405 970 non
1428 914 1499 970 ab
1522 913 2005 979 hominibus,sed

364 1025 398 1065 a
419 1008 669 1064 Domino
694 1006 872 1061 fuisse
895 1006 1192 1069 edoctum,
1221 1005 1431 1075 majori
1456 1021 1614 1059 nunc
1653 1004 2003 1061 auctoritate

367 1092 559 1159 docet,
592 1093 1093 1162 comparationem
1126 1090 1272 1161 legis
1302 1106 1368 1145 ac
1391 1089 1529 1145 ﬁdei
1577 1089 1819 1145 faciens.
1848 1088 2005 1146 Stul-

364 1182 454 1233 tos
480 1184 581 1232 aut
610 1183 779 1232 vocat
805 1175 982 1247 ipsos.
1020 1176 1163 1230 Vere
1197 1174 1352 1230 enim
1387 1174 1632 1230 stultum
1664 1180 1753 1229 est
1782 1190 1814 1229 a
1843 1175 2005 1230 Chri-

361 1272 449 1323 sto
483 1267 806 1331 discedere,
840 1265 1071 1335 legique
1103 1264 1427 1319 adhaerere.
1463 1286 1490 1313 ιι
1522 1265 1662 1329 Quis
1691 1263 1854 1320 vobis
1910 1264 2005 1319 in-

360 1356 554 1413 vidit?
583 1380 612 1407 ››
642 1356 855 1426 inquit.
884 1357 1011 1411 Non
1044 1354 1207 1421 dixit,
1241 1354 1381 1419 Quis
1408 1354 1572 1409 vobis
1601 1354 1884 1426 imposuit
1904 1354 2002 1410 Pne

360 1447 743 1521 opprobrium
767 1447 1041 1501 misceret
1074 1444 1430 1517 opprobrio;
1473 1444 1597 1512 sed,
1658 1445 1790 1516 quis
1849 1444 2005 1498 indi-

358 1542 569 1611 gnatus
599 1542 707 1600 est,
737 1536 855 1605 sive
886 1534 1095 1590 invidit
1126 1534 1153 1589 ?
1190 1534 1512 1590 ostendens
1562 1550 1778 1606 magna
1823 1533 2001 1589 fuisse

359 1644 429 1684 ea
459 1644 589 1698 quae
619 1627 782 1697 prius
809 1625 1227 1697 operabantur.
1291 1646 1318 1673 ‹‹
1369 1623 1592 1689 Quibus
1645 1641 1765 1696 praa
1816 1624 2003 1679 oculis

357 1715 522 1771 Jesus
535 1714 817 1769 Christus.
846 1734 870 1760 »
904 1711 1521 1782 AtquiHierosolymis
1535 1712 1851 1768 cruciﬁxus
1873 1717 1962 1767 est
1987 1728 1999 1764 :

1491 318 1902 379 CECUMENH
1948 319 2252 379 'l‘RICC/E
2297 319 2647 381 EPISCOPI

359 463 595 529 frustra,
626 459 673 513 si
704 463 883 512 tamen
914 463 963 511 et
992 458 1225 524 frustra.
1259 458 1365 521 Qui
1397 457 1574 524 igitur
1621 453 2004 510 subministrat

2125 452 2274 521 είπῆ,
2342 454 2456 527 εἳγε
2523 452 2612 507 καὶ
2680 450 2823 521 είκῆ.
2888 452 2951 509 Ὃ
3014 452 3106 507 οῦν

3618 319 3762 377 1130

3199 450 3565 526 ἐπιχορηγῶν
3647 450 3764 521 ὑμῖν

2109 544 2172 597 τὸ
2236 546 2473 614 πνεῦμα,
2539 541 2631 596 καὶ
2726 540 2954 614 ἐνεργῶν
3052 538 3300 613 δυνάμεις
3395 539 3447 594 ἒν
3520 540 3678 611 ὑμῖν,
3725 538 3769 607 ἐξ

2113 624 2282 704 ἔργων
2383 631 2581 703 νόμου,
2663 631 2698 698 ἤ
2778 628 2827 700 ἐξ
2936 630 3105 697 ἀκοῆς
3206 628 3491 697 πίστεως;
3593 626 3773 688 Καθὼς

2116 714 2369 793 Ἀϐραὰμ
2425 719 2704 775 ἐπίστευσε
2782 724 2862 790 τῷ
2948 723 3085 791 Θεῷ,
3150 720 3238 773 καὶ
3299 717 3565 792 ἐλογίσθη
3614 716 3768 787 ⁸αὐτῷ

2113 809 2188 870 εἷς
2222 806 2587 877 δικαιοσύνην.

2181 903 2488 976 Ὑποδείξας
2520 907 2706 968 ἓαυτὸς
2757 909 2833 981 μὴ
2893 907 3040 982 παρᾶ
3098 907 3416 979 ἀνθρώπων,
3476 902 3619 959 ἀλλ’
3669 905 3767 959 ὑπὸ

2112 998 2209 1050 τοῦ
2238 994 2437 1069 Κυρίου
2478 992 2879 1068 δεδιδαγμένον,
2930 999 3021 1049 νῦν
3078 994 3213 1066 μετᾶ
3259 992 3525 1053 πλείονος
3585 991 3769 1054 αὐθεν-

2111 1084 2230 1145 τίας
2263 1081 2525 1152 διδάσκει,
2559 1084 2834 1161 σύγκρισιν
2876 1088 2973 1139 τοῦ
3026 1084 3198 1156 νόμου
3249 1081 3335 1137 καί
3383 1089 3487 1151 τῆς
3545 1080 3771 1141 πίστεως

2112 1174 2469 1247 ποιούμενος.
2531 1175 2832 1245 Ἀνοήτους
2892 1170 2949 1231 δὶ
3002 1174 3198 1238 αὐτοὺς
3254 1171 3429 1230 καλεῖ.
3515 1172 3626 1228 Καὶ
3682 1171 3772 1245 γὰρ

2113 1258 2284 1325 ὅντως
2367 1264 2599 1333 ἀνόητον
2676 1265 2760 1335 τὸ,
2822 1263 3035 1341 ἀφεῖναι
3090 1263 3348 1337 Χριστὸν,
3401 1259 3497 1315 καὶ
3554 1257 3771 1334 ἔχεσθαι

2110 1356 2208 1407 τοῦ
2247 1351 2443 1425 νόμου.
2507 1377 2534 1404 ιι
2591 1351 2687 1415 Τίς
2746 1353 2910 1426 ὑμᾶς,
2969 1353 3151 1431 φησὶν,
3218 1347 3558 1419 Maeniam“;
3594 1374 3625 1401 ››
3667 1349 3771 1408 Οὖκ

2113 1443 2251 1512 εἷπε,
2306 1439 2400 1503 Τίς
2459 1441 2598 1514 ὑμᾶς
2656 1442 2933 1512 ἠπάτησεν
2983 1460 2997 1510 ;
3043 1438 3137 1495 ’ίνα
3194 1441 3272 1515 μὴ
3331 1437 3626 1513 λοιδορίαν
3685 1438 3767 1495 ἐπὶ

2114 1526 2368 1604 λοιδορίᾳ
2397 1530 2547 1605 pii-9'
2607 1528 2775 1602 ἀλλὰ,
2834 1530 2927 1592 Τίς
2985 1525 3240 1586 ἐϐάσκανε
3298 1529 3385 1584 καὶ
3445 1528 3769 1607 ἐφθόνησες

2114 1616 2326 1681 δεικνὺς
2358 1620 2477 1690 ἀξια
2525 1622 2727 1699 φθόνου
2776 1621 2883 1695 πρὸ
2939 1620 3133 1675 τούτου
3187 1619 3554 1694 πράττοντας.
3619 1643 3647 1669 α
3680 1618 3771 1680 Οἷς

2112 1710 2228 1763 κατ’
2287 1707 2604 1788 ὀφθαλμοὺς
2662 1710 2874 1778 Ἰησοῦς
2952 1710 3201 1784 Χριστός.
3263 1731 3291 1759 »
3365 1709 3469 1764 Καὶ
3556 1708 3671 1779 μὴν
3722 1707 3768 1761 ἐν

359 1801 655 1875 quomodo
689 1817 823 1873 ergo
854 1800 939 1854 ait
970 1817 982 1854 :
1018 1801 1222 1864 Quibus
1244 1815 1364 1869 pra
1394 1797 1564 1854 oculis
1597 1805 1654 1854 et
1682 1802 1829 1855 inter
1856 1816 1949 1855 vos
1978 1803 2005 1854 ?

2117 1796 2482 1873 Ἰερουσαλὴμ
2531 1798 2868 1874 ἐσταυρώθη.
2921 1803 3044 1859 Πῶς
3097 1798 3189 1852 οῦν
3246 1818 3433 1877 φησιν,
3498 1800 3601 1858 Οἷς
3656 1798 3769 1852 κατ’

355 1891 624 1949 Ostendit
656 1890 773 1945 vim
827 1890 985 1955 ﬁdei,
1040 1905 1172 1960 qua:
1227 1889 1406 1943 etiam
1462 1890 1669 1961 procul
1726 1889 2006 1946 distantia

349 1981 650 2054 prospicit.
687 1985 960 2034 Attamen
993 1978 1132 2048 quia
1166 1978 1442 2048 Depictus
1504 1983 1593 2032 est
1656 1977 1826 2044 dixit,
1887 1979 2005 2034 sive

349 2070 701 2140 descriptus,
734 2083 950 2138 nempe
983 2083 1089 2138 per
1120 2064 1563 2137 praedicationis
1622 2068 2001 2138 scripturam,

353 2157 725 2214 tantumdem
752 2160 841 2210 est
897 2171 965 2210 ac
1025 2155 1074 2209 si
1133 2154 1404 2209 diceret:
1465 2154 1811 2210 Praedicatio
1872 2157 2004 2228 qui-

352 2249 489 2304 dem
546 2245 811 2317 depinxit
869 2242 1033 2299 vobis
1092 2260 1328 2299 crucem
1390 2259 1459 2299 ac
1521 2248 1775 2299 mortem
1839 2246 2004 2300 Chri-

355 2337 445 2399 sti,
483 2354 585 2392 vos
616 2341 816 2391 autem
856 2334 1044 2390 oculis
1106 2334 1242 2389 ﬁdei
1305 2339 1590 2405 tanquam
1649 2342 2007 2407 praesentem

356 2429 551 2499 ipsum
582 2425 807 2480 vidistis
841 2442 854 2479 :
885 2424 967 2480 ita
996 2424 1158 2479 enim
1192 2423 1546 2492 credidistis,
1608 2441 1675 2480 ac
1715 2426 1764 2481 si
1817 2427 2007 2499 ipsam

355 2515 565 2573 Christi
628 2519 877 2570 mortem
937 2512 1138 2569 intuiti
1190 2514 1415 2570 essetis.
1477 2544 1541 2554 —
1585 2536 1613 2563 ‹‹
1648 2515 1767 2569 Ηοο
1814 2515 2007 2570 solum

358 2606 531 2678 cupio
551 2603 1039 2661 discereavobis.
1076 2625 1104 2653 ››
1154 2604 1467 2671 Quoniam,
1517 2604 1734 2675 inquit,
1783 2593 2008 2661 tantam

356 2694 859 2766 dispensationem
895 2710 1015 2749 non
1045 2692 1538 2761 animadvertitis,
1597 2694 1771 2748 breve
1821 2694 2007 2766 quod-

361 2784 497 2841 dam
520 2783 765 2838 verbum
788 2782 1000 2852 loquor
1025 2782 1097 2836 ad
1130 2798 1265 2837 vos:
1322 2798 1464 2836 num
1518 2797 1624 2852 per
1652 2781 1798 2855 legis
1829 2799 2011 2854 opera

361 2872 644 2944 Spiritum
677 2876 949 2926 sanctum
1002 2869 1334 2941 accepistis,
1390 2875 1702 2940 tantasque
1762 2870 2009 2925 virtutes

360 2980 428 3018 ac
451 2964 617 3036 signa
639 2963 863 3034 operati
883 2963 1128 3029 estis,an
1152 2979 1259 3034 per
1280 2962 1455 3017 ﬁdem
1474 2962 1500 3016 ‘2
1522 2961 2010 3034 quandoquidem

360 3052 500 3109 dum
533 3052 647 3121 legi
682 3051 1096 3115 adhaerebatis,
1127 3068 1245 3106 non
1278 3051 1562 3123 Spiritum
1616 3053 1957 3123 suscepistis
1993 3069 2006 3109 :

360 3142 656 3214 quomodo
716 3159 851 3214 ergo
908 3158 1144 3196 rursum
1202 3140 1408 3195 relicta
1464 3141 1578 3196 ﬁde
1638 3141 1750 3213 legi
1809 3142 2003 3197 adlim-

358 3232 499 3288 retis
529 3232 556 3286 ?
586 3254 613 3281 ‹‹
649 3232 808 3287 Adeo
841 3230 1007 3286 stulti
1038 3230 1198 3285 estis.
1236 3252 1262 3279 ››
1325 3229 1507 3296 Adeo,
1568 3231 1782 3302 inquit,
1841 3232 2007 3287 stulti

357 3321 520 3384 estis,
553 3325 618 3373 ut
649 3319 933 3391 temporis
972 3334 1284 3389 progressu
1345 3324 1671 3374 retrorsum
1730 3321 2003 3377 curratis.

355 3410 500 3464 Nam
524 3424 657 3463 cum
684 3408 901 3479 Spiritu
920 3406 1214 3479 cmperitis
1236 3408 1666 3463 consummari:
1702 3409 1813 3465 hoc
1846 3410 2008 3465 enim

358 3515 394 3554 8,
413 3496 715 3552 communi
738 3511 914 3550 sensu
939 3493 1292 3549 sumendum
1318 3499 1406 3550 Θεί
1431 3512 1442 3549 ζ
1470 3512 1631 3550 nunc
1649 3512 1825 3552 carne
1865 3515 2008 3553 COD.-

357 3583 991 3655 summamini.Spiritu
1009 3584 1166 3638 enim
1181 3584 1911 3648 consummabantur,cum
1928 3586 2004 3642 si-

357 3692 474 3749 gna
496 3674 769 3729 ederent:
796 3689 953 3727 nunc
1002 3689 1136 3728 vero
1182 3689 1357 3727 carne
1403 3673 2002 3731 circumcidebantur.

357 3764 773 3823 Animadverte
788 3770 986 3821 autem
1002 3764 1159 3835 quod
1173 3780 1245 3818 no
1258 3784 1265 3815 ;
1280 3784 1289 3815 ι
1307 3762 1920 3830 dixerit,ConsummaI
1935 3767 2003 3831 is,

359 3856 464 3913 sed
477 3878 506 3908 ‹‹
521 3858 774 3910 Consum
784 3853 1049 3922 mamini,
1085 3874 1112 3903 υ
1127 3852 1446 3909 ostendens
1458 3853 1618 3923 quod
1631 3871 1792 3911 more
1810 3854 2006 3912 ovium

360 3950 661 4002 sumentes
682 3944 839 4016 ipsos
851 3942 1356 3999 circumcidebant
1383 3960 1457 3997 ne
1481 3943 1738 3999 scientes
1762 3944 2006 4015 quidem

362 4035 505 4107 quid
534 4039 898 4104 paterentur.
935 4054 961 4081 «
992 4033 1159 4087 Nunc
1191 4048 1367 4088 carne
1418 4033 1940 4089 consummamini.
1979 4055 1999 4086 ι

444 4123 586 4176 731
626 4121 907 4192 Spiritum
954 4120 1197 4191 quidem
1252 4120 1400 4176 dixit
1441 4122 1712 4192 gratiam,
1764 4139 2005 4179 carnem

359 4226 496 4267 vero
510 4210 1013 4265 conversationem
1029 4208 1355 4265 secundum
1370 4209 1618 4281 legem.u
1658 4212 1798 4267 Tam
1821 4211 2008 4268 multa

358 4300 515 4373 passi
535 4300 675 4355 estis
701 4299 933 4354 frustra.
962 4319 989 4346 ››
1011 4297 1207 4353 Multis
1229 4298 1301 4352 ob
1326 4298 1624 4354 Christum
1666 4299 2005 4356 afﬂictioni-

359 4389 469 4448 bus
498 4406 567 4445 ac
596 4388 873 4460 pericula
899 4387 1203 4442 exercitati
1263 4386 1517 4442 fuerant.
1583 4389 1766 4444 Tanta
1806 4389 2003 4461 igitur,

360 4478 577 4548 inquit,
596 4476 760 4533 nullo
783 4476 981 4533 fructu
1000 4474 1157 4546 passi
1181 4474 1340 4530 estis.
1366 4475 1509 4530 Nam
1534 4476 1583 4530 si
1631 4476 2003 4533 circumcidi-

2124 3186 2211 3193 ---
2533 3186 2614 3193 η,
2701 3186 2906 3209 --ι-η,
2993 3186 3252 3205 --__",,

2038 3186 2080 3252 C
2120 3226 2257 3296 ἐστε,
2311 3253 2338 3279 ››
2398 3228 2482 3282 ὃτι
2546 3231 2642 3281 τοῦ
2716 3226 2920 3302 χρόνου
2983 3220 3316 3301 προϐάντος,

2113 1886 2454 1960 ὀφθαλμοὺς,
2508 1888 2625 1957 καὶ,
2684 1888 2769 1944 Ἐν
2828 1888 3009 1960 ὑμῖν;
3071 1887 3313 1943 Δεὶκνυσι
3368 1893 3472 1955 τῆς
3536 1886 3771 1949 πίστεως

2113 1977 2213 2044 τὴν
2249 1975 2431 2052 ἰσχὺν,
2489 1976 2580 2030 καὶ
2636 1978 2701 2033 τὰ
2758 1975 2950 2051 πόῤῥω
3006 1975 3244 2050 δρώσης.
3294 1975 3450 2043 Πλὴν
3509 1976 3606 2032 ὅτι
3648 1996 3774 2051 προ-

2117 2062 2324 2140 εγράφη
2384 2065 2523 2133 εἷπε,
2582 2061 2848 2133 τουτέστι,
2909 2060 2997 2118 διὰ
3072 2068 3169 2132 τῆς
3235 2066 3332 2117 τοῦ
3408 2064 3775 2138 κηρύγματος

2113 2160 2348 2231 γραφῆς,
2381 2153 2509 2208 ὡσεὶ
2549 2148 2726 2231 ἔλεγε·
2780 2154 2852 2210 Τὸ
2913 2154 3008 2227 μὲν
3067 2155 3330 2230 κήρυγμα
3388 2153 3773 2231 ἐζωγράφησεν

2118 2244 2244 2316 ὑμῖν
2277 2243 2368 2297 τὸν
2407 2244 2656 2314 σταυρὸν,
2692 2243 2847 2317 ὑμεῖς
2898 2240 2955 2297 δὲ
2984 2248 3104 2305 τοῖς
3134 2250 3233 2311 τῆς
3279 2243 3518 2303 πίστεως
3575 2243 3769 2321 ὀφθαλ-

2122 2337 2245 2405 μοῖς
2275 2334 2349 2394 ὡς
2380 2334 2623 2407 παρόντα
2682 2333 2844 2388 αὐτὸν
2905 2329 3094 2390 εἴδετε.
3146 2330 3303 2389 Οὕτω
3362 2333 3469 2407 γὰρ
3533 2331 3771 2388 ἐπιστεύ-

2116 2442 2263 2493 σατε,
2305 2422 2379 2485 ὡς
2434 2420 2592 2476 αὐτὸν
2652 2425 2749 2476 τοῦ
2802 2424 3034 2495 Χριστοῦ
3080 2420 3170 2475 τὸν
3219 2420 3453 2494 σταυρὸν
3518 2420 3762 2493 θεασάμε-

2113 2531 2220 2567 νοι.
2270 2543 2340 2553 -
2397 2534 2425 2562 ‹‹
2460 2512 2639 2567 Τοῦτο
2695 2510 2859 2575 μόνον
2920 2508 3063 2564 θὲλω
3125 2514 3315 2582 μαθεῖν
3380 2508 3472 2587 ἀφ’
3536 2509 3755 2581 ὑμῶν.»

2119 2600 2457 2672 [ΘΕΟΔΩΡ.]
2515 2595 2763 2667 Ἐπειδὴ,
2825 2599 2981 2672 φησὶ,
3040 2601 3108 2671 τῇ
3158 2597 3395 2672 τοσαύτῃ
3486 2597 3752 2670 οἰκονομία

2117 2687 2179 2742 οὐ
2202 2688 2518 2764 προσέχετε,
2553 2687 2818 2759 σύντομόν
2869 2708 2922 2741 τι
2976 2686 3082 2760 ἐρῶ
3123 2686 3258 2759 πρὸς
3305 2686 3473 2760 ὑμᾶς.
3525 2688 3614 2741 Διὰ
3655 2690 3747 2740 τῶν

2119 2776 2171 2831 ἐν
2200 2776 2355 2849 νόμῳ
2413 2771 2588 2850 ἔργων
2648 2780 2868 2848 Πνεῦμα
2924 2775 3074 2850 ἃγιον
3126 2770 3373 2846 ἐλάϐετε,
3429 2777 3523 2831 καὶ
3575 2776 3735 2831 τοσαύ-

2115 2886 2210 2927 τας
2270 2862 2526 2939 δυνάμεις
2583 2866 2674 2920 καὶ
2735 2870 2937 2939 σημεῖα
3021 2859 3336 2935 ἐποιήσατε,
3421 2868 3459 2936 ἢ
3536 2863 3610 2920 διὰ
3643 2865 3723 2930 τῆς

2117 2959 2349 3021 πίστεως
2378 2979 2393 3027 ;
2428 2958 2580 3016 Ἐπεὶ
2619 2962 2695 3032 μὴ
2727 2961 2814 3015 ὅτε
2844 2964 2943 3014 τοῦ
2971 2958 3143 3031 νόμου
3192 2958 3429 3033 έῗχεσθε,
3452 2957 3709 3028 llr-siam:

2115 3049 2215 3118 ἦτε
2240 3047 2558 3121 ἠξιωμένοι·
2621 3052 2739 3110 πῶς
2791 3046 2882 3103 οῦν
2945 3047 3164 3127 ἀφέντες
3221 3049 3323 3117 τήν
3386 3048 3567 3107 πίστιν,
3607 3042 3713 3115 ἒχε-

2121 3140 2212 3193 σθε
2286 3138 2449 3194 πάλιν
2521 3142 2618 3193 τοῦ
2691 3138 2906 3209 νόμους
2987 3162 3014 3189 (ι
3042 3137 3252 3205 Οὕτως,
3332 3136 3519 3215 φησὶν,
3548 3130 3729 3202 ἀνόητοὶ

3389 3226 3467 3286 εἰς
3526 3224 3739 3279 tab-ciem

2109 3318 2353 3394 τρέχετε.
2435 3317 2817 3392 Ἐναρξάμενοι
2899 3318 3003 3393 γὰρ
3087 3315 3352 3390 πνεύματι
3408 3315 3742 3372 ἐπιτελεῖσθαι

2113 3409 2296 3481 (τοῦτο
2366 3408 2470 3485 γὰρ
2548 3407 2653 3462 ἀπὸ
2719 3408 2948 3480 κοινοῦ),
3039 3410 3129 3461 νῦν
3194 3407 3347 3481 σαρκὶ
3410 3400 3743 3466 ἐπιτελεῖσθε.

2114 3496 2391 3569 Πνεῦματι
2473 3497 2575 3571 γὰρ
2678 3493 3056 3561 ἐπετελοῦντο,
3160 3501 3362 3568 σημεῖα
3453 3498 3748 3559 ποιοῦντες,

2114 3587 2270 3659 σαρκὶ
2346 3582 2404 3639 δὲ
2479 3585 2955 3660 περιτεμνόμενοι.
3031 3586 3171 3658 ’Ὁρα
3245 3582 3325 3655 δὲ,
3398 3583 3504 3640 οῦκ
3598 3585 3750 3647 εἶπεν,

2116 3673 2469 3743 Ἐπιτελεῖτε,
2546 3672 2697 3745 ἀλλ’,
2757 3698 2786 3726 ‹‹
2838 3672 3227 3745 Ἐπιτελεῖσθε,
3296 3697 3320 3721 ››
3391 3672 3611 3735 δεικνὺς
3680 3671 3753 3726 ὅτι

2115 3761 2273 3835 δίκην
2369 3759 2656 3838 προϐάτων
2762 3759 3133 3838 λαμϐάνοντες
3236 3762 3432 3826 αὐτοὺς
3534 3763 3758 3835 περιὲτι-

2118 3878 2272 3932 μνον,
2308 3858 2448 3932 μήτε
2478 3853 2688 3917 εἰδότας
2717 3854 2750 3910 ἃ
2799 3856 3097 3930 πάσχουσι.
3155 3880 3181 3907 ‹‹
3213 3857 3322 3912 Νῦν
3378 3856 3542 3930 σαρκί
3593 3854 3757 3909 ἐπιτι-

2116 3944 2316 4007 λεῖσθε.
2352 3966 2380 3993 ν)

2188 4126 2404 4194 Πνεῦμα
2466 4121 2561 4194 μὲν
2613 4122 2714 4189 τὴν
2776 4118 2936 4199 χάριν
2992 4118 3235 4188 ἐκάλεσε,
3292 4122 3464 4194 σάρκα
3531 4119 3612 4191 δὲ,
3668 4124 3756 4191 τὴν

2114 4212 2249 4268 κατά
2312 4211 2482 4281 νόμον
2534 4206 2834 4265 πολιτείαν.
2898 4231 2926 4260 ‹‹
2973 4212 3214 4264 Τοσαῦτα
3270 4207 3490 4265 ἐπάθετε
3561 4211 3700 4280 εἰκῆ.
3731 4235 3755 4261 ι)

2114 4297 2356 4360 Πολλοῖς
2385 4299 2520 4367 ¹ἦσαν
2549 4301 2874 4371 πειρασμοῖς
2908 4294 2996 4352 διὰ
3050 4297 3141 4353 τὸν
3190 4299 3421 4372 Χριστὸν
3467 4299 3756 4356 παλαίσανο

2114 4409 2219 4450 τες.
2252 4389 2501 4443 Τοσαῦτα
2559 4385 2675 4454 οῦν,
2728 4386 2882 4466 φησὶ,
2937 4387 3113 4459 μάτην
3166 4388 3488 4445 πεπόνθατε,
3555 4388 3619 4446 El
3664 4388 3754 4463 γὰρ

2116 4476 2519 4550 περιτέμνεσθε,
2582 4475 2756 4549 μάτην
2826 4474 3021 4544 ἐκεῖνα,
3078 4476 3378 4545 τουτέστιν,
3450 4477 3757 4532 ἀπωλέσατε

364 4567 535 4632 mini,
570 4566 799 4622 nullum
824 4565 929 4620 illa
960 4564 1218 4620 fructum
1251 4563 1491 4629 habent,
1551 4565 1661 4620 hoc
1718 4571 1828 4634 est,
1880 4567 2005 4638 ipsa

2117 4564 2264 4621 ταῦτα’
2301 4567 2415 4621 εἶτα
2469 4562 2561 4620 ’ἕνα
2625 4567 2702 4639 μὴ
2761 4565 2838 4628 εἷς
2905 4564 3214 4644 ἀπόγνωσιν
3272 4564 3466 4627 αὐτοὺς
3520 4560 3753 4640 ἐμὸαὸῃ,

364 4656 721 4728 perdidistis.
756 4654 979 4710 Deinde
1002 4671 1076 4708 ne
1098 4654 1256 4725 ipsos
1275 4653 1338 4708 in
1373 4653 1849 4725 desperationem
1876 4673 2011 4712 con-

354 4749 546 4820 jiciat,
578 4749 687 4803 ait:
709 4769 731 4796 α
779 4748 835 4801 Si
850 4754 1050 4801 tamen
1083 4751 1140 4800 et
1176 4746 1415 4801 frustra.
1437 4768 1462 4793 ››
1485 4746 1627 4801 Nam
1643 4746 1690 4800 si
1716 4747 2008 4819 respicere

364 4835 687 4901 volueritis,
721 4850 841 4888 non
873 4840 1045 4889 erunt
1070 4834 1306 4890 frustra.
1342 4856 1369 4883 «
1400 4834 1456 4889 Si
1492 4838 1690 4890 tamen
1748 4840 1807 4890 et
1860 4835 2010 4892 frus-

364 4928 474 4979 tra.
511 4945 537 4972 »
570 4924 638 4977 Et
667 4939 788 4977 non
820 4922 998 4977 etiam
1031 4938 1165 4977 cum
1197 4921 1431 4976 damno.
1466 4922 1708 4979 Frustra
1749 4939 2008 4996 namque

364 5013 764 5079 ﬁeri,autesse
789 5010 1192 5082 dicitur,quod
1207 5026 1399 5082 neque
1432 5011 1661 5067 confert
1682 5012 2007 5085 quidquam

365 5119 558 5175 neque
576 5102 795 5159 aufert:
817 5107 877 5155 at
899 5100 997 5171 qui
1020 5100 1234 5171 Spiritu
1251 5100 1511 5173 ccepit,et
1531 5101 1603 5157 ob
1626 5101 1685 5157 id
1706 5103 1768 5157 in
1789 5102 2007 5158 multas

362 5193 572 5248 incidit
594 5190 945 5255 aflictiones,
1007 5188 1223 5244 deinde
1286 5195 1735 5259 transmutatur,
1781 5192 1830 5247 is
1888 5208 2008 5250 non

361 5283 553 5337 solum
583 5282 802 5338 frustra
834 5295 1038 5351 passus
1070 5284 1157 5334 est
1188 5295 1257 5334 ea
1313 5296 1443 5350 quas
1498 5296 1703 5351 passus
1754 5287 1860 5349 est,
1909 5299 2004 5339 ve-

358 5389 490 5426 rum
522 5372 701 5427 etiam
731 5386 867 5424 cum
902 5369 1141 5433 damno,
1175 5367 1481 5440 perdendo
1514 5387 1644 5441 qum
1667 5370 1779 5425 sibi
1838 5388 2005 5443 repo-

361 5466 560 5514 suerat
590 5460 834 5530 przemia
864 5458 937 5515 ob
968 5474 1278 5529 perpessas
1308 5475 1413 5528 pro
1446 5458 1674 5515 Christo
1733 5460 2007 5530 afflictio-

362 5561 487 5601 nes.
518 5568 547 5595 ‹‹
578 5529 685 5611 Qui
718 5548 896 5620 igitur
926 5546 1337 5604 subministrat
1357 5547 1537 5604 vobis.
1577 5570 1603 5597 ››
1640 5554 1791 5606 Deus
1828 5529 2007 5623 igitur

365 5634 465 5704 qui
490 5633 654 5688 vobis
710 5635 992 5705 Spiritum
1051 5636 1465 5694 subministrat
1522 5642 1579 5693 et
1635 5638 1737 5710 qui
1794 5655 2000 5712 opera-

2119 4656 2304 4735 φησῖν,
2341 4680 2366 4707 ‹‹
2402 4651 2473 4712 Εἴ
2493 4675 2555 4729 γε
2580 4654 2671 4709 καὶ
2703 4654 2844 4723 εἰκῆ.
2882 4678 2910 4705 ››
2940 4655 3009 4711 Εἴ
3039 4655 3141 4731 γὰρ
3174 4654 3537 4724 βουληθείητε
3567 4656 3756 4723 ἀνανῆ-

2119 4747 2234 4817 ψαι,
2270 4744 2370 4799 οὐκ
2426 4743 2566 4813 εῗκῆ.
2626 4768 2653 4795 ‹‹
2685 4742 2753 4799 Εἷ¹
2808 4762 2869 4821 γε
2926 4742 3017 4797 καὶ
3074 4743 3216 4812 εἰκῆ,
3254 4767 3281 4793 ››
3333 4742 3481 4799 ἀλλὰ
3538 4747 3618 4816 μή
3674 4741 3753 4798 καὶ

2118 4829 2449 4906 ἐπιζημίως.
2487 4832 2625 4901 Εἷκῆ
2656 4832 2750 4905 μὶν
2782 4832 2882 4906 γὰρ
2913 4829 3024 4886 ἐστι
3052 4833 3115 4886 τὸ
3180 4828 3350 4904 μηδὲν
3407 4834 3548 4905 μήτε.
3596 4852 3752 4907 προσ·

2119 4918 2328 4993 λαϐεῖν,
2392 4925 2530 4997 μήτε
2581 4921 2893 4987 ἀποθέσθαι.
2953 4923 3014 4980 Ὁ
3068 4919 3125 4977 δὲ
3198 4921 3555 4997 ἐναρξάμενος
3608 4922 3754 4979 πνεό-

2122 5033 2274 5085 ματι,
2305 5012 2395 5067 καὶ
2437 5012 2527 5067 διᾶ
2575 5016 2737 5068 τοῦτο
2771 5009 3007 5073 πολλοῖς
3062 5011 3367 5088 περιπεσὼν
3414 5017 3749 5088 πειρασμοῖς,

2118 5102 2237 5155 εἶτα
2292 5096 2801 5173 μεταϐαλλόμενος,
2860 5100 2929 5154 οὐ
2990 5099 3153 5173 μόνον
3208 5098 3326 5168 είκῆ
3376 5093 3565 5155 ἔπαθεν
3625 5101 3748 5174 ἃπερ

2116 5182 2331 5260 ἔπαθεν,
2375 5187 2520 5245 ἀλλὰ
2561 5189 2651 5244 καὶ
2720 5186 3049 5260 ἐπιζημίως,
3108 5185 3381 5252 ἀπολέσας
3432 5188 3464 5244 ἅ
3513 5188 3748 5244 ἀπέκειτο

2115 5278 2281 5350 αὐτῷ,
2318 5277 2408 5334 διὰ
2457 5278 2551 5340 τὰς
2613 5279 2745 5354 ὑπὲρ
2799 5281 3028 5353 χριστοῦ
3068 5274 3281 5351 θλίψεις
3327 5278 3416 5332 καὶ
3461 5279 3585 5341 τοὺς
3639 5297 3749 5333 πει-

2118 5366 2359 5442 ρασμοῦς
2388 5362 2615 5424 ἔπαθλα.
2678 5392 2705 5419 ι(
2750 5367 2819 5424 Ὀ
2864 5367 2955 5421 οὖν
3017 5364 3374 5444 ἐπιχορηγῶν
3438 5367 3583 5439 ὑμῖν.
3617 5391 3643 5418 »ι
3693 5365 3744 5421 Ὀ

2114 5457 2487 5532 ἐπιχορηγῶν,
2522 5455 2710 5533 φησὶν,
2748 5456 2878 5529 ὑμῖν
2924 5454 2987 5510 τὸ
3045 5458 3256 5526 πνεῦμα
3302 5454 3431 5515 Θεὸς
3481 5455 3571 5510 καὶ
3615 5452 3743 5528 ἐνερ-

2114 5551 2246 5624 γῶν,
2279 5546 2547 5614 τουτέστι,
2609 5542 2865 5618 δυνάμεις
2922 5542 3165 5617 σημείων
3223 5540 3276 5597 ἐν
3339 5542 3467 5617 ὑμῖν
3529 5543 3743 5620 ἐργαζο-

2119 5657 2297 5714 μινος,
2332 5632 2421 5692 διὰ
2457 5637 2524 5691 τὰ
2583 5655 2643 5691 εκ
2694 5634 2864 5710 νόμου
2922 5629 3052 5712 ἔργα
3106 5636 3275 5689 ταῦτα
3327 5637 3515 5705 ποιεῖς
3572 5631 3735 5711 φησίν.
