4048 6250
296 329 454 392 1121
1348 318 1755 395 OOMMENT.
1806 332 1880 390 IN
1930 327 2173 391 EPIST.
2224 331 2323 390 Ae
2371 334 2498 393 om
2531 332 2653 393 AT.
3547 338 3703 396 1122

293 461 386 533 Ἐξ
448 464 521 517 ὧν
581 462 927 520 ἐπετελέσατε
972 465 1238 537 σημείων,
1298 463 1543 544 ὀφείλετε
1591 468 1790 541 γνῶναι
1848 464 1945 533 τήν

2076 472 2177 532 :ur,
2216 488 2240 514 ››
2272 466 2383 521 hoc
2416 471 2519 534 est,
2551 468 2814 538 potentia
2844 468 3011 540 signa
3041 468 3101 523 in
3132 468 3291 523 vobis
3322 470 3506 525 efﬁcit
3529 487 3540 527 :
3561 486 3705 526 num

304 550 532 627 δύναμιν
562 557 661 621 τῆς
693 554 946 616 πίστεως.
981 553 1132 624 ΙΙλήν
1160 554 1249 609 καὶ
1305 556 1439 630 πρὸς
1487 554 1579 609 τὸν
1635 552 1955 629 προπάτορα

2076 570 2170 626 per
2199 554 2342 629 legis
2373 572 2571 627 opera,
2606 557 2729 611 haec
2759 557 2915 621 facit,
2949 558 3190 628 inquit?
3215 559 3293 612 Ex
3317 574 3386 613 eo
3438 559 3594 631 quod
3626 558 3708 616 si-

299 635 558 716 Ἂϐραὰμ
614 639 852 711 ἀπίδετε,
902 640 988 696 ὅτι
1041 643 1131 697 καὶ
1189 642 1348 703 αὐτὸς
1405 640 1465 697 ἐκ
1549 642 1781 704 πίστεως
1844 639 1954 695 ἐδι-

2076 659 2178 716 gna
2208 643 2490 712 edebatis,
2522 644 2874 700 debuissetis
2919 646 3057 701 ﬁdei
3115 648 3440 718 potentiam
3499 665 3707 722 cogno-

300 730 540 801 καιώθη.
2064 750 2249 789 scere.
2282 736 2502 790 Tamen
2533 735 2621 789 vel
2652 736 2727 791 ad
2757 737 3195 808 progenitorem
3227 737 3523 793 Abraham
3583 755 3709 793 res-

2062 823 2263 895 picite,
2297 823 2582 894 quoniam
2612 830 2672 878 et
2698 825 2822 896 ipse
2858 843 2926 880 ex
2960 825 3073 881 ﬁde
3098 826 3461 897 justiﬁcatus
3493 834 3600 882 est.

934 935 1201 988 ΚΕΦΑΛ.
1243 932 1319 989 Is".

2724 933 2946 988 CAPUT
2991 932 3058 987 V.

299 1020 545 1076 ’Ὀτικαὶ
602 1016 858 1095 Ἀϐραὰμ
914 1020 973 1075 ἐκ
1026 1020 1260 1146 “gi-risco:
1312 1017 1607 1090 ἐδικαιώθη
1661 1018 1737 1082 εἰς
1785 1018 1954 1072 τύπον

1059 1114 1213 1163 ,μων.

2138 1018 2294 1082 Quod
2322 1019 2605 1075 Abraham
2635 1037 2704 1075 ea:
2730 1021 2837 1146 ﬁde
2858 1024 3200 1090 justiﬁcatus
3231 1024 3301 1077 sit
3351 1026 3409 1078 in
3465 1025 3641 1078 nostri

2805 1109 2992 1163 ypum.

1059 1114 1213 1166 il-WW-
2784 1114 2992 1163 typum.

381 1183 673 1240 Γινώσκετε
733 1182 834 1261 ἄρα
927 1186 1009 1240 ὅτι
1063 1186 1115 1240 οἱ
1175 1184 1234 1240 ἐκ
1287 1185 1542 1253 πίστεως,
1614 1181 1760 1238 οὗτοί
1822 1180 1954 1236 εἰσιν

304 1272 419 1327 υἱοὶ
470 1268 741 1349 Ἀϐραὰμ.
824 1270 1129 1347 Προϊδοῶα
1189 1270 1246 1328 δὲ
1328 1276 1363 1343 ἡ
1455 1275 1660 1348 Γραφὴ,
1740 1270 1821 1326 ὅτι
1899 1268 1958 1327 ἐκ

300 1363 538 1424 πίστεως
626 1360 834 1417 δικαιοῖ
916 1363 985 1419 τὰ
1069 1361 1190 1433 ἔθνη
1250 1364 1278 1417 6
1334 1363 1486 1431 Θεὸς,
1552 1359 1959 1439 προευηγγελί-

305 1471 438 1506 σατο
494 1472 574 1524 τῳ
644 1446 917 1526 Ἀϐραὰμ,
989 1453 1073 1507 ’ὁτι
1148 1449 1704 1526 Ἐνευλογηθήσονται
1759 1450 1811 1504 ἐν
1868 1450 1957 1504 σοὶ

303 1541 476 1597 πάντα
529 1541 596 1596 τὰ
664 1537 816 1612 ἔθνη.
881 1543 1041 1597 Ὥστε
1106 1542 1158 1596 οἱ
1221 1539 1281 1596 ἐκ
1345 1541 1580 1603 πίστεως
1650 1537 1957 1614 εὐλογοῦν-

300 1650 395 1684 ται
428 1631 518 1684 σὺν
547 1634 626 1702 τῷ
655 1634 830 1702 πιστῷ
862 1625 1134 1706 Ἀϐραάμ.

380 1716 602 1788 Ἐπειδὴ
637 1716 995 1774 ἐδεδοίκεισαν
1045 1719 1259 1798 ἀφεῖναι
1309 1718 1399 1774 τὸν
1454 1717 1641 1791 νόμον,
1705 1719 1779 1790 μή
1838 1737 1956 1778 πως

300 1814 407 1877 τῆς
438 1808 751 1885 συγγενείας
782 1808 1046 1864 ἐκπέσωσι
1103 1812 1201 1863 τοῦ
1253 1803 1524 1881 Ἀϐραὰμ,
1576 1807 1651 1868 εἰς
1696 1808 1758 1861 τὸ
1807 1807 1956 1861 ἐναν-

296 1894 420 1951 τίον
481 1897 791 1973 περιίστησι
851 1899 942 1953 τὸν
1002 1896 1184 1973 λόγον.
1242 1897 1342 1965 Τὸ,
1429 1898 1552 1971 ἄρα,
1641 1899 1953 1970 τοιγαροῦν.

301 1990 486 2045 ‹‹““Οτι
519 1988 569 2041 οἱ
623 1987 685 2042 ἐκ
739 1986 997 2049 πίστεως.
1054 2011 1081 2040 ››
1144 1985 1313 2043 Οὗτοι
1372 1983 1460 2040 διὰ
1496 1989 1659 2041 τοῦτο
1721 1982 1957 2059 μάλιστα

301 2078 529 2157 ε’ἓχοντο
556 2080 651 2131 τοῦ
680 2077 879 2149 νόμου,
912 2079 973 2131 τὸ
1014 2076 1247 2153 ἀρχαῖον
1305 2075 1471 2131 αὐτοῦ
1520 2073 1956 2149 δυσωπούμενοι.

298 2165 457 2221 Θέλει
490 2163 587 2220 οὖν
640 2162 807 2235 δεῖξαι
854 2165 936 2220 ὅτι
967 2167 1001 2235 ἡ
1036 2165 1218 2229 πίστις
1266 2164 1597 2243 ἀρχαιοτέρα
1640 2168 1737 2219 τοῦ
1782 2165 1956 2236 νόμου

303 2253 622 2325 καθέστηκε,
656 2254 744 2309 καὶ
774 2252 942 2329 ταύτῃ
999 2252 1235 2328 μάλιστα
1281 2255 1480 2318 ἄνωθεν
1526 2257 1605 2325 τῷ
1657 2256 1772 2325 Θεῷ
1826 2253 1955 2329 ἀρέ-

309 2345 549 2400 σκεσθαι.
585 2368 613 2396 ‹‹
648 2340 1181 2418 Προευηγγελίσατο.
1218 2367 1245 2395 ››
1289 2344 1377 2407 Ὡς
1436 2342 1569 2418 μέγα
1619 2363 1673 2398 τι
1728 2340 1959 2418 λέγουσα

306 2433 528 2509 ἀγαθὸν,
559 2434 622 2488 τὸ
654 2432 713 2487 ἐκ
742 2434 975 2494 πίστεως
998 2434 1259 2501 σωθῆναι.
1292 2436 1466 2488 Τοῦτο
1505 2432 1607 2506 γὰρ
1658 2428 1825 2502 δηλοῖ
1871 2432 1955 2500 τὸ,

302 2519 843 2599 Προευηγγελίσατο.
942 2545 969 2574 ι(
1070 2520 1625 2597 Ἐνευλογηθήσονται
1720 2519 1771 2574 ἐν
1872 2521 1956 2574 σοὶ

312 2610 583 2667 πάντατὰ
613 2605 760 2682 ἔθνη.
796 2635 822 2661 ι)
868 2610 966 2677 Τὸ,
1029 2632 1061 2665 α
1118 2611 1207 2667 Ἐν
1266 2610 1374 2681 σοὶ,
1430 2634 1458 2663 ››
1519 2608 1817 2679 τουτέστιν,
1870 2610 1957 2663 Ἐν

317 2701 399 2771 τῷ
430 2699 691 2774 σπέρματί
720 2720 840 2769 σου,
880 2698 937 2761 ὃς
995 2699 1105 2755 ἐστι
1161 2699 1417 2773 Χριστός.
1473 2703 1593 2762 Πῶς
1640 2695 1698 2753 δὲ
1745 2697 1956 2753 ἐνευλο-

319 2794 572 2865 γοῦνται;
631 2791 729 2845 Διὰ
782 2796 881 2859 τῆς
942 2790 1172 2852 πίστεως
1231 2785 1471 2860 δηλαδὴ,
1527 2788 1594 2858 ἧς
1652 2787 1958 2866 ἀρχηγὸςὸ

316 2879 330 2898 θ
500 2879 513 2897 Ι
696 2879 708 2897 Γ
918 2876 961 2897 ’κς
1057 2879 1071 2896 ‘
1327 2878 1339 2895 ἱ
1503 2879 1517 2897 \
1578 2874 1602 2894 λ
1640 2877 1654 2896 \
1762 2878 1774 2895 ἢ
1883 2877 1895 2890 ε
1947 2882 1958 2894 α

329 2873 583 2953 Αϐρααμ.
643 2890 867 2936 Δυναται
915 2896 971 2933 οε
1018 2900 1103 2946 το,
1152 2877 1203 2933 ἐν
1254 2899 1367 2948 σοι,
1427 2898 1518 2932 και
1575 2890 1664 2932 οια
1716 2898 1815 2946 την
1871 2898 1944 2931 απ

311 2969 478 3024 αὐτοῦ
536 2969 713 3024 πίστιν
767 2971 1025 3024 νοεῖσθαι.
1083 2969 1179 3037 Τὸ,
1240 2965 1292 3021 ἐν
1352 2966 1464 3037 σοὶ,
1520 2968 1654 3021 κατὰ
1727 2964 1961 3039 μίμησίν

308 3079 406 3113 σου
436 3058 524 3113 καὶ
559 3057 886 3131 ὁμοιότητα,
941 3057 1224 3132 ἑρμηνεύει
1282 3058 1309 3111 ὁ
1355 3055 1409 3111 ἐν
1452 3055 1627 3130 ἁγίοις
1680 3052 1957 3129 Κύριλλος

309 3148 363 3203 ἐν
427 3143 632 3225 βιϐλίῳ
690 3145 920 3223 δευτέρῳ
978 3154 1077 3216 τῆς
1133 3146 1186 3201 iv
1258 3146 1526 3220 πνεύματι
1583 3145 1670 3200 καὶ
1729 3142 1959 3215 ἀληθείᾳ

308 3216 709 3315 πραγματείας,
742 3216 867 3312 περὶ
894 3216 1011 3300 -τὰς
1066 3234 1241 3311 ἀρχὰς
1296 3216 1408 3290 τοῖ’)⁷
1447 3230 1689 3309 βιϐλίου.
1729 3258 1749 3284 ι
1800 3235 1964 3287 Ὥστε
1991 3216 2033 3282 C

315 3330 367 3384 οἱ
427 3328 488 3383 ἐκ
544 3328 778 3389 πίστεως
836 3326 1214 3402 εὐλογοῦνται.
1252 3351 1279 3377 ν
1336 3325 1403 3383 Οἱ
1457 3323 1517 3379 ἐκ
1571 3331 1670 3394 τῆς
1730 3324 1961 3384 πίστεως

311 3419 589 3493 ἡνωμένοι
620 3421 699 3489 τῷ
730 3412 981 3492 Ἀϐραὰμ
1008 3415 1098 3470 καὶ
1128 3414 1203 3477 εἷς
1252 3415 1469 3490 σπέρμα
1519 3414 1688 3469 αὐτοῦ
1739 3409 1963 3467 τελοῦν-

307 3529 419 3577 τες,
453 3507 563 3583 οὐχ
585 3507 636 3562 οἱ
668 3506 728 3562 ἐκ
760 3506 978 3582 σαρκός.

943 3805 1210 3859 ΚΕΦΑΛ.
1255 3802 1314 3869 ζ’.

305 3897 427 3953 Ὅτι
475 3894 505 3948 6
561 3892 727 3966 νόμος
782 3890 852 3966 οὗ
912 3888 1317 3966 δίικαιοῖπάκλξ
1377 3889 1623 3966 ἐλέγχει,
1683 3888 1775 3942 καὶ
1829 3908 1960 3942 κατ-

616 3959 746 4037 ἇραν
778 3962 1110 4034 ἐπιτίθησιν,
1142 3962 1209 4032 ἢν
1244 3960 1360 4016 λύει
1392 3959 1649 4035 Χριστός.

386 4056 546 4111 ’Ὀσοι
603 4053 706 4130 γὰρ
767 4052 817 4125 ἐξ
864 4051 1032 4127 ἔργων
1088 4049 1260 4123 νόμου
1318 4049 1467 4117 εἰσὶν,
1559 4047 1663 4102 ὑπὸ
1728 4047 1960 4121 κατάραν

319 4142 442 4197 εἰσί.
496 4142 801 4218 Τέγραπται
883 4141 1006 4217 γὰρ,
1087 4140 1513 4213 Ἐπικατάρατος
1590 4141 1695 4200 πᾶς
1750 4137 1808 4198 ὃς
1864 4136 1962 4190 οὐκ

317 4230 543 4305 ἐμμένει
574 4231 626 4287 ἐν
696 4235 824 4286 πᾶσι
880 4234 995 4291 τοῖς
1051 4228 1452 4304 γεγραμμένοις
1510 4224 1561 4280 ἐν
1621 4229 1700 4297 τῷ
1755 4218 1960 4300 βιϐλίῳ

308 4325 407 4377 τοῦ
451 4321 625 4390 ννςμου
690 4324 787 4375 τοῦ
854 4322 1080 4383 ποιῆσαι
1150 4316 1304 4373 αὐτά.
1373 4316 1497 4372 Ὀτι
1566 4311 1623 4368 δὲ
1688 4313 1740 4368 ἐν
1807 4311 1961 4387 νόμῳ

312 4406 492 4473 οὐδεὶς
526 4407 827 4464 δικαιοῦται
871 4406 1016 4483 παρὰ
1070 4410 1151 4479 τῷ
1198 4409 1334 4477 Θεῷ,
1395 4401 1588 4473 δῆλον,
1648 4402 1732 4457 ὅτι
1791 4403 1818 4457 ὁ
1868 4399 1959 4455 δί-

312 4520 467 4562 καιος
573 4499 633 4554 ἐκ
708 4499 956 4568 πίστεως,
1037 4498 1273 4567 ζήσεται.
1350 4495 1410 4552 Ὀ
1487 4491 1544 4548 δὲ
1616 4493 1787 4566 νόμος
1864 4490 1962 4546 οὐκ

2142 1179 2237 1245 ΙΙΙ,
2272 1182 2382 1236 7-9.
2418 1203 2443 1229 «
2480 1180 2649 1235 Scitis
2681 1181 2859 1253 igitur
2885 1182 3045 1251 quod
3075 1183 3175 1253 qui
3208 1199 3276 1237 ex
3309 1182 3422 1238 ﬁde
3461 1188 3620 1252 sunt,
3649 1184 3709 1238 hi

2072 1291 2091 1319 ι
2130 1268 2250 1324 sint
2280 1267 2387 1323 ﬁlii
2438 1267 2707 1325 Abrahae.
2769 1270 3101 1325 Prazvidens
3151 1277 3349 1327 autem
3410 1273 3710 1344 Scriptura

2067 1356 2284 1429 «quod
2319 1374 2386 1413 ex
2448 1357 2561 1412 ﬁde
2613 1358 2903 1429 justiﬁcet
2956 1366 3160 1431 gentes
3217 1361 3390 1427 Deus,
3452 1361 3710 1433 primum

2068 1468 2096 1498 «
2128 1447 2503 1502 annuntiavit
2529 1447 2802 1513 Abrahae,
2836 1449 3712 1523 Benedicentur,inquiensper

2073 1559 2092 1583 ι
2131 1542 2184 1590 te
2224 1552 2433 1591 omnes
2464 1543 2685 1608 gentes.
2722 1539 2923 1608 Itaque
2956 1539 3055 1609 qui
3087 1555 3157 1594 ex
3186 1540 3299 1595 ﬁde
3331 1545 3488 1608 sunt,
3528 1540 3709 1596 bene-

2068 1648 2095 1675 ‹‹
2131 1626 2413 1681 dicuntur
2442 1643 2577 1681 cum
2610 1627 2769 1681 ﬁdeli
2803 1627 3118 1683 Abraham.
3159 1651 3186 1677 ››

2138 1716 2627 1787 Quandoquidem
2661 1716 3009 1772 metuebant
3036 1718 3225 1790 legem
3260 1719 3708 1791 relinquere,ne

2068 1806 2365 1875 quomodo
2397 1822 2431 1859 a
2459 1806 2791 1877 cognitione
2824 1807 3071 1862 Abrahae
3103 1809 3461 1876 exciderent,
3497 1809 3557 1863 in
3576 1824 3712 1863 con-

2070 1898 2316 1953 trarium
2349 1905 2674 1954 commutat
2704 1916 3061 1955 sermonem.
3090 1904 3253 1973 Ἅρα,
3287 1901 3347 1955 id
3381 1908 3486 1970 est,
3511 1901 3708 1974 igitur,

2067 1987 2287 2057 itaque.
2312 1987 2524 2052 «Quod
2547 1987 2646 2059 qui
2669 2004 2739 2042 ex
2761 1988 2894 2043 ﬁde.
2917 2010 2946 2038 ››
2988 1989 3052 2042 Hi
3104 1995 3344 2060 propter
3364 1990 3421 2043 id
3453 1990 3710 2045 maxime

2066 2073 2180 2147 legi
2213 2076 2616 2144 adhaerebant,
2640 2079 2796 2148 quod
2821 2081 2948 2150 ejus
2966 2079 3381 2150 antiquitatem
3416 2097 3483 2135 ac
3519 2087 3706 2135 vetus-

2070 2169 2254 2219 tatem
2276 2164 2337 2219 in
2361 2167 2685 2221 reverentia
2708 2167 3160 2223 haberent.Vult
3179 2168 3377 2240 itaque
3400 2168 3708 2225 ostendere

2071 2252 2247 2309 ﬁdem
2270 2255 2448 2311 fuisse
2482 2255 2607 2329 lege
2639 2257 3058 2328 antiquiorem,
3084 2264 3141 2313 et
3166 2264 3301 2313 ante
3324 2258 3513 2330 ipsam
3536 2275 3708 2313 cons-

2068 2343 2279 2412 titisse,
2312 2344 2589 2416 quodque
2621 2347 2897 2417 primitus
2922 2364 3028 2418 per
3074 2346 3227 2402 hanc
3282 2348 3539 2402 maxime
3592 2349 3708 2402 Deo

2067 2433 2417 2504 placuerint.
2452 2434 2600 2489 738
2625 2459 2650 2484 ‹‹
2681 2436 2945 2490 Primum
2968 2437 3343 2492 annuntiavit
3372 2437 3644 2492 Abrahae.
3678 2457 3703 2486 ι)

2069 2523 2193 2577 Sive
2224 2539 2364 2605 rem.
2386 2523 2578 2578 laetam
2613 2525 2924 2592 nuntiavit,
2956 2532 3238 2596 tanquam
3270 2542 3554 2594 magnum
3602 2525 3708 2580 ali-

2070 2612 2228 2681 quod
2251 2612 2453 2666 dicens
2470 2612 2712 2681 bonum,
2736 2630 2950 2686 nempe
2978 2614 3135 2685 quod
3168 2614 3282 2669 ﬁde
3305 2614 3497 2669 salvus
3521 2614 3707 2668 ﬁeret.

2068 2706 2212 2760 Nam
2236 2705 2346 2760 hoc
2399 2705 2691 2779 signiﬁcat
2742 2706 2919 2762 dictio
2973 2704 3497 2782 προευηγγελίσατο.
3551 2732 3579 2757 ‹‹
3615 2708 3712 2762 Be-

2070 2798 2424 2853 nedicentur
2444 2815 2549 2870 per
2576 2805 2629 2854 te
2648 2817 2857 2855 omnes
2878 2807 3099 2873 gentes.
3129 2825 3153 2849 »ι
3180 2800 3345 2866 Quod
3396 2800 3479 2855 ait
3524 2801 3630 2855 Per
3660 2807 3712 2855 te

2070 2888 2187 2941 sive
2212 2889 2268 2941 in
2301 2894 2370 2953 te,
2399 2888 2509 2942 hoc
2532 2895 2638 2952 est,
2663 2906 2767 2960 per
2788 2907 2815 2943 s
2836 2906 2989 2944 ‘men
3013 2896 3200 2957 tuum,
3253 2890 3354 2961 qui
3404 2895 3489 2944 est
3520 2889 3713 2943 Chris-

2070 2982 2183 3032 tus.
2212 2977 2515 3041 Quomodo
2537 2983 2735 3032 autem
2757 2978 3230 3033 benedicentur?
3257 2984 3367 3033 Per
3416 2978 3595 3033 ﬁdem
3625 2977 3711 3032 vi-

2071 3064 2306 3133 delicet,
2339 3065 2508 3137 cujus
2539 3067 2965 3139 antesignanus
2995 3066 3107 3121 fuit
3136 3066 3456 3122 Abraham.
3516 3068 3717 3121 Potest

2074 3171 2307 3225 quoque
2325 3151 2375 3206 iv
2405 3154 2488 3207 σοί
2513 3155 2761 3227 intelligi
2784 3174 2796 3210 :
2824 3158 3069 3228 Propter
3088 3156 3264 3211 ﬁdem
3288 3173 3418 3227 qua:
3441 3160 3527 3210 est
3550 3155 3609 3209 in
3634 3161 3710 3210 te.

2076 3244 2247 3298 Divus
2275 3243 2527 3315 Cyrillus
2557 3245 2816 3300 secundo
2868 3245 3016 3300 libro
3073 3245 3589 3304 commentationis
3641 3243 3710 3299 de

2067 3334 2250 3399 cultu,
2274 3334 2375 3405 qui
2400 3339 2487 3388 est
2507 3334 2568 3388 in
2592 3335 2807 3406 spiritu
2828 3341 2886 3390 et
2907 3336 3149 3391 veritate
3173 3336 3329 3391 circa
3374 3336 3543 3390 initia
3573 3334 3710 3389 libri

2066 3423 2493 3494 interpretatur
2512 3420 2565 3476 iv
2599 3422 2701 3494 σοί,
2731 3424 2791 3479 id
2814 3431 2920 3491 est,
2976 3424 3050 3481 ad
3101 3425 3183 3479 tui
3233 3424 3710 3480 imitatiationem

2067 3530 2135 3568 ac
2164 3512 2641 3568 similitudinem.
2668 3538 2692 3564 α
2720 3514 2921 3586 Itaque
2945 3515 3045 3585 qui
3069 3530 3140 3569 ex
3180 3514 3294 3569 ﬁde
3343 3520 3501 3584 sunt,
3535 3513 3711 3569 bene—

2067 3600 2366 3655 dicuntur.
2402 3622 2429 3650 ››
2462 3601 2569 3666 Qui
2598 3618 2667 3655 ex
2695 3600 2808 3657 ﬁde
2841 3602 2991 3657 uniti
3031 3607 3171 3657 sunt
3226 3601 3494 3666 Abrahaa,
3543 3606 3601 3656 et
3650 3600 3711 3653 in

2070 3704 2274 3745 semen
2306 3690 2435 3762 ejus
2460 3690 2839 3762 adaptantur,
2871 3707 2990 3745 non
3023 3690 3124 3760 qui
3159 3706 3228 3746 ex
3262 3706 3459 3746 carne.

2696 3798 2926 3851 CAPUT
2968 3797 3062 3850 VI.

2067 3885 2223 3948 Quod
2254 3884 2342 3937 lea:
2379 3900 2489 3938 non
2509 3885 2801 3954 justiﬁcet,
2845 3885 2939 3939 sed
2980 3892 3217 3953 arguat;
3269 3892 3319 3939 et
3359 3883 3707 3938 maledictio-

2373 3971 2495 4009 nem
2528 3956 2718 4023 addat,
2753 3972 2916 4025 quam
2947 3956 3107 4010 solvit
3134 3956 3399 4011 Christus.

2141 4047 2232 4114 ΙΙΙ,
2270 4049 2451 4102 1012.
2492 4040 2533 4096 ι’
2568 4048 2712 4102 Nam
2769 4053 3062 4118 quotquot
3117 4065 3186 4103 ex
3239 4047 3516 4120 operibus
3565 4048 3711 4119 legis

2068 4156 2096 4184 ‹‹
2131 4140 2290 4200 sunt,
2319 4135 2707 4190 exsecrationi
2765 4142 2905 4191 sunt
2959 4135 3217 4191 obnoxii.
3280 4138 3573 4209 Scriptum
3632 4142 3719 4191 est

2066 4246 2093 4273 «
2130 4224 2289 4278 enim
2325 4242 2336 4278 :
2372 4224 2762 4280 Exsecrahilis
2808 4226 3003 4280 omnis
3049 4227 3149 4297 qui
3182 4243 3299 4281 non
3334 4227 3618 4281 manserit
3657 4226 3717 4280 in

2066 4336 2093 4364 ‹‹
2124 4314 2401 4369 omnibus
2432 4333 2563 4386 qua)
2595 4317 2814 4386 scripta
2842 4321 2983 4371 sunt
3013 4316 3073 4370 in
3098 4316 3250 4371 libro
3284 4316 3519 4388 legis,ut
3537 4316 3716 4370 faciat

2074 4422 2095 4451 ι
2129 4420 2217 4457 ea.
2252 4403 2417 4468 Quod
2448 4410 2641 4458 autem
2677 4405 2739 4459 in
2770 4405 2895 4477 lege
2931 4405 3131 4459 nullus
3152 4405 3516 4476 justiﬁcetur
3555 4403 3715 4475 apud

2067 4514 2095 4541 ‹‹
2130 4493 2337 4559 Deum,
2371 4492 2563 4563 palam
2595 4500 2718 4549 est:
2748 4494 3044 4565 siquidem
3072 4494 3273 4566 justus
3295 4512 3363 4548 ex
3397 4493 3509 4548 ﬁde
3533 4494 3715 4561 vivet;

314 4584 461 4645 ἔστιν
530 4588 590 4644 ἐκ
654 4588 908 4649 πίστεως·
970 4584 1097 4641 ἀλλ’
1156 4586 1184 4640 6
1239 4585 1472 4655 ποιήσας
1537 4581 1670 4637 αὐτὰ
1752 4580 1959 4656 ἄνθρω-

2078 4604 2103 4634 ιι
2127 4581 2218 4636 lex
2245 4588 2443 4636 autem
2478 4597 2595 4636 non
2623 4588 2714 4637 est
2745 4600 2812 4637 ex
2845 4583 2981 4650 ﬁde,
3042 4583 3145 4638 sed
3202 4584 3300 4655 qui
3358 4583 3564 4637 fecerit
3623 4600 3713 4651 ea,

312 4699 416 4741 πος
450 4680 667 4750 ζήσεται
701 4678 751 4732 ἐν
784 4677 990 4739 αὐτοῖς.

386 4770 547 4825 ⁸¹Οσοι
580 4767 703 4833 ε’σὶ,
738 4766 921 4840 φησίν,
955 4764 1216 4844 ἐχόμενοι
1247 4767 1353 4819 τῶν
1401 4760 1575 4838 ἔργων
1622 4764 1721 4817 τοῦ
1768 4759 1964 4833 νόμου,

314 4854 703 4931 ἔπικατάρατοί
788 4854 943 4912 εἰσιν.
1046 4849 1268 4923 Ἐπειδὴ
1327 4852 1429 4927 γὰρ
1496 4850 1733 4914 ἐκείνους
1787 4848 1964 4903 ἐπτόει

312 4944 467 5001 ἐᾶσαι
514 4946 608 5001 τὸν
666 4943 857 5017 νόμον,
920 4945 995 5017 μή
1065 4964 1184 5004 πως
1245 4941 1350 4996 ὑπὸ
1408 4939 1643 5015 κατάραν
1702 4937 1964 5014 γένωνται

319 5031 410 5089 διὰ
462 5035 527 5089 τὸ
586 5035 904 5111 γεγράφθαι,
964 5030 1387 5106 Ἐπικατάρατος
1448 5028 1477 5083 ὁ
1538 5028 1614 5102 μὴ
1693 5027 1963 5101 ἐμμένων,

317 5125 471 5203 φησὶ,
504 5128 585 5195 τῷ
637 5124 810 5197 νόμῳ,
866 5121 1029 5184 αὐτὸς
1076 5120 1391 5193 ἀγωνίζεται
1442 5115 1671 5187 δεῖζεται
1721 5117 1806 5172 ’ὁτι
1861 5114 1964 5172 ὑπὸ

315 5215 549 5283 κατάραν
584 5212 715 5267 εἰσὶν
768 5212 819 5267 οἱ
878 5209 1205 5284 ἐμμένοντες
1261 5213 1340 5279 τῷ
1395 5207 1565 5280 νόμῳ.
1628 5211 1789 5274 Πῶςς
1848 5207 1965 5261 Ὀτι

319 5300 524 5370 οὐδεὶς,
559 5303 716 5382 φησὶ,
749 5301 960 5375 πληροῖ
1012 5300 1102 5354 τὸν
1162 5299 1353 5371 νόμον,
1414 5293 1500 5352 διὸ
1558 5296 1961 5371 επικατάρατοι.

314 5393 405 5453 Ὧς
437 5391 490 5447 ο⁹ί
519 5413 582 5468 γε
637 5392 967 5454 ἀποστάντες
1022 5393 1119 5444 to?
1177 5389 1371 5462 νόμου,
1430 5386 1521 5442 καὶ
1573 5390 1673 5453 τῆς
1730 5387 1964 5459 κατάρας

318 5480 793 5558 ἠλευθερώθησαν.
826 5505 853 5532 ‹‹
879 5485 989 5543 na;
1021 5478 1078 5541 ὅς
1108 5478 1207 5534 οὐκ
1238 5474 1477 5552 εμμένει.
1509 5500 1538 5528 ››
1566 5476 1662 5531 Διὰ
1682 5480 1842 5531 τοῦτο
1872 5473 1963 5530 οὖν

312 5571 698 5646 ἐπικατάρατοι
756 5571 807 5625 οἱ
858 5569 1119 5645 ἐχόμενοι
1172 5571 1271 5622 τοῦ
1340 5566 1540 5640 νόμου,
1625 5565 1714 5620 διὰ
1766 5566 1828 5620 τὸ
1888 5567 1965 5639 μή

385 5690 408 5725 ⁸
435 5690 604 5744 Deut.
639 5704 812 5756 xxvu,
845 5688 933 5743 26.

2076 4693 2101 4721 ‹‹
2140 4671 2315 4725 homo
2348 4672 2498 4726 vivet
2526 4671 2586 4725 in
2617 4671 2778 4742 ipsis.
2811 4694 2839 4722 ››

2146 4761 2462 4830 Quotquot.
2495 4760 2713 4830 inquit,
2745 4760 2973 4816 haerent
3000 4761 3146 4835 legis
3200 4762 3498 4833 operibus,
3556 4779 3718 4817 exse-

2076 4848 2328 4905 crabiles
2352 4854 2506 4903 sunt.
2535 4848 3025 4920 Quandoquidem
3050 4851 3207 4907 enim
3233 4851 3291 4906 id
3315 4870 3383 4908 eo
3433 4852 3710 4916 terrebat,

2074 4955 2149 4994 ne
2174 4938 2364 5010 legem
2396 4938 2824 5010 relinquerent,
2886 4957 2960 4996 ne
3017 4943 3316 5013 quomodo
3376 4942 3484 4998 sub
3532 4941 3716 4997 male-

2076 5028 2397 5083 dictionem
2428 5028 2716 5091 venirent,
2750 5037 2990 5101 propter
3021 5030 3080 5085 id
3112 5031 3267 5102 quod
3301 5033 3583 5102 scriptum
3606 5035 3713 5097 est,

2085 5142 2108 5171 α
2141 5117 2530 5172 Exsecrabilis
2582 5125 2669 5172 est
2717 5120 2911 5174 omnis
2963 5121 3064 5191 qui
3123 5138 3242 5176 non
3310 5120 3597 5175 manserit
3653 5121 3715 5173 in

2076 5207 2201 5279 lege
2223 5209 2281 5273 9;
2316 5232 2335 5255 -
2358 5207 2483 5279 ipse
2504 5213 2709 5263 contra
2741 5209 2950 5263 nititur
2967 5210 3276 5264 ostendere
3326 5209 3715 5264 exsecrationi

2076 5297 2362 5352 obnoxios
2410 5313 2560 5355 esse.
2595 5304 2885 5368 quotquot
2928 5300 3257 5354 manserint
3286 5300 3346 5353 in
3381 5299 3526 5371 lege.
3560 5298 3716 5362 Quo-

2075 5403 2212 5442 nam
2237 5385 2412 5441 modo
2435 5385 2462 5440 ?
2483 5386 2631 5449 Quia
2658 5387 2878 5447 nullus.
2907 5388 3119 5458 inquit,
3162 5388 3422 5459 complet
3478 5388 3667 5461 legem
3703 5405 3716 5442 :

2076 5475 2414 5548 suntigitur
2434 5476 2921 5544 exsecrabiles,ut
2943 5478 3045 5547 qui
3076 5495 3109 5532 a
3140 5477 3266 5548 lege
3298 5477 3721 5546 discesserunt,

2077 5571 2136 5622 et
2191 5564 2594 5621 exsecratione
2654 5564 2892 5621 liberati
2943 5571 3101 5620 sunt.
3162 5586 3182 5613 ι
3243 5567 3350 5631 Qui
3401 5584 3520 5623 non
3552 5582 3718 5625 man-
