4048 6250
392 294 547 357 1123

1468 292 1880 357 (ECUMENII
1925 293 2232 356 ΤΒΙΕΟίΕ
2277 295 2630 361 EPISCOPI

3640 304 3779 367 ιιει

396 433 560 489 serit.
596 453 623 481 ››
644 432 967 502 Propterea
997 444 1134 502 ergo
1167 429 1562 486 exsecrabiles
1588 436 1725 488 sunt
1757 432 1858 504 qui
1916 429 2016 505 leg!

2139 427 2348 506 ἰσχύειν
2380 438 2677 509 πληρῶσαι
2715 434 2808 490 τὸν
2840 433 3037 508 νόμον.
3105 458 3134 487 ιι
3185 441 3501 493 Δικαιοῦται
3541 438 3688 514 παρά
3712 444 3783 513 τῷ

391 524 715 588 adhaerent,
773 519 929 591 quod
988 536 1107 574 non
1158 522 1386 592 possint
1442 521 1741 593 complere
1816 522 2027 595 legem.

392 635 419 663 ‹‹
450 613 813 667 Justiﬁcetur
842 610 997 682 apud
1032 611 1237 665 Deum.
1273 632 1301 660 ››
1334 611 1617 666 Fortassis
1659 612 1818 667 enim
1875 610 2032 683 apud

390 702 663 757 homines
685 701 886 773 justus
913 698 1124 771 aliquis
1146 699 1457 756 videbitur.
1493 722 1521 750 ε(
1582 700 1884 773 Siquidem
1929 701 2032 771 jus

389 797 485 847 tus
516 807 585 845 ex
616 790 731 845 ﬁde
762 789 930 845 vivet.
966 811 992 838 »
1027 789 1174 844 139
1209 790 1352 844 Nam
1408 788 1588 844 unica
1645 794 1754 857 est,
1813 790 2027 861 inquit,

391 882 528 938 fidei
559 881 653 935 via
686 896 818 950 quas
840 878 1147 950 justiﬁcat.
1184 899 1211 927 ››
1248 878 1358 931 Lex
1389 883 1587 933 autem
1635 894 1757 933 non
1817 884 1907 933 est
1961 895 2030 932 ex

392 970 529 1036 ﬁde,
561 995 584 1017 »ο
620 969 723 1024 sed
751 986 819 1024 ex
877 967 1194 1038 operibus:
1256 967 1413 1038 quod
1471 967 1608 1022 inde
1651 967 2031 1022 manifestum

391 1066 496 1115 est.
532 1081 560 1103 ιι
591 1060 736 1114 Nam
767 1057 867 1128 qui
898 1055 1104 1112 fecerit
1135 1073 1224 1121 ea,
1259 1056 1435 1111 homo
1483 1057 1635 1111 vivet
1682 1057 1743 1111 in
1802 1056 1964 1129 ipsis.
1999 1077 2028 1106 υ

385 1151 588 1220 Itaque
621 1165 727 1220 per
756 1164 936 1219 opera
959 1146 1189 1202 videtur
1219 1162 1346 1202 esse
1372 1146 1433 1200 in
1467 1147 1594 1219 lege
1626 1146 1806 1212 salus,
1831 1152 1889 1201 et
1908 1162 2029 1201 non

386 1255 495 1311 per
524 1236 722 1292 ﬁdem.

458 1327 557 1395 IIl,
591 1328 676 1395 l3,
713 1328 796 1380 14.
829 1346 855 1375 ιι
885 1324 1151 1379 Christus
1181 1341 1288 1379 nos
1319 1324 1572 1380 redemit
1591 1324 1662 1381 ab
1687 1326 2029 1382 exsecratio-

390 1438 418 1466 ‹‹
451 1433 524 1471 ne
574 1416 737 1490 legis,
781 1414 924 1471 dum
970 1432 1074 1487 pro
1135 1413 1308 1470 nobis
1339 1414 1528 1470 factus
1558 1420 1648 1470 est
1676 1415 2025 1472 exsecratio.

387 1528 414 1556 ‹‹
445 1506 739 1579 Scriptum
772 1511 857 1561 est
888 1504 1047 1560 enim
1076 1522 1089 1559 :
1124 1504 1513 1560 Exsecrabilis
1546 1505 1741 1560 omnis
1774 1504 1871 1576 qui
1891 1521 2028 1577 pen-

387 1618 414 1646 ι(
447 1596 544 1651 det
575 1597 636 1651 in
667 1596 850 1669 ligno,
882 1599 947 1649 ut
976 1594 1036 1649 in
1065 1599 1270 1667 gentes
1299 1593 1632 1649 benedictio
1664 1594 1912 1649 Abrahm
1935 1610 2032 1648 ve-

386 1708 414 1737 ‹‹
447 1686 605 1741 niret
649 1702 756 1758 per
813 1685 1107 1739 Christum
1168 1686 1389 1749 Jesum,
1444 1689 1508 1740 ut
1574 1684 2028 1756 promissionem

388 1799 414 1826 υ
447 1776 699 1848 Spiritus
729 1775 1133 1846 acciperemus
1162 1790 1269 1847 per
1298 1773 1496 1831 fidem.
1538 1795 1566 1823 »

455 1866 649 1920 Tacite
663 1869 1075 1920 occurrentem
1094 1862 1262 1918 solvit
1279 1863 2025 1934 objectionem.Abraham,

386 1946 542 2001 dicet
572 1944 811 2015 aliquis,
861 1950 1177 2015 propterea
1233 1959 1303 1998 ex
1349 1943 1464 1997 fide
1508 1942 1871 2015 justiﬁcatus
1915 1949 2024 2013 est,

384 2036 562 2107 quod,
595 2051 730 2091 cum
753 2040 888 2089 ante
904 2033 1094 2105 legem
1117 2038 1290 2101 esset,
1320 2049 1437 2086 non
1461 2038 1588 2087 erat
1634 2032 1742 2087 sub
1773 2033 1916 2105 jugo
1946 2033 2026 2088 le-

383 2127 504 2199 gis:
530 2123 1044 2193 credimusitaque
1084 2121 1260 2177 ﬁdem
1308 2120 1659 2192 justiﬁcare,
1684 2127 1743 2176 at
1773 2138 1872 2177 eos
1902 2130 2023 2179 tan-

383 2228 506 2278 tum
532 2221 629 2293 qui
655 2237 775 2277 non
796 2220 1033 2275 fuerunt
1057 2225 1319 2290 tempore
1339 2218 1503 2291 legis.
1519 2219 2021 2289 quemadmodum

380 2308 1165 2380 etAbraham;nosveroqui
1173 2310 1298 2381 jam
1315 2309 1422 2363 sub
1464 2309 1653 2382 legem
1696 2309 1938 2378 fuimus,
1972 2310 2020 2366 si

379 2402 566 2473 ipsam
594 2401 962 2468 solverimus,
992 2399 1235 2470 solaque
1259 2398 1372 2453 ﬁde
1396 2399 1659 2455 contenti
1707 2400 2019 2468 fuerimus,

380 2493 512 2563 quis
544 2492 798 2547 redimet
826 2489 899 2545 ab
928 2489 1335 2546 exsecratione
1365 2488 1512 2561 legis
1537 2506 1669 2544 cum
1729 2489 2018 2561 scriptum

377 2581 495 2636 sit:
532 2604 556 2631 ‹‹
592 2579 996 2637 Exsecrabiles
1030 2583 1188 2645 sunt,
1241 2579 1341 2649 qui
1400 2594 1520 2633 non
1579 2579 1911 2635 manserint
1956 2578 2018 2633 in

376 2670 590 2743 lege?«
621 2672 739 2725 Hoc
761 2670 938 2742 igitur
959 2668 1150 2735 solvit,
1175 2666 1499 2723 ostendens
1545 2666 1707 2738 quod
1753 2668 2021 2723 Christus

375 2764 463 2818 sui
488 2762 1027 2830 exsecratione,nos
1053 2779 1087 2815 a
1128 2760 1275 2833 legis
1319 2760 1723 2815 exsecratione
1755 2760 2014 2815 remede-

370 2852 630 2907 rit.Bene
658 2857 853 2907 autem
878 2850 1095 2905 dicitur
1116 2849 1457 2903 redemisse.
1485 2850 1627 2903 Dato
1652 2848 1806 2903 enim
1825 2850 2015 2921 pretio

372 2940 455 2995 sic
485 2946 551 2995 ut
578 2941 703 3012 ipse
738 2940 906 2994 ﬁeret
930 2937 1277 3005 exsecratio,
1335 2937 1588 2992 redemit
1642 2954 1748 2992 nos
1807 2955 1841 2994 a
1871 2938 2014 3012 legis

371 3029 792 3085 exsecratione.
826 3026 1240 3083 Animadverte
1272 3032 1488 3082 autem.
1550 3027 1796 3081 Eramus
1849 3045 2009 3083 exse-

370 3124 616 3180 crationi
640 3122 976 3187 obnoxii,eo
1000 3122 1158 3194 quod
1181 3138 1300 3176 non
1323 3121 1756 3194 compleremus
1777 3121 1967 3195 legem
1994 3138 2007 3176 :

2139 523 2276 593 Θεῷ.
2316 545 2343 572 ››
2374 522 2533 586 Ἴσως
2563 524 2665 599 γὰρ
2698 524 2847 599 παρὰ
2875 524 3185 600 ἀνθρώποις
3233 521 3437 589 δίκαιός
3488 547 3576 588 τις
3627 524 3777 598 δόξει.

2140 634 2168 659 ‹‹
2198 612 2322 666 ’Ὁτι
2350 612 2377 665 6
2401 609 2611 676 δίκαιος
2639 613 2699 669 ἐκ
2728 615 2957 678 πίστεως
3008 617 3246 686 ζήσεται.
3283 641 3311 667 ››
3361 617 3474 673 Μία
3507 620 3614 691 γάρ
3648 616 3776 672 ἐστιν

2139 696 2263 762 ὁδὸς
2294 697 2599 773 δικαιοῦσα,
2632 703 2816 783 φησὶν,
2848 707 2884 775 ἡ
2912 702 3003 759 διά
3029 708 3286 768 πίστεως.
3340 730 3369 758 ι(
3400 708 3461 765 Ὀ
3518 705 3580 762 δὲ
3626 707 3782 780 νόμος

2140 788 2241 843 οὐκ
2269 784 2409 846 ἔστιν
2444 791 2502 847 ἐκ
2536 793 2791 862 πίστεως,
2823 817 2850 848 ι
2911 792 3038 849 ἀλλ’
3097 788 3147 864 ἕξ
3206 792 3402 869 ἔργων.
3464 798 3575 853 Καὶ
3626 793 3782 866 δῆλον

2137 870 2303 948 ἔνθεν,
2334 880 2419 935 ’ὁτι
2456 905 2483 932 ‹‹
2515 882 2576 939 Ὀ
2633 884 2868 952 ποιήσας
2922 882 3058 938 αὐτὰ
3111 883 3420 957 ἅνθρωπος,
3467 888 3696 957 ζήσεται
3741 886 3785 942 ἐν

2137 966 2344 1031 αὐτοῖς.
2381 993 2408 1021 ››
2438 973 2599 1026 Ὥστε
2630 969 2701 1026 δι’
2741 969 2915 1050 ἔργων
2972 972 3116 1029 ἐστὶν
3147 976 3181 1044 ἡ
3215 973 3266 1029 ἐν
3315 975 3475 1048 νόμῳ
3530 976 3787 1051 σωτηρία,

2137 1057 2222 1112 καὶ
2257 1057 2318 1112 οὐ
2350 1056 2437 1113 διὰ
2468 1061 2721 1123 πίστεως.

2208 1318 2439 1393 Χριστὸς
2524 1322 2670 1394 ἡμᾶς
2750 1318 3074 1398 ἐξηγόρασεν
3131 1322 3190 1378 ἐκ
3242 1330 3343 1393 τῆς
3397 1326 3645 1398 κατάρας
3698 1326 3785 1378 τοῦ

2134 1405 2326 1479 νόμου,
2390 1409 2679 1485 γενόμενος
2765 1410 2898 1486 ὑπὲρ
2973 1413 3137 1485 ἡμῶν
3183 1412 3411 1487 κατάρα.
3482 1412 3789 1490 Γέγραπται

2134 1496 2256 1573 γὰρ.
2315 1500 2744 1573 Ἐπικατάρατος
2799 1504 2901 1562 πᾶς
2957 1502 2985 1556 6
3043 1502 3387 1576 κρεμάμενος
3446 1501 3542 1557 ἐπὶ
3606 1500 3785 1572 ξύλου.

2133 1586 2247 1640 Ἵνα
2278 1586 2352 1648 εἷς
2404 1587 2471 1642 τά
2526 1582 2651 1659 ἔθνη
2703 1590 2737 1659 ἡ
2799 1588 3026 1666 εὐλογία
3080 1595 3177 1646 τοῦ
3230 1586 3484 1667 Ἀϐραὰμ
3544 1592 3785 1667 γένηται,

2135 1671 2187 1729 ἐν
2219 1679 2443 1750 Χριστῷ
2472 1677 2677 1748 Ἰησοῦ,
2700 1675 2789 1732 ’ίνα
2818 1680 2919 1748 τήν
2951 1678 3273 1756 επαγγελίαν
3320 1684 3418 1735 τοῦ
3468 1678 3787 1754 Πνεύματος

2137 1759 2398 1838 λάϐωμεν
2433 1763 2523 1820 διὰ
2552 1773 2649 1836 τῆς
2680 1769 2936 1831 πίστεως.

2210 1853 2507 1910 ’Λντίθεσιν
2599 1857 2917 1912 ὑπαντῶσαν
2976 1857 3117 1914 λύει.
3177 1860 3238 1917 Ὀ
3295 1854 3579 1934 Ἀϐρααμ,
3642 1862 3790 1934 φησί,

2137 1938 2226 1996 διὰ
2256 1948 2418 1999 τοῦτο
2451 1942 2744 2016 ἐδικαιώθη
2781 1944 2841 2001 ἐκ
2888 1946 3143 2019 πίστεως,
3198 1947 3278 2003 ὅτι
3325 1949 3431 2022 πρὸ
3476 1952 3588 2003 τοῦ
3633 1949 3795 2021 νόμου

2137 2030 2229 2102 ὢν,
2263 2033 2361 2088 οὐκ
2389 2033 2456 2103 ἦν
2488 2034 2590 2089 ὑπὸ
2620 2036 2714 2090 τὸν
2771 2035 2931 2112 ςυγὸν
2961 2037 3057 2091 τοῦ
3097 2037 3286 2111 νόμου.
3334 2040 3461 2094 Ὅτι
3525 2039 3631 2112 μὲν
3680 2039 3797 2116 γὰρ,

2133 2120 2318 2200 φησὶν,
2354 2124 2388 2191 ἡ
2431 2123 2613 2187 πίστις
2674 2121 2900 2195 δικαιοῖ,
2960 2125 3279 2199 πειθόμεθα,
3336 2124 3485 2181 ἀλλᾶ
3534 2126 3674 2191 τοὺς
3724 2127 3790 2199 μή

2130 2210 2455 2285 γενομένους
2488 2213 2590 2268 ὑπὸ
2621 2214 2711 2269 τὸν
2767 2216 2963 2289 νόμον,
3014 2214 3194 2292 ὥσπερ
3230 2216 3318 2272 καὶ
3366 2217 3459 2272 τὸν
3514 2212 3789 2291 Ἀϐραάμ.

2131 2298 2304 2373 Ἣμᾶς
2337 2298 2397 2356 δὲ
2422 2299 2532 2374 ἤδη
2569 2303 2671 2358 ὑπὸ
2716 2305 2807 2359 τὸν
2858 2306 3028 2379 νόμον
3075 2306 3424 2383 γενομένους,
3485 2304 3646 2381 εἴπερ
3694 2307 3789 2361 αὖ·

2130 2390 2220 2444 τὸν
2281 2389 2646 2469 ἀπολίπωμεν)
2702 2395 2792 2449 καὶ
2854 2399 2922 2469 τῇ
2981 2395 3155 2451 πίστει
3219 2396 3353 2471 μόνῃ
3407 2396 3782 2470 ἀρκεσϐὧμεν,

2125 2478 2206 2541 τίς
2240 2478 2573 2557 λυτρώσεται
2617 2483 2676 2538 ἐκ
2731 2490 2830 2554 τῆς
2878 2484 3114 2559 κατάρας
3170 2490 3267 2541 τοῦ
3322 2487 3521 2560 νόμου,
3585 2484 3670 2542 διὰ
3723 2487 3781 2542 τὸ

2124 2570 2442 2648 γεγράφθαι,
2502 2571 2687 2649 φησὶν,
2741 2597 2768 2625 ‹‹
2801 2574 3226 2649 Ἐπικατάρατοι
3279 2575 3333 2629 οἱ
3394 2577 3473 2648 μὴ
3522 2572 3776 2648 ἐμμένον-

2125 2677 2212 2719 τες
2244 2664 2319 2731 τῷ
2350 2659 2544 2733 νόμῳ;
2588 2688 2614 2712 ››
2646 2666 2814 2718 Τοῦτο
2846 2663 2936 2718 οὗν
2967 2662 3204 2733 ἐπιλύει,
3238 2661 3448 2727 δεικ·ιί›ς
3496 2666 3589 2721 τὸν
3643 2671 3768 2739 Χρι-

2126 2747 2246 2801 στὸν
2279 2750 2429 2822 ἡμᾶς
2462 2748 2839 2824 λελυτρῶσθαι
2895 2751 2955 2808 ἐκ
3009 2761 3111 2824 τῆς
3158 2755 3394 2829 κατάρας
3455 2759 3553 2809 τοῦ
3612 2755 3762 2827 νόμου

2122 2843 2192 2913 τῇ
2216 2836 2327 2911 ἰδίᾳ
2343 2841 2568 2915 κατάρᾳ.
2596 2840 2791 2907 Καλῶς
2815 2839 2870 2897 δὲ
2898 2842 2981 2910 τὸ,
3007 2868 3033 2896 ιι
3066 2844 3441 2919 Ἐξηγόρασέν,
3463 2870 3490 2896 ιι
3514 2844 3636 2905 Δοὸς
3662 2844 3750 2917 γάρ

2120 2928 2310 3000 τιμὴν,
2348 2928 2508 2992 αὐτὸς
2561 2928 2812 3005 γενέσθαι
2862 2933 3090 3007 κατάρα,
3150 2932 3417 3008 ἠγόρασεν
3476 2937 3609 3006 ἡμᾶς
3655 2934 3739 2993 τῆς

2119 3021 2355 3094 κατάρας
2384 3024 2481 3075 τοῦ
2509 3022 2706 3095 νόμου.
2764 3025 2903 3096 Ὀρα
2949 3024 3075 3099 γάρ.
3128 3026 3299 3096 Ἦμεν
3360 3024 3457 3078 ὑπὸ
3505 3022 3730 3103 καταίρειν¹

2121 3102 2209 3162 διὰ
2238 3109 2298 3162 τὸ
2332 3108 2409 3182 μὴ
2434 3108 2722 3184 πληρῶσαι
2768 3112 2860 3167 τὸν
2920 3113 3105 3185 νόμον.
3164 3113 3226 3170 Ὁ
3280 3112 3501 3188 Χριστὸς
3551 3110 3644 3165 οὖν,
3671 3102 3733 3178 ἦν

370 3215 635 3271 Christus
666 3216 717 3270 ei
749 3212 1038 3269 obnoxius
1094 3229 1214 3267 non
1274 3217 1418 3282 erat,
1480 3229 1548 3267 eo
1607 3214 1764 3287 quod
1822 3214 2013 3286 ipsam

2130 3196 2231 3251 ὑπὸ
2258 3198 2479 3270 ταύτην·
2515 3201 2870 3275 πεπληρώκει
2897 3203 3000 3277 γάρ
3057 3201 3218 3257 αὐτόν
3296 3202 3388 3256 καὶ
3445 3201 3586 3275 ὅμως
3627 3219 3746 3253 κατ-

368 3304 814 3376 complevisset:
850 3308 907 3358 et
957 3308 1154 3358 tamen
1214 3304 1675 3359 exsecrationem
1739 3303 2017 3375 suscepit,

368 3393 604 3448 cuinon
627 3397 753 3447 erat
795 3391 1108 3457 obnoxius,
1155 3407 1288 3445 cum
1338 3408 1661 3462 suspensus
1699 3393 1812 3447 fuit
1843 3393 1903 3447 in
1936 3392 2009 3446 li-

367 3486 573 3553 gno,ut
589 3480 1058 3535 exsecrationem
1102 3479 1373 3545 solveret,
1410 3497 1541 3549 qua:
1564 3481 1873 3538 adversum
1909 3497 2016 3535 nos

369 3575 517 3625 erat.
549 3568 1060 3635 Quemadmodum
1090 3568 1136 3622 si
1169 3568 1303 3639 quis
1337 3568 1508 3623 morti
1541 3570 1810 3626 addictos
1855 3570 2010 3625 redi-

371 3663 580 3727 meret,
612 3658 736 3731 ipse
769 3658 963 3714 ferens
996 3664 1247 3713 mortem
1280 3674 1411 3729 qum
1470 3658 1593 3714 illis
1654 3660 2014 3717 immineret.

372 3771 399 3799 «
438 3749 507 3804 Ut
537 3749 599 3803 in
625 3753 845 3821 gentes.
885 3770 913 3798 »
946 3748 1236 3817 Christus,
1307 3748 1523 3818 inquit,
1584 3754 1794 3820 sponte
1825 3748 2014 3803 factos

371 3844 459 3895 est
480 3839 883 3908 exsecrabilis,
915 3843 980 3893 ut
1009 3838 1069 3893 in
1098 3837 1393 3909 gentibus,
1429 3838 1486 3893 id
1517 3844 1622 3899 est.
1658 3840 1718 3893 in
1773 3839 1865 3895 his
1914 3838 2013 3910 qui

370 3928 478 3983 sub
519 3928 645 4002 lege
704 3945 826 3984 non
881 3927 1364 3991 continebantur,
1413 3929 1826 4000 contingerent
1882 3946 2012 4000 qua:

367 4018 618 4074 Abrahae
652 4018 1103 4090 promissionem
1136 4024 1502 4074 concernunt
1533 4035 1546 4071 :
1603 4018 2017 4091 contingerent

368 4113 567 4163 autem
597 4123 702 4179 per
730 4108 927 4179 ipsum
957 4107 1272 4162 Christum.
1301 4107 1604 4171 Quomodo
1624 4124 1729 4179 per
1758 4108 1956 4180 ipsum
1986 4108 2014 4162 ‘l

366 4212 572 4252 semen
603 4203 801 4253 autem
832 4197 962 4268 ejus
993 4201 1083 4251 est
1135 4196 1423 4250 Christus.
1485 4197 1753 4252 Christus
1813 4198 2010 4268 itaque

367 4293 659 4356 quatenus
689 4292 795 4354 est,
854 4293 914 4341 et
967 4286 1321 4357 intelligitur:
1376 4286 1573 4351 homo,
1634 4288 2010 4346 haereditario

353 4375 492 4447 jure
514 4376 811 4448 accipiens
828 4375 1519 4448 promissiones,reliquo
1536 4376 1793 4433 humano
1808 4380 2011 4451 generi

360 4467 519 4538 ipsas
541 4467 797 4535 donavit,
833 4466 989 4537 quod
1024 4467 1087 4520 in
1137 4483 1198 4521 se
1251 4465 1558 4521 mederet:
1601 4488 1631 4515 ι(
1656 4468 1728 4522 Ut
1757 4471 2006 4539 promis-

2125 3284 2340 3358 εδέξατο
2370 3289 2624 3364 κατάραν,
2683 3288 2749 3360 ἤν
2821 3290 2918 3347 οὐκ
2973 3289 3203 3371 ὤφειλε,
3254 3293 3358 3363 τήν
3413 3297 3514 3348 τοῦ
3567 3311 3759 3369 κρεμα-

2126 3380 2314 3446 σθῆναι
2351 3376 2436 3434 ἐπὶ
2498 3377 2684 3451 ξύλου,
2748 3381 2839 3434 ἳνα
2895 3382 2994 3449 τήν
3053 3384 3175 3445 καθ’
3228 3383 3391 3455 ἡμῶν
3445 3380 3589 3457 λύσῃ
3642 3400 3763 3435 κατ’

2126 3466 2277 3540 άραν.
2311 3469 2513 3543 Ὥσπερ
2540 3467 2592 3523 εἴ
2616 3489 2699 3531 τις
2730 3468 2855 3530 τοὺς
2885 3468 3285 3541 ξκελευσοέντας
3330 3470 3627 3535 ἀποθανεῖν
3676 3467 3768 3523 λυ-

2120 3558 2388 3632 τρώσεται
2434 3558 2614 3628 αὐτὸς,
2675 3559 2997 3634 αἱρούμενος
3054 3560 3145 3615 τὸν
3206 3560 3337 3635 ὑπὲρ
3397 3559 3580 3616 αὐτῶν
3622 3561 3771 3616 θάνα-

2120 3666 2232 3702 τον.
2272 3671 2291 3696 ι
2325 3649 2438 3702 *Ινα
2468 3648 2544 3710 εἷς
2574 3649 2640 3703 τά
2693 3644 2843 3719 ἔθνη.
2893 3671 2921 3699 ››
2970 3647 3162 3723 Γέγονε
3210 3645 3287 3719 δὲ,
3336 3648 3524 3727 φησέν,
3576 3670 3775 3705 smu-

2118 3733 2354 3809 τάρατος
2386 3734 2680 3810 βουληθεὶς
2710 3737 2739 3791 6
2772 3737 3029 3812 Χριστὸς,
3056 3734 3151 3791 ’ίνα
3181 3736 3258 3798 εἷς
3295 3736 3362 3791 τά
3412 3733 3567 3809 ἔθνη,
3618 3758 3781 3792 τουτ-

2123 3821 2287 3892 έστιν,
2340 3823 2416 3885 εἷς
2473 3823 2600 3886 τοὺς
2655 3825 2731 3898 μή
2792 3824 3091 3904 ἐχομένους
3146 3830 3245 3881 τοῦ
3299 3824 3494 3899 νόμου,
3549 3826 3623 3881 τὰ
3678 3833 3775 3895 τῆς

2121 3911 2447 3990 ἐπαγγελίας
2476 3918 2572 3970 τοῦ
2600 3909 2859 3991 Ἀϐραὰμ
2907 3914 3148 3993 γένηται.
3200 3914 3418 3986 Γένηται
3461 3912 3521 3971 δὲ
3566 3913 3620 3970 δ’
3681 3914 3775 3971 αὖ·

2117 4006 2213 4056 τοῦ
2242 4007 2337 4057 τοῦ
2368 4004 2622 4075 Χριστοῦ.
2656 4008 2779 4066 Πῶς
2823 4002 2891 4059 δι’
2950 4005 3159 4075 αὐτοῦ;
3218 4000 3440 4073 Ἐπειδὴ
3486 4009 3567 4076 τῷ
3617 4002 3776 4080 σπέρ.

2120 4095 2377 4162 ματιτοῦ
2419 4086 2673 4169 Ἀϐραάμ.
2729 4089 2971 4149 δέδονται
3030 4094 3083 4148 αἱ
3144 4090 3485 4169 ἐπαγγελίαι,
3551 4090 3773 4171 σπέρμα

2120 4179 2177 4235 δὲ
2206 4181 2372 4236 αὐτοῦ
2406 4182 2706 4257 ὁΧριστὸς.
2758 4183 2820 4239 Ὀ
2879 4182 3109 4259 Χριστὸς
3170 4180 3263 4238 οὖν
3317 4183 3453 4246 καθό
3505 4181 3625 4238 ἐστι
3683 4181 3773 4237 καὶ

2116 4274 2320 4325 νοεῖται
2393 4269 2698 4347 ἅνθρωπός,
2757 4270 3184 4346 κληρονομήσας
3242 4272 3341 4334 τὰς
3407 4271 3773 4348 ἐπαγγελίας,

2114 4364 2193 4430 τῷ
2242 4358 2423 4432 λοιπῷ
2480 4364 2588 4415 τῶν
2648 4362 2945 4437 ἀνθρώπων
3004 4359 3140 4437 γένει
3197 4360 3396 4425 ταύτας
3448 4357 3773 4436 ἐδωρήσατο

2116 4448 2422 4505 πιστεύοντι
2482 4448 2559 4513 εἷς
2605 4449 2786 4508 αὐτόν.
2865 4474 2893 4503 ι(
2956 4453 3071 4506 Ἵνα
3125 4451 3227 4520 τὴν
3295 4448 3620 4526 ἐπαγγελίαν
3677 4453 3771 4505 τοῦ

361 4558 590 4612 sionem
623 4557 876 4629 Spiritus
906 4557 1334 4628 acciperemus.
1368 4577 1393 4605 ››
1429 4557 1497 4610 Ut
1528 4555 1640 4611 hoc
1669 4558 1866 4626 modo,
1915 4562 2004 4616 in-

2130 4539 2427 4612 Γίνεύματος
2459 4533 2739 4629 λάϐρωμεν.
2774 4563 2803 4591 ››
2835 4542 2943 4596 Ἰνα
2993 4544 3073 4613 τῷ
3119 4540 3310 4616 τρόπῳ
3357 4539 3557 4613 τούτῳ,
3608 4539 3769 4619 φησί,

362 4646 509 4715 quit,
543 4646 824 4718 Spiritum
861 4645 1287 4715 acciperemus.
1353 4646 1504 4699 740
1557 4646 1790 4700 Etenim
1838 4664 2002 4703 exse-

360 4736 546 4790 cratio
570 4736 808 4806 quidem
840 4750 1011 4790 cruce
1043 4734 1236 4789 soluta
1261 4739 1350 4788 est
1378 4750 1391 4788 :
1425 4750 1530 4804 per
1577 4734 1754 4790 ﬁdem
1804 4744 2002 4794 autem

359 4838 490 4894 quas
514 4824 575 4878 in
598 4824 895 4880 Christum
919 4830 1008 4879 est
1028 4824 1315 4895 contingit
1356 4822 1627 4894 justitia:
1676 4842 1746 4880 ex
1768 4827 2005 4898 justitia

358 4928 492 4967 vero
523 4914 745 4969 accitus
778 4919 865 4967 est
890 4913 1141 4984 Spiritus
1174 4913 1527 4984 paracletus.
1581 4913 1727 4970 Nam
1787 4922 1845 4971 et
1876 4918 2004 4989 Spi-

356 5003 506 5059 ritus
538 5005 598 5061 in
628 5003 1024 5076 promissione
1055 5007 1200 5059 erat.
1234 5002 1495 5058 Dicendo
1551 5004 1711 5059 enim
1746 5021 1759 5059 :
1813 5030 1842 5057 «
1890 5008 2004 5063 Per

356 5097 413 5148 te
443 5092 877 5150 benedicentur
907 5110 1116 5148 omnes
1144 5098 1372 5165 gentes,
1410 5114 1436 5141 »
1468 5109 1575 5163 per
1624 5093 1873 5165 Spiritus
1904 5113 1999 5152 su-

356 5184 803 5254 perventionem
836 5182 1111 5255 promisit
1136 5179 1637 5237 benedictionem.

987 5281 1217 5337 CAPUT
1261 5280 1376 5335 VII.

352 5382 506 5446 Quod
535 5399 641 5438 non
673 5399 741 5438 ea:
771 5382 886 5453 lege
913 5384 1024 5436 sint
1055 5381 1213 5453 bona.
1247 5378 1341 5434 sed
1370 5395 1438 5433 ea:
1461 5380 1830 5449 promissione
1859 5400 1877 5438 :
1909 5383 2001 5440 lea:

554 5471 681 5509 vero
705 5452 1091 5525 prwpamtiva
1119 5452 1192 5508 sit
1217 5468 1321 5522 per
1350 5454 1818 5521 redargutionem.

422 5551 517 5615 ΙΙΙ,
584 5555 765 5607 1518.
826 5554 1065 5619 Fratres,
1124 5551 1424 5607 secundum
1498 5549 1769 5607 hominem
1854 5555 1997 5611 dico.

355 5639 603 5692 Hominis
633 5640 752 5693 licet
783 5647 1190 5706 testamentum,
1239 5642 1287 5694 si
1346 5646 1526 5692 tamen
1584 5641 1658 5695 sit
1708 5646 1999 5711 conﬁrma-

2111 4628 2174 4681 τὸ
2203 4632 2422 4701 [ινεῦμα
2471 4622 2749 4700 λάϐωμεν.
2814 4626 2912 4683 Καὶ
2958 4629 3059 4704 γὰρ
3118 4631 3154 4697 ἡ
3213 4628 3306 4701 μὲν
3344 4628 3552 4703 κατάρα
3595 4626 3763 4694 ἐλύθη

2110 4721 2190 4788 τῷ
2213 4722 2448 4792 σταυρῷ,
2483 4715 2571 4772 διὰ
2600 4715 2657 4772 δὲ
2694 4725 2795 4787 τῆς
2853 4716 2930 4781 εἷς
2986 4718 3220 4791 Χριστὸν
3270 4715 3504 4776 πίστεως
3553 4713 3766 4771 δικαιοο

2114 4805 2241 4876 σύνη
2274 4806 2582 4881 γεγένηται·
2636 4805 2695 4861 ἐκ
2747 4804 2804 4862 δέ
2861 4803 3205 4876 δικαιοσύνης
3263 4805 3609 4879 ἔπισπασμός
3668 4810 3762 4860 τοῦ

2112 4894 2473 4971 παρακλήτου
2533 4894 2864 4970 Πνεύματος,
2952 4897 3055 4953 Καὶ
3112 4896 3215 4972 γάρ
3273 4896 3364 4951 καὶ
3415 4896 3477 4950 τὸ
3539 4900 3758 4969 Πνεῦμα

2113 4985 2164 5042 ἐν
2194 4984 2489 5061 ἐπαγγελία
2519 4986 2607 5055 ἦν.
2637 4988 2698 5043 Ὁ
2728 4985 2831 5062 γὰρ
2885 4986 3073 5055 εἰπὼν,
3125 4984 3208 5040 ὅτι
3259 5007 3285 5039 α
3348 4987 3434 5041 Ἐν
3481 4986 3569 5039 σοὶ
3614 4985 3759 5040 ἐνευ-

2112 5074 2517 5150 λογηθήσονται
2547 5074 2614 5129 τὰ
2640 5069 2790 5145 ἔθνη,
2825 5099 2852 5126 u
2899 5078 2968 5149 τῇ
3025 5077 3122 5129 τοῢ
3178 5075 3492 5149 Πνεύματος
3536 5073 3754 5154 ἐπιφοι-

2114 5167 2264 5237 τήσει
2295 5165 2393 5233 τήν
2423 5161 2674 5238 εὐλογίαν
2705 5163 3088 5240 ἐπηγγείλατο.

2743 5286 3007 5341 ΚΕΦΑΛ.
3048 5284 3115 5339 Ζ“.

2179 5375 2300 5432 Ὅτι
2320 5373 2527 5465 ὀὐξκέκ
2544 5374 2751 5465 γόμου,
2808 5371 2936 5430 ἀλλ’
2974 5375 3023 5444 εξ
3082 5371 3516 5465 ξπαζγγελίαςῌτά
3563 5373 3756 5449 ἀγαθά.

2337 5448 2380 5504 Ο
2413 5444 2469 5501 δὲ
2498 5442 2669 5519 νόμος
2700 5442 3142 5522 παρασκευαὶττής
3170 5442 3243 5500 δι’
3282 5442 3543 5520 ἐλέγχου.

2179 5552 2459 5632 ’Λδελιροὶ,
2518 5553 2655 5609 κατὰ
2710 5552 2995 5628 ἄνθρωπον
3056 5551 3221 5628 λέγω.
3290 5554 3483 5627 Ὅμως
3535 5552 3754 5626 ἀνθρώ-

2108 5665 2215 5699 που
2270 5644 2653 5719 κεκυρωμένην
2715 5640 2980 5713 διαοήκην
3043 5641 3220 5705 οὐδείς
3280 5644 3474 5714 ἀθετεῖ,
3544 5641 3579 5711 ἤ
3636 5638 3750 5694 ἑπι-
