4048 6250
223 286 378 347 “25

1258 276 1676 342 COMMENT.
1723 274 1802 338 IN
1845 273 2090 337 EPIST.
2137 274 2249 336 AD
2295 274 2580 338 GALAT.

3474 276 3634 339 1126

230 418 591 476 διατάσσεται.
651 420 743 490 Τῷ
796 412 856 472 δὲ
920 410 1176 488 Ἀϐραὰμ
1226 414 1531 491 ὲρῥήθησαν
1591 413 1646 469 αἱ
1704 412 1868 488 ἐπαγ-

2001 433 2008 468 :
2039 419 2368 483 tum,nemo
2389 415 2714 486 rejicit,aut
2733 414 2897 471 addit
2922 414 3360 487 aliquid.Porro
3386 414 3635 472 Abrahae

227 507 427 587 γελίαι,
457 508 549 563 καὶ
579 508 659 579 τῷ
700 505 970 581 σπέρματι
997 504 1183 562 αὐτοῦ.
1237 505 1313 561 Οὑ
1369 503 1534 579 λὲγει,
1594 501 1697 559 Καὶ
1756 506 1872 564 τοῖς

227 598 553 675 σπέρμασιν,
612 596 689 657 ὡς
750 595 839 651 ἐπί
890 592 1146 665 πολλῶν,
1177 590 1307 648 ἀλλ’
1335 593 1411 655 ὡς
1443 590 1526 670 ἐφ’
1583 592 1723 654 ἑνὸς,
1780 589 1869 646 καὶ

222 692 304 761 τῷ
334 683 598 762 σπέρματί
646 704 762 753 σου,
794 685 854 745 ὃς
910 682 1021 739 ἐστι
1078 681 1338 758 Χριστός.
1394 684 1564 737 Τοῦτο
1615 677 1869 756 δὲλέγω,

226 774 496 847 διαθήκην
588 772 1081 849 προκεκυρωμένην
1169 772 1270 827 ὑπὸ
1375 774 1473 826 τοῦ
1584 774 1720 825 Θεοῦ
1794 768 1870 832 εἷς

230 867 464 941 Χριστὸν
502 908 517 935 ,
585 866 613 920 ὁ
694 863 827 938 μετὰ
890 856 986 934 ἔτη
1053 861 1375 938 τετρακόσια
1430 861 1521 915 καὶ
1585 862 1873 935 τριάκοντα

229 955 477 1033 γεγονὼς
530 953 720 1026 νόμος,
799 951 899 1007 οὐκ
986 953 1184 1027 ἀκυροῖ
1266 950 1340 1012 εἷς
1421 950 1485 1004 τὸ
1532 955 1874 1025 καταργῆσαι

227 1047 334 1116 τὴν
393 1041 741 1121 ἐπαγγελίαν.
794 1040 859 1099 Εἰ
911 1043 1015 1118 γὰρ
1078 1040 1137 1097 ἑκ
1179 1042 1352 1113 νόμου
1410 1043 1446 1109 ἡ
1502 1037 1874 1114 κληρονομία,

227 1134 332 1189 οὐκ
359 1128 438 1189 ἔτι
469 1132 518 1203 ἐξ
551 1129 902 1207 ἐπαγγελίας.
934 1133 1030 1202 Τῷ
1062 1126 1119 1185 δὲ
1151 1124 1406 1204 Ἀϐραὰμ.
1435 1125 1507 1183 δι’
1545 1125 1874 1204 ἐπαγγελίας

225 1225 555 1304 κεχάρισται
576 1224 605 1278 6
627 1221 779 1284 Θεός.

301 1309 522 1381 Ἐπειδή
555 1308 615 1367 ἔκ
660 1331 718 1366 τε
771 1315 881 1366 τῶν
940 1310 1068 1385 παρ’
1123 1310 1314 1372 αὐτοῖς
1371 1307 1638 1382 σημείων,
1696 1308 1788 1362 καὶ
1815 1307 1878 1363 ὲκ

224 1410 330 1473 τῆς
356 1405 452 1457 τοῦ
482 1400 642 1476 ἁγίου
674 1399 989 1473 Πνεύματος
1039 1400 1463 1473 ἒπιφοιτήσεως,
1521 1397 1613 1453 καὶ
1667 1396 1726 1452 ἐκ
1778 1400 1875 1452 τοῦ

232 1492 467 1564 σταυροῦ
498 1491 594 1544 τοῦ
641 1488 894 1563 Χριστοῦ,
952 1487 1041 1541 καὶ
1103 1485 1154 1556 ἐξ
1208 1486 1281 1540 ὧν
1332 1482 1507 1555 ἐσώθη
1541 1485 1569 1539 6
1602 1479 1874 1559 Ἀϐραὰμ,

230 1576 399 1649 ἔδειξε
452 1580 551 1648 τήν
609 1576 790 1632 πίστιν
863 1575 1073 1647 σώζειν,
1124 1577 1216 1629 καὶ
1266 1574 1329 1629 οὐ
1384 1574 1476 1629 τὸν
1531 1573 1722 1647 νόμον·
1781 1577 1874 1628 νῦν

231 1667 344 1722 ἀπὸ
392 1665 733 1741 ἀνθρωπίνου
804 1661 1250 1741 παραδείγματος
1298 1662 1492 1725 αὐτοὺς
1538 1668 1719 1718 πεῖσαι
1780 1667 1876 1732 ζη-

226 1762 333 1815 τεῖ.
365 1756 435 1811 Τὸ
492 1755 614 1830 γὰρ,
680 1779 706 1807 ‹‹

217 1846 560 1919 ἀνθρώπινον
626 1843 790 1918 λόγον
842 1842 929 1898 καὶ
990 1840 1354 1918 παράδειγμα.
1398 1841 1591 1902 Καλῶς
1625 1838 1683 1896 δὲ
1709 1837 1880 1895 ἀδελ-

232 1934 369 2013 φοὺς
427 1932 637 2007 καλεῖ,
690 1934 955 2004 ἀνοήτους
1001 1929 1256 1993 καλέσας.
1292 1936 1382 1986 Δεῖ
1409 1931 1538 2007 γὰρ,
1596 1929 1727 1985 ποτὲ
1788 1932 1883 2003 μὲν

234 2022 593 2104 ἐπιστύφειν,
649 2022 784 2079 ποτε
843 2018 902 2076 δὲ
958 2018 1291 2096 γλυκαίνειν.
1354 2042 1382 2070 ‹‹
1416 2017 1735 2094 Ἀνθρώπου
1793 2039 1886 2073 xe-

239 2113 567 2190 κυρωμὲνην
628 2109 913 2182 διαθήκην.
951 2134 979 2162 ››
1033 2111 1171 2186 Ὅρα
1226 2108 1279 2164 τί
1335 2106 1481 2172 θέλει
1555 2107 1887 2163 κατασκευά-

242 2225 331 2259 σαι
364 2200 455 2258 διὰ
495 2205 593 2257 τοῦ
640 2196 1032 2275 ὑποδείγματος
1088 2201 1187 2267 τῆς
1241 2196 1529 2268 διαθήκης.
1591 2195 1889 2273 Ἐπηγγεί-

245 2290 403 2357 λατο,
435 2290 622 2371 φησὶν,
653 2294 681 2346 ὁ
710 2289 841 2351 Θεὸς
872 2292 950 2361 τῷ
977 2282 1250 2361 ³Λϐραὰμ,
1281 2284 1371 2342 διὰ
1423 2291 1521 2342 τοῦ
1579 2288 1887 2371 σπέρματος

240 2380 408 2437 αῦτοῦ
439 2369 781 2456 εὔλογεῖσθαι
810 2379 878 2433 τὰ
905 2376 1054 2449 ἔθνη.
1087 2373 1315 2450 Σπέρμα
1343 2372 1403 2431 δὲ
1456 2379 1554 2430 τοῦ
1613 2369 1887 2450 Ἀϐραὰμ,

239 2471 304 2524 τὸ
333 2469 469 2524 κατὰ
498 2468 670 2545 σάρκα
727 2469 755 2522 6
785 2465 1038 2542 Χριστός.
1095 2466 1158 2523 Ὁ
1188 2466 1359 2538 νόμος
1390 2461 1549 2535 ἐδὸθη
1613 2464 1747 2537 μετὰ
1793 2462 1885 2534 ἔτη

237 2559 562 2634 τετρακόσια
624 2557 942 2637 τφιάκοντα.
1016 2556 1086 2612 Εἴ
1139 2555 1342 2624 τοίνυν,
1396 2555 1581 2633 φησὶν,
1637 2555 1665 2609 6
1721 2555 1892 2627 νόμος

241 2650 528 2726 χαρίζεται
557 2649 654 2710 τὰς
686 2646 945 2723 εὐλογίας
971 2648 1061 2703 καὶ
1101 2649 1200 2716 τήν
1257 2643 1629 2718 δικαιοσῦνην,
1660 2647 1695 2715 ἠ
1727 2641 1893 2722 ἔπαγο

246 2738 415 2813 γελία
474 2739 559 2793 καὶ
619 2740 654 2807 ἡ
715 2735 953 2808 διαθήκη
1013 2740 1110 2792 τοῦ
1163 2741 1297 2792 Θεοῦ
1354 2738 1390 2805 ὴ
1424 2736 1559 2811 πρὸς
1620 2728 1890 2810 Ἀϐραὰμ,

252 2828 450 2902 ἄκυρος
501 2824 698 2899 γίνεται
735 2869 746 2883 .
812 2827 942 2882 Εἶτα
997 2824 1289 2900 ἀνθρώπου
1338 2825 1434 2898 μὲν
1495 2820 1761 2894 διαθήκην
1801 2824 1892 2877 οῦ-

250 2912 362 2978 δείς
393 2916 584 2973 ἀθετεῖ.
615 2920 711 2970 τοῦ
753 2918 888 2970 Θεοῦ
936 2911 995 2969 δὶ
1053 2915 1341 2988 ἀκυροῦται
1398 2916 1433 2983 ἡ
1485 2910 1744 2983 διαθήκη,
1802 2911 1892 2968 καὶ

244 3009 416 3060 ταῦτα
471 3003 646 3060 πολὺν
694 3004 896 3080 χρόνον
962 3005 1322 3078 κρατήσασα,
1386 3003 1520 3073 μετὰ
1574 3001 1898 3077 τετρακόσια

1991 526 2010 553 α
2039 503 2210 560 dictaa
2242 511 2381 561 sunt
2399 505 2913 577 promissiones,et
2933 506 3143 561 semini
3169 505 3449 577 ejus.Non
3469 504 3633 570 dicit,

1985 616 2013 642 «
2048 598 2114 648 Et
2142 595 2494 663 seminibus,
2519 603 2800 668 tanquam
2819 596 2890 652 de
2913 595 3251 662 multis,sed
3268 601 3550 667 tanquam
3564 596 3637 650 de

1989 704 2012 734 α
2035 700 2155 739 uno
2179 688 2278 740 :Et
2308 686 2521 741 semini
2547 694 2666 752 tuo,
2696 686 2796 756 qui
2829 690 2919 741 est
2969 686 3254 742 Christus.
3288 686 3409 741 Hoc
3439 690 3637 740 autem

1991 795 2018 822 «
2043 774 2209 829 dico:
2236 779 2659 831 testamentum
2683 781 2819 830 ante
2844 775 3294 847 comprobatum
3313 792 3347 829 a
3369 776 3484 829 Deo
3508 790 3645 846 erga

1993 881 2014 910 ι
2039 863 2456 933 Christum,lex
2470 881 2602 935 quas
2618 870 2750 935 post
2770 881 2958 920 onnos
2981 863 3531 937 quadringentos.et
3547 863 3644 917 tri-

1988 972 2017 1001 «
2040 951 2204 1023 ginta
2233 952 2554 1024 coepit,non
2585 953 2727 1008 facit
2755 954 3085 1017 irritum,ut
3102 952 3346 1026 abroget
3383 951 3640 1022 promis-

1989 1061 2017 1089 ‹‹
2051 1039 2301 1095 sionem.
2335 1043 2477 1097 Nam
2502 1043 2551 1097 si
2575 1058 2645 1097 ex
2676 1042 2803 1114 lege
2828 1048 2985 1097 esset
3006 1042 3346 1112 haireditas,
3382 1041 3639 1113 nonjam

1989 1150 2018 1177 ‹‹
2050 1145 2120 1183 ex
2146 1129 2562 1201 promissione.
2598 1131 2775 1201 Atqui
2799 1128 3043 1186 Abrahaa
3066 1131 3640 1203 perpromissionem

1990 1240 2018 1267 ‹‹
2051 1218 2290 1274 donavit
2317 1220 2491 1276 Deus.
2528 1242 2555 1269 ››

2059 1308 2347 1373 Quoniam
2380 1314 2437 1363 et
2469 1325 2537 1363 ex
2559 1309 2742 1382 signis
2766 1326 2895 1380 quas
2918 1308 3074 1381 apud
3100 1308 3260 1381 ipsos
3282 1310 3435 1365 facta
3452 1315 3642 1375 erant,

1991 1402 2048 1451 et
2099 1414 2168 1451 ex
2227 1397 2481 1469 Spiritus
2530 1399 2718 1455 sancti
2773 1397 3181 1464 descensione,
3227 1405 3285 1454 et
3329 1415 3397 1454 ex
3454 1404 3644 1455 morte

1987 1488 2293 1552 Christi,et
2325 1506 2394 1544 ex
2428 1505 2496 1544 eo
2525 1489 2685 1560 quod
2717 1489 3012 1545 Abraham
3046 1489 3241 1545 salvus
3271 1489 3459 1545 factus
3497 1490 3646 1545 fuis-

1993 1583 2101 1644 set,
2129 1579 2557 1634 demonstravit
2608 1579 2767 1651 quod
2825 1579 2972 1635 fides
3003 1579 3206 1644 salvet,
3243 1585 3303 1634 et
3350 1596 3471 1635 non
3499 1579 3594 1635 lex
3628 1595 3642 1635 :

1990 1683 2152 1721 nunc
2183 1667 2255 1721 ab
2286 1668 2547 1724 humano
2570 1669 2840 1740 exemplo
2871 1674 3121 1724 conatur
3150 1669 3261 1724 hoc
3306 1670 3452 1740 ipsis
3506 1686 3646 1740 per—

763 1755 911 1811 Κατὰ
971 1751 1274 1827 ἄνθρωπον,
1309 1775 1338 1804 ››
1395 1752 1514 1807 ἀντὶ
1569 1755 1687 1820 τοῦ,
1744 1749 1879 1805 κατὰ

2001 1755 2266 1821 suadere,
2300 1758 2443 1811 Nam
2469 1758 2625 1827 quod
2660 1758 2761 1826 ait,
2797 1780 2824 1807 «
2859 1758 3195 1813 Secundum
3244 1758 3570 1825 hominem,
3616 1780 3643 1808 ι)

1996 1844 2155 1899 idem
2189 1851 2280 1899 est
2310 1845 2468 1915 quod
2501 1847 2761 1901 humano
2794 1864 3067 1902 sermone
3099 1853 3158 1901 et
3185 1848 3644 1918 exemplo.Bene

1995 1938 2193 1988 autem
2219 1940 2385 1988 vocat
2411 1933 2645 1997 fratres,
2681 1951 2829 2004 quos
2863 1935 3025 2006 prius
3056 1936 3268 1991 stultos
3309 1935 3647 2007 appellavit.

1996 2022 2239 2093 Oportet
2269 2023 2427 2077 enim
2461 2039 2620 2078 nunc
2669 2022 2911 2093 quidem
2961 2040 3169 2095 aspero
3227 2025 3649 2096 perstringere,

1996 2127 2155 2166 nunc
2188 2128 2321 2167 vero
2371 2111 2606 2167 dulcem
2639 2128 2787 2167 esse.
2823 2134 2851 2162 «
2905 2112 3176 2167 Hominis
3233 2114 3650 2169 conﬁrmatum

1998 2205 2439 2257 testamentum.
2474 2221 2501 2253 ι
2565 2201 2979 2257 Animadverte
3013 2202 3156 2271 quid
3176 2219 3278 2274 per
3310 2203 3651 2258 testamenti

1998 2289 2337 2360 exemplum
2368 2290 2830 2347 velitastruere.
2864 2290 3171 2355 Promisit,
3223 2292 3440 2362 inquit,
3498 2292 3653 2349 Deus

1998 2377 2270 2443 Abrahae,
2326 2378 2485 2449 quod
2513 2395 2621 2450 per
2647 2379 2834 2451 ipsius
2867 2396 3071 2434 semen
3098 2379 3481 2435 benediceret
3507 2396 3654 2448 gen-

1998 2472 2087 2522 tes
2112 2483 2126 2532 ;
2151 2483 2354 2521 semen
2373 2474 2570 2522 autem
2590 2468 3049 2541 Abrahaa,juxta
3077 2485 3318 2524 carnem
3340 2475 3428 2523 est
3456 2469 3654 2525 Chris-

1999 2563 2107 2611 tus.
2134 2558 2284 2611 174
2308 2558 2421 2612 Lex
2441 2557 2580 2613 data
2611 2563 2700 2612 est
2746 2564 2880 2630 post
2935 2575 3125 2613 annos
3185 2559 3655 2632 quadringentos

2000 2647 2326 2719 triginta.Si
2358 2649 2538 2721 igitur
2568 2648 2680 2717 lex,
2716 2650 2932 2720 inquit,
2976 2649 3228 2705 donaret
3286 2650 3655 2706 benedictio-

2000 2752 2108 2791 nes
2138 2742 2196 2792 et
2217 2737 2537 2809 justitiam,
2570 2739 2912 2810 promissio,
2973 2756 3041 2795 ac
3100 2744 3519 2795 testamentum
3553 2738 3654 2795 Dei

2000 2825 2221 2881 factum
2245 2827 2319 2882 ad
2345 2827 2634 2883 Abraham
2658 2828 2826 2883 irrita
2858 2828 3088 2883 ﬁerent.
3112 2827 3358 2899 Deinde,
3391 2827 3655 2884 hominis

2004 2915 2245 2985 quidem
2281 2921 2702 2972 testamentum
2736 2933 2912 2972 nemo
2943 2916 3141 2990 rejicit
3168 2924 3271 2973 aut
3301 2917 3659 2990 spernit,Dei

2004 3008 2203 3058 autem
2235 3009 2655 3060 testamentum
2688 2998 3078 3078 ﬁ'etgirritum,
3105 3006 3283 3078 idque
3342 3013 3657 3080 postquam

244 3092 538 3169 τριᾶκοντα
564 3093 684 3165 ἓτη.
735 3093 794 3150 Εἰ
827 3095 930 3168 γὰρ
989 3090 1357 3169 ἐπηγγείλατο
1418 3092 1511 3163 μὲν
1571 3090 1749 3162 ἐκείνη
1809 3088 1888 3146 εὖ·

2007 3092 2191 3147 multo
2226 3098 2491 3165 tempore
2534 3093 2717 3148 robur
2774 3094 2999 3160 habuit,
3034 3112 3250 3167 nempe
3282 3101 3416 3167 post
3470 3112 3659 3151 annos

248 3156 432 3260 λογεῖν
465 3180 556 3238 διὰ
586 3156 683 3239 τοῦ
713 3156 974 3258 Χριστοῦ,
1010 3184 1038 3238 6
1076 3156 1327 3255 ’νόμος
1377 3156 1494 3238 ἀντὶ
1524 3184 1622 3235 τοῦ
1651 3156 1888 3256 Χριστοῦ

2008 3156 2472 3254 quadringentos
2502 3183 2788 3255 triginta?
2814 3184 2870 3239 Si
2898 3156 3155 3256 namque
3179 3156 3459 3257 promisit
3481 3190 3656 3241 testa-

249 3272 493 3352 εὖλογεῖ,
526 3271 629 3349 ἄρα
667 3272 957 3347 ἀκυροῦται
989 3274 1024 3341 ἠ
1058 3269 1292 3343 διαθήκη
1350 3275 1448 3326 τοῦ
1505 3274 1638 3325 Θεοῦ
1693 3272 1728 3340 ἡ
1761 3269 1895 3346 πρὸς

247 3358 525 3438 Ἀϐραὰμ.
588 3388 616 3415 ‹‹
676 3361 876 3424 Καλῶς
931 3359 989 3416 δὲ
1054 3359 1429 3436 κεκυρωμένην
1496 3359 1681 3440 φησίν.
1746 3382 1775 3410 »
1829 3390 1898 3402 —

247 3455 518 3527 [ΦΩΤ.]
573 3454 761 3529 ’Ὀρκῳ
836 3452 938 3528 γὰρ
987 3450 1309 3527 ἐκεκύρωτο.
1368 3444 1638 3526 Ἀκριϐὦς
1699 3446 1757 3503 δὲ
1811 3447 1896 3519 τὸ,

248 3566 280 3594 ‹‹
317 3540 735 3617 Κεκυρωμένην,
774 3564 802 3592 ››
833 3538 1017 3618 φησίν.
1052 3541 1114 3597 Ἡ
1174 3541 1279 3617 γὰρ
1336 3538 1551 3610 ἅκυρες,
1607 3537 1697 3593 καὶ
1735 3558 1896 3611 μετα·

244 3629 475 3701 τίθεται,
536 3628 717 3704 ὥσπερ
766 3630 795 3684 6
841 3628 1012 3704 νόμος
1068 3627 1249 3699 αὐτὸς,
1304 3626 1380 3691 εἷς
1423 3628 1487 3683 τὸ
1544 3625 1899 3703 Εὐαγγὲλιον,

244 3717 741 3791 Ἐπιδιατάσσεται,
798 3719 1047 3774 τουτέστι
1082 3762 1096 3788 ,
1160 3717 1549 3791 Προστίθησιν.
1610 3738 1639 3769 ιι
1695 3716 1898 3791 Ἐῥρή-

250 3821 442 3881 θησαν.
476 3832 506 3860 ››
537 3808 674 3865 Οἶον
705 3807 1131 3883 )πηγγέλθησαν.
1188 3831 1215 3858 ‹‹
1244 3809 1418 3863 Τοῦτο
1468 3803 1526 3861 δὲ
1582 3803 1746 3880 λέγω,
1779 3802 1897 3861 δια-

250 3901 455 3969 θήκην.
491 3922 520 3951 ››
555 3895 858 3976 Σαφηνείας
916 3897 1078 3972 χάριν
1139 3890 1515 3968 ἀναλαμϐάνει
1569 3896 1659 3948 τὸν
1712 3893 1899 3971 λόγον.

254 4012 288 4041 ι(
322 3989 457 4044 Ἀπὸ
507 3991 606 4042 τοῦ
660 3990 793 4043 Θεοῦ
851 3984 927 4048 είς
968 3984 1222 4060 Χριστὸν,
1259 4007 1287 4035 η
1347 3982 1441 4045 Εἲς
1500 3985 1733 4059 Χριστὸν
1796 3985 1901 4061 γὰρ

250 4077 388 4147 ἦνῆ
419 4072 736 4153 ἐπαγγελία.
769 4077 907 4131 Eine
955 4074 1081 4151 γὰρ,
1143 4072 1231 4128 διὰ
1285 4075 1382 4127 τοῦ
1437 4070 1745 4146 σπέρματος
1803 4072 1900 4126 αὖ·

254 4170 358 4222 τοῦ
387 4165 725 4239 εὐλογεῖσθαι
780 4165 846 4219 τὰ
905 4157 1056 4234 ἔθνη.
1111 4166 1281 4216 Τοῦτο
1331 4162 1437 4237 γάρ
1493 4162 1624 4232 ἐστι,
1686 4159 1737 4215 ὲν
1794 4160 1898 4216 σοί.

255 4256 488 4329 Σπέρμα
519 4251 576 4309 δὲ
598 4257 697 4309 τοῦ
750 4247 1024 4328 Ἀϐραὰμ,
1084 4250 1147 4306 τὸ
1197 4252 1335 4306 κατὰ
1390 4251 1561 4323 σάρκα
1590 4250 1618 4304 ὁ
1652 4248 1898 4323 Χριστός.

246 4371 279 4398 ‹‹
313 4345 373 4401 Ὁ
407 4344 542 4417 μετὰ
595 4341 688 4414 ἔτη
746 4341 1066 4417 τετρακόσια
1116 4341 1206 4395 καὶ
1262 4340 1567 4415 τριάκοντα.
1602 4361 1632 4391 »
1689 4338 1756 4397 Οί
1816 4359 1903 4394 τε-

2005 3278 2271 3327 mentum
2302 3272 2659 3327 benedicere
2709 3289 2814 3344 per
2863 3275 3178 3342 Christum,
3213 3274 3305 3329 lex
3359 3291 3494 3330 vero
3552 3290 3658 3348 pro

2003 3360 2232 3415 Christo
2264 3359 2751 3430 benedicit,certe
2785 3363 3015 3418 irritum
3050 3363 3319 3419 redditur
3341 3369 3664 3420 testamen-

2004 3456 2130 3506 tum
2164 3450 2291 3517 Dei,
2322 3450 2540 3506 factum
2589 3450 2664 3507 ad
2718 3450 3036 3510 Abraham.
3087 3484 3153 3495 -
3191 3476 3212 3505 (ι
3247 3455 3317 3508 Et
3345 3458 3505 3509 recte
3559 3453 3661 3524 ait,

2007 3562 2035 3589 ‹‹
2055 3540 2473 3595 confirmatum
2499 3558 2512 3594 :
2535 3562 2561 3591 »
2580 3540 3227 3614 siquidemjuramento
3242 3544 3663 3599 conﬁrmatum

2007 3631 2333 3684 eratRecte
2367 3635 2562 3684 autem
2588 3630 2669 3684 ait
2691 3653 2718 3680 «
2743 3630 3161 3687 conﬁrmatum
3187 3653 3200 3701 ;
3224 3654 3253 3681 »
3278 3632 3487 3689 namid
3506 3630 3665 3703 quod

2007 3724 2202 3774 ratum
2233 3735 2351 3773 non
2378 3724 2467 3773 est
2496 3719 2688 3775 adhuc
2717 3726 2982 3776 mutatur
3007 3738 3020 3776 :
3077 3722 3580 3792 quemadmodum
3609 3725 3669 3775 et

2007 3808 2136 3880 ipsa
2164 3807 2259 3862 lex
2291 3808 2352 3862 in
2385 3808 2786 3880 Evangelium.
2809 3804 3302 3875 ’Em6m‘ta’mcstat,
3335 3809 3393 3864 id
3424 3815 3531 3875 est,
3566 3824 3668 3864 su-

2007 3897 2299 3970 peraddit.
2335 3920 2362 3947 α
2396 3898 2576 3952 Βίοιω
2607 3904 2765 3964 sunt,
2808 3920 2836 3948 ››
2860 3899 2919 3953 id
2952 3905 3058 3968 est,
3091 3900 3417 3971 promissa}.
3456 3922 3484 3951 ‹‹
3546 3901 3667 3963 Hoc

2009 3992 2206 4041 autem
2240 3985 2373 4039 dico
2408 4002 2420 4038 :
2462 3990 2901 4041 testamentum.
2939 4009 2967 4037 ››
3003 3987 3428 4043 Declarationis
3480 3989 3670 4061 gratia

2008 4075 2223 4145 repetit
2252 4090 2609 4129 sermonem.
2637 4098 2663 4125 ‹‹
2699 4078 2744 4130 Α
2774 4077 2893 4131 Deo
2951 4094 3089 4151 erga
3142 4077 3461 4133 Christum.
3488 4100 3517 4128 ››
3579 4079 3668 4136 Ad

2009 4164 2305 4218 Christum
2336 4163 2495 4217 enim
2533 4164 2810 4235 vergebat
2862 4165 3198 4238 promissio.
3233 4166 3666 4241 Dixitnamque

2010 4268 2117 4324 per
2144 4268 2346 4307 semen
2369 4252 2551 4324 ipsius
2582 4253 3020 4310 benedicendas
3051 4271 3178 4309 esse
3208 4261 3434 4328 gentes.
3470 4257 3666 4328 Siqui~

2011 4342 2145 4397 dem
2178 4341 2288 4397 hoc
2320 4341 2589 4414 designat
2646 4339 2697 4395 ἐν
2744 4340 2850 4411 σοί,
2906 4343 2964 4398 id
3013 4349 3121 4409 est,
3154 4346 3211 4398 in
3258 4351 3310 4399 te
3353 4345 3443 4400 vel
3465 4352 3665 4415 perte.

249 4432 539 4508 τρακὸσιοι
579 4431 869 4507 τριάκοντα
928 4429 1122 4505 χρὸνοι
1181 4430 1497 4503 συνάγονται
1547 4425 1739 4491 οὕτως·
1801 4427 1888 4482 ὰπί

2013 4435 2225 4489 Semen
2247 4439 2449 4490 autem
2482 4434 2736 4491 Abrahae
2760 4436 2935 4508 juxta
2958 4453 3199 4492 carnem
3230 4441 3359 4492 erat
3398 4437 3659 4493 Christus

249 4525 329 4579 os’
359 4521 512 4585 ἔτους
547 4518 803 4597 Ἀϐραὰμ
827 4519 933 4584 ἕως
988 4523 1033 4596 ρ’
1082 4520 1372 4601 ψηφίζεται
1418 4514 1512 4589 ἔτη
1566 4520 1661 4575 κε’.
1719 4519 1888 4576 Ἰσαὰκ

2008 4548 2034 4575 (ι
2070 4525 2206 4590 Quae
2240 4528 2371 4595 post
2417 4539 2607 4579 annos
2674 4524 3137 4599 quadringentos
3207 4532 3267 4581 et
3313 4526 3575 4599 triginta.
3635 4548 3663 4576 »

249 4614 347 4687 ἔτη
471 4610 688 4687 Ἰακὼϐ,
722 4609 814 4685 ἔτη
849 4614 944 4691 με’·
1001 4615 1224 4691 ’ῐωοήφ,
1256 4608 1350 4684 ἔτη
1387 4615 1472 4688 ρι’·
1539 4610 1591 4666 ἐν
1644 4611 1888 4687 Αἰγύπτιε

2023 4613 2448 4686 Quadringenti
2478 4620 2537 4668 et
2564 4615 2805 4686 triginta
2835 4617 2976 4671 anni
3008 4617 3120 4672 hoc
3168 4617 3343 4673 modo
3375 4616 3667 4690 colligun-

250 4704 349 4775 ἔτη
385 4702 531 4780 ρμδ’·
593 4704 755 4778 ὁμοῦ,
818 4701 909 4774 ἔτη
972 4699 1107 4759 υλδ’.
1172 4726 1200 4755 κ
1249 4701 1314 4759 Εἰ
1369 4701 1474 4778 γὰρ
1526 4701 1587 4756 ἐκ
1640 4701 1812 4773 νόμου
1869 4702 1905 4770 ἠ

2016 4710 2141 4759 tur:
2177 4721 2211 4759 a
2242 4704 2675 4776 septuagesimo
2698 4705 2906 4775 quinto
2929 4723 3083 4761 anno
3110 4706 3359 4762 Abrabaa
3381 4722 3569 4778 usque
3593 4706 3667 4763 ad

249 4795 623 4871 κληρονομία.
657 4820 686 4847 ››
736 4794 916 4858 Αὐτὸς
972 4792 1103 4849 οὔτὸ
1165 4794 1531 4868 ἡρμήνευςεν.
1566 4791 1630 4847 Εἰ
1659 4791 1763 4866 γὰρ
1819 4787 1888 4846 διέ

2014 4792 2406 4847 centesimum
2439 4795 2575 4863 (quo
2598 4798 2770 4848 natus
2793 4799 2881 4848 est
2910 4796 3498 4866 Isaac)numerantur
3526 4796 3669 4859 anni

251 4888 353 4941 τοῦ
380 4884 556 4959 νόμον.)
585 4885 869 4961 γεγένηται
902 4885 937 4953 ἡ
992 4881 1232 4959 εὐλογία,
1264 4882 1354 4938 καὶ
1389 4883 1464 4956 μὴ
1520 4877 1611 4935 διὰ
1638 4884 1903 4955 Χριστοῦ,

254 4973 537 5044 ἡκύρωται
579 4975 670 5029 κάξ
727 4967 974 5028 ἔσϐεσται
1007 4975 1042 5042 ἡ
1075 4968 1373 5049 ἐπαγγελία
1430 4970 1522 5026 καὶ
1580 4972 1616 5040 ἡ
1671 4967 1903 5041 διαθήκη

250 5068 353 5118 τοῦ
410 5067 565 5121 Θεοῦ.
626 5086 655 5115 (ι
690 5063 768 5117 Δι’
830 5059 1126 5138 ἐπαγγελία
1183 5061 1528 5136 κεχάρισται.
1565 5083 1592 5111 ››
1648 5060 1762 5128 Τἡν
1814 5058 1904 5114 εὗ-

252 5150 469 5228 λογίαν,
520 5152 673 5229 φησῖ,
707 5148 775 5206 δι’
824 5149 1149 5228 ἐπαγγελίας
1214 5151 1539 5225 κεχάρισται
1570 5149 1598 5204 6
1629 5148 1781 5219 Θεὸς,
1811 5148 1902 5204 καὶ

250 5242 314 5297 οὐ
346 5239 439 5297 διὰ
463 5242 658 5314 νὸμου.

2013 4880 2215 4954 viginti
2247 4881 2510 4952 quinque
2542 4898 2555 4949 ;
2588 4883 2748 4938 Isaac
2766 4885 2908 4938 anni
2947 4885 3253 4956 sexaginta
3291 4886 3446 4955 (cum
3483 4885 3536 4941 ei
3558 4903 3670 4942 na-

2011 4978 2107 5028 tus
2133 4976 2222 5025 est
2252 4970 2619 5039 Jacob).anni
2641 4972 2814 5028 Jacob
2843 4974 3164 5045 nonaginta
3196 4975 3459 5046 quinque
3508 4975 3670 5046 (cum

2010 5061 2213 5133 genuit
2235 5060 2507 5131 Ioseph):
2540 5061 2680 5116 anni
2706 5062 2942 5133 Joseph,
2976 5069 3215 5118 centum
3249 5063 3492 5128 decem;
3520 5064 3663 5119 anni

2013 5149 2073 5203 in
2103 5150 2345 5221 Egypto
2387 5150 2668 5205 transacti
2699 5156 2941 5206 centum
2981 5150 3372 5223 quadraginta
3413 5157 3670 5222 quatuor

2009 5239 2063 5309 (a
2092 5243 2280 5292 morte
2304 5236 2539 5309 Ioseph,
2585 5238 2770 5310 idque
2829 5240 3157 5295 secundum
3218 5240 3673 5296 translationem

248 5331 625 5406 septuaginta
654 5333 1140 5404 interpretummt
1154 5335 1317 5402 patet
1343 5328 1528 5384 Exodi
1561 5326 1915 5384 duodecimo
1950 5344 1962 5382 :
1997 5326 2175 5382 simul
2208 5326 2347 5382 anni
2381 5326 2801 5400 quadringenti
2835 5335 2895 5385 et
2914 5329 3152 5402 triginta
3182 5335 3494 5401 quatuor.«
3528 5330 3673 5386 Nam

248 5423 300 5479 si
334 5439 405 5478 ex
437 5423 564 5495 lege
595 5426 687 5477 est
714 5421 1047 5478 hereditas.
1073 5441 1101 5470 η
1139 5422 1267 5492 Ipse
1289 5419 1349 5474 id
1380 5420 1804 5490 interpretatus
1834 5420 1942 5472 est.
1975 5417 2033 5472 Si
2065 5416 2337 5487 enimper
2366 5414 2554 5488 legem
2582 5416 2743 5472 venit
2774 5417 3109 5473 benedictio
3143 5423 3201 5472 et
3229 5435 3350 5474 non
3383 5417 3672 5490 perChri-

254 5518 437 5581 stum,
456 5511 736 5586 abrogata
764 5516 822 5567 et
853 5509 1143 5566 exstincta
1172 5514 1262 5565 est
1281 5506 1598 5581 promissio
1630 5511 1688 5563 et
1711 5511 2134 5563 testamentum
2165 5505 2289 5560 Dei.
2317 5526 2345 5555 «
2393 5507 2505 5561 Per
2535 5507 3002 5578 promissionem
3030 5508 3289 5563 donavit.
3330 5530 3356 5557 ››

3424 5507 3676 5564 Benedi-

254 5602 544 5665 ctionem,
576 5600 795 5672 inquit,
826 5616 933 5672 per
964 5598 1424 5671 promissionem
1456 5596 1695 5652 donavit
1714 5597 1869 5652 Deus
1898 5601 1958 5652 et
1983 5612 2105 5651 non
2136 5611 2243 5665 per
2264 5593 2476 5666 legem.
