4048 6250
248 325 405 405 me

1303 343 1698 408 CUMMENT.
1749 345 1834 408 IN
1882 336 2128 409 EPIST.
2177 348 2288 409 AD
2333 349 2614 412 GALAT.

3504 340 3660 408 5130

241 475 594 546 καταλλάξας
640 479 720 548 τῷ
770 475 958 554 Πατρί.
1012 476 1362 542 Τουτὲστιν,ὁ’
1410 463 1572 542 αὗτὸς
1616 476 1777 544 ἔστιν,
1838 478 1898 541 ὃς

2013 479 2124 540 tri‘:
2156 481 2268 540 hoc
2300 488 2408 552 est,
2432 484 2557 556 ipse
2589 472 2680 539 est
2709 483 2809 554 qui
2845 483 2946 538 θεῖ·
2986 481 3273 537 Christus.
3308 480 3660 554 Quanquam

247 564 364 622 ἔστι
396 565 646 640 Χριστός.
681 565 746 622 Εἰ
775 566 876 642 γὰρ
906 567 995 622 καὶ
1057 565 1153 622 δῦο
1193 568 1272 624 τὰ·
1312 569 1721 642 μεσιτευόμενα,
1768 566 1898 624 ἀλλ’

252 659 280 712 6
319 656 544 731 μεσίτης
575 656 652 717 εἶς
683 655 848 711 ἐστιν’
883 658 962 720 εἷς
992 659 1096 732 γὰρ
1127 659 1216 713 καὶ
1249 659 1459 735 ὀφείλει
1490 660 1646 716 εἶναι.

323 747 387 803 Ὀ
417 747 507 800 οὖν
567 747 740 820 νόμος
798 748 933 802 κατὰ
986 751 1092 801 τῶν
1151 747 1495 822 ἐπαγγελιῶν
1561 752 1657 802 τοῦ
1714 752 1894 818 Θεοῦ;

247 835 343 903 Μή
403 833 642 909 γένοιτο.
709 834 765 889 ti
821 835 920 910 γὰρ
990 833 1156 906 ἐδόθη
1241 837 1410 908 νόμος
1495 837 1522 891 6
1602 834 1900 907 δυνάμενος

249 928 617 993 ζωοποιῆσαι,
649 919 819 986 ὅντως
880 925 939 978 ἂν
993 922 1053 979 ἐκ
1109 926 1282 997 νόμου
1337 925 1402 993 ἦν
1464 928 1498 995 ἡ
1559 922 1898 996 δικάιοσῦνη,

245 1013 398 1069 ἀλλὰ
456 1015 794 1070 συνέκλεισεν
854 1018 888 1084 ἡ
947 1017 1133 1090 Γραφή
1190 1016 1256 1070 τὰ
1310 1017 1481 1071 πέντα
1541 1017 1645 1072 ὑπό
1721 1016 1899 1090 ἆμαρ-

241 1106 393 1173 τίαν,
446 1101 534 1158 ’ίνα
589 1106 625 1174 ἡ
690 1103 988 1182 ἐπαγγελία
1059 1104 1115 1159 ἐγ
1192 1125 1424 1168 πιστεως
1511 1107 1690 1176 Ἰησοῦ
1769 1110 1902 1177 Χρι-

248 1198 378 1248 στοῦ
411 1190 543 1268 δοθῇ
576 1198 692 1256 τοῖς
721 1193 1088 1254 πιστεύουσιν.

245 1279 248 1282 ’
319 1280 392 1340 Εἰ
446 1282 551 1358 γὰρ
583 1283 639 1336 αἰ
673 1282 767 1356 μὶν
829 1281 1150 1357 ἐπαγγελίαι
1211 1281 1496 1360 εὐλόγουν,
1554 1284 1600 1337 «ξιΔ
1637 1279 1693 1338 δὲ
1731 1282 1900 1355 νόμος

250 1370 676 1446 ἒπικαταράτους
735 1376 904 1442 ποιεῖ,
963 1370 1072 1448 ἄρα
1113 1373 1341 1445 δ’νόμος
1381 1372 1516 1427 κατᾶ
1570 1377 1686 1428 τῶν·
1736 1371 1900 1446 ἐπαγ.

249 1459 452 1536 γελιῶν
479 1465 574 1516 τοῦ
603 1463 737 1516 θεοῦ
767 1457 955 1532 ἐδόθη,
1015 1460 1310 1533 τουτέστιν,
1369 1462 1443 1524 εἰς
1489 1462 1552 1516 τὸ
1609 1457 1899 1534 ἐμποδίσαι

246 1549 434 1612 αὐταῖς
465 1555 560 1606 τοῦ
592 1548 915 1625 εὐλογῆσαι.
949 1551 1162 1622 Ταύτην
1217 1551 1310 1605 οὖν
1369 1549 1487 1606 λόει
1537 1551 1637 1620 τήν
1694 1549 1902 1614 ἀντίθε-

252 1661 357 1710 σιν,
391 1645 505 1701 τοῖς
535 1661 592 1694 τε
638 1641 782 1712 ἑξῆς,
843 1641 931 1694 καὶ
983 1643 1051 1711 τῇ
1104 1639 1482 1714 ἀπαγορεύσει·
1542 1640 1648 1707 Μή
1688 1639 1900 1716 γένοιτο

249 1726 937 1807 γὰρ,φησίν.-Ἀλλως
996 1730 1208 1804 [ΦΩΤ.]
1265 1725 1326 1785 Ὀ
1381 1725 1474 1783 οῦν
1537 1729 1706 1800 νόμος
1767 1729 1901 1783 κατᾶ

2010 573 2169 626 enim
2202 573 2316 628 duo
2349 573 2470 628 sint
2499 574 2657 628 inter
2686 565 2833 643 quos
2867 571 3253 640 fitmediatio,
3285 588 3442 627 unus
3464 577 3663 627 tamen

2011 667 2099 716 est
2133 661 2440 728 mediator,
2475 668 2533 717 et
2569 678 2725 716 unus
2759 677 2886 715 esse
2918 660 3113 716 debet.

2083 753 2220 818 ll|,2
2239 762 2242 768 '
2263 795 2276 819 ,
2309 755 2394 806 2:.
2412 776 2429 800 ι
2461 753 2570 807 Lex
2597 753 2773 823 igitur
2794 768 2977 806 unum
3002 759 3090 806 est
3110 752 3386 807 adversus
3409 752 3664 822 promis-

2013 864 2037 888 ‹‹
2067 841 2262 896 siones
2284 842 2433 896 Dei?
2454 842 2636 896 Absit.
2668 842 2897 896 Etenim
2923 841 2971 895 si
3006 841 3142 896 data
3170 841 3381 896 fuisset
3409 842 3496 895 lex
3531 859 3662 913 qua)

2013 953 2040 981 ‹‹
2066 933 2688 1003 potuissetviviﬁcare,
2723 949 2854 987 vere
2905 949 2972 987 ex
2997 933 3238 999 lege'est
3264 933 3518 1003 justitia.
3554 933 3669 988 Sed

2015 1041 2041 1070 ‹‹
2076 1020 2369 1074 conclusit
2421 1021 2723 1091 Scriptura
2753 1021 2955 1074 omnia
2995 1020 3104 1074 sub
3134 1027 3396 1091 peccato,
3430 1027 3495 1074 ut
3525 1037 3666 1091 pro-

2015 1129 2043 1157 «
2067 1108 2270 1163 missio
2295 1126 2364 1165 ex
2388 1109 2502 1164 ﬁde
2523 1109 2896 1165 Iesu-Christi
2931 1109 3173 1165 daretur
3202 1107 3602 1166 credentibus.
3633 1127 3660 1161 ιι

2084 1267 2139 1333 Si
2165 1279 2324 1334 enim
2356 1277 2785 1350 pr'omissiones
2845 1278 3297 1345 benedicebant,
3329 1279 3424 1334 lex
3469 1283 3670 1336 autem

2013 1368 2621 1424 etsedrandos'facit:
2658 1366 2921 1440 ergolex
2953 1367 3234 1424 adversus
3258 1367 3668 1440 promissa-Dei

2013 1457 2164 1514 data-
2183 1461 2410 1522 est,boc
2437 1462 2546 1524 est,
2579 1458 2657 1513 ad-
2683 1456 3285 1529 impediendumipsa
3314 1472 3389 1512 ne
3419 1456 3666 1513 benedi-

2012 1555 2233 1603 cerent.
2261 1550 2432 1604 Hanc
2452 1549 2818 1620 itaque'solvi
2850 1548 3269 1620 obje'ctionem;
3305 1555 3369 1603 et’
3391 1564 3498 1620 per
3525 1562 3666 1605 con-

2014 1641 2408 1711 sequentium,
2430 1647 2485 1696 et
2517 1657 2623 1712 per
2653 1640 3332 1713 negationem-dicendo.
3374 1640 3559 1696 Absit.
3599 1671 3668 1682 -—-

2013 1728 2140 1784 Alio
2173 1731 2351 1784 modo.
2386 1750 2412 1778 ‹‹
2435 1731 2559 1784 ιθιις
2600 1729 2778 1798 igitur
2808 1732 2950 1784 num
2984 1735 3073 1784 est
3103 1728 3388 1786 adversus
3413 1731 3667 1801 promis-

242 1822 353 1872 τῶν
386 1816 730 1894 ἐπαγγελιῶν
769 1822 867 1873 τοῦ
916 1823 1093 1889 Θεοῦ;
1149 1843 1176 1870 ››
1227 1818 1523 1875 Ἀντίθεσιν
1576 1817 1715 1874 λύει.
1771 1819 1900 1891 ’Ἡρ-

2015 1817 2213 1872 siones
2246 1817 2397 1872 Dei?
2430 1841 2457 1867 ›ι
2493 1817 2907 1887 Objectionem
2963 1818 3156 1873 diluit.
3209 1819 3483 1873 Dicerent
3509 1818 3669 1874 enim

241 1927 377 1962 πασε
434 1908 562 1982 γὰρ,
614 1913 764 1985 φαῖεν
826 1905 888 1962 ἂν
967 1928 1126 1974 τινες,
1181 1909 1209 1962 6
1265 1908 1436 1980 νόμος
1493 1907 1554 1962 τὸ
1624 1903 1902 1979 δικαίωμα

238 2001 346 2052 τῶν
380 1993 745 2073 ἐπαγγελιῶν,
777 1997 866 2050 καὶ
925 1998 1112 2072 γέγονε
1159 2001 1276 2051 κατ’
1327 1995 1524 2055 αὐτῶν.
1582 1995 1758 2051 Ἀλλᾶ
1821 1996 1898 2068 μή

238 2088 475 2161 γένοιτο.
515 2084 577 2141 Εἰ
611 2083 708 2158 μὶν
741 2085 843 2161 γὰρ
899 2083 1156 2154 ἠδύνατο
1187 2089 1500 2154 ζωοποιεῖν,
1561 2082 1785 2146 εἰκότως
1841 2080 1900 2138 ἄν

235 2195 318 2239 τις
362 2175 582 2247 ἐνόμιζε
640 2175 775 2229 κατὰ
833 2179 937 2228 τῶν
994 2174 1338 2250 ἐπαγγελιῶν
1395 2172 1749 2242 ἐκτεσεῖσθαι,
1808 2171 1898 2226 καί

237 2264 301 2320 τὸ
331 2262 548 2319 ἐκείνων
585 2260 861 2336 δικαίωμα
903 2263 1236 2342 ὑφαρπάσαι,
1286 2262 1380 2317 ’ἁτε
1426 2262 1586 2317 αὐτὸν
1639 2261 1899 2337 ἰσχύοντα

243 2349 550 2407 δικαιῶσαι.
585 2352 734 2409 Ἐπεὶ
779 2351 837 2406 δὲ
895 2349 1050 2406 οὐδὲν
1109 2357 1361 2406 τοιοῦτον
1411 2350 1591 2426 ἰσχύει
1646 2358 1896 2419 ποιῆσαι,

245 2437 372 2497 οὕτε
402 2441 766 2512 ζωοποιῆσαι,
801 2437 922 2495 οὔτε
948 2439 1255 2511 δικαιῶσαι,
1290 2438 1549 2511 δηλονότι
1581 2440 1679 2495 οὐκ
1731 2436 1894 2525 ἐδόθη

243 2531 390 2587 κατᾶ’
432 2535 539 2586 τῶν
597 2527 957 2606 ἐπαγγελιῶν.
1013 2528 1180 2586 Αὖται
1233 2531 1338 2605 γὰρ
1396 2531 1457 2584 τὸ
1515 2529 1715 2584 οἰκεῖον
1777 2528 1897 2583 ἐπι-

245 2617 476 2690 δείξουσι
506 2617 826 2692 δικαίωμαι,
864 2619 1130 2689 σώξουσαι
1187 2618 1277 2673 καί
1338 2615 1638 2673 δικαιοῦσαι
1697 2617 1789 2674 τὸν
1837 2614 1898 2671 ἐκ

250 2708 507 2768 πίστεως.
542 2710 636 2762 Καί
671 2709 772 2782 ὅρα
830 2707 1039 2784 σοφίαν.
1101 2712 1273 2782 Ὅπερ
1329 2708 1390 2761 ἄν
1443 2728 1524 2769 τις
1581 2706 1764 2779 ’ἔτερος
1821 2706 1895 2768 εἰς

253 2793 516 2866 διαϐολὴν
559 2801 652 2852 τοῦ
711 2797 883 2870 νόμου
943 2797 1290 2870 προήνεγκεν,
1351 2792 1435 2852 ὅτι
1490 2795 1551 2850 οὐ
1609 2801 1892 2866 ζωοποιεῖ,

253 2881 377 2940 οὐδέ
408 2883 627 2955 δικαιοῖ,
657 2889 818 2939 τοῦτο
851 2884 1011 2945 αὐτὸς
1071 2884 1147 2946 εἰς
1193 2882 1496 2961 ἀπολογίαν
1545 2883 1894 2959 ἐγκλήματος

247 2976 333 3028 καί
362 2974 437 3036 εἰς
471 2975 745 3048 ἐγκώμιον
773 2975 1153 3043 συνεστήσατο.
1190 2975 1285 3029 Διὰ
1314 2979 1476 3029 τοῦτο
1527 2975 1652 3049 γὰρ,
1705 2975 1894 3051 φησὶν,

248 3066 276 3119 ὁ
306 3065 476 3138 νόμος
511 3063 571 3118 οὐ
603 3063 794 3139 γέγονε
850 3064 985 3119 κατᾶ
1034 3065 1141 3119 τῶν
1200 3063 1562 3139 ἐπαγγελιῶν,
1615 3065 1698 3119 ὅτι
1760 3063 1895 3138 mat

247 3155 436 3223 σώζειν
475 3151 615 3225 μηδὲ
645 3151 886 3208 δικαιοῦν
919 3151 1158 3227 ἴσχυσεν.
1195 3155 1272 3209 Οὐ
1317 3153 1477 3226 μόνον
1512 3152 1568 3208 δὲ
1601 3154 1664 3208 οὗ
1703 3151 1896 3228 γέγονε

243 3244 361 3298 κατ’
418 3243 613 3313 αὐτῶν,
673 3240 818 3296 ἀλλᾶ
873 3262 936 3316 γε
990 3242 1190 3312 τρόπον
1249 3242 1366 3296 τινα
1437 3241 1526 3296 καὶ
1587 3244 1896 3319 συνήργησε

245 3333 337 3387 καὶ
395 3332 774 3408 ὑπηρετήσατο
851 3330 1057 3394 αὐταῖς
1120 3332 1199 3385 Δι’
1255 3332 1328 3385 ὧν
1381 3332 1485 3407 γαρ
1540 3331 1641 3386 οὐκ
1696 3328 1892 3387 ἔσωσεν

247 3419 373 3476 οὐδὲ
429 3418 754 3487 ἔδικαίωςεν,
809 3417 896 3474 ἐπὶ
953 3421 1051 3487 τήν
1112 3419 1290 3474 πίστιν
1368 3425 1696 3496 καταφυγεῖν
1753 3441 1895 3495 προ-

246 3513 529 3585 ετρέψατο,
561 3509 638 3564 Δι’
687 3509 761 3563 ὧν
811 3506 867 3563 δὲ
914 3507 1000 3564 ἐπὶ
1059 3509 1159 3577 τήν
1218 3515 1394 3564 πίστιν
1453 3507 1744 3580 συνήλασε,
1800 3509 1896 3572 τὰς

244 3594 576 3677 ἔπαγγελίας
631 3596 988 3667 τελειωθῆναι
1047 3598 1556 3674 συγκατειργάσατο.
1612 3622 1640 3650 ‹‹
1688 3598 1748 3654 Εἰ
1794 3597 1894 3674 γὰρ

246 3685 409 3755 εδόθη
441 3688 613 3762 νόμος
644 3689 672 3742 6
707 3684 1000 3760 δυνὶμενος
1035 3693 1397 3757 ζωοποιῆσαι.
1439 3711 1466 3738 »
1518 3687 1580 3744 Εἰ
1633 3689 1726 3760 μὲν
1771 3689 1897 3764 γὰρ,

246 3778 434 3859 φησὶν,
466 3779 493 3833 6
525 3777 701 3850 νόμος
733 3777 880 3852 εἶχεν
917 3777 1072 3852 ἰσχὺν
1099 3781 1196 3832 τοῦ
1227 3780 1443 3847 σώζειν,
1483 3776 1611 3833 οὐδὲ
1639 3779 1802 3856 χρεία
1831 3780 1895 3846 ἦν

245 3874 348 3937 τῆς
379 3866 631 3930 πίστεως.
665 3865 842 3925 Ἀλλὰ
872 3864 964 3921 διὰ
1005 3871 1166 3922 τοῦτο
1222 3867 1321 3922 οὐκ
1376 3864 1570 3942 ἴσχυσε
1622 3873 1902 3937 ζωοποιῆ-

250 3977 362 4024 σαι,
417 3954 572 4026 ’ίναὴ
606 3958 792 4018 πίστις
847 3956 1032 4031 χώραν
1092 3951 1256 4030 λάϐῃ,
1317 3953 1465 4024 πλὴν
1522 3955 1603 4011 ὅτι
1663 3956 1897 4031 προεκπί-

253 4057 405 4118 θαιρε
436 4045 527 4099 καὶ
559 4043 877 4118 προωδήγει
933 4041 1289 4118 παιδαγωγοῦ
1338 4041 1516 4112 δίκην,
1565 4043 1652 4097 καὶ
1705 4063 1908 4118 χιε›ρη-’

161 4157 168 4166 ’
248 4133 436 4194 τικοῦς
483 4132 628 4206 ἡμᾶς
688 4131 937 4188 ἀιπετελει
1002 4133 1092 4188 καὶ
1152 4130 1431 4194 δεκτικοὺς
1487 4139 1588 4200 τῆς
1644 4133 1898 4194 πίστεως.

253 4221 380 4282 Πῶς
411 4220 502 4275 οὖν
533 4220 670 4276 κατᾶ
723 4225 829 4275 τῶν
898 4213 1237 4294 ἴπαγγελιῶν
1290 4224 1386 4274 τοῦ
1443 4221 1576 4274 Θεοῦ
1607 4220 1635 4274 ὁ
1666 4218 1899 4295 προοδο-

247 4314 423 4364 ποιῶν
454 4314 571 4370 ταῖς
599 4307 960 4384 ἐπαγγελίαις
988 4327 1001 4377 ;
1036 4309 1112 4366 Οὐ
1142 4307 1316 4363 τοίννν
1369 4306 1728 4382 ἐνδεχόμενον
1778 4303 1904 4364 οὖδὶ

247 4396 502 4474 εὔλογον,
537 4399 621 4454 ἐπ’
649 4394 916 4472 ἀναιρέσει
969 4401 1073 4452 τῶν
1133 4396 1396 4472 εὐλογιῶν
1443 4394 1694 4462 δεδόσθαι
1741 4397 1900 4475 φάναι

243 4491 339 4545 τὸν
371 4491 567 4562 νόμον,
599 4512 628 4542 ‹‹
660 4483 827 4550 ὅντως
858 4491 918 4542 ἄν
968 4486 1028 4542 ἐκ
1079 4488 1252 4560 νόμου
1301 4489 1367 4556 ἦν
1408 4489 1466 4556 ἡῑ
1491 4485 1826 4557 δικαιοσύνη.
1865 4511 1902 4538 ››Δ

2017 1907 2256 1979 quidam
2275 1907 2431 1978 quod
2451 1908 2542 1962 lex
2569 1908 2895 1979 abripuerit
2910 1907 3673 1979 justiﬂcatiotiem‘promis-

2017 1998 2348 2056 sionum.et'
2364 1997 2544 2052 fuerit
2572 1998 3042 2054 adversusillas.
3078 1998 3391 2053 Sed-absit.
3439 1999 3671 2054 Etenim

2015 2087 2063 2142 si
2098 2087 2386 2159 potuisset
2406 2087 2719 2152 viviﬁcare,
2752 2087 2966 2143 merito
2996 2093 3210 2158 putare
3236 2087 3672 2158 posset'aliquis

2013 2175 2169 2246 quod
2231 2175 2511 2231 adversus
2566 2175 3008 2247 promissiones
3053 2176 3378 2230 constituta
3432 2175 3667 2245 fuisset,

2013 2253 2336 2320 et'illarum
2375 2263 2874 2336 justiﬁcationem
2918 2263 3332 2335 subripuisset,
3386 2270 3670 2336 tanquam

2012 2354 2140 2424 ipsa
2169 2359 2380 2424 potens
2403 2353 3271 2423 justiﬁcare.Verumquoniam
3296 2351 3446 2408 nihil
3466 2351 3668 2425 hujus-

2015 2439 2171 2495 modi
2205 2441 2397 2497 facere
2431 2447 2624 2512 potest
2652 2457 2848 2512 neque
2879 2440 3194 2506 viviﬁcare,
3220 2439 3663 2512 neqdéﬂidstifi-

2011 2533 2333 2595 ca'r'e,certe
2365 2543 2486 2582 non
2513 2533 2601 2582 est
2631 2524 2768 2583 data
2798 2527 3078 2583 adversus
3109 2528 3663 2600 promissionesLHm

2011 2617 2168 2672 enim
2191 2617 2486 2688 propriam
2503 2615 3281 2688 exhibentjustiﬂcatione‘m
3312 2616 3592 2674 salvando
3607 2623 3666 2674 et

2001 2705 2388 2777 justiﬂcando
2411 2723 2547 2761 eum
2581 2706 2680 2776 qui
2713 2712 2802 2760 est
2845 2705 3074 2761 in-flde.
3107 2707 3179 2760 Et
3208 2705 3522 2760 considera
3569 2721 3666 2760 sa-

2009 2794 2292 2865 pientiam
2319 2795 2463 2850 Nam
2487 2795 2546 2849 id
2569 2795 2724 2866 quod
2749 2795 2902 2850 alius
2926 2795 3220 2866 quispiam
3240 2798 3572 2850 assumeret
3589 2793 3665 2850 ad

2008 2884 2154 2954 legis
2179 2883 2561 2951 calumniam,
2597 2890 2736 2954 puta
2769 2883 2940 2955 quod
2986 2900 3107 2938 non
3166 2883 3663 2954 viviﬁcat,rneque

1999 2974 2311 3046 justiﬁcat,
2344 2974 2456 3028 hoc
2478 2974 2605 3045 ipse
2633 2975 2706 3029 ad
2738 2974 3145 3030 defensionem
3177 2974 3573 3030 accusationis
3605 2979 3663 3029 et

2006 3062 2066 3117 in
2093 3063 2430 3118 encomium
2456 3063 2783 3118 constituit.
2821 3065 2963 3118 Nam
3001 3068 3245 3134 propter
3273 3063 3408 3124 hoc.
3443 3063 3659 3134 inquit,

2009 3151 2103 3207 lex
2133 3167 2252 3206 non
2305 3152 2415 3207 fuit
2465 3150 2747 3208 adversus
2805 3152 3248 3224 promissiones,
3281 3151 3438 3223 quod
3467 3169 3661 3223 neque

2010 3242 2800 3312 salvare.nequejustiﬁcare
2827 3243 3085 3314 potuerit
3101 3260 3240 3298 :non
3253 3242 3448 3298 solum
3469 3249 3664 3298 autem

2001 3349 2122 3386 non
2151 3332 2262 3387 fuit
2291 3332 2569 3388 adversus
2602 3333 2756 3400 illas,
2781 3350 2984 3389 verum
3008 3333 3189 3390 etiam
3220 3332 3660 3405 quodammodo

2001 3430 2317 3494 cooperata
2349 3430 2438 3479 est
2466 3429 2525 3478 et
2568 3423 3043 3480 subministravit
3089 3424 3208 3480 illis
3241 3441 3254 3481 :
3289 3442 3356 3480 ex
3384 3441 3452 3481 eo
3483 3425 3649 3481 enim

2003 3511 2162 3582 quod
2192 3528 2301 3568 nec
2332 3513 2710 3572 salvavit.nec
2725 3513 3096 3584 justiﬁcavit,
3129 3513 3204 3569 ad
3233 3513 3648 3570 fidem~confu~

2001 3615 2137 3672 gere
2169 3601 2480 3657 adhortata
2511 3607 2636 3657 est:
2685 3619 2754 3657 ex
2809 3619 2877 3656 eo
2908 3607 3106 3658 autem
3139 3603 3298 3674 quod
3336 3603 3411 3659 ad
3472 3602 3655 3659 ﬁdem

2002 3689 2604 3762 remisit,-cooperata
2633 3695 2723 3744 est
2752 3695 2818 3743 ut
2846 3690 3292 3761 complerentur
3319 3687 3662 3761 promissio-

2003 3794 2128 3834 ues.
2163 3799 2191 3828 «
2223 3779 2456 3834 Etenim
2483 3778 2532 3833 si
2565 3778 2704 3833 data
2733 3778 2941 3833 luisset
2965 3777 3060 3832 lex
3091 3794 3222 3848 quas
3266 3778 3558 3849 potuisset
3580 3777 3661 3832 vi-

2001 3867 2258 3922 vincare.
2289 3887 2314 3918 ι
2353 3869 2496 3922 Nam
2557 3865 2604 3921 si
2638 3866 2752 3928 lex,
2797 3866 3010 3936 inquit,
3049 3866 3163 3920 vim
3221 3865 3530 3922 habuisset
3585 3865 3660 3922 ad

2003 3954 2373 4018 salvandum,
2408 3954 2572 4010 nulla
2593 3952 2803 4010 fuisset
2829 3953 2967 4009 ﬁdei
2997 3955 3320 4010 necessitas
3355 3953 3497 4010 :sed
3521 3967 3662 4024 pro-

2001 4051 2205 4115 pterea
2236 4061 2355 4099 non
2414 4046 2607 4116 potuit
2654 4045 2944 4100 vivificare
2990 4052 3055 4100 ut
3087 4046 3235 4101 ﬁdes
3282 4046 3662 4121 74410cu-m

2003 4133 2378 4197 haberet,sed
2397 4139 2623 4188 tantum
2639 4133 3088 4203 prmmundabat
3107 4135 3258 4190 viam
3275 4141 3332 4191 et
3352 4150 3662 4191 common-

2005 4220 2231 4276 strabat
2260 4222 2322 4275 iu
2358 4239 2580 4276 morem
2630 4221 2952 4294 paedagogi,
2989 4228 3047 4277 et
3071 4238 3317 4294 capaces
3372 4240 3482 4279 nos
3527 4223 3660 4279 red-

2004 4310 2180 4365 debat
2198 4326 2278 4365 -ac
2302 4310 2442 4365 tidei
2458 4311 2844 4382 susceptivos.
2869 4311 3186 4376 Quomodo
3207 4328 3345 4384 ergo
3378 4313 3660 4368 adversus

2003 4400 2295 4472 promissa
2327 4400 2427 4454 Dei
2461 4399 2689 4468 fuisset,
2725 4417 2856 4471 quea
2887 4402 3041 4456 viam
3087 4400 3480 4472 praestruebat
3527 4416 3664 4471 pro-

2003 4489 2552 4544 missionibus?Non
2574 4505 2709 4560 ergo
2733 4489 3016 4561 possibile
3040 4496 3131 4544 est
3149 4495 3253 4545 aut
3279 4488 3664 4559 rationabile,-

247 4580 362 4636 Νῦν
423 4576 503 4646 δε,
561 4578 749 4652 φησὶν,
805 4576 968 4638 αὐτὸς
1026 4575 1124 4631 οὐκ
1181 4575 1426 4655 ἴσχυσεν,
1482 4573 1572 4631 ⁹ίνα
1627 4577 1662 4645 ἡ
1723 4575 1900 4638 πίστις

2015 4578 2198 4633 videri
2227 4579 2426 4633 datam
2459 4577 2640 4632 fuisse
2665 4577 2852 4650 legem
2874 4577 2947 4634 ad
2969 4577 3453 4634 benedictionum
3476 4576 3670 4634 subla-

252 4669 480 4745 ἰσχύσῃ;
539 4695 567 4722 ‹‹
630 4668 807 4727 Ἀλλὰ
861 4665 1188 4737 συνέκλεισε,
1240 4691 1268 4720 »
1325 4667 1592 4736 τουτέστι,
1668 4666 1912 4743 συγκλει-

251 4758 447 4826 σθῆναι
529 4756 905 4830 συνεχώρησε
959 4756 1049 4810 καὶ
1105 4753 1218 4810 οἷον
1284 4754 1724 4824 ἆποστενωθῆναι
1780 4755 1907 4818 τοὺς

249 4846 454 4906 πάντας
487 4841 564 4906 εἰς
598 4842 866 4916 ἁμαρτίαν
899 4843 926 4896 6
959 4843 1112 4910 Θεὸς,
1169 4839 1258 4896 διὰ
1302 4847 1408 4896 τῶν
1457 4841 1670 4897 οἰκείων
1718 4839 1909 4920 διαφό-

252 4957 362 5012 ρως
393 4933 570 5010 λόγων
627 4935 719 4989 καὶ
777 4929 1123 5002 διοικήσεων.
1175 4957 1202 4984 ‹‹
1238 4929 1405 4988 Αὖται
1455 4933 1556 5006 γαρ
1609 4934 1645 5002 ἡ
1695 4934 1908 5010 Γραφὴ,

248 5022 369 5095 ἵνα,
400 5023 557 5102 φησί,
618 5022 809 5097 χώραν
867 5015 1073 5094 λάϐῃὴ
1122 5015 1210 5075 διὰ
1259 5023 1503 5094 Χριστοῦ
1556 5019 1756 5082 πίστις.
1809 5023 1908 5078 Καὶ

249 5113 358 5192 γὰρ
416 5112 555 5175 τέως
609 5111 637 5166 ὁ
695 5111 866 5184 νόμος
936 5104 1433 5185 παραϐαινόμενος,
1519 5107 1726 5181 ἐδίδαξε
1780 5110 1907 5175 τοὺς

247 5202 576 5279 ἀνθρώπους
600 5199 685 5256 ὅτι
719 5197 1040 5274 ἁμαρτωλοί
1074 5197 1230 5254 εἰσιν.
1281 5196 1459 5254 ’Λλλὰ
1518 5195 1754 5270 διδάξας,
1812 5200 1908 5257 οὐκ

249 5289 598 5364 ἠλευθέρωσε
637 5297 737 5358 τῆς
795 5287 1082 5362 ἁμαρτίας,
1135 5287 1208 5349 ὡς
1268 5287 1463 5342 λοιπὸν
1517 5286 1644 5350 τοὺς
1702 5289 1906 5360 ἀνθρώ-

253 5401 393 5445 πους
452 5380 674 5456 φανείσῃ
751 5382 823 5451 τῇ
882 5377 1060 5433 πίστει
1125 5375 1374 5448 ἀσμένως
1426 5375 1770 5451 προσελθεῖν,
1829 5383 1908 5450 τῷ

249 5469 459 5535 ἐθελειν
491 5469 748 5543 ῥυσθῆναι
796 5471 905 5522 τῶν
960 5470 1262 5538 ἁμαρτιῶν.
1313 5468 1484 5521 Τοῦτο
1526 5463 1584 5520 δὲ
1633 5465 1764 5521 ὅλον
1814 5467 1905 5544 γέ·

247 5580 398 5640 γονε,
425 5559 614 5640 φησὶν,
653 5557 744 5612 ἳνα
799 5556 857 5612 αἱ
911 5557 1048 5640 πρὸς
1105 5555 1199 5612 τὸν
1259 5549 1508 5631 Ἀϐραὰμ
1563 5552 1902 5633 ἐπαγγελίαι,

245 5638 337 5718 τὸ,
372 5638 844 5724 εὐλογηθήσονται
899 5646 968 5700 τὰ
1019 5638 1169 5717 ἔθνη,
1229 5642 1317 5700 διὰ
1371 5647 1469 5713 τῆς
1529 5645 1605 5707 εἰς
1663 5649 1902 5722 Χριστὸν

582 5772 837 5831 tamen
887 5769 1004 5829 Ga.
1040 5766 1309 5835 CXVIII.

2017 4667 2297 4723 tionem.«
2321 4668 2464 4722 Vere
2495 4683 2565 4722 ex
2597 4666 2724 4739 lege
2758 4673 2915 4722 esset
2935 4667 3190 4736 justitia.
3216 4689 3246 4717 »
3275 4669 3438 4724 Nunc
3468 4672 3667 4724 autem

2018 4755 2389 4829 ipsa,inquit,
2411 4771 2532 4810 non
2564 4756 2756 4826 potuit
2784 4765 2851 4811 ut
2881 4756 3026 4812 fides
3059 4763 3280 4827 posset.
3314 4780 3340 4807 «
3376 4755 3496 4814 Sed
3521 4772 3668 4813 con-

2020 4847 2216 4902 clusit.
2250 4870 2269 4893 ιι
2319 4847 2438 4901 Ηοο
2469 4851 2578 4911 est,
2609 4845 2789 4902 veluti
2819 4845 3093 4901 concludi
3127 4853 3184 4902 et
3213 4848 3498 4904 coarctari
3542 4862 3668 4904 om-

2018 4951 2127 4991 nes
2159 4934 2430 5006 permisit
2461 4935 2613 4990 Deus
2641 4934 2703 4990 in
2760 4943 3067 5006 peccatum
3097 4937 3276 4992 variis
3315 4935 3523 5001 modis,
3557 4951 3664 5008 per

2019 5041 2156 5080 suos
2205 5039 2512 5080 sermones
2561 5040 2628 5080 ac
2678 5023 3118 5096 dispositiones.
3152 5026 3287 5083 Hec
3342 5028 3500 5083 enim
3531 5025 3673 5082 fecit

2019 5116 2411 5188 Scriptura,ut
2440 5115 2586 5170 ﬁdes
2617 5131 2747 5186 qum
2780 5132 2886 5187 per
2913 5116 3211 5173 Christum
3245 5123 3335 5173 est
3362 5117 3671 5174 locum'ha-

2015 5205 2201 5260 heret.
2235 5204 2538 5276 Siquidem
2569 5205 2662 5259 lex
2694 5205 2833 5261 dum
2865 5221 2984 5260 non
3028 5206 3390 5270 servabatur,
3411 5204 3669 5260 homini-

2017 5293 2127 5350 bus
2185 5293 2536 5349 ostendebat
2595 5293 2752 5364 quod
2818 5302 3160 5366 peccatores
3189 5301 3669 5351 essent:verum

2016 5383 2258 5438 edoctos
2279 5399 2400 5438 non
2426 5383 2714 5438 liberabat
2733 5400 2765 5438 a
2787 5390 3117 5454 peccato,ut
3137 5383 3212 5440 ad
3230 5383 3668 5439 manifestatam

2017 5473 2196 5527 fidem
2228 5473 2599 5531 accederent.
2628 5473 2771 5527 dum
2803 5490 2836 5528 a
2869 5479 3109 5544 peccato
3140 5473 3382 5528 liberari
3421 5471 3665 5528 vellent.

2017 5565 2134 5619 Hoc
2165 5569 2364 5620 autem
2383 5568 2574 5620 tatum
2596 5563 2815 5620 factum
2843 5569 2954 5633 est,
2985 5563 3205 5636 inquit,
3231 5569 3299 5621 ut
3317 5561 3669 5636 promissio-

2014 5669 2120 5709 nes
2143 5671 2274 5726 quae
2297 5653 2371 5710 ad
2392 5652 2689 5711 Abraham
2714 5654 2883 5711 factas
2903 5660 3285 5726 suntmempe
3317 5654 3478 5730 quod
3496 5653 3675 5713 bene~

3312 5775 3390 5836 36
