4048 6250
178 380 334 441 1133

1216 378 1625 441 COMMENT.
1673 382 1749 441 IN
1801 380 2049 444 EPIST.
2095 385 2193 444 AD
2243 383 2527 445 GALAT.

3440 382 3593 443 1134

185 532 375 585 μενης.
412 536 439 560 ‹‹
474 511 590 569 Οὗκ
618 505 698 568 ἔτι
758 511 864 567 ὑπὸ
904 496 1258 588 παιδαγωγόν
1309 511 1488 586 ἐσμεν.
1526 536 1554 563 ››
1585 510 1833 582 Νηπίους

1963 522 2152 587 )ostea
2182 516 2357 573 dabat
2388 517 2812 590 perfectionem
2846 522 2903 571 et
2950 516 3349 588 adoptionem.
3387 540 3413 569 ι(
3464 517 3592 574 Non

187 600 292 675 γὰρ
326 598 505 663 ὄντας,
541 597 647 655 ἔδει
682 601 784 656 ὑπὸ
842 596 1197 675 παιδαγωγὸν
1258 603 1535 675 πράττειν,
1602 603 1664 656 οὐ
1729 604 1839 675 μην

178 690 427 751 τελείους
472 690 814 764 γενομένους.
880 715 906 742 ‹‹
962 687 1319 759 Τελειότητος
1380 693 1481 767 γὰρ
1541 687 1837 760 ἀπόδειξις,

187 780 252 835 τὸ
276 780 351 842 εἰς
385 780 535 841 υἱοὺς
569 780 643 841 εἷς
676 782 972 849 ποιηθῆναι
1026 784 1105 853 τῷ
1163 785 1299 853 Θεῷ.
1336 806 1363 833 ››
1401 814 1463 823 —-
1496 807 1522 833 ‹‹
1587 782 1681 836 Διὰ
1738 789 1840 851 τῆς

185 868 422 930 πίστεως
466 868 516 923 ἐν
578 872 799 943 Χριστῷ
857 872 1057 938 Ἰησοῦ.
1121 894 1147 920 ››
1208 871 1308 925 Διά
1353 874 1451 933 τῆς
1510 869 1560 925 ἐν
1622 874 1842 946 Χριστῷ

187 958 375 1028 Ἰησοῦ
401 958 654 1018 πίστεως,
694 959 853 1014 Οῦτω
884 959 986 1032 γὰρ
1020 961 1054 1027 η
1084 957 1350 1031 σύνταξις.
1381 961 1520 1034 "Upa
1561 956 1617 1013 δὲ
1647 960 1843 1034 πρότε-

194 1067 287 1119 ρον
321 1046 470 1108 υἱοῦς
499 1041 752 1120 Ἀϐραὰμ
782 1047 948 1102 εἰπὼν
982 1044 1069 1101 διὰ
1097 1054 1195 1116 τῆς
1226 1049 1481 1118 πίστεως,
1540 1052 1629 1102 νῦν
1691 1046 1843 1109 υἱοὺς

192 1134 341 1207 λέγει
371 1139 467 1189 τοῦ
490 1139 645 1190 Θεοῦ.

1950 606 2208 677 amplius
2241 608 2347 661 sub
2375 608 2689 679 paedagogo
2722 622 2984 661 sumus.»
3013 608 3152 661 Cum
3183 608 3340 663 enim
3364 608 3593 679 parvuli

1951 710 2239 757 essemus,
2261 696 2570 767 Oportebat
2591 696 2697 749 sub
2724 696 3035 767 paedagogo
3063 696 3273 765 degere
3298 713 3309 749 :
3338 714 3455 751 non
3488 712 3593 753 au-

1952 786 2067 836 tem
2102 800 2232 837 cum
2269 783 2513 854 perfecti
2550 800 2774 845 sumus,
2811 806 2836 832 ‹‹
2874 783 3258 839 Perfectionis
3292 785 3451 838 enim
3502 786 3593 838 in-

1953 872 2174 925 dicium
2200 873 2625 943 est.adoptatos
2648 889 2777 927 esse
2800 889 2832 926 a
2856 874 2971 926 Deo
2997 874 3053 927 in
3080 873 3251 927 filios.
3282 896 3307 920 ››
3334 904 3397 913 -
3440 894 3461 922 ι
3487 875 3599 927 Per

1955 960 2131 1014 fidem
2160 978 2290 1031 quas
2314 967 2400 1014 est
2430 962 2489 1015 in
2511 962 2739 1016 Christo
2761 963 2915 1016 Jesu.
2944 984 2971 1010 ››
2998 962 3231 1016 Litterae
3255 962 3412 1016 enim
3437 961 3599 1015 ordi-

1954 1050 2115 1103 natio
2174 1050 2309 1103 talis
2366 1056 2457 1104 est
2513 1056 2578 1104 ut
2636 1049 2718 1115 τό,
2784 1052 2932 1105 746
2988 1047 3075 1103 διὰ
3131 1056 3230 1118 τῆς
3281 1048 3331 1103 ἐν
3384 1051 3601 1120 Χριστῷ

1954 1137 2158 1203 Ἰησοῦ,
2194 1136 2253 1190 id
2288 1144 2394 1205 est,
2430 1153 2535 1207 per
2566 1138 2743 1192 ﬁdem
2797 1138 2857 1191 in
2890 1139 3119 1192 Christo
3159 1140 3316 1206 Jesu,
3347 1144 3603 1209 ponatur

187 1243 294 1298 pro
325 1224 410 1287 τὸ,
444 1220 532 1277 διὰ
562 1230 664 1292 τῆς
697 1223 747 1277 ἐν
806 1224 1025 1297 Χριστῷ
1053 1224 1230 1294 Ἰησοῦ
1280 1225 1534 1291 πίστεως,
1568 1226 1629 1281 id
1667 1231 1776 1294 est,
1833 1244 1848 1297 ι

1966 1242 2098 1280 eam
2155 1241 2285 1295 quas
2341 1227 2517 1279 estin
2578 1226 2808 1280 Christo
2864 1226 3000 1281 Jesu
3058 1225 3236 1281 ﬁdem
3272 1243 3285 1282 :
3324 1227 3407 1281 sic
3440 1226 3600 1281 enim

195 1320 495 1371 structura
528 1314 724 1371 habet.
761 1314 1010 1370 Adverte
1072 1321 1268 1371 autem
1301 1315 1459 1387 quod
1489 1331 1623 1371 cum
1655 1316 1913 1387 primum
1944 1312 2097 1370 filios
2152 1312 2399 1369 Abrahae
2431 1314 2681 1370 dixisset
2709 1332 2814 1387 per
2846 1314 3045 1385 ﬁdem,
3074 1332 3231 1372 nunc
3265 1316 3408 1371 dicit
3448 1314 3603 1371 ﬁlios

191 1402 317 1459 Dei.

258 1500 414 1557 Ὀσοι
440 1500 543 1576 γὰρ
575 1500 650 1563 εἰς
685 1502 919 1575 Χριστὸν
952 1496 1331 1572 ἐϐαπτίσθητε,
1374 1500 1603 1575 Χριστὸν
1636 1498 1847 1556 ἐνεδύσ-

198 1591 374 1647 σασθε.
410 1589 522 1647 Οῦκ
552 1583 624 1644 ἔνι
661 1586 924 1652 Ἰουδαῖος
954 1588 1079 1645 οὐδὲ
1107 1587 1342 1660 Ἕλλην.
1379 1589 1491 1649 Οὐκ
1542 1586 1613 1644 ἔνι
1650 1586 1847 1652 δοῦλος

194 1676 318 1734 οὐδὲ
348 1676 652 1754 ἐλεύθερος.
687 1678 800 1737 Οὐκ
831 1673 903 1734 ἔνι
939 1677 1093 1753 ἄρσεν
1144 1679 1233 1734 καὶ
1290 1676 1453 1747 θῆλυ.
1514 1679 1711 1741 Πάντες
1744 1680 1846 1755 γὰρ

195 1769 223 1824 ὑ
301 1773 350 1801 υ,
410 1770 457 1802 νι
491 1768 505 1788 9
637 1769 650 1786 ν
723 1770 766 1826 Χ
813 1793 820 1808 Ι
902 1774 927 1785 ο
972 1771 984 1789 ν
1125 1775 1148 1785 ς.
1301 1767 1343 1785 m
1401 1770 1414 1790 ρ
1501 1775 1550 1803 ..ι
1795 1768 1822 1804 .-

233 1789 349 1840 μει..
382 1790 455 1830 ει..
487 1789 605 1826 εστε
634 1791 688 1823 εν
773 1789 939 1845 ρ.στῳ
987 1774 1173 1841 Ιησου.
1213 1771 1273 1826 Ei
1299 1787 1355 1824 οε
1396 1790 1550 1842 υμει,
1585 1775 1846 1841 Χριστοο,

194 1855 297 1933 ἄρα
327 1863 422 1912 τοῦ
456 1854 707 1933 Ἀϐρααμ
736 1860 951 1931 σπέρμα
1007 1858 1127 1914 ἐστὶ
1191 1858 1279 1914 καὶ
1334 1860 1450 1914 κατ’
1506 1857 1834 1935 ἐπαγγελίαν

193 1946 301 2017 κλη
313 1949 565 2021 ρονόμοι.

2034 1503 2130 1572 ΙΙΙ,
2162 1506 2350 1559 27—29.
2403 1506 2539 1559 Nam
2582 1511 2851 1575 quotquot
2908 1504 2966 1559 in
2995 1504 3270 1559 Christum
3330 1504 3600 1575 baptizati

1957 1596 2100 1659 estis,
2161 1593 2433 1649 Christum
2490 1596 2766 1650 induistis.
2830 1597 2945 1649 Non
3001 1600 3078 1649 est
3145 1593 3366 1648 Iudaeus
3422 1610 3598 1664 neque

1958 1684 2191 1739 Graecus.
2228 1686 2343 1739 Non
2370 1692 2446 1740 est
2474 1702 2656 1740 servus
2686 1702 2858 1755 neque
2909 1684 3067 1739 iiber.
3102 1687 3219 1739 Non
3250 1690 3327 1739 est
3382 1699 3599 1739 mascu-

1959 1773 2041 1827 lus
2070 1791 2166 1828 nec
2196 1775 2627 1839 femina.0mnes
2660 1776 2803 1828 enim
2834 1791 2924 1830 vos
2956 1790 3097 1829 unus
3127 1777 3253 1829 estis
3286 1774 3347 1828 in
3381 1774 3598 1828 Christo

1957 1864 2104 1917 Jesu.
2142 1864 2297 1927 Quod
2326 1866 2373 1917 si
2400 1880 2493 1917 vos
2522 1866 2644 1919 estis
2678 1863 2902 1929 Christi,
2946 1866 3119 1932 igitur
3154 1864 3391 1918 Abrahw
3420 1879 3599 1919 semen

1958 1954 2085 2007 estis
2105 1952 2278 2021 juxta
2303 1955 2717 2022 promissionem
2752 1953 3009 2007 haeredes.

272 2032 492 2106 Ἐπειδή
540 2036 675 2110 μέγα
732 2038 881 2092 εἶπεν
940 2036 1089 2098 υἱοὺς
1142 2041 1273 2092 Θεοῦ
1332 2039 1479 2109 ἡμᾶς
1535 2034 1842 2107 κεκληκὼς,

2031 2042 2318 2105 Quoniam
2354 2058 2633 2113 magnum
2667 2046 2756 2095 est
2786 2042 2943 2112 quod
2974 2040 3122 2095 dixit
3150 2057 3259 2094 nos
3293 2040 3447 2095 filios
3496 2041 3600 2095 Dei

194 2122 458 2199 λέγεικαὶ
490 2126 581 2179 τὸν
605 2126 808 2197 τρόπον
841 2129 957 2188 πῶς
1007 2125 1325 2199 γενόναμεν.
1378 2126 1602 2203 Ὠφειλε
1660 2121 1717 2179 δὲ
1775 2124 1849 2187 ὡς

191 2215 329 2289 πρὸς
361 2216 424 2271 τὸ
453 2216 816 2289 προκείμενον
863 2216 1006 2288 νόμα
1040 2216 1231 2282 εἰπεῖν,
1296 2238 1316 2264 ι
1369 2217 1526 2273 ’Ὁσοι
1586 2215 1660 2277 εἷς
1719 2220 1851 2288 Χρι-

193 2304 315 2357 στὸν
346 2297 734 2374 ἐϐαπτίσθητε,
794 2303 903 2357 υἱοὶ
961 2308 1095 2358 Θεοῦ
1153 2305 1432 2381 γεγόνατε·
1470 2328 1496 2353 ››
1550 2301 1684 2371 αὓτη
1742 2302 1847 2376 γὰρ

192 2392 229 2460 ἡ
284 2389 602 2450 ἂκολουθία.
635 2389 815 2448 Ἀλλά
870 2393 961 2447 καὶ
1028 2396 1119 2447 νῦν
1179 2390 1338 2464 ἄλλῳ
1377 2393 1563 2466 τρόπῳ
1634 2390 1847 2462 μᾶλλον

196 2481 574 2554 περιγεγονότι
605 2482 668 2534 τὸ
712 2480 841 2535 αὐτὸ
894 2480 1063 2537 εἶπεν.
1126 2480 1187 2536 Εἰ
1244 2481 1346 2557 γὰρ
1413 2480 1505 2535 τὸν
1564 2480 1686 2533 Υἱὸν
1751 2481 1849 2533 τοῦ

201 2572 335 2623 Θεοῦ
362 2564 829 2641 ἐνδεδόμεθα,και
862 2570 975 2623 οἷον
1033 2569 1131 2638 τήν
1194 2568 1374 2622 εἰκόνα
1434 2568 1599 2622 αὑτοῦ
1654 2565 1851 2645 ἠμφιὲ-

199 2669 397 2728 σμεθα,
430 2654 662 2725 εὔδηλον
696 2656 777 2711 ὅτι
803 2659 893 2711 καὶ
924 2663 1023 2726 τῆς
1055 2656 1309 2725 υἷότητος
1369 2656 1537 2711 αὐτοῦ
1592 2654 1849 2710 κοινωνοί

200 2744 385 2815 ἐσμεν.
430 2746 490 2799 Εἴ
523 2746 609 2800 καὶ
644 2746 847 2807 ἐκεῖνος
883 2748 979 2819 μὲν
1038 2747 1100 2800 τὸ
1153 2748 1399 2821 γνήσιον,
1431 2748 1593 2815 ἡμεῖς
1653 2743 1708 2799 δὲ
1788 2746 1850 2800 τὸ

209 2832 349 2888 θὲσει
381 2831 596 2909 ἔχομεν.
639 2858 658 2883 α
694 2835 893 2894 Πάντες
946 2834 1046 2909 γὰρ
1107 2834 1262 2905 ὑμεῖς
1322 2835 1397 2894 εἷς
1454 2832 1569 2887 ἐστε
1627 2833 1678 2887 ἐν
1726 2840 1849 2899 Χοι-

213 2927 321 2995 στῷ
356 2924 550 2994 Ἰησοῦ.
586 2950 612 2975 ››
647 2928 736 2995 Τῷ
763 2923 857 2978 ’ἐνα
888 2923 1054 2979 τόπον
1108 2923 1198 2977 καὶ
1259 2924 1385 2996 μίαν
1446 2924 1658 2999 μορφὴν
1711 2920 1849 2977 ἐνδε-

205 3008 390 3066 δῦσθαι
448 3016 546 3080 την
600 3018 697 3067 τοῦ
756 3017 1012 3087 Χριστοῦ,
1073 3012 1161 3067 καὶ
1225 3012 1348 3087 μίαν
1404 3008 1550 3087 ἔχειν
1604 3010 1845 3091 κεφαλην

196 3101 383 3171 αὐτὸν,
458 3102 546 3156 καὶ
605 3102 806 3166 πάντας
864 3102 939 3164 εἰς
997 3096 1048 3156 ἔν
1106 3107 1261 3174 σῶμα
1320 3099 1612 3158 συντελεῖν.
1674 3126 1699 3153 ‹‹
1764 3102 1849 3156 Ἐν

196 3194 447 3265 Χριστῷ,
502 3192 689 3269 φησὶν,
744 3193 945 3261 Ἰησοῦ.
1008 3215 1034 3241 ››
1097 3190 1174 3247 Δι’
1229 3190 1390 3245 αὑτὸν
1441 3190 1547 3264 γὰρ
1596 3189 1658 3243 τὸ
1713 3190 1847 3244 εἶναι

192 3273 424 3355 ἔχομεν,
485 3276 573 3333 διὰ
628 3284 724 3335 τοῦ
776 3280 1006 3352 σταυροῦ
1065 3279 1249 3347 αὑτοῦ,
1307 3280 1393 3333 καὶ
1453 3283 1550 3333 τοῦ
1594 3279 1844 3349 θανάτου,

196 3367 291 3424 καὶ
348 3374 450 3437 τῆς
508 3369 758 3442 χάριτος.
797 3395 816 3419 ι
855 3368 912 3425 Εἰ
956 3367 1011 3423 δὲ
1074 3369 1227 3441 ὑμεῖς
1281 3368 1533 3441 Χριστοῦ.
1602 3393 1623 3417 ι
1686 3366 1749 3423 Εἰ
1792 3364 1847 3421 δὲ

200 3458 358 3531 ὑμεῖς
388 3456 505 3511 ἐστε
534 3462 767 3533 Χριστοῦ
801 3458 985 3532 μορφή
1020 3456 1110 3511 καὶ
1142 3461 1322 3529 σῶμα,
1383 3456 1568 3533 φησὶν,
1620 3455 1844 3527 εἰκότως

190 3550 293 3601 τοῦ
320 3541 574 3621 Ἀϐραάμ
616 3544 734 3600 ἐστε
791 3546 1026 3619 σπέρμα.
1087 3542 1309 3613 Ἐπειδὴ
1380 3547 1483 3621 γὰρ
1543 3541 1844 3618 ἔμπροσθεν

192 3631 409 3713 ἔλεγεν,
442 3635 525 3689 δτι
559 3636 585 3689 ὑ
618 3636 845 3708 Χριστὸς
880 3637 1097 3710 σπέρμα
1129 3630 1386 3709 Ἀϐραάμ
1417 3633 1529 3689 ἐστι
1585 3634 1647 3688 τὸ
1713 3634 1849 3688 κατᾶ

194 3725 369 3799 σάρκα
422 3724 592 3796 (αὐτῷ
646 3724 737 3779 οὑν
796 3729 875 3796 τῷ
952 3725 1219 3797 σπέρματι
1278 3718 1530 3797 Ἀϐραὰμ
1587 3719 1846 3791 ἐδόθησαν

200 3813 257 3867 αἱ
294 3812 636 3888 ἐπαγγελίαι,
688 3814 937 3867 τουτέστι
994 3817 1071 3883 τῷ
1127 3813 1390 3885 Χριστῷ),
1446 3816 1533 3864 νῦν
1572 3811 1665 3865 τὸν
1719 3810 1848 3865 αὐτὸ

197 3901 714 3981 ἀνακεφαλαιοῦται.
806 3899 874 3957 Εἴ
926 3901 1061 3967 ἐστε,
1123 3900 1277 3972 φησὶ,
1351 3904 1511 3971 σῶμα
1593 3900 1849 3971 Χριστοῦ,

195 3994 417 4064 σπέρμα
442 3989 499 4046 τέ
529 3991 645 4046 ἐστε
678 3986 928 4066 Ἀϐραὰμ
952 3990 1042 4045 καὶ
1074 3988 1414 4064 κληρονόμοι
1446 3994 1545 4056 τῆς
1567 3991 1647 4058 τῷ
1688 3984 1851 4061 σπέρ-

198 4100 335 4154 ματι
368 4080 530 4134 αὐτοῦ
563 4077 812 4150 δοθείσης
847 4078 1237 4155 ἐπαγγελίας,ὁ
1262 4077 1495 4149 Χριστὸς
1521 4078 1850 4151 ἡμῖν,(ρησῖ,

187 4169 413 4224 τούτων
448 4168 645 4232 α’ἰτιος,
678 4168 705 4222 ὁ
739 4173 899 4240 σῶμα
928 4170 1075 4238 ἡμᾶς
1106 4167 1280 4237 ἑαυτῷ
1339 4163 1729 4236 ποιησάμενος,
1764 4164 1853 4217 καὶ

195 4256 292 4312 διὰ
322 4260 484 4311 τοῦτο
515 4258 601 4311 καὶ
632 4256 707 4318 εἷς
739 4258 954 4331 σπέρμα
982 4260 1060 4327 τῷ
1106 4250 1352 4330 Ἀϐραὰμ
1413 4252 1730 4328 εἷσαγαγὼι,
1792 4251 1854 4305 οὐ

195 4347 311 4420 μὴν
344 4346 372 4400 ὁ
400 4346 587 4420 νόμος.

844 4437 1105 4491 ΚΕΦΑΛ.
1139 4435 1213 4489 Η¹.

525 4526 649 4583 Ὀτι
686 4526 790 4580 ὑπὸ
820 4523 989 4579 κτίσιν
1012 4525 1145 4591 ἦσαν
1181 4522 1231 4575 οἱ
1276 4520 1326 4575 ἐν
1359 4522 1535 4593 νόμῳ,

279 4616 437 4690 Λέγω
472 4613 551 4677 δὲ,
585 4614 665 4693 ἐφ’
729 4616 851 4669 ὅσον
911 4614 1111 4689 χρόνον
1172 4614 1199 4666 ὁ
1254 4610 1609 4685 κληρονόμος
1662 4609 1858 4680 νήπιός

196 4705 376 4774 ἔστιν,
433 4701 587 4759 οὐδὲν
651 4700 891 4780 διαιρέρει
956 4700 1179 4771 δούλου,
1242 4700 1439 4774 Κύριος
1494 4698 1705 4754 πάντων
1761 4696 1859 4767 ὢν,

198 4792 355 4848 ἀλλὰ
390 4794 495 4849 ὑπὸ
526 4793 853 4867 ἐπιτρόπους
882 4792 991 4846 ἐστέ
1052 4790 1139 4845 καὶ
1190 4789 1535 4861 οἰκονόμους,
1568 4785 1698 4864 ἄχρι
1757 4795 1857 4855 τῆς
1895 4774 1935 4836 D

196 4882 549 4956 προθεσμίας
623 4886 718 4937 τοῦ
776 4878 998 4955 πατρός.
1088 4879 1278 4940 Οῦτως
1336 4880 1425 4933 καὶ
1510 4881 1697 4951 ἡμεῖς,
1768 4878 1858 4932 ὅτε

194 4972 344 5046 ἦμεν
374 4976 587 5045 νήπιοι,
614 4973 718 5028 ὑπὸ
745 4973 810 5028 τὰ
842 4975 1085 5045 στοιχεῖν
1113 4973 1210 5024 τοῦ
1242 4969 1451 5041 κόσμου
1481 4969 1622 5041 ἦμεν
1657 4964 1853 5022 δεδου-

195 5060 469 5136 λωμένοι.

273 5154 337 5206 Τί
370 5154 472 5229 γὰρ
510 5155 672 5222 ;Ὃτι
703 5150 905 5227 ὥριστο
961 5151 1107 5223 παρά
1161 5152 1258 5203 τοῦ
1316 5150 1479 5222 πατρί
1511 5145 1678 5220 μηδὲν
1714 5145 1856 5203 διοι-

132 5284 139 5289 μ
198 5245 346 5310 κεῖν,
379 5240 509 5316 ἄχρι
544 5248 639 5311 τῆς
673 5243 920 5313 νομίμης
953 5237 1196 5307 ἡλικίας.
1234 5234 1424 5299 Καλῶς
1474 5235 1531 5291 δὲ
1560 5234 1731 5311 ἤγαγε
1794 5237 1855 5291 τὸ

195 5335 303 5385 τοῦ
334 5331 532 5401 νηπίου
562 5330 936 5406 παράδειγμα.
998 5330 1199 5398 Ὠσπερ
1255 5327 1357 5403 γὰρ
1413 5326 1615 5388 ἐκεῖνος
1670 5327 1857 5401 κύριος

198 5420 424 5475 πάντων
454 5419 527 5474 ὢν
591 5418 681 5475 διά
734 5421 833 5487 την
888 5418 1197 5487 νηπιότητα
1253 5415 1525 5472 κωλύεται
1584 5416 1858 5491 ἐγκρατεῖν

198 5512 342 5564 εἶναι
373 5514 478 5565 τῶν
510 5511 694 5579 αὐτοῦ,
728 5510 873 5563 οὕτω
903 5509 992 5563 καὶ
1020 5510 1209 5581 ἡμεῖς,
1242 5503 1331 5559 διά
1376 5506 1438 5559 τὸ
1489 5505 1661 5560 πάλαι
1717 5506 1856 5560 εἶναι

194 5600 393 5671 νήπιοι
418 5601 507 5654 τὸν
541 5604 687 5667 νοῦν,
721 5596 1075 5671 ἐκωλυόμεθα
1116 5602 1217 5667 τῆς
1271 5594 1538 5657 υἱοθεσίας
1592 5598 1689 5649 τοῦ
1720 5600 1855 5651 Θεοῦ

193 5687 514 5762 ἄξιωθῆναι.
553 5714 579 5741 (ι
637 5690 766 5746 Ὅτι
826 5688 961 5761 ἧμιν
1022 5689 1234 5756 νήπιοι.
1292 5709 1321 5737 υ
1380 5686 1604 5753 Νήπιοι,
1667 5685 1852 5762 φησὶν,

1961 2130 2355 2191 electos.dicit
2386 2137 2443 2185 et
2473 2131 2713 2185 modum
2749 2147 2864 2201 quo
2894 2130 3035 2185 facti
3059 2128 3604 2184 sumus.Debuisset

1959 2226 2155 2273 autem
2189 2226 2474 2290 quantum
2496 2218 2568 2275 ad
2593 2220 2956 2291 prepositam
2980 2219 3337 2275 sententiam
3363 2218 3561 2273 dicere
3588 2234 3601 2273 :

1959 2314 2313 2384 «Quotquot
2368 2314 2427 2367 in
2460 2314 2757 2367 Christum
2792 2313 3067 2383 baptizati
3127 2314 3289 2380 estis,
3336 2311 3442 2366 ﬁlii
3505 2311 3605 2367 Dei

1957 2400 2095 2455 facti
2139 2403 2322 2466 estis;
2358 2425 2384 2449 ››
2418 2402 2543 2456 haec
2576 2403 2733 2455 enim
2769 2409 2858 2456 est
2883 2400 3332 2471 consequentia.
3388 2402 3607 2454 Verum

1958 2505 2116 2543 nunc
2151 2490 2325 2543 etiam
2356 2491 2530 2544 modo
2557 2490 2740 2560 magis
2764 2490 2987 2544 efﬁcaci
3019 2490 3172 2544 idem
3199 2490 3367 2544 dixit.
3386 2489 3530 2543 Nam
3554 2489 3605 2543 si

1957 2577 2255 2633 Christum
2291 2579 2391 2633 Dei
2425 2579 2638 2633 Filium
2675 2578 3068 2636 induimur.et
3100 2587 3383 2649 tanquam
3418 2578 3605 2648 ipsius

1959 2667 2276 2739 imaginem
2337 2669 2640 2734 vestimus,
2678 2668 3055 2723 manifestum
3092 2676 3182 2723 est
3233 2668 3390 2737 quod
3423 2668 3605 2722 etiam

1958 2756 2263 2811 {iliationis
2298 2758 2483 2827 ipsius
2512 2758 2828 2828 participes
2861 2757 3048 2812 simus
3079 2775 3090 2810 :
3127 2773 3465 2827 quanquam
3500 2756 3604 2811 ille

1958 2846 2068 2900 hoc
2120 2847 2389 2901 naturale
2452 2847 2645 2907 habet.
2692 2864 2799 2901 nos
2848 2863 2983 2901 vero
3043 2864 3148 2918 per
3198 2846 3601 2918 adoptionem.

1961 2956 1987 2983 «
2023 2935 2240 2989 Omnes
2268 2936 2429 2989 enim
2462 2952 2560 2989 vos
2596 2952 2749 2989 unus
2785 2937 2925 2991 estis
2957 2937 3015 2989 in
3048 2935 3279 2990 Christo
3301 2936 3495 2990 Jesu.»
3523 2937 3605 2990 Ex

1958 3041 2025 3079 eo
2057 3026 2330 3079 videlicet
2361 3026 2517 3095 quod
2552 3044 2648 3080 vos
2677 3043 2856 3081 unam
2890 3026 3136 3099 ﬁguram
3164 3041 3467 3095 unamque
3489 3024 3602 3079 for-

1957 3131 2114 3169 mam
2144 3115 2334 3169 induti
2359 3116 2743 3185 estis,uempe
2779 3132 2909 3185 qua:
2936 3115 3149 3169 Christi
3178 3122 3295 3169 est:
3324 3122 3381 3169 et
3410 3130 3598 3168 unum

1956 3209 2132 3275 caput
2161 3204 2412 3272 habetis,
2448 3205 2722 3260 videlicet
2751 3206 2966 3276 ipsum.
3000 3211 3059 3260 et
3083 3221 3289 3259 omnes
3321 3205 3383 3259 in
3413 3219 3599 3259 unum

1956 3310 2168 3365 corpus
2200 3295 2720 3349 consummamini.
2745 3318 2770 3345 ‹‹
2803 3297 2867 3350 In
2901 3295 3129 3350 Christo
3157 3295 3350 3362 Jesu,»
3384 3293 3596 3364 inquit.

1955 3382 2100 3436 Nam
2119 3399 2224 3453 per
2246 3398 2375 3437 eum
2400 3382 2685 3439 habemus
2705 3384 2901 3455 ipsum
2928 3399 3054 3438 esse
3080 3400 3184 3454 per
3204 3399 3439 3438 crucem
3470 3382 3599 3453 ejus

1958 3477 2013 3524 et
2042 3477 2292 3526 mortem
2317 3490 2383 3527 ac
2410 3472 2779 3527 charitatem.
2807 3496 2833 3520 ‹‹
2865 3471 3032 3537 Quod
3059 3472 3107 3526 si
3137 3488 3235 3527 vos
3268 3472 3408 3527 estis
3431 3470 3599 3526 Chri-

1957 3562 2052 3616 sti.
2088 3584 2113 3609 ››
2147 3560 2313 3625 Quod
2346 3562 2391 3616 si
2424 3579 2523 3616 vos
2581 3561 2796 3617 Christi
2828 3563 3019 3617 forma
3071 3568 3129 3617 et
3159 3579 3374 3633 corpus
3434 3560 3598 3627 estis,

1956 3651 2166 3704 merito
2198 3650 2448 3705 Abrahae
2481 3668 2684 3705 semen
2716 3652 2879 3705 estis.
2914 3651 3204 3715 Quoniam
3238 3651 3396 3705 enim
3434 3650 3599 3719 prius

1958 3738 2108 3793 dixit
2139 3739 2296 3809 quod
2354 3740 2618 3793 Christus
2652 3738 2900 3792 Ahrahaa
2959 3755 3161 3792 semen
3224 3744 3380 3792 esset
3426 3738 3599 3806 juxta

1958 3844 2196 3881 carnem
2228 3828 2361 3897 (ipsi
2393 3844 2527 3897 ergo
2559 3827 2771 3880 semini
2805 3826 3052 3879 Abrahaz
3085 3826 3233 3880 datae
3269 3831 3406 3878 sunt
3464 3842 3599 3895 pro-

1959 3917 2300 3974 missiones.
2334 3916 2391 3969 id
2424 3921 2531 3977 est,
2592 3915 2841 3983 Christo)
2873 3914 3029 3967 idem
3066 3931 3222 3967 nunc
3274 3913 3505 3984 repetit.
3545 3912 3605 3969 Si

1960 4004 2117 4067 estis,
2145 4002 2359 4072 inquit,
2384 4018 2597 4073 corpus
2611 4002 2848 4069 Christi,
2875 4001 3415 4057 etsemenAbrahte
3441 4000 3607 4069 estis,

1960 4090 2292 4145 ethwredes
2308 4091 2719 4161 promissionis
2736 4108 2865 4161 qua)
2891 4091 3025 4146 data
3049 4098 3138 4145 est
3155 4092 3366 4146 semini
3380 4091 3607 4163 ipsius:

1959 4183 2245 4249 Christus,
2281 4183 2493 4253 inquit,
2525 4183 2735 4237 horum
2769 4182 2943 4237 nobis
2974 4188 3179 4238 auctor
3209 4189 3319 4250 est,
3364 4183 3465 4254 qui
3497 4200 3607 4238 nos

1962 4272 2073 4327 sibi
2108 4272 2220 4342 ipsi
2278 4288 2493 4343 corpus
2532 4272 2773 4343 aptavit,
2805 4278 2863 4325 et
2923 4278 3238 4343 propterea
3278 4288 3515 4343 quoque
3547 4272 3609 4325 in

1964 4377 2167 4416 semen
2198 4361 2449 4415 Abrahae
2482 4361 2738 4427 induxit,
2770 4378 2888 4416 non
2920 4368 3118 4417 autem
3146 4362 3261 4416 lex.

2491 4452 2633 4506 747
2679 4452 2909 4507 CAPUT
2949 4452 3090 4506 Vlll.

1967 4540 2122 4604 Quod
2152 4540 2210 4594 hi
2239 4543 2335 4610 qui
2364 4543 2422 4593 in
2455 4541 2568 4608 tege
2600 4547 2780 4606 erant,
2810 4542 3024 4608 fuerint
3055 4547 3331 4595 creaturae
3360 4540 3609 4594 obnoxii.

2037 4629 2130 4694 IV,
2167 4630 2281 4683 1-3.
2342 4631 2468 4684 Dico
2525 4635 2726 4692 autem,
2786 4630 3037 4699 quandiu
3096 4630 3263 4685 heres
3316 4645 3455 4698 puer
3511 4635 3610 4696 est,

1968 4718 2117 4773 nihil
2146 4720 2334 4788 differt
2366 4735 2400 4771 a
2438 4734 2590 4773 servo
2618 4735 2739 4772 cum
2771 4721 2840 4771 sit
2873 4718 3123 4773 dominus
3154 4717 3403 4773 Omnium
3434 4735 3452 4773 :
3520 4716 3614 4773 sed

1965 4810 2062 4862 sub
2097 4808 2369 4862 tutoribus
2394 4814 2444 4860 et
2475 4808 2753 4861 actoribus
2783 4814 2857 4861 est
2887 4823 3055 4876 usque
3086 4808 3159 4861 ad
3198 4814 3408 4877 tempus
3464 4804 3615 4877 quod

1964 4904 2127 4967 pater
2149 4898 2572 4966 prmsrripserit.
2607 4896 2696 4951 Sic
2728 4902 2778 4948 et
2798 4912 2892 4951 nos
2921 4913 3041 4949 cum
3066 4912 3295 4951 essemus
3318 4898 3483 4966 pueri
3492 4895 3608 4965 ,sub

1966 4985 2239 5040 elementis
2264 4984 2459 5039 mundi
2497 5000 2711 5040 eramus
2740 4986 2797 5037 in
2827 4987 3138 5039 servitutem
3168 4986 3373 5040 adacti.

2038 5151 2225 5215 Quare
2247 5149 2396 5203 nihil
2416 5149 2613 5204 differt
2631 5150 2659 5202 ‘?
2689 5149 2835 5213 Qnia
2866 5147 3201 5203 ordinatum
3227 5149 3340 5205 fuit
3361 5166 3393 5203 a
3419 5152 3608 5219 patre,

1966 5245 2030 5294 ut
2046 5239 2192 5293 nihil
2212 5238 2499 5309 gubernet
2515 5254 2702 5307 usque
2725 5239 2797 5292 ad
2820 5237 3141 5301 legitimam
3171 5243 3401 5292 aetatem
3417 5238 3611 5291 .Recte

1966 5336 2162 5384 autem
2195 5328 2439 5383 adduxit
2470 5328 2635 5398 pueri
2670 5327 3029 5397 exemplum.
3094 5325 3609 5391 Quemadmodum

1967 5419 2125 5473 enim
2151 5417 2249 5471 ille
2273 5433 2405 5471 cum
2432 5417 2698 5470 omnium
2734 5416 2809 5469 sit
2841 5415 3391 5486 dominuspropter
3412 5414 3608 5486 pueri-

1965 5508 2108 5561 tiam
2143 5512 2339 5560 tamen
2372 5504 2719 5576 prohibetur
2741 5504 3009 5559 obtinere
3030 5521 3160 5575 quin
3195 5519 3303 5560 sua
3331 5512 3471 5559 sunt
3494 5520 3507 5558 :
3528 5505 3610 5560 ita

1967 5602 2025 5653 et
2054 5614 2183 5663 nos,
2217 5612 2286 5650 eo
2320 5594 2478 5667 quod
2537 5594 2678 5651 olim
2710 5596 2881 5667 pueri
2942 5611 3201 5662 eramus,
3252 5593 3612 5666 prohibeba-

1966 5702 2100 5742 mur
2128 5685 2229 5744 Dei
2292 5682 2672 5753 adoptionem
2732 5684 3051 5757 suscipere.
3089 5706 3116 5734 «
3168 5684 3311 5739 Cum
3346 5698 3611 5741 essemus
