4048 6250
255 358 411 417 U37

1319 343 1721 407 COMMENT.
1762 340 1835 408 1N
1884 338 2135 413 EPIST.
2186 357 2291 416 AD
2337 360 2609 420 GALAT.

3518 361 3675 420 H38

247 487 522 547 Θεοτόκου
578 483 815 559 νομίσῃς
887 482 1227 556 γεγενῆσθαι,
1316 476 1445 534 ἀλλ’
1519 477 1579 533 ἐκ
1630 481 1868 553 γυναικὸ‹

1981 535 1991 551 ,
2019 490 2335 546 transitum
2361 490 2647 548 duntaxat
2674 494 2897 549 factum
2927 491 3112 549 fuisse
3145 509 3251 565 per
3278 492 3380 549 Dei
3402 491 3667 559 Matrem,

246 579 457 641 δεικνὺς
518 576 568 646 ἐξ
629 574 795 641 αὐτῆς
855 571 1121 647 ελληφότα
1194 570 1256 623 τὸ
1316 569 1475 641 σῶμα
1529 569 1622 623 τὸν
1680 568 1903 645 Κύριον.

247 694 276 723 «
310 670 609 739 Γενόμενον
664 665 767 719 ὑπὸ
850 661 1039 733 νόμον.
1076 682 1105 711 »
1190 657 1348 715 Οὕτω
1424 659 1525 735 γάρ
1582 659 1684 713 ὑπὸ
1732 660 1902 732 νόμον

250 759 491 835 ἐγένετο,
547 757 630 809 ὅτι
702 752 793 806 καὶ
839 750 1204 825 περιετμήθη,
1256 743 1361 816 ἵνα,
1421 747 1554 823 φησί
1613 749 1739 809 τοὺς
1799 748 1901 803 ὑπὸ

250 850 418 919 νὸμον
453 846 543 900 καὶ
585 844 820 916 κατ”ραν
872 836 1026 898 ὄντας
1083 835 1399 911 ἐξαγοράσῃ,
1430 840 1506 908 τῷ
1561 856 1618 891 τε
1667 843 1899 913 σταυρῷ,

243 936 336 993 καὶ
363 941 441 1006 τῷ
482 932 630 994 ὅλως
662 932 765 987 ὑπὸ
786 929 955 1001 νόμον
981 926 1245 1005 γενέσθαι.
1280 949 1309 978 ‹‹
1342 928 1457 981 Ἵνα
1504 926 1603 994 τὴν
1628 926 1897 989 υἱοθεσίαν

252 1020 645 1096 ἀπολάϐωμεν.
684 1044 710 1071 ››
741 1018 817 1076 Οὐ
852 1018 1019 1093 μόνον
1065 1017 1169 1091 γὰρ
1226 1019 1408 1069 κακῶν
1464 1013 1769 1085 ἀπήλλαξε,
1800 1022 1898 1084 τῆς

244 1117 379 1195 ἀρ’άς
423 1112 742 1182 ἀπαλλάξας
821 1114 917 1165 τοῦ
996 1110 1216 1181 νόμου,
1275 1104 1422 1162 ἀλλὰ
1471 1108 1559 1161 καὶ
1624 1107 1894 1171 υἱοθεσίαν

241 1191 568 1281 ὶχαρίσατο.
622 1198 806 1258 Εῗπὼν
870 1196 946 1265 δὲ,
1005 1191 1427 1269 Ἀπολάϐωμεν,
1483 1193 1680 1265 ἔδειξεν
1723 1199 1893 1267 αὐτὴν

244 1296 445 1353 ἄνωθεν
487 1289 1012 1367 κεγρεωστημένην,
1044 1290 1190 1360 ἡμᾶς
1250 1285 1307 1341 δὲ
1341 1288 1416 1358 μὴ
1476 1284 1731 1341 δύνασθαι
1793 1286 1889 1343 λα·

249 1381 388 1457 ϐεἷν,
420 1383 510 1439 διὰ
536 1383 598 1438 τὸ
627 1389 727 1452 τῆς
758 1380 989 1455 γνώμης
1020 1380 1238 1448 νήπιον.
1265 1400 1293 1429 ‹‹
1324 1377 1449 1433 ’Ότι
1472 1373 1528 1431 δέ
1560 1376 1676 1431 ἐστε
1707 1377 1834 1435 υἱοί.
1862 1402 1890 1429 ››

244 1476 347 1531 Καὶ
404 1474 588 1542 πόθεν,
649 1470 781 1550 φησὶ
817 1514 829 1537 ,
899 1464 1159 1539 δηλονότι
1228 1466 1496 1527 υἱοθεσίας
1550 1466 1885 1538 ἠξιώμεθας

244 1567 456 1631 Πόθενς
516 1564 611 1619 Ἐκ
667 1564 767 1614 τοῦ
849 1565 949 1627 τῆς
997 1555 1265 1617 υἱοθεσίας
1323 1555 1654 1627 Πνεῦματος.
1715 1557 1887 1630 Ὂπερ

232 1651 673 1729 καταπεφοίτηκε
708 1694 721 1720 ,
775 1648 1177 1723 παρασκευάζον
1267 1647 1412 1717 ἡμᾶς
1497 1646 1588 1700 καὶ
1634 1643 1885 1700 διδάσκον

227 1746 412 1816 (τοῦτο
464 1741 611 1816 λέγει
641 1740 723 1808 τὸ,
784 1740 1037 1809 Κρᾶζον),
1070 1736 1279 1810 Πατέρα
1310 1736 1402 1791 τὸν
1456 1735 1583 1790 Θεὸν
1644 1733 1880 1807 καλεῖν),

2019 579 2121 634 sed
2155 596 2223 634 ex
2254 581 2525 643 muliere.
2561 583 2883 638 ostendens
2918 583 3233 637 Dominum
3262 582 3333 637 ab
3358 599 3425 637 eo
3450 600 3665 652 corpus

2017 670 2394 740 sumpsissem
2418 672 2659 727 Factum
2692 673 2802 744 legi
2840 672 3221 726 obnoxium.»
3246 674 3330 726 lta
3363 674 3518 726 enim
3553 674 3666 741 legi

2013 757 2301 813 obnoxius
2324 760 2512 815 factus
2536 768 2624 816 est
2644 762 2799 831 quod
2823 762 3001 815 etiam
3027 762 3415 815 circumcisus
3441 768 3562 815 est:
3596 768 3661 815 ut

2012 862 2133 907 eos,
2170 849 2380 919 inquit,
2406 851 2505 919 qui
2528 851 2639 922 legi
2666 867 2733 905 ac
2756 852 3146 905 exsecrationi
3189 856 3361 904 erant
3401 850 3663 917 obnoxii,

2008 936 2349 1003 redimeret,
2375 944 2433 992 et
2455 956 2559 1008 per
2592 956 2849 1002 crucem,
2885 946 2941 993 et
2968 956 3039 993 ex
3071 956 3138 993 eo
3173 939 3331 1009 quod
3379 944 3567 994 totum
3600 956 3661 994 se

2008 1025 2122 1097 legi
2148 1028 2518 1097 subjecisset.
2554 1048 2574 1074 α
2601 1031 2668 1085 Ut
2688 1030 3067 1100 adoptionem
3091 1030 3150 1083 in
3181 1029 3332 1083 ﬁlios
3356 1030 3659 1099 accipere-

2006 1132 2213 1170 mus.»
2241 1120 2390 1172 749
2412 1118 2538 1173 Non
2565 1118 2756 1174 solum
2798 1119 2958 1173 enim
3010 1135 3044 1173 a
3092 1120 3264 1173 malis
3298 1118 3589 1184 liberavit,
3622 1134 3656 1174 a

2004 1204 2150 1275 legis
2172 1208 2575 1262 exsecratione
2598 1207 2931 1273 absolvens,
2957 1224 3157 1262 verum
3178 1208 3555 1278 adoptionem
3590 1208 3652 1264 in

2003 1294 2160 1349 ﬁlios
2192 1296 2367 1349 etiam
2403 1296 2661 1352 .lonavit.
2698 1298 2910 1352 Dicens
2940 1305 3160 1362 autem,
3203 1299 3650 1368 Acciperemus,

2002 1384 2262 1439 ostendit
2293 1386 2482 1456 ipsam
2515 1392 2691 1442 antea
2720 1387 2904 1442 fuisse
2938 1387 3219 1451 debitam,
3241 1387 3343 1441 sed
3376 1403 3483 1442 nos
3529 1402 3647 1443 non

1998 1474 2261 1544 potuisse
2286 1475 2551 1546 accipere
2574 1482 2815 1548 propter
2840 1478 3055 1531 mentis
3080 1477 3410 1531 infantiam.
3440 1500 3464 1525 (ι
3492 1478 3646 1542 Quo-

1996 1563 2155 1617 niam
2176 1569 2374 1618 autem
2400 1565 2540 1619 estis
2562 1566 2690 1627 ﬁlii,
2718 1573 2828 1620 etc.
2886 1588 2912 1613 ››
2966 1568 3036 1621 Et
3065 1566 3241 1623 unde.
3272 1567 3484 1636 inquit,
3519 1583 3645 1621 ma-

1994 1652 2276 1707 nifestum
2310 1658 2418 1717 est,
2454 1653 2611 1723 quod
2645 1654 3024 1725 adoptionem
3057 1656 3117 1708 in
3154 1655 3306 1709 ﬁlios
3337 1656 3635 1725 acceperi-

1992 1756 2126 1795 mus
2149 1740 2176 1794 ?
2203 1740 2363 1796 Unde
2386 1742 2412 1795 '?
2443 1743 2521 1795 Ex
2554 1741 2872 1812 adOptione
2906 1743 3181 1813 Sipiritus
3213 1743 3310 1813 qui
3338 1744 3646 1797 descendit

230 1832 366 1907 ὅπερ
397 1831 497 1887 οὐκ
527 1830 587 1885 ἃν
614 1831 701 1899 ἦν,
734 1828 778 1881 εἰ
811 1829 885 1902 μὴ
931 1825 1196 1889 υἱοθεσίας
1254 1826 1555 1897 ἡξιώμεθα.
1616 1824 1715 1880 Καί
1768 1825 1868 1881 λοι.

1993 1835 2056 1883 ut
2086 1836 2449 1901 praepararet
2480 1846 2587 1884 nos
2620 1846 2686 1885 ac
2718 1831 2959 1886 doceret
3016 1833 3148 1901 (hoc
3209 1833 3366 1886 enim
3422 1833 3645 1888 indicat

228 1924 333 1978 πὸν
367 1921 573 1996 θάρσει,
609 1921 652 1973 ὥ
684 1916 948 1992 ἄνθρωπε,
1005 1914 1086 1969 ὅτι
1120 1915 1221 1969 οὐκ
1250 1910 1326 1968 ἔτι
1362 1915 1628 1988 ὑπάρχεις
1660 1912 1877 1983 δοῦλος,

224 2010 357 2068 ἀλλ’
391 2012 507 2070 υἱὸς
540 2008 673 2064 Θεοῦ
703 2006 791 2061 καὶ
822 2004 1172 2080 κληρονόμος
1207 2002 1388 2059 αὐτοῦ.
1442 2003 1538 2057 Δια
1598 2001 1694 2057 τοῦ
1724 2004 1877 2077 φύσει

228 2103 363 2157 Υἱοῦ
394 2096 558 2154 αὗτοῦ
600 2096 966 2171 σαρκωθέντος
1023 2094 1112 2148 καὶ
1168 2094 1228 2147 τὸ
1258 2092 1520 2167 ἡμέτερον
1556 2090 1684 2147 ὅλον
1719 2092 1875 2169 φορέ-

229 2211 440 2255 σαντος,
474 2189 576 2243 οὑκ
608 2179 685 2242 ἔτι
718 2186 766 2240 εἶ
792 2182 990 2246 δοῦλος
1025 2182 1113 2237 καὶ
1173 2182 1276 2236 ὑπὸ
1305 2183 1465 2257 ζυγὸν
1521 2181 1621 2236 τοῦ
1678 2183 1871 2253 νόμου.

226 2282 351 2341 Πῶς
393 2277 486 2331 οὗν
530 2277 633 2331 οὐκ
672 2273 873 2329 ἄτοπον
914 2272 1040 2335 τοὺς
1068 2273 1387 2343 γενομὲνους
1419 2270 1567 2332 υἱοὺς
1598 2275 1752 2336 Θεοῦ,
1789 2268 1877 2325 διὰ

226 2389 287 2424 τε
321 2370 558 2443 Χριστοῦ
615 2367 704 2421 καὶ
764 2363 853 2419 δια
919 2363 1254 2433 ΙΙνεῦματος,
1314 2359 1649 2440 ἐπιστρέφειν
1709 2360 1871 2416 πάλιν

227 2458 365 2530 πρὸς
392 2458 483 2511 τὸν
513 2474 682 2527 νομον
713 2476 726 2523 ;
786 2453 889 2509 Καὶ
923 2452 1022 2527 ὅρα
1051 2445 1281 2530 ἔμφασιν
1311 2457 1409 2519 τῆς
1439 2449 1598 2523 ἁγίας
1625 2447 1875 2523 Τριάδος.

228 2546 293 2602 Ὀ
327 2546 512 2619 Πατὴρ
574 2540 907 2613 ἀπεστειλεν,
967 2542 995 2596 ὁ
1078 2541 1202 2602 Υἱὸς
1286 2535 1589 2615 ἔσαρκώθη,
1665 2539 1752 2594 καὶ
1811 2540 1873 2593 τὸ

232 2637 452 2707 Πνεῦμα
509 2636 861 2708 συνήργησεν,
919 2631 947 2685 ’ὁ
1004 2630 1092 2684 καὶ
1154 2628 1228 2690 εἷς
1284 2628 1378 2691 τὰς
1431 2624 1655 2703 καρδίας
1712 2630 1873 2700 ἡμῶν

233 2720 571 2794 ἒπεισελθὸν,
624 2719 865 2777 διδάσκει
925 2718 1125 2793 λέγειν,
1190 2711 1365 2773 ’Λϐϐἆ
1394 2717 1421 2771 ὁ
1454 2718 1662 2790 Πατήρ.
1705 2742 1732 2769 ‹‹
1767 2719 1866 2775 Καὶ

232 2810 579 2888 κληρονόμος
609 2812 742 2868 Θεοῦ
778 2807 868 2866 διὰ
908 2811 1163 2884 Χριστοῦ.
1206 2829 1225 2857 ι
1257 2806 1354 2862 Διὰ
1380 2810 1477 2862 τοῦ
1508 2810 1740 2882 σταυροῦ
1770 2807 1869 2862 αό-

223 2908 342 2959 τοῦ.

287 3166 467 3225 Ἀλλά
525 3167 646 3222 τότε
716 3166 809 3238 μὲν
884 3166 981 3219 οῦκ
1038 3160 1239 3225 εἰδότες
1298 3162 1446 3231 Θεὸν,
1505 3158 1865 3217 ἐδουλεύσατε

213 3264 333 3319 τοῖς
387 3260 463 3329 μή
524 3278 675 3333 φυσει
733 3254 852 3310 οῦσι
910 3257 1052 3315 θεοῖς
1088 3298 1099 3310 .

224 3345 439 3421 μᾶλλον
496 3344 552 3402 ’ὀὶ
609 3346 941 3420 γνωσθέντες
1002 3344 1105 3399 ὑπὸ
1164 3346 1296 3399 Θεοῦ
1331 3385 1345 3410 ,
1417 3346 1535 3403 πῶς
1618 3339 1862 3413 ἐπιπρέο

217 3456 345 3513 φετε
401 3434 566 3487 πάλιν
647 3432 737 3487 ἐπὶ
791 3433 857 3487 τά
931 3432 1123 3499 ἀσθενῆ
1209 3431 1297 3485 καὶ
1352 3429 1551 3505 πτωχᾶ
1595 3434 1863 3503 στοιχεῖα,

211 3524 299 3586 οἷς
384 3522 549 3575 πάλιν
632 3520 836 3576 ἄνωθεν
950 3516 1226 3575 δουλεύειν
1307 3516 1535 3587 θὲλετες
1625 3518 1861 3591 Ἠμέρας

207 3612 635 3685 παρατηρεῖσθε,
691 3609 781 3664 καὶ
843 3614 1017 3679 μῆνας
1054 3650 1068 3674 ,
1119 3606 1211 3661 καὶ
1264 3605 1489 3680 καιροὺς
1540 3607 1629 3662 καὶ
1688 3606 1864 3661 ἐνιαυ-

207 3701 362 3763 τοὺς.
398 3695 688 3772 Φοϐοῦμαι
753 3700 913 3769 ὑμᾶς,
976 3698 1052 3769 μή
1110 3717 1229 3759 πως
1283 3696 1403 3764 εἰκῆ
1457 3695 1755 3753 κεκοπίακα
1784 3695 1861 3759 εἰς

209 3791 377 3864 ὑμᾶς.
410 3788 619 3846 Γίνεσθε
639 3788 712 3853 ὡς
742 3787 870 3862 ἐγὼ,
904 3786 987 3842 ὅτι
1019 3786 1173 3863 κάγὼ
1205 3786 1278 3847 ὡς
1312 3785 1491 3858 ὑμεῖς.

287 3980 430 4050 Πρὸς
456 3978 581 4039 τοὺς
623 3976 673 4047 ἐξ
735 3973 1011 4032 Ἰουδαίων
1063 3971 1395 4047 διαλέγεται,
1457 3970 1666 4034 δεικνὺς
1694 3972 1769 4035 ὡς
1796 3975 1858 4028 τὸ

206 4069 421 4141 ἠμέρας
480 4070 907 4141 παρατηρεῖσθαι
964 4064 1054 4118 καὶ
1108 4064 1281 4135 μῆνας
1338 4061 1428 4117 καὶ
1487 4063 1710 4133 καιροὺς
1767 4062 1857 4116 καὶ

206 4156 487 4218 ἐνιαυτοὺς
541 4154 629 4211 καὶ
689 4156 761 4209 ὧν
822 4153 875 4208 ἐν
911 4152 1131 4225 νόμῳὴ
1164 4153 1566 4225 παρατήρησις,
1627 4149 1858 4205 εἰδωλο-

205 4247 467 4322 λατρείας
514 4245 673 4299 ἐστίν.
732 4240 900 4299 Οὐδὲν
961 4242 1086 4316 γὰρ,
1147 4241 1311 4315 φησὶν
1370 4236 1550 4314 ἕτερον
1605 4242 1853 4312 τοῦτο,ἢ

203 4334 413 4411 σελήνῃ
447 4334 535 4390 καὶ
593 4332 740 4405 ἡλίῳ
796 4336 1113 4406 προσκυνεῖν
1165 4329 1213 4401 ἕξ
1273 4330 1346 4384 ὧν
1399 4330 1453 4384 αὶ
1503 4329 1705 4404 ἡμέραι
1756 4333 1855 4399 τήν

199 4427 584 4500 παρατήρησιν
626 4420 865 4497 ἔχουσιν.
903 4422 997 4475 Ἐκ
1026 4418 1340 4495 περιουσίας
1382 4416 1439 4473 δὲ
1490 4424 1651 4474 τοῦτο
1680 4420 1849 4489 εἶπεν,

202 4516 511 4584 ἀποστῆσαι
541 4518 639 4569 τοῦ
672 4514 846 4585 νόμου
908 4510 1098 4575 θέλων.
1133 4511 1199 4569 Οἱ
1232 4510 1335 4587 γὰρ
1384 4512 1483 4580 τὴν
1544 4515 1849 4585 περιτομήν

1989 1918 2375 1983 Clamantem)
2401 1920 2581 1973 Deum
2600 1936 2803 1975 vocare
2822 1922 3053 1975 Patrem
3072 1921 3248 1991 ;quod
3273 1938 3642 1992 nequaquam

1985 2008 2215 2069 fuisset.
2249 2009 2364 2063 nisi
2397 2009 2777 2081 adoptionem
2839 2010 2899 2064 in
2958 2009 3113 2065 ﬁlios
3172 2013 3627 2082 accepissemus.

1986 2099 2277 2170 Deinceps
2301 2100 2499 2169 itaque
2524 2100 2677 2155 bono
2702 2102 2782 2155 sis
2808 2102 3068 2168 animo,o
3084 2102 3435 2170 homozjam
3471 2104 3630 2157 enim

1986 2203 2104 2243 non
2130 2206 2190 2243 cs
2214 2190 2545 2257 servus,sed
2569 2189 2726 2243 ﬁlius
2778 2191 2876 2245 Dei
2928 2191 3237 2261 hit-resque
3283 2191 3489 2261 ipsius.
3525 2193 3636 2245 Per

1984 2278 2097 2333 hoc
2129 2279 2284 2332 enim
2321 2279 2480 2349 quod
2512 2296 2749 2334 carnem
2784 2281 3107 2351 assumpsit
3131 2281 3416 2335 naturalis
3447 2280 3632 2351 ipsius

1982 2367 2187 2431 Filius,
2219 2383 2285 2422 ac
2308 2366 2599 2438 quidquid
2637 2374 2908 2422 nostrum
2953 2374 3043 2423 est
3083 2369 3355 2441 gustavit,
3388 2385 3509 2423 non
3541 2373 3632 2423 est

1982 2456 2238 2528 amplius
2265 2458 2624 2528 servusjugo
2650 2456 2793 2528 legis
2813 2457 3123 2513 obnoxius.
3175 2460 3263 2511 An
3315 2457 3494 2527 igitur
3526 2457 3631 2511 ab-

1983 2545 2230 2601 surdum
2254 2562 2373 2601 non
2398 2552 2555 2601 esset
2575 2562 2675 2601 eos
2695 2546 2792 2617 qui
2814 2563 2920 2617 per
2942 2546 3238 2600 Christum
3264 2550 3321 2599 et
3365 2562 3471 2617 per
3501 2545 3633 2617 Spi-

1980 2636 2159 2690 ritum
2192 2635 2327 2691 facti
2359 2642 2497 2690 sunt
2524 2636 2652 2701 ﬁlii,
2686 2652 2921 2691 rursum
2947 2636 3019 2691 ad
3045 2635 3235 2709 legem
3271 2635 3528 2690 reverti?
3558 2637 3628 2691 Et

1979 2724 2385 2780 animadverte
2417 2725 2719 2780 Trinitatis
2750 2724 3266 2796 signiﬁcationem.
3293 2726 3465 2779 Pater
3486 2724 3629 2779 emi-

1980 2814 2073 2882 sit,
2108 2815 2290 2870 Filius
2322 2830 2560 2869 carnem
2593 2815 2937 2885 assumpsit,
2965 2815 3216 2885 Spiritus
3274 2819 3622 2887 cooperatus

1979 2908 2087 2972 est,
2121 2904 2221 2976 qui
2253 2904 2312 2958 in
2345 2903 2525 2958 corda
2553 2909 2759 2958 nostra
2790 2903 3110 2972 ingressus,
3143 2903 3316 2958 docet
3366 2919 3476 2958 nos
3539 2904 3622 2958 di-

1977 3010 2132 3061 cere,
2161 2993 2327 3049 Abba
2361 2998 2549 3048 Pater.
2587 3015 2615 3041 ‹‹
2643 2996 2712 3049 Et
2740 2994 2930 3048 hmres
2962 2993 3062 3046 Dei
3095 3010 3201 3064 per
3228 2993 3551 3049 Christum.
3590 3013 3614 3043 ι

1975 3084 2088 3138 Per
2116 3100 2352 3139 crucem
2386 3100 2453 3138 ac
2484 3090 2736 3139 mortem
2768 3084 2974 3157 ipsius.

2046 3174 2335 3240 1V,8-12.«
2352 3174 2461 3229 Sed
2478 3179 2597 3227 tum
2623 3173 2863 3244 quidem
2884 3191 3013 3228 cum
3039 3174 3391 3245 ignoraretis
3410 3173 3616 3241 Deum,

1163 3254 1273 3309 Νῦν
1335 3248 1392 3307 δὲ
1444 3251 1655 3327 γνόντες
1712 3251 1862 3319 Θεὸν,

2046 3224 2068 3227 -
2096 3224 2099 3225 ν
2127 3224 2170 3240 ιν
2218 3224 2231 3226 -
2258 3224 2295 3225 η
2352 3224 2381 3229 τ
2408 3224 2596 3227 τηη-
2630 3224 2863 3244 τ-ν--η-
2889 3224 3013 3228 --τη
3041 3224 3262 3245 νσην-πτ
3289 3224 3387 3228 μη
3416 3224 3441 3227 ν

1981 3286 2006 3314 ι(
2033 3262 2377 3318 serviebatis
2401 3263 2491 3316 his
2515 3262 2614 3334 qui
2639 3268 2850 3317 natura
2878 3278 2994 3316 non
3018 3269 3157 3316 sunt
3208 3262 3309 3317 dii.
3361 3266 3433 3316 At
3459 3278 3619 3316 nunc

1975 3375 2002 3402 ‹‹
2025 3358 2411 3424 posteaquam
2439 3352 2792 3424 cognovistis
2834 3353 3039 3417 Deum,
3076 3352 3217 3421 quin
3245 3352 3440 3421 potius
3482 3368 3618 3406 con-

1976 3463 2004 3491 α
2034 3441 2181 3513 gnili
2215 3441 2357 3496 estis
2381 3458 2415 3496 a
2437 3440 2877 3512 Deo.quomodo
2896 3441 3312 3496 convertimini
3336 3441 3530 3497 denuo
3548 3440 3621 3494 ad

1972 3553 2002 3581 ‹‹
2034 3531 2271 3587 inﬁrma
2289 3537 2347 3585 et
2368 3547 2551 3605 egena
2574 3531 3113 3602 elementa,quibus
3138 3533 3349 3585 iterum
3374 3530 3444 3585 ab
3468 3531 3621 3585 inte-

1970 3644 1998 3671 ‹‹
2031 3638 2132 3695 gro
2168 3622 2382 3676 servire
2409 3621 2777 3676 vultis?Dies
2803 3621 3127 3676 observatis
3181 3626 3239 3675 et
3288 3637 3527 3675 menses
3561 3626 3619 3676 et

1970 3733 1997 3760 ‹‹
2033 3717 2299 3781 tempora
2330 3716 2388 3764 et
2416 3726 2623 3765 annos.
2656 3712 2846 3766 Metuo
2879 3709 2950 3763 de
2978 3709 3143 3764 vobis
3173 3724 3247 3763 ne
3280 3725 3394 3779 quo
3439 3708 3616 3763 modo

1968 3822 1997 3849 ‹‹
2029 3799 2245 3855 frustra
2272 3799 2660 3853 laboraverim
2694 3814 2830 3869 erga
2858 3814 2979 3853 vos.
3016 3799 3212 3851 Estote
3243 3802 3308 3850 ut
3329 3812 3433 3865 ego
3458 3812 3611 3862 sum,

1966 3911 1994 3937 ‹‹
2028 3887 2512 3958 quandoquidem
2539 3894 2599 3941 et
2630 3901 2733 3958 ego
2767 3888 2921 3941 sicut
2950 3902 3073 3940 vos.
3105 3907 3132 3935 »

2035 3976 2329 4030 Adversus
2354 3991 2452 4029 eos
2477 3976 2577 4046 qui
2603 3990 2668 4028 ex
2692 3975 2909 4030 Judwis
2933 3979 3103 4029 erant
3124 3973 3383 4039 disserit,
3409 3978 3611 4027 osten-

1964 4065 2111 4119 dens
2134 4064 2292 4136 quod
2311 4064 2437 4119 dies
2459 4065 2769 4119 observare
2786 4070 3113 4130 etmenses,
3146 4069 3203 4119 et
3232 4068 3520 4134 tempora,
3556 4068 3615 4119 et

1962 4173 2171 4216 annos.
2192 4162 2250 4213 et
2272 4174 2339 4212 ea
2363 4173 2613 4227 quorum
2640 4157 2696 4210 in
2724 4156 2849 4229 lege
2876 4157 3205 4212 observatio
3238 4163 3383 4221 erat,
3420 4156 3610 4212 idolo-

1961 4247 2137 4302 tatria
2169 4251 2276 4302 est.
2304 4247 2421 4301 Hoc
2442 4247 2602 4300 enim
2625 4246 2775 4300 nihil
2808 4244 2971 4300 aliud
3020 4250 3128 4311 est,
3179 4246 3394 4315 inquit.
3429 4262 3607 4315 quam

1962 4337 2148 4391 solem
2180 4352 2247 4391 ac
2279 4336 2479 4391 lunam
2512 4335 2780 4397 adorare,
2812 4352 2883 4390 ex
2914 4335 3128 4406 quibus
3159 4334 3287 4389 dies
3332 4334 3610 4389 observa-

1960 4426 2185 4481 tionem
2210 4425 2537 4480 habent.Ex
2558 4424 2884 4479 abundanti
2914 4431 3110 4480 autem
3150 4424 3261 4479 hoc
3310 4422 3475 4488 dixit,
3510 4438 3609 4480 cu-

1958 4514 2129 4585 piens
2162 4519 2224 4568 ut
2253 4530 2287 4569 a
2318 4513 2443 4585 lege
2476 4512 2869 4567 discederent.
2906 4512 3301 4566 Prmdicantes
3346 4526 3606 4579 namque

197 4607 588 4680 κηρύσσοντες,
620 4601 709 4655 καὶ
760 4602 853 4662 τάς
910 4599 1165 4661 τοιαύτας
1223 4602 1615 4675 ουνεκήρυττον
1674 4621 1850 4671 παρα-

1981 4602 2833 4672 :ircumcisionem,hujusmodi
2847 4602 3021 4656 etiam
3036 4600 3475 4655 observationes
3490 4614 3607 4654 una

199 4697 486 4769 τηρήσεις.
516 4716 544 4743 ‹‹
570 4689 798 4749 Μᾶλλον
824 4687 1212 4762 ὃὲγνωσθὲντες
1246 4688 1350 4745 ὑπὸ
1381 4693 1531 4745 Θεοῦ.
1558 4712 1587 4740 »
1620 4690 1697 4746 Οὐ
1747 4692 1850 4767 γὰρ

205 4784 383 4855 ὑμεῖς,
419 4780 602 4858 φησὶν,
626 4779 811 4851 οἰκείῳ
842 4778 994 4850 πόνῳ
1022 4777 1113 4830 τὸν
1141 4777 1268 4833 Θεὸν
1300 4777 1501 4850 εὕρετε,
1536 4774 1660 4831 ἀλλ’
1690 4777 1851 4839 αὐτὸς

204 4869 261 4927 ἰν
293 4870 470 4944 πλάνῃ
506 4868 812 4941 διάγοντας,
867 4867 1222 4923 ἒπεσπάσατο.
1276 4869 1456 4927 «Πῶς
1508 4862 1851 4943 ἐπιστρέφετε

198 4959 393 5027 πάλιν,
427 4958 553 5031 Περὶ
586 4955 751 5025 ἡλίου
780 4953 946 5011 πάλιν
975 4953 1065 5009 καὶ
1098 4951 1334 5023 σελήνης
1366 4954 1456 5007 καὶ
1488 4953 1695 5028 ἄστρων
1734 4952 1849 5009 δια-

199 5048 440 5123 Λέγεται,
473 5050 523 5117 ἐξ
557 5048 629 5101 ὢν
660 5047 713 5099 αἱ
746 5049 852 5100 τῶν
908 5044 1132 5117 ἡμερῶν
1176 5044 1599 5117 παρατηρήσεις.
1646 5044 1850 5118 Πτωχᾶ

200 5137 262 5195 δὲ
290 5138 380 5193 καὶ
414 5138 607 5203 ἀσθενῆ
636 5134 771 5189 αὐτὰ
798 5131 978 5197 καλεῖ,
1011 5132 1085 5192 ὡς
1148 5128 1419 5203 μηδεμίαν
1469 5132 1629 5206 ὶσχὺν
1688 5126 1845 5206 ἔχον-

197 5250 288 5287 τα.
326 5224 549 5294 Πολλὴν
583 5222 641 5279 ὂὶ
692 5224 777 5291 τὸ,
842 5219 1036 5291 Πάλιν,
1097 5216 1327 5297 ἔμφασιν
1390 5220 1528 5297 ἔχει·
1583 5222 1718 5295 μετά
1746 5223 1847 5291 τὴν

195 5316 471 5381 υἱοθεσίαν
506 5361 519 5380 ,
570 5312 729 5393 φησὶ,
787 5311 874 5366 καὶ
939 5312 1001 5367 τὸ
1059 5317 1367 5385 γνωσθῆναι
1429 5309 1532 5367 ὑπὸ
1591 5316 1743 5367 Θεοῦ.
1779 5344 1847 5355 -—

196 5407 466 5485 [KYPLL
524 5399 1073 5472 OIKOI’MbN'OI‘.]
1149 5404 1407 5474 Στοιχεῖα
1464 5398 1675 5471 κόσμου
1711 5444 1724 5470 ,
1781 5402 1848 5455 τά

195 5496 365 5571 μόρια
395 5498 491 5548 τοῦ
530 5492 728 5551 παντὸς
788 5490 1021 5561 κόσμου.
1087 5490 1308 5551 Ἀσθενῆ
1344 5488 1434 5543 καὶ
1467 5490 1667 5563 πτωχὰ
1713 5488 1846 5543 αὐτὰ

188 5584 375 5651 καλεῖ,
403 5582 465 5637 οὐ
500 5579 589 5636 διὰ
637 5580 736 5647 τὴν
762 5577 1035 5633 εὐτέλειαν
1066 5578 1267 5632 αὐτῶν.
1328 5578 1419 5649 (Τί
1449 5579 1552 5652 γὰρ
1610 5577 1843 5653 οὐρανοῦ

194 5676 295 5735 καὶ
320 5681 422 5752 γῆς
484 5667 1055 5748 μεγαλοπρεπέστερον
1088 5686 1103 5741 ς
1136 5667 1199 5722 Τί
1231 5664 1288 5722 δὶ
1317 5666 1481 5739 ἡλίου
1538 5666 1627 5725 καὶ
1685 5666 1843 5741 σελή-

1961 4692 2381 4764 praadicabant.
2419 4716 2445 4742 ‹‹
2480 4692 2631 4757 Quin
2664 4692 2859 4762 potius
2890 4690 3106 4761 cogniti
3138 4690 3280 4744 estis
3325 4706 3359 4745 a
3397 4692 3537 4745 Deo.
3572 4711 3600 4738 η

1958 4782 2083 4836 Νοη
2117 4782 2275 4836 enim
2309 4798 2427 4843 vos,
2462 4781 2678 4850 inquit,
2710 4780 2945 4850 proprio
2977 4779 3178 4834 labore
3212 4780 3391 4834 Deum
3442 4781 3601 4836 nacti

1961 4870 2123 4935 estis,
2149 4870 2560 4940 750s‘edipse
2577 4869 2748 4922 vosin
2782 4884 2980 4923 errore
3012 4869 3291 4937 degentes
3331 4870 3604 4925 attraxit?

1962 4981 1989 5009 «
2023 4960 2323 5024 Quomodo
2347 4960 2756 5014 convertimini
2783 4959 2976 5012 denuo
2995 4959 3022 5009 *Ι
3049 4981 3075 5005 ››
3101 4959 3180 5013 De
3203 4960 3349 5023 sole,
3374 4961 3517 5015 luna
3546 4967 3607 5016 et

1960 5050 2134 5103 astris
2166 5048 2426 5116 disserit,
2451 5066 2483 5104 a
2506 5047 2719 5119 quibus
2752 5054 2921 5102 erant
2958 5047 3199 5113 dierum
3247 5048 3606 5103 observatio-

1958 5153 2084 5194 nes.
2114 5140 2307 5210 Egena
2330 5145 2525 5193 autem
2551 5138 2866 5192 etinﬁrma
2887 5137 3149 5207 appellat
3196 5137 3342 5208 ipsa,
3378 5146 3442 5192 ut
3474 5155 3605 5209 quae

1958 5228 2185 5283 nullam
2210 5227 2794 5299 habentpotentiam.
2822 5226 2983 5290 Quod
3011 5232 3207 5280 autem
3228 5227 3311 5280 ait
3332 5227 3535 5282 Denuo
3549 5232 3607 5282 et

1959 5319 2235 5381 Rursum,
2267 5317 2513 5371 multam
2549 5316 2727 5371 habet
2757 5315 3087 5385 emphasim
3115 5331 3127 5369 :
3154 5317 3293 5369 Post
3334 5316 3603 5387 adoptio-

1956 5423 2113 5471 nem,
2144 5407 2355 5476 inquit,
2392 5412 2447 5458 et
2478 5410 2791 5475 postquam
2822 5420 2855 5457 a
2889 5404 3003 5457 Deo
3036 5405 3252 5476 cogniti
3311 5406 3471 5461 estis.
3534 5436 3600 5447 —

1956 5496 2263 5550 Elementa
2293 5495 2498 5550 mundi
2527 5500 2696 5549 vocat
2727 5494 3046 5565 particulas
3081 5496 3256 5549 totius
3313 5496 3595 5553 universi.

1953 5585 2193 5639 Inﬁrma
2216 5590 2272 5637 et
2292 5600 2475 5655 egena
2496 5583 3042 5654 ipsaappellat,non
3069 5586 3597 5655 propterabjectio—

1952 5689 2090 5732 nem
2114 5674 2395 5745 ipsorum.
2419 5672 2567 5738 Quid
2584 5672 2741 5729 enim
2769 5672 2915 5727 ccelo
2941 5688 3006 5728 ac
3028 5678 3185 5728 terra
3209 5672 3591 5744 magnificen-
