4048 6250
263 376 416 438 1141

1333 381 1743 441 COMMENT.
1795 380 1868 439 IN
1915 377 2155 439 EPIST.
2204 376 2310 435 AD
2354 373 2634 436 GALAT.

3521 383 3678 443 1162

256 511 460 583 αὐτῶν,
519 512 606 569 καὶ
663 513 754 570 τὸν
814 512 902 571 ἐπὶ
960 513 1130 589 ταύτῃ
1201 513 1568 590 μακαρισμόν.
1643 512 1742 577 Τίς
1795 514 1862 584 ἦν

2036 511 2289 568 salutem
2306 515 2560 567 vestram
2577 510 2806 567 faciunt
2828 511 2855 566 ?
2877 534 2904 563 «
2928 511 3068 578 Quae
3094 512 3276 586 igitur
3295 520 3424 570 erat
3444 515 3472 572 ?
3493 539 3522 568 ››
3536 519 3674 584 Quae

253 601 481 662 Ἠλῖκος
510 604 598 670 ἦν,
647 604 802 679 φησὶ,
863 605 1197 678 θαυμαστός.
1251 603 1480 662 Ἣλίκου
1563 606 1910 678 μακαρισμοῦ

259 693 557 764 ἐξεπὲσατετ
592 697 658 750 Ἥ
707 697 822 750 κατ’
871 693 1159 770 ἐρώτησιν.
1221 697 1314 759 Τίς
1345 698 1410 766 ἦν
1447 716 1461 764 ;
1497 693 1910 767 Ἀναμνήσθητὲ

260 809 418 864 φησι,
452 787 532 848 τίς
561 788 628 855 ἦν
662 789 688 840 ὁ
725 788 1071 862 μακαρισμὸς
1127 787 1296 861 ὑμῶν.
1359 787 1488 841 Λίαν
1546 786 1650 860 γὰρ
1708 783 1908 857 ἐμακά-

259 884 434 951 ριζον.
470 879 581 932 Νῦν
617 875 672 932 δὲ
700 877 752 930 τί
786 896 799 943 ;
832 875 1070 954 ἐλέγχω.
1108 877 1204 932 Διὰ
1260 881 1421 930 τοῦτο
1465 879 1751 948 μισοῦμαι.
1811 873 1908 930 Διά

258 965 314 1020 τί
345 963 402 1021 δὲ
433 963 646 1040 ἐλέγχω
682 985 695 1034 ;
730 967 826 1021 Διά
845 968 942 1032 τήν
989 965 1259 1039 σωτηρίαν
1295 965 1464 1035 ὑμῶν.
1515 963 1664 1019 Ἐπεὶ
1721 963 1767 1017 εί
1827 964 1903 1034 μὴ

253 1059 418 1108 τοῦτο
474 1055 563 1123 ἧν,
623 1060 740 1116 πῶς
800 1051 859 1108 ἐίν
923 1052 1192 1126 μηδεμίαν
1276 1053 1455 1124 ἄλλην
1511 1053 1902 1128 παρασχόντων

253 1142 524 1216 πρόσασιν
567 1142 742 1216 ὑμῶν,
807 1144 834 1196 ὁ
892 1140 1124 1198 ἐπαινῶν
1193 1143 1282 1198 καὶ
1345 1141 1651 1217 μακαρίζων
1709 1141 1784 1203 εἷς
1842 1141 1904 1194 τὸ

253 1231 435 1305 ψέγειν
467 1229 680 1300 ἦλθον;
728 1256 754 1283 ‹‹
815 1236 867 1287 Ὀ
929 1233 1275 1304 μακαρισμὸς
1328 1232 1504 1302 ὑμῶν,
1565 1256 1585 1280 ιι
1649 1231 1745 1290 Τίς
1811 1231 1902 1300 ἦν,

254 1320 440 1397 φησὶν,
475 1320 501 1373 ὁ
564 1320 906 1393 μακαρισμὸς
971 1321 1143 1392 ὑμῶν,
1203 1320 1260 1374 ’ὀν
1315 1318 1421 1394 ἐγώ
1478 1340 1536 1374 τε
1591 1319 1677 1374 καὶ
1727 1314 1902 1394 ἕτεροι

245 1407 451 1464 πολλοὶ
511 1408 841 1483 ἐμακάριζον
904 1410 1064 1480 ὑμᾶς,
1124 1408 1209 1463 ἐπὶ
1275 1413 1344 1482 τῇ
1407 1409 1620 1481 ὑπακοῇ
1688 1408 1776 1464 καὶ
1831 1412 1900 1482 τῇ

249 1496 498 1574 ὑποταγῇ
527 1502 623 1552 τοῦ
662 1498 999 1575 Εὐαγγελίου
1038 1519 1051 1569 ;
1084 1497 1177 1560 Τίς
1218 1499 1308 1552 οὖν
1341 1499 1406 1567 ἦν
1443 1517 1456 1566 ;
1490 1496 1640 1575 φησὶ,
1673 1501 1764 1551 νῦν
1799 1497 1900 1571 γάρ

251 1586 357 1640 οὐχ
391 1586 498 1661 ὁρῶ
529 1585 710 1642 αὐτόν.
748 1591 880 1654 Ποῦ,
912 1587 1066 1662 φησὶ,
1111 1587 1178 1642 τά
1236 1587 1460 1656 ζηλωτὰ
1509 1593 1609 1656 τῆς
1667 1585 1902 1644 πίστεως

243 1676 644 1749 κατορθώματα
678 1696 692 1745 ;
724 1677 786 1730 τὸ
815 1677 917 1750 γάρ
945 1677 1052 1744 τίς,
1105 1674 1224 1731 ἀντὶ
1282 1679 1403 1746 τοῦ,
1464 1679 1589 1747 ποῦ,
1648 1673 1898 1730 τέθεικεν.

247 1788 268 1815 ι
303 1767 424 1821 Ὅτι
456 1766 584 1826 τοὺς
615 1765 935 1842 ὀφθαλμοὺς
968 1766 1139 1839 ὑμῶν.
1179 1791 1200 1820 ι

2021 608 2170 658 erat.
2197 619 2316 657 non
2344 602 2764 674 interrogantis
2789 607 2896 667 est,
2929 602 3031 657 sed
3053 604 3213 658 velut
3233 605 3583 663 admirantis
3617 615 3675 666 et

2020 693 2362 748 extollentis
2393 709 2544 758 eam,
2578 709 2707 762 qua:
2741 709 2900 747 nunc
2931 699 3076 753 erat,
3111 695 3286 749 ﬁdem
3323 697 3675 767 ipsorum,et

2018 784 2327 854 praemium
2363 783 2448 836 illi
2485 783 2831 854 repositum.
2867 783 3005 846 Quae
3059 790 3200 840 erat.
3263 794 3484 855 quanta
3522 795 3668 857 erat,

2019 872 2622 942 admiranda,inquit:
2647 887 2680 925 a
2703 879 2924 942 quanta
2945 872 3308 927 beatitudine
3342 877 3664 934 excidistis.

2016 962 2783 1034 Autperinterrogationem
2816 964 3093 1027 Qumnam
3113 965 3665 1035 erat?Memeutole,

2017 1052 2098 1106 ait
2126 1060 2346 1123 quanta
2368 1052 2544 1106 fuerit
2568 1051 2870 1106 beatitudo
2894 1060 3085 1108 vostra
3113 1055 3473 1125 :plm-imum
3508 1060 3665 1114 enim

2015 1141 2427 1197 beatificabam
2457 1158 2469 1194 :
2495 1157 2655 1196 nunc
2687 1148 2883 1196 autem
2916 1143 3102 1214 quid?
3126 1146 3384 1216 increpo.
3426 1154 3667 1220 propte-

2014 1245 2116 1285 rea
2145 1229 2278 1285 odio
2298 1230 2522 1285 habeor
2553 1231 2740 1295 Quare
2759 1239 2949 1285 autem
2978 1233 3219 1303 increpo
3240 1234 3268 1288 ?
3290 1237 3536 1307 Propter
3565 1253 3664 1292 sa-

2015 1318 2200 1375 lutem
2228 1325 2500 1374 vestram.
2524 1321 3014 1391 Quandoquidem
3039 1321 3154 1376 nisi
3192 1322 3304 1378 hoc
3332 1331 3509 1385 esset.
3545 1343 3661 1396 quo

2013 1408 2189 1463 modo
2213 1409 2438 1464 nullam
2462 1410 2640 1464 aliam
2661 1411 3034 1465 occasionem
3052 1413 3215 1466 vobis
3236 1414 3660 1484 praebentibus,

2014 1498 2112 1566 qui
2139 1497 2452 1553 laudabam
2467 1514 2533 1554 ac
2548 1499 2750 1553 beatos
2782 1500 3200 1571 prmdicabam,
3225 1503 3298 1556 ad
3319 1503 3658 1576 vituperan-

2013 1585 2154 1641 dum
2187 1586 2672 1643 descendissem?
2698 1611 2726 1638 «
2747 1589 3056 1646 Beatitudo
3079 1596 3325 1647 vestra.»
3350 1594 3487 1657 Quae
3509 1598 3656 1662 erat,

2013 1675 2228 1746 inquit,
2261 1676 2565 1733 beatitudo
2615 1683 2828 1744 vestra,
2887 1695 3004 1750 qua
3049 1695 3152 1752 ego
3211 1681 3432 1754 aliique
3484 1685 3655 1738 multi

2016 1764 2424 1821 beatiﬁcamus
2444 1783 2546 1821 vos
2568 1773 2809 1838 propter
2829 1767 3228 1824 obedientiam
3244 1787 3310 1824 ac
3333 1771 3656 1842 subjectio-

238 1873 380 1914 nem
413 1858 760 1929 Evangelii?
789 1859 1070 1924 Quaenam
1101 1859 1280 1930 igitur
1310 1861 1458 1924 erat,
1490 1856 1727 1928 inquit?
1752 1872 1911 1911 nunc
1943 1855 2102 1910 enim
2132 1855 2319 1926 ipsam
2353 1873 2475 1912 non
2507 1857 2704 1912 video:
2737 1857 2836 1912 ubi
2872 1857 3153 1929 praeclara
3185 1860 3322 1915 ﬁdei
3345 1862 3653 1919 facinora?

235 1962 379 2002 nam
405 1945 509 2015 τίς,
542 1948 602 2002 id
635 1953 743 2013 est,
775 1965 904 2018 qua:
937 1965 1041 2020 pro
1074 1949 1171 2004 ubi
1209 1948 1425 2019 posuit.
1461 1968 1488 1997 ‹‹
1523 1946 1735 2002 Oculos
1762 1950 1988 2000 vestros
2013 1945 2278 1999 effossos.
2316 1966 2344 1994 ››

305 2031 459 2101 Οἶδα,
495 2036 681 2109 φησὶν,
717 2033 800 2088 ὅτι
868 2037 974 2088 τῶν
1006 2032 1307 2111 ὀρθαλμών
1366 2034 1517 2106 ὑμῶν
1564 2031 1886 2106 τιμιώτερόν

2079 2033 2229 2089 752
2259 2033 2792 2104 Scio.inquit,quod
2817 2034 2958 2088 olim
2983 2037 3240 2107 propriis
3284 2038 3474 2093 oculis
3519 2040 3654 2094 cha-

236 2147 305 2197 με
336 2126 556 2196 ἡγεῖσθε
587 2119 678 2177 διὰ
704 2124 764 2177 τὸ
827 2125 1091 2200 κηρυγμα
1142 2122 1334 2182 πάλαι,
1399 2146 1427 2174 ‹‹
1484 2124 1647 2176 Ὥστε
1697 2119 1892 2196 ἐ7.ορὸς

236 2215 391 2288 ὑμῶν
454 2213 669 2290 γέγονα.
712 2235 738 2262 »ι
809 2213 1055 2295 Ἄλλην,
1111 2211 1296 2290 φησὶν,
1358 2213 1458 2267 οὐκ
1515 2209 1634 2266 οἶδα
1692 2205 1892 2285 ἔχθρας

237 2304 439 2367 αἶτίαν,
489 2304 523 2372 ἢ
581 2302 662 2357 ὅτι
717 2303 784 2358 τά
841 2301 1021 2371 ἀληθῆ
1086 2302 1212 2375 ὑμῖν
1269 2302 1359 2357 καὶ
1424 2303 1558 2377 πρὸς
1617 2302 1889 2375 σωτηρίαν

237 2393 439 2468 ἂγοντα
497 2389 846 2467 παραδίδωμι
908 2391 1175 2465 δόγματα,
1236 2389 1307 2447 δι’
1364 2391 1399 2446 ὀί
1448 2391 1538 2447 καὶ
1596 2389 1892 2462 ἐπαυξῆσαι

239 2485 381 2556 ὑμᾶς
410 2478 518 2537 ἔδει
546 2483 644 2550 τήν
694 2481 828 2556 πρὸς
891 2483 957 2555 μὶ
994 2481 1203 2556 ἀγάπην
1264 2505 1292 2534 ι(
1329 2479 1603 2550 Ζηλοῦσιν
1665 2481 1887 2552 huic.»

241 2569 352 2628 Οὐκ
381 2569 464 2625 ἐπ’
493 2569 703 2644 ἄγαθῷ,
735 2569 890 2646 φησὶ,
949 2571 1046 2640 τήν
1103 2569 1272 2638 αὐτὴν
1333 2569 1460 2642 ὑμῖν
1521 2567 1599 2631 εἷς
1653 2568 1887 2640 Χριστὸν

247 2658 427 2715 πίστιν
483 2657 835 2728 ἀσπάζονται,
895 2655 1022 2714 ἀλλ’
1069 2658 1158 2712 ἳνα
1222 2657 1362 2731 ὑμᾶς
1410 2656 1612 2726 ταύτης
1678 2655 1887 2712 ἐκκλεί-

241 2767 448 2812 σαντες,
479 2748 682 2810 ὶαυτοῖς
716 2747 1076 2802 ἀναπείσωσιν
1111 2744 1361 2816 ἕπεσθαι,
1424 2745 1507 2802 ὅτι
1566 2747 1702 2821 πρὸς
1765 2747 1890 2819 ὑμε-

239 2838 398 2912 τέραν
456 2837 660 2908 ἀπάτην
725 2839 786 2892 τὸ
861 2841 1107 2893 τοιοῦτον
1192 2837 1377 2900 αὐτοῖς
1469 2837 1884 2916 μεμηχάνηται.

238 2952 267 2979 ‹‹
304 2926 379 2986 Οό
403 2925 608 2990 καλῶς.
639 2950 667 2979 τι
710 2927 865 2984 Ἔστι
903 2927 1004 3002 γάρ
1046 2926 1138 2981 καὶ
1201 2926 1370 2996 ζῆλος
1427 2928 1618 2994 καλὸς,
1647 2925 1774 2980 ὅταν
1803 2946 1886 2987 τις

235 3015 381 3072 οὓτω
437 3017 625 3086 ζηλοῖ,
683 3013 823 3072 ὥστε
884 3017 1231 3088 μιμήσασθαι
1285 3017 1385 3085 τήν
1453 3016 1671 3090 ἀρετήν.
1731 3019 1886 3071 ’Ἐστι

231 3105 323 3161 καὶ
359 3105 526 3174 ζῆλος
554 3105 742 3173 κακὸς,
774 3104 899 3159 ὅταν
925 3126 1010 3168 τις
1059 3102 1204 3159 οὕτω
1266 3102 1449 3174 ζηλοῖ,
1501 3105 1574 3166 ὡς
1632 3099 1882 3159 ἐκϐαλεῖν

228 3201 333 3261 τῆς
377 3193 572 3268 ἀρετῆς
625 3195 715 3250 τὸν
763 3193 1028 3266 ἐνάρετον.
1089 3216 1119 3246 ct
1179 3191 1354 3250 Ἀλλά
1409 3190 1680 3248 ἐκκλεῖσαι
1745 3193 1883 3264 ὑμᾶς

227 3283 498 3341 θέλουσιν.
536 3308 563 3334 »ι
596 3283 951 3339 Ἀποκλεῖται
985 3283 1147 3354 ὑμᾶς,
1199 3283 1383 3359 φησὶν,
1438 3282 1524 3336 καὶ
1581 3281 1880 3356 ἀπαγαγεῖν

223 3380 332 3443 τῆς
383 3371 625 3444 ἀληθοῦς
679 3375 933 3448 γνώσεως
1006 3369 1257 3426 θέλουσιν
1306 3369 1402 3426 ’ίνα
1474 3371 1667 3427 λοιπὸν
1727 3371 1880 3425 αὐτοὶ

225 3462 383 3534 by.th
417 3459 708 3537 γενόμενοι
753 3459 1096 3526 διδάσκαλοι,
1155 3463 1290 3534 πρὸς
1348 3462 1438 3515 τὸν
1495 3459 1651 3515 αὐτὸν
1713 3460 1879 3528 ζῆλον

227 3552 322 3607 καὶ
352 3555 455 3620 τήν
491 3553 725 3624 μίμησιν
758 3551 1028 3626 ἀγάγωσιν
1063 3552 1220 3624 ὑμᾶς.
1256 3551 1352 3605 Διά
1397 3555 1559 3606 τοῦτο
1615 3551 1880 3625 ἀπάγουσι

233 3642 329 3712 μὲν
369 3641 509 3712 ὑμᾶς
539 3647 639 3710 τῆς
669 3639 912 3712 ἀληθοῦς
942 3639 1219 3715 γνώσεως,
1254 3640 1472 3717 φέρουσι
1515 3637 1574 3694 δὲ.
1598 3641 1732 3714 πρὸς
1788 3640 1878 3694 τὸν

225 3730 420 3802 νόμον.

302 3816 486 3874 Καλὸν
545 3814 603 3873 δὶ
661 3818 723 3872 τὸ
788 3815 1085 3888 ζηλοῦσθαι
1157 3815 1208 3871 ἐν
1263 3814 1420 3889 καλῷ
1480 3817 1734 3885 πάντοτε,
1791 3818 1883 3872 καὶ

230 3909 308 3984 μή
345 3909 509 3981 μόνον
555 3906 612 3962 ἐν
668 3913 749 3980 τῷ
802 3905 1054 3982 παρεῖναί
1124 3929 1190 3980 με
1256 3908 1395 3982 πρὸς
1454 3908 1614 3980 ὑμᾶς.
1690 3909 1883 3964 Τεκνία

241 4018 348 4070 μου
373 3995 464 4059 οὕς
516 3997 681 4056 πάλιν
738 3994 942 4067 ὠδίνω,
1001 3995 1164 4076 ἄχρις
1224 3996 1286 4052 οὗ
1347 3999 1612 4075 μορφωθῇ
1648 3999 1879 4072 Χριστὸς

238 4085 294 4142 ἐν
349 4087 495 4158 ὑμῖν.
557 4085 789 4151 Ἠηελον
871 4085 926 4142 δὲ
983 4091 1232 4161 παρεῖναι
1314 4086 1450 4160 πρὸς
1537 4085 1676 4158 ὑμᾶς
1737 4083 1878 4162 ἄρτι,

237 4175 331 4232 καὶ
391 4173 620 4248 ἀλλάξαι
703 4178 804 4245 τήν
864 4177 1048 4252 φωνήν
1114 4197 1240 4248 μου,
1301 4174 1382 4230 ὅτι
1469 4173 1778 4250 ἀποροῦμαι
1830 4174 1881 4229 ἐν

231 4265 383 4338 ὑμῖν.

306 4353 570 4411 Βούλεται
605 4352 772 4427 δεῖξαι
803 4353 888 4411 δτι
919 4355 1067 4408 οὗτοι
1109 4354 1162 4408 οἱ
1219 4351 1308 4408 νῦν
1366 4351 1753 4428 ἀνατρέποντες
1782 4355 1879 4409 αὐ-

228 4443 380 4512 τοὺς,
412 4445 501 4500 καί
531 4449 629 4499 τοῦ
678 4445 852 4517 νόμου
909 4438 1128 4519 ἔχεσθαι
1187 4443 1634 4517 παραπείθοντες,
1664 4443 1753 4498 καὶ
1823 4443 1883 4497 ἐκ

227 4534 432 4590 τούτου
461 4534 957 4609 παρασκευάζοντες
987 4532 1187 4595 αὐτοὺς
1245 4531 1500 4604 ζηλωτὰς
1543 4534 1644 4587 καὶ
1707 4554 1879 4607 μιμη-

229 4623 324 4684 1i:
372 4624 546 4678 αὐτῶν
606 4621 870 4701 γενέσθαι,
934 4622 1166 4693 ἐζήλουν
1227 4621 1421 4685 αὐτοὺς
1479 4620 1649 4677 πάλαι
1697 4621 1751 4676 ἐν
1807 4627 1876 4695 τῇ

233 4712 430 4789 γνώσει
456 4717 552 4767 τοῦ
613 4711 972 4790 Εὐαγγελίου,
1035 4711 1123 4767 ὅτε
1179 4712 1364 4786 παρὼν
1410 4711 1544 4780 πρὸς
1599 4711 1792 4773 αὐτοὺς
1848 4714 1876 4766 ὁ

2008 2121 2224 2176 riorem
2259 2139 2353 2176 me
2385 2122 2693 2178 ducebatis
2722 2130 2963 2196 propter
2995 2125 3392 2198 Evangelium.
3420 2152 3445 2176 ‹‹
3474 2129 3656 2199 Igitur

2004 2209 2286 2265 inimicus
2317 2211 2481 2265 vobis
2513 2212 2700 2265 factus
2735 2228 2865 2266 sum
2921 2233 2948 2261 ››
2985 2213 3197 2280 Aliam,
3260 2216 3473 2286 inquit.
3535 2234 3654 2273 non

2002 2299 2171 2353 video
2191 2299 2310 2354 odii
2336 2314 2781 2369 causam.quam
2809 2301 2963 2370 quod
2997 2319 3130 2355 vera
3171 2303 3332 2359 vobis
3375 2310 3432 2360 et
3463 2305 3534 2359 ad
3567 2324 3654 2362 sa-

2002 2387 2186 2442 lutem
2211 2389 2489 2444 ducentia
2512 2390 2739 2448 tradam
2763 2390 3449 2464 dogmata,propterqua3
3471 2397 3652 2451 etiam

2002 2477 2322 2549 adaugeret
2376 2494 2478 2532 vos
2534 2478 2916 2534 dilectionem
2973 2496 3113 2551 erga
3170 2499 3264 2536 me
3319 2484 3647 2554 Oportebat.

2001 2591 2030 2619 «
2061 2571 2435 2627 AEmulantur
2451 2588 2572 2625 vos.
2600 2592 2627 2620 »
2650 2572 2777 2626 Non
2819 2571 2893 2627 ad
2939 2571 3183 2638 bonum,
3218 2575 3432 2644 inquit,
3467 2576 3648 2633 finem

2001 2659 2271 2715 eamdem
2285 2659 2588 2715 vobiscum
2606 2659 2784 2716 fidem
2804 2661 2864 2715 in
2881 2661 3173 2717 Christum
3187 2664 3646 2735 amplectuntur:

2000 2749 2100 2804 sed
2117 2749 2437 2804 utvobisab
2458 2749 2861 2818 hacexclusis,
2897 2767 2958 2806 se
3003 2753 3170 2821 sequi
3212 2753 3646 2822 persuadeant:

2000 2839 2140 2909 quia
2156 2838 2229 2893 ad
2252 2838 2427 2893 vestri
2454 2837 2743 2893 duntaxat
2761 2839 3174 2911 deceptionem
3196 2841 3649 2910 bujusmodires

1997 2927 2235 2999 abipsis
2255 2928 2580 2999 excogitata
2605 2933 2712 2982 est.
2745 2929 2914 2983 «Non
2941 2934 3118 2983 recte.
3174 2951 3202 2979 »
3253 2931 3352 2984 Est
3399 2931 3556 2986 enim
3593 2937 3652 2989 et

1998 3024 2194 3072 rectus
2223 3017 2380 3071 zelus
2414 3016 2649 3086 quando
2675 3018 2808 3087 quis
2829 3018 2911 3072 ita
2938 3018 3272 3084 aemulatur,
3296 3026 3362 3074 ut
3385 3020 3651 3076 imitetur

1996 3106 2292 3161 virtutem.
2328 3108 2426 3160 Est
2457 3111 2514 3159 et
2542 3106 2698 3161 zelus
2735 3107 2925 3161 malus
2957 3106 3058 3162 ubi
3092 3109 3224 3178 quis
3259 3108 3342 3163 ila
3398 3111 3644 3166 mmula-

1995 3203 2110 3265 tur,
2138 3205 2203 3251 ut
2231 3197 2482 3269 probum
2514 3197 2726 3252 virtute
2759 3198 3020 3266 dejiciat.
3077 3219 3106 3248 «
3160 3199 3271 3254 Sed
3330 3201 3645 3258 excludere

1995 3304 2094 3344 vos
2121 3288 2342 3344 volunt.
2379 3309 2405 3337 »
2439 3287 2786 3352 Excludere,
2819 3289 3033 3358 inquit,
3064 3295 3122 3343 et
3153 3289 3444 3344 abducere
3479 3308 3577 3345 vos
3607 3307 3643 3347 ο,

1993 3394 2130 3432 vera
2161 3377 2496 3450 cognitione
2529 3377 2814 3448 cupiunt:
2841 3384 3122 3450 utpostea
3150 3381 3340 3434 effecti
3375 3380 3661 3452 magistri.

1994 3468 2168 3522 vestri
2202 3467 2275 3522 ad
2308 3466 2577 3521 eamdem
2638 3467 3080 3523 aemulationem
3139 3475 3198 3524 et
3241 3469 3636 3526 imitationem

1990 3574 2090 3611 vos
2119 3557 2418 3613 adducant
2450 3573 2462 3610 :
2499 3562 2811 3628 propterea
2863 3573 2962 3613 vos
3017 3574 3051 3613 a
3106 3574 3242 3614 vera
3299 3561 3634 3633 cognitione

1991 3645 2315 3713 abducunt,
2344 3650 2402 3700 et
2431 3645 2504 3700 ad
2536 3645 2726 3720 legem
2758 3646 3016 3702 fuerunt.

2062 3824 2150 3890 IV,
2185 3823 2368 3876 18-20.
2406 3844 2432 3871 ‹‹
2467 3822 2695 3877 Bonum
2728 3826 2818 3876 est
2843 3826 3042 3878 autem
3071 3822 3336 3878 aemulari
3371 3823 3432 3878 in
3457 3840 3518 3880 re
3536 3823 3640 3880 ho-

1993 3933 2020 3962 «
2052 3927 2130 3965 na
2159 3927 2412 3983 semper,
2473 3916 2531 3964 et
2581 3927 2702 3965 non
2762 3910 2955 3965 solum
3016 3927 3149 3966 cum
3195 3928 3460 3982 prmsens
3501 3930 3634 3969 sum

1993 4022 2018 4046 ‹‹
2053 3999 2210 4070 apud
2241 4016 2358 4054 vos.
2395 3999 2587 4054 Filioli
2620 3999 2734 4054 mei
2770 4016 2918 4070 quos
2951 4000 3168 4055 iterum
3223 4002 3487 4072 parturio
3536 4003 3636 4059 do-

1991 4112 2019 4140 ‹‹
2054 4105 2164 4144 nec
2202 4089 2491 4144 formetur
2519 4088 2784 4144 Christus
2814 4089 2874 4144 in
2916 4089 3100 4145 vobis.
3157 4090 3380 4146 Vellem
3438 4098 3652 4156 autem,

1995 4200 2018 4231 ι
2052 4177 2259 4235 adesse
2290 4178 2445 4250 apud
2478 4195 2576 4232 vos
2609 4194 2766 4233 nunc
2798 4183 2856 4232 et
2883 4186 3112 4234 mutare
3162 4196 3365 4236 vocem
3418 4199 3635 4249 meam,

1996 4293 2015 4319 ι
2054 4268 2336 4340 quoniam
2367 4269 2537 4340 inops
2567 4265 2798 4324 consilii
2834 4284 2966 4324 sum
3001 4268 3060 4323 in
3092 4269 3279 4326 vobis.
3310 4291 3340 4320 »

2061 4357 2198 4414 Vult
2218 4357 2532 4412 ostendere
2555 4356 2712 4427 quod
2735 4357 2832 4412 isti
2855 4375 3013 4412 nunc
3037 4358 3193 4429 ipsos
3210 4364 3634 4430 pervertentes,

1992 4452 2050 4501 et
2079 4447 2197 4519 legi
2214 4446 2518 4502 adhaerere
2542 4447 2879 4509 suadentes,
2915 4452 2972 4502 et
3016 4464 3085 4502 ex
3131 4448 3243 4503 hoc
3278 4448 3513 4504 efficere
3545 4466 3648 4522 co-_

1991 4542 2201 4591 nantes
2230 4536 2320 4590 sui
2349 4535 2725 4590 aemulatores
2756 4551 2823 4590 ac
2871 4535 3219 4601 imitatores,
3278 4537 3421 4592 olim
3473 4538 3635 4608 ipsos

1989 4625 2424 4681 azmulabantur
2453 4625 2515 4680 in
2545 4624 2818 4679 doctrina
2849 4631 2905 4679 et
2937 4627 3271 4696 cognitione
3313 4629 3634 4701 Evangelii,

1988 4731 2122 4771 cum
2145 4731 2407 4786 praasens
2429 4713 2585 4785 apud
2606 4730 2708 4769 eos
2730 4713 2969 4769 doceret
2992 4716 3226 4770 Paulus.
3247 4717 3470 4774 Bonum
3501 4735 3636 4792 ergo

236 4800 456 4865 Παῦλος
486 4798 750 4855 ἐδίδασκε.
786 4800 964 4857 Καλὸν
1022 4801 1115 4854 οῦν
1168 4799 1302 4868 ἐστι,
1338 4800 1494 4876 φησὶ,
1523 4801 1586 4855 τὸ
1630 4801 1705 4873 μὴ
1778 4801 1880 4872 μό-

2003 4809 2098 4867 est,
2132 4804 2344 4874 inquit,
2377 4819 2496 4857 non
2527 4801 2717 4857 solum
2748 4802 2811 4856 in
2847 4805 3165 4873 praisentia
3219 4822 3370 4868 mea,
3429 4806 3532 4862 sed
3578 4811 3637 4862 et

223 4911 312 4946 νον
348 4888 398 4944 ἐν
432 4893 499 4962 τῇ
531 4888 798 4963 παρουσίᾳ
832 4910 956 4960 μου.
992 4887 1138 4943 ἀλλά
1166 4889 1254 4943 καὶ
1288 4892 1516 4944 πάντοτε
1573 4889 1658 4943 ἐπὶ
1719 4887 1875 4960 καλῷ

228 4979 548 5050 ζηλοῦσθαι.
637 4979 878 5033 Δείκνυσι
931 4975 989 5032 δὲ
1057 4975 1146 5032 διά
1218 4979 1317 5045 τὴν
1387 4977 1650 5032 ἀπουσίαν
1708 4977 1874 5033 αὐτοῦ

226 5061 622 5140 ἀπάτηοέντας.
680 5091 701 5120 ι
761 5067 947 5126 Τεκνία
992 5089 1118 5141 μου.
1175 5092 1202 5119 ››
1255 5067 1318 5124 Εἰ
1367 5069 1455 5122 καὶ
1515 5065 1872 5146 διεφθείρατε,

229 5159 514 5239 eno-1,11,»:
547 5160 761 5235 μορφὴν
812 5157 1045 5229 Χριστοῦ
1101 5155 1190 5211 καὶ
1245 5159 1344 5226 τὴν
1405 5156 1584 5212 εἰκόνα
1636 5158 1735 5225 τήν
1794 5155 1884 5249 ἐς*

234 5249 384 5320 ὑμῖν,
419 5247 570 5322 ὅμως
601 5243 676 5304 ἔτι
717 5247 896 5304 τεκνία
931 5245 1036 5318 μού
1069 5245 1205 5302 ἐστε.
1264 5246 1458 5302 Τεκνία
1511 5244 1588 5319 δὲ,
1621 5248 1775 5325 φησὶ,
1807 5243 1873 5303 τὰ

228 5339 395 5412 μικρά
424 5339 514 5393 καὶ
546 5339 831 5414 ἀγέννητα,
864 5339 898 5407 ἢ
930 5331 1294 5410 ἆμὸλωθὲντα
1350 5337 1551 5412 βρέφη,
1605 5337 1694 5390 καὶ
1750 5359 1870 5410 γεν-

227 5430 431 5496 νήσεως
459 5423 613 5500 ἐνόεῇ
670 5426 766 5482 Διά
803 5431 964 5481 τοῦτο
997 5425 1095 5479 οὐκ
1120 5425 1258 5490 εἶπε,
1288 5425 1462 5491 τὲκνα,
1518 5423 1662 5479 ἀλλά
1690 5427 1870 5481 τεκνία

225 5539 412 5591 μουίι(
441 5519 643 5596 ’¹Αχρις
675 5518 735 5570 οὗ
771 5518 1038 5592 μορφωθῇ
1073 5516 1304 5590 Χριστὸς
1341 5515 1392 5569 ἐν
1427 5515 1619 5586 ὑμῖν.»

292 5606 650 5682 Διεφθείρκτε,
683 5607 836 5684 φησὶ,
877 5605 975 5674 τήν
1023 5603 1102 5679 ἐφ’
1161 5604 1288 5677 ὑμῖν
1350 5602 1532 5658 εἱιόνα
1585 5607 1682 5658 τοῦ
1733 5609 1868 5676 Χρι-

227 5700 375 5767 στοῦ,
408 5695 475 5769 ἣν
507 5697 606 5767 ἦτε
637 5690 974 5770 ἐνδεδυμένοι
1007 5690 1095 5750 διὰ
1137 5691 1237 5752 τοῦ
1284 5693 1681 5770 βαπτίσματος.
1712 5695 1868 5753 Ὅσοι

1989 4909 2244 4964 semper,
2269 4893 2331 4946 in
2354 4908 2420 4946 eo
2446 4892 2602 4962 quod
2649 4892 2870 4946 bonum
2912 4897 3002 4947 est
3048 4895 3335 4950 aemulari.
3366 4897 3638 4952 Ostendit

1988 4988 2184 5037 autem
2210 4987 2451 5053 propter
2473 4981 2561 5035 sui
2585 4981 2917 5035 absentiam
2937 4981 3119 5036 fuisse
3144 4984 3437 5039 seductos.
3473 5007 3498 5034 α
3541 4987 3636 5040 Fi-

1987 5072 2109 5126 lioli
2137 5071 2274 5125 mei.
2301 5092 2328 5120 »
2347 5059 2696 5141 Quanquam
2719 5071 3124 5142 corruperitis,
3153 5072 3365 5143 inquit,
3382 5074 3632 5130 formam

1984 5159 2598 5230 Christietimaginem
2615 5175 2744 5228 quae
2760 5165 2887 5213 erat
2927 5159 2986 5212 in
3014 5159 3194 5221 vobis,
3221 5167 3417 5216 tamen
3439 5162 3634 5219 adhuc

1987 5248 2150 5303 ﬁlioli
2185 5249 2299 5303 mei
2333 5248 2495 5303 estis.
2529 5247 2768 5302 Filiolos
2825 5252 3024 5302 autem
3076 5248 3220 5302 dicit
3274 5250 3521 5320 pusillos
3579 5257 3638 5308 et

1984 5338 2239 5394 necdum
2272 5337 2334 5392 in
2366 5336 2559 5390 lucem
2589 5336 2798 5403 editos,
2832 5341 2934 5391 aut
2963 5336 3220 5392 infantes
3242 5337 3536 5396 abortivos
3568 5347 3626 5397 et

1981 5427 2360 5498 generatione
2393 5431 2650 5497 egentes.
2680 5427 2998 5495 Propterea
3027 5443 3147 5480 non
3178 5426 3326 5482 dixit
3368 5428 3494 5496 filii,
3530 5432 3633 5488 sed

1983 5516 2154 5570 tilioli
2193 5517 2326 5570 mei.
2361 5538 2386 5564 ‹‹
2428 5517 2620 5570 Donec
2644 5514 2932 5569 formetur
2961 5515 3227 5570 Christus
3259 5518 3319 5572 in
3351 5519 3532 5576 vobis.
3595 5544 3624 5570 ››

2066 5606 2215 5662 758
2247 5605 2626 5675 Corrupistis,
2660 5604 2877 5674 inquit,
2928 5605 3246 5677 imaginem
3301 5608 3513 5662 Christi
3565 5611 3628 5666 in

1980 5694 2166 5764 vobis,
2200 5710 2319 5768 qua
2349 5694 2538 5749 induti
2575 5693 2752 5750 eratis
2780 5695 2839 5748 in
2889 5694 3181 5767 baptismo
3240 5699 3405 5769 (Nam
3463 5706 3632 5772 quot-
