4072 6266
291 350 446 413 1149

1287 352 1699 414 COMMENT.
1747 353 1827 414 IN
1875 352 2121 415 EPIST.
2157 354 2211 415 Π
2246 358 2348 417 AD
2394 357 2680 418 GALAT.

3550 353 3703 415 1150

290 484 372 543 δεῖ
399 492 497 544 τοῦ
527 507 700 560 νομου
757 484 1019 569 ἔχεσθαις
1061 486 1159 548 Διᾶ
1206 488 1269 544 τὸ
1315 488 1444 552 τοὺς
1493 488 1575 545 ἐπ’
1632 485 1779 562 αὖτῷ
1839 506 1935 545 πε-

2054 503 2203 559 rere,
2237 506 2374 549 cum
2433 492 2606 565 ejecti
2666 491 2787 549 sint
2843 488 2943 563 qui
3002 487 3111 546 sub
3167 488 3309 562 ipsa
3355 486 3704 546 obedientes

289 580 551 642 ποιθότας
586 574 951 648 ἐκϐεϐλῆσθαι
979 598 993 648 ;
1025 577 1169 635 Ἰδοὺ
1211 579 1303 633 οῦν
1353 578 1445 633 καὶ
1499 579 1638 646 αὗτὴ
1672 581 1706 647 ἡ
1736 576 1943 633 παλαιὰ

289 672 360 739 τῇ
394 665 619 741 δυνάμει
651 663 1038 724 συνεϐούλευσε
1082 669 1158 740 μὴ
1213 665 1432 747 ἔχεσθαι
1487 671 1583 721 τοῦ
1624 666 1819 739 νύμου,
1863 670 1944 738 τῷ

291 753 542 813 ἐκϐαλεῖν
600 759 726 819 τοὺς
781 757 959 831 τούτῳ
1020 760 1171 831 μόνῳ
1258 763 1631 831 στοιχοῦντας,
1690 756 1943 813 τουτέστι

287 844 768 907 τοῦςίουδαίους.
806 846 870 903 Εἶ’
897 848 999 922 γὰρ
1059 848 1134 910 εἰς
1193 846 1275 901 ἀεὶ
1333 846 1504 925 ἐχρῆν
1565 853 1804 922 στοιχεῖν
1862 851 1942 917 τῷ

288 937 444 1009 νόμῳ
471 936 562 990 καὶ
592 940 660 1009 τῇ
688 937 918 1006 παλαιᾷ,
978 936 1075 992 οὐκ
1131 935 1191 990 ἄν
1250 931 1516 1006 ἐξεϐλήθη
1581 936 1674 1008 μὲν
1703 939 1738 1005 ἡ
1768 940 1940 1009 Ἅγαρ

288 1026 381 1080 καὶ
419 1027 446 1080 ὁ
504 1030 631 1086 παῖς
692 1026 885 1093 αὐτῆς,
945 1024 999 1079 οἳ
1056 1026 1193 1094 ἦσαν
1248 1024 1416 1086 τύπος
1470 1029 1577 1078 τῶν
1639 1022 1939 1080 Ἰουδαίων.

294 1115 479 1175 Μόνος
512 1111 569 1169 δὲ
606 1112 1053 1189 ἐκληρονόμησεν
1103 1115 1302 1183 Ἰσαὰκ,
1364 1115 1421 1176 ὅς
1475 1114 1541 1183 ἦν
1606 1114 1776 1175 τύπος
1831 1118 1939 1167 τῶν

288 1208 368 1274 τῷ
420 1208 632 1278 Χριστῷ
690 1205 1143 1259 πεπιστευκότων.
1206 1204 1309 1261 Καὶ
1367 1204 1555 1269 πάλιν,
1625 1203 1686 1259 ού
1737 1200 1827 1257 διὰ
1880 1202 1942 1258 τὸ

291 1289 509 1346 διώκειν
542 1293 702 1363 μόνον
732 1287 1081 1362 ἐκϐεϐληται,
1127 1292 1255 1347 ἀλλ’
1309 1292 1397 1346 ἳνα
1453 1292 1543 1347 καὶ
1597 1293 1673 1366 μή
1716 1291 1941 1364 γένηται

288 1383 553 1443 κοινωνὸς
616 1386 715 1456 τῇς
770 1380 1166 1456 κληρονομίας.
1227 1405 1255 1433 ››
1311 1386 1476 1455 "Aper,
1530 1378 1782 1455 ἀδελφοὶ,
1843 1377 1941 1435 οῦκ

291 1471 453 1543 ἔσμεν
532 1469 823 1540 παιδίσκης
911 1473 1067 1526 τὲκνα
1136 1496 1163 1523 ‹‹
1235 1471 1297 1526 Εἰ
1362 1470 1543 1527 τοίνυν
1614 1471 1713 1525 ούκ
1779 1470 1935 1543 ἐσμὲν

290 1557 585 1629 παιδίσκης
611 1559 788 1628 τέκνα,
823 1583 851 1610 η
885 1557 1009 1615 οὐδὲ
1041 1558 1256 1625 δοῦλοι,
1290 1565 1407 1621 πῶς
1437 1565 1505 1635 τῇ
1565 1557 1790 1631 δουλείᾳ
1841 1564 1937 1616 τοῦ

291 1649 462 1720 νόμου
521 1649 744 1710 ἑαυτοὺς
804 1643 1238 1721 ὑποϐαλλομενς
1293 1648 1406 1703 ωὐκ
1464 1648 1620 1722 ἐσμὶν
1682 1646 1761 1714 δὲ,
1820 1648 1933 1704 ἐπεὶ

293 1739 436 1809 μήτε
482 1739 640 1810 ἡμῶν
704 1737 869 1798 τύπος
899 1739 934 1805 ἡ
964 1742 1158 1811 Ἀγαρ,
1216 1734 1345 1791 ἀλλ’
1400 1734 1696 1793 Ἰουδαίων.
1748 1742 1934 1809 Ἠμῶν

2054 580 2271 635 erant?
2295 582 2439 637 Ecce
2465 582 2655 653 ipsum
2686 581 2862 635 etiam
2892 582 3065 635 Vetus
3096 580 3564 633 Instrumentum
3600 595 3707 634 sua

2055 667 2128 722 sit
2158 669 2218 723 in
2250 670 2461 726 virtute
2498 671 2605 742 legi
2640 669 3065 725 adhaerendum
3099 685 3220 722 non
3254 684 3402 732 esse,
3438 684 3542 737 per
3588 668 3701 723 hoc

2053 758 2209 827 quod
2224 759 2395 829 ejecti
2416 760 2533 813 sint
2559 761 2617 814 hi
2642 760 2740 831 qui
2766 759 2871 813 soli
2899 758 3034 813 huic
3053 758 3699 827 assentiebantnempe

2049 848 2253 903 Judaei.
2295 849 2348 903 Si
2382 850 2542 903 enim
2572 849 2933 919 oportuisset
2976 864 3211 918 semper
3260 848 3533 901 assentiri
3586 846 3699 918 legi

2052 957 2119 995 ac
2150 942 2339 995 Veteri
2372 944 2766 1005 Testamento,
2827 958 3203 1013 nequaquam
3258 941 3443 1011 ejecta
3491 940 3703 993 fuisset

2050 1031 2204 1100 Agar
2232 1046 2365 1085 cum
2418 1030 2537 1085 filio
2586 1047 2709 1090 suo.
2768 1033 2868 1100 qui
2929 1037 3057 1084 erat
3111 1035 3287 1099 typus
3335 1029 3700 1095 Iudaeorum,

2053 1118 2178 1173 solo
2208 1120 2370 1174 Isaac
2401 1119 2806 1174 hazreditatem
2838 1119 3167 1189 accipiente
3191 1119 3289 1190 qui
3349 1123 3477 1172 erat
3528 1123 3698 1188 typus

2050 1208 2281 1265 Christo
2314 1207 2705 1263 credentium.
2741 1210 2808 1262 Et
2842 1225 3074 1263 rursum
3108 1224 3226 1263 non
3268 1206 3341 1262 ob
3397 1207 3455 1261 id
3502 1208 3697 1262 solum

2050 1298 2275 1366 ejectus
2306 1303 2396 1352 est
2434 1297 2590 1368 quod
2649 1297 3123 1368 persecutionem
3176 1295 3442 1356 referret,
3492 1312 3697 1351 verum

2049 1390 2231 1444 eriam
2292 1405 2365 1444 ne
2425 1390 2719 1461 particeps
2778 1390 2947 1444 fieret
2998 1387 3380 1443 hmreditatis.
3430 1408 3457 1436 «
3494 1390 3695 1458 Itaque

2046 1477 2260 1534 fratres
2294 1495 2414 1533 non
2448 1496 2650 1534 sumus
2682 1479 2916 1534 ancillae
2948 1477 3072 1534 ﬁlii.
3108 1501 3132 1525 ››
3164 1478 3218 1531 Si
3254 1493 3388 1545 ergo
3422 1493 3538 1530 non
3599 1494 3697 1531 su-

2048 1584 2180 1621 mus
2210 1568 2443 1623 ancilla:
2477 1568 2584 1623 filii
2618 1584 2811 1639 neque
2861 1567 3030 1627 servi,
3085 1567 3381 1639 quomodo
3433 1566 3698 1622 servituti

2048 1656 2194 1729 legis
2216 1674 2325 1712 nos
2352 1657 2512 1728 ipsos
2536 1656 2926 1727 subjicimus?
2956 1658 3077 1711 Non
3095 1673 3300 1710 sumus
3325 1655 3701 1727 autem,quia

2048 1746 2234 1802 nostri
2270 1747 2454 1819 ﬁgura
2486 1763 2602 1801 non
2636 1752 2762 1801 erat
2812 1750 2984 1818 Agar,
3020 1745 3122 1799 sed
3161 1745 3519 1800 Judmorum.
3554 1746 3699 1821 Nam

289 1824 395 1898 γὰρ
423 1826 457 1892 ἡ
496 1824 677 1898 Σάῥρα
731 1824 923 1885 τύπος.
990 1850 1008 1873 α
1044 1827 1123 1895 Τῇ
1176 1822 1454 1897 ἐλευθερίᾳ
1493 1823 1584 1879 οῦν
1619 1824 1655 1899 ᾖ
1696 1828 1935 1899 Χριστὸς

2054 1837 2195 1894 Sara
2216 1852 2326 1890 nos
2350 1834 2655 1907 figurabat.
2686 1856 2711 1882 «
2746 1835 2809 1888 In
2838 1835 3111 1888 libertate
3135 1850 3250 1904 qua
3282 1834 3548 1888 Christus
3579 1848 3698 1888 non

287 1916 439 1986 ἡμᾶς
497 1910 889 1985 ἠλευθέρωσεν.
942 1933 966 1963 ιι
1029 1913 1089 1970 '0
1141 1912 1311 1983 νόμος
1369 1909 1723 1981 κατεδούλου,
1756 1915 1782 1966 ὁ
1815 1915 1940 1987 Χρι-

290 2002 415 2061 στὸς
447 2003 594 2073 ἡμᾶς
626 2002 993 2072 ἠκεδθέρωσεν
1057 1999 1118 2055 ἐκ
1172 2008 1271 2070 νῆς
1303 2002 1537 2073 κατάρας
1584 2006 1681 2055 τοῦ
1739 2002 1935 2075 νόμου,

290 2095 382 2145 Δεῖ
415 2087 530 2158 οῦν,
566 2092 751 2168 φησὶν,
785 2090 1001 2145 ἒστέναι
1032 2089 1082 2143 ἐν
1142 2094 1211 2164 τῇ
1268 2090 1370 2144 ὑπὸ
1430 2095 1662 2161 Χριστοῦ
1720 2086 1935 2164 δοθείσῃ

286 2178 585 2253 ἐλευθερίᾳ.
654 2179 727 2234 Τὸ
785 2175 843 2232 δὲ
921 2180 1176 2249 Στήκετε,
1265 2177 1659 2251 σαλευομένους
1746 2176 1936 2249 δηλοῖ.

287 2292 318 2321 (ι
354 2269 454 2325 Καὶ
506 2269 582 2341 μὴ
643 2267 810 2323 πάλιν
878 2273 1047 2346 ζυγῷ.
1108 2293 1135 2318 ››
1194 2269 1291 2337 Τὸ,
1346 2268 1531 2335 πάλιν,
1591 2268 1937 2338 ἀναισθησίαν

288 2357 465 2413 αὐτῶν
499 2355 684 2428 δηλοῖ.
719 2358 882 2433 Ζυγὸν
914 2356 971 2412 δὲ
1000 2358 1189 2426 εἰπὼν,
1232 2357 1292 2413 τὸ
1350 2357 1484 2434 βαρῦ
1538 2364 1638 2426 τῆς
1691 2355 1941 2418 δουλείας

289 2447 523 2507 δείιινυσι
550 2455 648 2505 τοῦ
676 2450 870 2523 νόμου.

935 2565 1196 2621 ΚΕΦΑΛ.
1237 2562 1294 2619 I'.

286 2654 476 2721 Ὅτιὴ
535 2650 731 2722 κλῆσις
793 2654 953 2725 ἡμζῦν
1014 2650 1127 2725 οὐχ
1181 2649 1461 2725 ὑπόκειται
1518 2654 1791 2725 περιτομῇ
1852 2650 1942 2707 καί

688 2673 731 2713 ις
793 2670 953 2724 ημων
1014 2670 1074 2706 ου
1181 2670 1461 2707 υποκιιται
1518 2671 1537 2705 1

688 2726 844 2797 νόμῳ
877 2721 966 2777 διὰ
994 2723 1055 2777 τὸ
1081 2670 1320 2797 λ’ριστοῦ
1347 2723 1537 2785 πάθος.

364 2838 463 2898 Ἰδὶ
535 2840 641 2915 ἐγὼ
718 2839 933 2904 Παῦλος
1011 2839 1160 2917 λέγω
1250 2841 1404 2914 ὑμῖν,
1481 2843 1563 2897 ὅτι
1655 2842 1742 2898 ὲὲιν
1843 2861 1941 2896 πε-

291 2932 635 3005 ριτέμνησθε,
742 2931 970 3005 Χριστὸς
1106 2931 1244 3001 ὑμᾶς
1379 2928 1538 2986 οὐδὲν
1640 2929 1938 3011 ὠφελήσει.

288 3020 649 3093 Μαρτύρομαι
727 3016 784 3075 δὲ
872 3016 1039 3073 πάλιν
1142 3018 1302 3074 παντὶ
1406 3020 1681 3093 ἀνθρώπῳ
1782 3039 1940 3096 περι-

283 3109 631 3180 τεμνομένῳ,
734 3107 817 3163 ὅτι
922 3106 1210 3187 ὀφειλέτης
1316 3106 1454 3165 ἐστῖν
1596 3107 1724 3165 ὅλον
1844 3110 1934 3164 τὸν

2048 1923 2336 1979 liberavit.
2372 1945 2398 1971 η
2437 1924 2544 1978 Lex
2575 1923 2837 1978 servituti
2874 1923 3244 1991 subjiciebat.
3297 1923 3564 1977 Christus
3596 1938 3702 1976 au-

2050 2017 2169 2068 tem
2201 2012 2272 2067 ab
2304 2012 2712 2067 exsecratione
2771 2011 2915 2082 legis
2960 2028 3069 2065 nos
3122 2010 3413 2065 liberuvit.
3462 2012 3704 2081 Oportet

2050 2102 2250 2173 itaque
2278 2108 2432 2156 stare
2465 2102 2525 2155 in
2558 2100 2828 2154 libertate
2861 2117 2894 2154 a
2922 2100 3150 2153 (hristo
3185 2099 3339 2153 data.
3373 2099 3586 2154 Dicens
3609 2115 3706 2153 au-

2050 2197 2192 2253 tem,
2227 2190 2406 2252 State,
2438 2188 2660 2243 indicat
2691 2205 2790 2243 eos
2820 2187 3189 2242 vacillantes.
3226 2210 3250 2233 »
3284 2188 3353 2240 Et
3392 2204 3465 2241 ne
3498 2202 3705 2240 rursus

2044 2279 2208 2352 jugo.
2247 2299 2269 2329 »
2304 2281 2527 2333 Rursus
2559 2278 2854 2349 significat
2886 2277 3123 2331 illorum
3159 2275 3705 2332 insensibilitatem.

2050 2369 2233 2424 Porro
2264 2367 2517 2424 dicendo
2541 2367 2774 2440 jugum,
2807 2366 3105 2438 signiﬁcat
3133 2366 3479 2439 gravitatem
3514 2365 3703 2419 servi-

2052 2455 2194 2513 tutis
2225 2454 2390 2527 legis.

2051 2663 2210 2729 Quod
2236 2664 2412 2719 nostri
2467 2659 2680 2716 vacatio
2736 2660 2980 2729 subjecta
3028 2675 3138 2715 non
3193 2661 3264 2713 sit
3303 2659 3704 2716 circumcisioni

2354 2748 2417 2787 ac
2457 2731 2567 2802 legi
2592 2738 2822 2803 propter
2848 2730 3054 2787 Christi
3075 2733 3405 2801 passionem.

2126 2850 2275 2908 758
2308 2851 2372 2920 V,
2402 2850 2515 2904 1-8.
2555 2871 2575 2897 ι
2613 2848 2757 2904 Ecce
2791 2864 2894 2919 ego
2924 2846 3143 2903 Paulus
3167 2845 3296 2901 dico
3328 2843 3516 2910 vobis,
3542 2847 3699 2916 quod

2059 2963 2083 2993 ι
2117 2940 2163 2996 si
2196 2937 2729 3004 circumcidamiui,
2762 2937 3027 2993 Christus
3049 2935 3211 2990 vobis
3235 2934 3385 2990 nihil
3414 2933 3697 3005 proderit.

2053 3056 2078 3081 ι(
2115 3031 2425 3085 Contestor
2454 3036 2648 3086 autem
2684 3044 2921 3084 omnem
2958 3026 3260 3083 hominem
3292 3027 3389 3097 qui
3446 3026 3704 3081 circum-

2055 3141 2079 3172 α
2114 3119 2348 3181 ciditur,
2383 3118 2541 3188 quod
2574 3117 2815 3171 debitor
2841 3118 2913 3171 sit
2942 3116 3122 3171 totius
3155 3114 3300 3186 legis
3359 3114 3659 3170 servandas
3687 3130 3700 3169 :

283 3198 452 3268 νόμον
515 3204 760 3266 ποιῆσαι.
851 3198 1251 3271 Κατηργτςθητε
1337 3198 1444 3254 ἀπὸ
1509 3203 1605 3253 τοῦ
1677 3200 1935 3272 Χριστοῦ.

2054 3231 2079 3258 ‹‹
2117 3208 2293 3263 soluti
2326 3208 2468 3264 estis
2499 3224 2533 3261 a
2563 3207 2814 3271 Christo,
2849 3206 3188 3276 quicunque
3221 3220 3325 3274 per
3355 3204 3544 3275 legem
3572 3204 3701 3269 jus-

285 3287 496 3347 Οἳτινες
571 3284 623 3341 ἐν
696 3286 851 3359 νόμῳ
926 3285 1015 3339 καὶ
1093 3283 1428 3353 δικαιοῦσθε,
1533 3294 1633 3354 τῆς
1709 3288 1936 3363 χάριτος

286 3373 576 3447 ἱξεπὲσετε.
626 3376 819 3447 Ἡμεῖς
894 3376 998 3450 γὰρ
1074 3376 1337 3447 πνεύματι
1413 3375 1470 3430 ἐκ
1542 3376 1774 3439 πίστεως
1852 3375 1939 3434 ὲλο

285 3462 417 3519 πίδα
521 3461 868 3533 δικαιοσύνης
944 3462 1380 3540 ἀπεκδεχόμεθα.
1456 3467 1547 3521 Ἐν
1622 3466 1723 3544 γαρ
1803 3470 1940 3543 Χριο

287 3558 397 3626 στῷ
456 3554 637 3623 Ἰησοῦ
706 3548 828 3608 οὔτε
885 3555 1161 3629 περιτομή
1218 3576 1269 3609 τι
1331 3553 1533 3629 ἰσχύει,
1593 3553 1720 3612 υῦτε
1775 3558 1940 3621 ἀκρο-

286 3637 498 3710 ϐυστία,
577 3640 723 3697 ἀλλᾶ
798 3642 979 3704 πίστις
1075 3638 1144 3697 δι’
1246 3643 1461 3716 ἀγάπης
1556 3644 1937 3722 ἐνεργουμένη,

285 3730 577 3806 Ἐτρέχετε
641 3730 849 3798 καλῶς,
924 3731 1007 3793 τίς
1077 3731 1217 3804 ὑμᾶς
1282 3732 1513 3809 ἀνὲκοψε
1576 3740 1644 3811 τῇ
1712 3734 1945 3809 ἀληθείᾳ

290 3822 368 3896 μὴ
430 3820 744 3889 mimihi;
816 3819 882 3875 Ἡ
940 3822 1208 3894 πεισμονή
1274 3821 1372 3877 οὐκ
1430 3822 1488 3877 ἐκ
1545 3822 1641 3879 τοῦ
1697 3824 1940 3882 καλοῦν-

286 3931 382 3972 τος
418 3910 577 3981 ὑμᾶς.

352 4025 377 4050 ‹‹
414 3996 513 4054 Ἰδὲ
541 3995 651 4076 ἐγὼ
684 3994 933 4059 Παῦλος.
967 4022 995 4050 »ι
1029 4000 1111 4071 Τῇ
1154 3999 1461 4072 ἀξιοπιστίᾳ
1498 4006 1595 4055 τοῦ
1648 4000 1941 4075 ὀνόματος,

287 4088 407 4144 ἀντὶ
464 4087 639 4156 πάσης
696 4084 1023 4157 ἀποδεῖξεως
1079 4085 1381 4164 ἐχεήσατο.
1449 4102 1468 4138 ἀ
1511 4091 1741 4163 Χριστὸς
1800 4092 1939 4163 ὑμᾶς

291 4172 447 4231 οὐδὲν
477 4173 773 4253 ὠφελήσει.
810 4200 838 4227 ››
874 4176 971 4233 Διά
996 4178 1083 4238 τίς
1138 4176 1218 4232 ὅτι
1250 4178 1278 4232 ὁ
1306 4179 1792 4253 περιτεμνόμενυς,
1843 4177 1940 4251 δῆ-

290 4266 387 4322 λον
419 4266 491 4329 ὡς
521 4268 618 4334 τήν
652 4269 751 4320 τοῦ
783 4268 1016 4340 Χριστοῦ
1046 4266 1209 4342 χάριν
1240 4266 1523 4341 ἰξουοενεῖ,
1587 4269 1693 4324 ὑπὸ
1747 4267 1803 4325 δὲ
1844 4274 1943 4326 τοῦ

285 4355 461 4428 νόμου
522 4356 786 4425 σώζεσθαι
844 4360 1106 4412 πιστεύει.
1165 4356 1269 4414 Τὸν
1327 4358 1417 4412 οῦν
1482 4359 1557 4432 μὴ
1620 4357 1943 4415 πιστεύοντα

287 4447 510 4521 Χριστῷ
542 4441 665 4500 οὔτε
697 4443 858 4507 αύτὸς
883 4440 1070 4501 ἕλοιτο
1137 4444 1441 4522 ὠφελῆσαι.
1496 4471 1517 4501 a
1555 4449 1677 4505 *Οτι
1729 4448 1940 4525 ὀφειλὲο

286 4554 388 4603 της
421 4533 560 4589 ἐστὶν
594 4533 723 4589 ὃλον
751 4534 844 4587 τὸν
874 4534 1043 4606 νόμον
1075 4541 1322 4602 ποιῆσαι.
1360 4560 1386 4586 ››
1421 4537 1563 4610 Πρὸς
1592 4542 1670 4609 τῷ
1723 4537 1939 4609 μηκέτι,

2055 3320 2081 3347 ‹‹
2118 3296 2445 3354 tiﬁcamini.
2480 3313 2516 3352 a
2544 3295 2731 3368 gratia
2756 3295 3081 3350 excidistis.
3118 3299 3229 3348 Nos
3280 3294 3439 3349 enim
3492 3292 3706 3363 spiritu

2054 3408 2082 3437 ‹‹
2116 3404 2185 3442 ex
2244 3386 2360 3442 ﬁde
2420 3402 2583 3457 spem
2635 3385 2885 3453 justitim
2946 3388 3378 3453 exspectamus.
3441 3384 3582 3437 Nam
3643 3382 3705 3437 in

2056 3498 2080 3528 α
2114 3476 2342 3532 Christo
2374 3476 2508 3531 Jesu
2541 3490 2735 3545 neque
2767 3473 3141 3530 circumcisio
3173 3472 3497 3545 quidquam
3529 3471 3704 3538 valet,

2056 3591 2082 3618 (ι
2117 3582 2308 3638 neque
2340 3562 2723 3640 prazputium!
2754 3562 2858 3617 sed
2883 3563 3028 3619 fides
3050 3580 3179 3631 qua:
3206 3578 3309 3632 per
3325 3560 3706 3615 dilectionem

2055 3680 2082 3707 «
2115 3661 2414 3727 oreretur.
2448 3652 2789 3710 Currebatis
2820 3652 2993 3718 bene,
3044 3652 3179 3722 quis
3226 3666 3325 3705 vos
3380 3649 3706 3721 impedivit,

2055 3771 2081 3798 ι(
2115 3753 2181 3803 ut
2210 3762 2329 3801 non
2361 3742 2681 3801 crederetis
2714 3740 2990 3797 veritati?
3019 3756 3233 3813 nempe
3256 3739 3562 3811 persuasio
3585 3754 3707 3793 non

2053 3858 2081 3887 «
2115 3852 2189 3893 ex
2218 3851 2287 3891 eo
2316 3833 2579 3905 profecto
2612 3831 2713 3903 qui
2744 3830 2989 3885 vocabat
3020 3845 3141 3885 vos.

2126 4025 2153 4053 «
2188 4004 2333 4058 Ecce
2379 4017 2484 4073 ego
2516 4000 2754 4056 Paulus.
2794 4020 2821 4048 ››
2873 3996 3139 4054 Nominis
3186 3995 3278 4051 sui
3328 3994 3701 4061 auctoritate,

2052 4093 2182 4149 loco
2210 4091 2469 4160 cujusvis
2502 4086 3026 4145 demonstrationis
3053 4102 3197 4140 usus
3228 4090 3339 4139 est.
3377 4106 3405 4133 ‹‹
3439 4084 3705 4140 Christus

2053 4181 2219 4236 vobis
2250 4180 2401 4235 nihil
2434 4178 2715 4251 proderit.
2752 4201 2778 4227 ››
2811 4174 3204 4242 Quamobrem
3228 4174 3255 4230 ‘2
3304 4174 3452 4239 Quia
3505 4174 3553 4228 is
3603 4174 3705 4245 qui

2053 4266 2838 4327 circumciditur.manifeste
2855 4265 3082 4322 videtur
3095 4270 3475 4320 contemnere
3489 4263 3705 4318 Christi

2050 4360 2320 4434 gratiam,
2357 4358 2607 4415 credens
2640 4372 2699 4412 se
2733 4373 2767 4411 a
2798 4356 2924 4429 lege
2984 4354 3208 4409 salvum
3266 4352 3550 4408 futurum.
3594 4353 3703 4416 Qui

2052 4468 2189 4525 ergo
2221 4451 2448 4506 Christo
2481 4465 2601 4503 non
2629 4446 2991 4517 credit,ipse‘
3020 4444 3091 4499 ab
3124 4459 3191 4498 eo
3226 4442 3436 4498 salvari
3460 4458 3577 4496 non
3602 4458 3704 4512 po-

2052 4547 2186 4598 test.
2221 4560 2251 4590 »
2283 4538 2450 4606 Quod
2481 4536 2711 4594 debitor
2760 4536 2835 4591 sit
2882 4535 3066 4590 totius
3119 4533 3263 4602 legis
3315 4531 3636 4587 servandm.
3672 4552 3703 4580 ν)

288 4624 443 4702 φησῗ,
481 4621 649 4694 μηδὲν
687 4625 833 4695 παρὰ
887 4604 1126 4697 Χριστοῦ
1183 4604 1536 4702 ὠφελεῖσθαι,
1780 4604 1939 4707 χαλεξ

2054 4634 2274 4687 Praeter
2309 4604 2464 4693 'hoc,
2524 4626 2737 4697 inquit.
2798 4623 2954 4696 quod
3013 4624 3074 4677 in
3136 4621 3302 4677 nullo
3361 4622 3707 4691 inventura

286 4714 532 4787 πώτερον
570 4713 779 4786 μυρίων
810 4716 1059 4786 γεεννῶν.
1103 4713 1201 4768 Καὶ
1264 4714 1431 4789 βάρος
1491 4714 1767 4791 ἀνωυελὶς
1817 4718 1943 4772 ἑαυ-

286 4808 402 4863 τοῖς
433 4803 486 4855 οἱ
517 4805 759 4856 τοιοῦτοι
792 4800 1173 4875 περιτιθέασιν.
1207 4804 1273 4861 Ὀ
1304 4804 1403 4879 γαρ
1450 4806 1587 4860 κατὰ
1640 4802 1695 4860 ’ἐν
1745 4826 1797 4862 τι
1846 4807 1939 4862 τὸν

286 4891 457 4963 νόμον
488 4894 692 4965 τηρῶν,
728 4889 963 4963 ἀνάγκην
1020 4888 1125 4961 {Est
1182 4892 1319 4947 κατᾶ
1373 4893 1546 4947 πάντα
1602 4899 1786 4970 τηρεῖν
1843 4895 1938 4949 αὐ-

285 4981 401 5045 τὸν,
435 4978 747 5035 ὲπεὶπᾶντα
778 4978 1087 5053 οῗχήσεται.
1122 4980 1190 5037 Τί
1244 4977 1301 5037 δὶ
1340 4981 1633 5056 βαρύτερον
1689 4988 1797 5039 τῶν
1848 5004 1943 5038 νο-

294 5076 468 5145 μικῶν
576 5071 1054 5143 παρατηρήσεωνς
1132 5074 1593 5147 «Κατηργγςθητε
1666 5073 1771 5128 ἀπὸ
1846 5077 1941 5129 τοῦ

288 5162 545 5235 Χριστοῦ.
576 5159 623 5209 ››’
654 5158 1005 5226 Απεκόπητε,
1059 5157 1352 5215 ἀπεπέσετε
1408 5162 1496 5215 ἄπ’
1556 5163 1748 5231 αὐτοῦ,
1802 5162 1942 5218 ἀνω-

289 5251 429 5328 φελῆ
464 5248 589 5320 ὑμῖν
636 5247 833 5303 λοιπὸν
883 5246 951 5302 τὰ
1004 5247 1141 5302 κατὰ
1192 5249 1282 5304 τὸν
1336 5251 1563 5326 Χριστὸν
1621 5251 1794 5307 πάντα
1850 5252 1940 5306 καὶ

289 5341 388 5407 τὴν
414 5337 575 5413 χάριν
630 5335 813 5391 αὐτοῦ.
884 5357 905 5384 ε
963 5334 1174 5399 Οἳτινες
1231 5337 1282 5392 ἐν
1334 5340 1489 5412 νόμῳ
1550 5337 1874 5398 δικαιοῦσθε.
1909 5366 1937 5394 ››

290 5430 302 5449 ν
417 5426 433 5447 \
551 5429 575 5440 ε·
668 5422 691 5441 δ
850 5428 877 5439 α·
1173 5423 1221 5443 Μ
1405 5428 1418 5449 τ
1502 5429 1515 5448 \
1574 5422 1601 5448 »ν
1882 5428 1908 5449 η

307 5436 435 5484 Αντι
485 5446 601 5493 του,
665 5426 1005 5479 οικαιουσθαι
1057 5445 1330 5495 σπευοετε,
1390 5449 1518 5482 ωσει
1574 5442 1781 5504 ελεγεν.
1841 5431 1940 5487 Οι-

289 5536 427 5579 τινες
457 5513 787 5584 σπουδάζετε
816 5512 876 5568 ἐκ
905 5512 1078 5587 νόμου
1146 5512 1506 5587 δικαιοῦσθαι,
1557 5526 1657 5587 τῆς
1711 5522 1937 5594 χάριτος

287 5605 586 5677 ἐξεπέσατε,
642 5603 731 5657 καὶ
798 5603 903 5658 ἀπὸ
965 5608 1066 5658 τοῦ
1130 5608 1305 5677 νόμου
1372 5606 1432 5661 οὐ
1496 5608 1935 5682 δικαιωθήσεσθε,

291 5721 318 5748 α
375 5696 566 5765 Ἡμεῖς
624 5692 726 5767 γὰρ
784 5691 1065 5765 πνεύματι·
1130 5718 1157 5744 ››
1216 5696 1403 5767 Ἡμεῖς
1461 5696 1562 5773 γὰρ
1622 5698 1673 5751 οἱ
1732 5698 1935 5767 πιστοὶ,

2050 4721 2303 4783 Christo,
2340 4716 2497 4793 quod
2536 4716 2732 4787 ipsum
2766 4712 2930 4769 mille
2964 4710 3253 4785 gehennis
3285 4709 3560 4764 miserius
3593 4715 3702 4773 est,

2051 4810 2111 4865 id
2138 4824 2374 4882 quoque
2404 4804 2620 4861 accidit
2648 4802 2807 4874 quod
2837 4799 3179 4870 hujusmodi
3206 4798 3566 4856 addiderunt
3590 4797 3703 4853 sibi

2051 4899 2216 4970 ipsis.
2251 4898 2357 4962 Qui
2390 4896 2549 4952 enim
2581 4893 2642 4947 in
2672 4909 2788 4947 uno
2818 4891 3019 4961 aliquo
3066 4889 3256 4962 legem
3290 4888 3702 4956 observaverit,

2050 4986 2467 5043 necessitatem
2492 4982 2602 5037 sibi
2623 4981 2867 5038 inducet
2889 4980 2948 5033 in
2969 4978 3245 5035 omnibus
3269 4994 3396 5032 eam
3430 4976 3703 5032 servandi

2050 5075 2532 5150 quandoquidem
2552 5073 2755 5129 omnia
2773 5077 2977 5127 mutuo
2998 5086 3059 5126 se
3074 5074 3399 5140 sequentur
3413 5074 3515 5121 tan
3526 5082 3704 5137 quam

2050 5181 2337 5222 connexa.
2373 5162 2520 5229 Quid
2552 5168 2750 5221 autem
2804 5160 3037 5231 gravius
3087 5156 3374 5230 legalibus
3425 5154 3703 5210 observa-

2051 5255 2360 5313 tionibus?
2390 5277 2415 5304 ‹‹
2451 5252 2634 5308 Soluti
2669 5251 2811 5305 estis
2842 5267 2877 5304 a
2907 5248 3152 5303 Christo.
3191 5268 3220 5297 η
3281 5244 3573 5315 Ampulati
3609 5259 3702 5300 es-

2054 5348 2126 5403 tis
2157 5343 2460 5402 excidistis
2491 5342 2563 5397 ab
2597 5342 2725 5413 ipso
2753 5357 2765 5393 ε
2800 5339 3024 5394 nullam
3059 5336 3223 5393 vobis
3248 5336 3497 5391 alTerent
3527 5333 3701 5390 dein-

2051 5454 2187 5508 ceps
2212 5435 2551 5498 utilitatem,
2576 5447 2707 5502 quas
2730 5428 2945 5484 Christi
2980 5432 3119 5481 sunt
3150 5432 3204 5479 et
3234 5424 3433 5496 gratias
3467 5422 3652 5494 ipsius
3683 5436 3698 5477 :

2052 5548 2081 5577 ί(
2110 5524 2456 5592 Quicunque
2490 5535 2593 5591 per
2634 5518 2819 5589 legem
2863 5513 3299 5587 justiﬁcamini.
3338 5534 3365 5561 ν
3418 5512 3534 5565 Iloc
3586 5516 3692 5577 est,

2041 5611 2359 5686 justiﬁcari
2392 5608 2641 5665 studetis
2668 5623 2679 5659 :
2717 5612 2995 5677 tanquam
3028 5604 3286 5658 diceret:
3312 5601 3417 5666 Qui
3446 5599 3697 5655 studetis

2049 5721 2121 5762 ex
2142 5698 2621 5777 legejustificari,
2648 5714 2682 5753 a
2711 5697 2897 5769 gratia
2919 5694 3240 5759 excidistis,
3275 5698 3333 5747 et
3361 5707 3470 5746 nec
3498 5706 3531 5744 a
3566 5690 3694 5762 lege
