  <div class='ocr_page' id='page_1' title='image "/cluster/home/n/w/nwhite01/storage/ocr_20150623/118/mdp.39015078384297/585.png"; bbox 0 0 4072 6266; ppageno 0'>
   <div class='ocr_carea' id='block_1_1' title="bbox 400 359 557 419">
    <p class='ocr_par' dir='ltr' id='par_1_1' title="bbox 400 359 557 419">
     <span class='ocr_line' id='line_1_1' title="bbox 400 359 557 419; baseline -0.006 0"><span class='ocrx_word' id='word_1_1' title='bbox 400 359 557 419; x_wconf 74' lang='grc'>1155</span> 
     </span>
    </p>
   </div>
   <div class='ocr_carea' id='block_1_2' title="bbox 1551 345 2702 414">
    <p class='ocr_par' dir='ltr' id='par_1_2' title="bbox 1551 345 2702 414">
     <span class='ocr_line' id='line_1_2' title="bbox 1551 345 2702 414; baseline -0.008 0"><span class='ocrx_word' id='word_1_2' title='bbox 1551 350 1963 414; x_wconf 59' lang='grc' dir='ltr'>(ΕΟΠΜΕΝΗ</span> <span class='ocrx_word' id='word_1_3' title='bbox 2008 345 2310 408; x_wconf 66' lang='grc' dir='ltr'>ΤΗΙΟίὲιΕ</span> <span class='ocrx_word' id='word_1_4' title='bbox 2355 345 2702 406; x_wconf 79' lang='lat' dir='ltr'>Ei&#39;ISCOPl</span> 
     </span>
    </p>
   </div>
   <div class='ocr_carea' id='block_1_3' title="bbox 3664 354 3810 412">
    <p class='ocr_par' dir='ltr' id='par_1_3' title="bbox 3664 354 3810 412">
     <span class='ocr_line' id='line_1_3' title="bbox 3664 354 3810 412; baseline 0 0"><span class='ocrx_word' id='word_1_5' title='bbox 3664 354 3810 412; x_wconf 74' lang='lat'>1156</span> 
     </span>
    </p>
   </div>
   <div class='ocr_carea' id='block_1_4' title="bbox 405 477 2053 573">
    <p class='ocr_par' dir='ltr' id='par_1_4' title="bbox 405 483 2044 554">
     <span class='ocr_line' id='line_1_4' title="bbox 405 483 2044 554; baseline -0.005 -11"><span class='ocrx_word' id='word_1_6' title='bbox 405 513 434 543; x_wconf 79' lang='grc' dir='ltr'><strong>ι(</strong></span> <span class='ocrx_word' id='word_1_7' title='bbox 464 493 738 554; x_wconf 70' lang='lat' dir='ltr'>tritiones,</span> <span class='ocrx_word' id='word_1_8' title='bbox 764 489 1106 554; x_wconf 75' lang='lat' dir='ltr'>seditiones,</span> <span class='ocrx_word' id='word_1_9' title='bbox 1143 493 1337 551; x_wconf 72' lang='lat' dir='ltr'>sectaa,</span> <span class='ocrx_word' id='word_1_10' title='bbox 1365 486 1625 552; x_wconf 68' lang='lat' dir='ltr'>invidiae,</span> <span class='ocrx_word' id='word_1_11' title='bbox 1646 483 2044 542; x_wconf 71' lang='lat' dir='ltr'>caedes.ebrie-</span> 
     </span>
    </p>
   </div>
   <div class='ocr_carea' id='block_1_5' title="bbox 2166 477 3812 573">
    <p class='ocr_par' dir='ltr' id='par_1_5' title="bbox 2167 477 3812 556">
     <span class='ocr_line' id='line_1_5' title="bbox 2167 477 3812 556; baseline 0.006 -26"><span class='ocrx_word' id='word_1_12' title='bbox 2167 477 2418 551; x_wconf 66' lang='lat' dir='ltr'>zipéasic.</span> <span class='ocrx_word' id='word_1_13' title='bbox 2479 479 2691 556; x_wconf 69' lang='grc' dir='ltr'>φθόνοι,</span> <span class='ocrx_word' id='word_1_14' title='bbox 2749 479 2927 555; x_wconf 66' lang='grc' dir='ltr'>φόνοι,</span> <span class='ocrx_word' id='word_1_15' title='bbox 2983 479 3160 552; x_wconf 74' lang='grc' dir='ltr'>μέθαι,</span> <span class='ocrx_word' id='word_1_16' title='bbox 3191 487 3396 554; x_wconf 82' lang='grc' dir='ltr'>κῶμοι,</span> <span class='ocrx_word' id='word_1_17' title='bbox 3427 483 3524 538; x_wconf 82' lang='grc' dir='ltr'>καὶ</span> <span class='ocrx_word' id='word_1_18' title='bbox 3557 485 3628 538; x_wconf 79' lang='grc' dir='ltr'>τά</span> <span class='ocrx_word' id='word_1_19' title='bbox 3658 482 3812 556; x_wconf 70' lang='grc' dir='ltr'>ὅμοια</span> 
     </span>
    </p>
   </div>
   <div class='ocr_carea' id='block_1_6' title="bbox 402 574 2054 648">
    <p class='ocr_par' dir='ltr' id='par_1_6' title="bbox 402 574 2054 648">
     <span class='ocr_line' id='line_1_6' title="bbox 402 574 2054 648; baseline -0.006 -13"><span class='ocrx_word' id='word_1_20' title='bbox 402 605 427 630; x_wconf 88' lang='grc'><em>‹‹</em></span> <span class='ocrx_word' id='word_1_21' title='bbox 457 587 628 648; x_wconf 87' lang='lat' dir='ltr'>tates,</span> <span class='ocrx_word' id='word_1_22' title='bbox 652 579 1080 644; x_wconf 77' lang='lat' dir='ltr'>cavillationes,</span> <span class='ocrx_word' id='word_1_23' title='bbox 1115 585 1171 633; x_wconf 89' lang='lat' dir='ltr'>et</span> <span class='ocrx_word' id='word_1_24' title='bbox 1193 577 1284 632; x_wconf 89' lang='lat' dir='ltr'>his</span> <span class='ocrx_word' id='word_1_25' title='bbox 1308 577 1559 631; x_wconf 82' lang='lat' dir='ltr'>similia:</span> <span class='ocrx_word' id='word_1_26' title='bbox 1587 575 1658 631; x_wconf 91' lang='lat' dir='ltr'>de</span> <span class='ocrx_word' id='word_1_27' title='bbox 1677 574 1891 646; x_wconf 86' lang='lat' dir='ltr'>quibus</span> <span class='ocrx_word' id='word_1_28' title='bbox 1910 589 2054 644; x_wconf 70' lang='lat' dir='ltr'>prte-</span> 
     </span>
    </p>
   </div>
   <div class='ocr_carea' id='block_1_7' title="bbox 407 661 2048 738">
    <p class='ocr_par' dir='ltr' id='par_1_7' title="bbox 407 661 2048 738">
     <span class='ocr_line' id='line_1_7' title="bbox 407 661 2048 738; baseline -0.005 -16"><span class='ocrx_word' id='word_1_29' title='bbox 407 692 432 722; x_wconf 83' lang='grc' dir='ltr'>ιι</span> <span class='ocrx_word' id='word_1_30' title='bbox 458 669 588 725; x_wconf 91' lang='lat' dir='ltr'>dico</span> <span class='ocrx_word' id='word_1_31' title='bbox 623 669 807 729; x_wconf 86' lang='lat' dir='ltr'>vobis,</span> <span class='ocrx_word' id='word_1_32' title='bbox 844 667 1341 738; x_wconf 84' lang='lat' dir='ltr'>quemadmodum</span> <span class='ocrx_word' id='word_1_33' title='bbox 1379 673 1436 720; x_wconf 88' lang='lat' dir='ltr'>et</span> <span class='ocrx_word' id='word_1_34' title='bbox 1466 665 1735 736; x_wconf 72' lang='lat' dir='ltr'>prmdixi.</span> <span class='ocrx_word' id='word_1_35' title='bbox 1765 661 1922 734; x_wconf 91' lang='lat' dir='ltr'>quod</span> <span class='ocrx_word' id='word_1_36' title='bbox 1947 661 2048 732; x_wconf 88' lang='lat' dir='ltr'>qui</span> 
     </span>
    </p>
   </div>
   <div class='ocr_carea' id='block_1_8' title="bbox 400 756 1902 831">
    <p class='ocr_par' dir='ltr' id='par_1_8' title="bbox 400 756 1902 831">
     <span class='ocr_line' id='line_1_8' title="bbox 400 756 1902 831; baseline -0.005 -17"><span class='ocrx_word' id='word_1_37' title='bbox 400 783 426 808; x_wconf 78' lang='grc' dir='ltr'><strong>ι(</strong></span> <span class='ocrx_word' id='word_1_38' title='bbox 466 760 604 815; x_wconf 88' lang='lat' dir='ltr'>talia</span> <span class='ocrx_word' id='word_1_39' title='bbox 629 765 828 831; x_wconf 84' lang='lat' dir='ltr'>agunt,</span> <span class='ocrx_word' id='word_1_40' title='bbox 867 760 1027 826; x_wconf 83' lang='lat' dir='ltr'>regni</span> <span class='ocrx_word' id='word_1_41' title='bbox 1065 759 1159 812; x_wconf 88' lang='lat' dir='ltr'>Dei</span> <span class='ocrx_word' id='word_1_42' title='bbox 1201 756 1464 812; x_wconf 69' lang='lat' dir='ltr'>hanredes</span> <span class='ocrx_word' id='word_1_43' title='bbox 1496 772 1614 810; x_wconf 90' lang='lat' dir='ltr'>non</span> <span class='ocrx_word' id='word_1_44' title='bbox 1648 761 1822 810; x_wconf 88' lang='lat' dir='ltr'>erunt</span> <span class='ocrx_word' id='word_1_45' title='bbox 1854 775 1902 805; x_wconf 85' lang='grc'>››.</span> 
     </span>
    </p>
   </div>
   <div class='ocr_carea' id='block_1_9' title="bbox 473 843 2051 921">
    <p class='ocr_par' dir='ltr' id='par_1_9' title="bbox 473 843 2051 921">
     <span class='ocr_line' id='line_1_9' title="bbox 473 843 2051 921; baseline -0.005 -18"><span class='ocrx_word' id='word_1_46' title='bbox 473 852 623 906; x_wconf 69' lang='grc' dir='ltr'>σθαι</span> <span class='ocrx_word' id='word_1_47' title='bbox 650 876 674 900; x_wconf 90' lang='grc'><em>‹‹</em></span> <span class='ocrx_word' id='word_1_48' title='bbox 703 850 921 921; x_wconf 91' lang='lat' dir='ltr'>Spiritu</span> <span class='ocrx_word' id='word_1_49' title='bbox 945 849 1263 903; x_wconf 80' lang='lat' dir='ltr'>ambulate.</span> <span class='ocrx_word' id='word_1_50' title='bbox 1294 872 1318 895; x_wconf 77' lang='lat' dir='ltr'>ii</span> <span class='ocrx_word' id='word_1_51' title='bbox 1341 849 1510 902; x_wconf 82' lang='lat' dir='ltr'>Juxta</span> <span class='ocrx_word' id='word_1_52' title='bbox 1533 843 2051 917; x_wconf 88' lang='lat' dir='ltr'>spiritum,inquit,</span> 
     </span>
    </p>
   </div>
   <div class='ocr_carea' id='block_1_10' title="bbox 401 932 2053 1010">
    <p class='ocr_par' dir='ltr' id='par_1_10' title="bbox 401 932 2053 1010">
     <span class='ocr_line' id='line_1_10' title="bbox 401 932 2053 1010; baseline -0.005 -16"><span class='ocrx_word' id='word_1_53' title='bbox 401 945 545 994; x_wconf 88' lang='lat' dir='ltr'>etea</span> <span class='ocrx_word' id='word_1_54' title='bbox 568 957 695 1010; x_wconf 67' lang='lat' dir='ltr'>quae</span> <span class='ocrx_word' id='word_1_55' title='bbox 723 939 956 1008; x_wconf 75' lang='lat' dir='ltr'>spiritui</span> <span class='ocrx_word' id='word_1_56' title='bbox 985 938 1218 1008; x_wconf 90' lang='lat' dir='ltr'>placent</span> <span class='ocrx_word' id='word_1_57' title='bbox 1238 937 1430 1008; x_wconf 87' lang='lat' dir='ltr'>degite</span> <span class='ocrx_word' id='word_1_58' title='bbox 1454 953 1519 991; x_wconf 82' lang='lat' dir='ltr'>ac</span> <span class='ocrx_word' id='word_1_59' title='bbox 1548 937 1740 994; x_wconf 79' lang='lat' dir='ltr'>vivite.</span> <span class='ocrx_word' id='word_1_60' title='bbox 1777 941 1833 987; x_wconf 91' lang='lat' dir='ltr'>et</span> <span class='ocrx_word' id='word_1_61' title='bbox 1857 932 2053 988; x_wconf 90' lang='lat' dir='ltr'>carnis</span> 
     </span>
    </p>
   </div>
   <div class='ocr_carea' id='block_1_11' title="bbox 401 1025 2052 1099">
    <p class='ocr_par' dir='ltr' id='par_1_11' title="bbox 401 1025 2052 1099">
     <span class='ocr_line' id='line_1_11' title="bbox 401 1025 2052 1099; baseline -0.005 -16"><span class='ocrx_word' id='word_1_62' title='bbox 401 1028 941 1099; x_wconf 71' lang='lat' dir='ltr'>concupiscentiam</span> <span class='ocrx_word' id='word_1_63' title='bbox 971 1043 1346 1097; x_wconf 78' lang='lat' dir='ltr'>nequaquam</span> <span class='ocrx_word' id='word_1_64' title='bbox 1367 1025 1671 1096; x_wconf 83' lang='lat' dir='ltr'>expleatis.</span> <span class='ocrx_word' id='word_1_65' title='bbox 1696 1047 1722 1073; x_wconf 84' lang='lat' dir='ltr'>ii</span> <span class='ocrx_word' id='word_1_66' title='bbox 1751 1025 1891 1077; x_wconf 71' lang='lat' dir='ltr'>Nam</span> <span class='ocrx_word' id='word_1_67' title='bbox 1918 1037 2052 1076; x_wconf 88' lang='lat' dir='ltr'>caro</span> 
     </span>
    </p>
   </div>
   <div class='ocr_carea' id='block_1_12' title="bbox 403 1110 2051 1186">
    <p class='ocr_par' dir='ltr' id='par_1_12' title="bbox 403 1110 2051 1186">
     <span class='ocr_line' id='line_1_12' title="bbox 403 1110 2051 1186; baseline -0.004 -16"><span class='ocrx_word' id='word_1_68' title='bbox 403 1117 768 1186; x_wconf 82' lang='lat' dir='ltr'>concupiscit</span> <span class='ocrx_word' id='word_1_69' title='bbox 793 1115 1071 1170; x_wconf 87' lang='lat' dir='ltr'>adversus</span> <span class='ocrx_word' id='word_1_70' title='bbox 1103 1115 1395 1185; x_wconf 78' lang='lat' dir='ltr'>Spiritum.</span> <span class='ocrx_word' id='word_1_71' title='bbox 1435 1136 1460 1153; x_wconf 67' lang='grc' dir='ltr'>η</span> <span class='ocrx_word' id='word_1_72' title='bbox 1490 1115 1739 1168; x_wconf 86' lang='lat' dir='ltr'>Carnem</span> <span class='ocrx_word' id='word_1_73' title='bbox 1784 1113 1892 1166; x_wconf 83' lang='lat' dir='ltr'>hoc</span> <span class='ocrx_word' id='word_1_74' title='bbox 1925 1110 2051 1164; x_wconf 88' lang='lat' dir='ltr'>loco</span> 
     </span>
    </p>
   </div>
   <div class='ocr_carea' id='block_1_13' title="bbox 403 1200 2051 1276">
    <p class='ocr_par' dir='ltr' id='par_1_13' title="bbox 403 1200 2051 1276">
     <span class='ocr_line' id='line_1_13' title="bbox 403 1200 2051 1276; baseline -0.004 -16"><span class='ocrx_word' id='word_1_75' title='bbox 403 1205 548 1261; x_wconf 86' lang='lat' dir='ltr'>dicit</span> <span class='ocrx_word' id='word_1_76' title='bbox 577 1205 845 1260; x_wconf 85' lang='lat' dir='ltr'>carnales</span> <span class='ocrx_word' id='word_1_77' title='bbox 879 1210 936 1259; x_wconf 91' lang='lat' dir='ltr'>et</span> <span class='ocrx_word' id='word_1_78' title='bbox 966 1222 1172 1276; x_wconf 86' lang='lat' dir='ltr'>pravas</span> <span class='ocrx_word' id='word_1_79' title='bbox 1194 1203 1707 1274; x_wconf 74' lang='lat' dir='ltr'>concupiscentiae</span> <span class='ocrx_word' id='word_1_80' title='bbox 1733 1218 1745 1256; x_wconf 90' lang='lat'>:</span> <span class='ocrx_word' id='word_1_81' title='bbox 1777 1200 2051 1272; x_wconf 82' lang='lat' dir='ltr'>Spiritum</span> 
     </span>
    </p>
   </div>
   <div class='ocr_carea' id='block_1_14' title="bbox 399 1292 2050 1366">
    <p class='ocr_par' dir='ltr' id='par_1_14' title="bbox 399 1292 2050 1366">
     <span class='ocr_line' id='line_1_14' title="bbox 399 1292 2050 1366; baseline -0.002 -19"><span class='ocrx_word' id='word_1_82' title='bbox 399 1311 553 1359; x_wconf 84' lang='lat' dir='ltr'>vero,</span> <span class='ocrx_word' id='word_1_83' title='bbox 581 1294 833 1366; x_wconf 76' lang='lat' dir='ltr'>Spiritus</span> <span class='ocrx_word' id='word_1_84' title='bbox 856 1294 1044 1349; x_wconf 88' lang='lat' dir='ltr'>sancti</span> <span class='ocrx_word' id='word_1_85' title='bbox 1065 1293 1315 1366; x_wconf 81' lang='lat' dir='ltr'>gratiam</span> <span class='ocrx_word' id='word_1_86' title='bbox 1342 1309 1470 1363; x_wconf 67' lang='lat' dir='ltr'>quae</span> <span class='ocrx_word' id='word_1_87' title='bbox 1504 1309 1608 1364; x_wconf 89' lang='lat' dir='ltr'>per</span> <span class='ocrx_word' id='word_1_88' title='bbox 1631 1292 1905 1346; x_wconf 87' lang='lat' dir='ltr'>virtutem</span> <span class='ocrx_word' id='word_1_89' title='bbox 1939 1294 2050 1356; x_wconf 91' lang='lat' dir='ltr'>est,</span> 
     </span>
    </p>
   </div>
   <div class='ocr_carea' id='block_1_15' title="bbox 401 1379 2054 1453">
    <p class='ocr_par' dir='ltr' id='par_1_15' title="bbox 401 1379 2054 1453">
     <span class='ocr_line' id='line_1_15' title="bbox 401 1379 2054 1453; baseline -0.002 -16"><span class='ocrx_word' id='word_1_90' title='bbox 401 1383 603 1438; x_wconf 86' lang='lat' dir='ltr'>etait:</span> <span class='ocrx_word' id='word_1_91' title='bbox 646 1383 859 1438; x_wconf 87' lang='lat' dir='ltr'>Vitium</span> <span class='ocrx_word' id='word_1_92' title='bbox 917 1381 1156 1453; x_wconf 88' lang='lat' dir='ltr'>quidem</span> <span class='ocrx_word' id='word_1_93' title='bbox 1215 1382 1411 1436; x_wconf 83' lang='lat' dir='ltr'>virtuti</span> <span class='ocrx_word' id='word_1_94' title='bbox 1455 1382 1821 1444; x_wconf 78' lang='lat' dir='ltr'>adversatur,</span> <span class='ocrx_word' id='word_1_95' title='bbox 1871 1379 2054 1433; x_wconf 88' lang='lat' dir='ltr'>virtus</span> 
     </span>
    </p>
   </div>
   <div class='ocr_carea' id='block_1_16' title="bbox 403 1469 2051 1542">
    <p class='ocr_par' dir='ltr' id='par_1_16' title="bbox 403 1469 2051 1542">
     <span class='ocr_line' id='line_1_16' title="bbox 403 1469 2051 1542; baseline -0.001 -19"><span class='ocrx_word' id='word_1_96' title='bbox 403 1488 536 1526; x_wconf 88' lang='lat' dir='ltr'>vero</span> <span class='ocrx_word' id='word_1_97' title='bbox 571 1489 806 1528; x_wconf 91' lang='lat' dir='ltr'>rursum</span> <span class='ocrx_word' id='word_1_98' title='bbox 837 1471 1179 1527; x_wconf 83' lang='lat' dir='ltr'>adversatur</span> <span class='ocrx_word' id='word_1_99' title='bbox 1207 1472 1369 1534; x_wconf 87' lang='lat' dir='ltr'>vitio,</span> <span class='ocrx_word' id='word_1_100' title='bbox 1401 1471 1650 1542; x_wconf 82' lang='lat' dir='ltr'>fungens</span> <span class='ocrx_word' id='word_1_101' title='bbox 1689 1470 1812 1524; x_wconf 90' lang='lat' dir='ltr'>vice</span> <span class='ocrx_word' id='word_1_102' title='bbox 1845 1469 2051 1538; x_wconf 86' lang='lat' dir='ltr'>cujus-</span> 
     </span>
    </p>
   </div>
   <div class='ocr_carea' id='block_1_17' title="bbox 401 1561 2055 1634">
    <p class='ocr_par' dir='ltr' id='par_1_17' title="bbox 401 1561 2055 1634">
     <span class='ocr_line' id='line_1_17' title="bbox 401 1561 2055 1634; baseline -0.003 -18"><span class='ocrx_word' id='word_1_103' title='bbox 401 1561 535 1616; x_wconf 89' lang='lat' dir='ltr'>dam</span> <span class='ocrx_word' id='word_1_104' title='bbox 562 1562 885 1634; x_wconf 70' lang='lat' dir='ltr'>paeilagogi,</span> <span class='ocrx_word' id='word_1_105' title='bbox 909 1579 1016 1616; x_wconf 91' lang='lat' dir='ltr'>ncc</span> <span class='ocrx_word' id='word_1_106' title='bbox 1041 1561 1240 1616; x_wconf 84' lang='lat' dir='ltr'>sineris</span> <span class='ocrx_word' id='word_1_107' title='bbox 1268 1562 1565 1630; x_wconf 77' lang='lat' dir='ltr'>nosjuxta</span> <span class='ocrx_word' id='word_1_108' title='bbox 1587 1576 1791 1631; x_wconf 89' lang='lat' dir='ltr'>pravas</span> <span class='ocrx_word' id='word_1_109' title='bbox 1824 1564 2055 1612; x_wconf 90' lang='lat' dir='ltr'>nostras</span> 
     </span>
    </p>
   </div>
   <div class='ocr_carea' id='block_1_18' title="bbox 399 1649 2058 1721">
    <p class='ocr_par' dir='ltr' id='par_1_18' title="bbox 399 1649 2058 1721">
     <span class='ocr_line' id='line_1_18' title="bbox 399 1649 2058 1721; baseline -0.002 -17"><span class='ocrx_word' id='word_1_110' title='bbox 399 1651 912 1721; x_wconf 88' lang='lat' dir='ltr'>concupiscentias</span> <span class='ocrx_word' id='word_1_111' title='bbox 935 1650 1234 1706; x_wconf 87' lang='lat' dir='ltr'>incedere.</span> <span class='ocrx_word' id='word_1_112' title='bbox 1258 1682 1324 1691; x_wconf 94' lang='lat'><strong>—</strong></span> <span class='ocrx_word' id='word_1_113' title='bbox 1348 1650 1476 1705; x_wconf 74' lang='lat' dir='ltr'>Alio</span> <span class='ocrx_word' id='word_1_114' title='bbox 1499 1651 1678 1704; x_wconf 84' lang='lat' dir='ltr'>modo.</span> <span class='ocrx_word' id='word_1_115' title='bbox 1700 1649 2058 1704; x_wconf 82' lang='lat' dir='ltr'>Adversatur</span> 
     </span>
    </p>
   </div>
   <div class='ocr_carea' id='block_1_19' title="bbox 403 1737 2056 1809">
    <p class='ocr_par' dir='ltr' id='par_1_19' title="bbox 403 1737 2056 1809">
     <span class='ocr_line' id='line_1_19' title="bbox 403 1737 2056 1809; baseline -0.001 -17"><span class='ocrx_word' id='word_1_116' title='bbox 403 1741 583 1793; x_wconf 90' lang='lat' dir='ltr'>virtus</span> <span class='ocrx_word' id='word_1_117' title='bbox 620 1740 783 1802; x_wconf 90' lang='lat' dir='ltr'>vitio,</span> <span class='ocrx_word' id='word_1_118' title='bbox 818 1755 893 1793; x_wconf 92' lang='lat' dir='ltr'>ne</span> <span class='ocrx_word' id='word_1_119' title='bbox 927 1739 1197 1794; x_wconf 85' lang='lat' dir='ltr'>irritante</span> <span class='ocrx_word' id='word_1_120' title='bbox 1247 1739 1382 1792; x_wconf 90' lang='lat' dir='ltr'>vitio</span> <span class='ocrx_word' id='word_1_121' title='bbox 1437 1739 1710 1809; x_wconf 89' lang='lat' dir='ltr'>protinus</span> <span class='ocrx_word' id='word_1_122' title='bbox 1767 1737 2056 1792; x_wconf 88' lang='lat' dir='ltr'>dissoluta</span> 
     </span>
    </p>
   </div>
   <div class='ocr_carea' id='block_1_20' title="bbox 397 1825 2049 1899">
    <p class='ocr_par' dir='ltr' id='par_1_20' title="bbox 397 1825 2049 1899">
     <span class='ocr_line' id='line_1_20' title="bbox 397 1825 2049 1899; baseline -0.001 -18"><span class='ocrx_word' id='word_1_123' title='bbox 397 1829 686 1899; x_wconf 83' lang='lat' dir='ltr'>frenoque</span> <span class='ocrx_word' id='word_1_124' title='bbox 705 1845 915 1884; x_wconf 89' lang='lat' dir='ltr'>carens</span> <span class='ocrx_word' id='word_1_125' title='bbox 940 1846 957 1877; x_wconf 68' lang='grc' dir='ltr'>ι</span> <span class='ocrx_word' id='word_1_126' title='bbox 975 1829 1211 1882; x_wconf 89' lang='lat' dir='ltr'>oluntas</span> <span class='ocrx_word' id='word_1_127' title='bbox 1234 1828 1503 1882; x_wconf 88' lang='lat' dir='ltr'>carnalis.</span> <span class='ocrx_word' id='word_1_128' title='bbox 1520 1827 1959 1898; x_wconf 63' lang='lat' dir='ltr'>prmcipitanter</span> <span class='ocrx_word' id='word_1_129' title='bbox 1975 1825 2049 1880; x_wconf 89' lang='lat' dir='ltr'>ad</span> 
     </span>
    </p>
   </div>
   <div class='ocr_carea' id='block_1_21' title="bbox 400 1915 2050 1979">
    <p class='ocr_par' dir='ltr' id='par_1_21' title="bbox 400 1915 2050 1979">
     <span class='ocr_line' id='line_1_21' title="bbox 400 1915 2050 1979; baseline 0.001 -12"><span class='ocrx_word' id='word_1_130' title='bbox 400 1917 606 1972; x_wconf 88' lang='lat' dir='ltr'>vitium</span> <span class='ocrx_word' id='word_1_131' title='bbox 639 1917 880 1972; x_wconf 80' lang='lat' dir='ltr'>feratur.</span> <span class='ocrx_word' id='word_1_132' title='bbox 918 1919 1170 1972; x_wconf 86' lang='lat' dir='ltr'>Rursum</span> <span class='ocrx_word' id='word_1_133' title='bbox 1204 1916 1546 1971; x_wconf 90' lang='lat' dir='ltr'>adversatur</span> <span class='ocrx_word' id='word_1_134' title='bbox 1575 1917 1772 1971; x_wconf 85' lang='lat' dir='ltr'>virtuti</span> <span class='ocrx_word' id='word_1_135' title='bbox 1822 1915 2050 1979; x_wconf 89' lang='lat' dir='ltr'>vitium,</span> 
     </span>
    </p>
   </div>
   <div class='ocr_carea' id='block_1_22' title="bbox 401 2002 2055 2063">
    <p class='ocr_par' dir='ltr' id='par_1_22' title="bbox 401 2002 2055 2063">
     <span class='ocr_line' id='line_1_22' title="bbox 401 2002 2055 2063; baseline -0.002 -3"><span class='ocrx_word' id='word_1_136' title='bbox 401 2022 476 2060; x_wconf 89' lang='lat' dir='ltr'>ne</span> <span class='ocrx_word' id='word_1_137' title='bbox 507 2005 740 2060; x_wconf 89' lang='lat' dir='ltr'>virtutis</span> <span class='ocrx_word' id='word_1_138' title='bbox 781 2005 948 2059; x_wconf 90' lang='lat' dir='ltr'>labor</span> <span class='ocrx_word' id='word_1_139' title='bbox 978 2004 1170 2059; x_wconf 83' lang='lat' dir='ltr'>facilis</span> <span class='ocrx_word' id='word_1_140' title='bbox 1201 2005 1445 2059; x_wconf 90' lang='lat' dir='ltr'>omnino</span> <span class='ocrx_word' id='word_1_141' title='bbox 1479 2006 1560 2063; x_wconf 83' lang='lat' dir='ltr'>ﬁt.</span> <span class='ocrx_word' id='word_1_142' title='bbox 1592 2010 1648 2058; x_wconf 88' lang='lat' dir='ltr'>et</span> <span class='ocrx_word' id='word_1_143' title='bbox 1671 2002 2055 2059; x_wconf 89' lang='lat' dir='ltr'>niercedeca-</span> 
     </span>
    </p>
   </div>
   <div class='ocr_carea' id='block_1_23' title="bbox 403 2094 2054 2159">
    <p class='ocr_par' dir='ltr' id='par_1_23' title="bbox 403 2094 2054 2159">
     <span class='ocr_line' id='line_1_23' title="bbox 403 2094 2054 2159; baseline -0.001 -11"><span class='ocrx_word' id='word_1_144' title='bbox 403 2100 546 2157; x_wconf 90' lang='lat' dir='ltr'>reat,</span> <span class='ocrx_word' id='word_1_145' title='bbox 581 2112 648 2148; x_wconf 91' lang='lat' dir='ltr'>ac</span> <span class='ocrx_word' id='word_1_146' title='bbox 679 2094 839 2148; x_wconf 91' lang='lat' dir='ltr'>velut</span> <span class='ocrx_word' id='word_1_147' title='bbox 864 2110 930 2147; x_wconf 80' lang='lat' dir='ltr'>ex</span> <span class='ocrx_word' id='word_1_148' title='bbox 967 2100 1178 2148; x_wconf 91' lang='lat' dir='ltr'>natura</span> <span class='ocrx_word' id='word_1_149' title='bbox 1209 2100 1263 2148; x_wconf 90' lang='lat' dir='ltr'>et</span> <span class='ocrx_word' id='word_1_150' title='bbox 1295 2095 1645 2150; x_wconf 77' lang='lat' dir='ltr'>necessitate</span> <span class='ocrx_word' id='word_1_151' title='bbox 1677 2100 2054 2159; x_wconf 79' lang='lat' dir='ltr'>consecutus,</span> 
     </span>
    </p>
   </div>
   <div class='ocr_carea' id='block_1_24' title="bbox 403 2181 2058 2254">
    <p class='ocr_par' dir='ltr' id='par_1_24' title="bbox 403 2181 2058 2254">
     <span class='ocr_line' id='line_1_24' title="bbox 403 2181 2058 2254; baseline -0.001 -17"><span class='ocrx_word' id='word_1_152' title='bbox 403 2189 461 2237; x_wconf 90' lang='lat' dir='ltr'>et</span> <span class='ocrx_word' id='word_1_153' title='bbox 495 2191 773 2253; x_wconf 88' lang='lat' dir='ltr'>tanquam</span> <span class='ocrx_word' id='word_1_154' title='bbox 805 2183 931 2237; x_wconf 86' lang='lat' dir='ltr'>sola</span> <span class='ocrx_word' id='word_1_155' title='bbox 957 2184 1310 2254; x_wconf 80' lang='lat' dir='ltr'>cogitatione</span> <span class='ocrx_word' id='word_1_156' title='bbox 1345 2185 1470 2238; x_wconf 87' lang='lat' dir='ltr'>sine</span> <span class='ocrx_word' id='word_1_157' title='bbox 1502 2184 1666 2237; x_wconf 90' lang='lat' dir='ltr'>omni</span> <span class='ocrx_word' id='word_1_158' title='bbox 1700 2182 1895 2239; x_wconf 89' lang='lat' dir='ltr'>studio</span> <span class='ocrx_word' id='word_1_159' title='bbox 1955 2181 2058 2237; x_wconf 70' lang='lat' dir='ltr'>aut</span> 
     </span>
    </p>
   </div>
   <div class='ocr_carea' id='block_1_25' title="bbox 398 2271 2056 2343">
    <p class='ocr_par' dir='ltr' id='par_1_25' title="bbox 398 2271 2056 2343">
     <span class='ocr_line' id='line_1_25' title="bbox 398 2271 2056 2343; baseline 0.001 -18"><span class='ocrx_word' id='word_1_160' title='bbox 398 2273 722 2326; x_wconf 85' lang='lat' dir='ltr'>certamine</span> <span class='ocrx_word' id='word_1_161' title='bbox 748 2273 806 2326; x_wconf 88' lang='lat' dir='ltr'>in</span> <span class='ocrx_word' id='word_1_162' title='bbox 829 2289 975 2343; x_wconf 87' lang='lat' dir='ltr'>opus</span> <span class='ocrx_word' id='word_1_163' title='bbox 990 2271 1438 2343; x_wconf 87' lang='lat' dir='ltr'>deductus.lpse</span> <span class='ocrx_word' id='word_1_164' title='bbox 1457 2280 1652 2327; x_wconf 91' lang='lat' dir='ltr'>autem</span> <span class='ocrx_word' id='word_1_165' title='bbox 1677 2272 2056 2326; x_wconf 87' lang='lat' dir='ltr'>breviterhoc</span> 
     </span>
    </p>
   </div>
   <div class='ocr_carea' id='block_1_26' title="bbox 403 2361 2055 2431">
    <p class='ocr_par' dir='ltr' id='par_1_26' title="bbox 403 2361 2055 2431">
     <span class='ocr_line' id='line_1_26' title="bbox 403 2361 2055 2431; baseline -0.001 -16"><span class='ocrx_word' id='word_1_166' title='bbox 403 2361 520 2415; x_wconf 86' lang='lat' dir='ltr'>ait:</span> <span class='ocrx_word' id='word_1_167' title='bbox 548 2385 571 2410; x_wconf 86' lang='grc'>‹‹</span> <span class='ocrx_word' id='word_1_168' title='bbox 593 2361 663 2416; x_wconf 88' lang='lat' dir='ltr'>Ut</span> <span class='ocrx_word' id='word_1_169' title='bbox 684 2377 803 2415; x_wconf 92' lang='lat' dir='ltr'>non</span> <span class='ocrx_word' id='word_1_170' title='bbox 827 2377 1197 2431; x_wconf 63' lang='lat' dir='ltr'>quaecunque</span> <span class='ocrx_word' id='word_1_171' title='bbox 1221 2362 1521 2416; x_wconf 87' lang='lat' dir='ltr'>volueritis</span> <span class='ocrx_word' id='word_1_172' title='bbox 1545 2361 1748 2416; x_wconf 89' lang='lat' dir='ltr'>eadem</span> <span class='ocrx_word' id='word_1_173' title='bbox 1771 2361 2055 2416; x_wconf 80' lang='lat' dir='ltr'>faciatisz»</span> 
     </span>
    </p>
   </div>
   <div class='ocr_carea' id='block_1_27' title="bbox 405 2449 2058 2522">
    <p class='ocr_par' dir='ltr' id='par_1_27' title="bbox 405 2449 2058 2522">
     <span class='ocr_line' id='line_1_27' title="bbox 405 2449 2058 2522; baseline -0.001 -18"><span class='ocrx_word' id='word_1_174' title='bbox 405 2466 596 2520; x_wconf 89' lang='lat' dir='ltr'>neque</span> <span class='ocrx_word' id='word_1_175' title='bbox 630 2449 804 2514; x_wconf 86' lang='lat' dir='ltr'>mala,</span> <span class='ocrx_word' id='word_1_176' title='bbox 835 2451 1048 2520; x_wconf 90' lang='lat' dir='ltr'>inquit,</span> <span class='ocrx_word' id='word_1_177' title='bbox 1069 2451 1239 2505; x_wconf 81' lang='lat' dir='ltr'>facile</span> <span class='ocrx_word' id='word_1_178' title='bbox 1267 2459 1325 2505; x_wconf 92' lang='lat' dir='ltr'>et</span> <span class='ocrx_word' id='word_1_179' title='bbox 1350 2451 1514 2505; x_wconf 92' lang='lat' dir='ltr'>nullo</span> <span class='ocrx_word' id='word_1_180' title='bbox 1536 2451 1921 2522; x_wconf 86' lang='lat' dir='ltr'>prohibente:</span> <span class='ocrx_word' id='word_1_181' title='bbox 1952 2466 2058 2503; x_wconf 82' lang='lat' dir='ltr'>ne-</span> 
     </span>
    </p>
   </div>
   <div class='ocr_carea' id='block_1_28' title="bbox 405 2538 2057 2612">
    <p class='ocr_par' dir='ltr' id='par_1_28' title="bbox 405 2538 2057 2612">
     <span class='ocr_line' id='line_1_28' title="bbox 405 2538 2057 2612; baseline -0.002 -17"><span class='ocrx_word' id='word_1_182' title='bbox 405 2555 518 2610; x_wconf 76' lang='lat' dir='ltr'>que</span> <span class='ocrx_word' id='word_1_183' title='bbox 549 2538 704 2594; x_wconf 91' lang='lat' dir='ltr'>bona</span> <span class='ocrx_word' id='word_1_184' title='bbox 734 2539 906 2594; x_wconf 85' lang='lat' dir='ltr'>facile</span> <span class='ocrx_word' id='word_1_185' title='bbox 939 2545 996 2593; x_wconf 91' lang='lat' dir='ltr'>et</span> <span class='ocrx_word' id='word_1_186' title='bbox 1026 2541 1269 2594; x_wconf 90' lang='lat' dir='ltr'>omnino</span> <span class='ocrx_word' id='word_1_187' title='bbox 1313 2540 1714 2612; x_wconf 72' lang='lat' dir='ltr'>negligenter:</span> <span class='ocrx_word' id='word_1_188' title='bbox 1748 2540 1889 2593; x_wconf 69' lang='lat' dir='ltr'>Nam</span> <span class='ocrx_word' id='word_1_189' title='bbox 1925 2553 2057 2608; x_wconf 78' lang='lat' dir='ltr'>quin</span> 
     </span>
    </p>
   </div>
   <div class='ocr_carea' id='block_1_29' title="bbox 405 2625 2056 2699">
    <p class='ocr_par' dir='ltr' id='par_1_29' title="bbox 405 2625 2056 2699">
     <span class='ocr_line' id='line_1_29' title="bbox 405 2625 2056 2699; baseline -0.002 -17"><span class='ocrx_word' id='word_1_190' title='bbox 405 2630 487 2683; x_wconf 92' lang='lat' dir='ltr'>ita</span> <span class='ocrx_word' id='word_1_191' title='bbox 520 2629 687 2686; x_wconf 77' lang='lat' dir='ltr'>ﬁunt.</span> <span class='ocrx_word' id='word_1_192' title='bbox 719 2645 793 2683; x_wconf 92' lang='lat' dir='ltr'>ne</span> <span class='ocrx_word' id='word_1_193' title='bbox 823 2628 979 2683; x_wconf 90' lang='lat' dir='ltr'>bona</span> <span class='ocrx_word' id='word_1_194' title='bbox 1013 2627 1255 2698; x_wconf 83' lang='lat' dir='ltr'>quidem</span> <span class='ocrx_word' id='word_1_195' title='bbox 1290 2645 1418 2683; x_wconf 88' lang='lat' dir='ltr'>esse</span> <span class='ocrx_word' id='word_1_196' title='bbox 1453 2635 1712 2699; x_wconf 89' lang='lat' dir='ltr'>possent.</span> <span class='ocrx_word' id='word_1_197' title='bbox 1753 2653 1770 2673; x_wconf 86' lang='lat'><strong>-</strong></span> <span class='ocrx_word' id='word_1_198' title='bbox 1809 2626 1975 2692; x_wconf 87' lang='lat' dir='ltr'>Quod</span> <span class='ocrx_word' id='word_1_199' title='bbox 2008 2625 2056 2679; x_wconf 89' lang='lat' dir='ltr'>si</span> 
     </span>
    </p>
   </div>
   <div class='ocr_carea' id='block_1_30' title="bbox 407 2716 2055 2789">
    <p class='ocr_par' dir='ltr' id='par_1_30' title="bbox 407 2716 2055 2789">
     <span class='ocr_line' id='line_1_30' title="bbox 407 2716 2055 2789; baseline -0.002 -17"><span class='ocrx_word' id='word_1_200' title='bbox 407 2718 618 2789; x_wconf 82' lang='lat' dir='ltr'>spiritu</span> <span class='ocrx_word' id='word_1_201' title='bbox 650 2716 959 2772; x_wconf 91' lang='lat' dir='ltr'>ducimini.</span> <span class='ocrx_word' id='word_1_202' title='bbox 999 2740 1024 2765; x_wconf 77' lang='grc' dir='ltr'>υ</span> <span class='ocrx_word' id='word_1_203' title='bbox 1060 2719 1136 2781; x_wconf 88' lang='lat' dir='ltr'>Si,</span> <span class='ocrx_word' id='word_1_204' title='bbox 1199 2719 1412 2788; x_wconf 87' lang='lat' dir='ltr'>inquit.</span> <span class='ocrx_word' id='word_1_205' title='bbox 1463 2719 1634 2788; x_wconf 81' lang='lat' dir='ltr'>juxta</span> <span class='ocrx_word' id='word_1_206' title='bbox 1693 2716 2055 2771; x_wconf 85' lang='lat' dir='ltr'>voluntatem</span> 
     </span>
    </p>
   </div>
   <div class='ocr_carea' id='block_1_31' title="bbox 408 2805 2060 2876">
    <p class='ocr_par' dir='ltr' id='par_1_31' title="bbox 408 2805 2060 2876">
     <span class='ocr_line' id='line_1_31' title="bbox 408 2805 2060 2876; baseline -0.002 -15"><span class='ocrx_word' id='word_1_207' title='bbox 408 2808 595 2862; x_wconf 88' lang='lat' dir='ltr'>sancti</span> <span class='ocrx_word' id='word_1_208' title='bbox 627 2807 880 2876; x_wconf 84' lang='lat' dir='ltr'>Spiritus</span> <span class='ocrx_word' id='word_1_209' title='bbox 911 2807 1250 2871; x_wconf 89' lang='lat' dir='ltr'>ambulatis,</span> <span class='ocrx_word' id='word_1_210' title='bbox 1287 2825 1404 2861; x_wconf 92' lang='lat' dir='ltr'>non</span> <span class='ocrx_word' id='word_1_211' title='bbox 1430 2805 1836 2870; x_wconf 87' lang='lat' dir='ltr'>errabitis.Qui</span> <span class='ocrx_word' id='word_1_212' title='bbox 1861 2811 2060 2860; x_wconf 90' lang='lat' dir='ltr'>autem</span> 
     </span>
    </p>
   </div>
   <div class='ocr_carea' id='block_1_32' title="bbox 407 2893 2062 2968">
    <p class='ocr_par' dir='ltr' id='par_1_32' title="bbox 407 2893 2062 2968">
     <span class='ocr_line' id='line_1_32' title="bbox 407 2893 2062 2968; baseline -0.001 -19"><span class='ocrx_word' id='word_1_213' title='bbox 407 2897 469 2949; x_wconf 92' lang='lat' dir='ltr'>in</span> <span class='ocrx_word' id='word_1_214' title='bbox 501 2894 662 2950; x_wconf 88' lang='lat' dir='ltr'>nullo</span> <span class='ocrx_word' id='word_1_215' title='bbox 697 2896 931 2959; x_wconf 83' lang='lat' dir='ltr'>labitur,</span> <span class='ocrx_word' id='word_1_216' title='bbox 964 2914 1083 2951; x_wconf 90' lang='lat' dir='ltr'>non</span> <span class='ocrx_word' id='word_1_217' title='bbox 1117 2902 1246 2968; x_wconf 87' lang='lat' dir='ltr'>eget</span> <span class='ocrx_word' id='word_1_218' title='bbox 1274 2896 1398 2967; x_wconf 82' lang='lat' dir='ltr'>lege</span> <span class='ocrx_word' id='word_1_219' title='bbox 1431 2903 1532 2950; x_wconf 89' lang='lat' dir='ltr'>aut</span> <span class='ocrx_word' id='word_1_220' title='bbox 1558 2895 1807 2950; x_wconf 88' lang='lat' dir='ltr'>consilio</span> <span class='ocrx_word' id='word_1_221' title='bbox 1841 2893 1997 2965; x_wconf 88' lang='lat' dir='ltr'>quod</span> <span class='ocrx_word' id='word_1_222' title='bbox 2027 2910 2062 2948; x_wconf 92' lang='lat' dir='ltr'>a</span> 
     </span>
    </p>
   </div>
   <div class='ocr_carea' id='block_1_33' title="bbox 409 2983 2059 3056">
    <p class='ocr_par' dir='ltr' id='par_1_33' title="bbox 409 2983 2059 3056">
     <span class='ocr_line' id='line_1_33' title="bbox 409 2983 2059 3056; baseline 0 -19"><span class='ocrx_word' id='word_1_223' title='bbox 409 2983 537 3056; x_wconf 91' lang='lat' dir='ltr'>lege</span> <span class='ocrx_word' id='word_1_224' title='bbox 569 2991 822 3056; x_wconf 87' lang='lat' dir='ltr'>petatur.</span> <span class='ocrx_word' id='word_1_225' title='bbox 856 2985 958 3038; x_wconf 91' lang='lat' dir='ltr'>Cui</span> <span class='ocrx_word' id='word_1_226' title='bbox 992 3000 1126 3039; x_wconf 85' lang='lat' dir='ltr'>vero</span> <span class='ocrx_word' id='word_1_227' title='bbox 1155 2985 1280 3056; x_wconf 87' lang='lat' dir='ltr'>lege</span> <span class='ocrx_word' id='word_1_228' title='bbox 1303 3001 1421 3038; x_wconf 93' lang='lat' dir='ltr'>non</span> <span class='ocrx_word' id='word_1_229' title='bbox 1447 2991 1535 3040; x_wconf 89' lang='lat' dir='ltr'>est</span> <span class='ocrx_word' id='word_1_230' title='bbox 1551 2999 1927 3055; x_wconf 89' lang='lat' dir='ltr'>opus,neque</span> <span class='ocrx_word' id='word_1_231' title='bbox 1952 2983 2059 3038; x_wconf 91' lang='lat' dir='ltr'>sub</span> 
     </span>
    </p>
   </div>
   <div class='ocr_carea' id='block_1_34' title="bbox 415 3072 2062 3145">
    <p class='ocr_par' dir='ltr' id='par_1_34' title="bbox 415 3072 2062 3145">
     <span class='ocr_line' id='line_1_34' title="bbox 415 3072 2062 3145; baseline -0.001 -17"><span class='ocrx_word' id='word_1_232' title='bbox 415 3074 543 3145; x_wconf 83' lang='lat' dir='ltr'>lege</span> <span class='ocrx_word' id='word_1_233' title='bbox 576 3079 703 3128; x_wconf 83' lang='lat' dir='ltr'>est:</span> <span class='ocrx_word' id='word_1_234' title='bbox 737 3073 893 3144; x_wconf 90' lang='lat' dir='ltr'>quod</span> <span class='ocrx_word' id='word_1_235' title='bbox 925 3075 1099 3128; x_wconf 89' lang='lat' dir='ltr'>etiam</span> <span class='ocrx_word' id='word_1_236' title='bbox 1135 3073 1274 3128; x_wconf 87' lang='lat' dir='ltr'>alibi</span> <span class='ocrx_word' id='word_1_237' title='bbox 1310 3073 1472 3128; x_wconf 89' lang='lat' dir='ltr'>dicit.</span> <span class='ocrx_word' id='word_1_238' title='bbox 1500 3075 1665 3128; x_wconf 81' lang='lat' dir='ltr'>Justo</span> <span class='ocrx_word' id='word_1_239' title='bbox 1697 3089 1816 3127; x_wconf 92' lang='lat' dir='ltr'>non</span> <span class='ocrx_word' id='word_1_240' title='bbox 1849 3078 1938 3126; x_wconf 93' lang='lat' dir='ltr'>est</span> <span class='ocrx_word' id='word_1_241' title='bbox 1967 3072 2062 3127; x_wconf 82' lang='lat' dir='ltr'>lex</span> 
     </span>
    </p>
   </div>
   <div class='ocr_carea' id='block_1_35' title="bbox 409 3162 2053 3234">
    <p class='ocr_par' dir='ltr' id='par_1_35' title="bbox 409 3162 2053 3234">
     <span class='ocr_line' id='line_1_35' title="bbox 409 3162 2053 3234; baseline -0.001 -17"><span class='ocrx_word' id='word_1_242' title='bbox 409 3163 622 3233; x_wconf 90' lang='lat' dir='ltr'>posita.</span> <span class='ocrx_word' id='word_1_243' title='bbox 655 3165 881 3217; x_wconf 87' lang='lat' dir='ltr'>«Porro</span> <span class='ocrx_word' id='word_1_244' title='bbox 905 3163 1221 3218; x_wconf 81' lang='lat' dir='ltr'>manifesta</span> <span class='ocrx_word' id='word_1_245' title='bbox 1240 3169 1395 3217; x_wconf 89' lang='lat' dir='ltr'>sunt.</span> <span class='ocrx_word' id='word_1_246' title='bbox 1423 3185 1445 3208; x_wconf 78' lang='grc' dir='ltr'><strong>υ</strong></span> <span class='ocrx_word' id='word_1_247' title='bbox 1471 3164 1774 3234; x_wconf 88' lang='lat' dir='ltr'>Tanquam</span> <span class='ocrx_word' id='word_1_248' title='bbox 1797 3162 2053 3216; x_wconf 88' lang='lat' dir='ltr'>diceret:</span> 
     </span>
    </p>
   </div>
   <div class='ocr_carea' id='block_1_36' title="bbox 408 3249 2056 3322">
    <p class='ocr_par' dir='ltr' id='par_1_36' title="bbox 408 3249 2056 3322">
     <span class='ocr_line' id='line_1_36' title="bbox 408 3249 2056 3322; baseline 0.001 -19"><span class='ocrx_word' id='word_1_249' title='bbox 408 3254 488 3305; x_wconf 79' lang='lat' dir='ltr'>Ex</span> <span class='ocrx_word' id='word_1_250' title='bbox 516 3251 662 3322; x_wconf 88' lang='lat' dir='ltr'>ipsis</span> <span class='ocrx_word' id='word_1_251' title='bbox 702 3251 990 3306; x_wconf 89' lang='lat' dir='ltr'>fructibus</span> <span class='ocrx_word' id='word_1_252' title='bbox 1020 3252 1388 3321; x_wconf 84' lang='lat' dir='ltr'>cognoscetis</span> <span class='ocrx_word' id='word_1_253' title='bbox 1447 3267 1684 3322; x_wconf 86' lang='lat' dir='ltr'>pravam</span> <span class='ocrx_word' id='word_1_254' title='bbox 1732 3256 1791 3305; x_wconf 92' lang='lat' dir='ltr'>et</span> <span class='ocrx_word' id='word_1_255' title='bbox 1837 3249 2056 3305; x_wconf 89' lang='lat' dir='ltr'>malam</span> 
     </span>
    </p>
   </div>
   <div class='ocr_carea' id='block_1_37' title="bbox 409 3339 2054 3407">
    <p class='ocr_par' dir='ltr' id='par_1_37' title="bbox 409 3339 2054 3407">
     <span class='ocr_line' id='line_1_37' title="bbox 409 3339 2054 3407; baseline -0.001 -14"><span class='ocrx_word' id='word_1_256' title='bbox 409 3340 936 3394; x_wconf 87' lang='lat' dir='ltr'>conversationem.</span> <span class='ocrx_word' id='word_1_257' title='bbox 963 3341 1217 3394; x_wconf 80' lang='lat' dir='ltr'>Rursum</span> <span class='ocrx_word' id='word_1_258' title='bbox 1243 3346 1441 3395; x_wconf 90' lang='lat' dir='ltr'>autem</span> <span class='ocrx_word' id='word_1_259' title='bbox 1463 3340 1666 3394; x_wconf 89' lang='lat' dir='ltr'>Carnis</span> <span class='ocrx_word' id='word_1_260' title='bbox 1680 3339 1918 3402; x_wconf 92' lang='lat' dir='ltr'>dicit,id</span> <span class='ocrx_word' id='word_1_261' title='bbox 1947 3344 2054 3407; x_wconf 91' lang='lat' dir='ltr'>est,</span> 
     </span>
    </p>
   </div>
   <div class='ocr_carea' id='block_1_38' title="bbox 405 3427 2053 3498">
    <p class='ocr_par' dir='ltr' id='par_1_38' title="bbox 405 3427 2053 3498">
     <span class='ocr_line' id='line_1_38' title="bbox 405 3427 2053 3498; baseline 0.002 -18"><span class='ocrx_word' id='word_1_262' title='bbox 405 3433 694 3496; x_wconf 64' lang='lat' dir='ltr'>corrupta:</span> <span class='ocrx_word' id='word_1_263' title='bbox 726 3427 1120 3498; x_wconf 85' lang='lat' dir='ltr'>cogitationis.</span> <span class='ocrx_word' id='word_1_264' title='bbox 1156 3435 1215 3482; x_wconf 90' lang='lat' dir='ltr'>et</span> <span class='ocrx_word' id='word_1_265' title='bbox 1242 3435 1498 3482; x_wconf 62' lang='lat' dir='ltr'>terrena:</span> <span class='ocrx_word' id='word_1_266' title='bbox 1529 3445 1595 3483; x_wconf 92' lang='lat' dir='ltr'>ac</span> <span class='ocrx_word' id='word_1_267' title='bbox 1627 3429 1881 3483; x_wconf 87' lang='lat' dir='ltr'>carnalis</span> <span class='ocrx_word' id='word_1_268' title='bbox 1904 3428 2053 3484; x_wconf 69' lang='lat' dir='ltr'>vitae.</span> 
     </span>
    </p>
   </div>
   <div class='ocr_carea' id='block_1_39' title="bbox 403 3515 2054 3588">
    <p class='ocr_par' dir='ltr' id='par_1_39' title="bbox 403 3515 2054 3588">
     <span class='ocr_line' id='line_1_39' title="bbox 403 3515 2054 3588; baseline 0 -18"><span class='ocrx_word' id='word_1_269' title='bbox 403 3538 430 3564; x_wconf 85' lang='grc'>‹‹</span> <span class='ocrx_word' id='word_1_270' title='bbox 460 3516 650 3585; x_wconf 90' lang='lat' dir='ltr'>Opera</span> <span class='ocrx_word' id='word_1_271' title='bbox 671 3515 890 3569; x_wconf 89' lang='lat' dir='ltr'>carnis.</span> <span class='ocrx_word' id='word_1_272' title='bbox 923 3538 949 3563; x_wconf 85' lang='grc'>››</span> <span class='ocrx_word' id='word_1_273' title='bbox 973 3517 1343 3570; x_wconf 81' lang='lat' dir='ltr'>Manifestum</span> <span class='ocrx_word' id='word_1_274' title='bbox 1373 3522 1612 3588; x_wconf 84' lang='lat' dir='ltr'>estergo</span> <span class='ocrx_word' id='word_1_275' title='bbox 1632 3517 1788 3586; x_wconf 90' lang='lat' dir='ltr'>quod</span> <span class='ocrx_word' id='word_1_276' title='bbox 1803 3517 2054 3571; x_wconf 87' lang='lat' dir='ltr'>Carnem</span> 
     </span>
    </p>
   </div>
   <div class='ocr_carea' id='block_1_40' title="bbox 403 3603 2058 3671">
    <p class='ocr_par' dir='ltr' id='par_1_40' title="bbox 403 3603 2058 3671">
     <span class='ocr_line' id='line_1_40' title="bbox 403 3603 2058 3671; baseline 0 -14"><span class='ocrx_word' id='word_1_277' title='bbox 403 3603 560 3657; x_wconf 89' lang='lat' dir='ltr'>dicat</span> <span class='ocrx_word' id='word_1_278' title='bbox 591 3603 889 3658; x_wconf 84' lang='lat' dir='ltr'>carnalem</span> <span class='ocrx_word' id='word_1_279' title='bbox 912 3620 1174 3668; x_wconf 88' lang='lat' dir='ltr'>sensum,</span> <span class='ocrx_word' id='word_1_280' title='bbox 1199 3605 1307 3659; x_wconf 89' lang='lat' dir='ltr'>hoc</span> <span class='ocrx_word' id='word_1_281' title='bbox 1327 3611 1434 3671; x_wconf 89' lang='lat' dir='ltr'>est,</span> <span class='ocrx_word' id='word_1_282' title='bbox 1462 3605 1912 3660; x_wconf 91' lang='lat' dir='ltr'>inclinationem</span> <span class='ocrx_word' id='word_1_283' title='bbox 1937 3603 2058 3658; x_wconf 87' lang='lat' dir='ltr'>ani-</span> 
     </span>
    </p>
   </div>
   <div class='ocr_carea' id='block_1_41' title="bbox 405 3691 2049 3764">
    <p class='ocr_par' dir='ltr' id='par_1_41' title="bbox 405 3691 2049 3764">
     <span class='ocr_line' id='line_1_41' title="bbox 405 3691 2049 3764; baseline 0.001 -18"><span class='ocrx_word' id='word_1_284' title='bbox 405 3709 514 3746; x_wconf 68' lang='lat' dir='ltr'>mae</span> <span class='ocrx_word' id='word_1_285' title='bbox 547 3691 621 3746; x_wconf 89' lang='lat' dir='ltr'>ad</span> <span class='ocrx_word' id='word_1_286' title='bbox 652 3692 968 3758; x_wconf 87' lang='lat' dir='ltr'>deteriora,</span> <span class='ocrx_word' id='word_1_287' title='bbox 1026 3694 1300 3764; x_wconf 89' lang='lat' dir='ltr'>spiritum</span> <span class='ocrx_word' id='word_1_288' title='bbox 1351 3711 1483 3748; x_wconf 87' lang='lat' dir='ltr'>vero</span> <span class='ocrx_word' id='word_1_289' title='bbox 1532 3693 1731 3748; x_wconf 88' lang='lat' dir='ltr'>datam</span> <span class='ocrx_word' id='word_1_290' title='bbox 1779 3693 2049 3762; x_wconf 82' lang='lat' dir='ltr'>gratiam.</span> 
     </span>
    </p>
   </div>
   <div class='ocr_carea' id='block_1_42' title="bbox 405 3781 2052 3844">
    <p class='ocr_par' dir='ltr' id='par_1_42' title="bbox 405 3781 2052 3844">
     <span class='ocr_line' id='line_1_42' title="bbox 405 3781 2052 3844; baseline 0 -8"><span class='ocrx_word' id='word_1_291' title='bbox 405 3804 433 3831; x_wconf 89' lang='lat'><strong>«</strong></span> <span class='ocrx_word' id='word_1_292' title='bbox 469 3781 876 3844; x_wconf 80' lang='lat' dir='ltr'>Immuiiditia,</span> <span class='ocrx_word' id='word_1_293' title='bbox 908 3782 1161 3838; x_wconf 85' lang='lat' dir='ltr'>lascivia.</span> <span class='ocrx_word' id='word_1_294' title='bbox 1204 3807 1230 3832; x_wconf 89' lang='grc'><strong>››</strong></span> <span class='ocrx_word' id='word_1_295' title='bbox 1272 3783 1717 3838; x_wconf 87' lang='lat' dir='ltr'>lmmuiiditiam</span> <span class='ocrx_word' id='word_1_296' title='bbox 1765 3799 1833 3837; x_wconf 90' lang='lat' dir='ltr'>ac</span> <span class='ocrx_word' id='word_1_297' title='bbox 1876 3782 2052 3837; x_wconf 84' lang='lat' dir='ltr'>lasci-</span> 
     </span>
    </p>
   </div>
   <div class='ocr_carea' id='block_1_43' title="bbox 403 3871 2053 3945">
    <p class='ocr_par' dir='ltr' id='par_1_43' title="bbox 403 3871 2053 3945">
     <span class='ocr_line' id='line_1_43' title="bbox 403 3871 2053 3945; baseline 0.001 -21"><span class='ocrx_word' id='word_1_298' title='bbox 403 3871 553 3925; x_wconf 85' lang='lat' dir='ltr'>viam</span> <span class='ocrx_word' id='word_1_299' title='bbox 577 3871 721 3926; x_wconf 87' lang='lat' dir='ltr'>dicit</span> <span class='ocrx_word' id='word_1_300' title='bbox 747 3878 944 3943; x_wconf 87' lang='lat' dir='ltr'>turpes</span> <span class='ocrx_word' id='word_1_301' title='bbox 969 3874 1156 3945; x_wconf 87' lang='lat' dir='ltr'>stupri</span> <span class='ocrx_word' id='word_1_302' title='bbox 1189 3872 1412 3928; x_wconf 89' lang='lat' dir='ltr'>modos.</span> <span class='ocrx_word' id='word_1_303' title='bbox 1443 3899 1463 3924; x_wconf 75' lang='grc' dir='ltr'>ιι</span> <span class='ocrx_word' id='word_1_304' title='bbox 1486 3872 1870 3939; x_wconf 78' lang='lat' dir='ltr'>Inimicitiae,»</span> <span class='ocrx_word' id='word_1_305' title='bbox 1897 3871 2053 3944; x_wconf 84' lang='lat' dir='ltr'>inju-</span> 
     </span>
    </p>
   </div>
   <div class='ocr_carea' id='block_1_44' title="bbox 401 3958 2052 4034">
    <p class='ocr_par' dir='ltr' id='par_1_44' title="bbox 401 3958 2052 4034">
     <span class='ocr_line' id='line_1_44' title="bbox 401 3958 2052 4034; baseline 0.002 -22"><span class='ocrx_word' id='word_1_306' title='bbox 401 3965 504 4013; x_wconf 63' lang='lat' dir='ltr'>stce</span> <span class='ocrx_word' id='word_1_307' title='bbox 546 3958 838 4016; x_wconf 87' lang='lat' dir='ltr'>videlicet.</span> <span class='ocrx_word' id='word_1_308' title='bbox 886 3963 1029 4016; x_wconf 81' lang='lat' dir='ltr'>Nam</span> <span class='ocrx_word' id='word_1_309' title='bbox 1063 3969 1202 4016; x_wconf 89' lang='lat' dir='ltr'>sunt</span> <span class='ocrx_word' id='word_1_310' title='bbox 1233 3962 1488 4034; x_wconf 70' lang='lat' dir='ltr'>etjustaa</span> <span class='ocrx_word' id='word_1_311' title='bbox 1522 3961 1871 4024; x_wconf 79' lang='lat' dir='ltr'>inimicitiae,</span> <span class='ocrx_word' id='word_1_312' title='bbox 1921 3976 2052 4031; x_wconf 70' lang='lat' dir='ltr'>quin</span> 
     </span>
    </p>
   </div>
   <div class='ocr_carea' id='block_1_45' title="bbox 396 4046 2050 4121">
    <p class='ocr_par' dir='ltr' id='par_1_45' title="bbox 396 4046 2050 4121">
     <span class='ocr_line' id='line_1_45' title="bbox 396 4046 2050 4121; baseline 0 -21"><span class='ocrx_word' id='word_1_313' title='bbox 396 4052 632 4118; x_wconf 83' lang='lat' dir='ltr'>prOpter</span> <span class='ocrx_word' id='word_1_314' title='bbox 670 4046 849 4102; x_wconf 83' lang='lat' dir='ltr'>ﬁdem</span> <span class='ocrx_word' id='word_1_315' title='bbox 881 4056 1216 4103; x_wconf 90' lang='lat' dir='ltr'>sumuntur.</span> <span class='ocrx_word' id='word_1_316' title='bbox 1255 4049 1310 4103; x_wconf 92' lang='lat' dir='ltr'>Si</span> <span class='ocrx_word' id='word_1_317' title='bbox 1343 4049 1626 4121; x_wconf 89' lang='lat' dir='ltr'>possibile</span> <span class='ocrx_word' id='word_1_318' title='bbox 1671 4054 1782 4114; x_wconf 87' lang='lat' dir='ltr'>est,</span> <span class='ocrx_word' id='word_1_319' title='bbox 1833 4048 2050 4118; x_wconf 90' lang='lat' dir='ltr'>inquit,</span> 
     </span>
    </p>
   </div>
   <div class='ocr_carea' id='block_1_46' title="bbox 398 4135 2048 4208">
    <p class='ocr_par' dir='ltr' id='par_1_46' title="bbox 398 4135 2048 4208">
     <span class='ocr_line' id='line_1_46' title="bbox 398 4135 2048 4208; baseline 0.001 -21"><span class='ocrx_word' id='word_1_320' title='bbox 398 4140 688 4204; x_wconf 87' lang='lat' dir='ltr'>quantum</span> <span class='ocrx_word' id='word_1_321' title='bbox 716 4151 785 4188; x_wconf 78' lang='lat' dir='ltr'>ex</span> <span class='ocrx_word' id='word_1_322' title='bbox 807 4135 969 4190; x_wconf 86' lang='lat' dir='ltr'>vobis</span> <span class='ocrx_word' id='word_1_323' title='bbox 993 4143 1102 4204; x_wconf 91' lang='lat' dir='ltr'>est,</span> <span class='ocrx_word' id='word_1_324' title='bbox 1130 4154 1265 4191; x_wconf 88' lang='lat' dir='ltr'>cum</span> <span class='ocrx_word' id='word_1_325' title='bbox 1289 4138 1564 4192; x_wconf 89' lang='lat' dir='ltr'>omnibus</span> <span class='ocrx_word' id='word_1_326' title='bbox 1585 4138 1644 4192; x_wconf 91' lang='lat' dir='ltr'>in</span> <span class='ocrx_word' id='word_1_327' title='bbox 1669 4153 1812 4208; x_wconf 90' lang='lat' dir='ltr'>pace</span> <span class='ocrx_word' id='word_1_328' title='bbox 1844 4136 2048 4190; x_wconf 91' lang='lat' dir='ltr'>vivite:</span> 
     </span>
    </p>
   </div>
   <div class='ocr_carea' id='block_1_47' title="bbox 400 4223 2048 4296">
    <p class='ocr_par' dir='ltr' id='par_1_47' title="bbox 400 4223 2048 4296">
     <span class='ocr_line' id='line_1_47' title="bbox 400 4223 2048 4296; baseline 0.002 -21"><span class='ocrx_word' id='word_1_329' title='bbox 400 4223 482 4277; x_wconf 91' lang='lat' dir='ltr'>ita</span> <span class='ocrx_word' id='word_1_330' title='bbox 511 4229 577 4276; x_wconf 91' lang='lat' dir='ltr'>ut</span> <span class='ocrx_word' id='word_1_331' title='bbox 599 4223 982 4279; x_wconf 82' lang='lat' dir='ltr'>manifestum</span> <span class='ocrx_word' id='word_1_332' title='bbox 1009 4227 1086 4280; x_wconf 90' lang='lat' dir='ltr'>sit</span> <span class='ocrx_word' id='word_1_333' title='bbox 1114 4226 1416 4281; x_wconf 90' lang='lat' dir='ltr'>interdum</span> <span class='ocrx_word' id='word_1_334' title='bbox 1448 4243 1568 4280; x_wconf 91' lang='lat' dir='ltr'>non</span> <span class='ocrx_word' id='word_1_335' title='bbox 1592 4243 1720 4281; x_wconf 90' lang='lat' dir='ltr'>esse</span> <span class='ocrx_word' id='word_1_336' title='bbox 1745 4225 2048 4296; x_wconf 90' lang='lat' dir='ltr'>possibile.</span> 
     </span>
    </p>
   </div>
   <div class='ocr_carea' id='block_1_48' title="bbox 404 4312 2052 4386">
    <p class='ocr_par' dir='ltr' id='par_1_48' title="bbox 404 4312 2052 4386">
     <span class='ocr_line' id='line_1_48' title="bbox 404 4312 2052 4386; baseline 0.001 -20"><span class='ocrx_word' id='word_1_337' title='bbox 404 4335 430 4360; x_wconf 84' lang='grc'><em>‹‹</em></span> <span class='ocrx_word' id='word_1_338' title='bbox 464 4312 906 4370; x_wconf 69' lang='grc' dir='ltr'>Ᾱεωυιίιιὶουθε.</span> <span class='ocrx_word' id='word_1_339' title='bbox 947 4338 973 4362; x_wconf 76' lang='lat' dir='ltr'>ii</span> <span class='ocrx_word' id='word_1_340' title='bbox 996 4315 1195 4385; x_wconf 82' lang='lat' dir='ltr'>Neque</span> <span class='ocrx_word' id='word_1_341' title='bbox 1215 4316 1371 4369; x_wconf 91' lang='lat' dir='ltr'>enim</span> <span class='ocrx_word' id='word_1_342' title='bbox 1397 4315 1913 4386; x_wconf 60' lang='lat' dir='ltr'>oportetmmulari</span> <span class='ocrx_word' id='word_1_343' title='bbox 1934 4314 2052 4368; x_wconf 91' lang='lat' dir='ltr'>sive</span> 
     </span>
    </p>
   </div>
   <div class='ocr_carea' id='block_1_49' title="bbox 402 4401 2051 4475">
    <p class='ocr_par' dir='ltr' id='par_1_49' title="bbox 402 4401 2051 4475">
     <span class='ocr_line' id='line_1_49' title="bbox 402 4401 2051 4475; baseline 0.003 -23"><span class='ocrx_word' id='word_1_344' title='bbox 402 4401 798 4464; x_wconf 87' lang='lat' dir='ltr'>invidere,sed</span> <span class='ocrx_word' id='word_1_345' title='bbox 819 4401 1074 4474; x_wconf 87' lang='lat' dir='ltr'>gaudere</span> <span class='ocrx_word' id='word_1_346' title='bbox 1093 4419 1227 4458; x_wconf 90' lang='lat' dir='ltr'>cum</span> <span class='ocrx_word' id='word_1_347' title='bbox 1250 4403 1642 4475; x_wconf 89' lang='lat' dir='ltr'>gaudentibus</span> <span class='ocrx_word' id='word_1_348' title='bbox 1667 4411 1726 4458; x_wconf 91' lang='lat' dir='ltr'>et</span> <span class='ocrx_word' id='word_1_349' title='bbox 1748 4403 1890 4459; x_wconf 82' lang='lat' dir='ltr'>ﬂere</span> <span class='ocrx_word' id='word_1_350' title='bbox 1916 4419 2051 4458; x_wconf 88' lang='lat' dir='ltr'>cum</span> 
     </span>
    </p>
   </div>
   <div class='ocr_carea' id='block_1_50' title="bbox 401 4489 2050 4557">
    <p class='ocr_par' dir='ltr' id='par_1_50' title="bbox 401 4489 2050 4557">
     <span class='ocr_line' id='line_1_50' title="bbox 401 4489 2050 4557; baseline 0.002 -14"><span class='ocrx_word' id='word_1_351' title='bbox 401 4489 701 4546; x_wconf 82' lang='lat' dir='ltr'>ﬂentibus.</span> <span class='ocrx_word' id='word_1_352' title='bbox 741 4514 767 4541; x_wconf 85' lang='lat'><strong>«</strong></span> <span class='ocrx_word' id='word_1_353' title='bbox 789 4492 1290 4546; x_wconf 90' lang='lat' dir='ltr'>Concertationes.</span> <span class='ocrx_word' id='word_1_354' title='bbox 1317 4515 1345 4540; x_wconf 88' lang='grc'><strong><em>››</em></strong></span> <span class='ocrx_word' id='word_1_355' title='bbox 1369 4493 1485 4547; x_wconf 89' lang='lat' dir='ltr'>lloc</span> <span class='ocrx_word' id='word_1_356' title='bbox 1509 4499 1618 4557; x_wconf 91' lang='lat' dir='ltr'>est,</span> <span class='ocrx_word' id='word_1_357' title='bbox 1638 4494 2050 4547; x_wconf 86' lang='lat' dir='ltr'>contentiones</span> 
     </span>
    </p>
   </div>
   <div class='ocr_carea' id='block_1_51' title="bbox 2159 565 3815 648">
    <p class='ocr_par' dir='ltr' id='par_1_51' title="bbox 2159 565 3815 648">
     <span class='ocr_line' id='line_1_51' title="bbox 2159 565 3815 648; baseline 0.005 -28"><span class='ocrx_word' id='word_1_358' title='bbox 2159 567 2398 629; x_wconf 69' lang='grc' dir='ltr'>τούτοις.</span> <span class='ocrx_word' id='word_1_359' title='bbox 2432 569 2502 624; x_wconf 76' lang='grc' dir='ltr'><strong>Ἀ</strong></span> <span class='ocrx_word' id='word_1_360' title='bbox 2527 565 2782 643; x_wconf 66' lang='grc' dir='ltr'>προλέγω</span> <span class='ocrx_word' id='word_1_361' title='bbox 2815 569 2968 643; x_wconf 82' lang='grc' dir='ltr'>ὖμῖν,</span> <span class='ocrx_word' id='word_1_362' title='bbox 3002 571 3182 634; x_wconf 83' lang='grc' dir='ltr'>καθὼς</span> <span class='ocrx_word' id='word_1_363' title='bbox 3214 574 3302 627; x_wconf 76' lang='grc' dir='ltr'>καὶ</span> <span class='ocrx_word' id='word_1_364' title='bbox 3339 578 3638 648; x_wconf 85' lang='grc' dir='ltr'>προεῖπον,</span> <span class='ocrx_word' id='word_1_365' title='bbox 3671 576 3815 629; x_wconf 74' lang='grc' dir='ltr'>ὅτιοὶ</span> 
     </span>
    </p>
   </div>
   <div class='ocr_carea' id='block_1_52' title="bbox 2161 656 3817 737">
    <p class='ocr_par' dir='ltr' id='par_1_52' title="bbox 2161 656 3817 737">
     <span class='ocr_line' id='line_1_52' title="bbox 2161 656 3817 737; baseline 0.004 -25"><span class='ocrx_word' id='word_1_366' title='bbox 2161 656 2226 712; x_wconf 81' lang='grc' dir='ltr'>τὰ</span> <span class='ocrx_word' id='word_1_367' title='bbox 2256 661 2480 712; x_wconf 78' lang='grc' dir='ltr'>τοιαῦτα</span> <span class='ocrx_word' id='word_1_368' title='bbox 2513 659 2865 732; x_wconf 78' lang='grc' dir='ltr'>πράσσοντες,</span> <span class='ocrx_word' id='word_1_369' title='bbox 2901 659 3185 734; x_wconf 85' lang='grc' dir='ltr'>βασιλείαν</span> <span class='ocrx_word' id='word_1_370' title='bbox 3255 667 3389 718; x_wconf 76' lang='grc' dir='ltr'>Θεοῦ</span> <span class='ocrx_word' id='word_1_371' title='bbox 3438 663 3504 718; x_wconf 76' lang='grc' dir='ltr'>οὐ</span> <span class='ocrx_word' id='word_1_372' title='bbox 3558 661 3817 737; x_wconf 66' lang='grc' dir='ltr'>κληρονοο</span> 
     </span>
    </p>
   </div>
   <div class='ocr_carea' id='block_1_53' title="bbox 2168 748 2452 818">
    <p class='ocr_par' dir='ltr' id='par_1_53' title="bbox 2168 748 2452 818">
     <span class='ocr_line' id='line_1_53' title="bbox 2168 748 2452 818; baseline 0.014 -18"><span class='ocrx_word' id='word_1_373' title='bbox 2168 748 2452 818; x_wconf 67' lang='grc' dir='ltr'>μήσουσιν.</span> 
     </span>
    </p>
   </div>
   <div class='ocr_carea' id='block_1_54' title="bbox 2236 836 3819 917">
    <p class='ocr_par' dir='ltr' id='par_1_54' title="bbox 2236 836 3819 917">
     <span class='ocr_line' id='line_1_54' title="bbox 2236 836 3819 917; baseline 0.004 -28"><span class='ocrx_word' id='word_1_374' title='bbox 2236 861 2264 884; x_wconf 83' lang='grc'>‹‹</span> <span class='ocrx_word' id='word_1_375' title='bbox 2301 836 2571 909; x_wconf 61' lang='lat' dir='ltr'>Ilva-3pm</span> <span class='ocrx_word' id='word_1_376' title='bbox 2629 843 2996 911; x_wconf 80' lang='grc' dir='ltr'>περιπατεῖτε.</span> <span class='ocrx_word' id='word_1_377' title='bbox 3061 863 3086 890; x_wconf 84' lang='lat' dir='ltr'>ii</span> <span class='ocrx_word' id='word_1_378' title='bbox 3154 843 3306 897; x_wconf 82' lang='grc' dir='ltr'>Κατά</span> <span class='ocrx_word' id='word_1_379' title='bbox 3357 847 3605 914; x_wconf 70' lang='grc' dir='ltr'>πνεῦμα,</span> <span class='ocrx_word' id='word_1_380' title='bbox 3672 843 3819 917; x_wconf 63' lang='grc' dir='ltr'>φησὶ,</span> 
     </span>
    </p>
   </div>
   <div class='ocr_carea' id='block_1_55' title="bbox 2163 924 3822 1006">
    <p class='ocr_par' dir='ltr' id='par_1_55' title="bbox 2163 924 3822 1006">
     <span class='ocr_line' id='line_1_55' title="bbox 2163 924 3822 1006; baseline 0.004 -29"><span class='ocrx_word' id='word_1_381' title='bbox 2163 926 2252 978; x_wconf 77' lang='grc' dir='ltr'>καί</span> <span class='ocrx_word' id='word_1_382' title='bbox 2286 929 2350 979; x_wconf 81' lang='grc' dir='ltr'>τὰ</span> <span class='ocrx_word' id='word_1_383' title='bbox 2384 927 2533 996; x_wconf 84' lang='grc' dir='ltr'>αὐτῷ</span> <span class='ocrx_word' id='word_1_384' title='bbox 2563 924 2829 982; x_wconf 78' lang='grc' dir='ltr'>δοκοῦντα</span> <span class='ocrx_word' id='word_1_385' title='bbox 2889 927 3100 1005; x_wconf 75' lang='grc' dir='ltr'>διάγετε</span> <span class='ocrx_word' id='word_1_386' title='bbox 3158 931 3246 984; x_wconf 86' lang='grc' dir='ltr'>καὶ</span> <span class='ocrx_word' id='word_1_387' title='bbox 3309 933 3519 1006; x_wconf 78' lang='grc' dir='ltr'>βιοῦτε,</span> <span class='ocrx_word' id='word_1_388' title='bbox 3583 933 3678 985; x_wconf 78' lang='grc' dir='ltr'>καὶ</span> <span class='ocrx_word' id='word_1_389' title='bbox 3735 934 3822 986; x_wconf 75' lang='grc' dir='ltr'>οὐκ</span> 
     </span>
    </p>
   </div>
   <div class='ocr_carea' id='block_1_56' title="bbox 2164 1011 3822 1097">
    <p class='ocr_par' dir='ltr' id='par_1_56' title="bbox 2164 1011 3822 1097">
     <span class='ocr_line' id='line_1_56' title="bbox 2164 1011 3822 1097; baseline 0.004 -29"><span class='ocrx_word' id='word_1_390' title='bbox 2164 1011 2224 1068; x_wconf 69' lang='grc' dir='ltr'>ἄν</span> <span class='ocrx_word' id='word_1_391' title='bbox 2286 1013 2626 1088; x_wconf 67' lang='grc' dir='ltr'><strong>πληρώσητε</strong></span> <span class='ocrx_word' id='word_1_392' title='bbox 2685 1018 2881 1090; x_wconf 85' lang='grc' dir='ltr'>σαρκὸς</span> <span class='ocrx_word' id='word_1_393' title='bbox 2937 1017 3252 1090; x_wconf 81' lang='grc' dir='ltr'>ἐπιθυμίαν,</span> <span class='ocrx_word' id='word_1_394' title='bbox 3316 1045 3344 1071; x_wconf 92' lang='grc'>‹‹</span> <span class='ocrx_word' id='word_1_395' title='bbox 3403 1022 3465 1076; x_wconf 79' lang='grc' dir='ltr'>ἸΙ</span> <span class='ocrx_word' id='word_1_396' title='bbox 3537 1021 3648 1097; x_wconf 72' lang='grc' dir='ltr'>γάρ</span> <span class='ocrx_word' id='word_1_397' title='bbox 3710 1021 3822 1095; x_wconf 74' lang='grc' dir='ltr'>σάρξ</span> 
     </span>
    </p>
   </div>
   <div class='ocr_carea' id='block_1_57' title="bbox 2161 1100 3821 1182">
    <p class='ocr_par' dir='ltr' id='par_1_57' title="bbox 2161 1100 3821 1182">
     <span class='ocr_line' id='line_1_57' title="bbox 2161 1100 3821 1182; baseline 0.005 -28"><span class='ocrx_word' id='word_1_398' title='bbox 2161 1100 2418 1164; x_wconf 69' lang='grc' dir='ltr'>ἐπιουμεῖ</span> <span class='ocrx_word' id='word_1_399' title='bbox 2444 1105 2580 1158; x_wconf 82' lang='grc' dir='ltr'>κατά</span> <span class='ocrx_word' id='word_1_400' title='bbox 2607 1109 2704 1158; x_wconf 76' lang='grc' dir='ltr'>τοῦ</span> <span class='ocrx_word' id='word_1_401' title='bbox 2734 1107 3061 1179; x_wconf 52' lang='grc' dir='ltr'>πώματος.</span> <span class='ocrx_word' id='word_1_402' title='bbox 3098 1131 3125 1158; x_wconf 86' lang='lat' dir='ltr'>ii</span> <span class='ocrx_word' id='word_1_403' title='bbox 3187 1109 3365 1182; x_wconf 85' lang='grc' dir='ltr'>Σάρκα</span> <span class='ocrx_word' id='word_1_404' title='bbox 3424 1108 3684 1177; x_wconf 71' lang='grc' dir='ltr'>ἐνταῦθα,</span> <span class='ocrx_word' id='word_1_405' title='bbox 3739 1111 3821 1171; x_wconf 76' lang='grc' dir='ltr'>τὰς</span> 
     </span>
    </p>
   </div>
   <div class='ocr_carea' id='block_1_58' title="bbox 2163 1193 3822 1271">
    <p class='ocr_par' dir='ltr' id='par_1_58' title="bbox 2163 1193 3822 1271">
     <span class='ocr_line' id='line_1_58' title="bbox 2163 1193 3822 1271; baseline 0.005 -27"><span class='ocrx_word' id='word_1_406' title='bbox 2163 1194 2422 1264; x_wconf 78' lang='grc' dir='ltr'>σαρκικΞις</span> <span class='ocrx_word' id='word_1_407' title='bbox 2455 1193 2543 1247; x_wconf 84' lang='grc' dir='ltr'>καὶ</span> <span class='ocrx_word' id='word_1_408' title='bbox 2585 1195 2826 1269; x_wconf 71' lang='grc' dir='ltr'>πονηράς</span> <span class='ocrx_word' id='word_1_409' title='bbox 2879 1195 3170 1268; x_wconf 77' lang='grc' dir='ltr'>ἐπιθυμίας</span> <span class='ocrx_word' id='word_1_410' title='bbox 3232 1195 3404 1271; x_wconf 70' lang='grc' dir='ltr'>λέγει.</span> <span class='ocrx_word' id='word_1_411' title='bbox 3469 1201 3702 1270; x_wconf 68' lang='grc' dir='ltr'>Πνεῦμα</span> <span class='ocrx_word' id='word_1_412' title='bbox 3757 1194 3822 1266; x_wconf 74' lang='grc' dir='ltr'>εδ,</span> 
     </span>
    </p>
   </div>
   <div class='ocr_carea' id='block_1_59' title="bbox 2161 1280 3824 1362">
    <p class='ocr_par' dir='ltr' id='par_1_59' title="bbox 2161 1280 3824 1362">
     <span class='ocr_line' id='line_1_59' title="bbox 2161 1280 3824 1362; baseline 0.004 -28"><span class='ocrx_word' id='word_1_413' title='bbox 2161 1281 2261 1349; x_wconf 71' lang='grc' dir='ltr'>τὴν</span> <span class='ocrx_word' id='word_1_414' title='bbox 2292 1280 2378 1336; x_wconf 78' lang='grc' dir='ltr'>ἐπὶ</span> <span class='ocrx_word' id='word_1_415' title='bbox 2411 1284 2478 1355; x_wconf 79' lang='grc' dir='ltr'>τῇ</span> <span class='ocrx_word' id='word_1_416' title='bbox 2509 1281 2675 1356; x_wconf 79' lang='grc' dir='ltr'>ἀρετῇ</span> <span class='ocrx_word' id='word_1_417' title='bbox 2722 1285 2887 1362; x_wconf 81' lang='grc' dir='ltr'>χάριν</span> <span class='ocrx_word' id='word_1_418' title='bbox 2942 1290 3039 1340; x_wconf 73' lang='grc' dir='ltr'>τοῦ</span> <span class='ocrx_word' id='word_1_419' title='bbox 3097 1286 3252 1360; x_wconf 82' lang='grc' dir='ltr'>ἁγίου</span> <span class='ocrx_word' id='word_1_420' title='bbox 3312 1286 3670 1359; x_wconf 74' lang='grc' dir='ltr'>Ηνεύματος.</span> <span class='ocrx_word' id='word_1_421' title='bbox 3730 1287 3824 1342; x_wconf 74' lang='grc' dir='ltr'>Καί</span> 
     </span>
    </p>
   </div>
   <div class='ocr_carea' id='block_1_60' title="bbox 2166 1371 3826 1449">
    <p class='ocr_par' dir='ltr' id='par_1_60' title="bbox 2166 1371 3826 1449">
     <span class='ocr_line' id='line_1_60' title="bbox 2166 1371 3826 1449; baseline 0.004 -28"><span class='ocrx_word' id='word_1_422' title='bbox 2166 1389 2352 1446; x_wconf 69' lang='grc' dir='ltr'>φησιν.</span> <span class='ocrx_word' id='word_1_423' title='bbox 2385 1371 2445 1427; x_wconf 84' lang='grc' dir='ltr'><strong>Ἥ</strong></span> <span class='ocrx_word' id='word_1_424' title='bbox 2475 1371 2572 1443; x_wconf 74' lang='grc' dir='ltr'>μὶν</span> <span class='ocrx_word' id='word_1_425' title='bbox 2603 1372 2766 1426; x_wconf 80' lang='grc' dir='ltr'>κακία</span> <span class='ocrx_word' id='word_1_426' title='bbox 2796 1371 3093 1428; x_wconf 81' lang='grc' dir='ltr'>ἀντίκειται</span> <span class='ocrx_word' id='word_1_427' title='bbox 3120 1377 3188 1447; x_wconf 79' lang='grc' dir='ltr'>τῇ</span> <span class='ocrx_word' id='word_1_428' title='bbox 3231 1376 3420 1449; x_wconf 78' lang='grc' dir='ltr'>ἀρετῇ,</span> <span class='ocrx_word' id='word_1_429' title='bbox 3454 1377 3488 1444; x_wconf 80' lang='grc' dir='ltr'>ἡ</span> <span class='ocrx_word' id='word_1_430' title='bbox 3555 1375 3619 1430; x_wconf 77' lang='grc' dir='ltr'><strong>ὃὶ</strong></span> <span class='ocrx_word' id='word_1_431' title='bbox 3676 1377 3826 1449; x_wconf 76' lang='grc' dir='ltr'>ἁρετὴ</span> 
     </span>
    </p>
   </div>
   <div class='ocr_carea' id='block_1_61' title="bbox 2164 1457 3826 1542">
    <p class='ocr_par' dir='ltr' id='par_1_61' title="bbox 2164 1457 3826 1542">
     <span class='ocr_line' id='line_1_61' title="bbox 2164 1457 3826 1542; baseline 0.003 -28"><span class='ocrx_word' id='word_1_432' title='bbox 2164 1457 2711 1526; x_wconf 71' lang='grc' dir='ltr'>πάλιν,ἒναντιοῦται</span> <span class='ocrx_word' id='word_1_433' title='bbox 2751 1466 2818 1536; x_wconf 83' lang='grc' dir='ltr'>τῇ</span> <span class='ocrx_word' id='word_1_434' title='bbox 2877 1463 3062 1534; x_wconf 77' lang='grc' dir='ltr'>κακίᾳ,</span> <span class='ocrx_word' id='word_1_435' title='bbox 3119 1461 3475 1542; x_wconf 83' lang='grc' dir='ltr'>παιδαγωγοῦ</span> <span class='ocrx_word' id='word_1_436' title='bbox 3533 1485 3689 1527; x_wconf 83' lang='grc' dir='ltr'>τινος</span> <span class='ocrx_word' id='word_1_437' title='bbox 3743 1468 3826 1520; x_wconf 80' lang='grc' dir='ltr'>τά·</span> 
     </span>
    </p>
   </div>
   <div class='ocr_carea' id='block_1_62' title="bbox 2167 1547 3823 1633">
    <p class='ocr_par' dir='ltr' id='par_1_62' title="bbox 2167 1547 3823 1633">
     <span class='ocr_line' id='line_1_62' title="bbox 2167 1547 3823 1633; baseline 0.004 -33"><span class='ocrx_word' id='word_1_438' title='bbox 2167 1550 2244 1620; x_wconf 78' lang='grc' dir='ltr'>ξιν</span> <span class='ocrx_word' id='word_1_439' title='bbox 2273 1547 2680 1622; x_wconf 80' lang='grc' dir='ltr'>ἀναπληροῦσα,</span> <span class='ocrx_word' id='word_1_440' title='bbox 2715 1551 2805 1606; x_wconf 78' lang='grc' dir='ltr'>καὶ</span> <span class='ocrx_word' id='word_1_441' title='bbox 2843 1553 2919 1624; x_wconf 73' lang='grc' dir='ltr'>μὴ</span> <span class='ocrx_word' id='word_1_442' title='bbox 2954 1551 3095 1608; x_wconf 82' lang='grc' dir='ltr'>ἐῶσα</span> <span class='ocrx_word' id='word_1_443' title='bbox 3153 1555 3300 1624; x_wconf 70' lang='grc' dir='ltr'>ἡμᾶς</span> <span class='ocrx_word' id='word_1_444' title='bbox 3335 1554 3470 1608; x_wconf 78' lang='grc' dir='ltr'>κατά</span> <span class='ocrx_word' id='word_1_445' title='bbox 3534 1557 3638 1616; x_wconf 77' lang='grc' dir='ltr'>τάς</span> <span class='ocrx_word' id='word_1_446' title='bbox 3695 1554 3823 1633; x_wconf 63' lang='grc' dir='ltr'>φανί-</span> 
     </span>
    </p>
   </div>
   <div class='ocr_carea' id='block_1_63' title="bbox 2168 1634 3825 1716">
    <p class='ocr_par' dir='ltr' id='par_1_63' title="bbox 2168 1634 3825 1716">
     <span class='ocr_line' id='line_1_63' title="bbox 2168 1634 3825 1716; baseline 0.004 -25"><span class='ocrx_word' id='word_1_447' title='bbox 2168 1634 2268 1698; x_wconf 90' lang='grc' dir='ltr'>λας</span> <span class='ocrx_word' id='word_1_448' title='bbox 2326 1635 2616 1710; x_wconf 78' lang='grc' dir='ltr'><strong>ἐπιθυμίας</strong></span> <span class='ocrx_word' id='word_1_449' title='bbox 2662 1641 3004 1716; x_wconf 73' lang='grc' dir='ltr'>πορεύεσθαι.</span> <span class='ocrx_word' id='word_1_450' title='bbox 3069 1676 3133 1684; x_wconf 90' lang='grc'><strong>-</strong></span> <span class='ocrx_word' id='word_1_451' title='bbox 3186 1642 3435 1703; x_wconf 79' lang='grc' dir='ltr'>“Ἀλλως.</span> <span class='ocrx_word' id='word_1_452' title='bbox 3499 1644 3825 1700; x_wconf 77' lang='grc' dir='ltr'>Ἀντίκειται</span> 
     </span>
    </p>
   </div>
   <div class='ocr_carea' id='block_1_64' title="bbox 2166 1729 3826 1807">
    <p class='ocr_par' dir='ltr' id='par_1_64' title="bbox 2166 1729 3826 1807">
     <span class='ocr_line' id='line_1_64' title="bbox 2166 1729 3826 1807; baseline 0.005 -26"><span class='ocrx_word' id='word_1_453' title='bbox 2166 1731 2201 1796; x_wconf 76' lang='grc' dir='ltr'>ἡ</span> <span class='ocrx_word' id='word_1_454' title='bbox 2235 1729 2400 1802; x_wconf 85' lang='grc' dir='ltr'>ἀρετὴ</span> <span class='ocrx_word' id='word_1_455' title='bbox 2431 1733 2498 1802; x_wconf 80' lang='grc' dir='ltr'>τῇ</span> <span class='ocrx_word' id='word_1_456' title='bbox 2531 1731 2714 1801; x_wconf 76' lang='grc' dir='ltr'>κακίᾳ,</span> <span class='ocrx_word' id='word_1_457' title='bbox 2773 1733 2862 1786; x_wconf 79' lang='grc' dir='ltr'>ἳνα</span> <span class='ocrx_word' id='word_1_458' title='bbox 2919 1733 3017 1805; x_wconf 79' lang='grc' dir='ltr'>μή,</span> <span class='ocrx_word' id='word_1_459' title='bbox 3071 1740 3172 1803; x_wconf 80' lang='grc' dir='ltr'>τῆς</span> <span class='ocrx_word' id='word_1_460' title='bbox 3230 1735 3422 1796; x_wconf 80' lang='grc' dir='ltr'>κακίας</span> <span class='ocrx_word' id='word_1_461' title='bbox 3481 1733 3826 1807; x_wconf 66' lang='grc' dir='ltr'>ἐρεϐισάσῃς,</span> 
     </span>
    </p>
   </div>
   <div class='ocr_carea' id='block_1_65' title="bbox 2170 1818 3830 1898">
    <p class='ocr_par' dir='ltr' id='par_1_65' title="bbox 2170 1818 3830 1898">
     <span class='ocr_line' id='line_1_65' title="bbox 2170 1818 3830 1898; baseline 0.004 -26"><span class='ocrx_word' id='word_1_462' title='bbox 2170 1818 2367 1882; x_wconf 69' lang='grc' dir='ltr'>εὐθέως</span> <span class='ocrx_word' id='word_1_463' title='bbox 2416 1819 2597 1894; x_wconf 83' lang='grc' dir='ltr'>ὥσπερ</span> <span class='ocrx_word' id='word_1_464' title='bbox 2653 1820 2930 1877; x_wconf 85' lang='grc' dir='ltr'>ἆπὸλυτον</span> <span class='ocrx_word' id='word_1_465' title='bbox 2982 1823 3072 1877; x_wconf 82' lang='grc' dir='ltr'>καὶ</span> <span class='ocrx_word' id='word_1_466' title='bbox 3130 1823 3478 1898; x_wconf 77' lang='grc' dir='ltr'>ἄχαλίνωτον</span> <span class='ocrx_word' id='word_1_467' title='bbox 3560 1823 3655 1880; x_wconf 72' lang='grc' dir='ltr'>ἐπὶ</span> <span class='ocrx_word' id='word_1_468' title='bbox 3711 1845 3830 1897; x_wconf 76' lang='grc' dir='ltr'>πρα-</span> 
     </span>
    </p>
   </div>
   <div class='ocr_carea' id='block_1_66' title="bbox 2166 1907 3830 1989">
    <p class='ocr_par' dir='ltr' id='par_1_66' title="bbox 2166 1907 3830 1989">
     <span class='ocr_line' id='line_1_66' title="bbox 2166 1907 3830 1989; baseline 0.004 -27"><span class='ocrx_word' id='word_1_469' title='bbox 2166 1911 2290 1969; x_wconf 80' lang='grc' dir='ltr'>νοῦς</span> <span class='ocrx_word' id='word_1_470' title='bbox 2324 1907 2549 1985; x_wconf 60' lang='grc' dir='ltr'>φέρηται</span> <span class='ocrx_word' id='word_1_471' title='bbox 2591 1910 2654 1964; x_wconf 87' lang='grc' dir='ltr'>τὸ</span> <span class='ocrx_word' id='word_1_472' title='bbox 2711 1913 2964 1986; x_wconf 85' lang='grc' dir='ltr'>σαρκικὸν</span> <span class='ocrx_word' id='word_1_473' title='bbox 3019 1911 3236 1984; x_wconf 67' lang='grc' dir='ltr'>θέλημα</span> <span class='ocrx_word' id='word_1_474' title='bbox 3292 1915 3430 1988; x_wconf 88' lang='grc' dir='ltr'>πρὸς</span> <span class='ocrx_word' id='word_1_475' title='bbox 3497 1915 3611 1983; x_wconf 64' lang='grc' dir='ltr'>τὴν</span> <span class='ocrx_word' id='word_1_476' title='bbox 3665 1916 3830 1989; x_wconf 81' lang='grc' dir='ltr'>ἆμαρ-</span> 
     </span>
    </p>
   </div>
   <div class='ocr_carea' id='block_1_67' title="bbox 2165 1995 3822 2075">
    <p class='ocr_par' dir='ltr' id='par_1_67' title="bbox 2165 1995 3822 2075">
     <span class='ocr_line' id='line_1_67' title="bbox 2165 1995 3822 2075; baseline 0.005 -24"><span class='ocrx_word' id='word_1_477' title='bbox 2165 1995 2304 2054; x_wconf 88' lang='grc' dir='ltr'>τίαν.</span> <span class='ocrx_word' id='word_1_478' title='bbox 2342 1995 2512 2051; x_wconf 87' lang='grc' dir='ltr'>Πάλιν</span> <span class='ocrx_word' id='word_1_479' title='bbox 2556 1998 2851 2055; x_wconf 80' lang='grc' dir='ltr'>ἀντίκειται</span> <span class='ocrx_word' id='word_1_480' title='bbox 2899 2003 2968 2073; x_wconf 81' lang='grc' dir='ltr'>τῇ</span> <span class='ocrx_word' id='word_1_481' title='bbox 3029 2000 3195 2074; x_wconf 75' lang='grc' dir='ltr'>ἀρετῇ</span> <span class='ocrx_word' id='word_1_482' title='bbox 3253 2005 3286 2071; x_wconf 80' lang='grc' dir='ltr'>ἡ</span> <span class='ocrx_word' id='word_1_483' title='bbox 3347 2003 3539 2071; x_wconf 81' lang='grc' dir='ltr'>κακία,</span> <span class='ocrx_word' id='word_1_484' title='bbox 3604 2001 3701 2058; x_wconf 77' lang='grc' dir='ltr'>’ἕνα</span> <span class='ocrx_word' id='word_1_485' title='bbox 3757 2004 3822 2075; x_wconf 72' lang='grc' dir='ltr'><strong>μή</strong></span> 
     </span>
    </p>
   </div>
   <div class='ocr_carea' id='block_1_68' title="bbox 2164 2086 3824 2166">
    <p class='ocr_par' dir='ltr' id='par_1_68' title="bbox 2164 2086 3824 2166">
     <span class='ocr_line' id='line_1_68' title="bbox 2164 2086 3824 2166; baseline 0.005 -26"><span class='ocrx_word' id='word_1_486' title='bbox 2164 2091 2264 2154; x_wconf 74' lang='grc' dir='ltr'>τῆς</span> <span class='ocrx_word' id='word_1_487' title='bbox 2293 2086 2553 2158; x_wconf 72' lang='grc' dir='ltr'>ἀρετῆςὴ</span> <span class='ocrx_word' id='word_1_488' title='bbox 2615 2087 2836 2163; x_wconf 82' lang='grc' dir='ltr'>ἐργασία</span> <span class='ocrx_word' id='word_1_489' title='bbox 2891 2089 3280 2166; x_wconf 83' lang='grc' dir='ltr'>ἀταλαιπωρος</span> <span class='ocrx_word' id='word_1_490' title='bbox 3336 2093 3512 2161; x_wconf 83' lang='grc' dir='ltr'>πάντη</span> <span class='ocrx_word' id='word_1_491' title='bbox 3557 2094 3650 2147; x_wconf 76' lang='grc' dir='ltr'>καὶ</span> <span class='ocrx_word' id='word_1_492' title='bbox 3709 2093 3824 2166; x_wconf 74' lang='grc' dir='ltr'>ἄμιο</span> 
     </span>
    </p>
   </div>
   <div class='ocr_carea' id='block_1_69' title="bbox 2168 2175 3824 2254">
    <p class='ocr_par' dir='ltr' id='par_1_69' title="bbox 2168 2175 3824 2254">
     <span class='ocr_line' id='line_1_69' title="bbox 2168 2175 3824 2254; baseline 0.005 -25"><span class='ocrx_word' id='word_1_493' title='bbox 2168 2177 2290 2236; x_wconf 81' lang='grc' dir='ltr'>σθος</span> <span class='ocrx_word' id='word_1_494' title='bbox 2321 2175 2549 2245; x_wconf 67' lang='grc' dir='ltr'>ε’·ς,καῖ</span> <span class='ocrx_word' id='word_1_495' title='bbox 2583 2178 2697 2233; x_wconf 76' lang='grc' dir='ltr'>οἷον</span> <span class='ocrx_word' id='word_1_496' title='bbox 2761 2178 2820 2234; x_wconf 81' lang='grc' dir='ltr'>ἐκ</span> <span class='ocrx_word' id='word_1_497' title='bbox 2880 2178 3092 2252; x_wconf 65' lang='grc' dir='ltr'>φύσεως</span> <span class='ocrx_word' id='word_1_498' title='bbox 3147 2183 3236 2235; x_wconf 76' lang='grc' dir='ltr'>καὶ</span> <span class='ocrx_word' id='word_1_499' title='bbox 3287 2180 3337 2251; x_wconf 71' lang='grc' dir='ltr'>ἐξ</span> <span class='ocrx_word' id='word_1_500' title='bbox 3394 2182 3651 2254; x_wconf 69' lang='grc' dir='ltr'>ἀνάγκης</span> <span class='ocrx_word' id='word_1_501' title='bbox 3704 2185 3824 2254; x_wconf 70' lang='grc' dir='ltr'>ἡμῖν</span> 
     </span>
    </p>
   </div>
   <div class='ocr_carea' id='block_1_70' title="bbox 2168 2263 3822 2342">
    <p class='ocr_par' dir='ltr' id='par_1_70' title="bbox 2168 2263 3822 2342">
     <span class='ocr_line' id='line_1_70' title="bbox 2168 2263 3822 2342; baseline 0.004 -24"><span class='ocrx_word' id='word_1_502' title='bbox 2168 2263 2696 2342; x_wconf 65' lang='grc' dir='ltr'>συγκεκληρωμένη,</span> <span class='ocrx_word' id='word_1_503' title='bbox 2730 2268 2820 2322; x_wconf 83' lang='grc' dir='ltr'>καὶ</span> <span class='ocrx_word' id='word_1_504' title='bbox 2853 2267 2928 2332; x_wconf 82' lang='grc' dir='ltr'>ὡς</span> <span class='ocrx_word' id='word_1_505' title='bbox 2963 2269 3115 2342; x_wconf 83' lang='grc' dir='ltr'>μόνῳ</span> <span class='ocrx_word' id='word_1_506' title='bbox 3144 2273 3222 2340; x_wconf 81' lang='grc' dir='ltr'>τῷ</span> <span class='ocrx_word' id='word_1_507' title='bbox 3275 2267 3647 2341; x_wconf 72' lang='grc' dir='ltr'>διανοηθῆναι</span> <span class='ocrx_word' id='word_1_508' title='bbox 3705 2291 3822 2325; x_wconf 85' lang='grc' dir='ltr'>κατ-</span> 
     </span>
    </p>
   </div>
   <div class='ocr_carea' id='block_1_71' title="bbox 2169 2355 3821 2436">
    <p class='ocr_par' dir='ltr' id='par_1_71' title="bbox 2169 2355 3821 2436">
     <span class='ocr_line' id='line_1_71' title="bbox 2169 2355 3821 2436; baseline 0.005 -29"><span class='ocrx_word' id='word_1_509' title='bbox 2169 2356 2496 2428; x_wconf 66' lang='grc' dir='ltr'>ορθκυμὲνη,</span> <span class='ocrx_word' id='word_1_510' title='bbox 2556 2355 2735 2426; x_wconf 73' lang='grc' dir='ltr'>Χωρές</span> <span class='ocrx_word' id='word_1_511' title='bbox 2798 2355 3046 2426; x_wconf 74' lang='grc' dir='ltr'>σπουδῆς</span> <span class='ocrx_word' id='word_1_512' title='bbox 3137 2358 3350 2430; x_wconf 69' lang='grc' dir='ltr'>ἀπάσης</span> <span class='ocrx_word' id='word_1_513' title='bbox 3407 2361 3498 2414; x_wconf 85' lang='grc' dir='ltr'>καὶ</span> <span class='ocrx_word' id='word_1_514' title='bbox 3598 2361 3821 2436; x_wconf 79' lang='grc' dir='ltr'>ἀγωνία·</span> 
     </span>
    </p>
   </div>
   <div class='ocr_carea' id='block_1_72' title="bbox 2173 2443 3816 2526">
    <p class='ocr_par' dir='ltr' id='par_1_72' title="bbox 2173 2443 3816 2526">
     <span class='ocr_line' id='line_1_72' title="bbox 2173 2443 3816 2526; baseline 0.004 -29"><span class='ocrx_word' id='word_1_515' title='bbox 2173 2463 2362 2514; x_wconf 83' lang='grc' dir='ltr'>ματος.</span> <span class='ocrx_word' id='word_1_516' title='bbox 2426 2443 2599 2507; x_wconf 78' lang='grc' dir='ltr'>Αὐτὸς</span> <span class='ocrx_word' id='word_1_517' title='bbox 2659 2443 2716 2500; x_wconf 74' lang='grc' dir='ltr'>δε</span> <span class='ocrx_word' id='word_1_518' title='bbox 2773 2447 3053 2520; x_wconf 79' lang='grc' dir='ltr'>συντόμως</span> <span class='ocrx_word' id='word_1_519' title='bbox 3105 2447 3235 2503; x_wconf 80' lang='grc' dir='ltr'>αὐτό</span> <span class='ocrx_word' id='word_1_520' title='bbox 3287 2469 3469 2526; x_wconf 50' lang='grc' dir='ltr'>φησιν·</span> <span class='ocrx_word' id='word_1_521' title='bbox 3504 2476 3534 2502; x_wconf 83' lang='grc'>‹‹</span> <span class='ocrx_word' id='word_1_522' title='bbox 3581 2451 3691 2506; x_wconf 81' lang='grc' dir='ltr'>Ἵνα</span> <span class='ocrx_word' id='word_1_523' title='bbox 3748 2451 3816 2520; x_wconf 71' lang='grc' dir='ltr'>μὴ</span> 
     </span>
    </p>
   </div>
   <div class='ocr_carea' id='block_1_73' title="bbox 2170 2526 3812 2610">
    <p class='ocr_par' dir='ltr' id='par_1_73' title="bbox 2170 2526 3812 2610">
     <span class='ocr_line' id='line_1_73' title="bbox 2170 2526 3812 2610; baseline 0.005 -26"><span class='ocrx_word' id='word_1_524' title='bbox 2170 2526 2304 2587; x_wconf 77' lang='grc' dir='ltr'>ἅπεο</span> <span class='ocrx_word' id='word_1_525' title='bbox 2355 2533 2415 2587; x_wconf 78' lang='grc' dir='ltr'>ἂν</span> <span class='ocrx_word' id='word_1_526' title='bbox 2471 2532 2685 2604; x_wconf 73' lang='grc' dir='ltr'>θέλητε,</span> <span class='ocrx_word' id='word_1_527' title='bbox 2739 2539 2906 2590; x_wconf 81' lang='grc' dir='ltr'>ταῦτα</span> <span class='ocrx_word' id='word_1_528' title='bbox 2961 2543 3181 2606; x_wconf 74' lang='grc' dir='ltr'>ποιῆτε,</span> <span class='ocrx_word' id='word_1_529' title='bbox 3252 2564 3273 2590; x_wconf 75' lang='grc' dir='ltr'><strong><em>ι</em></strong></span> <span class='ocrx_word' id='word_1_530' title='bbox 3341 2542 3483 2610; x_wconf 68' lang='grc' dir='ltr'>μήτε</span> <span class='ocrx_word' id='word_1_531' title='bbox 3541 2540 3613 2593; x_wconf 78' lang='grc' dir='ltr'>τά</span> <span class='ocrx_word' id='word_1_532' title='bbox 3669 2538 3812 2606; x_wconf 74' lang='grc' dir='ltr'>κακά,</span> 
     </span>
    </p>
   </div>
   <div class='ocr_carea' id='block_1_74' title="bbox 2171 2621 3809 2700">
    <p class='ocr_par' dir='ltr' id='par_1_74' title="bbox 2171 2621 3809 2700">
     <span class='ocr_line' id='line_1_74' title="bbox 2171 2621 3809 2700; baseline 0.004 -26"><span class='ocrx_word' id='word_1_533' title='bbox 2171 2621 2356 2691; x_wconf 67' lang='grc' dir='ltr'>φησὶν,</span> <span class='ocrx_word' id='word_1_534' title='bbox 2453 2622 2695 2697; x_wconf 68' lang='grc' dir='ltr'>εὐχερῶς</span> <span class='ocrx_word' id='word_1_535' title='bbox 2776 2623 2921 2685; x_wconf 78' lang='grc' dir='ltr'>ὅλως</span> <span class='ocrx_word' id='word_1_536' title='bbox 2977 2625 3068 2680; x_wconf 76' lang='grc' dir='ltr'>καί</span> <span class='ocrx_word' id='word_1_537' title='bbox 3154 2625 3479 2696; x_wconf 66' lang='grc' dir='ltr'>ἆκωλῦτως,</span> <span class='ocrx_word' id='word_1_538' title='bbox 3550 2631 3688 2700; x_wconf 64' lang='grc' dir='ltr'>μήτε</span> <span class='ocrx_word' id='word_1_539' title='bbox 3753 2628 3809 2681; x_wconf 72' lang='grc' dir='ltr'>τά</span> 
     </span>
    </p>
   </div>
   <div class='ocr_carea' id='block_1_75' title="bbox 2169 2709 3805 2791">
    <p class='ocr_par' dir='ltr' id='par_1_75' title="bbox 2169 2709 3805 2791">
     <span class='ocr_line' id='line_1_75' title="bbox 2169 2709 3805 2791; baseline 0.004 -28"><span class='ocrx_word' id='word_1_540' title='bbox 2169 2710 2269 2785; x_wconf 76' lang='grc' dir='ltr'>γάρ</span> <span class='ocrx_word' id='word_1_541' title='bbox 2357 2711 2527 2786; x_wconf 64' lang='grc' dir='ltr'>ἀγαθά</span> <span class='ocrx_word' id='word_1_542' title='bbox 2614 2709 2817 2786; x_wconf 73' lang='grc' dir='ltr'>ῥᾳδίως</span> <span class='ocrx_word' id='word_1_543' title='bbox 2905 2714 3080 2784; x_wconf 87' lang='grc' dir='ltr'>πάντη</span> <span class='ocrx_word' id='word_1_544' title='bbox 3167 2715 3254 2770; x_wconf 77' lang='grc' dir='ltr'>καὶ</span> <span class='ocrx_word' id='word_1_545' title='bbox 3335 2714 3652 2791; x_wconf 79' lang='grc' dir='ltr'>ὀλιγώρως.</span> <span class='ocrx_word' id='word_1_546' title='bbox 3737 2716 3805 2773; x_wconf 74' lang='grc' dir='ltr'>Τά</span> 
     </span>
    </p>
   </div>
   <div class='ocr_carea' id='block_1_76' title="bbox 2171 2798 3799 2878">
    <p class='ocr_par' dir='ltr' id='par_1_76' title="bbox 2171 2798 3799 2878">
     <span class='ocr_line' id='line_1_76' title="bbox 2171 2798 3799 2878; baseline 0.003 -25"><span class='ocrx_word' id='word_1_547' title='bbox 2171 2798 2315 2853; x_wconf 76' lang='grc' dir='ltr'>οὕτω</span> <span class='ocrx_word' id='word_1_548' title='bbox 2346 2799 2717 2874; x_wconf 69' lang='grc' dir='ltr'>πραττόμενα,</span> <span class='ocrx_word' id='word_1_549' title='bbox 2745 2799 2865 2857; x_wconf 81' lang='grc' dir='ltr'>οὐδ’</span> <span class='ocrx_word' id='word_1_550' title='bbox 2896 2803 3071 2878; x_wconf 74' lang='grc' dir='ltr'><strong>ἀγαθά</strong></span> <span class='ocrx_word' id='word_1_551' title='bbox 3102 2805 3159 2857; x_wconf 74' lang='grc' dir='ltr'><strong>ἄν</strong></span> <span class='ocrx_word' id='word_1_552' title='bbox 3221 2805 3307 2873; x_wconf 82' lang='grc' dir='ltr'>εἲη</span> <span class='ocrx_word' id='word_1_553' title='bbox 3389 2831 3415 2857; x_wconf 90' lang='grc' dir='ltr'>ιι</span> <span class='ocrx_word' id='word_1_554' title='bbox 3457 2805 3519 2862; x_wconf 67' lang='lat' dir='ltr'>Ei</span> <span class='ocrx_word' id='word_1_555' title='bbox 3582 2805 3633 2860; x_wconf 75' lang='grc' dir='ltr'>δὲ</span> <span class='ocrx_word' id='word_1_556' title='bbox 3668 2804 3799 2858; x_wconf 79' lang='grc' dir='ltr'>ττνεῦ-</span> 
     </span>
    </p>
   </div>
   <div class='ocr_carea' id='block_1_77' title="bbox 2175 2891 3783 2972">
    <p class='ocr_par' dir='ltr' id='par_1_77' title="bbox 2175 2891 3783 2972">
     <span class='ocr_line' id='line_1_77' title="bbox 2175 2891 3783 2972; baseline 0.001 -28"><span class='ocrx_word' id='word_1_557' title='bbox 2175 2910 2302 2960; x_wconf 85' lang='grc' dir='ltr'>ματι</span> <span class='ocrx_word' id='word_1_558' title='bbox 2336 2892 2545 2966; x_wconf 69' lang='grc' dir='ltr'><strong>ἄγεσθε.</strong></span> <span class='ocrx_word' id='word_1_559' title='bbox 2586 2915 2612 2941; x_wconf 76' lang='lat' dir='ltr'>ii</span> <span class='ocrx_word' id='word_1_560' title='bbox 2667 2891 2731 2947; x_wconf 86' lang='grc' dir='ltr'>Εἰ</span> <span class='ocrx_word' id='word_1_561' title='bbox 2791 2894 2927 2946; x_wconf 79' lang='grc' dir='ltr'>κατά</span> <span class='ocrx_word' id='word_1_562' title='bbox 2949 2895 3048 2961; x_wconf 73' lang='grc' dir='ltr'>τήν</span> <span class='ocrx_word' id='word_1_563' title='bbox 3083 2891 3316 2967; x_wconf 72' lang='grc' dir='ltr'>βουλήν,</span> <span class='ocrx_word' id='word_1_564' title='bbox 3362 2899 3519 2972; x_wconf 68' lang='grc' dir='ltr'>φησὶ,</span> <span class='ocrx_word' id='word_1_565' title='bbox 3547 2901 3635 2949; x_wconf 73' lang='grc' dir='ltr'>τοῦ</span> <span class='ocrx_word' id='word_1_566' title='bbox 3653 2895 3783 2970; x_wconf 76' lang='grc' dir='ltr'>ἁγίου</span> 
     </span>
    </p>
   </div>
   <div class='ocr_carea' id='block_1_78' title="bbox 2172 2979 3769 3061">
    <p class='ocr_par' dir='ltr' id='par_1_78' title="bbox 2172 2979 3769 3061">
     <span class='ocr_line' id='line_1_78' title="bbox 2172 2979 3769 3061; baseline 0.003 -27"><span class='ocrx_word' id='word_1_567' title='bbox 2172 2979 2489 3051; x_wconf 78' lang='grc' dir='ltr'>Πνε·3ματος</span> <span class='ocrx_word' id='word_1_568' title='bbox 2522 2986 2885 3055; x_wconf 83' lang='grc' dir='ltr'><strong>περιπατεῖτε,</strong></span> <span class='ocrx_word' id='word_1_569' title='bbox 2955 2982 3023 3036; x_wconf 82' lang='grc' dir='ltr'>οὐ</span> <span class='ocrx_word' id='word_1_570' title='bbox 3089 2982 3457 3061; x_wconf 63' lang='grc' dir='ltr'>σοαλτςσεσθε.</span> <span class='ocrx_word' id='word_1_571' title='bbox 3509 2986 3555 3040; x_wconf 85' lang='grc' dir='ltr'>Ὁ</span> <span class='ocrx_word' id='word_1_572' title='bbox 3609 2984 3657 3038; x_wconf 78' lang='grc' dir='ltr'>δε</span> <span class='ocrx_word' id='word_1_573' title='bbox 3706 2983 3769 3054; x_wconf 75' lang='grc' dir='ltr'>μή</span> 
     </span>
    </p>
   </div>
   <div class='ocr_carea' id='block_1_79' title="bbox 2171 3063 3779 3144">
    <p class='ocr_par' dir='ltr' id='par_1_79' title="bbox 2171 3063 3779 3144">
     <span class='ocr_line' id='line_1_79' title="bbox 2171 3063 3779 3144; baseline 0.001 -22"><span class='ocrx_word' id='word_1_574' title='bbox 2171 3068 2378 3122; x_wconf 85' lang='grc' dir='ltr'>πταίων</span> <span class='ocrx_word' id='word_1_575' title='bbox 2412 3063 2464 3122; x_wconf 79' lang='grc' dir='ltr'>ἕν</span> <span class='ocrx_word' id='word_1_576' title='bbox 2495 3089 2620 3138; x_wconf 79' lang='grc' dir='ltr'>τινι,</span> <span class='ocrx_word' id='word_1_577' title='bbox 2653 3068 2714 3123; x_wconf 82' lang='grc' dir='ltr'>οὐ</span> <span class='ocrx_word' id='word_1_578' title='bbox 2758 3072 2954 3144; x_wconf 73' lang='grc' dir='ltr'>χρῄζει</span> <span class='ocrx_word' id='word_1_579' title='bbox 2995 3075 3091 3126; x_wconf 80' lang='grc' dir='ltr'>τοῦ</span> <span class='ocrx_word' id='word_1_580' title='bbox 3147 3073 3320 3144; x_wconf 87' lang='grc' dir='ltr'>νόμου</span> <span class='ocrx_word' id='word_1_581' title='bbox 3377 3073 3467 3128; x_wconf 78' lang='grc' dir='ltr'>καὶ</span> <span class='ocrx_word' id='word_1_582' title='bbox 3518 3071 3779 3141; x_wconf 73' lang='grc' dir='ltr'>τῆςέντεῦ-</span> 
     </span>
    </p>
   </div>
   <div class='ocr_carea' id='block_1_80' title="bbox 2172 3152 3789 3237">
    <p class='ocr_par' dir='ltr' id='par_1_80' title="bbox 2172 3152 3789 3237">
     <span class='ocr_line' id='line_1_80' title="bbox 2172 3152 3789 3237; baseline 0.001 -28"><span class='ocrx_word' id='word_1_583' title='bbox 2172 3157 2257 3210; x_wconf 87' lang='grc' dir='ltr'>θεν</span> <span class='ocrx_word' id='word_1_584' title='bbox 2289 3152 2632 3230; x_wconf 74' lang='grc' dir='ltr'>συμϐουλῆς.</span> <span class='ocrx_word' id='word_1_585' title='bbox 2665 3163 2718 3212; x_wconf 81' lang='lat'>&#39;0</span> <span class='ocrx_word' id='word_1_586' title='bbox 2753 3155 2809 3212; x_wconf 74' lang='grc' dir='ltr'>δέ</span> <span class='ocrx_word' id='word_1_587' title='bbox 2840 3179 2902 3234; x_wconf 85' lang='grc' dir='ltr'><strong>γε</strong></span> <span class='ocrx_word' id='word_1_588' title='bbox 2940 3161 3014 3231; x_wconf 72' lang='grc' dir='ltr'>μὴ</span> <span class='ocrx_word' id='word_1_589' title='bbox 3050 3159 3299 3237; x_wconf 73' lang='grc' dir='ltr'>χρῄζων,</span> <span class='ocrx_word' id='word_1_590' title='bbox 3335 3161 3458 3215; x_wconf 75' lang='grc' dir='ltr'>οὕτε</span> <span class='ocrx_word' id='word_1_591' title='bbox 3521 3162 3604 3215; x_wconf 73' lang='grc' dir='ltr'>ὑπ’</span> <span class='ocrx_word' id='word_1_592' title='bbox 3657 3158 3789 3214; x_wconf 59' lang='grc' dir='ltr'>αὐτόν</span> 
     </span>
    </p>
   </div>
   <div class='ocr_carea' id='block_1_81' title="bbox 2089 3221 3798 3324">
    <p class='ocr_par' dir='ltr' id='par_1_81' title="bbox 2089 3221 3798 3324">
     <span class='ocr_line' id='line_1_81' title="bbox 2089 3221 3798 3324; baseline 0.002 -27"><span class='ocrx_word' id='word_1_593' title='bbox 2089 3221 2130 3286; x_wconf 80' lang='lat' dir='ltr'>C</span> <span class='ocrx_word' id='word_1_594' title='bbox 2170 3243 2329 3313; x_wconf 70' lang='grc' dir='ltr'>ἔστιν,</span> <span class='ocrx_word' id='word_1_595' title='bbox 2360 3221 2495 3320; x_wconf 44' lang='grc' dir='ltr'><strong>’ὅπερ</strong></span> <span class='ocrx_word' id='word_1_596' title='bbox 2530 3221 2616 3300; x_wconf 77' lang='grc' dir='ltr'>καί</span> <span class='ocrx_word' id='word_1_597' title='bbox 2649 3221 2905 3320; x_wconf 81' lang='grc' dir='ltr'>ἀλλαχόῦ</span> <span class='ocrx_word' id='word_1_598' title='bbox 2933 3221 3327 3324; x_wconf 32' lang='grc' dir='ltr'>ίρηίσίξιιίικαίω</span> <span class='ocrx_word' id='word_1_599' title='bbox 3376 3250 3550 3322; x_wconf 84' lang='grc' dir='ltr'>νόμος</span> <span class='ocrx_word' id='word_1_600' title='bbox 3609 3249 3665 3303; x_wconf 74' lang='grc' dir='ltr'>οὗ</span> <span class='ocrx_word' id='word_1_601' title='bbox 3703 3251 3798 3303; x_wconf 80' lang='grc' dir='ltr'>κεῖ-</span> 
     </span>
    </p>
   </div>
   <div class='ocr_carea' id='block_1_82' title="bbox 2164 3330 3800 3411">
    <p class='ocr_par' dir='ltr' id='par_1_82' title="bbox 2164 3330 3800 3411">
     <span class='ocr_line' id='line_1_82' title="bbox 2164 3330 3800 3411; baseline 0 -23"><span class='ocrx_word' id='word_1_602' title='bbox 2164 3353 2274 3390; x_wconf 79' lang='grc' dir='ltr'>ται.</span> <span class='ocrx_word' id='word_1_603' title='bbox 2309 3359 2336 3385; x_wconf 81' lang='grc' dir='ltr'>ιι</span> <span class='ocrx_word' id='word_1_604' title='bbox 2373 3335 2589 3405; x_wconf 78' lang='grc' dir='ltr'>Φανερά</span> <span class='ocrx_word' id='word_1_605' title='bbox 2622 3330 2678 3389; x_wconf 78' lang='grc' dir='ltr'>δέ</span> <span class='ocrx_word' id='word_1_606' title='bbox 2717 3333 2849 3388; x_wconf 80' lang='grc' dir='ltr'>ἐστι.</span> <span class='ocrx_word' id='word_1_607' title='bbox 2888 3361 2909 3387; x_wconf 79' lang='grc' dir='ltr'>ι</span> <span class='ocrx_word' id='word_1_608' title='bbox 2947 3335 3083 3390; x_wconf 77' lang='grc' dir='ltr'>Ὡσεῖ</span> <span class='ocrx_word' id='word_1_609' title='bbox 3117 3333 3322 3411; x_wconf 74' lang='grc' dir='ltr'>ἔλεγενο</span> <span class='ocrx_word' id='word_1_610' title='bbox 3356 3337 3440 3407; x_wconf 81' lang='grc' dir='ltr'>Ἐξ</span> <span class='ocrx_word' id='word_1_611' title='bbox 3477 3337 3655 3392; x_wconf 80' lang='grc' dir='ltr'>αὐτῶν</span> <span class='ocrx_word' id='word_1_612' title='bbox 3708 3340 3800 3390; x_wconf 83' lang='grc' dir='ltr'>τῶν</span> 
     </span>
    </p>
   </div>
   <div class='ocr_carea' id='block_1_83' title="bbox 2163 3423 3804 3502">
    <p class='ocr_par' dir='ltr' id='par_1_83' title="bbox 2163 3423 3804 3502">
     <span class='ocr_line' id='line_1_83' title="bbox 2163 3423 3804 3502; baseline 0.002 -25"><span class='ocrx_word' id='word_1_613' title='bbox 2163 3427 2384 3498; x_wconf 83' lang='grc' dir='ltr'>καρπῶν</span> <span class='ocrx_word' id='word_1_614' title='bbox 2438 3423 2801 3498; x_wconf 79' lang='grc' dir='ltr'><strong>ἐπιγνώσεσθε</strong></span> <span class='ocrx_word' id='word_1_615' title='bbox 2852 3425 2951 3493; x_wconf 77' lang='grc' dir='ltr'><strong>τήν</strong></span> <span class='ocrx_word' id='word_1_616' title='bbox 3009 3427 3248 3502; x_wconf 79' lang='grc' dir='ltr'>πονηράν</span> <span class='ocrx_word' id='word_1_617' title='bbox 3306 3427 3396 3481; x_wconf 80' lang='grc' dir='ltr'>καὶ</span> <span class='ocrx_word' id='word_1_618' title='bbox 3439 3426 3661 3500; x_wconf 68' lang='grc' dir='ltr'>φαύλην</span> <span class='ocrx_word' id='word_1_619' title='bbox 3713 3431 3804 3480; x_wconf 80' lang='grc' dir='ltr'>πὸ-</span> 
     </span>
    </p>
   </div>
   <div class='ocr_carea' id='block_1_84' title="bbox 2164 3509 3807 3591">
    <p class='ocr_par' dir='ltr' id='par_1_84' title="bbox 2164 3509 3807 3591">
     <span class='ocr_line' id='line_1_84' title="bbox 2164 3509 3807 3591; baseline 0 -24"><span class='ocrx_word' id='word_1_620' title='bbox 2164 3510 2387 3567; x_wconf 82' lang='grc' dir='ltr'>λιτείαν.</span> <span class='ocrx_word' id='word_1_621' title='bbox 2428 3514 2632 3585; x_wconf 83' lang='grc' dir='ltr'>Σαρκὸς</span> <span class='ocrx_word' id='word_1_622' title='bbox 2666 3509 2722 3567; x_wconf 77' lang='grc' dir='ltr'>δὲ</span> <span class='ocrx_word' id='word_1_623' title='bbox 2785 3513 2948 3567; x_wconf 80' lang='grc' dir='ltr'>πάλιν</span> <span class='ocrx_word' id='word_1_624' title='bbox 3007 3513 3173 3588; x_wconf 76' lang='grc' dir='ltr'>λἐγει,</span> <span class='ocrx_word' id='word_1_625' title='bbox 3214 3519 3310 3569; x_wconf 71' lang='grc' dir='ltr'>τοῦ</span> <span class='ocrx_word' id='word_1_626' title='bbox 3363 3516 3807 3591; x_wconf 62' lang='grc' dir='ltr'>διαφθειρομένου</span> 
     </span>
    </p>
   </div>
   <div class='ocr_carea' id='block_1_85' title="bbox 2164 3599 3806 3679">
    <p class='ocr_par' dir='ltr' id='par_1_85' title="bbox 2164 3599 3806 3679">
     <span class='ocr_line' id='line_1_85' title="bbox 2164 3599 3806 3679; baseline 0.001 -24"><span class='ocrx_word' id='word_1_627' title='bbox 2164 3599 2440 3676; x_wconf 71' lang='grc' dir='ltr'>λογισμοῦ</span> <span class='ocrx_word' id='word_1_628' title='bbox 2470 3601 2558 3656; x_wconf 79' lang='grc' dir='ltr'>καί</span> <span class='ocrx_word' id='word_1_629' title='bbox 2592 3609 2692 3670; x_wconf 76' lang='grc' dir='ltr'>τῆς</span> <span class='ocrx_word' id='word_1_630' title='bbox 2722 3599 2967 3678; x_wconf 80' lang='grc' dir='ltr'>γεώδους</span> <span class='ocrx_word' id='word_1_631' title='bbox 2999 3604 3087 3657; x_wconf 79' lang='grc' dir='ltr'>καὶ</span> <span class='ocrx_word' id='word_1_632' title='bbox 3151 3612 3410 3679; x_wconf 64' lang='grc' dir='ltr'>σαρκικοῖς</span> <span class='ocrx_word' id='word_1_633' title='bbox 3444 3610 3619 3674; x_wconf 74' lang='grc' dir='ltr'>ζωῆς.</span> <span class='ocrx_word' id='word_1_634' title='bbox 3679 3630 3699 3658; x_wconf 79' lang='grc' dir='ltr'>ι</span> <span class='ocrx_word' id='word_1_635' title='bbox 3737 3605 3806 3661; x_wconf 74' lang='grc' dir='ltr'>Τὲι</span> 
     </span>
    </p>
   </div>
   <div class='ocr_carea' id='block_1_86' title="bbox 2160 3687 3812 3767">
    <p class='ocr_par' dir='ltr' id='par_1_86' title="bbox 2160 3687 3812 3767">
     <span class='ocr_line' id='line_1_86' title="bbox 2160 3687 3812 3767; baseline 0.004 -25"><span class='ocrx_word' id='word_1_636' title='bbox 2160 3687 2286 3763; x_wconf 76' lang='grc' dir='ltr'>ἔργα</span> <span class='ocrx_word' id='word_1_637' title='bbox 2319 3699 2416 3758; x_wconf 76' lang='grc' dir='ltr'>τῆς</span> <span class='ocrx_word' id='word_1_638' title='bbox 2451 3691 2671 3766; x_wconf 78' lang='grc' dir='ltr'>σαρκός.</span> <span class='ocrx_word' id='word_1_639' title='bbox 2707 3715 2733 3742; x_wconf 83' lang='lat' dir='ltr'>ii</span> <span class='ocrx_word' id='word_1_640' title='bbox 2769 3689 2948 3760; x_wconf 72' lang='grc' dir='ltr'>Δῆλον</span> <span class='ocrx_word' id='word_1_641' title='bbox 2983 3692 3167 3748; x_wconf 79' lang='grc' dir='ltr'>τοίνυν</span> <span class='ocrx_word' id='word_1_642' title='bbox 3203 3693 3278 3754; x_wconf 85' lang='grc' dir='ltr'>ὡς</span> <span class='ocrx_word' id='word_1_643' title='bbox 3321 3695 3512 3767; x_wconf 84' lang='grc' dir='ltr'>σάρκα,</span> <span class='ocrx_word' id='word_1_644' title='bbox 3574 3697 3646 3750; x_wconf 85' lang='grc' dir='ltr'>τὸ</span> <span class='ocrx_word' id='word_1_645' title='bbox 3703 3714 3812 3767; x_wconf 77' lang='grc' dir='ltr'>σαρ-</span> 
     </span>
    </p>
   </div>
   <div class='ocr_carea' id='block_1_87' title="bbox 2158 3779 3814 3860">
    <p class='ocr_par' dir='ltr' id='par_1_87' title="bbox 2158 3779 3814 3860">
     <span class='ocr_line' id='line_1_87' title="bbox 2158 3779 3814 3860; baseline 0.001 -27"><span class='ocrx_word' id='word_1_646' title='bbox 2158 3779 2310 3833; x_wconf 77' lang='grc' dir='ltr'>κικὸν</span> <span class='ocrx_word' id='word_1_647' title='bbox 2341 3779 2598 3857; x_wconf 63' lang='grc' dir='ltr'>φρόνημα</span> <span class='ocrx_word' id='word_1_648' title='bbox 2637 3779 2817 3846; x_wconf 85' lang='grc' dir='ltr'>καλεῖ,</span> <span class='ocrx_word' id='word_1_649' title='bbox 2873 3781 3145 3846; x_wconf 71' lang='grc' dir='ltr'>τουτέστι,</span> <span class='ocrx_word' id='word_1_650' title='bbox 3206 3789 3306 3851; x_wconf 73' lang='grc' dir='ltr'>τῆς</span> <span class='ocrx_word' id='word_1_651' title='bbox 3355 3786 3544 3860; x_wconf 56' lang='grc' dir='ltr'>ψλχῆς</span> <span class='ocrx_word' id='word_1_652' title='bbox 3603 3787 3708 3852; x_wconf 64' lang='grc' dir='ltr'>τήν</span> <span class='ocrx_word' id='word_1_653' title='bbox 3738 3783 3814 3837; x_wconf 84' lang='grc' dir='ltr'><strong>ἐπι</strong></span> 
     </span>
    </p>
   </div>
   <div class='ocr_carea' id='block_1_88' title="bbox 2156 3867 3812 3949">
    <p class='ocr_par' dir='ltr' id='par_1_88' title="bbox 2156 3867 3812 3949">
     <span class='ocr_line' id='line_1_88' title="bbox 2156 3867 3812 3949; baseline 0 -25"><span class='ocrx_word' id='word_1_654' title='bbox 2156 3870 2224 3924; x_wconf 69' lang='grc' dir='ltr'>τά</span> <span class='ocrx_word' id='word_1_655' title='bbox 2250 3867 2423 3942; x_wconf 82' lang='grc' dir='ltr'>χείρω</span> <span class='ocrx_word' id='word_1_656' title='bbox 2481 3868 2677 3942; x_wconf 73' lang='grc' dir='ltr'>ῥοπὴν,</span> <span class='ocrx_word' id='word_1_657' title='bbox 2736 3872 2948 3941; x_wconf 75' lang='grc' dir='ltr'>πνεῦμα</span> <span class='ocrx_word' id='word_1_658' title='bbox 2999 3868 3056 3924; x_wconf 73' lang='grc' dir='ltr'>δὲ</span> <span class='ocrx_word' id='word_1_659' title='bbox 3113 3871 3210 3939; x_wconf 73' lang='grc' dir='ltr'><strong>τήν</strong></span> <span class='ocrx_word' id='word_1_660' title='bbox 3272 3868 3572 3943; x_wconf 70' lang='grc' dir='ltr'>δεδομένην</span> <span class='ocrx_word' id='word_1_661' title='bbox 3641 3873 3812 3949; x_wconf 59' lang='grc' dir='ltr'>χάριν,</span> 
     </span>
    </p>
   </div>
   <div class='ocr_carea' id='block_1_89' title="bbox 2158 3958 3816 4033">
    <p class='ocr_par' dir='ltr' id='par_1_89' title="bbox 2158 3958 3816 4033">
     <span class='ocr_line' id='line_1_89' title="bbox 2158 3958 3816 4033; baseline 0.004 -22"><span class='ocrx_word' id='word_1_662' title='bbox 2158 3983 2186 4011; x_wconf 87' lang='grc' dir='ltr'>ιι</span> <span class='ocrx_word' id='word_1_663' title='bbox 2241 3958 2593 4032; x_wconf 69' lang='grc' dir='ltr'>’Δκαθαρσία,</span> <span class='ocrx_word' id='word_1_664' title='bbox 2645 3958 2922 4032; x_wconf 74' lang='grc' dir='ltr'>ἀσέλγεια.</span> <span class='ocrx_word' id='word_1_665' title='bbox 2983 3983 3010 4011; x_wconf 84' lang='grc'>››</span> <span class='ocrx_word' id='word_1_666' title='bbox 3071 3960 3428 4033; x_wconf 80' lang='grc' dir='ltr'>Ἀκαθαρσίαν</span> <span class='ocrx_word' id='word_1_667' title='bbox 3485 3961 3576 4016; x_wconf 79' lang='grc' dir='ltr'>καὶ</span> <span class='ocrx_word' id='word_1_668' title='bbox 3667 3962 3816 4018; x_wconf 66' lang='grc' dir='ltr'>ἀσελ-</span> 
     </span>
    </p>
   </div>
   <div class='ocr_carea' id='block_1_90' title="bbox 2155 4046 3813 4126">
    <p class='ocr_par' dir='ltr' id='par_1_90' title="bbox 2155 4046 3813 4126">
     <span class='ocr_line' id='line_1_90' title="bbox 2155 4046 3813 4126; baseline -0.001 -23"><span class='ocrx_word' id='word_1_669' title='bbox 2155 4068 2301 4122; x_wconf 75' lang='grc' dir='ltr'><strong>γειαν</strong></span> <span class='ocrx_word' id='word_1_670' title='bbox 2335 4047 2488 4126; x_wconf 70' lang='grc' dir='ltr'>φησὶ,</span> <span class='ocrx_word' id='word_1_671' title='bbox 2521 4047 2760 4117; x_wconf 79' lang='grc' dir='ltr'>τρόπους</span> <span class='ocrx_word' id='word_1_672' title='bbox 2793 4046 3064 4122; x_wconf 70' lang='grc' dir='ltr'>αἰσχροὺς</span> <span class='ocrx_word' id='word_1_673' title='bbox 3125 4049 3398 4122; x_wconf 74' lang='grc' dir='ltr'>πορνείας.</span> <span class='ocrx_word' id='word_1_674' title='bbox 3437 4076 3457 4100; x_wconf 78' lang='grc' dir='ltr'>ι</span> <span class='ocrx_word' id='word_1_675' title='bbox 3492 4051 3757 4125; x_wconf 75' lang='grc' dir='ltr'>Ἐχθραι.</span> <span class='ocrx_word' id='word_1_676' title='bbox 3787 4075 3813 4102; x_wconf 87' lang='lat' dir='ltr'>ii</span> 
     </span>
    </p>
   </div>
   <div class='ocr_carea' id='block_1_91' title="bbox 2156 4132 3813 4214">
    <p class='ocr_par' dir='ltr' id='par_1_91' title="bbox 2156 4132 3813 4214">
     <span class='ocr_line' id='line_1_91' title="bbox 2156 4132 3813 4214; baseline -0.002 -19"><span class='ocrx_word' id='word_1_677' title='bbox 2156 4139 2224 4196; x_wconf 72' lang='grc' dir='ltr'>Αἱ</span> <span class='ocrx_word' id='word_1_678' title='bbox 2257 4135 2455 4192; x_wconf 80' lang='grc' dir='ltr'>ἁδικοι.</span> <span class='ocrx_word' id='word_1_679' title='bbox 2491 4136 2739 4212; x_wconf 74' lang='grc' dir='ltr'>Εἷσὶγᾶρ</span> <span class='ocrx_word' id='word_1_680' title='bbox 2787 4137 2876 4190; x_wconf 85' lang='grc' dir='ltr'>καὶ</span> <span class='ocrx_word' id='word_1_681' title='bbox 2934 4135 3139 4192; x_wconf 86' lang='grc' dir='ltr'>δίκαιαι</span> <span class='ocrx_word' id='word_1_682' title='bbox 3197 4132 3414 4214; x_wconf 70' lang='grc' dir='ltr'>ἔχθραι,</span> <span class='ocrx_word' id='word_1_683' title='bbox 3464 4141 3521 4193; x_wconf 81' lang='grc' dir='ltr'>αἱ</span> <span class='ocrx_word' id='word_1_684' title='bbox 3580 4135 3677 4195; x_wconf 75' lang='grc' dir='ltr'>διὰ</span> <span class='ocrx_word' id='word_1_685' title='bbox 3723 4141 3813 4208; x_wconf 74' lang='grc' dir='ltr'>τὴν</span> 
     </span>
    </p>
   </div>
   <div class='ocr_carea' id='block_1_92' title="bbox 2156 4222 3811 4306">
    <p class='ocr_par' dir='ltr' id='par_1_92' title="bbox 2156 4222 3811 4306">
     <span class='ocr_line' id='line_1_92' title="bbox 2156 4222 3811 4306; baseline -0.002 -24"><span class='ocrx_word' id='word_1_686' title='bbox 2156 4227 2334 4283; x_wconf 85' lang='grc' dir='ltr'>πίστιν</span> <span class='ocrx_word' id='word_1_687' title='bbox 2374 4226 2676 4302; x_wconf 78' lang='grc' dir='ltr'>γινόμεναι.</span> <span class='ocrx_word' id='word_1_688' title='bbox 2718 4225 2778 4281; x_wconf 75' lang='grc' dir='ltr'>Εἰ</span> <span class='ocrx_word' id='word_1_689' title='bbox 2810 4222 3034 4280; x_wconf 83' lang='grc' dir='ltr'>δυνατὸν</span> <span class='ocrx_word' id='word_1_690' title='bbox 3083 4233 3208 4302; x_wconf 79' lang='grc' dir='ltr'>γαρ,</span> <span class='ocrx_word' id='word_1_691' title='bbox 3244 4227 3399 4306; x_wconf 74' lang='grc' dir='ltr'>φησὶ,</span> <span class='ocrx_word' id='word_1_692' title='bbox 3454 4228 3516 4281; x_wconf 87' lang='grc' dir='ltr'>τὸ</span> <span class='ocrx_word' id='word_1_693' title='bbox 3577 4227 3630 4301; x_wconf 78' lang='grc' dir='ltr'>ἐξ</span> <span class='ocrx_word' id='word_1_694' title='bbox 3671 4230 3811 4301; x_wconf 81' lang='grc' dir='ltr'>ὑμῶν</span> 
     </span>
    </p>
   </div>
   <div class='ocr_carea' id='block_1_93' title="bbox 2160 4313 3811 4390">
    <p class='ocr_par' dir='ltr' id='par_1_93' title="bbox 2160 4313 3811 4390">
     <span class='ocr_line' id='line_1_93' title="bbox 2160 4313 3811 4390; baseline -0.001 -19"><span class='ocrx_word' id='word_1_695' title='bbox 2160 4317 2296 4389; x_wconf 79' lang='grc' dir='ltr'>μετά</span> <span class='ocrx_word' id='word_1_696' title='bbox 2325 4315 2540 4370; x_wconf 86' lang='grc' dir='ltr'>πάντων</span> <span class='ocrx_word' id='word_1_697' title='bbox 2584 4313 2881 4388; x_wconf 70' lang='grc' dir='ltr'>ανθρώπων</span> <span class='ocrx_word' id='word_1_698' title='bbox 2914 4315 3242 4390; x_wconf 70' lang='grc' dir='ltr'><strong>εἰρηνεύετε,</strong></span> <span class='ocrx_word' id='word_1_699' title='bbox 3297 4316 3372 4381; x_wconf 88' lang='grc' dir='ltr'>ὡς</span> <span class='ocrx_word' id='word_1_700' title='bbox 3424 4319 3564 4372; x_wconf 78' lang='grc' dir='ltr'>εἶναι</span> <span class='ocrx_word' id='word_1_701' title='bbox 3625 4315 3811 4388; x_wconf 77' lang='grc' dir='ltr'>δῆλον,</span> 
     </span>
    </p>
   </div>
   <div class='ocr_carea' id='block_1_94' title="bbox 2158 4399 3809 4481">
    <p class='ocr_par' dir='ltr' id='par_1_94' title="bbox 2158 4399 3809 4481">
     <span class='ocr_line' id='line_1_94' title="bbox 2158 4399 3809 4481; baseline 0.001 -22"><span class='ocrx_word' id='word_1_702' title='bbox 2158 4405 2241 4460; x_wconf 83' lang='grc' dir='ltr'>δτι</span> <span class='ocrx_word' id='word_1_703' title='bbox 2273 4399 2415 4459; x_wconf 81' lang='grc' dir='ltr'>ἔστιν</span> <span class='ocrx_word' id='word_1_704' title='bbox 2438 4405 2525 4458; x_wconf 83' lang='grc' dir='ltr'>ὅτε</span> <span class='ocrx_word' id='word_1_705' title='bbox 2558 4402 2656 4457; x_wconf 80' lang='grc' dir='ltr'>οὐκ</span> <span class='ocrx_word' id='word_1_706' title='bbox 2696 4401 2808 4459; x_wconf 83' lang='grc' dir='ltr'>ἔστι</span> <span class='ocrx_word' id='word_1_707' title='bbox 2859 4401 3106 4459; x_wconf 88' lang='grc' dir='ltr'>δυνατόν.</span> <span class='ocrx_word' id='word_1_708' title='bbox 3165 4429 3194 4458; x_wconf 79' lang='grc' dir='ltr'><strong>ι(</strong></span> <span class='ocrx_word' id='word_1_709' title='bbox 3251 4403 3443 4475; x_wconf 77' lang='grc' dir='ltr'>Ζῆλοι.</span> <span class='ocrx_word' id='word_1_710' title='bbox 3483 4430 3504 4458; x_wconf 75' lang='grc' dir='ltr'><strong>ι</strong></span> <span class='ocrx_word' id='word_1_711' title='bbox 3565 4406 3646 4463; x_wconf 75' lang='grc' dir='ltr'>Οὐ</span> <span class='ocrx_word' id='word_1_712' title='bbox 3709 4406 3809 4481; x_wconf 75' lang='grc' dir='ltr'>χρὴ</span> 
     </span>
    </p>
   </div>
   <div class='ocr_carea' id='block_1_95' title="bbox 2154 4490 3807 4570">
    <p class='ocr_par' dir='ltr' id='par_1_95' title="bbox 2154 4490 3807 4570">
     <span class='ocr_line' id='line_1_95' title="bbox 2154 4490 3807 4570; baseline -0.001 -23"><span class='ocrx_word' id='word_1_713' title='bbox 2154 4496 2254 4570; x_wconf 82' lang='grc' dir='ltr'>γάρ</span> <span class='ocrx_word' id='word_1_714' title='bbox 2322 4490 2599 4564; x_wconf 67' lang='grc' dir='ltr'>ζηλεύειν,</span> <span class='ocrx_word' id='word_1_715' title='bbox 2660 4491 2806 4549; x_wconf 84' lang='grc' dir='ltr'>ἀλλᾶ</span> <span class='ocrx_word' id='word_1_716' title='bbox 2869 4493 3083 4568; x_wconf 85' lang='grc' dir='ltr'>χαίρειν</span> <span class='ocrx_word' id='word_1_717' title='bbox 3144 4497 3280 4568; x_wconf 82' lang='grc' dir='ltr'>μετά</span> <span class='ocrx_word' id='word_1_718' title='bbox 3335 4495 3676 4570; x_wconf 83' lang='grc' dir='ltr'>χαιρόντων,</span> <span class='ocrx_word' id='word_1_719' title='bbox 3731 4494 3807 4550; x_wconf 76' lang='grc' dir='ltr'>καὶ</span> 
     </span>
    </p>
   </div>
   <div class='ocr_carea' id='block_1_96' title="bbox 400 4575 2053 4664">
    <p class='ocr_par' dir='ltr' id='par_1_96' title="bbox 400 4579 2051 4650">
     <span class='ocr_line' id='line_1_96' title="bbox 400 4579 2051 4650; baseline -0.001 -17"><span class='ocrx_word' id='word_1_720' title='bbox 400 4579 554 4633; x_wconf 88' lang='lat' dir='ltr'>alite</span> <span class='ocrx_word' id='word_1_721' title='bbox 582 4586 745 4634; x_wconf 71' lang='lat' dir='ltr'>ortis.</span> <span class='ocrx_word' id='word_1_722' title='bbox 777 4583 810 4635; x_wconf 70' lang='grc'>7</span> <span class='ocrx_word' id='word_1_723' title='bbox 829 4581 928 4635; x_wconf 77' lang='lat'><strong><em>63</em></strong></span> <span class='ocrx_word' id='word_1_724' title='bbox 959 4602 978 4628; x_wconf 72' lang='grc' dir='ltr'><strong>ι</strong></span> <span class='ocrx_word' id='word_1_725' title='bbox 1001 4580 1434 4636; x_wconf 87' lang='lat' dir='ltr'>Cavillationes.</span> <span class='ocrx_word' id='word_1_726' title='bbox 1461 4612 1482 4635; x_wconf 74' lang='grc' dir='ltr'><strong>»ι</strong></span> <span class='ocrx_word' id='word_1_727' title='bbox 1509 4583 1608 4635; x_wconf 89' lang='lat' dir='ltr'>Est</span> <span class='ocrx_word' id='word_1_728' title='bbox 1632 4588 1831 4637; x_wconf 88' lang='lat' dir='ltr'>autem</span> <span class='ocrx_word' id='word_1_729' title='bbox 1853 4600 2051 4650; x_wconf 83' lang='grc' dir='ltr'>κωμω-</span> 
     </span>
    </p>
   </div>
   <div class='ocr_carea' id='block_1_97' title="bbox 2166 4575 3809 4664">
    <p class='ocr_par' dir='ltr' id='par_1_97' title="bbox 2166 4579 3809 4664">
     <span class='ocr_line' id='line_1_97' title="bbox 2166 4579 3809 4664; baseline -0.002 -26"><span class='ocrx_word' id='word_1_730' title='bbox 2166 4582 2368 4640; x_wconf 72' lang='grc' dir='ltr'>κλσιίειν</span> <span class='ocrx_word' id='word_1_731' title='bbox 2408 4583 2542 4654; x_wconf 75' lang='grc' dir='ltr'>μετὰ</span> <span class='ocrx_word' id='word_1_732' title='bbox 2571 4579 2890 4636; x_wconf 85' lang='grc' dir='ltr'>κλαιόντων.</span> <span class='ocrx_word' id='word_1_733' title='bbox 2925 4582 3249 4657; x_wconf 86' lang='grc' dir='ltr'><strong>ιιἘρίθειαι.</strong></span> <span class='ocrx_word' id='word_1_734' title='bbox 3277 4606 3300 4636; x_wconf 82' lang='lat' dir='ltr'>ii</span> <span class='ocrx_word' id='word_1_735' title='bbox 3336 4584 3462 4638; x_wconf 81' lang='grc' dir='ltr'>Οἴον</span> <span class='ocrx_word' id='word_1_736' title='bbox 3491 4585 3809 4664; x_wconf 66' lang='grc' dir='ltr'>φιλονεικίαι</span> 
     </span>
    </p>
   </div>
   <div class='ocr_carea' id='block_1_98' title="bbox 400 4663 2050 4742">
    <p class='ocr_par' dir='ltr' id='par_1_98' title="bbox 400 4663 2050 4742">
     <span class='ocr_line' id='line_1_98' title="bbox 400 4663 2050 4742; baseline 0.003 -23"><span class='ocrx_word' id='word_1_737' title='bbox 400 4663 508 4719; x_wconf 79' lang='grc' dir='ltr'>δεῖν</span> <span class='ocrx_word' id='word_1_738' title='bbox 542 4668 720 4733; x_wconf 86' lang='lat' dir='ltr'>(unde</span> <span class='ocrx_word' id='word_1_739' title='bbox 743 4671 973 4738; x_wconf 81' lang='grc' dir='ltr'>κῶμως,</span> <span class='ocrx_word' id='word_1_740' title='bbox 1005 4669 1061 4724; x_wconf 86' lang='lat' dir='ltr'>id</span> <span class='ocrx_word' id='word_1_741' title='bbox 1096 4678 1202 4730; x_wconf 81' lang='lat' dir='ltr'>est.</span> <span class='ocrx_word' id='word_1_742' title='bbox 1237 4671 1533 4725; x_wconf 87' lang='lat' dir='ltr'>cavillatio</span> <span class='ocrx_word' id='word_1_743' title='bbox 1565 4670 1883 4742; x_wconf 83' lang='lat' dir='ltr'>derivatur)</span> <span class='ocrx_word' id='word_1_744' title='bbox 1916 4687 2050 4724; x_wconf 89' lang='lat' dir='ltr'>cum</span> 
     </span>
    </p>
   </div>
   <div class='ocr_carea' id='block_1_99' title="bbox 400 4755 2051 4830">
    <p class='ocr_par' dir='ltr' id='par_1_99' title="bbox 400 4755 2051 4830">
     <span class='ocr_line' id='line_1_99' title="bbox 400 4755 2051 4830; baseline 0.001 -20"><span class='ocrx_word' id='word_1_745' title='bbox 400 4755 683 4811; x_wconf 89' lang='lat' dir='ltr'>ebrietate</span> <span class='ocrx_word' id='word_1_746' title='bbox 711 4757 964 4812; x_wconf 90' lang='lat' dir='ltr'>aliorum</span> <span class='ocrx_word' id='word_1_747' title='bbox 999 4758 1310 4830; x_wconf 86' lang='lat' dir='ltr'>Opiniones</span> <span class='ocrx_word' id='word_1_748' title='bbox 1346 4759 1631 4814; x_wconf 85' lang='lat' dir='ltr'>cavillari.</span> <span class='ocrx_word' id='word_1_749' title='bbox 1667 4787 1691 4812; x_wconf 78' lang='grc' dir='ltr'>ιι</span> <span class='ocrx_word' id='word_1_750' title='bbox 1734 4759 1915 4829; x_wconf 79' lang='lat' dir='ltr'>Regni</span> <span class='ocrx_word' id='word_1_751' title='bbox 1950 4759 2051 4813; x_wconf 92' lang='lat' dir='ltr'>Dei</span> 
     </span>
    </p>
   </div>
   <div class='ocr_carea' id='block_1_100' title="bbox 401 4843 2048 4918">
    <p class='ocr_par' dir='ltr' id='par_1_100' title="bbox 401 4843 2048 4918">
     <span class='ocr_line' id='line_1_100' title="bbox 401 4843 2048 4918; baseline 0.003 -22"><span class='ocrx_word' id='word_1_752' title='bbox 401 4843 667 4897; x_wconf 73' lang='lat' dir='ltr'>haeredes</span> <span class='ocrx_word' id='word_1_753' title='bbox 701 4862 819 4898; x_wconf 92' lang='lat' dir='ltr'>non</span> <span class='ocrx_word' id='word_1_754' title='bbox 853 4854 1048 4901; x_wconf 85' lang='lat' dir='ltr'>erunt.</span> <span class='ocrx_word' id='word_1_755' title='bbox 1085 4871 1111 4894; x_wconf 79' lang='grc' dir='ltr'>υ</span> <span class='ocrx_word' id='word_1_756' title='bbox 1145 4847 1340 4918; x_wconf 77' lang='lat' dir='ltr'>[tegno</span> <span class='ocrx_word' id='word_1_757' title='bbox 1374 4847 1614 4902; x_wconf 86' lang='lat' dir='ltr'>interim</span> <span class='ocrx_word' id='word_1_758' title='bbox 1647 4863 1851 4902; x_wconf 90' lang='lat' dir='ltr'>omnes</span> <span class='ocrx_word' id='word_1_759' title='bbox 1894 4847 2048 4902; x_wconf 80' lang='lat' dir='ltr'>exci-</span> 
     </span>
    </p>
   </div>
   <div class='ocr_carea' id='block_1_101' title="bbox 400 4931 1870 5006">
    <p class='ocr_par' dir='ltr' id='par_1_101' title="bbox 400 4931 1870 5006">
     <span class='ocr_line' id='line_1_101' title="bbox 400 4931 1870 5006; baseline 0.005 -21"><span class='ocrx_word' id='word_1_760' title='bbox 400 4931 543 4986; x_wconf 87' lang='lat' dir='ltr'>dent</span> <span class='ocrx_word' id='word_1_761' title='bbox 574 4948 586 4985; x_wconf 89' lang='lat'>:</span> <span class='ocrx_word' id='word_1_762' title='bbox 624 4933 734 4986; x_wconf 89' lang='lat' dir='ltr'>erit</span> <span class='ocrx_word' id='word_1_763' title='bbox 767 4941 874 4988; x_wconf 82' lang='lat' dir='ltr'>tair</span> <span class='ocrx_word' id='word_1_764' title='bbox 890 4950 962 4988; x_wconf 91' lang='lat' dir='ltr'>en</span> <span class='ocrx_word' id='word_1_765' title='bbox 995 4941 1051 4989; x_wconf 90' lang='lat' dir='ltr'>et</span> <span class='ocrx_word' id='word_1_766' title='bbox 1084 4936 1510 5006; x_wconf 87' lang='lat' dir='ltr'>suppliciorum</span> <span class='ocrx_word' id='word_1_767' title='bbox 1543 4937 1870 4992; x_wconf 86' lang='lat' dir='ltr'>diversitas.</span> 
     </span>
    </p>
   </div>
   <div class='ocr_carea' id='block_1_102' title="bbox 474 5022 2052 5096">
    <p class='ocr_par' dir='ltr' id='par_1_102' title="bbox 474 5022 2052 5096">
     <span class='ocr_line' id='line_1_102' title="bbox 474 5022 2052 5096; baseline 0.001 -19"><span class='ocrx_word' id='word_1_768' title='bbox 474 5022 533 5090; x_wconf 75' lang='grc' dir='ltr'>ν,</span> <span class='ocrx_word' id='word_1_769' title='bbox 569 5024 760 5077; x_wconf 81' lang='lat'>22-26.</span> <span class='ocrx_word' id='word_1_770' title='bbox 800 5044 822 5074; x_wconf 85' lang='grc' dir='ltr'>ιι</span> <span class='ocrx_word' id='word_1_771' title='bbox 859 5025 1074 5078; x_wconf 90' lang='lat' dir='ltr'>Contra</span> <span class='ocrx_word' id='word_1_772' title='bbox 1106 5024 1334 5080; x_wconf 83' lang='lat' dir='ltr'>fructus</span> <span class='ocrx_word' id='word_1_773' title='bbox 1367 5026 1617 5096; x_wconf 89' lang='lat' dir='ltr'>Spiritus</span> <span class='ocrx_word' id='word_1_774' title='bbox 1649 5034 1739 5080; x_wconf 91' lang='lat' dir='ltr'>est</span> <span class='ocrx_word' id='word_1_775' title='bbox 1769 5025 2052 5095; x_wconf 79' lang='lat' dir='ltr'>Charitas,</span> 
     </span>
    </p>
   </div>
   <div class='ocr_carea' id='block_1_103' title="bbox 401 5111 2049 5188">
    <p class='ocr_par' dir='ltr' id='par_1_103' title="bbox 401 5111 2049 5188">
     <span class='ocr_line' id='line_1_103' title="bbox 401 5111 2049 5188; baseline 0.004 -26"><span class='ocrx_word' id='word_1_776' title='bbox 401 5136 428 5161; x_wconf 78' lang='grc' dir='ltr'>ι(</span> <span class='ocrx_word' id='word_1_777' title='bbox 462 5111 764 5184; x_wconf 84' lang='lat' dir='ltr'>gaudium,</span> <span class='ocrx_word' id='word_1_778' title='bbox 800 5128 932 5184; x_wconf 81' lang='lat' dir='ltr'>pax,</span> <span class='ocrx_word' id='word_1_779' title='bbox 968 5113 1202 5179; x_wconf 85' lang='lat' dir='ltr'>lenitas,</span> <span class='ocrx_word' id='word_1_780' title='bbox 1236 5113 1593 5188; x_wconf 86' lang='lat' dir='ltr'>benignitas,</span> <span class='ocrx_word' id='word_1_781' title='bbox 1617 5113 2049 5182; x_wconf 66' lang='lat' dir='ltr'>bonitasﬁdes,</span> 
     </span>
    </p>
   </div>
   <div class='ocr_carea' id='block_1_104' title="bbox 401 5203 2050 5275">
    <p class='ocr_par' dir='ltr' id='par_1_104' title="bbox 401 5203 2050 5275">
     <span class='ocr_line' id='line_1_104' title="bbox 401 5203 2050 5275; baseline 0.004 -24"><span class='ocrx_word' id='word_1_782' title='bbox 401 5227 426 5251; x_wconf 87' lang='grc' dir='ltr'><strong>ι(</strong></span> <span class='ocrx_word' id='word_1_783' title='bbox 460 5204 876 5265; x_wconf 84' lang='lat' dir='ltr'>mansuetudo,</span> <span class='ocrx_word' id='word_1_784' title='bbox 915 5204 1324 5275; x_wconf 87' lang='lat' dir='ltr'>temperantia.</span> <span class='ocrx_word' id='word_1_785' title='bbox 1360 5205 1652 5261; x_wconf 83' lang='lat' dir='ltr'>Adversus</span> <span class='ocrx_word' id='word_1_786' title='bbox 1710 5203 2050 5275; x_wconf 74' lang='lat' dir='ltr'>hujusmodi</span> 
     </span>
    </p>
   </div>
   <div class='ocr_carea' id='block_1_105' title="bbox 399 5294 2052 5350">
    <p class='ocr_par' dir='ltr' id='par_1_105' title="bbox 399 5294 2052 5350">
     <span class='ocr_line' id='line_1_105' title="bbox 399 5294 2052 5350; baseline 0.001 -4"><span class='ocrx_word' id='word_1_787' title='bbox 399 5315 425 5341; x_wconf 84' lang='grc'><em>‹‹</em></span> <span class='ocrx_word' id='word_1_788' title='bbox 453 5309 570 5347; x_wconf 88' lang='lat' dir='ltr'>non</span> <span class='ocrx_word' id='word_1_789' title='bbox 597 5302 685 5348; x_wconf 89' lang='lat' dir='ltr'>est</span> <span class='ocrx_word' id='word_1_790' title='bbox 710 5294 800 5348; x_wconf 77' lang='lat' dir='ltr'>lex</span> <span class='ocrx_word' id='word_1_791' title='bbox 821 5294 909 5347; x_wconf 86' lang='lat' dir='ltr'>:Hi</span> <span class='ocrx_word' id='word_1_792' title='bbox 929 5301 1126 5348; x_wconf 86' lang='lat' dir='ltr'>autem</span> <span class='ocrx_word' id='word_1_793' title='bbox 1143 5295 1358 5349; x_wconf 87' lang='lat' dir='ltr'>Christi</span> <span class='ocrx_word' id='word_1_794' title='bbox 1373 5312 1613 5350; x_wconf 88' lang='lat' dir='ltr'>carnem</span> <span class='ocrx_word' id='word_1_795' title='bbox 1631 5295 2052 5349; x_wconf 72' lang='lat' dir='ltr'>cruciﬁxerunt</span> 
     </span>
    </p>
   </div>
   <div class='ocr_carea' id='block_1_106' title="bbox 399 5385 2052 5456">
    <p class='ocr_par' dir='ltr' id='par_1_106' title="bbox 399 5385 2052 5456">
     <span class='ocr_line' id='line_1_106' title="bbox 399 5385 2052 5456; baseline 0 -18"><span class='ocrx_word' id='word_1_796' title='bbox 399 5406 426 5432; x_wconf 86' lang='grc'><em>‹‹</em></span> <span class='ocrx_word' id='word_1_797' title='bbox 451 5401 588 5438; x_wconf 87' lang='lat' dir='ltr'>cum</span> <span class='ocrx_word' id='word_1_798' title='bbox 616 5386 926 5439; x_wconf 80' lang='lat' dir='ltr'>atiectibus</span> <span class='ocrx_word' id='word_1_799' title='bbox 952 5386 1548 5456; x_wconf 81' lang='lat' dir='ltr'>etconcupiscentiis.</span> <span class='ocrx_word' id='word_1_800' title='bbox 1579 5385 1634 5439; x_wconf 92' lang='lat' dir='ltr'>Si</span> <span class='ocrx_word' id='word_1_801' title='bbox 1669 5385 1878 5456; x_wconf 88' lang='lat' dir='ltr'>spiritu</span> <span class='ocrx_word' id='word_1_802' title='bbox 1910 5385 2052 5438; x_wconf 91' lang='lat' dir='ltr'>vivi-</span> 
     </span>
    </p>
   </div>
   <div class='ocr_carea' id='block_1_107' title="bbox 397 5473 2052 5545">
    <p class='ocr_par' dir='ltr' id='par_1_107' title="bbox 397 5473 2052 5545">
     <span class='ocr_line' id='line_1_107' title="bbox 397 5473 2052 5545; baseline 0.001 -19"><span class='ocrx_word' id='word_1_803' title='bbox 397 5494 424 5520; x_wconf 78' lang='grc' dir='ltr'>ιι</span> <span class='ocrx_word' id='word_1_804' title='bbox 461 5487 615 5537; x_wconf 89' lang='lat' dir='ltr'>mus,</span> <span class='ocrx_word' id='word_1_805' title='bbox 676 5475 888 5545; x_wconf 89' lang='lat' dir='ltr'>spiritu</span> <span class='ocrx_word' id='word_1_806' title='bbox 941 5474 1120 5529; x_wconf 90' lang='lat' dir='ltr'>etiam</span> <span class='ocrx_word' id='word_1_807' title='bbox 1166 5474 1530 5531; x_wconf 89' lang='lat' dir='ltr'>incedamus.</span> <span class='ocrx_word' id='word_1_808' title='bbox 1584 5476 1662 5529; x_wconf 81' lang='lat' dir='ltr'>i\&#39;e</span> <span class='ocrx_word' id='word_1_809' title='bbox 1722 5473 2052 5530; x_wconf 73' lang='lat' dir='ltr'>ett‘iciamur</span> 
     </span>
    </p>
   </div>
   <div class='ocr_carea' id='block_1_108' title="bbox 399 5561 1867 5636">
    <p class='ocr_par' dir='ltr' id='par_1_108' title="bbox 399 5561 1867 5636">
     <span class='ocr_line' id='line_1_108' title="bbox 399 5561 1867 5636; baseline 0.003 -20"><span class='ocrx_word' id='word_1_810' title='bbox 399 5579 427 5609; x_wconf 74' lang='grc' dir='ltr'><strong><em>κ</em></strong></span> <span class='ocrx_word' id='word_1_811' title='bbox 459 5561 658 5619; x_wconf 85' lang='lat' dir='ltr'>inanis</span> <span class='ocrx_word' id='word_1_812' title='bbox 687 5564 890 5634; x_wconf 67' lang='lat' dir='ltr'>gloriae</span> <span class='ocrx_word' id='word_1_813' title='bbox 922 5564 1418 5636; x_wconf 86' lang='lat' dir='ltr'>cupidi,invicem</span> <span class='ocrx_word' id='word_1_814' title='bbox 1449 5565 1784 5624; x_wconf 87' lang='lat' dir='ltr'>invidentes</span> <span class='ocrx_word' id='word_1_815' title='bbox 1817 5587 1867 5620; x_wconf 75' lang='lat' dir='ltr'>ii.</span> 
     </span>
    </p>
   </div>
   <div class='ocr_carea' id='block_1_109' title="bbox 2157 4666 3808 4746">
    <p class='ocr_par' dir='ltr' id='par_1_109' title="bbox 2157 4666 3808 4746">
     <span class='ocr_line' id='line_1_109' title="bbox 2157 4666 3808 4746; baseline -0.001 -18"><span class='ocrx_word' id='word_1_816' title='bbox 2157 4671 2264 4728; x_wconf 80' lang='grc' dir='ltr'>ἀπὸ</span> <span class='ocrx_word' id='word_1_817' title='bbox 2297 4674 2394 4740; x_wconf 69' lang='grc' dir='ltr'>τῆς</span> <span class='ocrx_word' id='word_1_818' title='bbox 2424 4666 2623 4746; x_wconf 77' lang='grc' dir='ltr'>ἔριδος.</span> <span class='ocrx_word' id='word_1_819' title='bbox 2658 4696 2685 4721; x_wconf 89' lang='grc'>‹‹</span> <span class='ocrx_word' id='word_1_820' title='bbox 2722 4674 2939 4743; x_wconf 79' lang='grc' dir='ltr'>Κῶμοι.</span> <span class='ocrx_word' id='word_1_821' title='bbox 2969 4695 2994 4722; x_wconf 88' lang='grc'>››</span> <span class='ocrx_word' id='word_1_822' title='bbox 3026 4673 3096 4726; x_wconf 88' lang='grc' dir='ltr'>Τὸ</span> <span class='ocrx_word' id='word_1_823' title='bbox 3117 4669 3407 4746; x_wconf 81' lang='grc' dir='ltr'>κωμῳδεῖν</span> <span class='ocrx_word' id='word_1_824' title='bbox 3437 4674 3528 4728; x_wconf 75' lang='grc' dir='ltr'>καὶ</span> <span class='ocrx_word' id='word_1_825' title='bbox 3563 4674 3808 4729; x_wconf 84' lang='grc' dir='ltr'>ἀποσκώ·</span> 
     </span>
    </p>
   </div>
   <div class='ocr_carea' id='block_1_110' title="bbox 2158 4759 3803 4834">
    <p class='ocr_par' dir='ltr' id='par_1_110' title="bbox 2158 4759 3803 4834">
     <span class='ocr_line' id='line_1_110' title="bbox 2158 4759 3803 4834; baseline -0.001 -18"><span class='ocrx_word' id='word_1_826' title='bbox 2158 4782 2312 4816; x_wconf 88' lang='grc' dir='ltr'><strong>πτειν</strong></span> <span class='ocrx_word' id='word_1_827' title='bbox 2343 4759 2642 4832; x_wconf 79' lang='grc' dir='ltr'>ἀλλοτρίας</span> <span class='ocrx_word' id='word_1_828' title='bbox 2677 4759 2981 4834; x_wconf 70' lang='grc' dir='ltr'>ὑπολήψεις</span> <span class='ocrx_word' id='word_1_829' title='bbox 3019 4762 3154 4834; x_wconf 85' lang='grc' dir='ltr'>μετὰ</span> <span class='ocrx_word' id='word_1_830' title='bbox 3192 4760 3378 4834; x_wconf 73' lang='grc' dir='ltr'>μὲθης.</span> <span class='ocrx_word' id='word_1_831' title='bbox 3442 4787 3468 4813; x_wconf 89' lang='grc' dir='ltr'>ιι</span> <span class='ocrx_word' id='word_1_832' title='bbox 3522 4761 3803 4819; x_wconf 73' lang='grc' dir='ltr'>Βασιλείαν</span> 
     </span>
    </p>
   </div>
   <div class='ocr_carea' id='block_1_111' title="bbox 2159 4844 3801 4925">
    <p class='ocr_par' dir='ltr' id='par_1_111' title="bbox 2159 4844 3801 4925">
     <span class='ocr_line' id='line_1_111' title="bbox 2159 4844 3801 4925; baseline 0 -20"><span class='ocrx_word' id='word_1_833' title='bbox 2159 4854 2292 4906; x_wconf 76' lang='grc' dir='ltr'>Θεοῦ</span> <span class='ocrx_word' id='word_1_834' title='bbox 2323 4850 2388 4904; x_wconf 75' lang='grc' dir='ltr'>οὗ</span> <span class='ocrx_word' id='word_1_835' title='bbox 2419 4848 2922 4922; x_wconf 68' lang='grc' dir='ltr'>κληρονομήσουσι.</span> <span class='ocrx_word' id='word_1_836' title='bbox 2963 4879 2987 4900; x_wconf 76' lang='grc' dir='ltr'><em>η</em></span> <span class='ocrx_word' id='word_1_837' title='bbox 3019 4848 3168 4911; x_wconf 78' lang='grc' dir='ltr'>Τὲως</span> <span class='ocrx_word' id='word_1_838' title='bbox 3202 4847 3480 4925; x_wconf 83' lang='grc' dir='ltr'>βασιλείας</span> <span class='ocrx_word' id='word_1_839' title='bbox 3517 4844 3801 4910; x_wconf 80' lang='grc' dir='ltr'>ἔκπτωσις.</span> 
     </span>
    </p>
   </div>
   <div class='ocr_carea' id='block_1_112' title="bbox 2159 4934 3113 5016">
    <p class='ocr_par' dir='ltr' id='par_1_112' title="bbox 2159 4934 3113 5016">
     <span class='ocr_line' id='line_1_112' title="bbox 2159 4934 3113 5016; baseline 0.002 -23"><span class='ocrx_word' id='word_1_840' title='bbox 2159 4942 2241 4996; x_wconf 83' lang='grc' dir='ltr'><strong>Τά</strong></span> <span class='ocrx_word' id='word_1_841' title='bbox 2273 4941 2375 5016; x_wconf 72' lang='grc' dir='ltr'>γάρ</span> <span class='ocrx_word' id='word_1_842' title='bbox 2407 4942 2512 4991; x_wconf 81' lang='grc' dir='ltr'>τῶν</span> <span class='ocrx_word' id='word_1_843' title='bbox 2544 4937 2826 5012; x_wconf 82' lang='grc' dir='ltr'>τιμωρίῶν</span> <span class='ocrx_word' id='word_1_844' title='bbox 2855 4934 3113 5016; x_wconf 69' lang='grc' dir='ltr'>διάφορα.</span> 
     </span>
    </p>
   </div>
   <div class='ocr_carea' id='block_1_113' title="bbox 2229 5025 3800 5104">
    <p class='ocr_par' dir='ltr' id='par_1_113' title="bbox 2229 5025 3800 5104">
     <span class='ocr_line' id='line_1_113' title="bbox 2229 5025 3800 5104; baseline 0.001 -23"><span class='ocrx_word' id='word_1_845' title='bbox 2229 5029 2291 5085; x_wconf 78' lang='lat'>&#39;0</span> <span class='ocrx_word' id='word_1_846' title='bbox 2323 5025 2380 5082; x_wconf 74' lang='grc' dir='ltr'>δὲ</span> <span class='ocrx_word' id='word_1_847' title='bbox 2437 5028 2642 5102; x_wconf 83' lang='grc' dir='ltr'>καρπὸς</span> <span class='ocrx_word' id='word_1_848' title='bbox 2694 5031 2791 5081; x_wconf 77' lang='grc' dir='ltr'>τοῦ</span> <span class='ocrx_word' id='word_1_849' title='bbox 2853 5027 3167 5102; x_wconf 67' lang='grc' dir='ltr'>Πνεῦμάτός</span> <span class='ocrx_word' id='word_1_850' title='bbox 3200 5027 3339 5083; x_wconf 74' lang='grc' dir='ltr'>ἐστιν</span> <span class='ocrx_word' id='word_1_851' title='bbox 3393 5029 3608 5103; x_wconf 83' lang='grc' dir='ltr'><strong>ἀγάπη,</strong></span> <span class='ocrx_word' id='word_1_852' title='bbox 3641 5030 3800 5104; x_wconf 78' lang='grc' dir='ltr'>χαρά,</span> 
     </span>
    </p>
   </div>
   <div class='ocr_carea' id='block_1_114' title="bbox 2159 5115 3801 5193">
    <p class='ocr_par' dir='ltr' id='par_1_114' title="bbox 2159 5115 3801 5193">
     <span class='ocr_line' id='line_1_114' title="bbox 2159 5115 3801 5193; baseline 0.002 -24"><span class='ocrx_word' id='word_1_853' title='bbox 2159 5117 2372 5192; x_wconf 58' lang='grc' dir='ltr'>εῗρήνη,</span> <span class='ocrx_word' id='word_1_854' title='bbox 2412 5115 2776 5190; x_wconf 80' lang='grc' dir='ltr'>μακροθυμία,</span> <span class='ocrx_word' id='word_1_855' title='bbox 2811 5119 3149 5190; x_wconf 67' lang='grc' dir='ltr'>χρηστότης,</span> <span class='ocrx_word' id='word_1_856' title='bbox 3209 5119 3556 5193; x_wconf 67' lang='grc' dir='ltr'>ἀγαθωσύνη,</span> <span class='ocrx_word' id='word_1_857' title='bbox 3610 5121 3801 5188; x_wconf 82' lang='grc' dir='ltr'>πίστις,</span> 
     </span>
    </p>
   </div>
   <div class='ocr_carea' id='block_1_115' title="bbox 2160 5204 3801 5280">
    <p class='ocr_par' dir='ltr' id='par_1_115' title="bbox 2160 5204 3801 5280">
     <span class='ocr_line' id='line_1_115' title="bbox 2160 5204 3801 5280; baseline -0.002 -18"><span class='ocrx_word' id='word_1_858' title='bbox 2160 5207 2426 5280; x_wconf 77' lang='grc' dir='ltr'>πρᾳότης,</span> <span class='ocrx_word' id='word_1_859' title='bbox 2460 5204 2763 5278; x_wconf 77' lang='grc' dir='ltr'>ἐγκράτεια.</span> <span class='ocrx_word' id='word_1_860' title='bbox 2845 5207 2994 5261; x_wconf 78' lang='grc' dir='ltr'>Κατά</span> <span class='ocrx_word' id='word_1_861' title='bbox 3065 5212 3174 5261; x_wconf 85' lang='grc' dir='ltr'><strong>τῶν</strong></span> <span class='ocrx_word' id='word_1_862' title='bbox 3217 5207 3482 5261; x_wconf 84' lang='grc' dir='ltr'>τοιούτων</span> <span class='ocrx_word' id='word_1_863' title='bbox 3540 5207 3644 5262; x_wconf 73' lang='grc' dir='ltr'>οὐκ</span> <span class='ocrx_word' id='word_1_864' title='bbox 3700 5206 3801 5262; x_wconf 82' lang='grc' dir='ltr'>ἔστι</span> 
     </span>
    </p>
   </div>
   <div class='ocr_carea' id='block_1_116' title="bbox 2158 5293 3803 5369">
    <p class='ocr_par' dir='ltr' id='par_1_116' title="bbox 2158 5293 3803 5369">
     <span class='ocr_line' id='line_1_116' title="bbox 2158 5293 3803 5369; baseline -0.001 -19"><span class='ocrx_word' id='word_1_865' title='bbox 2158 5296 2350 5367; x_wconf 83' lang='grc' dir='ltr'>νόμος.</span> <span class='ocrx_word' id='word_1_866' title='bbox 2429 5295 2494 5350; x_wconf 69' lang='grc' dir='ltr'>Οἱ</span> <span class='ocrx_word' id='word_1_867' title='bbox 2572 5293 2628 5348; x_wconf 73' lang='grc' dir='ltr'>δὲ</span> <span class='ocrx_word' id='word_1_868' title='bbox 2703 5298 2797 5348; x_wconf 73' lang='grc' dir='ltr'>τοῦ</span> <span class='ocrx_word' id='word_1_869' title='bbox 2872 5299 3114 5369; x_wconf 70' lang='grc' dir='ltr'>Χριστοῦ</span> <span class='ocrx_word' id='word_1_870' title='bbox 3187 5299 3288 5364; x_wconf 71' lang='grc' dir='ltr'>τήν</span> <span class='ocrx_word' id='word_1_871' title='bbox 3367 5295 3540 5369; x_wconf 84' lang='grc' dir='ltr'>σάρκα</span> <span class='ocrx_word' id='word_1_872' title='bbox 3626 5295 3803 5351; x_wconf 73' lang='grc' dir='ltr'>ἐσταῦο</span> 
     </span>
    </p>
   </div>
   <div class='ocr_carea' id='block_1_117' title="bbox 2160 5383 3802 5459">
    <p class='ocr_par' dir='ltr' id='par_1_117' title="bbox 2160 5383 3802 5459">
     <span class='ocr_line' id='line_1_117' title="bbox 2160 5383 3802 5459; baseline -0.001 -19"><span class='ocrx_word' id='word_1_873' title='bbox 2160 5405 2337 5459; x_wconf 79' lang='grc' dir='ltr'>ρωσαν</span> <span class='ocrx_word' id='word_1_874' title='bbox 2391 5383 2481 5436; x_wconf 74' lang='grc' dir='ltr'>σὺν</span> <span class='ocrx_word' id='word_1_875' title='bbox 2556 5388 2674 5436; x_wconf 76' lang='grc' dir='ltr'>τοῖς</span> <span class='ocrx_word' id='word_1_876' title='bbox 2752 5386 3038 5456; x_wconf 66' lang='grc' dir='ltr'>παθήμασι</span> <span class='ocrx_word' id='word_1_877' title='bbox 3112 5383 3201 5438; x_wconf 74' lang='grc' dir='ltr'>καὶ</span> <span class='ocrx_word' id='word_1_878' title='bbox 3276 5390 3395 5446; x_wconf 82' lang='grc' dir='ltr'>ταῖς</span> <span class='ocrx_word' id='word_1_879' title='bbox 3471 5384 3802 5456; x_wconf 73' lang='grc' dir='ltr'>ἐπιθυμίαις,</span> 
     </span>
    </p>
   </div>
   <div class='ocr_carea' id='block_1_118' title="bbox 2160 5471 3799 5548">
    <p class='ocr_par' dir='ltr' id='par_1_118' title="bbox 2160 5471 3799 5548">
     <span class='ocr_line' id='line_1_118' title="bbox 2160 5471 3799 5548; baseline -0.01 -17"><span class='ocrx_word' id='word_1_880' title='bbox 2160 5474 2225 5531; x_wconf 77' lang='lat' dir='ltr'>E’.’</span> <span class='ocrx_word' id='word_1_881' title='bbox 2260 5477 2435 5545; x_wconf 80' lang='grc' dir='ltr'>ζῶμεν</span> <span class='ocrx_word' id='word_1_882' title='bbox 2467 5471 2756 5544; x_wconf 81' lang='grc' dir='ltr'>πνεύματι,</span> <span class='ocrx_word' id='word_1_883' title='bbox 2789 5474 3054 5546; x_wconf 75' lang='grc' dir='ltr'>πνεύματι</span> <span class='ocrx_word' id='word_1_884' title='bbox 3080 5473 3168 5526; x_wconf 82' lang='grc' dir='ltr'>καὶ</span> <span class='ocrx_word' id='word_1_885' title='bbox 3221 5477 3561 5548; x_wconf 80' lang='grc' dir='ltr'>στοιχῶμεν,</span> <span class='ocrx_word' id='word_1_886' title='bbox 3600 5476 3690 5540; x_wconf 67' lang='grc' dir='ltr'>Μὴ</span> <span class='ocrx_word' id='word_1_887' title='bbox 3721 5494 3799 5548; x_wconf 74' lang='grc' dir='ltr'>γι-</span> 
     </span>
    </p>
   </div>
   <div class='ocr_carea' id='block_1_119' title="bbox 2159 5556 3800 5638">
    <p class='ocr_par' dir='ltr' id='par_1_119' title="bbox 2159 5556 3800 5638">
     <span class='ocr_line' id='line_1_119' title="bbox 2159 5556 3800 5638; baseline -0.002 -18"><span class='ocrx_word' id='word_1_888' title='bbox 2159 5566 2378 5638; x_wconf 83' lang='grc' dir='ltr'>νώμεθα</span> <span class='ocrx_word' id='word_1_889' title='bbox 2404 5556 3006 5633; x_wconf 75' lang='grc' dir='ltr'>κενόδοξοι,ἀλλήλους</span> <span class='ocrx_word' id='word_1_890' title='bbox 3035 5561 3500 5636; x_wconf 79' lang='grc' dir='ltr'>προκαλούμενοι,</span> <span class='ocrx_word' id='word_1_891' title='bbox 3527 5561 3800 5634; x_wconf 76' lang='grc' dir='ltr'>ἀλλήλους</span> 
     </span>
    </p>
   </div>
   <div class='ocr_carea' id='block_1_120' title="bbox 2157 5656 2497 5736">
    <p class='ocr_par' dir='ltr' id='par_1_120' title="bbox 2157 5656 2497 5736">
     <span class='ocr_line' id='line_1_120' title="bbox 2157 5656 2497 5736; baseline -0.006 -27"><span class='ocrx_word' id='word_1_892' title='bbox 2157 5656 2497 5736; x_wconf 66' lang='grc' dir='ltr'>γθονοῦνκς.</span> 
     </span>
    </p>
   </div>
  </div>
