4072 6266
279 315 438 378 115⁵1

1258 312 1660 376 COMMENT.
1705 307 1780 368 IN
1827 303 2078 364 EPIST.
2126 301 2178 362 ll
2226 302 2329 361 AD
2375 303 2653 364 GALAT.

3527 301 3682 362 “58
3737 265 3742 271 ’

345 446 568 520 Καρπὸν
627 443 742 498 εἶπε
797 445 887 500 καὶ
945 444 1044 499 οὐκ
1097 442 1276 519 ἔργον,
1327 444 1421 499 ’ίνα
1479 441 1626 518 δείξῃ
1686 442 1768 494 ὅτι
1819 444 1920 506 τῆς

2111 437 2387 491 Fructum
2419 435 2570 490 dixit
2589 440 2648 490 et
2671 451 2790 490 non
2813 451 2981 505 opus.
3006 438 3072 489 ut
3095 433 3372 490 ostendat
3399 433 3503 490 Dei
3535 451 3684 508 opus

506 530 648 550 ,ἢν

271 539 368 590 τοῦ
401 539 534 590 Θεοῦ
566 530 734 588 δεῖται
771 532 1024 607 βοηθείας
1056 532 1132 594 ἐς
1178 534 1241 588 τὸ
1273 539 1713 609 καρποςςορῆσαι.
1748 552 1778 609 ι(
1811 530 1925 584 Τοῦ

274 614 615 686 Πνεῦματος.
679 637 702 666 ν
763 614 824 670 Ἣ
882 613 1049 669 αὐτοῦ
1123 617 1222 669 τοῦ
1297 607 1677 688 παρακλήτου,
1737 607 1772 678 ἢ
1829 610 1926 661 τοῦ

260 703 648 777 ’πνεύματικοῦ
679 704 766 757 καὶ
803 702 1053 777 ἐναρέτου
1108 703 1252 776 βίου.
1313 727 1340 753 α
1377 701 1545 774 Χαρά.
1580 726 1608 753 ››
1667 700 1740 755 Τὸ
1797 695 1925 772 χαί-

275 814 384 869 ρειν
426 793 512 847 ἐπὶ
558 796 694 862 Θεῷ,
744 792 805 845 τὸ
857 789 1158 861 συνείδησιν
1213 789 1383 865 ἔχειν.
1430 791 1493 844 Οἱ
1539 789 1640 866 γὰρ
1683 790 1924 842 τοιοῦτοι

274 882 554 956 χαίρουσι,
586 906 613 932 ‹‹
651 880 792 934 Κατὰ
839 884 947 936 τῶν
1001 880 1267 935 τοιούτων
1319 880 1420 934 οὐκ
1447 879 1562 934 ’ἐστι
1585 873 1772 950 νόμος·
1805 899 1831 925 ››
1864 874 1926 930 Ὀ

268 971 372 1047 γὰρ
455 974 625 1025 ταῦτα
711 970 1089 1041 κατωρθωκὼς
1145 969 1206 1023 οὗ
1267 965 1435 1023 δεῖται
1491 971 1588 1022 τοῦ
1642 961 1930 1040 παιδαγω-

271 1064 504 1136 γοῦντος
559 1059 755 1131 νόμου.
818 1057 1187 1133 Ὑψηλότερος
1239 1058 1339 1132 γαρ
1399 1057 1563 1112 αὐτοῦ
1604 1053 1764 1110 ἐστιν.
1805 1077 1830 1106 ο
1861 1051 1926 1108 Ol

273 1145 332 1202 δὲ
362 1152 458 1203 τοῦ
488 1149 725 1222 Χριστοῦ
763 1150 861 1217 τήν
909 1147 1099 1221 σάρκα.
1137 1170 1164 1197 ››
1205 1146 1340 1202 Εἶτα
1362 1144 1455 1200 ’ίνα
1489 1146 1565 1216 μή
1599 1137 1793 1222 ἔχωσι,
1824 1139 1925 1198 Καὶ

267 1236 350 1299 τίς
383 1240 551 1294 ταῦτα
578 1239 762 1306 ποιεῖς
809 1235 990 1311 φησίν.
1043 1234 1207 1294 Οὗτοί
1259 1234 1391 1290 εἰσιν
1425 1235 1476 1288 οἱ
1507 1236 1672 1287 ταῦτα
1702 1235 1924 1286 ποιοῦν-

267 1345 382 1392 τες,
437 1323 631 1386 οἳτινες
688 1325 785 1392 τὴν
846 1324 1016 1398 σάρκα
1073 1325 1174 1378 τοῦ
1229 1324 1493 1398 Χριστοῦ,
1549 1317 1814 1389 τουτέστι,
1864 1317 1927 1372 τὸ

231 1405 233 1407 ’
274 1414 475 1472 οῗκεῖον
534 1419 693 1488 σῶμα
747 1413 902 1488 (σὰρξ
955 1414 1059 1490 γὰρ
1110 1416 1377 1485 Χριστοῦ,
1408 1413 1470 1467 τὸ
1518 1409 1782 1485 ἡμέτερον
1820 1411 1926 1462 σῶ⁹

275 1506 396 1579 μα),
450 1502 789 1578 ἐσταύρωσαν
848 1501 938 1556 καὶ
994 1503 1114 1556 οἷον
1173 1501 1468 1574 ἐνέκρωσαν
1529 1499 1633 1553 ἀπὸ
1674 1502 1780 1552 τῶν
1816 1516 1924 1551 σωο

275 1598 522 1667 ματικῶν
568 1593 773 1646 παθῶν.
834 1591 929 1645 Καὶ
993 1592 1058 1646 οὐ
1122 1590 1282 1663 μόνον
1331 1590 1393 1644 τὸ
1426 1593 1606 1654 σῶμα,
1640 1587 1765 1642 ’ὸσον
1797 1588 1924 1652 ἧκεν

274 1681 352 1743 είς
402 1681 469 1735 τὰ
525 1680 668 1748 παθη
733 1678 1098 1752 ἐσταύρωσαν,
1152 1677 1298 1732 ἀλλὰ
1350 1677 1439 1730 καὶ
1489 1674 1623 1729 αὐτὰ
1652 1675 1718 1728 τα
1757 1673 1926 1742 πάθη,

271 1770 398 1826 ὅσον
428 1771 554 1838 ἧκεν
590 1769 664 1830 εἰς
693 1769 755 1822 τὸ
813 1765 1177 1830 ἐπιτελεῖσθαι
1237 1767 1365 1840 παρ’
1417 1764 1593 1819 αὐτῶν
1628 1761 1924 1836 ἔστα-ὅρων-

269 1880 382 1928 ται,
428 1859 562 1912 κατᾶ
620 1857 821 1926 ταύτην
880 1856 978 1923 τήν
1039 1853 1348 1929 ἑρμηνείαν,
1407 1854 1469 1908 τὸ
1527 1851 1604 1921 δὲ,
1664 1853 1927 1926 παρὲλκε-

269 1969 380 2004 ται.
424 1979 493 1990 -
535 1948 606 2003 ’Ἡ
668 1945 867 2008 οὕτως.
930 1945 1033 2001 Καὶ
1085 1945 1138 1998 τί
1195 1941 1364 2018 λέγω,
1424 1940 1611 2019 φησὶν,
1653 1934 1926 1994 ἕνκαῐνὲν

273 2038 470 2110 ἀρετῆς
535 2031 726 2103 εἶδος;
805 2033 908 2088 εἶσὶ
977 2032 1076 2106 γὰρ
1135 2051 1278 2094 τινες
1334 2029 1388 2084 οἳ
1443 2030 1533 2084 καὶ
1592 2027 1932 2097 ἐσταύρωσαν

269 2125 518 2191 ἑαυτοὺς,
549 2125 673 2179 ὅσον
703 2122 844 2199 πρὸς
882 2123 948 2177 τὰ
978 2123 1148 2190 παθη,
1186 2121 1276 2174 καὶ
1324 2120 1392 2176 τὰ
1438 2119 1608 2187 πάθη,
1642 2117 1767 2172 ὅσον
1797 2116 1932 2191 πρὸς

277 2213 527 2277 δαυτοῦς.
589 2213 742 2269 Κατᾶ
796 2211 998 2281 ταύτην
1051 2213 1150 2277 τὴν
1197 2207 1503 2284 ἑρμηνείαν.
1563 2207 1625 2262 οὐ
1666 2205 1933 2278 παρελκε-

279 2325 369 2360 ται
398 2303 485 2371 τὸ,
542 2299 618 2358 δὲ.
675 2303 740 2360 Οἱ
801 2298 858 2356 δὲ
911 2297 1009 2355 τοῦ
1063 2302 1317 2374 Χριστοῦ,
1374 2294 1640 2361 τουτέστι,
1669 2295 1933 2354 τείνοντες

287 2393 387 2460 τήν
442 2391 646 2446 ἑαυτῶν
703 2390 870 2465 σάρκα
930 2386 1286 2461 ἐσταύρωσαν.
1361 2385 1551 2446 Οὕτως
1603 2385 1632 2438 ὁ
1694 2381 1934 2455 Κλήμης

292 2479 345 2538 ἒν
372 2482 606 2554 πέμπτῳ
655 2478 1103 2534 Ὑποτυπώσεων.
1159 2477 1312 2531 Ἔστι
1371 2471 1428 2530 δὲ
1483 2473 1566 2543 τὸ,
1625 2473 1676 2528 οἱ
1737 2470 1814 2538 δὲ,
1848 2470 1934 2526 καὶ

292 2571 408 2626 ἀντὶ
440 2573 557 2640 τοῦ,
610 2593 638 2622 α
682 2568 832 2624 οῦτοι
879 2564 956 2634 δὲ,
1006 2590 1032 2618 ›)
1084 2566 1384 2635 ἐξακοῦσαι.
1420 2595 1486 2606 -—
1518 2562 1635 2636 [ΦΩ
1654 2563 1726 2634 [⁸.]
1769 2559 1937 2617 Οὗτοι

289 2657 346 2714 δέ
380 2659 514 2714 εἰσιν
566 2658 657 2719 οῦς
707 2658 877 2726 εἶπον,
928 2653 982 2710 ο’ί
1026 2675 1163 2716 τινες
1211 2658 1306 2707 τοῦ
1356 2654 1591 2726 Χριστοῦ
1638 2653 1736 2718 τήν
1770 2651 1937 2724 σάρκα

300 2746 660 2818 ἐσταύρωσαν,
736 2747 827 2800 καὶ
909 2744 1056 2814 ἒξῆς.
1119 2766 1146 2793 ››
1207 2741 1270 2798 Ei
1328 2745 1504 2810 ζῶμεν
1564 2738 1850 2809 πνεύματι.
1907 2761 1934 2789 »

293 2835 613 2916 Ὀφείλομεν
671 2835 762 2890 οὗν
824 2835 909 2888 καὶ
971 2836 1134 2906 ἡμεῖς
1212 2831 1349 2886 κατὰ
1413 2831 1512 2896 τήν
1574 2828 1782 2904 βουλὴν
1840 2830 1938 2881 τοῦ

288 2926 594 2999 πνεύματος
627 2928 747 2997 ζῇν.
781 2923 954 2992 Ἀπαξ
987 2925 1247 2996 σταυροῦν
1298 2917 1596 2992 μέλλοντες
1636 2919 1734 2986 τήν
1769 2917 1942 2992 σάρκα

289 3018 472 3087 ἡμῶν,
534 3039 562 3066 (τ
612 3015 716 3070 Καὶ
765 3011 1060 3084 Ηνεῦματι,
1115 3009 1270 3084 φησί,
1329 3011 1661 3082 στοιχῶμεν,
1711 3029 1739 3056 ››
1769 3025 1940 3059 τουτ-

286 3102 450 3168 έστιν,
511 3103 858 3178 ἀρκεσῆῶμεν
925 3103 991 3173 τῇ
1064 3098 1210 3173 παρὰ
1263 3100 1360 3151 τοῦ
1419 3094 1574 3170 ἁγίου
1634 3093 1943 3164 ΙΙνε-ὄματος

2040 542 2168 581 esse
2199 525 2423 581 auxilio
2456 524 2530 580 ad
2563 523 3041 580 fructiﬁcandum
3086 547 3111 574 ‹‹
3140 525 3414 596 Spiritus,
3440 546 3468 574 »
3493 524 3551 579 id
3576 530 3682 592 est,

2034 615 2223 687 ipsius
2285 614 2606 684 paracleti:
2667 621 2769 669 aut
2824 613 3148 685 spiritualis
3198 631 3264 668 ac
3317 615 3498 684 probe
3529 615 3680 668 vitm.

2037 727 2064 753 ‹‹
2097 702 2408 759 Gaudium.
2441 727 2468 752 n
2503 704 2767 760 Gaudere
2822 704 2882 757 in
2941 705 3056 758 Deo
3099 710 3187 757 est
3216 703 3432 757 bonam
3465 702 3682 758 habere

2034 793 2463 848 conscientiam
2491 810 2502 846 :
2534 793 2681 846 tales
2712 793 2868 846 enim
2903 792 3180 864 gaudent.
3211 816 3234 840 α
3261 793 3553 846 Adversus
3583 791 3684 846 hu-

2024 881 2292 952 jusmodi
2321 898 2440 935 non
2474 887 2564 935 est
2590 881 2700 935 lex.
2727 903 2753 928 ››
2781 882 2835 935 Si
2861 881 3075 944 iuidem
3107 881 3205 951 qui
3239 881 3376 936 talia
3405 888 3681 950 operatus

2036 975 2142 1029 est.
2178 986 2294 1024 non
2329 987 2476 1041 Opus
2506 970 2686 1024 habet
2729 970 2873 1041 legis
2925 969 3366 1035 moderatione;
3402 975 3490 1023 est
3520 971 3681 1023 enim

2035 1058 2346 1114 sublimior
2376 1076 2554 1130 quam
2609 1060 2684 1114 sit
2712 1059 2834 1114 illa.
2892 1083 2917 1107 ιι
2955 1061 3020 1114 Ili
3074 1068 3272 1115 autem
3305 1061 3518 1116 Christi
3553 1078 3679 1116 car-

2035 1164 2194 1203 nem.
2228 1170 2258 1199 »
2293 1148 2515 1203 Deinde
2547 1165 2620 1203 ne
2652 1148 2870 1203 dicant.
2916 1149 2986 1202 Et
3036 1150 3168 1219 quis
3202 1150 3314 1205 ista
3344 1150 3529 1206 facit?
3559 1151 3678 1205 ait:

2035 1237 2104 1292 Hi
2134 1244 2274 1293 sunt
2300 1237 2401 1308 qui
2435 1237 2564 1293 hinc
2583 1243 2782 1310 agunt,
2812 1237 2910 1308 qui
2936 1253 3174 1292 carnem
3207 1238 3443 1305 Christi,
3477 1240 3538 1294 id
3570 1245 3679 1308 est,

2033 1327 2340 1398 prOprium
2373 1343 2586 1398 corpus
2627 1330 2784 1398 (caro
2839 1328 2998 1382 enim
3047 1328 3261 1383 Christi
3295 1335 3383 1384 est
3411 1335 3681 1384 nostrum

2035 1415 2272 1488 corpus)
2306 1417 2750 1484 crucifixernnt,
2780 1423 2833 1471 et
2863 1416 3043 1471 veluti
3073 1416 3579 1473 mortiﬁcaverunt
3609 1416 3680 1472 ab

2034 1505 2343 1561 aﬂ'ectibus
2375 1505 2728 1561 carnalibus.
2760 1510 2878 1560 Nec
2911 1506 3102 1561 solum
3137 1523 3348 1578 corpus
3390 1513 3678 1577 quantum

2034 1596 2108 1650 ad
2139 1597 2386 1650 alfectus
2432 1595 2644 1650 attinet
2700 1595 3137 1658 cruciﬁxerunt,
3175 1596 3564 1650 verumetiam
3597 1595 3682 1649 af-

2033 1685 2222 1740 fectus
2255 1685 2416 1754 ipsos
2447 1691 2734 1754 quantum
2761 1684 2834 1738 ad
2862 1686 2971 1739 hoc
2993 1690 3058 1738 ut
3087 1685 3158 1738 ab
3192 1685 3276 1739 eis
3309 1685 3681 1755 expleantur,

2035 1772 2475 1828 cruciﬁxerunt.
2532 1774 2703 1828 Juxta
2763 1773 2914 1828 hanc
2967 1773 3518 1843 interpretationem
3559 1780 3683 1828 tan-

2036 1879 2212 1933 quam
2246 1862 2522 1932 parelcon
2559 1863 2955 1932 interponitur
2987 1858 3063 1926 δὲ,
3114 1863 3172 1916 id
3221 1869 3334 1931 est,
3363 1870 3582 1918 autem.
3617 1891 3685 1902 —-—

2033 1953 2146 2004 Aut
2176 1951 2288 2004 alio
2318 1950 2490 2004 modo.
2521 1951 2588 2002 Et
2618 1950 2760 2019 quid
2787 1948 3148 2022 singulatim,
3177 1950 3685 2020 inquitvirtutum

2035 2041 2259 2111 species
2290 2057 2570 2095 recenseo
2593 2040 2620 2094 ‘I
2649 2041 2793 2095 Sunt
2825 2041 2983 2094 enim
3027 2039 3266 2111 quidam
3300 2041 3522 2112 seipsos
3553 2057 3684 2096 cru-

2037 2128 2351 2184 ciﬁxerunt
2375 2129 2568 2199 quoad
2588 2131 2852 2197 affectus,
2873 2136 2930 2183 et
2951 2130 3196 2184 allectus
3219 2129 3409 2199 quoad
3437 2129 3683 2199 seipsos.

2035 2219 2205 2274 Juxta
2237 2218 2390 2274 hanc
2420 2219 2994 2290 interpretationem,
3028 2213 3084 2270 δὲ
3113 2234 3232 2272 non
3265 2223 3352 2272 est
3381 2217 3686 2290 parelcon,

2037 2307 2141 2363 sed
2167 2324 2406 2362 sensum
2440 2315 2529 2362 est
2559 2307 2610 2360 οἱ
2642 2303 2698 2360 δὲ
2751 2311 2850 2362 τοῦ
2909 2307 3164 2380 Χριστοῦ,
3195 2308 3252 2362 id
3285 2314 3393 2375 est,
3421 2307 3522 2378 qui
3553 2324 3688 2362 vero

2039 2395 2292 2451 tendunt
2322 2397 2394 2451 ad
2427 2397 2722 2452 Christum
2754 2413 2922 2452 suam
2954 2413 3195 2451 carnem
3245 2397 3688 2452 crucifixerunt.

2039 2486 2127 2541 Ita
2182 2486 2608 2556 interpretatur
2664 2486 2940 2541 Clemens
2986 2486 3195 2554 quinto
3235 2487 3693 2550 'nformationum

2041 2574 2215 2629 libro.
2253 2576 2453 2629 Potest
2480 2575 2657 2629 etiam
2691 2573 2742 2626 οἱ
2774 2569 2830 2626 δέ
2862 2574 3111 2644 intelligi
3143 2581 3208 2628 ut
3239 2573 3537 2646 signiﬁcet
3563 2595 3590 2623 «
3626 2573 3692 2627 Hi

2043 2669 2262 2722 autem.
2294 2685 2321 2714 ››
2357 2664 2421 2718 lli
2455 2671 2651 2718 autem
2685 2670 2824 2719 sunt
2855 2680 3004 2734 quos
3035 2649 3151 2717 dixi
3187 2663 3284 2733 qui
3317 2663 3531 2717 Christi
3565 2679 3694 2717 car-

2044 2768 2181 2807 nem
2213 2754 2655 2820 crucitixerunt,
2692 2760 2802 2808 etc.
2841 2775 2868 2803 ‹‹
2899 2753 2955 2807 Si
2989 2752 3199 2823 Spiritu
3232 2753 3501 2807 vivimus.
3539 2774 3566 2801 ››
3591 2753 3697 2807 De-

2044 2839 2252 2896 bemus
2292 2842 2470 2913 igitur
2499 2849 2556 2897 et
2589 2859 2696 2897 nos
2738 2843 2908 2912 juxta
2957 2841 3197 2912 spiritus
3228 2841 3588 2895 voluntatem
3621 2840 3698 2894 vi-

2046 2946 2199 2992 vere,
2224 2936 2288 2984 ut
2307 2931 2492 2985 semel
2517 2931 2931 3002 cruciﬁgamus
2955 2947 3196 2985 carnem
3219 2936 3502 2984 nostram.
3544 2930 3695 2984 764

2050 3041 2077 3068 «
2108 3019 2325 3089 Spiritu
2359 3020 2535 3075 etiam
2570 3020 2969 3075 incedamus.»
3003 3021 3122 3074 Hoc
3153 3025 3262 3086 est,
3303 3018 3559 3074 sufficiat
3589 3035 3664 3072 no

2047 3106 2138 3161 bis
2172 3106 2307 3163 data
2337 3125 2370 3163 a
2409 3109 2628 3180 Spiritu
2660 3114 2861 3164 sancto
2891 3109 3080 3191 gratia
3110 3112 3167 3163 et
3207 3124 3326 3162 non
3359 3123 3696 3178 qumramus

288 3191 508 3266 δοθείσῃ
541 3175 750 3266 χάριτι,
782 3191 870 3244 καὶ
937 3190 1012 3262 μὴ
1066 3190 1317 3259 ζητῶμεν
1372 3184 1432 3238 ἐκ
1466 3184 1638 3256 νόμου
1671 3184 1933 3251 σωθῆναι.

2048 3212 2154 3266 per
2184 3196 2372 3268 legem
2406 3198 2637 3252 salvari.
2703 3220 2729 3247 α
2761 3199 2839 3252 Ne
2898 3175 3228 3266 efficiamur
3257 3197 3459 3251 inanie
3491 3195 3692 3265 gloriae

286 3307 316 3337 α
357 3286 444 3351 Μή
480 3279 762 3358 γινώμεθα
809 3275 1105 3347 κενόδοξοι.
1163 3298 1190 3326 ι)
1250 3277 1426 3331 Τοῦτο
1472 3273 1576 3348 γὰρ
1620 3278 1681 3327 τὸ
1721 3273 1935 3326 πάντων

284 3369 462 3426 αἶ’τιον
489 3375 596 3424 τῶν
629 3372 830 3424 κακῶν.
868 3390 897 3419 ι(
930 3363 1250 3436 Ἀλλήλους
1291 3360 1753 3437 προκαλοῦμενοι.
1786 3391 1808 3414 ι»
1845 3359 1935 3421 Εἷς

286 3457 428 3535 ἕρεις
457 3455 737 3526 δηλονότι.
787 3481 814 3509 ‹‹
869 3453 1182 3524 Ἀλλήλους
1215 3454 1554 3532 ιροονοῦντες.
1589 3475 1616 3502 ››
1669 3449 1808 3506 Ἀπὸ
1838 3449 1940 3524 γὰρ

285 3546 598 3621 κενοδοξίας
668 3548 696 3602 ὁ
762 3547 978 3624 φθόνος,
1045 3543 1151 3598 ἀπὸ
1220 3543 1422 3618 φθόνου
1493 3538 1570 3609 δὲ,
1638 3539 1706 3595 τὰ
1775 3538 1940 3614 μυρία

286 3639 448 3697 κακά.

360 3735 642 3810 Ἀδελφοί,
703 3736 792 3790 ἐὰν
850 3735 938 3788 καὶ
1017 3730 1317 3809 προληεθῇ
1380 3728 1666 3802 ἄνθρωπος
1723 3726 1775 3783 ἔν
1834 3747 1941 3782 τινι

1182 3842 1310 3876 πνευ
1321 3821 1536 3889 ματικοῖ
1598 3819 1944 3892 καταρτίζετε

820 3912 872 3967 ἐν
959 3910 1226 3982 πνεύματι
1309 3909 1642 3983 πραότητος.
1716 3910 1941 3960 Σκοπῶν

960 3999 1023 4054 ab
1107 3999 1426 4073 πειρασθῇς.
1502 3992 1798 4064 Ἀλλήλων
1881 3995 1946 4048 τὰ

920 4090 1011 4145 καὶ
1115 4087 1286 4148 οὕτως
1355 4081 1788 4156 ἀναπληρώσατε
1856 4081 1946 4134 τὸν

283 3826 714 3902 παραπτώματι,
802 3823 956 3898 ῦμεῖς
1044 3823 1094 3877 οἱ

283 3917 377 3971 τὸν
467 3917 733 3982 τοιοῦτον,

288 4005 532 4072 σεαυτὸν,
617 4005 693 4076 μὴ
780 4002 872 4058 καὶ

293 4095 436 4170 βάρη
516 4093 826 4169 βαστάζετε,

292 4181 460 4254 νόμον
492 4186 588 4238 τοῦ
619 4183 875 4255 Χριστοῦ.

367 4289 573 4347 Ηολλοὶ
609 4290 684 4352 εἷς
716 4289 908 4348 αὐτοὺς
951 4283 1225 4364 φιλαρχίᾳ
1263 4281 1582 4354 ἡττημένοι,
1615 4279 1667 4335 ἐν
1698 4283 1766 4352 τῇ
1813 4276 1947 4350 πρὸς

285 4385 360 4440 τὰ
406 4385 779 4458 ἁμαρτήματα
826 4384 934 4435 τῶν
988 4376 1228 4447 πλησίον
1275 4373 1613 4447 ἐπιτιμήσει,
1663 4372 1724 4426 τὸ
1773 4369 1946 4434 πάθος

289 4471 590 4545 ἐπλήρουν.
648 4474 822 4544 ’Ὁπερ
884 4464 1220 4543 διδρθοῦται.
1282 4462 1405 4522 Ἐὰν
1464 4461 1568 4537 γὰρ
1623 4481 1728 4529 τις,
1791 4461 1946 4538 φησῗ,

291 4566 610 4638 συναρπαγῇ
645 4559 733 4616 ἐπὶ
783 4559 1166 4629 ἁμαρτήματι.
1216 4557 1385 4608 Τοῦτο
1441 4551 1541 4627 γὰρ

291 4656 424 4734 φθῇ,
459 4678 484 4703 ‹‹
518 4653 703 4721 Ὑμεῖς
754 4649 804 4702 οἱ
848 4642 1229 4716 πνευματικοί.
1284 4643 1350 4699 Οἱ
1395 4640 1531 4695 uti
1580 4644 1791 4712 πνεῦμα
1826 4643 1950 4707 ζῶν-

293 4727 404 4802 εξες,
483 4763 511 4791 ε(
573 4738 949 4810 καταρτίζετε,
1020 4761 1040 4788 ι
1123 4728 1386 4798 τουτέστι,
1467 4727 1786 4802 διορθοῦσθε
1857 4728 1946 4781 τὸν

294 4835 569 4887 τοιοῦτον.
608 4827 738 4884 Εἶτα
771 4819 1056 4879 ἐκϐάλλων
1087 4823 1186 4888 τήν
1220 4817 1540 4896 φιλαρχίαν,
1573 4817 1758 4893 φησὶν,
1805 4839 1830 4870 ιι
1865 4817 1947 4872 ’ἣν

298 4919 568 4991 πνεύματι
599 4915 933 4988 πρᾳότητος.
969 4935 999 4964 ››
1049 4907 1363 4971 Τουτέστιν,
1419 4907 1470 4961 ἐι
1509 4906 1798 4980 πρᾳότητι,
1831 4906 1949 4975 ἣτις

298 5007 410 5063 ἐστὶ
443 5008 692 5086 χῖρισμα
744 5007 840 5057 τοῦ
888 5000 1046 5075 ἁγίου
1099 4997 1427 5068 Πνεῦματος.
1471 5021 1497 5046 ‹‹
1535 4999 1762 5049 Σκοπῶν
1797 5013 1950 5048 σεαυ-

299 5098 394 5151 τὸν
447 5082 484 5147 ᾗ
514 5093 648 5151 Εἶτα
673 5091 763 5146 ’ἱνα
799 5091 874 5164 μὴ
927 5092 954 5143 ὁ
999 5085 1228 5161 διορθῶν
1280 5085 1511 5156 ἐπαρθῇ,
1560 5084 1714 5154 ιρησῖ⁶
1747 5082 1949 5138 Σκόπει

299 5185 389 5241 καὶ
423 5184 485 5238 σὺ
515 5185 603 5238 καί
632 5184 787 5256 τήρει
818 5179 1031 5240 σαυτὸν,
1087 5177 1160 5250 μὴ
1211 5179 1327 5236 τοῖς
1371 5171 1519 5235 ’ἶσοις
1551 5171 1720 5243 ἁλῷς.
1755 5195 1783 5224 ‹‹
1819 5173 1953 5229 ἈΑ-

297 5272 494 5342 λγςλων
531 5274 596 5327 τὰ
638 5272 778 5345 βζρη
851 5267 1159 5343 βαστάζετε.
1222 5287 1250 5316 ››
1310 5261 1530 5331 Ἐπειδή
1584 5263 1683 5336 γαρ
1739 5261 1840 5316 οῦκ
1876 5258 1951 5318 ἔνι

294 5366 428 5419 εἶναι
476 5361 759 5435 ἄνθρωπον
811 5357 988 5438 χωρῗς
1042 5353 1336 5426 ἁμαρτίας,
1381 5355 1632 5425 παραινεῖ
1687 5351 1764 5423 μὴ
1796 5352 1948 5424 ἀκριο

292 5448 648 5529 ϐολογεῖσθαι
693 5450 843 5522 ’πρὸς
901 5446 968 5502 τὰ
1023 5447 1122 5499 τοῦ
1179 5440 1416 5509 πλησίον
1449 5441 1840 5513 ἁμαρτήματα,
1873 5441 1948 5503 ὡς

295 5528 459 5603 εἰδὼς
489 5538 571 5596 ὅτι
619 5538 711 5594 καὶ
760 5537 824 5593 σὺ
875 5534 1023 5612 ἔχεις
1072 5530 1362 5606 ἁμαρτίας,
1394 5528 1487 5583 καὶ
1519 5528 1629 5604 χρή
1665 5529 1812 5602 ἡμᾶς
1843 5528 1946 5584 ἀλ.

293 5628 497 5702 λήλοις
561 5621 1071 5703 συμπιριφίρασθαι.
1124 5642 1153 5671 ‹‹
1214 5617 1316 5674 Καῖ
1381 5615 1555 5678 οὕτως
1617 5613 1945 5691 ἀναπληρώσ-

2047 3285 2267 3356 cupidi.
2303 3307 2330 3334 ››
2363 3287 2426 3341 Id
2480 3286 2638 3342 enim
2680 3287 2946 3341 omnium
3003 3292 3090 3342 est
3143 3302 3321 3341 causa
3377 3284 3692 3340 malorum.

2049 3399 2076 3425 «
2111 3375 2362 3430 Invicem
2395 3392 2500 3430 nos
2531 3382 2934 3447 provocantes.
2977 3398 3004 3424 »
3053 3375 3140 3429 Ad
3172 3375 3307 3430 lites
3339 3373 3610 3428 videlicet
3639 3377 3697 3428 et

2051 3470 2478 3536 contentiones.
2541 3465 2858 3520 «Invicem
2919 3464 3330 3519 invidentes.»
3390 3462 3477 3519 Ab
3535 3461 3696 3517 inani

2051 3555 2238 3630 gloria
2268 3557 2456 3611 oritur
2513 3555 2754 3620 invidia,
2805 3555 2876 3612 ab
2937 3555 3158 3611 invidia
3216 3572 3350 3610 vero
3384 3555 3701 3608 innumera

2053 3651 2228 3704 mala.

2125 3739 2219 3806 Vl,
2257 3741 2305 3803 1,
2336 3740 2390 3806 2,
2423 3739 2659 3804 Fratres,
2693 3739 2857 3790 etiam
2904 3738 2951 3790 si
3004 3742 3300 3803 occupatus
3338 3736 3510 3802 fuerit
3539 3735 3699 3788 homo

2052 3825 2112 3881 in
2142 3827 2334 3896 aliquo
2364 3825 2580 3894 delicto,
2618 3841 2708 3880 vos
2741 3824 2841 3894 qui
2868 3824 3185 3892 spirituates
3216 3827 3362 3889 estis,
3398 3823 3702 3875 instaurate

2053 3914 2368 3986 hujusmodi
2425 3915 2483 3966 in
2539 3915 2743 3983 spiritu
2807 3911 3245 3966 mansuetudinis
3277 3927 3296 3963 :
3352 3910 3702 3965 considerans

2054 4009 2414 4077 temetipsum,
2447 4023 2515 4060 ne
2546 4013 2597 4060 et
2644 4013 2702 4060 tu
2746 4007 2990 4060 tenteris.
3039 4005 3276 4058 Invicem
3324 4001 3424 4056 alii
3465 4002 3701 4056 aliorum

2055 4109 2221 4149 onera
2244 4101 2488 4164 portate,
2511 4101 2564 4148 et
2592 4097 2668 4149 sic
2698 4093 2963 4162 complete
2993 4093 3161 4160 legem
3193 4091 3414 4145 Christi.

2127 4263 2288 4318 Multi
2320 4262 2635 4318 ambitiosa
2660 4262 3023 4334 principatus
3052 4263 3423 4317 affectatione
3465 4263 3700 4328 devicti,

2057 4355 2332 4408 affectum
2368 4351 2685 4422 explebant
2717 4353 2776 4406 in
2809 4351 3216 4422 proximorum
3250 4352 3407 4406 circa
3437 4351 3574 4404 vitia
3604 4349 3702 4404 ob-

2053 4441 2620 4516 jurgatione;quod
2679 4442 2920 4513 corrigit
2977 4441 3218 4496 dicens:
3283 4440 3338 4493 Si
3397 4441 3528 4510 quis
3569 4457 3701 4494 cor-

1600 4552 1686 4618 τὸ,
1718 4528 1948 4623 ἐπέοληέ
1987 4537 2028 4599 D
2060 4539 2261 4623 reptus
2319 4532 2497 4586 fuerit
2549 4547 2584 4586 a
2639 4537 2902 4602 peccato.
2965 4533 3107 4585 Nam
3163 4531 3271 4586 hoc
3312 4537 3399 4585 est
3433 4530 3588 4601 quod
3620 4528 3703 4623 ait

2060 4618 2379 4695 προληφθῆ.
2426 4621 2483 4675 id
2517 4627 2624 4688 est,
2658 4627 2978 4690 occupatus
3021 4620 3214 4676 fuerit.
3253 4642 3279 4669 «
3312 4620 3424 4674 Vos
3457 4619 3556 4690 qui
3589 4618 3702 4690 spi-

2061 4711 2304 4766 rituales
2329 4710 2537 4764 estis.»
2561 4709 2853 4780 Quijuxta
2874 4710 3147 4779 spiritum
3177 4709 3381 4762 vivitis.
3419 4729 3448 4758 «
3479 4709 3702 4762 Instau-

2059 4815 2203 4864 rate.
2232 4829 2260 4858 »
2286 4812 2400 4861 Hoc
2423 4813 2531 4872 est,
2552 4807 2861 4861 emendate
2888 4807 3083 4861 talem.
3117 4805 3337 4861 Deinde
3360 4808 3548 4874 ejecta
3577 4821 3698 4862 am-

2060 4898 2284 4952 bitione
2307 4897 2597 4951 honorum
2623 4896 2706 4950 ait
2735 4911 2747 4948 :
2773 4917 2800 4945 ‹‹
2824 4897 2884 4949 In
2907 4895 3117 4966 spiritu
3144 4896 3650 4961 mansuetudinis;
3673 4919 3693 4948 ι

2060 4989 2172 5043 hoc
2203 4992 2308 5042 est.
2343 4987 2404 5040 in
2437 4985 2891 5040 mansuetudine
2924 5002 3053 5054 quas
3105 4991 3192 5040 est
3238 4984 3461 5039 donum
3514 4983 3702 5039 sancti

2059 5077 2331 5148 Spiritus.
2372 5097 2401 5126 «
2435 5074 2826 5130 Considerans
2879 5075 3278 5145 temetipsum.
3314 5095 3342 5123 »
3378 5073 3596 5128 Deinde
3629 5089 3701 5128 ne

2060 5169 2110 5222 is
2143 5166 2240 5237 qui
2274 5164 2553 5220 emendat
2584 5165 2921 5229 extollatur,
2957 5165 3075 5218 ait:
3111 5163 3434 5218 Considera
3464 5177 3700 5232 quoque

2059 5262 2120 5310 tu
2154 5260 2211 5311 et
2240 5255 2485 5309 ob<erva
2517 5254 2884 5324 teipsum.ne
2920 5253 3216 5308 similibus
3246 5251 3516 5322 capiaris.
3541 5271 3569 5299 ‹‹
3611 5251 3705 5304 ln-

2057 5347 2240 5401 vicem
2272 5344 2371 5400 alii
2401 5344 2651 5398 aliorum
2685 5360 2867 5398 onera
2886 5348 3135 5413 portate.
3165 5367 3189 5390 υ
3213 5339 3704 5410 Quandoquidem

2058 5437 2215 5492 enim
2249 5451 2368 5490 non
2395 5432 2683 5505 contingit
2714 5431 3016 5487 hominem
3040 5447 3166 5486 esse
3191 5430 3414 5500 absque
3440 5433 3701 5501 peccato.

2057 5526 2336 5582 admonet
2362 5541 2436 5580 ne
2453 5528 2656 5580 exacte
2679 5521 2781 5577 ﬁat
2802 5521 3108 5593 inquisitio
3141 5519 3421 5576 adversus
3448 5515 3699 5592 proximi

2055 5621 2315 5687 peccata,
2339 5620 2628 5684 tanquam
2649 5612 3088 5677 sciens,innuit,
3109 5611 3266 5682 quod
3292 5617 3350 5666 et
3376 5617 3436 5664 tu
3464 5613 3703 5681 peccata
