4072 6266
224 328 376 387 1161

222 455 426 535 θερίσει
466 454 667 535 φθοράν
703 497 717 511 .
766 455 826 511 Ὀ

222 534 293 605 ἔκ
349 552 446 603 τοῦ
482 534 804 616 πνεύματος
885 541 1080 616 θερίσει
1167 542 1310 609 ζωὴν
1392 540 1630 593 αἰώνιονο
1681 539 1759 594 Τὸ
1815 534 1873 592 δὲ

217 638 387 695 καλὸν
450 640 735 695 ποιοῦντες
802 635 876 705 μή
961 631 1295 703 ἐκκακῶμεν.
1369 634 1532 703 Καρῷ
1588 628 1692 704 γὰρ
1750 626 1873 699 ἷδίῳ

219 731 503 803 θερισομεν
570 727 645 799 μὴ
725 722 1068 796 ἐκλυόμενοι.
1155 722 1299 797 “Αρα
1383 719 1472 773 οὗν
1556 720 1629 779 ὡς
1688 718 1875 789 καιρὸν

219 818 446 894 ἔχομέν,
508 815 866 891 ἐργαζώμεθα
921 812 982 866 τὸ
1041 810 1237 886 ἀγαθὸν
1297 810 1434 884 πρὸς
1491 808 1716 879 πάντας,
1770 806 1871 879 μά-

222 911 383 977 λιστα
416 904 472 961 δὲ
505 906 638 979 πρὸς
667 901 792 964 τοὺς
824 901 1061 962 ολκείους
1099 907 1198 967 τῆς
1231 898 1483 959 πίστεως.

299 1019 327 1046 ‹‹
359 996 485 1057 Θεὸς
527 994 589 1047 οὗ
653 991 1123 1066 μυκτηρίζεται.»
1186 988 1301 1045 Οὐκ
1362 987 1652 1051 ἀπατᾶται,
1704 984 1764 1039 οὐ
1793 988 1873 1055 τῷ

221 1086 412 1160 ἀγαθῷ
459 1085 617 1150 κακά,
656 1082 691 1151 ἢ
724 1080 889 1137 πάλιν
944 1084 1023 1152 τῷ
1071 1083 1220 1151 κακῷ
1284 1077 1453 1152 ἅγαθὰ
1508 1072 1872 1131 ἀντιδίδωσιν.

220 1176 456 1247 Ἀνάγκη
486 1172 587 1248 γάρ
622 1170 735 1226 ἴσον
792 1170 934 1225 εἶναι
992 1168 1082 1222 τὸν
1142 1168 1355 1241 αμητὸν
1399 1170 1478 1237 τῷ
1528 1165 1737 1239 σπόρῳ.
1772 1162 1875 1219 Καὶ

221 1263 407 1325 οὐδεὶς
466 1256 697 1338 ὀρόϐους
750 1260 994 1333 σπείρας,
1054 1262 1199 1312 σῖτον
1266 1256 1541 1331 θερίσειειι.
1607 1281 1626 1305 σ
1661 1256 1782 1311 Ὂτι
1847 1254 1873 1308 6

225 1354 464 1427 σπείρων
528 1351 602 1413 εἷς
660 1351 761 1419 τήν
808 1349 997 1421 σάρκα,
1033 1372 1061 1399 ››
1100 1346 1159 1400 Τί
1218 1343 1275 1400 δέ
1328 1365 1410 1406 τις
1466 1345 1672 1419 σπείρει
1722 1343 1771 1398 ἐν
1805 1348 1873 1417 τῇ

222 1443 423 1515 σαρκίς
484 1443 692 1510 Μὲθην,
753 1440 984 1516 τρυφὴν,
1044 1435 1499 1514 γαστριμαργίαν,
1558 1433 1872 1490 ἀκολασίαν.

221 1532 286 1586 Ὀ
315 1536 561 1592 τοιοῦτος
593 1529 652 1584 ἐκ
679 1536 779 1598 τῆς
830 1528 1046 1603 σαρκὸς,
1104 1526 1218 1581 οἷον
1254 1522 1341 1580 διὰ
1397 1524 1493 1591 τήν
1551 1525 1719 1595 σάρκα
1774 1526 1872 1593 τὴν

221 1621 732 1693 πλημμελήσασαν,
763 1616 866 1689 ἕξει
913 1617 1181 1691 τιμωρίαν
1242 1614 1372 1671 ἐκεῖ.
1415 1616 1493 1671 Τὸ
1544 1612 1601 1669 δὲ
1661 1613 1721 1668 ἐκ
1776 1618 1874 1688 τῇς

229 1711 451 1784 σαρκὸς,
497 1708 763 1779 τουτέστι,
813 1706 903 1762 διά
953 1707 1058 1762 τῶν
1119 1704 1169 1759 ἐν
1224 1708 1293 1778 τῇ
1353 1703 1507 1775 σαρκὶ
1566 1701 1871 1775 σπαρέντων

225 1800 663 1873 ἁμαρτημάτων,
733 1821 762 1848 ‹‹
792 1798 835 1852 Ο
878 1793 934 1849 δὲ
991 1794 1224 1861 σπείρων
1277 1791 1353 1852 εἷς
1384 1790 1444 1844 τὸ
1476 1795 1708 1862 πνεῦμα.
1748 1814 1776 1841 ››
1807 1789 1875 1847 Τί

224 1885 283 1943 δὲ
309 1909 391 1949 τις
424 1886 630 1961 σπείρει
661 1885 737 1949 εἷς
783 1884 846 1939 τὸ
907 1887 1125 1955 Πνεῦμα
1153 1883 1215 1936 τὸ
1273 1876 1425 1953 ἅγιον
1461 1898 1475 1948 ;
1535 1879 1603 1937 Τί
1643 1877 1805 1947 ἄλλο,
1836 1882 1872 1950 ἢ

223 1976 627 2049 ἐλεημοσ5νην,
685 1974 777 2031 καὶ
820 1972 1199 2052 σωφροσύνην,
1258 1972 1347 2025 καὶ
1405 1975 1577 2024 πᾶσαν
1634 1970 1877 2042 ἀρετήν;

232 2087 254 2116 ι
293 2068 388 2122 Ἐκ
453 2065 550 2120 τοῦ
640 2062 948 2136 Πνεόματος
1032 2061 1228 2134 θερίζει
1318 2060 1461 2127 ζωὴν
1545 2058 1786 2114 αἰώνιον.
1850 2080 1877 2110 ››

222 2161 424 2227 Ὥσπερ
475 2152 577 2227 γὰρ
637 2149 870 2230 διάφορα
920 2151 987 2205 τά
1039 2148 1323 2221 σπέρματα
1377 2148 1477 2215 τῆς
1537 2146 1731 2220 σαρκὸς
1790 2146 1878 2200 καὶ

222 2265 323 2298 του
354 2242 681 2315 πνεύματος,
716 2241 862 2295 οὕτω
927 2238 1016 2294 καὶ
1076 2240 1104 2293 ὁ
1156 2236 1431 2311 θερισμός.
1493 2238 1637 2292 Ἐκεῖ
1684 2237 1878 2312 φθορά,

223 2329 337 2387 ὧδε
371 2334 483 2401 ζωὴ
542 2331 786 2392 αἰώνιος.
847 2354 873 2380 (ι
901 2330 992 2396 Μὴ
1020 2327 1363 2398 ἀπείπωμεν,
1400 2349 1427 2376 ››
1464 2322 1605 2399 μηδὲ
1635 2324 1882 2388 ἐκλυθῶ-

229 2443 353 2495 μεν,
386 2419 474 2475 διά
514 2420 576 2475 τὸ
636 2419 774 2473 εἶναι
822 2420 916 2479 τὰς
976 2414 1271 2475 ἁντιδὸσεις
1336 2413 1389 2468 ἐν
1448 2419 1528 2486 τῷ
1597 2412 1876 2486 μέλλοντι.

228 2514 419 2567 ¹Ἐσται
470 2510 575 2585 γὰρ
635 2509 818 2578 καιρὸς
852 2508 880 2562 6
911 2506 1123 2570 πάντως
1176 2505 1343 2575 ἥξων,
1403 2502 1527 2558 ὅταν
1583 2496 1882 2558 ἀπολάϐω-

229 2622 328 2675 μεν
359 2600 429 2653 τὰ
464 2601 628 2666 καλά,
677 2597 766 2652 καὶ
799 2596 1099 2670 θερίσωμεν
1158 2594 1224 2648 τά
1275 2597 1365 2647 νῦν
1422 2594 1558 2664 ἡμῖν
1617 2594 1884 2666 σπαρέντα

231 2690 470 2764 χρηστά.
508 2689 637 2745 Εἶτα
673 2684 864 2752 ἐπειδὴ
925 2688 1184 2759 θερισμοῦ
1243 2682 1663 2755 ἐμνημόνευσεν,
1723 2681 1883 2744 αὐτὸς

236 2776 301 2833 δὲ
331 2779 502 2832 κόπου
530 2775 698 2832 δεῖται
738 2775 828 2830 καὶ
888 2776 1159 2847 καμάτου,
1216 2773 1541 2843 προσέθηκε,
1603 2796 1629 2823 ‹‹
1665 2773 1754 2839 Μὴ
1788 2769 1884 2826 ἐκ-

241 2864 522 2940 λυόμενοι,
554 2866 732 2921 »ὡσεὶ
766 2858 974 2939 ἔλεγεν·
1009 2864 1069 2920 Ὁ
1120 2861 1344 2937 θερίζων
1376 2861 1520 2929 τότε,
1554 2860 1615 2916 οὐ
1672 2863 1886 2932 κάμνει,

239 2956 367 3012 οὐδὲ
398 2954 665 3026 ἐκλύεται,
698 2955 774 3017 ὡς
811 2954 862 3010 ἐν
921 2951 1000 3025 τῷ
1054 2953 1247 3025 κόσμῳ
1301 2952 1499 3022 τοῦτῳ.
1562 2951 1653 3019 Μὴ
1709 2949 1887 3005 τοίνυν

232 3045 557 3107 ἀκούσαντες
617 3045 896 3119 θερισμὸν,
956 3041 1119 3097 πάλιν
1166 3040 1255 3095 καὶ
1315 3041 1437 3096 τὸτε
1493 3044 1720 3113 μοχθεῖν
1752 3040 1886 3094 ὑπο-

233 3136 494 3205 νοῆσητε.
556 3134 679 3190 Ἐπὶ
730 3133 823 3206 μὶν
884 3134 989 3207 γάρ
1044 3136 1151 3186 τῶν
1208 3129 1479 3198 αἰσθητῶν
1527 3129 1883 3204 πραγμάτων,

229 3224 612 3299 καὶὁσπόρος
670 3222 791 3300 εἶχε
845 3221 1032 3289 κὸπον,
1092 3218 1181 3273 καὶ
1243 3220 1271 3273 6
1327 3218 1542 3291 ἀμητὸς
1598 3216 1878 3278 ὡσαύτως.

235 3314 458 3370 Διαλόει
490 3315 594 3389 γάρ
651 3310 838 3367 πολλά
892 3311 1020 3372 τοὺς
1077 3308 1354 3381 ἀμῶντας,
1382 3307 1471 3361 καὶ
1502 3306 1565 3361 τὸ
1595 3306 1760 3379 ἀμᾷν,
1791 3306 1881 3361 καὶ

230 3407 297 3461 τὸ
341 3411 444 3473 τῆς
498 3403 643 3478 ὥρας
700 3402 920 3476 θερμόν·
978 3398 1137 3456 Ἀλλ’
1207 3398 1405 3459 ἐκείνος
1455 3397 1519 3451 οὐ
1576 3395 1821 3458 τοιοῦτος
1855 3397 1883 3450 6

235 3490 474 3568 ἀμητός.
538 3493 712 3547 Πόνου
794 3492 895 3565 γὰρ
952 3491 1038 3544 καὶ
1097 3486 1326 3558 ἱδρῶτος
1384 3486 1523 3541 ἐστιν
1581 3484 1883 3560 ἐλεύθερος.

237 3587 419 3641 Τοῦτο
440 3582 545 3658 γὰρ
570 3578 696 3658 ἔφη,
720 3605 746 3631 ‹‹
778 3580 864 3645 Μὴ
899 3576 1245 3650 ἐκλυόμενοι.
1274 3601 1301 3627 ››
1325 3609 1391 3618 —
1414 3577 1618 3649 [ΦΩΤ.]
1649 3580 1715 3628 ’Ἢ
1749 3596 1767 3623 α
1796 3580 1883 3643 Μή

236 3671 585 3745 ἐκλυόμενοι,
621 3694 647 3722 ››
696 3671 938 3724 τουτέστι
990 3669 1064 3740 μὴ
1124 3668 1555 3738 ἀποναρκῶντες,
1601 3662 1738 3738 μηδὲ
1790 3672 1888 3733 τῆς

236 3759 595 3838 ἀγαθοεργίας
655 3758 1028 3833 ἀφιστάμενοι.
1088 3761 1204 3810 Τῶν
1261 3756 1363 3830 γὰρ
1419 3754 1495 3819 εἷς
1541 3754 1698 3816 τέλος
1731 3754 1888 3831 ἀγω-

238 3849 545 3922 νιζομένων
588 3846 728 3903 ἐστὶν
763 3849 789 3902 6
822 3847 1097 3923 στέφανος.
1163 3869 1187 3899 ι
1218 3846 1305 3906 Ὠς
1362 3845 1548 3919 καιρὸν
1605 3842 1825 3918 ἔχομεν.
1862 3866 1889 3893 ››

237 3942 335 3996 Ἐν
363 3944 431 4012 τῇ
468 3942 580 4011 ζωῇ
620 3940 719 4013 γάρ
773 3937 959 4010 ταύτῃ,
995 3937 1021 3990 6
1051 3934 1237 4007 καιρός
1297 3934 1406 3987 ἔστι
1467 3936 1563 4001 τῆς
1620 3932 1889 4007 ἐργασίας,

242 4029 359 4084 ἐκεῖ
387 4027 444 4083 δὲ
476 4027 574 4082 οὐκ
630 4021 728 4082 ἔτι.
798 4047 819 4076 ι
854 4027 930 4082 Τὸ
963 4024 1164 4102 ἀγαθὸν
1219 4023 1359 4098 πρὸς
1408 4021 1631 4082 πάντας.
1669 4044 1696 4071 ››
1752 4021 1894 4094 Πρὸς

244 4115 569 4185 Ἰουδαίους,
648 4118 784 4192 πρὸς
864 4113 1188 4186 Ἕλληνας,
1278 4108 1557 4187 ἐξαιρέτως
1634 4106 1691 4163 δὲ
1762 4108 1897 4182 πρὸς

242 4206 376 4268 τοὺς
405 4206 645 4269 πιστούς.

1281 314 1690 376 ΟυΜΜΕΝΤ.
1739 314 1815 373 ΙΝ
1866 313 2113 373 EPIST.
2160 315 2265 374 AD
2315 316 2599 377 GALAT.

910 451 966 508 δὲ
1049 469 1281 525 σπειρων
1359 447 1435 512 εἷς
1516 448 1879 517 muniit”?

2003 451 2303 519 mptionem
2329 467 2341 504 :
2368 452 2464 509 sed
2490 454 2589 522 qui
2615 454 2849 507 seminat
2874 469 2977 523 per
3003 454 3283 522 spiritum,
3315 468 3384 507 ex
3427 455 3633 523 spiritu

3470 319 3497 375 1
3510 316 3624 378 162

1986 549 2148 596 metet
2176 543 2349 598 vitam
2406 552 2686 599 etei-nam.
2742 545 2957 598 Bonum
3015 552 3197 598 autem
3253 544 3507 613 faciendo
3562 561 3632 599 ne

1985 630 2377 701 defatigemur.
2419 635 2678 704 Tempore
2707 635 2850 688 enim
2880 650 2977 688 suo
3005 641 3263 688 metemus
3311 649 3421 689 non
3474 634 3634 701 defa-

1987 721 2151 788 tigati
2205 724 2399 792 Itaque
2428 724 2555 777 dum
2598 731 2807 793 tempus
2866 723 3145 789 habemus,
3197 739 3484 793 operemur
3535 723 3632 777 ba--

1986 824 2135 873 num,
2171 827 2292 865 cum
2322 812 2396 865 ad
2426 828 2630 880 omnes,
2667 820 2779 867 tum
2810 829 2937 867 vero
2966 814 3205 867 maxime
3228 828 3360 881 erga
3380 812 3633 867 domesti-

1986 913 2070 951 cos
2099 900 2247 967 fidei.

2059 1009 2087 1036 «
2121 989 2272 1043 Deus
2304 1006 2425 1045 non
2458 992 2754 1047 irridetur.
2792 1013 2815 1043 υ
2850 994 2975 1047 Non
3011 993 3351 1048 seducitur:
3388 1007 3511 1045 non
3543 989 3634 1045 illi

1987 1077 2314 1149 imponitur
2341 1099 2354 1135 :
2389 1099 2507 1137 non
2539 1085 2815 1155 rependit
2842 1085 2997 1139 bono
3030 1084 3205 1148 mala,
3240 1088 3342 1138 aut
3398 1096 3635 1137 rursum

1985 1168 2143 1222 malo
2176 1168 2351 1225 bona.
2386 1173 2632 1227 Necesse
2665 1173 2959 1243 siquidem
2995 1179 3354 1228 estmessem
3386 1187 3634 1242 respon-

1987 1253 2124 1309 dere
2158 1259 2408 1312 sementi
2435 1275 2449 1312 :
2484 1266 2542 1313 et
2573 1260 2773 1315 nullus
2806 1262 3095 1317 hordeum
3125 1261 3425 1317 seminans
3448 1263 3637 1329 potest

1988 1351 2208 1400 metere
2243 1348 2515 1404 triticum.
2555 1372 2573 1398 ι
2611 1352 2759 1405 Num
2792 1353 2893 1422 qui
2926 1352 3303 1423 seminatper
3322 1366 3580 1407 carnem.
3608 1370 3629 1399 ι

1986 1433 2137 1496 Quid
2167 1443 2365 1492 autem
2400 1441 2657 1495 seminat
2676 1442 2969 1513 quispiam
2994 1459 3098 1513 per
3123 1458 3360 1497 carnem
3385 1442 3412 1496 ?
3432 1440 3636 1496 Ebrie.

1988 1527 2191 1592 tatem,
2242 1526 2503 1593 delicias,
2558 1532 3050 1603 gastrimargiam,
3101 1532 3422 1587 lasciviam.
3482 1530 3637 1585 Talis

1989 1629 2057 1667 ex
2088 1631 2262 1669 carne
2296 1618 2415 1671 sive
2439 1627 2680 1690 prOpter
2702 1637 2940 1675 carnem
2965 1638 3097 1691 quae
3121 1620 3640 1692 deliquit,habebit

1987 1702 2048 1756 in
2070 1703 2267 1758 futuro
2295 1707 2674 1777 supplicium.
2701 1709 2864 1772 Quod
2889 1711 3046 1765 enim
3080 1710 3191 1765 ait:
3216 1734 3242 1758 ‹‹
3270 1713 3348 1765 Ex
3375 1726 3573 1779 carne,
3609 1733 3631 1761 ιι

1993 1790 2051 1844 id
2085 1799 2172 1847 est
2202 1793 2380 1863 quod.
2416 1812 2519 1866 per
2548 1805 2788 1867 peccala
2817 1799 2876 1852 in
2910 1816 3086 1854 carne
3119 1801 3425 1855 seminata.
3465 1822 3493 1849 ‹‹
3526 1797 3637 1855 Sed

1992 1881 2092 1950 qui
2126 1883 2381 1937 seminat
2407 1900 2511 1954 per
2541 1886 2833 1957 spiritum.
2872 1910 2897 1935 ››
2938 1889 3086 1952 Quid
3135 1895 3331 1944 autem
3382 1889 3637 1945 seminat

1987 1970 2121 2038 quis
2162 1986 2269 2039 per
2321 1972 2602 2042 Spiritum
2660 1976 2981 2029 sanctum?
3031 1976 3179 2041 Quid
3237 1978 3399 2031 aliud
3457 1994 3633 2047 quam

1988 2057 2448 2129 eleemosynam,
2510 2064 2984 2133 temperantiam,
3045 2081 3401 2135 omnemque
3454 2067 3637 2120 virtu-

1986 2151 2107 2201 tem
2128 2147 2154 2200 ?
2186 2168 2213 2197 ‹‹
2246 2149 2326 2202 Ex
2359 2149 2572 2219 spiritu
2604 2156 2787 2205 metet
2815 2153 2995 2207 vitam
3027 2160 3333 2209 aeternam.
3356 2176 3383 2203 »
3417 2155 3637 2218 Quem-

1986 2234 2305 2290 admodum
2338 2237 2495 2292 enim
2527 2239 2687 2295 varia
2719 2246 2856 2295 sunt
2886 2243 3116 2297 semina
3146 2244 3342 2298 carnis
3374 2248 3431 2297 et
3462 2243 3635 2314 spiri-

1986 2328 2105 2382 tus.
2138 2324 2221 2379 ita
2251 2330 2309 2380 et
2358 2327 2516 2382 varia
2573 2333 2662 2382 est
2719 2330 2968 2385 messis:
3027 2331 3106 2385 ibi
3166 2332 3486 2402 corruptio,
3540 2332 3638 2386 hic

1985 2418 2182 2467 autem
2218 2414 2329 2468 vita
2390 2422 2631 2472 arterna.
2694 2441 2721 2466 ‹‹
2772 2420 2853 2473 Ne
2912 2420 3323 2490 defatigemur,
3359 2442 3387 2471 »
3442 2436 3637 2491 neque

1985 2500 2396 2567 dissolvamur,
2457 2519 2526 2557 eo
2586 2505 2743 2575 quod
2819 2507 3243 2563 retributiones
3296 2509 3416 2563 sint
3472 2526 3638 2579 repo-

1986 2590 2110 2645 sitae
2142 2590 2203 2645 in
2233 2590 2432 2646 futuro
2477 2595 2693 2648 saeculo
2732 2611 2745 2648 :
2805 2596 2917 2651 erit
2975 2598 3133 2651 enim
3193 2604 3425 2668 tempus
3480 2597 3639 2669 quod

1985 2679 2230 2733 omnino
2258 2681 2470 2743 veniet,
2526 2683 2761 2753 quando
2810 2685 3170 2755 recipiemus
3227 2703 3513 2758 prospera
3569 2702 3638 2741 ac

1986 2768 2320 2827 commoda.
2355 2776 2415 2824 et
2446 2778 2734 2827 metemus
2765 2790 2894 2844 quae
2954 2790 3113 2829 nunc
3160 2793 3194 2830 a
3241 2775 3413 2830 nobis
3459 2776 3640 2831 semi-

1984 2863 2124 2912 nata
2168 2864 2305 2913 sunt
2361 2858 2537 2915 bona.
2605 2862 2831 2917 Deinde
2892 2864 3175 2934 quoniam
3233 2866 3444 2919 messis
3501 2864 3641 2919 fecit

1987 2947 2376 3013 mentionem,
2433 2949 2558 3003 haec
2617 2957 2816 3006 autem
2872 2969 3020 3023 opus
3078 2953 3257 3009 habet
3310 2954 3514 3009 labore
3572 2970 3640 3009 ac

1984 3035 2349 3107 fatigatione,
2381 3037 2608 3093 addidit
2637 3056 2649 3093 :
2688 3062 2714 3089 ι(
2744 3041 2872 3095 Non
2903 3042 3223 3114 defatigati.
3258 3065 3286 3092 »
3318 3044 3410 3111 :Ac
3468 3043 3515 3097 si
3550 3042 3642 3096 di-

1987 3131 2182 3179 ceret:
2217 3126 2324 3190 Qui
2375 3128 2547 3181 metit
2593 3134 2757 3197 tunc,
2811 3147 2928 3185 non
2972 3130 3221 3200 laborat,
3274 3149 3384 3188 nec
3432 3132 3645 3187 defati-

1991 3219 2181 3285 gatur,
2214 3220 2279 3268 ut
2309 3215 2366 3268 in
2398 3216 2509 3271 hoc
2542 3218 2765 3273 mundo
2826 3219 3060 3275 accidit.
3105 3222 3185 3276 Ne
3237 3238 3393 3294 ergo,
3444 3221 3645 3277 audita

1992 3320 2206 3367 messe,
2239 3304 2430 3361 adhuc
2462 3307 2640 3362 etiam
2672 3326 2770 3364 vos
2801 3315 2941 3365 tunc
2968 3310 3239 3366 laborare
3272 3313 3642 3367 existimetis.

1993 3394 2057 3449 In
2077 3393 2460 3450 sensibilibus
2491 3398 2708 3452 etenim
2737 3399 2935 3455 rebus.
2967 3406 3024 3455 et
3044 3402 3356 3456 seminatio
3380 3401 3645 3456 laborem

1995 3488 2191 3552 habet,
2253 3497 2310 3545 et
2366 3494 2578 3548 messis
2638 3500 2871 3566 tempus
2932 3497 3224 3552 similiter.
3282 3499 3647 3568 Frequenter

1994 3594 2253 3649 namque
2288 3589 2576 3637 metentes
2636 3583 2903 3640 dissolvit
2960 3593 3018 3641 et
3064 3588 3255 3656 ipsum
3313 3594 3536 3643 metere
3590 3591 3649 3641 et

1998 3668 2161 3722 calor
2192 3671 2514 3739 temporis:
2548 3677 2606 3725 at
2637 3690 2756 3726 non
2788 3674 2905 3728 tale
2946 3681 3037 3729 est
3070 3674 3212 3729 illud
3253 3676 3461 3730 messis
3498 3683 3645 3729 tem-

1999 3774 2145 3827 pus:
2173 3764 2259 3812 est
2291 3760 2449 3813 enim
2481 3776 2515 3814 a
2546 3760 2746 3814 labore
2791 3778 2856 3815 ac
2914 3762 3126 3817 sudore
3173 3763 3445 3817 liberum.
3499 3763 3642 3816 Nam

2000 3846 2109 3900 hoc
2129 3846 2437 3913 significat,
2465 3870 2493 3897 ‹‹
2519 3850 2641 3902 Non
2666 3849 2984 3917 defatigati.
3011 3872 3038 3899 ››
3066 3854 3177 3904 Aut
3198 3867 3306 3904 non
3328 3851 3644 3919 defatigati,

2002 3934 2059 3988 id
2092 3942 2200 4002 est,
2229 3954 2346 3990 non
2406 3944 2713 4008 torpentes
2763 3956 2956 4009 neque
3006 3956 3040 3994 a
3088 3941 3244 3994 bona
3304 3942 3646 4011 operatione
3702 3980 3709 3989 .

2003 4023 2380 4079 desistentes.
2416 4026 2515 4079 His
2546 4027 2842 4096 siquidem
2874 4044 3091 4082 corona
3120 4028 3312 4091 datur,
3346 4028 3446 4098 qui
3478 4029 3551 4083 ad
3582 4028 3649 4084 ﬁ-

2006 4128 2364 4182 nemusque
2418 4119 2666 4169 certant.
2730 4137 2757 4165 «
2790 4117 2939 4170 Dum
2995 4122 3228 4188 tempus
3279 4117 3648 4173 habemus.»

2012 4202 2156 4255 167
2195 4203 2337 4256 Nam
2370 4203 2430 4257 in
2462 4203 2571 4258 hac
2600 4204 2717 4258 vita
2742 4210 2976 4276 tempus
3005 4212 3096 4261 est
3124 4207 3428 4277 operandi,
3463 4207 3525 4261 in
3565 4206 3653 4261 fu-

246 4305 387 4355 turo
416 4316 551 4353 vero
578 4315 698 4354 non
728 4298 829 4355 ita.
866 4318 893 4346 ‹‹
927 4296 1154 4350 Bonum
1177 4308 1314 4365 erga
1345 4307 1552 4347 omnes
1583 4304 1918 4362 operemur.
1954 4312 1983 4341 ››
2010 4290 2159 4362 Erga
2186 4290 2419 4347 Judaaos
2452 4296 2508 4347 et
2534 4308 2672 4365 erga
2711 4294 2962 4364 Graacos,
3021 4295 3397 4366 potissimum
3453 4300 3655 4351 tamen

251 4405 394 4461 erga
419 4387 744 4444 credentes.

878 4483 1137 4538 ΚΕΦΑΛ.
1182 4478 1284 4536 ῙΒ“.

256 4575 611 4648 ’Δποτροπὴ-
645 4572 751 4627 ἀπὸ
834 4575 964 4648 τῶνΔ
1028 4567 1295 4648 ἑλκόντῶν
1391 4564 1477 4648 ἐπὶ
1524 4566 1633 4648 ’τὴν
1687 4582 1911 4648 Iit-apum:

340 4635 472 4717 μὴν,
530 4635 617 4699 καὶ
691 4643 976 4718 προτροπή
1037 4642 1171 4715 πρὸς
1228 4637 1347 4693 νέαν
1431 4638 1575 4706 ζωὴν
1641 4637 1738 4705 τὴν
1811 4635 1913 4690 ὑπὸ

334 4718 467 4773 Ηνεύ
475 4738 579 4789 ματ
592 4738 626 4770 ι.

338 4805 504 4865 Ἴδετε
591 4802 853 4877 πηλίκοις
931 4804 1056 4877 ὑμῖν
1164 4801 1475 4878 γράμμασιν

260 4896 373 4971 ἐμῇ
474 4896 642 4971 χειρί.
744 4896 902 4947 Ὅσοι
1004 4890 1258 4946 θέλουσιν

264 4986 443 5055 σαρκὶ,
545 4983 695 5039 οὗτοι
788 4981 1175 5058 ἀναγκάζουσιν

267 5073 429 5148 μόνον
482 5073 569 5127 ’ἱνα
632 5074 707 5147 μὴ
766 5076 845 5143 τῷ
903 5074 1120 5143 σταυρῷ
1174 5072 1271 5123 τοῦ
1352 5070 1596 5139 Χριστοῦ
1673 5062 1920 5119 διώκων-

262 5185 377 5221 ται.
439 5161 579 5219 Οὐδὲ
624 5162 727 5237 γάρ
762 5161 813 5215 ol
870 5157 1346 5234 περιτεμνόμετοι,
1406 5153 1561 5209 αὐτοὶ
1621 5154 1788 5225 νόμον
1821 5176 1921 5229 φυ-

265 5253 588 5319 λάσσουσιν,
698 5249 842 5305 ἀλλᾶ
916 5247 1164 5303 θελουσιν
1273 5246 1409 5318 ὑμᾶς
1484 5243 1920 5319 περιτέμνεσθαι,

261 5342 360 5397 τίνα
391 5340 444 5396 ἐν
474 5347 542 5417 τῇ
580 5339 811 5414 ὑμετέρᾳ
843 5339 997 5414 σαρκὶ
1030 5338 1445 5415 καῦχγςσωνται.

342 5432 442 5498 Τὸ,
509 5455 534 5485 ι
576 5428 867 5498 Πηλίκοις,
903 5456 924 5483 υ
989 5426 1051 5482 οὐ
1110 5425 1370 5501 μεγεθους
1414 5421 1522 5476 ἐστῖ
1589 5418 1925 5490 δηλωτικὸν,

271 5519 420 5576 ἀλλά
467 5518 699 5598 ἆμοφίας
766 5522 875 5574 τῶν
940 5515 1302 5592 γραμμάτων.
1360 5511 1504 5565 Ὠσεῖ
1564 5507 1766 5585 ἔλεγεν
1830 5511 1929 5567 Καὶ

250 5614 447 5666 ταῦτα
490 5610 566 5684 μὴ
634 5606 791 5669 εΐδὼς
838 5607 1060 5690 γράφειν
1110 5603 1317 5671 καλῶς,
1379 5602 1531 5675 ὅμως
1588 5601 1930 5676 ἠνάγκασμαι

568 5732 814 5782 Parnm“
858 5725 960 5783 Gn.
1003 5721 1257 5781 CXVIII.

1572 4793 1780 4875 ἔγραψα
1845 4800 1914 4870 τῇ

1364 4888 1790 4962 εὐπροσωπῆσαι
1866 4885 1918 4941 ἐν

1270 4979 1408 5051 ὑμᾶς
1484 4976 1919 5050 περιτέμνεσθαι,

2634 4481 2864 4536 CAPUT
2903 4481 3026 4536 XII.

2028 4566 2255 4622 Aversio
2281 4568 2349 4622 ab
2381 4567 2464 4622 his
2502 4570 2600 4636 qui
2655 4571 2887 4625 trahunt
2944 4572 3017 4625 ad
3075 4572 3561 4637 circumcisionem,
3612 4577 3664 4626 et

2092 4640 2401 4694 exhortatio
2430 4643 2502 4694 ad
2529 4656 2726 4696 novam
2774 4644 2945 4697 vitam
2986 4659 3114 4712 quae
3158 4644 3256 4697 sub
3304 4643 3521 4712 Spiritu
3568 4644 3665 4697 de-

2094 4712 2267 4780 gitur.

2102 4801 2293 4854 Videte
2323 4800 2520 4870 quibus
2553 4801 2747 4855 iitteris
2775 4804 3084 4871 scripserim
3108 4803 3258 4858 vobis
3308 4819 3428 4858 mea
3479 4820 3668 4872 manu,

2026 4889 2345 4957 Quicunque
2376 4889 2566 4943 volunt
2586 4889 2759 4958 juxta
2787 4892 2987 4958 faciem
3008 4891 3226 4961 placere
3275 4894 3333 4947 in
3382 4909 3566 4958 carne,
3612 4891 3673 4946 hi

2028 4985 2227 5046 cogunt
2259 4993 2349 5031 ros
2381 4979 2738 5033 crrrumcidi:
2773 4986 2985 5033 tantum
3035 4998 3101 5036 ne
3149 4982 3211 5035 ob
3262 4998 3471 5037 crucem
3512 4982 3674 5036 Chri-

2027 5069 2099 5122 sti
2122 5068 2554 5137 persecutionem
2578 5070 2892 5137 patiantur.
2945 5071 3079 5123 Nam
3131 5072 3228 5141 qui
3274 5070 3673 5125 circumcidun-

2032 5162 2139 5222 tur,
2172 5173 2240 5210 ne
2268 5158 2375 5225 ipsi
2404 5157 2625 5226 quidem
2678 5158 2843 5228 legem
2903 5167 3153 5215 servant:
3208 5161 3301 5216 sed
3347 5161 3537 5216 volunt
3584 5175 3677 5215 vos

2032 5248 2367 5315 circumcidi,
2400 5255 2460 5301 ut
2494 5248 2552 5301 in
2581 5255 2759 5303 vestra
2789 5266 2952 5304 carne
2989 5250 3320 5319 glorientur.

2108 5445 2135 5473 ‹‹
2168 5424 2411 5491 Quibus,
2447 5448 2475 5474 ››
2507 5442 2627 5480 non
2668 5427 3137 5498 magnitudinem
3171 5427 3501 5482 litterarum
3524 5426 3680 5483 desi-

2035 5520 2193 5587 gnat,
2229 5516 2332 5571 sed
2363 5516 2771 5573 characterum
2802 5518 3256 5575 deformitatem.
3304 5522 3383 5574 Ac
3437 5519 3484 5574 si
3524 5519 3685 5575 dice-

2037 5612 2127 5661 ret
2159 5623 2172 5662 :
2205 5611 2465 5681 Cumque
2497 5624 2616 5665 non
2649 5625 2884 5666 nossem
2916 5615 3073 5667 recte
3121 5611 3385 5686 pingere.
3443 5617 3682 5669 coactus

3334 5730 3401 5784 37
