4072 6266
565 311 718 374 1163

1679 305 2104 370 (ΕΟΠΜΕΝΙΙ
2151 306 2453 369 ΤΗΙΟΟᾸΕ
2497 309 2851 372 EPISCOPI

3731 318 3826 379 llﬁl

559 459 692 502 sum
721 451 923 500 tamen
955 443 1194 514 propria
1241 457 1425 497 manu
1473 439 1787 512 epistolam
1838 456 2099 506 exarare,
2147 444 2202 496 ul

2324 434 2625 518 ίδιόχειρον
2663 441 2762 508 τήν
2794 437 3088 510 ἕπιστολὴν
3135 439 3353 517 γράψαι,
3409 438 3490 496 διὰ
3529 443 3582 497 τὸ
3622 443 3823 520 ὁμολογίαι

553 533 862 608 proprium
881 531 1272 589 confessionis
1298 548 1444 588 meas
1466 530 1924 602 chirographum
1949 530 2203 602 depone-

551 630 736 686 retur,
771 623 933 694 quod
966 620 1481 678 circumcisionem
1514 639 1632 676 non
1664 621 2002 693 praedicem,
2026 618 2203 675 veluti

555 714 763 770 dicunt
783 713 1264 769 calumniatores.
1294 735 1319 761 ‹‹
1345 713 1693 784 Quicunque
1720 711 2106 784 voluntjuxta
2127 711 2207 766 fa-

555 804 706 859 ciem
740 804 975 875 placere
1007 803 1067 856 in
1101 819 1294 858 carne.
1333 824 1359 851 ››
1384 801 1752 874 Quicunque,
1783 801 2208 873 inquit,volunt

556 892 710 964 apud
742 893 1016 948 homines
1045 891 1298 958 laudari,
1329 891 1389 946 hi
1420 909 1519 946 vos
1570 898 1786 963 cogunt
1837 889 2200 946 circumcidi.

556 981 729 1054 Apud
762 999 908 1054 quos
941 983 1216 1036 homines
1237 980 1264 1035 ?
1291 987 1394 1035 aut
1421 981 1577 1052 apud
1613 979 1865 1045 ludaeos,
1922 987 2203 1051 tanquam

559 1071 765 1144 patria
798 1070 908 1142 legi
942 1069 1352 1125 adhaerentes:
1386 1076 1488 1124 aut
1518 1069 1673 1141 apud
1703 1076 1997 1134 externos,
2047 1067 2205 1138 quod

559 1161 722 1218 vobis
751 1166 1038 1231 tanquam
1068 1160 1376 1231 discipulis
1407 1165 1668 1216 utantur.
1713 1159 1858 1214 Nam
1913 1158 1972 1213 in
2020 1175 2200 1225 carne,

560 1251 616 1305 id
643 1257 731 1306 est
752 1251 810 1305 in
836 1250 1181 1305 hominibus
1207 1249 1297 1303 vel
1327 1250 1482 1321 apud
1529 1250 1821 1304 homines.
1867 1272 1893 1296 ‹‹
1928 1249 2041 1302 Nos
2089 1249 2202 1302 cir-

563 1341 838 1398 cumcidi.
875 1364 902 1390 n
935 1342 1152 1397 Volunt
1181 1342 1399 1397 habere
1431 1348 1486 1395 et
1513 1341 1662 1395 alios
1695 1340 2097 1402 circumcisos,
2130 1354 2204 1393 ne

566 1437 808 1503 propter
838 1447 1076 1485 crucem
1108 1447 1175 1484 ac
1211 1429 1387 1484 ﬁdem
1421 1429 1802 1501 evagitentur,
1837 1445 1903 1482 ac
1928 1441 2203 1498 persecu-

565 1522 786 1576 tionem
820 1521 1170 1577 sustineant.
1206 1520 1369 1583 Quod
1413 1521 1458 1575 si
1511 1520 1585 1574 sit
1635 1514 1944 1571 διοικῶνται
1995 1517 2203 1588 guber-

560 1622 797 1673 nentur.
813 1616 955 1666 tunc
975 1611 1057 1666 ita
1071 1609 1364 1682 intelliges
1386 1627 1397 1663 :
1417 1609 1627 1665 Omnia
1641 1609 1864 1664 faciunt
1880 1605 2204 1662 ethomini-

559 1701 670 1756 bus
699 1701 934 1774 placere
965 1700 1184 1769 volunt,
1215 1702 1407 1755 solum
1440 1715 1513 1754 ne
1546 1713 1650 1769 per
1708 1697 1884 1752 ﬁdem
1929 1700 2208 1768 regantur

2321 549 2447 601 μου,
2480 529 2662 606 φησὶν,
2722 526 3019 605 ἴδιόχειρον
3066 531 3396 599 ἀποκεῖσθαι,
3447 531 3520 585 ὅτι
3571 531 3621 587 οὐ
3659 537 3826 606 κηρύσσω

2313 621 2616 693 περιτομὴν
2665 621 2740 680 ὡς
2801 621 2854 674 οἱ
2887 616 3269 681 διαϐάλλοντες
3325 619 3571 693 λέγουσιν.
3602 623 3831 688 «Ὀσοιθὲ.

2317 706 2502 763 λουσιν
2553 707 2996 784 εὐπροσωπῆσαι.
3032 733 3058 760 ››
3116 711 3274 766 ’Όσοι
3305 708 3530 778 θέλουσι,
3581 712 3704 786 φησὶ,
3743 717 3830 786 παρὰ

2313 797 2616 873 ἀνθρώποις
2657 797 2984 873 εὐδοκιμεῖν,
3043 797 3192 854 οὗτοι
3249 799 3606 871 ἀναγκάζουσιν
3633 800 3738 861 imi;
3777 823 3833 856 .13-

2318 887 2678 963 ριτέμνεσθαι.
2739 889 2926 951 Ποίοις
2967 890 3272 957 ἀνθρώποις
3301 889 3335 958 ἢ
3367 892 3501 964 παρὰ
3568 887 3834 955 Ιουὸαίοιςὼς

2315 977 2606 1052 ἐχομένοις
2656 983 2753 1034 τοῦ
2810 979 3066 1052 πατεῷου
3131 979 3320 1053 νόμου,
3351 980 3384 1048 ἢ
3414 979 3548 1050 παρᾶ
3587 984 3680 1039 τοῖς
3703 974 3834 1048 ἕξωὼς

2319 1073 2587 1140 μαθηταῖς
2617 1067 2745 1140 ὑμῖν
2773 1070 3159 1142 κεχρημένοις.
3208 1091 3234 1119 ‹‹
3261 1070 3352 1125 Ἐν
3401 1067 3545 1140 σαρκὶ
3575 1092 3598 1116 η
3622 1067 3836 1141 7219,1091-

2315 1155 2478 1225 έστιν,
2525 1155 2579 1211 ἐν
2625 1157 2954 1231 ἀνθρώποις.
3025 1181 3052 1207 ‹‹
3106 1157 3272 1228 Ὑμᾶς
3327 1154 3748 1228 περιτέμνεσθαι.»
3783 1158 3838 1211 Θέ-

2316 1243 2505 1300 λουσιν
2528 1243 2672 1323 ἔχειν
2727 1245 2819 1300 καὶ
2876 1245 3094 1320 ἑτέρους
3154 1262 3646 1319 περιτεμνομενους,
3690 1243 3755 1298 ’ἶνα
3794 1246 3839 1317 μὴ

2316 1329 2404 1387 διὰ
2454 1338 2552 1388 τοῦ
2603 1338 2836 1410 σταυροῦ
2891 1335 2983 1388 καὶ
3039 1341 3138 1402 τῆς
3193 1334 3420 1395 πίστεως
3477 1333 3749 1388 ila-imum
3787 1334 3842 1386 iui

2317 1418 2644 1480 διώκωνται.
2726 1422 2787 1479 Ei
2848 1421 2905 1478 δέ
2971 1422 3106 1491 ἔστι,
3167 1421 3487 1490 διοικῶνται,
3543 1423 3662 1478 οὕτω
3707 1426 3842 1493 νοήπιι

2319 1514 2496 1569 Πάντα
2525 1518 2767 1583 ποιοῦσι,
2826 1515 2915 1569 καὶ
2975 1515 3279 1588 ἀνθρώποις
3329 1513 3501 1588 ἆρὲσαι
3551 1512 3743 1582 θέλουσι,
3786 1514 3844 1584 μό-

2314 1624 2403 1657 νον
2433 1604 2525 1658 ἳνα
2558 1606 2632 1676 μή
2667 1601 2756 1658 δια
2783 1611 2881 1673 τῆς
2926 1603 3158 1666 πίστεως
3221 1603 3488 1679 ἅρχωνται
3539 1602 3616 1658 καὶ
3673 1601 3840 1658 διοικῶν.

2313 1715 2422 1750 ται.
2485 1717 2513 1746 ‹‹
2546 1695 2622 1752 Οὐ
2680 1696 2784 1771 γὰρ
2843 1696 2896 1750 0i
2947 1694 3470 1768 περιτεμνόμενοι.»
3523 1693 3720 1748 Δείκνυσι
3763 1695 3843 1748 κατὰ

558 1807 626 1847 ac
683 1791 1105 1865 gubernentur.
1168 1813 1194 1838 ιι
1252 1790 1394 1844 Nam
1452 1788 1552 1858 qui
1609 1784 2202 1842 circumciduntur.»

2310 1780 2614 1854 κενοδοξίαν
2642 1784 2704 1838 τὸ
2750 1789 2852 1838 πᾶν
2914 1782 3108 1847 αὐτούς
3159 1789 3355 1840 ποιεῖν.
3419 1783 3486 1838 Οὐ
3514 1785 3607 1859 γαρ
3633 1783 3842 1859 οὗτοι,ῖιη-

559 1880 832 1936 Ostendit
849 1896 915 1933 ex
939 1878 1100 1933 inani
1126 1877 1313 1950 gloria
1341 1893 1466 1932 rem
1487 1891 1725 1931 omnem
1747 1873 1878 1929 illos
1902 1888 2201 1945 peragere.

557 1975 686 2025 Non
721 1969 879 2024 enim
914 1966 1014 2038 qui
1059 1965 1572 2021 circumciduntur
1625 1979 1846 2033 vosque
1899 1961 2214 2016 circumci-

561 2059 712 2113 dunt
755 2059 865 2111 hoc
895 2057 1122 2110 faciunt
1149 2061 1216 2109 ut
1244 2054 1435 2126 legem
1467 2059 1702 2109 servent
1730 2068 1797 2106 ac
1833 2049 2170 2105 custodiant
2199 2066 2211 2103 :

566 2145 669 2200 sed
699 2152 766 2198 ut
797 2144 1057 2199 habeant
1083 2142 1376 2214 gloriandi
1406 2142 1799 2197 occasionem.
1835 2157 1906 2195 ex
1936 2156 2005 2195 eo
2056 2138 2214 2210 quod

564 2251 666 2290 vos
699 2234 848 2290 768
876 2233 1324 2289 circumcidant.
1359 2235 1502 2288 Nam
1533 2233 1643 2286 hoc
1665 2237 1751 2287 est
1781 2229 1940 2301 quod
1970 2229 2072 2293 ait,
2099 2252 2125 2279 ‹‹
2148 2230 2214 2283 In

565 2331 760 2384 vestra
775 2341 975 2387 carne.
1005 2347 1031 2374 υ
1054 2332 1120 2380 ut
1142 2325 1280 2393 sint,
1313 2324 1527 2395 inquit,
1558 2329 1972 2394 praeceptores,
1996 2336 2212 2393 vosque

567 2413 827 2470 habeant
849 2412 1189 2484 discipulos.

639 2505 729 2573 VI,
763 2505 940 2558 14-18.
978 2505 1088 2574 Ego
1115 2519 1240 2559 vero
1269 2503 1412 2558 absit
1441 2510 1503 2557 ut
1532 2504 1738 2572 glorier
1790 2500 1901 2556 nisi
1942 2503 2000 2555 in
2055 2516 2214 2556 cruce

565 2594 786 2649 Domini
815 2592 991 2648 nostri
1019 2594 1146 2648 Jesu
1171 2593 1395 2661 Christi,
1443 2607 1546 2662 per
1575 2607 1735 2661 quem
1791 2590 1926 2644 mihi
1975 2589 2212 2645 mundus

565 2684 857 2751 cruciﬁxus
897 2688 996 2751 est,
1028 2688 1079 2736 et
1110 2697 1207 2750 ego
1239 2682 1459 2736 mundo.
1503 2683 1641 2737 Nam
1700 2682 1758 2734 in
1820 2678 2036 2735 Christo
2083 2681 2211 2734 Iesu

559 2789 737 2844 neque
766 2775 1104 2828 circumcisio
1134 2773 1436 2842 quidquam
1459 2772 1625 2836 valet,
1648 2787 1825 2841 neque
1847 2773 2210 2839 praeputium,

558 2862 651 2916 sed
679 2877 822 2916 noua
851 2868 1124 2916 creatura.
1158 2866 1224 2916 Et
1252 2863 1567 2930 quicunque
1587 2860 1761 2929 juxta
1794 2857 2045 2929 regulam
2070 2859 2210 2913 hanc

560 2951 843 3019 incedunt,
868 2968 990 3021 pax
1017 2966 1182 3020 super
1235 2966 1320 3006 eos
1375 2956 1427 3004 et
1481 2948 1883 3016 misericordia,
1942 2954 1993 3004 et
2046 2963 2210 3017 super

557 3041 728 3098 Israel
759 3043 872 3097 Dei.
904 3043 978 3098 De
1008 3048 1206 3097 certem
1255 3058 1323 3096 ne
1374 3043 1497 3112 quis
1542 3040 1678 3095 mihi
1735 3041 2008 3095 molestias
2051 3037 2205 3094 exhi-

560 3138 695 3193 ceat,
728 3147 827 3200 ego
853 3133 996 3187 enim
1019 3134 1278 3200 stigmata
1308 3133 1526 3185 Domini
1552 3133 1680 3186 Jesu
1727 3133 1786 3185 in
1816 3145 2043 3200 corpore
2088 3144 2208 3184 meo

553 3227 741 3292 porto.
776 3221 969 3278 Gratia
998 3222 1218 3276 Domini
1245 3223 1420 3276 nostri
1467 3221 1594 3276 Jesu
1639 3220 1838 3274 Christi
1886 3236 2008 3275 cum
2049 3219 2209 3288 spiri-

563 3317 623 3365 tu
649 3317 849 3378 uestro,
883 3313 1106 3379 fratres.
1141 3316 1337 3366 Amen.

635 3581 936 3650 Tanquam
965 3578 1248 3635 miserum
1280 3578 1584 3650 quippiam
1643 3577 2013 3650 deprecatur.
2070 3579 2207 3642 Quaa

565 3675 656 3726 est
684 3676 878 3725 autem
912 3667 1233 3742 gloriatio?
1280 3668 1444 3734 Quod
1487 3673 1728 3739 propter
1778 3685 1888 3722 nos
1935 3667 2208 3739 indignos

562 3758 814 3814 voluerit
840 3758 1124 3828 cruciﬁgi.
1157 3759 1302 3813 Nam
1329 3757 1387 3812 id
1418 3757 1588 3813 nobis
1609 3756 1899 3830 gloriandi
1931 3761 2021 3811 est
2045 3771 2208 3810 occa-

555 3849 662 3903 sio.
692 3849 758 3902 In
781 3864 952 3903 cruce
979 3847 1156 3919 igitur
1173 3847 1388 3902 Christi
1415 3847 1590 3901 liceat
1618 3844 1760 3900 mihi
1785 3845 2045 3919 gloriari,
2075 3861 2204 3916 qua:

482 3991 488 3998 ,
551 3935 878 3994 incredulis
911 3935 1140 3990 videtur
1170 3936 1348 3991 etiam
1399 3952 1528 3992 esse
1577 3935 1981 4008 opprobrium.
2037 3941 2206 3990 «Per

553 4043 730 4097 quem
762 4025 907 4081 mihi
939 4025 1194 4082 mundus
1226 4025 1540 4081 cruciﬁxus
1573 4031 1679 4080 est.
1716 4047 1744 4074 »
1774 4024 2052 4079 Mundam
2112 4023 2200 4078 di-

549 4117 630 4171 cit
659 4132 753 4170 res
787 4117 1138 4183 mundanas,
1170 4132 1383 4188 nempe
1416 4115 1654 4172 laudem
1685 4132 1752 4171 ac
1790 4115 2038 4188 gloriam
2071 4132 2200 4186 quae

548 4204 623 4260 ad
658 4205 998 4262 hominibus
1031 4207 1331 4277 quaeritur.
1369 4205 1502 4262 Haec
1533 4206 1732 4278 igitur,
1775 4205 1933 4276 quod
1988 4204 2061 4259 ad
2107 4221 2198 4259 me

548 4293 782 4356 attinet,
813 4295 1014 4349 omnia
1040 4301 1274 4350 mortua
1305 4301 1463 4349 sunt.
1498 4294 1722 4349 Deinde
1773 4309 1897 4348 rem
1953 4309 2201 4366 exagge-

548 4399 688 4441 rans
720 4383 903 4439 dixit:
938 4386 1007 4438 Et
1037 4400 1140 4456 ego
1171 4383 1266 4438 his
1297 4390 1566 4438 mortuus
1599 4399 1729 4438 sum
1765 4400 1778 4437 :
1813 4382 1992 4454 dupla
2040 4398 2198 4437 mor-

545 4475 870 4532 tiﬁcatione
892 4475 1087 4548 fugam
1103 4475 1342 4531 illorum
1366 4474 1709 4546 significans
1721 4480 1779 4529 et
1795 4473 2192 4529 inutilitatem.

2321 1873 2426 1940 σίν,
2469 1873 2520 1926 οἱ
2575 1873 3024 1947 περιτεμνόμενοι
3079 1873 3168 1928 καὶ
3232 1874 3370 1947 ὑμᾶς
3428 1871 3841 1947 περιτέμνοντεςὼς

2319 1961 2487 2035 νόμον
2567 1965 2854 2034 τθροῦντες
2911 1964 2999 2018 καὶ
3054 1961 3410 2042 φυλάττεντες
3463 1967 3606 2018 τοῦτο
3657 1966 3841 2029 ποιοῦσα,

2317 2048 2446 2104 ἀλλ’
2474 2051 2562 2104 ἳνα
2591 2045 2763 2126 ἔχωσι
2794 2055 2890 2105 τοῦ
2920 2059 3224 2126 καυχᾶσθαι
3256 2051 3500 2130 ἀφορμὴν
3552 2049 3627 2104 διὰ
3648 2055 3723 2105 τοῦ
3762 2052 3843 2121 ὗμὶς

2317 2137 2674 2214 περιτέμνειν.
2739 2143 2918 2196 Τοῦτο
2993 2141 3094 2216 γάρ
3155 2141 3319 2205 ἐστιν,
3401 2165 3428 2190 ‹‹
3462 2142 3541 2196 Ἐν
3588 2142 3646 2212 τῇ
3696 2139 3844 2209 ὑμετέρᾳ

2319 2229 2497 2304 σαρκὶ,
2533 2254 2560 2280 υ
2602 2227 2716 2299 ἵνα,
2776 2231 2958 2307 φησὶν,
3024 2231 3125 2284 ὦσι
3184 2226 3546 2299 διδάσκαλοι,
3582 2228 3658 2283 καὶ
3682 2227 3842 2301 paesti:

2320 2317 2462 2391 ὑμᾶς
2491 2315 2681 2392 ἔχωσι.

2391 2496 2550 2568 Ἐμοὶ
2610 2493 2667 2552 δὶ
2720 2500 2794 2570 μὴ
2876 2497 3090 2573 γένοιτο
3146 2499 3469 2574 καυχᾶσθαι,
3534 2496 3573 2552 ετ
3621 2497 3678 2567 μή
3721 2494 3758 2547 ἐν
3798 2495 3839 2559 τῷ

2318 2590 2530 2662 σταυρῷ
2580 2589 2676 2642 τοῦ
2729 2588 2934 2661 Κυρίου
3011 2588 3194 2656 Ἰησοῦ
3254 2589 3484 2662 Χριστοῦ
3515 2630 3528 2656 ,
3578 2583 3634 2639 δι’
3677 2583 3720 2638 οὗ
3762 2578 3838 2652 ἐμυὶ

2313 2675 2520 2748 κόσμος
2602 2675 2987 2750 ἐσταύρωται,
3055 2676 3208 2751 κάγὼ
3293 2682 3372 2750 τῷ
3451 2676 3632 2747 κόσμῳ.
3678 2673 3736 2728 Ἐν
3774 2669 3832 2741 γᾶξ

2318 2762 2534 2836 Χριστῷ
2618 2765 2802 2831 Ἰησοῦ
2896 2759 3017 2819 οὔτε
3099 2765 3379 2838 περιτομή
3459 2784 3506 2818 τι
3565 2759 3712 2836 ἰσχύει,
3752 2751 3829 2810 οὔτι

2315 2845 2664 2925 ἀκροϐυστία,
2745 2849 2893 2908 ἀλλὰ
2974 2854 3130 2920 καινή
3225 2853 3426 2915 κτίσις.
3501 2851 3588 2910 Καὶ
3647 2849 3722 2902 ὅσοι
3777 2846 3825 2911 τῷ

2313 2939 2494 2994 κανόνι
2575 2939 2754 3013 τούτῳ
2831 2945 3248 3018 στοιχήσουσιν,
3345 2941 3529 3018 εἰρήνη
3592 2938 3651 2994 ἐπ’
3697 2930 3820 2990 αὐτοὺς

2313 3030 2403 3086 καὶ
2444 3028 2600 3093 ἕλεος
2634 3076 2648 3100 ,
2711 3033 2803 3086 καὶ
2861 3031 2947 3088 ἐπὶ
3003 3033 3093 3088 τὸν
3153 3032 3382 3107 Ἰσραὴλ
3462 3036 3550 3088 τοῦ
3597 3031 3711 3082 Θεοῦ.
3749 3021 3817 3076 Τοῦ

2322 3117 2522 3174 λοιποῦ
2577 3120 2783 3182 κόπους
2871 3143 2964 3194 μοι
3037 3105 3242 3194 μηδεὶς.
3310 3119 3594 3198 παρεχέτω.
3629 3112 3724 3187 Ἐγὼ
3757 3105 3825 3180 ἰὶὲ

2247 3177 2385 3264 C15:
2443 3207 2716 3283 στίγματα
2770 3177 2881 3265 105'
2930 3177 3134 3285 Κυρίου
3195 3177 3398 3280 dno-05.
3452 3177 3502 3266 ’ἓν
3575 3212 3635 3277 τῷ
3684 3177 3836 3271 ’σώμαέῖ

2321 3317 2425 3370 μου
2487 3297 2760 3372 βαστάζω,
2831 3299 2892 3354 Ἦ
2952 3298 3116 3373 χάρις
3164 3303 3264 3353 τοῦ
3326 3299 3516 3374 Κυρίου
3564 3297 3688 3370 ἡμῶν
3725 3286 3840 3374 Ἰητοὲ

2316 3369 2575 3462 Χριστοῦ,
2677 3387 2810 3461 μετὰ
2896 3369 2992 3442 τοῦ
3034 3369 3414 3462 ’πνεύματος
3461 3369 3611 3461 ὑμῶν,
3681 3369 3842 3448 ἀδελξθί·

2315 3476 2380 3529 Ἀ
2393 3477 2520 3547 μὴν.

2384 3579 2471 3640 Ὠς
2526 3579 2772 3656 χαλεπόν
2821 3602 2875 3637 τι
2933 3582 3233 3653 ἀπηύξατο.
3299 3584 3392 3647 Τίς
3445 3582 3500 3637 δὲ
3549 3584 3578 3648 ἡ
3627 3575 3843 3647 καύχησιςὶ

2311 3669 2428 3723 ’Ότι
2462 3667 2531 3723 δι’
2562 3672 2712 3744 ἡμᾶς
2750 3670 2875 3735 τοὺς
2913 3671 3159 3742 ἀναξίους
3205 3670 3512 3743 κατεδέξατο
3558 3663 3845 3741 σταυρωθῆναι·

2309 3759 2487 3814 Τοῦτο
2531 3760 2630 3834 γάρ
2685 3761 2820 3834 ἡμῖν
2853 3764 3178 3837 καυχήσεως
3234 3763 3478 3840 ἀφορμή.
3511 3759 3589 3820 Εἰς
3636 3756 3708 3810 τὸν

2310 3847 2402 3922 ρὸν
2443 3852 2540 3902 οῦν
2593 3853 2689 3904 τοῦ
2746 3850 2980 3924 Χριστοῦ
3032 3848 3116 3921 εἷή
3172 3839 3292 3924 μοιί
3323 3850 3623 3929 καυχᾶσθαι,
3665 3843 3733 3898 τὸν
3772 3839 3842 3891 τοῖς

2310 3941 2556 4004 ἀπίστοις
2619 3942 2707 3998 καὶ
2754 3941 3134 3999 ’ἐπονείδοστον
3203 3945 3341 4000 εἶναι
3401 3942 3649 4000 δοκοῦντα.
3696 3925 3845 3988 «Δι’οδ

2309 4031 2434 4105 ἐμοὶ
2464 4033 2669 4107 κόσμος
2699 4032 3051 4108 ἐσταύρωται.
3097 4059 3120 4090 ι
3156 4037 3379 4110 Κόσμον
3411 4036 3552 4114 φησὶ,
3591 4032 3646 4085 τὰ
3695 4016 3844 4114 βι-ωτεκί

2305 4121 2620 4196 πράγματα,
2653 4123 2744 4178 τὸν
2778 4126 2922 4199 παρᾶ
2975 4124 3276 4200 ἀνθρώπων
3333 4111 3557 4189 ἔπαινον,
3601 4121 3683 4187 τὴν
3729 4111 3842 4178 δόξη-

2303 4211 2468 4267 υυσον
2503 4209 2594 4265 οὖν
2623 4213 2750 4287 παρ’
2781 4212 2927 4283 ἒμοὶ,
2981 4218 3147 4269 ταῦτα
3203 4236 3378 4272 παντα
3429 4211 3576 4286 νεκρά
3616 4199 3841 4262 ἐστινἙῖτί

2304 4298 2545 4355 ἐπίτασιν
2572 4301 2708 4357 εἶπε·
2746 4303 2848 4359 Καὶ
2879 4301 3005 4379 ἐγὼ,
3049 4303 3205 4380 φησὶ,
3251 4305 3463 4365 τούτοις
3489 4300 3646 4374 νεκρός
3683 4285 3840 4364 εἶμίιτῇ

2303 4385 2475 4455 διπλῆ
2506 4391 2792 4465 νεκρότητι
2825 4391 2886 4448 τὸ
2927 4393 3152 4469 φευκτὸν
3196 4392 3370 4448 αὐτῶν
3403 4389 3572 4461 δηλῶν
3598 4385 3672 4442 καὶ
3712 4393 3832 4469 παγτε·

2307 4477 2419 4542 λῶς
2449 4478 2823 4555 ἀνενέργητον.
2849 4505 2877 4533 ‹‹
2910 4479 3086 4539 Ἀλλὰ
3114 4484 3270 4553 καινή
3293 4482 3477 4542 κτίσις.
3508 4505 3526 4531 ι
3553 4473 3696 4538 Καινὴ
3715 4466 3838 4555 κτίσιςξ

545 4586 572 4613 ‹‹
604 4563 716 4619 Sed
737 4580 886 4620 n0va
917 4568 1205 4620 creatura.
1246 4584 1273 4613 »
1308 4565 1484 4625 Nova,
1513 4563 1725 4632 inquit.
1761 4568 2031 4617 creatura
2061 4566 2200 4616 sunt

2307 4568 2462 4641 φησὶ,
2495 4570 2562 4624 τα
2591 4569 2782 4624 πάντα·
2843 4570 3036 4633 πάντες
3092 4572 3194 4648 γὰρ
3247 4571 3298 4626 οἳ
3353 4592 3408 4626 τε
3463 4548 3838 4648 ἐριτιερίτομοειιιίἶ

545 4654 764 4710 omnia.
790 4656 934 4710 Nam
958 4670 1163 4709 omnes
1186 4654 1306 4709 sive
1331 4651 1664 4707 circumcisi
1690 4651 1807 4706 sive
1838 4653 2193 4723 praeputium

542 4742 831 4798 habentes
861 4743 960 4814 qui
1015 4741 1396 4803 credidimus.
1431 4759 1580 4797 nova
1611 4749 1879 4798 creatura
1923 4741 2059 4796 facti
2091 4758 2191 4797 su-

542 4847 698 4901 mus,
721 4832 901 4887 veteri
933 4833 1172 4887 homine
1204 4831 1455 4903 sepulto,
1489 4832 1781 4903 nobisque
1801 4831 2078 4902 baptismi
2113 4830 2192 4886 la-

542 4936 713 4975 vacro
744 4922 1126 4992 regeneratis.
1162 4944 1189 4971 ‹‹
1223 4923 1292 4976 Et
1320 4922 1659 4992 quicunque
1689 4924 1854 4988 juxta
1891 4921 2043 4975 hanc
2097 4937 2194 4975 re-

542 5009 741 5084 gulam
772 5009 1073 5065 incedunt.
1111 5034 1138 5060 ››
1172 5011 1488 5081 Quotquot,
1522 5009 1735 5080 inquit,
1770 5010 1880 5065 hac
1914 5009 2113 5082 regula
2135 5014 2192 5064 et

541 5099 814 5155 doctrina
844 5101 1102 5155 contenti
1136 5100 1377 5166 fuerint,
1412 5117 1625 5171 nempe
1657 5100 1812 5169 quod
1845 5117 1994 5154 nova
2025 5117 2192 5156 crea-

543 5195 674 5246 tura
704 5191 822 5246 sint
855 5191 1074 5254 omnia,
1110 5207 1184 5244 ne
1216 5206 1275 5244 se
1309 5189 1421 5261 legi
1455 5188 1849 5244 subdiderint.
1876 5213 1903 5239 ‹‹
1928 5191 1997 5243 Et
2013 5205 2192 5260 super

537 5281 720 5337 Israel
755 5281 874 5337 Dei.
911 5303 939 5330 ››
973 5279 1152 5336 Israel
1189 5277 1380 5334 ﬁdelis
1412 5285 1501 5334 est
1518 5279 1790 5350 populus,
1818 5280 1984 5350 quasi
2006 5280 2190 5335 videns

536 5370 732 5425 Deum.
767 5371 969 5442 Itaque
1002 5369 1103 5442 qui
1148 5367 1490 5424 incredulus
1541 5367 1741 5435 fuerit,
1791 5370 1966 5424 etiam
2025 5369 2073 5424 si
2119 5385 2190 5424 ex

533 5457 710 5513 Iacob
744 5458 1085 5523 descendat,
1121 5459 1471 5526 cognatione
1496 5474 1626 5528 quas
1661 5457 1733 5513 ad
1757 5457 1946 5528 ipsum
1972 5463 2060 5512 est
2081 5457 2188 5529 eji-

536 5545 706 5600 citur.
745 5571 770 5598 ‹‹
805 5549 884 5603 De
918 5553 1132 5604 cmtero
1162 5564 1231 5602 no
1286 5551 1419 5620 quis
1464 5547 1610 5602 mihi
1669 5547 1970 5603 molestias
2027 5546 2189 5602 exhi-

535 5631 693 5691 beat.
729 5656 757 5684 »
787 5635 906 5692 Hoc
936 5642 1134 5694 autem
1175 5652 1296 5694 non
1326 5636 1409 5693 ait
1438 5635 1774 5694 detrectans
1807 5653 1820 5694 :
1854 5634 2008 5694 absit
2036 5651 2048 5691 :
2083 5634 2186 5694 sed

2305 4656 2354 4709 oi
2421 4653 2746 4732 ἀκρόϐυστοι
2800 4658 3206 4730 πιστεύσαντας,
3283 4661 3436 4728 καινὴ
3488 4657 3640 4714 κτίσις
3694 4641 3836 4721 ’τετῶν

2305 4765 2421 4818 μεν,
2479 4752 2576 4801 τοῦ
2628 4749 2866 4803 παλαιοῦ
2917 4749 3205 4824 ἀνθρώπου
3275 4749 3520 4828 ταφέντος
3551 4791 3565 4813 ,
3619 4738 3691 4796 καὶ
3740 4732 3835 4828 illi?

2301 4834 2760 4908 ἆναγεννηθέντων
2842 4836 2895 4894 ἐν
2980 4826 3365 4916 κολυμϐήθρᾳ.
3449 4861 3474 4890 tt
3530 4833 3620 4892 Καὶ
3664 4826 3751 4918 ὅσοι
3785 4826 3831 4918 τῆς

2299 4923 2479 4978 κανόνι
2528 4923 2706 4997 τούτῳ
2764 4929 3178 5001 στοιχήσουσιν.
3212 4951 3236 4980 »ι
3297 4929 3472 4994 "Osci,
3529 4919 3660 4998 φησὶ,
3704 4914 3830 5001 τῷκξι

2299 5011 2409 5066 νόνι
2443 5013 2532 5068 καὶ
2563 5016 2633 5082 τῆ
2663 5011 2866 5091 διδαχῇ
2917 5016 3085 5092 ταύτῃ
3145 5017 3460 5093 ἀρνεσθῶσι,
3491 5015 3561 5084 τῷ
3585 5004 3735 5071 καινήν
3770 4988 3836 5086 κτί-

2303 5121 2385 5154 σιν
2417 5103 2554 5156 εἶναι
2615 5103 2680 5158 τὰ
2719 5103 2913 5173 πάντα,
2971 5107 3061 5160 καὶ
3122 5108 3197 5178 μὴ
3261 5107 3520 5168 ὑποθῶσεν
3574 5091 3830 5178 hmo“?

2299 5189 2475 5264 νόμῳ.
2508 5213 2532 5245 σ
2567 5192 2668 5248 Καὶ
2711 5192 2799 5247 ἐπὶ
2844 5170 2936 5249 τόν
2969 5170 3197 5270 Ἰσραῆὶί
3249 5199 3342 5250 τοῦ
3389 5195 3531 5249 Θεοῦ.
3568 5213 3591 5239 n
3636 5170 3827 5270 ’Ῑσραήλδ

2297 5280 2488 5341 πιστός
2548 5279 2659 5334 ἐστι
2714 5279 2872 5349 λαὸς,
2924 5285 2998 5346 ὼς
3032 5285 3174 5360 ὁρῶν
3203 5284 3294 5340 τὸν
3336 5283 3476 5339 Θεόν.
3529 5280 3606 5336 Ὠς
3653 5269 3722 5326 ὅδε
3759 5261 3825 5359 ἃῆν

2299 5389 2441 5438 στος,
2469 5368 2564 5424 κᾶν
2586 5367 2645 5424 ἐκ
2671 5371 2766 5426 τοῦ
2799 5367 2994 5427 Ἰακὼϐ
3045 5371 3208 5441 ἐστιν,
3269 5367 3576 5438 ἔκλέὅληται
3625 5368 3703 5428 τῆς
3746 5362 3819 5452 “ff;

2297 5455 2454 5511 αὐτὸν
2490 5461 2823 5536 συγγενείάς.
2877 5485 2903 5513 ‹‹
2937 5463 3046 5518 Τοῦ
3109 5460 3308 5517 λοιποῦ
3362 5460 3550 5518 κόπους
3582 5472 3658 5527 μοι
3704 5448 3819 5516 μηδεῖί

2297 5533 2669 5623 παρεχέτώ.»
2732 5551 2906 5607 Τοῦτο
2965 5551 3066 5607 οὐκ
3113 5551 3314 5606 ὀκνῶνν
3375 5547 3532 5624 λέγει.
3587 5541 3650 5615 μὴ
3675 5533 3823 5624 γέγοιτθι

2295 5620 2833 5714 ἆλλὰννβουλὸμενος
2859 5639 3006 5715 ζτοὺς
3066 5641 3193 5719 παρ’
3232 5641 3393 5698 αὐτοῦ
3443 5620 3653 5694 τεθέντας
3696 5620 3823 5695 νόμοκ
