4072 6266
227 381 383 441 1165

1263 385 1675 446 COMMENT.
1727 384 1813 445 IN
1866 382 2100 443 EPlST.
2149 384 2250 442 AD
2310 384 2585 444 EPHES.

3472 384 3629 443 1166

225 512 520 586 ἀκινήτους
549 516 808 585 ιῖναι,ὠς
881 520 1075 591 μηκέτι
1135 516 1438 593 μέλλοντος
1497 514 1660 575 αὐτοῦ
1716 537 1880 594 προσο

2001 516 2189 575 volens
2221 524 2468 576 statutas
2505 536 2539 576 a
2564 536 2627 575 se
2659 519 2816 593 leges
2848 520 3047 576 firmas
3091 536 3243 578 esse.
3275 516 3453 593 quasi
3500 520 3628 591 ipse

228 606 432 668 τιθέναι
473 602 508 673 ἦ
545 605 806 685 ὑφαιρεῖν.
832 639 905 649 -—
933 608 1149 682 [ΦΩΤ.]
1194 633 1221 660 ιι
1254 606 1458 678 Μηδείς
1516 630 1610 681 μοι
1674 607 1877 671 κόπους

231 690 543 771 παρεχέτω,
578 715 607 747 ιι
657 692 861 765 Μηδεὶς
896 716 988 768 μοι
1018 696 1153 770 πρὸς
1186 693 1491 773 ἀπολογίαν
1525 698 1597 750 ὧν
1658 699 1877 771 πράττω

234 779 552 855 ὶγκαλείτω.
597 787 757 858 ’Έχω
815 784 916 858 γὰρ
971 785 1062 839 καὶ
1113 790 1298 860 σιγῶν,
1359 786 1580 859 μείζονα
1632 787 1731 854 τήν
1792 784 1881 841 διὰ

237 874 346 925 τῶν
380 867 549 945 ἔργων
603 870 927 948 ἀπολογίαν.
985 874 1058 927 Τὰ
1118 874 1222 949 γὰρ
1284 874 1548 949 στίγματα
1602 879 1699 930 τοῦ
1756 876 1882 948 Χρι-

241 964 390 1029 στοῦ,
421 962 715 1033 τουτέστιν,
747 962 803 1016 αἱ
857 962 988 1037 ὑπὲρ
1016 965 1249 1039 Χριστοῦ
1278 963 1491 1039 πληγαὶ
1550 965 1637 1019 καὶ
1698 963 1880 1034 οὐλαὶ,

242 1048 376 1105 αὐτὰ
405 1051 576 1125 βοῶσι
630 1052 839 1106 καὶτὸν
868 1052 999 1127 ὑπὲρ
1063 1053 1229 1108 αὐτοῦ
1287 1051 1492 1129 δρόμον
1547 1054 1637 1108 καὶ
1692 1052 1880 1124 ζῆλον,

238 1140 328 1195 καὶ
374 1140 437 1195 τὸ
493 1138 852 1215 ἀνυπόκριτον
904 1140 993 1196 καὶ
1050 1143 1282 1218 καθαρὸν
1343 1144 1432 1198 καὶ
1509 1141 1881 1199 ἀνυπόστολον

238 1232 337 1284 τοῦ
366 1230 744 1303 κηρύγματος.
771 1255 798 1282 ‹‹
826 1230 901 1287 "Il
936 1228 1128 1303 μηδεὶς
1155 1253 1249 1303 μοι
1280 1231 1485 1294 κόπους
1517 1233 1826 1312 παρεχέτω.
1860 1257 1883 1284 ο

242 1316 428 1397 Μὲχοι
457 1316 604 1380 τίνος
634 1316 849 1392 θλίψεις
886 1341 977 1393 μοι
1034 1322 1124 1375 καὶ
1166 1317 1370 1383 κόπους
1425 1343 1541 1394 μοι,
1601 1323 1755 1392 φησὶ,
1790 1342 1883 1375 σα-

241 1405 527 1481 λευόμενοι
561 1409 830 1482 παρέχετε
864 1429 877 1479 ;
912 1412 1283 1480 Δυσωπήθητε
1314 1411 1359 1465 εἰ
1388 1412 1478 1465 καὶ
1515 1412 1589 1479 μὴ
1622 1432 1673 1465 τι
1720 1409 1883 1480 ἄλλο,

240 1493 368 1551 ἀλλ’
396 1496 484 1551 οὖν
514 1498 582 1552 τὰ
612 1497 879 1571 στίγματα
901 1504 997 1553 τοῦ
1048 1503 1311 1573 Χριστοῦ,
1378 1502 1410 1554 ἃ
1467 1498 1537 1554 δι’
1600 1501 1738 1573 ὑμᾶς
1796 1500 1886 1555 καὶ

244 1581 334 1639 δια
363 1585 426 1639 τὸ
456 1583 530 1647 είς
566 1586 707 1657 ὑμᾶς
738 1589 1019 1661 κήρυγμα,
1074 1586 1126 1643 ἐν
1183 1592 1260 1659 τῷ
1317 1589 1532 1661 σώματι
1586 1589 1885 1665 περιφέρω.

244 1672 428 1729 Εῗπὼν
454 1672 511 1729 δὲ
542 1674 813 1751 στίγματα
853 1681 1118 1752 Χριστοῦ,
1178 1678 1291 1749 ἅμα
1346 1678 1744 1752 ἀναμιμνήσκει
1805 1677 1887 1733 ὅτι

244 1762 494 1827 κάκεῖνος
524 1763 657 1838 ὑπὲρ
706 1767 866 1837 ἡμῶν
936 1762 1117 1828 ἔπαθε.
1179 1766 1280 1822 Καὶ
1334 1767 1495 1821 παντὶ
1554 1766 1643 1821 οὗν
1700 1768 1889 1841 τρόπῳ

1980 609 2257 682 deinceps
2302 611 2452 664 nihil
2511 610 2818 665 additurus
2878 611 2954 664 sit
3007 616 3104 665 aut
3159 608 3517 665 sublaturus.
3549 640 3620 655 -

1984 723 2009 749 α
2041 701 2122 756 Ne
2155 701 2286 771 quis
2320 700 2461 754 mihi
2498 700 2798 755 molestias
2849 698 3140 754 exhibeat.
3179 720 3202 748 ν
3259 700 3338 753 Ne
3370 699 3504 769 quis
3536 714 3632 754 me

1982 790 2055 845 ad
2086 789 2497 845 delensionem
2526 806 2730 844 eorum
2764 806 2893 860 quae
2925 804 3030 860 ago
3089 785 3375 858 impellat,
3436 788 3627 842 habeo

1987 880 2143 934 enim
2178 880 2354 934 etiam
2415 885 2613 934 tacens
2670 878 3073 933 defensionem
3138 878 3287 931 769
3322 877 3632 947 majorem,

1988 985 2119 1039 quae
2153 968 2263 1022 sita
2285 973 2376 1022 est
2429 968 2491 1021 in
2545 966 2842 1038 operibus.
2877 968 3015 1021 Nam
3070 966 3345 1038 stigmata
3391 966 3631 1032 Christi,

1986 1054 2097 1111 hoc
2128 1063 2235 1117 est,
2259 1056 2441 1129 plagas
2460 1072 2528 1111 ac
2549 1057 2852 1111 cicatrices
2874 1072 3021 1127 quas
3038 1073 3143 1127 pro
3166 1054 3395 1109 Christo
3422 1055 3633 1122 tolero,

1986 1146 2112 1201 haec
2134 1146 2413 1209 clamant,
2450 1152 2507 1200 et
2533 1162 2662 1216 quae
2696 1162 2799 1217 pro
2830 1146 2957 1216 ipso
2989 1143 3351 1216 susceperim
3384 1159 3625 1199 cursum

1989 1249 2057 1291 ac
2085 1236 2295 1304 zelum,
2330 1242 2383 1290 et
2417 1235 2715 1306 quomodo
2747 1234 2969 1305 absque
3016 1234 3179 1289 omni
3229 1234 3633 1300 simulatione,

1988 1342 2123 1381 cum
2139 1326 2301 1381 omni
2321 1326 2575 1397 puritate
2605 1325 2770 1380 nullo
2790 1340 3095 1396 repressus
3117 1324 3326 1378 timore
3345 1322 3634 1394 praedica-

1989 1420 2194 1474 verim.
2248 1424 2377 1483 Aut,
2429 1440 2455 1467 ‹‹
2491 1418 2569 1471 Ne
2601 1417 2734 1488 quis
2766 1416 2911 1469 mihi
2942 1415 3246 1470 molestias
3276 1414 3570 1469 exhibeat.
3604 1436 3633 1463 ››

1992 1509 2334 1579 Quousque,
2382 1507 2597 1577 inquit,
2641 1506 2783 1561 dum
2834 1504 3152 1566 lluctuatis,
3186 1503 3538 1558 afflictiones
3569 1518 3636 1558 ac

1993 1597 2293 1653 molestias
2323 1597 2465 1652 mihi
2486 1595 2776 1652 exhibetis
2795 1594 2822 1648 ‘2
2844 1593 3187 1650 Flectamini
3216 1609 3283 1648 ac
3314 1590 3635 1665 persuade-

1994 1687 2200 1754 amini,
2234 1687 2280 1741 si
2329 1703 2448 1741 non
2500 1685 2573 1740 ob
2605 1685 2787 1750 aliud,
2846 1683 3055 1739 saltem
3088 1684 3178 1737 vel
3235 1682 3306 1737 ob
3367 1683 3639 1754 stigmata

1995 1776 2233 1841 Christi,
2269 1792 2398 1846 quae
2423 1780 2662 1845 propter
2690 1790 2789 1828 vos
2856 1788 2922 1829 ac
2970 1772 3450 1844 praedicationem
3505 1786 3640 1843 erga

246 1856 541 1926 ἀποστῆναι
578 1861 667 1913 τοῦ
706 1857 879 1930 νόμου
909 1858 999 1913 καὶ
1059 1857 1380 1939 ὲστηρῖχθαι
1411 1864 1477 1935 τῇ
1508 1861 1684 1917 πίστει
1718 1882 1885 1935 προσ-

2001 1881 2134 1936 erga
2155 1881 2254 1920 vos
2278 1864 2338 1918 in
2362 1880 2605 1934 corpore
2639 1862 3009 1917 circumfero.
3033 1861 3245 1916 Dicens
3274 1860 3645 1915 autemChri-

246 1951 395 2014 ἧκεν.
430 1970 458 1998 ‹‹
500 1947 579 2004 Τὰ
637 1946 903 2023 στίγματα
952 1951 1047 2003 τοῦ
1106 1953 1357 2023 Χριστοῦ.
1392 1974 1419 2001 ››
1482 1949 1766 2028 Στίγματα
1796 1950 1887 2006 λέ-

247 2056 332 2110 γει
379 2037 476 2097 τὰς
523 2033 762 2113 πληγὰς,
797 2037 862 2092 τὰ
915 2037 1219 2112 τραύματα,
1275 2039 1341 2093 τὰ
1400 2040 1487 2095 διὰ
1535 2041 1626 2095 τὸν
1687 2041 1886 2116 Κύριον

247 2125 335 2179 καὶ
381 2124 443 2180 τὸ
498 2126 777 2202 κηρυγμα·
840 2152 866 2179 ‹‹
902 2129 987 2182 Ἐν
1040 2132 1119 2198 τῷ
1162 2129 1377 2200 σώματί
1413 2151 1520 2201 μου
1553 2130 1821 2204 βαστάζω.
1859 2155 1886 2183 ››

247 2214 388 2268 Ὠσεὶ
431 2209 611 2290 ἔλεγε.
661 2211 866 2283 Μηδείς
928 2236 993 2287 με
1050 2216 1124 2277 ὡς
1184 2216 1482 2291 ὑποκριτῇν
1542 2213 1889 2275 διαϐαλλέτω

246 2309 371 2377 παρ’
404 2302 551 2375 ὑμῖν.
585 2303 735 2361 Δύτὰ
784 2305 885 2378 γὰρ
932 2306 1000 2359 τὰ
1055 2305 1338 2379 τραύματα
1391 2307 1480 2361 καὶ
1536 2308 1592 2361 αἱ
1652 2305 1739 2362 διὰ
1795 2310 1887 2364 τὸν

246 2391 446 2465 Κύριον
486 2391 695 2466 πληγαὶ
754 2393 1085 2469 μαρτυροῦσί
1143 2415 1235 2467 μοι
1294 2394 1673 2469 ἀνυποκρίτως
1730 2396 1892 2452 πολι-

243 2482 508 2539 τεύεσθαι.
569 2477 900 2539 Διεϐάλλετο
972 2485 1096 2559 γὰρ,
1165 2484 1337 2539 πάντα
1394 2490 1568 2540 ποιῶν
1624 2487 1700 2548 ὡς
1757 2488 1893 2543 γατᾶ

246 2572 528 2647 ὑπόκρισιν
561 2616 575 2639 ,
633 2572 722 2627 καὶ
778 2570 1034 2648 ἆλῖαχοῦ
1079 2572 1174 2645 μὲν
1232 2576 1537 2649 περιτομήν
1584 2576 1891 2650 κηρύσσων,

246 2658 503 2735 ἀλλαχοῦ
535 2657 592 2715 δὲ
622 2658 704 2715 οὕ.
760 2686 786 2713 ‹‹
820 2662 967 2717 Μετὰ
993 2665 1095 2716 τοῦ
1126 2662 1428 2734 πνεύματος
1492 2664 1659 2736 ὑμῶν.
1701 2689 1728 2716 ››
1786 2664 1892 2720 Σὺν

247 2757 329 2825 τῷ
370 2756 707 2829 ἡγεμονικῷ.
765 2756 849 2827 Τῇ
898 2757 1052 2829 ψυχῇ
1093 2756 1191 2823 τὴν
1226 2755 1385 2831 χάριν
1439 2754 1727 2831 ’ἐπεύχεται
1761 2753 1895 2832 γενέ·

256 2852 399 2905 σθαι.

395 3126 572 3191 Τὲλος
614 3127 706 3184 σὺν
764 3132 881 3201 Θιῷ
943 3134 1042 3197 τῆς
1062 3129 1234 3254 λπρὸς
1292 3126 1535 3189 Γαλάτος
1598 3129 1756 3187 Ἐπι-

964 3221 1056 3254 στο
1101 3221 1199 3254 κς.

964 3221 1169 3269 στοΛης
1184 3243 1199 3257 .

748 3287 994 3366 Ἐγρέφη
1029 3288 1133 3344 ἀπὸ
1163 3288 1407 3363 Ῥώμης.

255 3444 2913 3478 m

2000 1956 2072 2009 sti
2109 1952 2586 2025 stigmata,etiam
2621 1967 2687 2007 ac
2718 1951 3067 2007 memoriam
3099 1950 3331 2005 reducit
3352 1949 3509 2021 quod
3541 1949 3643 2003 ille

1999 2060 2103 2116 pro
2135 2043 2305 2099 nobis
2328 2058 2536 2114 passus
2569 2042 2661 2095 sit.
2688 2040 2859 2095 Omni
2884 2040 3080 2109 itaque
3114 2038 3286 2093 modo
3319 2039 3642 2094 convenite

1998 2133 2126 2206 lege
2160 2132 2442 2203 separari,
2476 2136 2535 2186 et
2566 2130 2624 2185 in
2662 2129 2776 2184 ﬁde
2810 2129 3051 2184 firmari.
3087 2151 3115 2178 ‹‹
3149 2128 3432 2199 Stigmata
3479 2126 3642 2181 (Lhri-

1999 2228 2095 2277 stt.
2130 2245 2155 2269 ››
2182 2222 2464 2293 Stigmata
2493 2220 2637 2274 dicit
2668 2219 2866 2290 plagas
2907 2224 2965 2273 et
3002 2217 3244 2272 vulnera
3275 2222 3516 2288 propter
3536 2217 3650 2270 Do-

2002 2314 2229 2367 minum
2257 2318 2314 2367 et
2336 2316 2577 2382 propter
2598 2308 3079 2379 praedicationem
3104 2307 3349 2362 inflicta.
3385 2332 3403 2352 ι
3440 2308 3506 2360 In
3528 2322 3653 2360 cor-

2000 2417 2141 2472 pore
2176 2417 2304 2455 meo
2352 2406 2537 2470 porto.
2583 2420 2608 2445 n
2659 2399 2959 2468 Tanquam
2988 2396 3245 2450 diceret:
3311 2396 3489 2449 Nemo
3558 2410 3651 2449 me

2000 2492 2161 2546 velut
2191 2490 2554 2562 hypocritam
2584 2486 2740 2558 apud
2771 2503 2869 2541 vos
2892 2485 3304 2541 calumnietur.
3336 2484 3467 2538 Haec
3491 2481 3652 2537 enim

2002 2581 2250 2635 vulnera
2281 2585 2339 2632 et
2371 2576 2551 2649 plagae
2586 2575 2817 2631 Domini
2863 2590 3039 2629 causa
3069 2572 3335 2634 inﬂictas,
3367 2578 3651 2626 attestan-

2003 2678 2102 2725 tur
2133 2669 2291 2741 quod
2338 2669 2465 2723 sine
2498 2666 2621 2721 ulla
2647 2665 2910 2721 flictione
2942 2678 3273 2718 converser.
3306 2660 3645 2717 Patiebatur

2009 2761 2168 2816 enim
2222 2757 2583 2814 calumniam
2616 2755 2785 2826 quasi
2818 2753 3021 2809 omnia
3070 2752 3201 2807 ficte
3254 2768 3321 2806 ac
3371 2750 3649 2805 simulate

2008 2853 2247 2921 ageret:
2310 2844 2448 2901 alibi
2500 2843 2741 2915 quidem
2793 2840 3252 2897 circumsiouem
3298 2838 3653 2911 praedicans,

2007 2937 2144 2995 alibi
2177 2952 2313 2991 vero
2341 2951 2480 2989 non.
2507 2934 2698 2987 «Cum
2732 2931 2942 3002 spiritu
2965 2936 3178 2985 vestro.
3208 2950 3235 2977 »
3268 2929 3411 2984 Cum
3433 2932 3652 2983 mente.

1936 3034 1987 3101 ο
2017 3029 2191 3100 Optat
2217 3026 2429 3082 animae
2447 3024 2693 3096 gratiam
2723 3022 3087 3092 contingere.

2081 3136 2254 3202 Finis,
2304 3130 2493 3188 divino
2540 3134 2768 3256 faventel
2802 3128 3042 3256 (tzuan'lio,
3082 3125 3344 3199 Epistolz
3375 3126 3448 3181 ad
3485 3126 3587 3181 Ga-

2771 3218 2804 3256 a
2833 3217 2912 3256 as.

2771 3217 2912 3257 atas.

2402 3292 2578 3348 Missa
2604 3291 2719 3348 fuit
2763 3289 2837 3345 ab
2886 3287 3031 3345 urbe
3063 3289 3266 3345 Roma.

2915 3438 3660 3470 mm

1509 3577 2393 3709 ΥΠΟΘΕΣΙΣ

916 3845 1156 3939 ΤΗΣ
1217 3841 1541 3939 ΠΡΟΣ
1607 3841 2225 3937 ΕΦΕΣΙΟΥΣ
2296 3836 3009 3934 ΕΠΙΣΤΟΛΗΣ

1284 4034 2636 4308 ARGUDlENTUtlI

932 4406 1756 4504 EPISTOLIE
1866 4405 2057 4500 AD
2152 4396 3000 4498 EPHESIOS.

326 4791 539 4859 Ταύτην
583 4784 895 4844 ἐπιστέλλει
927 4787 1031 4843 ἀπὸ
1089 4787 1331 4859 Ῥώμης,
1382 4781 1535 4841 οὔπω
1571 4787 1664 4860 μὲν
1721 4786 1892 4855 ἑωρα-

2077 4787 2114 4839 1
2155 4785 2315 4840 Hanc
2330 4782 2401 4837 ab
2416 4780 2557 4835 urbe
2573 4780 2756 4835 Roma
2778 4776 2976 4843 mittit,
2996 4792 3129 4831 cum
3158 4775 3400 4832 modum
3422 4773 3664 4844 quidem

251 4879 373 4939 κὼς
414 4878 630 4947 αὐτοὺς,
690 4876 920 4939 ἀκούσας
981 4874 1037 4930 δὲ
1085 4875 1207 4950 περὶ
1240 4873 1438 4934 αὒτῶν.
1473 4876 1530 4931 ἸΙ
1587 4872 1643 4929 δὲ
1693 4874 1907 4953 πρόφα-

253 4967 342 5030 σίς
374 4975 475 5037 τῆς
520 4964 851 5036 Ἐπιστολῆς
908 4963 1064 5035 αὕτη*
1129 4966 1369 5042 Ἐφέσιοι
1423 4964 1797 5025 πιστεύσαντες
1830 4963 1907 5026 εἷς

248 5064 348 5115 τὸν
372 5060 569 5134 Κύριον
602 5062 765 5131 ἡμῶν
807 5060 1013 5129 Ἰησοῦν
1043 5058 1301 5131 Χριστὸν,
1344 5054 1568 5134 γνησίαν
1616 5048 1777 5129 ἔσχον
1830 5052 1905 5117 si;

250 5149 421 5205 αὐτὸν
454 5150 552 5219 τήν
580 5148 892 5217 πίστιν,καῖ
926 5148 1001 5208 εἷς
1033 5148 1230 5207 πάντας
1260 5146 1388 5207 τοὺς
1434 5146 1621 5219 ἁγίους
1674 5146 1905 5221 ἀγάπην,

246 5238 349 5294 καὶ
378 5233 689 5307 ἡϐούλοντο
715 5239 861 5312 παρᾶ
904 5241 1000 5293 τοῦ
1057 5237 1276 5292 Παύλου
1339 5230 1727 5311 βεϐαιωθῆναι.
1791 5237 1907 5290 Μα-

248 5330 363 5384 Θὼν
390 5327 568 5383 τοίνυν
602 5329 629 5382 ὁ
677 5326 1035 5388 Ἀποστολος.
1074 5327 1271 5401 γράφει
1330 5325 1464 5397 πρὸς
1530 5324 1724 5385 αὐτοὺς
1780 5323 1911 5378 ταύ-

240 5439 318 5487 τη
352 5418 449 5485 τήν
486 5415 842 5487 Ἐπιστολὴν,
901 5416 1083 5489 ὥσπερ
1139 5416 1544 5492 κατηχητικτςν.
1609 5413 1705 5467 Καὶ
1765 5416 1913 5487 πρῶ-

245 5527 347 5563 τον
386 5507 480 5578 μὲν
515 5502 774 5575 δείκνυσι,
840 5505 915 5578 μὴ
972 5507 1233 5577 νεώτερον
1290 5502 1426 5557 εἶναι
1483 5502 1547 5556 τὸ
1606 5502 1722 5556 καθ’
1762 5503 1908 5573 ἡμᾶς

258 5597 587 5670 μυστήριον,
623 5592 748 5650 ἀλλ’
780 5593 830 5666 ἐξ
864 5594 1042 5671 ἀρχῆς
1076 5590 1163 5646 καὶ
1196 5591 1299 5666 πρὸ
1332 5585 1646 5659 καταϐολῆς
1701 5589 1908 5661 κόσμου

250 5685 391 5742 εἶναι
420 5682 619 5755 ταύτην
654 5680 896 5739 εὐδοκίαν
952 5686 1109 5753 Θεοῦ,
1168 5677 1309 5737 ὥστε
1364 5682 1454 5735 τὸν
1503 5679 1741 5757 Χριστὸν
1777 5678 1908 5752 ὑπὲρ

2015 4890 2115 4929 eos
2148 4873 2381 4935 vidiset,
2412 4870 2541 4941 jam
2592 4875 2793 4923 tamen
2816 4866 2887 4922 de
2921 4866 3063 4938 ipsis
3095 4866 3373 4921 audisset.
3414 4864 3664 4920 Occasio

2016 4981 2149 5019 vero
2177 4961 2451 5033 Epistolas
2485 4959 2609 5013 huic
2632 4958 2742 5011 fuit
2772 4974 2783 5011 :
2814 4958 2956 5011 Cum
2991 4955 3386 5011 credidissent
3422 4953 3661 5025 Ephesii

2018 5054 2078 5108 in
2105 5053 2416 5108 Dominum
2451 5056 2719 5103 nostrum
2762 5048 2961 5102 Jesum
2992 5045 3309 5107 Chiistum,
3346 5046 3663 5117 ingenuam

2019 5158 2155 5213 erga
2185 5142 2379 5212 ipsum
2403 5137 2700 5194 habebant
2730 5136 2927 5199 fldem,
2963 5143 3021 5189 et
3043 5152 3179 5201 erga
3200 5150 3407 5189 omnes
3430 5137 3665 5187 sanctos

2018 5230 2396 5287 dilectionem
2423 5246 2433 5283 :
2470 5227 2907 5297 volebantquea
2929 5225 3109 5281 Paulo
3142 5223 3505 5279 confirmari.
3525 5226 3667 5276 Cum

2018 5338 2153 5393 ergo
2187 5320 2245 5375 id
2295 5317 2663 5391 cognovisset
2714 5315 2925 5370 Paulus
2984 5315 3189 5369 scribit
3237 5313 3311 5368 ad
3360 5329 3459 5366 eos
3517 5312 3669 5365 hanc

2016 5409 2334 5482 Epistolam
2366 5416 2644 5477 tanquam
2680 5404 3133 5459 informativam.
3160 5405 3228 5456 Et
3251 5402 3507 5473 primum
3537 5400 3666 5470 qui-

2020 5502 2154 5556 dem
2188 5498 2447 5555 ostendit
2496 5514 2615 5551 non
2670 5512 2882 5550 novum
2938 5510 3066 5548 esse
3128 5492 3471 5564 mysterium
3506 5488 3663 5561 quod

2020 5606 2157 5663 erga
2190 5606 2298 5643 nos
2327 5594 2523 5643 actum
2556 5592 2662 5648 est,
2698 5584 2799 5639 sed
2829 5584 2901 5639 ab
2936 5584 3103 5638 initio
3137 5589 3195 5635 et
3232 5580 3658 5637 constitutione

2019 5678 2219 5736 saeculi
2252 5678 2362 5734 hoc
2392 5676 2574 5734 fuisse
2613 5672 2710 5730 Dei
2769 5672 3230 5747 beneplacitum,
3282 5676 3347 5727 ut
3401 5670 3667 5731 Christus
