  <div class='ocr_page' id='page_1' title='image "/cluster/home/n/w/nwhite01/storage/ocr_20150623/118/mdp.39015078384297/591.png"; bbox 0 0 4072 6266; ppageno 0'>
   <div class='ocr_carea' id='block_1_1' title="bbox 538 317 3802 400">
    <p class='ocr_par' dir='ltr' id='par_1_1' title="bbox 538 317 3802 400">
     <span class='ocr_line' id='line_1_1' title="bbox 538 317 3802 400; baseline 0.004 -19"><span class='ocrx_word' id='word_1_1' title='bbox 538 322 688 382; x_wconf 78' lang='grc'>1167</span> <span class='ocrx_word' id='word_1_2' title='bbox 1651 322 2080 385; x_wconf 70' lang='lat' dir='ltr'>(ECUMENII</span> <span class='ocrx_word' id='word_1_3' title='bbox 2125 317 2437 382; x_wconf 69' lang='lat' dir='ltr'>TRICCE</span> <span class='ocrx_word' id='word_1_4' title='bbox 2481 319 2826 382; x_wconf 85' lang='lat' dir='ltr'>EPlSCOPI</span> <span class='ocrx_word' id='word_1_5' title='bbox 3697 339 3802 400; x_wconf 68' lang='lat' dir='ltr'>lle:</span> 
     </span>
    </p>
   </div>
   <div class='ocr_carea' id='block_1_2' title="bbox 531 453 2139 544">
    <p class='ocr_par' dir='ltr' id='par_1_2' title="bbox 531 457 2139 533">
     <span class='ocr_line' id='line_1_2' title="bbox 531 457 2139 533; baseline -0.001 -19"><span class='ocrx_word' id='word_1_6' title='bbox 531 477 638 533; x_wconf 87' lang='lat' dir='ltr'>pro</span> <span class='ocrx_word' id='word_1_7' title='bbox 669 459 840 516; x_wconf 88' lang='lat' dir='ltr'>nobis</span> <span class='ocrx_word' id='word_1_8' title='bbox 866 464 1168 531; x_wconf 88' lang='lat' dir='ltr'>pateretur</span> <span class='ocrx_word' id='word_1_9' title='bbox 1224 465 1282 516; x_wconf 85' lang='lat' dir='ltr'>et</span> <span class='ocrx_word' id='word_1_10' title='bbox 1340 460 1728 518; x_wconf 86' lang='lat' dir='ltr'>salvaremur.</span> <span class='ocrx_word' id='word_1_11' title='bbox 1788 457 2139 520; x_wconf 75' lang='lat' dir='ltr'>Postmodut</span> 
     </span>
    </p>
   </div>
   <div class='ocr_carea' id='block_1_3' title="bbox 2195 453 3803 544">
    <p class='ocr_par' dir='ltr' id='par_1_3' title="bbox 2211 453 3803 544">
     <span class='ocr_line' id='line_1_3' title="bbox 2211 453 3803 544; baseline 0.009 -36"><span class='ocrx_word' id='word_1_12' title='bbox 2211 463 2250 529; x_wconf 71' lang='grc' dir='ltr'><strong>Α</strong></span> <span class='ocrx_word' id='word_1_13' title='bbox 2286 453 2448 544; x_wconf 72' lang='grc' dir='ltr'>ἡμῶν</span> <span class='ocrx_word' id='word_1_14' title='bbox 2511 458 2739 544; x_wconf 59' lang='grc' dir='ltr'>παθεῖν,</span> <span class='ocrx_word' id='word_1_15' title='bbox 2817 456 2907 513; x_wconf 79' lang='grc' dir='ltr'>καὶ</span> <span class='ocrx_word' id='word_1_16' title='bbox 2985 460 3134 530; x_wconf 72' lang='grc' dir='ltr'>ἡμᾶς</span> <span class='ocrx_word' id='word_1_17' title='bbox 3195 467 3440 530; x_wconf 78' lang='grc' dir='ltr'>σωθῆναι.</span> <span class='ocrx_word' id='word_1_18' title='bbox 3499 465 3684 521; x_wconf 82' lang='grc' dir='ltr'>Ἐπειτα</span> <span class='ocrx_word' id='word_1_19' title='bbox 3721 470 3803 544; x_wconf 75' lang='grc' dir='ltr'>περὶ</span> 
     </span>
    </p>
   </div>
   <div class='ocr_carea' id='block_1_4' title="bbox 526 541 2134 625">
    <p class='ocr_par' dir='ltr' id='par_1_4' title="bbox 526 549 2134 623">
     <span class='ocr_line' id='line_1_4' title="bbox 526 549 2134 623; baseline -0.002 -18"><span class='ocrx_word' id='word_1_20' title='bbox 526 551 598 605; x_wconf 91' lang='lat' dir='ltr'>de</span> <span class='ocrx_word' id='word_1_21' title='bbox 654 550 915 623; x_wconf 80' lang='lat' dir='ltr'>gentium</span> <span class='ocrx_word' id='word_1_22' title='bbox 965 550 1270 606; x_wconf 86' lang='lat' dir='ltr'>vocatione</span> <span class='ocrx_word' id='word_1_23' title='bbox 1330 550 1588 614; x_wconf 85' lang='lat' dir='ltr'>disserit,</span> <span class='ocrx_word' id='word_1_24' title='bbox 1648 556 1716 607; x_wconf 91' lang='lat' dir='ltr'>ut</span> <span class='ocrx_word' id='word_1_25' title='bbox 1768 549 2043 606; x_wconf 79' lang='lat' dir='ltr'>ostendat</span> <span class='ocrx_word' id='word_1_26' title='bbox 2072 564 2134 602; x_wconf 87' lang='lat' dir='ltr'>eo</span> 
     </span>
    </p>
   </div>
   <div class='ocr_carea' id='block_1_5' title="bbox 2195 541 3803 625">
    <p class='ocr_par' dir='ltr' id='par_1_5' title="bbox 2285 541 3803 625">
     <span class='ocr_line' id='line_1_5' title="bbox 2285 541 3803 625; baseline 0.01 -28"><span class='ocrx_word' id='word_1_27' title='bbox 2285 541 2539 612; x_wconf 76' lang='grc' dir='ltr'>κλήσεως</span> <span class='ocrx_word' id='word_1_28' title='bbox 2569 550 2676 600; x_wconf 88' lang='grc' dir='ltr'>τῶν</span> <span class='ocrx_word' id='word_1_29' title='bbox 2713 543 2885 610; x_wconf 78' lang='grc' dir='ltr'>ἐθνῶν</span> <span class='ocrx_word' id='word_1_30' title='bbox 2948 545 3277 625; x_wconf 75' lang='grc' dir='ltr'>διαλέγεται,</span> <span class='ocrx_word' id='word_1_31' title='bbox 3330 551 3416 606; x_wconf 79' lang='grc' dir='ltr'>ἳνα</span> <span class='ocrx_word' id='word_1_32' title='bbox 3450 550 3576 624; x_wconf 76' lang='grc' dir='ltr'>δείξῃ</span> <span class='ocrx_word' id='word_1_33' title='bbox 3600 541 3803 623; x_wconf 77' lang='grc' dir='ltr'>ἀξίως</span> 
     </span>
    </p>
   </div>
   <div class='ocr_carea' id='block_1_6' title="bbox 526 631 2134 716">
    <p class='ocr_par' dir='ltr' id='par_1_6' title="bbox 526 639 2134 697">
     <span class='ocr_line' id='line_1_6' title="bbox 526 639 2134 697; baseline -0.001 -4"><span class='ocrx_word' id='word_1_34' title='bbox 526 640 736 694; x_wconf 85' lang='lat' dir='ltr'>merito</span> <span class='ocrx_word' id='word_1_35' title='bbox 791 639 1157 695; x_wconf 83' lang='lat' dir='ltr'>credidisse:</span> <span class='ocrx_word' id='word_1_36' title='bbox 1236 645 1294 696; x_wconf 89' lang='lat' dir='ltr'>et</span> <span class='ocrx_word' id='word_1_37' title='bbox 1340 641 1600 697; x_wconf 84' lang='lat' dir='ltr'>ostendit</span> <span class='ocrx_word' id='word_1_38' title='bbox 1682 648 1948 696; x_wconf 86' lang='lat' dir='ltr'>nostram</span> <span class='ocrx_word' id='word_1_39' title='bbox 2003 653 2134 692; x_wconf 84' lang='lat' dir='ltr'>voca</span> 
     </span>
    </p>
   </div>
   <div class='ocr_carea' id='block_1_7' title="bbox 2198 631 3806 716">
    <p class='ocr_par' dir='ltr' id='par_1_7' title="bbox 2280 631 3806 716">
     <span class='ocr_line' id='line_1_7' title="bbox 2280 631 3806 716; baseline 0.01 -30"><span class='ocrx_word' id='word_1_40' title='bbox 2280 631 2408 694; x_wconf 79' lang='grc' dir='ltr'>τοὺς</span> <span class='ocrx_word' id='word_1_41' title='bbox 2459 637 2895 693; x_wconf 72' lang='grc' dir='ltr'>πεπιστευκέναι.</span> <span class='ocrx_word' id='word_1_42' title='bbox 2956 639 3059 695; x_wconf 86' lang='grc' dir='ltr'>Καὶ</span> <span class='ocrx_word' id='word_1_43' title='bbox 3117 636 3478 696; x_wconf 72' lang='grc' dir='ltr'>ἀποδείκνυσιν</span> <span class='ocrx_word' id='word_1_44' title='bbox 3530 644 3806 716; x_wconf 72' lang='grc' dir='ltr'>δτιὴκλῆσις</span> 
     </span>
    </p>
   </div>
   <div class='ocr_carea' id='block_1_8' title="bbox 530 722 2138 803">
    <p class='ocr_par' dir='ltr' id='par_1_8' title="bbox 530 727 2138 800">
     <span class='ocr_line' id='line_1_8' title="bbox 530 727 2138 800; baseline -0.001 -18"><span class='ocrx_word' id='word_1_45' title='bbox 530 729 746 784; x_wconf 84' lang='lat' dir='ltr'>tionem</span> <span class='ocrx_word' id='word_1_46' title='bbox 805 745 923 784; x_wconf 91' lang='lat' dir='ltr'>non</span> <span class='ocrx_word' id='word_1_47' title='bbox 957 747 1061 800; x_wconf 87' lang='lat' dir='ltr'>per</span> <span class='ocrx_word' id='word_1_48' title='bbox 1092 730 1395 786; x_wconf 89' lang='lat' dir='ltr'>hominem</span> <span class='ocrx_word' id='word_1_49' title='bbox 1428 731 1610 787; x_wconf 84' lang='lat' dir='ltr'>fuisse</span> <span class='ocrx_word' id='word_1_50' title='bbox 1641 731 1881 796; x_wconf 86' lang='lat' dir='ltr'>factam,</span> <span class='ocrx_word' id='word_1_51' title='bbox 1915 727 2018 783; x_wconf 86' lang='lat' dir='ltr'>sed</span> <span class='ocrx_word' id='word_1_52' title='bbox 2070 743 2138 799; x_wconf 92' lang='lat' dir='ltr'>pe</span> 
     </span>
    </p>
   </div>
   <div class='ocr_carea' id='block_1_9' title="bbox 2198 722 3806 803">
    <p class='ocr_par' dir='ltr' id='par_1_9' title="bbox 2281 722 3806 803">
     <span class='ocr_line' id='line_1_9' title="bbox 2281 722 3806 803; baseline 0.009 -28"><span class='ocrx_word' id='word_1_53' title='bbox 2281 723 2441 793; x_wconf 75' lang='grc' dir='ltr'>ἡμῶν</span> <span class='ocrx_word' id='word_1_54' title='bbox 2474 722 2721 798; x_wconf 72' lang='grc' dir='ltr'>γέγονεν,</span> <span class='ocrx_word' id='word_1_55' title='bbox 2781 726 2841 780; x_wconf 84' lang='grc' dir='ltr'>οὐ</span> <span class='ocrx_word' id='word_1_56' title='bbox 2903 724 2972 781; x_wconf 87' lang='grc' dir='ltr'>δι’</span> <span class='ocrx_word' id='word_1_57' title='bbox 3024 726 3332 803; x_wconf 81' lang='grc' dir='ltr'>ἀνθρώπου,</span> <span class='ocrx_word' id='word_1_58' title='bbox 3391 731 3524 787; x_wconf 79' lang='grc' dir='ltr'>ἀλλὰ</span> <span class='ocrx_word' id='word_1_59' title='bbox 3572 730 3644 786; x_wconf 79' lang='grc' dir='ltr'>διὰ</span> <span class='ocrx_word' id='word_1_60' title='bbox 3684 737 3806 803; x_wconf 78' lang='grc' dir='ltr'>’1ησοῦ</span> 
     </span>
    </p>
   </div>
   <div class='ocr_carea' id='block_1_10' title="bbox 523 812 2131 890">
    <p class='ocr_par' dir='ltr' id='par_1_10' title="bbox 523 817 2131 890">
     <span class='ocr_line' id='line_1_10' title="bbox 523 817 2131 890; baseline -0.001 -18"><span class='ocrx_word' id='word_1_61' title='bbox 523 817 723 872; x_wconf 88' lang='lat' dir='ltr'>Jesum</span> <span class='ocrx_word' id='word_1_62' title='bbox 752 819 1048 874; x_wconf 85' lang='lat' dir='ltr'>Christum</span> <span class='ocrx_word' id='word_1_63' title='bbox 1109 821 1205 890; x_wconf 88' lang='lat' dir='ltr'>qui</span> <span class='ocrx_word' id='word_1_64' title='bbox 1240 827 1329 875; x_wconf 92' lang='lat' dir='ltr'>est</span> <span class='ocrx_word' id='word_1_65' title='bbox 1383 821 1562 876; x_wconf 88' lang='lat' dir='ltr'>Filius</span> <span class='ocrx_word' id='word_1_66' title='bbox 1622 820 1762 875; x_wconf 88' lang='lat' dir='ltr'>Dei:</span> <span class='ocrx_word' id='word_1_67' title='bbox 1823 824 1888 873; x_wconf 92' lang='lat' dir='ltr'>ut</span> <span class='ocrx_word' id='word_1_68' title='bbox 1943 835 2014 873; x_wconf 85' lang='lat' dir='ltr'>ex</span> <span class='ocrx_word' id='word_1_69' title='bbox 2063 817 2131 871; x_wconf 89' lang='lat' dir='ltr'>ho</span> 
     </span>
    </p>
   </div>
   <div class='ocr_carea' id='block_1_11' title="bbox 2194 812 3802 890">
    <p class='ocr_par' dir='ltr' id='par_1_11' title="bbox 2279 812 3802 889">
     <span class='ocr_line' id='line_1_11' title="bbox 2279 812 3802 889; baseline 0.007 -21"><span class='ocrx_word' id='word_1_70' title='bbox 2279 812 2534 888; x_wconf 78' lang='grc' dir='ltr'>Χριστοῦ,</span> <span class='ocrx_word' id='word_1_71' title='bbox 2570 814 2627 876; x_wconf 74' lang='grc' dir='ltr'>ὃς</span> <span class='ocrx_word' id='word_1_72' title='bbox 2657 814 2799 871; x_wconf 86' lang='grc' dir='ltr'>’ἐστιν</span> <span class='ocrx_word' id='word_1_73' title='bbox 2831 816 2954 880; x_wconf 77' lang='grc' dir='ltr'>Υἱὸς</span> <span class='ocrx_word' id='word_1_74' title='bbox 2985 822 3080 872; x_wconf 86' lang='grc' dir='ltr'>τοῦ</span> <span class='ocrx_word' id='word_1_75' title='bbox 3134 823 3286 889; x_wconf 89' lang='grc' dir='ltr'>Θεοῦ,</span> <span class='ocrx_word' id='word_1_76' title='bbox 3339 821 3422 875; x_wconf 78' lang='grc' dir='ltr'>’ἱνα</span> <span class='ocrx_word' id='word_1_77' title='bbox 3474 821 3551 876; x_wconf 86' lang='grc' dir='ltr'>καί</span> <span class='ocrx_word' id='word_1_78' title='bbox 3599 821 3646 877; x_wconf 80' lang='grc' dir='ltr'>ἐκ</span> <span class='ocrx_word' id='word_1_79' title='bbox 3667 825 3802 879; x_wconf 67' lang='grc' dir='ltr'>τοῦτοιι</span> 
     </span>
    </p>
   </div>
   <div class='ocr_carea' id='block_1_12' title="bbox 525 901 2133 985">
    <p class='ocr_par' dir='ltr' id='par_1_12' title="bbox 525 907 2133 978">
     <span class='ocr_line' id='line_1_12' title="bbox 525 907 2133 978; baseline 0 -17"><span class='ocrx_word' id='word_1_80' title='bbox 525 923 763 978; x_wconf 88' lang='lat' dir='ltr'>quoque</span> <span class='ocrx_word' id='word_1_81' title='bbox 821 907 1098 972; x_wconf 86' lang='lat' dir='ltr'>discant,</span> <span class='ocrx_word' id='word_1_82' title='bbox 1158 909 1317 978; x_wconf 92' lang='lat' dir='ltr'>quod</span> <span class='ocrx_word' id='word_1_83' title='bbox 1374 925 1493 965; x_wconf 91' lang='lat' dir='ltr'>non</span> <span class='ocrx_word' id='word_1_84' title='bbox 1542 910 1852 964; x_wconf 86' lang='lat' dir='ltr'>hominum</span> <span class='ocrx_word' id='word_1_85' title='bbox 1911 908 2133 962; x_wconf 78' lang='lat' dir='ltr'>cultore</span> 
     </span>
    </p>
   </div>
   <div class='ocr_carea' id='block_1_13' title="bbox 2196 901 3804 985">
    <p class='ocr_par' dir='ltr' id='par_1_13' title="bbox 2283 901 3804 985">
     <span class='ocr_line' id='line_1_13' title="bbox 2283 901 3804 985; baseline 0.007 -30"><span class='ocrx_word' id='word_1_86' title='bbox 2283 901 2549 973; x_wconf 73' lang='grc' dir='ltr'>μάθωσιν,</span> <span class='ocrx_word' id='word_1_87' title='bbox 2582 903 2663 958; x_wconf 78' lang='grc' dir='ltr'>ὅτι</span> <span class='ocrx_word' id='word_1_88' title='bbox 2724 905 2829 960; x_wconf 79' lang='grc' dir='ltr'>οὐκ</span> <span class='ocrx_word' id='word_1_89' title='bbox 2887 905 3334 982; x_wconf 77' lang='grc' dir='ltr'>ἀνθρωπολάτραι</span> <span class='ocrx_word' id='word_1_90' title='bbox 3389 912 3612 985; x_wconf 86' lang='grc' dir='ltr'>γεγόνασι</span> <span class='ocrx_word' id='word_1_91' title='bbox 3654 914 3804 967; x_wconf 59' lang='lat'>1:13:56-</span> 
     </span>
    </p>
   </div>
   <div class='ocr_carea' id='block_1_14' title="bbox 519 992 2127 1073">
    <p class='ocr_par' dir='ltr' id='par_1_14' title="bbox 519 996 2127 1064">
     <span class='ocr_line' id='line_1_14' title="bbox 519 996 2127 1064; baseline -0.001 -13"><span class='ocrx_word' id='word_1_92' title='bbox 519 996 658 1052; x_wconf 80' lang='lat' dir='ltr'>facti</span> <span class='ocrx_word' id='word_1_93' title='bbox 692 1000 811 1052; x_wconf 87' lang='lat' dir='ltr'>sint</span> <span class='ocrx_word' id='word_1_94' title='bbox 839 1015 971 1052; x_wconf 89' lang='lat' dir='ltr'>cum</span> <span class='ocrx_word' id='word_1_95' title='bbox 1022 999 1083 1052; x_wconf 89' lang='lat' dir='ltr'>in</span> <span class='ocrx_word' id='word_1_96' title='bbox 1135 998 1433 1054; x_wconf 83' lang='lat' dir='ltr'>Christum</span> <span class='ocrx_word' id='word_1_97' title='bbox 1483 999 1864 1064; x_wconf 83' lang='lat' dir='ltr'>crediderint,</span> <span class='ocrx_word' id='word_1_98' title='bbox 1898 997 2002 1053; x_wconf 90' lang='lat' dir='ltr'>sed</span> <span class='ocrx_word' id='word_1_99' title='bbox 2050 1013 2127 1051; x_wconf 74' lang='grc' dir='ltr'>νει</span> 
     </span>
    </p>
   </div>
   <div class='ocr_carea' id='block_1_15' title="bbox 2198 992 3806 1073">
    <p class='ocr_par' dir='ltr' id='par_1_15' title="bbox 2279 992 3806 1073">
     <span class='ocr_line' id='line_1_15' title="bbox 2279 992 3806 1073; baseline 0.007 -29"><span class='ocrx_word' id='word_1_100' title='bbox 2279 1011 2464 1054; x_wconf 86' lang='grc' dir='ltr'>σαντες</span> <span class='ocrx_word' id='word_1_101' title='bbox 2502 998 2738 1068; x_wconf 83' lang='grc' dir='ltr'>Χριστῷ,</span> <span class='ocrx_word' id='word_1_102' title='bbox 2803 992 2950 1050; x_wconf 72' lang='grc' dir='ltr'>ἀλλὰ</span> <span class='ocrx_word' id='word_1_103' title='bbox 3004 996 3263 1068; x_wconf 70' lang='grc' dir='ltr'>ἀληθινοί</span> <span class='ocrx_word' id='word_1_104' title='bbox 3319 996 3583 1062; x_wconf 73' lang='grc' dir='ltr'>θεοσεϐεῖς.</span> <span class='ocrx_word' id='word_1_105' title='bbox 3618 1004 3806 1073; x_wconf 74' lang='grc' dir='ltr'>Σημαίνει</span> 
     </span>
    </p>
   </div>
   <div class='ocr_carea' id='block_1_16' title="bbox 520 1078 2128 1164">
    <p class='ocr_par' dir='ltr' id='par_1_16' title="bbox 520 1087 2128 1159">
     <span class='ocr_line' id='line_1_16' title="bbox 520 1087 2128 1159; baseline -0.001 -17"><span class='ocrx_word' id='word_1_106' title='bbox 520 1087 780 1143; x_wconf 88' lang='lat' dir='ltr'>cultores</span> <span class='ocrx_word' id='word_1_107' title='bbox 831 1089 953 1142; x_wconf 90' lang='lat' dir='ltr'>Dei.</span> <span class='ocrx_word' id='word_1_108' title='bbox 1007 1087 1313 1159; x_wconf 83' lang='lat' dir='ltr'>Signiﬁcat</span> <span class='ocrx_word' id='word_1_109' title='bbox 1363 1095 1420 1144; x_wconf 89' lang='lat' dir='ltr'>et</span> <span class='ocrx_word' id='word_1_110' title='bbox 1462 1090 1659 1143; x_wconf 82' lang='lat' dir='ltr'>Jesum</span> <span class='ocrx_word' id='word_1_111' title='bbox 1694 1089 1767 1143; x_wconf 94' lang='lat' dir='ltr'>ob</span> <span class='ocrx_word' id='word_1_112' title='bbox 1826 1088 1886 1142; x_wconf 88' lang='lat' dir='ltr'>id</span> <span class='ocrx_word' id='word_1_113' title='bbox 1918 1087 2128 1142; x_wconf 73' lang='lat' dir='ltr'>missu!</span> 
     </span>
    </p>
   </div>
   <div class='ocr_carea' id='block_1_17' title="bbox 2197 1078 3805 1164">
    <p class='ocr_par' dir='ltr' id='par_1_17' title="bbox 2278 1078 3805 1164">
     <span class='ocr_line' id='line_1_17' title="bbox 2278 1078 3805 1164; baseline 0.007 -29"><span class='ocrx_word' id='word_1_114' title='bbox 2278 1078 2335 1135; x_wconf 70' lang='grc' dir='ltr'><strong>δί</strong></span> <span class='ocrx_word' id='word_1_115' title='bbox 2362 1083 2451 1136; x_wconf 82' lang='grc' dir='ltr'>καὶ</span> <span class='ocrx_word' id='word_1_116' title='bbox 2509 1084 2693 1139; x_wconf 64' lang='grc' dir='ltr'>ἑαυτὸν</span> <span class='ocrx_word' id='word_1_117' title='bbox 2757 1080 2845 1138; x_wconf 82' lang='grc' dir='ltr'>διὰ</span> <span class='ocrx_word' id='word_1_118' title='bbox 2899 1089 3061 1141; x_wconf 85' lang='grc' dir='ltr'>τοῦτο</span> <span class='ocrx_word' id='word_1_119' title='bbox 3113 1086 3454 1159; x_wconf 69' lang='grc' dir='ltr'>ἀπεστάλθαι,</span> <span class='ocrx_word' id='word_1_120' title='bbox 3505 1092 3734 1164; x_wconf 69' lang='grc' dir='ltr'>κηρύσσειν</span> <span class='ocrx_word' id='word_1_121' title='bbox 3769 1094 3805 1145; x_wconf 70' lang='grc' dir='ltr'>τί</span> 
     </span>
    </p>
   </div>
   <div class='ocr_carea' id='block_1_18' title="bbox 523 1166 2131 1256">
    <p class='ocr_par' dir='ltr' id='par_1_18' title="bbox 523 1177 2131 1250">
     <span class='ocr_line' id='line_1_18' title="bbox 523 1177 2131 1250; baseline 0.001 -20"><span class='ocrx_word' id='word_1_122' title='bbox 523 1177 727 1239; x_wconf 87' lang='lat' dir='ltr'>fuisse,</span> <span class='ocrx_word' id='word_1_123' title='bbox 761 1194 878 1248; x_wconf 90' lang='lat' dir='ltr'>quo</span> <span class='ocrx_word' id='word_1_124' title='bbox 913 1178 1290 1250; x_wconf 79' lang='lat' dir='ltr'>Evangelium</span> <span class='ocrx_word' id='word_1_125' title='bbox 1326 1179 1692 1245; x_wconf 61' lang='lat' dir='ltr'>praedicaret,</span> <span class='ocrx_word' id='word_1_126' title='bbox 1736 1178 2011 1249; x_wconf 89' lang='lat' dir='ltr'>quodque</span> <span class='ocrx_word' id='word_1_127' title='bbox 2043 1177 2131 1232; x_wconf 67' lang='lat' dir='ltr'>has</span> 
     </span>
    </p>
   </div>
   <div class='ocr_carea' id='block_1_19' title="bbox 2198 1166 3806 1256">
    <p class='ocr_par' dir='ltr' id='par_1_19' title="bbox 2278 1166 3806 1256">
     <span class='ocr_line' id='line_1_19' title="bbox 2278 1166 3806 1256; baseline 0.006 -33"><span class='ocrx_word' id='word_1_128' title='bbox 2278 1166 2611 1245; x_wconf 80' lang='grc' dir='ltr'>Εὐαγγέλιον</span> <span class='ocrx_word' id='word_1_129' title='bbox 2648 1218 2663 1244; x_wconf 86' lang='grc'>,</span> <span class='ocrx_word' id='word_1_130' title='bbox 2720 1174 2812 1226; x_wconf 84' lang='grc' dir='ltr'>καὶ</span> <span class='ocrx_word' id='word_1_131' title='bbox 2872 1173 2957 1228; x_wconf 80' lang='grc' dir='ltr'>ὃτι</span> <span class='ocrx_word' id='word_1_132' title='bbox 3038 1175 3126 1229; x_wconf 78' lang='grc' dir='ltr'>καὶ</span> <span class='ocrx_word' id='word_1_133' title='bbox 3183 1177 3300 1249; x_wconf 85' lang='grc' dir='ltr'>περὶ</span> <span class='ocrx_word' id='word_1_134' title='bbox 3376 1177 3537 1232; x_wconf 79' lang='grc' dir='ltr'>αὐτῶν</span> <span class='ocrx_word' id='word_1_135' title='bbox 3586 1180 3806 1256; x_wconf 63' lang='grc' dir='ltr'>ἓφρόντιζει</span> 
     </span>
    </p>
   </div>
   <div class='ocr_carea' id='block_1_20' title="bbox 519 1259 2127 1341">
    <p class='ocr_par' dir='ltr' id='par_1_20' title="bbox 519 1266 2127 1323">
     <span class='ocr_line' id='line_1_20' title="bbox 519 1266 2127 1323; baseline 0 -3"><span class='ocrx_word' id='word_1_136' title='bbox 519 1266 608 1320; x_wconf 90' lang='lat' dir='ltr'>illi</span> <span class='ocrx_word' id='word_1_137' title='bbox 639 1283 795 1322; x_wconf 65' lang='lat' dir='ltr'>cura;</span> <span class='ocrx_word' id='word_1_138' title='bbox 854 1274 1040 1321; x_wconf 89' lang='lat' dir='ltr'>erant.</span> <span class='ocrx_word' id='word_1_139' title='bbox 1106 1266 1326 1322; x_wconf 88' lang='lat' dir='ltr'>Deinde</span> <span class='ocrx_word' id='word_1_140' title='bbox 1384 1268 1811 1322; x_wconf 80' lang='lat' dir='ltr'>exhortatorios</span> <span class='ocrx_word' id='word_1_141' title='bbox 1863 1282 2127 1323; x_wconf 81' lang='lat' dir='ltr'>sermone</span> 
     </span>
    </p>
   </div>
   <div class='ocr_carea' id='block_1_21' title="bbox 2201 1259 3809 1341">
    <p class='ocr_par' dir='ltr' id='par_1_21' title="bbox 2273 1259 3809 1341">
     <span class='ocr_line' id='line_1_21' title="bbox 2273 1259 3809 1341; baseline 0.005 -27"><span class='ocrx_word' id='word_1_142' title='bbox 2273 1259 2498 1314; x_wconf 79' lang='grc' dir='ltr'>Ἔπειτα</span> <span class='ocrx_word' id='word_1_143' title='bbox 2556 1261 2976 1331; x_wconf 79' lang='grc' dir='ltr'>παραινετικοὺς</span> <span class='ocrx_word' id='word_1_144' title='bbox 3007 1262 3232 1340; x_wconf 84' lang='grc' dir='ltr'>λόγους,</span> <span class='ocrx_word' id='word_1_145' title='bbox 3282 1262 3493 1340; x_wconf 78' lang='grc' dir='ltr'>ἀνδράσι</span> <span class='ocrx_word' id='word_1_146' title='bbox 3543 1268 3617 1321; x_wconf 83' lang='grc' dir='ltr'>καὶ</span> <span class='ocrx_word' id='word_1_147' title='bbox 3655 1268 3809 1341; x_wconf 72' lang='grc' dir='ltr'>γυναιξὶ,</span> 
     </span>
    </p>
   </div>
   <div class='ocr_carea' id='block_1_22' title="bbox 519 1348 2127 1428">
    <p class='ocr_par' dir='ltr' id='par_1_22' title="bbox 519 1355 2127 1428">
     <span class='ocr_line' id='line_1_22' title="bbox 519 1355 2127 1428; baseline 0.001 -20"><span class='ocrx_word' id='word_1_148' title='bbox 519 1356 656 1410; x_wconf 88' lang='lat' dir='ltr'>viris</span> <span class='ocrx_word' id='word_1_149' title='bbox 712 1373 778 1411; x_wconf 90' lang='lat' dir='ltr'>ac</span> <span class='ocrx_word' id='word_1_150' title='bbox 835 1355 1204 1419; x_wconf 89' lang='lat' dir='ltr'>mulieribus,</span> <span class='ocrx_word' id='word_1_151' title='bbox 1269 1358 1533 1428; x_wconf 90' lang='lat' dir='ltr'>patribus</span> <span class='ocrx_word' id='word_1_152' title='bbox 1590 1373 1658 1411; x_wconf 90' lang='lat' dir='ltr'>ac</span> <span class='ocrx_word' id='word_1_153' title='bbox 1708 1357 1864 1423; x_wconf 83' lang='lat' dir='ltr'>ﬁliis,</span> <span class='ocrx_word' id='word_1_154' title='bbox 1908 1356 2127 1411; x_wconf 86' lang='lat' dir='ltr'>domini</span> 
     </span>
    </p>
   </div>
   <div class='ocr_carea' id='block_1_23' title="bbox 2201 1348 3809 1428">
    <p class='ocr_par' dir='ltr' id='par_1_23' title="bbox 2275 1348 3809 1428">
     <span class='ocr_line' id='line_1_23' title="bbox 2275 1348 3809 1428; baseline 0.006 -27"><span class='ocrx_word' id='word_1_155' title='bbox 2275 1348 2508 1422; x_wconf 76' lang='grc' dir='ltr'>πατράσι</span> <span class='ocrx_word' id='word_1_156' title='bbox 2541 1349 2630 1404; x_wconf 78' lang='grc' dir='ltr'>καὶ</span> <span class='ocrx_word' id='word_1_157' title='bbox 2663 1348 2896 1420; x_wconf 74' lang='grc' dir='ltr'>τεκνοις,</span> <span class='ocrx_word' id='word_1_158' title='bbox 2929 1354 3140 1428; x_wconf 80' lang='grc' dir='ltr'>κυρίοις</span> <span class='ocrx_word' id='word_1_159' title='bbox 3198 1355 3287 1409; x_wconf 81' lang='grc' dir='ltr'>καὶ</span> <span class='ocrx_word' id='word_1_160' title='bbox 3349 1353 3574 1426; x_wconf 78' lang='grc' dir='ltr'>δούλοις,</span> <span class='ocrx_word' id='word_1_161' title='bbox 3600 1357 3758 1424; x_wconf 73' lang='grc' dir='ltr'>τίθησιν</span> <span class='ocrx_word' id='word_1_162' title='bbox 3781 1355 3809 1410; x_wconf 68' lang='grc' dir='ltr'><strong>ἐι</strong></span> 
     </span>
    </p>
   </div>
   <div class='ocr_carea' id='block_1_24' title="bbox 517 1437 2125 1522">
    <p class='ocr_par' dir='ltr' id='par_1_24' title="bbox 517 1445 2125 1517">
     <span class='ocr_line' id='line_1_24' title="bbox 517 1445 2125 1517; baseline -0.001 -17"><span class='ocrx_word' id='word_1_163' title='bbox 517 1460 584 1500; x_wconf 92' lang='lat' dir='ltr'>ac</span> <span class='ocrx_word' id='word_1_164' title='bbox 617 1446 797 1500; x_wconf 81' lang='lat' dir='ltr'>servis</span> <span class='ocrx_word' id='word_1_165' title='bbox 852 1445 912 1500; x_wconf 91' lang='lat' dir='ltr'>in</span> <span class='ocrx_word' id='word_1_166' title='bbox 968 1445 1231 1516; x_wconf 87' lang='lat' dir='ltr'>Epistola</span> <span class='ocrx_word' id='word_1_167' title='bbox 1291 1447 1575 1517; x_wconf 87' lang='lat' dir='ltr'>apponit:</span> <span class='ocrx_word' id='word_1_168' title='bbox 1639 1451 1694 1501; x_wconf 89' lang='lat' dir='ltr'>et</span> <span class='ocrx_word' id='word_1_169' title='bbox 1750 1445 2125 1501; x_wconf 87' lang='lat' dir='ltr'>universalite</span> 
     </span>
    </p>
   </div>
   <div class='ocr_carea' id='block_1_25' title="bbox 2203 1437 3811 1522">
    <p class='ocr_par' dir='ltr' id='par_1_25' title="bbox 2274 1437 3811 1522">
     <span class='ocr_line' id='line_1_25' title="bbox 2274 1437 3811 1522; baseline 0.007 -33"><span class='ocrx_word' id='word_1_170' title='bbox 2274 1440 2343 1510; x_wconf 78' lang='grc' dir='ltr'>τῇ</span> <span class='ocrx_word' id='word_1_171' title='bbox 2402 1437 2731 1505; x_wconf 84' lang='grc' dir='ltr'>Ἐπιστολῆ.</span> <span class='ocrx_word' id='word_1_172' title='bbox 2795 1443 2896 1497; x_wconf 81' lang='grc' dir='ltr'>Καὶ</span> <span class='ocrx_word' id='word_1_173' title='bbox 2955 1443 3196 1506; x_wconf 82' lang='grc' dir='ltr'>καθόλου</span> <span class='ocrx_word' id='word_1_174' title='bbox 3247 1446 3443 1508; x_wconf 73' lang='grc' dir='ltr'>πάντας</span> <span class='ocrx_word' id='word_1_175' title='bbox 3495 1447 3811 1522; x_wconf 70' lang='grc' dir='ltr'>παρασκευάζει,</span> 
     </span>
    </p>
   </div>
   <div class='ocr_carea' id='block_1_26' title="bbox 516 1524 2124 1608">
    <p class='ocr_par' dir='ltr' id='par_1_26' title="bbox 516 1534 2124 1606">
     <span class='ocr_line' id='line_1_26' title="bbox 516 1534 2124 1606; baseline 0.001 -18"><span class='ocrx_word' id='word_1_176' title='bbox 516 1550 722 1590; x_wconf 88' lang='lat' dir='ltr'>omnes</span> <span class='ocrx_word' id='word_1_177' title='bbox 781 1534 1096 1590; x_wconf 79' lang='lat' dir='ltr'>confirmat</span> <span class='ocrx_word' id='word_1_178' title='bbox 1152 1535 1434 1591; x_wconf 89' lang='lat' dir='ltr'>adversus</span> <span class='ocrx_word' id='word_1_179' title='bbox 1500 1535 1804 1591; x_wconf 89' lang='lat' dir='ltr'>diabolum</span> <span class='ocrx_word' id='word_1_180' title='bbox 1863 1541 1919 1590; x_wconf 90' lang='lat' dir='ltr'>et</span> <span class='ocrx_word' id='word_1_181' title='bbox 1978 1535 2124 1606; x_wconf 88' lang='lat' dir='ltr'>ipsiu</span> 
     </span>
    </p>
   </div>
   <div class='ocr_carea' id='block_1_27' title="bbox 2203 1524 3811 1608">
    <p class='ocr_par' dir='ltr' id='par_1_27' title="bbox 2269 1524 3811 1608">
     <span class='ocr_line' id='line_1_27' title="bbox 2269 1524 3811 1608; baseline 0.005 -28"><span class='ocrx_word' id='word_1_182' title='bbox 2269 1527 2404 1580; x_wconf 81' lang='grc' dir='ltr'>κατᾶ</span> <span class='ocrx_word' id='word_1_183' title='bbox 2461 1531 2558 1582; x_wconf 89' lang='grc' dir='ltr'>τοῦ</span> <span class='ocrx_word' id='word_1_184' title='bbox 2615 1524 2878 1586; x_wconf 78' lang='grc' dir='ltr'>διαϐόλου</span> <span class='ocrx_word' id='word_1_185' title='bbox 2935 1532 3024 1586; x_wconf 82' lang='grc' dir='ltr'>καὶ</span> <span class='ocrx_word' id='word_1_186' title='bbox 3082 1537 3190 1588; x_wconf 86' lang='grc' dir='ltr'>τῶν</span> <span class='ocrx_word' id='word_1_187' title='bbox 3238 1530 3497 1606; x_wconf 79' lang='grc' dir='ltr'>δαιμόνων</span> <span class='ocrx_word' id='word_1_188' title='bbox 3549 1535 3811 1608; x_wconf 69' lang='grc' dir='ltr'>αὐτοῦ,πρὸς</span> 
     </span>
    </p>
   </div>
   <div class='ocr_carea' id='block_1_28' title="bbox 513 1611 2121 1697">
    <p class='ocr_par' dir='ltr' id='par_1_28' title="bbox 513 1623 2121 1693">
     <span class='ocr_line' id='line_1_28' title="bbox 513 1623 2121 1693; baseline 0.001 -16"><span class='ocrx_word' id='word_1_189' title='bbox 513 1623 834 1693; x_wconf 67' lang='lat' dir='ltr'>daemones,</span> <span class='ocrx_word' id='word_1_190' title='bbox 879 1624 1081 1679; x_wconf 89' lang='lat' dir='ltr'>dicens</span> <span class='ocrx_word' id='word_1_191' title='bbox 1139 1625 1418 1680; x_wconf 88' lang='lat' dir='ltr'>adversus</span> <span class='ocrx_word' id='word_1_192' title='bbox 1457 1625 1593 1680; x_wconf 88' lang='lat' dir='ltr'>illos</span> <span class='ocrx_word' id='word_1_193' title='bbox 1652 1625 1823 1681; x_wconf 89' lang='lat' dir='ltr'>nobis</span> <span class='ocrx_word' id='word_1_194' title='bbox 1883 1640 2010 1679; x_wconf 89' lang='lat' dir='ltr'>esse</span> <span class='ocrx_word' id='word_1_195' title='bbox 2069 1624 2121 1679; x_wconf 90' lang='lat' dir='ltr'>lu</span> 
     </span>
    </p>
   </div>
   <div class='ocr_carea' id='block_1_29' title="bbox 2203 1611 3811 1697">
    <p class='ocr_par' dir='ltr' id='par_1_29' title="bbox 2269 1611 3811 1697">
     <span class='ocr_line' id='line_1_29' title="bbox 2269 1611 3811 1697; baseline 0.007 -30"><span class='ocrx_word' id='word_1_196' title='bbox 2269 1611 2502 1678; x_wconf 72' lang='grc' dir='ltr'>ἓκείνους</span> <span class='ocrx_word' id='word_1_197' title='bbox 2535 1618 2670 1690; x_wconf 80' lang='grc' dir='ltr'>ἡμῖν</span> <span class='ocrx_word' id='word_1_198' title='bbox 2723 1618 2860 1674; x_wconf 83' lang='grc' dir='ltr'>εἶναι</span> <span class='ocrx_word' id='word_1_199' title='bbox 2919 1618 3096 1697; x_wconf 73' lang='grc' dir='ltr'>λέγων</span> <span class='ocrx_word' id='word_1_200' title='bbox 3154 1624 3253 1692; x_wconf 76' lang='grc' dir='ltr'>τήν</span> <span class='ocrx_word' id='word_1_201' title='bbox 3309 1623 3500 1693; x_wconf 82' lang='grc' dir='ltr'>πάλην.</span> <span class='ocrx_word' id='word_1_202' title='bbox 3555 1623 3643 1681; x_wconf 79' lang='grc' dir='ltr'>Καὶ</span> <span class='ocrx_word' id='word_1_203' title='bbox 3689 1622 3811 1695; x_wconf 69' lang='grc' dir='ltr'>ὥσπερ</span> 
     </span>
    </p>
   </div>
   <div class='ocr_carea' id='block_1_30' title="bbox 514 1703 2122 1787">
    <p class='ocr_par' dir='ltr' id='par_1_30' title="bbox 514 1712 2122 1784">
     <span class='ocr_line' id='line_1_30' title="bbox 514 1712 2122 1784; baseline -0.001 -16"><span class='ocrx_word' id='word_1_204' title='bbox 514 1718 690 1782; x_wconf 88' lang='lat' dir='ltr'>ctam,</span> <span class='ocrx_word' id='word_1_205' title='bbox 727 1718 786 1766; x_wconf 93' lang='lat' dir='ltr'>et</span> <span class='ocrx_word' id='word_1_206' title='bbox 835 1719 1117 1783; x_wconf 89' lang='lat' dir='ltr'>tanquam</span> <span class='ocrx_word' id='word_1_207' title='bbox 1167 1713 1358 1768; x_wconf 87' lang='lat' dir='ltr'>bonus</span> <span class='ocrx_word' id='word_1_208' title='bbox 1415 1714 1770 1770; x_wconf 83' lang='lat' dir='ltr'>athletarum</span> <span class='ocrx_word' id='word_1_209' title='bbox 1825 1712 2122 1784; x_wconf 69' lang='lat' dir='ltr'>prmfectus</span> 
     </span>
    </p>
   </div>
   <div class='ocr_carea' id='block_1_31' title="bbox 2201 1703 3809 1787">
    <p class='ocr_par' dir='ltr' id='par_1_31' title="bbox 2269 1703 3809 1787">
     <span class='ocr_line' id='line_1_31' title="bbox 2269 1703 3809 1787; baseline 0.005 -30"><span class='ocrx_word' id='word_1_210' title='bbox 2269 1703 2464 1778; x_wconf 87' lang='grc' dir='ltr'>ἀγαθὸς</span> <span class='ocrx_word' id='word_1_211' title='bbox 2497 1703 2783 1779; x_wconf 80' lang='grc' dir='ltr'>ἀλείπτης,</span> <span class='ocrx_word' id='word_1_212' title='bbox 2825 1707 3053 1783; x_wconf 78' lang='grc' dir='ltr'>ἀλείψας</span> <span class='ocrx_word' id='word_1_213' title='bbox 3105 1717 3224 1772; x_wconf 78' lang='grc' dir='ltr'>τοῖς</span> <span class='ocrx_word' id='word_1_214' title='bbox 3275 1712 3458 1787; x_wconf 82' lang='grc' dir='ltr'>λόγοις</span> <span class='ocrx_word' id='word_1_215' title='bbox 3510 1713 3680 1774; x_wconf 77' lang='grc' dir='ltr'>πάντας</span> <span class='ocrx_word' id='word_1_216' title='bbox 3723 1714 3809 1766; x_wconf 75' lang='lat' dir='ltr'>mi</span> 
     </span>
    </p>
   </div>
   <div class='ocr_carea' id='block_1_32' title="bbox 513 1789 2121 1898">
    <p class='ocr_par' dir='ltr' id='par_1_32' title="bbox 513 1801 2121 1874">
     <span class='ocr_line' id='line_1_32' title="bbox 513 1801 2121 1874; baseline 0.002 -19"><span class='ocrx_word' id='word_1_217' title='bbox 513 1817 721 1856; x_wconf 90' lang='lat' dir='ltr'>omnes</span> <span class='ocrx_word' id='word_1_218' title='bbox 753 1801 1125 1858; x_wconf 88' lang='lat' dir='ltr'>sermonibus</span> <span class='ocrx_word' id='word_1_219' title='bbox 1183 1803 1417 1874; x_wconf 82' lang='lat' dir='ltr'>inungit</span> <span class='ocrx_word' id='word_1_220' title='bbox 1471 1802 1750 1858; x_wconf 87' lang='lat' dir='ltr'>adversus</span> <span class='ocrx_word' id='word_1_221' title='bbox 1808 1801 2121 1858; x_wconf 73' lang='lat' dir='ltr'>diabolica!</span> 
     </span>
    </p>
   </div>
   <div class='ocr_carea' id='block_1_33' title="bbox 2203 1789 3811 1898">
    <p class='ocr_par' dir='ltr' id='par_1_33' title="bbox 2203 1789 3811 1898">
     <span class='ocr_line' id='line_1_33' title="bbox 2203 1789 3811 1898; baseline 0.006 -53"><span class='ocrx_word' id='word_1_222' title='bbox 2203 1832 2238 1898; x_wconf 77' lang='grc' dir='ltr'><strong><em>Β</em></strong></span> <span class='ocrx_word' id='word_1_223' title='bbox 2267 1799 2366 1862; x_wconf 78' lang='grc' dir='ltr'>τῆς</span> <span class='ocrx_word' id='word_1_224' title='bbox 2405 1789 2730 1866; x_wconf 77' lang='grc' dir='ltr'>διαϐολικῆς</span> <span class='ocrx_word' id='word_1_225' title='bbox 2757 1795 3050 1875; x_wconf 74' lang='grc' dir='ltr'>ἐνεργείας,</span> <span class='ocrx_word' id='word_1_226' title='bbox 3085 1799 3256 1863; x_wconf 77' lang='grc' dir='ltr'>οὕτως</span> <span class='ocrx_word' id='word_1_227' title='bbox 3299 1798 3493 1858; x_wconf 85' lang='grc' dir='ltr'>τελειοῖ</span> <span class='ocrx_word' id='word_1_228' title='bbox 3518 1803 3606 1871; x_wconf 72' lang='grc' dir='ltr'>τὴν</span> <span class='ocrx_word' id='word_1_229' title='bbox 3630 1802 3811 1857; x_wconf 79' lang='grc' dir='ltr'>Ἐπιστο-</span> 
     </span>
     <span class='ocr_line' id='line_1_34' title="bbox 2272 1879 2334 1898; baseline 0 0"><span class='ocrx_word' id='word_1_230' title='bbox 2272 1879 2291 1898; x_wconf 59' lang='grc' dir='ltr'>κ</span> <span class='ocrx_word' id='word_1_231' title='bbox 2321 1883 2334 1898; x_wconf 61' lang='grc' dir='ltr'><strong>η</strong></span> 
     </span>
    </p>
   </div>
   <div class='ocr_carea' id='block_1_34' title="bbox 511 1879 2392 1962">
    <p class='ocr_par' dir='ltr' id='par_1_34' title="bbox 511 1879 2392 1962">
     <span class='ocr_line' id='line_1_35' title="bbox 511 1879 2392 1962; baseline 0.002 -15"><span class='ocrx_word' id='word_1_232' title='bbox 511 1889 860 1957; x_wconf 78' lang='lat' dir='ltr'>efﬁcaciam,</span> <span class='ocrx_word' id='word_1_233' title='bbox 893 1897 952 1946; x_wconf 87' lang='lat' dir='ltr'>et</span> <span class='ocrx_word' id='word_1_234' title='bbox 983 1892 1066 1947; x_wconf 88' lang='lat' dir='ltr'>ita</span> <span class='ocrx_word' id='word_1_235' title='bbox 1087 1891 1391 1948; x_wconf 89' lang='lat' dir='ltr'>concludit</span> <span class='ocrx_word' id='word_1_236' title='bbox 1421 1892 1764 1962; x_wconf 90' lang='lat' dir='ltr'>Epistolam.</span> <span class='ocrx_word' id='word_1_237' title='bbox 2191 1879 2238 1898; x_wconf 64' lang='grc' dir='ltr'><em>υ</em></span> <span class='ocrx_word' id='word_1_238' title='bbox 2272 1879 2392 1951; x_wconf 73' lang='grc' dir='ltr'>λῆν-</span> 
     </span>
    </p>
   </div>
   <div class='ocr_carea' id='block_1_35' title="bbox 1101 2036 2709 2109">
    <p class='ocr_par' dir='ltr' id='par_1_35' title="bbox 1101 2036 1566 2094">
     <span class='ocr_line' id='line_1_36' title="bbox 1101 2036 1566 2094; baseline 0 -4"><span class='ocrx_word' id='word_1_239' title='bbox 1101 2036 1566 2094; x_wconf 82' lang='lat' dir='ltr'>THEODORETI.</span> 
     </span>
    </p>
   </div>
   <div class='ocr_carea' id='block_1_36' title="bbox 1721 2036 3329 2109">
    <p class='ocr_par' dir='ltr' id='par_1_36' title="bbox 2855 2050 3329 2109">
     <span class='ocr_line' id='line_1_37' title="bbox 2855 2050 3329 2109; baseline 0.015 -7"><span class='ocrx_word' id='word_1_240' title='bbox 2855 2050 3329 2109; x_wconf 82' lang='grc' dir='ltr'>ΘΕΟΔΩΡΗΤΟΥ.</span> 
     </span>
    </p>
   </div>
   <div class='ocr_carea' id='block_1_37' title="bbox 584 2152 2192 2241">
    <p class='ocr_par' dir='ltr' id='par_1_37' title="bbox 584 2152 2159 2224">
     <span class='ocr_line' id='line_1_38' title="bbox 584 2152 2159 2224; baseline 0.001 -18"><span class='ocrx_word' id='word_1_241' title='bbox 584 2152 852 2222; x_wconf 89' lang='lat' dir='ltr'>Ephesus</span> <span class='ocrx_word' id='word_1_242' title='bbox 913 2152 1064 2207; x_wconf 64' lang='lat' dir='ltr'>Asia;</span> <span class='ocrx_word' id='word_1_243' title='bbox 1119 2153 1464 2224; x_wconf 90' lang='lat' dir='ltr'>metropolis</span> <span class='ocrx_word' id='word_1_244' title='bbox 1525 2160 1671 2222; x_wconf 83' lang='lat' dir='ltr'>erat,</span> <span class='ocrx_word' id='word_1_245' title='bbox 1705 2154 1938 2210; x_wconf 88' lang='lat' dir='ltr'>colebat</span> <span class='ocrx_word' id='word_1_246' title='bbox 1960 2159 2159 2209; x_wconf 86' lang='lat' dir='ltr'>autem</span> 
     </span>
    </p>
   </div>
   <div class='ocr_carea' id='block_1_38' title="bbox 2200 2152 3808 2241">
    <p class='ocr_par' dir='ltr' id='par_1_38' title="bbox 2339 2161 3808 2241">
     <span class='ocr_line' id='line_1_39' title="bbox 2339 2161 3808 2241; baseline 0.001 -23"><span class='ocrx_word' id='word_1_247' title='bbox 2339 2161 2400 2219; x_wconf 83' lang='grc' dir='ltr'>Ἡ</span> <span class='ocrx_word' id='word_1_248' title='bbox 2445 2168 2674 2240; x_wconf 78' lang='grc' dir='ltr'>Ἔφεσος</span> <span class='ocrx_word' id='word_1_249' title='bbox 2731 2167 3080 2241; x_wconf 85' lang='grc' dir='ltr'>μητρόπολις</span> <span class='ocrx_word' id='word_1_250' title='bbox 3123 2169 3217 2240; x_wconf 75' lang='grc' dir='ltr'>μὲν</span> <span class='ocrx_word' id='word_1_251' title='bbox 3262 2168 3371 2224; x_wconf 77' lang='grc' dir='ltr'>ἔστι</span> <span class='ocrx_word' id='word_1_252' title='bbox 3418 2172 3509 2238; x_wconf 74' lang='grc' dir='ltr'>τῆς</span> <span class='ocrx_word' id='word_1_253' title='bbox 3535 2168 3706 2237; x_wconf 69' lang='grc' dir='ltr'>Ἄσίας,</span> <span class='ocrx_word' id='word_1_254' title='bbox 3748 2168 3808 2234; x_wconf 61' lang='grc' dir='ltr'>τήν</span> 
     </span>
    </p>
   </div>
   <div class='ocr_carea' id='block_1_39' title="bbox 508 2241 2116 2332">
    <p class='ocr_par' dir='ltr' id='par_1_39' title="bbox 508 2241 2116 2317">
     <span class='ocr_line' id='line_1_40' title="bbox 508 2241 2116 2317; baseline 0 -20"><span class='ocrx_word' id='word_1_255' title='bbox 508 2241 787 2297; x_wconf 86' lang='lat' dir='ltr'>Dianam:</span> <span class='ocrx_word' id='word_1_256' title='bbox 821 2241 1085 2312; x_wconf 86' lang='lat' dir='ltr'>adeoque</span> <span class='ocrx_word' id='word_1_257' title='bbox 1120 2242 1438 2298; x_wconf 86' lang='lat' dir='ltr'>vehemens</span> <span class='ocrx_word' id='word_1_258' title='bbox 1471 2249 1596 2298; x_wconf 88' lang='lat' dir='ltr'>erat</span> <span class='ocrx_word' id='word_1_259' title='bbox 1644 2244 1822 2317; x_wconf 84' lang='lat' dir='ltr'>hujus</span> <span class='ocrx_word' id='word_1_260' title='bbox 1871 2243 2116 2299; x_wconf 70' lang='lat' dir='ltr'>dmmoni</span> 
     </span>
    </p>
   </div>
   <div class='ocr_carea' id='block_1_40' title="bbox 2202 2241 3810 2332">
    <p class='ocr_par' dir='ltr' id='par_1_40' title="bbox 2268 2247 3810 2332">
     <span class='ocr_line' id='line_1_41' title="bbox 2268 2247 3810 2332; baseline 0.003 -28"><span class='ocrx_word' id='word_1_261' title='bbox 2268 2247 2326 2305; x_wconf 80' lang='grc' dir='ltr'>δὲ</span> <span class='ocrx_word' id='word_1_262' title='bbox 2378 2252 2644 2326; x_wconf 71' lang='grc' dir='ltr'>’Ἄρτεμιν</span> <span class='ocrx_word' id='word_1_263' title='bbox 2731 2250 2902 2315; x_wconf 77' lang='grc' dir='ltr'>ἓσεϐε.</span> <span class='ocrx_word' id='word_1_264' title='bbox 2962 2257 3066 2313; x_wconf 84' lang='grc' dir='ltr'>Καὶ</span> <span class='ocrx_word' id='word_1_265' title='bbox 3121 2263 3382 2314; x_wconf 51' lang='grc' dir='ltr'>τοσοῦτον</span> <span class='ocrx_word' id='word_1_266' title='bbox 3440 2259 3559 2332; x_wconf 78' lang='grc' dir='ltr'>αὐτῇ</span> <span class='ocrx_word' id='word_1_267' title='bbox 3609 2260 3706 2331; x_wconf 76' lang='grc' dir='ltr'>περὶ</span> <span class='ocrx_word' id='word_1_268' title='bbox 3747 2258 3810 2324; x_wconf 69' lang='grc' dir='ltr'>τήν</span> 
     </span>
    </p>
   </div>
   <div class='ocr_carea' id='block_1_41' title="bbox 509 2331 2117 2424">
    <p class='ocr_par' dir='ltr' id='par_1_41' title="bbox 509 2331 2117 2406">
     <span class='ocr_line' id='line_1_42' title="bbox 509 2331 2117 2406; baseline 0.001 -20"><span class='ocrx_word' id='word_1_269' title='bbox 509 2331 724 2398; x_wconf 90' lang='lat' dir='ltr'>cultus,</span> <span class='ocrx_word' id='word_1_270' title='bbox 758 2338 822 2387; x_wconf 86' lang='lat' dir='ltr'>ut</span> <span class='ocrx_word' id='word_1_271' title='bbox 852 2333 1030 2388; x_wconf 91' lang='lat' dir='ltr'>etiam</span> <span class='ocrx_word' id='word_1_272' title='bbox 1064 2333 1359 2404; x_wconf 78' lang='lat' dir='ltr'>Ephesum</span> <span class='ocrx_word' id='word_1_273' title='bbox 1397 2334 1594 2390; x_wconf 72' lang='lat' dir='ltr'>Dianas</span> <span class='ocrx_word' id='word_1_274' title='bbox 1627 2335 1911 2390; x_wconf 71' lang='lat' dir='ltr'>aedituum</span> <span class='ocrx_word' id='word_1_275' title='bbox 1941 2334 2117 2406; x_wconf 72' lang='lat' dir='ltr'>prwdi</span> 
     </span>
    </p>
   </div>
   <div class='ocr_carea' id='block_1_42' title="bbox 2199 2331 3807 2424">
    <p class='ocr_par' dir='ltr' id='par_1_42' title="bbox 2267 2335 3807 2424">
     <span class='ocr_line' id='line_1_43' title="bbox 2267 2335 3807 2424; baseline 0.005 -32"><span class='ocrx_word' id='word_1_276' title='bbox 2267 2335 2502 2413; x_wconf 84' lang='grc' dir='ltr'>δαίμονα</span> <span class='ocrx_word' id='word_1_277' title='bbox 2531 2343 2596 2412; x_wconf 74' lang='grc' dir='ltr'>ἦν</span> <span class='ocrx_word' id='word_1_278' title='bbox 2626 2344 2686 2398; x_wconf 88' lang='grc' dir='ltr'>τὸ</span> <span class='ocrx_word' id='word_1_279' title='bbox 2747 2341 2922 2414; x_wconf 74' lang='grc' dir='ltr'>σέϐας,</span> <span class='ocrx_word' id='word_1_280' title='bbox 2983 2348 3057 2407; x_wconf 86' lang='grc' dir='ltr'>ὡς</span> <span class='ocrx_word' id='word_1_281' title='bbox 3099 2349 3186 2402; x_wconf 80' lang='grc' dir='ltr'>καὶ</span> <span class='ocrx_word' id='word_1_282' title='bbox 3219 2349 3479 2424; x_wconf 76' lang='grc' dir='ltr'>νεωκόρον</span> <span class='ocrx_word' id='word_1_283' title='bbox 3514 2350 3600 2415; x_wconf 75' lang='grc' dir='ltr'>τήν</span> <span class='ocrx_word' id='word_1_284' title='bbox 3645 2349 3807 2424; x_wconf 44' lang='grc' dir='ltr'>Ἔρεσον</span> 
     </span>
    </p>
   </div>
   <div class='ocr_carea' id='block_1_43' title="bbox 508 2422 2116 2512">
    <p class='ocr_par' dir='ltr' id='par_1_43' title="bbox 508 2422 2116 2495">
     <span class='ocr_line' id='line_1_44' title="bbox 508 2422 2116 2495; baseline 0.002 -19"><span class='ocrx_word' id='word_1_285' title='bbox 508 2427 730 2482; x_wconf 87' lang='lat' dir='ltr'>carent.</span> <span class='ocrx_word' id='word_1_286' title='bbox 784 2422 936 2476; x_wconf 90' lang='lat' dir='ltr'>sicut</span> <span class='ocrx_word' id='word_1_287' title='bbox 966 2423 1028 2477; x_wconf 90' lang='lat' dir='ltr'>in</span> <span class='ocrx_word' id='word_1_288' title='bbox 1060 2422 1218 2477; x_wconf 87' lang='lat' dir='ltr'>Actis</span> <span class='ocrx_word' id='word_1_289' title='bbox 1250 2423 1537 2493; x_wconf 89' lang='lat' dir='ltr'>scriptum</span> <span class='ocrx_word' id='word_1_290' title='bbox 1569 2430 1658 2479; x_wconf 90' lang='lat' dir='ltr'>est</span> <span class='ocrx_word' id='word_1_291' title='bbox 1681 2427 1720 2482; x_wconf 80' lang='grc' dir='ltr'>ί.</span> <span class='ocrx_word' id='word_1_292' title='bbox 1755 2425 1819 2479; x_wconf 91' lang='lat' dir='ltr'>In</span> <span class='ocrx_word' id='word_1_293' title='bbox 1861 2425 1989 2495; x_wconf 88' lang='lat' dir='ltr'>ipsa</span> <span class='ocrx_word' id='word_1_294' title='bbox 2045 2441 2116 2479; x_wconf 88' lang='lat' dir='ltr'>au</span> 
     </span>
    </p>
   </div>
   <div class='ocr_carea' id='block_1_44' title="bbox 2199 2422 3807 2512">
    <p class='ocr_par' dir='ltr' id='par_1_44' title="bbox 2266 2422 3807 2512">
     <span class='ocr_line' id='line_1_45' title="bbox 2266 2422 3807 2512; baseline -0.001 -22"><span class='ocrx_word' id='word_1_295' title='bbox 2266 2433 2364 2495; x_wconf 76' lang='grc' dir='ltr'>τῆς</span> <span class='ocrx_word' id='word_1_296' title='bbox 2424 2431 2746 2506; x_wconf 70' lang='grc' dir='ltr'>Ἀρτέμιδος</span> <span class='ocrx_word' id='word_1_297' title='bbox 2813 2436 3250 2512; x_wconf 73' lang='grc' dir='ltr'>ἀναγορεύεσθαι,</span> <span class='ocrx_word' id='word_1_298' title='bbox 3313 2422 3404 2502; x_wconf 78' lang='grc' dir='ltr'>ὡς</span> <span class='ocrx_word' id='word_1_299' title='bbox 3442 2440 3490 2494; x_wconf 84' lang='grc' dir='ltr'>ἐν</span> <span class='ocrx_word' id='word_1_300' title='bbox 3533 2445 3628 2499; x_wconf 81' lang='grc' dir='ltr'>ταῖς</span> <span class='ocrx_word' id='word_1_301' title='bbox 3668 2422 3807 2511; x_wconf 69' lang='grc' dir='ltr'>Πράξε-</span> 
     </span>
    </p>
   </div>
   <div class='ocr_carea' id='block_1_45' title="bbox 508 2510 2116 2610">
    <p class='ocr_par' dir='ltr' id='par_1_45' title="bbox 508 2510 2116 2586">
     <span class='ocr_line' id='line_1_46' title="bbox 508 2510 2116 2586; baseline 0.004 -22"><span class='ocrx_word' id='word_1_302' title='bbox 508 2515 628 2565; x_wconf 89' lang='lat' dir='ltr'>tem</span> <span class='ocrx_word' id='word_1_303' title='bbox 659 2510 887 2581; x_wconf 82' lang='lat' dir='ltr'>Epheso</span> <span class='ocrx_word' id='word_1_304' title='bbox 912 2513 1166 2566; x_wconf 85' lang='lat' dir='ltr'>Joannes</span> <span class='ocrx_word' id='word_1_305' title='bbox 1190 2519 1324 2583; x_wconf 88' lang='lat' dir='ltr'>post</span> <span class='ocrx_word' id='word_1_306' title='bbox 1350 2514 1775 2586; x_wconf 81' lang='lat' dir='ltr'>relegationem</span> <span class='ocrx_word' id='word_1_307' title='bbox 1800 2514 1988 2570; x_wconf 91' lang='lat' dir='ltr'>multo</span> <span class='ocrx_word' id='word_1_308' title='bbox 2013 2520 2116 2570; x_wconf 80' lang='lat' dir='ltr'>ten</span> 
     </span>
    </p>
   </div>
   <div class='ocr_carea' id='block_1_46' title="bbox 2197 2510 3805 2610">
    <p class='ocr_par' dir='ltr' id='par_1_46' title="bbox 2267 2510 3805 2610">
     <span class='ocr_line' id='line_1_47' title="bbox 2267 2510 3805 2610; baseline 0.003 -36"><span class='ocrx_word' id='word_1_309' title='bbox 2267 2541 2348 2576; x_wconf 93' lang='grc' dir='ltr'>σιν</span> <span class='ocrx_word' id='word_1_310' title='bbox 2409 2523 2717 2597; x_wconf 77' lang='grc' dir='ltr'>ἱστόρηται.</span> <span class='ocrx_word' id='word_1_311' title='bbox 2771 2529 2856 2584; x_wconf 83' lang='grc' dir='ltr'>Ἐν</span> <span class='ocrx_word' id='word_1_312' title='bbox 2916 2510 3051 2602; x_wconf 83' lang='grc' dir='ltr'>αὐτῇ</span> <span class='ocrx_word' id='word_1_313' title='bbox 3122 2527 3177 2584; x_wconf 76' lang='grc' dir='ltr'>δὲ</span> <span class='ocrx_word' id='word_1_314' title='bbox 3233 2534 3303 2604; x_wconf 83' lang='grc' dir='ltr'>τῇ</span> <span class='ocrx_word' id='word_1_315' title='bbox 3365 2527 3621 2610; x_wconf 51' lang='grc' dir='ltr'>Ἐφέιημὸ</span> <span class='ocrx_word' id='word_1_316' title='bbox 3657 2510 3805 2600; x_wconf 63' lang='grc' dir='ltr'>εὐαγγε-</span> 
     </span>
    </p>
   </div>
   <div class='ocr_carea' id='block_1_47' title="bbox 504 2601 2112 2692">
    <p class='ocr_par' dir='ltr' id='par_1_47' title="bbox 504 2601 2112 2672">
     <span class='ocr_line' id='line_1_48' title="bbox 504 2601 2112 2672; baseline 0.001 -18"><span class='ocrx_word' id='word_1_317' title='bbox 504 2615 646 2670; x_wconf 88' lang='lat' dir='ltr'>pore</span> <span class='ocrx_word' id='word_1_318' title='bbox 677 2606 942 2656; x_wconf 88' lang='lat' dir='ltr'>versatus</span> <span class='ocrx_word' id='word_1_319' title='bbox 992 2607 1099 2665; x_wconf 91' lang='lat' dir='ltr'>est,</span> <span class='ocrx_word' id='word_1_320' title='bbox 1136 2601 1195 2655; x_wconf 89' lang='lat' dir='ltr'>in</span> <span class='ocrx_word' id='word_1_321' title='bbox 1229 2618 1344 2672; x_wconf 89' lang='lat' dir='ltr'>qua</span> <span class='ocrx_word' id='word_1_322' title='bbox 1374 2603 1552 2658; x_wconf 89' lang='lat' dir='ltr'>etiam</span> <span class='ocrx_word' id='word_1_323' title='bbox 1621 2603 1787 2658; x_wconf 90' lang='lat' dir='ltr'>obiit.</span> <span class='ocrx_word' id='word_1_324' title='bbox 1850 2605 1918 2658; x_wconf 93' lang='lat' dir='ltr'>Et</span> <span class='ocrx_word' id='word_1_325' title='bbox 1969 2603 2112 2658; x_wconf 76' lang='lat' dir='ltr'>Tim&lt;</span> 
     </span>
    </p>
   </div>
   <div class='ocr_carea' id='block_1_48' title="bbox 2194 2601 3802 2692">
    <p class='ocr_par' dir='ltr' id='par_1_48' title="bbox 2268 2601 3802 2692">
     <span class='ocr_line' id='line_1_49' title="bbox 2268 2601 3802 2692; baseline 0.005 -28"><span class='ocrx_word' id='word_1_326' title='bbox 2268 2607 2460 2681; x_wconf 79' lang='grc' dir='ltr'>λιστής</span> <span class='ocrx_word' id='word_1_327' title='bbox 2521 2614 2780 2683; x_wconf 78' lang='grc' dir='ltr'>Ἰωάννης</span> <span class='ocrx_word' id='word_1_328' title='bbox 2837 2601 3146 2690; x_wconf 73' lang='grc' dir='ltr'>ἐξορισθεὲς.</span> <span class='ocrx_word' id='word_1_329' title='bbox 3201 2601 3445 2692; x_wconf 65' lang='grc' dir='ltr'>διέτριψε</span> <span class='ocrx_word' id='word_1_330' title='bbox 3487 2601 3674 2684; x_wconf 77' lang='grc' dir='ltr'>πολλὰ,</span> <span class='ocrx_word' id='word_1_331' title='bbox 3715 2612 3802 2685; x_wconf 74' lang='grc' dir='ltr'>ἕνῇ</span> 
     </span>
    </p>
   </div>
   <div class='ocr_carea' id='block_1_49' title="bbox 504 2688 2112 2780">
    <p class='ocr_par' dir='ltr' id='par_1_49' title="bbox 504 2688 2112 2762">
     <span class='ocr_line' id='line_1_50' title="bbox 504 2688 2112 2762; baseline 0.002 -20"><span class='ocrx_word' id='word_1_332' title='bbox 504 2688 706 2743; x_wconf 86' lang='lat' dir='ltr'>theum</span> <span class='ocrx_word' id='word_1_333' title='bbox 740 2689 958 2744; x_wconf 84' lang='lat' dir='ltr'>Paulus</span> <span class='ocrx_word' id='word_1_334' title='bbox 991 2690 1333 2761; x_wconf 90' lang='lat' dir='ltr'>episcopum</span> <span class='ocrx_word' id='word_1_335' title='bbox 1367 2691 1446 2745; x_wconf 88' lang='lat' dir='ltr'>ibi</span> <span class='ocrx_word' id='word_1_336' title='bbox 1471 2691 1782 2748; x_wconf 85' lang='lat' dir='ltr'>ordinavit.</span> <span class='ocrx_word' id='word_1_337' title='bbox 1811 2691 2112 2762; x_wconf 89' lang='lat' dir='ltr'>Philosopl</span> 
     </span>
    </p>
   </div>
   <div class='ocr_carea' id='block_1_50' title="bbox 2189 2688 3797 2780">
    <p class='ocr_par' dir='ltr' id='par_1_50' title="bbox 2264 2700 3797 2780">
     <span class='ocr_line' id='line_1_51' title="bbox 2264 2700 3797 2780; baseline 0.001 -26"><span class='ocrx_word' id='word_1_338' title='bbox 2264 2700 2355 2754; x_wconf 87' lang='grc' dir='ltr'>καὶ</span> <span class='ocrx_word' id='word_1_339' title='bbox 2419 2709 2662 2774; x_wconf 83' lang='grc' dir='ltr'>τεκευτᾷ.</span> <span class='ocrx_word' id='word_1_340' title='bbox 2710 2706 2810 2761; x_wconf 80' lang='grc' dir='ltr'>Καὶ</span> <span class='ocrx_word' id='word_1_341' title='bbox 2871 2707 2961 2762; x_wconf 86' lang='grc' dir='ltr'>τὸν</span> <span class='ocrx_word' id='word_1_342' title='bbox 3023 2709 3302 2780; x_wconf 85' lang='grc' dir='ltr'>Τιμόθεον</span> <span class='ocrx_word' id='word_1_343' title='bbox 3357 2708 3558 2770; x_wconf 85' lang='grc' dir='ltr'>Παῦλος</span> <span class='ocrx_word' id='word_1_344' title='bbox 3600 2707 3681 2760; x_wconf 75' lang='grc' dir='ltr'>ἐκεῖ</span> <span class='ocrx_word' id='word_1_345' title='bbox 3719 2702 3797 2757; x_wconf 78' lang='grc' dir='ltr'>ἐπί·</span> 
     </span>
    </p>
   </div>
   <div class='ocr_carea' id='block_1_51' title="bbox 501 2779 2109 2877">
    <p class='ocr_par' dir='ltr' id='par_1_51' title="bbox 501 2779 2109 2852">
     <span class='ocr_line' id='line_1_52' title="bbox 501 2779 2109 2852; baseline 0.004 -22"><span class='ocrx_word' id='word_1_346' title='bbox 501 2793 639 2831; x_wconf 88' lang='lat' dir='ltr'>vero</span> <span class='ocrx_word' id='word_1_347' title='bbox 671 2779 770 2847; x_wconf 90' lang='lat' dir='ltr'>qui</span> <span class='ocrx_word' id='word_1_348' title='bbox 807 2795 909 2848; x_wconf 91' lang='lat' dir='ltr'>per</span> <span class='ocrx_word' id='word_1_349' title='bbox 939 2779 1136 2833; x_wconf 85' lang='lat' dir='ltr'>Asiam</span> <span class='ocrx_word' id='word_1_350' title='bbox 1170 2779 1487 2837; x_wconf 76' lang='lat' dir='ltr'>florebant.</span> <span class='ocrx_word' id='word_1_351' title='bbox 1523 2781 1736 2852; x_wconf 84' lang='lat' dir='ltr'>Ephesi</span> <span class='ocrx_word' id='word_1_352' title='bbox 1779 2781 2109 2852; x_wconf 80' lang='lat' dir='ltr'>potissimm</span> 
     </span>
    </p>
   </div>
   <div class='ocr_carea' id='block_1_52' title="bbox 2182 2779 3790 2877">
    <p class='ocr_par' dir='ltr' id='par_1_52' title="bbox 2265 2790 3790 2877">
     <span class='ocr_line' id='line_1_53' title="bbox 2265 2790 3790 2877; baseline 0.005 -35"><span class='ocrx_word' id='word_1_353' title='bbox 2265 2810 2464 2845; x_wconf 89' lang='grc' dir='ltr'>σκοπον</span> <span class='ocrx_word' id='word_1_354' title='bbox 2523 2790 2906 2868; x_wconf 72' lang='grc' dir='ltr'>ἒχειροτόνησε</span> <span class='ocrx_word' id='word_1_355' title='bbox 2937 2840 2950 2852; x_wconf 96' lang='grc'>.</span> <span class='ocrx_word' id='word_1_356' title='bbox 3001 2801 3117 2851; x_wconf 92' lang='grc' dir='ltr'>Τῶν</span> <span class='ocrx_word' id='word_1_357' title='bbox 3175 2795 3236 2852; x_wconf 74' lang='grc' dir='ltr'>δὲ</span> <span class='ocrx_word' id='word_1_358' title='bbox 3299 2797 3588 2877; x_wconf 57' lang='grc' dir='ltr'>φιλοσότων</span> <span class='ocrx_word' id='word_1_359' title='bbox 3633 2798 3667 2850; x_wconf 69' lang='grc' dir='ltr'>οἳ</span> <span class='ocrx_word' id='word_1_360' title='bbox 3705 2791 3790 2845; x_wconf 70' lang='grc' dir='ltr'>κιτᾶ</span> 
     </span>
    </p>
   </div>
   <div class='ocr_carea' id='block_1_53' title="bbox 503 2865 2111 2962">
    <p class='ocr_par' dir='ltr' id='par_1_53' title="bbox 503 2865 2111 2940">
     <span class='ocr_line' id='line_1_54' title="bbox 503 2865 2111 2940; baseline 0.006 -24"><span class='ocrx_word' id='word_1_361' title='bbox 503 2865 925 2922; x_wconf 87' lang='lat' dir='ltr'>versabantur:</span> <span class='ocrx_word' id='word_1_362' title='bbox 978 2867 1107 2922; x_wconf 91' lang='lat' dir='ltr'>ideo</span> <span class='ocrx_word' id='word_1_363' title='bbox 1151 2885 1362 2940; x_wconf 83' lang='lat' dir='ltr'>magno</span> <span class='ocrx_word' id='word_1_364' title='bbox 1395 2869 1590 2924; x_wconf 88' lang='lat' dir='ltr'>studio</span> <span class='ocrx_word' id='word_1_365' title='bbox 1624 2886 1766 2924; x_wconf 90' lang='lat' dir='ltr'>usus</span> <span class='ocrx_word' id='word_1_366' title='bbox 1793 2875 1884 2925; x_wconf 91' lang='lat' dir='ltr'>est</span> <span class='ocrx_word' id='word_1_367' title='bbox 1915 2887 2048 2926; x_wconf 90' lang='lat' dir='ltr'>cum</span> <span class='ocrx_word' id='word_1_368' title='bbox 2083 2888 2111 2926; x_wconf 89' lang='lat' dir='ltr'>a</span> 
     </span>
    </p>
   </div>
   <div class='ocr_carea' id='block_1_54' title="bbox 2171 2865 3779 2962">
    <p class='ocr_par' dir='ltr' id='par_1_54' title="bbox 2262 2881 3779 2962">
     <span class='ocr_line' id='line_1_55' title="bbox 2262 2881 3779 2962; baseline 0.01 -29"><span class='ocrx_word' id='word_1_369' title='bbox 2262 2881 2361 2948; x_wconf 74' lang='grc' dir='ltr'>τήν</span> <span class='ocrx_word' id='word_1_370' title='bbox 2390 2881 2572 2937; x_wconf 82' lang='grc' dir='ltr'>Ἀσίαν</span> <span class='ocrx_word' id='word_1_371' title='bbox 2608 2883 2911 2952; x_wconf 78' lang='grc' dir='ltr'>ἀνθοῦντες,</span> <span class='ocrx_word' id='word_1_372' title='bbox 2961 2883 3012 2939; x_wconf 79' lang='grc' dir='ltr'>ἐν</span> <span class='ocrx_word' id='word_1_373' title='bbox 3044 2889 3111 2959; x_wconf 78' lang='grc' dir='ltr'>τῇ</span> <span class='ocrx_word' id='word_1_374' title='bbox 3141 2885 3361 2962; x_wconf 73' lang='grc' dir='ltr'>Ἐφέσῳ</span> <span class='ocrx_word' id='word_1_375' title='bbox 3398 2885 3600 2959; x_wconf 73' lang='grc' dir='ltr'>μαλιστα</span> <span class='ocrx_word' id='word_1_376' title='bbox 3640 2881 3779 2953; x_wconf 74' lang='grc' dir='ltr'>διῆγον-</span> 
     </span>
    </p>
   </div>
   <div class='ocr_carea' id='block_1_55' title="bbox 504 2955 2112 3051">
    <p class='ocr_par' dir='ltr' id='par_1_55' title="bbox 504 2955 2112 3030">
     <span class='ocr_line' id='line_1_56' title="bbox 504 2955 2112 3030; baseline 0.003 -20"><span class='ocrx_word' id='word_1_377' title='bbox 504 2970 604 3010; x_wconf 90' lang='lat' dir='ltr'>eos</span> <span class='ocrx_word' id='word_1_378' title='bbox 627 2955 932 3023; x_wconf 87' lang='lat' dir='ltr'>scriberet,</span> <span class='ocrx_word' id='word_1_379' title='bbox 967 2963 1025 3012; x_wconf 87' lang='lat' dir='ltr'>et</span> <span class='ocrx_word' id='word_1_380' title='bbox 1066 2958 1481 3030; x_wconf 82' lang='lat' dir='ltr'>profundiores</span> <span class='ocrx_word' id='word_1_381' title='bbox 1532 2960 1859 3015; x_wconf 87' lang='lat' dir='ltr'>sententias</span> <span class='ocrx_word' id='word_1_382' title='bbox 1891 2960 1978 3015; x_wconf 90' lang='lat' dir='ltr'>eis</span> <span class='ocrx_word' id='word_1_383' title='bbox 2010 2962 2112 3015; x_wconf 82' lang='lat' dir='ltr'>scri</span> 
     </span>
    </p>
   </div>
   <div class='ocr_carea' id='block_1_56' title="bbox 2167 2955 3775 3051">
    <p class='ocr_par' dir='ltr' id='par_1_56' title="bbox 2267 2969 3775 3051">
     <span class='ocr_line' id='line_1_57' title="bbox 2267 2969 3775 3051; baseline 0.011 -29"><span class='ocrx_word' id='word_1_384' title='bbox 2267 2969 2359 3023; x_wconf 88' lang='grc' dir='ltr'>Διὸ</span> <span class='ocrx_word' id='word_1_385' title='bbox 2391 2969 2582 3044; x_wconf 79' lang='grc' dir='ltr'>πολλῇ</span> <span class='ocrx_word' id='word_1_386' title='bbox 2615 2969 2825 3046; x_wconf 79' lang='grc' dir='ltr'>σπουδῇ</span> <span class='ocrx_word' id='word_1_387' title='bbox 2859 2972 3149 3051; x_wconf 73' lang='grc' dir='ltr'>κέχρηται,</span> <span class='ocrx_word' id='word_1_388' title='bbox 3208 2977 3350 3050; x_wconf 75' lang='grc' dir='ltr'>πρὸς</span> <span class='ocrx_word' id='word_1_389' title='bbox 3418 2976 3580 3034; x_wconf 73' lang='grc' dir='ltr'>αὐτοὺς</span> <span class='ocrx_word' id='word_1_390' title='bbox 3616 2971 3775 3046; x_wconf 60' lang='grc' dir='ltr'>γρέῼων-</span> 
     </span>
    </p>
   </div>
   <div class='ocr_carea' id='block_1_57' title="bbox 499 3040 2107 3136">
    <p class='ocr_par' dir='ltr' id='par_1_57' title="bbox 499 3040 2100 3114">
     <span class='ocr_line' id='line_1_58' title="bbox 499 3040 2100 3114; baseline 0.003 -18"><span class='ocrx_word' id='word_1_391' title='bbox 499 3040 604 3105; x_wconf 89' lang='lat' dir='ltr'>bit,</span> <span class='ocrx_word' id='word_1_392' title='bbox 638 3061 770 3114; x_wconf 76' lang='lat' dir='ltr'>quaa</span> <span class='ocrx_word' id='word_1_393' title='bbox 802 3044 980 3100; x_wconf 88' lang='lat' dir='ltr'>etiam</span> <span class='ocrx_word' id='word_1_394' title='bbox 1033 3045 1094 3100; x_wconf 90' lang='lat' dir='ltr'>in</span> <span class='ocrx_word' id='word_1_395' title='bbox 1155 3043 1267 3099; x_wconf 86' lang='lat' dir='ltr'>ﬁde</span> <span class='ocrx_word' id='word_1_396' title='bbox 1325 3045 1630 3100; x_wconf 90' lang='lat' dir='ltr'>instructis</span> <span class='ocrx_word' id='word_1_397' title='bbox 1680 3046 1800 3101; x_wconf 90' lang='lat' dir='ltr'>sint</span> <span class='ocrx_word' id='word_1_398' title='bbox 1846 3045 2100 3101; x_wconf 90' lang='lat' dir='ltr'>sublime</span> 
     </span>
    </p>
   </div>
   <div class='ocr_carea' id='block_1_58' title="bbox 2175 3040 3783 3136">
    <p class='ocr_par' dir='ltr' id='par_1_58' title="bbox 2267 3052 3783 3136">
     <span class='ocr_line' id='line_1_59' title="bbox 2267 3052 3783 3136; baseline -0.005 -22"><span class='ocrx_word' id='word_1_399' title='bbox 2267 3058 2368 3114; x_wconf 84' lang='grc' dir='ltr'>Καὶ</span> <span class='ocrx_word' id='word_1_400' title='bbox 2399 3058 2468 3114; x_wconf 79' lang='grc' dir='ltr'>τὰ</span> <span class='ocrx_word' id='word_1_401' title='bbox 2500 3061 2770 3136; x_wconf 71' lang='grc' dir='ltr'>βαθύτερα</span> <span class='ocrx_word' id='word_1_402' title='bbox 2802 3061 2868 3131; x_wconf 79' lang='grc' dir='ltr'>δὴ</span> <span class='ocrx_word' id='word_1_403' title='bbox 2913 3067 3021 3117; x_wconf 89' lang='grc' dir='ltr'>τῶν</span> <span class='ocrx_word' id='word_1_404' title='bbox 3080 3066 3382 3136; x_wconf 81' lang='grc' dir='ltr'>νοημάτων</span> <span class='ocrx_word' id='word_1_405' title='bbox 3448 3065 3602 3124; x_wconf 73' lang='grc' dir='ltr'>αὐτοῖς</span> <span class='ocrx_word' id='word_1_406' title='bbox 3619 3052 3783 3114; x_wconf 57' lang='lat' dir='ltr'>ixmil.-</span> 
     </span>
    </p>
   </div>
   <div class='ocr_carea' id='block_1_59' title="bbox 501 3132 2109 3229">
    <p class='ocr_par' dir='ltr' id='par_1_59' title="bbox 501 3132 2109 3206">
     <span class='ocr_line' id='line_1_60' title="bbox 501 3132 2109 3206; baseline 0.001 -19"><span class='ocrx_word' id='word_1_407' title='bbox 501 3132 712 3187; x_wconf 84' lang='lat' dir='ltr'>Scribit</span> <span class='ocrx_word' id='word_1_408' title='bbox 744 3139 944 3188; x_wconf 86' lang='lat' dir='ltr'>autem</span> <span class='ocrx_word' id='word_1_409' title='bbox 975 3133 1046 3188; x_wconf 91' lang='lat' dir='ltr'>ab</span> <span class='ocrx_word' id='word_1_410' title='bbox 1080 3133 1223 3189; x_wconf 90' lang='lat' dir='ltr'>urbe</span> <span class='ocrx_word' id='word_1_411' title='bbox 1248 3137 1432 3191; x_wconf 81' lang='lat' dir='ltr'>Roma</span> <span class='ocrx_word' id='word_1_412' title='bbox 1480 3135 1802 3206; x_wconf 89' lang='lat' dir='ltr'>Epistolam</span> <span class='ocrx_word' id='word_1_413' title='bbox 1829 3152 1962 3191; x_wconf 89' lang='lat' dir='ltr'>cum</span> <span class='ocrx_word' id='word_1_414' title='bbox 1997 3151 2109 3190; x_wconf 66' lang='lat' dir='ltr'>essc</span> 
     </span>
    </p>
   </div>
   <div class='ocr_carea' id='block_1_60' title="bbox 2190 3132 3798 3229">
    <p class='ocr_par' dir='ltr' id='par_1_60' title="bbox 2192 3139 3798 3229">
     <span class='ocr_line' id='line_1_61' title="bbox 2192 3139 3798 3229; baseline 0.002 -27"><span class='ocrx_word' id='word_1_415' title='bbox 2192 3206 2234 3229; x_wconf 63' lang='grc' dir='ltr'>η</span> <span class='ocrx_word' id='word_1_416' title='bbox 2268 3146 2373 3208; x_wconf 89' lang='grc' dir='ltr'>λει,</span> <span class='ocrx_word' id='word_1_417' title='bbox 2433 3151 2526 3206; x_wconf 80' lang='grc' dir='ltr'>ἅτε</span> <span class='ocrx_word' id='word_1_418' title='bbox 2577 3151 3018 3228; x_wconf 84' lang='grc' dir='ltr'>κατηχουμένοις</span> <span class='ocrx_word' id='word_1_419' title='bbox 3076 3153 3165 3208; x_wconf 85' lang='grc' dir='ltr'>καὶ</span> <span class='ocrx_word' id='word_1_420' title='bbox 3229 3157 3300 3210; x_wconf 75' lang='grc' dir='ltr'>τὰ</span> <span class='ocrx_word' id='word_1_421' title='bbox 3362 3155 3553 3229; x_wconf 71' lang='grc' dir='ltr'>ὑψηλά.</span> <span class='ocrx_word' id='word_1_422' title='bbox 3595 3139 3798 3223; x_wconf 42' lang='lat' dir='ltr'>Damst?!</span> 
     </span>
    </p>
   </div>
   <div class='ocr_carea' id='block_1_61' title="bbox 503 3206 2111 3319">
    <p class='ocr_par' dir='ltr' id='par_1_61' title="bbox 503 3223 863 3279">
     <span class='ocr_line' id='line_1_62' title="bbox 503 3223 863 3279; baseline 0.003 -3"><span class='ocrx_word' id='word_1_423' title='bbox 503 3223 567 3278; x_wconf 90' lang='lat' dir='ltr'>in</span> <span class='ocrx_word' id='word_1_424' title='bbox 588 3223 863 3279; x_wconf 87' lang='lat' dir='ltr'>vinculis.</span> 
     </span>
    </p>
   </div>
   <div class='ocr_carea' id='block_1_62' title="bbox 2119 3206 3727 3319">
    <p class='ocr_par' dir='ltr' id='par_1_62' title="bbox 2191 3206 3727 3319">
     <span class='ocr_line' id='line_1_63' title="bbox 2191 3206 3727 3319; baseline 0 -28"><span class='ocrx_word' id='word_1_425' title='bbox 2191 3206 2236 3272; x_wconf 76' lang='lat' dir='ltr'><strong>C</strong></span> <span class='ocrx_word' id='word_1_426' title='bbox 2267 3235 2372 3292; x_wconf 81' lang='grc' dir='ltr'>ἀπὸ</span> <span class='ocrx_word' id='word_1_427' title='bbox 2403 3238 2622 3312; x_wconf 82' lang='grc' dir='ltr'>Ῥώμης</span> <span class='ocrx_word' id='word_1_428' title='bbox 2651 3206 2762 3310; x_wconf 66' lang='grc' dir='ltr'>τὴῖ</span> <span class='ocrx_word' id='word_1_429' title='bbox 2781 3243 3134 3312; x_wconf 75' lang='grc' dir='ltr'>Ἐπιστολὴν,</span> <span class='ocrx_word' id='word_1_430' title='bbox 3167 3240 3222 3297; x_wconf 79' lang='grc' dir='ltr'>ὲν</span> <span class='ocrx_word' id='word_1_431' title='bbox 3259 3206 3480 3319; x_wconf 67' lang='grc' dir='ltr'>δεσμδῑς</span> <span class='ocrx_word' id='word_1_432' title='bbox 3510 3243 3727 3315; x_wconf 67' lang='grc' dir='ltr'>ὑπάρχων.</span> 
     </span>
    </p>
   </div>
   <div class='ocr_carea' id='block_1_63' title="bbox 714 3354 2322 3489">
    <p class='ocr_par' dir='ltr' id='par_1_63' title="bbox 714 3354 1937 3412">
     <span class='ocr_line' id='line_1_64' title="bbox 714 3354 1937 3412; baseline 0 -2"><span class='ocrx_word' id='word_1_433' title='bbox 714 3354 1080 3412; x_wconf 67' lang='grc' dir='ltr'>Ερῑδτοιᾱι</span> <span class='ocrx_word' id='word_1_434' title='bbox 1117 3357 1218 3409; x_wconf 80' lang='lat' dir='ltr'>AD</span> <span class='ocrx_word' id='word_1_435' title='bbox 1265 3356 1607 3412; x_wconf 84' lang='lat' dir='ltr'>EPHESIOS</span> <span class='ocrx_word' id='word_1_436' title='bbox 1657 3357 1937 3412; x_wconf 80' lang='lat' dir='ltr'>CAPITA.</span> 
     </span>
    </p>
   </div>
   <div class='ocr_carea' id='block_1_64' title="bbox 2151 3354 3759 3489">
    <p class='ocr_par' dir='ltr' id='par_1_64' title="bbox 2331 3357 3759 3489">
     <span class='ocr_line' id='line_1_65' title="bbox 2331 3357 3759 3489; baseline -0.002 -76"><span class='ocrx_word' id='word_1_437' title='bbox 2331 3359 2701 3421; x_wconf 74' lang='grc' dir='ltr'>ΚΕΦΔΛΑΙΑ</span> <span class='ocrx_word' id='word_1_438' title='bbox 2739 3361 2881 3417; x_wconf 81' lang='grc' dir='ltr'>ΤΗΣ</span> <span class='ocrx_word' id='word_1_439' title='bbox 3170 3366 3516 3423; x_wconf 77' lang='grc' dir='ltr'>ΕΦΕΣΙΟΥΣ</span> <span class='ocrx_word' id='word_1_440' title='bbox 3551 3357 3759 3418; x_wconf 70' lang='grc' dir='ltr'>ΕΠΙΣΤΟι</span> 
     </span>
    </p>
   </div>
   <div class='ocr_carea' id='block_1_65' title="bbox 2997 3440 3162 3490">
    <p class='ocr_par' dir='ltr' id='par_1_65' title="bbox 2997 3440 3162 3490">
     <span class='ocr_line' id='line_1_66' title="bbox 2997 3440 3162 3490; baseline 0.024 -4"><span class='ocrx_word' id='word_1_441' title='bbox 2997 3440 3162 3490; x_wconf 86' lang='grc' dir='ltr'>ΛΗΣ.</span> 
     </span>
    </p>
   </div>
   <div class='ocr_carea' id='block_1_66' title="bbox 509 3517 2117 3598">
    <p class='ocr_par' dir='ltr' id='par_1_66' title="bbox 509 3525 2117 3595">
     <span class='ocr_line' id='line_1_67' title="bbox 509 3525 2117 3595; baseline 0.002 -17"><span class='ocrx_word' id='word_1_442' title='bbox 509 3525 558 3578; x_wconf 94' lang='grc'>1.</span> <span class='ocrx_word' id='word_1_443' title='bbox 593 3525 670 3579; x_wconf 91' lang='lat' dir='ltr'>De</span> <span class='ocrx_word' id='word_1_444' title='bbox 698 3527 876 3580; x_wconf 79' lang='lat' dir='ltr'>nostri</span> <span class='ocrx_word' id='word_1_445' title='bbox 901 3542 1002 3595; x_wconf 81' lang='lat' dir='ltr'>per</span> <span class='ocrx_word' id='word_1_446' title='bbox 1048 3526 1334 3582; x_wconf 86' lang='lat' dir='ltr'>Dominum</span> <span class='ocrx_word' id='word_1_447' title='bbox 1365 3526 1625 3583; x_wconf 79' lang='lat' dir='ltr'>electione</span> <span class='ocrx_word' id='word_1_448' title='bbox 1653 3534 1705 3582; x_wconf 88' lang='lat' dir='ltr'>et</span> <span class='ocrx_word' id='word_1_449' title='bbox 1744 3528 2117 3583; x_wconf 86' lang='lat' dir='ltr'>introduction</span> 
     </span>
    </p>
   </div>
   <div class='ocr_carea' id='block_1_67' title="bbox 2203 3517 3811 3598">
    <p class='ocr_par' dir='ltr' id='par_1_67' title="bbox 2258 3517 3811 3598">
     <span class='ocr_line' id='line_1_68' title="bbox 2258 3517 3811 3598; baseline -0.001 -27"><span class='ocrx_word' id='word_1_450' title='bbox 2258 3523 2322 3575; x_wconf 85' lang='grc' dir='ltr'>α’.</span> <span class='ocrx_word' id='word_1_451' title='bbox 2363 3519 2491 3594; x_wconf 86' lang='grc' dir='ltr'>Περὶ</span> <span class='ocrx_word' id='word_1_452' title='bbox 2521 3525 2621 3588; x_wconf 83' lang='grc' dir='ltr'>τῆς</span> <span class='ocrx_word' id='word_1_453' title='bbox 2649 3517 2703 3574; x_wconf 83' lang='grc' dir='ltr'>ἔν</span> <span class='ocrx_word' id='word_1_454' title='bbox 2738 3522 2916 3595; x_wconf 82' lang='grc' dir='ltr'>Κυρίῳ</span> <span class='ocrx_word' id='word_1_455' title='bbox 2947 3519 3182 3598; x_wconf 73' lang='grc' dir='ltr'>ἐκλογῆς</span> <span class='ocrx_word' id='word_1_456' title='bbox 3233 3525 3402 3597; x_wconf 84' lang='grc' dir='ltr'>ἡμῶν</span> <span class='ocrx_word' id='word_1_457' title='bbox 3456 3523 3536 3578; x_wconf 83' lang='grc' dir='ltr'>καὶ</span> <span class='ocrx_word' id='word_1_458' title='bbox 3590 3517 3811 3592; x_wconf 73' lang='grc' dir='ltr'>εῗσαγωγῆς</span> 
     </span>
    </p>
   </div>
   <div class='ocr_carea' id='block_1_68' title="bbox 580 3603 2188 3684">
    <p class='ocr_par' dir='ltr' id='par_1_68' title="bbox 580 3617 1041 3684">
     <span class='ocr_line' id='line_1_69' title="bbox 580 3617 1041 3684; baseline 0.002 -16"><span class='ocrx_word' id='word_1_459' title='bbox 580 3630 644 3669; x_wconf 90' lang='lat' dir='ltr'>ac</span> <span class='ocrx_word' id='word_1_460' title='bbox 678 3617 1041 3684; x_wconf 80' lang='lat' dir='ltr'>perfectione.</span> 
     </span>
    </p>
   </div>
   <div class='ocr_carea' id='block_1_69' title="bbox 1184 3603 2792 3684">
    <p class='ocr_par' dir='ltr' id='par_1_69' title="bbox 2330 3603 2792 3666">
     <span class='ocr_line' id='line_1_70' title="bbox 2330 3603 2792 3666; baseline 0.009 -9"><span class='ocrx_word' id='word_1_461' title='bbox 2330 3603 2417 3658; x_wconf 79' lang='grc' dir='ltr'>καὶ</span> <span class='ocrx_word' id='word_1_462' title='bbox 2438 3603 2792 3666; x_wconf 80' lang='grc' dir='ltr'>τελειώσεως.</span> 
     </span>
    </p>
   </div>
   <div class='ocr_carea' id='block_1_70' title="bbox 503 3693 2111 3778">
    <p class='ocr_par' dir='ltr' id='par_1_70' title="bbox 503 3704 2111 3778">
     <span class='ocr_line' id='line_1_71' title="bbox 503 3704 2111 3778; baseline 0.002 -21"><span class='ocrx_word' id='word_1_463' title='bbox 503 3705 556 3757; x_wconf 82' lang='grc'>2.</span> <span class='ocrx_word' id='word_1_464' title='bbox 611 3704 863 3758; x_wconf 76' lang='lat' dir='ltr'>Precatio</span> <span class='ocrx_word' id='word_1_465' title='bbox 907 3720 1014 3774; x_wconf 88' lang='lat' dir='ltr'>pro</span> <span class='ocrx_word' id='word_1_466' title='bbox 1067 3707 1380 3774; x_wconf 83' lang='lat' dir='ltr'>cognitione</span> <span class='ocrx_word' id='word_1_467' title='bbox 1438 3707 1700 3761; x_wconf 87' lang='lat' dir='ltr'>bonorum</span> <span class='ocrx_word' id='word_1_468' title='bbox 1755 3722 1887 3775; x_wconf 87' lang='lat' dir='ltr'>erga</span> <span class='ocrx_word' id='word_1_469' title='bbox 1915 3722 2009 3762; x_wconf 87' lang='lat' dir='ltr'>nos</span> <span class='ocrx_word' id='word_1_470' title='bbox 2049 3724 2111 3778; x_wconf 74' lang='lat' dir='ltr'>pe</span> 
     </span>
    </p>
   </div>
   <div class='ocr_carea' id='block_1_71' title="bbox 2202 3693 3810 3778">
    <p class='ocr_par' dir='ltr' id='par_1_71' title="bbox 2259 3693 3810 3775">
     <span class='ocr_line' id='line_1_72' title="bbox 2259 3693 3810 3775; baseline -0.002 -26"><span class='ocrx_word' id='word_1_471' title='bbox 2259 3695 2326 3767; x_wconf 81' lang='grc' dir='ltr'>β’⁶</span> <span class='ocrx_word' id='word_1_472' title='bbox 2369 3695 2527 3770; x_wconf 83' lang='grc' dir='ltr'>Εὐχή</span> <span class='ocrx_word' id='word_1_473' title='bbox 2571 3696 2694 3769; x_wconf 82' lang='grc' dir='ltr'>περὶ</span> <span class='ocrx_word' id='word_1_474' title='bbox 2724 3697 2977 3770; x_wconf 83' lang='grc' dir='ltr'>γνώσεως</span> <span class='ocrx_word' id='word_1_475' title='bbox 3007 3701 3115 3752; x_wconf 90' lang='grc' dir='ltr'>τῶν</span> <span class='ocrx_word' id='word_1_476' title='bbox 3151 3695 3203 3752; x_wconf 84' lang='grc' dir='ltr'>ἒν</span> <span class='ocrx_word' id='word_1_477' title='bbox 3262 3701 3482 3775; x_wconf 79' lang='grc' dir='ltr'>Χριστῷ</span> <span class='ocrx_word' id='word_1_478' title='bbox 3540 3693 3810 3768; x_wconf 66' lang='grc' dir='ltr'>εἰσαχθέντων</span> 
     </span>
    </p>
   </div>
   <div class='ocr_carea' id='block_1_72' title="bbox 575 3783 2183 3859">
    <p class='ocr_par' dir='ltr' id='par_1_72' title="bbox 575 3793 1257 3851">
     <span class='ocr_line' id='line_1_73' title="bbox 575 3793 1257 3851; baseline 0.003 -3"><span class='ocrx_word' id='word_1_479' title='bbox 575 3793 855 3848; x_wconf 80' lang='lat' dir='ltr'>Christum</span> <span class='ocrx_word' id='word_1_480' title='bbox 882 3794 1257 3851; x_wconf 83' lang='lat' dir='ltr'>inductorum.</span> 
     </span>
    </p>
   </div>
   <div class='ocr_carea' id='block_1_73' title="bbox 1275 3783 2883 3859">
    <p class='ocr_par' dir='ltr' id='par_1_73' title="bbox 2361 3783 2883 3859">
     <span class='ocr_line' id='line_1_74' title="bbox 2361 3783 2883 3859; baseline 0.004 -21"><span class='ocrx_word' id='word_1_481' title='bbox 2361 3783 2579 3858; x_wconf 82' lang='grc' dir='ltr'>ἀγαθῶν</span> <span class='ocrx_word' id='word_1_482' title='bbox 2611 3785 2684 3847; x_wconf 84' lang='grc' dir='ltr'>εἰς</span> <span class='ocrx_word' id='word_1_483' title='bbox 2714 3787 2883 3859; x_wconf 78' lang='grc' dir='ltr'>ἡμᾶς.</span> 
     </span>
    </p>
   </div>
   <div class='ocr_carea' id='block_1_74' title="bbox 501 3867 2109 3956">
    <p class='ocr_par' dir='ltr' id='par_1_74' title="bbox 501 3885 2109 3956">
     <span class='ocr_line' id='line_1_75' title="bbox 501 3885 2109 3956; baseline 0.003 -21"><span class='ocrx_word' id='word_1_484' title='bbox 501 3885 552 3936; x_wconf 90' lang='lat'>3.</span> <span class='ocrx_word' id='word_1_485' title='bbox 596 3886 672 3938; x_wconf 86' lang='lat' dir='ltr'>De</span> <span class='ocrx_word' id='word_1_486' title='bbox 728 3885 985 3941; x_wconf 87' lang='lat' dir='ltr'>Gentium</span> <span class='ocrx_word' id='word_1_487' title='bbox 1043 3901 1106 3938; x_wconf 92' lang='lat' dir='ltr'>ac</span> <span class='ocrx_word' id='word_1_488' title='bbox 1166 3887 1481 3940; x_wconf 67' lang='lat' dir='ltr'>Iudaeorum</span> <span class='ocrx_word' id='word_1_489' title='bbox 1549 3888 1936 3954; x_wconf 77' lang='lat' dir='ltr'>familiaritate</span> <span class='ocrx_word' id='word_1_490' title='bbox 2018 3903 2109 3956; x_wconf 87' lang='lat' dir='ltr'>erg</span> 
     </span>
    </p>
   </div>
   <div class='ocr_carea' id='block_1_75' title="bbox 2207 3867 3815 3956">
    <p class='ocr_par' dir='ltr' id='par_1_75' title="bbox 2253 3867 3815 3952">
     <span class='ocr_line' id='line_1_76' title="bbox 2253 3867 3815 3952; baseline -0.002 -20"><span class='ocrx_word' id='word_1_491' title='bbox 2253 3881 2318 3952; x_wconf 71' lang='grc' dir='ltr'>γ’.</span> <span class='ocrx_word' id='word_1_492' title='bbox 2362 3875 2493 3950; x_wconf 84' lang='grc' dir='ltr'>Περὶ</span> <span class='ocrx_word' id='word_1_493' title='bbox 2558 3884 2657 3948; x_wconf 81' lang='grc' dir='ltr'>τῆς</span> <span class='ocrx_word' id='word_1_494' title='bbox 2730 3883 2834 3932; x_wconf 88' lang='grc' dir='ltr'>τῶν</span> <span class='ocrx_word' id='word_1_495' title='bbox 2903 3877 3084 3948; x_wconf 82' lang='grc' dir='ltr'>ἐθνῶν,</span> <span class='ocrx_word' id='word_1_496' title='bbox 3151 3881 3239 3933; x_wconf 85' lang='grc' dir='ltr'>καὶ</span> <span class='ocrx_word' id='word_1_497' title='bbox 3343 3876 3600 3937; x_wconf 79' lang='grc' dir='ltr'>Ἰουδαίων</span> <span class='ocrx_word' id='word_1_498' title='bbox 3666 3867 3815 3929; x_wconf 72' lang='grc' dir='ltr'>οἰκειώ-</span> 
     </span>
    </p>
   </div>
   <div class='ocr_carea' id='block_1_76' title="bbox 573 3957 2181 4046">
    <p class='ocr_par' dir='ltr' id='par_1_76' title="bbox 573 3975 2148 4046">
     <span class='ocr_line' id='line_1_77' title="bbox 573 3975 2148 4046; baseline 0.003 -18"><span class='ocrx_word' id='word_1_499' title='bbox 573 3978 742 4028; x_wconf 88' lang='lat' dir='ltr'>Deum</span> <span class='ocrx_word' id='word_1_500' title='bbox 780 3991 886 4044; x_wconf 88' lang='lat' dir='ltr'>per</span> <span class='ocrx_word' id='word_1_501' title='bbox 969 3975 1244 4030; x_wconf 84' lang='lat' dir='ltr'>Christum</span> <span class='ocrx_word' id='word_1_502' title='bbox 1328 3976 1394 4030; x_wconf 89' lang='lat' dir='ltr'>ob</span> <span class='ocrx_word' id='word_1_503' title='bbox 1453 3991 1603 4046; x_wconf 84' lang='lat' dir='ltr'>spem</span> <span class='ocrx_word' id='word_1_504' title='bbox 1660 3977 1959 4032; x_wconf 85' lang='lat' dir='ltr'>secundum</span> <span class='ocrx_word' id='word_1_505' title='bbox 2017 3992 2148 4046; x_wconf 56' lang='lat' dir='ltr'>gra.</span> 
     </span>
    </p>
   </div>
   <div class='ocr_carea' id='block_1_77' title="bbox 2206 3957 3814 4046">
    <p class='ocr_par' dir='ltr' id='par_1_77' title="bbox 2363 3957 3814 4042">
     <span class='ocr_line' id='line_1_78' title="bbox 2363 3957 3814 4042; baseline -0.004 -22"><span class='ocrx_word' id='word_1_506' title='bbox 2363 3986 2497 4028; x_wconf 88' lang='grc' dir='ltr'>σεως</span> <span class='ocrx_word' id='word_1_507' title='bbox 2567 3968 2701 4042; x_wconf 88' lang='grc' dir='ltr'>πρὸς</span> <span class='ocrx_word' id='word_1_508' title='bbox 2773 3967 2902 4023; x_wconf 86' lang='grc' dir='ltr'>Θεὸν</span> <span class='ocrx_word' id='word_1_509' title='bbox 2954 3965 3046 4023; x_wconf 82' lang='grc' dir='ltr'>διὰ</span> <span class='ocrx_word' id='word_1_510' title='bbox 3100 3971 3342 4042; x_wconf 82' lang='grc' dir='ltr'>Χριστοῦ</span> <span class='ocrx_word' id='word_1_511' title='bbox 3397 3969 3478 4024; x_wconf 83' lang='grc' dir='ltr'>ἐπ’</span> <span class='ocrx_word' id='word_1_512' title='bbox 3530 3963 3686 4023; x_wconf 83' lang='grc' dir='ltr'>ἐλπίδι</span> <span class='ocrx_word' id='word_1_513' title='bbox 3724 3957 3814 4014; x_wconf 68' lang='lat' dir='ltr'>mi</span> 
     </span>
    </p>
   </div>
   <div class='ocr_carea' id='block_1_78' title="bbox 572 4055 2180 4131">
    <p class='ocr_par' dir='ltr' id='par_1_78' title="bbox 572 4064 726 4116">
     <span class='ocr_line' id='line_1_79' title="bbox 572 4064 726 4116; baseline 0.006 -1"><span class='ocrx_word' id='word_1_514' title='bbox 572 4064 726 4116; x_wconf 88' lang='lat' dir='ltr'>tiam.</span> 
     </span>
    </p>
   </div>
   <div class='ocr_carea' id='block_1_79' title="bbox 939 4055 2547 4131">
    <p class='ocr_par' dir='ltr' id='par_1_79' title="bbox 2361 4055 2547 4131">
     <span class='ocr_line' id='line_1_80' title="bbox 2361 4055 2547 4131; baseline 0.011 -21"><span class='ocrx_word' id='word_1_515' title='bbox 2361 4055 2547 4131; x_wconf 83' lang='grc' dir='ltr'>χάριν.</span> 
     </span>
    </p>
   </div>
   <div class='ocr_carea' id='block_1_80' title="bbox 498 4142 2106 4230">
    <p class='ocr_par' dir='ltr' id='par_1_80' title="bbox 498 4150 2106 4226">
     <span class='ocr_line' id='line_1_81' title="bbox 498 4150 2106 4226; baseline 0.004 -23"><span class='ocrx_word' id='word_1_516' title='bbox 498 4151 552 4204; x_wconf 78' lang='grc'>4.</span> <span class='ocrx_word' id='word_1_517' title='bbox 593 4151 670 4205; x_wconf 89' lang='lat' dir='ltr'>De</span> <span class='ocrx_word' id='word_1_518' title='bbox 698 4150 830 4206; x_wconf 91' lang='lat' dir='ltr'>data</span> <span class='ocrx_word' id='word_1_519' title='bbox 859 4152 963 4208; x_wconf 84' lang='lat' dir='ltr'>sibi</span> <span class='ocrx_word' id='word_1_520' title='bbox 993 4153 1188 4208; x_wconf 69' lang='lat' dir='ltr'>divina</span> <span class='ocrx_word' id='word_1_521' title='bbox 1233 4154 1512 4224; x_wconf 81' lang='lat' dir='ltr'>sapientia</span> <span class='ocrx_word' id='word_1_522' title='bbox 1542 4154 1616 4209; x_wconf 85' lang='lat' dir='ltr'>ad</span> <span class='ocrx_word' id='word_1_523' title='bbox 1639 4157 1886 4226; x_wconf 84' lang='lat' dir='ltr'>gentium</span> <span class='ocrx_word' id='word_1_524' title='bbox 1935 4155 2106 4211; x_wconf 79' lang='lat' dir='ltr'>illumi</span> 
     </span>
    </p>
   </div>
   <div class='ocr_carea' id='block_1_81' title="bbox 2205 4142 3813 4230">
    <p class='ocr_par' dir='ltr' id='par_1_81' title="bbox 2255 4142 3813 4230">
     <span class='ocr_line' id='line_1_82' title="bbox 2255 4142 3813 4230; baseline 0 -29"><span class='ocrx_word' id='word_1_525' title='bbox 2255 4142 2318 4201; x_wconf 85' lang='grc' dir='ltr'>δ’.</span> <span class='ocrx_word' id='word_1_526' title='bbox 2363 4145 2492 4221; x_wconf 84' lang='grc' dir='ltr'>Περὶ</span> <span class='ocrx_word' id='word_1_527' title='bbox 2522 4152 2621 4215; x_wconf 75' lang='grc' dir='ltr'>τῆς</span> <span class='ocrx_word' id='word_1_528' title='bbox 2655 4143 2902 4217; x_wconf 77' lang='grc' dir='ltr'>δοθείσης</span> <span class='ocrx_word' id='word_1_529' title='bbox 2961 4149 3112 4221; x_wconf 82' lang='grc' dir='ltr'>αὐτῷ</span> <span class='ocrx_word' id='word_1_530' title='bbox 3166 4150 3314 4213; x_wconf 87' lang='grc' dir='ltr'>θείας</span> <span class='ocrx_word' id='word_1_531' title='bbox 3375 4150 3554 4230; x_wconf 73' lang='grc' dir='ltr'>σοφίας</span> <span class='ocrx_word' id='word_1_532' title='bbox 3577 4146 3644 4207; x_wconf 80' lang='grc' dir='ltr'>εἰς</span> <span class='ocrx_word' id='word_1_533' title='bbox 3670 4157 3813 4222; x_wconf 78' lang='grc' dir='ltr'>φωτισ-</span> 
     </span>
    </p>
   </div>
   <div class='ocr_carea' id='block_1_82' title="bbox 568 4232 2176 4313">
    <p class='ocr_par' dir='ltr' id='par_1_82' title="bbox 568 4243 1750 4312">
     <span class='ocr_line' id='line_1_83' title="bbox 568 4243 1750 4312; baseline 0.005 -17"><span class='ocrx_word' id='word_1_534' title='bbox 568 4243 848 4296; x_wconf 87' lang='lat' dir='ltr'>nationem</span> <span class='ocrx_word' id='word_1_535' title='bbox 878 4248 929 4296; x_wconf 89' lang='lat' dir='ltr'>et</span> <span class='ocrx_word' id='word_1_536' title='bbox 958 4244 1266 4298; x_wconf 72' lang='lat' dir='ltr'>daemonum</span> <span class='ocrx_word' id='word_1_537' title='bbox 1293 4245 1750 4312; x_wconf 77' lang='lat' dir='ltr'>confutationem°</span> 
     </span>
    </p>
   </div>
   <div class='ocr_carea' id='block_1_83' title="bbox 1761 4232 3369 4313">
    <p class='ocr_par' dir='ltr' id='par_1_83' title="bbox 2361 4232 3369 4313">
     <span class='ocr_line' id='line_1_84' title="bbox 2361 4232 3369 4313; baseline 0.008 -25"><span class='ocrx_word' id='word_1_538' title='bbox 2361 4236 2462 4307; x_wconf 86' lang='grc' dir='ltr'>μὸν</span> <span class='ocrx_word' id='word_1_539' title='bbox 2497 4233 2659 4299; x_wconf 70' lang='grc' dir='ltr'>ἐθνῶν</span> <span class='ocrx_word' id='word_1_540' title='bbox 2691 4237 2781 4290; x_wconf 78' lang='grc' dir='ltr'>καὶ</span> <span class='ocrx_word' id='word_1_541' title='bbox 2812 4232 3043 4313; x_wconf 80' lang='grc' dir='ltr'>ἔλεγχον</span> <span class='ocrx_word' id='word_1_542' title='bbox 3075 4235 3369 4313; x_wconf 82' lang='grc' dir='ltr'>δαιμόνων.</span> 
     </span>
    </p>
   </div>
   <div class='ocr_carea' id='block_1_84' title="bbox 497 4321 2105 4402">
    <p class='ocr_par' dir='ltr' id='par_1_84' title="bbox 497 4333 2105 4402">
     <span class='ocr_line' id='line_1_85' title="bbox 497 4333 2105 4402; baseline 0.002 -16"><span class='ocrx_word' id='word_1_543' title='bbox 497 4333 550 4387; x_wconf 80' lang='lat'>5.</span> <span class='ocrx_word' id='word_1_544' title='bbox 592 4333 843 4387; x_wconf 87' lang='lat' dir='ltr'>Precatio</span> <span class='ocrx_word' id='word_1_545' title='bbox 865 4348 972 4402; x_wconf 88' lang='lat' dir='ltr'>pro</span> <span class='ocrx_word' id='word_1_546' title='bbox 1005 4333 1244 4388; x_wconf 80' lang='lat' dir='ltr'>Ecclesia</span> <span class='ocrx_word' id='word_1_547' title='bbox 1284 4334 1357 4387; x_wconf 86' lang='lat' dir='ltr'>ad</span> <span class='ocrx_word' id='word_1_548' title='bbox 1397 4340 1708 4402; x_wconf 76' lang='lat' dir='ltr'>potentiam</span> <span class='ocrx_word' id='word_1_549' title='bbox 1738 4341 1788 4389; x_wconf 85' lang='lat' dir='ltr'>et</span> <span class='ocrx_word' id='word_1_550' title='bbox 1818 4334 2105 4390; x_wconf 72' lang='lat' dir='ltr'>charitatet</span> 
     </span>
    </p>
   </div>
   <div class='ocr_carea' id='block_1_85' title="bbox 2204 4321 3812 4402">
    <p class='ocr_par' dir='ltr' id='par_1_85' title="bbox 2253 4321 3812 4400">
     <span class='ocr_line' id='line_1_86' title="bbox 2253 4321 3812 4400; baseline 0.003 -22"><span class='ocrx_word' id='word_1_551' title='bbox 2253 4324 2309 4379; x_wconf 83' lang='grc' dir='ltr'>ε“.</span> <span class='ocrx_word' id='word_1_552' title='bbox 2353 4323 2509 4400; x_wconf 81' lang='grc' dir='ltr'>Εὐχή</span> <span class='ocrx_word' id='word_1_553' title='bbox 2546 4326 2678 4400; x_wconf 68' lang='grc' dir='ltr'>ὑπὲρ</span> <span class='ocrx_word' id='word_1_554' title='bbox 2707 4333 2806 4397; x_wconf 80' lang='grc' dir='ltr'>τῆς</span> <span class='ocrx_word' id='word_1_555' title='bbox 2837 4327 3163 4398; x_wconf 85' lang='grc' dir='ltr'>Ἐκκλησίας</span> <span class='ocrx_word' id='word_1_556' title='bbox 3190 4330 3265 4391; x_wconf 83' lang='grc' dir='ltr'>εἰς</span> <span class='ocrx_word' id='word_1_557' title='bbox 3307 4327 3529 4398; x_wconf 78' lang='grc' dir='ltr'>δύναμιν</span> <span class='ocrx_word' id='word_1_558' title='bbox 3560 4327 3638 4380; x_wconf 82' lang='grc' dir='ltr'>καὶ</span> <span class='ocrx_word' id='word_1_559' title='bbox 3665 4321 3812 4394; x_wconf 73' lang='grc' dir='ltr'>ἀγάπην</span> 
     </span>
    </p>
   </div>
   <div class='ocr_carea' id='block_1_86' title="bbox 568 4419 2176 4477">
    <p class='ocr_par' dir='ltr' id='par_1_86' title="bbox 568 4421 690 4477">
     <span class='ocr_line' id='line_1_87' title="bbox 568 4421 690 4477; baseline 0.008 -1"><span class='ocrx_word' id='word_1_560' title='bbox 568 4421 690 4477; x_wconf 84' lang='lat' dir='ltr'>Dei.</span> 
     </span>
    </p>
   </div>
   <div class='ocr_carea' id='block_1_87' title="bbox 906 4419 2514 4477">
    <p class='ocr_par' dir='ltr' id='par_1_87' title="bbox 2360 4419 2514 4470">
     <span class='ocr_line' id='line_1_88' title="bbox 2360 4419 2514 4470; baseline -0.013 0"><span class='ocrx_word' id='word_1_561' title='bbox 2360 4419 2514 4470; x_wconf 88' lang='grc' dir='ltr'>Θεοῦ·</span> 
     </span>
    </p>
   </div>
   <div class='ocr_carea' id='block_1_88' title="bbox 495 4494 2103 4583">
    <p class='ocr_par' dir='ltr' id='par_1_88' title="bbox 495 4511 2103 4582">
     <span class='ocr_line' id='line_1_89' title="bbox 495 4511 2103 4582; baseline 0.003 -17"><span class='ocrx_word' id='word_1_562' title='bbox 495 4512 547 4565; x_wconf 78' lang='grc'>6.</span> <span class='ocrx_word' id='word_1_563' title='bbox 594 4511 915 4566; x_wconf 64' lang='lat' dir='ltr'>Exhortatio</span> <span class='ocrx_word' id='word_1_564' title='bbox 941 4527 1045 4581; x_wconf 87' lang='lat' dir='ltr'>pro</span> <span class='ocrx_word' id='word_1_565' title='bbox 1103 4511 1376 4568; x_wconf 87' lang='lat' dir='ltr'>charitate</span> <span class='ocrx_word' id='word_1_566' title='bbox 1432 4511 1671 4580; x_wconf 84' lang='lat' dir='ltr'>unitiva,</span> <span class='ocrx_word' id='word_1_567' title='bbox 1719 4515 1967 4582; x_wconf 77' lang='lat' dir='ltr'>quamvis</span> <span class='ocrx_word' id='word_1_568' title='bbox 1997 4515 2103 4570; x_wconf 89' lang='lat' dir='ltr'>don</span> 
     </span>
    </p>
   </div>
   <div class='ocr_carea' id='block_1_89' title="bbox 2203 4494 3811 4583">
    <p class='ocr_par' dir='ltr' id='par_1_89' title="bbox 2203 4494 3811 4583">
     <span class='ocr_line' id='line_1_90' title="bbox 2203 4494 3811 4583; baseline -0.004 -21"><span class='ocrx_word' id='word_1_569' title='bbox 2203 4579 2208 4583; x_wconf 15' lang='grc' dir='ltr'>δ</span> <span class='ocrx_word' id='word_1_570' title='bbox 2252 4505 2314 4568; x_wconf 85' lang='grc' dir='ltr'>ς’.</span> <span class='ocrx_word' id='word_1_571' title='bbox 2359 4505 2679 4578; x_wconf 79' lang='grc' dir='ltr'>Παραίνεσις</span> <span class='ocrx_word' id='word_1_572' title='bbox 2752 4508 2874 4581; x_wconf 82' lang='grc' dir='ltr'>περὶ</span> <span class='ocrx_word' id='word_1_573' title='bbox 2961 4508 3181 4583; x_wconf 80' lang='grc' dir='ltr'>ἀγάπης</span> <span class='ocrx_word' id='word_1_574' title='bbox 3255 4509 3530 4580; x_wconf 74' lang='grc' dir='ltr'>ἑνωτικῆς,</span> <span class='ocrx_word' id='word_1_575' title='bbox 3586 4507 3625 4561; x_wconf 78' lang='grc' dir='ltr'>εί</span> <span class='ocrx_word' id='word_1_576' title='bbox 3661 4503 3728 4558; x_wconf 77' lang='grc' dir='ltr'>καὶ</span> <span class='ocrx_word' id='word_1_577' title='bbox 3771 4494 3811 4547; x_wconf 62' lang='grc' dir='ltr'>τὶ</span> 
     </span>
    </p>
   </div>
   <div class='ocr_carea' id='block_1_90' title="bbox 563 4576 2171 4671">
    <p class='ocr_par' dir='ltr' id='par_1_90' title="bbox 563 4576 1745 4656">
     <span class='ocr_line' id='line_1_91' title="bbox 563 4576 1745 4656; baseline 0.001 -2"><span class='ocrx_word' id='word_1_578' title='bbox 563 4600 890 4655; x_wconf 85' lang='lat' dir='ltr'>dividantur</span> <span class='ocrx_word' id='word_1_579' title='bbox 919 4576 992 4655; x_wconf 76' lang='lat' dir='ltr'>ad</span> <span class='ocrx_word' id='word_1_580' title='bbox 1023 4616 1358 4656; x_wconf 86' lang='lat' dir='ltr'>communem</span> <span class='ocrx_word' id='word_1_581' title='bbox 1390 4576 1688 4655; x_wconf 82' lang='lat' dir='ltr'>utilitatem</span> <span class='ocrx_word' id='word_1_582' title='bbox 1724 4576 1745 4582; x_wconf 54' lang='lat'><strong>—</strong></span> 
     </span>
    </p>
   </div>
   <div class='ocr_carea' id='block_1_91' title="bbox 2065 4576 3673 4671">
    <p class='ocr_par' dir='ltr' id='par_1_91' title="bbox 2170 4576 3673 4671">
     <span class='ocr_line' id='line_1_92' title="bbox 2170 4576 3673 4671; baseline -0.004 -16"><span class='ocrx_word' id='word_1_583' title='bbox 2170 4576 2220 4642; x_wconf 71' lang='grc' dir='ltr'>Β</span> <span class='ocrx_word' id='word_1_584' title='bbox 2357 4576 2672 4668; x_wconf 74' lang='grc' dir='ltr'>χαρίσματα</span> <span class='ocrx_word' id='word_1_585' title='bbox 2703 4576 2988 4669; x_wconf 77' lang='grc' dir='ltr'>διῄρηνται</span> <span class='ocrx_word' id='word_1_586' title='bbox 3011 4576 3148 4671; x_wconf 69' lang='grc' dir='ltr'>πρὺς</span> <span class='ocrx_word' id='word_1_587' title='bbox 3186 4596 3452 4670; x_wconf 76' lang='grc' dir='ltr'>ὡφέλείαν</span> <span class='ocrx_word' id='word_1_588' title='bbox 3473 4576 3673 4664; x_wconf 65' lang='grc' dir='ltr'>κοινήν.</span> 
     </span>
    </p>
   </div>
   <div class='ocr_carea' id='block_1_92' title="bbox 493 4676 2101 4763">
    <p class='ocr_par' dir='ltr' id='par_1_92' title="bbox 493 4689 2101 4761">
     <span class='ocr_line' id='line_1_93' title="bbox 493 4689 2101 4761; baseline 0.004 -19"><span class='ocrx_word' id='word_1_589' title='bbox 493 4690 543 4743; x_wconf 89' lang='grc'>7.</span> <span class='ocrx_word' id='word_1_590' title='bbox 585 4689 662 4743; x_wconf 87' lang='lat' dir='ltr'>De</span> <span class='ocrx_word' id='word_1_591' title='bbox 689 4689 993 4758; x_wconf 85' lang='lat' dir='ltr'>prudentia</span> <span class='ocrx_word' id='word_1_592' title='bbox 1023 4706 1086 4745; x_wconf 90' lang='lat' dir='ltr'>ac</span> <span class='ocrx_word' id='word_1_593' title='bbox 1107 4691 1357 4761; x_wconf 85' lang='lat' dir='ltr'>justitia,</span> <span class='ocrx_word' id='word_1_594' title='bbox 1387 4705 1508 4760; x_wconf 57' lang='lat' dir='ltr'>qua</span> <span class='ocrx_word' id='word_1_595' title='bbox 1539 4705 1636 4746; x_wconf 89' lang='lat' dir='ltr'>nos</span> <span class='ocrx_word' id='word_1_596' title='bbox 1669 4692 1778 4745; x_wconf 90' lang='lat' dir='ltr'>Deo</span> <span class='ocrx_word' id='word_1_597' title='bbox 1836 4695 2101 4761; x_wconf 72' lang='lat' dir='ltr'>conforme</span> 
     </span>
    </p>
   </div>
   <div class='ocr_carea' id='block_1_93' title="bbox 2202 4676 3810 4763">
    <p class='ocr_par' dir='ltr' id='par_1_93' title="bbox 2248 4676 3810 4763">
     <span class='ocr_line' id='line_1_94' title="bbox 2248 4676 3810 4763; baseline 0.003 -23"><span class='ocrx_word' id='word_1_598' title='bbox 2248 4683 2308 4754; x_wconf 83' lang='grc' dir='ltr'>ζ’.</span> <span class='ocrx_word' id='word_1_599' title='bbox 2355 4684 2480 4757; x_wconf 81' lang='grc' dir='ltr'>Περί</span> <span class='ocrx_word' id='word_1_600' title='bbox 2517 4683 2860 4763; x_wconf 75' lang='grc' dir='ltr'>σοφροσόνης</span> <span class='ocrx_word' id='word_1_601' title='bbox 2893 4684 2981 4739; x_wconf 82' lang='grc' dir='ltr'>καὶ</span> <span class='ocrx_word' id='word_1_602' title='bbox 3015 4681 3377 4762; x_wconf 70' lang='grc' dir='ltr'>δικαιοσύνης,</span> <span class='ocrx_word' id='word_1_603' title='bbox 3427 4685 3670 4752; x_wconf 68' lang='grc' dir='ltr'>ποιούσης</span> <span class='ocrx_word' id='word_1_604' title='bbox 3715 4676 3810 4746; x_wconf 55' lang='grc' dir='ltr'>ἡμᾶς</span> 
     </span>
    </p>
   </div>
   <div class='ocr_carea' id='block_1_94' title="bbox 562 4769 2170 4835">
    <p class='ocr_par' dir='ltr' id='par_1_94' title="bbox 562 4778 766 4832">
     <span class='ocr_line' id='line_1_95' title="bbox 562 4778 766 4832; baseline 0.005 -1"><span class='ocrx_word' id='word_1_605' title='bbox 562 4778 766 4832; x_wconf 87' lang='lat' dir='ltr'>reddit.</span> 
     </span>
    </p>
   </div>
   <div class='ocr_carea' id='block_1_95' title="bbox 1016 4769 2624 4835">
    <p class='ocr_par' dir='ltr' id='par_1_95' title="bbox 2354 4769 2624 4835">
     <span class='ocr_line' id='line_1_96' title="bbox 2354 4769 2624 4835; baseline 0.007 -7"><span class='ocrx_word' id='word_1_606' title='bbox 2354 4769 2624 4835; x_wconf 81' lang='grc' dir='ltr'>θεοειδεῖς.</span> 
     </span>
    </p>
   </div>
   <div class='ocr_carea' id='block_1_96' title="bbox 490 4856 2098 4944">
    <p class='ocr_par' dir='ltr' id='par_1_96' title="bbox 490 4867 2098 4940">
     <span class='ocr_line' id='line_1_97' title="bbox 490 4867 2098 4940; baseline 0.004 -21"><span class='ocrx_word' id='word_1_607' title='bbox 490 4867 540 4922; x_wconf 91' lang='grc'>8.</span> <span class='ocrx_word' id='word_1_608' title='bbox 587 4867 739 4935; x_wconf 81' lang='lat' dir='ltr'>Quod</span> <span class='ocrx_word' id='word_1_609' title='bbox 763 4867 942 4923; x_wconf 73' lang='lat' dir='ltr'>vivere</span> <span class='ocrx_word' id='word_1_610' title='bbox 998 4868 1229 4923; x_wconf 85' lang='lat' dir='ltr'>debeant</span> <span class='ocrx_word' id='word_1_611' title='bbox 1282 4869 1496 4922; x_wconf 89' lang='lat' dir='ltr'>decenti</span> <span class='ocrx_word' id='word_1_612' title='bbox 1525 4869 1684 4923; x_wconf 89' lang='lat' dir='ltr'>modo</span> <span class='ocrx_word' id='word_1_613' title='bbox 1701 4870 1873 4940; x_wconf 74' lang='lat' dir='ltr'>juxta</span> <span class='ocrx_word' id='word_1_614' title='bbox 1930 4874 2098 4926; x_wconf 74' lang='lat' dir='ltr'>sancti</span> 
     </span>
    </p>
   </div>
   <div class='ocr_carea' id='block_1_97' title="bbox 2198 4856 3806 4944">
    <p class='ocr_par' dir='ltr' id='par_1_97' title="bbox 2248 4856 3806 4944">
     <span class='ocr_line' id='line_1_98' title="bbox 2248 4856 3806 4944; baseline -0.006 -27"><span class='ocrx_word' id='word_1_615' title='bbox 2248 4864 2315 4933; x_wconf 87' lang='grc' dir='ltr'>η’.</span> <span class='ocrx_word' id='word_1_616' title='bbox 2362 4863 2490 4937; x_wconf 80' lang='grc' dir='ltr'>Περὶ</span> <span class='ocrx_word' id='word_1_617' title='bbox 2517 4861 2613 4917; x_wconf 83' lang='grc' dir='ltr'>τοῦ</span> <span class='ocrx_word' id='word_1_618' title='bbox 2655 4867 2748 4937; x_wconf 80' lang='grc' dir='ltr'>ζῇν</span> <span class='ocrx_word' id='word_1_619' title='bbox 2806 4864 3032 4938; x_wconf 76' lang='grc' dir='ltr'>ἐπαξίως</span> <span class='ocrx_word' id='word_1_620' title='bbox 3091 4866 3187 4921; x_wconf 79' lang='grc' dir='ltr'>τοῦ</span> <span class='ocrx_word' id='word_1_621' title='bbox 3254 4868 3542 4944; x_wconf 84' lang='grc' dir='ltr'>ἁγιασμοῦ,</span> <span class='ocrx_word' id='word_1_622' title='bbox 3574 4859 3723 4940; x_wconf 75' lang='grc' dir='ltr'>ἔργοις</span> <span class='ocrx_word' id='word_1_623' title='bbox 3745 4856 3806 4917; x_wconf 73' lang='grc' dir='ltr'>τήν</span> 
     </span>
    </p>
   </div>
   <div class='ocr_carea' id='block_1_98' title="bbox 557 4949 2165 5033">
    <p class='ocr_par' dir='ltr' id='par_1_98' title="bbox 557 4957 2137 5027">
     <span class='ocr_line' id='line_1_99' title="bbox 557 4957 2137 5027; baseline 0.001 -16"><span class='ocrx_word' id='word_1_624' title='bbox 557 4959 886 5027; x_wconf 79' lang='lat' dir='ltr'>ﬁrationem.</span> <span class='ocrx_word' id='word_1_625' title='bbox 933 4964 1221 5027; x_wconf 85' lang='lat' dir='ltr'>arguentes</span> <span class='ocrx_word' id='word_1_626' title='bbox 1251 4959 1390 5011; x_wconf 79' lang='lat' dir='ltr'>vitia</span> <span class='ocrx_word' id='word_1_627' title='bbox 1421 4957 1674 5027; x_wconf 78' lang='lat' dir='ltr'>operibus</span> <span class='ocrx_word' id='word_1_628' title='bbox 1729 4975 1836 5012; x_wconf 90' lang='lat' dir='ltr'>non</span> <span class='ocrx_word' id='word_1_629' title='bbox 1868 4961 2137 5014; x_wconf 84' lang='lat' dir='ltr'>sermoni-</span> 
     </span>
    </p>
   </div>
   <div class='ocr_carea' id='block_1_99' title="bbox 2195 4949 3803 5033">
    <p class='ocr_par' dir='ltr' id='par_1_99' title="bbox 2355 4949 3803 5033">
     <span class='ocr_line' id='line_1_100' title="bbox 2355 4949 3803 5033; baseline -0.003 -25"><span class='ocrx_word' id='word_1_630' title='bbox 2355 4954 2539 5009; x_wconf 82' lang='grc' dir='ltr'>κακίαν</span> <span class='ocrx_word' id='word_1_631' title='bbox 2583 4951 2934 5033; x_wconf 72' lang='grc' dir='ltr'>ἐλέγχοντας,</span> <span class='ocrx_word' id='word_1_632' title='bbox 2967 4956 3028 5010; x_wconf 82' lang='grc' dir='ltr'>οὐ</span> <span class='ocrx_word' id='word_1_633' title='bbox 3075 4953 3290 5032; x_wconf 79' lang='grc' dir='ltr'>λόγοις,</span> <span class='ocrx_word' id='word_1_634' title='bbox 3325 4957 3581 5030; x_wconf 70' lang='grc' dir='ltr'>πνεύματι</span> <span class='ocrx_word' id='word_1_635' title='bbox 3631 4949 3803 5020; x_wconf 61' lang='grc' dir='ltr'>πληρου-</span> 
     </span>
    </p>
   </div>
   <div class='ocr_carea' id='block_1_100' title="bbox 560 5040 2168 5120">
    <p class='ocr_par' dir='ltr' id='par_1_100' title="bbox 560 5048 1873 5120">
     <span class='ocr_line' id='line_1_101' title="bbox 560 5048 1873 5120; baseline 0 -16"><span class='ocrx_word' id='word_1_636' title='bbox 560 5050 676 5118; x_wconf 86' lang='lat' dir='ltr'>bus,</span> <span class='ocrx_word' id='word_1_637' title='bbox 709 5049 907 5120; x_wconf 86' lang='lat' dir='ltr'>repleti</span> <span class='ocrx_word' id='word_1_638' title='bbox 936 5051 1140 5117; x_wconf 86' lang='lat' dir='ltr'>spiritu</span> <span class='ocrx_word' id='word_1_639' title='bbox 1165 5063 1267 5118; x_wconf 88' lang='lat' dir='ltr'>per</span> <span class='ocrx_word' id='word_1_640' title='bbox 1290 5048 1551 5116; x_wconf 87' lang='lat' dir='ltr'>psalmos,</span> <span class='ocrx_word' id='word_1_641' title='bbox 1584 5064 1693 5102; x_wconf 90' lang='lat' dir='ltr'>non</span> <span class='ocrx_word' id='word_1_642' title='bbox 1724 5049 1873 5105; x_wconf 82' lang='lat' dir='ltr'>vino.</span> 
     </span>
    </p>
   </div>
   <div class='ocr_carea' id='block_1_101' title="bbox 1633 5040 3241 5120">
    <p class='ocr_par' dir='ltr' id='par_1_101' title="bbox 1633 5040 3241 5118">
     <span class='ocr_line' id='line_1_102' title="bbox 1633 5040 3241 5118; baseline -0.002 -16"><span class='ocrx_word' id='word_1_643' title='bbox 1633 5065 1693 5102; x_wconf 79' lang='lat' dir='ltr'>on</span> <span class='ocrx_word' id='word_1_644' title='bbox 1724 5049 1873 5105; x_wconf 83' lang='lat' dir='ltr'>vino.</span> <span class='ocrx_word' id='word_1_645' title='bbox 2359 5044 2553 5116; x_wconf 73' lang='grc' dir='ltr'>μένους</span> <span class='ocrx_word' id='word_1_646' title='bbox 2587 5040 2674 5097; x_wconf 76' lang='grc' dir='ltr'>διὰ</span> <span class='ocrx_word' id='word_1_647' title='bbox 2706 5043 2958 5118; x_wconf 81' lang='grc' dir='ltr'>ψαλμῶν,</span> <span class='ocrx_word' id='word_1_648' title='bbox 2987 5046 3062 5117; x_wconf 81' lang='grc' dir='ltr'>μή</span> <span class='ocrx_word' id='word_1_649' title='bbox 3093 5044 3241 5118; x_wconf 66' lang='grc' dir='ltr'>οἵνῳ,</span> 
     </span>
    </p>
   </div>
   <div class='ocr_carea' id='block_1_102' title="bbox 484 5119 2092 5210">
    <p class='ocr_par' dir='ltr' id='par_1_102' title="bbox 484 5137 2092 5210">
     <span class='ocr_line' id='line_1_103' title="bbox 484 5137 2092 5210; baseline -0.001 -15"><span class='ocrx_word' id='word_1_650' title='bbox 484 5143 535 5197; x_wconf 89' lang='grc'>9.</span> <span class='ocrx_word' id='word_1_651' title='bbox 579 5141 877 5210; x_wconf 86' lang='lat' dir='ltr'>Descriptio</span> <span class='ocrx_word' id='word_1_652' title='bbox 909 5154 1196 5193; x_wconf 89' lang='lat' dir='ltr'>munerum</span> <span class='ocrx_word' id='word_1_653' title='bbox 1246 5138 1608 5208; x_wconf 82' lang='lat' dir='ltr'>propriorum</span> <span class='ocrx_word' id='word_1_654' title='bbox 1651 5144 1762 5192; x_wconf 89' lang='lat' dir='ltr'>tam</span> <span class='ocrx_word' id='word_1_655' title='bbox 1791 5137 1876 5193; x_wconf 79' lang='lat' dir='ltr'>his</span> <span class='ocrx_word' id='word_1_656' title='bbox 1906 5141 2002 5209; x_wconf 87' lang='lat' dir='ltr'>qui</span> <span class='ocrx_word' id='word_1_657' title='bbox 2031 5156 2092 5208; x_wconf 74' lang='lat' dir='ltr'>gt</span> 
     </span>
    </p>
   </div>
   <div class='ocr_carea' id='block_1_103' title="bbox 2196 5119 3804 5210">
    <p class='ocr_par' dir='ltr' id='par_1_103' title="bbox 2246 5119 3804 5209">
     <span class='ocr_line' id='line_1_104' title="bbox 2246 5119 3804 5209; baseline 0 -23"><span class='ocrx_word' id='word_1_658' title='bbox 2246 5133 2309 5189; x_wconf 91' lang='grc' dir='ltr'>θ’.</span> <span class='ocrx_word' id='word_1_659' title='bbox 2353 5131 2596 5204; x_wconf 69' lang='grc' dir='ltr'>Διάταξις</span> <span class='ocrx_word' id='word_1_660' title='bbox 2655 5133 2939 5188; x_wconf 82' lang='grc' dir='ltr'>οἰκειακῶν</span> <span class='ocrx_word' id='word_1_661' title='bbox 2990 5136 3339 5204; x_wconf 83' lang='grc' dir='ltr'>καθηκόντων</span> <span class='ocrx_word' id='word_1_662' title='bbox 3413 5135 3711 5209; x_wconf 76' lang='grc' dir='ltr'>ἀρχομενοις</span> <span class='ocrx_word' id='word_1_663' title='bbox 3752 5119 3804 5176; x_wconf 62' lang='grc' dir='ltr'>καῖ</span> 
     </span>
    </p>
   </div>
   <div class='ocr_carea' id='block_1_104' title="bbox 554 5221 2162 5300">
    <p class='ocr_par' dir='ltr' id='par_1_104' title="bbox 554 5228 2136 5300">
     <span class='ocr_line' id='line_1_105' title="bbox 554 5228 2136 5300; baseline -0.002 -15"><span class='ocrx_word' id='word_1_664' title='bbox 554 5231 858 5285; x_wconf 84' lang='lat' dir='ltr'>bernantur</span> <span class='ocrx_word' id='word_1_665' title='bbox 887 5244 1052 5300; x_wconf 87' lang='lat' dir='ltr'>quam</span> <span class='ocrx_word' id='word_1_666' title='bbox 1076 5229 1158 5281; x_wconf 85' lang='lat' dir='ltr'>his</span> <span class='ocrx_word' id='word_1_667' title='bbox 1189 5228 1286 5297; x_wconf 88' lang='lat' dir='ltr'>qui</span> <span class='ocrx_word' id='word_1_668' title='bbox 1314 5228 1627 5296; x_wconf 79' lang='lat' dir='ltr'>gubernant</span> <span class='ocrx_word' id='word_1_669' title='bbox 1655 5228 1950 5283; x_wconf 81' lang='lat' dir='ltr'>secundum</span> <span class='ocrx_word' id='word_1_670' title='bbox 1984 5229 2136 5282; x_wconf 80' lang='lat' dir='ltr'>Chri-</span> 
     </span>
    </p>
   </div>
   <div class='ocr_carea' id='block_1_105' title="bbox 1431 5221 3039 5300">
    <p class='ocr_par' dir='ltr' id='par_1_105' title="bbox 1431 5221 3039 5298">
     <span class='ocr_line' id='line_1_106' title="bbox 1431 5221 3039 5298; baseline -0.002 -16"><span class='ocrx_word' id='word_1_671' title='bbox 1431 5233 1627 5282; x_wconf 81' lang='lat' dir='ltr'>emant</span> <span class='ocrx_word' id='word_1_672' title='bbox 1655 5228 1950 5283; x_wconf 81' lang='lat' dir='ltr'>secundum</span> <span class='ocrx_word' id='word_1_673' title='bbox 1984 5229 2136 5282; x_wconf 77' lang='lat' dir='ltr'>Chri-</span> <span class='ocrx_word' id='word_1_674' title='bbox 2351 5222 2582 5296; x_wconf 81' lang='grc' dir='ltr'>ἄρχουσι</span> <span class='ocrx_word' id='word_1_675' title='bbox 2614 5221 2750 5276; x_wconf 82' lang='grc' dir='ltr'>κατὰ</span> <span class='ocrx_word' id='word_1_676' title='bbox 2784 5223 3039 5298; x_wconf 87' lang='grc' dir='ltr'>Χριστόν·</span> 
     </span>
    </p>
   </div>
   <div class='ocr_carea' id='block_1_106' title="bbox 551 5325 712 5375">
    <p class='ocr_par' dir='ltr' id='par_1_106' title="bbox 551 5325 712 5375">
     <span class='ocr_line' id='line_1_107' title="bbox 551 5325 712 5375; baseline -0.019 0"><span class='ocrx_word' id='word_1_677' title='bbox 551 5325 712 5375; x_wconf 83' lang='lat' dir='ltr'>stum.</span> 
     </span>
    </p>
   </div>
   <div class='ocr_carea' id='block_1_107' title="bbox 481 5388 2089 5480">
    <p class='ocr_par' dir='ltr' id='par_1_107' title="bbox 481 5403 2089 5480">
     <span class='ocr_line' id='line_1_108' title="bbox 481 5403 2089 5480; baseline 0.001 -18"><span class='ocrx_word' id='word_1_678' title='bbox 481 5410 568 5464; x_wconf 82' lang='grc'>10.</span> <span class='ocrx_word' id='word_1_679' title='bbox 612 5411 688 5463; x_wconf 88' lang='lat' dir='ltr'>De</span> <span class='ocrx_word' id='word_1_680' title='bbox 739 5410 995 5480; x_wconf 81' lang='lat' dir='ltr'>potentia</span> <span class='ocrx_word' id='word_1_681' title='bbox 1035 5421 1156 5476; x_wconf 74' lang='lat' dir='ltr'>quae</span> <span class='ocrx_word' id='word_1_682' title='bbox 1205 5405 1502 5460; x_wconf 85' lang='lat' dir='ltr'>secundum</span> <span class='ocrx_word' id='word_1_683' title='bbox 1549 5403 1828 5460; x_wconf 83' lang='lat' dir='ltr'>Christum</span> <span class='ocrx_word' id='word_1_684' title='bbox 1885 5412 1982 5475; x_wconf 86' lang='lat' dir='ltr'>est,</span> <span class='ocrx_word' id='word_1_685' title='bbox 2028 5423 2089 5478; x_wconf 72' lang='lat' dir='ltr'>p4</span> 
     </span>
    </p>
   </div>
   <div class='ocr_carea' id='block_1_108' title="bbox 2182 5388 3790 5480">
    <p class='ocr_par' dir='ltr' id='par_1_108' title="bbox 2249 5388 3790 5478">
     <span class='ocr_line' id='line_1_109' title="bbox 2249 5388 3790 5478; baseline -0.007 -19"><span class='ocrx_word' id='word_1_686' title='bbox 2249 5401 2279 5458; x_wconf 74' lang='grc' dir='ltr'>ι’</span> <span class='ocrx_word' id='word_1_687' title='bbox 2320 5401 2405 5458; x_wconf 88' lang='grc' dir='ltr'>Ἐν</span> <span class='ocrx_word' id='word_1_688' title='bbox 2469 5402 2715 5476; x_wconf 73' lang='grc' dir='ltr'>σχήματι</span> <span class='ocrx_word' id='word_1_689' title='bbox 2775 5400 3050 5462; x_wconf 80' lang='grc' dir='ltr'>ὁπλίσεως</span> <span class='ocrx_word' id='word_1_690' title='bbox 3119 5403 3240 5478; x_wconf 82' lang='grc' dir='ltr'>πέρί</span> <span class='ocrx_word' id='word_1_691' title='bbox 3296 5410 3399 5474; x_wconf 81' lang='grc' dir='ltr'>τῆς</span> <span class='ocrx_word' id='word_1_692' title='bbox 3455 5402 3585 5459; x_wconf 84' lang='grc' dir='ltr'>κατά</span> <span class='ocrx_word' id='word_1_693' title='bbox 3637 5388 3790 5473; x_wconf 60' lang='grc' dir='ltr'>Χριστὲῖ</span> 
     </span>
    </p>
   </div>
   <div class='ocr_carea' id='block_1_109' title="bbox 549 5486 2157 5564">
    <p class='ocr_par' dir='ltr' id='par_1_109' title="bbox 549 5498 1486 5555">
     <span class='ocr_line' id='line_1_110' title="bbox 549 5498 1486 5555; baseline -0.002 -3"><span class='ocrx_word' id='word_1_694' title='bbox 549 5499 771 5555; x_wconf 86' lang='lat' dir='ltr'>modum</span> <span class='ocrx_word' id='word_1_695' title='bbox 800 5505 850 5554; x_wconf 87' lang='lat' dir='ltr'>et</span> <span class='ocrx_word' id='word_1_696' title='bbox 881 5498 1133 5554; x_wconf 87' lang='lat' dir='ltr'>habitum</span> <span class='ocrx_word' id='word_1_697' title='bbox 1164 5503 1486 5553; x_wconf 72' lang='lat' dir='ltr'>armaturae.</span> 
     </span>
    </p>
   </div>
   <div class='ocr_carea' id='block_1_110' title="bbox 1050 5486 2658 5564">
    <p class='ocr_par' dir='ltr' id='par_1_110' title="bbox 1050 5486 2658 5564">
     <span class='ocr_line' id='line_1_111' title="bbox 1050 5486 2658 5564; baseline -0.005 -11"><span class='ocrx_word' id='word_1_698' title='bbox 1050 5512 1133 5553; x_wconf 80' lang='lat' dir='ltr'>um</span> <span class='ocrx_word' id='word_1_699' title='bbox 1164 5503 1486 5553; x_wconf 72' lang='lat' dir='ltr'>armaturae.</span> <span class='ocrx_word' id='word_1_700' title='bbox 2351 5486 2658 5564; x_wconf 73' lang='grc' dir='ltr'>δὴνάμεως,</span> 
     </span>
    </p>
   </div>
   <div class='ocr_carea' id='block_1_111' title="bbox 549 5666 1184 5740">
    <p class='ocr_par' dir='ltr' id='par_1_111' title="bbox 549 5666 1184 5740">
     <span class='ocr_line' id='line_1_112' title="bbox 549 5666 1184 5740; baseline -0.008 -14"><span class='ocrx_word' id='word_1_701' title='bbox 549 5669 568 5708; x_wconf 74' lang='grc'>⁸</span> <span class='ocrx_word' id='word_1_702' title='bbox 605 5667 735 5726; x_wconf 71' lang='lat' dir='ltr'>Act.</span> <span class='ocrx_word' id='word_1_703' title='bbox 769 5681 886 5739; x_wconf 72' lang='lat' dir='ltr'>xix,</span> <span class='ocrx_word' id='word_1_704' title='bbox 917 5666 988 5724; x_wconf 63' lang='lat'>24</span> <span class='ocrx_word' id='word_1_705' title='bbox 1016 5680 1184 5740; x_wconf 75' lang='lat' dir='ltr'>seqq.</span> 
     </span>
    </p>
   </div>
  </div>
