4072 6266
278 312 433 372 1169
1344 313 1743 377 ΟΟΜΜΕΝΤ.
1792 316 1869 376 IN

2083 320 2159 378 lT.
2208 320 2310 380 AD
2356 319 2639 383 EPHES.
3534 324 3691 388 1170

1061 609 1771 743 ΠΑΥΛΟΥ
1850 611 2936 746 ΑΠΟΣΤΟΛΟΥ

920 898 1003 992 Η
1154 894 1481 993 ΠΡΟΣ
1629 896 2248 995 ΕΦΕΣΙΟΥΣ
2405 898 3082 999 ΕΠΙΣΤΟΛΗ.

1224 1318 1751 1426 Ξαιιυω
1845 1322 1937 1423 εὶ
1962 1318 2758 1428 ι’θδτθιι

931 1546 1120 1637 AD
1255 1544 2065 1640 EPHESIOS
2200 1544 3048 1639 EPISTOLA.

722 1950 1146 2007 ΚΕΦΑΛΑΙΟΝ
1184 1949 1474 2006 ΠΡΩΤΟΝ.
1956 1951 2009 2017 Α

1956 1951 2009 2017 Α
2574 1950 2804 2007 CAPUT
2857 1950 3154 2007 PRIMUM.

275 2040 409 2119 Περῖ
436 2048 539 2111 τῆς
573 2038 625 2094 ἐν
654 2039 838 2115 Κυρίῳ
868 2037 1111 2119 ἐκλογῆς
1159 2038 1319 2111 ἡμῶν
1370 2036 1459 2091 καὶ
1502 2037 1810 2114 εἷσαγωγῆς
1840 2058 1883 2091 κε

2081 2046 2117 2093 ’θ
2160 2039 2339 2093 nostri
2388 2056 2492 2110 per
2551 2042 2860 2119 Dominum‘
2888 2039 3146 2119 electione
3187 2046 3238 2097 et
3284 2042 3689 2099 introductione

925 2110 1287 2171 τελειώσεως.
1635 2110 1646 2114 ⁷

1635 2110 1646 2114 ⁷
2640 2128 2703 2165 ac
2723 2112 3086 2181 perfectione.

346 2219 571 2281 ΙΙαῦλος
629 2216 942 2281 ἀποστολΟς
1025 2218 1207 2285 Ἰησοῦ
1292 2218 1550 2287 Χριστοῦ,
1622 2212 1709 2271 διὰ
1767 2214 1928 2285 θελή-

2110 2219 2153 2284 Ι,
2188 2220 2299 2272 1-4.
2332 2220 2536 2274 Paulus
2595 2220 2874 2290 apostolus
2911 2221 3037 2275 Jesu
3099 2219 3300 2275 Christi
3342 2238 3445 2291 per
3494 2224 3690 2278 volun-

281 2330 456 2384 ματος
533 2312 689 2377 Θεοῦ,
764 2311 882 2367 τοῖς
959 2307 1143 2379 ἁγίοις
1216 2310 1332 2367 τοῖς
1410 2305 1559 2359 οὗσιν
1621 2305 1675 2358 ἐν
1724 2305 1889 2382 Ἐφὲσι

2083 2313 2206 2362 ttem
2238 2309 2354 2372 Dei,
2386 2311 2588 2363 sanctis
2646 2312 2744 2379 qui
2801 2315 2975 2378 agunt
3024 2311 3229 2379 Ephesi
3272 2318 3324 2365 et
3352 2310 3605 2379 ﬁdelibus
3632 2314 3691 2367 in

275 2399 365 2455 καὶ
427 2403 644 2460 πιστοῖς
702 2396 753 2450 ἐν
814 2397 1032 2468 Χριστῷ
1083 2396 1289 2466 Ἰησοῦ,
1345 2395 1505 2470 ’χάρις
1563 2395 1653 2449 καὶ
1699 2394 1879 2468 ὑμῖνε

2082 2395 2258 2451 hristo
2284 2398 2433 2461 Iesu,
2481 2400 2665 2466 gratia
2713 2399 2861 2453 vobis
2916 2404 2964 2453 et
2997 2415 3117 2468 pax
3168 2416 3201 2453 a
3245 2401 3352 2454 Deo
3393 2402 3561 2456 Patre
3588 2418 3687 2456 no-

280 2491 418 2565 ρήνη
482 2487 589 2541 ἀπὸ
638 2490 771 2541 Θεοῦ
834 2486 1039 2558 ΙΙατρὸς
1128 2486 1287 2555 ἡμῶν
1342 2485 1431 2539 καί
1492 2484 1688 2559 Κυρίου
1750 2485 1888 2552 Ἰησο

2081 2492 2149 2541 fro
2179 2492 2229 2542 et
2262 2489 2493 2541 Domino
2521 2494 2708 2542 nostro
2758 2489 2883 2543 Jesu
2924 2488 3157 2544 Christo.
3201 2490 3520 2545 Benedictus
3551 2494 3689 2547 Deus

276 2581 540 2650 Χριστοῦ.
605 2574 920 2652 Εὐλογητὸς
978 2573 1005 2627 ὀ
1066 2574 1195 2634 Θεὸς
1272 2574 1360 2627 καὶ
1424 2574 1614 2647 ΙῙατήρ
1667 2576 1769 2626 τοῦ
1827 2578 1884 2625 Κι

2079 2582 2089 2630 t
2126 2577 2285 2631 Pater
2317 2577 2531 2631 Domini
2572 2577 2699 2632 Jesu
2755 2577 2977 2643 Christi,
3038 2579 3139 2647 qui
3193 2578 3473 2633 benedixit
3502 2595 3600 2634 nos
3630 2582 3687 2634 in

283 2667 405 2741 ρίου
461 2670 618 2738 ἡμῶν
680 2668 860 2734 Ἰησοῦ
916 2663 1178 2735 Χριστοῦ,
1239 2663 1267 2716 6
1326 2660 1627 2734 εὐλογήσας
1676 2662 1825 2734 ἡμᾶς
1877 2660 1891 2716 ί

2080 2664 2188 2721 mni
2220 2665 2593 2721 benedictione
2641 2665 2952 2736 spirituali,
2981 2669 3039 2721 in
3072 2668 3371 2723 cwlestibus
3394 2683 3498 2738 per
3528 2668 3688 2725 Chri-

284 2759 427 2830 πάσῃ
501 2754 721 2828 εὐλογίᾳ
796 2758 1138 2827 πνευματικῇ
1242 2751 1295 2806 ἐν
1396 2757 1512 2814 τοῖς
1590 2749 1892 2823 ἐπουρανίοι

2078 2760 2213 2809 tum:
2250 2755 2707 2824 quemadmodum
2735 2754 2901 2824 elegit
2932 2772 3027 2809 nos
3048 2772 3151 2825 per
3192 2758 3369 2825 ipsum
3400 2763 3525 2811 ante
3555 2773 3686 2812 con-

282 2846 336 2904 ἰν
407 2852 637 2922 Χριστῷ.
709 2848 893 2908 Καθὼς
961 2844 1233 2916 ἐξελέξατο
1302 2847 1448 2919 ἡμᾶς
1515 2842 1565 2899 ἑν
1628 2842 1774 2916 αὐτῷ
1824 2864 1890 2917 πρ

2076 2845 2377 2898 titutionem
2430 2844 2641 2911 mundi,
2675 2850 2733 2898 ut
2763 2860 2992 2899 essemus
3021 2843 3201 2899 sancti
3244 2852 3293 2899 et
3341 2846 3684 2914 irreprehen-

280 2934 595 3008 καταϐολῆς
624 2937 855 3009 κόσμου,
912 2935 1047 2989 εἶναι
1096 2938 1242 3008 ἡμᾶς
1293 2933 1482 3009 ἁγίους
1530 2933 1620 2987 καὶ
1661 2931 1888 3007 ἀμώμου

1468 2955 1482 2995 ς
1530 2933 1620 2987 καὶ
1661 2931 1927 3007 ἀμώμους
2038 2933 2219 2989 sibiles
2249 2949 2434 2988 coram
2465 2933 2563 2987 illo
2592 2949 2693 3004 per
2723 2934 3076 2989 charitatem.

278 3032 396 3083 κατ’
436 3025 666 3081 ἐνώπιον
698 3022 862 3079 αὐτοῦ
896 3022 947 3078 ἐν
979 3023 1180 3098 ἀγάπῃ.

352 3142 377 3168 κ
414 3117 513 3173 Διὰ
541 3115 853 3187 θελήματος
889 3118 1043 3169 Θεοῦ.
1081 3136 1106 3163 »
1168 3112 1266 3179 Τὸ,
1322 3110 1432 3181 διά,
1466 3112 1550 3166 ἐπὶ
1612 3112 1821 3186 Ιῐατρὸς
1855 3110 1927 3166 εἶ-

2112 3130 2140 3159 ‹‹
2172 3111 2283 3165 Per
2339 3109 2702 3166 voluntatem
2757 3111 2882 3165 Dei.
2925 3132 2952 3160 »
3016 3110 3432 3165 Animadverte
3484 3106 3594 3178 διά,
3626 3112 3686 3167 id

277 3208 535 3285 ρημένον.
601 3208 789 3264 «Τοῖς
858 3203 1034 3276 ἁγίοις
1103 3208 1217 3263 τοῖς
1287 3200 1455 3256 οὗσιν·
1494 3223 1522 3251 ››
1588 3201 1729 3276 "Op:
1785 3200 1885 3255 πόσ

2077 3204 2147 3264 st,
2174 3215 2295 3268 per,
2331 3198 2402 3255 de
2435 3200 2605 3253 Patre
2646 3199 2889 3255 dictum.
2952 3222 2980 3249 «
3014 3200 3299 3256 Omnibus
3331 3200 3551 3255 sanctis
3584 3201 3685 3272 qui

273 3296 343 3367 ἦν
421 3298 454 3363 ἡ
530 3293 656 3349 τότε
730 3294 891 3367 ἀρετὴ
995 3291 1078 3348 ὅτι
1154 3292 1246 3347 καὶ
1319 3291 1619 3362 κοσμικοὺς
1719 3290 1881 3362 ἀνθριί

2074 3294 2239 3362 gunt,
2270 3311 2297 3337 ››
2330 3289 2376 3345 2
2408 3289 2728 3344 Considera
2785 3294 3008 3361 quanta
3062 3290 3244 3344 fuerit
3299 3294 3439 3346 tunc
3478 3291 3682 3359 virtus,

280 3406 439 3449 πους,
494 3385 689 3458 ἁγίους
749 3382 838 3436 καὶ
906 3382 1130 3443 πιστοὺς
1207 3378 1613 3456 προσαγορεύει.
1676 3403 1703 3431 ‹‹
1763 3380 1888 3451 Χὰρι

2076 3378 2193 3435 uod
2227 3377 2562 3434 mundanos
2592 3379 2863 3433 homines
2894 3379 3155 3451 appellet
3180 3385 3416 3435 sanctos
3446 3395 3513 3435 ac
3545 3379 3684 3435 fide-

283 3476 432 3547 ὑμῖν.
496 3496 521 3524 n
588 3471 824 3530 Εἰκότως
882 3471 987 3526 ἀπὸ
1049 3474 1277 3546 χάριτος
1333 3471 1553 3545 ἤρξατο.
1606 3469 1891 3546 Χάριτιγᾶ

2073 3486 2142 3525 es.
2195 3492 2222 3519 «
2257 3469 2450 3525 Gratia
2510 3469 2687 3525 vobis.
2731 3491 2759 3520 »
2818 3471 3022 3526 Merito
3080 3487 3115 3526 a
3169 3471 3356 3541 gratia
3404 3471 3681 3544 incaspit:

282 3565 371 3621 καὶ
436 3566 623 3637 Πατὴρ
684 3561 981 3636 ἀνθρώπων
1040 3562 1068 3617 6
1129 3561 1278 3623 Θεός.
1338 3561 1529 3635 Χάριτι
1589 3560 1677 3615 καὶ
1732 3561 1759 3617 ὁ
1809 3561 1890 3616 Υἱὲ

2077 3576 2172 3615 am
2207 3564 2264 3614 et
2294 3576 2398 3631 per
2422 3559 2669 3631 gratiam
2708 3561 2861 3614 Deus
2920 3565 3009 3615 est
3065 3561 3237 3615 Pater
3266 3560 3600 3627 hominum,
3626 3565 3684 3616 et

279 3650 481 3713 ἔδωκεν
538 3652 723 3708 ἑαυτὸν
782 3651 1101 3723 ἀντίλυτρον
1154 3652 1283 3723 ὑπὲρ
1333 3652 1516 3722 ἡμῶν.
1552 3676 1579 3702 ‹‹
1610 3652 1667 3703 '0
1697 3649 1887 3725 εὐλογϊ

2078 3665 2141 3715 er
2169 3649 2416 3722 gratiam
2450 3649 2632 3704 Filius
2677 3649 3062 3718 semetipsum
3117 3648 3281 3703 dedit
3322 3649 3680 3721 redemptio-

278 3764 375 3806 σας
404 3744 550 3812 ἡμᾶς
609 3739 661 3795 ἐν
721 3738 864 3814 πάσῃ
928 3737 1231 3810 εὐλογίᾳ.»
1289 3740 1464 3796 Τοῦτο
1518 3739 1592 3799 ὡς
1624 3739 1759 3807 πρὸς
1790 3737 1883 3792 ἀντ

2080 3755 2172 3793 em
2206 3755 2309 3810 pro
2341 3737 2530 3793 nobis.
2583 3760 2611 3787 «
2644 3739 2751 3802 Qui
2800 3737 3105 3792 benedixit
3151 3753 3258 3791 nos
3290 3738 3352 3791 in
3392 3739 3551 3793 omni
3582 3739 3684 3792 be-

280 3829 575 3899 διαστολὴν
647 3828 857 3903 ε’ἶρηται
901 3835 1000 3894 τῆς
1050 3825 1350 3894 Ἰουδαϊκῆς
1400 3824 1671 3902 εὐλογίας.
1721 3826 1888 3882 Ἐκείν

2080 3827 2372 3882 edictione
2404 3825 2718 3896 spirituali.
2754 3845 2776 3869 υ
2818 3826 2936 3880 Hoc
2983 3825 3057 3880 ad
3113 3825 3559 3881 distinctionem
3581 3828 3682 3897 ju-

277 3922 381 3998 γὰρ
412 3916 783 3994 σαρκικωτέρα
818 3915 1029 3989 μᾶλλον
1058 3916 1142 3983 ἦν,
1174 3918 1209 3985 ἠ
1253 3914 1311 3971 δὲ
1353 3918 1512 3987 ἡμῶν
1558 3935 1885 3987 πνευματικι

2077 3916 2216 3970 aicaa
2250 3915 2681 3970 benedictionis
2713 3914 2979 3969 additum
3014 3920 3140 3969 est:
3175 3915 3279 3969 illa
3308 3916 3467 3970 enim
3498 3917 3685 3990 magis

280 4008 481 4071 Καλῶς
532 4006 590 4062 δὲ
643 4007 727 4076 τὸ,
788 4032 816 4057 ‹‹
855 4007 943 4062 Ἐν
974 4006 1143 4081 πάσῃ.
1180 4028 1207 4055 ››
1267 4005 1493 4077 Γὲγονας
1521 4005 1623 4078 γὰρ
1651 4005 1888 4058 ἀθάνατοι

2074 4010 2163 4059 rat
2191 4004 2468 4067 carnalis,
2497 4008 2699 4057 nostra
2742 4019 2875 4057 vero
2911 4002 3256 4073 spiritualis.
3291 4005 3359 4059 Et
3390 4011 3549 4060 recte
3581 4006 3682 4073 ait,

282 4097 682 4170 ἀναμάρτητος,
716 4096 832 4157 υἱὸς
864 4095 954 4149 καὶ
986 4091 1222 4170 ἀδελφὸς
1266 4097 1421 4164 Θεοῦ,
1456 4089 1890 4167 συγκληρονόμοι

2091 4094 2157 4147 In
2176 4092 2357 4147 omni.
2385 4115 2409 4139 υ
2426 4092 2731 4163 Siquidem
2750 4092 2938 4148 factus
2957 4108 3017 4146 es
3036 4093 3389 4149 immortalis
3408 4094 3537 4151 sine
3557 4112 3687 4167 pec-

278 4189 345 4245 ⁶Η
404 4187 627 4261 ἀπαρχή
692 4206 787 4239 σου
817 4188 1193 4257 προσκυνεῖναι
1253 4182 1303 4236 ἐν
1353 4187 1460 4237 τῶν
1518 4176 1831 4256 Χερουὸίμ.
1867 4217 1886 4222 -

2079 4189 2189 4251 ato,
2218 4183 2375 4239 filius
2407 4200 2473 4238 ac
2503 4183 2704 4245 frater,
2753 4184 3135 4254 cohaaresque
3183 4185 3306 4250 Dei,
3360 4186 3441 4239 ita
3472 4193 3536 4241 ut
3565 4188 3687 4258 pri-

282 4278 498 4354 [ΦΩΤ.]
532 4271 833 4347 Εὐλόγησε,
896 4270 984 4328 διὰ
1039 4278 1135 4327 τοῦ
1192 4274 1339 4328 Υἱοῦ·
1384 4270 1679 4344 ἐξελέξατο,
1716 4268 1805 4325 διὰ
1834 4292 1890 4328 το

2080 4273 2219 4328 litim
2252 4278 2364 4327 tua:
2396 4289 2429 4327 a
2458 4272 2775 4328 Cherubim
2828 4272 3171 4328 adorentur.
3220 4274 3549 4341 Benedixit,
3584 4293 3688 4345 per

279 4367 408 4422 Υῖοῦ
440 4364 763 4444 ἐχαρίτωσε,
798 4360 888 4417 δίὰ
933 4367 1031 4418 τοῦ
1083 4362 1230 4416 Υἱοῦ.
1264 4365 1388 4424 Πῶς
1420 4359 1476 4417 δὲ
1518 4357 1608 4415 διὰ
1635 4364 1731 4415 τοῦ
1762 4362 1887 4415 Υἱοῦ

2083 4362 2291 4417 ilium:
2346 4362 2543 4434 elegit,
2598 4378 2703 4432 per
2759 4361 3011 4416 Filium:
3071 4362 3282 4417 charos
3336 4362 3550 4429 effecit,
3585 4380 3688 4434 per

277 4454 346 4508 ’Ὢ
400 4453 621 4525 θαῦμαί
684 4451 780 4506 Διὰ
832 4454 927 4506 τοῦ
985 4449 1215 4523 αἳματος
1290 4450 1475 4517 αὐτοῦ,
1534 4448 1717 4527 φησίν.
1774 4446 1885 4506 Εἷδι

2082 4452 2270 4507 ilium.
2304 4450 2607 4518 Quomodo
2639 4456 2834 4507 autem
2865 4467 2969 4521 per
2991 4450 3247 4507 Filium?
3278 4468 3312 4505 ο
3342 4467 3466 4507 rem
3497 4453 3685 4509 admi-

278 4542 517 4600 πλοῦτον
576 4542 845 4617 χάριτος;
903 4538 1117 4612 μᾶλλον
1177 4536 1235 4594 δὲ
1292 4540 1596 4614 περισσείαν
1646 4538 1735 4593 καὶ
1790 4539 1886 4615 ἂφα

2076 4541 2321 4598 audam!
2383 4543 2495 4597 Per
2552 4540 2897 4612 sanguinem
2966 4540 3172 4612 ipsius,
3234 4541 3446 4611 inquit.
3511 4543 3684 4597 Vides

279 4653 369 4687 τον
430 4628 623 4698 ἕλεοςς
682 4630 754 4685 Οὐ
819 4649 977 4702 μονον
1040 4626 1096 4682 δὲ
1169 4632 1357 4699 ταῦτα,
1416 4626 1563 4683 ἀλλὰ
1617 4630 1702 4683 καὶ
1764 4627 1887 4701 ὲγνιέ

2077 4630 2275 4686 .ivitias
2295 4630 2495 4702 gratiae
2518 4628 2545 4683 ?
2574 4629 2760 4701 magis
2782 4635 2978 4685 autem
3003 4629 3427 4685 exuberantem
3453 4636 3510 4685 et
3539 4631 3685 4687 inef-

281 4742 420 4777 οισεν
481 4724 615 4792 ἡμῖν
699 4718 761 4773 τὸ
852 4718 1149 4790 μυστήριον
1220 4720 1317 4772 τοῦ
1375 4716 1685 4788 θελήματος
1742 4715 1889 4771 αὐτοί

2082 4722 2285 4778 tbilem
2311 4721 2778 4777 misericordiam
2800 4721 2826 4775 ?
2854 4723 3053 4791 Neque
3081 4720 3272 4777 solum
3296 4722 3441 4789 haec,
3466 4740 3690 4779 verum-

282 4810 378 4866 Διὰ
405 4812 552 4871 τίνος
583 4811 745 4863 τοῦτο
776 4825 789 4875 ;
846 4806 935 4861 καὶ
992 4810 1152 4861 τοῦτο
1212 4803 1299 4860 διὰ
1354 4809 1449 4860 τοῦ
1480 4806 1627 4860 Υίοῦ.
1662 4802 1890 4860 Πάνταδι

2080 4811 2220 4866 tiam
2279 4816 2483 4865 notum
2541 4809 2682 4865 fecit
2733 4809 2904 4864 nobis
2962 4810 3307 4881 mysterium
3370 4811 3688 4870 voluntatis

278 4902 376 4952 τοῦ
415 4899 566 4965 Υἱοῦ,
625 4902 724 4964 τῆς
784 4891 1031 4954 εὐδοκίας
1089 4893 1480 4968 συμπαρούσης
1540 4898 1636 4947 τοῦ
1696 4893 1886 4970 Πατρό.

2077 4917 2183 4955 um.
2245 4901 2355 4955 Per
2411 4916 2588 4970 quem
2646 4899 2806 4954 hoc?
2861 4898 2972 4955 hoc
3031 4914 3268 4970 quoque
3318 4916 3423 4971 per
3452 4902 3685 4959 Filium.

282 4982 422 5045 Οὐδὲ
452 4987 555 5060 γὰρ
586 4978 637 5039 ἕν
666 5004 773 5038 τινι
816 4982 1139 5061 ἀπέσχισται
1199 4982 1260 5037 τὸ
1320 4984 1586 5057 Πατρικὸν
1648 4981 1890 5056 βούλημς

2078 4989 2253 5045 ιωηὶθ.
2283 5004 2387 5060 per
2417 4988 2630 5044 Filium
2674 4988 2994 5044 accedente
3045 4986 3417 5059 beneplacito
3451 5006 3686 5062 quoque

282 5080 379 5130 τοῦ
434 5072 791 5149 ἡγαπημὲνου
842 5073 991 5130 Υίοῦ.
1053 5069 1274 5139 Ἐπειδὴ
1337 5070 1393 5126 δὲ
1449 5072 1571 5147 περὶ
1629 5076 1725 5127 τοῦ
1783 5094 1890 5149 γνω

2078 5079 2268 5133 “atris:
2302 5094 2495 5149 neque
2542 5078 2699 5133 enim
2749 5078 2810 5131 in
2858 5077 3056 5147 aliquo
3090 5076 3277 5132 divisa
3315 5083 3404 5132 est
3435 5080 3686 5135 Paterna

285 5168 528 5241 ρισθῆναι
559 5166 695 5235 ἡμῖν
726 5164 789 5217 τὸ
849 5164 1151 5235 μυστήριον
1207 5156 1446 5227 διέλαϐε,
1480 5161 1647 5217 πάλιν
1677 5170 1776 5231 τῆς
1809 5166 1893 5220 uio

2079 5168 2308 5223 oluntas
2322 5168 2580 5223 adilecto
2594 5168 3057 5232 Filio.Quoniam
3070 5173 3258 5222 autem
3272 5167 3687 5224 mortiﬁcatum

281 5256 460 5319 θεσίας
492 5253 788 5327 μέμνηται,
849 5258 929 5306 Δι’
987 5252 1072 5320 οὗ,
1107 5249 1308 5328 λέγων,
1369 5252 1459 5307 καὶ
1506 5251 1889 5327 ἐκληρώθημει

2073 5256 2208 5313 .obis
2240 5274 2367 5313 esse
2400 5258 2747 5331 mysterium
2779 5257 3053 5320 asseruit,
3082 5273 3316 5312 rursum
3347 5257 3681 5328 adoptionis

281 5346 347 5403 Οἱ
411 5344 513 5419 γὰρ
583 5344 1002 5410 υἱοθετηθὲντες,
1072 5341 1155 5395 ἐπὶ
1224 5344 1302 5412 τῷ
1366 5339 1779 5416 κληρονομῆσαι
1827 5352 1889 5414 τῆ

2070 5347 2329 5407 meminit.
2357 5347 2593 5402 dicens:
2625 5349 2735 5401 Per
2756 5362 2932 5417 quem
2966 5346 3143 5401 etiam
3175 5345 3237 5400 in
3268 5352 3487 5402 sortem
3511 5347 3678 5402 asciti

278 5433 549 5492 υἱοθεσίας
583 5433 880 5504 ἀξιοῦνται,
937 5434 1055 5501 ἣτις
1114 5430 1302 5508 γέγονε
1354 5428 1442 5485 διὸ.
1498 5435 1594 5485 tofi
1653 5432 1777 5487 Υἱοῦ
1836 5455 1886 5490 κε

2068 5453 2259 5491 umus.
2295 5439 2437 5492 Nam
2471 5438 2569 5508 qui
2602 5437 2662 5491 in
2695 5436 2849 5491 filios
2898 5434 3274 5507 adoptantur,
3309 5437 3483 5491 ctiam
3517 5435 3676 5509 digni

280 5526 642 5600 προώρισται,
674 5527 771 5587 τῆς
803 5519 1046 5584 εὐδοκίας
1100 5520 1189 5575 καὶ
1250 5524 1345 5575 τοῦ
1402 5525 1680 5597 [ἰατρικοῦ
1714 5522 1888 5598 βουλή

2068 5526 2329 5581 .abentur
2384 5532 2449 5581 ut
2500 5526 2561 5581 in
2618 5524 3023 5598 accipiendam
3081 5524 3417 5597 adoptionis
3458 5534 3676 5583 sortem

285 5634 454 5690 ματος
533 5615 931 5690 συμπαρόντος.
992 5609 1184 5685 Γέγονε
1242 5608 1298 5666 δὶ
1348 5616 1531 5682 τοῦτο,
1591 5610 1667 5673 εἷς
1718 5613 1779 5667 τὸ
1834 5634 1893 5667 κα

2069 5622 2350 5674 ocentur:
2385 5634 2514 5689 qum
2546 5617 2783 5689 adoptio
2813 5616 2968 5673 facta
3010 5632 3075 5672 ac
3131 5616 3427 5689 prmﬂnita
3457 5623 3546 5673 est
3572 5635 3677 5690 per
