4072 6266
453 325 604 389 1171

1540 318 1974 382 CECUMENII
2017 317 2327 381 TRICCJE
2372 316 2724 380 EPISCOPI

3674 325 3790 385 illi

454 462 690 528 Filium,
720 459 1038 518 accedente
1071 457 1250 514 simul
1301 455 1674 529 beneplacito
1705 471 1772 511 ac
1806 454 2107 511 voluntate

2239 455 2368 526 ᾒμὸἱς
2427 453 2572 508 οὕτω
2631 449 3074 523 πολιτεύσασθαι,
3133 448 3272 510 ὥστε
3328 452 3404 516 εἷς
3465 447 3661 510 ἔπαινον
3683 476 3797 530 γενι.

454 561 719 627 paterna.
758 553 875 608 Hoc
934 556 1132 606 autem
1192 549 1412 605 factum
1473 553 1581 615 est,
1632 554 1696 602 ut
1727 563 1837 601 nos
1867 562 2104 618 quoque

454 645 542 700 Ita
569 657 1058 698 conversaremur
1079 656 1195 712 quo
1222 638 1536 694 resultaret
1559 638 1615 691 in
1650 636 1879 690 laudem
1904 635 2104 708 gloria:

456 749 599 793 sum.
635 733 746 787 hoc
777 736 885 786 est.
912 737 972 784 ut
997 729 1069 784 ad
1092 727 1544 785 collaudandam
1569 725 1815 798 gloriam
1841 741 2030 790 suam,
2049 729 2108 779 et

455 822 571 877 vita
601 828 803 876 nostra
834 824 892 874 et
919 819 1286 874 conversatio
1331 823 1496 886 grata
1543 816 1614 870 ab
1657 813 1932 869 omnibus
1963 831 2108 869 cou-

457 913 762 982 spiciatur.
813 932 840 958 «
878 909 948 964 Ut
986 907 1226 962 videant
1260 905 1364 978 (ait
1399 904 1681 959 Dominus
1735 903 1796 957 in
1850 905 2109 976 Evange-

458 1001 578 1069 liis)
635 1004 827 1053 vestra
884 1013 1065 1069 opera
1116 997 1288 1052 bona.
1354 1001 1412 1049 et
1490 993 1824 1064 glorificent
1872 993 2108 1047 Patrem

457 1095 719 1144 vestrum
751 1086 850 1158 qui
895 1086 955 1139 in
988 1084 1149 1140 ccelis
1200 1084 1351 1138 est'.
1389 1104 1416 1133 »
1470 1081 1784 1136 Benedixit
1812 1081 1968 1135 enim
2000 1096 2109 1137 nos

459 1197 580 1237 non
613 1178 803 1233 solum
838 1177 899 1233 in
921 1176 1080 1231 omni
1106 1174 1396 1246 spirituali
1425 1172 1856 1231 benedictione.
1886 1188 2112 1228 verum-

461 1270 638 1327 etiam
671 1269 732 1322 in
765 1264 1172 1337 spiritualibus
1231 1263 1407 1319 rebus
1465 1279 1532 1318 ac
1591 1261 2112 1334 supercmlestibus

461 1361 573 1416 Per
602 1374 776 1430 quem
803 1357 830 1412 ?
861 1371 965 1428 per
993 1356 1192 1410 Iesum
1235 1353 1555 1408 Christum.
1587 1355 1853 1417 Quonam
1889 1353 2062 1407 modo
2084 1351 2112 1406 ?

463 1471 491 1498 ‹‹
513 1449 674 1504 Sicut
692 1445 868 1519 elegit
881 1461 988 1500 nos
1003 1449 1138 1498 ante
1155 1443 1645 1498 constitutionem
1667 1441 1903 1497 mundi:
1925 1465 1948 1487 »ι
1965 1440 2112 1497 adeo

461 1545 626 1595 vetus
677 1542 766 1592 est
811 1540 1017 1590 nostra
1063 1533 1273 1588 electio
1324 1548 1391 1587 ac
1440 1531 1796 1586 benedictio.
1845 1529 2113 1586 Studiose

463 1645 572 1686 nos
605 1626 781 1698 elegit
810 1629 876 1679 ut
904 1639 1169 1678 essemus
1197 1621 1384 1676 sancti
1428 1626 1485 1675 et
1533 1619 2114 1692 irreprehensibiles,

464 1717 523 1774 id
555 1721 663 1778 est,
696 1711 1016 1771 venerandi
1070 1727 1137 1767 ac
1198 1711 1328 1783 puri
1390 1709 1450 1764 in
1507 1710 1640 1765 vita.
1685 1709 1849 1766 Unde
1904 1707 1976 1764 ad
2006 1709 2116 1765 hoc

465 1811 661 1862 motus
693 1805 825 1859 est?
876 1803 955 1857 Ex
1007 1799 1132 1855 sola
1190 1800 1500 1855 charitate.
1535 1799 1722 1864 Quare
1753 1799 1866 1854 hoc
1895 1799 2113 1854 factum

466 1895 606 1952 est?
671 1899 737 1950 ut
793 1907 903 1946 nos
961 1889 1071 1944 sibi
1132 1889 1243 1960 ipsi
1304 1905 1408 1958 per
1466 1887 1764 1943 Christum
1813 1887 2122 1959 adoptaret

467 1999 607 2039 nam
642 1987 700 2036 et
747 1981 859 2034 hoc
906 1976 1424 2049 prazordinaverat.
1484 1977 1565 2030 Ex
1609 1992 1724 2046 quo
1756 1975 1911 2030 bono
1943 1991 2120 2046 opere

467 2068 722 2127 nostro?
753 2085 824 2123 ex
865 2066 1030 2120 nullo
1069 2065 1336 2122 omnino.
1384 2063 1500 2117 nisi
1549 2071 1791 2135 propter
1838 2063 2119 2135 benepla-

2219 544 2340 598 σθαι
2397 548 2499 613 τῆς
2557 539 2719 614 δόξης
2770 541 2958 608 αὐτοῦ,
3012 544 3313 607 τουτέστιν,
3354 544 3432 606 εἱς
3474 541 3798 618 ἐπαινουμένην

2219 628 2374 701 δόξαν
2411 631 2595 698 αὐτοῦ,
2628 633 2719 686 καὶ
2769 631 3054 707 εὐάρεστον
3113 632 3203 686 τὸν
3258 633 3380 709 βίον
3435 635 3800 708 ἡμῶν,καὶτὴν

2217 721 2499 778 πολιτείαν
2535 723 2757 796 ὁρᾶσθαι
2807 725 2952 798 παρᾶ
3009 723 3247 778 πάντων.
3282 747 3312 775 α
3344 726 3530 784 ’Όπως
3561 726 3652 799 γὰρ
3675 722 3801 780 ἴδωσι

2215 811 2284 866 τὰ
2311 809 2454 866 καλὰ
2504 811 2655 883 ὑμῶν
2714 805 2864 886 ἔργα,
2925 811 3088 890 φησὶν
3117 811 3144 865 ὁ
3177 811 3371 885 Κυρίος
3405 810 3453 866 ἐν
3486 811 3794 886 Εὐαγγελίοις,

2218 901 2308 955 καὶ
2360 897 2625 970 δοξάσωσι
2678 899 2768 954 τὸν
2827 900 3038 974 Πατέρα
3095 900 3243 972 ὑμῶν
3300 901 3392 955 τὸν
3447 900 3495 956 ἰν
3541 908 3646 962 τοῖς
3671 903 3796 976 οὖρα-

2218 995 2354 1051 νοῖς.
2391 1014 2418 1041 ι)
2452 989 2731 1064 Εὐλόγησε
2761 991 2862 1068 γὰρ
2922 994 3070 1064 ἡμᾶς
3129 991 3190 1046 οὐ
3251 990 3416 1064 μόνον
3447 989 3498 1045 ἐν
3537 991 3662 1065 πάσῃ
3685 1013 3802 1049 πνευ-

2225 1083 2427 1152 ματικῇ
2483 1079 2732 1154 εὐλογίᾳ,
2789 1077 2934 1135 ἀλλὰ
3007 1081 3093 1134 καὶ
3157 1078 3209 1135 ἰν
3291 1086 3652 1148 πνευματικοῖς
3697 1083 3801 1155 πρὶ-

2223 1191 2395 1247 γμασι
2441 1169 2532 1223 καὶ
2589 1167 2951 1244 ὖπουρανίοις,
3013 1170 3109 1225 Διὰ
3155 1169 3302 1232 τίνος
3333 1189 3348 1239 ;
3382 1169 3476 1224 Διά
3509 1171 3670 1241 Ἰησοῦ
3696 1175 3804 1245 Χριο

2223 1263 2370 1312 στοῦ.
2409 1261 2571 1325 Πῶς;
2607 1281 2634 1309 ‹‹
2669 1259 2854 1322 Καθὼς
2891 1256 3165 1332 ἐξελέξατο
3213 1261 3363 1332 ἡμᾶς
3416 1260 3517 1332 πρὸ
3553 1255 3805 1328 καταὲολῆς

2221 1347 2452 1421 κόσμου.
2491 1372 2510 1396 ι
2548 1345 2735 1409 Οὕτως
2767 1347 2972 1422 ἀρχαία
3012 1350 3046 1417 ὴ
3080 1350 3239 1420 ἡμῶν
3269 1347 3468 1424 ἐκλογὴ
3503 1349 3584 1401 καὶ
3611 1348 3807 1424 εὐλογία.

2226 1433 2511 1504 Ἐπίτηδες
2543 1438 2691 1506 ἡμᾶς
2750 1435 3048 1507 ἐξελέξατο,
3107 1437 3192 1492 ἐπὶ
3249 1438 3315 1493 τὸ
3373 1439 3503 1493 εἶναι
3560 1439 3721 1512 ἁγίους
3742 1439 3807 1495 καὶ

2225 1525 2518 1598 ἀμώμους,
2551 1523 2768 1597 τιμίους
2825 1525 2916 1579 καὶ
2969 1525 3232 1600 καθαροὺς
3292 1524 3347 1581 ἐν
3403 1530 3481 1598 τῷ
3537 1527 3652 1600 βίῳ.
3679 1527 3802 1592 Πόθεν

2225 1613 2300 1677 εἰς
2327 1617 2487 1669 τοῦτο
2519 1613 2754 1684 κινηθείς
2785 1633 2797 1682 ;
2845 1613 2936 1685 Ἐξ
2992 1615 3202 1687 ἀγάπης
3264 1616 3455 1688 μόνης.
3494 1616 3598 1671 Ἱνα
3621 1637 3666 1671 τι
3688 1615 3802 1690 γένηο

2222 1723 2348 1772 ταις
2391 1705 2506 1760 Ἵνα
2537 1703 2832 1779 υἱοθεττςσῃ
2891 1706 3040 1776 ἡμᾶς
3096 1700 3186 1759 διὰ
3243 1709 3341 1760 τοῦ
3398 1708 3620 1779 Χριστοῦ
3652 1705 3803 1777 ὶαυτῷ.

2226 1796 2407 1850 Τοῦτο
2465 1794 2565 1868 γὰρ
2617 1793 2709 1848 καὶ
2767 1793 3100 1868 προώριστο.
3160 1795 3257 1850 Ἐκ
3315 1795 3474 1856 ποίας
3511 1797 3655 1865 ἡμῶν
3682 1794 3803 1873 ἐργα-

2231 1881 2347 1939 σίας
2375 1900 2388 1950 ;
2419 1882 2506 1952 Ἐξ
2540 1879 2821 1953 οὐδεμιᾶς·
2880 1880 3025 1951 πλὴν
3078 1881 3162 1938 ὅτι
3206 1879 3275 1938 δι’
3307 1880 3543 1939 εὐδοκίαν
3572 1887 3660 1939 τοῦ
3685 1882 3807 1952 03M-

2236 1992 2405 2044 ματος
2463 1971 2648 2026 αὐτοῦ·
2709 1969 2986 2042 ηὐδόκησε
3050 1973 3150 2048 γαρ
3234 1973 3324 2027 καὶ
3407 1973 3625 2043 ἠθέλησε
3673 1977 3808 2046 τοῦτο,

2233 2063 2396 2132 ἡμῶν
2429 2057 2576 2125 ὅλως
2609 2057 2778 2132 μηδὶν
2811 2063 3339 2136 συνεισενεγκόντων.

468 2159 652 2214 citum
684 2153 1006 2210 voluntatis
1056 2169 1198 2208 sum.
1253 2151 1633 2222 Beneplacuit
1690 2152 1852 2206 enim
1911 2151 2022 2223 ipsi
2077 2169 2144 2208 ac
2196 2151 2380 2206 voluit
2432 2151 2565 2218 hoc,
2632 2152 2674 2207 8
2733 2167 2868 2209 cum
2928 2168 3038 2208 nos
3096 2151 3252 2208 nihil
3311 2154 3546 2210 omnino
3584 2151 3809 2210 contulis-

472 2262 692 2304 semus.

541 2332 847 2402 Quomodo
871 2333 1030 2388 enim
1049 2330 1527 2395 contulissemus,
1549 2331 1648 2401 qui
1667 2347 1742 2385 ne
1766 2331 2125 2403 principium

473 2424 715 2498 quidem
743 2423 931 2494 ipsius
977 2436 1105 2476 esse
1148 2420 1347 2491 aliquo
1381 2419 1556 2474 modo
1589 2419 1781 2478 adhuc
1812 2437 2140 2492 acceperas

472 2512 661 2570 mus?
719 2516 786 2566 Et
865 2509 1024 2581 quod
1083 2508 1222 2564 inde
1282 2509 1565 2564 lucrum?
1624 2509 1774 2564 Laus
1833 2509 2128 2565 immensa

474 2602 721 2674 emergit
746 2604 805 2657 et
835 2599 1174 2655 encomium
1220 2598 1564 2671 glorificataa
1612 2615 1732 2653 suas
1778 2598 1979 2670 gratiae
2011 2615 2130 2670 qua

475 2694 686 2750 charos
717 2708 826 2747 nos
859 2689 1136 2745 reddidit.
1176 2691 1286 2744 Per
1336 2689 1559 2760 quem?
1611 2690 1825 2759 Utique
1879 2689 2130 2745 manife-

477 2788 632 2840 stum
654 2787 743 2835 est
763 2779 919 2852 quod
945 2780 1125 2835 etiam
1148 2779 1258 2834 hoc
1283 2796 1386 2850 per
1411 2778 1691 2833 dilectum
1719 2779 1930 2834 Filium
1957 2796 2128 2835 suum

477 2870 780 2938 Quomodo
808 2872 830 2924 Ρ
855 2869 994 2939 quia
1024 2869 1150 2940 ipse
1201 2866 1340 2924 fecit
1392 2867 1579 2922 nostri
1633 2867 2126 2939 redemptionem.

478 2963 727 3017 Eramus
760 2957 917 3014 enim
951 2957 1159 3030 captivi
1194 2962 1436 3029 propter
1465 2964 1706 3028 peccata
1726 2963 1928 3013 nostra
1954 2974 1966 3012 :
1993 2958 2128 3014 dato

480 3056 675 3106 autem
711 3047 996 3116 sanguine
1021 3063 1126 3101 suo
1147 3047 1209 3100 in
1240 3046 1709 3117 redemptionem
1743 3064 1847 3118 pro
1879 3047 2071 3112 nobis,
2096 3063 2131 3104 a

479 3137 794 3213 tyrannide
819 3155 928 3192 nos
952 3135 1203 3192 redemit
1224 3136 1284 3190 in
1308 3153 1424 3208 qua
1448 3136 1865 3194 detinebamur
1899 3138 1968 3194 Et
1985 3154 2127 3209 quo-

480 3229 658 3286 modo
689 3226 1065 3284 tremendum
1117 3226 1228 3281 hoc
1279 3227 1629 3298 mysterium
1661 3226 1881 3282 factum
1915 3227 1992 3281 sit
2017 3227 2134 3282 dici

480 3333 602 3376 non
633 3322 847 3388 potest.
881 3315 994 3369 nisi
1028 3314 1185 3385 quod
1215 3315 1432 3369 divitias
1482 3322 1620 3369 sunt
1661 3317 1884 3387 gratias,
1919 3317 2136 3371 exube.

483 3405 681 3462 rantia
728 3411 786 3458 et
835 3403 1188 3461 excellentia
1243 3403 1490 3474 gratiae:
1549 3404 1711 3458 aliud
1761 3405 1875 3459 dici
1909 3406 2133 3476 nequit.

483 3494 604 3552 Hoc
625 3498 823 3548 autem
843 3491 1141 3548 ineffabile
1163 3508 1299 3562 erga
1314 3508 1420 3546 nos
1433 3494 1780 3563 mysterium
1803 3510 1922 3547 non
1949 3496 2139 3550 solum

487 3590 767 3657 operatus
785 3583 1286 3638 estverumetiam
1305 3583 1498 3654 ipsum
1525 3582 1694 3638 nobis
1718 3583 2135 3640 manifestavit.

488 3672 834 3741 Quomodo?
863 3670 938 3728 ad
992 3678 1255 3727 mentem
1309 3671 1660 3733 revocando,
1695 3679 1752 3726 et
1792 3672 2136 3729 instruendo

487 3764 562 3822 ad
577 3764 666 3819 sui
682 3760 1358 3832 susceptionem.0mnia
1371 3759 1644 3816 beneficii
1667 3761 1853 3834 ipsius
1875 3762 2135 3830 fuerunt,

490 3851 646 3926 quod
681 3853 837 3907 circa
859 3868 966 3905 nos
989 3849 1286 3905 ineffabile
1313 3849 1460 3905 illud
1490 3851 1836 3923 mysterium
1861 3858 2138 3924 operatus

490 3943 584 4002 sit.
622 3941 898 4013 quodque
947 3956 1183 3995 rursum
1237 3939 1385 3994 illud
1432 3941 1603 3995 nobis
1650 3941 2135 3997 manifestaverit.

490 4034 635 4088 Nam
667 4037 727 4085 et
765 4033 873 4085 hoc
904 4029 1100 4101 magni
1136 4034 1192 4083 et
1244 4029 1563 4084 ineffabilis
1595 4031 1814 4086 amoris
1847 4047 1913 4086 ac
1946 4032 2139 4102 provi-

492 4120 708 4175 dentiae
739 4135 874 4191 erga
903 4135 1012 4173 nos
1045 4119 1173 4186 fuit,
1213 4119 1623 4173 manifestasse
1655 4120 1826 4174 nobis
1857 4136 2138 4176 arcanum

492 4209 813 4264 voluntatis
863 4223 1002 4266 suae.
1040 4214 1320 4278 tanquam
1373 4209 1740 4263 reconditam
1771 4226 1837 4264 ac
1869 4210 2139 4265 intimam

495 4300 692 4357 cordis
723 4298 812 4352 sui
844 4298 1207 4354 voluntatem
1265 4299 1436 4353 Vides
1479 4298 1696 4369 quibus
1728 4317 1836 4355 nos
1866 4299 2140 4373 dignatus

493 4390 672 4451 fuerit
702 4388 918 4446 bonis?
949 4389 1017 4442 Et
1039 4387 1150 4442 hoc
1180 4393 1306 4442 erat
1334 4404 1613 4443 arcanum
1649 4389 1966 4445 voluntatis
1997 4408 2140 4458 sum,

2308 2332 2429 2390 Πῶς
2457 2330 2559 2404 γὰρ
2593 2351 2656 2398 ην
2697 2335 3132 2407 συνεισενεγκεῖν,
3189 2330 3321 2392 τοὺς
3385 2327 3508 2404 μηδ’
3560 2332 3707 2406 ἃρχήν
3732 2350 3805 2384 που

2235 2421 2335 2471 τοῦ
2368 2418 2500 2472 εἶναι
2552 2413 2859 2485 λαϐόντας;
2923 2419 3019 2474 Καὶ
3077 2417 3127 2475 τί
3181 2423 3245 2476 τὸ
3302 2419 3361 2475 ἐκ
3413 2421 3591 2476 τούτου
3632 2419 3805 2495 κέρδοςς

2236 2509 2471 2584 Ἀφατος
2501 2507 2789 2564 ἀνακόπτει
2837 2502 3070 2579 ἔπαινος,
3129 2510 3218 2564 καὶ
3277 2508 3558 2585 ἐγκώμιον,
3587 2517 3667 2580 τῆς
3690 2506 3801 2564 δεδο-

2236 2597 2505 2671 ξασμὲνης
2567 2599 2734 2654 αὐτοῦ
2793 2600 3047 2679 χάριτος,
3109 2600 3160 2654 ἐν
3321 2600 3623 2676 ἐχαρίτωσεν
3675 2603 3798 2670 ἡμᾶς.

2239 2689 2337 2744 Διά
2365 2689 2512 2749 τίνος
2541 2689 2648 2756 ;Ἢ
2703 2686 2873 2758 δῆλον
2920 2689 3025 2748 δτι.
3072 2691 3162 2744 καὶ
3211 2694 3379 2745 τοῦτο
3431 2686 3514 2744 διὰ
3538 2693 3618 2744 τοῦ
3637 2690 3795 2762 ἠγαπη·

2243 2776 2404 2850 μένου
2435 2777 2601 2834 αὐτοῦ
2633 2779 2780 2834 Υἱοῦ.
2816 2782 2936 2840 Πῶς
2963 2800 2977 2850 ς
3009 2785 3134 2837 ’Ότι
3169 2779 3338 2843 αὐτὸς
3379 2779 3584 2850 ἐποίησε
3602 2779 3674 2845 τήν
3699 2778 3791 2831 ἀπο-

2241 2865 2512 2939 λύτρωσιν
2543 2868 2724 2939 ἡμῶν.
2762 2867 2938 2940 Ἦμεν
2971 2869 3075 2945 γὰρ
3109 2867 3478 2943 αἰχμάλωτοι
3509 2865 3583 2922 διὰ
3602 2867 3781 2938 1:31:19:-

2241 2955 2509 3028 πτώματα
2541 2957 2720 3028 ἡμῶν.
2754 2957 2887 3018 Aab:
2919 2955 2977 3012 δὲ
3026 2957 3089 3012 τὸ
3138 2959 3286 3032 αἷμα
3333 2959 3500 3014 αὑτοῦ
3528 2957 3663 3028 λύτρον
3687 2952 3775 3025 ὑπὲρ

2242 3046 2424 3118 ἡμῶν,
2457 3042 2801 3119 ἐλυτρώσατο
2831 3053 2931 3115 τῆς
2971 3045 3025 3101 ἐν
3154 3047 3530 3127 κατειχόμεθα
3553 3038 3786 3118 τυραννίδος.

2248 3135 2351 3191 Καὶ
2382 3139 2498 3196 πῶς
2526 3139 2687 3190 τοῦτο
2736 3136 2797 3192 τὸ
2856 3136 3077 3214 φρικτὸν
3135 3135 3379 3213 γέγονεν,
3431 3135 3520 3193 οὐκ
3546 3131 3656 3190 ἔστιν
3677 3130 3793 3186 ιῖπιῖν

2241 3224 2390 3294 πλὴν
2443 3222 2524 3278 ὅτι
2574 3222 2816 3286 πλοῦτός
2869 3225 2978 3281 ἐστι
3031 3225 3286 3301 χάριτος,
3333 3227 3590 3302 περισσεία
3619 3225 3803 3297 χάριτος.

2246 3309 2548 3387 ὑπερϐολή.
2609 3315 2723 3371 Οὐκ
2776 3309 2920 3372 ἔστιν
2974 3313 3116 3372 ἄλλο
3147 3315 3347 3373 εἰπεῖν.
3380 3320 3537 3373 Τοῦτο
3566 3314 3620 3381 δή
3645 3312 3693 3366 τὸ
3716 3307 3805 3363 πεοὶ

2242 3403 2389 3473 ἡμᾶς
2422 3401 2622 3479 ἄφατον
2675 3406 2974 3479 μυστήριον
3035 3405 3099 3462 οὐ
3157 3406 3328 3478 μόνον
3390 3405 3666 3481 ἐνήργησεν,
3701 3395 3807 3453 ἀλλᾶ

2241 3493 2332 3547 καὶ
2364 3491 2692 3570 ἐφανέρωσεν
2753 3497 2890 3566 ἡμῖν
2942 3493 3091 3551 αὐτό.
3157 3499 3319 3558 Πῶς;
3375 3493 3622 3574 φρενώσις
3649 3489 3717 3546 καὶ
3743 3507 3809 3543 σο·

2245 3581 2400 3658 φίσας
2460 3582 2535 3642 εἷς
2585 3582 2894 3659 κατάληψιν
2953 3583 3138 3640 αὖτοῦ.
3191 3584 3377 3642 Πάντα
3428 3592 3520 3653 τῆς
3557 3581 3724 3638 ἰκεὶνου
3746 3575 3813 3631 εὖ·

2246 3671 2512 3747 εργεσίας,
2546 3673 2606 3727 τὸ
2666 3671 2951 3748 ἐνεργῆσαι
3011 3674 3134 3748 περὶ
3192 3676 3344 3746 ἡμᾶς
3398 3674 3457 3729 τὸ
3506 3670 3679 3749 ἄφατον
3711 3665 3808 3722 tui-

2244 3780 2304 3814 vo
2362 3761 2685 3834 μυστήριον,
2743 3760 2806 3817 τὸ
2859 3761 3122 3838 γνωρίσαι
3181 3762 3316 3819 αὐτὸ
3373 3761 3528 3818 πάλιν
3582 3749 3810 3831 ἡμῖν.Καῖ

2245 3849 2347 3924 γᾷρ
2378 3852 2561 3915 τοῦτο,
2597 3848 2846 3926 μεγάλης
2901 3850 2991 3905 καὶ
3050 3851 3255 3926 ἁφάτου
3317 3857 3555 3927 στοργῆς,
3587 3839 3810 3913 mixta!-

2250 3938 2458 4012 μονίας,
2508 3942 2570 3994 τὸ
2628 3941 2886 4018 γνωρίσαι
2945 3943 3082 4014 ἡμῖν
3137 3945 3232 3998 τοῦ
3297 3941 3590 4017 θελήματος
3620 3930 3810 3993 αὐτοῦτὸ

2250 4030 2571 4103 μυστήριον,
2623 4031 2742 4084 οἷον
2796 4033 2858 4085 τὸ
2918 4027 3203 4108 ἐγκάρδιον
3263 4033 3430 4088 αὺτοῦ
3457 4029 3538 4086 καὶ
3568 4026 3811 4098 ἀπόκρυφον

2250 4118 2531 4196 βούλημα.
2565 4120 2724 4194 Ὁρᾷς
2756 4121 2912 4176 τίνων
2945 4122 3094 4197 ἡμᾶς
3144 4122 3288 4194 ἀξιοῖ
3315 4143 3328 4192 ;
3380 4122 3479 4180 Καὶ
3525 4123 3661 4175 τοῦτο
3693 4115 3743 4183 ἦν
3769 4111 3814 4165 τὸ

2251 4211 2549 4282 μυστήριον
2593 4213 2690 4263 τοῦ
2741 4208 3050 4272 θελήματος
3097 4209 3288 4278 αὐτοῦ,
3331 4209 3382 4267 ἂν
3431 4214 3504 4284 τῷ
3548 4209 3645 4279 Υἱῷ
3670 4203 3808 4268 αὐτοῦ,

2246 4295 2491 4354 τουτέστι
2549 4295 2640 4352 διὰ
2696 4303 2792 4354 τοῦ
2873 4297 3002 4355 1⁸ἱοῦ
3077 4300 3242 4356 αὑτοῦ
3303 4295 3678 4378 προωρισμένον
3723 4292 3809 4346 κατ’

2247 4386 2518 4458 εὐδοκίαν,
2565 4391 2830 4464 γενέσθαι.
2863 4389 3120 4467 Εὑλόγως
3155 4388 3212 4447 δὶ
3262 4391 3423 4448 πάλιν
3454 4388 3562 4447 εἶπε
3586 4388 3657 4454 τὸ,
3689 4407 3704 4432 ι
3729 4380 3809 4436 κη’

496 4479 959 4554 praeordinatum
987 4477 1132 4531 utin
1160 4478 1304 4532 Filio
1329 4495 1433 4531 suo
1457 4479 1574 4532 sive
1600 4495 1704 4548 per
1726 4479 1934 4534 Filium
1970 4497 2128 4535 suum

2251 4476 2519 4548 εὐδοκίαν,
2552 4500 2578 4531 ι
2638 4478 2728 4534 καὶ
2785 4479 2867 4534 ὅτι
2925 4476 3016 4535 διὰ
3065 4485 3161 4537 τοῦ
3213 4482 3345 4538 Υἱοῦ
3384 4482 3446 4551 ἦν
3477 4471 3807 4554 προτεθειμένον

500 4572 688 4627 fieret.
717 4569 920 4624 Merito
951 4574 1146 4623 autem
1179 4583 1416 4621 rursum
1462 4567 1625 4630 dixit.
1661 4569 1832 4640 juxta
1861 4569 2162 4648 beneplag

500 4659 705 4726 citum,
738 4663 797 4712 et
825 4657 984 4727 quod
1016 4657 1382 4728 propositum
1415 4664 1540 4712 erat
1567 4664 1632 4712 ut
1663 4675 1766 4728 per
1797 4658 2007 4712 Filium
2041 4660 2143 4713 fle-

501 4752 609 4801 ret.
645 4745 1136 4816 Quandoquidem
1189 4744 1348 4800 enim
1408 4762 1541 4800 cum
1593 4746 1749 4800 idem
1788 4747 1944 4801 circa
1974 4747 2145 4802 initia

503 4835 766 4902 d'xisset,
798 4835 1058 4889 rationes
1082 4840 1280 4889 tamen
1304 4835 1540 4890 interim
1566 4835 1894 4892 rationibus
1920 4852 2140 4891 conne.

501 4930 688 4988 ctens,
721 4923 1048 4978 auditorem
1104 4941 1139 4978 a
1194 4940 1466 4979 sermone
1520 4931 1879 4993 avocaverat,
1914 4943 2146 4980 rursum

501 5018 782 5086 tanquam
812 5013 979 5069 illum
1003 5013 1074 5067 ad
1102 5014 1445 5068 memoriam
1475 5013 1652 5069 reduc
1678 5031 1762 5068 ~ns
1783 5031 1848 5068 ac
1873 5022 2145 5085 repetens

500 5104 658 5177 quod
691 5103 891 5158 omnia
921 5118 1024 5174 per
1053 5102 1265 5158 Filium
1297 5102 1449 5158 facta
1485 5104 1608 5158 sint
1637 5104 1824 5160 Patris
1857 5103 2144 5174 benepla-

488 5195 636 5261 ,cito,
686 5194 1110 5250 convenienter
1160 5192 1272 5248 hoc
1328 5192 1636 5267 conjungit
1683 5199 1742 5250 et
1797 5194 1961 5251 addit
2014 5195 2146 5251 Haec

500 5291 698 5339 autem
734 5284 808 5338 ad
830 5283 1338 5354 dispensationem
1388 5283 1603 5355 inquit.
1637 5283 1749 5340 hoc
1788 5289 1878 5339 est
1909 5290 2150 5355 propter

499 5374 860 5430 ineffabilem
883 5374 1314 5448 providentiam
1348 5380 1404 5428 et
1435 5373 1884 5447 dispositionem
1917 5380 2146 5446 tempo-

500 5479 631 5521 rum
677 5464 1207 5521 consummationis
1257 5464 1480 5534 saeculi,
1535 5464 1593 5520 id
1643 5470 1731 5520 est
1773 5480 1973 5521 rerum
2013 5480 2144 5537 quas

571 5630 592 5663 '
616 5629 815 5689 Matth.
847 5645 902 5702 v,
933 5633 1020 5686 to.

2255 4569 2520 4644 γενέσθαι.
2552 4565 2776 4640 Ἐπειδή
2842 4569 2945 4647 γὰρ
3005 4569 3170 4627 εἰπὼν
3232 4572 3360 4627 αὑτὸ
3415 4569 3523 4624 κατ’
3561 4555 3806 4639 datio“;

2254 4657 2428 4721 αῗτίας
2487 4659 2537 4712 ἐν
2592 4662 2671 4730 τῷ
2731 4658 2924 4729 μεταξῦ
2984 4660 3264 4736 συνείρων,
3324 4658 3572 4727 ἀπέστησε
3607 4651 3723 4709 πολὺ
3743 4648 3802 4700 τὸν

2252 4746 2523 4818 ἀκροατὴν
2565 4750 2661 4801 τοῦ
2711 4746 2900 4823 λόγου,
2951 4747 3115 4805 πάλιν
3170 4748 3348 4823 ὥσπερ
3394 4742 3804 4818 ἐπαναμιμνήσκων

2255 4836 2413 4890 αὑτὸν
2459 4835 2547 4890 καὶ
2600 4833 3088 4909 ἐπαναλαμϐἆνων,
3140 4839 3223 4895 ὃτι
3273 4840 3436 4894 πὰντα
3481 4833 3562 4892 διὰ
3609 4835 3686 4887 τοῦ
3715 4824 3802 4882 Υἱοῦ

2252 4925 2468 5000 γέγονεν
2520 4923 2736 4998 εὖδοκίφ
2781 4930 2878 4981 τοῦ
2927 4928 3156 5002 Πατρός,
3205 4932 3365 4984 τοῦτο
3407 4923 3693 5004 προσφόρως
3722 4914 3808 4970 ἔπι*

2255 5016 2507 5069 σλνάπτει
2564 5014 2654 5069 καὶ
2719 5013 2951 5084 τίθησιν.
3005 5017 3190 5073 Ταῦτα
3246 5016 3322 5086 δὲ,
3363 5012 3625 5092 φησὶν,εἷς
3650 5006 3804 5063 οἰκονο-

2259 5101 2406 5176 μίαν,
2456 5101 2758 5168 τουτέστιν,
2808 5102 2894 5158 ἐπὶ
2959 5103 3147 5184 ἆφάτῳ
3195 5104 3420 5178 προνοίᾳ
3483 5101 3562 5158 καὶ
3606 5092 3803 5194 dacili“:

2253 5197 2359 5248 τῶν
2419 5197 2517 5263 τῆς
2593 5191 2898 5255 συντελείας
2975 5199 3202 5270 καερῶν,
3256 5193 3509 5261 τουτέστ⁸’
3566 5193 3656 5245 τῶν
3708 5191 3801 5270 vf?

2252 5285 2352 5349 τὴν
2411 5281 2716 5338 συντέλειαν
2768 5263 3124 5360 πραγμάτων.
3177 5285 3307 5340 Ὀσα
3353 5285 3451 5359 γὰρ
3493 5263 3799 5360 ἐπράχθη-νδά

2253 5375 2352 5438 τήν
2407 5371 2529 5426 τότε
2583 5371 2720 5444 ἡμῖν
2773 5358 3372 5450 ἀποκαλυφθησομένην
3418 5358 3554 5442 δόξαν
3595 5358 3796 5436 ἐπράχθη-

2257 5461 2351 5519 Διὸ
2380 5461 2467 5515 καὶ
2504 5461 2532 5515 ὁ
2564 5460 2794 5536 Χριστὸς
2843 5461 2966 5516 τότε
3017 5459 3106 5516 διὰ
3154 5469 3258 5534 τῆς
3303 5455 3552 5519 ἐκϐασεως
3595 5456 3681 5509 τῶν
3705 5461 3799 5518 "P"
