4072 6266
233 423 391 488 M73

1279 414 1685 482 COMMENT.
1732 418 1814 481 IN
1858 416 2108 482 EPIST.
2176 420 2275 482 AD
2320 420 2603 487 EPHES.

3487 425 3641 489 ιιτι

234 555 461 633 γμάτων
522 557 898 631 φανεροῦσθαι,
955 550 1523 629 ἀνακεφαλαιούμενος
1581 551 1646 607 16.
1710 551 1871 607 πάντα

1997 554 2153 611 circa
2184 559 2760 615 consummationem
2812 563 3008 616 erunt.
3070 560 3447 633 Quaecunque
3480 561 3666 617 enim'

236 644 291 702 ἐν
357 643 552 714 ἑαυτῷ.
637 664 660 695 ε
715 647 843 707 Τοῖς
898 640 1241 718 ἐπουρανίοις
1294 639 1345 697 ἐν
1407 642 1644 716 Χριστῷ.
1704 665 1730 692 ››
1791 642 1887 697 Διὰ

235 740 481 811 Χριστοῦ
507 736 609 809 γὰρ
642 736 803 805 ἡμῶν
838 736 872 802 ἡ
906 732 1157 811 εὐλογία,
1211 732 1273 787 οὐ
1320 730 1409 787 διὰ
1437 753 1584 793 τινος
1615 735 1723 788 τῶν
1754 751 1889 805 προ·

234 831 447 907 φητῶν,
482 824 555 886 ὡς
587 821 876 885 Ἰουδαίοις
909 821 1000 878 διὰ
1030 822 1289 883 Μωσέως.
1324 822 1521 883 Καλῶς
1548 819 1603 877 δὲ
1628 823 1711 889 τὸ,
1747 847 1774 873 ‹‹
1804 824 1888 877 Ἐν

232 920 352 977 τοῖς
383 913 752 984 ἐπουρανίοις,
784 932 811 963 n
845 913 964 967 οἷον
996 912 1333 987 πράγμασιν.
1362 909 1528 967 υύδὶν
1562 912 1666 986 γὰρ
1698 914 1884 987 γήϊνον

231 1006 360 1079 παρ’
417 1007 573 1076 ἡμῖν,
629 1004 705 1066 ὡς
764 1002 909 1077 παρᾶ
979 1000 1288 1064 Ἰουδαίοις.
1347 1002 1492 1059 Ἐκεῖ
1544 1002 1644 1076 γὰρ
1702 1005 1771 1076 γῆ
1829 1022 1889 1056 τε

236 1095 433 1171 ῥέουσα
465 1092 592 1165 μέλι
623 1093 712 1148 καὶ
743 1091 909 1167 γάλα,
941 1092 1051 1161 καὶ,
1079 1116 1105 1144 ‹‹
1143 1092 1220 1149 Τὰ
1257 1092 1429 1166 ἀγαθὰ
1458 1098 1558 1159 τῆς
1586 1097 1687 1167 γῆς
1716 1092 1884 1166 φάγε-

235 1204 346 1251 σαι,
404 1182 495 1239 καὶ
547 1180 852 1257 Εὐλογήσει
925 1182 1120 1254 Κύριος
1172 1182 1272 1250 τὴν
1330 1182 1430 1257 γῆν
1489 1199 1604 1234 σου·
1666 1180 1888 1234 ἐνταῦθα

236 1271 315 1341 δὲ,
369 1273 544 1331 πάντα
600 1273 723 1347 περὶ
787 1270 1065 1348 βασιλείας
1122 1270 1381 1347 οὐρανῶν.
1419 1294 1447 1322 ‹‹
1488 1270 1681 1332 Καθὼς
1714 1268 1886 1341 ἐξελέ-

234 1362 359 1434 ξατο
417 1365 565 1437 ἠμᾶς
622 1362 671 1418 ἐν
733 1362 899 1435 αὐτῷ.
958 1386 986 1415 ››
1042 1363 1244 1435 Ὥσπερ
1305 1358 1601 1434 εὐλόγησεν
1660 1362 1809 1431 ἡμᾶς
1857 1359 1885 1413 6

233 1454 365 1517 θεὸς
419 1452 509 1507 καὶ
564 1452 749 1526 Πατὴρ
811 1449 900 1507 διὰ
956 1455 1216 1526 Χριστοῦ,
1272 1450 1444 1511 οὕτως
1490 1449 1577 1503 καὶ
1608 1447 1884 1522 ἐξελέξατο

232 1540 302 1598 δι’
333 1541 518 1609 αὐτοῦ,
566 1541 657 1596 καὶ
711 1548 811 1611 τῆς
875 1540 950 1603 εἷς
1009 1540 1167 1595 αὐτὸν
1208 1539 1460 1600 πίστεως.
1489 1538 1561 1596 Τὸ
1594 1536 1671 1604 δὲ,
1706 1561 1735 1589 ι(
1770 1539 1883 1610 Πρὸ

230 1624 545 1695 καταϐολῆς
573 1628 805 1702 κόσμου,
844 1653 869 1680 υ
917 1625 1102 1697 δηλοῖ,
1151 1629 1235 1682 ὅτι
1281 1630 1442 1682 τοῦτο
1474 1625 1642 1680 πάλαι
1668 1628 1733 1694 ἦν
1767 1626 1882 1699 ὁρι-

232 1722 376 1788 σθὲν,
427 1725 666 1787 σωθῆναι
700 1714 789 1772 διὰ
839 1724 940 1786 τῆς
984 1716 1060 1778 είς
1114 1716 1341 1788 Χριστὸν
1374 1714 1606 1776 πίστεως
1636 1716 1762 1774 τοὺς
1795 1713 1881 1768 ἐπὶ

230 1816 354 1887 γῆς.
390 1810 468 1865 Τὸ
500 1806 576 1874 δὶ,
604 1832 631 1859 ι(
653 1802 993 1876 καταϐολῆς,
1019 1830 1047 1858 ››
1073 1803 1260 1875 δηλοῖ,
1293 1804 1377 1859 ὅτι
1408 1804 1513 1859 ἀπὸ
1544 1804 1715 1878 ὕψους
1739 1805 1884 1868 τινὸς

232 1906 331 1969 τῆς
360 1895 459 1954 τοῦ
492 1901 626 1953 Θεοῦ
658 1895 935 1969 δυνάμεως
994 1889 1308 1965 κατεϐλήθη
1343 1895 1371 1950 6
1401 1894 1629 1967 κόσμος.
1666 1917 1693 1944 ‹‹
1724 1892 1880 1950 Εἶναι
1911 1927 1957 1994 Β

234 1991 383 2063 ἡμᾶς
442 1988 646 2064 ἁγίους.
688 2012 708 2039 ι
772 1986 1079 2060 Ἐξελὲξατο
1135 1986 1303 2059 ἡμᾶς,
1363 1985 1549 2056 φησὶν,
1583 1983 1878 2058 ἐπὶτούτῳ

236 2084 315 2152 τῷ
346 2078 483 2154 ὅρῳ,
518 2078 594 2142 εἷς
620 2079 684 2133 τὸ
716 2078 845 2133 εἶναι
890 2080 1037 2151 ἡμᾶς
1086 2075 1271 2152 ἁγίους
1325 2075 1461 2131 κατᾶ
1490 2075 1692 2142 πίστιν,
1722 2074 1879 2148 ἀμώ-

238 2188 373 2243 μους
429 2168 564 2223 κατᾶ
620 2165 757 2243 βίον.
822 2189 850 2219 ‹‹
902 2171 1024 2221 Κατ’
1082 2163 1312 2221 ἐνώπιον
1372 2163 1556 2231 αὐτοῦ,
1616 2162 1800 2241 φησίν.
1849 2188 1876 2215 ››

230 2257 351 2317 Ε“σί
413 2258 514 2336 γὰρ
573 2278 715 2319 τινες
774 2254 1000 2330 ἄμωμοι
1056 2260 1176 2317 τοῖς
1242 2253 1546 2330 ἀνθρώποις
1577 2249 1875 2323 δοκοῦντες,

231 2347 362 2406 ἀλλ’
392 2349 454 2404 οὐ
485 2351 668 2414 τοῦτο,
728 2347 912 2421 φησὶν,
972 2344 1119 2401 ἀλλᾶ
1173 2344 1301 2402 Κατ’
1360 2342 1590 2399 ἐνώπιον
1623 2342 1810 2399 αὐτοῦ.
1851 2368 1870 2394 ι

228 2440 404 2495 Τοῦτο
439 2435 515 2505 δί,
550 2435 705 2510 φησὶ,
765 2431 855 2490 διὰ
908 2435 1005 2503 τήν
1064 2435 1201 2510 πρὸς
1256 2436 1403 2506 ἡμᾶς
1434 2433 1649 2510 ἀγάπην
1683 2430 1878 2501 ἐποίη-

231 2547 261 2582 σ
265 2547 335 2583 εν.

1990 643 2143 703 facta
2173 653 2332 711 sunt,
2366 652 2607 721 propter
2637 648 2884 722 gloriam
2934 666 3065 721 quas
3097 655 3237 704 tunc
3272 650 3444 706 nobis
3472 666 3645 709 reve-

1989 736 2211 791 labitur
2239 737 2392 793 facta
2421 743 2578 793 sunt.
2610 738 2744 794 Ideo
2771 739 2949 795 etiam
2977 739 3242 795 Christus
3265 745 3406 796 tunc
3441 757 3641 797 rerum

1990 827 2149 880 exitu
2181 828 2594 883 manifestatur
2623 829 2965 884 summatim
2988 829 3326 885 instaurans
3358 831 3642 887 omniain

1991 918 2205 988 seipso.
2241 941 2266 967 «
2301 918 2360 972 1n
2394 919 2728 975 caelestibus
2761 936 2867 991 per
2896 920 3215 976 Christum.
3253 942 3278 968 »
3336 921 3641 992 Siquidem

1988 1023 2096 1080 per
2122 1008 2413 1063 Christum
2443 1014 2531 1064 est
2553 1015 2754 1064 nostra
2790 1008 3125 1065 benedictio
3163 1016 3223 1065 et
3263 1026 3382 1064 non
3407 1026 3511 1081 per
3535 1011 3640 1067 ali-

1992 1114 2171 1167 quem
2191 1098 2615 1170 prophetarum
2646 1099 3146 1169 quemadmodum
3169 1100 3194 1154 J
3204 1099 3384 1153 udmis
3398 1101 3644 1173 contigit

1989 1204 2097 1260 per
2126 1188 2344 1243 Mosen.
2370 1192 2417 1243 Δ
2443 1190 2616 1245 Recte
2643 1194 2842 1244 autem
2867 1188 3033 1243 addit
3061 1212 3085 1237 α
3122 1190 3187 1243 1n
3219 1189 3574 1251 coelestibus.
3609 1212 3638 1240 ss

1990 1293 2203 1349 nempe
2226 1277 2438 1333 rebus:
2472 1278 2623 1332 nihil
2645 1278 2803 1333 enim
2830 1277 2986 1350 apud
3016 1293 3125 1333 nos
3155 1280 3644 1347 terrenum,sicut

1988 1366 2145 1438 apud
2169 1367 2420 1422 Judaeos.
2458 1366 2540 1423 Ibi
2573 1368 2733 1423 enim
2768 1366 3145 1435 contingebat
3180 1373 3239 1423 et
3274 1370 3441 1423 Terra
3469 1371 3643 1439 ﬂuens

1990 1453 2073 1508 lac
2098 1461 2149 1508 et
2174 1455 2314 1509 mel:
2348 1460 2406 1510 et
2457 1456 2609 1510 Bona
2666 1462 2825 1510 terra:
2883 1455 3161 1511 comedes:
3220 1459 3280 1511 et
3347 1477 3373 1505 ‹‹
3408 1456 3643 1512 Benedi-

1989 1549 2071 1599 cet
2099 1545 2361 1599 Dominus
2384 1551 2541 1600 terra:
2564 1552 2670 1600 tuae
2697 1562 2709 1599 :
2738 1567 2765 1593 ››
2787 1545 2883 1600 hic
2910 1550 3108 1601 autem
3132 1546 3335 1601 omnia
3356 1545 3427 1601 de
3457 1562 3639 1619 regno

1990 1632 2292 1688 cmlorum.
2319 1656 2345 1683 «
2371 1632 2880 1698 Quemadmodum
2906 1634 3084 1706 elegit
3105 1650 3215 1688 nos
3238 1650 3345 1704 per
3363 1635 3580 1705 ipsum.
3610 1656 3638 1684 ››

1988 1721 2495 1786 Quemadmodum
2555 1722 2856 1779 benedixit
2912 1738 3020 1777 nos
3060 1723 3213 1778 Deus
3245 1728 3302 1777 et
3333 1724 3505 1779 Pater
3536 1739 3642 1794 per

1988 1811 2305 1879 Christum,
2336 1811 2417 1866 ita
2446 1817 2505 1867 et
2536 1812 2713 1883 elegit
2767 1828 2876 1867 nos
2932 1828 3039 1883 per
3096 1812 3310 1883 ipsum,
3345 1817 3404 1867 et
3433 1828 3538 1883 per
3569 1813 3642 1867 fi-

1988 1900 2123 1956 dem
2159 1917 2289 1968 quas
2320 1900 2381 1954 in
2415 1900 2607 1972 ipsum
2640 1906 2745 1957 est.
2780 1900 2945 1966 Quod
2977 1906 3175 1957 autem
3206 1900 3388 1956 addit.
3425 1925 3450 1951 «
3489 1904 3638 1959 Ante

1990 1989 2473 2045 constitutionem
2500 1990 2728 2057 mundi,
2754 2011 2779 2037 υ
2804 1988 3096 2061 signiﬁcat
3117 1989 3275 2061 quod
3302 2005 3370 2046 ex
3394 1992 3639 2061 antiquo

1988 2078 2100 2135 hoc
2123 2078 2434 2134 deﬁnitum
2457 2084 2601 2148 erat,
2625 2084 2690 2133 ut
2715 2081 2814 2150 qui
2840 2080 2899 2134 in
2924 2085 3081 2136 terra
3102 2084 3239 2134 sunt
3266 2079 3404 2134 salvi
3428 2080 3642 2137 ﬁerent

1987 2184 2095 2241 per
2125 2168 2299 2225 ﬁdem
2328 2184 2457 2240 qua;
2480 2169 2541 2223 in
2564 2169 2859 2224 Christum
2882 2174 2986 2225 est.
3013 2167 3177 2234 Quod
3200 2176 3394 2224 autem
3427 2167 3634 2223 mundi

1990 2259 2477 2315 constitutionem
2522 2264 2686 2315 vocat
2733 2252 3044 2324 καταϐολὴν
3095 2274 3129 2314 a
3176 2251 3636 2326 καταϐάλλεσθαι,

1988 2349 2048 2405 id
2080 2356 2167 2405 est
2200 2349 2478 2419 dejicere,
2510 2351 2804 2419 signiﬁcat
2834 2350 2991 2421 quod
3031 2350 3103 2405 ab
3153 2350 3467 2406 altitudine
3495 2365 3641 2420 qua-

1987 2438 2121 2494 dam
2146 2438 2355 2494 divinae
2378 2441 2658 2511 potentiae
2679 2440 2839 2511 jacta
2861 2439 2978 2493 sint
3002 2438 3208 2493 mundi
3230 2438 3637 2496 fundamenta.

1986 2548 2015 2577 «
2049 2528 2119 2583 Ut
2150 2544 2412 2584 essemus
2441 2530 2648 2585 sancti.
2687 2552 2712 2576 n
2748 2529 2810 2583 ln
2843 2529 3021 2593 hunc,
3065 2528 3279 2598 inquit,
3315 2528 3490 2582 ﬁnem
3528 2544 3638 2583 nos

226 2618 403 2690 elegit
432 2624 498 2674 ut
526 2618 587 2673 in
616 2616 733 2673 fide
764 2616 951 2672 sancti
986 2631 1275 2678 essemus,
1308 2616 1369 2670 in
1423 2615 1539 2670 vita
1567 2614 2144 2686 irreprehensibiles.
2197 2638 2225 2667 «
2258 2618 2466 2673 Coram
2517 2617 2641 2685 illo,
2672 2638 2699 2666 ››
2747 2616 2958 2688 inquit.
3015 2617 3160 2671 Sunt
3200 2616 3356 2670 enim
3392 2615 3635 2687 quidam

230 2708 331 2779 qui
366 2707 703 2763 hominibus
730 2706 1002 2761 videntur
1032 2704 1605 2777 irreprehensibiles.
1641 2708 1715 2758 At
1744 2720 1864 2760 non
1895 2704 2007 2761 hoc
2040 2705 2202 2776 dicit,
2228 2708 2330 2763 sed
2352 2729 2379 2757 κ
2405 2709 2611 2763 Coram
2636 2706 2762 2763 illo.
2791 2727 2815 2755 ››
2846 2706 2965 2762 Hoc
2994 2711 3193 2761 autem
3223 2705 3362 2761 fecit
3392 2711 3635 2777 propter

230 2797 597 2859 charitatem,
632 2797 848 2868 inquit,
876 2812 1051 2867 quam
1085 2810 1221 2868 erga
1251 2810 1360 2849 nos
1390 2791 1617 2851 habuit.

304 2884 602 2959 Προορίσας
658 2885 806 2956 ἡμᾶς
866 2884 941 2944 είς
997 2884 1287 2950 υἱοθεσίαν,
1349 2879 1438 2936 διὰ
1504 2883 1685 2952 Ἰησοῦ
1737 2883 1875 2955 Χρι-

224 2978 351 3028 στοῦ
413 2972 487 3029 είς
545 2974 724 3040 αυτὸν,
783 2974 918 3027 κατά
973 2973 1074 3041 τὴν
1138 2967 1381 3026 εὐδοκίαν
1436 2974 1534 3025 τοῦ
1563 2971 1875 3043 θελήματος

221 3063 408 3129 αὐτοῦ,
487 3061 564 3124 εἴς
640 3057 855 3117 ἔπαινον
931 3058 1091 3131 δόξης
1164 3066 1264 3129 τῆς
1355 3059 1582 3139 χάριτος
1685 3059 1871 3129 αὐτοῦ,

221 3151 272 3207 ἐν
332 3152 368 3227 ᾖ
423 3150 752 3227 ἐχαρίτωσεν
811 3152 960 3224 ἡμᾶς
1018 3149 1069 3205 ἐν
1124 3154 1205 3222 τῷ
1262 3146 1623 3223 ἠγαπημένῳ.
1673 3150 1764 3205 Ἐν
1826 3148 1872 3221 ᾦ

2057 2890 2100 2952 I,
2135 2888 2247 2941 5-8.
2282 2889 2387 2952 Qui
2411 2886 2837 2957 praedestinavit
2883 2901 2981 2942 nos
3035 2885 3108 2941 ad
3150 2884 3503 2956 adoptionem
3532 2900 3637 2955 per

1982 2977 2159 3031 Jesum
2195 2976 2467 3032 Christum
2496 2977 2569 3031 ad
2598 2979 2777 3046 ipsum
2798 2977 2972 3046 jumta
3004 2973 3260 3045 beneplac
3290 2980 3407 3029 tum
3438 2973 3632 3029 volun-

1985 3068 2117 3119 tatis
2143 3081 2273 3130 suae,
2306 3071 2365 3120 ut
2398 3065 2655 3119 laudetur
2684 3066 2863 3134 gloria
2891 3067 3087 3134 gratiae
3131 3079 3241 3119 sua
3290 3080 3402 3133 qua
3438 3065 3631 3117 charos

1982 3154 2223 3209 reddidit
2248 3170 2344 3209 nos
2369 3170 2472 3225 per
2502 3153 2776 3208 dilectum.
2815 3156 2919 3207 Per
2947 3170 3107 3223 quem
3132 3153 3392 3206 habemus
3412 3150 3633 3206 redem-

222 3238 428 3316 ἔχομεν
477 3242 575 3308 τὴν
651 3240 1030 3313 ἀπολύτρωσιν
1100 3237 1187 3294 διὰ
1239 3242 1335 3293 τοῦ
1395 3238 1627 3310 αἳματος
1684 3236 1870 3305 αὐτοῦ,

1984 3245 2223 3314 ptionem
2248 3260 2351 3313 per
2377 3242 2705 3312 sanguinem
2747 3242 2941 3312 ipsius,
2974 3243 3346 3296 remissionem
3372 3246 3633 3310 peccato-

222 3332 323 3401 τήν
381 3332 567 3407 ἄφεσιν
623 3335 731 3385 τῶν
786 3329 1268 3405 παραπτωμάτων,
1334 3328 1471 3382 κατᾶ
1530 3329 1623 3380 τὸν
1690 3324 1862 3382 πλοῦ-

1984 3349 2122 3399 rum,
2145 3334 2317 3403 juxta
2347 3331 2571 3387 divitias
2600 3334 2797 3402 gratiae
2823 3347 2952 3397 suae,
2979 3331 3043 3385 de
3073 3346 3185 3401 qua
3213 3330 3450 3384 ubertim
3472 3328 3630 3384 nobis

216 3440 310 3476 10v
412 3427 512 3487 τῆς
613 3419 840 3493 χάριτος
940 3418 1125 3486 αὐτοῦ,
1200 3420 1265 3486 ἧς
1347 3415 1714 3491 ἐπερίσσευσεν
1790 3416 1867 3478 εἰς

214 3511 388 3582 ἡμᾶς,
420 3508 471 3563 ἐν
507 3509 649 3581 παίσῃ
681 3507 843 3585 σοφίᾳ
878 3508 965 3563 καὶ
1002 3508 1282 3588 φρονήσει.

289 3598 443 3672 Μέγα
488 3598 603 3671 μὶν,
656 3596 745 3652 καί
791 3597 856 3651 τὸ
904 3596 981 3657 εἷς
1040 3594 1309 3651 υἱοθεσίαν
1358 3595 1675 3670 εἰσαχθῆναι
1707 3597 1867 3662 Θεοῦ,

219 3692 406 3761 μεῖζον
441 3684 498 3744 δὲ
530 3687 588 3741 16
640 3686 729 3741 καὶ
788 3682 877 3741 διὰ
932 3688 1029 3742 τοῦ
1085 3686 1214 3741 Υἱοῦ
1270 3688 1433 3739 τοῦτο
1469 3690 1859 3757 μεσιτευθῇαι.

218 3777 316 3841 Εἷς
348 3777 616 3832 υἱοθεσίαν
660 3774 717 3831 δὲ
774 3775 972 3845 ποίαν;
1031 3776 1145 3838 Τὴν
1205 3774 1280 3836 εἷς
1341 3774 1524 3841 αὐτὸν,
1583 3774 1737 3851 φησί,
1772 3772 1864 3855 φὶ.

220 3887 418 3943 ρουσαν
444 3867 537 3921 τόν
570 3865 716 3923 Θεόν.
782 3889 808 3917 α
844 3865 985 3920 Κατᾶ
1036 3866 1135 3933 τὴν
1195 3860 1442 3918 εὐδοκίαν
1474 3868 1571 3918 τοῦ
1619 3862 1864 3933 θελήμα-

214 3978 311 4019 τος
344 3955 532 4013 αὐτοῦ.
566 3980 594 4007 ››
653 3954 917 4015 Εὐδοκίαν
978 3954 1103 4029 γὰρ,
1142 3954 1240 4021 τήν
1297 3950 1379 4008 ἐπ’
1438 3954 1707 4028 εὐεργεσίᾳ
1742 3951 1865 4027 βούο

218 4046 380 4115 λησιν
413 4044 530 4109 ἔθος
693 4046 807 4117 θείᾳ
863 4044 1049 4100 καλεῖν
1110 4046 1317 4120 Γραφῇ.
1355 4066 1382 4094 ‹‹
1413 4046 1520 4097 Τοῦ
1552 4040 1863 4115 θελήματος

214 4137 407 4192 αὐτοῦ.
462 4160 489 4187 n
549 4140 726 4194 Ταῦτα
785 4133 842 4191 δὲ
893 4135 1066 4190 πάντα
1123 4132 1374 4203 ἐποίησεν
1433 4131 1509 4196 εἷς
1566 4134 1732 4203 ἡμᾶς,
1793 4129 1863 4184 δι’

209 4222 360 4281 ἄλλο
420 4225 513 4297 μὶν
566 4223 747 4290 οὑδὶν,
809 4222 956 4291 πλήν
1017 4224 1101 4278 ’ὁτι
1161 4217 1452 4293 ἠϐουλήθη
1511 4220 1602 4275 καὶ
1654 4216 1862 4294 σφόδρα

207 4313 519 4388 ἱπεθύμησε
578 4314 764 4389 χάριτι
820 4317 989 4368 σῶσαι
1049 4312 1175 4375 τοὺς
1232 4311 1319 4367 ἐπὶ
1368 4317 1492 4386 γῆς,
1542 4309 1679 4384 πρὸς
1708 4309 1770 4364 τὸ
1804 4310 1864 4363 ὲκ

204 4402 405 4460 τούτου
438 4405 766 4468 ἐπαινεῖσθαι
825 4401 916 4458 καὶ
975 4399 1287 4471 δοξάζεσθαι
1341 4401 1440 4468 τήν
1502 4398 1650 4473 ἁγίαν
1696 4398 1862 4453 αὐτοῦ

210 4491 368 4563 δόξαν
422 4496 520 4558 τῆς
591 4492 840 4568 χάριτος.
905 4516 932 4544 ‹‹
991 4493 1077 4547 Ἐν
1230 4488 1558 4562 ἐχαρίτωσεν
1619 4489 1789 4560 ἡμᾶς.
1832 4510 1861 4539 ››

206 4583 549 4659 Ἐχαρίτωσε
604 4581 680 4651 δὲ,
740 4587 956 4658 πρῶτον
1018 4582 1114 4654 μὶν
1171 4580 1398 4637 ἐνώπιον
1424 4585 1531 4635 τῶν
1563 4577 1859 4657 ὀφθαλμῶν

1978 3424 2290 3493 impartivit
2317 3424 2375 3476 in
2400 3421 2549 3477 omni
2575 3422 2852 3492 sapientia
2883 3427 2936 3475 et
2962 3421 3285 3491 prudentia.

2048 3607 2319 3678 Magnum
2352 3602 2594 3675 quidem
2625 3611 2733 3673 est,
2788 3604 2849 3661 in
2903 3603 3117 3660 Filium
3149 3600 3250 3658 Dei
3285 3602 3632 3673 adoptatum

1977 3710 2104 3752 esse
2135 3712 2147 3749 :
2182 3693 2375 3766 majus
2408 3699 2497 3751 est
2527 3698 2747 3763 autem,
2782 3693 2841 3749 id
2891 3710 2997 3764 per
3039 3694 3232 3763 ipsum
3264 3692 3479 3747 Filium
3512 3708 3633 3748 me~

1976 3785 2262 3841 diatorem
2295 3782 2575 3855 adeptum
2610 3798 2754 3838 esse.
2786 3780 2871 3836 Ad
2917 3796 3092 3850 quam
3126 3785 3321 3835 autem
3357 3779 3632 3849 adoptio-

1975 3892 2111 3931 nem
2134 3874 2163 3929 ?
2192 3873 2277 3929 Ad
2311 3888 2460 3937 eam,
2497 3872 2714 3943 inquit,
2740 3888 2869 3942 qum
2905 3868 3155 3925 ducitad
3188 3869 3383 3939 ipsum
3420 3869 3625 3928 Deum.

1976 3988 2003 4015 ‹‹
2035 3966 2207 4019 Juxta
2240 3962 2677 4033 beneplacitum
2708 3959 3024 4017 voluntatis
3067 3975 3207 4015 suae.
3245 3979 3273 4007 ››
3316 3959 3631 4016 Consuevit

1976 4053 2135 4109 enim
2166 4052 2368 4106 divina
2403 4050 2706 4121 Scriptura
2761 4049 3126 4106 voluntatem
3157 4064 3224 4104 ac
3255 4047 3624 4119 propositum

1973 4140 2042 4195 ad
2076 4137 2593 4203 benefaciendum,
2617 4153 2821 4195 vocare
2852 4136 3310 4208 beneplacitum.
3349 4158 3376 4185 ‹‹
3404 4136 3625 4193 Volun-

1975 4228 2109 4284 tatis
2139 4244 2280 4283 suae.
2315 4248 2341 4275 »
2379 4228 2509 4284 Hac
2558 4234 2754 4284 autem
2814 4225 3014 4282 omnia
3054 4240 3190 4296 erga
3220 4241 3326 4280 nos
3357 4224 3431 4281 ob
3462 4225 3627 4282 aliud

1974 4317 2122 4373 nihil
2155 4322 2430 4389 operatus
2463 4322 2569 4379 est,
2604 4317 2717 4372 nisi
2757 4316 2897 4387 quia
2923 4314 3109 4371 voluit
3139 4330 3205 4369 ac
3241 4315 3627 4372 vehementer

1974 4406 2307 4478 concupivit
2334 4422 2441 4477 per
2476 4405 2724 4479 gratiam
2772 4405 2960 4461 salvos
3002 4403 3194 4460 facere
3226 4418 3326 4459 eos
3358 4403 3458 4474 qui
3488 4407 3626 4460 sunt

1972 4495 2235 4557 interra,
2298 4499 2362 4548 ut
2418 4509 2487 4550 ex
2550 4494 2659 4549 hoc
2710 4492 3052 4550 laudaretur
3097 4508 3163 4549 ac
3192 4492 3626 4566 gloriﬁcaretur

1974 4590 2177 4639 sancta
2204 4584 2403 4657 gratim
2438 4584 2621 4655 ipsius
2652 4583 2856 4655 gloria.
2914 4604 2937 4633 ιι
2981 4583 3105 4648 Qua
3126 4583 3335 4637 charos
3366 4579 3625 4637 reddidit

204 4674 397 4743 αὐτοῦ,
465 4666 648 4730 ἔπειτα
704 4671 1031 4747 ἐπεράστους
1107 4671 1362 4741 ἰποίησεν
1428 4668 1709 4744 ἀγγέλοις,
1775 4672 1864 4747 ἀρ-

1984 4689 2099 4728 nos.
2139 4694 2166 4722 ››
2199 4673 2418 4728 Charos
2476 4678 2675 4729 autem
2729 4671 3008 4730 reddidit.
3065 4671 3324 4744 primum
3378 4669 3622 4741 quidem

205 4763 527 4837 χαγγὲλοις,
582 4767 703 4824 ταῖς
751 4760 863 4816 ἆνω
922 4758 1201 4835 δυνάμεσι,
1260 4765 1377 4822 τοῖς
1439 4760 1860 4833 εὐηρεστηκόσιν

210 4852 364 4923 αὖτῷ
424 4851 617 4927 ἁγίοις.
679 4875 706 4903 ιι
770 4851 1290 4926 Ἐπιθυμήσειίςγᾶρ
1345 4850 1372 4904 6
1434 4847 1688 4924 βασιλεὺς
1766 4855 1862 4904 τοῦ

210 4938 456 5003 κάλλους
487 4961 604 4999 σου.
638 4962 665 4992 ››
698 4940 812 5008 Τὴν
846 4936 904 4994 δὲ
936 4939 1095 5014 χάριν
1148 4937 1347 5007 ταύτην
1395 4934 1484 4993 διὰ
1513 4942 1609 4992 τοῦ
1639 4939 1864 5013 ἠγαπη-

218 5033 384 5106 μένου
437 5033 672 5105 Χριστοῦ
729 5036 845 5093 τοῖς
892 5031 973 5085 ἐπὶ
1027 5036 1128 5105 γῆς
1180 5026 1435 5097 δέδωκεν,
1496 5029 1658 5091 αὐτὸς
1699 5030 1861 5104 γειρὸ

217 5120 466 5195 μεσίτης.
514 5144 542 5172 ‹‹
574 5122 663 5177 Ἐν
691 5120 737 5193 ᾧ
768 5118 976 5195 ἔχομεν
1023 5121 1122 5188 τήν
1171 5117 1571 5193 ὀιπολύτρωσιν.
1606 5142 1634 5168 ››
1666 5119 1745 5173 Δι’
1777 5119 1859 5185 οὗ,

210 5212 399 5288 φησὶν,
454 5204 655 5285 ἔχομεν
713 5212 813 5279 τήν
869 5210 1053 5286 ἄφεσιν
1127 5204 1216 5263 διὰ
1255 5211 1352 5262 τοῦ
1413 5207 1642 5280 α’ἰματὸς
1697 5207 1862 5263 αὑτοῦ

211 5300 520 5374 ὑπάρξασαν
577 5301 736 5371 ἡμῖν.
791 5300 1108 5370 Θαυμαστὸν
1159 5297 1261 5372 γὰρ
1314 5297 1375 5351 τὸ
1421 5298 1495 5368 μή
1533 5296 1694 5369 μόνον
1731 5297 1861 5373 ὑπὲρ

204 5389 445 5469 ἐχθρῶν,
494 5389 643 5446 ἀλλὰ
682 5390 772 5445 καὶ
801 5390 895 5445 τὸν
944 5388 1067 5444 Υἱὸν
1129 5385 1313 5442 δοῦναι
1344 5385 1434 5440 καὶ
1466 5386 1601 5461 πρὸς
1634 5385 1858 5450 θεὶνατὸν

207 5477 297 5534 διὰ
346 5484 445 5534 τοῦ
475 5479 728 5554 αἳματος.
762 5482 936 5537 Τοῦτο
986 5479 1088 5554 γὰρ
1136 5479 1244 5531 τῶν
1297 5472 1517 5549 δωρεῶν
1564 5476 1625 5530 τὸ
1659 5496 1863 5552 φρικωέ

201 5567 479 5625 δὲστατον.
515 5593 542 5618 η
578 5570 721 5625 Κατά
748 5568 839 5624 τὸν
896 5566 1133 5623 πλοῦτον
1192 5570 1294 5633 τῆς
1351 5563 1580 5637 χάριτος
1614 5564 1798 5621 αὐτοῦ.
1830 5587 1859 5615 ››

282 5776 306 5813 ⁸
331 5775 488 5834 Psal.
520 5788 674 5846 nn,
707 5779 795 5834 tl.

1974 4778 2171 4819 coram
2212 4762 2402 4818 oculis
2435 4762 2575 4827 suis,
2611 4761 2826 4818 deinde
2858 4760 3145 4818 amabiles
3175 4761 3401 4834 angelis
3433 4759 3622 4815 reddi-

1974 4852 2079 4919 dit,
2113 4852 2501 4925 archangelis,
2550 4852 2822 4923 supernis
2870 4852 3279 4924 potestatibus,
3312 4858 3370 4906 et
3399 4850 3489 4906 his
3520 4850 3622 4923 qui

1975 4942 2083 4997 sibi
2117 4941 2348 5014 placent
2377 4942 2613 4999 sanctis.
2649 4943 2691 4999 ὅ
2730 4965 2756 4991 ‹‹
2790 4942 2933 4998 Nam
2974 4942 3370 5013 concupiscet,
3404 4940 3618 5011 inquit,

1971 5049 2074 5088 rex
2104 5032 2377 5087 decorem
2412 5038 2576 5086 tuum
2595 5032 2631 5086 ο.
2670 5055 2696 5083 »
2733 5032 2892 5088 Hanc
2923 5033 3171 5103 gratiam
3201 5048 3306 5104 per
3335 5030 3621 5088 dilectum

1972 5119 2268 5175 Christum
2316 5119 2406 5174 his
2439 5120 2540 5191 qui
2572 5120 2633 5174 in
2667 5124 2822 5176 terra
2881 5124 3017 5175 sunt
3049 5118 3274 5186 tribuit,
3309 5120 3431 5191 ipse
3460 5118 3621 5173 enim

1970 5208 2263 5265 mediator
2283 5215 2387 5264 est.
2416 5233 2441 5259 ‹‹
2462 5211 2575 5264 Per
2590 5226 2767 5279 quem
2788 5208 3074 5265 habemus
3093 5207 3561 5280 redemptionem
3593 5230 3616 5259 ι

1972 5300 2079 5354 Per
2110 5315 2304 5369 quem,
2341 5298 2556 5370 inquit,
2589 5300 2875 5354 habemus
2909 5299 3321 5354 remissionem
3354 5314 3483 5367 qua:
3515 5314 3623 5371 per

1970 5390 2313 5461 sanguinem
2348 5390 2531 5461 ipsius
2562 5390 2733 5445 nobis
2764 5389 3030 5461 contigit.
3068 5386 3500 5443 Admirandum
3534 5392 3622 5443 est

1970 5478 2126 5533 enim
2160 5495 2280 5533 non
2312 5478 2504 5534 solum
2541 5477 2699 5549 quod
2754 5494 2859 5549 pro
2919 5477 3198 5545 inimicis,
3233 5477 3619 5533 verumetiam

1971 5566 2128 5637 quod
2161 5569 2403 5625 omnino
2427 5568 2640 5625 Filium
2666 5566 2917 5635 dederit,
2942 5566 3119 5639 idque
3142 5566 3215 5623 ad
3237 5572 3489 5625 mortem
3510 5584 3619 5641 per
