4072 6266
391 385 551 449 11⁵79

1519 377 1933 442 CECUMENII
1976 377 2284 442 TRIGCE
2331 381 2674 446 EPISCOPI

3616 383 3734 452 “80

395 518 670 577 arrhabo.
703 538 728 562 ι»
760 512 1027 574 Arrhabo
1057 529 1184 571 rem
1215 529 1457 572 omnem
1489 515 1822 572 conﬁrmat.
1859 515 2049 589 Adep-

2167 509 2291 574 5u’w.
2331 541 2351 566 ι
2379 517 2438 575 '0
2470 512 2722 592 ἀῤῥαϐὼν
2774 519 3064 575 πιστοῦται
3120 517 3182 574 τὸ
3236 517 3385 577 ὅλον.
3444 517 3546 588 Τὴν
3591 523 3742 579 τοίνυν

398 611 621 665 tionem
653 607 830 680 igitur
851 608 1282 678 innumeraque
1306 605 1460 662 bona
1490 605 1853 661 confirmans
1875 607 2049 673 Deus,

397 697 790 754 arrhabonem
824 695 986 751 dedit
1017 695 1273 750 cmlestis
1332 695 1716 751 hsereditatis.
1772 694 2051 766 Spiritum

398 795 686 844 sanctum.
731 807 751 834 ε
787 787 896 852 Qui
929 791 1036 840 est.
1072 807 1100 834 »
1133 785 1316 856 ipsum
1349 784 1495 839 dicit
1523 786 1831 856 Spiritum.
1891 785 2056 840 Fecit

397 885 596 936 autem
629 877 1016 931 mutationem
1050 874 1285 929 articuli
1317 874 1653 944 (assumens
1682 871 1740 934 ὃς
1774 875 2050 930 masculi-

405 983 578 1032 num,
612 981 743 1020 cum
777 963 1148 1035 praecesserit
1177 965 1388 1032 πνεῦμα
1420 963 1718 1032 neutrum)
1749 978 1869 1018 non
1899 962 2052 1018 refe-

403 1071 544 1112 rens
596 1054 668 1109 ad
725 1055 939 1122 πνεῦμα
996 1050 1153 1123 quod
1212 1067 1557 1122 expressum
1621 1057 1768 1108 erat.
1827 1051 1930 1106 sed
1980 1050 2054 1106 ad

407 1161 647 1202 sensum
689 1159 806 1215 quo
865 1141 1306 1210 intelligebatur
1349 1140 1504 1207 Θεός,
1553 1141 1612 1196 id
1663 1147 1751 1196 est
1797 1141 1967 1196 Deus.
2004 1139 2051 1195 8

399 1234 688 1300 Quoniam
721 1232 881 1288 enim
913 1232 1144 1287 dixerat
1181 1229 1466 1300 πνεύματι,
1499 1231 1557 1285 id
1589 1237 1679 1285 est
1700 1230 1932 1302 spiritu,
1957 1229 2053 1284 hic

397 1331 595 1381 autem
627 1327 718 1377 est
772 1322 948 1387 Deus,
1007 1319 1330 1391 subjungit,
1392 1320 1629 1392 preprie
1685 1325 1743 1374 et
1801 1318 2052 1391 graviori

396 1412 572 1470 modo
605 1412 961 1467 coordinans
983 1407 1042 1468 ὅς
1076 1405 1215 1461 ἐστιν
1240 1403 1517 1482 aesaes»,
1543 1409 1643 1480 qui
1668 1415 1758 1464 est
1777 1406 2052 1474 arrhabo,

394 1508 505 1558 etc.
543 1525 569 1549 ‹‹
601 1499 923 1570 Acquisitm
956 1498 1372 1570 possessionis.
1413 1521 1439 1546 ››
1494 1499 1859 1570 Acquisitam
1913 1519 2053 1573 pos-

397 1591 725 1647 sessionem
761 1606 868 1644 nos
899 1594 1084 1654 vocat,
1123 1587 1284 1658 quod
1314 1587 1662 1658 acquisierit
1708 1605 1818 1644 nos
1875 1589 2053 1648 Deus.

399 1681 582 1747 Igitur
613 1677 887 1736 nrrhabo.
919 1676 1131 1747 inquit,
1167 1677 1240 1732 ad
1263 1677 1373 1732 hoc
1404 1677 1580 1732 etiam
1603 1683 1777 1733 estut
1803 1679 2053 1734 redime-

401 1775 566 1826 retur
586 1767 877 1838 acquisita
907 1767 1036 1838 ejus
1068 1767 1381 1837 possessio.
1419 1766 1503 1820 lbi
1537 1771 1734 1822 autem
1767 1784 1914 1838 pura
1945 1769 2058 1824 erit

2161 605 2432 660 υἱοθεσίαν
2479 607 2567 661 καὶ
2628 607 2694 662 τὰ
2764 609 2932 682 μυρία
2995 609 3168 683 ἀγαθά
3205 609 3748 683 πιστούμενοςὸθεὸς,

2163 691 2392 751 δέδωκεν
2435 691 2726 770 ἆῤῥαόῶνα
2783 704 2884 766 τῆς
2926 696 3246 772 ἐπουρανίου
3299 699 3656 772 κληςονομίας,
3693 701 3741 760 τὸ

2163 778 2312 859 ἅγιον
2377 785 2611 856 Πνεῦμα.
2672 810 2700 837 ‹‹
2759 788 2860 844 "Oc
2917 784 3050 853 ἐστι,
3114 809 3142 837 ν)
3196 787 3258 842 τὸ
3319 791 3542 859 Πνεῦμα,
3595 790 3739 868 οησὶν.

2160 905 2232 916 -
2259 875 2464 950 [ΦΩΤ.]
2498 875 2828 944 Ἐποιήσατο
2860 872 2917 931 δὶ
2945 878 3043 945 τήν
3071 874 3379 948 μετάληψιν
3430 880 3520 931 τοῦ
3564 875 3744 950 ἄρθρου,

2163 962 2261 1017 οὐκ
2290 962 2396 1017 ἀπὸ
2423 969 2524 1030 τῆς
2554 970 2834 1040 προφορᾶς
2860 968 2960 1028 τῆς
2992 965 3130 1020 κατᾶ
3159 964 3221 1019 τὸ
3251 968 3482 1036 Πνεῦμα,
3513 963 3622 1020 ἀλλ’
3669 967 3746 1020 ἀπὸ

2160 1059 2259 1120 τῆς
2319 1052 2521 1113 ἐννοίας
2578 1059 2678 1121 τῆς
2737 1054 2842 1108 ἀπὸ
2896 1058 2995 1109 τοῦ
3056 1058 3210 1111 Θεοῦ.
3285 1055 3431 1110 Ἐπεὶ
3500 1055 3592 1130 γὰρ
3639 1056 3749 1125 εἷπε,

2165 1141 2458 1215 Ηνεύματι,
2499 1147 2662 1196 τοῦτο
2715 1138 2772 1196 δέ
2829 1141 2937 1196 ἐστι
2999 1143 3148 1208 Θεὸς,
3211 1140 3393 1212 ἐπάτει
3446 1142 3638 1203 ο’κεῖως
3680 1143 3751 1197 καὶ

2168 1231 2458 1306 βαθύτερον
2493 1231 2822 1300 συντάσσων,
2862 1232 2962 1290 ’Ός
3006 1229 3146 1286 ἔστιν
3199 1225 3470 1304 ἀῤῥαϐὼν,
3515 1231 3595 1284 καὶ
3639 1232 3750 1300 ἑξῆς.

2165 1341 2193 1370 ‹‹
2225 1322 2341 1388 Τῆς
2371 1321 2796 1394 περιποιήσεως.
2833 1344 2861 1372 ››
2897 1320 3247 1395 ΙΙεριποίησιν
3295 1324 3442 1392 ἡμᾶς
3489 1317 3647 1383 καλεῖ,
3687 1317 3754 1375 διὰ

2161 1409 2224 1463 τὸ
2251 1410 2704 1482 περιποιήσασθαι
2739 1411 2888 1483 ἡμᾶς
2915 1408 3006 1463 τὸν
3054 1408 3204 1464 Θεόν.
3264 1410 3326 1466 Ὀ
3383 1409 3470 1464 οῦν
3526 1402 3752 1482 ἆῤῥαὸὼν,

2164 1498 2318 1574 φησί,
2348 1497 2438 1551 καὶ
2466 1499 2600 1569 πρὸς
2638 1498 2798 1552 τοῦτό
2856 1497 2988 1565 ἐστι,
3042 1501 3138 1550 τοῦ
3181 1497 3646 1572 ἀπολυτρώσασθαι
3681 1501 3754 1565 τήν

2163 1587 2511 1660 περιποίησιν
2540 1588 2726 1642 αὐτοῦ.
2787 1588 2929 1644 Ἐκει
2987 1583 3044 1643 δὲ
3101 1581 3246 1642 ἔσται
3276 1591 3311 1656 ἡ
3343 1589 3542 1664 καθαρὰ
3589 1587 3752 1642 ἀπολύ-

2164 1695 2387 1750 τρωσις,
2420 1675 2543 1730 ὅταν
2582 1676 2656 1748 μή
2693 1675 2857 1747 μόνον
2891 1677 3194 1750 ἁμαρτιῶν,
3227 1676 3375 1733 ἀλλὰ
3404 1677 3488 1731 καὶ
3539 1679 3624 1730 τοῦ
3652 1676 3752 1749 μετᾶ

2165 1763 2510 1837 ἁμαρτωλῶν
2563 1770 2850 1826 συνοικεῖν,
2909 1762 3262 1839 λυτρωθῶσιν
3322 1767 3375 1820 οἱ
3431 1766 3586 1840 ἃγιοι.
3635 1788 3657 1814 ιι
3682 1763 3751 1824 Εἷς

407 1857 738 1928 redemptio
788 1855 1025 1926 quando
1049 1871 1170 1911 non
1201 1856 1394 1910 solum
1423 1854 1794 1912 redimentur
1815 1858 2002 1914 sancti
2025 1874 2057 1913 a

2167 1851 2380 1909 ἔπαινον
2407 1861 2508 1923 τῆς
2540 1851 2702 1924 δόξης
2731 1853 2917 1912 αύτοῦ.
2954 1879 2975 1908 ι
3013 1855 3191 1910 Τοῦτο
3249 1859 3490 1930 συνεχῶς
3536 1851 3751 1929 ἐπιλέγει,

403 1947 682 2019 peccatis,
716 1960 918 2000 verum
953 1944 1130 2000 etiam
1160 1959 1196 1999 a
1224 1944 1662 1999 cohabitatione
1690 1961 1822 2001 cum
1853 1961 2055 2017 pecca-

404 2033 652 2088 toribus.
691 2053 716 2082 ε
753 2033 814 2086 In
847 2030 1082 2086 laudem
1113 2029 1310 2101 glorias
1335 2047 1475 2084 sum.
1524 2051 1546 2080 ιι
1611 2031 1728 2087 Hoc
1777 2035 2056 2088 continue

405 2122 532 2191 subj
544 2120 1098 2192 ungit,conﬁrmans
1113 2118 1270 2189 quod
1293 2119 1539 2174 omnino
1553 2121 1904 2194 contingent
1926 2138 2068 2193 qua

402 2210 698 2284 promissa
737 2214 896 2263 sunt.
930 2212 1012 2263 Ac
1043 2208 1091 2262 si
1133 2208 1393 2262 diceret:
1455 2209 1511 2262 Si
1569 2207 1809 2279 quidem
1869 2211 2057 2266 nostri

2169 1943 2532 2014 πιστούμενος
2584 1945 2648 1998 τὸ
2705 1943 2919 2004 πάντως
2979 1941 3191 2007 ἔσεσθαι
3275 1945 3341 1998 τὰ
3416 1940 3757 2016 ὶπηγγελμὲνε.

2169 2032 2311 2086 Ὦσεὶ
2367 2030 2568 2107 ἔλεγεν·
2616 2033 2678 2089 Εἰ
2748 2033 2843 2104 μὲν
2902 2035 3063 2106 ἡμῶν
3117 2030 3289 2088 ἕνεκεν
3349 2037 3510 2088 ταῦτα
3555 2030 3761 2104 ἐπηγγείο

2170 2119 2328 2191 λατο,
2360 2123 2456 2176 κὰν
2485 2116 2854 2200 ἀμφιϐάλλειν
2886 2122 2976 2191 ἦν·
3004 2122 3049 2199 εἱ
3082 2119 3138 2178 Si
3195 2120 3287 2176 διὰ
3336 2123 3398 2177 τὸ
3441 2121 3758 2193 θαυμασθῆναι

2167 2213 2266 2278 τήν
2297 2207 2454 2282 δόξαν
2485 2213 2672 2268 αὐτοῦ.
2706 2211 2788 2272 τίς
2820 2213 3029 2287 ἀντερεὶ
3060 2212 3255 2268 λοιπόν
3290 2232 3304 2281 ς

409 2314 586 2358 causa
614 2298 737 2352 hinc
779 2297 1166 2368 promisisset.
1218 2296 1485 2353 fortassis
1539 2298 1984 2369 relinqueretur
2041 2300 2372 2358 hmsitatio:
2426 2319 2631 2360 verum
2689 2304 2737 2358 si
2795 2301 2929 2361 ideo
2977 2303 3254 2376 promisit
3315 2308 3381 2358 ut
3435 2298 3756 2361 admirationi

409 2405 478 2445 ac
507 2387 870 2444 venerationi
904 2385 1222 2442 haberetur
1252 2386 1440 2454 gloria
1470 2403 1677 2458 ipsius,
1715 2388 1850 2459 quis
1879 2388 2162 2462 deinceps
2192 2392 2560 2450 contradicat
2584 2392 2612 2447 ‘t

1063 2487 1293 2542 CAPUT
1336 2486 1401 2541 ll.

2803 2492 3064 2548 ΚΕΦΑΛ.
3107 2491 3182 2547 Β“.

410 2580 658 2633 Precatio
703 2592 811 2646 pro
869 2574 1224 2653 cognitione_
1268 2576 1530 2653 bonorum
1610 2593 1744 2646 erga
1815 2592 1912 2632 nos
1961 2593 2057 2648 per

2172 2577 2328 2653 Εὖχὴ
2397 2578 2519 2653 περὶ
2583 2579 2833 2653 γνώσεως
2912 2583 3021 2653 τῶν
3126 2582 3353 2652 Χριστῷ
3453 2579 3747 2653 εἰσαχθέντων

895 2647 1172 2702 Christum
1203 2645 1577 2702 indutiarum.

474 2760 735 2827 1,15-20.
768 2760 999 2829 Propter
1047 2758 1144 2812 hoc
1198 2764 1249 2812 et
1299 2773 1399 2822 ego
1449 2774 1568 2812 cum
1619 2759 1889 2814 audissem
1946 2776 2064 2814 eam

401 2863 522 2919 quae
551 2850 610 2902 in
640 2848 790 2902 vobis
819 2853 896 2902 est
925 2847 1088 2915 ﬁdem
1119 2848 1177 2900 in
1223 2844 1456 2901 Domino
1513 2847 1660 2911 Jesu,
1712 2852 1761 2901 et
1815 2847 2063 2902 charita-

405 2945 513 2992 tem
541 2953 707 3007 quam
737 2935 955 2992 habetis
1013 2952 1147 3004 erga
1193 2951 1376 2989 omnes
1427 2942 1661 2994 sanctos.
1703 2951 1815 2989 non
1873 2936 2061 2991 desino

402 3028 615 3098 gratias
645 3042 806 3095 agere
830 3042 937 3095 pro
967 3025 1140 3090 vobis,
1177 3026 1508 3079 mentionem
1549 3024 1718 3079 vestri
1764 3027 1973 3093 fariens
2001 3027 2061 3080 in

397 3116 652 3187 precibus
681 3118 831 3182 meis,
879 3121 941 3169 ut
992 3116 1127 3169 Deus
1184 3113 1402 3169 Domini
1457 3113 1631 3169 nostri
1679 3115 1807 3169 Iesu
1857 3115 2062 3170 Christi

405 3211 570 3261 Pater
599 3205 797 3276 gloriae
818 3206 908 3260 det
939 3204 1087 3260 vobis
1119 3204 1392 3274 Spiritum
1447 3203 1737 3274 sapientiae
1767 3210 1817 3259 et
1844 3204 2056 3260 revela-

400 3297 564 3350 tionis
587 3310 691 3364 per
717 3293 1060 3364 agnitionem
1097 3294 1203 3351 sui.
1249 3293 1593 3347 illuminatos
1633 3294 1815 3348 oculos
1858 3295 2058 3350 mentis

2731 2653 2947 2729 ἀγαθῶν
2976 2649 3052 2714 είς
3083 2653 3118 2721 ἡ
3129 2656 3252 2720 μᾶς.

2243 2759 2340 2813 Διὰ
2385 2763 2548 2815 τοῦτο
2606 2760 2758 2833 κάγὼ
2815 2759 3047 2821 ἀκούσας
3102 2761 3202 2828 τήν
3268 2761 3397 2814 καθ’
3458 2761 3581 2831 ὑμᾶς
3621 2757 3751 2812 sint»;

2170 2847 2222 2904 ἐν
2283 2853 2364 2921 τῷ
2431 2848 2614 2924 Κυρίῳ
2673 2852 2875 2917 Ἰησοῦ,
2934 2851 3022 2905 καὶ
3096 2851 3195 2919 τὴν
3287 2849 3507 2925 ἀγάπην
3578 2850 3652 2916 τὴν
3689 2847 3748 2904 είς

2169 2938 2368 2998 πάντας
2439 2937 2568 2999 τοὺς
2661 2937 2876 3011 ἁγίους,
2970 2939 3034 2993 οὗ
3127 2939 3386 3009 παύομαι
3487 2937 3732 3011 εὐχαριστῶν

2171 3026 2301 3100 ὑπὲρ
2371 3026 2542 3100 ὑμῶν,
2627 3025 2808 3098 μνείαν
2906 3026 3058 3098 ὑμῶν
3151 3027 3495 3100 ποιούμενος
3550 3022 3612 3078 ἐπὶ
3659 3024 3739 3076 τῶν

2167 3119 2488 3191 προσευχῶν
2561 3136 2690 3188 μου,
2750 3112 2843 3169 ’ίνα
2910 3115 2938 3170 ὁ
3005 3113 3134 3176 Θεὸς
3207 3119 3310 3168 τοῦ
3410 3113 3585 3190 Κυρίου
3629 3112 3749 3180 ὴμῆιν

2168 3204 2350 3274 Ἰησοῦ
2414 3205 2651 3278 Χριστοῦ
2717 3204 2744 3257 ὁ
2813 3204 3001 3278 Πατήρ
3065 3209 3168 3273 τῆς
3237 3201 3434 3277 δόξης,
3507 3200 3604 3274 δῴη
3660 3200 3758 3268 ὑμῖν

2166 3296 2377 3365 πνεῦμα
2445 3293 2636 3370 σοφίας
2699 3293 2790 3347 καὶ
2884 3291 3282 3367 ἀποκαλύψεως
3383 3293 3434 3348 ἐν
3527 3287 3754 3363 ἐπιγνώσει

398 3389 586 3439 vestrae
613 3401 633 3434 .-
662 3388 721 3436 ut
749 3384 933 3436 sciatis
959 3396 1080 3450 quae
1122 3383 1194 3435 sit
1245 3395 1366 3450 spes
1414 3383 1716 3438 vocationis
1760 3384 1953 3452 ipsius,
2004 3388 2057 3438 et

2167 3382 2332 3438 αὐτοῦ
2396 3384 2840 3462 πεφωτισμένους
2931 3383 3060 3445 τοὺς
3145 3379 3471 3453 ὀφθαλμοὺς
3529 3387 3615 3448 τῆς
3669 3374 3773 3430 δια·

2240 3469 2250 3483 .
2393 3470 2407 3483 .
2471 3474 2497 3483 -
2657 3469 2672 3483 .
2810 3470 2824 3483 .
2929 3466 3000 3483 μ..
3167 3469 3180 3483 .
3243 3472 3269 3483 ..
3424 3470 3435 3483 .
3555 3467 3568 3483 .
3741 3462 3761 3483 ι

401 3487 530 3543 qum
569 3471 786 3525 divitia?
814 3469 1007 3539 gloriae
1039 3469 1383 3523 haereditatis
1415 3469 1572 3524 illius
1601 3486 1659 3523 τη
1716 3474 1939 3536 sanctis,
2003 3478 2056 3526 et

404 3577 525 3633 quas
554 3562 626 3614 sit
658 3559 923 3614 excellens
952 3558 1281 3626 magnitudo
1305 3560 1572 3627 potentiae
1603 3557 1754 3613 illius
1779 3575 1906 3627 erga
1938 3574 2060 3624 nos,

405 3653 502 3723 qui
533 3649 804 3704 credimus
831 3647 1128 3703 secundum
1158 3649 1462 3715 efﬁcaciam
1502 3647 1714 3702 roboris
1767 3649 2060 3716 fortitudi-

406 3742 492 3794 nis
530 3740 647 3810 ejus
673 3755 840 3809 quam
896 3739 1140 3792 exercuit
1199 3739 1256 3790 in
1307 3735 1542 3804 Christo,
1601 3752 1725 3791 cum
1775 3739 2060 3792 suscitavit

403 3847 524 3887 eum
553 3847 622 3886 ea:
653 3831 898 3897 mortuis,
921 3834 974 3884 et
1001 3827 1186 3884 sedere
1213 3829 1347 3896 fecit
1378 3827 1452 3882 ad
1485 3827 1769 3884 dexteram
1813 3844 1969 3884 suam
1998 3830 2058 3883 in

404 3920 722 3976 ralestibus.

480 4222 507 4248 «
539 4200 788 4270 Propter
815 4199 928 4255 hoc
959 4204 1018 4254 et
1047 4214 1174 4271 ego.
1212 4220 1240 4249 »
1288 4199 1538 4269 Propter
1581 4196 1739 4253 bona
1785 4211 1915 4268 qum
1965 4194 2060 4251 his

410 4289 667 4361 reposita
699 4295 838 4344 sunt
869 4289 968 4361 qui
1002 4296 1159 4345 recte
1203 4287 1455 4342 credunt
1500 4302 1567 4341 ac
1617 4286 1819 4340 vivunt
1849 4301 1862 4340 :
1915 4289 1975 4341 et
2008 4284 2057 4340 θ

414 4380 553 4452 quia
580 4396 680 4434 vos
707 4379 862 4434 inter
892 4394 992 4434 eos
1031 4376 1289 4433 ordinati
1343 4377 1484 4432 estis
1523 4375 1621 4447 qui
1672 4374 1815 4430 salvi
1864 4377 2058 4429 erunt.

416 4494 436 4518 ι
472 4471 613 4525 Eam
645 4485 776 4540 qum
807 4469 868 4522 in
892 4467 1051 4522 vobis
1073 4472 1162 4520 est
1193 4464 1393 4520 ﬁdem.
1422 4486 1444 4515 υ
1471 4463 1658 4535 Supra
1678 4464 1879 4519 omnia
1901 4463 2059 4518 enim

409 4557 482 4615 ob
511 4558 690 4614 fidem
723 4557 839 4613 Deo
863 4555 1102 4628 agendae
1131 4559 1270 4610 sunt
1291 4552 1464 4608 nobis
1485 4551 1872 4623 ενι-θείω,ᾳοοᾶ
1899 4567 2057 4606 men-

407 4652 526 4703 tem
557 4647 630 4702 ad
662 4645 1026 4702 credendum
1085 4643 1256 4698 nobis
1317 4641 1568 4698 dederit.
1632 4665 1659 4691 ‹‹
1694 4641 1758 4697 In
1811 4641 2059 4695 Domino

407 4737 561 4792 Jesu.
600 4757 628 4784 »
663 4737 772 4790 Per
802 4734 1192 4808 hyperbaton,
1227 4733 1405 4788 ﬁdem
1453 4731 1650 4802 inquit
1701 4729 1760 4784 in
1811 4731 2059 4786 Domino

409 4827 545 4882 Iesu
568 4840 746 4896 quam
775 4841 876 4879 vos
925 4825 1080 4879 nacti
1141 4823 1304 4877 estis.
1365 4822 1611 4892 Semper
1665 4826 1864 4876 autem
1919 4817 2057 4874 fidei

413 4915 721 4987 conjungit
742 4915 1089 4968 charitatem
1105 4912 1584 4984 .pulcherrimata
1605 4909 1871 4965 efficiens
1889 4924 2064 4980 copu-

414 5006 553 5061 lam.
589 5027 618 5053 «
650 5003 833 5069 Quam
865 5003 1095 5058 habetis
1122 5016 1258 5075 erga
1289 5016 1516 5056 omnes.
1560 5021 1585 5047 ››
1629 5001 1754 5054 Νοη
1814 5015 1944 5070 qum
1987 4999 2064 5053 sit

413 5110 548 5167 erga
578 5111 676 5148 vos
709 5094 884 5148 solos.
911 5116 936 5141 «
974 5092 1046 5147 Ut
1075 5092 1247 5146 Deus.
1287 5109 1310 5139 ν
1343 5088 1494 5154 Quid
1547 5094 1745 5143 autem
1801 5086 2062 5157 precaris

411 5190 470 5239 et
499 5199 676 5255 quam
706 5182 850 5238 facis
907 5181 1270 5236 mentionem
1295 5178 1323 5233 ?
1377 5202 1395 5225 ι
1434 5178 1505 5233 Ut
1551 5176 1726 5236 Deus.
1763 5199 1784 5227 ι
1842 5175 2058 5247 inquit,

410 5295 436 5321 ‹‹
472 5275 698 5330 Domini
734 5272 938 5327 nostri.
974 5299 1000 5323 κ
1034 5271 1152 5325 Hoc
1213 5267 1447 5322 divisim
1500 5266 1716 5338 posuit.
1771 5263 2062 5320 Eumdem

409 5363 566 5418 enim
601 5361 869 5430 ejusdem
903 5366 961 5416 et
995 5360 1174 5414 Deum
1208 5355 1432 5412 vocavit
1460 5360 1519 5410 et
1550 5357 1780 5409 Patrem
1808 5369 1820 5408 :
1877 5353 2060 5408 Deum

412 5451 651 5522 quidem
686 5459 968 5521 tanquam
1000 5445 1281 5511 hominis,
1317 5447 1550 5500 Patrem
1589 5457 1724 5498 vero
1774 5447 2060 5512 tanquam

412 5540 532 5594 Dei.
570 5541 828 5596 Gloriam
862 5540 1022 5596 enim
1069 5535 1398 5592 nominavit
1445 5533 1702 5588 divinam
1762 5537 2055 5588 naturam.

484 5628 698 5684 «Deus
732 5627 961 5685 Domini
1018 5626 1226 5681 nostri.
1265 5647 1285 5674 ι
1347 5623 1467 5680 Ηοο
1523 5627 1764 5693 propter
1819 5634 2058 5676 carnem

412 5716 572 5775 dicit.
652 5738 681 5766 «
713 5717 887 5771 Pater
917 5713 1135 5788 glorise.
1195 5733 1221 5761 η
1302 5715 1481 5770 Deum
1585 5725 1820 5780 semper
1885 5709 2060 5779 juxta

2167 3469 2315 3528 νοίας
2387 3470 2559 3542 ὑμῶν,
2629 3469 2704 3531 είς
2769 3470 2833 3524 τὸ
2899 3466 3091 3525 εὶδέναι
3162 3469 3301 3542 ὑμᾶς
3382 3470 3463 3531 τίς
3552 3467 3668 3522 ἐστιν
3739 3462 3765 3529 ἡ

2168 3557 2328 3622 ὶλπῖς
2411 3565 2512 3626 τῆς
2597 3557 2852 3629 κλήσεως
2935 3558 3124 3623 αὐτοῦ,
3190 3560 3276 3614 καὶ
3363 3557 3445 3620 τίς
3499 3558 3525 3614 ὁ
3577 3555 3768 3612 πλοῦτος

2165 3656 2266 3718 τῆς
2310 3648 2685 3722 κληρονομίας
2744 3648 2910 3703 αὐτοῦ
2976 3646 3027 3701 ἐν
3078 3653 3194 3708 τοῖς
3255 3648 3454 3721 ἁγίοις,
3509 3645 3590 3701 καὶ
3635 3646 3678 3697 τί
3719 3639 3764 3694 τὸ

2170 3732 2516 3812 ὑπερϐάλλον
2623 3735 2847 3812 μέγεθος
2921 3741 3024 3805 τῆς
3099 3734 3385 3808 δυνάμεως
3483 3735 3633 3790 αὐτοῦ
3705 3729 3765 3792 εἷς

2167 3829 2317 3900 ἡμᾶς
2407 3828 2536 3888 τοὺς
2601 3824 2952 3887 πιστεύοντας
3016 3826 3152 3879 κατὰ
3217 3827 3319 3893 τήν
3392 3822 3636 3898 ἐνέργειαν
3691 3821 3767 3873 τοῦ

2169 3913 2406 3988 λράτους
2462 3922 2561 3984 τῆς
2621 3914 2818 3994 ἰσχύος
2875 3914 3061 3983 αὐτοῦ,
3117 3913 3183 3984 ἢν
3273 3913 3561 3988 item.»
3619 3910 3665 3964 iv
3711 3911 3769 3994 τῷ

2168 4005 2411 4081 Χριστῷ.
2515 3993 2727 4079 ἐγείρας
2831 4003 2988 4058 αὐτὸν
3093 4002 3152 4058 ει
3223 4008 3332 4058 τῶν
3432 4005 3636 4076 νεκρῶν,
3698 3993 3767 4050 καὶ

2168 4095 2406 4151 ἆκέθισεν
2439 4093 2491 4149 ἐν
2523 4091 2669 4164 δεξιᾷ
2700 4093 2862 4151 αὐτοῦ
2893 4093 2943 4149 ἄν
2975 4098 3092 4154 τοῖς
3121 4091 3489 4161 ἐπουρανίοις.

2247 4210 2268 4238 ε
2306 4186 2402 4241 Διᾶ
2428 4189 2590 4240 τοῦτο
2628 4183 2800 4260 κᾶγώ.
2841 4207 2869 4236 n
2902 4184 2999 4240 Διὰ
3027 4183 3092 4237 τὰ
3121 4183 3453 4254 ἀποκνίμενα
3502 4179 3656 4255 ἀγαθὲ
3678 4178 3770 4237 τοῖς

2170 4276 2346 4351 ὀρθῶς
2399 4274 2713 4331 πιστεύουσι
2764 4273 2856 4330 καὶ
2917 4274 3118 4348 βιοῦσιο
3177 4271 3267 4327 καὶ
3320 4269 3410 4327 διὰ
3464 4271 3524 4326 τὸ
3584 4267 3629 4324 ἐν
3675 4266 3768 4321 τοῖς

2171 4365 2578 4438 σωθησομὲνοις
2604 4364 2862 4443 τετάχθαι
2926 4363 3084 4437 ὑμᾶς.
3143 4387 3171 4414 (ς
3200 4363 3314 4430 Τήν
3363 4361 3482 4424 καθ’
3531 4361 3655 4432 ὑμᾶς
3697 4351 3769 4406 πί-

2172 4476 2310 4511 στιν.
2355 4477 2382 4505 »
2416 4454 2614 4510 ῘΙλεῖον
2653 4453 2755 4529 γὰρ
2813 4452 3062 4508 ἁπάντων
3120 4448 3209 4506 διὰ
3265 4452 3365 4517 τήν
3420 4450 3591 4504 πίστιν
3639 4445 3766 4515 ἡμῶν

2171 4543 2593 4623 εὐχαριστητὲον
2626 4546 2702 4613 τῷ
2747 4545 2882 4612 Θεῷ,
2940 4542 3026 4597 ’ότι
3070 4543 3194 4594 νοῦν
3242 4541 3378 4611 ἡμῖν
3430 4539 3559 4613 πρὸς
3600 4533 3654 4590 τὸ
3694 4551 3768 4623 me

2172 4614 2382 4689 στεῦσκι
2437 4627 2691 4688 δὲδωκεν.
2751 4655 2780 4681 ‹‹
2842 4630 2930 4687 Ἐν
2983 4629 3063 4700 τῷ
3121 4627 3302 4701 Κυρίῳ
3358 4628 3551 4698 Ἰησοῦ.
3584 4653 3606 4678 ιι
3667 4614 3765 4674 Καθ’

2173 4717 2490 4797 ὑπερϐατὸν,
2531 4722 2630 4790 τήν
2675 4718 2728 4774 ἰν
2789 4718 2974 4793 Κυρίῳ
3026 4718 3207 4787 Ἰησοῦ
3260 4717 3459 4785 πίστιν,
3511 4712 3574 4782 ἤν
3620 4712 3763 4783 ὗμιῖϐι

2169 4813 2324 4888 φησὶ,
2381 4811 2660 4880 κέκτησθε.
2723 4809 2842 4866 Ἀεὶ
2899 4806 2956 4863 δὲ
3000 4808 3071 4877 τῇ
3154 4807 3330 4861 πίστει
3392 4803 3630 4860 συνάπτει
3688 4797 3763 4864 τὴν

2168 4883 2405 4976 ἀγάπην,
2459 4897 2763 4968 καλλίστην
2821 4895 3103 4953 ἀποτελῶν
3155 4892 3440 4970 ξυνωρίδα.
3493 4917 3519 4944 α
3562 4891 3676 4976 Τὴν,
3708 4883 3766 4944 εἷς

2169 4975 2388 5051 πάντας.
2426 5011 2454 5041 ››
2487 4988 2564 5046 Οὐ
2593 4988 2692 5056 τὴν
2725 4987 2852 5060 παρ’
2881 4986 3068 5046 αὐτοῖς
3112 4983 3322 5058 μόνοις.
3353 5005 3384 5038 α
3412 4984 3521 5039 Ἵνα
3549 4975 3721 5036 όΘεός.
3742 4994 3762 5020 ι

2167 5079 2232 5136 Τί
2263 5076 2320 5134 δὲ
2356 5076 2712 5147 παρακαλεῖς,
2771 5075 2861 5130 καὶ
2918 5074 3076 5129 ποίαν
3138 5073 3323 5146 μνείαν
3379 5074 3549 5141 ποιῇ;
3603 5066 3760 5130 «Ἵνα,

2168 5169 2353 5248 φησὶν,
2415 5172 2443 5222 ὁ
2499 5167 2628 5230 Θεὸς
2682 5169 2779 5220 τοῦ
2847 5164 3046 5240 Κυρίου
3103 5165 3286 5237 ἡμῶν.
3341 5186 3366 5212 »ι
3428 5162 3617 5248 ΤοῦτοΔ
3655 5147 3760 5248 καῖᾶ

2169 5257 2426 5331 διαίρεσιν
2457 5254 2679 5319 τέθεικε.
2711 5255 2816 5310 Τὸν
2847 5255 2950 5328 γὰρ
2979 5253 3136 5308 αὐτὸν
3184 5256 3282 5307 τοῦ
3330 5249 3492 5305 αὐτοῦ
3539 5244 3621 5301 καὶ
3664 5240 3764 5331 Θεὸν

2169 5325 2390 5404 ἐκάλεσε
2419 5347 2507 5401 καὶ
2541 5347 2772 5419 Πατέρα,
2800 5325 2929 5398 Θεὸν
2972 5342 3067 5415 μὲν
3114 5341 3186 5402 ὡς
3238 5339 3538 5413 ἀνθρώπου,
3589 5325 3761 5402 Πατέρα

2169 5435 2226 5493 δί
2254 5437 2328 5498 ὡς
2359 5439 2512 5492 Θεοῦ.
2548 5435 2710 5504 Δόξαν
2739 5433 2842 5509 γὰρ
2861 5432 2963 5500 τήν
2996 5433 3137 5486 θείαν
3170 5428 3322 5506 φύσιν
3363 5426 3648 5498 ὠνόμασεν.

2240 5636 2267 5664 ‹‹
2306 5615 2364 5668 Ὁ
2421 5609 2550 5671 Θεὸς
2597 5611 2694 5664 τοῦ
2749 5605 2952 5680 Κυρίου
3006 5606 3188 5678 ἡμῶν.
3246 5627 3274 5655 n
3327 5603 3501 5660 Τοῦτο
3554 5593 3634 5652 διὸ
3677 5591 3756 5680 τήν

2168 5701 2339 5776 σάρκα
2367 5699 2549 5780 φησίν.
2595 5723 2621 5750 ‹‹
2681 5699 2742 5755 '0
2806 5678 2993 5768 Πατὴρ
3054 5700 3154 5763 τῆς
3204 5688 3381 5763 δόξης.
3416 5715 3438 5745 ο
3503 5685 3603 5745 ’Λεὶ
3649 5678 3754 5756 πρὸς
