4072 6266
284 396 438 459 1181

289 622 405 692 μῶν
489 616 695 685 καλῶν,
748 616 838 672 καὶ
895 618 1023 673 Θεὸν
1110 615 1355 692 ελρήνης,
1416 616 1506 669 καὶ
1590 614 1717 670 Θεὸν
1779 610 1931 668 δυνά-

290 728 455 780 μεων.
543 710 650 760 Νῦν
715 703 773 760 δὲ
847 705 1005 761 αὐτὸν
1081 707 1290 779 Πατέρα
1347 701 1508 775 δόξης
1592 702 1771 759 καλεῖ.
1826 703 1934 758 Με-

284 796 477 873 γίστην
507 796 609 869 γὰρ
635 793 791 866 δόξαν
821 796 913 850 καὶ
943 796 1111 866 τιμὴν
1165 792 1459 873 ἐχαρίσατο
1508 797 1586 864 τῷ
1632 794 1768 866 γὲνει
1825 790 1930 845 τῶν

281 884 601 957 ἀνθρώπων,
662 882 817 937 ἅτινα
875 880 1283 961 παρασχεθέντα
1330 883 1490 953 ἡμῖν,
1556 884 1752 954 γενικῷ
1809 878 1935 934 ὀνό-

287 993 413 1045 ματι
456 969 616 1027 καλεῖ
644 967 819 1041 δόξαν,
879 968 968 1025 διὰ
1023 976 1121 1027 105
1179 969 1564 1045 λαμπροτέρου
1614 969 1740 1043 παρ’
1794 970 1931 1039 ἡμῖν

285 1062 579 1137 ὀνόματος.
606 1062 814 1131 Ταύτης
849 1062 940 1117 05v
971 1068 1071 1132 τῆς
1103 1059 1262 1132 δόξης
1297 1061 1457 1138 φησὶν
1507 1058 1664 1115 αὐτὸν
1699 1058 1932 1131 Πατέρα,

282 1151 373 1206 καὶ
398 1153 514 1206 οἷον
544 1152 911 1225 Δημιουργόν.
952 1175 971 1200 ιι
1022 1152 1144 1224 Δῴη
1209 1151 1334 1223 ὑμῖν
1395 1152 1609 1222 πνεῦμα
1657 1147 1867 1224 σοφίας.
1906 1169 1935 1198 ››

280 1244 419 1316 ⁴Αρα
446 1247 817 1311 πνευματικῆς
850 1237 933 1295 δεῖ
962 1242 1154 1317 σοφίας
1184 1241 1347 1312 ἡμῖν,
1406 1238 1482 1300 εἷς
1540 1238 1603 1293 τὸ
1645 1237 1934 1312 ἐπιγνῶναι

282 1330 349 1385 τὰ
373 1329 519 1404 παρὰ
548 1334 645 1384 105
676 1334 808 1384 Θεοῦ
869 1325 1186 1404 θεωρηθέντα
1244 1331 1401 1400 ἡμῖν.
1437 1352 1465 1378 ‹‹
1527 1328 1779 1401 Ψυχικὸς
1833 1325 1935 1402 γὰρ

284 1417 569 1493 ἅνθρωπος
602 1418 665 1473 ού
698 1415 911 1473 δέχεται
943 1419 1008 1472 τὰ
1064 1421 1162 1473 105
1212 1419 1540 1488 πνεύματος.
1579 1417 1776 1491 Μωρία
1830 1417 1935 1489 γὰρ

285 1507 433 1571 αύτῷ
466 1505 665 1564 ἐστιν.»
687 1540 758 1549 -
784 1530 811 1558 ‹‹
833 1508 1286 1584 Πεφωτισμὲνους
1310 1504 1437 1566 τοὺς
1467 1503 1840 1581 ὀφθαλμούς.»
1876 1505 1937 1562 Ὀ

292 1597 400 1674 γὰρ
430 1597 518 1651 τὸν
542 1596 669 1652 Θεὸν
701 1595 856 1670 γνοὺς
890 1596 965 1660 ὡς
997 1595 1186 1671 ἐχρῆν,
1220 1595 1320 1649 ούκ
1350 1592 1409 1649 ἄν
1433 1594 1555 1667 περὶ
1588 1594 1770 1668 ἑτέρου
1791 1593 1936 1655 τινὸς

284 1691 393 1742 τῶν
425 1686 528 1740 ὑπὸ
561 1689 696 1741 Θεοῦ⁹
726 1685 1033 1759 γενομένων
1064 1679 1439 1764 ἀμφιϐάλλοι,
1463 1683 1538 1747 ὡς
1556 1680 1700 1749 τόδε,
1723 1682 1757 1752 ἢ
1813 1679 1939 1737 τόδε

286 1774 536 1840 δυνατὸν,
570 1774 607 1844 ἢ
636 1771 763 1830 τόδε
810 1772 1071 1829 ἀδύνατον
1131 1775 1299 1845 αύτῷ.
1361 1773 1541 1830 Πάντα
1586 1773 1686 1847 γὰρ
1740 1768 1939 1825 δυνατὰ

285 1868 352 1938 τῇ
387 1865 506 1936 θείᾳ
534 1864 711 1943 φύσει.
748 1865 968 1935 Ταύτην
1004 1862 1060 1919 δὲ
1087 1865 1189 1921 οὐκ
1218 1861 1277 1919 ἄν
1311 1864 1479 1943 σχοίη
1532 1884 1617 1925 τις
1667 1864 1766 1933 τὴν
1799 1866 1939 1937 γνῶ·
1970 1895 2018 1960 Β

288 1976 394 2025 σιν,
432 1955 478 2011 εἷ
516 1957 592 2026 μῆ
636 1952 727 2010 διὰ
778 1955 1091 2028 Πνεύματος
1137 1956 1313 2030 ἁγίου.
1350 1980 1378 2005 α
1435 1956 1513 2012 Τὸ
1566 1955 1671 2031 γὰρ
1727 1951 1942 2025 Ηνεῦμα

292 2046 467 2101 πάντα
498 2046 704 2120 ἱρευνᾷ,
738 2047 825 2100 καὶ
857 2046 924 2100 τὰ
976 2046 1115 2119 βάθη
1172 2049 1270 2100 105
1327 2041 1480 2101 Θεοῦ.
1515 2067 1542 2096 ιι
1574 2076 1642 2088 --
1674 2068 1701 2095 ‹‹
1735 2043 1832 2104 Εἲς
1883 2044 1945 2098 τὸ

289 2133 487 2191 εἰδέναι
522 2136 685 2208 ὑμᾶς.
734 2161 753 2184 ιι
788 2134 1018 2196 Ἀλλως
1044 2135 1147 2209 γὰρ
1181 2134 1277 2189 ούγ
1310 2132 1387 2189 ἔνι
1442 2132 1732 2207 ἐπιγνῶναι
1794 2135 1943 2203 Θεὸν,

289 2226 335 2282 εἰ
370 2227 446 2300 μῆ
483 2228 732 2303 φωτισθῇ
761 2225 890 2287 τοὺς
913 2224 1234 2299 ὀφθαλμοὺς
1286 2223 1414 2287 τοὺς
1468 2224 1718 2294 νοητούς.
1754 2248 1781 2275 ‹‹
1843 2222 1942 2286 Τίς

284 2312 431 2369 ἔστιν
492 2316 528 2383 ἡ
581 2313 740 2376 ἐλπὶς
784 2314 887 2382 τῆς
945 2312 1195 2383 κλήσεως
1255 2313 1442 2370 αὐτοῦ.
1480 2337 1501 2363 ι
1566 2310 1788 2381 Ἐπειδὴ
1839 2313 1942 2389 γὰρ

282 2405 445 2460 τοῦτο
506 2404 713 2476 μέλλον
784 2403 919 2469 ἐστὶ,
982 2410 1351 2477 πνευματικῆς
1411 2400 1580 2458 δεῖται
1664 2400 1939 2457 ἀποκαλύ-

279 2496 445 2567 ψεως.
482 2492 697 2561 Κλῆσιν
729 2490 786 2547 δὲ.
815 2513 972 2572 φησι,
1029 2493 1093 2546 τὸ
1151 2492 1240 2547 ἐπὶ
1294 2491 1478 2554 ποίαις
1527 2490 1740 2548 ἐλπίσιν
1772 2490 1942 2562 ἐκλή-

282 2593 481 2655 θημεν.
518 2581 696 2651 Δῆλον
760 2578 838 2650 δὲ,
886 2582 959 2643 ὡς
1020 2580 1107 2636 ἐπὶ
1157 2582 1396 2654 υἱοθεσία
1446 2581 1535 2636 καὶ
1589 2581 1943 2657 κληρονομίᾳ

292 2672 575 2747 βασιλείας
662 2671 928 2747 οὐρανῶν,
1013 2673 1102 2726 καὶ
1161 2671 1249 2727 ἐπὶ
1325 2676 1404 2744 τῷ
1475 2672 1713 2746 γενέσθαι
1779 2673 1938 2744 ἡμῶν

284 2759 534 2838 κεφαλὴν
562 2761 653 2815 τὸν
684 2760 940 2833 Χριστόν.
973 2785 993 2811 ι
1028 2760 1135 2817 Καὶ
1162 2761 1241 2823 τίς
1302 2762 1329 2816 ὁ
1387 2759 1645 2823 πλοῦτος.
1682 2784 1711 2811 ››
1741 2758 1937 2828 Βαὸαὲ,

291 2850 434 2905 πόσα
466 2850 802 2925 ὑπερέχοντα
829 2848 1049 2925 ῥήματα
1095 2851 1106 2906 !
1161 2848 1431 2919 Πλοῦτος,
1465 2847 1610 2923 δόξα,
1670 2851 1937 2926 κληρονο-

288 2938 387 3012 μία
420 2938 571 2994 Θεοῦ.
608 2942 695 2995 Ἐν
725 2944 842 3001 τοῖς
874 2938 1055 3014 ἁγίοις
1100 2936 1157 2994 δὶ
1210 2932 1359 2996 ἔσται
1423 2943 1609 2995 ταῦτα.
1668 2943 1781 2993 Τῶν
1836 2940 1937 3016 γὰρ

285 3026 549 3084 τοιούτων
582 3027 751 3100 ἄξιοι,
788 3028 840 3083 οἱ
870 3029 1040 3104 ἃγιοι.

353 3282 454 3338 Καὶ
508 3286 670 3336 τοῦτο
725 3283 1040 3359 τοιγαροῦν,
1120 3286 1493 3352 πνευματικῆς
1572 3276 1743 3335 δεῖται
1773 3279 1931 3360 χάρι-
1963 3269 2006 3335 C

279 3390 394 3435 τος.
432 3393 459 3421 «ι
495 3371 590 3427 Καὶ
650 3371 704 3425 τί
756 3371 818 3425 τὸ
875 3364 1223 3445 ὑπερϐάλλον
1283 3369 1529 3443 μέγεθος.
1567 3396 1588 3423 ι
1627 3369 1762 3426 Elite
1817 3369 1934 3425 τίνα

285 3459 584 3534 μέλλοντα,
618 3458 767 3534 λέγει
816 3458 905 3514 καὶ
962 3460 1207 3536 γεγονὸς,
1264 3456 1361 3513 ’ίνα
1416 3458 1475 3513 ἐκ
1501 3457 1696 3515 τούτου
1728 3460 1935 3513 πιστώ-

282 3570 442 3618 σηται
473 3549 716 3605 κάκεῖνα.
767 3551 932 3607 Ηοῖον
980 3545 1039 3603 δὲ
1066 3551 1273 3617 10510;
1330 3548 1474 3605 Αὗτὸ
1531 3548 1594 3603 τὸ
1651 3552 1934 3604 πιστεῦσαι

288 3642 451 3712 ἡμᾶς.
485 3640 691 3699 Ὄντως
721 3638 825 3714 γὰρ
880 3637 1133 3714 μέγιστον
1193 3633 1475 3711 δυνάμεως
1534 3641 1667 3693 Θεοῦ
1718 3635 1934 3713 δεῖγμα,

279 3728 346 3783 τὸ
404 3730 552 3800 ἡμᾶς
614 3728 741 3790 τοὺς
799 3726 940 3781 οὕτω
1000 3724 1290 3798 θηριώδεις
1347 3730 1623 3782 πιστεύσαι
1658 3732 1796 3796 Θεῷ,
1846 3726 1936 3781 καὶ

280 3816 351 3871 τὰ
373 3815 596 3890 οὐράνια
626 3814 967 3893 φιλοσοφεῖν.
1002 3846 1070 3857 -
1101 3815 1307 3888 [ΦΩΊ“.]
1340 3819 1416 3871 Τὸ
1474 3816 1575 3889 γὰρ
1625 3817 1742 3870 καθ’
1773 3816 1937 3891 ὑπερ-

284 3898 465 3971 ϐολήν
502 3903 725 3979 μέγεθος
782 3911 882 3972 τῆς
924 3903 1128 3980 ἀκράτου
1179 3901 1458 3976 δυνάμεως
1489 3904 1675 3973 αὐτοῦ,
1713 3905 1803 3960 καὶ
1866 3905 1940 3969 εῗς

281 3996 433 4066 ἡμᾶς
465 3994 592 4055 τοὺς
623 3993 973 4054 πιστεύοντας
1025 3989 1407 4051 ἐπιδείκνυται.
1471 3999 1594 4055 Πῶς
1625 4014 1640 4063 ;
1670 3995 1793 4052 ’Ότι
1822 4000 1940 4059 τοῖς

282 4080 473 4140 πᾶθεσι
514 4083 690 4144 πάσας
749 4083 845 4144 τὰς
904 4081 1181 4152 αἰσθήσεις
1239 4083 1641 4158 νενεκρωμὲνας
1697 4078 1937 4159 ἔχοντες,

277 4172 371 4227 καὶ
422 4172 581 4228 αὐτὸν
644 4172 738 4228 τὸν
798 4170 1065 4247 λογισμὸν
1124 4170 1340 4234 τούτοις
1418 4171 1808 4245 ἐντεθαμμὲνον
1849 4174 1939 4227 καὶ

286 4263 762 4337 συγκεχωσμένον.
798 4260 1054 4332 ἀνέστησε
1104 4262 1193 4316 καὶ
1242 4261 1487 4331 ἐζώωσεν
1548 4261 1627 4324 εἷς
1670 4262 1734 4317 τὸ
1791 4260 1939 4334 δέξα-

286 4353 410 4407 σθαι
454 4354 601 4423 ἡμᾶς
630 4357 732 4419 τῆς
769 4350 1004 4411 πίστεως
1071 4351 1239 4406 αὐτοῦ
1291 4352 1390 4418 τῆν
1448 4350 1646 4426 α”γλην
1693 4352 1785 4406 καὶ
1840 4356 1939 4421 τῆν

285 4438 682 4515 λαμπρότητα.
712 4440 923 4502 ’Όντως
947 4442 1108 4493 τοῦτο
1137 4440 1336 4514 κράτος
1368 4439 1561 4516 ἰσχύος
1610 4440 1798 4497 αὐτοῦ.
1849 4440 1944 4496 Διὸ

277 4529 370 4584 καὶ
403 4526 637 4586 συνιέναι
668 4526 866 4590 αὐτοὺς
928 4524 1020 4583 διὰ
1075 4534 1176 4598 τῆς
1236 4532 1333 4583 τοῦ
1390 4530 1709 4602 Ηνεύματος
1754 4532 1945 4608 σοφίας

1324 390 1732 457 COMMENT.
1780 390 1855 451 ΙΝ
1904 387 2150 450 EPIST.
2198 388 2302 449 AD
2348 386 2634 450 EPHES.

283 526 346 584 τὸ
402 524 759 604 προκείμενον
840 524 1097 601 ὀνομάζει
1151 525 1247 582 τὸν
1304 525 1456 593 Θεὸν,
1528 525 1656 581 Θεὸν
1716 521 1929 597 ο”κτιρ-

2047 521 2369 594 subjectam
2430 519 2739 576 materiam
2798 515 3057 592 appellat
3112 534 3124 574 :

3526 385 3684 447 1182

3184 522 3372 575 Deum
3446 517 3683 575 miseri-

2041 612 2377 669 cordiarum
2418 627 2631 667 vocans
2661 610 2705 677 ⁵,
2740 616 2797 665 et
2848 610 3031 665 Deum
3087 608 3248 681 pacis
3296 610 3337 677 ⁸,
3390 613 3447 664 et
3496 609 3679 665 Deum

2041 701 2324 757 virtutum
2357 700 2426 755 7:
2484 717 2646 756 nunc
2700 706 2897 755 autem
2941 700 3137 770 ipsum
3193 700 3428 753 Patrem
3477 698 3678 771 gloriae

2040 797 2227 847 vocat.
2258 790 2569 845 Maximam
2619 788 2777 843 enim
2831 789 3078 862 gloriam
3132 794 3190 842 et
3235 788 3519 843 honorem
3574 787 3679 843 do-

2044 880 2207 935 navit
2234 879 2433 951 generi
2466 880 2729 933 humano
2759 894 2772 931 :
2834 895 2963 949 quae
2996 877 3197 933 omnia
3237 876 3409 931 nobis
3466 876 3687 934 tradita.

2043 968 2308 1042 generali
2337 968 2578 1022 nomine
2611 966 2872 1038 appellat
2899 966 3169 1038 gloriam,
3203 982 3308 1037 per
3337 966 3688 1023 vocabulum

2046 1056 2201 1129 apud
2234 1073 2342 1111 nos
2374 1055 3285 1129 magnificentiusﬂujusitaque
3316 1055 3517 1127 gloriae
3550 1056 3694 1111 dicit

2047 1148 2241 1219 ipsum
2275 1163 2403 1203 esse
2438 1149 2670 1202 Patrem
2704 1152 2761 1200 et
2790 1146 2950 1201 velut
2982 1145 3283 1216 Opiﬁcem.
3329 1166 3350 1191 σ
3384 1147 3493 1201 Det
3520 1146 3693 1201 nobis

2048 1236 2321 1309 spiritum
2356 1235 2679 1307 sapientiae.
2717 1260 2743 1286 υ
2780 1236 2990 1307 Utique
3025 1236 3318 1307 sapientia
3348 1235 3522 1291 nobis
3545 1249 3694 1307 opus

2049 1332 2156 1389 est,
2182 1332 2247 1381 ut
2278 1341 2703 1398 cognoscamus
2733 1342 2864 1395 quae
2886 1324 3057 1379 nobis
3080 1324 3247 1381 aDeo
3280 1325 3500 1381 donata
3532 1329 3690 1381 sunt.

2047 1435 2077 1464 «
2107 1414 2397 1470 Animalis
2429 1415 2583 1468 enim
2618 1414 2794 1468 homo
2826 1430 2943 1468 non
2978 1414 3207 1485 accepit
3264 1429 3335 1468 ea
3365 1430 3496 1485 quae
3556 1416 3696 1468 sunt

2048 1501 2349 1574 spirituss,
2372 1502 2928 1573 stultitiasiquidem
2949 1503 3060 1573 ipsi
3083 1508 3239 1558 sunt.
3266 1524 3293 1550 »
3317 1533 3383 1542 —
3408 1524 3437 1552 «
3460 1502 3693 1558 lllumi-

2048 1598 2218 1648 natos
2250 1591 2474 1647 oculos.
2517 1613 2543 1639 »
2576 1593 2717 1647 Nam
2753 1592 2851 1663 qui
2886 1591 3067 1646 Deum
3102 1597 3167 1644 ut
3198 1596 3431 1662 oportet
3478 1608 3695 1664 cogno-

2047 1682 2534 1752 vit,nequaquam
2557 1680 2628 1735 de
2652 1680 2765 1736 alio
2794 1681 3059 1751 quamvis
3093 1680 3251 1751 quod
3274 1697 3307 1735 a
3338 1685 3451 1737 Deo
3470 1680 3691 1736 factum

2048 1777 2140 1827 est
2168 1771 2464 1842 ambigere
2494 1771 2731 1842 poterit,
2766 1771 2932 1842 quasi
2965 1770 3075 1825 hoc
3107 1771 3218 1841 ipsi
3253 1771 3535 1842 possibile
3594 1772 3689 1838 sit,

2049 1859 2194 1916 illud
2211 1866 2408 1917 autem
2428 1859 3034 1931 impossibgle.0mnia
3056 1860 3214 1914 enim
3240 1859 3449 1915 divinae
3464 1866 3691 1917 naturas

2054 1948 2359 2020 possibilia
2386 1949 2711 2003 sunt.Hanc
2733 1954 2930 2004 autem
2954 1948 3347 2019 cognitionem
3379 1950 3544 2005 nullo
3576 1949 3692 2005 alio

2052 2038 2227 2093 modo
2257 2037 2476 2094 habere
2508 2038 2824 2108 quisquam
2859 2038 3075 2107 poterit
3104 2037 3218 2092 nisi
3252 2054 3357 2109 per
3408 2039 3691 2109 Spiritum

2054 2131 2344 2181 sanctum.
2386 2148 2411 2175 ‹‹
2447 2128 2590 2180 Nam
2623 2125 2874 2196 Spiritus
2905 2132 3117 2180 cuncta
3150 2131 3467 2187 scrutatur.
3515 2127 3698 2181 etiam

2052 2215 2347 2289 profunda
2376 2216 2477 2270 Dei
2500 2217 2539 2269 ⁸.
2576 2238 2603 2264 ››
2630 2246 2695 2255 ——
2734 2235 2754 2262 ι
2780 2216 2852 2270 Ut
2874 2216 3147 2270 sciatis.»
3174 2215 3302 2269 Alio
3336 2215 3493 2271 enim
3518 2216 3690 2271 modo

2052 2322 2171 2361 non
2205 2306 2380 2360 datur
2410 2307 2593 2360 Deum
2626 2321 2979 2378 cognoscere
3010 2305 3124 2359 nisi
3156 2305 3457 2360 illuminet
3480 2305 3695 2360 mentis

2050 2394 2273 2451 oculos.
2309 2414 2337 2441 α
2373 2394 2510 2458 Quae
2545 2393 2621 2448 sit
2670 2410 2804 2465 spes
2834 2393 3159 2448 vocationis
3210 2393 3418 2464 ipsius.
3458 2416 3485 2442 ››
3535 2394 3689 2459 Quo-

2050 2483 2211 2538 niam
2244 2482 2399 2537 enim
2441 2482 2553 2536 hoc
2583 2482 2846 2537 futurum
2880 2488 2989 2547 est,
3049 2482 3343 2554 spirituali
3400 2498 3548 2554 Opus
3602 2488 3693 2539 est

2052 2569 2818 2625 revelatione.Vocationem
2851 2575 3049 2624 autem
3082 2568 3224 2624 dicit
3255 2576 3489 2640 sperata
3537 2569 3696 2627 bona

2049 2658 2122 2713 ob
2145 2675 2274 2731 quae
2305 2658 2494 2714 vocati
2526 2674 2750 2713 sumus.
2786 2658 3158 2713 Manifestum
3187 2662 3277 2712 est
3306 2664 3502 2713 autem
3534 2660 3691 2730 quod

2050 2748 2124 2803 0b
2142 2747 2521 2818 adoptionem
2541 2754 2598 2802 et
2609 2746 3046 2802 hereditariam
3070 2748 3504 2818 possessionem
3527 2749 3693 2823 regni

2048 2838 2352 2902 caelorum,
2386 2842 2443 2891 et
2473 2836 2819 2893 utChristus
2851 2836 3021 2891 ﬁeret
3041 2842 3217 2906 caput
3236 2842 3523 2892 nostrum.
3564 2860 3592 2887 ‹‹
3626 2841 3696 2894 Et

2048 2944 2177 3000 quas
2220 2926 2435 2982 divitiae
2492 2926 2713 2997 gloriae.
2762 2946 2791 2975 »
2848 2927 3041 2997 Papae,
3102 2941 3279 2995 quam
3341 2926 3698 2982 excellentia

2044 3016 2221 3072 verba
2258 3033 2270 3072 :
2304 3015 2521 3071 divitiae
2551 3014 2774 3087 glorias,
2806 3014 3122 3070 hmreditas
3153 3015 3276 3071 Dei.
3311 3015 3445 3070 Haec
3489 3020 3688 3070 autem

2047 3111 2223 3162 erunt
2252 3106 2311 3160 in
2348 3105 2585 3160 sanctis.
2622 3104 2763 3158 Nam
2798 3103 2896 3175 qui
2929 3103 3148 3158 talibus
3179 3104 3338 3175 digni
3394 3104 3689 3160 habentur

2049 3195 2236 3250 sancti
2269 3199 2424 3250 sunt.

2118 3284 2220 3339 10
2278 3286 2350 3338 Et
2391 3284 2503 3338 hoc
2562 3298 2697 3354 ergo
2748 3281 3042 3355 spirituali
3105 3288 3235 3356 eget
3289 3282 3496 3355 gloria.
3543 3306 3569 3332 «
3621 3285 3693 3339 Et

2040 3390 2171 3444 quae
2231 3373 2307 3428 sit
2366 3371 2665 3427 excellens
2712 3371 3077 3444 magnitudo.
3133 3392 3161 3420 »
3210 3372 3367 3428 Dixit
3410 3388 3684 3444 quaenam

2038 3462 2239 3520 futura
2290 3467 2448 3527 sunt,
2482 3461 2626 3517 dicit
2678 3462 2853 3516 etiam
2889 3460 3049 3533 quod
3099 3461 3318 3519 factum
3354 3469 3461 3529 est,
3495 3468 3561 3518 ut
3609 3478 3683 3520 ex

2042 3552 2156 3608 hoc
2236 3552 2413 3607 etiam
2487 3551 2592 3606 illa
2665 3551 2998 3607 conﬁrmet.
3082 3551 3247 3617 Quod
3324 3556 3412 3608 est
3486 3558 3685 3607 autem

2044 3642 2203 3698 hoc?
2232 3657 2447 3714 nempe
2479 3641 2635 3712 quod
2667 3657 2775 3696 nos
2830 3641 3258 3695 crediderimus
3293 3658 3305 3695 :
3339 3658 3470 3696 vere
3528 3643 3688 3698 enim

2042 3732 2366 3787 maximum
2389 3730 2672 3803 potentiaa
2695 3729 2796 3785 Dei
2823 3729 3107 3784 indicium
3133 3729 3413 3799 est,quod
3445 3745 3555 3783 nos
3586 3732 3691 3801 qui

2043 3820 2191 3895 adeo
2214 3819 2388 3873 ferini
2420 3834 2678 3873 eramus.
2713 3818 2830 3872 Deo
2861 3817 3308 3876 crediderimus.
3334 3833 3402 3871 ac
3432 3817 3694 3873 caelestia

2043 3908 2553 3982 philosophemur,
2586 3907 2728 3960 Nam
2761 3905 3054 3961 immensa
3083 3904 3424 3976 magnitudo
3473 3905 3683 3961 ineffa-

2044 3996 2183 4051 bilis
2242 3997 2519 4069 potentia;
2552 3994 2739 4066 ipsius
2771 3994 2944 4049 etiam
2998 3994 3058 4047 in
3090 4010 3198 4048 nos
3229 3994 3539 4049 credentes
3587 3994 3687 4051 de-

2045 4090 2430 4141 monstratur.
2458 4082 2768 4149 Quomodo
2792 4083 2820 4138 ?
2840 4083 2987 4149 Quia
3016 4100 3125 4138 nos
3146 4099 3280 4141 cum
3298 4084 3359 4138 in
3380 4084 3692 4141 aﬂ‘ectihus

2046 4191 2254 4231 omnes
2278 4189 2491 4230 sensus
2516 4179 2782 4230 mortuos
2805 4173 3178 4231 haberemus.
3215 4180 3271 4228 et
3292 4174 3481 4245 ipsam
3512 4175 3696 4231 ratio-

2045 4280 2180 4321 nem
2214 4264 2277 4319 in
2303 4263 2397 4318 his
2427 4263 2719 4333 sepultam
2754 4268 2810 4316 et
2854 4261 3183 4320 confusam.
3217 4264 3591 4319 resuseitavit
3633 4269 3691 4321 et

2045 4352 2374 4417 vivificavit,
2409 4358 2473 4408 ut
2505 4367 2612 4407 nos
2646 4352 3081 4423 susciperemus
3116 4350 3251 4406 fidei
3285 4353 3472 4423 ipsius
3495 4352 3690 4423 splen-

2048 4443 2251 4499 dorem
2281 4458 2349 4497 ac
2380 4441 2734 4496 claritatem.
2766 4441 2915 4496 Vere
2948 4440 3062 4496 hoc
3102 4439 3285 4496 robur
3323 4440 3688 4497 fortitudinis

2048 4534 2340 4607 ejus.ldeo
2371 4549 2606 4605 quoque
2637 4538 2911 4604 precatur
2940 4538 3006 4589 ut
3062 4533 3171 4587 hoc
3204 4533 3543 4604 intelligant
3585 4550 3691 4605 per

281 4619 578 4697 επεύχεται
606 4620 796 4672 10510.
839 4616 934 4673 Ἀν
965 4617 1069 4691 γὰρ
1126 4622 1392 4690 συνιῶμεν
1426 4618 1456 4673 ὅ
1512 4619 1937 4693 εύηργετήμεθα,

2049 4624 2400 4695 sapientiam
2426 4622 2688 4693 spiritus.
2716 4622 2771 4676 Si
2792 4622 2951 4678 enim
2977 4622 3449 4678 intellexerimus
3470 4622 3691 4679 beneﬂ-

285 4704 500 4779 μᾶλλόν
534 4726 592 4760 τε
644 4705 706 4760 τὸ
767 4702 943 4777 δῶρον
996 4707 1468 4780 περιπτυξώμεθα,
1527 4706 1613 4761 καὶ
1659 4712 1737 4779 τῷ
1790 4708 1936 4781 εύερ-

281 4796 416 4873 γὲτῃ
450 4793 793 4871 εὐχαρίστως
824 4794 1057 4868 ἐσόμεθα
1096 4793 1450 4871 διακείμενοι.
1482 4798 1559 4853 Τὸ
1625 4794 1701 4864 δὶ,
1734 4820 1757 4849 α
1796 4800 1941 4855 Κατά

278 4888 382 4954 τήν
409 4885 702 4959 ἐνέργειαν,
735 4884 801 4954 ἢν
827 4883 1125 4960 ἐνήργησεν
1185 4885 1238 4941 ἐν
1291 4890 1371 4959 τῷ
1426 4887 1664 4961 Χριστῷ*
1696 4909 1722 4938 ιι
1760 4887 1794 4957 ἢ
1855 4888 1937 4943 ὅτι

274 4981 377 5042 τῆς
413 4972 587 5042 αὐτῆς
646 4972 789 5028 ἐστιν
842 4973 1034 5049 ἰσχύος
1090 4975 1181 5029 καὶ
1238 4972 1504 5050 ἐνεργείας
1548 4976 1611 5030 τὸ
1643 4975 1937 5046 ἀναστῆναι

274 5065 421 5132 ἡπᾶς
451 5066 550 5116 τοῦ
583 5064 827 5136 ψυγιγοῦ
861 5061 1108 5129 θανάτου,
1140 5061 1230 5117 καὶ
1260 5063 1321 5117 τὸ
1355 5063 1650 5133 ἀναστῆναι
1682 5067 1779 5118 105
1829 5086 1933 5121 σω·

275 5154 512 5224 ματικοῦ
540 5151 632 5205 τὸν
672 5150 901 5221 Χριστὸν
930 5149 1021 5205 καὶ
1055 5153 1184 5206 Θεὸν
1214 5153 1394 5223 ἡμῶν.
1428 5153 1522 5219 Ἥ,
1560 5174 1588 5204 α
1628 5153 1779 5209 Κατᾶ
1834 5155 1936 5225 τήν

268 5237 568 5313 ἐνέργειαν,
606 5262 634 5288 ››
695 5237 883 5313 φησὶν,
941 5236 1115 5293 αἰτίαν
1168 5235 1467 5303 ἀποδιδοὺς
1522 5246 1623 5307 τῆς
1673 5239 1933 5315 ἐγέρσεως

267 5329 459 5399 ἡμῶν,
507 5326 625 5381 οἷον
687 5324 756 5381 δι’
808 5323 875 5395 ἤν
928 5328 1381 5399 πεπιστεύκαμεν,
1439 5328 1526 5383 καὶ
1587 5326 1655 5384 δι’
1713 5329 1777 5399 ἣν
1840 5330 1932 5386 ἆν-

268 5413 507 5490 ἑστημεν
537 5419 636 5470 105
688 5418 932 5489 ψυχικοῦ
990 5416 1239 5475 θανάτου.
1289 5417 1350 5473 Ἡ
1408 5417 1513 5493 γὰρ
1570 5416 1806 5493 ἐνέργεια
1861 5421 1929 5491 ἢν

270 5504 572 5580 ἐνήργησεν
605 5505 657 5559 ὲν
718 5508 800 5576 τῷ
858 5509 1098 5579 Χριστῷ,
1149 5504 1357 5582 ἆγείρας
1409 5507 1592 5576 αὐτὸν,
1634 5509 1724 5562 καὶ
1782 5509 1928 5582 ἑξῆς,

2052 4713 2207 4769 cium
2241 4729 2358 4783 quo
2389 4711 2583 4767 affecti
2615 4727 2842 4772 sumus.
2878 4716 2937 4764 et
2964 4710 3109 4766 illud
3150 4711 3337 4784 magis
3365 4713 3691 4785 amplecte-

2050 4818 2203 4867 mur,
2260 4807 2318 4856 et
2374 4817 2509 4873 erga
2552 4800 2989 4855 benefactorem
3047 4806 3209 4870 grato
3257 4801 3439 4874 magis
3489 4803 3688 4859 animo

2048 4890 2243 4946 affeoti
2268 4888 2655 4944 eruimus.Ait
2675 4895 2868 4942 autem
2895 4904 2907 4941 :
2932 4908 2960 4937 ι(
2986 4887 3316 4944 Secundum
3343 4889 3688 4961 efficaciam,

2046 4995 2221 5052 quam
2240 4978 2573 5033 exercuitin
2591 4977 2851 5032 Christo:
2873 4997 2895 5027 ο
2917 4978 3186 5047 autquod
3202 4979 3466 5050 ejusdem
3485 4981 3689 5036 sitfor-

2045 5069 2319 5125 titudinis
2334 5066 2679 5123 etefﬂcaciaa
2693 5068 3075 5123 resuscitasse
3090 5076 3445 5125 nosamorte
3460 5072 3685 5128 animm.

2045 5163 2098 5213 et
2115 5158 2412 5214 Christum
2429 5172 2496 5211 ac
2513 5157 2691 5211 Deum
2717 5162 2984 5211 nostrum
3011 5173 3039 5211 a
3055 5162 3246 5213 morte
3269 5159 3552 5230 corporis.
3572 5163 3691 5217 Aut

2043 5246 2424 5302 «Secundum
2444 5246 2766 5301 efﬁcaciam
2788 5268 2814 5295 ››
2831 5246 3235 5316 dicit,causam
3256 5248 3511 5305 reddens
3529 5251 3687 5307 exci-

2040 5337 2283 5392 tationis
2307 5345 2767 5407 nostranempe
2791 5352 2896 5406 per
2926 5351 3102 5406 quam
3127 5338 3691 5412 credidimus.etper

2044 5440 2221 5497 quam
2248 5425 2681 5481 resurreximus
2713 5440 2746 5479 a
2770 5431 2958 5480 morte
2982 5425 3214 5480 animae.
3231 5426 3503 5483 Efficacia
3527 5429 3684 5486 enim

2041 5530 2218 5585 quam
2249 5514 2512 5569 exercuit
2542 5513 2605 5567 in
2635 5512 2867 5568 Christo
2895 5514 2945 5568 is
2977 5514 3077 5584 qui
3110 5514 3383 5571 excitavit
3409 5523 3684 5587 eum,etc.

349 5683 375 5717 ⁸
403 5683 453 5740 Il
485 5683 616 5740 Cor.
650 5699 692 5749 ι,
714 5682 770 5741 3.
848 5684 871 5720 ⁸
901 5684 952 5742 ιι
981 5683 1113 5751 Cor,
1144 5698 1267 5751 xm,
1300 5687 1384 5742 11.
1462 5685 1482 5719 ⁴¹
1510 5684 1664 5743 Psal.
1699 5702 1853 5759 nm,
1887 5692 1938 5750 ιι

2050 5690 2072 5726 ⁸
2101 5691 2127 5747 Ι
2155 5690 2286 5748 Cor.
2320 5706 2378 5760 ιι,
2414 5692 2498 5748 ιι.
2576 5689 2598 5726 ⁸
2621 5688 2768 5746 Ibid.
2803 5692 2889 5746 40.
