4072 6266
483 332 641 394 1183

480 464 608 520 hmo
637 463 750 520 fuit
777 479 958 519 causa
987 479 1105 534 qua
1132 462 1513 519 crederemus
1542 480 1610 520 ac
1640 464 2129 537 resipisceremus

481 571 514 610 δ,
559 554 741 626 priori
805 569 1024 607 errore.
1086 553 1354 609 Surrexit
1401 570 1660 624 namque
1713 555 1812 625 qui
1857 562 2129 612 mortuus

483 649 608 699 est:
645 649 913 698 mortuus
945 648 1035 697 est
1065 650 1261 698 autem
1294 643 1434 713 quia
1464 644 1808 699 incarnatus
1840 650 1928 698 est
1959 662 1972 700 :
2033 661 2129 700 su-

483 735 670 805 scepit
699 750 835 788 vero
868 749 1107 788 carmen
1137 739 1206 790 ut
1233 750 1343 788 nos
1375 733 1436 788 in
1470 733 1625 789 ﬁlios
1683 734 2010 805 adoptaret.
2062 736 2132 792 Et

481 825 607 880 haec
632 823 832 878 omnia
855 823 1136 879 efﬁcacia
1160 829 1298 876 sunt
1325 822 1486 877 illius
1508 823 1609 894 qui
1635 823 1908 878 excitavit
1928 840 2061 879 eum
2093 840 2128 880 a

480 913 1050 984 mortuis.Aitergo:
1086 935 1112 961 (ι
1149 912 1483 968 Secundum
1515 912 1878 968 efﬁcaciam:
1905 937 1930 962 «
1966 914 2126 985 quod

479 1003 662 1058 dicat:
680 1026 706 1052 ‹‹
733 1007 976 1073 Propter
998 1001 1320 1057 efﬁcaciam
1340 1003 1570 1057 roboris
1592 1003 1958 1058 fortitudinis
1975 1003 2123 1074 ejus.

479 1094 622 1148 Nam
652 1091 976 1148 secundum
1010 1091 1172 1145 illam
1209 1097 1266 1145 et
1297 1099 1538 1163 propter
1567 1091 1750 1156 illam,
1785 1099 1843 1147 et
1873 1093 2126 1150 credidi-

480 1198 634 1251 mus,
669 1188 728 1236 et
757 1180 972 1237 servati
1006 1197 1228 1236 sumus.
1256 1187 1369 1235 Aut
1389 1197 1494 1252 per
1511 1181 1622 1237 hoc
1643 1181 1803 1252 quod
1832 1181 1916 1236 ait
1951 1199 1964 1236 :
1999 1206 2024 1231 «
2059 1185 2128 1240 Et

485 1287 615 1342 quae
649 1271 726 1326 sit
757 1270 1054 1326 excellens
1112 1269 1457 1341 magnitudo
1491 1270 1649 1325 illius
1681 1287 1818 1343 erga
1876 1288 1986 1327 nos
2025 1273 2127 1344 qui

483 1361 816 1416 credimus:
844 1385 863 1410 ι
894 1360 1006 1414 hoc
1023 1359 1349 1430 dicitquod
1370 1360 1663 1429 primitias
1681 1366 2128 1433 nostras.supra

481 1465 718 1506 omnem
750 1451 1144 1520 principatum
1179 1454 1237 1503 et
1266 1449 1545 1504 virtutem
1579 1455 1636 1504 et
1673 1456 2027 1521 potestatem
2059 1467 2126 1506 ac

477 1538 972 1603 dominationem,
1022 1554 1237 1609 nempe
1283 1538 1582 1593 Christum
1634 1540 2007 1606 suscitatam,
2063 1541 2124 1595 in

477 1628 720 1685 dextera
751 1645 857 1683 sua
888 1627 1213 1683 collocavit.
1261 1627 1610 1697 Quanquam
1659 1629 1820 1684 enim
1880 1645 1953 1685 ex
2004 1634 2126 1684 tota

474 1718 736 1774 humana
793 1732 989 1773 massa
1020 1715 1275 1771 Verbum
1335 1733 1402 1771 ac
1435 1717 1588 1772 Deus
1647 1717 2126 1787 assumptionem

476 1813 742 1862 nostram
773 1807 1019 1877 accepit,
1062 1806 1188 1876 ipse
1221 1811 1420 1860 tamen
1459 1805 1828 1860 credentium
1889 1811 2121 1863 tantum

476 1900 567 1950 est
606 1895 882 1967 primitias
916 1899 974 1949 et
1001 1910 1206 1949 eorum
1238 1895 1338 1964 qui
1377 1894 1572 1965 ipsum
1622 1895 2078 1965 subsequuntur
2109 1913 2122 1951 :

475 1983 980 2059 quemadmodum
997 1984 1171 2040 etiam
1189 1983 1626 2054 primogenibus
1640 1989 1728 2037 est
1742 1983 1899 2039 inter
1913 1984 2127 2040 multos

474 2078 706 2142 fratres,
739 2090 955 2144 nempe
995 2072 1222 2130 ﬁdeles.
1257 2075 1350 2126 11
1393 2072 1496 2128 sed
1531 2089 1649 2126 non
1681 2074 1836 2128 inter
1866 2090 2075 2130 omnes
2109 2089 2126 2130 :

474 2181 593 2220 non
608 2165 764 2218 enim
785 2164 960 2218 etiam
980 2163 1134 2216 inter
1152 2161 1536 2217 inﬁdeles.lta
1551 2178 1686 2234 ergo
1711 2162 2124 2235 intelttgendo,

478 2279 505 2305 ‹‹
540 2255 610 2308 Et
639 2269 768 2323 quae
799 2252 877 2306 sit
907 2250 1210 2306 excellens
1241 2251 1645 2322 magnitudo,»
1680 2252 1937 2324 etc.(hoc
1966 2252 2127 2308 enim

477 2341 786 2399 excellenti
804 2341 980 2395 etiam
999 2339 1173 2394 modo
1194 2339 1663 2407 magnitudinem
1684 2357 1850 2396 su~~m
1870 2342 2126 2398 maxime

475 2429 871 2491 commendat.
909 2428 1067 2499 quod
1103 2434 1398 2483 terrenam
1432 2434 1707 2483 naturam
1742 2447 1920 2500 supra
1951 2431 2124 2487 coale-

473 2527 593 2578 stes
628 2518 1125 2585 sublimaverit,et
1151 2518 1222 2572 ab
1257 2518 1620 2588 incorpereis
1651 2518 1961 2574 ordinibus
1993 2520 2127 2575 ado-

478 2611 724 2666 randam
755 2607 1114 2679 praebuerit),
1151 2608 1252 2674 ita,
1285 2606 1550 2678 inquam,
1584 2607 1889 2663 intellecta
1948 2609 2127 2681 hujus

479 2701 618 2756 dicti
655 2699 1350 2768 sententia.consequens
1373 2703 1432 2752 et
1460 2697 1778 2752 manifesta
1809 2699 1989 2754 etiam
2013 2700 2126 2755 erit

475 2789 870 2857 intelligentia
903 2803 1108 2842 eorum
1141 2803 1272 2857 qua:
1303 2789 1803 2857 sequuntur.l\'am
1830 2804 1900 2842 ex
1933 2786 2126 2844 efﬁca-

472 2879 563 2934 cia
593 2893 768 2949 quam
802 2875 1070 2931 exercuit
1122 2875 1488 2929 resuscitans
1538 2874 1857 2940 Christum,
1903 2875 2124 2931 factum

473 2973 564 3024 est
593 2974 657 3022 ut
687 2972 744 3024 et
776 2971 991 3022 nostrae
1015 2965 1292 3036 primitiae
1325 2964 1482 3018 Patri
1510 2964 1987 3034 consederent,et
2015 2982 2124 3022 nos

478 3057 684 3116 ﬁdeles
716 3073 820 3128 per
850 3057 959 3111 hoc
990 3055 1380 3109 vehementer
1401 3055 1862 3109 honestaremur
1884 3060 1941 3110 et
1959 3071 2127 3110 orna-

472 3165 692 3204 remur.
729 3168 758 3198 «
791 3148 936 3218 Erga
968 3162 1077 3200 nos
1105 3144 1204 3216 qui
1265 3142 1584 3198 credimus.
1626 3165 1650 3190 ››
1709 3144 1950 3200 Factum
2007 3151 2117 3210 est,

466 3238 676 3308 inquit.
699 3237 876 3306 idque
909 3233 1236 3289 secundum
1271 3231 1596 3289 efﬁcaciam
1632 3233 1860 3288 roboris
1880 3233 2115 3289 fortitu-

467 3328 623 3383 dinis
656 3325 876 3394 ejus.Si
912 3324 1068 3380 enim
1101 3339 1222 3378 non
1248 3324 1615 3379 exercuisset
1647 3339 1774 3378 eam
1812 3339 1949 3396 erga
1979 3341 2110 3392 nos,

465 3430 842 3484 nequaquam
901 3412 1382 3467 credidissemus.
1444 3432 1467 3461 ι
1526 3411 1710 3476 Quam
1759 3413 2109 3472 exercuit.»

466 3505 649 3568 Quam
683 3507 881 3556 autem
913 3499 1234 3556 efﬁcaciam
1264 3498 1412 3554 dicis
1444 3515 1576 3553 eum
1607 3501 1945 3556 exercuisse
1975 3517 2113 3574 erga

465 3610 574 3648 nos
606 3597 670 3645 ut
695 3587 1122 3645 crederemus?
1177 3604 1352 3659 quam
1389 3588 1673 3644 exercuit.
1710 3589 1924 3659 inquit,
1961 3595 2019 3643 et
2049 3590 2110 3645 in

467 3682 722 3744 Chrislo,
757 3697 890 3734 cum
927 3678 1235 3734 suscitavit
1288 3693 1423 3733 eum
1455 3693 1529 3734 ex
1585 3678 1853 3734 mortuis.
1917 3680 2109 3734 Mani-

1601 332 2010 396 (ECUMENII
2055 333 2362 395 TRICCE
2404 337 2748 402 EPISGOPl

3661 355 3767 421 1181

2162 467 2208 531 Α
2243 464 2378 536 αὕτη
2411 467 2626 544 γέγονεν
2654 468 2800 525 αἰτία
2829 475 2924 526 τοῦ
2953 477 3233 528 πιστεῦσαι
3259 477 3345 530 καὶ
3371 475 3628 552 ἀνενεγκεῖν
3667 484 3770 555 ἡμᾶς

2237 561 2338 623 τῆς
2369 555 2631 631 προτέρας
2662 559 2897 632 πλάνης,
2931 563 3151 633 Ἀνέστη
3184 563 3301 640 γὰρ,
3357 565 3433 622 ὅτι
3457 569 3656 638 τέθνηκε.
3705 576 3772 630 Ti-

2240 654 2404 715 θνηκε
2433 643 2509 710 δὲ,
2544 648 2626 703 ὅτι
2660 650 3012 725 σεσάρκωται.
3048 653 3384 728 Σεσάρκωται
3435 653 3502 724 δὶ,
3549 657 3626 713 *ἱνα
3666 663 3772 734 ἡμᾶς

2238 734 2648 806 υἱοποιήσηται.
2684 739 2780 796 Καὶ
2813 745 2982 797 ταῦτα
3012 745 3180 796 πάντα
3216 751 3311 813 τῆς
3349 745 3581 821 ἐνεργείας
3602 748 3687 804 ἐστὶ
3705 760 3774 820 τῆς

2239 821 2428 891 αὐτῆς,
2447 829 2548 880 τοῦ
2578 826 2885 902 ἐγείραντος
2913 829 3073 886 αὐτὸν
3104 830 3165 886 ἐκ
3191 838 3395 908 νεκρῶν.
3423 837 3491 892 Τὸ
3514 834 3608 906 οὖν,
3629 863 3651 890 α
3673 841 3779 896 Κατᾶ

2235 913 2334 980 τὴν
2364 912 2646 988 ἐνέργειαν,
2681 940 2709 968 ››
2739 915 2833 972 ἵνα
2864 917 3010 992 εἶ’πῃ.
3042 920 3138 975 Διά
3189 923 3282 989 τήν
3336 922 3569 998 ἐνέργειαν
3594 932 3670 981 τοῦ
3691 929 3780 1001 κρά-

2236 1022 2364 1066 τους
2387 1009 2486 1072 τῆς
2515 1003 2704 1068 ἰσχύος
2738 1005 2924 1064 αὐτοῦ.
2957 1011 3086 1066 Κατ’
3118 1008 3319 1080 ἐκείνην
3359 1013 3454 1088 γάρ
3481 1013 3558 1067 καὶ
3603 1013 3657 1068 δι’
3681 1015 3780 1072 ἐκεί-

2237 1112 2358 1161 νην,
2398 1093 2488 1148 καὶ
2514 1094 2942 1170 πεπιστεύκαμεν
2979 1098 3068 1153 καὶ
3099 1100 3421 1173 σισώσμεθά.
3451 1105 3512 1160 Ἦ
3563 1104 3636 1158 καὶ
3676 1106 3714 1158 τί
3738 1109 3780 1161 τὸ

2238 1177 2582 1256 ὑπερϐάλλον
2620 1185 2842 1260 μέγεθος
2887 1187 3054 1242 αὐτοῦ
3113 1189 3188 1249 εἰς
3218 1192 3360 1262 ἡμᾶς
3413 1192 3527 1253 τοὺς
3571 1193 3783 1248 πιστεῦον-

2233 1291 2348 1335 τας,
2379 1273 2540 1328 τοῦτό
2573 1294 2759 1350 φησιν,
2813 1275 2894 1330 ὅτι
2953 1279 3052 1347 τήν
3113 1277 3360 1354 ἀπαρχήν
3409 1282 3554 1352 ἡμῶν
3603 1282 3783 1354 ὑπεράνω

2234 1359 2412 1428 πάσης
2445 1361 2624 1436 ἀρχῆς
2655 1364 2740 1418 καὶ
2776 1361 3060 1439 δυνάμεως
3109 1367 3198 1421 καὶ
3252 1366 3479 1437 ἐξουσίας
3529 1369 3607 1422 καὶ
3651 1371 3785 1445 κυριό-

2234 1469 2398 1520 τητος
2429 1451 2734 1522 ἀναστήσας
2765 1456 2856 1510 τὸν
2888 1458 3144 1524 Χοιστὸν,
3206 1456 3257 1512 ἐν
3317 1454 3454 1528 δεξιᾷ
3503 1460 3640 1514 αὐτοῦ
3677 1460 3786 1525 ἐκάθ-

2239 1561 2365 1597 ισεν.
2423 1542 2487 1598 Εἰ
2545 1543 2647 1620 γάρ
2698 1546 2788 1599 καὶ
2851 1545 2901 1615 ἐξ
2951 1544 3090 1602 ὅλου
3157 1552 3253 1602 τοῦ
3310 1547 3618 1621 ἀνθρωπίνου
3666 1555 3786 1630 φυρά-

2239 1650 2408 1702 ματος
2437 1632 2498 1686 τὸ
2532 1634 2747 1706 πρόσΛη
2763 1657 2882 1708 μμα
2912 1639 3070 1707 ἡμῶν
3102 1638 3130 1692 ὁ
3167 1638 3341 1710 Λόγος
3383 1638 3468 1693 καὶ
3516 1641 3628 1702 Θεὸς
3673 1643 3787 1712 ἡμῶν

2233 1716 2627 1792 προσελάϐετο,
2659 1722 2792 1779 ἀλλ’
2820 1723 2912 1778 οὖν
2950 1726 3175 1801 ἀπαρχὴ
3210 1731 3317 1782 τῶν
3376 1729 3690 1784 πιστευόντων
3710 1729 3786 1786 ἐστὶ

2161 1824 2201 1888 Β
2238 1809 2426 1882 μόνον,
2455 1812 2544 1866 καὶ
2577 1810 2723 1884 αὐτῷ
2753 1815 3330 1887 κατακολουθούντων,
3369 1818 3538 1890 ὥσπερ
3564 1820 3640 1874 καὶ
3671 1841 3786 1895 πρω-

2234 1897 2461 1962 τότοκος
2499 1900 2550 1956 ἐν
2584 1901 2820 1965 πολλοῖς
2851 1901 3132 1984 ἀδελφοῖς,
3185 1912 3303 1970 τοῖς
3361 1908 3678 1976 πιστεύουσιν,
3700 1909 3773 1964 an

2236 1987 2336 2044 οὐκ
2365 1987 2418 2043 ἐν
2451 1994 2631 2045 πᾶσιν·
2669 1992 2731 2046 οὐ
2763 1994 2869 2069 γάρ
2915 1994 3010 2049 κάν
3066 2000 3186 2057 τοῖς
3241 1995 3498 2057 ἀπίστοις.
3534 1996 3687 2060 Οὖτως
3729 1996 3788 2054 οὖν

2236 2074 2739 2154 ἐκλαμϐανομένου,
2787 2107 2814 2134 «
2851 2085 2950 2140 Καὶ
2984 2084 3035 2138 τί
3064 2084 3127 2140 τὸ
3187 2081 3521 2159 ὑπερϐάλλον
3554 2088 3786 2160 μέγεθος.η

2169 2223 2172 2226 ,
2236 2171 2334 2222 καὶ
2357 2169 2497 2242 ἐξῆςν
2525 2173 2705 2241 (τοῦτο
2734 2172 2841 2246 γὰρ
2870 2173 2958 2226 καὶ
3010 2174 3073 2227 τὸ
3130 2177 3251 2238 καθ’
3311 2169 3594 2250 ὑπερϐολὴν
3632 2175 3790 2250 μέγεθος

2237 2257 2400 2313 αὐτοῦ
2486 2258 2720 2331 μάλιστα
2777 2262 3096 2336 παρίστησι,
3151 2263 3214 2318 τὸ
3271 2267 3367 2334 τὴν
3438 2273 3613 2340 γηγενῆ
3681 2266 3789 2341 φύσιν

2241 2347 2488 2420 ὑπεράνω
2516 2353 2623 2402 τῶν
2658 2349 2896 2423 οὐρανῶν
2949 2352 3246 2424 ἀνυψῶσαι,
3299 2353 3386 2408 καὶ
3437 2354 3531 2408 ὑπὸ
3564 2359 3650 2409 τῶν
3695 2353 3790 2408 ἀσω-

2240 2437 2421 2508 μάτων
2480 2439 2678 2509 τάξεων
2738 2440 3222 2514 προσκυνουμένην
3285 2442 3489 2516 δεῖξαι·>
3535 2445 3673 2505 οὓτως
3723 2443 3785 2498 οὖν

2234 2527 2685 2606 παραληφθείσης
2724 2537 2824 2598 τῆς
2880 2534 2976 2584 τοῦ
3033 2532 3204 2606 ῥητοῦ
3267 2531 3518 2599 διανοίας,
3566 2531 3785 2593 ἀκόλουθός

2235 2637 2294 2674 τε
2323 2617 2410 2671 καὶ
2446 2619 2620 2689 σαφῇς
2652 2618 2739 2673 καὶ
2771 2621 2805 2688 ἡ
2849 2617 3026 2675 ἔννοια
3081 2625 3186 2676 τῶν
3232 2621 3440 2699 ἐφεξῆς.
3475 2625 3557 2678 Ἐκ
3597 2622 3672 2696 γὰρ
3712 2629 3782 2687 τῆς

2235 2703 2502 2780 ἐνεργείας
2532 2707 2599 2777 ἧς
2633 2706 2922 2782 ἐνήργησεν
2982 2709 3289 2778 ἀναστήσας
3345 2712 3434 2765 τὸν
3477 2710 3682 2786 Χριστὸν,
3717 2712 3777 2762 καὶ

2234 2795 2297 2850 τὸ
2353 2797 2444 2864 τήν
2500 2798 2768 2868 ἡμετέραν
2822 2797 3078 2873 ἀπαρχήν
3140 2798 3495 2875 συνεδριάσαι,
3544 2800 3681 2874 γέγονε
3721 2802 3772 2867 τῷ

2232 2885 2401 2959 Harp?
2433 2885 2520 2939 καὶ
2551 2886 2686 2956 ἡμῖν
2716 2891 2832 2950 τοῖς
2883 2893 3095 2949 πιστοῖς
3125 2890 3185 2943 τὸ
3249 2890 3673 2964 ὑπερσεμνῦνεσϐαι
3708 2885 3765 2939 ui

2236 2974 2814 3045 ὑπερκαλλωπίζεσθαι
2873 2976 2960 3031 ἐπὶ
3031 2978 3235 3051 τοῦτῳ.
3311 3005 3335 3031 (ε
3396 2980 3486 3042 Εῗ’ς
3537 2983 3640 3051 ἡμᾶς
3676 2975 3759 3033 τοὺς

2232 3064 2597 3128 πιστεύοντας.
2645 3091 2672 3119 ››
2733 3065 2950 3140 Γέγονε,
2992 3067 3144 3144 φησί.
3198 3069 3394 3144 Γέγονε
3450 3067 3520 3134 δὲ,
3568 3067 3658 3121 κατὰ
3692 3064 3759 3129 τὴν

2159 3190 2200 3252 C
2230 3151 2497 3232 ἐνέργειαν
2525 3154 2620 3210 to;
2651 3155 2879 3228 κράτους
2908 3165 3006 3228 τῆς
3044 3157 3239 3233 ἰσχύος
3277 3162 3460 3217 αὐτοῦ.
3514 3159 3566 3216 Εἰ
3611 3157 3683 3233 γὶρ
3719 3153 3772 3225 μὴ

2229 3241 2520 3319 ἐνήργησεν
2596 3245 2646 3300 ἐν
2712 3248 2868 3317 ἡμῖν,
2931 3247 3034 3302 οὐκ
3087 3247 3146 3303 ἄν
3221 3247 3602 3322 ἐπιστεύσαμεν.
3650 3270 3670 3294 ιι
3709 3242 3777 3296 ’Ἢν

2222 3334 2591 3408 ἐνήργησεν.»
2627 3335 2791 3389 Ποίαν
2837 3333 2894 3390 δὲ
2945 3336 3211 3411 ἐνέργειαν
3273 3340 3451 3416 λὲγεις
3505 3331 3779 3409 ἐνηργηκέναι

2223 3422 2298 3483 εἷς
2331 3425 2478 3496 ἡμᾶς
2520 3421 2611 3479 ’ἕνα
2641 3426 3010 3499 πιστεύσωμεν
3048 3445 3061 3494 ;
3094 3428 3214 3492 Ἤν,
3251 3429 3436 3503 φησὶν,
3488 3426 3699 3499 ἐνήργησε
3719 3419 3783 3474 καὶ

2223 3509 2275 3566 ἐν
2307 3516 2385 3583 τῷ
2411 3514 2648 3586 Χριστῷ,
2685 3513 2893 3588 ἐγείρας
2925 3515 3088 3570 αὐτὸν
3143 3513 3202 3571 ἐκ
3255 3522 3480 3588 νεκρῶν,
3533 3515 3604 3569 ὅτι
3648 3510 3691 3566 δὲ
3721 3507 3780 3562 κπὶ

2222 3601 2412 3658 ἑαυτὸν
2443 3602 2798 3677 ἐγηγερκέναι
2834 3602 3048 3679 εἶ’ρηται
3089 3603 3409 3685 πολλαχοῦ,
3441 3603 3608 3674 δῆλον.

465 3772 684 3828 festum
718 3775 808 3824 est
836 3775 1056 3826 autem.
1092 3768 1231 3838 quia
1261 3767 1606 3837 frequenter
1636 3766 1861 3822 dictum
1891 3773 2002 3834 est,
2035 3767 2195 3837 quod
2226 3768 2404 3824 etiam
2436 3769 2695 3840 seipsum
2731 3771 3122 3828 suscitaverit.

535 3862 653 3916 1.20
686 3860 772 3913 23.
809 3883 834 3907 ι(
859 3858 1044 3928 Super
1072 3873 1309 3913 omnem
1345 3857 1742 3928 principatum
1770 3864 1828 3911 et
1859 3863 2110 3929 potesta-

467 3971 495 4001 ‹‹
529 3953 734 4004 temet
751 3949 1021 4002 virtutem
1038 3963 1104 4001 ac
1121 3947 1590 4002 dominationem
1621 3953 1680 4001 et
1695 3963 1869 4002 omne
1893 3963 2110 4002 nomen

467 4059 496 4089 «
525 4038 680 4108 quod
714 4038 1058 4092 nominatur
1080 4052 1198 4090 non
1223 4037 1414 4091 solum
1441 4037 1500 4090 in
1525 4035 1741 4090 saeculo
1767 4037 2110 4094 hoc.verum

467 4150 494 4177 «
531 4127 709 4182 etiam
742 4126 802 4180 in
832 4127 1049 4182 futuro.
1085 4126 1154 4180 Et
1183 4124 1386 4180 omnia
1417 4125 1669 4193 subjecit
1698 4125 1807 4180 sub
1839 4125 2018 4196 pedes
2049 4126 2120 4180 il~~

467 4237 493 4264 ‹‹
532 4214 646 4269 lius
682 4231 693 4267 :
729 4220 786 4267 et
816 4231 952 4272 eum
983 4213 1146 4269 dedit
1176 4220 1353 4283 caput
1384 4229 1564 4283 super
1593 4214 1792 4268 omnia
1835 4215 1946 4284 ipsi
2005 4216 2113 4270 Ec-

470 4304 730 4362 «0188ίῶ
788 4320 917 4376 quae
975 4309 1062 4357 est
1120 4318 1333 4372 corpus
1377 4302 1556 4360 illius.
1607 4302 2128 4373 complementum“

468 4417 494 4444 α
529 4393 657 4465 ejus
690 4393 790 4464 qui
833 4392 1035 4448 omnia
1065 4390 1143 4445 in.
1165 4390 1445 4446 omnibus
1470 4390 1857 4464 adimpletur.

537 4598 564 4624 ‹‹
598 4576 804 4648 Super.
867 4595 892 4622 »ι
959 4575 1074 4629 Nec
1133 4577 1334 4630 tamen
1390 4572 1534 4628 dicit
1590 4567 1701 4624 ἅνω
1758 4589 1942 4642 super,
2011 4573 2116 4630 sed

472 4663 744 4737 ὑπεράνω.
780 4662 939 4733 quod
987 4661 1396 4718 vehementem
1442 4661 1907 4732 superlationem
1965 4663 2117 4719 desi-

466 4758 624 4825 gnat.
663 4774 689 4801 ί(
723 4753 972 4808 Omnem
1029 4751 1447 4823 principatum.
1494 4771 1519 4797 »
1555 4751 1679 4806 Non
1742 4767 1922 4822 super
1951 4751 2112 4807 hunc

468 4842 796 4915 quidem,at
824 4858 942 4896 non
975 4856 1154 4911 super
1185 4839 1376 4906 illum,
1412 4838 1514 4896 sed
1544 4854 1722 4912 super
1755 4856 1991 4894 omnem
2021 4841 2115 4895 in-

467 4947 814 5004 corpoream
844 4935 1218 5000 potestatem.
1273 4929 1406 4983 Haec
1437 4935 1635 4983 autem
1671 4935 1803 4998 post
1835 4929 2110 4985 incarna-

464 5022 649 5078 tionis
682 5019 1184 5090 dispensationem
1219 5017 1484 5090 intellige
1516 5017 1671 5073 dicta
1702 5033 1880 5072 essea
1909 5018 2111 5074 Paulo.

465 5114 611 5169 Nam
659 5116 795 5165 ante
858 5108 1329 5163 incarnationem
1381 5106 1762 5162 manifestum
1811 5113 1900 5163 est
1955 5108 2114 5178 quod

465 5203 722 5258 Verbum
744 5205 1030 5269 tanquam
1057 5199 1209 5252 Deus
1232 5195 1478 5266 aequalis
1497 5200 1623 5250 erat
1649 5197 1957 5267 potestatis
1976 5214 2111 5253 cum

463 5294 658 5348 Patre.
711 5291 863 5345 sicut
912 5293 969 5343 et
1001 5302 1158 5341 nunc
1209 5290 1298 5341 est
1329 5302 1462 5340 cum
1513 5285 1942 5342 incarnatione.
1979 5309 2006 5336 ‹‹
2043 5288 2113 5341 Et

468 5397 642 5435 omne
675 5394 894 5434 nomen
945 5376 1103 5449 quod
1153 5376 1514 5431 nominatur.
1556 5397 1580 5422 υ
1632 5376 1751 5430 Ηοο
1783 5381 1888 5435 est.
1939 5391 2114 5432 omne

469 5469 844 5530 nominatum
873 5483 938 5522 ac
970 5466 1236 5522 celebre:
1264 5481 1384 5520 non
1409 5465 1599 5519 solum
1625 5464 1781 5536 quod
1815 5466 1906 5521 his
1927 5466 2115 5521 nomi-

469 5557 1056 5616 natur,verumetiam
1080 5553 1234 5626 quod
1262 5554 1322 5608 in
1344 5554 1543 5609 futuro
1571 5554 1757 5624 possit
1777 5553 1889 5610 dici
1923 5571 1990 5610 ac
2015 5572 2114 5610 no-

469 5643 708 5705 minari.
743 5645 888 5699 Nam
920 5660 1096 5715 super
1127 5656 1336 5700 omnes
1365 5649 1456 5700 est
1479 5642 1688 5713 Filius,
1721 5644 1986 5702 etiamsi
2039 5645 2116 5702 sit

2289 3857 2565 3930 Ὑπεράνω
2647 3857 2824 3926 πάσης
2909 3857 3102 3934 ἀρχῆς
3151 3860 3243 3913 καὶ
3334 3857 3558 3928 ἐξουσίας
3613 3853 3686 3910 καὶ
3729 3846 3793 3904 δυ·

2220 3947 2434 4018 νάμεως
2522 3946 2608 4000 καὶ
2696 3947 3062 4021 κυριότητος,
3145 3948 3234 4002 καὶ
3322 3947 3512 4007 παντὸς
3587 3943 3789 4012 ὀνόματος

2223 4036 2656 4108 ὀνομαζομένου,
2735 4035 2797 4091 οὐ
2887 4037 3053 4107 μόνον
3140 4037 3194 4092 ἐν
3263 4038 3342 4109 τῷ
3422 4037 3570 4090 αἰῶνι
3641 4029 3788 4097 το·3τῳ,

2221 4122 2369 4178 ἀλλὰ
2423 4123 2513 4178 καὶ
2569 4122 2620 4178 ἐν
2670 4127 2749 4194 τῷ
2814 4122 3099 4196 μέλλοντι.
3200 4125 3300 4179 Καὶ
3391 4123 3550 4178 πάντα
3602 4115 3789 4182 ὑπέταξεν

2223 4210 2325 4266 ὑπὸ
2365 4211 2494 4268 τοὺς
2557 4208 2728 4272 πόδας
2799 4211 2985 4279 αὐτοῦ,
3043 4212 3129 4266 καὶ
3190 4211 3350 4267 αὐτὸν
3398 4206 3556 4266 ἔδωκε
3604 4201 3792 4278 acili!

2222 4303 2354 4376 ὑπὲρ
2441 4301 2617 4356 πάντα
2672 4304 2738 4374 τῇ
2827 4299 3147 4373 Ἐκκλησία,
3198 4299 3324 4370 ἥτις
3379 4299 3487 4356 ἐστὶ
3554 4300 3608 4354 τὸ
3679 4295 3793 4362 σῶμί

2218 4393 2406 4457 αὐτοῦ,
2466 4391 2528 4446 τὸ
2585 4387 2867 4464 πλήρωμα
2923 4394 3019 4444 τοῦ
3075 4389 3142 4448 τά
3193 4392 3363 4447 πάντα
3420 4390 3469 4446 ἐν
3527 4393 3635 4442 πᾶσι
3684 4381 3788 4446 πλη·

2149 4512 2190 4575 D
2225 4481 2510 4557 ρουμένου.

2298 4593 2325 4621 ι(
2355 4567 2650 4644 Ὑπεράνω.
2703 4591 2731 4619 ››
2764 4569 2840 4625 Οὐ
2902 4565 3070 4642 λέγει,
3104 4568 3236 4637 ἅνω,
3268 4567 3416 4624 ἀλλὰ
3445 4568 3502 4624 τὸ
3531 4567 3648 4642 ἆγαν
3690 4560 3788 4644 ὑψηζ

2223 4657 2317 4713 λὸν
2349 4640 2557 4724 δηλῶν,
2611 4657 2884 4730 ὑπεράνω,
2943 4640 3129 4733 φησίν,
3183 4682 3208 4708 ‹‹
3245 4657 3425 4726 Πάσης
3479 4640 3701 4729 ἀρχῆς.»
3737 4640 3787 4700 (Ε

2221 4754 2320 4818 τῆς
2384 4747 2476 4820 μὲν
2529 4742 2615 4812 οὔ,
2662 4752 2763 4816 τῆς
2821 4743 2900 4816 δὲ,
2957 4747 3066 4816 ναὶ,
3127 4743 3274 4800 ἀλλὰ
3351 4746 3514 4809 πάσης
3563 4736 3786 4812 ἀσωμάτου

2224 4835 2520 4908 δυνάμεως.
2555 4837 2738 4892 Ταῦτα
2770 4831 2848 4904 δὲ,
2911 4835 3046 4907 μετὰ
3103 4837 3204 4905 τὴν
3259 4829 3508 4910 ἔνσαρκον
3547 4823 3788 4896 οἰκονομίαν

2221 4927 2334 4981 νόει
2364 4925 2614 5000 εἰρῆσθαι
2643 4928 2720 4994 τῷ
2769 4922 2990 4996 Παύλῳ.
3048 4925 3159 4999 Πρὸ
3218 4925 3321 4999 γάρ
3373 4930 3469 4992 τῆς
3517 4918 3786 5000 σαρκώσεως.

2222 5012 2505 5089 πρόδηλον
2537 5013 2612 5074 ὡς
2645 5015 2673 5069 ὁ
2706 5013 2836 5077 Θεὸς
2865 5015 3045 5087 Λόγος
3072 5013 3160 5068 ῗσα
3217 5013 3336 5087 εἶχε
3381 5016 3456 5082 τῷ
3499 5007 3647 5082 Πατρῖ
3693 4997 3786 5056 κατὰ

2221 5104 2319 5171 τὴν
2361 5101 2616 5176 ἐξουσίαν,
2677 5099 2860 5177 ὥσπερ
2921 5103 3014 5158 οὗν
3078 5103 3166 5157 καὶ
3223 5106 3308 5157 νῦν
3370 5095 3481 5156 ἔχει
3538 5097 3653 5171 μετᾶ
3697 5107 3786 5160 σαρ-

2223 5192 2463 5254 κώσεως.
2526 5216 2553 5242 ι(
2614 5192 2714 5247 Καὶ
2773 5192 2971 5254 παντὸς
3029 5190 3291 5264 ὀνόματος
3373 5184 3784 5262 όνομαζομὲνου.ν

2227 5285 2238 5305 ν
2357 5283 2371 5300 ι
2512 5282 2526 5302 \
2729 5283 2741 5298 ι
2841 5284 2854 5299 ο
2967 5286 2992 5296 .-
3127 5283 3140 5301 κ
3471 5285 3496 5295 ..
3601 5275 3613 5294 θ
3713 5269 3721 5290 r

2243 5287 2395 5348 Αντε,
2439 5303 2526 5337 και
2583 5303 2781 5344 παντος
2829 5303 2997 5357 ρητου
3054 5303 3142 5338 και
3203 5283 3518 5354 ὀνομαστου,
3565 5298 3618 5331 ου
3669 5286 3781 5343 μονον

2221 5375 2318 5426 τοῦ
2371 5369 2596 5426 ἐνταῦθα
2654 5371 3086 5443 ὀνομαζομένου,
3145 5368 3291 5426 ἀλλὰ
3345 5369 3430 5424 καὶ
3482 5368 3570 5421 τοῦ
3637 5359 3778 5416 ἐκεῖθετ

2225 5458 2524 5535 δυναμένου
2615 5460 2849 5534 ῥηθῆναι
2953 5459 3041 5514 καὶ
3154 5459 3509 5532 ὀνομασθῆναι
3541 5499 3554 5512 .
3647 5450 3777 5538 Ὑπεῇ

2224 5550 2332 5605 άνω
2360 5531 2466 5625 γὰρ
2498 5531 2715 5604 πάντων
2778 5550 2805 5604 ὁ
2838 5549 2982 5618 Υἱὸς,
3041 5548 3084 5603 εἰ
3139 5549 3227 5604 καί
3260 5531 3616 5621 νσεσάρκωται.
3665 5559 3688 5586 ιι

2226 5622 2390 5717 μόνον
2507 5643 2586 5711 τῷ
2631 5638 2788 5694 «iam
2839 5637 3038 5712 τούτῳ,
3076 5662 3104 5689 n
3159 5645 3297 5713 Ἀρα
3352 5631 3489 5697 ἔστιν
3540 5622 3771 5706 άγγελιιῦν
