4072 6266
306 348 465 409 Ηδικ

1347 346 1756 409 COMMENT.
1804 347 1881 405 IN
1926 344 2173 407 EPIST.
2232 347 2343 409 AD
2404 349 2679 415 EPﬂES.

3559 359 3718 422 “86

304 483 586 559 δυνάμεων
646 486 910 558 ὀνοματα,
949 489 1041 540 νῦν
1103 485 1680 559 μὶννάκαετωνόμαστα,
1711 483 1833 540 τότε
1892 480 1951 537 δὶ

2074 483 2425 544 incarnatus.
2468 508 2499 538 «
2531 486 2658 544 Non
2693 488 2885 546 solum
2938 490 3001 546 in
3040 491 3259 548 saeculo
3316 492 3449 550 hoc.
3485 516 3512 543 ››
3574 495 3721 552 Sunt

311 576 757 649 γνωσθησόμενα.
793 602 820 628 ‹‹
854 575 1033 632 Ἀλλὰ
1062 576 1153 631 καὶ
1186 575 1237 630 ἐν
1270 581 1348 648 τῷ
1405 574 1667 645 μὲλΛοντι
1729 598 1757 626 ››
1791 571 1862 630 isi'
1908 594 1960 628 τι

307 665 388 717 ’ἐνι
439 662 491 717 ἐν
551 664 784 737 οὐρανῷ,
843 664 997 741 φησὲ,
1058 665 1275 718 πάντων
1347 662 1605 738 ἀνωτέρω
1689 662 1959 725 κεκάθικε.

311 778 337 805 ιι
375 752 474 807 Καὶ
508 753 681 807 πάντα
715 751 961 825 ὑπέταξεν
994 753 1095 808 ὑπὸ
1137 752 1263 815 τοὺς
1322 750 1490 814 πόδας
1547 752 1732 809 αὐτοῦ.
1765 777 1790 804 ››
1830 750 1962 807 Εἶτα

306 842 399 895 ἳνα
433 843 509 913 μή
544 842 783 910 ἀκούων,
830 867 855 893 (ι
893 842 1166 899 Ἐκάθισεν
1191 842 1463 916 ὑπεράνω,
1495 867 1520 892 ››
1552 840 1781 915 νομίσῃς
1802 839 1961 894 αὐτὸν

308 934 745 1005 προτετιμῆσθαι
811 931 1011 1003 μόνον,
1072 930 1336 985 δείκνυσιν
1395 932 1480 985 ὅτι
1536 930 1627 985 καὶ
1686 930 1960 998 Δεσπότην

309 1019 472 1074 αὐτὸν
531 1018 753 1089 ἐποίησε
818 1019 1059 1075 τάντων.
1121 1022 1235 1088 Τὴν
1297 1022 1400 1096 γὰρ
1461 1017 1698 1097 σφοδρὰν
1757 1018 1846 1073 καὶ
1897 1020 1965 1086 ἧς

308 1109 408 1163 οὐκ
438 1109 511 1164 ἔνι
548 1108 744 1183 μείζων
792 1112 1069 1187 ὑποταγὴν
1123 1109 1289 1180 δεῖξαι
1351 1113 1550 1180 θελων,
1578 1136 1605 1163 ‹‹
1648 1111 1777 1165 Ὑπὸ
1834 1108 1961 1171 τοὺς

306 1195 480 1260 πόδας
535 1198 722 1269 αὐτοῦ,
777 1224 804 1252 ››
868 1201 1006 1258 εἶπε.
1069 1224 1096 1252 ‹‹
1146 1201 1244 1254 Καὶ
1304 1200 1465 1255 αὐτὸν
1526 1194 1712 1255 ἔδωκε.
1779 1224 1807 1250 ›)
1867 1197 1962 1253 Καὶ

306 1290 409 1357 τὴν
496 1286 824 1358 Ἐκκλησίαν
915 1284 1137 1361 δυνάμει
1221 1290 1529 1353 συνεκάθισε
1612 1293 1691 1361 τῷ
1747 1290 1964 1363 Χριστῷ

311 1377 387 1439 είς
417 1376 617 1432 ἐκεῖνον
656 1378 748 1432 τὸν
809 1378 1022 1451 θρόνον,
1083 1382 1251 1432 Ὀπου
1310 1378 1413 1455 γὰρ
1470 1381 1505 1447 ἡ
1558 1376 1792 1457 κεφαλήο
1853 1376 1966 1431 ἐκεῖ

307 1467 487 1522 καὶτὸ
518 1466 712 1543 λοιπὸν
753 1472 930 1539 σῶμα.
966 1493 991 1519 (ι
1030 1466 1310 1544 Κεφαλήν.
1370 1492 1398 1520 ››
1464 1468 1649 1525 Εῗ’πὼν
1682 1468 1775 1522 τὸν
1832 1469 1963 1541 Χριο

312 1559 433 1612 στὸν
466 1556 707 1636 κεφαλὴν
741 1562 848 1612 τῶν
884 1562 1112 1628 πιστῶν,
1142 1557 1307 1611 εἰπὼν
1340 1558 1468 1620 τοὺς
1515 1557 1740 1619 πιστοὺς
1801 1560 1964 1628 σῶμα

314 1646 501 1717 αὐτοῦ,
561 1647 651 1701 καὶ
710 1645 994 1720 πλήρωμα
1052 1648 1243 1714 αὐτοῦ,
1303 1649 1394 1701 καὶ
1451 1646 1637 1702 πολλᾶ
1689 1654 1788 1715 τῆς
1839 1645 1963 1720 περὶ

313 1738 464 1807 ἡμᾶς
523 1735 935 1811 φιλανθρωπίας
1021 1737 1111 1791 καὶ
1166 1736 1482 1809 οἰκονομίας
1535 1736 1961 1811 εὐεργετήματα,

2066 576 2265 647 itaque
2280 578 2681 649 angelicarum
2706 586 3063 650 potestatum
3087 584 3579 651 nominata,nunc
3594 586 3721 655 qui-

2067 665 2199 719 dem
2235 668 2409 721 nobis
2449 668 2843 734 innominata,
2904 676 3047 725 tunc
3095 688 3229 725 vero
3288 674 3718 744 cognoscenda.

2068 777 2096 805 α
2132 756 2343 810 Verum
2369 758 2544 811 etiam
2570 758 2629 812 in
2664 758 3042 815 futuram]?
3063 760 3117 814 Si
3154 760 3719 831 quid,inquit,estin

2071 849 2239 909 ccelo,
2275 862 2452 916 super
2477 863 2683 902 omnes
2737 849 2911 903 sedit.
2948 871 2974 897 ‹‹
3012 850 3299 904 Etomnia
3332 851 3585 921 subjecit
3615 850 3722 906 sub

2070 933 2252 1003 pedes
2283 935 2464 988 illius.
2502 960 2523 987 υ
2565 936 2784 991 Deinde
2817 954 2889 991 ne
2917 939 3166 992 audiens
3193 940 3349 1008 quod
3383 957 3517 994 eum
3546 957 3725 1011 super

2068 1022 2185 1075 alia
2213 1024 2420 1077 sedere
2452 1025 2611 1098 fecit,
2646 1026 2948 1080 existimes
2996 1043 3129 1080 eum
3166 1034 3393 1081 tantum
3416 1028 3724 1098 praehono-

2069 1110 2212 1171 rari,
2250 1112 2513 1166 ostendit
2563 1113 2717 1184 quod
2751 1114 2924 1168 etiam
2961 1116 3274 1170 Dominum
3309 1117 3719 1171 universorum

2068 1200 2208 1254 fecit
2235 1201 2402 1256 illum
2432 1203 2866 1258 :vehementem
2890 1206 3045 1258 enim
3074 1211 3131 1259 et
3161 1223 3276 1275 qua
3299 1206 3583 1276 majorem
3601 1224 3718 1261 non

2069 1295 2159 1343 est
2178 1290 2317 1345 dare
2336 1291 2765 1362 subjectionem
2789 1294 3100 1349 ostendere
3123 1294 3529 1359 volens,dixit:
3559 1317 3584 1345 ‹‹
3605 1295 3719 1349 Sub

2068 1380 2481 1449 pedesillius.»
2512 1413 2578 1422 -
2599 1406 2626 1432 ‹‹
2658 1386 2723 1435 Et
2747 1398 2878 1437 eum
2912 1383 3092 1437 dedit.
3123 1406 3148 1432 υ
3172 1385 3240 1436 Ει
3264 1384 3581 1438 Ecclesiam
3617 1402 3723 1455 po-

2068 1474 2278 1523 testate
2311 1470 2618 1525 collocavit
2651 1489 2784 1526 cum
2819 1471 3048 1526 Christo
3080 1474 3141 1526 in
3174 1473 3342 1526 illum
3398 1473 3679 1527 thronum
3708 1488 3721 1527 :

2068 1557 2169 1612 ubi
2230 1559 2388 1613 enim
2450 1568 2537 1615 est
2594 1568 2789 1631 caput,
2857 1562 2937 1615 ibi
2997 1568 3054 1615 et
3122 1562 3420 1630 reliquum
3485 1578 3719 1631 corpus.

2071 1670 2096 1698 (ι
2123 1650 2325 1720 Caput.
2368 1675 2386 1696 -
2424 1653 2740 1721 Postquam
2808 1652 3104 1707 Christum
3169 1658 3345 1722 caput
3397 1652 3545 1705 dixit
3594 1668 3725 1706 cre-

2070 1735 2361 1805 dentium,
2395 1746 2708 1809 postquam
2743 1740 3051 1794 credentes
3085 1757 3299 1810 corpus
3348 1740 3494 1794 dixit
3538 1740 3724 1811 ipsius

312 1825 503 1901 ἐπάγει
564 1826 654 1881 καὶ
711 1834 811 1893 τῆς
868 1825 1013 1889 θείας
1066 1828 1229 1881 αὐτοῦ
1285 1827 1374 1881 καὶ
1432 1826 1707 1900 ἀκηράτου
1780 1825 1963 1886 οὐσίας

2074 1832 2133 1878 et
2163 1826 2667 1896 complementum
2698 1831 2851 1897 ejus,
2910 1830 3216 1899 multaque
3248 1828 3631 1901 benignitatis
3658 1846 3725 1883 ac

314 1912 593 1989 ἔνδειγμα.
627 1913 804 1970 Ἀλλὰ
832 1917 981 1977 τίνος
1013 1913 1133 1970 ἐστέ
1172 1920 1331 1989 σῶμα
1376 1936 1388 1985 ;
1423 1916 1577 1992 φησὶ,
1636 1916 1778 1977 τίνος
1819 1914 1967 1984 πλή-

319 2024 483 2079 ρωμα
522 2023 535 2070 ;
570 2004 777 2072 Τίνος;
833 2007 947 2060 Τοῦ
1005 2003 1353 2079 πληροῦντος
1397 2004 1463 2059 τὰ
1518 2004 1711 2059 πάντα.
1746 2004 1861 2061 Οὐκ
1917 1998 1970 2059 ἔν

303 2113 419 2147 ⁸ιεινι
474 2092 712 2168 ἐνεργείᾳ
769 2093 859 2147 καὶ
918 2091 1205 2162 διοικήσει,
1265 2092 1391 2149 ἀλλ’
1464 2092 1515 2147 ἐν
1567 2097 1743 2147 πᾶσιν.
1801 2091 1971 2155 Αὐτὸς

318 2179 734 2258 ἐδημιούργησε
764 2181 956 2237 πάντα.
994 2181 1165 2245 Αὐτὸς
1201 2178 1368 2237 ἔδωκε
1422 2182 1593 2249 πνοὴν
1624 2186 1740 2243 τοῖς
1782 2186 1968 2251 ζῶσι),

318 2270 478 2332 αὐτὸς
540 2269 776 2346 συνέχει,
837 2270 999 2332 αὐτὸς
1059 2276 1388 2346 προνοεῖται,
1465 2269 1624 2333 αὐτὸς
1675 2270 1741 2325 τὰ
1798 2271 1971 2325 πάντα

313 2358 371 2414 ἐν
412 2364 544 2431 πᾷσι
600 2360 885 2435 πράγμασι
948 2359 1159 2434 πληροῖ
1214 2360 1303 2415 καὶ
1363 2357 1554 2418 διέπει.
1610 2360 1822 2417 Τούτου
1877 2360 1967 2414 οὗν

321 2453 418 2511 τοῦ
446 2446 782 2519 τηλικούτου
812 2448 901 2503 καὶ
932 2448 1221 2516 τοσούτου,
1279 2454 1378 2503 τοῦ
1437 2448 1513 2511 εἷς
1570 2449 1739 2503 πάντα
1795 2446 1969 2502 καὶέν

314 2544 474 2592 πᾶσιν
532 2535 891 2609 ἐξαπλοῦντος
943 2536 1106 2592 αὐτοῦ
1162 2537 1255 2599 τὰς
1312 2536 1600 2612 ἐνεργείας,
1660 2542 1817 2611 σῶμα
1880 2537 1969 2591 καὶ

322 2626 606 2702 πλήρωμα
635 2628 950 2699 ἠξιώθημεν
1004 2625 1304 2683 καλεῖσθαι.
1349 2625 1506 2684 Ἀλλ’
1562 2626 1608 2681 εί
1639 2626 1813 2687 οὕτως
1843 2647 1969 2697 νοη-

330 2715 446 2784 θείη
504 2717 563 2770 τὸ
613 2713 1020 2788 πληρουμένου,
1083 2715 1199 2769 ἀντὶ
1257 2719 1358 2769 τοῦ
1414 2713 1759 2788 πληροῦντος
1801 2713 1970 2784 ἐκλη-

328 2807 607 2880 φθήσεται.
653 2803 1107 2880 Ἀκολουθότερον
1163 2806 1254 2858 οὐν
1317 2808 1386 2877 τῇ
1445 2802 1609 2874 λέξει,
1678 2804 1752 2865 ὡς
1811 2803 1969 2873 ἐνόη-

321 2914 415 2947 σαν
450 2894 502 2947 oi
531 2894 635 2968 πρὸ
687 2896 868 2966 ἡμῶν.
932 2925 996 2935 -
1047 2894 1383 2966 [ΟΙΚΟΥΜ.]
1416 2919 1443 2945 α
1477 2894 1637 2967 Ὑπὲρ
1673 2894 1845 2948 πάντα
1900 2895 1968 2966 τῇ

314 2980 634 3053 Ἐκκλησία.
671 3006 699 3035 ››
734 2985 802 3038 'u
840 2982 970 3051 ὑπὲρ
1020 2982 1305 3057 ἀγγέλους,
1335 2984 1490 3060 φησὶ,
1553 2982 1642 3037 καὶ
1694 2981 1970 3060 ἀρχαγγέ-

316 3070 447 3134 λους
505 3072 664 3126 αὐτὸν
722 3072 814 3126 τὸν
888 3074 1004 3126 Υἱὸν
1062 3069 1231 3126 ἔδωκε
1288 3070 1552 3140 κεφαλὴν,
1607 3070 1641 3140 ἢ
1709 3073 1801 3126 τὸν
1840 3068 1968 3126 ὄντα

313 3161 446 3235 ὑπὲρ
478 3161 651 3216 πάντα
680 3161 746 3215 τὰ
798 3161 1052 3235 ὁρώμενα
1107 3160 1198 3214 καὶ
1252 3160 1521 3233 νοούμενα
1582 3162 1831 3235 Χριστόν.
1889 3162 1955 3217 Ἢ

316 3250 447 3324 ὑπὲρ
483 3250 748 3305 πάντατὰ
805 3252 978 3324 ἂγαθὰ
1042 3254 1203 3304 τοῦτο
1263 3250 1549 3320 πεποίηκε,
1592 3250 1655 3305 τὸ
1710 3249 1800 3304 τὸν
1836 3250 1956 3303 Υἱὸν

318 3336 505 3394 δοῦναι
557 3338 822 3417 κεφαλήν.
884 3362 912 3391 ι(
952 3340 1111 3401 "liti;
1170 3337 1282 3393 ἐστὶ
1350 3338 1412 3393 τὸ
1467 3342 1627 3410 σῶμα
1685 3336 1871 3394 αὐτοῦ.
1924 3358 1950 3392 ο

304 3422 614 3501 ἕλ’περϐολή
675 3427 756 3489 τίς
810 3430 971 3483 ἔστιν.
1022 3430 1137 3483 Ἵνα
1193 3427 1295 3502 γὰρ
1360 3429 1435 3499 μὴ
1496 3427 1727 3489 ἀκούσας
1794 3448 1956 3505 κεφα-

317 3519 443 3589 λὴν,
472 3519 655 3593 ἀρχήν
684 3539 805 3573 τινα
845 3518 931 3573 καὶ
985 3518 1225 3588 ἐξουσίαν
1280 3518 1535 3592 νομίσῃς,
1596 3523 1958 3590 Σωματικῶς,

305 3608 496 3686 φησὶν,
528 3610 689 3679 ἡμῶν
718 3606 829 3662 ἐστι
861 3605 1097 3686 κεφαλή,
1130 3608 1215 3661 καὶ
1252 3609 1286 3676 ἡ
1352 3605 1651 3678 Ἐκκλησία
1680 3606 1961 3682 πλήρωμά

307 3698 422 3756 ἐστι
448 3702 544 3753 τοῦ
576 3704 831 3771 Χριστου.
868 3696 1222 3769 ’Δποτληροῖ
1265 3698 1369 3772 γὰρ
1416 3698 1505 3753 καὶ
1553 3697 1761 3755 τέλειον
1815 3704 1963 3754 ποιεῖ

311 3790 472 3858 σῶμα
502 3787 601 3854 τήν
633 3784 902 3858 κεφαλήν,
931 3783 1112 3859 ὥσπερ
1166 3786 1255 3840 καὶ
1314 3788 1348 3854 ἡ
1390 3785 1600 3863 κεφαλὴ
1632 3787 1959 3861 πληρωτική

309 3873 423 3930 ἔστι
448 3879 546 3929 τοῦ
580 3873 777 3930 λοιποῦ
819 3880 1093 3946 σώματος.
1130 3899 1156 3927 ‹‹
1191 3875 1266 3930 Τὸ
1326 3872 1628 3949 πλήρωμα.
1674 3901 1701 3927 υ
1733 3875 1961 3939 Οὐδενὸς

316 3962 553 4042 φείδεται
586 3965 832 4038 ῥήματος
867 3965 893 4018 6
927 3961 1287 4033 Ἀπόστολος,
1318 3964 1453 4037 πρὸς
1511 3969 1572 4019 τὸ
1632 3962 1797 4037 δεῖξαι
1861 3968 1960 4036 τὴν

315 4053 504 4109 ἓνωσιν
535 4056 694 4125 ἡμῶν
726 4056 826 4123 τήν
849 4054 985 4128 πρὸς
1023 4053 1115 4107 τὸν
1146 4051 1398 4126 Χριστόν.
1459 4053 1551 4107 Διό
1610 4074 1764 4131 φησι,
1795 4079 1820 4106 ‹‹
1854 4056 1963 4111 Τοῦ

309 4144 384 4198 τὰ
412 4143 583 4198 πάντα
617 4143 670 4198 ἐν
696 4150 828 4199 πᾶσι
887 4141 1303 4215 πληρουμένου,
1358 4166 1384 4193 ››
1444 4138 1651 4204 δεικνὺς
1691 4142 1752 4197 οὐ
1807 4147 1962 4217 κοινῇ

317 4240 419 4301 τῆς
450 4231 780 4301 Ἑκκλησίας
812 4232 1094 4311 χρῄζοντα
1122 4232 1214 4286 τὸν
1246 4231 1498 4305 Χριστὸν,
1553 4231 1689 4306 πρὸς
1746 4232 1808 4287 τὸ
1839 4232 1965 4286 ἀνα-

310 4319 701 4395 πληρωθῆναι,
732 4318 859 4377 ἀλλ’
891 4321 1007 4382 ἑνὸς
1035 4320 1258 4375 ἑκάστου
1292 4319 1575 4393 ἀνθρώπου
1608 4324 1823 4378 πιστοῦ.
1864 4323 1961 4377 "Av

310 4414 415 4485 γὰρ
451 4411 526 4482 μὴ
560 4411 707 4483 ὦμεν
743 4411 771 4465 ὁ
806 4410 901 4483 μέν
932 4431 1015 4472 τις
1049 4408 1211 4464 αὐτοῦ
1254 4408 1411 4475 ποὺς,
1472 4409 1500 4463 6
1531 4406 1587 4463 δὲ
1619 4410 1766 4483 χεὶρ,
1823 4411 1851 4464 6
1909 4409 1967 4466 δὲ

315 4497 499 4575 ἕτερόν
529 4521 584 4554 τι
628 4498 817 4572 μέλος,
852 4499 951 4554 οὐκ
978 4498 1391 4572 ἀναπΛηροῦται
1442 4498 1608 4553 αὐτοῦ
1665 4500 1726 4552 τὸ
1784 4504 1963 4572 σῶμα.

2077 1913 2537 1985 dispensationis
2569 1934 2706 1989 erga
2730 1935 2839 1972 nos
2869 1918 3178 1981 beneficia,
3213 1917 3516 1990 subjungit
3546 1920 3725 1973 etiam

2077 2002 2403 2059 divinitatis
2434 2006 2595 2060 illius
2629 2013 2687 2060 et
2716 2007 3070 2061 immortalis
3133 2007 3475 2061 substantias
3536 2023 3729 2061 exem-

2075 2091 2259 2161 plum.
2288 2093 2398 2147 Sed
2430 2094 2599 2165 cujus
2621 2095 2783 2151 estis.
2819 2095 3031 2165 inquit.
3067 2095 3325 2165 corpus?
3371 2095 3541 2166 cujus
3565 2112 3728 2149 com-

2076 2180 2491 2251 plementum?
2518 2183 2697 2253 Cujus
2724 2183 2752 2237 ?
2790 2185 2931 2253 Ejus
2990 2184 3089 2254 qui
3142 2183 3427 2254 adimplet
3485 2184 3683 2238 omnia
3712 2200 3725 2239 ι

2075 2285 2195 2323 non
2224 2270 2284 2324 in
2307 2271 2506 2341 aliqua
2537 2271 2801 2327 efﬁcacia
2832 2279 2889 2325 et
2910 2272 3446 2340 administratione,
3505 2272 3606 2327 sed
3666 2272 3727 2326 in

2077 2359 2353 2414 omnibus
2389 2378 2401 2415 :
2431 2361 2558 2430 ipse
2590 2362 2805 2415 creavit
2828 2362 3048 2423 omnia,
3097 2362 3221 2431 ipse
3255 2362 3532 2431 spiritum
3565 2362 3729 2415 dedit

2074 2448 2427 2516 viventibus,
2452 2451 2577 2520 ipse
2600 2452 3059 2521 conservat,ipse
3090 2450 3511 2520 providet,ipse
3527 2451 3729 2505 omnia

2075 2539 2134 2592 in
2168 2540 2444 2594 omnibus
2475 2540 2653 2595 rebus
2706 2541 2911 2611 implet
2945 2546 3002 2593 et
3030 2540 3337 2611 gubernat.
3375 2540 3559 2609 Hujus
3595 2556 3725 2612 ergo

2074 2628 2206 2683 talis
2238 2645 2304 2683 ac
2326 2631 2475 2683 tanti
2511 2630 2609 2699 qui
2633 2630 2694 2683 in
2710 2631 2909 2684 omnia
2932 2636 2989 2684 et
3014 2630 3074 2682 in
3098 2629 3374 2682 omnibus
3390 2645 3524 2683 suas
3539 2628 3727 2683 adim-

2074 2718 2197 2789 plet
2225 2718 2633 2776 actiones.nos
2663 2735 2877 2789 corpus
2910 2724 2967 2773 et
2995 2719 3495 2788 complementum
3532 2718 3724 2773 vocari

2075 2807 2234 2878 digni
2264 2824 2595 2863 censemur.
2629 2810 2701 2861 At
2730 2808 2777 2861 si
2814 2808 2893 2861 ita
2923 2808 3036 2861 hoc
3067 2806 3454 2877 intelligatur,
3479 2801 3723 2878 πληρου-

2078 2896 2240 2967 μὲνου
2273 2897 2627 2967 capiendum
2687 2897 2798 2951 erit
2850 2914 2954 2967 pro
3006 2893 3353 2968 πληροῦντος
3400 2896 3722 2966 (passivum

2075 2985 2346 3039 Videlicet
2377 3003 2481 3056 pro
2513 2986 2772 3051 activo):
2825 2984 2930 3049 Qui
2991 2984 3372 3055 adimpletur,
3426 3002 3553 3054 pro,
3616 2982 3723 3047 Qui

2074 3074 2379 3144 adimplet.
2414 3075 2537 3128 Erit
2566 3091 2702 3145 ergo
2737 3075 2919 3145 magis
2979 3090 3350 3143 consequens
3403 3074 3476 3127 ad
3530 3074 3721 3143 ipsam

2074 3163 2413 3229 dictionem,
2449 3163 2600 3217 sicut
2644 3163 3075 3217 intellexerunt
3105 3163 3205 3232 qui
3264 3179 3374 3216 nos
3406 3177 3728 3232 praecesse-

2070 3258 2228 3308 runt.
2263 3284 2328 3291 —
2363 3274 2391 3303 «
2428 3252 2613 3323 Super
2643 3251 2845 3306 omnia
2876 3252 2987 3323 ipsi
3021 3251 3317 3306 Ecclesiae.
3352 3271 3376 3299 η
3416 3253 3728 3320 Autsuper

2072 3340 2331 3413 angelos,
2353 3341 2565 3412 inquit,
2596 3348 2654 3396 et
2682 3340 3067 3412 archangelos
3103 3341 3295 3411 ipsum
3328 3339 3541 3393 Filium
3565 3339 3728 3393 dedit

2071 3438 2263 3502 caput.
2290 3434 2401 3485 Aut
2430 3446 2565 3485 eum
2597 3431 2697 3501 qui
2730 3437 2819 3485 est
2850 3446 3027 3501 super
3052 3430 3252 3483 omnia
3273 3445 3404 3498 qua;
3428 3427 3720 3493 videntur,

2071 3538 2322 3594 quisque
2354 3522 2786 3594 intelliguntur,
2819 3538 3032 3593 nempe
3064 3521 3517 3575 Christum.Aut
3542 3535 3720 3589 super

2072 3614 2273 3668 omnia
2319 3614 2473 3669 bona
2538 3614 2649 3668 hoc
2706 3613 2865 3679 fecit,
2921 3618 2986 3667 ut
3034 3612 3245 3667 Filium
3300 3610 3466 3665 daret
3519 3614 3715 3679 caput.

2074 3726 2101 3753 «
2133 3704 2270 3767 Quin
2303 3708 2388 3756 est
2421 3719 2633 3772 corpus
2665 3702 2847 3755 illius.
2887 3723 2913 3748 ››
2939 3700 3269 3770 Hyperbole
3304 3698 3573 3768 quaedam
3609 3702 3715 3751 est.

2074 3794 2152 3847 Ne
2194 3792 2353 3847 enim
2385 3791 2585 3846 audito
2618 3791 2806 3861 capite
2868 3789 3265 3859 principatum
3325 3789 3585 3856 aliquem
3618 3791 3720 3839 aut

2072 3885 2422 3950 potestatem
2453 3874 3717 3949 intelligas,corporaliter,inquit,loquendo

2074 3976 2341 4023 nostrum
2362 3975 2448 4022 est
2467 3973 2661 4039 caput,
2697 3975 2753 4020 et
2785 3966 3048 4021 Ecclesia
3096 3965 3597 4035 complementum
3637 3966 3727 4016 est

2076 4058 2331 4111 Christi:
2366 4057 2560 4127 ipsum
2590 4073 2851 4126 namque
2909 4072 3123 4125 corpus
3168 4053 3451 4124 adimplet
3482 4069 3549 4107 ac
3601 4068 3730 4122 per-

2075 4146 2293 4201 fectum
2326 4146 2465 4200 facit
2494 4151 2690 4217 caput,
2724 4144 3224 4215 quemadmodum
3258 4149 3315 4197 et
3361 4147 3538 4212 caput
3564 4156 3724 4195 com-

2075 4236 2442 4307 plementum
2463 4242 2552 4290 est
2573 4234 2785 4305 reliqui
2809 4232 3127 4305 corporis.“
3153 4232 3725 4303 Complementum.»

2076 4326 2323 4380 Omnem
2347 4331 2541 4380 movet
2570 4324 2827 4395 lapidem
2859 4323 3195 4395 Apostolus,
3228 4328 3291 4375 ut
3322 4320 3595 4375 ostendat
3628 4335 3724 4374 co-

2075 4416 2416 4486 gnationem
2448 4431 2515 4469 ac
2546 4414 2824 4469 unionem
2850 4419 3113 4467 nostram
3133 4411 3207 4467 ad
3238 4409 3556 4465 Christum.
3588 4407 3725 4461 Ideo

2077 4503 2159 4557 ait
2184 4520 2196 4557 :
2220 4529 2239 4552 ι
2259 4504 2364 4568 Qui
2381 4503 2574 4574 quoad
2599 4502 2799 4557 omnia
2820 4502 2878 4556 in
2903 4501 3180 4556 omnibus
3199 4498 3561 4569 adimpletur
3594 4518 3621 4544 ››
3642 4494 3731 4566 (ut

312 4588 557 4653 Εἰκότως
587 4588 678 4644 06v
710 4589 805 4644 καὶ
832 4589 964 4643 καθὸ
995 4589 1075 4649 εἷς
1116 4591 1298 4660 ἡμῶν,
1358 4584 1633 4661 χρειώδης
1689 4587 1795 4642 ἐστὶ
1832 4589 1964 4662 πρὸς

2079 4593 2155 4647 sit
2184 4593 2335 4648 alius
2368 4592 2727 4661 intellectus)
2746 4591 3084 4646 ostendens
3098 4606 3217 4644 non
3234 4587 3389 4659 quod
3406 4584 3734 4642 communi-

315 4680 413 4747 τήν
445 4678 846 4754 συμπλήρωσιν
877 4682 973 4733 τοῦ
1004 4678 1259 4748 σώματος
1292 4677 1481 4732 αὐτοῦ.
1517 4676 1655 4733 Τότε
1713 4674 1801 4731 06v
1848 4677 1970 4732 ἀνα-

313 4766 649 4842 πληροῦται,
685 4770 809 4823 ὅταν
843 4768 989 4841 ὦμεν
1020 4768 1249 4828 ἅπαντες
1282 4766 1583 4837 ἡνωμένοι,
1618 4766 1680 4821 Ἣ
1722 4766 1813 4821 οὗν
1839 4767 1971 4823 Ἐκ-

313 4858 519 4929 κλησία
575 4858 867 4934 πλήρωμά
924 4858 1035 4913 ἐστι
1086 4865 1185 4926 τῆς
1243 4854 1512 4933 κεφαλῆς,
1572 4857 1816 4912 τουτέστι
1871 4862 1969 4912 τοῦ

312 4953 568 5025 Χριστοῦ.
633 4974 652 5000 ι
715 4953 824 5005 Τοῦ
881 4949 950 5003 τὰ
1007 4948 1182 5002 πάντα
1237 4944 1289 5001 ἐν
1348 4951 1502 5002 πᾶσι.
1542 4969 1566 4997 υ
1622 4949 1735 5002 Τοῦ
1798 4947 1967 5003 πάντα

308 5037 498 5107 αὐτοῦ,
533 5038 689 5111 φησὶ,
746 5039 812 5092 τὰ
870 5037 1013 5109 μέλη
1078 5033 1170 5090 διὰ
1225 5039 1331 5090 τῶν
1390 5037 1604 5089 πάντων
1661 5034 1961 5111 ἀνθρώπων

309 5126 701 5202 πληρουμένου
732 5130 990 5200 Χριστοῦ.

2085 4689 2174 4738 ter
2203 4683 2467 4737 Christus
2500 4688 2666 4754 egeat
2695 4682 2959 4736 Ecclesia
2988 4681 3061 4734 ad
3092 4680 3205 4734 hoc
3244 4685 3309 4733 ut
3338 4676 3728 4747 compleatur,

2083 4772 2186 4826 sed
2216 4788 2578 4843 unoquoque
2604 4772 2843 4826 homine
2879 4770 3058 4825 ﬁdeli.
3094 4770 3215 4824 Nisi
3244 4768 3401 4823 enim
3440 4778 3727 4831 essemus,

2083 4861 2179 4916 hic
2210 4862 2449 4933 quidem
2481 4878 2582 4931 pes
2616 4861 2822 4932 ipsius,
2862 4860 2971 4914 iste
3006 4860 3102 4914 18
3136 4865 3332 4913 autem
3358 4873 3590 4923 manus,
3626 4854 3726 4907 ille

2080 4968 2215 5006 vero
2248 4951 2411 5006 aliud
2460 4951 2756 5022 quoddam
2790 4950 3142 5009 membrum.
3178 4967 3297 5003 non
3330 4948 3729 5018 compleretur

2077 5058 2291 5112 corpus
2307 5040 2725 5112 ipsius.Merito
2749 5057 2884 5113 ergo
2901 5040 3150 5110 quisque
3169 5045 3436 5093 nostrum
3455 5050 3724 5090 necessa-

2074 5131 2198 5185 rius
2214 5136 2300 5185 est
2323 5129 2395 5184 ad
2427 5129 2929 5200 complementum
2954 5128 3220 5198 corporis
3245 5130 3374 5196 ejus
3402 5128 3561 5179 Tunc
3586 5139 3721 5193 ergo

303 5218 680 5289 implebitur,
713 5217 950 5289 quando
982 5216 1275 5272 fuerimus
1302 5232 1510 5269 omnes
1540 5216 1983 5273 uniti.Ecclesia
2013 5220 2190 5286 igitur
2206 5220 2707 5291 complementum
2725 5225 2812 5273 est
2841 5218 3189 5288 capitis,hoc
3222 5213 3598 5271 estChristi.u
3619 5210 3725 5274 Qui

312 5307 510 5378 quoad
541 5309 742 5363 omnia
771 5309 831 5363 in
857 5306 1153 5363 omnibus.
1192 5325 1217 5354 »
1251 5306 1386 5372 Qui,
1417 5305 1636 5375 inquit,
1664 5305 1933 5363 Christus
1963 5310 2158 5380 quoad
2189 5310 2389 5365 omnia
2420 5309 2687 5364 membra
2717 5325 3041 5380 peromnes
3074 5306 3350 5361 homines
3374 5302 3727 5373 completur.

953 5406 1211 5461 ΚΕΦΑΛ.
1247 5404 1324 5460 I".

313 5495 602 5570 1159617}:
657 5498 1000 5570 rebv_’a_0v6w
1064 5492 1153 5547 καὶ
1257 5490 1565 5570 Ἰουδαίων-
1639 5489 1968 5570 οἱκειώσεως

383 5560 520 5641 πρὸς
557 5560 713 5624 ’Θεὸν
793 5565 883 5624 διὰ
964 5569 1197 5644 Χριστοῦ
1254 5563 1337 5620 ἔπ’
1406 5560 1591 5620 ἐλπίδι
1665 5569 1804 5621 κατα
1862 5566 1970 5649 χά-

551 5728 691 5807 ὗμᾶς
759 5721 916 5794 ὄντας

1017 5725 1238 5805 νεκροὺς
1350 5729 1467 5792 τοῖς
1563 5725 1829 5808 παραπτώ
1837 5747 1966 5804 μασι

2716 5409 2946 5463 CAPUT
2985 5408 3077 5460 Ill.

2076 5504 2152 5556 De
2179 5504 2423 5572 gentium
2456 5516 2517 5554 ac
2573 5499 2898 5572 Judzrorum
2928 5496 3323 5572 familiaritate
3372 5511 3505 5572 erga
3564 5494 3727 5548 Deum

2246 5589 2351 5645 per
2380 5572 2651 5628 Christum
2676 5571 2742 5626 ob
2772 5587 2919 5643 spem
2961 5569 3257 5626 secundum
3288 5569 3547 5639 gratiam.

2143 5728 2354 5801 ΙΙ,1-3.
2380 5747 2411 5779 ‹‹
2444 5728 2515 5786 Et
2542 5744 2643 5785 vos
2672 5743 2807 5786 cum
2839 5725 3047 5785 essetis
3070 5724 3289 5784 mortui
3305 5738 3413 5797 per
3432 5719 3650 5778 delicta
3665 5734 3734 5775 ao
