4072 6266
451 333 620 392 1187

1583 325 1997 388 (ECUMENI!
2043 325 2346 388 TltICCzE
2398 327 2743 392 EPISCOPI

450 488 478 520 α
509 472 774 540 peccata,
807 466 868 520 in
919 463 1135 535 quibus
1189 462 1512 535 aliquando
1543 464 1894 521 ambulastis
1927 466 2099 538 juxta

2211 463 2298 517 καὶ
2328 469 2445 526 ταῖς
2479 464 2787 539 ἁμαρτίαις,
2815 463 2870 522 ἂν
2901 467 2988 528 αἷς
3042 484 3174 521 ποτε
3218 467 3636 538 περιεπατήσατε,
3676 470 3779 524 κατὰ

451 579 480 608 «
514 555 796 611 saaculum
819 554 1026 608 mundi
1049 553 1420 624 hujus.juxta
1450 554 1779 625 principem
1799 555 2105 625 potestatis

453 667 480 696 (ι
516 646 690 712 aeris,
727 650 783 698 et
815 643 1057 714 spiritus
1089 659 1247 697 nunc
1279 643 1507 713 agentis
1534 643 1596 697 in
1631 643 1770 698 filiis
1798 649 2103 700 contuma-

458 755 484 786 ιι
516 733 720 789 cibus:
757 733 818 786 in
852 731 1066 803 quibus
1095 739 1152 785 et
1182 749 1291 786 nos
1315 748 1521 787 omnes
1554 733 1882 788 conversati
1902 748 2106 788 sumus

450 845 478 875 ‹‹
523 821 893 894 aliquando:
957 838 1172 894 nempe
1231 821 1292 876 in
1349 821 1854 892 concupiscentiis
1910 821 2105 876 carnis

453 933 479 961 α
505 919 743 975 nostrm,
769 909 1055 966 facientes
1088 926 1218 980 quae
1249 910 1412 964 carni
1446 926 1514 966 ac
1574 912 1756 965 menti
1788 909 2054 966 libebant
2089 924 2103 964 :

454 1022 481 1050 (ι
509 1005 567 1055 et
619 1015 853 1053 eramus
911 1006 1125 1053 natura
1164 998 1270 1052 ﬁlii
1324 998 1447 1066 irae,
1483 999 1988 1071 quemadmodum
2049 1003 2106 1053 et

454 1112 482 1140 ι(
526 1089 744 1144 οωιθεὶ.
762 1110 790 1137 ››

529 1199 549 1227 ε
584 1180 654 1233 Et
683 1194 782 1232 vos
814 1193 948 1232 cum
982 1177 1190 1234 essetis
1221 1179 1459 1232 mortui.
1496 1199 1522 1227 »
1560 1180 1681 1233 Non
1735 1176 2104 1250 corporalem

452 1269 594 1323 dicit
620 1286 751 1340 quas
783 1284 855 1323 ex
884 1269 1070 1323 Adam
1104 1268 1413 1324 exordium
1448 1267 1654 1323 habuit
1703 1269 2104 1324 mortiﬁcatio-

449 1372 612 1422 nem,
645 1356 748 1410 sed
778 1356 965 1426 ipsius
995 1355 1208 1409 anima:
1243 1372 1310 1410 ex
1369 1356 1626 1426 peccatis
1659 1355 2099 1426 procedentem.

449 1444 788 1516 Respondet
818 1461 1012 1498 sermo
1055 1450 1188 1515 post
1219 1445 1467 1499 multam
1513 1443 1828 1500 verborum
1891 1441 2102 1500 amba-

447 1550 599 1606 gem.
633 1535 699 1588 Et
728 1551 853 1597 vos,
888 1534 1105 1605 inquit,
1135 1551 1270 1588 cum
1302 1535 1510 1589 essetis
1559 1533 1776 1589 mortui
1809 1551 1914 1605 per
1952 1533 2100 1587 deli-

451 1631 545 1678 cta
577 1641 588 1678 :
626 1621 838 1678 deinde
870 1623 1074 1679 multis
1116 1623 1462 1678 circuitibus
1525 1623 1770 1694 impleto
1830 1638 2103 1678 sermone

450 1729 568 1768 una
585 1729 718 1768 cum
750 1711 1018 1784 ejusdem
1050 1712 1741 1785 dictirepetitionemuta
1758 1714 1946 1768 Etiam
1968 1727 2103 1766 cum

453 1817 719 1857 essemus
751 1803 969 1857 mortui
1011 1818 1116 1874 per
1172 1802 1408 1863 delicta.
1445 1802 1732 1874 paulatim
1791 1800 2094 1858 reddidit:
2131 1833 2177 1898 Β

451 1891 890 1948 Convivitlcavit
909 1908 1018 1947 nos
1048 1907 1168 1948 una
1198 1908 1332 1946 cum
1365 1891 1848 1948 Christo.Multus
1879 1897 1970 1946 est
1988 1907 2096 1946 au-

448 1985 570 2035 tem
598 1981 707 2052 ipsi
759 1979 937 2051 hujus
988 1981 1308 2036 schematis
1359 1997 1521 2036 usus.
1556 2004 1582 2031 «
1617 1982 1684 2034 In
1731 1979 1945 2051 quibus
1999 1979 2098 2034 ali-

451 2070 686 2141 quando
718 2069 1090 2124 ambulastis.
1126 2091 1152 2117 ››
1188 2072 1301 2123 Aut
1333 2086 1437 2140 per
1476 2069 1890 2125 remissionem
1922 2068 2098 2123 intel-

449 2157 586 2228 lige,
629 2159 787 2228 quod
819 2157 1090 2212 videlicet
1123 2158 1182 2212 in
1216 2159 1491 2228 praesenti
1524 2159 1638 2213 vita
1659 2157 2099 2213 ambulaveritis

448 2246 510 2300 in
544 2246 822 2316 peccatis.
861 2271 879 2292 σ
917 2247 1087 2302 Juxta
1118 2246 1401 2302 saeculum
1453 2247 1659 2303 mundi
1705 2248 1902 2319 hujus.
1933 2269 1958 2295 ››
1992 2247 2102 2301 Sas-

449 2335 650 2390 culum
675 2334 879 2390 mundi
906 2334 1087 2405 hujus
1119 2335 1284 2400 dicit,
1319 2335 1495 2391 vitam
1528 2343 2100 2407 perversam,etquaa

453 2425 646 2497 agitur
678 2425 737 2478 in
786 2424 1063 2496 peccatis,
1097 2441 1164 2480 eo
1216 2424 1373 2496 quod
1406 2442 1670 2497 praesens
1701 2426 1818 2481 vita
1846 2424 2100 2497 peccatis

451 2513 732 2569 abundet.
771 2516 869 2568 14
893 2514 1232 2584 Priucipem
1265 2530 1398 2569 vero
1429 2515 1738 2586 potestatis
1781 2521 1948 2570 vocat
1997 2515 2098 2570 Sa-

452 2610 675 2670 tanam,
709 2610 1026 2675 propterea
1059 2603 1216 2676 quod
1253 2605 1421 2660 multi
1466 2611 1738 2659 nostrum
1786 2621 1895 2660 nos
1943 2605 2103 2675 ipsos

452 2697 610 2754 ultro
645 2695 1050 2751 dediderimus
1103 2696 1210 2751 sub
1271 2696 1431 2752 illius
1487 2703 1860 2768 potestatem.
1906 2698 2104 2766 Neque

457 2787 615 2841 enim
647 2802 680 2841 a
711 2786 850 2853 Deo,
883 2785 987 2840 sed
1019 2801 1054 2840 a
1084 2784 1255 2840 nobis
1287 2785 1675 2840 constitutum
1706 2790 1796 2840 est
1825 2790 1889 2839 ut
1921 2783 2108 2839 domi-

455 2883 721 2931 naretur.
755 2874 1096 2945 Principem
1128 2874 1328 2944 itaque
1359 2873 1718 2944 dicitipsum
1746 2874 1820 2930 ad
1853 2889 2107 2944 praesen-

453 2960 537 3018 tia
569 2960 912 3032 respiciens.
943 2982 970 3010 ι(
1004 2961 1340 3015 Potestatis.
1379 2981 1405 3010 ››
1460 2960 1810 3016 Dominatur
1859 2961 2020 3016 enim
2052 2965 2110 3015 et

462 3057 816 3124 potestatem
848 3050 1024 3106 habet
1057 3049 1302 3106 Satanas
1350 3048 1506 3106 circa
1562 3067 1766 3106 aereos
1814 3054 1873 3105 et
1902 3066 2110 3122 pravos

463 3141 727 3212 spiritus.
762 3163 788 3190 «
823 3139 1158 3195 Secundum
1189 3156 1386 3211 quem,
1444 3161 1472 3190 »
1533 3140 1655 3194 sive
1704 3140 1880 3210 juxta
1935 3140 2106 3212 cujus

463 3192 726 3212 -τ----η-
1535 3192 1581 3194 --
1633 3192 1648 3194 -
1704 3192 1878 3210 ..η-η-
1943 3192 2101 3212 μνη

459 3230 777 3285 consilium
811 3235 869 3284 et
899 3229 1281 3289 voluntatem,
1315 3245 1422 3283 nos
1453 3228 1552 3300 qui
1584 3228 2017 3284 ambulavimus
2049 3234 2107 3282 et
2135 3192 2178 3259 Ο

457 3320 800 3374 mortiﬁcati
830 3319 1069 3378 fuimus.
1106 3325 1162 3373 et
1193 3318 1300 3373 filii
1334 3319 1435 3373 iras
1462 3318 1701 3384 fuimus,
1735 3320 1975 3391 copiosa
2007 3319 2106 3374 Dei

458 3408 869 3464 misericordia
901 3415 957 3462 et
984 3407 1321 3464 incredibili
1352 3424 1553 3463 amore
1586 3409 1853 3464 suscitati
1886 3416 1943 3463 et
1967 3409 2106 3464 vivi-

458 3498 617 3553 ficati
653 3513 878 3552 sumus.
914 3520 938 3545 ιι
966 3497 1154 3552 Aeris.
1191 3519 1219 3545 ››
1251 3497 1557 3552 Manifeste
1587 3513 1696 3552 nos
1728 3493 1928 3554 docuit
1949 3499 2108 3570 quod

458 3586 603 3643 olim
644 3585 885 3657 quidem
913 3584 1148 3642 diabolo
1181 3586 1522 3642 concredita
1550 3585 1728 3642 fuerit
1755 3587 1909 3642 aeris
1941 3593 2108 3658 pote-

458 3681 580 3732 stas
615 3692 628 3731 :
661 3682 720 3731 at
747 3674 847 3731 ubi
890 3680 1133 3748 propter
1177 3675 1525 3747 pravitatem
1578 3675 1651 3731 ab
1709 3676 1818 3732 hac
1865 3675 2104 3743 excidit,

452 3764 644 3823 factus
678 3771 768 3821 est
798 3765 1122 3838 impietatis
1155 3782 1223 3823 ac
1245 3765 1488 3822 malitia:
1523 3765 1805 3837 magister
1837 3783 1850 3822 :
1884 3783 1994 3822 nec
2027 3773 2107 3823 ta-

451 3872 591 3913 men
625 3857 895 3912 omnium
920 3856 1282 3922 dominatur,
1309 3856 1411 3912 sed
1444 3858 1538 3913 his
1567 3857 1852 3913 duntaxat
1891 3858 1990 3929 qui
2013 3857 2104 3914 di-

447 3947 604 4001 vinis
629 3946 819 4018 jussis
853 3963 974 4001 non
1007 3947 1415 4018 acquiescunt.
1449 3947 1592 4002 Nam
1626 3947 1731 4004 hos
1771 3947 1920 4003 dixit
1950 3947 2104 4004 filios

454 4041 871 4090 contumaces:
904 4036 1172 4106 Ephesiis
1199 4034 1464 4091 divinum
1495 4035 1852 4092 beneﬁcium
1875 4036 1950 4092 ad
1980 4053 2108 4093 me-

452 4123 706 4179 moriam
737 4123 1056 4188 reducens,
1089 4123 1249 4196 quod
1297 4126 1426 4197 jam
1456 4131 1696 4197 peccato
1729 4133 1994 4183 mortuos
2049 4131 2107 4184 et

453 4216 745 4283 potestate
777 4212 997 4268 diaboli
1026 4211 1317 4279 redactos,
1354 4214 1543 4270 salute
1577 4214 1851 4287 dignatus
1883 4217 1978 4272 sit.

524 4299 656 4356 Alio
720 4301 901 4356 modo.
959 4305 1134 4358 Recte
1201 4302 1450 4372 addidit,
1511 4303 1700 4360 Aeris.
1755 4305 2104 4376 Quanquam

452 4389 612 4447 enim
665 4407 775 4446 nos
835 4390 1030 4462 ipsum
1070 4391 1403 4463 principem
1457 4393 1962 4462 constituerimus,
1995 4393 2104 4450 sub

453 4479 598 4535 cmlo
631 4485 831 4535 tamen
864 4487 956 4535 est
981 4480 1110 4551 ejus
1154 4481 1525 4552 principatus
1582 4498 1704 4537 non
1763 4496 1942 4554 super
1993 4499 2102 4540 cas-

449 4570 597 4626 lum.
635 4572 742 4638 Qui
773 4588 906 4627 vero
940 4571 1048 4627 sub
1076 4571 1221 4627 ccelo
1254 4579 1362 4634 est,
1397 4579 1499 4628 aut
1523 4572 1585 4627 in
1619 4578 1776 4628 terra
1807 4579 1897 4628 est
1925 4575 2107 4631 autin

454 4675 590 4715 aere
623 4679 635 4716 :
666 4661 763 4716 hic
794 4666 993 4716 autem
1025 4677 1159 4717 cum
1199 4662 1274 4716 sit
1304 4661 1568 4734 spiritus,
1600 4668 1690 4716 est
1718 4662 1778 4718 in
1808 4679 1963 4718 aere.
1997 4666 2107 4720 Na-

453 4749 666 4804 turalis
694 4750 853 4806 enim
882 4757 971 4806 est
1001 4750 1309 4821 spiritibus
1339 4767 1514 4806 aerea
1543 4751 1932 4806 conversatio.
1968 4751 2106 4808 Vide

453 4843 652 4892 autem
685 4840 812 4909 subj
825 4847 1013 4896 ectam
1046 4841 1131 4894 illi
1158 4842 1460 4913 regionem
1487 4841 1736 4896 :«Juxta
1754 4841 2105 4913 principem,

451 4926 668 4998 inquit,
699 4930 1028 4999 potestatis.
1067 4953 1092 4978 υ
1124 4929 1500 4995 Quemnam?
1553 4929 1721 4984 Aeris
1751 4931 2106 5002 principem,

450 5016 562 5071 hoc
594 5023 684 5072 est
715 5032 956 5073 aereum
993 5018 1326 5089 principem
1355 5034 1367 5072 :
1402 5034 1597 5088 neque
1631 5017 1788 5072 enim
1843 5019 1956 5090 ipsi
1984 5023 2107 5076 aeri

451 5105 921 5174 dominatur,sed
953 5107 1142 5163 aereis
1198 5107 1422 5161 Deinde
1450 5123 1688 5162 rursum
1715 5107 1870 5162 idem
1905 5109 2104 5182 expla-

451 5211 602 5250 nans
630 5199 712 5250 ait
746 5213 758 5251 :
787 5196 1060 5267 Spiritus.
1095 5197 1196 5250 Est
1220 5196 1378 5250 enim
1410 5197 1657 5251 Satanas
1681 5197 1941 5266 spiritus,
1976 5205 2107 5255 tan-

452 5301 623 5354 quam
665 5285 852 5340 nostri
884 5285 1332 5356 comparatione
1367 5285 1769 5356 incorporeus.
1805 5289 1922 5341 Aut
1951 5289 2108 5358 quod

450 5375 728 5444 princeps
757 5375 833 5429 sit
863 5375 1051 5446 ipsius
1084 5374 1514 5445 spiritusaeris.
1538 5375 1650 5428 hoc
1670 5379 1760 5428 est
1790 5373 1974 5445 ipsius
1989 5379 2109 5449 spi-

451 5463 600 5515 ritus
635 5463 736 5532 qui
772 5469 860 5518 est
891 5463 951 5518 in
998 5479 1155 5519 aere.
1190 5479 1403 5534 nempe
1452 5479 1761 5517 aereorum
1796 5480 2109 5534 pravorum

456 5550 794 5620 spirituum.
829 5555 976 5609 Cum
1005 5552 1239 5607 enimin
1270 5551 1690 5624 ipsoshaberet
1712 5553 2110 5626 principatum

453 5639 805 5710 priusquam
835 5642 1092 5713 caderet,
1109 5641 1288 5698 habet
1308 5659 1544 5714 quoque
1577 5647 1636 5697 et
1658 5648 2111 5713 postcasum.—-

2209 551 2304 608 τὸν
2334 553 2506 609 αἰῶνα
2531 559 2628 610 τοῦ
2659 555 2869 628 κόσμου
2920 554 3138 621 τούτου,
3181 555 3312 610 κατὰ
3361 557 3448 610 τὸν
3475 553 3681 634 ἄρχοντα
3703 563 3776 626 τῆς

2209 641 2452 712 ἐξουσίας
2483 649 2580 700 τοῦ
2612 644 2769 720 ἀέρος
2799 649 2897 700 τοῦ
2926 645 3228 716 πνεύματος
3256 649 3353 700 τοῦ
3383 650 3468 700 νῦν
3499 643 3781 722 ἐνεργοῦντος

2211 729 2264 786 ἐν
2292 739 2406 796 τοῖς
2439 736 2578 796 υἱοῖς
2609 742 2711 805 τῆς
2750 736 3047 805 ἀπειθείας,
3080 734 3130 790 ἐν
3188 737 3268 796 οἷς
3320 735 3411 789 καὶ
3461 738 3605 808 ἡμεῖς
3629 739 3780 797 πάντες

2211 821 2618 900 ἀνεστράφημέν
2673 846 2806 880 ποτε
2863 825 2916 880 ἐν
2973 831 3092 886 ταῖς
3151 824 3452 896 ἐπιθυμίαις
3501 832 3591 894 τῆς
3637 826 3785 899 σαρκὸς

2209 911 2396 982 ἡμῶν,
2426 917 2708 975 ποιοῦντες
2739 913 2805 968 τὰ
2863 912 3150 986 θελήματα
3197 919 3295 983 τῆς
3349 914 3536 988 σαρκὸς
3584 914 3661 968 καὶ
3705 920 3784 968 τῶν

2211 995 2492 1072 διανοιῶν,
2522 1001 2614 1058 καὶ
2664 1004 2803 1076 ἦμεν
2861 1001 3020 1058 τέκνα
3060 1000 3212 1079 φύσει
3266 1001 3453 1080 ὀργῆς,
3507 1003 3574 1063 ὡς
3633 1004 3704 1057 καὶ
3749 1004 3786 1058 οἱ

2211 1085 2424 1149 λοιποί.

2283 1204 2308 1231 ιε
2349 1182 2445 1236 Καὶ
2481 1181 2618 1254 ὑμᾶς
2649 1177 2806 1248 ὄντας
2862 1183 3110 1259 νεκρούς.
3170 1208 3198 1237 ››
3256 1183 3333 1241 Οὐ
3383 1183 3479 1252 τὴν
3532 1185 3786 1255 σωματικὴν

2209 1267 2381 1346 λέγει,
2413 1273 2512 1340 τήν
2547 1271 2606 1327 ἐκ
2659 1276 2755 1328 τοῦ
2814 1273 2996 1346 ’Δδᾶμ
3051 1273 3355 1349 ἀρξαμένην
3408 1271 3791 1346 νέκρὼσιν,ἀλλὶ

2208 1361 2308 1428 τήν
2369 1361 2636 1434 ψυχικὴν,
2689 1364 2792 1431 τήν
2847 1361 2900 1432 ἐξ
2964 1365 3266 1437 ἁμαρτιῶν.
3341 1364 3406 1420 'il
3485 1360 3784 1424 ἀνταπόδοσις

2212 1449 2347 1522 μετὰ
2367 1448 2589 1519 πολλὴν
2615 1451 2944 1528 σύμφρασιν.
2991 1452 3096 1509 Καὶ
3145 1454 3282 1526 ὑμᾶς
3334 1447 3505 1521 ὄντας,
3553 1453 3688 1531 φησί,
3731 1472 3792 1520 νε,

2206 1539 2371 1612 κροὺς
2402 1545 2518 1600 τοῖς
2550 1541 3006 1615 παραπτώμασιν·
3069 1541 3186 1599 εἶτα
3243 1540 3480 1606 πολλαῖς
3528 1537 3790 1613 περιϐολαῖς

2212 1628 2486 1701 μεστώσας
2517 1633 2610 1685 τὸν
2643 1629 2834 1706 λόγον,
2887 1633 3022 1705 μετὰ
3086 1630 3478 1705 ἐπαναλήψεως
3534 1633 3620 1685 τοῦ
3667 1629 3792 1684 αὑτοῦ

2210 1715 2401 1792 ῥητοῦ,
2434 1719 2575 1786 οἷον,
2609 1719 2710 1776 Καὶ
2769 1715 2926 1780 ὄντας
2977 1721 3126 1791 ἡμᾶς
3162 1719 3385 1794 νεκροὺς
3415 1724 3526 1779 τοῖς
3554 1715 3792 1789 παραπτώο

2213 1805 2672 1878 μασιν,ἀπέδωκε
2720 1808 2780 1863 τὸ
2841 1808 2976 1863 κατὰ
3032 1805 3222 1876 πόδας,
3288 1805 3700 1876 Συνεζωοποίησε
3735 1807 3792 1876 τῷ

2205 1897 2444 1970 Χριστῷ.
2506 1895 2699 1966 Πολλὴ
2751 1895 2810 1952 δὶ
2868 1897 3018 1970 αὖτῷ
3063 1899 3262 1954 τοῦτου
3313 1901 3410 1953 τοῦ
3470 1896 3721 1967 σχήματος
3764 1894 3789 1962 ἡ

2205 1991 2430 2060 χρῆσις.
2465 2010 2494 2039 «
2523 1987 2610 2042 Ἑν
2642 1987 2727 2049 αἷς
2768 2007 2902 2042 ποτε
2953 1989 3406 2062 περιεπατήσατε.
3445 2010 3470 2037 κ
3527 1990 3590 2040 Ἥ
3637 1982 3795 2039 cimit-

2207 2073 2453 2148 λυμένως
2485 2076 2703 2145 νόησον,
2739 2077 2822 2131 ’ὁτι
2881 2078 2968 2134 Ἐν
3025 2081 3104 2149 τῷ
3132 2080 3246 2149 νῦν,
3299 2076 3450 2154 φησὶ,
3480 2075 3654 2148 κόσμῳ
3679 2092 3798 2147 περι-

2207 2166 2507 2235 επατήσατε
2566 2163 2617 2219 έν
2686 2167 2998 2240 ἁμαρτίαις.
3059 2189 3088 2219 κ
3151 2167 3300 2221 Κατὰ
3381 2165 3473 2220 τὸν
3529 2163 3674 2218 αῗῶνα
3729 2164 3799 2216 τοῦ

2211 2253 2423 2326 κόσμου
2479 2257 2698 2310 τούτου.
2751 2281 2774 2310 ι
2842 2255 3023 2312 Δίὦνα
3081 2258 3178 2311 τοῦ
3235 2253 3448 2328 κόσμου
3499 2254 3688 2320 τούτου,
3731 2252 3799 2306 τὸν

2209 2339 2636 2417 διεστραμμένον
2667 2342 2811 2420 λέγει
2845 2343 2987 2419 βίον,
3019 2344 3109 2399 καὶ
3149 2346 3240 2400 τὸν
3300 2344 3352 2399 ἐν
3410 2341 3689 2416 ἁμαρτίαις,
3732 2334 3796 2394 διὰ

2206 2433 2270 2486 τὸ
2325 2432 2646 2500 πλεονάζειν
2706 2431 2761 2488 ἐν
2817 2437 2898 2504 τῷ
2954 2433 3180 2508 παρόντι
3245 2434 3355 2508 βίῳ
3434 2432 3523 2493 τὰς
3569 2426 3794 2503 ἁμαρτίας.

2210 2520 2492 2594 Ἀρκοντα
2549 2517 2607 2576 δέ
2673 2543 2835 2599 φησιν
2896 2522 3162 2594 ἐξουσίας,
3243 2523 3338 2578 τὸν
3392 2523 3611 2577 Σατανᾶν
3649 2515 3716 2572 διὰ
3755 2513 3795 2570 τί

2209 2608 2337 2672 τοὺς
2393 2607 2644 2671 πολλοὺς
2703 2611 2865 2684 ἡμῶν
2941 2611 3164 2672 ἑκόντας
3239 2606 3580 2665 ἐκδεδωκέναι
3629 2603 3793 2663 ἑαυτοὺς

2216 2699 2319 2754 ὑπὸ
2346 2701 2444 2768 τήν
2476 2700 2643 2755 αὐτοῦ
2673 2699 2933 2770 ἐξουσίαν.
2967 2698 3108 2758 Οὔτε
3139 2701 3244 2776 γὰρ
3309 2699 3371 2756 ἐκ
3427 2702 3570 2767 Θεοῦ,
3615 2693 3713 2751 ἀλλ’
3755 2692 3790 2760 ἐξ

2213 2791 2374 2861 ἡμῶν
2428 2786 2617 2863 ἄρχειν
2657 2791 3141 2865 κεχειροτόνηται.
3213 2796 3500 2868 ’Ἄρχοντα
3561 2785 3638 2841 οὖν
3677 2781 3786 2838 αὐτὸν

2217 2875 2388 2954 λέγει,
2447 2878 2584 2953 πρὸς
2634 2879 2701 2933 τὰ
2755 2878 2992 2953 παρόντα
3050 2879 3214 2955 ὁρων.
3281 2901 3315 2932 α
3374 2880 3489 2946 Τῆς
3543 2872 3775 2946 ἐξουσίαι·

2215 2967 2413 3044 ’Ἃρχει
2447 2966 2550 3041 γάρ
2581 2969 2671 3022 καὶ
2711 2965 3001 3037 ἐξουσιάζει
3063 2968 3092 3020 ὁ
3143 2970 3411 3032 Σατανᾶς,
3467 2968 3566 3018 τῶν
3599 2958 3771 3031 ἐναερίων

2216 3055 2305 3110 καὶ
2360 3059 2615 3128 πονηρῶν
2673 3056 3016 3130 πνευμάτων.
3083 3080 3111 3109 ‹‹
3167 3056 3298 3111 Καθ’
3370 3055 3451 3124 δν,
3511 3075 3534 3106 ι
3589 3044 3774 3112 τουτέστι»

2217 3145 2334 3208 καθ’
2367 3143 2429 3199 οὗ
2491 3143 2698 3220 βουλὴν
2769 3146 2857 3201 καὶ
2915 3145 3133 3218 θέλημα
3191 3144 3357 3218 ὑμεῖς
3414 3140 3786 3217 περιπατήσαντες

2215 3233 2304 3290 καὶ
2355 3237 2732 3310 νεκρωθέντες,
2789 3235 2880 3290 καὶ
2966 3236 3136 3311 ὀργῆς
3209 3236 3377 3291 τέκνα
3435 3232 3700 3310 γεγονότες,
3738 3225 3792 3292 τῷ

2213 3323 2464 3397 πλουσίῳ
2494 3323 2636 3380 ἐλέει
2663 3329 2759 3380 τοῦ
2789 3329 2922 3381 Θεοῦ
2951 3324 3043 3381 καὶ
3099 3327 3168 3398 τῇ
3228 3318 3612 3398 ἀνυπερϐλήτῳ
3639 3314 3790 3392 ἀγάπῃ,

2215 3412 2508 3486 ἀνέστημεν
2535 3414 2625 3469 καὶ
2657 3413 3138 3488 ἐζωοποιήθημεν.
3170 3437 3198 3466 ι(
3255 3416 3372 3470 Τοῦ
3402 3412 3569 3485 ἀέρος.
3600 3433 3624 3459 η
3650 3403 3796 3478 Σαπφὼ(

2214 3504 2361 3576 ἡμᾶς
2393 3499 2646 3573 ἐδίδαξεν.
2683 3503 2757 3565 ὡς
2790 3501 2964 3558 πάλαι
2996 3503 3094 3576 μὶν
3152 3503 3182 3557 ὁ
3239 3497 3502 3563 διάϐολος
3554 3500 3636 3554 τοῦ
3682 3492 3797 3565 ᾰέρος

2215 3592 2572 3662 ἀνεπιστεύθη
2619 3593 2719 3662 τήν
2753 3591 3018 3662 ἐξουσίαν.
3080 3591 3360 3648 Ἐκπεσὼν
3417 3588 3472 3645 δὲ
3521 3584 3692 3653 ταῦτης
3735 3577 3799 3633 διά

2212 3682 2312 3750 τήν
2370 3680 2657 3755 πονηρίαν,
2703 3677 3035 3744 διδάσκαλος
3092 3674 3411 3741 δυσσεϐείας
3466 3677 3548 3732 καὶ
3590 3667 3798 3745 πονηρίας

2211 3766 2441 3844 ἐγένετο.
2478 3769 2551 3824 Οὐ
2586 3771 2693 3843 μὴν
2751 3771 2997 3826 ἁπάντων
3057 3773 3266 3845 κρατεῖ,
3325 3766 3468 3824 ἀλλά
3523 3763 3678 3838 μόνων
3715 3759 3793 3812 τῶν

2213 3857 2279 3913 οὗ
2307 3861 2680 3933 προσιεμένων
2708 3860 2774 3915 τά
2807 3864 2926 3925 θεῖα
2945 3858 3299 3936 κηρύγματα.
3325 3857 3558 3917 Τούτους
3574 3854 3662 3930 γάρ
3679 3846 3796 3907 υἱοὺς

2212 3947 2486 4013 ἀπειθείας
2515 3949 2656 4019 εἶπε,
2695 3956 2797 4020 τῆς
2855 3949 3000 4012 θείας
3055 3947 3366 4026 εὐεργεσίας
3418 3945 3537 4008 τοὺς
3580 3938 3800 4026 Ἐφεσίους

2210 4035 2670 4111 ἀναμιμνήσκων,
2700 4039 2784 4094 ὃτι
2815 4037 3036 4114 νεκροὺς
3064 4035 3174 4108 ἤδη
3198 4025 3586 4112 γεγενημένους
3629 4027 3702 4084 διὰ

2212 4128 2501 4202 ἁμαρτίαν,
2540 4129 2629 4183 καὶ
2663 4129 2768 4184 ὑπὸ
2791 4129 2892 4198 τήν
2925 4125 3166 4198 ὶξουσίαν
3198 4125 3490 4187 τελοῦντας
3539 4125 3625 4178 τοῦ
3660 4108 3802 4172 διαδά·

2211 4212 2334 4285 λου,
2365 4223 2466 4286 τῆς
2499 4217 2774 4289 σωτηρίας
2808 4215 3060 4287 ἠξίωσεν.

2291 4285 2545 4370 νΑλλως.
2581 4285 2776 4367 καλῶς
2928 4328 2957 4355 ι(
2989 4305 3103 4361 Τοῦ
3133 4303 3312 4378 ἀέρος,
3349 4327 3378 4355 »
3407 4298 3728 4376 προσέθηκαν·
3753 4285 3801 4378 Εἴ

2209 4400 2310 4476 γάρ
2345 4396 2437 4453 καὶ
2470 4393 2713 4470 ἄρχοντα
2765 4394 2928 4450 αὐτὸν
2971 4394 3134 4465 ἡμεῖς
3194 4375 3685 4469 ἐχειροτονήσαμεν,
3714 4375 3802 4476 ⁸ὕπὸ

2140 4504 2186 4570 D
2215 4471 2308 4544 τὸν
2338 4484 2561 4562 οὐρανόν
2592 4483 2732 4539 ἔστιν
2767 4482 2933 4538 αὐτοῦ
2955 4484 2990 4552 ἠ
3023 4482 3195 4553 ἀρχὴ,
3239 4482 3349 4570 ορχ
3380 4481 3509 4554 ὑπὶρ
3683 4471 3799 4570 οὖς)αέ

2216 4576 2330 4631 νόν.
2371 4549 2432 4632 ’ὁ
2465 4571 2521 4628 δὶ
2551 4571 2624 4627 ὢν
2658 4571 2761 4628 ὑπὸ
2791 4571 2880 4626 τὸν
2914 4549 3240 4642 οὐρανὸν,νῆ
3274 4549 3349 4624 ἐν.
3378 4573 3444 4643 τῇ
3482 4549 3568 4644 .γῇ
3615 4564 3728 4618 ἐστιν

2218 4664 2270 4722 ἐν
2289 4668 2369 4736 τῷ
2397 4661 2536 4736 ἀέρι.
2570 4661 2740 4722 Οὗτος
2772 4657 2830 4715 δὲ
2861 4660 2934 4722 ὡς
2968 4637 3041 4714 ὧν
3075 4637 3285 4731 πνεῦμα
3339 4658 3390 4713 ἐν
3421 4637 3522 4728 "eq;
3549 4656 3650 4736 ἀέρι
3699 4637 3794 4702 ἕστίι

2219 4735 2388 4814 Φύσις
2411 4735 2512 4827 γᾶρ
2541 4754 2658 4811 τοῖς
2707 4750 3030 4822 πνεύμασιν,
3060 4751 3095 4817 ἡ
3126 4746 3367 4822 ἐναέριος
3424 4735 3674 4816 διατριϐή.
3699 4735 3797 4827 Ὀξει

2219 4841 2276 4898 δὲ
2304 4843 2367 4897 τὸ
2397 4824 2534 4896 διατὰ
2565 4836 2708 4893 πόδα
2735 4841 2833 4893 τοῦ
2865 4837 3099 4912 χωρίου,
3149 4861 3174 4890 ει
3205 4840 3355 4894 Κατά
3382 4835 3470 4890 τὸν
3497 4831 3704 4905 ἄρχοντα
3725 4824 3797 4887 τῆς

2217 4929 2522 5002 ἐξουσίαςω
2549 4932 2714 4984 Ποῖον
2745 4933 2938 4982 τοῦτον
2963 4947 2978 4997 ;
3001 4927 3108 4983 Τὸν
3132 4930 3231 4981 τοῦ
3260 4925 3418 5001 ἀέρος
3444 4919 3800 5002 ἄρχονταξουτ·

2218 5019 2352 5088 έστι,
2410 5018 2503 5073 τὸν
2566 5015 2807 5092 ἐναέριον
2858 5013 3120 5090 ἄρχοντα.
3180 5013 3257 5070 Οὐ
3314 5011 3412 5088 γαρ
3472 5010 3617 5084 ἀέρος
3661 4999 3799 5101 ἄὲκίξν

2221 5108 2370 5166 ἀλλά
2399 5107 2674 5182 ἐναερίων.
2710 5105 2845 5163 Εἶτα
2877 5102 3043 5159 πάλιν
3067 5103 3462 5182 ἐπισαφτ,νίζων
3521 5095 3797 5182 αὐτὸητξτξῖγ

2220 5223 2249 5252 ‹‹
2284 5201 2390 5254 Τοῦ
2423 5174 2746 5269 πνεῦματος.
2786 5219 2812 5245 ››
2845 5198 3062 5265 Πνεῦμα
3091 5193 3191 5268 γάρ
3220 5174 3251 5247 ό
3278 5193 3531 5254 Σατανᾶς,
3564 5176 3718 5272 ἒπειδὴ
3744 5174 3798 5272 ὧξ

2215 5288 2352 5363 πρὸς
2378 5288 2551 5358 ἡμᾶς,
2608 5286 2698 5338 καὶ
2759 5283 3069 5356 ἀσώματος.
3101 5283 3171 5339 Ἢ
3231 5281 3316 5336 ὅτι
3373 5277 3548 5354 ἄρχων
3588 5269 3682 5328 ἐστῖ
3717 5278 3792 5363 του

2219 5380 2376 5448 ἀέρος
2405 5380 2502 5430 τοῦ
2529 5373 2858 5446 πνεῦματος,
2884 5373 3127 5428 τουτέστι
3185 5376 3283 5427 τοῦ
3340 5365 3488 5430 ὄντος
3516 5365 3564 5421 ἐν
3616 5363 3681 5429 τῷ
3707 5353 3790 5424 ἀέρι

2215 5466 2550 5540 πνεύματος,
2611 5465 2726 5519 οἷον
2782 5467 2890 5518 τῶν
2951 5460 3145 5536 ἀερίων
3204 5464 3455 5535 πονηρῶν
3509 5460 3788 5540 πνευμαέωνς

2215 5525 2438 5633 Ἀρχιων
2466 5525 2567 5629 γάρ
2627 5553 2805 5608 αὐτῶν
2839 5553 2968 5626 πρὶν
3015 5525 3188 5626 πέσῃ,
3246 5525 3404 5626 cipiat
3458 5544 3545 5602 καὶ
3590 5535 3723 5636 μετά.
3742 5525 3785 5582 τὸ

2217 5649 2423 5702 πεσεῖν.
2455 5675 2524 5688 —
2555 5642 2889 5717 [OIKOI‘DL]
2919 5645 3082 5698 Ὥστε
3137 5641 3273 5698 κατά
3325 5640 3384 5696 τὸ
3441 5637 3607 5708 νόημα
3649 5637 3784 5684 τουτου
