4072 6266
330 317 489 383 1189

1402 314 1824 379 CUMMENT.
1871 309 1953 374 IN
1999 306 2255 372 EPIST.
2303 308 2405 369 AD
2455 307 2728 368 EPHES.

3581 314 3740 375 1190

330 447 363 505 ὅ
391 447 604 523 μᾶλλον
638 450 725 504 καὶ
754 449 782 503 ὁ
814 448 969 522 ἅγιος
1004 445 1283 523 Κύριλλος
1340 449 1429 503 καὶ
1464 450 1492 504 ὁ
1531 444 1687 524 ἅγιος
1718 447 1973 517 Ἰωάννης

2105 443 2255 499 quta
2283 443 2441 501 hunc
2472 444 2673 515 itaque
2702 441 3100 512 intellectum,
3135 460 3311 517 quem
3354 448 3542 521 magis
3574 449 3741 506 divus

336 535 577 619 δέχεται,
611 535 801 612 ἄρχων
836 538 930 609 μὲν
961 534 1073 592 ἔστι
1119 541 1227 592 τῶν
1291 538 1405 610 μετ’
1462 537 1626 594 αὐτοῦ
1683 537 1980 603 πεσόντων,

334 630 497 700 ἡμῶν
530 625 588 682 δὲ
619 627 717 681 οὐκ
746 625 925 701 ἄρχει,
962 623 1086 682 οὐδὲ
1140 626 1321 698 ἦρξεν,
1353 623 1501 682 ἀλλά
1534 629 1697 700 μόνον
1764 626 1982 702 ἐνεργεῖ,

334 716 450 788 ἐξὸν
483 719 643 791 ἡμῖν,
678 718 753 789 μὴ
788 714 1034 785 δέξασθαι
1080 716 1246 771 αὐτοῦ
1304 718 1405 785 τὴν
1466 716 1752 791 ἐνέργειαν.
1821 740 1846 771 ι
1874 717 1985 771 Τοῦ

334 811 425 861 νῦν
449 805 814 880 ἐνεργοῦντος.
854 830 880 855 ››
915 806 1073 874 ὐρᾷς
1129 804 1211 860 ὅτι
1275 806 1375 861 οὐκ
1425 807 1595 876 εἶπεν,
1626 806 1983 879 Ἀναγκάζον-

336 918 454 961 τος,
487 896 521 965 ἢ
556 896 910 970 Βιαζομένου,
943 895 1092 960 ἀλλ’,
1133 920 1153 949 ι
1190 898 1583 973 Ἑνεργοῦντος
1617 918 1631 966 ;
1660 922 1686 949 ››
1719 897 1897 951 καίτοι
1939 893 1985 948 εί

341 986 531 1063 ἄρχων
560 988 626 1055 ἦν
676 990 744 1058 τῇ
777 985 1027 1057 ἀληθείᾳ,
1057 986 1147 1040 καὶ
1183 987 1256 1058 μὴ
1292 987 1351 1041 ὲκ
1378 994 1479 1057 τῆς
1513 990 1677 1060 ἡμῶν
1719 984 1985 1061 ῥᾳθυμίας

335 1076 428 1131 καὶ
507 1075 771 1149 πονηρίας
838 1074 1285 1152 κεχειροτόνητο,
1356 1076 1449 1131 καὶ
1504 1080 1601 1131 τοῦ
1666 1075 1982 1151 ἀναγκάζειν

337 1164 639 1235 ἐξουσίαζεν
665 1168 746 1221 αν.
780 1168 889 1220 Νῦν
918 1166 1022 1239 γὰρ
1056 1166 1182 1233 τὸ,‹‹
1219 1168 1622 1242 Ἐνεργοῦντος,
1652 1164 1878 1236 ››δηλοῖ,
1900 1165 1985 1219 ὅτι

340 1255 551 1316 ἑκόντες
611 1253 766 1309 αὐτὸν
829 1251 1272 1330 παραδεχόμεθα.
1308 1258 1408 1311 Καὶ
1466 1256 1550 1311 ὃτι
1596 1255 1759 1311 τοῦτό
1817 1254 1983 1322 ἔστιν,

339 1342 545 1419 ἐπάγει·
584 1346 772 1404 «Τοῖς
804 1345 945 1405 υἱοῖς
984 1351 1083 1412 τῆς
1141 1344 1436 1413 ἀπειθείας,
1472 1368 1500 1395 ››
1560 1343 1824 1413 τουτέστι,
1866 1349 1983 1405 τοῖς

340 1438 455 1505 Θεῷ
490 1433 583 1505 μὲν
616 1434 691 1506 μή
727 1432 1093 1504 πειθομένοις.
1138 1431 1323 1505 ἐκείνῳ
1356 1431 1434 1504 δὲ,
1469 1435 1533 1489 οὐ
1595 1435 1702 1504 μὴν
1761 1435 1987 1508 ἀναγκα-

339 1524 608 1594 ζομένοις.
645 1523 779 1577 Εἶτα
837 1519 1041 1596 ἐπείγει,
1076 1546 1102 1574 ‹‹
1139 1523 1225 1577 Ἐν
1285 1522 1367 1583 οἷς
1424 1523 1515 1576 καὶ
1572 1525 1736 1595 ἡμεῖς
1793 1526 1987 1584 πάντες

341 1610 767 1686 ἀνεστράφημεν.
806 1634 833 1662 ι»
911 1607 1133 1680 Ἐπειδὴ
1197 1611 1299 1685 γαρ
1360 1608 1539 1688 ἤγαγε
1599 1613 1823 1685 μνήμην
1875 1611 1983 1665 τῶν

341 1702 750 1775 ἁμαρτημάτων
785 1700 981 1766 αὐτῶν,
1032 1701 1175 1762 εἰκὸς
1209 1698 1265 1755 δὲ
1295 1702 1361 1771 ἧν
1391 1701 1585 1763 αὐτοὺς
1636 1700 1989 1776 αῗσχύνεσθαι

2089 533 2379 605 approbat
2405 534 2679 605 Cyrillus,
2716 533 2885 590 divus
2925 551 3157 604 quoque
3190 536 3446 591 Joannes
3472 539 3740 609 suscipit,

2089 622 2369 693 princeps
2398 622 2639 692 quidem
2666 630 2753 677 est
2776 640 2981 677 eorum
3005 624 3102 694 qui
3128 640 3247 679 una
3273 642 3405 679 cum
3432 643 3499 680 eo
3522 626 3744 681 cecide-

2090 718 2268 767 runt:
2303 713 2474 767 nobis
2506 720 2710 768 autem
2743 730 2861 768 non
2889 714 3228 770 dominatus
3250 722 3376 770 est:
3413 716 3513 771 sed
3546 719 3740 772 solum

2090 802 2229 872 agit,
2249 819 2381 856 cum
2407 802 2581 857 liceat
2602 803 2771 857 nobis
2795 805 2923 873 ejus
2946 820 3065 858 non
3094 805 3393 876 suscipere
3421 807 3739 863 actionem.

2091 912 2119 940 «
2153 892 2315 945 Nunc
2346 892 2594 963 agentis.
2634 915 2659 939 ››
2687 891 2857 946 Vides
2889 893 3045 963 quod
3072 910 3191 947 non
3224 893 3439 949 dixerit
3468 896 3743 964 Cogentis

2091 985 2193 1034 aut
2222 980 2575 1035 Violentiam
2596 981 3039 1049 inferentis,sed
3072 1005 3098 1031 ι(
3131 984 3374 1054 Agentis
3396 986 3423 1038 ?
3452 1006 3477 1032 μ
3502 986 3663 1055 atqui
3692 984 3741 1039 si

2089 1085 2222 1123 vere
2244 1067 2672 1136 dominaretur,
2694 1077 2751 1125 et
2774 1086 2893 1125 non
2916 1088 2985 1125 ex
3008 1078 3209 1126 nostra
3232 1073 3502 1127 socordia
3523 1089 3592 1129 ac
3614 1089 3743 1145 pra-

2090 1158 2266 1213 vitate
2297 1160 2654 1214 constitutus
2711 1166 2887 1221 esset.
2922 1167 3273 1231 potestatem
3326 1164 3530 1232 utique
3563 1164 3740 1218 etiam

2093 1248 2339 1321 cogendi
2365 1248 2673 1304 haberet]
2693 1251 2735 1303 ὕ
2756 1249 2920 1313 Quod
2943 1251 3101 1306 enim
3123 1267 3281 1306 nunc
3299 1254 3624 1324 «Agentis»
3650 1253 3743 1307 di-

2092 1339 2189 1401 cit,
2224 1336 2495 1410 designat
2524 1338 2682 1409 quod
2713 1338 3039 1394 voluntarie
3087 1340 3281 1410 ipsum
3326 1341 3742 1411 suscipiamus.

2091 1428 2160 1481 Et
2186 1428 2327 1497 quia
2359 1428 2471 1482 hoc
2503 1436 2612 1488 est.
2661 1428 3007 1497 subiungit:
3068 1430 3231 1484 Filiis
3275 1431 3747 1502 contumacibus,

2092 1516 2204 1569 hoc
2226 1522 2335 1583 est,
2365 1518 2481 1570 Deo
2505 1516 2745 1586 quidem
2774 1534 2894 1571 non
2920 1518 3598 1589 obtemperantibus,sed
3624 1521 3743 1585 isti,

2094 1620 2438 1675 quanquam
2462 1605 2710 1660 minime
2734 1606 2953 1660 coactis
2983 1607 3202 1661 Deinde
3227 1607 3456 1664 subdit:
3485 1634 3509 1657 ‹‹
3536 1611 3599 1663 ln
3623 1609 3747 1679 qui-

2093 1693 2204 1748 bus
2218 1698 2396 1748 etnos
2420 1710 2626 1749 omnes
2644 1696 2973 1751 conversati
2996 1696 3444 1762 fuimus.-Quon
3471 1714 3566 1753 am
3584 1699 3745 1753 enim

342 1790 423 1847 ἔπ’
452 1791 662 1854 αὐτοῖς,
694 1790 783 1845 καὶ
829 1791 1035 1856 ἑαυτὸν,
1068 1792 1326 1845 κοινωνὸν
1381 1796 1550 1857 ποιεῖ,
1602 1792 1689 1846 καὶ
1723 1792 1792 1846 οὐ
1830 1791 1990 1864 μόνον

2105 1782 2465 1836 mentionem
2507 1783 2647 1837 fecit
2700 1790 3071 1852 peccatorum
3106 1785 3390 1854 ipsorum.
3423 1786 3748 1842 verisimile

342 1880 555 1947 ἑαυτὸν,
597 1877 745 1934 ἀλλά
773 1879 861 1935 καὶ
892 1882 1113 1948 πάντας,
1144 1881 1313 1955 ταύτῃ
1346 1881 1437 1935 καὶ
1493 1881 1591 1948 τὴν
1626 1876 1855 1954 δύναμιν
1888 1884 1990 1935 τοῦ

344 1966 771 2045 λυτρωσαμένου
851 1973 1096 2044 Χριστοῦ
1175 1968 1580 2045 ἀνακηρύττων.
1660 1971 1871 2045 Σαρκὸς
1935 1966 1992 2026 δέ

346 2080 501 2131 φησι,
524 2064 631 2115 τῶν
692 2065 959 2135 σαρκικῶν
1018 2060 1339 2132 ἐπιθυμιῶν.
1401 2083 1430 2113 ιι
1486 2066 1599 2130 Τῆς
1652 2061 1847 2134 σαρκὸς
1901 2061 1989 2115 καὶ

347 2153 455 2202 τῶν
512 2146 788 2204 διανοιῶν.
828 2172 855 2199 ν
923 2150 1009 2211 Ὠς
1070 2149 1116 2203 εί
1174 2151 1312 2204 εἷπε·
1365 2150 1461 2203 Καὶ
1515 2153 1843 2221 σωματικῶς
1902 2149 1992 2204 καὶ

350 2240 603 2312 ψυχικῶς
658 2236 1080 2311 ἁμαρτάνοντες.
1163 2262 1190 2289 ‹‹
1252 2238 1354 2293 Καὶ
1416 2238 1554 2309 ἦμεν
1624 2236 1782 2293 τέκνα
1838 2236 1996 2314 φύσει

349 2326 541 2404 ὀργῆς.
577 2329 834 2401 »Ὥσπερ
866 2326 1027 2383 τὲκνα
1081 2326 1362 2390 ἀπωλείας
1418 2327 1509 2382 καὶ
1539 2329 1751 2403 γεέννης
1806 2325 1994 2402 εἶ’ρην-

340 2435 429 2470 ται
460 2416 515 2468 οί
558 2414 679 2485 ἄξια
710 2413 989 2477 ἀπωλείας
1045 2414 1136 2471 καί
1188 2417 1406 2491 γεέννης
1445 2417 1794 2490 πράττοντες,
1850 2415 1995 2472 οῧτω

343 2506 431 2559 καὶ
482 2505 641 2560 τὲκνα
698 2504 868 2581 ὀργῆς
902 2506 952 2559 οἱ
1010 2505 1131 2577 ἄξια
1190 2504 1378 2578 ὀργῆς.
1430 2504 1588 2563 Οὕτω
1646 2506 1737 2561 καὶ
1790 2502 1999 2568 Ἰούδας

354 2594 471 2655 υἱὸς
504 2590 802 2657 ἀπωλείας,
834 2598 913 2665 τῷ
941 2594 1008 2649 τὰ
1044 2600 1143 2663 τῆς
1195 2592 1473 2658 ἀπωλείας
1528 2594 1888 2670 πεπραχέναι.
1919 2595 1996 2651 Τὸ

355 2681 414 2738 δὲ
452 2680 626 2759 φύσει,
652 2682 763 2739 οἷον
817 2681 1064 2753 ἀληθῶς,
1099 2684 1364 2760 γνησίως,
1434 2707 1462 2735 ι(
1493 2684 1580 2746 Ὧς
1614 2684 1665 2739 οἱ
1722 2683 1932 2743 λοιποί.
1966 2708 1993 2738 »

358 2769 545 2835 Οὐδεὶς
574 2773 676 2848 γὰρ
706 2773 773 2841 ἦν
803 2777 910 2827 τῶν
950 2773 1213 2828 τοιούτων
1244 2772 1546 2848 ἐλεύθερος.

419 3034 480 3091 Ὀ
554 3030 611 3088 δὲ
687 3033 817 3096 Θεὸς
895 3033 1165 3097 πλούσιος
1237 3029 1310 3088 ὤν
1390 3032 1441 3088 ἐν
1518 3032 1657 3089 tua
1735 3032 1824 3090 διὰ
1896 3037 1999 3105 τὴν

2100 1876 2298 1924 autem
2324 1878 2449 1924 erat
2475 1886 2574 1925 eos
2598 1879 2837 1943 propter
2860 1873 2962 1927 illa
2989 1873 3295 1943 pudeﬂeri,
3325 1874 3585 1945 seipsum
3609 1892 3751 1946 quo-

2099 1973 2212 2028 que
2245 1960 2472 2013 socium
2504 1959 2676 2012 facit:
2738 1975 2847 2015 nec
2906 1967 3137 2015 tantum
3192 1978 3253 2016 se
3308 1963 3526 2032 ipsum,
3560 1963 3663 2019 sed
3695 1968 3753 2017 et

2101 2063 2349 2101 omnes:
2386 2049 2495 2101 hoc
2527 2047 2701 2102 etiam
2737 2048 2910 2103 modo
2958 2049 3171 2103 Christi
3222 2050 3615 2122 redemptoris
3646 2069 3752 2123 po-

2100 2136 2346 2191 tentiam
2381 2137 2728 2208 prazdicans.
2764 2139 3011 2193 Carnem
3056 2147 3248 2193 autem
3300 2139 3443 2194 dicit
3489 2140 3753 2195 carnalia

2100 2224 2413 2280 desideria.
2451 2247 2479 2275 ‹‹
2514 2226 2651 2290 Quae
2684 2228 2847 2281 carni
2881 2244 2948 2283 ac
2998 2228 3183 2282 menti
3218 2227 3499 2284 libebant.
3530 2251 3553 2278 ::
3588 2233 3671 2285 Ac
3703 2228 3751 2282 si

2102 2312 2357 2370 diceret:
2391 2315 2461 2369 Et
2490 2331 2734 2386 corpore
2767 2323 2826 2371 et
2867 2317 3066 2372 animo
3098 2324 3431 2388 peccantes.
3467 2341 3493 2367 ‹‹
3527 2320 3596 2373 Et
3625 2334 3755 2373 era-

2101 2418 2236 2458 mus
2264 2409 2477 2459 natura
2507 2403 2616 2459 ﬁlii
2650 2407 2770 2458 irae.
2807 2428 2834 2454 »ι
2869 2406 3381 2470 Quemadmodum
3418 2407 3525 2462 filii
3558 2406 3757 2477 perdi—

2102 2493 2280 2549 tionis
2312 2509 2379 2548 ac
2408 2494 2693 2565 gehennae
2719 2494 2861 2549 dicti
2898 2502 3055 2555 sunt.
3084 2497 3184 2567 qui
3219 2496 3395 2569 digna
3427 2496 3758 2568 perditione

2104 2600 2171 2638 ac
2193 2584 2463 2655 gehenna
2486 2592 2809 2655 operantur
2834 2601 2845 2637 :
2878 2586 2960 2641 ita
2982 2593 3041 2639 et
3063 2586 3167 2640 filii
3198 2586 3299 2640 irze
3322 2587 3422 2657 qui
3446 2602 3514 2640 ea
3536 2585 3762 2641 faciunt

2105 2688 2237 2742 quae
2267 2671 2417 2726 iram
2450 2680 2775 2728 merentur.
2806 2673 2897 2728 Sic
2921 2682 2979 2729 et
2998 2672 3175 2729 Judas
3200 2674 3358 2729 filius
3381 2674 3754 2745 perditionis,

2107 2760 2265 2831 quod
2295 2762 2644 2832 perditionis
2686 2780 2867 2835 Opera
2914 2765 3171 2819 fecisset.
3205 2763 3372 2828 Quod
3401 2770 3600 2819 autem
3633 2765 3755 2820 ait:

2106 2851 2323 2906 Natura
2355 2850 2467 2906 hoc
2495 2858 2586 2906 est
2625 2868 2779 2915 vere.
2813 2852 3097 2925 legitime.
3132 2874 3155 2904 α
3191 2854 3354 2909 Sicut
3383 2858 3441 2907 et
3471 2854 3687 2908 centeri.
3730 2876 3751 2901 ι

2106 2944 2289 2995 Nemo
2322 2941 2481 2995 enim
2513 2946 2639 2996 erat
2669 2942 2771 3012 qui
2804 2941 2875 2996 ab
2907 2941 3248 3013 hujusmodi
3281 2942 3432 2997 liber
3470 2948 3645 2998 esset.

2178 3029 2248 3092 Il,
2284 3032 2398 3082 4-7.
2450 3031 2557 3085 Sed
2608 3032 2745 3086 Deus
2801 3034 2899 3101 qui
2949 3033 3095 3086 dives
3144 3038 3219 3087 est
3276 3034 3333 3085 in
3380 3032 3760 3087 misericordia

350 3119 572 3192 πολλὴν
636 3124 849 3197 ἀγάπην
935 3122 1100 3178 αὐτοῦ
1182 3124 1250 3192 ἢν
1317 3123 1603 3196 ἠγάπησεν
1660 3126 1831 3196 ἡμᾶς,
1910 3123 1994 3179 καὶ

2105 3123 2329 3187 propter
2374 3117 2604 3173 multam
2662 3119 2985 3174 charitatem
3043 3136 3200 3175 suam
3255 3136 3366 3189 qua
3414 3120 3612 3175 dilexit
3641 3137 3759 3187 nos,

345 3207 501 3273 ὄντας
585 3213 734 3284 ἡμᾶς
830 3211 1055 3286 νεκροὺς
1151 3217 1269 3275 τοῖς
1361 3211 1790 3285 παραπτώμασι,
1886 3234 2000 3269 συν-

348 3300 687 3370 εζωοποίησε
746 3303 825 3371 τῷ
908 3300 1147 3374 Χριστῷ.
1208 3299 1411 3374 Χάριτί
1469 3295 1587 3355 ἕστε
1644 3300 1998 3374 σεσωσμένοι,

341 3389 431 3443 καὶ
520 3390 801 3465 συνήγειρε
882 3389 973 3443 καὶ
1062 3400 1399 3451 σκδνεκαθισεν
1461 3387 1516 3443 ἐν
1574 3395 1690 3450 τοῖς
1768 3388 1998 3466 ἔπουραο

340 3479 476 3542 νίοις
550 3478 605 3535 ἰν
698 3482 910 3555 Χριστῷ
995 3479 1200 3550 Ἰησοῦ,
1255 3476 1350 3533 ⁶ίνα
1408 3476 1702 3549 ἱνδείξηται
1770 3479 1821 3535 ἰν
1882 3486 2000 3544 τοῖς

345 3567 509 3623 αἷῶσι
564 3572 681 3630 τοῖς
749 3566 1143 3643 ἔπερχομὲνοις
1208 3568 1299 3623 τὸν
1362 3562 1779 3643 ὑπερϐάλλοντα
1830 3569 2001 3625 πλοῦ-

342 3678 435 3713 τον
485 3663 585 3727 τῆς
646 3657 875 3733 χάριτος
960 3654 1147 3727 αὑτοῦ,
1208 3655 1261 3712 ἰν
1316 3657 1653 3733 χρηστότητι
1715 3657 1793 3735 ἐφ’
1851 3661 2000 3732 ἡμᾶς

346 3744 401 3801 ἑν
431 3746 653 3819 Χριστῷ
694 3745 894 3815 Ἰησοῦ.

418 3866 487 3877 -—-
517 3834 636 3908 [ΦΩ
653 3835 725 3909 Γ.]
782 3834 893 3889 Οὔκ
936 3832 1125 3895 ἁπλῶς
1155 3832 1431 3907 ἐλεήμων,
1474 3833 1620 3891 ἀλλὰ
1650 3834 1920 3897 πλούσιος
1948 3836 1999 3891 ἐν

344 3924 515 3983 ’ἐλέεμ
550 3927 637 3982 Ἑν
669 3926 773 4002 γὰρ
803 3930 919 3988 τοῖς
955 3927 1317 3998 πειθαρχοῦσι
1354 3928 1587 4000 Χριστῷ,
1648 3925 1999 4002 ἀνενὲργητός

350 4011 516 4082 ἔστιν,
562 4011 713 4068 οὐδὲν
773 4012 978 4093 ἰσχύει,
1022 4010 1172 4068 οῦδὶν
1228 4013 1541 4082 ἐξουσιάζει.
1578 4014 1646 4069 υἱ
1695 4013 1751 4068 δὲ
1808 4014 2001 4076 αὐτοὺς

351 4102 503 4166 υἱοὺς
531 4102 621 4157 καὶ
660 4100 1046 4177 κληρονόμους
1079 4109 1179 4172 τῆς
1212 4101 1482 4164 ἀπειθείας
1538 4102 1706 4157 αὐτοῦ
1762 4102 1998 4177 ἀπεργα-

351 4190 599 4262 σάμενοι,
674 4192 824 4247 οὗτοι
896 4192 985 4246 καὶ
1042 4191 1382 4267 ἐνεργοῦνται
1443 4191 1528 4245 καὶ
1600 4189 1999 4261 ἐξουσιάζονται

350 4278 437 4333 ὑπ’
470 4277 652 4349 αὐτοῦ,
687 4279 774 4334 καὶ
808 4280 944 4353 ἦμεν
988 4281 1155 4352 ἡμεῖς
1216 4279 1321 4333 ὑπὸ
1349 4280 1451 4347 τήν
1508 4276 1754 4347 ’ἐξουσίαν
1816 4278 1998 4337 αὐτοῦ.

348 4371 522 4436 Πῶς;
573 4372 660 4424 Ἐν
703 4372 781 4439 τῷ
840 4374 1015 4423 ποιεῖν
1069 4367 1136 4422 τὰ
1210 4366 1495 4439 θελήματα
1540 4367 1723 4425 αὐτοῦ.
1782 4366 1940 4424 Ἀλλ’
1972 4370 2000 4424 ὁ

345 4457 475 4519 Θεὸς
520 4455 747 4525 πλούτῳ
796 4456 985 4520 ἒλὲους
1042 4458 1131 4512 καὶ
1193 4458 1657 4529 ὑπεραγαπήσεως
1729 4455 1998 4532 ἒρρόσατο

344 4547 601 4611 ἴκκεῖθεν,
637 4546 729 4602 καὶ
759 4547 1117 4622 νεκρωθέντας
1144 4546 1421 4617 ἀνέστησε.
1478 4570 1505 4598 ι(
1529 4546 1625 4601 Διά
1648 4550 1747 4613 τήν
1782 4544 2001 4617 πολλὴν

348 4633 564 4709 ἀγάπην
597 4636 781 4692 αὐτοῦ.
818 4661 846 4688 ››
873 4639 1043 4692 Τοῦτο
1075 4634 1153 4704 δὲ,
1185 4635 1291 4690 ἀπὸ
1320 4640 1416 4689 τοῦ
1440 4633 1661 4691 πολλοῦ
1691 4634 1881 4698 ἒλέους
1914 4637 1999 4711 γέ-

352 4744 511 4797 γωνε.
550 4727 669 4786 Πῶς
700 4724 801 4799 γὰρ
851 4723 908 4779 ἃν
940 4725 993 4779 οἱ
1020 4723 1178 4779 τὲκνα
1204 4725 1375 4799 ὀργῆς
1402 4720 1551 4785 ὄντες
1582 4726 1949 4798 ἡγαπήθημεν
1981 4744 1995 4794 ;

358 4837 385 4864 ιι
419 4812 517 4867 Καὶ
569 4810 723 4876 ὄντας
805 4817 953 4887 ἡμᾶς
999 4815 1240 4889 νεκρούς.
1278 4837 1306 4865 ››
1367 4814 1631 4887 Νεκροὺς,
1682 4815 1806 4868 ὅσον
1864 4815 1998 4889 πρὸς

356 4899 613 4978 ἐνέργείαν
647 4902 847 4977 ἀγαθοῦ
912 4923 1081 4965 τινος.
1142 4906 1312 4960 Τοῦτο
1370 4901 1425 4957 δὲ
1473 4902 1683 4977 γέγονε,
1722 4903 1877 4982 φησὶ,
1911 4901 2001 4959 διὰ

353 4991 419 5046 τὰ
474 4996 896 5066 παραπτώματα
953 4996 1137 5066 ἡμῶν.
1202 5018 1228 5045 ‹ι
1264 4992 1681 5063 Συνεζωποίησε
1736 4997 1815 5064 τῷ
1864 4996 1998 5069 Χρι-

352 5085 485 5153 στῷ.
522 5107 548 5131 ››
608 5082 775 5137 Πάλιν
856 5085 949 5137 τὸν
1002 5083 1230 5155 Χριστὸν
1274 5082 1348 5143 εἷς
1396 5083 1553 5155 μέσον
1613 5086 1781 5159 φὲρει,
1853 5083 1999 5152 ἀξιό-

348 5190 539 5225 πιστον
571 5172 633 5225 τὸ
679 5176 901 5246 πρᾶγμα
960 5177 1151 5228 ποιῶν.
1189 5172 1251 5228 Εἰ
1284 5172 1381 5245 γὰρ
1409 5174 1443 5239 ἡ
1506 5173 1730 5246 ἀπαρχὴ
1767 5175 1852 5243 ζῇ,
1910 5172 2001 5226 καὶ

346 5260 497 5328 ἡμᾶς
552 5260 612 5313 τὸ
699 5256 894 5314 λοιπὸν
966 5260 1129 5315 αὐτοῦ
1200 5264 1359 5331 σῶμα
1418 5258 1898 5329 σενεζωοποίησεν.
1938 5293 2000 5303 -

346 5348 697 5423 [ΟιΚΟΥΜ.]
758 5354 863 5406 Νῦν
928 5352 1021 5422 μὶν
1080 5354 1151 5423 τῇ
1209 5348 1458 5421 δόνάμει,
1518 5348 1737 5423 ὕστερον
1798 5346 1855 5403 δὲ
1910 5350 1999 5405 καὶ

343 5437 611 5509 ἱνεργείᾳ.
648 5464 673 5489 ‹‹
716 5439 909 5511 Χάριτί
963 5440 1078 5494 ἕστε
1138 5440 1488 5511 σεσωσμένοι.
1524 5462 1553 5490 ››
1604 5438 1681 5495 Οὐ
1746 5439 2001 5512 καμάτῳ,

349 5522 413 5582 οὗ
444 5528 862 5601 κατορθώμασιν
897 5525 1075 5590 ἰδίοις.
1127 5529 1251 5584 Δέον
1313 5528 1410 5603 γαρ
1470 5526 1699 5583 κολάσαι
1744 5527 1871 5589 τοὺς
1912 5548 2000 5603 γε-

350 5616 610 5690 νομὲνους
648 5618 818 5693 τέκνα,
852 5618 1039 5701 φησὶν,
1071 5618 1263 5693 ὀργῆς,
1318 5616 1544 5681 τούτους
1611 5611 1779 5673 ἔσωσε
1811 5618 1998 5695 χάριτι

2108 3213 2275 3261 etiam
2305 3223 2429 3261 cum
2458 3223 2686 3263 essemus
2724 3213 2929 3263 mortui
2956 3226 3055 3279 per
3096 3209 3319 3277 delicta,
3351 3210 3760 3277 conviviﬁcavit

2104 3310 2202 3349 nos
2231 3311 2344 3349 una
2396 3312 2517 3351 cum
2573 3297 2803 3352 Christo.
2854 3299 2959 3353 Per
2988 3298 3233 3367 gratiam
3260 3301 3384 3353 estis
3409 3301 3651 3353 servati:
3682 3300 3758 3353 si—

2105 3384 2328 3456 mulque
2358 3386 2723 3447 resuscitavit,
2762 3392 2812 3440 et
2841 3387 3006 3442 simul
3052 3387 3232 3442 sedere
3259 3389 3393 3455 fecit
3424 3389 3570 3441 inter
3599 3387 3759 3441 cceie-

2106 3480 2211 3528 stes
2237 3490 2342 3543 per
2396 3474 2669 3531 Christum
2723 3476 2924 3544 Iesum,
2970 3482 3030 3530 ut
3091 3475 3393 3530 ostenderet
3449 3476 3506 3529 in
3552 3474 3762 3531 seculis

2106 3564 2615 3632 supervenientibus
2713 3565 3038 3618 eminentem
3126 3565 3465 3633 opulentiam
3563 3564 3761 3633 gratim

2106 3666 2243 3719 suae,
2301 3651 2361 3707 in
2421 3652 2756 3722 benignitate
2811 3670 2944 3723 erga
2997 3669 3095 3707 nos
3145 3670 3249 3723 per
3310 3653 3585 3708 Christum
3672 3653 3763 3708 Je-

2110 3756 2247 3795 sum.

2181 3830 2306 3883 Non
2337 3833 2639 3899 utcunque
2668 3829 3030 3894 misericors,
3080 3829 3184 3885 sed
3232 3829 3393 3884 dives
3435 3829 3497 3883 in
3529 3828 3759 3883 miseri-

2107 3916 2329 3972 cordia.
2396 3919 2459 3970 ln
2515 3916 2607 3971 his
2666 3917 2827 3971 enim
2887 3918 2984 3987 qui
3048 3918 3278 3972 Christo
3331 3917 3764 3988 obtemperant,

2104 4006 2382 4061 inefficax
2412 4010 2520 4073 est,
2544 4023 2652 4061 nec
2675 4006 2999 4077 quidquam
3033 4012 3245 4077 potest,
3283 4014 3383 4061 aut
3412 4012 3764 4078 potestatem

2104 4096 2291 4151 ullam
2323 4095 2520 4150 habet.
2555 4096 2662 4161 Qui
2724 4113 2860 4151 vero
2920 4098 3147 4168 seipsos
3189 4097 3344 4152 filios
3374 4114 3441 4153 ac
3494 4086 3762 4154 hatredes

2107 4184 2531 4240 inobedientim
2564 4184 2726 4240 illius
2757 4185 3169 4254 reddiderunt,
3192 4186 3253 4242 in
3276 4187 3369 4243 his
3400 4194 3681 4260 operatur
3708 4191 3767 4242 et

2105 4280 2461 4347 potestatem
2494 4274 2712 4329 habet:
2748 4282 2806 4331 et
2857 4292 3092 4332 eramus
3144 4294 3253 4333 nos
3311 4278 3417 4332 sub
3474 4283 3765 4349 potestate

2108 4364 2289 4419 illius.
2322 4364 2624 4428 Quomodo
2648 4364 2675 4419 ‘t
2698 4367 2762 4420 In
2784 4382 2852 4420 eo
2885 4367 3043 4437 quod
3071 4367 3402 4422 faceremus
3433 4367 3766 4423 voluntates

2111 4452 2259 4524 ejus.
2288 4454 2399 4509 Sed
2434 4454 2587 4509 Deus
2618 4470 2724 4509 sua
2745 4456 2985 4526 copiosa
3015 4456 3425 4511 misericordia
3456 4462 3515 4511 et
3545 4455 3763 4511 eximia

2111 4543 2397 4597 charitate
2431 4558 2537 4596 nos
2579 4541 2714 4597 inde
2746 4542 3035 4607 liberavit,
3059 4551 3116 4599 et
3146 4550 3411 4599 mortuos
3444 4543 3764 4598 resuscita-

2108 4631 2206 4686 vit.
2249 4653 2273 4681 ι
2306 4632 2552 4700 Propter
2582 4631 2829 4686 nimiam
2863 4632 3210 4687 charitatem
3246 4649 3433 4687 suam.
3459 4657 3479 4682 ι
3520 4631 3637 4686 Hoc
3664 4647 3764 4686 au-

2109 4727 2227 4775 tem
2251 4736 2283 4774 a
2304 4720 2493 4774 multa
2518 4720 2927 4775 misericordia
2956 4724 3237 4792 provenit.
3263 4720 3566 4787 Quomodo
3598 4720 3758 4775 enim

2110 4825 2243 4864 cum
2277 4824 2541 4863 essemus
2574 4809 2679 4863 ﬁlii
2714 4810 2837 4875 irae,
2871 4810 3071 4866 dilecti
3101 4812 3423 4866 fuissemus
3449 4811 3476 4866 ?
3509 4834 3534 4861 «
3569 4811 3759 4866 Etiam

2110 4914 2243 4952 cum
2278 4912 2542 4951 essemus
2575 4898 2810 4952 mortui.
2845 4920 2870 4950 ι
2927 4901 3135 4954 Mortui
3188 4906 3475 4971 quantum
3517 4900 3591 4955 ad
3622 4899 3761 4954 boni

2110 4986 2362 5056 alicujus
2394 4987 2817 5056 operationem.
2855 4989 2954 5043 16
3003 4990 3120 5043 Hoc
3170 4996 3366 5045 autem
3399 4990 3618 5043 factum
3650 4995 3760 5054 est,

2110 5075 2322 5147 inquit.
2357 5082 2597 5146 propter
2629 5075 2843 5131 delicta
2876 5084 3095 5134 nostra.
3132 5101 3157 5127 ‹‹
3192 5077 3625 5132 Conviviticavit
3654 5093 3761 5131 nos

2110 5182 2230 5220 una
2259 5182 2389 5219 cum
2423 5164 2673 5219 Christo.
2712 5188 2737 5212 ››
2771 5168 3025 5221 Rursum
3071 5168 3367 5221 Christum
3400 5168 3462 5220 in
3495 5166 3757 5220 medium

2111 5254 2369 5316 adducit,
2405 5270 2530 5309 rem
2565 5255 2754 5325 ipsam
2790 5256 3041 5312 reddens
3074 5257 3189 5311 tide
3221 5258 3478 5329 dignam.
3514 5255 3568 5309 Si
3600 5255 3761 5310 enim

2111 5346 2388 5420 primitias
2424 5347 2637 5415 vivunt,
2663 5365 2731 5403 ex
2756 5351 3145 5421 consequenti
3181 5350 3354 5405 etiam
3382 5366 3488 5403 nos
3512 5348 3610 5418 qui
3637 5364 3761 5402 cor-

2111 5454 2223 5509 pus
2254 5438 2381 5508 ejus
2415 5453 2619 5491 sumus
2649 5438 2976 5493 vivificavit.
3013 5471 3077 5480 ——
3106 5442 3271 5495 Nunc
3314 5438 3553 5509 quidem
3587 5444 3761 5508 pote-

2113 5532 2283 5594 state,
2347 5526 2725 5597 postmodum
2783 5544 2917 5585 vero
2978 5530 3263 5585 efﬁcacia.
3310 5552 3335 5578 α
3371 5530 3482 5583 Per
3511 5527 3762 5601 gratiam

2112 5616 2254 5673 estis
2283 5616 2514 5671 servati.
2562 5640 2588 5666 ››
2634 5616 2759 5673 Non
2818 5618 3040 5689 labore,
3103 5635 3222 5674 non
3276 5616 3532 5690 propriis
3590 5616 3763 5672 bonis
