4072 6266
469 292 617 352 1191

1585 289 1838 352 (ECUM
1852 285 1999 349 ENll
2046 283 2346 346 TRICGE
2375 284 2746 346 .EPISCOPI

3649 293 3762 354 U92

464 427 762 499 cperibus.
789 430 931 482 Nam
958 444 1093 482 eum
1117 429 1476 499 oportuisset
1491 428 1702 499 punire
1726 443 1827 481 eos
1849 426 1950 496 qui
1977 424 2092 479 fact

2226 419 2382 494 μόνῃ.
2444 445 2472 472 ι(
2500 420 2599 475 Καὶ
2658 424 2940 495 συνήγειρε
3020 421 3107 476 καὶ
3177 421 3556 478 συνεκάθισεν.»
3616 433 3764 503 Ὠσπερ

466 522 635 571 erant
667 517 772 569 filii
811 534 930 584 Irae,
965 516 1073 571 hos
1131 517 1258 572 sola
1315 517 1501 589 gratia
1532 517 1801 571 servavit.
1834 537 1862 565 «
1897 514 2115 569 Simul-

468 618 580 672 que
614 604 988 657 resuscitavit
1025 610 1084 657 et
1115 604 1293 658 simul
1326 605 1531 658 sedere
1563 604 1719 658 fecit.
1756 625 1783 654 ››
1828 600 2117 667 Quemad-

473 691 712 747 modum
759 693 917 746 enim
973 694 1242 748 excitatis
1287 695 1565 765 primitiis
1596 694 1815 748 nostris
1842 699 1900 747 et
1927 691 2119 762 capite

467 779 721 844 Christo,
757 798 864 835 nos
897 782 1073 836 etiam
1133 797 1238 853 per
1296 783 1488 852 ipsum
1534 781 1842 838 excitavit:
1876 781 1958 835 ita
1987 781 2116 852 ipso

467 868 710 923 sedente
743 886 1116 940 consequens
1175 871 1350 925 etiam
1411 878 1500 925 est
1547 877 1611 925 ut
1649 887 1862 941 corpus
1893 869 2114 924 sedeat.

462 957 598 1013 ldeo
655 960 773 1013 ait:
837 961 1010 1013 «Per
1061 960 1358 1014 Christum
1411 961 1627 1014 Jesum.
1665 981 1694 1010 »
1757 962 1900 1014 Nam
1931 955 2004 1024 ἐν,
2050 958 2108 1012 id

459 1054 568 1117 est,
603 1052 658 1102 in
691 1050 921 1120 capitur
950 1067 1054 1120 pro
1086 1045 1275 1118 8:&,id
1306 1056 1417 1115 est,
1443 1067 1560 1120 per.
1593 1050 1758 1116 Quod
1789 1057 1988 1105 autem
2023 1061 2114 1103 se-

456 1138 636 1192 deant
667 1140 766 1208 qui
826 1139 984 1210 digni
1041 1146 1196 1200 sunt.
1227 1140 1362 1194 audi
1421 1140 1718 1194 Christum
1762 1139 2109 1209 loquentem

457 1227 802 1297 discipulis:
841 1254 858 1273 -
899 1228 1190 1282 Sedebitis
1222 1245 1401 1299 super
1449 1229 1758 1283 duodecim
1791 1228 1983 1296 sedes,
2009 1229 2113 1298 ju-

456 1315 721 1371 dicantes
754 1315 1066 1371 duodecim
1096 1318 1284 1372 tribus
1343 1318 1524 1373 Israel
1556 1319 1619 1372 ¹⁰.
1673 1340 1699 1367 ››
1732 1320 1804 1372 Ει
1833 1332 2103 1372 rursum:

455 1427 483 1454 «
519 1406 732 1461 Sedere
787 1415 985 1460 autem
1044 1424 1077 1460 a
1134 1407 1357 1461 dextris
1416 1413 1519 1461 aut
1573 1407 1829 1461 sinistris
1863 1423 1981 1460 non
2014 1409 2104 1460 est

454 1511 652 1550 meum
683 1495 844 1561 dare,
879 1495 981 1549 sed
1013 1496 1084 1549 iis
1117 1496 1420 1567 continget
1449 1495 1664 1567 quibus
1705 1503 1977 1567 paratum
2010 1499 2100 1549 est

453 1601 486 1638 a
519 1586 688 1639 Patre
721 1601 852 1640 meo
879 1587 944 1637 ίι.
980 1606 1008 1632 ››
1040 1585 1283 1639 Interim
1335 1602 1469 1653 ergo
1503 1591 1772 1656 paratum
1806 1591 1912 1639 est.
1948 1586 2099 1639 Rur-

451 1690 740 1744 sumque:
782 1697 798 1720 ι
839 1675 978 1728 Volo
1011 1681 1074 1727 ut
1105 1675 1204 1728 ubi
1237 1691 1367 1729 sum
1398 1690 1522 1746 ego,
1559 1675 1638 1728 ibi
1667 1677 1786 1728 sint
1828 1680 1885 1728 et
1921 1675 2102 1728 mini-

453 1764 556 1817 stri
589 1765 704 1817 mei
729 1763 791 1818 η.
845 1785 874 1813 ››
929 1795 997 1802 —
1035 1785 1078 1812 ·‹‹
1115 1765 1185 1818 Ut
1214 1763 1557 1818 ostenderet
1585 1766 1646 1817 in
1679 1764 1932 1819 saeculis.
1968 1785 1995 1813 ››
2022 1765 2103 1818 Ne

452 1853 584 1922 quis
616 1852 960 1907 incredulus
991 1860 1148 1907 esset
1169 1853 1262 1907 his
1293 1870 1423 1923 quas
1455 1853 1613 1907 dicta
1644 1853 1936 1920 sunt,vide
1959 1869 2104 1923 quo-

455 1943 629 1997 modo
676 1942 823 1996 illud
881 1942 1090 1996 reddat
1148 1942 1449 1996 credibile.
1485 1942 1650 1996 Unde
1682 1943 1801 1997 ait:
1836 1944 1969 1996 Haec
1999 1959 2102 1997 au-

450 2036 571 2084 tem
623 2048 744 2085 non
799 2036 1029 2084 tantum
1085 2036 1325 2101 propter
1378 2031 1759 2086 dilectionem
1803 2048 1937 2103 ergo
1971 2047 2100 2099 nos,

453 2127 743 2188 quantum
762 2125 827 2172 ut
849 2118 1187 2172 ostenderet
1209 2119 1569 2174 eminentem
1595 2119 1954 2190 opulentiam
1977 2136 2102 2192 gra-

452 2208 546 2261 tiae
573 2208 631 2261 in
665 2208 898 2261 smculis
923 2208 1493 2278 supervenientibus.
1525 2230 1553 2257 «
1577 2209 1945 2280 Benignitate
1970 2223 2104 2281 erga

451 2313 560 2350 nos
593 2313 698 2367 per
727 2297 1021 2351 Christum
1054 2298 1275 2359 Jesum,
1305 2319 1328 2345 κ
1353 2297 1471 2351 Hoc
1502 2303 1609 2361 est,
1635 2313 1752 2352 non
1785 2298 1845 2352 in
1876 2298 2104 2353 Christo

2220 511 2322 584 γὰρ
2352 517 2453 578 τῆς
2484 510 2741 584 ἆπαρχῇς
2771 512 2930 582 ἡμῶν
2981 509 3070 564 καὶ
3128 517 3228 579 τῆς
3283 509 3504 590 κεφαλῆς
3536 519 3620 567 τοῦ
3665 519 3769 585 Χρι-

2223 603 2353 652 στοῦ
2384 598 2762 674 ἓγηγερμίνης,
2795 598 2884 653 καὶ
2925 602 3071 670 ἡμᾶς
3105 597 3173 654 δι’
3202 601 3366 668 αὐτὴς
3393 600 3597 676 ἤγειρεν,
3639 604 3768 666 οὕτως

2221 687 2390 756 αὐτῆς
2439 686 2804 761 κατεζομένης
2840 731 2854 754 ,
2912 687 3000 743 καί
3049 690 3111 743 τὸ
3163 687 3350 744 λοιπὸν
3421 695 3560 763 σῶμα
3600 694 3775 766 συγκαθ-

2221 797 2366 847 ηται.
2403 778 2495 832 Διό
2519 799 2701 850 φησιν,
2755 799 2776 827 ι
2811 779 2899 834 ’Ev
2930 780 3150 852 Χριστῷ
3180 780 3374 849 Ἰησοῦ,
3409 804 3435 831 ››
3464 781 3684 850 τουτέστι,
3709 779 3773 835 διὰ

2223 871 2260 920 x
2427 869 2451 879 ι·
2495 869 2508 886 θ
2649 871 2674 880 ~
2731 868 2751 885 u
2942 867 2957 886 ο
3023 889 3036 900 .
3137 869 3146 888 ρ
3494 867 3536 894 »μιν
3660 868 3676 884 ιν

2271 885 2456 937 ριστου
2519 870 2699 936 Ιησου.
2754 868 2852 923 Οτι
2911 864 2968 922 δε
3025 870 3329 936 καθιζουσιν
3385 869 3432 923 ol
3487 889 3774 938 αςιοι,ακουι

2216 957 2315 1008 τοῦ
2346 956 2585 1028 Χριστοῦ
2643 953 2900 1032 λέγοντος
2955 961 3073 1019 τοῖς
3135 959 3418 1030 μαθηταῖς·
3476 982 3500 1008 (ι
3530 960 3774 1027 Καθήσεςθε

2216 1043 2305 1099 ἓπὶ
2365 1042 2576 1100 δώδεκα
2630 1042 2876 1122 θρόνους,
2935 1045 3206 1121 κρίνοντες
3263 1049 3355 1108 τὰς
3411 1045 3597 1103 δώδεκα
3644 1047 3775 1124 φυλὰς

2216 1139 2312 1189 τοῦ
2346 1133 2592 1210 Ἰσραήλ.
2631 1158 2654 1189 α
2689 1136 2787 1191 Καὶ
2841 1135 3029 1190 πάλιν·
3091 1162 3119 1188 ‹‹
3151 1138 3222 1191 Τὸ
3253 1134 3306 1192 δὲ
3334 1137 3532 1191 καθίσαι
3562 1137 3613 1192 ἐκ
3638 1136 3774 1206 δεξιῶν

2219 1244 2325 1295 μου
2355 1224 2445 1278 καὶ
2477 1224 2530 1294 ἐξ
2558 1223 2877 1297 εὐωνύμων,
2913 1225 3013 1280 οὐκ
3040 1221 3180 1280 ἔστιν
3212 1225 3341 1298 ἐμὸν
3372 1223 3562 1297 δοῦναι,
3591 1224 3692 1280 ἀλλ’
3719 1218 3776 1289 οἷς

2215 1311 2710 1387 ἡτοίμασταιπαρὰ
2736 1318 2834 1368 τοῦ
2869 1315 3075 1388 Πατρός
3103 1336 3228 1387 μου,
3265 1338 3292 1364 ››
3321 1315 3464 1378 Τέως
3491 1314 3574 1369 οὖν
3601 1313 3779 1384 ἡτοίμα-

2214 1423 2354 1462 σται.
2390 1403 2492 1460 Καὶ
2522 1403 2710 1459 πάλιν·
2739 1430 2766 1456 ‹‹
2795 1404 2950 1460 Θέλω
2967 1405 3057 1460 ἳνα
3079 1406 3218 1460 ’ὀπου
3246 1405 3360 1478 εἰμὶ
3388 1406 3514 1482 ἓγὼ,
3537 1405 3631 1460 ἐκεῖ
3648 1405 3717 1459 καὶ
3741 1403 3778 1458 οἳ

2214 1490 2460 1548 διάκονοι
2482 1496 2532 1548 οἱ
2557 1493 2701 1568 ἐμοί.
2734 1519 2762 1546 ››
2796 1530 2859 1538 -
2894 1527 2920 1547 ιι
2950 1498 3060 1552 Ἵνα
3083 1493 3374 1566 ἐνδείξηται
3408 1497 3457 1550 ἐν
3476 1502 3581 1558 τοῖς
3601 1497 3743 1552 aiam.
3763 1518 3783 1545 ››

2209 1589 2320 1637 ’Ἱνα
2356 1587 2431 1656 μή
2462 1605 2546 1645 τις
2576 1586 2848 1660 ἀπιστήσῃ
2913 1593 3029 1648 τοῖς
3075 1585 3410 1661 εἰρημένοις,
3441 1586 3532 1660 δρα
3557 1591 3656 1648 πῶς
3683 1585 3783 1639 αὐτὸ

2209 1673 2435 1727 πιθανὸν
2467 1680 2635 1744 ποιεῖ,
2665 1675 2756 1730 καί
2786 1695 2966 1752 φησιν’
3017 1679 3198 1732 Ταῦτα
3256 1675 3312 1731 δὲ
3371 1677 3428 1731 οὐ
3457 1682 3678 1730 τοσοῦτον
3720 1673 3783 1729 διὰ

2207 1763 2310 1831 τὴν
2339 1764 2476 1837 πρὸς
2507 1767 2656 1838 ἡμᾶς
2688 1765 2907 1840 ἀγάπην
2943 1768 3132 1839 μόνον,
3159 1766 3283 1822 ὅσον
3313 1768 3405 1821 ἳνα
3434 1767 3516 1820 καὶ
3544 1762 3781 1834 ἐνδείξηται

2212 1852 2304 1906 τὸν
2346 1849 2760 1928 ὑπερϐάλλοντα
2797 1854 3035 1910 πλοῦτον
3063 1863 3162 1925 τῆς
3193 1857 3420 1931 χάριτος
3452 1855 3602 1909 αὗτοῦ
3630 1852 3673 1908 ὲν
3696 1857 3785 1913 τοῖς

2215 1939 2512 2013 μέλλουσιν
2541 1944 2724 2012 αἲῶσι,
2766 1945 2951 2024 φησὶν,
2981 1969 3008 1996 ιε
3060 1946 3149 2001 Ἐν
3202 1945 3531 2020 χρηστότητι
3585 1943 3652 2020 ἐφ’
3677 1944 3786 2013 ἡμᾶς

2212 2028 2264 2085 ἒν
2322 2034 2538 2106 Χριστῷ
2598 2035 2797 2102 Ἰησοῦ.
2829 2059 2856 2085 η
2898 2035 3207 2106 Τουτέστιν,
3251 2034 3367 2090 ωὐκ
3397 2033 3522 2109 ἄχρι
3570 2039 3649 2088 τοῦ
3687 2034 3785 2100 Χρι-

2215 2126 2342 2176 στοῦ
2371 2128 2537 2178 ταῦτα
2581 2121 2748 2197 μόνον
2809 2123 2992 2194 σταίη,
3052 2121 3199 2180 ἀλλὰ
3255 2120 3328 2178 δι’
3385 2124 3540 2178 αὐτοῦ
3723 2117 3786 2172 καί

2215 2211 2290 2273 εἷς
2320 2214 2467 2284 ἡμᾶς
2498 2213 2572 2274 ὡς
2622 2213 2711 2267 ἀπ’
2739 2211 2920 2288 ἀρχῆς
2951 2213 3085 2287 πρὸς
3141 2214 3203 2268 τὸ
3238 2211 3390 2270 ὅλον.
3423 2212 3483 2270 Τί
3515 2213 3566 2266 δὲ
3591 2211 3713 2283 ἥξει;
3737 2208 3787 2263 Τὸ

2215 2303 2712 2370 συζωοποιηθῆναι,
2746 2303 2806 2356 τὸ
2841 2307 3180 2377 συγκαθίσαι.

455 2386 742 2440 duntaxat
772 2386 896 2439 hinc
921 2387 1324 2456 perstiterunt,
1365 2386 1466 2439 sed
1515 2403 1624 2458 per
1669 2388 1862 2459 ipsum
1913 2388 1988 2442 ad
2034 2404 2143 2444 nos
2191 2408 2426 2463 quoque
2474 2393 2823 2463 perveniunt
2860 2399 3142 2464 tanquam
3173 2410 3206 2448 a
3237 2394 3526 2466 principio
3555 2392 3618 2448 ad
3643 2398 3784 2447 totum

453 2475 613 2546 quod
644 2476 940 2544 reliquum
975 2482 1062 2529 est
1091 2491 1323 2546 c0rpus.
1359 2475 1508 2540 Quid
1541 2483 1630 2531 est
1661 2483 1858 2532 autem
1892 2478 2050 2547 quod
2082 2481 2392 2550 pervenit?
2421 2497 2634 2554 nempe
2660 2497 2779 2537 una
2806 2482 3084 2538 vivificari
3117 2489 3175 2537 et
3199 2499 3325 2539 una
3357 2485 3572 2539 sedere.

522 2565 592 2630 ll,
626 2565 656 2615 8
696 2566 779 2616 10.
815 2564 1008 2619 Gratia
1036 2565 1179 2617 enim
1236 2565 1358 2618 estis
1422 2566 1624 2618 servati
1663 2581 1768 2633 per
1792 2565 1972 2633 ﬁdem,
2014 2567 2102 2619 id-

453 2669 558 2722 que
584 2670 690 2707 non
724 2670 791 2707 ea:
820 2655 988 2707 vobis.
1023 2655 1120 2707 Dei
1168 2653 1373 2707 donum
1419 2660 1534 2708 est:
1586 2670 1694 2708 non
1726 2671 1794 2708 ea:
1825 2656 2098 2725 aperibus,

447 2759 515 2796 ne
546 2744 668 2810 quis
718 2743 1003 2811 glorietur.
1070 2745 1202 2796 Nam
1260 2745 1432 2812 ipsius
1476 2758 1658 2797 sumus
1715 2758 1850 2812 opus
1888 2745 2101 2799 conditi

438 2846 544 2898 per
572 2831 843 2884 Christum
870 2832 1052 2884 Jesum
1099 2830 1173 2884 ad
1216 2845 1383 2899 opera
1438 2831 1577 2885 bona
1606 2845 1726 2900 qua:
1755 2834 2097 2900 praeparavit

440 2919 580 2972 Deus
610 2925 672 2972 ut
703 2920 761 2972 in
797 2921 872 2973 eis
903 2919 1334 2974 ambularemus.

512 3133 539 3159 ‹‹
575 3111 788 3166 Gratia.
827 3133 853 3159 ››
887 3112 1024 3176 Quae
1057 3110 1331 3165 videlicet
1359 3114 1445 3165 est
1478 3127 1584 3181 per
1614 3110 1814 3176 fidem,
1849 3132 1876 3160 «
1911 3111 2090 3181 quue

2282 2569 2362 2640 Τῇ
2445 2567 2546 2642 γὰρ
2629 2568 2814 2642 χάριτί
2900 2566 3016 2624 ἔστε
3100 2570 3401 2643 σεσωμένοι
3477 2568 3558 2625 διὰ
3603 2577 3682 2638 τῆς
3724 2565 3784 2622 πί-

2211 2675 2376 2717 στεως
2413 2701 2426 2722 ,
2483 2655 2572 2709 καὶ
2637 2660 2797 2710 τοῦτο
2848 2656 2946 2711 οὐκ
2996 2656 3044 2726 ἐξ
3107 2659 3278 2731 ὑμῶν.
3351 2663 3483 2714 Θεοῦ
3535 2657 3590 2711 τὸ
3639 2654 3776 2724 δῶρον,

2208 2743 2307 2800 οὐκ
2367 2745 2417 2816 ἐξ
2476 2739 2696 2822 ἔργων,
2744 2743 2833 2800 ’ἱνα
2888 2749 2962 2819 μή
3047 2767 3130 2808 τις
3216 2751 3590 2826 καυχήσηται.
3654 2743 3777 2800 Δίιτοῦ

2203 2836 2306 2910 γάρ
2362 2832 2522 2907 ἐσμεν
2580 2833 2796 2906 ποίημα
2829 2878 2842 2901 ,
2920 2836 3219 2898 κτισθέντες
3273 2835 3331 2890 ἐν
3399 2840 3605 2909 Χριστῷ
3654 2833 3772 2900 Ἰησοῦ

2205 2923 2292 2979 ἐπὶ
2352 2920 2530 2998 ἔργοις
2588 2923 2835 2999 ἀγαθοῖς,
2897 2927 2978 2986 οἷς
3025 2925 3440 3001 προητοίμασεν
3499 2925 3668 2990 ὁΘεὸς,
3707 2919 3764 2973 ἵνα

2202 3013 2254 3068 ἐν
2285 3013 2467 3076 αὐτοῖς
2505 3017 2983 3088 περιπατήσωμεν.

2273 3128 2299 3155 “
2331 3106 2413 3177 Τῇ
2445 3105 2545 3180 γὰρ
2579 3104 2789 3179 χάριτι.
2835 3129 2862 3156 »
2910 3107 2994 3178 Τῇ
3054 3102 3142 3160 διὰ
3200 3113 3300 3175 τῆς
3346 3106 3575 3169 πίστεως
3625 3103 3766 3176 χάριτι.

437 3216 555 3253 non
590 3216 659 3254 ex
688 3200 871 3254 vobis.
912 3222 936 3248 ››
971 3202 1050 3252 Ex
1081 3198 1252 3254 nobis
1285 3199 1527 3271 quidem
1565 3205 1654 3254 est
1681 3199 1846 3263 ﬁdes,
1884 3216 2082 3255 verum

2202 3216 2226 3244 ‹‹
2263 3192 2366 3247 Καὶ
2397 3196 2555 3246 τοῦτο
2615 3191 2714 3245 οὐκ
2745 3191 2795 3262 ἐξ
2855 3192 3025 3263 ὑμῶν.
3059 3217 3086 3244 ››
3117 3193 3203 3263 Ἐξ
3235 3195 3406 3266 ἡμῶν
3454 3195 3545 3267 μὲν
3575 3195 3603 3261 ἡ
3629 3189 3774 3253 πίστις,

437 3288 626 3358 ipsius
658 3304 894 3358 quoque
924 3288 1152 3342 occasio
1195 3294 1282 3342 est
1333 3289 1505 3344 Deus.
1539 3289 1658 3342 Nisi
1694 3289 1854 3343 enim
1887 3290 2084 3344 incar-

436 3383 611 3429 natus
630 3376 855 3440 fuisset,
882 3376 1177 3446 quomodo
1201 3377 1600 3446 potuissemus
1622 3377 1904 3433 credere?
1921 3381 2085 3445 Nam,

433 3487 460 3514 (ι
498 3465 822 3533 Quomodo,
857 3465 1069 3534 inquit,
1104 3465 1347 3520 credent
1385 3466 1499 3519 nisi
1550 3465 1948 3521 audierint?»
1985 3469 2080 3522 17

434 3553 566 3608 Ideo
594 3553 815 3608 donum
849 3553 948 3607 Dei
985 3560 1153 3608 vocat
1187 3554 1386 3610 fidem.
1423 3557 1536 3608 Aut
1566 3555 1738 3610 etiam
1775 3561 2086 3627 pr0pterea

433 3644 676 3705 donum,
711 3644 810 3714 qui
844 3660 1036 3713 neque
1068 3643 1215 3698 fides
1263 3659 1370 3714 per
1423 3643 1677 3714 seipsam
1721 3645 1946 3700 salvare
1978 3663 2081 3717 po-

434 3734 661 3799 tuisset,
696 3733 809 3788 nisi
846 3739 994 3788 Deus
1026 3750 1131 3804 per
1159 3734 1348 3804 ipsam
1381 3733 1605 3788 salvare
1636 3735 1934 3791 voluisset.
1971 3737 2082 3791 Do-

431 3840 576 3877 num
600 3824 797 3893 itaque
820 3823 921 3877 Dei
948 3829 1037 3878 est
1061 3823 1218 3893 quod
1239 3840 1346 3878 nos
1369 3823 1819 3888 crediderimus,
1847 3830 1904 3880 et
1925 3825 2082 3896 quod

432 3928 538 3983 per
569 3912 748 3966 ﬁdem
781 3912 1076 3967 salvemur
1105 3912 1328 3966 donum
1372 3914 1549 3967 etiam
1602 3913 1704 3968 Dei
1755 3919 1860 3968 est.
1895 3936 1920 3962 ‹‹
1956 3914 2082 3969 Non

431 4017 499 4054 ex
533 4001 812 4071 operibus
839 4018 912 4055 ne
936 4001 1069 4072 quis
1091 4001 1394 4073 glorietur.
1424 4023 1451 4052 »
1474 4003 1600 4056 Non
1626 4002 1781 4073 quod
1806 4003 1990 4057 nollet
2014 4020 2083 4058 ex

432 4090 710 4159 operibus
743 4091 988 4157 salvare,
1011 4089 1114 4144 sed
1143 4091 1300 4161 quod
1323 4091 1526 4146 nullus
1551 4092 1811 4162 poluerit
1841 4109 1910 4147 ex
1943 4109 2085 4164 ope-

428 4179 597 4234 ribus
627 4180 864 4246 salvari,
926 4181 1044 4234 nisi
1104 4198 1210 4252 per
1269 4181 1467 4236 fidem.
1525 4182 1671 4247 Quia
1713 4198 1848 4255 ergo
1881 4183 2083 4239 nullus

429 4269 621 4344 potuit
671 4287 740 4326 ex
790 4271 1069 4341 operibus
1121 4271 1353 4340 salvari,
1406 4289 1525 4327 non
1575 4273 1752 4328 etiam
1803 4273 2082 4345 gloriabi-

429 4363 547 4414 tur.

500 4471 526 4499 «
563 4453 690 4505 Non
722 4467 793 4506 ex
826 4451 1125 4522 operibus.
1157 4471 1183 4499 ››
1213 4452 1292 4504 Ne
1325 4451 1459 4521 quis
1489 4453 1840 4522 arrogantiae
1872 4469 2079 4508 ansam

430 4538 700 4610 accipiat,
735 4539 902 4610 quasi
937 4555 1004 4594 ex
1036 4538 1291 4609 propriis
1322 4538 1602 4609 operibus
1636 4539 1822 4594 factus
1856 4542 1930 4595 sit
1963 4541 2082 4596 sal-

425 4643 548 4681 vus.
626 4631 804 4698 Atqui
890 4628 1259 4699 contingeret
1342 4643 1413 4681 ex
1499 4626 1776 4697 operibus
1853 4617 2276 4684 salvumDmi
2335 4625 2385 4697 ἐξ
2449 4624 2617 4702 ἔργων

428 4715 576 4780 ﬁeri,
611 4733 720 4771 nec
754 4718 838 4771 sic
869 4722 1187 4788 oporteret,
1223 4715 1436 4787 inquit,
1488 4715 1548 4769 in
1581 4718 1979 4788 arrogantiam
2011 4736 2078 4774 ac

417 4804 770 4874 jactantiam
800 4807 1091 4861 decidere.
1145 4805 1538 4870 Quamobrem
1562 4806 1589 4860 ‘?
1618 4806 1765 4870 Quia
1796 4807 1898 4862 Dei
1931 4825 2078 4879 opus

428 4909 674 4948 sumus:
737 4911 929 4964 neque
984 4895 1043 4949 id
1101 4901 1356 4958 tantum,
1417 4911 1618 4949 verum
1662 4896 1838 4950 etiam
1869 4896 1941 4951 ad
1968 4899 2078 4953 hoc

425 4983 648 5037 conditi
681 4989 746 5037 ut
774 4984 994 5038 bonum
1027 5001 1429 5054 operaremur.
1469 4984 1668 5053 ltaque
1713 4985 1892 5040 etiam
1926 4987 1973 5040 si
2008 5003 2078 5041 ex

428 5071 599 5127 bonis
633 5073 913 5144 operibus
973 5073 1354 5139 salvaremur,
1390 5073 1592 5142 utique
1641 5075 1872 5140 justum
1923 5081 2081 5130 esset

428 5179 667 5217 causam
701 5163 762 5216 in
799 5163 978 5217 Deum
1016 5163 1254 5226 referre,
1280 5162 1452 5232 eique
1476 5161 1694 5233 gratias
1718 5165 2079 5235 agere.quod

424 5251 553 5321 ipse
587 5269 695 5306 nos
727 5253 800 5306 ad
835 5252 893 5306 id
927 5251 1275 5312 condiderit,
1311 5257 1368 5304 et
1413 5267 1532 5304 non
1573 5251 1646 5305 ad
1678 5268 1785 5306 nos
1818 5253 1978 5324 ipsos
2011 5271 2080 5309 ea

425 5357 557 5409 quae
581 5343 934 5413 arrogantiie
960 5349 1098 5395 sunt
1115 5340 1370 5394 ﬁrmare.
1396 5340 1639 5405 Quando
1662 5357 1796 5396 vero
1828 5343 1900 5396 ad
1923 5343 2080 5399 bona

421 5442 604 5498 Opera
632 5431 882 5497 conditi,
932 5447 1052 5486 non
1112 5431 1306 5485 solum
1366 5430 1516 5483 nihil
1547 5429 1686 5484 boni
1717 5439 1947 5503 Operati
1981 5450 2080 5488 su-

504 5579 548 5614 ¹⁰
577 5579 775 5638 Matth.
806 5598 923 5653 xix,
957 5583 1044 5638 28.
1126 5583 1170 5621 ¹¹
1203 5582 1410 5647 Matth.
1452 5598 1546 5651 xx,
1579 5584 1671 5641 23.

2197 3280 2341 3336 ἀλλά
2371 3280 2458 3335 καὶ
2516 3282 2682 3350 αὐτῆς
2733 3283 3000 3358 πρόνρασις
3032 3283 3059 3336 ὁ
3100 3283 3248 3346 Θεός.
3307 3284 3378 3339 Εἰ
3421 3284 3520 3360 γὰρ
3577 3282 3640 3355 μή
3664 3276 3778 3345 Evr,»

2194 3371 2470 3445 θρώπησε,
2506 3375 2622 3431 πῶς
2655 3370 2873 3447 εἳχοκεν
2915 3375 3193 3426 πιστεῦσαι
3228 3390 3240 3440 ;
3275 3395 3303 3422 ‹‹
3348 3376 3472 3434 na;
3503 3371 3613 3446 γὰρ,
3662 3365 3776 3446 emi,

2191 3459 2586 3526 πιστεύσουσιν,
2639 3455 2727 3512 ἒόιν
2763 3459 2840 3532 μή
2873 3458 3144 3514 ἀκούσωσι
3179 3481 3249 3530 ;››
3310 3461 3412 3515 Διὸ
3470 3459 3630 3535 δῶρον
3678 3455 3778 3509 Θεοῦ

2189 3546 2350 3603 καλεῖ
2377 3549 2476 3617 τήν
2508 3548 2691 3602 πίστιν
2714 3549 2780 3602 Ἦ
2815 3549 2902 3602 καὶ
2951 3545 3125 3621 δῶρον
3186 3544 3275 3602 διὰ
3331 3555 3514 3616 τοῦτο,
3571 3547 3641 3602 δτι
3687 3539 3779 3598 οὐδὲ

2189 3638 2224 3705 ἡ
2260 3636 2439 3698 πίστις
2500 3641 2666 3690 σῶσαι
2721 3633 2889 3710 ’ίσχυε
2938 3639 3052 3691 καθ’
3107 3638 3324 3707 ἑαυτὴν,
3383 3637 3429 3692 εἶ
3485 3639 3556 3710 μή
3614 3632 3779 3688 ὁΘεὸς

2188 3721 2482 3796 ἠϐουλήθη
2517 3721 2607 3779 δα
2635 3731 2733 3792 τῆς
2767 3723 3000 3786 πίστεως
3032 3731 3220 3781 σῶσαι.
3282 3728 3448 3781 "una
3497 3727 3555 3780 τὸ
3608 3725 3780 3778 πιστεῦ-

2190 3837 2274 3870 σαι
2303 3818 2470 3887 ἡμᾶς.
2510 3812 2683 3889 δῶρον
2724 3818 2879 3878 Θεοῦ,
2913 3815 3002 3868 καὶ
3034 3816 3095 3870 τὸ
3155 3811 3245 3869 διὰ
3297 3815 3532 3877 πίστεως
3589 3819 3781 3878 σωθῆναι

2189 3901 2364 3978 δῶρον
2399 3907 2553 3962 θεοῦ,
2604 3926 2631 3955 (ι
2665 3903 2778 3959 Οὐκ
2837 3901 2887 3973 ἐξ
2918 3897 3094 3980 ἔργων
3150 3903 3237 3958 ἳνα
3272 3906 3352 3976 μή
3407 3925 3489 3966 τις
3542 3902 3785 3975 καυχήση-

2185 4002 2359 4050 ται.»
2401 3993 2514 4051 Οὐκ
2572 3989 2756 4060 ἐπειδὴ
2819 3993 2920 4047 οὐκ
2984 3989 3257 4062 ἠϐούλετο
3297 3992 3352 4066 ἐξ
3413 3992 3578 4070 ἔργων
3633 3995 3783 4050 σῶσαι,

2188 4082 2313 4139 ἀλλ’
2348 4083 2430 4138 ὅτι
2477 4080 2654 4144 οὐδεὶς
2710 4080 2896 4156 ἴσχυεν
2957 4081 3006 4151 ἐξ
3040 4079 3220 4158 ἔργων
3253 4085 3518 4153 σωθῆναι,
3559 4084 3599 4136 εἴ
3629 4079 3692 4152 μὴ
3720 4072 3789 4129 διὰ

2188 4174 2442 4234 πίστεως.
2479 4173 2629 4227 Ἐπεὶ
2661 4171 2752 4226 οὖν
2781 4168 2962 4235 οὐδεὶς
3016 4170 3237 4247 ἴσχυσεν
3305 4170 3356 4241 ἐξ
3420 4168 3587 4249 ἔργων
3643 4171 3785 4233 σωθῆ-

2186 4284 2295 4333 ναι,
2330 4259 2458 4317 οὐδὲ
2486 4262 2841 4339 καυχήσεται.

2260 4471 2289 4500 ‹‹
2320 4449 2437 4506 Οὐκ
2467 4448 2514 4519 ἐξ
2547 4444 2740 4524 ἔργων.
2779 4471 2803 4502 ν
2837 4480 2903 4492 -
2939 4451 3140 4523 [ΦΩΤ.]
3181 4456 3293 4508 Ἳνα
3328 4453 3406 4522 μή
3454 4469 3534 4511 τις
3566 4445 3777 4524 decisin

2186 4539 2446 4599 ἀπονοίας
2477 4531 2642 4612 λάϐῃ,
2675 4539 2748 4601 ὡς
2779 4535 2838 4593 ἐκ
2869 4537 3089 4593 οἰκείων
3145 4537 3314 4615 ἔργων
3377 4539 3584 4598 σωθεῖς.
3636 4536 3783 4590 Καίτοι

2706 4627 2825 4696 ἐνῆν
2890 4627 3172 4697 σώζεσθαι,
3233 4626 3348 4681 οὐδ’
3397 4629 3590 4697 οὕτως,
3637 4620 3787 4700 φησὶν,

2188 4715 2358 4790 ἐχρῆν
2393 4715 2467 4778 είς
2515 4715 2769 4771 ἀπόνοιαν
2824 4716 2912 4770 καὶ
2970 4716 3241 4792 καύχησιν
3284 4714 3547 4771 ἐκπεσεῖν.
3604 4713 3687 4768 Διὰ
3710 4709 3785 4774 τί;

2185 4807 2308 4864 Ὃτι
2338 4806 2470 4875 ποίη
2484 4811 2556 4879 μα
2581 4805 2738 4880 ἐσμεν
2761 4811 2856 4861 τοῦ
2888 4811 3040 4864 Θεοῦ.
3071 4808 3167 4861 Καὶ
3196 4811 3257 4862 οὐ
3278 4812 3440 4862 τοῦτο
3467 4807 3645 4880 μόνον,
3675 4796 3787 4856 ἀλλᾶ

2187 4895 2276 4950 καὶ
2308 4895 2393 4949 ἐπὶ
2434 4900 2515 4967 τῷ
2570 4897 2919 4971 ἀγαθοεργεῖν
2976 4894 3296 4958 κτισθέντες.
3364 4898 3522 4951 Ὥστε
3575 4895 3654 4949 καῖ
3694 4886 3787 4953 εἰέξ

2187 4981 2355 5060 ἔργων
2399 4981 2730 5058 ἐσωζόμεθα,
2783 4985 2856 5045 εἷς
2889 4984 3018 5039 Θεὸν
3048 4983 3107 5039 ἂν
3144 4983 3332 5057 εἴημεν
3395 4981 3590 5039 δίκαιοι
3627 4977 3785 5055 ἀναιρέο

2191 5093 2297 5148 ρειν
2329 5075 2426 5144 τήν
2462 5073 2633 5128 αἰτίαν
2668 5074 2755 5127 καὶ
2798 5075 2897 5141 τήν
2955 5073 3324 5148 εὐχαριστίαν,
3378 5075 3463 5128 ’ὁτι
3497 5072 3645 5132 αὐτὸς
3671 5069 3785 5137 ἠμῖς

2188 5163 2271 5218 ἐπὶ
2301 5163 2480 5235 τούτῳ
2509 5157 2737 5229 ἔκτισεν,
2769 5162 2898 5219 ἀλλ’
2931 5164 3064 5239 οὐχὶ
3098 5163 3172 5224 εἷς
3197 5162 3422 5224 ἑαυτοὺς
3469 5164 3535 5216 τὰ
3561 5163 3651 5228 τῆς
3677 5156 3785 5210 ἀπο·

2187 5252 2336 5315 νοίας
2365 5253 2668 5320 κρατύνειν.
2702 5254 2830 5310 "Ore
2876 5250 2932 5307 δὲ
2988 5253 3078 5307 καὶ
3137 5254 3457 5320 κτισθέντες,
3517 5251 3601 5306 ἐπὶ
3645 5244 3786 5318 ἔργοις

2186 5341 2414 5418 ἀγαθοῖς
2447 5339 2508 5394 οὗ
2567 5340 2731 5412 μόνον
2793 5337 2945 5395 οὐδὲν
3009 5334 3683 5416 ἠγαθουργήσαμεν,ἆλλὰ
3723 5325 3786 5418 τιςῖ

2187 5429 2263 5492 εἷς
2294 5429 2607 5484 τούναντίον
2639 5428 3053 5505 ἀπηνέχθημεν,
3085 5429 3176 5484 καὶ
3219 5429 3599 5504 ἀπενεχθέντες
3643 5423 3724 5478 οὐκ

1760 5585 1806 5622 ι’
1834 5586 1998 5643 Joan.
2031 5602 2130 5656 xu,
2161 5587 2268 5656 26;
2299 5600 2435 5656 xvn,
2469 5586 2559 5644 ει.
